  <div class='ocr_page' id='page_1' title='image "/cluster/home/n/w/nwhite01/storage/ocr_20150623/154/hvd.32044054760129/700.png"; bbox 0 0 3960 6044; ppageno 0'>
   <div class='ocr_carea' id='block_1_1' title="bbox 189 172 344 282">
    <p class='ocr_par' dir='ltr' id='par_1_1' title="bbox 189 172 344 282">
     <span class='ocr_line' id='line_1_1' title="bbox 189 172 344 282; baseline -0.013 0"><span class='ocrx_word' id='word_1_1' title='bbox 189 216 344 282; x_wconf 79' lang='grc'>1889</span> 
     </span>
    </p>
   </div>
   <div class='ocr_carea' id='block_1_2' title="bbox 1206 203 2650 277">
    <p class='ocr_par' dir='ltr' id='par_1_2' title="bbox 1206 203 2650 277">
     <span class='ocr_line' id='line_1_2' title="bbox 1206 203 2650 277; baseline -0.008 -1"><span class='ocrx_word' id='word_1_2' title='bbox 1206 208 1689 277; x_wconf 87' lang='lat' dir='ltr'><strong>CHRONICON</strong></span> <span class='ocrx_word' id='word_1_3' title='bbox 1733 209 1801 274; x_wconf 91' lang='lat' dir='ltr'><strong>S.</strong></span> <span class='ocrx_word' id='word_1_4' title='bbox 1848 206 2213 272; x_wconf 82' lang='lat' dir='ltr'><strong>HUBERTI</strong></span> <span class='ocrx_word' id='word_1_5' title='bbox 2253 203 2650 268; x_wconf 86' lang='lat' dir='ltr'><strong>ANDAGIN.</strong></span> 
     </span>
    </p>
   </div>
   <div class='ocr_carea' id='block_1_3' title="bbox 3440 204 3594 266">
    <p class='ocr_par' dir='ltr' id='par_1_3' title="bbox 3440 204 3594 266">
     <span class='ocr_line' id='line_1_3' title="bbox 3440 204 3594 266; baseline 0 0"><span class='ocrx_word' id='word_1_6' title='bbox 3440 204 3594 266; x_wconf 82' lang='grc'><strong>1390</strong></span> 
     </span>
    </p>
   </div>
   <div class='ocr_carea' id='block_1_4' title="bbox 189 363 3590 444">
    <p class='ocr_par' dir='ltr' id='par_1_4' title="bbox 189 363 3590 444">
     <span class='ocr_line' id='line_1_4' title="bbox 189 363 3590 444; baseline -0.004 -8"><span class='ocrx_word' id='word_1_7' title='bbox 189 378 325 436; x_wconf 92' lang='lat' dir='ltr'><strong>dum</strong></span> <span class='ocrx_word' id='word_1_8' title='bbox 346 377 628 437; x_wconf 59' lang='lat' dir='ltr'><strong>ecclesiae</strong></span> <span class='ocrx_word' id='word_1_9' title='bbox 666 393 806 436; x_wconf 70' lang='lat' dir='ltr'><strong>suae.</strong></span> <span class='ocrx_word' id='word_1_10' title='bbox 843 376 1078 435; x_wconf 84' lang='lat' dir='ltr'><strong>interim</strong></span> <span class='ocrx_word' id='word_1_11' title='bbox 1104 381 1292 433; x_wconf 90' lang='lat' dir='ltr'><strong>tamen</strong></span> <span class='ocrx_word' id='word_1_12' title='bbox 1351 374 1565 431; x_wconf 88' lang='lat' dir='ltr'><strong>dubius</strong></span> <span class='ocrx_word' id='word_1_13' title='bbox 1594 387 1664 429; x_wconf 92' lang='lat' dir='ltr'><strong>an</strong></span> <span class='ocrx_word' id='word_1_14' title='bbox 1688 372 1834 444; x_wconf 89' lang='lat' dir='ltr'><strong>peti-</strong></span> <span class='ocrx_word' id='word_1_15' title='bbox 1863 375 1917 434; x_wconf 87' lang='lat' dir='ltr'><strong>A</strong></span> <span class='ocrx_word' id='word_1_16' title='bbox 1948 370 2247 439; x_wconf 85' lang='lat' dir='ltr'><strong>meruisse,</strong></span> <span class='ocrx_word' id='word_1_17' title='bbox 2283 372 2346 425; x_wconf 90' lang='lat' dir='ltr'><strong>ut</strong></span> <span class='ocrx_word' id='word_1_18' title='bbox 2424 365 2629 423; x_wconf 90' lang='lat' dir='ltr'><strong>alienis</strong></span> <span class='ocrx_word' id='word_1_19' title='bbox 2682 363 3002 420; x_wconf 88' lang='lat' dir='ltr'><strong>commodis</strong></span> <span class='ocrx_word' id='word_1_20' title='bbox 3061 364 3400 444; x_wconf 88' lang='lat' dir='ltr'><strong>deserviens</strong></span> <span class='ocrx_word' id='word_1_21' title='bbox 3433 365 3590 421; x_wconf 84' lang='lat' dir='ltr'>illam</span> 
     </span>
    </p>
   </div>
   <div class='ocr_carea' id='block_1_5' title="bbox 191 462 1835 533">
    <p class='ocr_par' dir='ltr' id='par_1_5' title="bbox 191 462 1835 533">
     <span class='ocr_line' id='line_1_5' title="bbox 191 462 1835 533; baseline -0.003 -11"><span class='ocrx_word' id='word_1_22' title='bbox 191 466 403 523; x_wconf 78' lang='lat' dir='ltr'><strong>tionem</strong></span> <span class='ocrx_word' id='word_1_23' title='bbox 437 470 611 524; x_wconf 60' lang='lat' dir='ltr'><strong>tanta;</strong></span> <span class='ocrx_word' id='word_1_24' title='bbox 658 465 1173 524; x_wconf 76' lang='lat' dir='ltr'><strong>ecclesiaeomnino</strong></span> <span class='ocrx_word' id='word_1_25' title='bbox 1200 462 1524 533; x_wconf 81' lang='lat' dir='ltr'><strong>refelleret,</strong></span> <span class='ocrx_word' id='word_1_26' title='bbox 1558 477 1629 518; x_wconf 91' lang='lat' dir='ltr'><strong>an</strong></span> <span class='ocrx_word' id='word_1_27' title='bbox 1662 462 1835 533; x_wconf 90' lang='lat' dir='ltr'><strong>depo-</strong></span> 
     </span>
    </p>
   </div>
   <div class='ocr_carea' id='block_1_6' title="bbox 186 542 1835 612">
    <p class='ocr_par' dir='ltr' id='par_1_6' title="bbox 186 542 1835 612">
     <span class='ocr_line' id='line_1_6' title="bbox 186 542 1835 612; baseline -0.003 -10"><span class='ocrx_word' id='word_1_28' title='bbox 186 546 362 602; x_wconf 89' lang='lat' dir='ltr'><strong>situm</strong></span> <span class='ocrx_word' id='word_1_29' title='bbox 394 546 505 603; x_wconf 88' lang='lat' dir='ltr'><strong>sibi</strong></span> <span class='ocrx_word' id='word_1_30' title='bbox 533 548 895 604; x_wconf 83' lang='lat' dir='ltr'><strong>Lambertum</strong></span> <span class='ocrx_word' id='word_1_31' title='bbox 930 547 999 602; x_wconf 89' lang='lat' dir='ltr'><strong>ad</strong></span> <span class='ocrx_word' id='word_1_32' title='bbox 1050 560 1153 602; x_wconf 89' lang='lat' dir='ltr'><strong>sua</strong></span> <span class='ocrx_word' id='word_1_33' title='bbox 1203 544 1561 612; x_wconf 74' lang='lat' dir='ltr'><strong>remitteret,</strong></span> <span class='ocrx_word' id='word_1_34' title='bbox 1594 542 1665 597; x_wconf 92' lang='lat' dir='ltr'><strong>ad</strong></span> <span class='ocrx_word' id='word_1_35' title='bbox 1716 556 1835 598; x_wconf 89' lang='lat' dir='ltr'><strong>rem</strong></span> 
     </span>
    </p>
   </div>
   <div class='ocr_carea' id='block_1_7' title="bbox 187 632 1835 709">
    <p class='ocr_par' dir='ltr' id='par_1_7' title="bbox 187 632 1835 709">
     <span class='ocr_line' id='line_1_7' title="bbox 187 632 1835 709; baseline -0.002 -18"><span class='ocrx_word' id='word_1_36' title='bbox 187 635 552 692; x_wconf 77' lang='lat' dir='ltr'><strong>tractandam</strong></span> <span class='ocrx_word' id='word_1_37' title='bbox 586 637 849 693; x_wconf 86' lang='lat' dir='ltr'><strong>inducias</strong></span> <span class='ocrx_word' id='word_1_38' title='bbox 876 636 1063 709; x_wconf 82' lang='lat' dir='ltr'><strong>petiit.</strong></span> <span class='ocrx_word' id='word_1_39' title='bbox 1097 640 1157 692; x_wconf 93' lang='lat' dir='ltr'><strong>et</strong></span> <span class='ocrx_word' id='word_1_40' title='bbox 1188 634 1343 690; x_wconf 91' lang='lat' dir='ltr'><strong>diem</strong></span> <span class='ocrx_word' id='word_1_41' title='bbox 1372 634 1444 690; x_wconf 89' lang='lat' dir='ltr'><strong>ad</strong></span> <span class='ocrx_word' id='word_1_42' title='bbox 1468 648 1533 689; x_wconf 90' lang='lat' dir='ltr'><strong>se</strong></span> <span class='ocrx_word' id='word_1_43' title='bbox 1555 632 1835 688; x_wconf 80' lang='lat' dir='ltr'><strong>redeundi</strong></span> 
     </span>
    </p>
   </div>
   <div class='ocr_carea' id='block_1_8' title="bbox 191 722 1840 797">
    <p class='ocr_par' dir='ltr' id='par_1_8' title="bbox 191 722 1840 797">
     <span class='ocr_line' id='line_1_8' title="bbox 191 722 1840 797; baseline -0.003 -17"><span class='ocrx_word' id='word_1_44' title='bbox 191 724 387 795; x_wconf 88' lang='lat' dir='ltr'><strong>legato</strong></span> <span class='ocrx_word' id='word_1_45' title='bbox 416 726 751 782; x_wconf 89' lang='lat' dir='ltr'><strong>constituit.</strong></span> <span class='ocrx_word' id='word_1_46' title='bbox 782 726 966 797; x_wconf 80' lang='lat' dir='ltr'><strong>C(epit</strong></span> <span class='ocrx_word' id='word_1_47' title='bbox 1003 726 1225 780; x_wconf 83' lang='lat' dir='ltr'><strong>interea</strong></span> <span class='ocrx_word' id='word_1_48' title='bbox 1252 726 1649 795; x_wconf 80' lang='lat' dir='ltr'><strong>pertemptare</strong></span> <span class='ocrx_word' id='word_1_49' title='bbox 1685 722 1840 776; x_wconf 85' lang='lat' dir='ltr'><strong>Lam-</strong></span> 
     </span>
    </p>
   </div>
   <div class='ocr_carea' id='block_1_9' title="bbox 194 809 1837 885">
    <p class='ocr_par' dir='ltr' id='par_1_9' title="bbox 194 809 1837 885">
     <span class='ocr_line' id='line_1_9' title="bbox 194 809 1837 885; baseline -0.002 -18"><span class='ocrx_word' id='word_1_50' title='bbox 194 811 423 870; x_wconf 90' lang='lat' dir='ltr'><strong>bertum</strong></span> <span class='ocrx_word' id='word_1_51' title='bbox 454 814 592 885; x_wconf 91' lang='lat' dir='ltr'><strong>quid</strong></span> <span class='ocrx_word' id='word_1_52' title='bbox 626 814 844 884; x_wconf 88' lang='lat' dir='ltr'><strong>mallet,</strong></span> <span class='ocrx_word' id='word_1_53' title='bbox 871 820 929 870; x_wconf 90' lang='lat' dir='ltr'><strong>et</strong></span> <span class='ocrx_word' id='word_1_54' title='bbox 962 814 1263 869; x_wconf 89' lang='lat' dir='ltr'><strong>hortariut</strong></span> <span class='ocrx_word' id='word_1_55' title='bbox 1290 827 1351 868; x_wconf 89' lang='lat' dir='ltr'><strong>se</strong></span> <span class='ocrx_word' id='word_1_56' title='bbox 1384 809 1721 867; x_wconf 88' lang='lat' dir='ltr'><strong>excusando</strong></span> <span class='ocrx_word' id='word_1_57' title='bbox 1754 809 1837 864; x_wconf 84' lang='lat' dir='ltr'><strong>illi</strong></span> 
     </span>
    </p>
   </div>
   <div class='ocr_carea' id='block_1_10' title="bbox 196 899 1841 972">
    <p class='ocr_par' dir='ltr' id='par_1_10' title="bbox 196 899 1841 972">
     <span class='ocr_line' id='line_1_10' title="bbox 196 899 1841 972; baseline -0.003 -14"><span class='ocrx_word' id='word_1_58' title='bbox 196 902 348 972; x_wconf 91' lang='lat' dir='ltr'><strong>quod</strong></span> <span class='ocrx_word' id='word_1_59' title='bbox 383 904 697 960; x_wconf 85' lang='lat' dir='ltr'><strong>verebatur</strong></span> <span class='ocrx_word' id='word_1_60' title='bbox 723 903 1392 959; x_wconf 76' lang='lat' dir='ltr'><strong>absolveret.l.amberto</strong></span> <span class='ocrx_word' id='word_1_61' title='bbox 1417 900 1473 955; x_wconf 92' lang='lat' dir='ltr'><strong>in</strong></span> <span class='ocrx_word' id='word_1_62' title='bbox 1501 899 1678 971; x_wconf 92' lang='lat' dir='ltr'><strong>priori</strong></span> <span class='ocrx_word' id='word_1_63' title='bbox 1713 913 1841 953; x_wconf 91' lang='lat' dir='ltr'><strong>sen-</strong></span> 
     </span>
    </p>
   </div>
   <div class='ocr_carea' id='block_1_11' title="bbox 198 989 1838 1063">
    <p class='ocr_par' dir='ltr' id='par_1_11' title="bbox 198 989 1838 1063">
     <span class='ocr_line' id='line_1_11' title="bbox 198 989 1838 1063; baseline -0.003 -16"><span class='ocrx_word' id='word_1_64' title='bbox 198 991 376 1047; x_wconf 90' lang='lat' dir='ltr'><strong>tentia</strong></span> <span class='ocrx_word' id='word_1_65' title='bbox 402 992 778 1063; x_wconf 89' lang='lat' dir='ltr'><strong>persistente,</strong></span> <span class='ocrx_word' id='word_1_66' title='bbox 818 991 1049 1048; x_wconf 85' lang='lat' dir='ltr'><strong>scilicet</strong></span> <span class='ocrx_word' id='word_1_67' title='bbox 1079 991 1166 1047; x_wconf 76' lang='lat' dir='ltr'><strong>sui</strong></span> <span class='ocrx_word' id='word_1_68' title='bbox 1195 1004 1257 1045; x_wconf 91' lang='lat' dir='ltr'><strong>se</strong></span> <span class='ocrx_word' id='word_1_69' title='bbox 1287 989 1515 1046; x_wconf 88' lang='lat' dir='ltr'><strong>arbitrii</strong></span> <span class='ocrx_word' id='word_1_70' title='bbox 1552 1002 1663 1043; x_wconf 74' lang='lat' dir='ltr'><strong>non</strong></span> <span class='ocrx_word' id='word_1_71' title='bbox 1688 1001 1838 1055; x_wconf 89' lang='lat' dir='ltr'><strong>esse,</strong></span> 
     </span>
    </p>
   </div>
   <div class='ocr_carea' id='block_1_12' title="bbox 198 1076 1839 1151">
    <p class='ocr_par' dir='ltr' id='par_1_12' title="bbox 198 1076 1839 1151">
     <span class='ocr_line' id='line_1_12' title="bbox 198 1076 1839 1151; baseline -0.002 -16"><span class='ocrx_word' id='word_1_72' title='bbox 198 1080 545 1151; x_wconf 67' lang='lat' dir='ltr'><strong>praaciperet</strong></span> <span class='ocrx_word' id='word_1_73' title='bbox 574 1081 695 1151; x_wconf 91' lang='lat' dir='ltr'><strong>ipse</strong></span> <span class='ocrx_word' id='word_1_74' title='bbox 719 1080 873 1151; x_wconf 91' lang='lat' dir='ltr'><strong>quod</strong></span> <span class='ocrx_word' id='word_1_75' title='bbox 891 1077 1542 1150; x_wconf 85' lang='lat' dir='ltr'><strong>vellet,paratumseilli</strong></span> <span class='ocrx_word' id='word_1_76' title='bbox 1577 1076 1839 1133; x_wconf 88' lang='lat' dir='ltr'><strong>obedire:</strong></span> 
     </span>
    </p>
   </div>
   <div class='ocr_carea' id='block_1_13' title="bbox 199 1165 1845 1241">
    <p class='ocr_par' dir='ltr' id='par_1_13' title="bbox 199 1165 1845 1241">
     <span class='ocr_line' id='line_1_13' title="bbox 199 1165 1845 1241; baseline -0.002 -17"><span class='ocrx_word' id='word_1_77' title='bbox 199 1168 487 1225; x_wconf 88' lang='lat' dir='ltr'><strong>Adalbero</strong></span> <span class='ocrx_word' id='word_1_78' title='bbox 514 1170 745 1241; x_wconf 85' lang='lat' dir='ltr'><strong>excepit</strong></span> <span class='ocrx_word' id='word_1_79' title='bbox 780 1170 851 1225; x_wconf 92' lang='lat' dir='ltr'><strong>ab</strong></span> <span class='ocrx_word' id='word_1_80' title='bbox 873 1184 942 1225; x_wconf 93' lang='lat' dir='ltr'><strong>eo</strong></span> <span class='ocrx_word' id='word_1_81' title='bbox 986 1168 1402 1236; x_wconf 90' lang='lat' dir='ltr'><strong>conditionem,</strong></span> <span class='ocrx_word' id='word_1_82' title='bbox 1437 1165 1591 1236; x_wconf 90' lang='lat' dir='ltr'><strong>quod</strong></span> <span class='ocrx_word' id='word_1_83' title='bbox 1624 1179 1845 1221; x_wconf 90' lang='lat' dir='ltr'><strong>reman-</strong></span> 
     </span>
    </p>
   </div>
   <div class='ocr_carea' id='block_1_14' title="bbox 196 1255 1846 1316">
    <p class='ocr_par' dir='ltr' id='par_1_14' title="bbox 196 1255 1846 1316">
     <span class='ocr_line' id='line_1_14' title="bbox 196 1255 1846 1316; baseline -0.002 -3"><span class='ocrx_word' id='word_1_84' title='bbox 196 1257 369 1315; x_wconf 89' lang='lat' dir='ltr'><strong>datus</strong></span> <span class='ocrx_word' id='word_1_85' title='bbox 390 1273 419 1313; x_wconf 91' lang='lat' dir='ltr'><strong>a</strong></span> <span class='ocrx_word' id='word_1_86' title='bbox 442 1258 797 1316; x_wconf 89' lang='lat' dir='ltr'><strong>Theoderico</strong></span> <span class='ocrx_word' id='word_1_87' title='bbox 832 1259 1041 1314; x_wconf 84' lang='lat' dir='ltr'><strong>abbate</strong></span> <span class='ocrx_word' id='word_1_88' title='bbox 1075 1257 1201 1312; x_wconf 92' lang='lat' dir='ltr'><strong>sine</strong></span> <span class='ocrx_word' id='word_1_89' title='bbox 1226 1255 1606 1312; x_wconf 68' lang='lat' dir='ltr'><strong>eXcusatione</strong></span> <span class='ocrx_word' id='word_1_90' title='bbox 1626 1260 1846 1311; x_wconf 89' lang='lat' dir='ltr'><strong>utsuus</strong></span> 
     </span>
    </p>
   </div>
   <div class='ocr_carea' id='block_1_15' title="bbox 197 1344 1848 1418">
    <p class='ocr_par' dir='ltr' id='par_1_15' title="bbox 197 1344 1848 1418">
     <span class='ocr_line' id='line_1_15' title="bbox 197 1344 1848 1418; baseline -0.002 -16"><span class='ocrx_word' id='word_1_91' title='bbox 197 1348 268 1403; x_wconf 93' lang='lat' dir='ltr'><strong>ad</strong></span> <span class='ocrx_word' id='word_1_92' title='bbox 300 1362 430 1403; x_wconf 88' lang='lat' dir='ltr'><strong>eum</strong></span> <span class='ocrx_word' id='word_1_93' title='bbox 453 1348 692 1418; x_wconf 88' lang='lat' dir='ltr'><strong>rediret,</strong></span> <span class='ocrx_word' id='word_1_94' title='bbox 738 1353 797 1405; x_wconf 92' lang='lat' dir='ltr'><strong>et</strong></span> <span class='ocrx_word' id='word_1_95' title='bbox 838 1346 892 1403; x_wconf 91' lang='lat' dir='ltr'><strong>in</strong></span> <span class='ocrx_word' id='word_1_96' title='bbox 911 1347 1039 1417; x_wconf 90' lang='lat' dir='ltr'><strong>ejus</strong></span> <span class='ocrx_word' id='word_1_97' title='bbox 1070 1346 1288 1418; x_wconf 88' lang='lat' dir='ltr'><strong>placito</strong></span> <span class='ocrx_word' id='word_1_98' title='bbox 1331 1360 1392 1401; x_wconf 90' lang='lat' dir='ltr'><strong>se</strong></span> <span class='ocrx_word' id='word_1_99' title='bbox 1424 1344 1658 1400; x_wconf 90' lang='lat' dir='ltr'><strong>omnino</strong></span> <span class='ocrx_word' id='word_1_100' title='bbox 1681 1358 1848 1415; x_wconf 88' lang='lat' dir='ltr'><strong>repo-</strong></span> 
     </span>
    </p>
   </div>
   <div class='ocr_carea' id='block_1_16' title="bbox 201 1431 1847 1506">
    <p class='ocr_par' dir='ltr' id='par_1_16' title="bbox 201 1431 1847 1506">
     <span class='ocr_line' id='line_1_16' title="bbox 201 1431 1847 1506; baseline -0.002 -16"><span class='ocrx_word' id='word_1_101' title='bbox 201 1439 386 1505; x_wconf 91' lang='lat' dir='ltr'><strong>neret,</strong></span> <span class='ocrx_word' id='word_1_102' title='bbox 446 1436 784 1506; x_wconf 83' lang='lat' dir='ltr'><strong>dimisitque</strong></span> <span class='ocrx_word' id='word_1_103' title='bbox 814 1449 944 1492; x_wconf 91' lang='lat' dir='ltr'><strong>eum</strong></span> <span class='ocrx_word' id='word_1_104' title='bbox 978 1433 1380 1505; x_wconf 72' lang='lat' dir='ltr'><strong>adprzelixam</strong></span> <span class='ocrx_word' id='word_1_105' title='bbox 1423 1432 1574 1487; x_wconf 90' lang='lat' dir='ltr'><strong>diem</strong></span> <span class='ocrx_word' id='word_1_106' title='bbox 1654 1431 1847 1502; x_wconf 88' lang='lat' dir='ltr'><strong>legato</strong></span> 
     </span>
    </p>
   </div>
   <div class='ocr_carea' id='block_1_17' title="bbox 202 1521 1849 1596">
    <p class='ocr_par' dir='ltr' id='par_1_17' title="bbox 202 1521 1849 1596">
     <span class='ocr_line' id='line_1_17' title="bbox 202 1521 1849 1596; baseline -0.002 -16"><span class='ocrx_word' id='word_1_107' title='bbox 202 1526 388 1580; x_wconf 88' lang='lat' dir='ltr'><strong>sancti</strong></span> <span class='ocrx_word' id='word_1_108' title='bbox 421 1525 661 1595; x_wconf 81' lang='lat' dir='ltr'><strong>Remigii</strong></span> <span class='ocrx_word' id='word_1_109' title='bbox 691 1541 793 1596; x_wconf 91' lang='lat' dir='ltr'><strong>pro</strong></span> <span class='ocrx_word' id='word_1_110' title='bbox 825 1540 895 1581; x_wconf 91' lang='lat' dir='ltr'><strong>eo</strong></span> <span class='ocrx_word' id='word_1_111' title='bbox 941 1524 1245 1581; x_wconf 88' lang='lat' dir='ltr'><strong>redeunte.</strong></span> <span class='ocrx_word' id='word_1_112' title='bbox 1284 1522 1385 1577; x_wconf 92' lang='lat' dir='ltr'><strong>Ille</strong></span> <span class='ocrx_word' id='word_1_113' title='bbox 1410 1521 1597 1591; x_wconf 86' lang='lat' dir='ltr'><strong>gratia</strong></span> <span class='ocrx_word' id='word_1_114' title='bbox 1624 1521 1721 1576; x_wconf 87' lang='lat' dir='ltr'><strong>Dei</strong></span> <span class='ocrx_word' id='word_1_115' title='bbox 1757 1522 1849 1577; x_wconf 86' lang='lat' dir='ltr'><strong>bo-</strong></span> 
     </span>
    </p>
   </div>
   <div class='ocr_carea' id='block_1_18' title="bbox 203 1609 1848 1681">
    <p class='ocr_par' dir='ltr' id='par_1_18' title="bbox 203 1609 1848 1681">
     <span class='ocr_line' id='line_1_18' title="bbox 203 1609 1848 1681; baseline -0.002 -12"><span class='ocrx_word' id='word_1_116' title='bbox 203 1619 369 1671; x_wconf 89' lang='lat' dir='ltr'><strong>neste</strong></span> <span class='ocrx_word' id='word_1_117' title='bbox 400 1613 687 1670; x_wconf 88' lang='lat' dir='ltr'><strong>deductus</strong></span> <span class='ocrx_word' id='word_1_118' title='bbox 716 1618 773 1672; x_wconf 90' lang='lat' dir='ltr'><strong>et</strong></span> <span class='ocrx_word' id='word_1_119' title='bbox 806 1612 1192 1669; x_wconf 88' lang='lat' dir='ltr'><strong>amicabiliter</strong></span> <span class='ocrx_word' id='word_1_120' title='bbox 1218 1609 1700 1681; x_wconf 74' lang='lat' dir='ltr'><strong>exceptus,jussu</strong></span> <span class='ocrx_word' id='word_1_121' title='bbox 1720 1625 1733 1661; x_wconf 69' lang='grc' dir='ltr'><strong>ς</strong></span> <span class='ocrx_word' id='word_1_122' title='bbox 1757 1615 1848 1665; x_wconf 91' lang='lat' dir='ltr'><strong>est</strong></span> 
     </span>
    </p>
   </div>
   <div class='ocr_carea' id='block_1_19' title="bbox 1948 442 3596 523">
    <p class='ocr_par' dir='ltr' id='par_1_19' title="bbox 1948 442 3596 523">
     <span class='ocr_line' id='line_1_19' title="bbox 1948 442 3596 523; baseline -0.004 -16"><span class='ocrx_word' id='word_1_123' title='bbox 1948 444 2665 523; x_wconf 90' lang='lat' dir='ltr'><strong>postponeret,rcspondit</strong></span> <span class='ocrx_word' id='word_1_124' title='bbox 2697 444 3057 511; x_wconf 87' lang='lat' dir='ltr'><strong>Lambertus,</strong></span> <span class='ocrx_word' id='word_1_125' title='bbox 3083 457 3194 499; x_wconf 90' lang='lat' dir='ltr'><strong>non</strong></span> <span class='ocrx_word' id='word_1_126' title='bbox 3230 442 3283 498; x_wconf 90' lang='lat' dir='ltr'><strong>id</strong></span> <span class='ocrx_word' id='word_1_127' title='bbox 3320 450 3479 500; x_wconf 89' lang='lat' dir='ltr'><strong>recte</strong></span> <span class='ocrx_word' id='word_1_128' title='bbox 3503 459 3596 501; x_wconf 87' lang='lat' dir='ltr'><strong>ca-</strong></span> 
     </span>
    </p>
   </div>
   <div class='ocr_carea' id='block_1_20' title="bbox 1949 531 3593 610">
    <p class='ocr_par' dir='ltr' id='par_1_20' title="bbox 1949 531 3593 610">
     <span class='ocr_line' id='line_1_20' title="bbox 1949 531 3593 610; baseline -0.004 -17"><span class='ocrx_word' id='word_1_129' title='bbox 1949 537 2372 610; x_wconf 90' lang='lat' dir='ltr'><strong>lumpniatores</strong></span> <span class='ocrx_word' id='word_1_130' title='bbox 2394 548 2533 591; x_wconf 91' lang='lat' dir='ltr'><strong>suos</strong></span> <span class='ocrx_word' id='word_1_131' title='bbox 2566 533 2637 589; x_wconf 91' lang='lat' dir='ltr'><strong>de</strong></span> <span class='ocrx_word' id='word_1_132' title='bbox 2670 546 2732 588; x_wconf 90' lang='lat' dir='ltr'><strong>se</strong></span> <span class='ocrx_word' id='word_1_133' title='bbox 2763 531 3017 599; x_wconf 91' lang='lat' dir='ltr'><strong>sentire;</strong></span> <span class='ocrx_word' id='word_1_134' title='bbox 3041 531 3392 602; x_wconf 90' lang='lat' dir='ltr'><strong>ubicumque</strong></span> <span class='ocrx_word' id='word_1_135' title='bbox 3412 536 3593 603; x_wconf 88' lang='lat' dir='ltr'><strong>esset,</strong></span> 
     </span>
    </p>
   </div>
   <div class='ocr_carea' id='block_1_21' title="bbox 1949 620 3599 691">
    <p class='ocr_par' dir='ltr' id='par_1_21' title="bbox 1949 620 3599 691">
     <span class='ocr_line' id='line_1_21' title="bbox 1949 620 3599 691; baseline -0.004 -8"><span class='ocrx_word' id='word_1_136' title='bbox 1949 642 2009 684; x_wconf 91' lang='lat' dir='ltr'><strong>se</strong></span> <span class='ocrx_word' id='word_1_137' title='bbox 2035 627 2213 682; x_wconf 77' lang='lat' dir='ltr'><strong>{illum</strong></span> <span class='ocrx_word' id='word_1_138' title='bbox 2247 638 2416 681; x_wconf 89' lang='lat' dir='ltr'><strong>suum</strong></span> <span class='ocrx_word' id='word_1_139' title='bbox 2448 621 2707 691; x_wconf 86' lang='lat' dir='ltr'><strong>ejusdem</strong></span> <span class='ocrx_word' id='word_1_140' title='bbox 2739 620 3006 676; x_wconf 77' lang='lat' dir='ltr'><strong>ecclesiae</strong></span> <span class='ocrx_word' id='word_1_141' title='bbox 3043 634 3115 676; x_wconf 86' lang='lat' dir='ltr'><strong>ex</strong></span> <span class='ocrx_word' id='word_1_142' title='bbox 3150 624 3271 675; x_wconf 90' lang='lat' dir='ltr'><strong>toto</strong></span> <span class='ocrx_word' id='word_1_143' title='bbox 3323 635 3599 691; x_wconf 75' lang='lat' dir='ltr'><strong>reCOgno-</strong></span> 
     </span>
    </p>
   </div>
   <div class='ocr_carea' id='block_1_22' title="bbox 1949 709 3598 785">
    <p class='ocr_par' dir='ltr' id='par_1_22' title="bbox 1949 709 3598 785">
     <span class='ocr_line' id='line_1_22' title="bbox 1949 709 3598 785; baseline -0.004 -13"><span class='ocrx_word' id='word_1_144' title='bbox 1949 719 2204 785; x_wconf 87' lang='lat' dir='ltr'><strong>scere,et</strong></span> <span class='ocrx_word' id='word_1_145' title='bbox 2238 719 2297 770; x_wconf 93' lang='lat' dir='ltr'><strong>ut</strong></span> <span class='ocrx_word' id='word_1_146' title='bbox 2333 712 2455 784; x_wconf 92' lang='lat' dir='ltr'><strong>ipse</strong></span> <span class='ocrx_word' id='word_1_147' title='bbox 2487 710 2693 766; x_wconf 91' lang='lat' dir='ltr'><strong>melius</strong></span> <span class='ocrx_word' id='word_1_148' title='bbox 2715 714 2932 778; x_wconf 90' lang='lat' dir='ltr'><strong>nosset,</strong></span> <span class='ocrx_word' id='word_1_149' title='bbox 2969 723 3278 781; x_wconf 89' lang='lat' dir='ltr'><strong>numquam</strong></span> <span class='ocrx_word' id='word_1_150' title='bbox 3304 723 3367 764; x_wconf 91' lang='lat' dir='ltr'><strong>se</strong></span> <span class='ocrx_word' id='word_1_151' title='bbox 3402 709 3598 766; x_wconf 88' lang='lat' dir='ltr'><strong>hacte-</strong></span> 
     </span>
    </p>
   </div>
   <div class='ocr_carea' id='block_1_23' title="bbox 1951 788 3601 858">
    <p class='ocr_par' dir='ltr' id='par_1_23' title="bbox 1951 788 3601 858">
     <span class='ocr_line' id='line_1_23' title="bbox 1951 788 3601 858; baseline -0.004 -7"><span class='ocrx_word' id='word_1_152' title='bbox 1951 810 2057 851; x_wconf 91' lang='lat' dir='ltr'><strong>nus</strong></span> <span class='ocrx_word' id='word_1_153' title='bbox 2087 793 2334 850; x_wconf 89' lang='lat' dir='ltr'><strong>arbitrio</strong></span> <span class='ocrx_word' id='word_1_154' title='bbox 2366 805 2472 847; x_wconf 91' lang='lat' dir='ltr'><strong>suo</strong></span> <span class='ocrx_word' id='word_1_155' title='bbox 2502 789 2723 846; x_wconf 85' lang='lat' dir='ltr'><strong>vixisse</strong></span> <span class='ocrx_word' id='word_1_156' title='bbox 2746 803 2852 844; x_wconf 91' lang='lat' dir='ltr'><strong>nec</strong></span> <span class='ocrx_word' id='word_1_157' title='bbox 2884 789 3091 844; x_wconf 76' lang='lat' dir='ltr'><strong>&quot;amodo</strong></span> <span class='ocrx_word' id='word_1_158' title='bbox 3117 788 3265 843; x_wconf 87' lang='lat' dir='ltr'><strong>velle</strong></span> <span class='ocrx_word' id='word_1_159' title='bbox 3288 788 3506 858; x_wconf 84' lang='lat' dir='ltr'><strong>vivere,</strong></span> <span class='ocrx_word' id='word_1_160' title='bbox 3535 793 3601 844; x_wconf 93' lang='lat' dir='ltr'><strong>et</strong></span> 
     </span>
    </p>
   </div>
   <div class='ocr_carea' id='block_1_24' title="bbox 1952 875 3601 951">
    <p class='ocr_par' dir='ltr' id='par_1_24' title="bbox 1952 875 3601 951">
     <span class='ocr_line' id='line_1_24' title="bbox 1952 875 3601 951; baseline -0.005 -11"><span class='ocrx_word' id='word_1_161' title='bbox 1952 884 2000 939; x_wconf 89' lang='lat' dir='ltr'><strong>si</strong></span> <span class='ocrx_word' id='word_1_162' title='bbox 2030 881 2308 951; x_wconf 90' lang='lat' dir='ltr'><strong>satisjam</strong></span> <span class='ocrx_word' id='word_1_163' title='bbox 2322 883 2628 951; x_wconf 86' lang='lat' dir='ltr'><strong>expertum</strong></span> <span class='ocrx_word' id='word_1_164' title='bbox 2647 876 2835 932; x_wconf 88' lang='lat' dir='ltr'><strong>adhuc</strong></span> <span class='ocrx_word' id='word_1_165' title='bbox 2866 875 3418 947; x_wconf 86' lang='lat' dir='ltr'><strong>expeririplaceret,</strong></span> <span class='ocrx_word' id='word_1_166' title='bbox 3440 876 3601 945; x_wconf 90' lang='lat' dir='ltr'><strong>jube-</strong></span> 
     </span>
    </p>
   </div>
   <div class='ocr_carea' id='block_1_25' title="bbox 1953 964 3599 1043">
    <p class='ocr_par' dir='ltr' id='par_1_25' title="bbox 1953 964 3599 1043">
     <span class='ocr_line' id='line_1_25' title="bbox 1953 964 3599 1043; baseline -0.004 -15"><span class='ocrx_word' id='word_1_167' title='bbox 1953 977 2044 1027; x_wconf 88' lang='lat' dir='ltr'><strong>ret</strong></span> <span class='ocrx_word' id='word_1_168' title='bbox 2067 968 2421 1043; x_wconf 88' lang='lat' dir='ltr'><strong>potestative</strong></span> <span class='ocrx_word' id='word_1_169' title='bbox 2451 966 2591 1037; x_wconf 90' lang='lat' dir='ltr'><strong>quid</strong></span> <span class='ocrx_word' id='word_1_170' title='bbox 2623 980 2685 1022; x_wconf 93' lang='lat' dir='ltr'><strong>se</strong></span> <span class='ocrx_word' id='word_1_171' title='bbox 2712 965 2901 1021; x_wconf 81' lang='lat' dir='ltr'><strong>facere</strong></span> <span class='ocrx_word' id='word_1_172' title='bbox 2925 964 3143 1020; x_wconf 87' lang='lat' dir='ltr'><strong>mallet.</strong></span> <span class='ocrx_word' id='word_1_173' title='bbox 3166 964 3247 1019; x_wconf 85' lang='lat' dir='ltr'><strong>Ad</strong></span> <span class='ocrx_word' id='word_1_174' title='bbox 3265 964 3387 1020; x_wconf 64' lang='lat' dir='ltr'><strong>haec</strong></span> <span class='ocrx_word' id='word_1_175' title='bbox 3418 965 3599 1022; x_wconf 89' lang='lat' dir='ltr'><strong>abbas</strong></span> 
     </span>
    </p>
   </div>
   <div class='ocr_carea' id='block_1_26' title="bbox 1953 1053 3667 1127">
    <p class='ocr_par' dir='ltr' id='par_1_26' title="bbox 1953 1053 3667 1127">
     <span class='ocr_line' id='line_1_26' title="bbox 1953 1053 3667 1127; baseline -0.004 -10"><span class='ocrx_word' id='word_1_176' title='bbox 1953 1076 2084 1118; x_wconf 88' lang='lat' dir='ltr'><strong>cum</strong></span> <span class='ocrx_word' id='word_1_177' title='bbox 2098 1058 2427 1116; x_wconf 88' lang='lat' dir='ltr'><strong>assidentes</strong></span> <span class='ocrx_word' id='word_1_178' title='bbox 2444 1056 2497 1111; x_wconf 91' lang='lat' dir='ltr'><strong>in</strong></span> <span class='ocrx_word' id='word_1_179' title='bbox 2516 1071 2601 1111; x_wconf 92' lang='lat' dir='ltr'><strong>am</strong></span> <span class='ocrx_word' id='word_1_180' title='bbox 2612 1055 2918 1110; x_wconf 86' lang='lat' dir='ltr'><strong>miratione</strong></span> <span class='ocrx_word' id='word_1_181' title='bbox 2933 1053 3600 1125; x_wconf 87' lang='lat' dir='ltr'><strong>circumspiceret,quod</strong></span> <span class='ocrx_word' id='word_1_182' title='bbox 3662 1122 3667 1127; x_wconf 13' lang='grc' dir='ltr'>ξ</span> 
     </span>
    </p>
   </div>
   <div class='ocr_carea' id='block_1_27' title="bbox 1957 1140 3596 1204">
    <p class='ocr_par' dir='ltr' id='par_1_27' title="bbox 1957 1140 3596 1204">
     <span class='ocr_line' id='line_1_27' title="bbox 1957 1140 3596 1204; baseline -0.004 -1"><span class='ocrx_word' id='word_1_183' title='bbox 1957 1153 2068 1204; x_wconf 80' lang='lat' dir='ltr'><strong>tam</strong></span> <span class='ocrx_word' id='word_1_184' title='bbox 2102 1147 2221 1202; x_wconf 91' lang='lat' dir='ltr'><strong>cito</strong></span> <span class='ocrx_word' id='word_1_185' title='bbox 2242 1150 2301 1202; x_wconf 91' lang='lat' dir='ltr'><strong>et</strong></span> <span class='ocrx_word' id='word_1_186' title='bbox 2332 1142 2664 1200; x_wconf 87' lang='lat' dir='ltr'><strong>rationabili</strong></span> <span class='ocrx_word' id='word_1_187' title='bbox 2685 1141 2913 1197; x_wconf 85' lang='lat' dir='ltr'><strong>reddita</strong></span> <span class='ocrx_word' id='word_1_188' title='bbox 2938 1140 3164 1197; x_wconf 88' lang='lat' dir='ltr'><strong>ratione</strong></span> <span class='ocrx_word' id='word_1_189' title='bbox 3192 1140 3444 1197; x_wconf 87' lang='lat' dir='ltr'><strong>omnium</strong></span> <span class='ocrx_word' id='word_1_190' title='bbox 3469 1156 3499 1197; x_wconf 92' lang='lat' dir='ltr'><strong>a</strong></span> <span class='ocrx_word' id='word_1_191' title='bbox 3532 1156 3596 1198; x_wconf 90' lang='lat' dir='ltr'><strong>se</strong></span> 
     </span>
    </p>
   </div>
   <div class='ocr_carea' id='block_1_28' title="bbox 1953 1230 3604 1307">
    <p class='ocr_par' dir='ltr' id='par_1_28' title="bbox 1953 1230 3604 1307">
     <span class='ocr_line' id='line_1_28' title="bbox 1953 1230 3604 1307; baseline -0.002 -15"><span class='ocrx_word' id='word_1_192' title='bbox 1953 1236 2317 1307; x_wconf 87' lang='lat' dir='ltr'><strong>calumpnias</strong></span> <span class='ocrx_word' id='word_1_193' title='bbox 2339 1232 2709 1301; x_wconf 80' lang='lat' dir='ltr'><strong>removisset,</strong></span> <span class='ocrx_word' id='word_1_194' title='bbox 2743 1230 3161 1299; x_wconf 82' lang='lat' dir='ltr'><strong>legatiosancti</strong></span> <span class='ocrx_word' id='word_1_195' title='bbox 3212 1230 3455 1300; x_wconf 83' lang='lat' dir='ltr'><strong>Remigii</strong></span> <span class='ocrx_word' id='word_1_196' title='bbox 3499 1232 3604 1288; x_wconf 92' lang='lat' dir='ltr'><strong>has</strong></span> 
     </span>
    </p>
   </div>
   <div class='ocr_carea' id='block_1_29' title="bbox 1956 1316 3603 1381">
    <p class='ocr_par' dir='ltr' id='par_1_29' title="bbox 1956 1316 3603 1381">
     <span class='ocr_line' id='line_1_29' title="bbox 1956 1316 3603 1381; baseline -0.003 -1"><span class='ocrx_word' id='word_1_197' title='bbox 1956 1326 2040 1381; x_wconf 91' lang='lat' dir='ltr'><strong>illi</strong></span> <span class='ocrx_word' id='word_1_198' title='bbox 2064 1325 2296 1381; x_wconf 86' lang='lat' dir='ltr'><strong>litteras</strong></span> <span class='ocrx_word' id='word_1_199' title='bbox 2318 1320 2601 1378; x_wconf 91' lang='lat' dir='ltr'><strong>obtulitin</strong></span> <span class='ocrx_word' id='word_1_200' title='bbox 2616 1321 2819 1375; x_wconf 91' lang='lat' dir='ltr'><strong>eadem</strong></span> <span class='ocrx_word' id='word_1_201' title='bbox 2833 1318 3202 1375; x_wconf 81' lang='lat' dir='ltr'><strong>confessione</strong></span> <span class='ocrx_word' id='word_1_202' title='bbox 3225 1338 3236 1372; x_wconf 89' lang='lat'><strong>:</strong></span> <span class='ocrx_word' id='word_1_203' title='bbox 3270 1316 3603 1377; x_wconf 76' lang='lat' dir='ltr'><strong>Venerabili</strong></span> 
     </span>
    </p>
   </div>
   <div class='ocr_carea' id='block_1_30' title="bbox 1912 1395 3671 1483">
    <p class='ocr_par' dir='ltr' id='par_1_30' title="bbox 1912 1395 3671 1483">
     <span class='ocr_line' id='line_1_30' title="bbox 1912 1395 3671 1483; baseline -0.004 -12"><span class='ocrx_word' id='word_1_204' title='bbox 1912 1440 1919 1447; x_wconf 82' lang='lat'><strong><em>~</em></strong></span> <span class='ocrx_word' id='word_1_205' title='bbox 1955 1414 2161 1472; x_wconf 86' lang='lat' dir='ltr'><strong>abbati</strong></span> <span class='ocrx_word' id='word_1_206' title='bbox 2185 1411 2534 1469; x_wconf 73' lang='lat' dir='ltr'><strong>Theoderico</strong></span> <span class='ocrx_word' id='word_1_207' title='bbox 2540 1411 2754 1483; x_wconf 83' lang='lat' dir='ltr'><strong>frater</strong></span> <span class='ocrx_word' id='word_1_208' title='bbox 2765 1409 2841 1464; x_wconf 83' lang='lat' dir='ltr'><strong>H.</strong></span> <span class='ocrx_word' id='word_1_209' title='bbox 2862 1409 2921 1464; x_wconf 87' lang='lat' dir='ltr'><strong>et</strong></span> <span class='ocrx_word' id='word_1_210' title='bbox 2922 1407 3135 1479; x_wconf 73' lang='lat' dir='ltr'><strong>ﬁdelis</strong></span> <span class='ocrx_word' id='word_1_211' title='bbox 3168 1408 3480 1465; x_wconf 62' lang='lat' dir='ltr'><strong>illisaucli</strong></span> <span class='ocrx_word' id='word_1_212' title='bbox 3495 1410 3602 1465; x_wconf 80' lang='lat' dir='ltr'><strong>Re-</strong></span> <span class='ocrx_word' id='word_1_213' title='bbox 3662 1395 3671 1405; x_wconf 83' lang='lat'><strong>&#39;</strong></span> 
     </span>
    </p>
   </div>
   <div class='ocr_carea' id='block_1_31' title="bbox 1954 1485 3604 1575">
    <p class='ocr_par' dir='ltr' id='par_1_31' title="bbox 1954 1485 3604 1575">
     <span class='ocr_line' id='line_1_31' title="bbox 1954 1485 3604 1575; baseline -0.005 -14"><span class='ocrx_word' id='word_1_214' title='bbox 1954 1485 2528 1575; x_wconf 59' lang='lat' dir='ltr'><strong>mig&#39;iicougregatio</strong></span> <span class='ocrx_word' id='word_1_215' title='bbox 2558 1498 2879 1570; x_wconf 62' lang='lat' dir='ltr'><strong>illamque</strong></span> <span class='ocrx_word' id='word_1_216' title='bbox 2900 1499 2993 1554; x_wconf 82' lang='lat' dir='ltr'><strong>est</strong></span> <span class='ocrx_word' id='word_1_217' title='bbox 3027 1498 3197 1555; x_wconf 86' lang='lat' dir='ltr'><strong>salus</strong></span> <span class='ocrx_word' id='word_1_218' title='bbox 3219 1499 3527 1569; x_wconf 84' lang='lat' dir='ltr'><strong>justorum</strong></span> <span class='ocrx_word' id='word_1_219' title='bbox 3565 1512 3604 1554; x_wconf 90' lang='lat' dir='ltr'><strong>a</strong></span> 
     </span>
    </p>
   </div>
   <div class='ocr_carea' id='block_1_32' title="bbox 1957 1587 3603 1660">
    <p class='ocr_par' dir='ltr' id='par_1_32' title="bbox 1957 1587 3603 1660">
     <span class='ocr_line' id='line_1_32' title="bbox 1957 1587 3603 1660; baseline -0.005 -8"><span class='ocrx_word' id='word_1_220' title='bbox 1957 1593 2226 1651; x_wconf 72' lang='lat' dir='ltr'><strong>Domino.</strong></span> <span class='ocrx_word' id='word_1_221' title='bbox 2246 1589 2419 1660; x_wconf 80' lang='lat' dir='ltr'><strong>Apud</strong></span> <span class='ocrx_word' id='word_1_222' title='bbox 2435 1588 2761 1644; x_wconf 61' lang='lat' dir='ltr'><strong>laritatem</strong></span> <span class='ocrx_word' id='word_1_223' title='bbox 2771 1601 2992 1657; x_wconf 80' lang='lat' dir='ltr'><strong>ceram,</strong></span> <span class='ocrx_word' id='word_1_224' title='bbox 3009 1601 3191 1657; x_wconf 76' lang='lat' dir='ltr'><strong>quam</strong></span> <span class='ocrx_word' id='word_1_225' title='bbox 3204 1587 3603 1643; x_wconf 78' lang='lat' dir='ltr'><strong>credimusce-</strong></span> 
     </span>
    </p>
   </div>
   <div class='ocr_carea' id='block_1_33' title="bbox 202 1675 1851 1808">
    <p class='ocr_par' dir='ltr' id='par_1_33' title="bbox 202 1698 1848 1771">
     <span class='ocr_line' id='line_1_33' title="bbox 202 1698 1848 1771; baseline -0.003 -12"><span class='ocrx_word' id='word_1_226' title='bbox 202 1702 467 1759; x_wconf 66' lang='lat' dir='ltr'><strong>ecclesiae</strong></span> <span class='ocrx_word' id='word_1_227' title='bbox 485 1702 838 1759; x_wconf 71' lang='lat' dir='ltr'><strong>scolasticus</strong></span> <span class='ocrx_word' id='word_1_228' title='bbox 866 1702 1086 1771; x_wconf 90' lang='lat' dir='ltr'><strong>haberi,</strong></span> <span class='ocrx_word' id='word_1_229' title='bbox 1115 1716 1220 1757; x_wconf 90' lang='lat' dir='ltr'><strong>nec</strong></span> <span class='ocrx_word' id='word_1_230' title='bbox 1254 1699 1437 1755; x_wconf 93' lang='lat' dir='ltr'><strong>multo</strong></span> <span class='ocrx_word' id='word_1_231' title='bbox 1464 1704 1594 1769; x_wconf 91' lang='lat' dir='ltr'><strong>post</strong></span> <span class='ocrx_word' id='word_1_232' title='bbox 1621 1698 1848 1755; x_wconf 91' lang='lat' dir='ltr'><strong>electus</strong></span> 
     </span>
    </p>
   </div>
   <div class='ocr_carea' id='block_1_34' title="bbox 1975 1675 3603 1808">
    <p class='ocr_par' dir='ltr' id='par_1_34' title="bbox 1975 1675 3603 1808">
     <span class='ocr_line' id='line_1_34' title="bbox 1975 1675 3603 1749; baseline -0.004 -11"><span class='ocrx_word' id='word_1_233' title='bbox 1975 1682 2170 1749; x_wconf 62' lang='lat' dir='ltr'><strong>stram,</strong></span> <span class='ocrx_word' id='word_1_234' title='bbox 2194 1692 2311 1735; x_wconf 74' lang='lat' dir='ltr'><strong>non</strong></span> <span class='ocrx_word' id='word_1_235' title='bbox 2328 1677 2584 1734; x_wconf 85' lang='lat' dir='ltr'><strong>multum</strong></span> <span class='ocrx_word' id='word_1_236' title='bbox 2595 1675 2830 1732; x_wconf 88' lang='lat' dir='ltr'><strong>laborat</strong></span> <span class='ocrx_word' id='word_1_237' title='bbox 2847 1676 2929 1732; x_wconf 80' lang='lat' dir='ltr'><strong>ad</strong></span> <span class='ocrx_word' id='word_1_238' title='bbox 2940 1676 3326 1746; x_wconf 69' lang='lat' dir='ltr'><strong>optinendum</strong></span> <span class='ocrx_word' id='word_1_239' title='bbox 3338 1675 3497 1746; x_wconf 77' lang='lat' dir='ltr'><strong>quod</strong></span> <span class='ocrx_word' id='word_1_240' title='bbox 3507 1690 3603 1746; x_wconf 85' lang='lat' dir='ltr'><strong>pe-</strong></span> 
     </span>
     <span class='ocr_line' id='line_1_35' title="bbox 1975 1764 3601 1808; baseline -0.001 0"><span class='ocrx_word' id='word_1_241' title='bbox 1975 1770 2045 1808; x_wconf 67' lang='lat' dir='ltr'><strong>tit</strong></span> <span class='ocrx_word' id='word_1_242' title='bbox 2072 1769 2286 1808; x_wconf 71' lang='lat' dir='ltr'><strong>ﬁdumn</strong></span> <span class='ocrx_word' id='word_1_243' title='bbox 2314 1767 2602 1808; x_wconf 30' lang='lat' dir='ltr'><strong>iratae-om“</strong></span> <span class='ocrx_word' id='word_1_244' title='bbox 2627 1765 2737 1808; x_wconf 67' lang='lat' dir='ltr'><strong>Nil</strong></span> <span class='ocrx_word' id='word_1_245' title='bbox 2752 1778 2888 1808; x_wconf 65' lang='lat' dir='ltr'><strong>emo</strong></span> <span class='ocrx_word' id='word_1_246' title='bbox 2912 1766 3042 1808; x_wconf 57' lang='lat' dir='ltr'><strong>eius</strong></span> <span class='ocrx_word' id='word_1_247' title='bbox 3058 1764 3251 1808; x_wconf 63' lang='lat' dir='ltr'><strong>huius</strong></span> <span class='ocrx_word' id='word_1_248' title='bbox 3268 1764 3479 1808; x_wconf 60' lang='lat' dir='ltr'><strong>vestrm</strong></span> <span class='ocrx_word' id='word_1_249' title='bbox 3501 1765 3601 1808; x_wconf 66' lang='lat' dir='ltr'><strong>la-</strong></span> 
     </span>
    </p>
   </div>
   <div class='ocr_carea' id='block_1_35' title="bbox 201 1764 1851 1861">
    <p class='ocr_par' dir='ltr' id='par_1_35' title="bbox 201 1787 1851 1861">
     <span class='ocr_line' id='line_1_36' title="bbox 201 1787 1851 1861; baseline -0.002 -14"><span class='ocrx_word' id='word_1_250' title='bbox 201 1796 262 1847; x_wconf 92' lang='lat' dir='ltr'><strong>et</strong></span> <span class='ocrx_word' id='word_1_251' title='bbox 292 1791 654 1848; x_wconf 88' lang='lat' dir='ltr'><strong>constitutus</strong></span> <span class='ocrx_word' id='word_1_252' title='bbox 674 1806 824 1849; x_wconf 89' lang='lat' dir='ltr'><strong>unus</strong></span> <span class='ocrx_word' id='word_1_253' title='bbox 846 1806 913 1847; x_wconf 81' lang='lat' dir='ltr'><strong>ex</strong></span> <span class='ocrx_word' id='word_1_254' title='bbox 939 1795 1161 1861; x_wconf 90' lang='lat' dir='ltr'><strong>septem</strong></span> <span class='ocrx_word' id='word_1_255' title='bbox 1186 1787 1585 1845; x_wconf 91' lang='lat' dir='ltr'><strong>cardinalibus</strong></span> <span class='ocrx_word' id='word_1_256' title='bbox 1617 1787 1851 1856; x_wconf 88' lang='lat' dir='ltr'><strong>majoris</strong></span> 
     </span>
    </p>
   </div>
   <div class='ocr_carea' id='block_1_36' title="bbox 1975 1764 3601 1861">
    <p class='ocr_par' dir='ltr' id='par_1_36' title="bbox 1975 1764 3601 1839">
     <span class='ocr_line' id='line_1_37' title="bbox 1975 1764 3601 1839; baseline -0.002 -14"><span class='ocrx_word' id='word_1_257' title='bbox 1975 1770 2045 1826; x_wconf 78' lang='lat' dir='ltr'><strong>tit</strong></span> <span class='ocrx_word' id='word_1_258' title='bbox 2065 1767 2605 1839; x_wconf 60' lang='lat' dir='ltr'><strong>ﬁducia/’raterua.</strong></span> <span class='ocrx_word' id='word_1_259' title='bbox 2627 1765 2737 1821; x_wconf 81' lang='lat' dir='ltr'><strong>Sit</strong></span> <span class='ocrx_word' id='word_1_260' title='bbox 2752 1778 2888 1835; x_wconf 72' lang='lat' dir='ltr'><strong>ergo</strong></span> <span class='ocrx_word' id='word_1_261' title='bbox 2912 1766 3042 1835; x_wconf 84' lang='lat' dir='ltr'><strong>ejus</strong></span> <span class='ocrx_word' id='word_1_262' title='bbox 3058 1764 3251 1835; x_wconf 71' lang='lat' dir='ltr'><strong>ipsius</strong></span> <span class='ocrx_word' id='word_1_263' title='bbox 3268 1764 3479 1821; x_wconf 72' lang='lat' dir='ltr'><strong>vestra</strong></span> <span class='ocrx_word' id='word_1_264' title='bbox 3498 1765 3601 1821; x_wconf 77' lang='lat' dir='ltr'><strong>Ita-</strong></span> 
     </span>
    </p>
   </div>
   <div class='ocr_carea' id='block_1_37' title="bbox 203 1878 1850 1951">
    <p class='ocr_par' dir='ltr' id='par_1_37' title="bbox 203 1878 1850 1951">
     <span class='ocr_line' id='line_1_38' title="bbox 203 1878 1850 1951; baseline -0.001 -15"><span class='ocrx_word' id='word_1_265' title='bbox 203 1880 701 1951; x_wconf 86' lang='lat' dir='ltr'><strong>altarii.Dignitas</strong></span> <span class='ocrx_word' id='word_1_266' title='bbox 725 1881 897 1951; x_wconf 88' lang='lat' dir='ltr'><strong>hujus</strong></span> <span class='ocrx_word' id='word_1_267' title='bbox 919 1879 1147 1935; x_wconf 88' lang='lat' dir='ltr'><strong>ordinis</strong></span> <span class='ocrx_word' id='word_1_268' title='bbox 1176 1878 1401 1934; x_wconf 82' lang='lat' dir='ltr'><strong>firmata</strong></span> <span class='ocrx_word' id='word_1_269' title='bbox 1435 1883 1522 1934; x_wconf 90' lang='lat' dir='ltr'><strong>est</strong></span> <span class='ocrx_word' id='word_1_270' title='bbox 1546 1878 1850 1949; x_wconf 87' lang='lat' dir='ltr'><strong>privilegio</strong></span> 
     </span>
    </p>
   </div>
   <div class='ocr_carea' id='block_1_38' title="bbox 202 1958 1846 2029">
    <p class='ocr_par' dir='ltr' id='par_1_38' title="bbox 202 1958 1846 2029">
     <span class='ocr_line' id='line_1_39' title="bbox 202 1958 1846 2029; baseline -0.002 -12"><span class='ocrx_word' id='word_1_271' title='bbox 202 1962 462 2018; x_wconf 81' lang='lat' dir='ltr'><strong>Romano</strong></span> <span class='ocrx_word' id='word_1_272' title='bbox 519 1962 708 2018; x_wconf 90' lang='lat' dir='ltr'><strong>eidem</strong></span> <span class='ocrx_word' id='word_1_273' title='bbox 765 1960 1032 2018; x_wconf 66' lang='lat' dir='ltr'><strong>ecclesiae</strong></span> <span class='ocrx_word' id='word_1_274' title='bbox 1107 1974 1137 2015; x_wconf 90' lang='lat' dir='ltr'><strong>a</strong></span> <span class='ocrx_word' id='word_1_275' title='bbox 1194 1958 1405 2014; x_wconf 88' lang='lat' dir='ltr'><strong>domno</strong></span> <span class='ocrx_word' id='word_1_276' title='bbox 1463 1959 1646 2015; x_wconf 90' lang='lat' dir='ltr'><strong>Leone</strong></span> <span class='ocrx_word' id='word_1_277' title='bbox 1681 1973 1846 2029; x_wconf 88' lang='lat' dir='ltr'><strong>papa,</strong></span> 
     </span>
    </p>
   </div>
   <div class='ocr_carea' id='block_1_39' title="bbox 205 2038 1847 2111">
    <p class='ocr_par' dir='ltr' id='par_1_39' title="bbox 205 2038 1847 2111">
     <span class='ocr_line' id='line_1_40' title="bbox 205 2038 1847 2111; baseline -0.002 -14"><span class='ocrx_word' id='word_1_278' title='bbox 205 2040 438 2111; x_wconf 88' lang='lat' dir='ltr'><strong>quando</strong></span> <span class='ocrx_word' id='word_1_279' title='bbox 471 2056 594 2097; x_wconf 92' lang='lat' dir='ltr'><strong>eam</strong></span> <span class='ocrx_word' id='word_1_280' title='bbox 625 2040 1107 2110; x_wconf 67' lang='lat' dir='ltr'><strong>dedicavit(12i),</strong></span> <span class='ocrx_word' id='word_1_281' title='bbox 1147 2044 1206 2096; x_wconf 89' lang='lat' dir='ltr'><strong>ut</strong></span> <span class='ocrx_word' id='word_1_282' title='bbox 1240 2053 1348 2094; x_wconf 92' lang='lat' dir='ltr'><strong>non</strong></span> <span class='ocrx_word' id='word_1_283' title='bbox 1385 2038 1847 2110; x_wconf 87' lang='lat' dir='ltr'><strong>archiepiscopo,</strong></span> 
     </span>
    </p>
   </div>
   <div class='ocr_carea' id='block_1_40' title="bbox 204 2127 1852 2201">
    <p class='ocr_par' dir='ltr' id='par_1_40' title="bbox 204 2127 1852 2201">
     <span class='ocr_line' id='line_1_41' title="bbox 204 2127 1852 2201; baseline -0.002 -16"><span class='ocrx_word' id='word_1_284' title='bbox 204 2144 317 2186; x_wconf 92' lang='lat' dir='ltr'><strong>non</strong></span> <span class='ocrx_word' id='word_1_285' title='bbox 347 2131 648 2201; x_wconf 91' lang='lat' dir='ltr'><strong>episcopo,</strong></span> <span class='ocrx_word' id='word_1_286' title='bbox 684 2145 794 2186; x_wconf 91' lang='lat' dir='ltr'><strong>non</strong></span> <span class='ocrx_word' id='word_1_287' title='bbox 827 2128 1071 2187; x_wconf 84' lang='lat' dir='ltr'><strong>cuilibet</strong></span> <span class='ocrx_word' id='word_1_288' title='bbox 1104 2128 1307 2200; x_wconf 87' lang='lat' dir='ltr'><strong>majori</strong></span> <span class='ocrx_word' id='word_1_289' title='bbox 1347 2128 1437 2183; x_wconf 89' lang='lat' dir='ltr'><strong>vel</strong></span> <span class='ocrx_word' id='word_1_290' title='bbox 1468 2127 1674 2183; x_wconf 90' lang='lat' dir='ltr'><strong>minori</strong></span> <span class='ocrx_word' id='word_1_291' title='bbox 1725 2141 1852 2198; x_wconf 92' lang='lat' dir='ltr'><strong>per-</strong></span> 
     </span>
    </p>
   </div>
   <div class='ocr_carea' id='block_1_41' title="bbox 208 2215 1854 2289">
    <p class='ocr_par' dir='ltr' id='par_1_41' title="bbox 208 2215 1854 2289">
     <span class='ocr_line' id='line_1_42' title="bbox 208 2215 1854 2289; baseline -0.003 -14"><span class='ocrx_word' id='word_1_292' title='bbox 208 2233 368 2276; x_wconf 65' lang='lat' dir='ltr'><strong>sonte</strong></span> <span class='ocrx_word' id='word_1_293' title='bbox 398 2218 570 2275; x_wconf 90' lang='lat' dir='ltr'><strong>liceat</strong></span> <span class='ocrx_word' id='word_1_294' title='bbox 602 2219 810 2275; x_wconf 89' lang='lat' dir='ltr'><strong>missas</strong></span> <span class='ocrx_word' id='word_1_295' title='bbox 841 2218 1145 2275; x_wconf 81' lang='lat' dir='ltr'><strong>celebrare</strong></span> <span class='ocrx_word' id='word_1_296' title='bbox 1178 2217 1232 2271; x_wconf 90' lang='lat' dir='ltr'><strong>in</strong></span> <span class='ocrx_word' id='word_1_297' title='bbox 1256 2217 1384 2289; x_wconf 90' lang='lat' dir='ltr'><strong>ipso</strong></span> <span class='ocrx_word' id='word_1_298' title='bbox 1416 2216 1586 2271; x_wconf 84' lang='lat' dir='ltr'><strong>altari</strong></span> <span class='ocrx_word' id='word_1_299' title='bbox 1619 2215 1730 2270; x_wconf 90' lang='lat' dir='ltr'><strong>nisi</strong></span> <span class='ocrx_word' id='word_1_300' title='bbox 1764 2230 1854 2271; x_wconf 88' lang='lat' dir='ltr'><strong>ar-</strong></span> 
     </span>
    </p>
   </div>
   <div class='ocr_carea' id='block_1_42' title="bbox 206 2304 1854 2380">
    <p class='ocr_par' dir='ltr' id='par_1_42' title="bbox 206 2304 1854 2380">
     <span class='ocr_line' id='line_1_43' title="bbox 206 2304 1854 2380; baseline -0.002 -16"><span class='ocrx_word' id='word_1_301' title='bbox 206 2307 584 2380; x_wconf 90' lang='lat' dir='ltr'><strong>chiepiscopo</strong></span> <span class='ocrx_word' id='word_1_302' title='bbox 616 2307 879 2363; x_wconf 81' lang='lat' dir='ltr'><strong>Remensi</strong></span> <span class='ocrx_word' id='word_1_303' title='bbox 905 2313 965 2363; x_wconf 92' lang='lat' dir='ltr'><strong>et</strong></span> <span class='ocrx_word' id='word_1_304' title='bbox 995 2307 1086 2363; x_wconf 93' lang='lat' dir='ltr'><strong>cui</strong></span> <span class='ocrx_word' id='word_1_305' title='bbox 1116 2306 1295 2362; x_wconf 90' lang='lat' dir='ltr'><strong>abbas</strong></span> <span class='ocrx_word' id='word_1_306' title='bbox 1344 2320 1455 2361; x_wconf 92' lang='lat' dir='ltr'><strong>non</strong></span> <span class='ocrx_word' id='word_1_307' title='bbox 1517 2304 1746 2375; x_wconf 91' lang='lat' dir='ltr'><strong>quidem</strong></span> <span class='ocrx_word' id='word_1_308' title='bbox 1772 2310 1854 2361; x_wconf 88' lang='lat' dir='ltr'><strong>te-</strong></span> 
     </span>
    </p>
   </div>
   <div class='ocr_carea' id='block_1_43' title="bbox 211 2394 1850 2466">
    <p class='ocr_par' dir='ltr' id='par_1_43' title="bbox 211 2394 1850 2466">
     <span class='ocr_line' id='line_1_44' title="bbox 211 2394 1850 2466; baseline -0.002 -15"><span class='ocrx_word' id='word_1_309' title='bbox 211 2411 390 2462; x_wconf 85' lang='lat' dir='ltr'><strong>mere,</strong></span> <span class='ocrx_word' id='word_1_310' title='bbox 426 2396 526 2453; x_wconf 92' lang='lat' dir='ltr'><strong>sed</strong></span> <span class='ocrx_word' id='word_1_311' title='bbox 569 2410 859 2455; x_wconf 90' lang='lat' dir='ltr'><strong>consensu</strong></span> <span class='ocrx_word' id='word_1_312' title='bbox 916 2396 1159 2451; x_wconf 84' lang='lat' dir='ltr'><strong>fratrum</strong></span> <span class='ocrx_word' id='word_1_313' title='bbox 1206 2394 1559 2466; x_wconf 88' lang='lat' dir='ltr'><strong>permiserit.</strong></span> <span class='ocrx_word' id='word_1_314' title='bbox 1622 2394 1850 2465; x_wconf 84' lang='lat' dir='ltr'><strong>Septem</strong></span> 
     </span>
    </p>
   </div>
   <div class='ocr_carea' id='block_1_44' title="bbox 206 2481 1853 2553">
    <p class='ocr_par' dir='ltr' id='par_1_44' title="bbox 206 2481 1853 2553">
     <span class='ocr_line' id='line_1_45' title="bbox 206 2481 1853 2553; baseline -0.004 -11"><span class='ocrx_word' id='word_1_315' title='bbox 206 2498 350 2542; x_wconf 91' lang='lat' dir='ltr'><strong>vero</strong></span> <span class='ocrx_word' id='word_1_316' title='bbox 370 2484 704 2542; x_wconf 88' lang='lat' dir='ltr'><strong>cardinales</strong></span> <span class='ocrx_word' id='word_1_317' title='bbox 738 2484 817 2541; x_wconf 90' lang='lat' dir='ltr'><strong>ad</strong></span> <span class='ocrx_word' id='word_1_318' title='bbox 843 2485 995 2540; x_wconf 91' lang='lat' dir='ltr'><strong>hunc</strong></span> <span class='ocrx_word' id='word_1_319' title='bbox 1010 2483 1287 2540; x_wconf 87' lang='lat' dir='ltr'><strong>honorem</strong></span> <span class='ocrx_word' id='word_1_320' title='bbox 1317 2481 1595 2553; x_wconf 88' lang='lat' dir='ltr'><strong>assumpti</strong></span> <span class='ocrx_word' id='word_1_321' title='bbox 1623 2482 1853 2552; x_wconf 90' lang='lat' dir='ltr'><strong>publica</strong></span> 
     </span>
    </p>
   </div>
   <div class='ocr_carea' id='block_1_45' title="bbox 211 2570 1858 2645">
    <p class='ocr_par' dir='ltr' id='par_1_45' title="bbox 211 2570 1858 2645">
     <span class='ocr_line' id='line_1_46' title="bbox 211 2570 1858 2645; baseline -0.002 -16"><span class='ocrx_word' id='word_1_322' title='bbox 211 2572 507 2629; x_wconf 88' lang='lat' dir='ltr'><strong>electione</strong></span> <span class='ocrx_word' id='word_1_323' title='bbox 550 2574 929 2645; x_wconf 63' lang='lat' dir='ltr'><strong>praeminent</strong></span> <span class='ocrx_word' id='word_1_324' title='bbox 964 2573 1017 2628; x_wconf 92' lang='lat' dir='ltr'><strong>in</strong></span> <span class='ocrx_word' id='word_1_325' title='bbox 1063 2576 1182 2628; x_wconf 90' lang='lat' dir='ltr'><strong>tota</strong></span> <span class='ocrx_word' id='word_1_326' title='bbox 1201 2570 1755 2641; x_wconf 82' lang='lat' dir='ltr'><strong>congregatione,et</strong></span> <span class='ocrx_word' id='word_1_327' title='bbox 1789 2571 1858 2626; x_wconf 90' lang='lat' dir='ltr'><strong>li-</strong></span> 
     </span>
    </p>
   </div>
   <div class='ocr_carea' id='block_1_46' title="bbox 214 2659 1855 2732">
    <p class='ocr_par' dir='ltr' id='par_1_46' title="bbox 214 2659 1855 2732">
     <span class='ocr_line' id='line_1_47' title="bbox 214 2659 1855 2732; baseline -0.002 -12"><span class='ocrx_word' id='word_1_328' title='bbox 214 2662 337 2720; x_wconf 82' lang='lat' dir='ltr'><strong>beri</strong></span> <span class='ocrx_word' id='word_1_329' title='bbox 381 2678 410 2718; x_wconf 90' lang='lat' dir='ltr'><strong>a</strong></span> <span class='ocrx_word' id='word_1_330' title='bbox 443 2662 660 2719; x_wconf 89' lang='lat' dir='ltr'><strong>ceteris</strong></span> <span class='ocrx_word' id='word_1_331' title='bbox 692 2661 917 2732; x_wconf 75' lang='lat' dir='ltr'><strong>officiis,</strong></span> <span class='ocrx_word' id='word_1_332' title='bbox 961 2660 1175 2732; x_wconf 82' lang='lat' dir='ltr'><strong>quibus</strong></span> <span class='ocrx_word' id='word_1_333' title='bbox 1206 2659 1463 2716; x_wconf 77' lang='lat' dir='ltr'><strong>vicissim</strong></span> <span class='ocrx_word' id='word_1_334' title='bbox 1497 2660 1855 2731; x_wconf 84' lang='lat' dir='ltr'><strong>deputantur</strong></span> 
     </span>
    </p>
   </div>
   <div class='ocr_carea' id='block_1_47' title="bbox 214 2746 1854 2819">
    <p class='ocr_par' dir='ltr' id='par_1_47' title="bbox 214 2746 1854 2819">
     <span class='ocr_line' id='line_1_48' title="bbox 214 2746 1854 2819; baseline -0.001 -13"><span class='ocrx_word' id='word_1_335' title='bbox 214 2749 333 2819; x_wconf 83' lang='lat' dir='ltr'><strong>alii,</strong></span> <span class='ocrx_word' id='word_1_336' title='bbox 351 2749 716 2806; x_wconf 92' lang='lat' dir='ltr'><strong>solummodo</strong></span> <span class='ocrx_word' id='word_1_337' title='bbox 740 2750 1083 2807; x_wconf 86' lang='lat' dir='ltr'><strong>deserviunt</strong></span> <span class='ocrx_word' id='word_1_338' title='bbox 1111 2748 1390 2817; x_wconf 72' lang='lat' dir='ltr'><strong>praedicto</strong></span> <span class='ocrx_word' id='word_1_339' title='bbox 1406 2746 1596 2811; x_wconf 84' lang='lat' dir='ltr'><strong>altari,</strong></span> <span class='ocrx_word' id='word_1_340' title='bbox 1617 2748 1669 2802; x_wconf 87' lang='lat' dir='ltr'><strong>in</strong></span> <span class='ocrx_word' id='word_1_341' title='bbox 1690 2748 1854 2804; x_wconf 70' lang='lat' dir='ltr'><strong>festis</strong></span> 
     </span>
    </p>
   </div>
   <div class='ocr_carea' id='block_1_48' title="bbox 210 2836 1855 2907">
    <p class='ocr_par' dir='ltr' id='par_1_48' title="bbox 210 2836 1855 2907">
     <span class='ocr_line' id='line_1_49' title="bbox 210 2836 1855 2907; baseline -0.003 -12"><span class='ocrx_word' id='word_1_342' title='bbox 210 2839 420 2895; x_wconf 89' lang='lat' dir='ltr'><strong>diebus</strong></span> <span class='ocrx_word' id='word_1_343' title='bbox 446 2838 695 2894; x_wconf 89' lang='lat' dir='ltr'><strong>baltheis</strong></span> <span class='ocrx_word' id='word_1_344' title='bbox 712 2842 965 2907; x_wconf 86' lang='lat' dir='ltr'><strong>utentes,</strong></span> <span class='ocrx_word' id='word_1_345' title='bbox 1017 2842 1073 2893; x_wconf 91' lang='lat' dir='ltr'><strong>et</strong></span> <span class='ocrx_word' id='word_1_346' title='bbox 1109 2837 1285 2892; x_wconf 88' lang='lat' dir='ltr'><strong>trium</strong></span> <span class='ocrx_word' id='word_1_347' title='bbox 1322 2836 1699 2892; x_wconf 87' lang='lat' dir='ltr'><strong>diaeonorum</strong></span> <span class='ocrx_word' id='word_1_348' title='bbox 1721 2836 1855 2892; x_wconf 91' lang='lat' dir='ltr'><strong>toti-</strong></span> 
     </span>
    </p>
   </div>
   <div class='ocr_carea' id='block_1_49' title="bbox 214 2924 1855 2998">
    <p class='ocr_par' dir='ltr' id='par_1_49' title="bbox 214 2924 1855 2998">
     <span class='ocr_line' id='line_1_50' title="bbox 214 2924 1855 2998; baseline -0.001 -14"><span class='ocrx_word' id='word_1_349' title='bbox 214 2928 462 2998; x_wconf 91' lang='lat' dir='ltr'><strong>demque</strong></span> <span class='ocrx_word' id='word_1_350' title='bbox 491 2927 981 2984; x_wconf 85' lang='lat' dir='ltr'><strong>subdiaconorum</strong></span> <span class='ocrx_word' id='word_1_351' title='bbox 1022 2930 1080 2982; x_wconf 91' lang='lat' dir='ltr'><strong>et</strong></span> <span class='ocrx_word' id='word_1_352' title='bbox 1118 2924 1502 2982; x_wconf 90' lang='lat' dir='ltr'><strong>acholitorum</strong></span> <span class='ocrx_word' id='word_1_353' title='bbox 1537 2924 1855 2997; x_wconf 88' lang='lat' dir='ltr'><strong>processio-</strong></span> 
     </span>
    </p>
   </div>
   <div class='ocr_carea' id='block_1_50' title="bbox 211 3016 677 3073">
    <p class='ocr_par' dir='ltr' id='par_1_50' title="bbox 211 3016 677 3073">
     <span class='ocr_line' id='line_1_51' title="bbox 211 3016 677 3073; baseline 0.002 -1"><span class='ocrx_word' id='word_1_354' title='bbox 211 3030 340 3073; x_wconf 92' lang='lat' dir='ltr'><strong>nem</strong></span> <span class='ocrx_word' id='word_1_355' title='bbox 373 3016 677 3073; x_wconf 87' lang='lat' dir='ltr'><strong>habentes.</strong></span> 
     </span>
    </p>
   </div>
   <div class='ocr_carea' id='block_1_51' title="bbox 1958 1853 3608 1928">
    <p class='ocr_par' dir='ltr' id='par_1_51' title="bbox 1958 1853 3608 1928">
     <span class='ocr_line' id='line_1_52' title="bbox 1958 1853 3608 1928; baseline -0.004 -11"><span class='ocrx_word' id='word_1_356' title='bbox 1958 1858 2190 1924; x_wconf 86' lang='lat' dir='ltr'><strong>ritatis,</strong></span> <span class='ocrx_word' id='word_1_357' title='bbox 2224 1857 2291 1913; x_wconf 88' lang='lat' dir='ltr'><strong>ut</strong></span> <span class='ocrx_word' id='word_1_358' title='bbox 2317 1855 2593 1928; x_wconf 79' lang='lat' dir='ltr'><strong>fratrem</strong></span> <span class='ocrx_word' id='word_1_359' title='bbox 2625 1853 3001 1909; x_wconf 76' lang='lat' dir='ltr'><strong>Lambertum</strong></span> <span class='ocrx_word' id='word_1_360' title='bbox 3036 1854 3205 1910; x_wconf 77' lang='lat' dir='ltr'><strong>uotis</strong></span> <span class='ocrx_word' id='word_1_361' title='bbox 3229 1866 3361 1910; x_wconf 88' lang='lat' dir='ltr'><strong>cum</strong></span> <span class='ocrx_word' id='word_1_362' title='bbox 3388 1855 3608 1925; x_wconf 73' lang='lat' dir='ltr'><strong>gratia</strong></span> 
     </span>
    </p>
   </div>
   <div class='ocr_carea' id='block_1_52' title="bbox 1961 1941 3604 2012">
    <p class='ocr_par' dir='ltr' id='par_1_52' title="bbox 1961 1941 3604 2012">
     <span class='ocr_line' id='line_1_53' title="bbox 1961 1941 3604 2012; baseline -0.004 -6"><span class='ocrx_word' id='word_1_363' title='bbox 1961 1947 2161 2005; x_wconf 67' lang='lat' dir='ltr'><strong>castra</strong></span> <span class='ocrx_word' id='word_1_364' title='bbox 2182 1944 2530 2002; x_wconf 63' lang='lat' dir='ltr'><strong>remittatis.</strong></span> <span class='ocrx_word' id='word_1_365' title='bbox 2556 1941 2684 2001; x_wconf 78' lang='lat' dir='ltr'><strong>Sed</strong></span> <span class='ocrx_word' id='word_1_366' title='bbox 2700 1955 2890 2012; x_wconf 75' lang='lat' dir='ltr'><strong>neque</strong></span> <span class='ocrx_word' id='word_1_367' title='bbox 2904 1943 3002 1998; x_wconf 78' lang='lat' dir='ltr'><strong>cel</strong></span> <span class='ocrx_word' id='word_1_368' title='bbox 3026 1942 3191 1999; x_wconf 73' lang='lat' dir='ltr'><strong>vobis</strong></span> <span class='ocrx_word' id='word_1_369' title='bbox 3223 1944 3321 1999; x_wconf 81' lang='lat' dir='ltr'><strong>cet</strong></span> <span class='ocrx_word' id='word_1_370' title='bbox 3346 1944 3604 2001; x_wconf 67' lang='lat' dir='ltr'><strong>ecclesia</strong></span> 
     </span>
    </p>
   </div>
   <div class='ocr_carea' id='block_1_53' title="bbox 1959 2031 3607 2105">
    <p class='ocr_par' dir='ltr' id='par_1_53' title="bbox 1959 2031 3607 2105">
     <span class='ocr_line' id='line_1_54' title="bbox 1959 2031 3607 2105; baseline -0.002 -11"><span class='ocrx_word' id='word_1_371' title='bbox 1959 2038 2169 2094; x_wconf 70' lang='lat' dir='ltr'><strong>castra</strong></span> <span class='ocrx_word' id='word_1_372' title='bbox 2194 2031 2855 2105; x_wconf 65' lang='lat' dir='ltr'><strong>reputetm&#39;onertquod</strong></span> <span class='ocrx_word' id='word_1_373' title='bbox 2888 2031 3178 2102; x_wconf 79' lang='lat' dir='ltr'><strong>probatur</strong></span> <span class='ocrx_word' id='word_1_374' title='bbox 3219 2032 3449 2101; x_wconf 72' lang='lat' dir='ltr'><strong>honori,</strong></span> <span class='ocrx_word' id='word_1_375' title='bbox 3500 2045 3607 2090; x_wconf 80' lang='lat' dir='ltr'><strong>nec</strong></span> 
     </span>
    </p>
   </div>
   <div class='ocr_carea' id='block_1_54' title="bbox 1960 2119 3609 2192">
    <p class='ocr_par' dir='ltr' id='par_1_54' title="bbox 1960 2119 3609 2192">
     <span class='ocr_line' id='line_1_55' title="bbox 1960 2119 3609 2192; baseline -0.004 -7"><span class='ocrx_word' id='word_1_376' title='bbox 1960 2124 2347 2185; x_wconf 77' lang='lat' dir='ltr'><strong>adscribatur</strong></span> <span class='ocrx_word' id='word_1_377' title='bbox 2361 2122 2634 2192; x_wconf 76' lang='lat' dir='ltr'><strong>dumpno,</strong></span> <span class='ocrx_word' id='word_1_378' title='bbox 2655 2119 2712 2177; x_wconf 87' lang='lat' dir='ltr'><strong>si</strong></span> <span class='ocrx_word' id='word_1_379' title='bbox 2744 2121 3015 2177; x_wconf 74' lang='lat' dir='ltr'><strong>nutritus</strong></span> <span class='ocrx_word' id='word_1_380' title='bbox 3031 2120 3229 2177; x_wconf 85' lang='lat' dir='ltr'><strong>labore</strong></span> <span class='ocrx_word' id='word_1_381' title='bbox 3266 2124 3454 2178; x_wconf 76' lang='lat' dir='ltr'><strong>vestro</strong></span> <span class='ocrx_word' id='word_1_382' title='bbox 3485 2135 3609 2178; x_wconf 78' lang='lat' dir='ltr'><strong>con-</strong></span> 
     </span>
    </p>
   </div>
   <div class='ocr_carea' id='block_1_55' title="bbox 1958 2208 3608 2278">
    <p class='ocr_par' dir='ltr' id='par_1_55' title="bbox 1958 2208 3608 2278">
     <span class='ocr_line' id='line_1_56' title="bbox 1958 2208 3608 2278; baseline -0.004 -6"><span class='ocrx_word' id='word_1_383' title='bbox 1958 2214 2126 2272; x_wconf 80' lang='lat' dir='ltr'><strong>cem&#39;t</strong></span> <span class='ocrx_word' id='word_1_384' title='bbox 2145 2213 2390 2269; x_wconf 76' lang='lat' dir='ltr'><strong>idoneus</strong></span> <span class='ocrx_word' id='word_1_385' title='bbox 2431 2214 2621 2267; x_wconf 77' lang='lat' dir='ltr'><strong>inesse</strong></span> <span class='ocrx_word' id='word_1_386' title='bbox 2656 2208 2910 2278; x_wconf 69' lang='lat' dir='ltr'><strong>apostoli</strong></span> <span class='ocrx_word' id='word_1_387' title='bbox 2933 2208 3301 2265; x_wconf 75' lang='lat' dir='ltr'><strong>Francorum</strong></span> <span class='ocrx_word' id='word_1_388' title='bbox 3317 2210 3608 2266; x_wconf 75' lang='lat' dir='ltr'><strong>archima-</strong></span> 
     </span>
    </p>
   </div>
   <div class='ocr_carea' id='block_1_56' title="bbox 1961 2297 3604 2371">
    <p class='ocr_par' dir='ltr' id='par_1_56' title="bbox 1961 2297 3604 2371">
     <span class='ocr_line' id='line_1_57' title="bbox 1961 2297 3604 2371; baseline -0.004 -10"><span class='ocrx_word' id='word_1_389' title='bbox 1961 2302 2249 2371; x_wconf 79' lang='lat' dir='ltr'><strong>uaslcrio,</strong></span> <span class='ocrx_word' id='word_1_390' title='bbox 2264 2314 2394 2357; x_wconf 85' lang='lat' dir='ltr'><strong>cum</strong></span> <span class='ocrx_word' id='word_1_391' title='bbox 2404 2297 2771 2370; x_wconf 73' lang='lat' dir='ltr'><strong>sapientium</strong></span> <span class='ocrx_word' id='word_1_392' title='bbox 2780 2297 3019 2366; x_wconf 72' lang='lat' dir='ltr'><strong>judicio</strong></span> <span class='ocrx_word' id='word_1_393' title='bbox 3048 2299 3200 2354; x_wconf 79' lang='lat' dir='ltr'><strong>utile</strong></span> <span class='ocrx_word' id='word_1_394' title='bbox 3203 2300 3484 2370; x_wconf 77' lang='lat' dir='ltr'><strong>postponi</strong></span> <span class='ocrx_word' id='word_1_395' title='bbox 3511 2302 3604 2356; x_wconf 48' lang='lat' dir='ltr'><strong>lle-</strong></span> 
     </span>
    </p>
   </div>
   <div class='ocr_carea' id='block_1_57' title="bbox 1967 2387 3611 2449">
    <p class='ocr_par' dir='ltr' id='par_1_57' title="bbox 1967 2387 3611 2449">
     <span class='ocr_line' id='line_1_58' title="bbox 1967 2387 3611 2449; baseline -0.003 0"><span class='ocrx_word' id='word_1_396' title='bbox 1967 2392 2102 2449; x_wconf 87' lang='lat' dir='ltr'><strong>beat</strong></span> <span class='ocrx_word' id='word_1_397' title='bbox 2127 2389 2387 2446; x_wconf 70' lang='lat' dir='ltr'><strong>honesto.</strong></span> <span class='ocrx_word' id='word_1_398' title='bbox 2411 2388 2564 2443; x_wconf 82' lang='lat' dir='ltr'><strong>Vale.</strong></span> <span class='ocrx_word' id='word_1_399' title='bbox 2582 2388 2737 2442; x_wconf 90' lang='lat' dir='ltr'><strong>Tunc</strong></span> <span class='ocrx_word' id='word_1_400' title='bbox 2752 2387 2980 2442; x_wconf 89' lang='lat' dir='ltr'><strong>demum</strong></span> <span class='ocrx_word' id='word_1_401' title='bbox 2999 2387 3178 2443; x_wconf 85' lang='lat' dir='ltr'><strong>abbas</strong></span> <span class='ocrx_word' id='word_1_402' title='bbox 3190 2402 3319 2443; x_wconf 90' lang='lat' dir='ltr'><strong>cum</strong></span> <span class='ocrx_word' id='word_1_403' title='bbox 3342 2388 3611 2444; x_wconf 74' lang='lat' dir='ltr'><strong>Lamber-</strong></span> 
     </span>
    </p>
   </div>
   <div class='ocr_carea' id='block_1_58' title="bbox 1968 2475 3607 2548">
    <p class='ocr_par' dir='ltr' id='par_1_58' title="bbox 1968 2475 3607 2548">
     <span class='ocr_line' id='line_1_59' title="bbox 1968 2475 3607 2548; baseline -0.002 -12"><span class='ocrx_word' id='word_1_404' title='bbox 1968 2486 2090 2537; x_wconf 86' lang='lat' dir='ltr'><strong>tum</strong></span> <span class='ocrx_word' id='word_1_405' title='bbox 2123 2479 2210 2536; x_wconf 92' lang='lat' dir='ltr'><strong>sic</strong></span> <span class='ocrx_word' id='word_1_406' title='bbox 2242 2477 2353 2533; x_wconf 86' lang='lat' dir='ltr'><strong>sibi</strong></span> <span class='ocrx_word' id='word_1_407' title='bbox 2372 2476 2424 2532; x_wconf 94' lang='lat' dir='ltr'><strong>in</strong></span> <span class='ocrx_word' id='word_1_408' title='bbox 2450 2476 2722 2533; x_wconf 87' lang='lat' dir='ltr'><strong>omnibus</strong></span> <span class='ocrx_word' id='word_1_409' title='bbox 2740 2475 2980 2530; x_wconf 85' lang='lat' dir='ltr'><strong>obedire</strong></span> <span class='ocrx_word' id='word_1_410' title='bbox 3006 2481 3269 2546; x_wconf 85' lang='lat' dir='ltr'><strong>paratum</strong></span> <span class='ocrx_word' id='word_1_411' title='bbox 3290 2486 3607 2548; x_wconf 80' lang='lat' dir='ltr'><strong>perpende-</strong></span> 
     </span>
    </p>
   </div>
   <div class='ocr_carea' id='block_1_59' title="bbox 1970 2563 3603 2640">
    <p class='ocr_par' dir='ltr' id='par_1_59' title="bbox 1970 2563 3603 2640">
     <span class='ocr_line' id='line_1_60' title="bbox 1970 2563 3603 2640; baseline -0.002 -15"><span class='ocrx_word' id='word_1_412' title='bbox 1970 2576 2078 2640; x_wconf 88' lang='lat' dir='ltr'><strong>ret,</strong></span> <span class='ocrx_word' id='word_1_413' title='bbox 2114 2574 2234 2625; x_wconf 91' lang='lat' dir='ltr'><strong>tum</strong></span> <span class='ocrx_word' id='word_1_414' title='bbox 2265 2567 2440 2623; x_wconf 88' lang='lat' dir='ltr'><strong>etiam</strong></span> <span class='ocrx_word' id='word_1_415' title='bbox 2472 2579 2543 2621; x_wconf 90' lang='lat' dir='ltr'><strong>ne</strong></span> <span class='ocrx_word' id='word_1_416' title='bbox 2573 2563 2881 2620; x_wconf 88' lang='lat' dir='ltr'><strong>ecclesiam</strong></span> <span class='ocrx_word' id='word_1_417' title='bbox 2917 2569 3095 2621; x_wconf 73' lang='lat' dir='ltr'><strong>tautae</strong></span> <span class='ocrx_word' id='word_1_418' title='bbox 3136 2565 3440 2634; x_wconf 77' lang='lat' dir='ltr'><strong>dignitatis</strong></span> <span class='ocrx_word' id='word_1_419' title='bbox 3493 2580 3603 2622; x_wconf 91' lang='lat' dir='ltr'><strong>non</strong></span> 
     </span>
    </p>
   </div>
   <div class='ocr_carea' id='block_1_60' title="bbox 1967 2653 3611 2724">
    <p class='ocr_par' dir='ltr' id='par_1_60' title="bbox 1967 2653 3611 2724">
     <span class='ocr_line' id='line_1_61' title="bbox 1967 2653 3611 2724; baseline -0.003 -9"><span class='ocrx_word' id='word_1_420' title='bbox 1967 2663 2250 2716; x_wconf 80' lang='lat' dir='ltr'><strong>exoratus</strong></span> <span class='ocrx_word' id='word_1_421' title='bbox 2279 2655 2621 2723; x_wconf 70' lang='lat' dir='ltr'><strong>offenderet,</strong></span> <span class='ocrx_word' id='word_1_422' title='bbox 2654 2653 2815 2710; x_wconf 88' lang='lat' dir='ltr'><strong>illum</strong></span> <span class='ocrx_word' id='word_1_423' title='bbox 2848 2668 2979 2711; x_wconf 87' lang='lat' dir='ltr'><strong>cum</strong></span> <span class='ocrx_word' id='word_1_424' title='bbox 3010 2655 3199 2724; x_wconf 85' lang='lat' dir='ltr'><strong>gratia</strong></span> <span class='ocrx_word' id='word_1_425' title='bbox 3256 2669 3357 2711; x_wconf 89' lang='lat' dir='ltr'><strong>sua</strong></span> <span class='ocrx_word' id='word_1_426' title='bbox 3383 2655 3611 2711; x_wconf 81' lang='lat' dir='ltr'><strong>remisit</strong></span> 
     </span>
    </p>
   </div>
   <div class='ocr_carea' id='block_1_61' title="bbox 1969 2743 3607 2815">
    <p class='ocr_par' dir='ltr' id='par_1_61' title="bbox 1969 2743 3607 2815">
     <span class='ocr_line' id='line_1_62' title="bbox 1969 2743 3607 2815; baseline -0.002 -11"><span class='ocrx_word' id='word_1_427' title='bbox 1969 2749 2039 2804; x_wconf 90' lang='lat' dir='ltr'><strong>ad</strong></span> <span class='ocrx_word' id='word_1_428' title='bbox 2075 2752 2341 2803; x_wconf 88' lang='lat' dir='ltr'><strong>sanctum</strong></span> <span class='ocrx_word' id='word_1_429' title='bbox 2374 2743 2736 2813; x_wconf 79' lang='lat' dir='ltr'><strong>Remigium;</strong></span> <span class='ocrx_word' id='word_1_430' title='bbox 2768 2744 2892 2815; x_wconf 88' lang='lat' dir='ltr'><strong>ipse</strong></span> <span class='ocrx_word' id='word_1_431' title='bbox 2934 2757 3164 2814; x_wconf 90' lang='lat' dir='ltr'><strong>quoque</strong></span> <span class='ocrx_word' id='word_1_432' title='bbox 3193 2744 3264 2798; x_wconf 89' lang='lat' dir='ltr'><strong>ad</strong></span> <span class='ocrx_word' id='word_1_433' title='bbox 3324 2759 3491 2801; x_wconf 87' lang='lat' dir='ltr'><strong>suum</strong></span> <span class='ocrx_word' id='word_1_434' title='bbox 3521 2759 3607 2801; x_wconf 90' lang='lat' dir='ltr'><strong>re-</strong></span> 
     </span>
    </p>
   </div>
   <div class='ocr_carea' id='block_1_62' title="bbox 1968 2832 2768 2895">
    <p class='ocr_par' dir='ltr' id='par_1_62' title="bbox 1968 2832 2768 2895">
     <span class='ocr_line' id='line_1_63' title="bbox 1968 2832 2768 2895; baseline -0.011 0"><span class='ocrx_word' id='word_1_435' title='bbox 1968 2851 2180 2895; x_wconf 90' lang='lat' dir='ltr'><strong>versus</strong></span> <span class='ocrx_word' id='word_1_436' title='bbox 2207 2842 2298 2891; x_wconf 91' lang='lat' dir='ltr'><strong>est</strong></span> <span class='ocrx_word' id='word_1_437' title='bbox 2328 2832 2768 2889; x_wconf 90' lang='lat' dir='ltr'><strong>monasterium.</strong></span> 
     </span>
    </p>
   </div>
   <div class='ocr_carea' id='block_1_63' title="bbox 2038 2921 3613 2993">
    <p class='ocr_par' dir='ltr' id='par_1_63' title="bbox 2038 2921 3613 2993">
     <span class='ocr_line' id='line_1_64' title="bbox 2038 2921 3613 2993; baseline -0.001 -11"><span class='ocrx_word' id='word_1_438' title='bbox 2038 2928 2123 2981; x_wconf 76' lang='grc'><strong>48.</strong></span> <span class='ocrx_word' id='word_1_439' title='bbox 2169 2924 2317 2993; x_wconf 78' lang='grc'>(62.)</span> <span class='ocrx_word' id='word_1_440' title='bbox 2349 2922 2633 2977; x_wconf 87' lang='lat' dir='ltr'><strong>Henricus</strong></span> <span class='ocrx_word' id='word_1_441' title='bbox 2663 2921 2977 2992; x_wconf 85' lang='lat' dir='ltr'><strong>episcopus</strong></span> <span class='ocrx_word' id='word_1_442' title='bbox 3008 2921 3400 2978; x_wconf 90' lang='lat' dir='ltr'><strong>imminentem</strong></span> <span class='ocrx_word' id='word_1_443' title='bbox 3434 2924 3613 2982; x_wconf 88' lang='lat' dir='ltr'><strong>domi-</strong></span> 
     </span>
    </p>
   </div>
   <div class='ocr_carea' id='block_1_64' title="bbox 1967 3011 3610 3082">
    <p class='ocr_par' dir='ltr' id='par_1_64' title="bbox 1967 3011 3610 3082">
     <span class='ocr_line' id='line_1_65' title="bbox 1967 3011 3610 3082; baseline 0.002 -9"><span class='ocrx_word' id='word_1_444' title='bbox 1967 3016 2081 3073; x_wconf 89' lang='lat' dir='ltr'><strong>nici</strong></span> <span class='ocrx_word' id='word_1_445' title='bbox 2100 3012 2309 3070; x_wconf 86' lang='lat' dir='ltr'><strong>natalis</strong></span> <span class='ocrx_word' id='word_1_446' title='bbox 2323 3011 2816 3082; x_wconf 89' lang='lat' dir='ltr'><strong>sollempnitatem</strong></span> <span class='ocrx_word' id='word_1_447' title='bbox 2832 3011 2983 3081; x_wconf 75' lang='lat' dir='ltr'><strong>apud</strong></span> <span class='ocrx_word' id='word_1_448' title='bbox 3000 3018 3263 3068; x_wconf 87' lang='lat' dir='ltr'><strong>sanctum</strong></span> <span class='ocrx_word' id='word_1_449' title='bbox 3289 3015 3610 3077; x_wconf 85' lang='lat' dir='ltr'><strong>Hubertum</strong></span> 
     </span>
    </p>
   </div>
   <div class='ocr_carea' id='block_1_65' title="bbox 284 3100 3613 3176">
    <p class='ocr_par' dir='ltr' id='par_1_65' title="bbox 284 3100 3613 3176">
     <span class='ocr_line' id='line_1_66' title="bbox 284 3100 3613 3176; baseline -0.002 -15"><span class='ocrx_word' id='word_1_450' title='bbox 284 3109 370 3162; x_wconf 89' lang='lat'><strong>37.</strong></span> <span class='ocrx_word' id='word_1_451' title='bbox 406 3106 553 3176; x_wconf 78' lang='lat'><strong>(59.)</strong></span> <span class='ocrx_word' id='word_1_452' title='bbox 598 3105 806 3161; x_wconf 84' lang='lat' dir='ltr'><strong>Audita</strong></span> <span class='ocrx_word' id='word_1_453' title='bbox 839 3110 975 3162; x_wconf 90' lang='lat' dir='ltr'><strong>sunt</strong></span> <span class='ocrx_word' id='word_1_454' title='bbox 997 3105 1186 3160; x_wconf 83' lang='lat' dir='ltr'><strong>omnia</strong></span> <span class='ocrx_word' id='word_1_455' title='bbox 1246 3102 1398 3175; x_wconf 91' lang='lat' dir='ltr'><strong>apud</strong></span> <span class='ocrx_word' id='word_1_456' title='bbox 1429 3107 1692 3160; x_wconf 91' lang='lat' dir='ltr'><strong>sanctum</strong></span> <span class='ocrx_word' id='word_1_457' title='bbox 1748 3106 1858 3160; x_wconf 86' lang='lat' dir='ltr'><strong>Hu-</strong></span> <span class='ocrx_word' id='word_1_458' title='bbox 1890 3104 1937 3165; x_wconf 89' lang='lat' dir='ltr'>C</span> <span class='ocrx_word' id='word_1_459' title='bbox 1967 3102 2291 3162; x_wconf 88' lang='lat' dir='ltr'><strong>celebravit</strong></span> <span class='ocrx_word' id='word_1_460' title='bbox 2315 3100 2593 3173; x_wconf 74' lang='lat' dir='ltr'><strong>(l&#39;25),ubi</strong></span> <span class='ocrx_word' id='word_1_461' title='bbox 2615 3102 2745 3156; x_wconf 87' lang='lat' dir='ltr'><strong>etin</strong></span> <span class='ocrx_word' id='word_1_462' title='bbox 2760 3101 3030 3170; x_wconf 89' lang='lat' dir='ltr'><strong>sequenti</strong></span> <span class='ocrx_word' id='word_1_463' title='bbox 3056 3101 3494 3173; x_wconf 82' lang='lat' dir='ltr'><strong>quadragesima</strong></span> <span class='ocrx_word' id='word_1_464' title='bbox 3522 3123 3613 3163; x_wconf 85' lang='lat' dir='ltr'><strong>or.</strong></span> 
     </span>
    </p>
   </div>
   <div class='ocr_carea' id='block_1_66' title="bbox 220 3191 1860 3264">
    <p class='ocr_par' dir='ltr' id='par_1_66' title="bbox 220 3191 1860 3264">
     <span class='ocr_line' id='line_1_67' title="bbox 220 3191 1860 3264; baseline -0.001 -14"><span class='ocrx_word' id='word_1_465' title='bbox 220 3193 449 3251; x_wconf 90' lang='lat' dir='ltr'><strong>bertum</strong></span> <span class='ocrx_word' id='word_1_466' title='bbox 476 3208 603 3264; x_wconf 62' lang='lat' dir='ltr'><strong>quae</strong></span> <span class='ocrx_word' id='word_1_467' title='bbox 634 3198 949 3250; x_wconf 88' lang='lat' dir='ltr'><strong>evenerant</strong></span> <span class='ocrx_word' id='word_1_468' title='bbox 975 3193 1046 3249; x_wconf 91' lang='lat' dir='ltr'><strong>de</strong></span> <span class='ocrx_word' id='word_1_469' title='bbox 1079 3191 1860 3262; x_wconf 85' lang='lat' dir='ltr'><strong>Lamberto,quem&#39;l‘beode-</strong></span> 
     </span>
    </p>
   </div>
   <div class='ocr_carea' id='block_1_67' title="bbox 214 3282 1856 3353">
    <p class='ocr_par' dir='ltr' id='par_1_67' title="bbox 214 3282 1856 3353">
     <span class='ocr_line' id='line_1_68' title="bbox 214 3282 1856 3353; baseline -0.001 -15"><span class='ocrx_word' id='word_1_470' title='bbox 214 3282 373 3339; x_wconf 91' lang='lat' dir='ltr'><strong>ricus</strong></span> <span class='ocrx_word' id='word_1_471' title='bbox 403 3282 584 3339; x_wconf 88' lang='lat' dir='ltr'><strong>abbas</strong></span> <span class='ocrx_word' id='word_1_472' title='bbox 610 3297 806 3338; x_wconf 87' lang='lat' dir='ltr'><strong>secum</strong></span> <span class='ocrx_word' id='word_1_473' title='bbox 837 3283 1113 3338; x_wconf 92' lang='lat' dir='ltr'><strong>eductum</strong></span> <span class='ocrx_word' id='word_1_474' title='bbox 1152 3282 1405 3338; x_wconf 86' lang='lat' dir='ltr'><strong>Lauduni</strong></span> <span class='ocrx_word' id='word_1_475' title='bbox 1463 3282 1856 3353; x_wconf 89' lang='lat' dir='ltr'><strong>commiserat,</strong></span> 
     </span>
    </p>
   </div>
   <div class='ocr_carea' id='block_1_68' title="bbox 216 3369 1861 3442">
    <p class='ocr_par' dir='ltr' id='par_1_68' title="bbox 216 3369 1861 3442">
     <span class='ocr_line' id='line_1_69' title="bbox 216 3369 1861 3442; baseline -0.002 -14"><span class='ocrx_word' id='word_1_476' title='bbox 216 3371 381 3442; x_wconf 88' lang='lat' dir='ltr'><strong>quasi</strong></span> <span class='ocrx_word' id='word_1_477' title='bbox 416 3370 483 3426; x_wconf 90' lang='lat' dir='ltr'><strong>ad</strong></span> <span class='ocrx_word' id='word_1_478' title='bbox 520 3371 998 3427; x_wconf 80' lang='lat' dir='ltr'><strong>satisfaciendum</strong></span> <span class='ocrx_word' id='word_1_479' title='bbox 1020 3370 1426 3441; x_wconf 91' lang='lat' dir='ltr'><strong>episcopo,qui</strong></span> <span class='ocrx_word' id='word_1_480' title='bbox 1449 3369 1755 3425; x_wconf 86' lang='lat' dir='ltr'><strong>videbatur</strong></span> <span class='ocrx_word' id='word_1_481' title='bbox 1780 3372 1861 3425; x_wconf 93' lang='lat' dir='ltr'><strong>in-</strong></span> 
     </span>
    </p>
   </div>
   <div class='ocr_carea' id='block_1_69' title="bbox 208 3458 1860 3531">
    <p class='ocr_par' dir='ltr' id='par_1_69' title="bbox 208 3458 1860 3531">
     <span class='ocr_line' id='line_1_70' title="bbox 208 3458 1860 3531; baseline 0 -15"><span class='ocrx_word' id='word_1_482' title='bbox 208 3458 472 3530; x_wconf 89' lang='lat' dir='ltr'><strong>juriosus</strong></span> <span class='ocrx_word' id='word_1_483' title='bbox 506 3474 609 3531; x_wconf 88' lang='lat' dir='ltr'><strong>pro</strong></span> <span class='ocrx_word' id='word_1_484' title='bbox 633 3461 812 3516; x_wconf 91' lang='lat' dir='ltr'><strong>verbo</strong></span> <span class='ocrx_word' id='word_1_485' title='bbox 841 3460 1117 3530; x_wconf 89' lang='lat' dir='ltr'><strong>superius</strong></span> <span class='ocrx_word' id='word_1_486' title='bbox 1148 3459 1439 3515; x_wconf 88' lang='lat' dir='ltr'><strong>incautius</strong></span> <span class='ocrx_word' id='word_1_487' title='bbox 1486 3459 1542 3514; x_wconf 91' lang='lat' dir='ltr'><strong>in</strong></span> <span class='ocrx_word' id='word_1_488' title='bbox 1575 3472 1704 3515; x_wconf 91' lang='lat' dir='ltr'><strong>eum</strong></span> <span class='ocrx_word' id='word_1_489' title='bbox 1732 3474 1860 3530; x_wconf 91' lang='lat' dir='ltr'><strong>pro-</strong></span> 
     </span>
    </p>
   </div>
   <div class='ocr_carea' id='block_1_70' title="bbox 215 3546 1857 3620">
    <p class='ocr_par' dir='ltr' id='par_1_70' title="bbox 215 3546 1857 3620">
     <span class='ocr_line' id='line_1_71' title="bbox 215 3546 1857 3620; baseline 0.001 -17"><span class='ocrx_word' id='word_1_490' title='bbox 215 3547 357 3605; x_wconf 91' lang='lat' dir='ltr'><strong>lato.</strong></span> <span class='ocrx_word' id='word_1_491' title='bbox 392 3549 458 3604; x_wconf 88' lang='lat' dir='ltr'><strong>Et</strong></span> <span class='ocrx_word' id='word_1_492' title='bbox 493 3546 934 3620; x_wconf 82' lang='lat' dir='ltr'><strong>indignantibus</strong></span> <span class='ocrx_word' id='word_1_493' title='bbox 963 3547 1108 3604; x_wconf 88' lang='lat' dir='ltr'><strong>adve</strong></span> <span class='ocrx_word' id='word_1_494' title='bbox 1147 3563 1248 3604; x_wconf 90' lang='lat' dir='ltr'><strong>sus</strong></span> <span class='ocrx_word' id='word_1_495' title='bbox 1314 3562 1442 3604; x_wconf 91' lang='lat' dir='ltr'><strong>eum</strong></span> <span class='ocrx_word' id='word_1_496' title='bbox 1505 3548 1857 3619; x_wconf 87' lang='lat' dir='ltr'><strong>quibusque,</strong></span> 
     </span>
    </p>
   </div>
   <div class='ocr_carea' id='block_1_71' title="bbox 216 3636 1862 3707">
    <p class='ocr_par' dir='ltr' id='par_1_71' title="bbox 216 3636 1862 3707">
     <span class='ocr_line' id='line_1_72' title="bbox 216 3636 1862 3707; baseline -0.001 -14"><span class='ocrx_word' id='word_1_497' title='bbox 216 3637 471 3693; x_wconf 89' lang='lat' dir='ltr'><strong>amarius</strong></span> <span class='ocrx_word' id='word_1_498' title='bbox 505 3652 642 3693; x_wconf 91' lang='lat' dir='ltr'><strong>vero</strong></span> <span class='ocrx_word' id='word_1_499' title='bbox 674 3638 978 3693; x_wconf 87' lang='lat' dir='ltr'><strong>Lamberto</strong></span> <span class='ocrx_word' id='word_1_500' title='bbox 1018 3638 1252 3707; x_wconf 88' lang='lat' dir='ltr'><strong>majore,</strong></span> <span class='ocrx_word' id='word_1_501' title='bbox 1317 3636 1468 3707; x_wconf 91' lang='lat' dir='ltr'><strong>quod</strong></span> <span class='ocrx_word' id='word_1_502' title='bbox 1503 3637 1667 3705; x_wconf 91' lang='lat' dir='ltr'><strong>quasi</strong></span> <span class='ocrx_word' id='word_1_503' title='bbox 1705 3637 1862 3692; x_wconf 90' lang='lat' dir='ltr'><strong>illius</strong></span> 
     </span>
    </p>
   </div>
   <div class='ocr_carea' id='block_1_72' title="bbox 218 3725 1863 3797">
    <p class='ocr_par' dir='ltr' id='par_1_72' title="bbox 218 3725 1863 3797">
     <span class='ocr_line' id='line_1_73' title="bbox 218 3725 1863 3797; baseline -0.001 -16"><span class='ocrx_word' id='word_1_504' title='bbox 218 3725 540 3796; x_wconf 90' lang='lat' dir='ltr'><strong>improvida</strong></span> <span class='ocrx_word' id='word_1_505' title='bbox 566 3726 946 3797; x_wconf 84' lang='lat' dir='ltr'><strong>simplicitate</strong></span> <span class='ocrx_word' id='word_1_506' title='bbox 984 3725 1313 3795; x_wconf 88' lang='lat' dir='ltr'><strong>hujusmodi</strong></span> <span class='ocrx_word' id='word_1_507' title='bbox 1375 3726 1682 3794; x_wconf 86' lang='lat' dir='ltr'><strong>dampnum</strong></span> <span class='ocrx_word' id='word_1_508' title='bbox 1737 3739 1863 3780; x_wconf 89' lang='lat' dir='ltr'><strong>eve-</strong></span> 
     </span>
    </p>
   </div>
   <div class='ocr_carea' id='block_1_73' title="bbox 220 3812 1864 3879">
    <p class='ocr_par' dir='ltr' id='par_1_73' title="bbox 220 3812 1864 3879">
     <span class='ocr_line' id='line_1_74' title="bbox 220 3812 1864 3879; baseline -0.002 -9"><span class='ocrx_word' id='word_1_509' title='bbox 220 3813 403 3870; x_wconf 90' lang='lat' dir='ltr'><strong>nisset</strong></span> <span class='ocrx_word' id='word_1_510' title='bbox 433 3813 718 3879; x_wconf 55' lang='lat' dir='ltr'><strong>ecclesiae,</strong></span> <span class='ocrx_word' id='word_1_511' title='bbox 745 3818 805 3870; x_wconf 92' lang='lat' dir='ltr'><strong>ut</strong></span> <span class='ocrx_word' id='word_1_512' title='bbox 838 3813 1310 3870; x_wconf 72' lang='lat' dir='ltr'><strong>“emolumentis</strong></span> <span class='ocrx_word' id='word_1_513' title='bbox 1334 3813 1592 3869; x_wconf 91' lang='lat' dir='ltr'><strong>nutritus</strong></span> <span class='ocrx_word' id='word_1_514' title='bbox 1608 3812 1864 3869; x_wconf 87' lang='lat' dir='ltr'><strong>deservi-</strong></span> 
     </span>
    </p>
   </div>
   <div class='ocr_carea' id='block_1_74' title="bbox 220 3899 1863 3973">
    <p class='ocr_par' dir='ltr' id='par_1_74' title="bbox 220 3899 1863 3973">
     <span class='ocr_line' id='line_1_75' title="bbox 220 3899 1863 3973; baseline -0.002 -14"><span class='ocrx_word' id='word_1_515' title='bbox 220 3907 311 3959; x_wconf 91' lang='lat' dir='ltr'><strong>ret</strong></span> <span class='ocrx_word' id='word_1_516' title='bbox 342 3901 550 3959; x_wconf 91' lang='lat' dir='ltr'><strong>alienis</strong></span> <span class='ocrx_word' id='word_1_517' title='bbox 582 3902 964 3971; x_wconf 87' lang='lat' dir='ltr'><strong>utilitatibus,</strong></span> <span class='ocrx_word' id='word_1_518' title='bbox 999 3901 1182 3973; x_wconf 70' lang='lat' dir='ltr'><strong>cmpit</strong></span> <span class='ocrx_word' id='word_1_519' title='bbox 1213 3915 1407 3957; x_wconf 91' lang='lat' dir='ltr'><strong>secum</strong></span> <span class='ocrx_word' id='word_1_520' title='bbox 1434 3899 1760 3959; x_wconf 81' lang='lat' dir='ltr'><strong>deliberare</strong></span> <span class='ocrx_word' id='word_1_521' title='bbox 1793 3915 1863 3956; x_wconf 89' lang='lat' dir='ltr'><strong>an</strong></span> 
     </span>
    </p>
   </div>
   <div class='ocr_carea' id='block_1_75' title="bbox 219 3989 1862 4063">
    <p class='ocr_par' dir='ltr' id='par_1_75' title="bbox 219 3989 1862 4063">
     <span class='ocr_line' id='line_1_76' title="bbox 219 3989 1862 4063; baseline -0.003 -15"><span class='ocrx_word' id='word_1_522' title='bbox 219 3991 554 4063; x_wconf 89' lang='lat' dir='ltr'><strong>depositum</strong></span> <span class='ocrx_word' id='word_1_523' title='bbox 589 3990 942 4047; x_wconf 81' lang='lat' dir='ltr'><strong>Adalberoni</strong></span> <span class='ocrx_word' id='word_1_524' title='bbox 967 3990 1286 4045; x_wconf 78' lang='lat' dir='ltr'><strong>remandar.</strong></span> <span class='ocrx_word' id='word_1_525' title='bbox 1310 3992 1430 4058; x_wconf 89' lang='lat' dir='ltr'><strong>t,an</strong></span> <span class='ocrx_word' id='word_1_526' title='bbox 1460 4002 1561 4060; x_wconf 92' lang='lat' dir='ltr'><strong>per</strong></span> <span class='ocrx_word' id='word_1_527' title='bbox 1594 4004 1653 4045; x_wconf 91' lang='lat' dir='ltr'><strong>se</strong></span> <span class='ocrx_word' id='word_1_528' title='bbox 1678 3989 1862 4060; x_wconf 86' lang='lat' dir='ltr'><strong>ipsum</strong></span> 
     </span>
    </p>
   </div>
   <div class='ocr_carea' id='block_1_76' title="bbox 218 4078 1864 4149">
    <p class='ocr_par' dir='ltr' id='par_1_76' title="bbox 218 4078 1864 4149">
     <span class='ocr_line' id='line_1_77' title="bbox 218 4078 1864 4149; baseline -0.001 -14"><span class='ocrx_word' id='word_1_529' title='bbox 218 4080 590 4137; x_wconf 89' lang='lat' dir='ltr'><strong>Lambertum</strong></span> <span class='ocrx_word' id='word_1_530' title='bbox 643 4079 992 4149; x_wconf 89' lang='lat' dir='ltr'><strong>requireret.</strong></span> <span class='ocrx_word' id='word_1_531' title='bbox 1029 4078 1529 4134; x_wconf 89' lang='lat' dir='ltr'><strong>lmminebatvero</strong></span> <span class='ocrx_word' id='word_1_532' title='bbox 1572 4078 1864 4134; x_wconf 88' lang='lat' dir='ltr'><strong>dedicatio</strong></span> 
     </span>
    </p>
   </div>
   <div class='ocr_carea' id='block_1_77' title="bbox 218 4166 1862 4238">
    <p class='ocr_par' dir='ltr' id='par_1_77' title="bbox 218 4166 1862 4238">
     <span class='ocr_line' id='line_1_78' title="bbox 218 4166 1862 4238; baseline -0.004 -12"><span class='ocrx_word' id='word_1_533' title='bbox 218 4168 486 4226; x_wconf 64' lang='lat' dir='ltr'><strong>ecclesiae</strong></span> <span class='ocrx_word' id='word_1_534' title='bbox 518 4169 1033 4238; x_wconf 75' lang='lat' dir='ltr'><strong>Ebernensis,qu:e</strong></span> <span class='ocrx_word' id='word_1_535' title='bbox 1060 4171 1150 4223; x_wconf 90' lang='lat' dir='ltr'><strong>est</strong></span> <span class='ocrx_word' id='word_1_536' title='bbox 1186 4167 1242 4222; x_wconf 92' lang='lat' dir='ltr'><strong>in</strong></span> <span class='ocrx_word' id='word_1_537' title='bbox 1280 4166 1373 4223; x_wconf 93' lang='lat' dir='ltr'><strong>die</strong></span> <span class='ocrx_word' id='word_1_538' title='bbox 1395 4166 1581 4223; x_wconf 89' lang='lat' dir='ltr'><strong>sancti</strong></span> <span class='ocrx_word' id='word_1_539' title='bbox 1615 4167 1862 4237; x_wconf 80' lang='lat' dir='ltr'><strong>Martini,</strong></span> 
     </span>
    </p>
   </div>
   <div class='ocr_carea' id='block_1_78' title="bbox 220 4256 1864 4329">
    <p class='ocr_par' dir='ltr' id='par_1_78' title="bbox 220 4256 1864 4329">
     <span class='ocr_line' id='line_1_79' title="bbox 220 4256 1864 4329; baseline -0.002 -15"><span class='ocrx_word' id='word_1_540' title='bbox 220 4257 440 4329; x_wconf 89' lang='lat' dir='ltr'><strong>illoque</strong></span> <span class='ocrx_word' id='word_1_541' title='bbox 471 4257 653 4314; x_wconf 88' lang='lat' dir='ltr'><strong>abbas</strong></span> <span class='ocrx_word' id='word_1_542' title='bbox 676 4256 917 4313; x_wconf 90' lang='lat' dir='ltr'><strong>veniens</strong></span> <span class='ocrx_word' id='word_1_543' title='bbox 949 4257 1242 4313; x_wconf 87' lang='lat' dir='ltr'><strong>mandavit</strong></span> <span class='ocrx_word' id='word_1_544' title='bbox 1282 4256 1585 4312; x_wconf 86' lang='lat' dir='ltr'><strong>Lamberto</strong></span> <span class='ocrx_word' id='word_1_545' title='bbox 1639 4260 1700 4311; x_wconf 93' lang='lat' dir='ltr'><strong>ut</strong></span> <span class='ocrx_word' id='word_1_546' title='bbox 1755 4256 1864 4311; x_wconf 91' lang='lat' dir='ltr'><strong>sibi</strong></span> 
     </span>
    </p>
   </div>
   <div class='ocr_carea' id='block_1_79' title="bbox 222 4344 1869 4416">
    <p class='ocr_par' dir='ltr' id='par_1_79' title="bbox 222 4344 1869 4416">
     <span class='ocr_line' id='line_1_80' title="bbox 222 4344 1869 4416; baseline -0.003 -12"><span class='ocrx_word' id='word_1_547' title='bbox 222 4352 591 4404; x_wconf 89' lang='lat' dir='ltr'><strong>occurreret.</strong></span> <span class='ocrx_word' id='word_1_548' title='bbox 630 4346 750 4416; x_wconf 85' lang='lat' dir='ltr'><strong>Ille,</strong></span> <span class='ocrx_word' id='word_1_549' title='bbox 769 4346 969 4402; x_wconf 88' lang='lat' dir='ltr'><strong>audito</strong></span> <span class='ocrx_word' id='word_1_550' title='bbox 995 4346 1268 4402; x_wconf 87' lang='lat' dir='ltr'><strong>mandato</strong></span> <span class='ocrx_word' id='word_1_551' title='bbox 1282 4345 1420 4401; x_wconf 90' lang='lat' dir='ltr'><strong>hora</strong></span> <span class='ocrx_word' id='word_1_552' title='bbox 1447 4344 1644 4414; x_wconf 90' lang='lat' dir='ltr'><strong>tertia,</strong></span> <span class='ocrx_word' id='word_1_553' title='bbox 1665 4359 1869 4401; x_wconf 91' lang='lat' dir='ltr'><strong>occur-</strong></span> 
     </span>
    </p>
   </div>
   <div class='ocr_carea' id='block_1_80' title="bbox 1972 3188 3607 3262">
    <p class='ocr_par' dir='ltr' id='par_1_80' title="bbox 1972 3188 3607 3262">
     <span class='ocr_line' id='line_1_81' title="bbox 1972 3188 3607 3262; baseline 0.002 -13"><span class='ocrx_word' id='word_1_554' title='bbox 1972 3193 2209 3249; x_wconf 85' lang='lat' dir='ltr'><strong>dinibus</strong></span> <span class='ocrx_word' id='word_1_555' title='bbox 2232 3190 2476 3259; x_wconf 81' lang='lat' dir='ltr'><strong>exactis,</strong></span> <span class='ocrx_word' id='word_1_556' title='bbox 2495 3188 2768 3245; x_wconf 87' lang='lat' dir='ltr'><strong>Leodium</strong></span> <span class='ocrx_word' id='word_1_557' title='bbox 2788 3189 3187 3246; x_wconf 67' lang='lat' dir='ltr'><strong>rediit.Abbas</strong></span> <span class='ocrx_word' id='word_1_558' title='bbox 3212 3205 3348 3247; x_wconf 89' lang='lat' dir='ltr'><strong>vero</strong></span> <span class='ocrx_word' id='word_1_559' title='bbox 3367 3194 3482 3262; x_wconf 87' lang='lat' dir='ltr'><strong>jam</strong></span> <span class='ocrx_word' id='word_1_560' title='bbox 3508 3195 3607 3253; x_wconf 89' lang='lat' dir='ltr'><strong>diu</strong></span> 
     </span>
    </p>
   </div>
   <div class='ocr_carea' id='block_1_81' title="bbox 1970 3278 3614 3353">
    <p class='ocr_par' dir='ltr' id='par_1_81' title="bbox 1970 3278 3614 3353">
     <span class='ocr_line' id='line_1_82' title="bbox 1970 3278 3614 3353; baseline 0.001 -14"><span class='ocrx_word' id='word_1_561' title='bbox 1970 3294 2292 3353; x_wconf 87' lang='lat' dir='ltr'><strong>suspensus</strong></span> <span class='ocrx_word' id='word_1_562' title='bbox 2321 3279 2392 3335; x_wconf 90' lang='lat' dir='ltr'><strong>dc</strong></span> <span class='ocrx_word' id='word_1_563' title='bbox 2433 3278 2819 3350; x_wconf 88' lang='lat' dir='ltr'><strong>promissione</strong></span> <span class='ocrx_word' id='word_1_564' title='bbox 2848 3292 2959 3347; x_wconf 88' lang='lat' dir='ltr'><strong>qua</strong></span> <span class='ocrx_word' id='word_1_565' title='bbox 3001 3279 3316 3351; x_wconf 83' lang='lat' dir='ltr'><strong>episcOpus</strong></span> <span class='ocrx_word' id='word_1_566' title='bbox 3362 3283 3614 3341; x_wconf 86' lang='lat' dir='ltr'><strong>deicien-</strong></span> 
     </span>
    </p>
   </div>
   <div class='ocr_carea' id='block_1_82' title="bbox 1970 3366 3615 3445">
    <p class='ocr_par' dir='ltr' id='par_1_82' title="bbox 1970 3366 3615 3445">
     <span class='ocr_line' id='line_1_83' title="bbox 1970 3366 3615 3445; baseline -0.003 -17"><span class='ocrx_word' id='word_1_567' title='bbox 1970 3371 2105 3428; x_wconf 90' lang='lat' dir='ltr'><strong>dum</strong></span> <span class='ocrx_word' id='word_1_568' title='bbox 2138 3374 2397 3427; x_wconf 88' lang='lat' dir='ltr'><strong>castrum</strong></span> <span class='ocrx_word' id='word_1_569' title='bbox 2420 3367 2768 3425; x_wconf 82' lang='lat' dir='ltr'><strong>condixerat</strong></span> <span class='ocrx_word' id='word_1_570' title='bbox 2798 3366 2904 3437; x_wconf 89' lang='lat' dir='ltr'><strong>illi,</strong></span> <span class='ocrx_word' id='word_1_571' title='bbox 2939 3373 2999 3423; x_wconf 90' lang='lat' dir='ltr'><strong>ut</strong></span> <span class='ocrx_word' id='word_1_572' title='bbox 3028 3368 3142 3439; x_wconf 86' lang='lat' dir='ltr'><strong>jam</strong></span> <span class='ocrx_word' id='word_1_573' title='bbox 3179 3370 3409 3426; x_wconf 85' lang='lat' dir='ltr'><strong>tandem</strong></span> <span class='ocrx_word' id='word_1_574' title='bbox 3442 3387 3615 3445; x_wconf 83' lang='lat' dir='ltr'><strong>expe-</strong></span> 
     </span>
    </p>
   </div>
   <div class='ocr_carea' id='block_1_83' title="bbox 1972 3458 3614 3528">
    <p class='ocr_par' dir='ltr' id='par_1_83' title="bbox 1972 3458 3614 3528">
     <span class='ocr_line' id='line_1_84' title="bbox 1972 3458 3614 3528; baseline 0.002 -11"><span class='ocrx_word' id='word_1_575' title='bbox 1972 3462 2191 3517; x_wconf 90' lang='lat' dir='ltr'><strong>riretur</strong></span> <span class='ocrx_word' id='word_1_576' title='bbox 2213 3465 2483 3516; x_wconf 90' lang='lat' dir='ltr'><strong>eventum</strong></span> <span class='ocrx_word' id='word_1_577' title='bbox 2520 3460 2624 3527; x_wconf 92' lang='lat' dir='ltr'><strong>rei,</strong></span> <span class='ocrx_word' id='word_1_578' title='bbox 2661 3460 2978 3528; x_wconf 88' lang='lat' dir='ltr'><strong>adgressus</strong></span> <span class='ocrx_word' id='word_1_579' title='bbox 3013 3464 3105 3513; x_wconf 90' lang='lat' dir='ltr'><strong>est</strong></span> <span class='ocrx_word' id='word_1_580' title='bbox 3139 3458 3297 3515; x_wconf 90' lang='lat' dir='ltr'><strong>illum</strong></span> <span class='ocrx_word' id='word_1_581' title='bbox 3344 3460 3614 3520; x_wconf 87' lang='lat' dir='ltr'><strong>Leodium</strong></span> 
     </span>
    </p>
   </div>
   <div class='ocr_carea' id='block_1_84' title="bbox 1974 3547 3616 3623">
    <p class='ocr_par' dir='ltr' id='par_1_84' title="bbox 1974 3547 3616 3623">
     <span class='ocr_line' id='line_1_85' title="bbox 1974 3547 3616 3623; baseline 0.001 -17"><span class='ocrx_word' id='word_1_582' title='bbox 1974 3550 2271 3623; x_wconf 92' lang='lat' dir='ltr'><strong>prosequi.</strong></span> <span class='ocrx_word' id='word_1_583' title='bbox 2309 3552 2366 3604; x_wconf 83' lang='lat' dir='ltr'><strong>tn</strong></span> <span class='ocrx_word' id='word_1_584' title='bbox 2398 3552 2604 3619; x_wconf 88' lang='lat' dir='ltr'><strong>quarta</strong></span> <span class='ocrx_word' id='word_1_585' title='bbox 2634 3554 2828 3605; x_wconf 90' lang='lat' dir='ltr'><strong>autem</strong></span> <span class='ocrx_word' id='word_1_586' title='bbox 2889 3547 3029 3603; x_wconf 82' lang='lat' dir='ltr'><strong>feria</strong></span> <span class='ocrx_word' id='word_1_587' title='bbox 3067 3548 3353 3618; x_wconf 85' lang='lat' dir='ltr'><strong>paschalis</strong></span> <span class='ocrx_word' id='word_1_588' title='bbox 3403 3552 3616 3609; x_wconf 91' lang='lat' dir='ltr'><strong>hebdo-</strong></span> 
     </span>
    </p>
   </div>
   <div class='ocr_carea' id='block_1_85' title="bbox 1973 3636 3615 3708">
    <p class='ocr_par' dir='ltr' id='par_1_85' title="bbox 1973 3636 3615 3708">
     <span class='ocr_line' id='line_1_86' title="bbox 1973 3636 3615 3708; baseline 0.002 -13"><span class='ocrx_word' id='word_1_589' title='bbox 1973 3642 2158 3697; x_wconf 62' lang='lat' dir='ltr'><strong>madas</strong></span> <span class='ocrx_word' id='word_1_590' title='bbox 2190 3639 2330 3695; x_wconf 90' lang='lat' dir='ltr'><strong>hora</strong></span> <span class='ocrx_word' id='word_1_591' title='bbox 2363 3640 2484 3695; x_wconf 83' lang='lat' dir='ltr'><strong>fere</strong></span> <span class='ocrx_word' id='word_1_592' title='bbox 2509 3637 2678 3693; x_wconf 91' lang='lat' dir='ltr'><strong>tertia</strong></span> <span class='ocrx_word' id='word_1_593' title='bbox 2714 3636 2949 3693; x_wconf 89' lang='lat' dir='ltr'><strong>veniens</strong></span> <span class='ocrx_word' id='word_1_594' title='bbox 2995 3638 3300 3708; x_wconf 87' lang='lat' dir='ltr'><strong>&#39;l‘ieletum,</strong></span> <span class='ocrx_word' id='word_1_595' title='bbox 3332 3641 3551 3697; x_wconf 86' lang='lat' dir='ltr'><strong>audivit</strong></span> <span class='ocrx_word' id='word_1_596' title='bbox 3584 3657 3615 3698; x_wconf 93' lang='lat' dir='ltr'><strong>a</strong></span> 
     </span>
    </p>
   </div>
   <div class='ocr_carea' id='block_1_86' title="bbox 1974 3726 3617 3799">
    <p class='ocr_par' dir='ltr' id='par_1_86' title="bbox 1974 3726 3617 3799">
     <span class='ocr_line' id='line_1_87' title="bbox 1974 3726 3617 3799; baseline 0.002 -15"><span class='ocrx_word' id='word_1_597' title='bbox 1974 3728 2094 3784; x_wconf 88' lang='lat' dir='ltr'><strong>suis</strong></span> <span class='ocrx_word' id='word_1_598' title='bbox 2128 3727 2325 3784; x_wconf 82' lang='lat' dir='ltr'><strong>Serani</strong></span> <span class='ocrx_word' id='word_1_599' title='bbox 2357 3726 2507 3798; x_wconf 74' lang='lat'><strong>(126)</strong></span> <span class='ocrx_word' id='word_1_600' title='bbox 2531 3740 2665 3783; x_wconf 76' lang='lat' dir='ltr'><strong>esse</strong></span> <span class='ocrx_word' id='word_1_601' title='bbox 2697 3726 3057 3797; x_wconf 89' lang='lat' dir='ltr'><strong>episcopum,</strong></span> <span class='ocrx_word' id='word_1_602' title='bbox 3093 3740 3453 3799; x_wconf 82' lang='lat' dir='ltr'><strong>ascensaque</strong></span> <span class='ocrx_word' id='word_1_603' title='bbox 3486 3731 3617 3787; x_wconf 90' lang='lat' dir='ltr'><strong>navi</strong></span> 
     </span>
    </p>
   </div>
   <div class='ocr_carea' id='block_1_87' title="bbox 1976 3815 3619 3886">
    <p class='ocr_par' dir='ltr' id='par_1_87' title="bbox 1976 3815 3619 3886">
     <span class='ocr_line' id='line_1_88' title="bbox 1976 3815 3619 3886; baseline 0.002 -15"><span class='ocrx_word' id='word_1_604' title='bbox 1976 3817 2133 3872; x_wconf 91' lang='lat' dir='ltr'><strong>venit</strong></span> <span class='ocrx_word' id='word_1_605' title='bbox 2156 3817 2225 3870; x_wconf 87' lang='lat' dir='ltr'><strong>ad</strong></span> <span class='ocrx_word' id='word_1_606' title='bbox 2255 3831 2414 3872; x_wconf 88' lang='lat' dir='ltr'><strong>eum.</strong></span> <span class='ocrx_word' id='word_1_607' title='bbox 2490 3815 2814 3885; x_wconf 87' lang='lat' dir='ltr'><strong>Episcopus</strong></span> <span class='ocrx_word' id='word_1_608' title='bbox 2840 3818 2908 3870; x_wconf 89' lang='lat' dir='ltr'><strong>ad</strong></span> <span class='ocrx_word' id='word_1_609' title='bbox 2936 3816 3171 3886; x_wconf 77' lang='lat' dir='ltr'><strong>podium</strong></span> <span class='ocrx_word' id='word_1_610' title='bbox 3221 3832 3387 3873; x_wconf 90' lang='lat' dir='ltr'><strong>suum</strong></span> <span class='ocrx_word' id='word_1_611' title='bbox 3429 3819 3619 3875; x_wconf 88' lang='lat' dir='ltr'><strong>consi-</strong></span> 
     </span>
    </p>
   </div>
   <div class='ocr_carea' id='block_1_88' title="bbox 1977 3902 3618 3974">
    <p class='ocr_par' dir='ltr' id='par_1_88' title="bbox 1977 3902 3618 3974">
     <span class='ocr_line' id='line_1_89' title="bbox 1977 3902 3618 3974; baseline 0.002 -14"><span class='ocrx_word' id='word_1_612' title='bbox 1977 3907 2162 3972; x_wconf 87' lang='lat' dir='ltr'><strong>stens,</strong></span> <span class='ocrx_word' id='word_1_613' title='bbox 2198 3902 2456 3972; x_wconf 85' lang='lat' dir='ltr'><strong>delonge</strong></span> <span class='ocrx_word' id='word_1_614' title='bbox 2488 3902 2827 3970; x_wconf 83' lang='lat' dir='ltr'><strong>recognovit</strong></span> <span class='ocrx_word' id='word_1_615' title='bbox 2863 3903 3188 3957; x_wconf 89' lang='lat' dir='ltr'><strong>venientem</strong></span> <span class='ocrx_word' id='word_1_616' title='bbox 3211 3904 3482 3967; x_wconf 87' lang='lat' dir='ltr'><strong>;cuicum</strong></span> <span class='ocrx_word' id='word_1_617' title='bbox 3500 3906 3618 3974; x_wconf 86' lang='lat' dir='ltr'><strong>jam</strong></span> 
     </span>
    </p>
   </div>
   <div class='ocr_carea' id='block_1_89' title="bbox 1978 3982 3621 4063">
    <p class='ocr_par' dir='ltr' id='par_1_89' title="bbox 1978 3982 3621 4063">
     <span class='ocr_line' id='line_1_90' title="bbox 1978 3982 3621 4063; baseline 0.002 -16"><span class='ocrx_word' id='word_1_618' title='bbox 1978 3992 2120 4063; x_wconf 62' lang='lat' dir='ltr'><strong>ripae</strong></span> <span class='ocrx_word' id='word_1_619' title='bbox 2152 3990 2447 4047; x_wconf 77' lang='lat' dir='ltr'><strong>adlabenti</strong></span> <span class='ocrx_word' id='word_1_620' title='bbox 2474 3989 2662 4061; x_wconf 88' lang='lat' dir='ltr'><strong>gratia</strong></span> <span class='ocrx_word' id='word_1_621' title='bbox 2695 3982 3438 4048; x_wconf 68' lang='lat' dir='ltr'><strong>salutationisinclamaret:</strong></span> <span class='ocrx_word' id='word_1_622' title='bbox 3471 3995 3621 4050; x_wconf 84' lang='lat' dir='ltr'><strong>Sur-</strong></span> 
     </span>
    </p>
   </div>
   <div class='ocr_carea' id='block_1_90' title="bbox 1974 4078 3625 4152">
    <p class='ocr_par' dir='ltr' id='par_1_90' title="bbox 1974 4078 3625 4152">
     <span class='ocr_line' id='line_1_91' title="bbox 1974 4078 3625 4152; baseline 0.001 -15"><span class='ocrx_word' id='word_1_623' title='bbox 1974 4081 2142 4137; x_wconf 69' lang='lat' dir='ltr'><strong>rexit</strong></span> <span class='ocrx_word' id='word_1_624' title='bbox 2159 4079 2450 4136; x_wconf 79' lang='lat' dir='ltr'><strong>Dominus</strong></span> <span class='ocrx_word' id='word_1_625' title='bbox 2463 4092 2614 4149; x_wconf 79' lang='lat' dir='ltr'><strong>cere,</strong></span> <span class='ocrx_word' id='word_1_626' title='bbox 2631 4079 2811 4135; x_wconf 89' lang='lat' dir='ltr'><strong>abbas</strong></span> <span class='ocrx_word' id='word_1_627' title='bbox 2824 4078 2874 4134; x_wconf 90' lang='lat' dir='ltr'><strong>ei</strong></span> <span class='ocrx_word' id='word_1_628' title='bbox 2902 4080 3225 4150; x_wconf 85' lang='lat' dir='ltr'><strong>respondit:</strong></span> <span class='ocrx_word' id='word_1_629' title='bbox 3244 4081 3625 4152; x_wconf 76' lang='lat' dir='ltr'><strong>b’tappareat</strong></span> 
     </span>
    </p>
   </div>
   <div class='ocr_carea' id='block_1_91' title="bbox 1976 4167 3618 4241">
    <p class='ocr_par' dir='ltr' id='par_1_91' title="bbox 1976 4167 3618 4241">
     <span class='ocr_line' id='line_1_92' title="bbox 1976 4167 3618 4241; baseline 0.001 -15"><span class='ocrx_word' id='word_1_630' title='bbox 1976 4168 2367 4227; x_wconf 65' lang='lat' dir='ltr'><strong>Henrico/cod</strong></span> <span class='ocrx_word' id='word_1_631' title='bbox 2395 4183 2442 4225; x_wconf 84' lang='lat' dir='ltr'><strong>c.</strong></span> <span class='ocrx_word' id='word_1_632' title='bbox 2478 4168 2656 4234; x_wconf 87' lang='lat' dir='ltr'><strong>Quem</strong></span> <span class='ocrx_word' id='word_1_633' title='bbox 2679 4167 2991 4240; x_wconf 84' lang='lat' dir='ltr'><strong>episcopus</strong></span> <span class='ocrx_word' id='word_1_634' title='bbox 3035 4169 3280 4238; x_wconf 80' lang='lat' dir='ltr'><strong>benigne</strong></span> <span class='ocrx_word' id='word_1_635' title='bbox 3309 4176 3618 4241; x_wconf 87' lang='lat' dir='ltr'><strong>exceptum</strong></span> 
     </span>
    </p>
   </div>
   <div class='ocr_carea' id='block_1_92' title="bbox 1978 4256 3620 4331">
    <p class='ocr_par' dir='ltr' id='par_1_92' title="bbox 1978 4256 3620 4331">
     <span class='ocr_line' id='line_1_93' title="bbox 1978 4256 3620 4331; baseline 0.001 -17"><span class='ocrx_word' id='word_1_636' title='bbox 1978 4258 2373 4315; x_wconf 74' lang='lat' dir='ltr'><strong>introluxitin</strong></span> <span class='ocrx_word' id='word_1_637' title='bbox 2390 4256 2673 4330; x_wconf 89' lang='lat' dir='ltr'><strong>capellam</strong></span> <span class='ocrx_word' id='word_1_638' title='bbox 2697 4271 2866 4328; x_wconf 88' lang='lat' dir='ltr'><strong>quam</strong></span> <span class='ocrx_word' id='word_1_639' title='bbox 2891 4257 3037 4313; x_wconf 87' lang='lat' dir='ltr'><strong>satis</strong></span> <span class='ocrx_word' id='word_1_640' title='bbox 3060 4256 3359 4328; x_wconf 74' lang='lat' dir='ltr'><strong>eleganter</strong></span> <span class='ocrx_word' id='word_1_641' title='bbox 3389 4259 3516 4331; x_wconf 92' lang='lat' dir='ltr'><strong>ipse</strong></span> <span class='ocrx_word' id='word_1_642' title='bbox 3541 4260 3620 4317; x_wconf 91' lang='lat' dir='ltr'><strong>ibi</strong></span> 
     </span>
    </p>
   </div>
   <div class='ocr_carea' id='block_1_93' title="bbox 1979 4347 3622 4421">
    <p class='ocr_par' dir='ltr' id='par_1_93' title="bbox 1979 4347 3622 4421">
     <span class='ocr_line' id='line_1_94' title="bbox 1979 4347 3622 4421; baseline 0.001 -17"><span class='ocrx_word' id='word_1_643' title='bbox 1979 4347 2342 4417; x_wconf 87' lang='lat' dir='ltr'><strong>condiderat,</strong></span> <span class='ocrx_word' id='word_1_644' title='bbox 2364 4347 2645 4403; x_wconf 89' lang='lat' dir='ltr'><strong>neminem</strong></span> <span class='ocrx_word' id='word_1_645' title='bbox 2680 4348 3319 4418; x_wconf 71' lang='lat' dir='ltr'><strong>mactet-Theodericum</strong></span> <span class='ocrx_word' id='word_1_646' title='bbox 3344 4350 3622 4421; x_wconf 69' lang='lat' dir='ltr'><strong>przeposi-</strong></span> 
     </span>
    </p>
   </div>
   <div class='ocr_carea' id='block_1_94' title="bbox 221 4433 3620 4527">
    <p class='ocr_par' dir='ltr' id='par_1_94' title="bbox 221 4433 3620 4527">
     <span class='ocr_line' id='line_1_95' title="bbox 221 4433 3620 4527; baseline 0.001 -35"><span class='ocrx_word' id='word_1_647' title='bbox 221 4436 301 4492; x_wconf 88' lang='lat' dir='ltr'><strong>rit</strong></span> <span class='ocrx_word' id='word_1_648' title='bbox 331 4436 384 4492; x_wconf 92' lang='lat' dir='ltr'><strong>ei</strong></span> <span class='ocrx_word' id='word_1_649' title='bbox 404 4452 533 4494; x_wconf 91' lang='lat' dir='ltr'><strong>cum</strong></span> <span class='ocrx_word' id='word_1_650' title='bbox 583 4435 875 4506; x_wconf 81' lang='lat' dir='ltr'><strong>legatione</strong></span> <span class='ocrx_word' id='word_1_651' title='bbox 920 4433 1183 4493; x_wconf 72' lang='lat' dir='ltr'><strong>ecclesia:</strong></span> <span class='ocrx_word' id='word_1_652' title='bbox 1207 4434 1394 4491; x_wconf 89' lang='lat' dir='ltr'><strong>sancti</strong></span> <span class='ocrx_word' id='word_1_653' title='bbox 1441 4433 1685 4505; x_wconf 82' lang='lat' dir='ltr'><strong>Remigii</strong></span> <span class='ocrx_word' id='word_1_654' title='bbox 1728 4436 1867 4490; x_wconf 90' lang='lat' dir='ltr'><strong>hora</strong></span> <span class='ocrx_word' id='word_1_655' title='bbox 1897 4465 1949 4527; x_wconf 72' lang='grc' dir='ltr'><strong>ι)</strong></span> <span class='ocrx_word' id='word_1_656' title='bbox 1980 4440 2101 4493; x_wconf 91' lang='lat' dir='ltr'><strong>tum</strong></span> <span class='ocrx_word' id='word_1_657' title='bbox 2126 4435 2514 4493; x_wconf 90' lang='lat' dir='ltr'><strong>admittensin</strong></span> <span class='ocrx_word' id='word_1_658' title='bbox 2537 4435 2861 4502; x_wconf 86' lang='lat' dir='ltr'><strong>causa.Qui</strong></span> <span class='ocrx_word' id='word_1_659' title='bbox 2886 4435 3468 4507; x_wconf 48' lang='lat' dir='ltr'><strong>sedtusaliquamdiu</strong></span> <span class='ocrx_word' id='word_1_660' title='bbox 3490 4454 3620 4496; x_wconf 88' lang='lat' dir='ltr'><strong>cum</strong></span> 
     </span>
    </p>
   </div>
   <div class='ocr_carea' id='block_1_95' title="bbox 220 4524 1867 4582">
    <p class='ocr_par' dir='ltr' id='par_1_95' title="bbox 220 4524 1867 4582">
     <span class='ocr_line' id='line_1_96' title="bbox 220 4524 1867 4582; baseline -0.001 -2"><span class='ocrx_word' id='word_1_661' title='bbox 220 4530 409 4581; x_wconf 88' lang='lat' dir='ltr'><strong>sexta.</strong></span> <span class='ocrx_word' id='word_1_662' title='bbox 444 4525 698 4582; x_wconf 64' lang='lat' dir='ltr'><strong>Laztatus</strong></span> <span class='ocrx_word' id='word_1_663' title='bbox 728 4531 818 4582; x_wconf 91' lang='lat' dir='ltr'><strong>est</strong></span> <span class='ocrx_word' id='word_1_664' title='bbox 855 4525 1035 4581; x_wconf 89' lang='lat' dir='ltr'><strong>abbas</strong></span> <span class='ocrx_word' id='word_1_665' title='bbox 1077 4531 1191 4580; x_wconf 90' lang='lat' dir='ltr'><strong>tam</strong></span> <span class='ocrx_word' id='word_1_666' title='bbox 1237 4524 1355 4581; x_wconf 90' lang='lat' dir='ltr'><strong>cito</strong></span> <span class='ocrx_word' id='word_1_667' title='bbox 1376 4524 1488 4581; x_wconf 90' lang='lat' dir='ltr'><strong>sibi</strong></span> <span class='ocrx_word' id='word_1_668' title='bbox 1537 4524 1867 4581; x_wconf 89' lang='lat' dir='ltr'><strong>occurrisse</strong></span> 
     </span>
    </p>
   </div>
   <div class='ocr_carea' id='block_1_96' title="bbox 220 4612 1870 4685">
    <p class='ocr_par' dir='ltr' id='par_1_96' title="bbox 220 4612 1870 4685">
     <span class='ocr_line' id='line_1_97' title="bbox 220 4612 1870 4685; baseline 0 -16"><span class='ocrx_word' id='word_1_669' title='bbox 220 4614 611 4681; x_wconf 88' lang='lat' dir='ltr'><strong>Lambertum,</strong></span> <span class='ocrx_word' id='word_1_670' title='bbox 644 4614 1133 4671; x_wconf 87' lang='lat' dir='ltr'><strong>erubescentibus</strong></span> <span class='ocrx_word' id='word_1_671' title='bbox 1159 4614 1505 4685; x_wconf 89' lang='lat' dir='ltr'><strong>quibusdam</strong></span> <span class='ocrx_word' id='word_1_672' title='bbox 1527 4612 1870 4685; x_wconf 88' lang='lat' dir='ltr'><strong>quiassere-</strong></span> 
     </span>
    </p>
   </div>
   <div class='ocr_carea' id='block_1_97' title="bbox 223 4702 1869 4773">
    <p class='ocr_par' dir='ltr' id='par_1_97' title="bbox 223 4702 1869 4773">
     <span class='ocr_line' id='line_1_98' title="bbox 223 4702 1869 4773; baseline -0.001 -13"><span class='ocrx_word' id='word_1_673' title='bbox 223 4703 362 4760; x_wconf 86' lang='lat' dir='ltr'><strong>bant</strong></span> <span class='ocrx_word' id='word_1_674' title='bbox 387 4702 549 4773; x_wconf 82' lang='lat' dir='ltr'><strong>quasi</strong></span> <span class='ocrx_word' id='word_1_675' title='bbox 573 4702 852 4760; x_wconf 86' lang='lat' dir='ltr'><strong>rebellem</strong></span> <span class='ocrx_word' id='word_1_676' title='bbox 875 4719 988 4760; x_wconf 93' lang='lat' dir='ltr'><strong>non</strong></span> <span class='ocrx_word' id='word_1_677' title='bbox 1008 4720 1135 4761; x_wconf 86' lang='lat' dir='ltr'><strong>esse</strong></span> <span class='ocrx_word' id='word_1_678' title='bbox 1158 4702 1597 4763; x_wconf 88' lang='lat' dir='ltr'><strong>venturum.Cui</strong></span> <span class='ocrx_word' id='word_1_679' title='bbox 1622 4718 1752 4760; x_wconf 88' lang='lat' dir='ltr'><strong>cum</strong></span> <span class='ocrx_word' id='word_1_680' title='bbox 1775 4717 1869 4759; x_wconf 90' lang='lat' dir='ltr'><strong>eo-</strong></span> 
     </span>
    </p>
   </div>
   <div class='ocr_carea' id='block_1_98' title="bbox 222 4792 1869 4864">
    <p class='ocr_par' dir='ltr' id='par_1_98' title="bbox 222 4792 1869 4864">
     <span class='ocr_line' id='line_1_99' title="bbox 222 4792 1869 4864; baseline 0.002 -16"><span class='ocrx_word' id='word_1_681' title='bbox 222 4805 344 4849; x_wconf 91' lang='lat' dir='ltr'><strong>ram</strong></span> <span class='ocrx_word' id='word_1_682' title='bbox 363 4792 648 4864; x_wconf 89' lang='lat' dir='ltr'><strong>obiceret,</strong></span> <span class='ocrx_word' id='word_1_683' title='bbox 668 4807 781 4850; x_wconf 89' lang='lat' dir='ltr'><strong>non</strong></span> <span class='ocrx_word' id='word_1_684' title='bbox 802 4793 913 4851; x_wconf 90' lang='lat' dir='ltr'><strong>hoc</strong></span> <span class='ocrx_word' id='word_1_685' title='bbox 936 4793 1243 4852; x_wconf 88' lang='lat' dir='ltr'><strong>ecclesiam</strong></span> <span class='ocrx_word' id='word_1_686' title='bbox 1264 4799 1505 4853; x_wconf 88' lang='lat' dir='ltr'><strong>matrem</strong></span> <span class='ocrx_word' id='word_1_687' title='bbox 1529 4808 1690 4853; x_wconf 88' lang='lat' dir='ltr'><strong>suam</strong></span> <span class='ocrx_word' id='word_1_688' title='bbox 1714 4796 1784 4851; x_wconf 90' lang='lat' dir='ltr'><strong>de</strong></span> <span class='ocrx_word' id='word_1_689' title='bbox 1800 4809 1869 4852; x_wconf 91' lang='lat' dir='ltr'><strong>eo</strong></span> 
     </span>
    </p>
   </div>
   <div class='ocr_carea' id='block_1_99' title="bbox 1982 4524 3622 4597">
    <p class='ocr_par' dir='ltr' id='par_1_99' title="bbox 1982 4524 3622 4597">
     <span class='ocr_line' id='line_1_100' title="bbox 1982 4524 3622 4597; baseline 0.001 -16"><span class='ocrx_word' id='word_1_690' title='bbox 1982 4524 2206 4582; x_wconf 86' lang='lat' dir='ltr'><strong>vultum</strong></span> <span class='ocrx_word' id='word_1_691' title='bbox 2230 4531 2291 4581; x_wconf 92' lang='lat' dir='ltr'><strong>et</strong></span> <span class='ocrx_word' id='word_1_692' title='bbox 2312 4540 2508 4582; x_wconf 89' lang='lat' dir='ltr'><strong>vocem</strong></span> <span class='ocrx_word' id='word_1_693' title='bbox 2534 4524 2987 4597; x_wconf 88' lang='lat' dir='ltr'><strong>suppressisset,</strong></span> <span class='ocrx_word' id='word_1_694' title='bbox 3006 4526 3209 4582; x_wconf 89' lang='lat' dir='ltr'><strong>oculos</strong></span> <span class='ocrx_word' id='word_1_695' title='bbox 3227 4525 3481 4584; x_wconf 88' lang='lat' dir='ltr'><strong>lacrimis</strong></span> <span class='ocrx_word' id='word_1_696' title='bbox 3506 4530 3622 4584; x_wconf 84' lang='lat' dir='ltr'><strong>suf-</strong></span> 
     </span>
    </p>
   </div>
   <div class='ocr_carea' id='block_1_100' title="bbox 1984 4614 3625 4681">
    <p class='ocr_par' dir='ltr' id='par_1_100' title="bbox 1984 4614 3625 4681">
     <span class='ocr_line' id='line_1_101' title="bbox 1984 4614 3625 4681; baseline 0.002 -11"><span class='ocrx_word' id='word_1_697' title='bbox 1984 4616 2147 4671; x_wconf 87' lang='lat' dir='ltr'><strong>fusos</strong></span> <span class='ocrx_word' id='word_1_698' title='bbox 2178 4614 2429 4671; x_wconf 88' lang='lat' dir='ltr'><strong>elevavit</strong></span> <span class='ocrx_word' id='word_1_699' title='bbox 2454 4614 2768 4681; x_wconf 74' lang='lat' dir='ltr'><strong>adcaelum,</strong></span> <span class='ocrx_word' id='word_1_700' title='bbox 2800 4620 3196 4671; x_wconf 90' lang='lat' dir='ltr'><strong>etconversus</strong></span> <span class='ocrx_word' id='word_1_701' title='bbox 3242 4616 3313 4671; x_wconf 92' lang='lat' dir='ltr'><strong>ad</strong></span> <span class='ocrx_word' id='word_1_702' title='bbox 3352 4617 3625 4673; x_wconf 88' lang='lat' dir='ltr'><strong>abbatem</strong></span> 
     </span>
    </p>
   </div>
   <div class='ocr_carea' id='block_1_101' title="bbox 1982 4703 3627 4777">
    <p class='ocr_par' dir='ltr' id='par_1_101' title="bbox 1982 4703 3627 4777">
     <span class='ocr_line' id='line_1_102' title="bbox 1982 4703 3627 4777; baseline 0.002 -16"><span class='ocrx_word' id='word_1_703' title='bbox 1982 4704 2147 4777; x_wconf 86' lang='lat' dir='ltr'><strong>quasi</strong></span> <span class='ocrx_word' id='word_1_704' title='bbox 2179 4704 2233 4759; x_wconf 91' lang='lat' dir='ltr'><strong>in</strong></span> <span class='ocrx_word' id='word_1_705' title='bbox 2253 4703 2456 4774; x_wconf 86' lang='lat' dir='ltr'><strong>agonia</strong></span> <span class='ocrx_word' id='word_1_706' title='bbox 2480 4704 2888 4761; x_wconf 81' lang='lat' dir='ltr'><strong>constitutum:</strong></span> <span class='ocrx_word' id='word_1_707' title='bbox 2908 4705 3071 4775; x_wconf 82' lang='lat' dir='ltr'><strong>Scio,</strong></span> <span class='ocrx_word' id='word_1_708' title='bbox 3091 4706 3295 4775; x_wconf 90' lang='lat' dir='ltr'><strong>inquit,</strong></span> <span class='ocrx_word' id='word_1_709' title='bbox 3314 4705 3627 4777; x_wconf 69' lang='lat' dir='ltr'><strong>quidqua-</strong></span> 
     </span>
    </p>
   </div>
   <div class='ocr_carea' id='block_1_102' title="bbox 1977 4792 3628 4866">
    <p class='ocr_par' dir='ltr' id='par_1_102' title="bbox 1977 4792 3628 4866">
     <span class='ocr_line' id='line_1_103' title="bbox 1977 4792 3628 4866; baseline 0.002 -16"><span class='ocrx_word' id='word_1_710' title='bbox 1977 4806 2103 4862; x_wconf 80' lang='lat' dir='ltr'><strong>ras,</strong></span> <span class='ocrx_word' id='word_1_711' title='bbox 2130 4792 2658 4865; x_wconf 63' lang='lat' dir='ltr'><strong>larissimepater,</strong></span> <span class='ocrx_word' id='word_1_712' title='bbox 2671 4793 2793 4851; x_wconf 83' lang='lat' dir='ltr'><strong>scio</strong></span> <span class='ocrx_word' id='word_1_713' title='bbox 2804 4792 3287 4866; x_wconf 73' lang='lat' dir='ltr'><strong>guiddesideras,</strong></span> <span class='ocrx_word' id='word_1_714' title='bbox 3310 4794 3533 4866; x_wconf 74' lang='lat' dir='ltr'><strong>quidve</strong></span> <span class='ocrx_word' id='word_1_715' title='bbox 3558 4793 3628 4854; x_wconf 73' lang='lat' dir='ltr'><strong>in</strong></span> 
     </span>
    </p>
   </div>
   <div class='ocr_carea' id='block_1_103' title="bbox 1565 4919 2272 4982">
    <p class='ocr_par' dir='ltr' id='par_1_103' title="bbox 1565 4919 2272 4982">
     <span class='ocr_line' id='line_1_104' title="bbox 1565 4919 2272 4982; baseline 0.004 -4"><span class='ocrx_word' id='word_1_716' title='bbox 1565 4920 1803 4979; x_wconf 68' lang='lat' dir='ltr'><strong>VARUS</strong></span> <span class='ocrx_word' id='word_1_717' title='bbox 1863 4919 2272 4982; x_wconf 86' lang='lat' dir='ltr'><strong>LECTIONES.</strong></span> 
     </span>
    </p>
   </div>
   <div class='ocr_carea' id='block_1_104' title="bbox 295 5034 1414 5111">
    <p class='ocr_par' dir='ltr' id='par_1_104' title="bbox 295 5034 1414 5111">
     <span class='ocr_line' id='line_1_105' title="bbox 295 5034 1414 5111; baseline -0.002 -16"><span class='ocrx_word' id='word_1_718' title='bbox 295 5034 343 5072; x_wconf 81' lang='grc' dir='ltr'><strong>⁸ο</strong></span> <span class='ocrx_word' id='word_1_719' title='bbox 372 5036 497 5095; x_wconf 90' lang='lat' dir='ltr'><strong>suis</strong></span> <span class='ocrx_word' id='word_1_720' title='bbox 514 5036 610 5096; x_wconf 76' lang='lat' dir='ltr'><strong>vel</strong></span> <span class='ocrx_word' id='word_1_721' title='bbox 631 5035 816 5111; x_wconf 89' lang='lat' dir='ltr'><strong>ipsius</strong></span> <span class='ocrx_word' id='word_1_722' title='bbox 832 5036 1131 5096; x_wconf 62' lang='lat' dir='ltr'><strong>excidisse</strong></span> <span class='ocrx_word' id='word_1_723' title='bbox 1151 5035 1414 5097; x_wconf 73' lang='lat' dir='ltr'><strong>videtur.</strong></span> 
     </span>
    </p>
   </div>
   <div class='ocr_carea' id='block_1_105' title="bbox 1809 5161 2041 5225">
    <p class='ocr_par' dir='ltr' id='par_1_105' title="bbox 1809 5161 2041 5225">
     <span class='ocr_line' id='line_1_106' title="bbox 1809 5161 2041 5225; baseline 0.022 -6"><span class='ocrx_word' id='word_1_724' title='bbox 1809 5161 2011 5221; x_wconf 71' lang='grc' dir='ltr'><strong>ΝΟΤᾸΞ</strong></span> <span class='ocrx_word' id='word_1_725' title='bbox 2024 5205 2041 5225; x_wconf 91' lang='grc'><strong>.</strong></span> 
     </span>
    </p>
   </div>
   <div class='ocr_carea' id='block_1_106' title="bbox 303 5276 1881 5361">
    <p class='ocr_par' dir='ltr' id='par_1_106' title="bbox 303 5276 1881 5361">
     <span class='ocr_line' id='line_1_107' title="bbox 303 5276 1881 5361; baseline 0.002 -26"><span class='ocrx_word' id='word_1_726' title='bbox 303 5279 461 5361; x_wconf 52' lang='grc'><strong>(124)</strong></span> <span class='ocrx_word' id='word_1_727' title='bbox 483 5279 548 5361; x_wconf 81' lang='lat' dir='ltr'><strong>_A.</strong></span> <span class='ocrx_word' id='word_1_728' title='bbox 571 5281 734 5361; x_wconf 63' lang='lat'><strong>1069.</strong></span> <span class='ocrx_word' id='word_1_729' title='bbox 770 5276 1146 5361; x_wconf 64' lang='lat' dir='ltr'><strong>Privilegium</strong></span> <span class='ocrx_word' id='word_1_730' title='bbox 1184 5279 1246 5336; x_wconf 92' lang='lat' dir='ltr'><strong>d.</strong></span> <span class='ocrx_word' id='word_1_731' title='bbox 1288 5276 1426 5337; x_wconf 92' lang='lat' dir='ltr'><strong>Oct.</strong></span> <span class='ocrx_word' id='word_1_732' title='bbox 1464 5284 1497 5335; x_wconf 79' lang='grc' dir='ltr'>δ</span> <span class='ocrx_word' id='word_1_733' title='bbox 1528 5279 1710 5337; x_wconf 85' lang='lat' dir='ltr'><strong>edidit</strong></span> <span class='ocrx_word' id='word_1_734' title='bbox 1739 5282 1881 5338; x_wconf 81' lang='lat' dir='ltr'><strong>Mar-</strong></span> 
     </span>
    </p>
   </div>
   <div class='ocr_carea' id='block_1_107' title="bbox 230 5346 1010 5423">
    <p class='ocr_par' dir='ltr' id='par_1_107' title="bbox 230 5346 1010 5423">
     <span class='ocr_line' id='line_1_108' title="bbox 230 5346 1010 5423; baseline 0.001 -16"><span class='ocrx_word' id='word_1_735' title='bbox 230 5346 336 5408; x_wconf 75' lang='lat' dir='ltr'><strong>lot&#39;.</strong></span> <span class='ocrx_word' id='word_1_736' title='bbox 378 5346 530 5407; x_wconf 84' lang='lat' dir='ltr'><strong>Hist.</strong></span> <span class='ocrx_word' id='word_1_737' title='bbox 571 5346 737 5408; x_wconf 78' lang='lat' dir='ltr'><strong>Rem.</strong></span> <span class='ocrx_word' id='word_1_738' title='bbox 779 5352 847 5423; x_wconf 85' lang='lat' dir='ltr'><strong>ll,</strong></span> <span class='ocrx_word' id='word_1_739' title='bbox 888 5346 1010 5409; x_wconf 70' lang='lat'><strong>107‘.</strong></span> 
     </span>
    </p>
   </div>
   <div class='ocr_carea' id='block_1_108' title="bbox 305 5438 1876 5512">
    <p class='ocr_par' dir='ltr' id='par_1_108' title="bbox 305 5438 1876 5512">
     <span class='ocr_line' id='line_1_109' title="bbox 305 5438 1876 5512; baseline -0.001 -15"><span class='ocrx_word' id='word_1_740' title='bbox 305 5438 618 5512; x_wconf 73' lang='lat' dir='ltr'><strong>(125)Ha_nc</strong></span> <span class='ocrx_word' id='word_1_741' title='bbox 651 5441 729 5512; x_wconf 87' lang='lat' dir='ltr'><strong>ibi</strong></span> <span class='ocrx_word' id='word_1_742' title='bbox 761 5440 879 5509; x_wconf 84' lang='lat' dir='ltr'><strong>egit</strong></span> <span class='ocrx_word' id='word_1_743' title='bbox 909 5455 967 5497; x_wconf 92' lang='lat' dir='ltr'><strong>a.</strong></span> <span class='ocrx_word' id='word_1_744' title='bbox 1004 5443 1162 5511; x_wconf 76' lang='lat'><strong>1082,</strong></span> <span class='ocrx_word' id='word_1_745' title='bbox 1189 5438 1579 5512; x_wconf 87' lang='lat' dir='ltr'><strong>ordinationis</strong></span> <span class='ocrx_word' id='word_1_746' title='bbox 1609 5445 1876 5512; x_wconf 62' lang='lat' dir='ltr'><strong>sumas,</strong></span> 
     </span>
    </p>
   </div>
   <div class='ocr_carea' id='block_1_109' title="bbox 232 5509 1882 5582">
    <p class='ocr_par' dir='ltr' id='par_1_109' title="bbox 232 5509 1882 5582">
     <span class='ocr_line' id='line_1_110' title="bbox 232 5509 1882 5582; baseline 0 -13"><span class='ocrx_word' id='word_1_747' title='bbox 232 5514 291 5569; x_wconf 88' lang='lat' dir='ltr'><strong>et</strong></span> <span class='ocrx_word' id='word_1_748' title='bbox 328 5509 762 5582; x_wconf 81' lang='lat' dir='ltr'><strong>tuncallodium</strong></span> <span class='ocrx_word' id='word_1_749' title='bbox 792 5512 937 5582; x_wconf 85' lang='lat' dir='ltr'><strong>Braz</strong></span> <span class='ocrx_word' id='word_1_750' title='bbox 972 5525 1074 5582; x_wconf 93' lang='lat' dir='ltr'><strong>per</strong></span> <span class='ocrx_word' id='word_1_751' title='bbox 1129 5509 1358 5582; x_wconf 87' lang='lat' dir='ltr'><strong>manum</strong></span> <span class='ocrx_word' id='word_1_752' title='bbox 1388 5510 1683 5569; x_wconf 84' lang='lat' dir='ltr'><strong>Godefridi</strong></span> <span class='ocrx_word' id='word_1_753' title='bbox 1715 5509 1882 5569; x_wconf 85' lang='lat' dir='ltr'><strong>ducis</strong></span> 
     </span>
    </p>
   </div>
   <div class='ocr_carea' id='block_1_110' title="bbox 235 5580 1881 5655">
    <p class='ocr_par' dir='ltr' id='par_1_110' title="bbox 235 5580 1881 5655">
     <span class='ocr_line' id='line_1_111' title="bbox 235 5580 1881 5655; baseline -0.001 -14"><span class='ocrx_word' id='word_1_754' title='bbox 235 5584 297 5641; x_wconf 90' lang='lat' dir='ltr'><strong>et</strong></span> <span class='ocrx_word' id='word_1_755' title='bbox 317 5580 579 5655; x_wconf 82' lang='lat' dir='ltr'><strong>ejusdem</strong></span> <span class='ocrx_word' id='word_1_756' title='bbox 593 5581 858 5643; x_wconf 62' lang='lat' dir='ltr'><strong>ecclesia</strong></span> <span class='ocrx_word' id='word_1_757' title='bbox 879 5580 1149 5643; x_wconf 82' lang='lat' dir='ltr'><strong>advocati</strong></span> <span class='ocrx_word' id='word_1_758' title='bbox 1161 5582 1336 5655; x_wconf 79' lang='lat' dir='ltr'><strong>legali</strong></span> <span class='ocrx_word' id='word_1_759' title='bbox 1350 5583 1663 5643; x_wconf 87' lang='lat' dir='ltr'><strong>donatione</strong></span> <span class='ocrx_word' id='word_1_760' title='bbox 1679 5587 1881 5642; x_wconf 87' lang='lat' dir='ltr'><strong>sancto</strong></span> 
     </span>
    </p>
   </div>
   <div class='ocr_carea' id='block_1_111' title="bbox 1990 5280 3626 5357">
    <p class='ocr_par' dir='ltr' id='par_1_111' title="bbox 1990 5280 3626 5357">
     <span class='ocr_line' id='line_1_112' title="bbox 1990 5280 3626 5357; baseline 0.005 -21"><span class='ocrx_word' id='word_1_761' title='bbox 1990 5280 2252 5357; x_wconf 72' lang='lat' dir='ltr'><strong>nuberto</strong></span> <span class='ocrx_word' id='word_1_762' title='bbox 2285 5281 2549 5357; x_wconf 81' lang='lat' dir='ltr'><strong>tradidit,</strong></span> <span class='ocrx_word' id='word_1_763' title='bbox 2575 5297 2704 5340; x_wconf 90' lang='lat' dir='ltr'><strong>cum</strong></span> <span class='ocrx_word' id='word_1_764' title='bbox 2737 5284 2946 5357; x_wconf 87' lang='lat' dir='ltr'><strong>banno,</strong></span> <span class='ocrx_word' id='word_1_765' title='bbox 2980 5285 3231 5357; x_wconf 87' lang='lat' dir='ltr'><strong>latrone,</strong></span> <span class='ocrx_word' id='word_1_766' title='bbox 3257 5286 3538 5346; x_wconf 82' lang='lat' dir='ltr'><strong>feralibus</strong></span> <span class='ocrx_word' id='word_1_767' title='bbox 3569 5294 3626 5345; x_wconf 90' lang='lat' dir='ltr'><strong>et</strong></span> 
     </span>
    </p>
   </div>
   <div class='ocr_carea' id='block_1_112' title="bbox 1992 5352 3628 5433">
    <p class='ocr_par' dir='ltr' id='par_1_112' title="bbox 1992 5352 3628 5433">
     <span class='ocr_line' id='line_1_113' title="bbox 1992 5352 3628 5433; baseline 0.004 -24"><span class='ocrx_word' id='word_1_768' title='bbox 1992 5352 2247 5433; x_wconf 69' lang='lat' dir='ltr'><strong>placitis,</strong></span> <span class='ocrx_word' id='word_1_769' title='bbox 2291 5352 2394 5433; x_wconf 84' lang='lat' dir='ltr'><strong>sed</strong></span> <span class='ocrx_word' id='word_1_770' title='bbox 2419 5352 2985 5433; x_wconf 68' lang='lat' dir='ltr'><strong>absqueyenatione.</strong></span> <span class='ocrx_word' id='word_1_771' title='bbox 3007 5358 3183 5414; x_wconf 74' lang='lat' dir='ltr'><strong>Mirzei</strong></span> <span class='ocrx_word' id='word_1_772' title='bbox 3211 5352 3356 5433; x_wconf 82' lang='lat' dir='ltr'><strong>Opp.</strong></span> <span class='ocrx_word' id='word_1_773' title='bbox 3384 5361 3444 5415; x_wconf 91' lang='lat' dir='ltr'><strong>Di</strong></span> <span class='ocrx_word' id='word_1_774' title='bbox 3456 5360 3628 5432; x_wconf 86' lang='lat' dir='ltr'><strong>pl.lV,</strong></span> 
     </span>
    </p>
   </div>
   <div class='ocr_carea' id='block_1_113' title="bbox 1990 5425 2844 5495">
    <p class='ocr_par' dir='ltr' id='par_1_113' title="bbox 1990 5425 2844 5495">
     <span class='ocr_line' id='line_1_114' title="bbox 1990 5425 2844 5495; baseline 0.004 -17"><span class='ocrx_word' id='word_1_775' title='bbox 1990 5427 2087 5479; x_wconf 77' lang='lat'><strong>351</strong></span> <span class='ocrx_word' id='word_1_776' title='bbox 2123 5441 2139 5491; x_wconf 93' lang='lat'><strong>;</strong></span> <span class='ocrx_word' id='word_1_777' title='bbox 2175 5425 2423 5480; x_wconf 82' lang='lat' dir='ltr'><strong>Martene</strong></span> <span class='ocrx_word' id='word_1_778' title='bbox 2455 5425 2603 5481; x_wconf 88' lang='lat' dir='ltr'><strong>Coll.</strong></span> <span class='ocrx_word' id='word_1_779' title='bbox 2643 5427 2685 5495; x_wconf 86' lang='grc' dir='ltr'><strong>Ι,</strong></span> <span class='ocrx_word' id='word_1_780' title='bbox 2720 5429 2844 5481; x_wconf 75' lang='lat'><strong>517.</strong></span> 
     </span>
    </p>
   </div>
   <div class='ocr_carea' id='block_1_114' title="bbox 2063 5512 2974 5588">
    <p class='ocr_par' dir='ltr' id='par_1_114' title="bbox 2063 5512 2974 5588">
     <span class='ocr_line' id='line_1_115' title="bbox 2063 5512 2974 5588; baseline 0.011 -21"><span class='ocrx_word' id='word_1_781' title='bbox 2063 5512 2212 5585; x_wconf 76' lang='grc'><strong>(126)</strong></span> <span class='ocrx_word' id='word_1_782' title='bbox 2240 5512 2470 5570; x_wconf 82' lang='lat' dir='ltr'><strong>Tilleur</strong></span> <span class='ocrx_word' id='word_1_783' title='bbox 2499 5517 2557 5570; x_wconf 90' lang='lat' dir='ltr'><strong>et</strong></span> <span class='ocrx_word' id='word_1_784' title='bbox 2584 5514 2841 5588; x_wconf 66' lang='lat' dir='ltr'><strong>Semina</strong></span> <span class='ocrx_word' id='word_1_785' title='bbox 2854 5556 2867 5573; x_wconf 94' lang='lat'><strong>.</strong></span> <span class='ocrx_word' id='word_1_786' title='bbox 2909 5515 2974 5577; x_wconf 70' lang='grc' dir='ltr'><strong>Β.</strong></span> 
     </span>
    </p>
   </div>
  </div>
