3960 6044
384 274 535 345 1391

1360 271 1839 339 CHRONICON
1881 273 1949 336 S.
1996 267 2369 336 HUBERTI
2416 271 2811 337 ANDAGIN.

3646 272 3799 338 1392

375 433 679 507 posterum
692 429 962 490 verearis
972 444 1047 489 ea:
1054 429 1206 488 mali
1213 431 1302 488 tia
1316 443 1499 502 quam
1514 428 1678 487 vides
1705 428 2026 501 praesentis

2158 435 2403 507 malitia,
2438 435 2738 494 insecutus
2794 450 2919 493 eam
2951 449 3161 507 capere
3200 434 3407 494 voluit.
3462 435 3651 505 Quem
3679 437 3789 494 Deo

385 524 684 595 temporis,
710 522 886 594 cujus
909 521 1359 593 uemichiapud
1374 523 1582 587 Deum,
1601 520 1672 577 ut
1686 520 2030 576 multotiens
2140 527 2381 597 juvante
2408 525 2788 597 eti‘ugiens,ad
2819 525 3124 583 ecclesiam
3161 525 3316 583 beati
3351 526 3794 584 Hubertidiver-

383 613 663 682 minaris,
683 613 1010 684 imputetur
1023 613 1270 681 occasio,
1295 611 1556 668 castrum
1594 609 1753 681 quod
1782 609 2036 666 deicien-

390 701 526 759 dum
559 701 828 774 afects,
848 700 1149 758 luahodie
1184 700 1482 757 voluntati
1516 698 1877 770 eipotesla/i
1900 711 2024 769 pcr-

382 791 574 862 mitto,
598 792 914 862 ipsumque
939 790 1338 848 moutemcum
1376 789 1731 847 comitatuei
1764 786 2033 844 omnibus

384 894 518 954 qua
534 881 677 939 sunt
703 882 833 952 ejus
851 879 1103 939 ditionis
1133 879 1202 937 iu
1229 881 1581 952 perpetuum
1622 879 1882 936 ecclesia
1923 877 2039 935 tua

371 969 801 1042 possidendum
820 971 1003 1042 legali
1011 971 1099 1027 ter
1111 969 1415 1040 coutrado,
1429 982 1637 1039 meque
1651 968 1835 1024 totum
1852 966 1964 1025 tibi
1982 967 2044 1024 et

374 1057 539 1130 ﬁliis
561 1059 684 1117 tuis
695 1059 908 1131 gratia
948 1059 1130 1131 Itujus
1164 1059 1617 1117 vicissitudinis
1651 1057 1887 1114 domino
1916 1059 2035 1114 Dea

389 1147 916 1206 commendandum
928 1147 1812 1221 specialitercommitto.Statim
1836 1145 2033 1217 abbas,

395 1236 734 1294 lacrimatus
752 1252 872 1309 pra
899 1239 1133 1309 gaudio,
1152 1239 1220 1294 ad
1242 1237 1418 1309 pedes
1430 1238 1557 1309 ejus
1575 1235 1846 1309 procidit,
1867 1250 2037 1306 quem

389 1326 703 1399 episcopus
732 1332 789 1383 et
825 1327 948 1399 ipse
1005 1342 1157 1398 genu
1194 1327 1561 1384 flexolevans
1606 1325 1906 1383 humiliter
1929 1325 2036 1383 hoc

386 1429 517 1472 eum
542 1416 749 1473 fecisse
780 1416 1118 1487 castigavit.
1151 1417 1267 1473 Nec
1298 1421 1563 1473 moratus
1598 1417 1781 1472 abbas
1811 1430 2037 1472 omnem

385 1511 658 1563 eventum
692 1504 775 1560 rei
842 1506 1147 1563 Lamberto
1194 1506 1420 1576 majori,
1476 1520 1645 1577 quem
1676 1506 1747 1563 ad
1777 1504 2037 1562 castrum

382 1590 834 1648 custodiendum
854 1591 1197 1664 reliquerat,
1222 1593 1445 1666 scripto
1479 1593 1793 1661 mandavit,
1813 1597 1942 1648 etut
1969 1591 2039 1647 ad

387 1681 764 1737 evertendam
784 1680 1152 1738 altitudinem
1171 1684 1430 1738 sathana
1448 1682 1660 1753 quibus
1675 1682 1898 1739 viribus
1911 1695 2042 1753 pos-

2146 613 2305 682 tit,et
2334 613 2578 670 oiiiciosi
2598 615 2664 670 ssi
2677 629 2761 671 me
2784 614 2856 672 ab
2912 616 3122 671 abbate
3136 615 3493 672 Theoderico
3521 620 3790 687 excepta,

2146 717 2251 773 per
2282 703 2703 759 hebdomadam
2734 703 2789 759 in
2825 703 2955 761 loco
2985 718 3307 775 repausans
3332 704 3630 763 substitit.
3654 707 3792 759 ‘nte-

2146 792 2253 847 rim
2282 793 2524 850 fratrum
2558 793 2841 865 religione
2866 799 3179 867 perspecta
3219 794 3630 865 diligenter,et
3660 796 3792 851 mul-

2146 880 2332 953 tiplici
2350 883 2635 953 obsequio
2659 884 2769 940 sibi
2795 884 3062 941 hilariter
3078 884 3339 957 impenso
3362 884 3680 954 delectata,
3700 887 3792 940 Ca-

2145 971 2454 1043 viniacum,
2489 972 2723 1043 quodut
2755 973 3297 1030 dictumestabbati
3340 973 3701 1045 deposuerat
3738 973 3787 1028 in

2146 1060 2398 1132 vadium,
2436 1062 2648 1117 obtulit
2677 1061 2945 1119 ecclesia
2972 1062 3233 1120 funditus
3270 1062 3599 1119 emendum.
3635 1061 3789 1129 Quod

2144 1156 2274 1197 cum
2292 1141 2489 1198 abbati
2504 1142 2777 1213 omnique
2793 1143 3232 1213 congregationi
3253 1143 3790 1214 placeret,commu-

2146 1232 2201 1287 ni
2219 1247 2505 1289 consensu
2520 1232 2644 1289 dies
2660 1233 2893 1305 praefixa
2917 1238 3008 1289 est
3026 1233 3787 1305 emptionishujusagenda,

2147 1326 2207 1377 et
2237 1322 2346 1378 hoc
2374 1322 2861 1394 coramepiscopo
2884 1322 3037 1393 apud
3069 1329 3327 1379 castrum
3343 1324 3791 1380 Fossense.Pro—

2148 1416 2389 1467 curatus
2420 1417 2513 1467 est
2563 1412 2894 1483 quoqueilli
2917 1426 3112 1468 comes
3145 1411 3422 1469 Albertus
3454 1412 3525 1469 ab
3561 1415 3788 1479 abbate,

2150 1500 2245 1570 qui
2270 1516 2392 1557 eam
2420 1501 2707 1558 reducens
2732 1501 2787 1557 in
2822 1516 2924 1558 sua
2946 1502 3254 1558 constituit
3316 1502 3661 1558 securitate.
3691 1504 3792 1558 Ab-

2151 1604 2287 1645 raso
2303 1594 2497 1646 autem
2523 1596 2767 1660 argento
2794 1592 2946 1660 quod
2966 1591 3019 1646 in
3035 1590 3281 1647 ecclesia
3302 1590 3545 1647 inveniri
3582 1592 3789 1663 potuit,

2155 1679 2450 1749 octoginta
2474 1682 2741 1736 marcbas
2755 1695 2949 1737 secum
2973 1680 3244 1737 deferens
3263 1680 3446 1737 abbas
3480 1681 3693 1737 Fossas
3708 1696 3793 1736 ve-

392 1774 478 1824 set
500 1768 927 1838 accingeretur,
967 1784 1069 1840 per
1085 1769 1722 1826 obedientiamindixit.
1762 1772 1818 1826 In
1836 1769 2043 1826 crasti-
2075 1779 2126 1837 Β
2156 1769 2555 1837 nit,trecentis
2586 1768 2717 1826 aliis
2739 1785 2841 1841 per
2862 1770 3227 1826 Lambertum
3252 1769 3528 1839 majorem
3545 1774 3604 1825 et
3630 1770 3796 1826 Theo-

395 1868 529 1911 num
552 1868 777 1911 summo
814 1870 980 1911 mane
1008 1856 1379 1912 redditissibi
1430 1856 1667 1925 litteris,
1704 1857 2045 1912 Lambertus

393 1958 637 2000 ascenso
680 1946 1662 2016 equocircumquaquepervolavit,
1694 1952 1754 2001 et
1815 1945 2044 2017 publica

392 2032 697 2088 exactione
751 2048 1146 2105 quoscumque
1173 2034 1361 2106 potuit
1393 2035 1462 2091 ad
1488 2040 1745 2091 castrum
1800 2040 2051 2104 quanto-

389 2121 519 2183 cius
539 2122 850 2179 convenire
863 2123 1165 2194 compulit,
1212 2128 1268 2179 et
1290 2138 1360 2179 ne
1378 2124 1508 2195 quis
1529 2128 1924 2195 pratenderet
1952 2139 2049 2180 oc-

389 2210 1135 2267 casionemvelremorandi
1152 2213 1594 2283 velexcusandi,
1619 2213 1777 2270 velut
1794 2213 2044 2285 quadam

393 2299 685 2357 anxietate
700 2300 876 2356 animi
910 2300 1288 2358 insimulabat
1308 2302 1612 2359 minaciter
1626 2303 2045 2360 necessitatem

395 2388 711 2446 instantem
759 2389 1121 2461 propellendi
1145 2391 1413 2462 periculi,
1445 2406 1517 2448 ex
1559 2393 1748 2448 hanno
1787 2391 2045 2464 episcopi

397 2478 766 2535 amissionem
781 2494 975 2536 rerum
989 2494 1224 2537 suarum
1267 2480 1621 2553 intemptans
1635 2482 1899 2551 singulis,
1936 2481 2045 2539 nisi

400 2567 674 2627 adessent
701 2570 1248 2627 tuendamunitioni
1264 2577 1319 2627 et
1339 2572 1620 2629 ﬁrmando
1634 2572 1851 2643 aggeri.
1886 2574 2046 2629 Com-

398 2657 752 2727 motaigitur
804 2658 1179 2730 rusticorum,
1217 2660 1612 2717 maximevere
1645 2661 2047 2732 carpentario-

396 2761 544 2817 rum,
579 2746 976 2818 multitudine,
1012 2747 1150 2805 hora
1166 2763 1314 2806 nona
1333 2750 1674 2809 Lambertus
1689 2750 1761 2805 ad
1784 2753 2043 2807 castrum

402 2835 598 2906 rediit,
636 2835 1125 2908 accinctusquein
1146 2837 1488 2909 primiscum
1532 2838 2042 2895 fratribusibidem

398 2925 1139 2996 commorantibus,turrim
1156 2928 1422 2984 ascendit
1437 2933 1495 2985 et
1510 2927 1620 2985 nisi
1639 2928 1802 2999 prius
1815 2928 2046 2983 videret

400 3013 692 3085 dejectum
711 3015 838 3085 ejus
870 3015 1115 3087 apicem,
1169 3031 1231 3073 se
1264 3016 1498 3074 omnino
1529 3032 1641 3073 non
1668 3021 2042 3087 gustaturum

392 3102 638 3201 juravit.
667 3102 925 3202 .Videres
959 3104 1215 3162 rusticos
1255 3105 1522 3176 exemplo
1555 3104 1683 3175 ejus
1744 3106 2040 3175 incitatos,
2074 3139 2123 3202 Ο

398 3190 565 3261 quasi
582 3205 644 3247 se
664 3191 825 3262 ipsos
846 3192 1281 3250 vindicantesin
1301 3192 1595 3265 publicum
1619 3194 1842 3249 hostem
1860 3194 2042 3250 totius

399 3279 717 3351 provincia
746 3281 1015 3337 certatim
1036 3282 1448 3353 insurgere,ad
1474 3298 1696 3338 summa
1715 3282 1895 3339 turris
1909 3298 2044 3339 con-

398 3367 669 3426 volantes
696 3374 919 3427 tectum
942 3387 1071 3427 cum
1092 3371 1361 3428 trabibus
1375 3371 1934 3442 evolvere,parietes
1950 3374 2046 3429 ab-

401 3458 594 3530 ruptis
616 3459 997 3530 compagibus
1023 3459 1368 3529 diss'tlvere,
1388 3460 1596 3516 moenia
1619 3460 1741 3531 ipsa
1758 3475 1888 3516 cum
1915 3477 2045 3532 pro-

398 3546 744 3617 pugnaculis
796 3561 1003 3604 eversa
1055 3547 1317 3604 funditus
1362 3561 1591 3618 eruere,
1629 3552 1718 3604 tot
1750 3548 2044 3620 impensas

398 3638 607 3705 totque
658 3634 891 3691 labores
918 3650 1049 3692 cum
1085 3636 1334 3691 maximo
1351 3635 1677 3693 collisionis
1728 3637 1956 3707 fragore
1988 3639 2043 3695 in

405 3722 581 3779 brevi.
599 3722 949 3797 concidisse.
968 3724 1243 3794 Sequenti
1279 3724 1420 3781 feria
1439 3730 1603 3782 sexta
1638 3726 1819 3783 abbas
1842 3728 2046 3800 abepi-

403 3825 579 3882 scopo
612 3810 862 3881 rediens,
887 3826 1016 3869 cum
1050 3812 1414 3885 prospiciens
1442 3813 1651 3871 turrim
1676 3830 1786 3872 non
1818 3816 2047 3873 videret

401 3900 554 3958 unde
582 3900 770 3957 videri
803 3900 1031 3959 solebat
1061 3918 1091 3958 a
1140 3903 1332 3974 longe,
1369 3904 1702 3977 suspicnens
1723 3905 1775 3961 in
1809 3906 2041 3979 calum,

401 3992 751 4063 quantocius
782 3992 853 4049 de
881 4008 1032 4064 equo
1055 3995 1360 4051 descendit
1392 4000 1724 4066 terramque
1747 3996 2047 4054 deoscula-

400 4084 498 4138 tur
526 4080 590 4152 ⁸⁸,
631 4082 708 4139 Te
737 4083 923 4139 Deum
936 4082 1256 4141 laudamus
1279 4083 1657 4141 devotissime
1685 4084 2041 4156 decantavit,

398 4169 467 4225 Et
498 4184 629 4226 cum
664 4170 1027 4242 pervenisset
1055 4171 1126 4228 ad
1156 4178 1439 4241 castrum,
1472 4172 1791 4243 ipsumjam
1826 4175 2043 4231 nudum

399 4271 668 4329 aggerem
693 4258 938 4329 dejecta
970 4260 1154 4317 turris
1201 4261 1553 4333 susciperet,
1577 4262 1803 4318 elevata
1837 4268 2043 4320 contra

403 4360 535 4403 eum
568 4361 740 4404 manu
765 4366 779 4402 :
805 4347 1192 4420 Lissolvatte,
1211 4349 1618 4421 inquit,cirtus
1630 4351 2046 4422 omnipotezitis

401 4435 1143 4507 Dei,quiuutusuomuros
1167 4440 1409 4497 Jlterico
1426 4453 1696 4498 corruere
1690 4442 1869 4513 fecit.
1930 4444 2044 4499 Nec

402 4524 568 4596 prius
615 4525 847 4582 abstitit
883 4542 1052 4599 quam
1113 4528 1417 4585 duodecim
1450 4529 1630 4587 libras
1670 4508 2041 4590 denariorum
2072 4508 2126 4570 D

402 4627 509 4685 pro
539 4613 935 4672 conducendis
990 4617 1277 4688 operariis
1310 4617 1379 4674 ad
1432 4619 1697 4675 eumdem
1754 4621 2042 4678 tumulum

400 4702 1234 4777 complanandumdeputaret,
1271 4712 1596 4777 pratereos
1633 4709 1892 4780 quitunc
1914 4725 2047 4769 exa-

403 4791 485 4848 cti
512 4793 992 4850 convenerantad
1006 4795 1183 4851 castri
1218 4794 1700 4855 destructionem.

470 4881 565 4935 49.
598 4884 741 4953 (63).
780 4883 889 4937 Per
913 4878 1063 4938 idem
1126 4890 1361 4955 tempus
1395 4885 1694 4943 Richeldis
1746 4888 2045 4946 comitissa

401 4968 720 5025 Montensis
753 4970 986 5028 rediens
1014 4972 1212 5041 Roma,
1241 4988 1345 5044 per
1368 4973 1569 5030 fiscum
1594 4983 1759 5032 suum
1794 4978 2053 5034 Cavinia-

401 5071 531 5114 cum
596 5058 850 5115 transire
900 5059 1291 5132 disposuerat.
1328 5062 1505 5134 Cujus
1545 5065 1859 5122 transitum
1914 5082 2045 5124 cum

396 5146 681 5205 sensisset
733 5148 1012 5207 Arnulfus
1045 5150 1496 5224 Chisniacensis,
1535 5159 1598 5210 ut
1649 5162 1778 5213 erat
1810 5158 2048 5216 audacis

2159 1858 2809 1931 dericumprapositum
2852 1860 3205 1932 procuratis,
3241 1860 3394 1931 apud
3440 1867 3794 1916 mercatores

2158 1952 2217 2002 et
2242 1947 2492 2004 clericos
2540 1948 2884 2005 Leodienses
2944 1948 3191 2006 vadibus
3232 1948 3541 2020 depositis.
3595 1950 3796 2005 Conve-

2158 2036 2353 2092 niente
2384 2051 2525 2107 ergo
2554 2036 2851 2094 comitissa
2882 2037 3145 2093 Ricbilde
3192 2052 3323 2094 cum
3356 2037 3474 2093 filio
3528 2053 3640 2094 suo
3675 2038 3795 2092 Bal-

2160 2123 2356 2195 duino,
2382 2131 2657 2181 renovata
2681 2131 2771 2181 est
2791 2140 2984 2181 coram
3004 2126 3281 2198 episcopo
3337 2130 3399 2182 et
3438 2125 3588 2183 duce
3620 2125 3795 2181 Gode-

2160 2213 2308 2269 frido
2342 2214 2651 2271 conventio
2674 2214 2943 2271 condicta
2970 2215 3041 2271 de
3075 2215 3414 2279 Caviniaco;
3438 2214 3609 2285 cujus
3628 2214 3793 2286 pretii

2158 2318 2581 2361 summamcum
2612 2304 2926 2376 episcopus
2978 2304 3368 2361 contraxisset
3414 2302 3486 2359 ad
3532 2305 3797 2359 marches

2157 2396 2456 2449 trecentas
2475 2397 2690 2465 prater
2714 2393 3118 2465 septingentas
3137 2408 3282 2464 quas
3313 2393 3449 2450 olim
3508 2393 3696 2449 abbas
3744 2393 3795 2447 in

2155 2484 2386 2540 vadium
2443 2490 2899 2556 superposuerat
2943 2485 3016 2557 ei,
3054 2490 3244 2542 mater
3265 2501 3396 2543 cum
3436 2485 3556 2541 filio
3614 2485 3798 2554 ipsum

2158 2574 2358 2631 ﬁscum
2396 2581 2678 2646 perpetuo
2711 2575 3038 2632 habendum
3072 2575 3336 2633 ecclesia
3370 2575 3526 2632 beati
3550 2575 3714 2630 Petri
3746 2579 3802 2629 et

2158 2663 2312 2720 beati
2344 2663 2585 2720 Iiuberti
2620 2680 2724 2735 per
2744 2665 3027 2736 cespitem
3058 2671 3117 2722 et
3142 2681 3358 2722 ramum
3383 2664 3647 2735 ejusdem
3663 2663 3805 2720 allo-

2156 2753 2234 2809 dii
2269 2751 2536 2822 legaliter
2577 2752 2633 2809 in
2668 2768 2872 2810 manus
2913 2754 3173 2827 episcopi
3203 2760 3260 2811 et
3320 2753 3573 2825 abbatis,
3637 2753 3804 2809 ducis

2156 2856 2387 2913 quoque
2421 2842 2717 2899 Godefridi
2756 2843 3143 2901 ecclesiastici
3184 2844 3473 2914 advocati,
3503 2841 3804 2901 contradi-

2156 2930 2584 3001 dit,etpublica
2612 2932 2910 2988 audiontia
2935 2932 3047 2989 sibi
3066 2946 3197 2989 eum
3220 2937 3278 2988 et
3299 2931 3631 3002 quibusque
3646 2932 3805 2989 here-

2155 3018 2329 3075 dibus
2355 3019 2479 3076 suis
2510 3021 3036 3091 uterquefunditus
3057 3020 3349 3090 abjuravit
3371 3022 3546 3094 (127).
3572 3022 3645 3076 Et
3673 3037 3800 3078 cum

2154 3108 2209 3164 in
2225 3108 2584 3166 exsolvendo
2599 3115 2842 3179 argento
2860 3110 3083 3166 videret
3099 3110 3415 3181 episcopus
3434 3110 3642 3180 viginti
3660 3126 3804 3167 mar-

2153 3198 2292 3255 cbas
2313 3198 2536 3267 deesse,
2586 3199 3183 3256 duocandelabrasua
3207 3198 3470 3269 ejusdem
3520 3199 3801 3270 ponderis

2154 3285 2424 3359 deposuit
2452 3288 2785 3358 comitissa,
2814 3303 2942 3359 qua
2967 3292 3170 3359 postea
3192 3302 3264 3344 ex
3290 3288 3528 3360 proprio
3552 3287 3798 3345 redemit

2155 3376 2370 3433 ductus
2403 3390 2597 3433 amare
2620 3376 2904 3434 ecclesia.
2941 3379 3110 3434 Facta
3139 3382 3332 3434 autem
3374 3383 3433 3433 et
3458 3376 3801 3433 confirmata

2154 3470 2318 3522 carta
2348 3464 2521 3535 hujus
2543 3466 2930 3537 coemptionis
2963 3466 3015 3520 in
3054 3465 3283 3538 publica
3335 3465 3655 3537 praseatia
3688 3466 3803 3538 epi-

2157 3554 2319 3625 scopi
2351 3559 2409 3611 et
2441 3554 2693 3625 ducis,et
2714 3554 2942 3625 signata
2973 3555 3228 3611 testibus
3251 3553 3804 3624 idoneis,abbasla-

2158 3648 2253 3701 tus
2282 3645 2352 3700 ad
2382 3643 2690 3701 ecclesiam
2726 3644 2920 3714 rediit,
2955 3649 3011 3700 et
3036 3644 3385 3700 vestituram
3426 3642 3677 3714 legalem
3701 3658 3806 3715 per

2156 3749 2385 3791 manum
2411 3733 2578 3791 ducis
2602 3734 2717 3791 reci
2728 3734 3100 3806 piens,super
3118 3733 3304 3790 altare
3325 3732 3482 3789 beati
3510 3734 3669 3788 Petri
3706 3736 3807 3789 Ca-

2155 3824 2443 3881 viniacum
2478 3828 2663 3880 totum
2689 3839 2819 3880 cum
2858 3822 3071 3879 familia
3104 3827 3164 3879 et
3218 3822 3489 3879 omnibus
3513 3824 3807 3893 acquesti-

2157 3914 2267 3969 bus
2298 3918 2355 3969 et
2391 3913 2745 3985 appenditiis
2775 3912 2899 3969 suis
2923 3918 2988 3969 ut
3019 3913 3319 3985 proprium
3357 3927 3526 3969 suum
3558 3918 3805 3969 atcrua-

2157 4003 2291 4060 liter
2323 4002 2585 4060 ecclesia
2617 4002 2987 4059 retinendum
3020 4002 3146 4059 sine
3188 4002 3304 4060 ulla
3334 4001 3804 4060 contradictione

2154 4091 2400 4147 saisivit.

2227 4185 2312 4237 50.
2348 4181 2726 4254 (64.)Postea
2763 4180 3141 4237 remandatus
3202 4180 3383 4237 abbas
3433 4180 3505 4237 ab
3525 4180 3801 4252 episcopo

2158 4270 2362 4326 licium
2388 4269 2774 4341 venit,ibique
2797 4269 2983 4341 gratia
3006 4269 3341 4326 dilectionis
3362 4268 3719 4340 aliquamdiu
3734 4270 3806 4325 ab

2157 4373 2226 4415 eo
2252 4363 2536 4428 retentus,
2562 4374 2692 4416 cum
2729 4358 2959 4429 regredi
2983 4358 3334 4428 destinaret,
3367 4358 3665 4428 suggessit
3687 4357 3810 4429 epi-

2159 4463 2359 4521 scopo,
2423 4447 2577 4520 apud
2609 4448 2796 4520 ipsum
2825 4446 3102 4519 Oppidum
3141 4446 3448 4503 ecclesiam
3509 4446 3661 4502 beati
3694 4446 3813 4502 Hu-

2159 4538 2308 4594 berti
2347 4537 2496 4594 duos
2521 4536 2885 4593 molendinos
2915 4536 3131 4593 habere
3156 4554 3171 4602 ;
3194 4535 3323 4606 ejus
3367 4538 3575 4607 gratia
3604 4550 3814 4592 conve-

2154 4628 2279 4683 nire
2307 4632 2371 4684 ut
2406 4627 2602 4684 sedem
2623 4626 2782 4683 tertii
2815 4625 3192 4703 construendi
3218 4626 3577 4682 monasterio
3597 4639 3816 4683 conce-

2156 4716 2326 4772 deret
2395 4713 2557 4781 Quod
2588 4712 3817 4786 episcopuslibenterconcedens,evocatis

2156 4794 2443 4853 ministris
2474 4800 2531 4851 et
2540 4794 2840 4865 judicibus
2860 4794 3121 4864 ejusdem
3137 4793 3579 4865 oppidi,equum
3604 4807 3820 4850 ascen-

2157 4886 2262 4957 dit,
2297 4891 2356 4942 et
2388 4884 2458 4941 ad
2493 4883 2771 4956 placitum
2795 4883 3025 4940 abbatis
3046 4883 3320 4954 optimam
3346 4881 3449 4937 sed
3491 4896 3547 4937 m
3586 4880 3822 4937 molen-

2158 4975 2277 5031 dini
2302 4989 2476 5046 super
2501 4973 2764 5030 Hoiolum
2790 4972 3302 5043 difirmavit,quam
3332 4970 3504 5041 legali
3535 4969 3694 5027 dono
3719 4986 3823 5028 ec-

2159 5064 2356 5122 clesia
2389 5065 2442 5120 in
2469 5068 2815 5136 perpetuum
2834 5060 3246 5135 possidendam
3269 5059 3821 5117 confirmavit.Erat

2161 5170 2231 5212 eo
2263 5161 2527 5227 tempore
2558 5154 2707 5210 Boso
2738 5152 3186 5211 archidiaconus
3206 5148 3699 5223 abbasﬂoiensis
3724 5164 3823 5206 ec-

1749 5281 1986 5339 VARIE
2024 5282 2426 5342 LECTIONES.

464 5390 511 5426 ’ί
537 5394 751 5453 malim
787 5396 1190 5460 deosculatus.

1981 5520 2202 5578 ΝΟΤιΕ.

469 5630 619 5706 (127)
649 5633 730 5691 Cf.
765 5633 1079 5694 Gilleberti
1111 5637 1330 5701 Chron.
1378 5639 1560 5699 Hann.
1598 5656 1651 5713 p.
1683 5644 1771 5701 37.
