3960 6044
211 206 366 275 1893

1187 206 1668 275 CHRONICON
1713 207 1782 273 S.
1828 204 2196 274 HUBERTI
2236 202 2632 273 ANDAGIN.

3459 201 3616 275 ωσι

207 362 402 426 clesia
422 367 642 423 saneta
664 364 877 435 Maria,
903 364 1246 421 Lambertns
1276 379 1458 437 nepos
1483 364 1610 435 ejus
1634 363 1851 432 publici
1883 345 1939 406 Α
1969 357 2109 437 νθνξ)
2142 356 2264 437 εἳυεεῗ
2283 346 2351 437 ³2
2390 341 2562 437 (ηὲ),
2585 338 2992 437 ΑΤῆεξοξῘθνξξδυδ
3024 341 3374 437 εδρεεηιιοη
3425 337 3614 437 βΟῙΨΡ

202 455 354 527 juris
368 454 637 527 provisor
649 452 916 527 etjudex,
932 453 1092 511 Dodo
1108 453 1484 526 dispensator
1496 454 1852 528 episeOpalis

208 558 441 602 mensa.

279 639 364 692 51.
403 634 539 708 (65.)
573 634 717 690 Braz
767 647 998 705 quoque
1026 638 1087 689 et
1136 634 1493 706 Gruisponti,
1553 649 1680 705 qua
1714 634 1851 692 olim

207 724 472 782 ecclesia
504 723 931 797 perpetualiter
962 724 1279 781 donaverat
1314 725 1484 797 (128),
1517 725 1700 781 Arsia
1724 740 1854 797 par-

206 816 322 870 tem
348 828 475 885 qua
497 813 756 883 suijuris
776 818 923 881 erat,
959 827 1029 869 ex
1060 812 1291 871 allodiis
1338 830 1466 885 qu:e
1502 816 1727 870 fuerant
1759 828 1852 870 co-

208 901 445 958 mitissa
476 901 773 959 Richeldis
806 900 1050 958 addidit.
1088 905 1151 959 Et
1203 917 1274 959 ne
1306 904 1434 973 quis
1465 903 1665 959 eadem
1700 901 1849 960 dona

207 1003 309 1046 sua
343 989 551 1046 amodo
591 990 683 1046 vel
734 989 1071 1046 immutaret
1109 990 1201 1047 vel
1236 997 1581 1062 removeret,
1630 996 1850 1049 aterno

207 1078 574 1135 anathemate
606 1079 963 1150 dampnavit.
1012 1080 1167 1135 Hanc
1196 1085 1418 1152 partem
1472 1082 1655 1138 Arsia
1698 1083 1850 1138 Cono

205 1165 277 1223 de
311 1167 614 1223 Hamerina
644 1166 799 1223 tollit
829 1166 1093 1225 ecclesia
1127 1169 1177 1224 vi
1207 1174 1263 1225 et
1296 1169 1525 1239 injuste.

277 1258 363 1311 52.
398 1254 535 1327 (66.)
586 1256 768 1312 Mater
798 1256 1049 1314 ecclesia
1083 1257 1236 1313 beati
1269 1258 1529 1315 Mononis
1578 1258 1851 1331 martyris

204 1344 469 1400 Nasania
490 1343 535 1377 ⁸³
558 1360 587 1400 a
612 1346 943 1403 Gualcando
963 1346 1009 1379 ⁸³
1032 1348 1311 1418 episcopo
1346 1347 1477 1402 data
1505 1348 1691 1404 fuerat
1720 1363 1851 1404 cum

203 1431 475 1490 omnibus
499 1448 627 1504 qua
652 1435 721 1491 ad
751 1450 876 1491 eam
910 1435 1206 1507 pertinent
1229 1436 1298 1492 ab
1323 1436 1562 1507 antiquo
1583 1435 1850 1494 ecclesia

204 1523 359 1579 beati
388 1524 628 1579 Huberti
658 1524 709 1578 in
738 1525 1087 1596 potestativa
1106 1525 1343 1582 ditione.
1371 1526 1508 1596 Ejus
1531 1524 1730 1583 clerici
1762 1541 1853 1583 ac-

208 1612 399 1685 ceptis
428 1615 500 1669 ab
549 1614 762 1670 abbate
815 1614 1164 1685 prabendis,
1230 1621 1419 1672 tamen
1476 1632 1761 1673 consensu
1793 1621 1850 1673 et

203 1701 377 1758 laude
401 1703 666 1771 fratrum,
694 1703 963 1760 condicto
990 1703 1077 1759 eis
1100 1707 1157 1759 et
1190 1704 1381 1761 soluto
1402 1704 1645 1761 servitio
1670 1706 1851 1762 debiti
1883 1710 1937 1770 Β

203 1791 467 1861 honoris,
488 1792 603 1862 jam
634 1807 705 1848 ex
734 1797 871 1849 tunc
904 1792 1315 1850 detrectabant
1350 1808 1450 1865 per
1484 1795 1853 1851 insolentiam

202 1880 446 1938 subesse
469 1880 719 1951 justitia
749 1882 998 1949 abbatis,
1034 1882 1145 1937 nisi
1178 1882 1233 1938 in
1255 1882 1636 1940 clericalibus
1668 1884 1858 1941 conci-

201 1966 297 2025 liis
331 1969 439 2026 sub
487 1969 855 2027 districtione
882 1970 1217 2042 episcopali.
1257 1973 1414 2028 Hanc
1440 1987 1670 2043 quoque
1705 1973 1861 2030 inso-

201 2057 435 2114 lentiam
470 2062 703 2130 petente
749 2061 960 2117 abbate
991 2059 1323 2131 episcopus,
1360 2060 1607 2118 liberum
1641 2062 1860 2119 consti-

207 2151 377 2202 tuens
409 2144 593 2202 altare
625 2147 886 2217 ejusdem
936 2148 1223 2218 ecclesia,
1255 2148 1532 2217 absolvit,
1564 2155 1623 2205 et
1654 2165 1854 2206 omnes

198 2233 603 2291 exactioneset
630 2235 893 2305 justitias
925 2236 1293 2308 episcopales
1328 2241 1388 2292 et
1422 2235 1858 2295 archidiacona-

197 2322 605 2394 les,prasente
622 2324 698 2381 ibi
723 2330 781 2382 et
805 2340 999 2383 secum
1024 2327 1389 2384 condonante
1412 2328 1645 2383 Bosone
1670 2328 1860 2385 archi-

199 2410 464 2483 diacono,
489 2413 754 2472 ecclesia
772 2415 925 2471 beati
943 2416 1099 2472 Petri
1124 2425 1184 2472 et
1214 2416 1371 2472 beati
1389 2416 1635 2473 [Iuberti
1653 2417 1707 2472 in
1727 2433 1855 2489 per-

198 2504 437 2572 petuum
454 2503 703 2574 remisit,
720 2504 1097 2575 eamdemque
1113 2503 1516 2561 remissionem
1537 2504 1710 2574 legali
1741 2508 1854 2562 fac-

197 2593 256 2645 to
281 2590 588 2663 privilegio
619 2593 1021 2649 auctorizavit.
1058 2593 1227 2660 Quod
1262 2597 1454 2650 autem
1490 2608 1631 2665 pace
1667 2594 1852 2653 beata

198 2678 327 2750 ejus
352 2680 557 2738 anima
580 2686 914 2752 sanctaque
941 2683 1233 2739 memoria
1258 2698 1366 2738 non
1392 2682 1622 2754 quidem
1643 2699 1853 2756 expro-

199 2767 518 2838 bando,sed
540 2771 907 2828 condolendo
931 2771 1181 2842 dicatur,
1206 2771 1598 2828 Theodericus
1620 2778 1679 2828 et
1696 2773 1851 2829 Lam-

200 2856 402 2913 bertus
423 2871 551 2928 ejus
582 2859 943 2931 simplicitati
969 2859 1115 2917 adeo
1139 2859 1607 2930 dominabantur,
1634 2865 1699 2916 ut
1731 2877 1850 2918 om-

197 2943 333 3001 nino
360 2945 446 3004 eis
477 2948 531 3003 in
564 2948 831 3005 omnibus
864 2964 926 3005 se
957 2948 1249 3014 crederet,
1283 2955 1342 3004 et
1372 2948 1535 3018 quasi
1577 2950 1847 3007 consulto

197 3035 314 3091 Deo
344 3036 577 3139 eosdem
609 3037 982 3137 consultores
1014 3038 1267 3139 audiret.
1293 3038 1617 3139 iliis-enim.
1661 3039 1845 3138 ﬁdens
1879 3076 1927 3139 Ο

200 3125 631 3196 provisoribus,
687 3131 851 3183 tanto
878 3127 1125 3184 interius
1176 3126 1533 3197 advigilabat
1581 3127 1840 3198 liberius,

200 3219 420 3284 quanto
443 3214 515 3272 de
537 3216 799 3274 externis
822 3215 1441 3273 dormiebatsecurius.
1461 3216 1570 3272 Sed
1585 3232 1713 3273 cum
1730 3233 1843 3274 non

201 3301 447 3359 multum
463 3303 639 3360 distet
658 3305 712 3361 in
727 3305 871 3363 vitio
886 3305 975 3363 vel
992 3305 1260 3378 decipere
1278 3304 1366 3361 vel
1384 3305 1571 3377 decipi
1592 3306 1843 3377 posse,in

198 3391 308 3449 hoc
342 3392 720 3463 dampnosum
754 3395 921 3452 nimis
952 3395 1171 3451 crimen
1206 3394 1442 3451 miscuit
1472 3395 1675 3465 gloria
1699 3411 1839 3463 sua,

199 3480 353 3552 quod
371 3481 772 3554 imprudenter
795 3483 1128 3555 patiebatur
1153 3483 1352 3540 seduci
1375 3498 1573 3540 eorum
1593 3484 1856 3541 miserri-'

196 3584 284 3626 ma
302 3571 701 3641 suggestione.
722 3573 855 3628 Nam
874 3571 921 3628 si
940 3588 970 3642 q
983 3586 1109 3628 nem
1125 3572 1217 3627 vel
1233 3572 1423 3642 gratia
1438 3573 1842 3642 consanguini-

194 3659 338 3717 tatis
359 3659 451 3716 vel
473 3664 729 3731 accepta
755 3660 1268 3717 mercedisvellent
1297 3660 1527 3715 noviter
1550 3675 1752 3717 casare
1773 3660 1837 3732 °‘,

195 3748 304 3805 hoc
330 3749 400 3805 de
426 3749 735 3820 praebenda
769 3750 1008 3806 fratrum
1036 3749 1160 3805 sine
1185 3763 1383 3805 eorum
1408 3763 1697 3806 consensu
1727 3764 1839 3806 non

194 3836 541 3893 dubitabant
558 3838 751 3893 abbati
778 3836 1377 3908 persuadere,illeque
1390 3852 1587 3893 eorum
1607 3852 1840 3907 persua-

193 3925 341 3983 sioni
372 3941 486 3982 non
538 3925 844 3983 differebat
876 3926 1135 3983 obedire.
1174 3928 1291 3983 Hoc
1324 3926 1493 3982 modo
1524 3925 1718 3981 amisit
1749 3941 1842 3983 ec-

191 4013 524 4071 clesiastica
561 4012 789 4070 utilitas
821 4028 890 4069 ex
924 4014 1181 4084 antiquis
1211 4014 1684 4086 possessionibus
1716 4015 1838 4071 suis

192 4102 427 4160 Vineias
457 4109 516 4159 et
555 4102 943 4172 Lesterneias,
979 4106 1039 4159 et
1070 4117 1144 4159 ex
1193 4103 1499 4173 acquisitis
1530 4104 1602 4159 ab
1630 4103 1835 4160 eodem

193 4193 404 4249 abbate
426 4190 654 4248 noviter
685 4190 1043 4249 Sulmodium
1077 4191 1133 4248 in
1162 4207 1426 4264 proxumo
1457 4196 1517 4248 et
1536 4194 1750 4250 Tavers
1778 4191 1833 4249 in

191 4282 523 4432 malive?)
554 4364 718 4420 Anno
741 4360 962 4418 Domini
1010 4364 1148 4419 1086
1195 4360 1398 4434 [1087],
1449 4359 1836 4418 ordinationis

1967 431 2129 490 senio
2159 424 2261 487 sed
2284 434 2343 487 et
2375 428 2950 500 confectnsjejuniis,
2985 429 3356 488 orationibus
3383 432 3444 486 et
3473 428 3617 501 vigi-

1968 520 2083 590 li‘s,
2115 520 2416 576 laboribus
2446 519 2620 575 etiam
2653 522 2710 574 et
2743 518 2902 576 curis
2930 518 3257 576 commissa
3286 518 3396 576 sibi
3425 523 3615 591 pasto-

1967 608 2242 679 ralitatis,
2260 610 2331 666 ab
2350 609 2471 679 ipsa
2494 607 2636 665 licet
2655 607 3158 679 pertenuivirtute
3173 608 3443 679 corporis
3458 609 3615 666 circa

1968 711 2224 755 mensem
2246 697 2460 755 Iulium
2487 696 2740 753 deﬁcere
2772 696 2972 767 capit,
3010 696 3162 753 unde
3183 700 3241 752 et
3264 696 3452 767 gratia
3479 712 3615 768 pau-

1968 785 2148 844 lulum
2184 785 2536 858 repausandi
2586 786 2754 842 Piros
2786 784 2872 841 illi
2922 785 3199 842 secedere
3233 785 3484 858 placuit;
3520 786 3616 844 ubi

1967 876 2101 933 dum
2126 890 2188 933 se
2221 875 2668 946 ingravescente
2692 874 2907 932 sensim
2942 874 3281 932 infirmitate
3310 875 3617 945 praesenti-

1968 963 2139 1022 retad
2168 970 2410 1021 mortem
2436 964 2655 1035 urgeri,
2677 962 3032 1021 Theoderico
3054 963 3374 1036 praeposito
3395 964 3506 1021 sibi
3530 979 3618 1023 se-

1966 1070 2097 1111 cum
2143 1053 2189 1087 “
2216 1053 2464 1110 moranti
2519 1053 2863 1109 relationem
2896 1067 3057 1109 suam
3094 1052 3165 1108 ad
3198 1054 3616 1112 monasterium

1967 1143 2405 1201 accelerandam
2436 1143 2668 1199 indixit.
2702 1141 3066 1199 Referendus
3093 1156 3234 1200 vero
3267 1142 3501 1200 litteras
3523 1142 3615 1200 vel

1966 1231 2517 1305 deprecatoriasvel
2548 1232 3044 1300 eommonitorias,
3079 1235 3143 1288 ut
3184 1231 3620 1301 cuiqueconve-

1966 1322 2419 1392 niebat,scilicet
2440 1321 2789 1378 Adalberoni
2811 1321 3172 1378 Laudunensi
3188 1321 3617 1391 abbati,Guire-

1969 1411 2041 1467 do
2056 1411 2374 1482 praposito
2413 1410 2753 1481 Ebernensi,
2781 1411 3084 1466 Lamberto
3102 1409 3280 1481 priori
3297 1410 3485 1467 sancti
3510 1410 3617 1467 Re-

1967 1500 2147 1570 migii,
2175 1502 2503 1571 Berengero
2526 1499 2723 1556 abbati
2752 1499 2938 1556 sancti
2963 1499 3279 1569 Laurentii,
3307 1499 3416 1571 ipsi
3436 1498 3613 1556 etiam

1967 1587 2215 1644 Henrico
2243 1588 2518 1660 episcopo
2559 1587 2858 1644 Leodlensi
2893 1586 3196 1659 dispositis
3229 1587 3458 1645 nunciis
3487 1586 3614 1643 mit-

1966 1679 2095 1732 tere
2117 1676 2438 1747 festinavit,
2470 1676 2769 1733 humiliter
2792 1690 3122 1747 exposcens
3149 1680 3211 1733 ut
3239 1676 3347 1732 sibi
3371 1679 3614 1748 quanto-

1967 1766 2093 1823 cius
2116 1766 2390 1823 adessent
2410 1770 2469 1821 et
2493 1765 2778 1823 morituro
2804 1765 3068 1823 ultimum
3090 1764 3216 1822 vale
3241 1766 3518 1823 facerent.
3545 1765 3613 1822 Et

1965 1869 2094 1912 cum
2127 1856 2200 1911 ab
2230 1855 2354 1926 ipsa
2386 1853 2533 1911 cella
2585 1854 2985 1926 transpositus
3016 1854 3073 1909 in
3125 1853 3368 1910 alteram
3428 1852 3612 1925 ripam

1966 1944 2133 2001 Mosa
2163 1943 2386 2014 gratias
2434 1948 2635 2013 ageret
2683 1944 2819 2014 Deo,
2874 1943 3035 2014 quasi
3063 1942 3180 2013 jam
3230 1941 3615 2015 propinquior

1965 2034 2058 2092 cui
2088 2033 2389 2105 aspirabat
2426 2032 2803 2102 monasterio,
2857 2032 3121 2089 occurrit
3150 2031 3235 2087 illi
3266 2032 3613 2089 Lambertus

1967 2121 2150 2192 major
2178 2137 2309 2179 cum
2343 2126 2627 2193 apparatu
2658 2120 2981 2177 revectioni
3011 2120 3140 2189 ejus
3161 2135 3441 2190 congruo.
3473 2121 3613 2179 Cum

1964 2225 2105 2267 vero
2130 2211 2184 2291 in
2206 2211 2465 2268 crastino
2486 2210 2641 2267 circa
2667 2209 2866 2265 horam
2891 2223 3099 2266 nonam
3114 2209 3611 2281 appropinquaret

1967 2299 2347 2367 monasterio,
2370 2298 2610 2355 divertit
2633 2312 2812 2369 super
2831 2299 3102 2355 Lumnam
3128 2297 3364 2354 llnvium
3393 2297 3449 2353 in
3475 2311 3615 2369 quo-

1968 2386 2098 2444 dam
2126 2387 2599 2458 circumjacentis
2630 2385 2792 2443 silva
2820 2390 3014 2458 prato,
3049 2399 3119 2441 ne
3152 2384 3282 2457 quis
3311 2385 3477 2442 ﬁeret
3506 2401 3613 2457 pro

1963 2491 2032 2534 eo
2063 2476 2363 2549 popularis
2399 2476 2667 2548 planctus
2699 2481 2797 2533 aut
2834 2473 3235 2532 tumultuatio.
3266 2473 3360 2531 Sic
3393 2474 3611 2532 evitata

1963 2565 2229 2638 populari
2252 2565 2682 2638 expectatione,
2706 2565 2761 2622 in
2787 2564 2970 2637 prima
2995 2563 3193 2634 vigilia
3217 2562 3411 2620 noctis
3433 2562 3615 2621 domi-

1960 2655 2103 2713 nica
2134 2655 2284 2727 (130)
2316 2660 2603 2727 exceptus
2632 2659 2723 2711 est
2753 2668 2884 2711 cum
2917 2652 3167 2709 maxime
3202 2652 3444 2709 fratrum
3476 2667 3612 2710 ma-

1959 2744 2371 2802 rore.'Summo
2413 2749 2608 2802 autem
2632 2756 2798 2799 mane
2830 2741 2992 2799 affuit
3028 2741 3111 2798 illi
3135 2741 3451 2814 episcopus
3479 2746 3609 2799 cum

1961 2834 2286 2903 Berengero
2317 2834 2548 2889 abbate.
2588 2832 2676 2887 Hii
2710 2846 2839 2888 cum
2890 2831 2961 2887 ad
3001 2845 3132 2888 eum
3165 2830 3477 2901 intrarent,
3512 2830 3611 2887 ille

1956 2922 2226 2980 collectis
2254 2922 2479 2978 viribus
2501 2922 2713 2978 sedens
2739 2920 2795 2976 in
2818 2918 2972 2977 lecto
2991 2920 3217 2990 gratias
3240 2920 3358 2976 Deo
3382 2918 3527 2991 egit,
3549 2924 3611 2977 et

1957 3011 2230 3083 imposita
2256 3010 2367 3067 sibi
2391 3010 2543 3066 stola
2562 3010 2775 3066 fratres
2800 3023 2940 3066 suos
2956 3013 3071 3065 tam
3099 3013 3423 3080 prasentes
3439 3021 3610 3079 quam

1958 3101 2231 3158 absentes
2254 3099 2507 3157 absolvit
2528 3098 2857 3169 divinaque
2878 3096 3297 3155 misericordia
3318 3110 3608 3154 commen-

1957 3188 2137 3258 davit,
2166 3193 2221 3245 et
2267 3189 2351 3245 sic
2383 3188 2614 3245 demum
2646 3185 3054 3245 ecclesiastico
3084 3200 3243 3243 more
3276 3200 3340 3243 se
3368 3187 3487 3243 Deo
3519 3200 3610 3243 re-

1953 3276 2385 3335 conciliandam
2418 3276 2695 3349 episcopo
2729 3274 3030 3332 humiliter
3060 3272 3297 3330 obtulit.
3334 3272 3458 3332 Hiis
3489 3288 3609 3333 om-

1955 3366 2128 3423 nibus
2152 3366 2289 3424 hora
2308 3366 2428 3423 fere
2449 3365 2624 3421 tertia
2641 3363 2912 3437 expletis,
2938 3361 3148 3419 exinde
3168 3361 3415 3421 studens
3435 3362 3608 3421 silen-

1955 3455 2036 3512 tio
2059 3460 2117 3513 et
2149 3456 2359 3513 divina
2390 3453 2872 3526 contemplationi
2906 3453 2963 3509 in
2995 3451 3313 3510 crastinum
3342 3451 3483 3510 hora
3514 3467 3610 3509 ea-

1953 3543 2080 3601 dem
2105 3544 2177 3601 ad
2197 3547 2373 3601 Deum
2409 3542 2829 3615 migravit.(an.
2882 3546 3040 3612 1087,
3092 3541 3241 3612 Aug.
3277 3540 3388 3612 25).
3426 3541 3604 3613 Cujus

1954 3633 2150 3691 statim
2180 3633 2525 3705 migratione
2557 3632 2813 3703 vulgata,
2871 3635 3194 3688 occurrunt
3228 3630 3499 3687 certatim
3531 3630 3603 3687 ad

1954 3722 2097 3779 tanti
2124 3722 2522 3793 viriexeqnias
2543 3718 2892 3778 Godefridu’s
2919 3718 3303 3787 Buloniensis,
3326 3718 3602 3777 Albertus

1950 3811 2350 3880 Namucensis,
2376 3810 2654 3867 Arnulfus
2684 3807 3137 3879 Chisniacensis,
3183 3809 3339 3864 Cono
3368 3808 3602 3866 Montis-

1951 3900 2107 3956 acnti
2140 3898 2309 3971 (131),
2341 3898 2709 3969 curialesque
2732 3896 2778 3929 “
2801 3911 2931 3953 cum
2961 3895 3348 3968 popularibus
3376 3894 3601 3954 indiffe-

1951 3993 2150 4045 renter
2181 3986 2444 4057 admixti,
2480 3984 2645 4057 quasi
2681 3991 2908 4056 patrem
2939 3984 3145 4055 patria
3176 3983 3444 4040 amisisse
3467 3998 3602 4041 con-

1951 4075 2321 4148 querentes“7
2334 4075 2750 4132 lamentatione
2766 4073 3196 4130 communi.Per
3212 4071 3448 4129 biduum
3463 4085 3602 4130 vero

1949 4165 2303 4236 advigilatus
2341 4164 2624 4235 solempni
2645 4163 2952 4221 missarum
2975 4160 3374 4219 celebratione
3396 4166 3598 4220 etcen-

1948 4254 2110 4310 tinua
2135 4253 2488 4327 psalmorum
2509 4252 2942 4323 decantatione,
2959 4253 3191 4308 tandem
3219 4248 3489 4324 sepultus
3503 4255 3598 4309 est

1952 4344 2124 4400 tertia
2160 4343 2251 4400 die
2283 4343 2433 4415 (132)
2465 4356 2521 4398 in
2553 4341 2741 4414 eripta
2775 4355 2922 4399 nova
2958 4354 3128 4413 quam
3161 4337 3508 4397 condiderat
3539 4338 3597 4396 in

1556 4459 1792 4515 VARUE
1834 4460 2126 4516 LECTION
2133 4460 2232 4514 ES.

766 4529 812 4565 ⁸⁸
839 4530 1055 4588 Gualco
1085 4536 1136 4586 1.

698 4602 744 4637 ⁸⁷
775 4603 1194 4686 conquirentes
1225 4607 1273 4659 1.

259 4533 304 4567 ⁶²
330 4532 573 4592 Vasanie
604 4538 654 4589 1.

188 4610 247 4662 2.
284 4621 336 4664 c.
372 4604 468 4677 qui
504 4610 549 4660 1.

1246 4529 1354 4601 “1’,
1390 4529 1643 4602 e.feoda
1673 4531 1727 4588 ei
1749 4531 2108 4596 attribuere;
2142 4543 2375 4589 cassare
2401 4533 2449 4584 1.

2563 4527 2609 4561 ⁸⁵
2631 4542 2829 4586 secum
2861 4533 2911 4585 1.
2940 4527 2993 4597 f.
3029 4524 3109 4584 ibi
3142 4540 3360 4585 secum.
3439 4525 3600 4585 “ita

1775 4701 1822 4754 N
1829 4699 1998 4757 ΟΤΕ.

260 4800 435 4871 (128.)
469 4799 731 4856 Alterum
763 4813 915 4872 anno
959 4802 1113 4867 1082,
1149 4799 1252 4872 sed
1308 4801 1569 4872 Grupont
1603 4798 1834 4855 demum

191 4869 348 4939 1087,
381 4869 436 4927 ν’.
475 4885 649 4941 supra
684 4869 796 4926 col.
837 4872 994 4938 1386,
1024 4884 1151 4941 cap,
1178 4871 1264 4924 43.

260 4938 410 5014 (129)
445 4938 575 4997 Hac
610 4941 764 4997 inter
792 4955 855 4997 se
876 5010 887 5014 _
910 4939 1221 5014 convenire
1249 4938 1563 5014 videntur,
1596 4940 1835 5014 sedgpro

189 5008 338 5072 anno
363 5008 499 5069 1087
523 5016 685 5068 stant
710 5010 960 5068 Annales
988 5008 1334 5065 Laubienses
1357 5014 1413 5064 et
1437 5013 1644 5065 auctor
1667 5008 1830 5078 Vita,

189 5084 286 5156 qui
319 5098 468 5142 anno
498 5086 692 5139 atatis
724 5085 794 5137 80
836 5080 1403 5156 nondum_completo
1454 5094 1583 5156 eum
1617 5079 1835 5156 obiisse

190 5151 392 5231 refert,
416 5157 639 5231 _natum
675 5167 823 5209 anno
873 5156 1028 5231 1007,
1066 5152 1202 5231 Nov.
1240 5151 1835 5231 1_1.AAccedit.e_harta

189 5226 260 5283 de
293 5221 661 5295 Gruisponte,
694 5239 843 5294 qua,
868 5237 937 5279 eo
971 5221 1222 5295 vivente,
1257 5223 1391 5295 data
1414 5236 1545 5295 esse
1578 5221 1828 5295 videtur.

190 5297 404 5353 Contra
435 5292 836 5353 Theodericus
860 5295 903 5348 ll
939 5293 1272 5349 nominatur
1305 5294 1358 5347 in
1392 5292 1706 5348 donatione
1729 5294 1837 5350 Ra-

185 5366 406 5439 ginoldi
440 5381 532 5439 ap.
570 5368 729 5422 Mart.
774 5371 849 5439 et,
876 5366 1014 5439 Dur.
1051 5365 1088 5439 l_,
1125 5368 1245 5429 519,
1281 5377 1412 5439 q_ua_
1441 5364 1573 5439 data
1606 5367 1697 5419 est
1727 5379 1824 5439 an.

188 5433 347 5509 1086,
374 5433 502 5509 ind‘.
549 5453 601 5507 x,
634 5451 781 5493 anno
827 5435 1077 5509 Philippi
1128 5433 1575 5509 xxvi,’Rainoldi
1610 5449 1689 5509 ηις
1727 5434 1833 5509 _Sed

187 5506 505 5567 Rainbldus
528 5523 676 5566 anno
704 5510 833 5565 1091
861 5506 991 5564 ord.
1022 5506 1141 5565 sua
1188 5511 1221 5564 7
1253 5506 1594 5563 numerabat
1627 5506 1831 5575 (Gallia

189 5580 319 5642 Chr.
353 5582 419 5653 X,
451 5580 541 5652 31)
572 5584 630 5638 et
661 5578 779 5638 ind.
799 5594 850 5638 ,ι
875 5578 1150 5639 convenit
1176 5593 1304 5637 cum
1335 5591 1388 5634 a.
1424 5579 1580 5635 1087.

2019 4797 2165 4870 (130)
2190 4796 2482 4870 Dominica
2512 4799 2637 4854 erat
2660 4798 2814 4870 Aug.
2850 4799 2937 4853 22.
2970 4797 3143 4853 Teste
3175 4797 3416 4852 auctore
3445 4793 3591 4870 Vita

1946 4864 2111 4925 mane
2146 4864 2300 4925 venit
2334 4876 2393 4925 et
2447 4869 2580 4926 inde
2612 4869 2704 4923 die
2737 4864 2940 4938 quarta
2978 4874 3244 4938 mortuus
3293 4869 3415 4938 est,
3449 4864 3583 4922 scil.

1949 4944 2091 5021 ang.
2118 4945 2579 5021 gmqnanquam
2634 4938 2717 5021 ibi
2744 4935 2797 4994 in
2831 4935 3253 5021 cod._.A.|ne_nsi‘
3291 4936 3509 5021 legitur
3534 4951 3591 4992 Ix

1945 5009 2074 5068 Kal.
2116 5009 2519 5083 Septembris,
2544 5009 2653 5083 sed
2686 5010 2748 5083 d7.
2807 5024 2904 5083 vm
2944 5009 3083 5083 _Kal.
3122 5009 3288 5083 Sept.
3321 5012 3593 5083 tuentur

1944 5084 2111 5209 ἐξῆν.
2228 5081 2543 5207 ἓεκὶιηὶηἰ.
2571 5082 2779 5137 ilonth.
2806 5080 3034 5150 Prodr.,
3062 5094 3123 5151 p.
3155 5077 3258 5135 985
3279 5078 3338 5135 et
3366 5077 3591 5136 Missale

2013 5170 2040 5209 a
2073 5169 2124 5209 iu
2155 5196 2193 5209 ..
2288 5167 2341 5206 s.

1989 5157 2193 5209 taliul..
2228 5166 2341 5207 ms.

2044 5196 2167 5293 18-1.).
2178 5196 2514 5294 ’.ὗῶίίαίθσιι
2542 5221 2692 5279 inter
2726 5220 3084 5294 Leodiumet
3115 5218 3339 5294 Hoium.

2046 5290 2163 5363 132)
2198 5295 2316 5350 Mos
2366 5290 2581 5364 quippe
2632 5293 2907 5364 antiquus
2939 5290 3044 5364 fuit
3085 5294 3146 5345 ut
3180 5290 3423 5364 abbates
3453 5303 3592 5348 non-

1942 5360 2053 5421 nisi
2084 5360 2258 5420 tertia
2284 5360 2423 5435 post
2454 5360 2675 5420 obitum
2696 5360 2804 5435 die
2834 5360 3154 5435 sepultura
3187 5361 3585 5435 traderentur,

1943 5442 2008 5492 ut
2039 5431 2567 5492 demonstravimus
2600 5435 2653 5490 in
2694 5433 2791 5489 lib.
2828 5450 2859 5488 v
2888 5431 2966 5489 De
2997 5431 3254 5503 antiquis
3285 5432 3589 5489 monacho-

1943 5521 2069 5564 rum
2103 5505 2317 5562 ritibus
2347 5520 2397 5563 r.
2434 5509 2520 5576 12,
2556 5521 2609 5562 n.
2643 5508 2693 5561 6.
2730 5506 2906 5563 Mur.
