3948 6070
358 291 510 353 1895

1329 274 1802 345 CHRONICON
1848 276 1915 339 S.
1962 271 2325 337 HUBERTI
2365 268 2755 334 ANDAGIN.

3604 268 3757 335 1896

354 447 631 503 honorem
658 444 844 499 beatae
867 442 925 495 et
948 435 1224 508 gloriosas
1247 449 1478 506 semper
1500 431 1741 502 virginis
1772 431 1992 485 Mariae.
2028 408 2085 471 Α
2186 429 2271 481 55.
2309 424 2444 495 (69.)
2475 423 2796 495 Episcopus
2825 425 3018 480 autem
3066 422 3223 481 circa
3255 423 3448 480 locum
3470 438 3545 481 ex
3572 424 3759 483 veteri

359 539 536 595 Cu'us
566 532 904 603 obsequium
951 545 1081 588 cum
1134 526 1450 596 episcopus
1478 522 1573 579 vix
1606 521 1892 591 expleret,
1927 517 2003 575 la-

357 628 557 688 crimis
587 632 643 683 et
676 624 895 690 gemitu
945 634 1146 676 vocem
1178 618 1305 689 ejus
1334 611 1787 679 intercludente,
1819 610 2005 665 incre-

360 718 537 776 dibile
558 715 854 771 videbitur
886 708 1140 784 posteris
1165 707 1216 762 in
1241 709 1490 778 quantos
1516 702 1784 775 planctus
1805 712 2006 755 omnes

360 823 423 868 se
453 804 894 867 suscitaverint,
946 803 1299 871 quantisque
1336 792 1698 851 clamoribus
1727 788 1916 847 dolori
1948 787 2001 843 in

362 909 668 957 commune
701 909 741 949 s'
766 892 1130 948 tisfacerent.

431 990 516 1046 ut.
552 986 686 1056 (68.)
720 986 799 1040 Eo
854 978 1088 1037 tandem
1126 973 1379 1048 sepulto,
1427 972 1741 1045 episcopus
1789 965 2004 1024 obtulit

363 1077 646 1134 fratribus
660 1070 908 1143 eligendi
944 1067 1174 1125 abbatis
1189 1065 1508 1136 optionem,
1544 1056 2008 1130 protestatusin-

363 1167 435 1224 de
449 1165 605 1223 nolle
619 1161 919 1225 recedere,
941 1158 1051 1214 nisi
1068 1157 1155 1214 eis
1168 1155 1297 1212 loco
1312 1150 1571 1210 defuncti
1587 1148 1887 1205 ordinaret
1911 1158 2009 1216 pa-

365 1261 532 1314 trem.
561 1251 841 1311 Convenit
872 1251 926 1305 in
962 1262 1126 1305 unam
1153 1242 1501 1303 sententiam
1535 1243 1595 1295 et
1622 1238 1862 1292 fratrum
1895 1234 2010 1290 elc-

363 1346 482 1404 ctio
499 1350 559 1399 et
579 1342 884 1401 curialium
906 1335 1213 1396 attestatio
1234 1339 1290 1390 et
1315 1329 1613 1404 popularis
1644 1324 2006 1391 acclamatio,

368 1433 694 1493 donandam
712 1431 971 1487 eamdem
997 1426 1289 1484 abbatiam
1303 1418 1655 1478 Theoderico
1669 1413 2009 1488 praeposito;

367 1524 520 1597 quod
549 1522 685 1578 licet
709 1520 807 1576 ilie
828 1518 1133 1575 videretur
1156 1514 1352 1585 reniti,
1385 1526 1566 1581 seque
1591 1509 1874 1567 fateretur
1899 1516 2009 1597 non

366 1590 677 1672 convenire
706 1612 887 1667 tantae
930 1604 1340 1677 assumptioni,
1374 1603 1520 1659 adeo
1554 1598 1801 1658 increvit
1831 1590 2008 1651 semel

366 1706 597 1761 emotus
629 1699 882 1755 omnium
919 1698 1079 1753 favor
1109 1692 1173 1756 ⁸⁸.
1205 1699 1269 1749 ut
1302 1692 1373 1749 de
1415 1706 1476 1747 re
1506 1690 1726 1760 agenda
1759 1699 1864 1743 nec
1906 1681 2010 1752 ipsi

2115 513 2205 586 pia
2234 512 2655 570 consuetudine
2685 511 2994 581 sollicitus,
3027 527 3157 569 cum
3191 512 3421 569 audiret
3460 528 3489 568 a
3522 513 3761 584 quibus-

2114 603 2241 659 dam
2277 617 2404 673 qum
2456 592 2815 673 gerebantur
2844 601 2996 657 inter
3024 600 3293 658 abbatcm
3343 607 3403 658 et
3440 603 3674 672 fratres,
3705 607 3760 660 et

2113 692 2311 749 audita
2337 690 2712 748 dissmulans
2738 704 2929 759 nesse,
2953 689 3153 746 eadem
3176 695 3442 762 speraret
3465 706 3764 762 corrigen-

2114 780 2185 837 da
2218 780 2307 837 vel
2340 786 2602 852 tempore
2643 778 2732 835 vel
2764 778 3012 850 ratione,
3067 779 3241 850 idque
3276 780 3510 836 minime
3557 796 3766 853 prove-

2114 870 2286 936 niret,
2315 870 2651 938 indignatus
2669 868 2906 924 sibimet
2928 882 3108 939 super
3129 867 3763 926 taliordinationecum

2116 959 2580 1030 mueroregravi:
2614 959 2781 1027 Ecce,
2822 956 3030 1028 inquit,
3056 957 3216 1029 quod
3251 957 3494 1014 verebar
3517 958 3766 1030 accidit,

2116 1063 2241 1107 ecce
2260 1063 2442 1120 quam
2454 1050 2681 1123 infelix
2694 1048 2789 1106 ezi
2800 1048 2894 1104 tus
2908 1060 2983 1103 ea:
2993 1048 3117 1104 tam
3130 1047 3283 1105 fretis
3296 1047 3497 1106 initiis
3512 1051 3525 1103 !
3552 1048 3674 1105 Nec
3686 1053 3769 1105 ta-

2118 1154 2243 1194 men
2275 1138 2525 1208 abstitit,
2561 1138 2695 1209 quin
2731 1136 2947 1206 szepius
2980 1134 3170 1192 locum
3204 1136 3513 1204 reviseret,
3553 1138 3771 1194 fratres

2118 1227 2455 1297 corrigeret,
2491 1241 2586 1283 res
2640 1224 2906 1282 ecclesiae
2949 1238 3018 1279 ne
3047 1223 3448 1282 minuerentur
3477 1226 3772 1282 attentius

2118 1320 2373 1381 curaret,
2400 1317 2668 1373 abbatem
2703 1315 2757 1370 in
2785 1313 2997 1385 quibus
3019 1328 3148 1369 eum
3174 1313 3773 1385 deprehendebatmi-

2121 1420 2229 1462 nus
2261 1405 2524 1462 sufficere
2562 1420 2669 1461 suo
2717 1402 2962 1460 consilio
2990 1407 3049 1457 et
3096 1402 3315 1459 auxilio
3365 1406 3767 1459 sustentaret.

2122 1492 2296 1562 Cujus
2328 1491 2425 1549 ille
2457 1492 2638 1548 vivaci
2673 1491 2988 1547 sedulitate
3019 1490 3296 1559 refectus,
3332 1504 3361 1545 a
3391 1504 3497 1546 suo
3520 1489 3627 1545 illo
3657 1505 3776 1560 quo

2120 1582 2371 1651 gravaba
2385 1587 2476 1636 tur
2493 1580 2643 1652 apud
2660 1594 2720 1636 se
2741 1579 2972 1635 defectu
2986 1578 3164 1649 coepit
3184 1579 3554 1635 constantior
3569 1578 3775 1635 haberi

2124 1668 2177 1724 in
2209 1670 2319 1725 hiis
2352 1685 2479 1740 qua:
2528 1668 2785 1726 curanda
2815 1671 3177 1740 susceperat,
3228 1674 3287 1724 et
3346 1683 3476 1739 quae
3510 1667 3677 1739 prius
3711 1673 3779 1725 ut

369 1755 693 1848 retractare
720 1788 930 1843 liceret
952 1784 1246 1855 episcopo.
1277 1784 1517 1851 Jamque
1540 1755 1752 1836 donata
1778 1774 2004 1832 abbatia

2209 1766 2427 1830 rxperta
2454 1758 2564 1814 sub
2582 1756 2827 1827 quadam
2855 1755 3197 1813 lassitudine
3222 1756 3593 1821 fastidiebat;
3620 1756 3775 1814 unde

371 1877 714 1951 quassans“
736 1880 1068 1945 caput,cum
1089 1888 1204 1944 prae
1231 1870 1615 1927 admiratione
1631 1867 2014 1924 familiaribus

368 1966 493 2024 suis
523 1963 878 2030 enuntiaret,
928 1959 1071 2015 tanti
1105 1957 1319 2013 favoris
1369 1956 1679 2012 clamorem
1716 1954 1921 2009 timere
1953 1967 2013 2009 se

371 2053 426 2111 in
460 2056 754 2126 posterum
782 2048 1028 2117 alicujus
1060 2046 1281 2103 sinistri
1319 2044 1573 2115 portenti
1600 2045 1739 2098 fore.
1777 2041 1886 2099 Sed
1921 2056 2015 2097 ne-

373 2157 485 2214 que
505 2141 631 2211 ejus
653 2141 802 2195 hanc
833 2136 1289 2194 enuntiationem
1314 2137 1561 2190 eventus
1585 2130 1812 2201 fefellit,
1844 2135 1922 2200 et,
1951 2133 2013 2187 ut

374 2246 481 2289 suo
505 2230 634 2286 loco
659 2227 908 2287 diretur.
926 2240 1030 2297 per
1051 2238 1349 2281 accessum
1370 2221 1653 2293 temporis
1677 2219 1829 2291 quod
1853 2234 2017 2275 vere-

374 2319 549 2377 batur
572 2318 804 2376 accidit.
828 2313 1222 2372 Theodericus
1241 2327 1380 2369 vero
1404 2311 1771 2367 recedentem
1791 2310 2018 2380 episco-

373 2425 506 2482 pum
538 2410 890 2478 prosecutus
921 2408 978 2460 et
1013 2405 1084 2458 ab
1115 2418 1185 2459 eo
1213 2417 1283 2458 ex
1318 2416 1477 2482 more
1504 2401 1554 2455 in
1590 2400 1856 2456 abbatem
1885 2413 2018 2455 con-

375 2480 659 2549 secratus,
692 2487 745 2541 in
806 2483 1079 2541 Kalendis
1113 2480 1473 2553 Septembris
1529 2484 1812 2550 exceptus
1863 2483 1957 2534 est
1986 2493 2016 2534 a

378 2578 663 2636 fratribus
694 2575 965 2632 laetanter
995 2572 1076 2626 illi
1105 2570 1578 2640 procedentibus.
1605 2569 1744 2635 Quia
1770 2583 1928 2637 ergo,
1955 2572 2017 2623 ut

376 2667 458 2724 ait
489 2665 721 2737 quidam
757 2663 926 2729 (133),
962 2659 1195 2717 difficile
1228 2659 1529 2729 imperium
1565 2658 1875 2725 retinetur,
1909 2656 2018 2713 nisi

375 2754 592 2813 eisdem
626 2753 852 2808 artibus
874 2750 1086 2821 quibus
1105 2753 1161 2806 et
1190 2752 1469 2818 paratur:
1502 2748 1623 2817 ipse
1647 2746 1833 2803 adhuc
1856 2745 2022 2803 rudis

377 2859 536 2902 cura:
562 2839 899 2913 pastoralis,
928 2841 1132 2905 utpote
1156 2842 1401 2895 eatenus
1425 2839 1698 2892 assuetus
1724 2834 2025 2905 providen-

377 2932 477 2990 tize
506 2928 809 2999 exteriori,
837 2925 1185 2984 recordatus
1210 2925 1440 2982 tandem
1466 2924 1597 2995 quis
1623 2924 1794 2980 fuerit
1819 2924 2023 2993 quisve

386 3034 457 3078 ex
497 3023 797 3088 assumpto
821 3015 1006 3072 officio
1030 3013 1476 3081 cogereturjam
1508 3012 1653 3081 ﬁeri,
1677 3012 1942 3068 nimirum
1969 3012 2026 3067 in

2124 1862 2188 1903 ea
2224 1862 2350 1917 quae
2396 1850 2565 1902 erant
2611 1844 2876 1902 ecclesiae
2908 1859 3020 1901 non
3054 1843 3243 1901 solum
3274 1844 3543 1915 retinuit,
3574 1846 3684 1903 sed
3717 1851 3777 1901 et

2120 1934 2385 2019 quaedam
2410 1950 2511 1992 sua
2545 1933 2834 1991 industria
2870 1932 3174 2004 acquirere
3208 1932 3460 1990 studuit.

2195 2029 2280 2081 56.
2316 2026 2453 2097 (70.)
2513 2023 2752 2090 Quidam
2788 2022 3001 2079 nobilis
3059 2022 3378 2092 Sigefridus
3426 2039 3557 2080 cum
3591 2039 3778 2081 uxore

2126 2130 2228 2170 sua
2271 2113 2660 2171 condixerunt
2706 2113 2818 2169 sibi
2852 2112 3102 2169 invisere
3134 2111 3441 2169 ecclesiam
3475 2113 3634 2169 beati
3665 2115 3778 2168 Hu-

2126 2204 2275 2259 berti
2295 2202 2482 2273 gratia
2512 2200 2827 2267 orationis;
2853 2200 2947 2271 qui
2979 2201 3052 2256 ab
3076 2200 3287 2256 abbate
3310 2199 3555 2257 honeste
3578 2216 3777 2257 susce-

2126 2293 2232 2366 pti,
2268 2292 2596 2361 ibidemque
2647 2305 2748 2362 per
2798 2288 3056 2346 triduum
3087 2290 3325 2359 retenti,
3362 2305 3467 2361 pro
3511 2290 3775 2360 impensa

2128 2381 2237 2439 sibi
2298 2379 2698 2436 benevolentia
2756 2377 3011 2447 inducti,
3065 2376 3345 2433 allodium
3402 2376 3473 2433 de
3504 2377 3775 2433 Moroldi-

2128 2470 2254 2526 heis
2287 2468 2456 2541 (134),
2491 2467 2646 2538 quod
2679 2471 2808 2522 erat
2835 2480 3057 2531 eorum,
3091 2465 3359 2522 ecclesiae
3408 2465 3777 2536 obtulerunt,

2132 2559 2338 2630 partim
2376 2557 2562 2627 gratis
2593 2554 2942 2622 donandum,
2977 2554 3190 2626 partim
3225 2555 3296 2610 ab
3327 2554 3414 2611 eis
3444 2555 3778 2610 emendum.

2131 2646 2374 2703 Gavisus
2408 2647 2589 2711 abbas
2623 2659 2685 2701 se
2728 2642 3022 2700 invenisse
3072 2643 3576 2714 opportunitatem
3610 2642 3786 2712 hujus

2131 2734 2556 2807 acquisitionis,
2575 2732 2877 2789 duodecim
2906 2746 3131 2787 marcas
3155 2731 3381 2800 argenti
3408 2731 3534 2788 viro
3557 2737 3621 2787 et
3648 2747 3790 2788 uxo-

2133 2825 2179 2881 ri
2213 2826 2340 2895 ejus
2389 2830 2700 2892 antequam
2752 2820 3096 2876 recedereut
3144 2819 3441 2891 appendit,
3477 2824 3537 2875 et
3576 2819 3790 2891 praedi-

2130 2919 2281 2971 ctam
2310 2910 2739 2984 possessionem
2762 2924 2890 2965 cum
2915 2908 3125 2965 familia
3157 2913 3217 2965 et
3238 2908 3507 2964 omnibus
3532 2907 3667 2977 ejus
3691 2924 3790 2980 ap-

2136 3002 2411 3075 penditiis
2438 2999 2706 3056 ecclesiae
2739 2998 2794 3053 in
2817 3004 3164 3070 perpetuum
3196 2995 3465 3067 legaliter
3498 2995 3780 3052 donatam

382 3107 541 3165 venit
573 3122 634 3163 se
658 3105 829 3162 nimis
853 3104 1126 3166 imparem
1152 3102 1408 3174 impositi
1439 3101 1549 3158 sibi
1574 3101 1801 3167 oneris;
1833 3105 1893 3156 et
1928 3100 2023 3171 qui
2058 3141 2106 3201 Ο
2133 3090 2406 3201 Optinulit.

381 3196 690 3255 videbatur
712 3195 877 3266 prius
894 3192 1057 3264 quasi
1084 3193 1136 3248 in
1161 3193 1330 3264 plano
1353 3191 1786 3253 firmiterstare,
1804 3190 1856 3245 in
1885 3204 2028 3260 prae—

382 3286 546 3357 cipiti
575 3285 687 3352 jam
720 3284 868 3356 pede
900 3282 1091 3354 posito
1123 3282 1299 3352 coepit
1333 3280 1484 3350 apud
1519 3295 1581 3335 se
1612 3279 2030 3348 gravitertitu-

386 3375 544 3431 bare.
574 3375 766 3445 lmpos
784 3387 924 3441 ergo
949 3371 1182 3439 suimet,
1200 3369 1441 3438 vestigia
1468 3368 1554 3424 sui
1578 3366 2030 3439 praadecessoris

387 3462 526 3521 licet
554 3467 869 3532 utcumque
902 3463 1218 3518 conaretur
1246 3457 1542 3529 prosequi,
1568 3455 1728 3513 nullo
1753 3454 1921 3512 modo
1947 3460 2034 3510 ta-

388 3568 517 3610 men
550 3550 856 3623 praevaluit
910 3548 1167 3619 assequi,
1196 3549 1253 3601 et
1284 3546 1482 3602 laxato
1532 3544 1805 3616 paulatim
1838 3545 2034 3614 rigore

388 3639 735 3709 disciplinae,
761 3653 875 3708 quo
900 3637 999 3692 ille
1024 3635 1270 3691 maxime
1298 3634 1484 3704 viguit
1513 3634 1581 3690 ad
1610 3633 1874 3704 gloriam,
1901 3633 2033 3691 dum

390 3742 453 3786 se
478 3726 786 3798 plusjusto
812 3724 1139 3794 quibusque
1162 3721 1652 3792 inclinaretquasi
1673 3721 1743 3777 ad
1765 3721 2034 3791 gratiam,

391 3816 449 3871 in
476 3813 638 3871 brevi
672 3811 906 3869 devenit
942 3810 1012 3867 ad
1035 3814 1432 3881 contemptum
1458 3823 1563 3881 per
1584 3808 2039 3865 familiaritatem

391 3902 654 3960 nimiam.
693 3900 907 3958 Volens
953 3900 1202 3970 denique
1231 3898 1410 3954 amari
1460 3913 1531 3955 ex
1574 3897 1979 3955 benevolentia
2008 3911 2040 3953 a

391 3991 605 4065 quibus
630 3988 929 4047 debuisset
954 3987 1145 4045 timeri
1168 4003 1238 4043 ex
1261 3986 1499 4043 honoris
1522 3986 1870 4055 reverentia,
1904 3984 2040 4041 dum

398 4081 731 4153 quibusque
757 4076 1157 4134 indifferenter
1174 4080 1229 4133 et
1257 4076 1580 4132 inconsulte
1606 4074 1651 4108 7°
1673 4074 2043 4146 promitteret

393 4168 682 4242 speranda
704 4182 831 4238 qum
860 4166 1130 4222 conferre
1154 4180 1264 4220 non
1290 4168 1542 4235 poterat,
1571 4163 1731 4234 ipsos
1749 4162 1922 4218 etiam
1948 4176 2045 4217 ve-

392 4262 552 4314 teres
583 4256 798 4312 amicos
847 4269 987 4311 suos
1032 4252 1145 4310 sibi
1173 4253 1357 4322 gratis
1391 4252 1762 4318 inimicahat;
1794 4250 2041 4307 maxima

393 4345 545 4402 enim
577 4347 667 4401 est
704 4358 838 4415 pars
892 4340 1180 4409 beneficii,
1216 4340 1264 4397 si
1298 4340 1417 4397 cito
1470 4343 1714 4409 negatur
1744 4338 1897 4409 quod
1930 4352 2041 4393 non

397 4432 647 4490 dandum
682 4430 1048 4503 promittitur
1080 4429 1358 4499 (Macnoa.
1382 4429 1517 4485 Sat.
1546 4443 1604 4495 ιι,
1630 4431 1706 4497 7),
1733 4430 1790 4483 et
1820 4426 2042 4482 amicus

2207 3184 2291 3235 57.
2328 3178 2465 3250 (71.)
2526 3176 2854 3248 Stephanus
2882 3173 3242 3232 castellanus
3291 3173 3670 3230 Montisacuti
3702 3188 3794 3229 ca-

2139 3273 2300 3326 satus
2327 3271 2454 3321 erat
2484 3264 2770 3334 ecclesiae,
2806 3266 3083 3334 quantum
3110 3261 3181 3318 ad
3214 3260 3363 3317 ﬁlios
3391 3266 3448 3316 et
3486 3259 3643 3316 filias
3676 3258 3798 3315 nul-

2140 3357 2257 3413 lum
2282 3355 2502 3411 habens
2524 3353 2815 3410 heredem.
2850 3352 3026 3422 Cujus
3050 3351 3362 3407 hereditati
3387 3365 3518 3406 cum
3551 3356 3800 3421 nepotes

2142 3446 2301 3501 illius
2324 3443 2634 3512 inhiarent,
2661 3442 2840 3497 abbas
2861 3445 3258 3497 casamentum
3284 3439 3436 3510 quod
3457 3444 3585 3495 erat
3608 3439 3799 3494 eccle-

2142 3534 2242 3591 sias
2266 3534 2336 3589 ab
2358 3530 2561 3588 codem
2586 3530 2876 3601 Stephano
2911 3527 3176 3598 redemit,
3211 3533 3268 3582 et
3303 3532 3438 3584 ante
3471 3527 3803 3598 quinquen-

2145 3624 2301 3680 nium
2328 3621 2533 3677 mortis
2564 3618 2692 3689 ejus
2725 3617 3014 3673 redditum
3046 3616 3159 3672 sibi
3192 3615 3552 3672 infirmorum
3586 3616 3801 3672 usibus

2146 3710 2471 3784 deputavit.
2506 3707 2829 3765 IEdiflcavit
2867 3710 3148 3778 praeterea
3178 3705 3530 3777 hospitalem
3563 3705 3803 3760 domum

2148 3800 2220 3857 ad
2253 3797 2684 3870 susceptionem
2709 3793 3241 3867 supervenientium
3268 3793 3721 3865 peregrinorum
3742 3798 3804 3848 et

2150 3895 2614 3960 repausationem
2642 3883 2998 3939 infirmorum
3022 3896 3361 3953 pauperum,
3380 3881 3811 3954 deputatisibi-

2151 3978 2278 4034 dem
2330 3972 2677 4032 molendinis
2714 3970 3000 4028 Caviniaci
3034 3970 3154 4027 fisci
3214 3971 3283 4026 ad
3319 3985 3483 4027 usum
3543 3970 3805 4027 illorum.

2153 4064 2465 4122 Constituit
2492 4062 2666 4119 etiam
2692 4062 2974 4131 integram
2991 4058 3363 4131 praebendam
3380 4059 3679 4115 communi
3697 4060 3813 4115 fra-

2154 4159 2307 4211 trum
2340 4151 2676 4209 elemosinte
2727 4148 2988 4220 quotidie
3020 4146 3341 4204 addendam
3374 4146 3446 4203 ad
3480 4147 3813 4204 remedium

2154 4243 2476 4301 animarum
2509 4240 2681 4311 hujus
2739 4236 3210 4308 congregationis
3258 4236 3599 4309 specialiter
3629 4237 3818 4294 desti-

2153 4336 2371 4387 natam.

2225 4423 2311 4478 58.
2349 4417 2486 4490 (72.)
2516 4416 2747 4473 Decima
2779 4415 2960 4472 totius
2993 4413 3462 4471 Ambcrlacensis
3487 4414 3610 4471 ﬁsci
3651 4415 3827 4472 vide-

398 4521 479 4577 ita
512 4500 695 4576 debet
717 4517 941 4589 haberi,
1006 4523 1072 4574 ut
1103 4520 1344 4589 putetur
1374 4515 1646 4571 inimicus
1677 4529 1850 4586 posse
1883 4513 2034 4568 fieri.
2072 4500 2124 4560 D
2155 4507 2295 4564 licet
2318 4504 2869 4573 indominicationis,
2902 4507 3027 4560 erat
3051 4517 3155 4559 sua
3178 4501 3222 4536 ⁷¹
3245 4501 3514 4559 ecclesim
3539 4517 3679 4573 qum
3705 4506 3833 4561 sita

398 4608 560 4665 IYnde
582 4622 713 4664 cum
737 4607 890 4662 inter
912 4620 1042 4661 eum
1066 4609 1124 4661 et
1150 4604 1255 4661 sibi
1282 4596 1635 4661 commissos
1652 4601 2046 4660 suscitaretur

401 4696 672 4766 frequens
704 4694 1018 4763 disSensio,
1070 4692 1140 4748 ad
1173 4694 1279 4748 hoc
1315 4707 1494 4762 usque
1547 4692 1816 4763 prorupit
1842 4705 2044 4747 eorum

402 4789 600 4840 mutua
623 4781 964 4853 indignatio,
1002 4784 1085 4850 ut,
1115 4779 1342 4851 privato
1372 4780 1736 4849 germinantc
1765 4779 1919 4835 inter
1946 4792 2047 4834 eos

404 4872 559 4942 odio,
585 4875 990 4929 succresceret
1015 4869 1068 4925 in
1086 4873 1382 4941 posterum
1408 4868 1639 4940 publica
1659 4868 1844 4940 ipsius
1864 4866 2050 4924 eccle-

402 4959 504 5017 sia;
531 4960 777 5015 maxima
810 4958 1100 5016 confusio.
1132 4956 1242 5014 Sed
1271 4956 1343 5013 de
1366 4956 1479 5013 hiis
1510 4955 1740 5013 interim
1764 4954 2051 5011 intermit-

403 5048 666 5106 tendum.

2155 4596 2322 4653 estin
2348 4596 2554 4651 Ambra
2585 4593 2738 4650 beati
2770 4592 2927 4648 Petri
2961 4590 3235 4664 apostoli,
3271 4596 3327 4647 et
3353 4592 3461 4647 hoc
3485 4606 3514 4645 a
3541 4594 3839 4664 tempore

2154 4683 2416 4754 Beregisi
2445 4682 2699 4751 abbatis,
2725 4682 2876 4737 dono
2910 4680 3096 4751 Pipini
3128 4681 3225 4751 qui
3248 4685 3378 4735 erat
3399 4680 3584 4751 major
3609 4681 3846 4738 domus

2156 4772 2497 4830 Theoderici
2532 4771 2706 4841 regis.
2741 4772 3019 4842 Tempore
3050 4773 3243 4826 autem
3276 4768 3531 4825 Heinrici
3565 4769 3853 4842 impera-

2156 4861 2306 4920 t0ris
2358 4863 2740 4931 cognomento
2799 4858 2904 4929 Pii,
2936 4857 3028 4915 cui
3088 4858 3361 4914 heredem
3394 4871 3508 4912 non
3570 4856 3854 4917 habenti

2161 4949 2460 5007 Conradus
2497 4949 2551 5005 in
2601 4962 2843 5018 regnum
2893 4946 3201 5016 successit,
3238 4944 3619 5015 Cunegondis
3656 4951 3860 5007 comi-

2160 5040 2326 5112 tissa,
2351 5053 2482 5111 quae
2505 5039 2696 5094 fuerat
2744 5036 2912 5095 unica
2939 5035 3243 5092 Gozelonis
3266 5034 3500 5092 comitis
3552 5035 3861 5097 domina-

1774 5166 2011 5227 VARIE
2039 5165 2333 5222 LECTION
2338 5162 2437 5220 ES.

476 5293 523 5329 ⁸⁸
552 5294 773 5377 clamor
824 5308 1117 5369 superscr.
1172 5293 1266 5351 vel
1322 5295 1486 5352 favor
1515 5299 1572 5350 1.

408 5380 668 5438 propria.

1750 5292 1950 5368 “f0”
1978 5291 2300 5362 Quassabat
2360 5285 2669 5360 legendum
2725 5284 2828 5344 est.

2940 5285 2988 5319 ⁷ο
3018 5285 3061 5341 i.
3118 5284 3253 5341 dum
3287 5300 3341 5357 p.
3378 5289 3424 5340 1.
3584 5284 3649 5321 τι
3689 5290 3735 5346 i.
3774 5306 3830 5347 e.

2002 5484 2224 5543 ΝΟΤᾹΞ.

488 5612 636 5683 (133)
667 5610 995 5683 Sallustius,
1028 5614 1221 5684 Catil.,
1256 5572 1307 5671 ο.
1350 5619 1402 5671 2.

2140 5610 2289 5681 (134)
2315 5608 2573 5668 Mor/tae.
2609 5611 2677 5665 II.
