3948 6070
211 198 360 267 1397

1184 202 1673 270 CHRONICHN
1706 203 1783 271 ‘S.
1829 200 2192 270 HUBESTI
2231 198 2627 267 ANDAGIN.

3462 193 3618 264 1898

206 355 354 415 toris
371 356 630 430 ejusdem
651 356 797 428 fisci,
833 356 1029 415 Ottoni
1061 357 1291 415 cuidam
1325 359 1611 417 Saxonico
1636 360 1852 431 nupsit,
1887 342 1941 402 Α
1975 358 2281 417 Caviniaco
2312 356 2583 429 superius
2634 354 2971 413 memoratis
3021 354 3191 429 (136),
3222 370 3424 415 eorum
3453 356 3616 414 testi-

206 447 358 504 inter
389 461 532 517 quos
580 447 889 503 inhonesto
920 446 1171 504 divortio
1205 448 1532 519 eveniente,
1562 450 1716 520 quod
1742 465 1857 506 non

202 539 295 592 est
318 540 577 593 nostrum
613 550 1006 607 renumerare,
1040 552 1209 593 omne
1236 538 1651 609 patrimonium
1678 541 1858 597 Cunc-

200 625 412 695 gundis
436 624 561 695 lege
586 625 837 697 palatina
863 626 1097 682 devenit
1120 626 1173 682 in
1198 642 1433 682 manum
1461 628 1854 697 imperatoris.

201 713 481 772 Henricus
510 719 704 771 autem
754 715 1072 787 imperator
1124 717 1280 773 filius
1344 717 1593 773 Conradi
1648 718 1859 790 praedi-

198 807 354 861 ctum
380 803 579 861 fiscum
604 819 733 860 cum
758 811 953 861 castro
998 804 1149 875 quod
1204 804 1419 862 dicitur
1468 807 1663 877 Rupes
1696 808 1859 863 Sere-

200 894 390 951 manni
424 894 555 950 duci
582 893 888 951 Frederico
913 894 1200 951 mutuavit
1223 910 1327 967 pro
1356 895 1703 965 quihusdam
1728 896 1858 967 ejus

194 981 697 1055 possessionibus,
724 997 851 1053 qum
874 982 931 1038 in
948 983 1193 1038 Saxonia
1217 984 1857 1054 opportuniOreserant

195 1071 339 1139 sibi;
368 1070 473 1127 sed
498 1077 557 1126 et
581 1072 972 1142 Cunegundis,
1001 1071 1151 1143 apud
1180 1072 1492 1128 ecclesiam
1516 1074 1670 1130 beati
1696 1076 1853 1134 Petri

190 1159 281 1216 vel
307 1159 547 1215 Huberti
576 1159 832 1230 reclusa,
870 1175 1066 1217 coram
1093 1159 1263 1217 altari
1296 1161 1481 1217 sancti
1507 1162 1734 1218 Martini
1767 1178 1857 1220 sa'

187 1248 265 1306 tis
285 1248 656 1305 continenter
678 1249 755 1304 ibi
790 1249 993 1305 vivens
1016 1253 1149 1321 post
1179 1249 1404 1319 longam
1441 1251 1846 1320 paenitentiam

193 1334 248 1390 in
275 1334 506 1391 Christo
530 1335 775 1405 quievit,
805 1341 860 1391 et
886 1336 1118 1406 sepulta
1143 1340 1231 1392 est
1253 1336 1483 1407 juxta"
1506 1352 1723 1408 corpus
1758 1352 1852 1409 pa-

194 1423 304 1480 tris
336 1423 425 1480 sui
460 1423 783 1480 Gozelonis.
815 1424 953 1490 Quae
986 1425 1173 1481 adhuc
1227 1430 1537 1496 superstes
1571 1425 1705 1482 dum
1743 1428 1852 1483 fre-

196 1516 581 1584 quentaretur
610 1527 639 1568 a
674 1512 821 1569 duce
856 1513 1165 1571 Fredcrico
1189 1514 1382 1584 gratia
1406 1514 1695 1585 caritatis,
1721 1515 1849 1584 ejus

196 1600 575 1669 suggestione
601 1599 749 1655 idem
775 1599 891 1656 dux
919 1601 1255 1671 praedictam
1278 1602 1559 1659 decimam
1584 1603 1848 1660 ecclesiae

1972 448 2167 505 monio
2193 449 2407 519 justam
2437 446 2668 517 quidem
2701 460 2934 504 causam
2966 446 3199 503 abbatis
3231 447 3613 515 recognovit;

1972 537 2074 593 sed
2101 534 2393 593 mandavit
2417 536 2471 591 ei
2497 550 2560 592 se
2593 534 2743 593 velle
2772 534 3044 592 honorari
3074 535 3261 605 gratia
3290 535 3551 602 ejusdem
3583 550 3616 592 a

1971 641 2033 683 se
2083 625 2494 683 conﬁrmandae
2549 624 2988 695 recognitionis.
3058 625 3252 680 Abbas
3285 622 3366 679 illi
3413 624 3613 683 decem

1972 730 2198 772 marcas
2228 714 2454 784 argenti
2501 713 2785 783 condixit,
2817 727 3064 783 eumque
3097 727 3291 770 secum
3351 713 3618 769 Tudinia-

1970 819 2099 861 cum
2125 802 2171 838 ⁷³
2194 809 2449 861 castrum
2474 804 2640 874 (137),
2659 818 2773 874 quo
2796 802 3261 873 tuncepiscopus
3283 818 3412 859 cum
3434 802 3617 859 Gode-

1972 893 2122 949 frido
2156 892 2303 949 duce
2336 893 2697 960 morabatur,
2749 890 3011 947 adduxit.
3048 892 3103 946 ln
3137 906 3337 947 eorum
3360 905 3616 964 praesen-

1969 982 2047 1038 tia
2069 981 2384 1039 Balduinus
2402 982 2739 1054 praedictam
2759 980 3032 1038 familiam
3054 980 3331 1037 curialem
3347 981 3614 1040 ecclesiae

1969 1072 2124 1129 beati
2156 1071 2397 1127 Huberti
2449 1085 2615 1127 suam
2668 1072 2813 1143 (138)
2842 1084 2972 1127 esse
3003 1070 3362 1140 recognovit,
3397 1075 3455 1127 et
3488 1086 3518 1127 a
3551 1085 3616 1129 se

1968 1164 2298 1233 respectum
2332 1174 2533 1217 eorum
2567 1160 2797 1217 omnino
2854 1159 3131 1227 removitg
3152 1174 3466 1230 omnesque
3517 1161 3614 1231 qui

1964 1250 2317 1305 videbantur
2348 1263 2481 1304 esse
2540 1249 2714 1317 hujus
2745 1248 3229 1305 contradictionis
3260 1264 3389 1305 cum
3422 1249 3610 1306 servis

1964 1351 2165 1393 eorum
2198 1341 2258 1393 et
2309 1336 2556 1404 ancillis,
2609 1352 2739 1394 cum
2798 1337 3267 1408 possessionibus
3322 1351 3521 1394 eorum
3551 1341 3610 1394 et

1962 1426 2212 1493 allodiis,
2244 1426 2395 1481 facto
2424 1426 2500 1481 ibi
2531 1424 2763 1496 publice
2799 1425 3101 1496 privilegio
3123 1425 3173 1481 ei
3205 1424 3611 1493 confirmavit;

1961 1514 2053 1571 cui
2086 1515 2260 1571 etiam
2284 1530 2412 1571 cum
2437 1513 3081 1586 sigilloepiscopisuum
3106 1530 3339 1587 quoque
3361 1512 3609 1587 imprimi

1965 1603 2122 1661 fecit.

193 1701 265 1743 ex
298 1692 425 1745 toto
460 1688 821 1758 recognovit.
878 1691 945 1745 Et
998 1689 1132 1759 quia
1187 1695 1310 1746 erat
1346 1690 1434 1745 vir
1488 1691 1758 1772 veritatis
1788 1696 1845 1747 et
1881 1706 1937 1765 Β
2033 1696 2118 1747 60.
2155 1691 2443 1762 Episcopo
2491 1696 2684 1747 autem
2718 1690 3003 1748 inferente
3042 1691 3196 1762 duci,
3230 1691 3377 1748 satis
3408 1690 3609 1749 utilem

191 1775 460 1848 justitize,
496 1792 602 1848 pro
631 1777 882 1849 dampno
914 1778 1067 1849 quod
1100 1778 1389 1835 intellexit
1422 1779 1549 1836 loco
1581 1780 1847 1837 evenisse

196 1865 267 1921 de
297 1865 499 1922 eadem
535 1865 757 1923 decima
798 1881 897 1936 per
924 1872 1277 1924 memoratas
1308 1868 1671 1925 dominorum
1696 1884 1851 1926 com-

198 1954 576 2025 mutationes,
612 1954 857 2010 tradidit
883 1954 1152 2024 legaliter
1176 1957 1348 2013 beato
1373 1958 1631 2013 Huberto
1646 1973 1848 2030 perpe-

197 2046 297 2098 tuo
315 2042 640 2099 habendum
660 2044 904 2099 Montem
926 2044 1219 2101 Pincionis
1236 2045 1384 2117 (135)
1402 2061 1530 2101 cum
1563 2046 1774 2102 familia
1789 2052 1845 2104 et

195 2129 467 2187 omnibus
497 2130 854 2201 appenditiis
886 2132 1028 2188 suis.
1059 2132 1318 2199 Quicum
1352 2134 1541 2190 adhuc
1565 2135 1729 2191 rudis
1752 2151 1852 2191 an-

194 2217 374 2289 tiquae
389 2222 447 2273 et
472 2218 686 2275 debitae
704 2221 1145 2277 consuetudinis
1161 2227 1633 2290 cognosceretex
1650 2223 1849 2281 debito

197 2305 589 2363 exsolvendas
624 2308 796 2364 beato
825 2308 1085 2365 Huberto
1115 2324 1315 2367 omnes
1341 2310 1625 2382 primitias
1656 2312 1850 2383 singu-

198 2395 383 2450 larum
420 2394 669 2452 ferarum
701 2410 906 2452 annua;
952 2398 1280 2454 venationis
1313 2399 1498 2455 totius
1558 2399 1717 2456 silvas
1751 2402 1850 2456 Ar-

198 2482 575 2553 duennensis,
598 2488 760 2540 tanta
785 2485 1187 2542 sollicitudine
1206 2502 1311 2543 suo
1331 2490 1596 2559 tempore
1621 2488 1849 2546 solvere

199 2586 301 2628 eas
333 2572 582 2643 curavit,
620 2578 683 2629 ut
717 2573 963 2643 quadam
997 2574 1124 2630 vice
1156 2591 1285 2632 cum
1324 2576 1700 2634 venatoribus
1729 2578 1852 2635 suis

202 2675 408 2733 aprum
436 2662 793 2718 monasterio
808 2663 1212 2719 deferentibus
1231 2666 1849 2737 progressus,ipsemet

198 2749 457 2807 humeris
480 2750 733 2823 propriis
764 2752 1024 2821 ejusdem
1062 2753 1187 2825 apri
1212 2763 1384 2825 caput
1415 2755 1582 2811 nobis
1607 2755 1849 2811 videnti-

199 2838 307 2895 bus
321 2837 588 2895 ecclesiae
613 2839 859 2896 inferret
882 2844 936 2896 et
962 2847 1098 2897 ante
1113 2841 1298 2897 altare
1314 2842 1466 2897 beati
1489 2844 1644 2898 Petri
1659 2842 1846 2913 gratia

198 2924 529 2983 devotionis
557 2926 898 2999 deponeret.
931 2930 1055 2985 Dux
1085 2944 1315 3001 quoque
1352 2931 1718 3001 Godefridus,
1753 2946 1848 2987 co-

201 3020 512 3085 gnomento
537 3017 842 3087 Barbatus,
878 3019 1125 3088 quadam
1160 3018 1253 3075 die
1281 3034 1410 3075 cum
1443 3018 1513 3075 ad
1545 3019 1692 3076 hanc
1714 3034 1848 3077 con-

199 3103 569 3161 suetudinem
590 3105 762 3161 beato
779 3105 1034 3163 lluberto
1052 3106 1459 3164 exsolvendam
1476 3113 1747 3164 venatum
1773 3108 1847 3165 is-
1879 3103 1925 3127 “

195 3196 307 3264 set,
326 3193 581 3264 quinque
597 3200 1114 3266 cervoscepitcum
1134 3196 1424 3268 unolupo;
1447 3198 1846 3269 ipsosquoque

195 3295 397 3339 omnes
418 3297 547 3339 cum
572 3283 747 3339 coriis
770 3284 1163 3357 etcaptolupo
1178 3285 1366 3343 adhuc
1396 3287 1629 3342 vivente
1658 3290 1846 3345 trans-

197 3371 359 3427 misit
384 3371 551 3428 nobis
580 3372 916 3429 videntibus
950 3374 1081 3431 huic
1113 3375 1402 3433 ecclesize.
1436 3377 1570 3433 Post
1601 3382 1843 3433 mortem

196 3462 390 3515 autem
421 3459 684 3530 praedicti
718 3461 1011 3518 Frederici
1064 3461 1186 3529 (an.
1221 3465 1378 3536 1065)
1411 3464 1506 3519 Ida
1544 3479 1687 3522 uxor
1718 3466 1844 3535 ejus

195 3547 393 3620 nupsit
415 3547 657 3605 Albcrto
678 3550 876 3606 comiti
895 3551 1259 3619 Namucensi,
1288 3553 1616 3624 iterumque
1636 3554 1845 3625 praedi-

192 3639 285 3693 cta
298 3635 532 3725 decima
547 3638 715 3725 coepit
742 3638 985 3695 subduci
1001 3640 1610 3711 ecclesiaa,agentibus
1630 3642 1842 3712 iniquis

194 3727 250 3780 et
288 3724 725 3783 fraudatoribus
756 3727 1059 3795 ministris,
1094 3730 1260 3799 quasi
1286 3729 1497 3785 fiducia
1523 3730 1841 3789 immutatae

194 3811 723 3872 dominationis.Ad
749 3816 895 3873 hanc
920 3817 1343 3874 reclamandam
1370 3818 1551 3874 abbas
1570 3819 1839 3876 comitem

191 3902 266 3959 ob
291 3917 532 3959 uxorem
555 3904 683 3975 ejus
705 3905 972 3976 expetiit,
993 3909 1053 3962 et
1079 3906 1381 3963 Lamberto
1404 3908 1621 3977 majore
1646 3922 1838 3965 rerum

192 3990 455 4047 ordinem
522 3992 951 4051 rationabiliter
1010 3999 1418 4051 renumerante
1486 3995 1620 4066 illis,
1684 3998 1839 4067 quod

192 4094 360 4137 suum
392 4085 521 4138 erat
550 4082 801 4141 ecclesia
859 4083 1166 4155 utriusque
1194 4098 1436 4142 assensu
1468 4086 1839 4157 recuperavit

78 4188 85 4197 ί
192 4174 479 4241 perpetuo
510 4170 856 4227 habendum.

263 4260 349 4312 59.
387 4256 522 4327 (73.)
557 4259 721 4331 Apud
772 4258 1138 4317 Caviniacum
1171 4258 1377 4317 iiscum
1405 4259 1646 4318 curialis
1678 4261 1837 4317 fami-

191 4345 269 4402 lia
293 4346 639 4412 habebatur,
672 4362 801 4419 quae
823 4347 957 4405 olim
986 4348 1253 4405 ecclesiae
1275 4349 1557 4419 acquisnta
1589 4365 1717 4406 cum
1746 4364 1839 4406 ce-

1962 1782 2084 1836 fore
2100 1779 2367 1836 ecclesia
2387 1780 2539 1835 beati
2558 1779 2799 1836 Huberti
2815 1780 3260 1851 acquisitionem
3275 1780 3447 1849 hujus
3461 1780 3605 1850 fisci,

1961 1868 2009 1925 si
2040 1869 2171 1939 quis
2222 1868 2396 1923 etiam
2429 1866 2708 1924 decimam
2739 1868 2866 1937 ejus
2895 1868 3199 1937 acquirere
3228 1872 3446 1939 posset,
3482 1882 3608 1938 quae

1959 1960 2089 2012 erat
2108 1955 2376 2012 ecclesia:
2392 1955 2769 2025 Prumiensis,
2788 1956 3062 2013 consultu
3076 1961 3130 2011 et
3148 1956 3384 2012 hortatu
3406 1971 3607 2013 eorum

1959 2044 2227 2116 concepit
2279 2043 2676 2101 Theodericus
2736 2045 2917 2100 abbas
2951 2045 3059 2101 hoc
3101 2045 3253 2100 idem
3312 2044 3607 2115 negotium
3652 2106 3658 2115 ι

1959 2131 2573 2203 exequendi.Denique
2596 2146 2889 2202 reversus,
2915 2137 3225 2203 utrumque
3241 2134 3606 2189 Lambertum

1960 2220 2251 2277 Prumiam
2278 2219 2454 2290 misit,
2482 2224 2543 2275 et
2567 2219 2743 2276 nichil
2766 2220 2853 2276 eis
2871 2220 2963 2275 vel
2993 2220 3300 2278 dicendum
3325 2220 3417 2277 vel
3440 2234 3610 2291 agen-

1962 2308 2096 2365 dum
2131 2309 2379 2378 dictans,
2414 2313 2684 2364 eventum
2718 2307 2800 2364 rei
2830 2308 3341 2380 pertemptandum
3374 2308 3608 2365 commi-

1962 2396 2059 2454 sit.
2097 2397 2338 2468 Excepti
2374 2396 2799 2453 honorabiliter
2824 2410 2854 2452 a
2878 2386 3198 2453 venerabili
3223 2397 3436 2452 abbate
3457 2397 3613 2454 Wul-

1963 2486 2183 2555 franno,
2216 2491 2275 2542 et
2304 2487 2377 2542 ab
2404 2500 2475 2542 eo
2525 2485 2891 2542 familiariter
2924 2500 3026 2557 per
3069 2484 3489 2541 hebdomadam
3524 2499 3611 2542 re-

1963 2575 2127 2645 tenti,
2154 2575 2299 2631 adeo
2332 2574 2515 2631 virum
2551 2574 2675 2631 suis
2706 2574 3057 2631 ali‘ectabant
3092 2574 3339 2644 facetiis,
3366 2578 3450 2645 ut,
3484 2574 3610 2646 qui-

1961 2664 2437 2735 busquesucrum
2459 2663 2831 2735 postpositis,
2848 2662 3080 2720 illorum
3106 2663 3441 2735 specialiter
3457 2664 3607 2720 frue-

1960 2758 2124 2809 retur
2184 2752 2517 2823 colloquiis.
2578 2754 2649 2809 Et
2703 2752 3047 2808 Lambertus
3107 2752 3338 2823 quidem
3398 2752 3599 2823 major,

1957 2845 2163 2913 utpote
2187 2841 2283 2913 qui
2309 2842 2380 2897 ab
2412 2840 2808 2898 adolescentia
2841 2856 2942 2897 sua
2978 2840 3159 2898 curiis
3187 2841 3371 2898 fuerat
3406 2854 3601 2898 assue-

1960 2934 2072 3001 tus,
2108 2945 2237 2987 cum
2290 2929 2609 2987 delectaret
2660 2928 3131 2986 confabulantem
3164 2929 3271 2986 sibi
3330 2929 3599 2987 abbatem

1958 3019 2230 3091 palatinis
2262 3019 2501 3085 salibus,
2522 3018 2717 3088 junior
2749 3032 2887 3075 vero
2912 3023 3087 3090 prout
3110 3025 3234 3075 erat
3262 3017 3343 3073 illi
3368 3017 3597 3075 dicendi

1956 3108 2124 3165 locus
2158 3108 2415 3165 breviter
2438 3107 2757 3164 deﬂoratos
2786 3112 3049 3164 veterum
3082 3106 3373 3163 annalium
3406 3106 3602 3162 subin-

1957 3198 2136 3254 ferret
2170 3203 2434 3267 eventus,
2470 3196 2614 3254 illud
2647 3197 2738 3253 vel
2764 3196 2982 3267 saepius
3002 3196 3273 3266 exigebat
3306 3194 3486 3252 abbas
3512 3209 3601 3253 re-

1957 3287 2255 3344 ferendum
2289 3286 2396 3343 sibi
2431 3285 2595 3357 quasi
2631 3285 2701 3340 ad
2739 3284 2987 3355 gratiam
3014 3283 3424 3356 jocunditatis,
3460 3299 3600 3353 quo-

1955 3376 2127 3431 modo
2160 3375 2429 3446 Papirius
2477 3376 2870 3432 Praetextatus
2904 3386 3067 3444 puer,
3100 3386 3170 3428 ne
3199 3377 3439 3431 senatus
3467 3386 3600 3429 con-

1955 3463 2173 3521 sultum
2207 3464 2499 3536 proderet,
2537 3468 2778 3519 matrem
2812 3477 2974 3519 suam
3002 3461 3273 3518 eluserit.
3314 3462 3593 3530 (Macnoa.

1950 3554 2086 3611 Sat.
2114 3567 2148 3620 ι,
2171 3556 2249 3625 6.)
2269 3553 2389 3611 Hic
2408 3552 2756 3624 capitolium
2775 3552 3078 3623 ingressu:
3096 3548 3204 3607 sub
3223 3550 3479 3609 ctamide
3493 3564 3599 3622 pa-

1954 3642 2067 3700 tris
2106 3641 2378 3699 latenter.
2420 3641 2676 3712 indeque
2702 3654 3029 3711 regressus,
3062 3653 3191 3697 cum
3219 3652 3283 3696 se
3310 3639 3600 3727 quaerenti

1949 3731 2138 3787 matri
2156 3731 2595 3801 praesentasset,
2628 3730 2745 3786 illa
2788 3730 2947 3786 inter
2976 3728 3177 3786 oscula
3203 3727 3602 3800 interrogavit

1951 3834 2082 3877 eum
2100 3819 2202 3876 ubi
2222 3819 2457 3876 tamdiu
2458 3820 2724 3891 fuisset;
2739 3833 2854 3889 quo
2869 3816 3254 3888 respondente
3264 3831 3326 3875 se
3345 3830 3598 3890 campa-

1952 3908 2041 3964 tre
2053 3908 2119 3965 in
2131 3920 2273 3963 sena
2281 3907 2346 3962 tu
2352 3906 2577 3978 fuisse,
2596 3904 2887 3961 rnaternis
2906 3905 3277 3973 argumentis
3287 3906 3597 3978 eanitpue-

1947 4010 2014 4053 ro
2034 3995 2334 4064 insistere,
2355 3995 2425 4050 ut
2441 3992 2560 4050 sibi
2580 3993 2838 4057 referret
2857 3992 3010 4063 quid
3023 3992 3235 4049 secreti
3255 3991 3474 4050 ibidem
3491 4007 3594 4050 au-

1950 4085 2141 4142 disset
2199 4084 2361 4139 Puer
2385 4083 2675 4153 pertaesus
2704 4081 3027 4154 querentis
3041 4080 3434 4157 fatigatione,
3466 4096 3599 4139 cum

1948 4174 2183 4230 omnino
2215 4169 2602 4229 deliberasset
2638 4170 2800 4243 apud
2826 4183 2889 4227 se
2927 4169 3204 4241 capitolii
3228 4169 3456 4227 secreta
3482 4184 3600 4228 non

1937 4261 2225 4334 prodere;
2241 4257 2561 4316 adinvenit
2571 4258 2696 4315 arti
2687 4258 2917 4329 ﬂciose,
2932 4256 3207 4315 senatum
3221 4256 3374 4314 duas
3384 4271 3601 4317 uxores

1947 4351 2276 4421 unicuique
2301 4348 2430 4404 ciro
2462 4347 2810 4417 decrevisse,
2843 4347 3027 4418 idque
3057 4345 3125 4402 in
3144 4359 3444 4403 commune
3467 4360 3597 4405 con-

188 4436 338 4491 teris
367 4435 768 4508 p0pularibus,
803 4436 1118 4493 dominium
1143 4438 1407 4495 ecclesias
1434 4439 1599 4510 quasi
1624 4453 1833 4495 novum
1864 4424 1918 4485 D
1951 4432 3597 4508 ﬂrmandumcrastinasessioneguasiadutilitatemrei

191 4522 781 4593 detrectans,servire
794 4525 845 4582 ei
862 4525 1476 4597 dedignabatur.Unde
1492 4527 1833 4584 Balduinum

190 4610 462 4668 comitem
490 4612 862 4684 Montensem,
917 4614 1095 4671 lilium
1128 4614 1441 4686 Richcldis,
1466 4616 1646 4672 abbas
1678 4617 1835 4673 Lam-

191 4700 361 4757 berto
384 4698 602 4769 majore
623 4702 937 4760 comitatus
966 4704 1132 4773 adiit,
1166 4709 1222 4760 et
1250 4719 1318 4761 ne
1343 4705 1706 4763 inso'entiam
1739 4720 1834 4762 eo-

188 4803 315 4846 rum
345 4786 629 4845 adversus
661 4789 970 4847 ecclesiam
1002 4796 1292 4862 tueretur,
1324 4794 1374 4851 ei
1403 4794 1831 4853 rationabiliter

189 4878 503 4950 suggessit.
541 4880 744 4936 Comes
776 4878 962 4934 relato
1018 4880 1267 4936 consilio
1296 4881 1368 4936 ad
1399 4882 1553 4938 Idam
1589 4899 1829 4941 uxorem

187 4982 349 5024 suam
370 4967 637 5040 aliosque
660 4967 863 5026 fideles
885 4983 1021 5026 suos
1041 4968 1138 5041 qui
1164 4968 1746 5042 interfuerantgestis
1758 4973 1829 5029 de

1940 4527 2212 4600 publica.
2239 4526 2483 4583 Femina
2504 4526 2827 4597 impatiens
2848 4524 3030 4582 totius
3045 4537 3239 4592 morie,
3264 4536 3397 4580 cum
3417 4524 3594 4598 trepi-

1946 4616 2097 4673 dans
2110 4616 2341 4672 domum
2359 4628 2597 4687 egressa
2605 4614 2971 4687 potentiores
2988 4612 3166 4671 Urbis
3175 4627 3266 4669 ma
3278 4612 3485 4671 tronae
3502 4628 3593 4672 su-

1940 4706 2236 4775 scitasset,
2254 4704 2470 4777 factas
2505 4717 2679 4776 pane
2712 4703 2781 4759 in
2823 4702 3150 4759 amentiam
3190 4702 3305 4759 tali
3332 4715 3587 4774 rumore,

1941 4793 2341 4854 convenerunt
2366 4794 2434 4851 in
2460 4794 2794 4851 crastinum
2822 4791 2961 4849 ante
2990 4789 3485 4863 capitolimnjam
3506 4805 3593 4849 se-

1940 4884 2093 4942 natu
2119 4882 2489 4948 consulente;
2536 4881 2640 4938 ubi
2679 4881 2820 4937 dum
2834 4881 3055 4952 furore
3067 4879 3336 4950 femineo
3365 4879 3593 4937 concla-

1939 4974 2195 5043 marent,
2218 4986 2292 5029 ne
2312 4970 2669 5029 sententiam
2682 4970 2781 5029 sui
2798 4968 3061 5027 hesterni
3081 4967 3300 5026 decreti
3311 4967 3593 5029 adversus

1531 5095 1617 5150 VA
1630 5095 1767 5152 ΒΙᾸΞ
1825 5097 2233 5154 LECTIONES.

257 5187 303 5222 ⁷³
330 5188 496 5249 deest
524 5196 578 5247 1.
732 5189 777 5224 ⁷³
805 5190 951 5249 Rud.
986 5204 1143 5249 corr.
1171 5204 1357 5249 manu
1386 5190 1519 5249 alia
1547 5191 1686 5248 Tud.
1724 5198 1770 5247 1.

1773 5316 1996 5374 ΝΟΤιΕ.

258 5412 404 5484 (135)
432 5411 807 5484 Rinsmnont,
827 5412 1040 5484 village
1060 5416 1227 5471 entre
1246 5413 1539 5483 Bastogne
1560 5418 1621 5469 et
1641 5412 1825 5470 Saint-

186 5483 428 5540 Hubert.
460 5483 525 5538 Β.

257 5554 406 5626 (136)
438 5554 497 5611 C.
529 5557 612 5611 49.

2022 5416 2167 5484 (137)
2208 5414 2417 5471 Titum.
2452 5415 2516 5470 η.

2023 5486 2172 5557 (138)
2207 5486 2244 5539 l.
2280 5500 2329 5557 e.
2369 5485 2956 5557 propriam,Exstant
2990 5486 3206 5557 littera
3233 5484 3367 5557 bjus
3405 5496 3585 5542 recoc.

1965 5555 2267 5627 gnitioms,
2300 5555 2452 5612 datae
2480 5555 2708 5614 Tudinii
2736 5571 2885 5614 anno
2922 5562 3074 5617 1088.
3126 5556 3195 5612 Η.
