3960 6044
350 208 504 273 1899

1331 210 1811 280 CHRONICON
1850 210 1921 277 S.
1966 209 2332 278 HUBER’I‘I
2373 211 2766 280 ANDAGIN.

3596 208 3761 276 uno

345 357 446 403 eas
465 344 706 405 senatus
727 345 1085 417 ingravaret
1107 349 1214 408 sed
1237 350 1439 420 potius
1462 349 1792 421 unicuique
1808 349 1993 422 femi—
2022 349 2078 411 A
2104 349 2199 407 Ad
2208 349 2330 409 haec
2342 350 2642 422 tyrannus
2652 367 2672 405 :
2690 370 2717 398 ι
2741 345 3043 420 Idipsum,
3066 344 3291 417 inzuit,
3305 358 3412 418 per
3424 345 3759 418 αρτ-ἄπιτε

344 448 437 493 nx
465 436 611 494 duos
657 438 815 498 virus
861 439 1158 499 habendos
1207 441 1554 511 decerneret,
1607 437 1997 512 requirebant

350 525 560 596 patres
591 540 722 597 qua
749 541 873 585 esse
926 529 1042 587 illa
1073 530 1395 589 mulierum
1434 530 1839 604 intemperies.
1878 528 1995 584 Pa-

352 613 734 673 vebantcnz‘m
746 617 807 673 et
816 618 1056 677 miraba
1072 638 1091 665 δ’
1103 622 1201 678 tur
1212 636 1327 677 non
1345 635 1547 691 rarvx
1556 622 1646 679 rei
1652 620 1868 695 prodid
1878 618 1997 673 ίαηι

346 702 524 762 illam
547 707 858 765 verecundi
887 722 1065 767 sexus
1093 711 1458 782 impudicam
1480 711 1803 768 insaniam.
1838 708 1998 765 Tunc

338 806 497 865 puer
525 795 818 866 Papirius
848 800 1079 856 curiam
1107 801 1414 871 ingressus
1442 800 1748 872 publicum
1778 797 1999 855 metum

355 882 556 953 demit,
579 886 911 956 elrcferens
922 890 1207 961 quomodo
1224 890 1322 947 illi
1342 890 1683 963 importuna
1698 888 1890 946 mater
1908 889 1998 945 in-

358 973 633 1043 stitisset,
649 976 867 1047 etquid
879 980 1106 1050 ipsema
1116 982 1198 1039 tri
1212 981 1636 1039 insimulasset.
1660 980 1999 1037 Tuncsena-

357 1061 510 1120 tores
538 1065 847 1135 ingenium
864 1070 1037 1138 pueri
1064 1070 1490 1141 exosculantes,
1525 1070 1766 1127 honoris
1788 1068 2000 1139 gratia

355 1151 787 1213 Prcetextatum
803 1160 1336 1229 cognominandum
1347 1158 1755 1218 sanxeruntob
1769 1158 2002 1229 loquen-

357 1239 423 1299 di
444 1244 502 1298 et
516 1245 751 1302 tacendi
764 1248 1154 1317 prudentiam
1173 1250 1240 1307 in
1256 1250 1541 1308 “atatem-
1558 1251 1996 1323 preetextatam,

361 1344 606 1391 causam
626 1349 859 1408 quoque
875 1338 933 1395 et
949 1338 1221 1397 ordinem
1234 1340 1343 1397 rei.
1365 1341 1474 1398 Sic
1491 1342 1693 1399 derisu
1710 1341 1801 1398 est
1815 1342 2001 1410 impu-

363 1419 567 1480 dentia
574 1424 837 1497 feminei
857 1430 1080 1485 amoris
1101 1430 1162 1486 et
1191 1430 1472 1495 levitatis,
1499 1430 1558 1487 et
1575 1431 1827 1502 Papirio
1844 1431 2003 1486 Prx-

363 1510 608 1582 textato,
631 1515 703 1572 ut
720 1517 854 1573 erat
865 1532 1030 1587 puer,
1057 1518 1326 1591 dignitas
1338 1521 1693 1592 adjudi'ata
1714 1510 2004 1578 senatorii

362 1600 610 1667 ordinis.
636 1604 783 1663 aliis
811 1608 1017 1677 pueris
1038 1621 1113 1663 ex
1135 1610 1274 1667 tunc
1294 1624 1332 1667 a
1347 1611 1559 1667 senatu
1578 1624 1653 1665 ex
1688 1609 1857 1667 tusis.
1887 1607 2007 1663 Hiis

2102 440 2232 497 volo
2248 441 2533 512 experiri,
2546 434 3366 511 justumquemichividetur,
3378 436 3448 492 ut
3457 435 3637 507 prior
3643 447 3758 506 pa-

2104 528 2288 585 tiaris
2309 528 2469 598 quod
2496 528 2644 586 aliis
2652 526 3043 600 praparasti.
3063 546 3090 579 n
3105 525 3335 582 -—Deos
3355 537 3594 595 quoque
3623 536 3759 581 suos

2104 616 2247 673 adeo
2267 616 2487 687 irrisit,
2502 617 2573 673 ut
2578 615 2867 689 probaret
2878 629 2971 673 eos
2982 613 3547 686 magiscontemptui
3570 625 3753 682 quam

2104 719 2227 763 esse
2245 706 2510 777 alicujus
2529 705 2967 772 venerationis;
2985 717 3127 760 nam
3147 704 3454 775 ingressus
3471 701 3755 772 templum

2101 794 2291 866 locis,
2316 795 2600 852 amictum
2616 808 2862 852 aureum
2884 807 2999 867 quo
3028 791 3413 851 simulacrum
3442 793 3580 863 ejus
3605 790 3758 847 vela.

2106 882 2282 941 batur
2291 884 2489 956 jussit
2514 883 2772 953 detrahi,
2796 883 2969 956 etpro
2991 896 3053 940 eo
3073 882 3312 939 laneum
3328 879 3558 952 reponi,
3575 876 3758 936 cavit.

2107 973 2267 1031 latus
2283 987 2531 1031 aureum
2547 978 2613 1031 in
2640 975 2842 1046 hyeme
2857 971 3191 1043 frigidum,
3224 971 3292 1028 in
3320 969 3525 1027 astate
3555 980 3759 1023 onero-

2104 1076 2253 1122 sum.
2291 1062 2458 1134 (C10,,
2491 1064 2564 1121 N.
2583 1064 2653 1119 D.
2678 1078 2761 1132 ιη,
2784 1062 2899 1131 34.)
2926 1058 3272 1131 Esculapio
3294 1058 3476 1116 etiam
3506 1069 3761 1114 auream

2109 1151 2354 1210 barbam
2378 1152 2521 1210 velli
2538 1152 2839 1224 prxcepit,
2874 1151 3076 1208 dicens
3104 1149 3521 1207 inconveniens
3541 1159 3671 1203 esse
3683 1145 3763 1216 ﬂ-

2109 1242 2257 1298 lium
2270 1241 2584 1300 barbatum
2596 1241 2814 1307 videri,
2830 1242 3004 1312 cujus
3005 1240 3183 1311 pater
3195 1238 3403 1310 Apollo
3415 1236 3615 1309 utpote
3625 1247 3764 1307 quo-

2111 1330 2260 1387 tidie
2270 1344 2585 1389 renascens
2598 1329 2926 1387 habebatur
2936 1326 3625 1386 imberbis.Simulacris
3637 1336 3767 1394 quo-

2110 1433 2226 1491 que
2255 1418 2587 1477 tenentibus
2617 1432 2836 1476 aureas
2859 1419 3107 1490 pateras
3137 1416 3381 1477 ademit.
3402 1414 3767 1486 protestatus

2113 1508 2187 1565 ab
2209 1507 2545 1565 hominibus
2557 1522 2675 1564 non
2696 1506 2902 1564 debere
2920 1505 3140 1578 despici
3157 1503 3316 1577 quod
3336 1502 3465 1561 illis
3481 1500 3769 1575 ofereba-

2116 1599 2265 1655 tura
2288 1599 2636 1667 Dli8,'tClC.,
2660 1598 2828 1655 Tusc.
2847 1598 3259 1666 v,21.)aurum
3280 1592 3562 1650 videlicet
3574 1590 3771 1649 sima-

362 1688 546 1746 illatis
561 1693 629 1748 ad
646 1693 921 1764 placitum
939 1697 1172 1753 abbatis
1187 1701 1653 1769 prosequebatur
1669 1699 2005 1755 Lambertus

2157 1702 2242 1744 vm
2261 1687 2427 1755 esset,
2467 1685 2683 1743 habere
2712 1688 2863 1743 Deos
2884 1699 3002 1742 non
3031 1683 3255 1753 debere,
3282 1683 3338 1740 si
3363 1696 3497 1738 vero
3529 1679 3766 1746 bonum,

365 1793 492 1848 quae
517 1782 976 1854 subsequuntur,
1011 1793 1184 1857 prout
1206 1788 1632 1845 interveniebat
1655 1790 1706 1845 ei
1731 1796 2010 1861 opportu-

364 1867 521 1925 nitas
537 1869 607 1927 ad
620 1885 720 1940 gra
733 1872 866 1927 tiam
885 1875 1193 1931 audientis.
1217 1876 1472 1943 (CICERO,
1492 1894 1570 1943 Ill,
1589 1881 1666 1948 9.)
1685 1879 2007 1948 Narrante,

365 1955 574 2027 inquit,
625 1961 878 2018 Platone
906 1963 1219 2021 inducitur
1258 1966 1507 2037 quidam
1531 1966 1726 2039 Gyges
1748 1970 1812 2025 in
1843 1969 2014 2025 terra

368 2043 607 2104 hiatum
632 2051 872 2119 magnis
897 2050 1191 2111 imbribus
1226 2054 1503 2125 solutum,
1539 2055 1741 2127 ibique
1768 2055 2019 2129 ofendlt

369 2146 585 2206 equum
621 2140 920 2209 jacentem
967 2143 1410 2215 xneum.C'ujus
1451 2146 1679 2217 apertis
1727 2143 2018 2202 lateribus

369 2239 502 2283 cum
517 2228 836 2286 invenisset
847 2227 1141 2288 hominem
1152 2234 1450 2291 mortuum
1462 2234 1796 2307 quemdam,
1812 2234 1888 2291 ha
1898 2234 2021 2291 ben-

373 2315 487 2383 tem
508 2317 574 2373 in
592 2316 780 2388 digito
801 2319 1096 2376 annulum
1118 2335 1390 2393 aureum,
1424 2323 1734 2381 abstraxit
1747 2324 1806 2380 et
1821 2323 2025 2381 induit

368 2405 567 2476 illum,
591 2407 797 2478 sicque
827 2408 909 2464 ad
917 2409 1194 2480 pastores
1221 2413 1417 2481 regios
1437 2426 1500 2470 se
1516 2412 1759 2484 recepit,
1783 2426 1915 2469 cum
1937 2426 2023 2470 es-

371 2494 466 2581 set
479 2510 636 2553 unus
655 2510 871 2553 eorum.
896 2497 1010 2564 Qui
1023 2512 1151 2556 cum
1161 2501 1444 2571 praedicti
1464 2502 1680 2558 annuli
1680 2517 1767 2574 pa
1775 2502 1926 2558 leam
1942 2502 2024 2559 ad

370 2584 643 2656 palmam
660 2587 1015 2655 convertens,
1036 2589 1163 2659 ipse
1183 2604 1415 2662 quoque
1433 2604 1628 2648 omnes
1641 2590 1850 2648 videns
1870 2605 1908 2647 a
1928 2605 2023 2647 ne-

372 2673 533 2731 mine
550 2673 874 2746 videretur,
909 2676 1093 2747 hujus
1121 2679 1406 2735 miraculi
1434 2679 1621 2737 solers
1638 2680 1862 2749 factus,
1884 2694 2024 2751 rege

378 2761 677 2833 Lydorum
696 2764 1007 2836 interfecto
1039 2779 1168 2823 cum
1195 2766 1556 2837 quibusdam
1581 2767 1710 2826 suis
1736 2769 2024 2840 principi-

387 2847 514 2917 bus,
548 2865 735 2925 uxore
756 2853 907 2925 ejus
927 2854 987 2910 et
1004 2868 1186 2925 regno
1214 2856 1307 2913 est
1319 2856 1566 2925 potitus.

454 2868 514 2917 ts,
548 2868 735 2907 uxore
765 2868 896 2979 εἶπε
927 2868 987 2910 et
1004 2868 1186 2925 regno
1214 2868 1307 2913 est
1319 2868 1566 2925 potitus.

454 2924 540 2979 6|.
567 2923 704 2994 (74.)
735 2924 774 2980 I
802 2924 909 2981 lud
934 2939 1186 2996 quoque,
1220 2926 1427 2998 inquit,
1454 2927 1837 2987 memorabile
1865 2927 2029 3000 apud

377 3010 757 3083 philosophos
776 3012 1028 3071 habetur
1048 3015 1119 3071 de
1129 3016 1452 3075 Dammone
1469 3017 1785 3089 eththia,
1805 3016 2028 3074 duobus

382 3100 666 3159 videlicet
681 3104 771 3175 Py
780 3103 1059 3175 tagoreis,
1076 3118 1329 3177 quorum
1349 3106 1504 3163 alter
1520 3122 1559 3164 a
1573 3106 2030 3178 DionysioSici-

386 3190 562 3249 liensi
586 3192 844 3261 tyranno
866 3193 1070 3265 damp).
1088 3195 1227 3253 atus
1246 3196 1539 3253 sententia
1560 3197 1831 3269 capitali,
1847 3199 2035 3270 petiit

387 3280 461 3338 ab
492 3294 554 3337 eo
566 3281 848 3339 inducias
861 3282 1093 3340 domum
1122 3297 1296 3341 suam
1320 3285 1689 3356 disponendi.
1726 3289 2033 3359 Tyrannus

387 3371 817 3443 astutissimus,
840 3374 999 3444 quod
1015 3374 1272 3444 reperiri
1299 3388 1415 3431 non
1442 3389 1610 3446 posse
1636 3377 2030 3447 existimavit,

388 3473 725 3531 sponsorem
739 3463 848 3533 qui
850 3476 964 3533 pro
984 3476 1047 3519 se
1052 3462 1375 3534 feriretur,
1391 3462 1446 3520 si
1457 3478 1685 3522 moram
1682 3466 1940 3537 faceret,
1962 3467 2036 3524 ab

393 3562 455 3605 eo
474 3550 818 3618 requisivit.
847 3551 963 3608 Ille
984 3551 1054 3607 ut
1056 3551 1243 3621 ﬁdem
1250 3552 1486 3620 faceret
1502 3553 1812 3624 redeundi,
1830 3557 2042 3613 vadem

390 3638 601 3694 mortis
614 3651 737 3694 sua:
752 3639 975 3695 socium
996 3637 1215 3695 obtulit
1228 3640 1526 3697 constanti
1548 3641 1749 3697 animo
1766 3656 1963 3714 prose,
1988 3647 2044 3703 si

388 3736 509 3780 non
521 3724 936 3795 reverteretur,
951 3724 1239 3797 paratum
1253 3729 1424 3785 mori.
1454 3728 1547 3785 Ad
1567 3730 1719 3786 diem
1740 3731 2048 3793 intentata

394 3811 604 3870 mortis
607 3814 985 3884 proscriptus
997 3814 1205 3886 rediit,
1223 3829 1353 3872 cum
1364 3818 1560 3875 socius
1564 3819 1702 3890 jam
1713 3819 2056 3880 decerneret

389 3914 505 3972 pro
547 3900 704 3958 socio
734 3900 1126 3961 libentissime
1150 3905 1321 3961 mori.
1355 3907 1723 3964 Ammiratus
1752 3908 2049 3980 tyrannus

399 3988 734 4048 amicitiam
755 3991 1127 4064 philosophis
1158 3995 1451 4052 cariorem
1479 4010 1604 4053 esse
1630 4011 1812 4066 quam
1839 4000 2044 4070 vitam,

2118 1776 2249 1834 illis
2261 1778 2466 1848 potius
2486 1774 2795 1833 convenire
2814 1775 2921 1847 qui
2943 1773 3049 1831 illo
3068 1773 3162 1830 uti
3181 1770 3423 1830 scirent.
3451 1769 3619 1828 Idem
3635 1782 3772 1827 eum

2120 1880 2159 1923 a
2180 1866 2433 1937 quodam
2456 1865 2805 1935 philosOpho
2838 1862 3280 1933 beatiﬁcaretur
3300 1874 3363 1918 eo
3383 1860 3542 1931 quod
3561 1858 3647 1915 ad
3664 1871 3772 1914 nu-

2125 1956 2248 2013 tum
2263 1957 2394 2026 ejus
2414 1953 2751 2025 suppeteret
2766 1951 2883 2010 sibi
2913 1950 3093 2008 tantes
3116 1948 3429 2022 potestatis
3448 1961 3612 2016 usus,
3638 1960 3772 2004 eum

2124 2044 2206 2101 ad
2216 2044 2666 2101 convesceadum
2677 2041 2873 2100 eodem
2894 2041 2990 2097 die
3010 2039 3311 2108 invitavit,
3335 2039 3395 2095 et
3404 2037 3619 2109 praeter
3638 2049 3774 2093 con-

2125 2132 2500 2191 suetudinem
2520 2132 2845 2204 exquisit's
2863 2130 3104 2188 divitiis
3123 2128 3459 2187 convicium
3475 2125 3773 2198 agendum

2126 2222 2417 2289 instituit,
2439 2221 2507 2277 in
2526 2235 2641 2292 quo
2651 2219 3007 2293 philosopho
3025 2232 3222 2277 secum
3250 2214 3643 2275 discumberet;
3667 2228 3774 2271 nu-

2131 2310 2337 2367 datum
2347 2310 2625 2382 gladium
2652 2310 2811 2365 tenui
2824 2309 2938 2380 ,ﬂlo
2958 2321 3136 2379 super
3156 2307 3335 2377 caput
3351 2302 3777 2377 suspendijus—

2128 2400 2229 2457 sit.
2257 2398 2657 2470 Philosophus
2682 2398 2891 2456 videns
2915 2396 3198 2468 gladium
3214 2394 3643 2465 impendentem
3663 2390 3777 2449 sibi

2131 2489 2449 2547 exhorruit
2473 2488 2829 2556 convivium,
2847 2484 3258 2543 etimminente
3266 2482 3385 2541 sibi
3385 2480 3662 2556 periculo
3676 2481 3775 2537 hu»

2118 2578 2409 2649 jusmodi,
2431 2578 2703 2649 gratiam
2720 2575 3117 2643 convescendi,
3146 2574 3403 2645 tyranno
3423 2572 3531 2642 qui
3549 2584 3614 2628 se
3630 2570 3787 2627 invi-

2133 2666 2612 2724 taveratomnino
2626 2664 2952 2722 excusavit.
2970 2662 3065 2720 Ad
3075 2661 3196 2719 haec
3209 2662 3523 2733 tyrannus:
3543 2678 3574 2711 ‹‹
3595 2656 3783 2725 Talis,

2130 2756 2354 2827 inquit,
2378 2755 2724 2813 securitatis
2738 2755 2825 2810 est
2832 2751 3021 2810 michi
3039 2749 3361 2820 beatitudo,
3376 2748 3547 2819 cujus
3560 2760 3654 2803 me
3664 2758 3790 2804 esse

2118 2846 2286 2919 falso
2293 2844 2663 2917 pradicasti,
2680 2858 2810 2902 cum
2829 2842 2922 2900 vel
2937 2841 3340 2914 rolafortunx
3358 2838 3520 2895 modo
3549 2848 3791 2895 summa

2134 2933 2495 2993 convolvat"
2508 2933 2859 3005 injimis,vel
2868 2932 3000 3005 ipsa
3011 2943 3169 2987 mors
3181 2926 3444 2987 omnibus
3464 2926 3792 2984 imminens

2135 3024 2295 3081 nulli
2302 3021 2717 3095 parcerevelit.
2734 3043 2760 3071 ι»
2773 3021 2873 3089 (νλ
2885 3021 3106 3089 unum,
3125 3022 3264 3088 "1,3.
3280 3018 3429 3075 Exi.
3446 3020 3497 3087 1)
3512 3015 3787 3087 Legitur,

2136 3116 2180 3171 A
2194 3113 2481 3170 lexandro
2493 3113 2655 3169 sacri
2651 3111 2894 3182 ﬁcante,
2903 3122 3162 3181 puerum
3171 3108 3280 3179 qui
3297 3107 3353 3165 ei
3367 3107 3567 3179 ignem
3580 3116 3789 3161 accen-

2140 3201 2315 3259 debat
2334 3200 2641 3258 carbonem
2662 3213 2845 3256 unum
2860 3200 2927 3256 in
2944 3196 3187 3255 brachio
3203 3200 3518 3267 excepisse,
3543 3192 3791 3250 adusto-

2140 3304 2254 3362 que
2266 3304 2501 3361 corporr
2513 3287 2869 3346 immobilem
2878 3285 3409 3358 permansisse,nec
3424 3283 3687 3340 dolorem
3698 3279 3793 3337 vel

2134 3380 2421 3451 gemit-um
2447 3380 2620 3450 signo
2647 3377 2855 3448 aliqua
2883 3376 2980 3433 vel
3002 3376 3163 3432 motu
3195 3373 3552 3446 prodidisse.
3596 3370 3791 3428 Tanta

2129 3468 2273 3542 fuit
2286 3469 2355 3527 in
2364 3481 2551 3539 puero
2586 3467 2924 3523 reverentia
2961 3463 3316 3536 disciplina,
3348 3458 3795 3531 utreligiovia-

2148 3557 2303 3615 ceret
2316 3569 2553 3615 sensum
2569 3556 2819 3613 natura.
2842 3555 3132 3625 Diogenes
3158 3552 3420 3623 Cynicus
3440 3552 3508 3607 in
3527 3549 3690 3605 dolio
3709 3561 3797 3603 re-

2153 3644 2474 3716 cumbebat,
2489 3645 2649 3717 quod
2664 3645 2844 3716 quasi
2862 3644 2943 3701 ad
2954 3642 3350 3700 habitandum
3367 3639 3799 3709 sibisuﬂcieas

2145 3735 2420 3808 pratorii
2434 3735 2671 3792 nomine
2690 3732 3035 3790 honorabat.
3056 3728 3511 3803 Egeratverout
3523 3727 3685 3784 idem
3706 3726 3803 3782 do-

2157 3824 2307 3882 lium
2325 3837 2456 3882 cum
2472 3824 2595 3881 sole
2612 3822 2956 3891 verteretur,
2995 3821 3050 3891 ei
3056 3834 3242 3893 usque
3260 3819 3638 3877 conversione
3656 3815 3807 3872 vita.

2159 3910 2727 3985 batrefrigerandus
2737 3910 2914 3969 solem
2927 3910 2991 3966 in
3002 3903 3805 3978 eestate,eteumcaleﬁendus

2157 4000 2433 4075 captabat
2452 4001 2521 4058 in
2533 4000 2756 4072 hyeme.
2785 3999 2889 4067 (CI‘.
2912 3998 3014 4068 ib.,
3040 4013 3113 4068 ιν,
3138 4001 3188 4053 3.
3210 3996 3348 4054 Ext.
3377 4000 3426 4050 ι.
3453 3995 3597 4062 Cxc.,
3619 3993 3796 4049 Tusc.

394 4078 645 4137 remissa
680 4081 977 4140 sententia
1021 4082 1305 4141 condicta
1340 4085 1570 4153 mortis,
1629 4087 1948 4160 utrumque
1984 4090 2052 4147 in
2157 4107 2212 4162 ν,
2238 4092 2352 4159 32.)
2397 4090 2574 4156 Quem
2612 4104 2744 4147 cum
2768 4089 3123 4161 prxleriens
3160 4084 3505 4145 Alexander
3539 4082 3806 4153 Magnus

402 4168 738 4227 amicitiam
748 4184 920 4228 suam
933 4172 1170 4242 ascivit,
1188 4172 1407 4245 quippe
1426 4188 1573 4244 quos
1586 4175 1651 4232 in
1665 4176 1777 4233 tali
1786 4178 2050 4247 periculo

2146 4179 2371 4251 prater
2390 4177 2609 4250 optima
2619 4178 2743 4233 tum
2762 4189 3005 4234 suorum
3032 4175 3480 4233 extimationem
3501 4170 3803 4230 inclinata

399 4270 567 4315 ceras
606 4258 827 4317 amicos
846 4258 1144 4332 probavit.
1178 4261 1345 4320 Idem
1360 4261 1406 4295 ⁷⁸
1420 4276 1556 4320 vero
1587 4264 1883 4335 tyrannus
1916 4266 2056 4324 licet
2155 4266 2473 4339 majestate
2494 4267 2665 4338 regia
2693 4266 2993 4335 reviseret,
3018 4263 3260 4322 adstitit
3296 4261 3554 4333 Diogeni
3576 4260 3808 4331 inpra-

399 4346 617 4406 multos
616 4349 895 4420 punisset
904 4351 1143 4421 injuste,
1161 4364 1345 4408 unum
1359 4353 1555 4409 tamen
1567 4353 1857 4412 laudatur
1869 4357 2053 4413 omni-

2161 4356 2312 4415 torio
2331 4369 2438 4414 suo
2466 4354 2738 4427 captanti
2780 4353 3111 4426 hyemalem
3125 4352 3321 4410 solem.
3369 4351 3493 4416 Quo
3538 4347 3808 4406 salutato

402 4436 653 4507 nojuste
679 4438 940 4507 punisse.
972 4437 1231 4503 Quidam
1249 4440 1407 4497 enim
1422 4442 1678 4499 cera/rius
1694 4443 2051 4515 perpendens
2077 4440 2134 4503 D
2161 4442 2611 4518 oﬂciosissime:
2634 4465 2660 4492 α
2694 4443 2964 4510 Interim,
2995 4441 3202 4513 inquit
3221 4440 3533 4511 Diogenes,
3562 4436 3703 4493 dum
3727 4435 3809 4492 lo-

407 4536 538 4581 cum
552 4524 833 4583 delectari
848 4526 1215 4586 cruciatibus
1229 4527 1551 4599 hominum,
1568 4530 2053 4591 existimavitilli

406 4612 704 4670 deservire
713 4613 797 4670 ad
793 4614 1115 4686 placitum,
1128 4617 1185 4673 si
1181 4617 1394 4688 furori
1406 4619 1537 4689 ejus
1549 4618 1929 4679 adinveniret
1940 4622 2053 4680 ali-

2162 4534 2366 4608 queris
2380 4548 2452 4590 ne
2461 4548 2484 4591 c
2497 4532 2559 4591 bs
2566 4532 2646 4589 tes
2657 4530 2844 4590 michi
2856 4547 2894 4589 a
2903 4545 2966 4589 so
2973 4532 3043 4600 te,
3067 4544 3258 4603 neque
3266 4527 3613 4586 submoveas
3622 4523 3810 4582 michi

2159 4623 2609 4683 ministrantem
2627 4622 2902 4691 calorem,
2915 4634 3089 4693 quem
3108 4621 3235 4691 ipse
3253 4631 3369 4674 non
3386 4616 3550 4688 potes
3580 4614 3748 4672 dare.
3784 4634 3812 4666 ι

408 4703 584 4773 cujus
603 4702 892 4761 novitatis
926 4704 997 4760 to:
1016 4706 1294 4762 mentum.
1330 4707 1629 4763 Formavil
1652 4722 1789 4779 ergo
1808 4710 1869 4767 et
1875 4709 2061 4782 fudit
2162 4712 2387 4769 Adhuc
2399 4708 2739 4767 Alexander
2749 4719 2861 4765 sea
2870 4706 3218 4778 philosopho
3234 4699 3815 4776 parripensumsub-

409 4790 602 4849 bovem
613 4804 1109 4863 aneuon,eumque
1120 4795 1376 4867 tyranno
1385 4799 1769 4866 prasentavit
1777 4800 1959 4869 quasi
1969 4813 2060 4857 cu-

400 4880 1075 4954 jusdamjucunditatis
1084 4884 1503 4956 spectaculum.
1517 4885 1628 4951 Qui
1636 4888 1973 4957 requisilus
1984 4888 2058 4946 ab

412 4984 496 5041 eo,
512 4970 595 5027 ad
612 4983 760 5041 quos
781 4984 922 5029 usus
944 4971 1124 5029 talem
1139 4972 1481 5030 machinam
1501 4974 1912 5046 excogitasset,
1937 4992 2059 5037 res-

410 5059 629 5131 pondit
644 5059 901 5129 arti/ex,
927 5060 1036 5118 illo
1050 5060 1531 5119 intromittendos
1549 5062 1605 5120 si
1624 5076 1773 5134 quos
1792 5066 2062 5124 crucian-

425 5146 527 5207 dos
539 5146 1250 5220 destinaret,accensoque
1261 5149 1537 5208 desubtus
1546 5153 1981 5224 rogo,mugitus
1991 5154 2065 5213 il-

422 5231 663 5306 liquasi
678 5235 838 5296 bovis
853 5249 961 5310 per
983 5250 1077 5296 eos
1099 5237 1362 5310 ejusdem
1384 5237 1677 5331 machina
1705 5241 2059 5301 reddituros.

2161 4800 2389 4870 ridens,
2410 4799 2470 4856 et
2484 4811 2799 4855 conversus
2821 4796 2902 4854 ad
2916 4797 3222 4869 principes
3232 4793 3352 4853 sibi
3381 4792 3770 4862 obsequentes
3802 4808 3815 4844 :

2171 4912 2198 4939 α
2242 4888 2460 4957 Videte,
2490 4886 2715 4958 inquit,
2733 4885 2965 4943 beluam
2977 4898 3109 4956 quae
3120 4884 3306 4940 tot-um
3334 4880 3613 4937 mendum
3636 4878 3825 4935 habet

2164 4976 2274 5037 sub
2281 4975 2549 5048 pedibus,
2584 4988 2755 5048 quem
2774 4987 2878 5032 nos
2891 4974 3055 5031 tanto
3070 4972 3268 5030 labore
3280 4970 3625 5042 quaerimus.
3646 4990 3673 5014 -
3704 4967 3825 5023 Cui

2169 5066 2727 5136 momregiomunere
2738 5062 2923 5120 vestes
2923 5074 3095 5133 pane
3108 5060 3262 5117 nudo
3270 5055 3833 5131 proferret,abjecit

2171 5169 2273 5214 eas
2302 5155 2612 5225 Diogenes,
2639 5164 2909 5209 asserens
2932 5149 3139 5207 natum
3150 5162 3281 5207 cum
3306 5144 3655 5203 divitiiscui
3668 5143 3836 5216 quod

2175 5243 2354 5301 habet
2363 5241 2617 5316 sufﬁcit.
2637 5242 2920 5307 (.“ACBOB.
2935 5239 3068 5297 Sal.
3086 5254 3124 5308 ι,
3145 5237 3256 5309 11.)
3275 5236 3394 5293 Hic
3408 5232 3838 5292 abarbarisex

1780 5373 2015 5430 VARUE
2060 5375 2456 5434 LECTIONES.

487 5488 659 5569 '_‘_vel
681 5505 859 5569 supra
885 5493 981 5553 vel
1006 5496 1180 5569 atate
1211 5498 1557 5568 pratextata
1586 5494 1964 5557 scribendum
1991 5499 2093 5558 est.
2171 5499 2218 5536 ⁷⁸
2246 5498 2644 5560 Narrationes
2668 5495 2975 5569 sequentes
3002 5495 3085 5554 ad
3111 5493 3291 5563 ﬁdem
3317 5490 3442 5552 cod.
3481 5490 3536 5548 1'
3572 5487 3844 5552 damas“

422 5561 468 5597 ⁷⁸
494 5563 585 5622 ita
612 5561 881 5635 correxi;
910 5566 1182 5623 convolat
1211 5561 1289 5623 Γ.
