  <div class='ocr_page' id='page_1' title='image "/cluster/home/n/w/nwhite01/storage/ocr_20150623/154/hvd.32044054760129/706.png"; bbox 0 0 3960 6044; ppageno 0'>
   <div class='ocr_carea' id='block_1_1' title="bbox 213 138 368 209">
    <p class='ocr_par' dir='ltr' id='par_1_1' title="bbox 213 138 368 209">
     <span class='ocr_line' id='line_1_1' title="bbox 213 138 368 209; baseline -0.026 0"><span class='ocrx_word' id='word_1_1' title='bbox 213 138 368 209; x_wconf 70' lang='lat' dir='ltr'><strong><em>“Oi</em></strong></span> 
     </span>
    </p>
   </div>
   <div class='ocr_carea' id='block_1_2' title="bbox 1201 138 2647 215">
    <p class='ocr_par' dir='ltr' id='par_1_2' title="bbox 1201 138 2647 215">
     <span class='ocr_line' id='line_1_2' title="bbox 1201 138 2647 215; baseline -0.002 -3"><span class='ocrx_word' id='word_1_2' title='bbox 1201 138 1681 213; x_wconf 78' lang='lat' dir='ltr'><strong><em>CHRONICON</em></strong></span> <span class='ocrx_word' id='word_1_3' title='bbox 1732 144 1801 210; x_wconf 89' lang='lat' dir='ltr'><strong><em>S.</em></strong></span> <span class='ocrx_word' id='word_1_4' title='bbox 1848 144 2215 212; x_wconf 78' lang='lat' dir='ltr'><strong><em>HUBERTI</em></strong></span> <span class='ocrx_word' id='word_1_5' title='bbox 2253 144 2647 215; x_wconf 79' lang='lat' dir='ltr'><strong><em>ANDAGIN.</em></strong></span> 
     </span>
    </p>
   </div>
   <div class='ocr_carea' id='block_1_3' title="bbox 3476 114 3633 209">
    <p class='ocr_par' dir='ltr' id='par_1_3' title="bbox 3476 114 3633 209">
     <span class='ocr_line' id='line_1_3' title="bbox 3476 114 3633 209; baseline 0.006 -1"><span class='ocrx_word' id='word_1_6' title='bbox 3476 114 3633 209; x_wconf 64' lang='lat' dir='ltr'><strong><em>uo!</em></strong></span> 
     </span>
    </p>
   </div>
   <div class='ocr_carea' id='block_1_4' title="bbox 208 273 3635 354">
    <p class='ocr_par' dir='ltr' id='par_1_4' title="bbox 208 273 3635 354">
     <span class='ocr_line' id='line_1_4' title="bbox 208 273 3635 354; baseline 0.002 -22"><span class='ocrx_word' id='word_1_7' title='bbox 208 273 490 336; x_wconf 70' lang='lat' dir='ltr'><strong><em>libertate</em></strong></span> <span class='ocrx_word' id='word_1_8' title='bbox 498 275 567 336; x_wconf 82' lang='lat' dir='ltr'><strong><em>in</em></strong></span> <span class='ocrx_word' id='word_1_9' title='bbox 575 279 920 338; x_wconf 83' lang='lat' dir='ltr'><strong><em>servitutem</em></strong></span> <span class='ocrx_word' id='word_1_10' title='bbox 930 294 1144 340; x_wconf 80' lang='lat' dir='ltr'><strong><em>venum</em></strong></span> <span class='ocrx_word' id='word_1_11' title='bbox 1154 283 1345 350; x_wconf 88' lang='lat' dir='ltr'><strong><em>ierat;</em></strong></span> <span class='ocrx_word' id='word_1_12' title='bbox 1355 296 1528 353; x_wconf 95' lang='lat' dir='ltr'><strong><em>quem</em></strong></span> <span class='ocrx_word' id='word_1_13' title='bbox 1538 296 1669 341; x_wconf 88' lang='lat' dir='ltr'><strong><em>cum</em></strong></span> <span class='ocrx_word' id='word_1_14' title='bbox 1681 294 1870 339; x_wconf 83' lang='lat' dir='ltr'><strong><em>emere</em></strong></span> <span class='ocrx_word' id='word_1_15' title='bbox 1898 280 1953 342; x_wconf 92' lang='lat' dir='ltr'><strong><em>A</em></strong></span> <span class='ocrx_word' id='word_1_16' title='bbox 1982 282 2088 340; x_wconf 90' lang='lat' dir='ltr'><strong><em>hoc</em></strong></span> <span class='ocrx_word' id='word_1_17' title='bbox 2096 282 2263 340; x_wconf 89' lang='lat' dir='ltr'><strong><em>modo</em></strong></span> <span class='ocrx_word' id='word_1_18' title='bbox 2277 281 2790 341; x_wconf 89' lang='lat' dir='ltr'><strong><em>dentemstrinxit.</em></strong></span> <span class='ocrx_word' id='word_1_19' title='bbox 2809 283 2966 341; x_wconf 87' lang='lat' dir='ltr'><strong><em>Nam</em></strong></span> <span class='ocrx_word' id='word_1_20' title='bbox 2966 280 3428 354; x_wconf 85' lang='lat' dir='ltr'><strong><em>postvictoriam</em></strong></span> <span class='ocrx_word' id='word_1_21' title='bbox 3442 279 3635 341; x_wconf 74' lang='lat' dir='ltr'><strong><em>Casa&#39;</em></strong></span> 
     </span>
    </p>
   </div>
   <div class='ocr_carea' id='block_1_5' title="bbox 205 366 1875 443">
    <p class='ocr_par' dir='ltr' id='par_1_5' title="bbox 205 366 1875 443">
     <span class='ocr_line' id='line_1_5' title="bbox 205 366 1875 443; baseline 0.002 -21"><span class='ocrx_word' id='word_1_22' title='bbox 205 366 389 423; x_wconf 83' lang='lat' dir='ltr'><strong><em>vellet</em></strong></span> <span class='ocrx_word' id='word_1_23' title='bbox 414 367 711 426; x_wconf 79' lang='lat' dir='ltr'><strong><em>Xeniades</em></strong></span> <span class='ocrx_word' id='word_1_24' title='bbox 739 369 1109 440; x_wconf 78' lang='lat' dir='ltr'><strong><em>Chorintius,</em></strong></span> <span class='ocrx_word' id='word_1_25' title='bbox 1143 373 1200 428; x_wconf 91' lang='lat' dir='ltr'><strong><em>et</em></strong></span> <span class='ocrx_word' id='word_1_26' title='bbox 1225 373 1376 443; x_wconf 88' lang='lat' dir='ltr'><strong><em>quid</em></strong></span> <span class='ocrx_word' id='word_1_27' title='bbox 1399 372 1653 434; x_wconf 71' lang='lat' dir='ltr'><strong><em>artiﬁcii</em></strong></span> <span class='ocrx_word' id='word_1_28' title='bbox 1676 370 1875 428; x_wconf 77' lang='lat' dir='ltr'><strong><em>nosset</em></strong></span> 
     </span>
    </p>
   </div>
   <div class='ocr_carea' id='block_1_6' title="bbox 196 456 1874 532">
    <p class='ocr_par' dir='ltr' id='par_1_6' title="bbox 196 456 1874 532">
     <span class='ocr_line' id='line_1_6' title="bbox 196 456 1874 532; baseline 0.002 -21"><span class='ocrx_word' id='word_1_29' title='bbox 196 456 699 526; x_wconf 87' lang='lat' dir='ltr'><strong><em>percunctaretur</em></strong></span> <span class='ocrx_word' id='word_1_30' title='bbox 711 479 731 515; x_wconf 75' lang='grc' dir='ltr'><strong><em>,ο</em></strong></span> <span class='ocrx_word' id='word_1_31' title='bbox 747 476 774 510; x_wconf 79' lang='grc' dir='ltr'><strong><em>(ι</em></strong></span> <span class='ocrx_word' id='word_1_32' title='bbox 789 460 963 529; x_wconf 85' lang='lat' dir='ltr'><strong><em>Novi,</em></strong></span> <span class='ocrx_word' id='word_1_33' title='bbox 985 459 1192 532; x_wconf 84' lang='lat' dir='ltr'><strong><em>inquit</em></strong></span> <span class='ocrx_word' id='word_1_34' title='bbox 1206 460 1514 531; x_wconf 88' lang='lat' dir='ltr'><strong><em>Diogenes,</em></strong></span> <span class='ocrx_word' id='word_1_35' title='bbox 1538 459 1874 516; x_wconf 87' lang='lat' dir='ltr'><strong><em>hominibus</em></strong></span> 
     </span>
    </p>
   </div>
   <div class='ocr_carea' id='block_1_7' title="bbox 213 541 1876 620">
    <p class='ocr_par' dir='ltr' id='par_1_7' title="bbox 213 541 1876 620">
     <span class='ocr_line' id='line_1_7' title="bbox 213 541 1876 620; baseline 0.002 -21"><span class='ocrx_word' id='word_1_36' title='bbox 213 541 423 601; x_wconf 88' lang='lat' dir='ltr'><strong><em>liberis</em></strong></span> <span class='ocrx_word' id='word_1_37' title='bbox 460 545 784 617; x_wconf 90' lang='lat' dir='ltr'><strong><em>imperare.</em></strong></span> <span class='ocrx_word' id='word_1_38' title='bbox 826 566 854 600; x_wconf 91' lang='lat'>»</span> <span class='ocrx_word' id='word_1_39' title='bbox 887 548 1158 607; x_wconf 85' lang='lat' dir='ltr'><strong><em>Miratus</em></strong></span> <span class='ocrx_word' id='word_1_40' title='bbox 1194 549 1495 607; x_wconf 79' lang='lat' dir='ltr'><strong><em>Xeniades</em></strong></span> <span class='ocrx_word' id='word_1_41' title='bbox 1531 561 1876 620; x_wconf 74' lang='lat' dir='ltr'><strong><em>responsum</em></strong></span> 
     </span>
    </p>
   </div>
   <div class='ocr_carea' id='block_1_8' title="bbox 210 631 1875 709">
    <p class='ocr_par' dir='ltr' id='par_1_8' title="bbox 210 631 1875 709">
     <span class='ocr_line' id='line_1_8' title="bbox 210 631 1875 709; baseline 0.001 -20"><span class='ocrx_word' id='word_1_42' title='bbox 210 631 361 702; x_wconf 88' lang='lat' dir='ltr'><strong><em>ejus,</em></strong></span> <span class='ocrx_word' id='word_1_43' title='bbox 378 634 634 705; x_wconf 71' lang='lat' dir='ltr'><strong><em>emptum.</em></strong></span> <span class='ocrx_word' id='word_1_44' title='bbox 652 637 855 693; x_wconf 86' lang='lat' dir='ltr'><strong><em>emisit</em></strong></span> <span class='ocrx_word' id='word_1_45' title='bbox 867 651 1070 707; x_wconf 89' lang='lat' dir='ltr'><strong><em>manu,</em></strong></span> <span class='ocrx_word' id='word_1_46' title='bbox 1080 638 1291 709; x_wconf 70' lang='lat' dir='ltr'><strong><em>ﬁliosq</em></strong></span> <span class='ocrx_word' id='word_1_47' title='bbox 1302 653 1370 695; x_wconf 90' lang='lat' dir='ltr'><strong><em>ue</em></strong></span> <span class='ocrx_word' id='word_1_48' title='bbox 1380 652 1515 695; x_wconf 90' lang='lat' dir='ltr'><strong><em>suos</em></strong></span> <span class='ocrx_word' id='word_1_49' title='bbox 1529 639 1583 694; x_wconf 91' lang='lat' dir='ltr'><strong><em>ei</em></strong></span> <span class='ocrx_word' id='word_1_50' title='bbox 1596 637 1842 694; x_wconf 89' lang='lat' dir='ltr'><strong><em>tradens</em></strong></span> <span class='ocrx_word' id='word_1_51' title='bbox 1855 646 1875 683; x_wconf 75' lang='grc' dir='ltr'><strong><em>ο·</em></strong></span> 
     </span>
    </p>
   </div>
   <div class='ocr_carea' id='block_1_9' title="bbox 220 722 1874 799">
    <p class='ocr_par' dir='ltr' id='par_1_9' title="bbox 220 722 1874 799">
     <span class='ocr_line' id='line_1_9' title="bbox 220 722 1874 799; baseline 0.004 -22"><span class='ocrx_word' id='word_1_52' title='bbox 220 739 249 768; x_wconf 76' lang='grc' dir='ltr'>α</span> <span class='ocrx_word' id='word_1_53' title='bbox 273 722 506 793; x_wconf 82' lang='lat' dir='ltr'><strong><em>Accipe,</em></strong></span> <span class='ocrx_word' id='word_1_54' title='bbox 538 724 760 796; x_wconf 89' lang='lat' dir='ltr'><strong><em>inquit,</em></strong></span> <span class='ocrx_word' id='word_1_55' title='bbox 793 725 1008 781; x_wconf 76' lang='lat' dir='ltr'><strong><em>liberos</em></strong></span> <span class='ocrx_word' id='word_1_56' title='bbox 1032 739 1188 784; x_wconf 90' lang='lat' dir='ltr'><strong><em>meos</em></strong></span> <span class='ocrx_word' id='word_1_57' title='bbox 1213 726 1431 798; x_wconf 87' lang='lat' dir='ltr'><strong><em>quibus</em></strong></span> <span class='ocrx_word' id='word_1_58' title='bbox 1460 727 1779 799; x_wconf 86' lang='lat' dir='ltr'><strong><em>imperes.»</em></strong></span> <span class='ocrx_word' id='word_1_59' title='bbox 1805 757 1874 766; x_wconf 89' lang='lat'><strong><em>—</em></strong></span> 
     </span>
    </p>
   </div>
   <div class='ocr_carea' id='block_1_10' title="bbox 213 810 1877 886">
    <p class='ocr_par' dir='ltr' id='par_1_10' title="bbox 213 810 1877 886">
     <span class='ocr_line' id='line_1_10' title="bbox 213 810 1877 886; baseline 0.003 -19"><span class='ocrx_word' id='word_1_60' title='bbox 213 810 386 867; x_wconf 85' lang='lat' dir='ltr'><strong><em>Idem</em></strong></span> <span class='ocrx_word' id='word_1_61' title='bbox 405 811 553 879; x_wconf 81' lang='grc'><strong><em>(139)</em></strong></span> <span class='ocrx_word' id='word_1_62' title='bbox 575 813 914 871; x_wconf 88' lang='lat' dir='ltr'><strong><em>Alexander</em></strong></span> <span class='ocrx_word' id='word_1_63' title='bbox 931 829 1062 872; x_wconf 87' lang='lat' dir='ltr'><strong><em>cum</em></strong></span> <span class='ocrx_word' id='word_1_64' title='bbox 1079 815 1161 872; x_wconf 89' lang='lat' dir='ltr'><strong><em>ad</em></strong></span> <span class='ocrx_word' id='word_1_65' title='bbox 1176 817 1589 874; x_wconf 69' lang='lat' dir='ltr'><strong><em>Brachmanas</em></strong></span> <span class='ocrx_word' id='word_1_66' title='bbox 1606 817 1877 886; x_wconf 81' lang='lat' dir='ltr'><strong><em>pertran-</em></strong></span> 
     </span>
    </p>
   </div>
   <div class='ocr_carea' id='block_1_11' title="bbox 212 900 1876 975">
    <p class='ocr_par' dir='ltr' id='par_1_11' title="bbox 212 900 1876 975">
     <span class='ocr_line' id='line_1_11' title="bbox 212 900 1876 975; baseline 0.003 -19"><span class='ocrx_word' id='word_1_67' title='bbox 212 900 382 958; x_wconf 87' lang='lat' dir='ltr'><strong><em>siens</em></strong></span> <span class='ocrx_word' id='word_1_68' title='bbox 398 902 641 958; x_wconf 85' lang='lat' dir='ltr'><strong><em>eandem</em></strong></span> <span class='ocrx_word' id='word_1_69' title='bbox 653 903 883 973; x_wconf 86' lang='lat' dir='ltr'><strong><em>gentem</em></strong></span> <span class='ocrx_word' id='word_1_70' title='bbox 903 905 1069 975; x_wconf 87' lang='lat' dir='ltr'><strong><em>longe</em></strong></span> <span class='ocrx_word' id='word_1_71' title='bbox 1081 905 1219 962; x_wconf 82' lang='lat' dir='ltr'><strong><em>ante</em></strong></span> <span class='ocrx_word' id='word_1_72' title='bbox 1233 905 1398 963; x_wconf 88' lang='lat' dir='ltr'><strong><em>didic</em></strong></span> <span class='ocrx_word' id='word_1_73' title='bbox 1413 906 1703 963; x_wconf 83' lang='lat' dir='ltr'><strong><em>‘ssetadeo</em></strong></span> <span class='ocrx_word' id='word_1_74' title='bbox 1720 905 1876 964; x_wconf 91' lang='lat' dir='ltr'><strong><em>cohi-</em></strong></span> 
     </span>
    </p>
   </div>
   <div class='ocr_carea' id='block_1_12' title="bbox 214 987 1876 1066">
    <p class='ocr_par' dir='ltr' id='par_1_12' title="bbox 214 987 1876 1066">
     <span class='ocr_line' id='line_1_12' title="bbox 214 987 1876 1066; baseline 0.004 -21"><span class='ocrx_word' id='word_1_75' title='bbox 214 987 343 1046; x_wconf 89' lang='lat' dir='ltr'><strong><em>beri</em></strong></span> <span class='ocrx_word' id='word_1_76' title='bbox 363 991 639 1048; x_wconf 76' lang='lat' dir='ltr'><strong><em>naturali</em></strong></span> <span class='ocrx_word' id='word_1_77' title='bbox 666 993 808 1063; x_wconf 88' lang='lat' dir='ltr'><strong><em>lege,</em></strong></span> <span class='ocrx_word' id='word_1_78' title='bbox 832 994 902 1049; x_wconf 90' lang='lat' dir='ltr'><strong><em>ut</em></strong></span> <span class='ocrx_word' id='word_1_79' title='bbox 912 993 1154 1064; x_wconf 88' lang='lat' dir='ltr'><strong><em>publice</em></strong></span> <span class='ocrx_word' id='word_1_80' title='bbox 1167 994 1652 1066; x_wconf 86' lang='lat' dir='ltr'><strong><em>philosophantes</em></strong></span> <span class='ocrx_word' id='word_1_81' title='bbox 1678 996 1876 1053; x_wconf 88' lang='lat' dir='ltr'><strong><em>studio</em></strong></span> 
     </span>
    </p>
   </div>
   <div class='ocr_carea' id='block_1_13' title="bbox 209 1079 1878 1157">
    <p class='ocr_par' dir='ltr' id='par_1_13' title="bbox 209 1079 1878 1157">
     <span class='ocr_line' id='line_1_13' title="bbox 209 1079 1878 1157; baseline 0.004 -23"><span class='ocrx_word' id='word_1_82' title='bbox 209 1079 508 1135; x_wconf 89' lang='lat' dir='ltr'><strong><em>virtutum</em></strong></span> <span class='ocrx_word' id='word_1_83' title='bbox 535 1080 691 1138; x_wconf 87' lang='lat' dir='ltr'><strong><em>vitia</em></strong></span> <span class='ocrx_word' id='word_1_84' title='bbox 716 1084 1032 1153; x_wconf 81' lang='lat' dir='ltr'><strong><em>nescirent,</em></strong></span> <span class='ocrx_word' id='word_1_85' title='bbox 1064 1085 1121 1139; x_wconf 90' lang='lat' dir='ltr'><strong><em>et</em></strong></span> <span class='ocrx_word' id='word_1_86' title='bbox 1142 1086 1408 1141; x_wconf 83' lang='lat' dir='ltr'><strong><em>maxime</em></strong></span> <span class='ocrx_word' id='word_1_87' title='bbox 1434 1085 1878 1157; x_wconf 77' lang='lat' dir='ltr'><strong><em>impudicitiam</em></strong></span> 
     </span>
    </p>
   </div>
   <div class='ocr_carea' id='block_1_14' title="bbox 212 1167 1878 1245">
    <p class='ocr_par' dir='ltr' id='par_1_14' title="bbox 212 1167 1878 1245">
     <span class='ocr_line' id='line_1_14' title="bbox 212 1167 1878 1245; baseline 0.004 -21"><span class='ocrx_word' id='word_1_88' title='bbox 212 1167 275 1224; x_wconf 88' lang='lat' dir='ltr'><strong><em>et</em></strong></span> <span class='ocrx_word' id='word_1_89' title='bbox 293 1168 701 1239; x_wconf 87' lang='lat' dir='ltr'><strong><em>cupiditatem,</em></strong></span> <span class='ocrx_word' id='word_1_90' title='bbox 730 1173 1120 1240; x_wconf 85' lang='lat' dir='ltr'><strong><em>prasentavit</em></strong></span> <span class='ocrx_word' id='word_1_91' title='bbox 1137 1187 1198 1230; x_wconf 91' lang='lat' dir='ltr'><strong><em>se</em></strong></span> <span class='ocrx_word' id='word_1_92' title='bbox 1217 1174 1372 1231; x_wconf 68' lang='lat' dir='ltr'><strong><em>satis</em></strong></span> <span class='ocrx_word' id='word_1_93' title='bbox 1396 1174 1731 1231; x_wconf 75' lang='lat' dir='ltr'><strong><em>reverenter</em></strong></span> <span class='ocrx_word' id='word_1_94' title='bbox 1760 1175 1878 1245; x_wconf 82' lang='lat' dir='ltr'><strong><em>Dg-</em></strong></span> 
     </span>
    </p>
   </div>
   <div class='ocr_carea' id='block_1_15' title="bbox 210 1256 1878 1334">
    <p class='ocr_par' dir='ltr' id='par_1_15' title="bbox 210 1256 1878 1334">
     <span class='ocr_line' id='line_1_15' title="bbox 210 1256 1878 1334; baseline 0.004 -21"><span class='ocrx_word' id='word_1_95' title='bbox 210 1256 372 1313; x_wconf 90' lang='lat' dir='ltr'><strong><em>dimo</em></strong></span> <span class='ocrx_word' id='word_1_96' title='bbox 394 1257 661 1330; x_wconf 82' lang='lat' dir='ltr'><strong><em>principi</em></strong></span> <span class='ocrx_word' id='word_1_97' title='bbox 689 1259 951 1329; x_wconf 78' lang='lat' dir='ltr'><strong><em>ejusdem</em></strong></span> <span class='ocrx_word' id='word_1_98' title='bbox 968 1262 1324 1334; x_wconf 87' lang='lat' dir='ltr'><strong><em>provincia.</em></strong></span> <span class='ocrx_word' id='word_1_99' title='bbox 1372 1264 1551 1329; x_wconf 84' lang='lat' dir='ltr'><strong><em>Quem</em></strong></span> <span class='ocrx_word' id='word_1_100' title='bbox 1580 1263 1878 1334; x_wconf 81' lang='lat' dir='ltr'><strong><em>ngimus</em></strong></span> 
     </span>
    </p>
   </div>
   <div class='ocr_carea' id='block_1_16' title="bbox 207 1346 1878 1425">
    <p class='ocr_par' dir='ltr' id='par_1_16' title="bbox 207 1346 1878 1425">
     <span class='ocr_line' id='line_1_16' title="bbox 207 1346 1878 1425; baseline 0.004 -23"><span class='ocrx_word' id='word_1_101' title='bbox 207 1346 502 1416; x_wconf 77' lang='lat' dir='ltr'><strong><em>regaliter</em></strong></span> <span class='ocrx_word' id='word_1_102' title='bbox 520 1349 825 1419; x_wconf 70' lang='lat' dir='ltr'><strong><em>excipiens</em></strong></span> <span class='ocrx_word' id='word_1_103' title='bbox 844 1352 1175 1422; x_wconf 76' lang='lat' dir='ltr'><strong><em>admonuit,</em></strong></span> <span class='ocrx_word' id='word_1_104' title='bbox 1199 1353 1271 1409; x_wconf 89' lang='lat' dir='ltr'><strong><em>ut</em></strong></span> <span class='ocrx_word' id='word_1_105' title='bbox 1270 1353 1503 1425; x_wconf 84' lang='lat' dir='ltr'><strong><em>futura</em></strong></span> <span class='ocrx_word' id='word_1_106' title='bbox 1521 1354 1617 1410; x_wconf 90' lang='lat' dir='ltr'><strong><em>die</em></strong></span> <span class='ocrx_word' id='word_1_107' title='bbox 1634 1354 1878 1410; x_wconf 74' lang='lat' dir='ltr'><strong><em>interes‘</em></strong></span> 
     </span>
    </p>
   </div>
   <div class='ocr_carea' id='block_1_17' title="bbox 210 1434 1866 1512">
    <p class='ocr_par' dir='ltr' id='par_1_17' title="bbox 210 1434 1866 1512">
     <span class='ocr_line' id='line_1_17' title="bbox 210 1434 1866 1512; baseline 0.003 -21"><span class='ocrx_word' id='word_1_108' title='bbox 210 1434 309 1491; x_wconf 82' lang='lat' dir='ltr'><strong><em>set</em></strong></span> <span class='ocrx_word' id='word_1_109' title='bbox 323 1434 629 1493; x_wconf 86' lang='lat' dir='ltr'><strong><em>auditorio</em></strong></span> <span class='ocrx_word' id='word_1_110' title='bbox 653 1439 967 1509; x_wconf 90' lang='lat' dir='ltr'><strong><em>cujusdam</em></strong></span> <span class='ocrx_word' id='word_1_111' title='bbox 988 1442 1148 1497; x_wconf 88' lang='lat' dir='ltr'><strong><em>inter</em></strong></span> <span class='ocrx_word' id='word_1_112' title='bbox 1165 1442 1312 1499; x_wconf 91' lang='lat' dir='ltr'><strong><em>duos</em></strong></span> <span class='ocrx_word' id='word_1_113' title='bbox 1332 1443 1561 1500; x_wconf 83' lang='lat' dir='ltr'><strong><em>vicinos</em></strong></span> <span class='ocrx_word' id='word_1_114' title='bbox 1575 1440 1866 1512; x_wconf 77' lang='lat' dir='ltr'><strong><em>justitia.</em></strong></span> 
     </span>
    </p>
   </div>
   <div class='ocr_carea' id='block_1_18' title="bbox 217 1523 1877 1599">
    <p class='ocr_par' dir='ltr' id='par_1_18' title="bbox 217 1523 1877 1599">
     <span class='ocr_line' id='line_1_18' title="bbox 217 1523 1877 1599; baseline 0.003 -19"><span class='ocrx_word' id='word_1_115' title='bbox 217 1523 370 1582; x_wconf 78' lang='lat' dir='ltr'><strong><em>Loca</em></strong></span> <span class='ocrx_word' id='word_1_116' title='bbox 379 1526 433 1580; x_wconf 93' lang='lat' dir='ltr'><strong><em>to</em></strong></span> <span class='ocrx_word' id='word_1_117' title='bbox 450 1526 517 1582; x_wconf 88' lang='lat' dir='ltr'><strong><em>in</em></strong></span> <span class='ocrx_word' id='word_1_118' title='bbox 533 1527 864 1583; x_wconf 85' lang='lat' dir='ltr'><strong><em>crastinum</em></strong></span> <span class='ocrx_word' id='word_1_119' title='bbox 874 1528 1134 1597; x_wconf 87' lang='lat' dir='ltr'><strong><em>judicio,</em></strong></span> <span class='ocrx_word' id='word_1_120' title='bbox 1153 1530 1310 1586; x_wconf 83' lang='lat' dir='ltr'><strong><em>sedit</em></strong></span> <span class='ocrx_word' id='word_1_121' title='bbox 1325 1545 1457 1587; x_wconf 76' lang='lat' dir='ltr'><strong><em>cum</em></strong></span> <span class='ocrx_word' id='word_1_122' title='bbox 1475 1531 1729 1599; x_wconf 79' lang='lat' dir='ltr'><strong><em>ngimo</em></strong></span> <span class='ocrx_word' id='word_1_123' title='bbox 1749 1535 1790 1586; x_wconf 91' lang='lat' dir='ltr'><strong><em>A</em></strong></span> <span class='ocrx_word' id='word_1_124' title='bbox 1802 1530 1877 1585; x_wconf 91' lang='lat' dir='ltr'><strong><em>le-</em></strong></span> 
     </span>
    </p>
   </div>
   <div class='ocr_carea' id='block_1_19' title="bbox 1979 371 3636 443">
    <p class='ocr_par' dir='ltr' id='par_1_19' title="bbox 1979 371 3636 443">
     <span class='ocr_line' id='line_1_19' title="bbox 1979 371 3636 443; baseline -0.001 -12"><span class='ocrx_word' id='word_1_125' title='bbox 1979 374 2072 431; x_wconf 88' lang='lat' dir='ltr'><strong><em>ris</em></strong></span> <span class='ocrx_word' id='word_1_126' title='bbox 2089 372 2510 442; x_wconf 70' lang='lat' dir='ltr'><strong><em>interrogatus,</em></strong></span> <span class='ocrx_word' id='word_1_127' title='bbox 2532 387 2637 431; x_wconf 87' lang='lat' dir='ltr'><strong><em>cur</em></strong></span> <span class='ocrx_word' id='word_1_128' title='bbox 2655 374 2717 429; x_wconf 90' lang='lat' dir='ltr'><strong><em>in</em></strong></span> <span class='ocrx_word' id='word_1_129' title='bbox 2735 372 2941 430; x_wconf 87' lang='lat' dir='ltr'><strong><em>electio</em></strong></span> <span class='ocrx_word' id='word_1_130' title='bbox 2958 385 3018 427; x_wconf 74' lang='lat' dir='ltr'><strong><em>ve</em></strong></span> <span class='ocrx_word' id='word_1_131' title='bbox 3022 371 3229 443; x_wconf 89' lang='lat' dir='ltr'><strong><em>partis</em></strong></span> <span class='ocrx_word' id='word_1_132' title='bbox 3247 371 3523 441; x_wconf 88' lang='lat' dir='ltr'><strong><em>errasset,</em></strong></span> <span class='ocrx_word' id='word_1_133' title='bbox 3544 385 3636 429; x_wconf 90' lang='lat' dir='ltr'><strong><em>re-</em></strong></span> 
     </span>
    </p>
   </div>
   <div class='ocr_carea' id='block_1_20' title="bbox 1983 460 3635 534">
    <p class='ocr_par' dir='ltr' id='par_1_20' title="bbox 1983 460 3635 534">
     <span class='ocr_line' id='line_1_20' title="bbox 1983 460 3635 534; baseline -0.002 -14"><span class='ocrx_word' id='word_1_134' title='bbox 1983 461 2251 533; x_wconf 79' lang='lat' dir='ltr'><strong><em>spondit:</em></strong></span> <span class='ocrx_word' id='word_1_135' title='bbox 2276 483 2301 510; x_wconf 89' lang='grc'><strong>‹‹</strong></span> <span class='ocrx_word' id='word_1_136' title='bbox 2315 462 2725 520; x_wconf 86' lang='lat' dir='ltr'><strong><em>Pracinctura</em></strong></span> <span class='ocrx_word' id='word_1_137' title='bbox 2742 464 2873 534; x_wconf 89' lang='lat' dir='ltr'><strong><em>ejus</em></strong></span> <span class='ocrx_word' id='word_1_138' title='bbox 2887 476 2979 518; x_wconf 89' lang='lat' dir='ltr'><strong><em>me</em></strong></span> <span class='ocrx_word' id='word_1_139' title='bbox 2998 461 3256 531; x_wconf 87' lang='lat' dir='ltr'><strong><em>decepit:</em></strong></span> <span class='ocrx_word' id='word_1_140' title='bbox 3270 483 3295 508; x_wconf 76' lang='grc' dir='ltr'><strong><em>ι»</em></strong></span> <span class='ocrx_word' id='word_1_141' title='bbox 3309 460 3551 531; x_wconf 85' lang='lat' dir='ltr'><strong><em>jocatus</em></strong></span> <span class='ocrx_word' id='word_1_142' title='bbox 3568 462 3635 519; x_wconf 91' lang='lat' dir='ltr'><strong><em>in</em></strong></span> 
     </span>
    </p>
   </div>
   <div class='ocr_carea' id='block_1_21' title="bbox 1989 548 3633 622">
    <p class='ocr_par' dir='ltr' id='par_1_21' title="bbox 1989 548 3633 622">
     <span class='ocr_line' id='line_1_21' title="bbox 1989 548 3633 622; baseline -0.001 -14"><span class='ocrx_word' id='word_1_143' title='bbox 1989 551 2279 609; x_wconf 79' lang='lat' dir='ltr'><strong><em>C&#39;asarem</em></strong></span> <span class='ocrx_word' id='word_1_144' title='bbox 2307 552 2414 622; x_wconf 90' lang='lat' dir='ltr'><strong><em>qui</em></strong></span> <span class='ocrx_word' id='word_1_145' title='bbox 2444 551 2535 607; x_wconf 90' lang='lat' dir='ltr'><strong><em>ita</em></strong></span> <span class='ocrx_word' id='word_1_146' title='bbox 2565 551 2701 621; x_wconf 89' lang='lat' dir='ltr'><strong><em>toga</em></strong></span> <span class='ocrx_word' id='word_1_147' title='bbox 2721 548 3222 621; x_wconf 85' lang='lat' dir='ltr'><strong><em>pracingebatur,</em></strong></span> <span class='ocrx_word' id='word_1_148' title='bbox 3248 549 3317 605; x_wconf 90' lang='lat' dir='ltr'><strong><em>ut</em></strong></span> <span class='ocrx_word' id='word_1_149' title='bbox 3345 549 3633 606; x_wconf 89' lang='lat' dir='ltr'><strong><em>trahendo</em></strong></span> 
     </span>
    </p>
   </div>
   <div class='ocr_carea' id='block_1_22' title="bbox 1988 637 3634 709">
    <p class='ocr_par' dir='ltr' id='par_1_22' title="bbox 1988 637 3634 709">
     <span class='ocr_line' id='line_1_22' title="bbox 1988 637 3634 709; baseline -0.001 -13"><span class='ocrx_word' id='word_1_150' title='bbox 1988 640 2279 697; x_wconf 85' lang='lat' dir='ltr'><strong><em>laciniam</em></strong></span> <span class='ocrx_word' id='word_1_151' title='bbox 2308 639 2624 696; x_wconf 74' lang='lat' dir='ltr'><strong><em>incedendo</em></strong></span> <span class='ocrx_word' id='word_1_152' title='bbox 2644 640 2807 696; x_wconf 88' lang='lat' dir='ltr'><strong><em>velut</em></strong></span> <span class='ocrx_word' id='word_1_153' title='bbox 2823 638 3019 695; x_wconf 89' lang='lat' dir='ltr'><strong><em>mollis</em></strong></span> <span class='ocrx_word' id='word_1_154' title='bbox 3038 637 3369 694; x_wconf 89' lang='lat' dir='ltr'><strong><em>videretur.</em></strong></span> <span class='ocrx_word' id='word_1_155' title='bbox 3407 638 3492 693; x_wconf 83' lang='lat' dir='ltr'><strong><em>De</em></strong></span> <span class='ocrx_word' id='word_1_156' title='bbox 3519 652 3634 709; x_wconf 90' lang='lat' dir='ltr'><strong><em>quo</em></strong></span> 
     </span>
    </p>
   </div>
   <div class='ocr_carea' id='block_1_23' title="bbox 1983 725 3634 800">
    <p class='ocr_par' dir='ltr' id='par_1_23' title="bbox 1983 725 3634 800">
     <span class='ocr_line' id='line_1_23' title="bbox 1983 725 3634 800; baseline -0.002 -15"><span class='ocrx_word' id='word_1_157' title='bbox 1983 729 2165 800; x_wconf 80' lang='lat' dir='ltr'><strong><em>Sylla</em></strong></span> <span class='ocrx_word' id='word_1_158' title='bbox 2190 729 2475 800; x_wconf 87' lang='lat' dir='ltr'><strong><em>providus</em></strong></span> <span class='ocrx_word' id='word_1_159' title='bbox 2507 728 2675 786; x_wconf 88' lang='lat' dir='ltr'><strong><em>dixit</em></strong></span> <span class='ocrx_word' id='word_1_160' title='bbox 2699 729 3002 799; x_wconf 87' lang='lat' dir='ltr'><strong><em>Pompeio,</em></strong></span> <span class='ocrx_word' id='word_1_161' title='bbox 3038 725 3358 785; x_wconf 88' lang='lat' dir='ltr'><strong><em>cavendum</em></strong></span> <span class='ocrx_word' id='word_1_162' title='bbox 3390 740 3427 783; x_wconf 90' lang='lat' dir='ltr'><strong><em>a</em></strong></span> <span class='ocrx_word' id='word_1_163' title='bbox 3451 739 3634 797; x_wconf 89' lang='lat' dir='ltr'><strong><em>puero</em></strong></span> 
     </span>
    </p>
   </div>
   <div class='ocr_carea' id='block_1_24' title="bbox 1985 816 3635 889">
    <p class='ocr_par' dir='ltr' id='par_1_24' title="bbox 1985 816 3635 889">
     <span class='ocr_line' id='line_1_24' title="bbox 1985 816 3635 889; baseline -0.003 -14"><span class='ocrx_word' id='word_1_164' title='bbox 1985 817 2112 875; x_wconf 86' lang='lat' dir='ltr'><strong><em>illo.</em></strong></span> <span class='ocrx_word' id='word_1_165' title='bbox 2136 816 2270 888; x_wconf 82' lang='lat' dir='ltr'><strong><em>(1b.,</em></strong></span> <span class='ocrx_word' id='word_1_166' title='bbox 2293 833 2350 887; x_wconf 84' lang='grc' dir='ltr'><strong><em>ιι,</em></strong></span> <span class='ocrx_word' id='word_1_167' title='bbox 2373 821 2450 889; x_wconf 88' lang='lat'><strong><em>3.)</em></strong></span> <span class='ocrx_word' id='word_1_168' title='bbox 2470 818 2636 876; x_wconf 89' lang='lat' dir='ltr'><strong><em>Idem</em></strong></span> <span class='ocrx_word' id='word_1_169' title='bbox 2657 818 2860 875; x_wconf 81' lang='lat' dir='ltr'><strong><em>Cicero</em></strong></span> <span class='ocrx_word' id='word_1_170' title='bbox 2878 832 3006 875; x_wconf 89' lang='lat' dir='ltr'><strong><em>cum</em></strong></span> <span class='ocrx_word' id='word_1_171' title='bbox 3026 816 3189 888; x_wconf 89' lang='lat' dir='ltr'><strong><em>apud</em></strong></span> <span class='ocrx_word' id='word_1_172' title='bbox 3205 816 3635 887; x_wconf 87' lang='lat' dir='ltr'><strong><em>Damasippum</em></strong></span> 
     </span>
    </p>
   </div>
   <div class='ocr_carea' id='block_1_25' title="bbox 1987 903 3637 978">
    <p class='ocr_par' dir='ltr' id='par_1_25' title="bbox 1987 903 3637 978">
     <span class='ocr_line' id='line_1_25' title="bbox 1987 903 3637 978; baseline -0.002 -14"><span class='ocrx_word' id='word_1_173' title='bbox 1987 908 2259 976; x_wconf 84' lang='lat' dir='ltr'><strong><em>canaret,</em></strong></span> <span class='ocrx_word' id='word_1_174' title='bbox 2282 909 2338 963; x_wconf 91' lang='lat' dir='ltr'><strong><em>et</em></strong></span> <span class='ocrx_word' id='word_1_175' title='bbox 2351 906 2457 964; x_wconf 90' lang='lat' dir='ltr'><strong><em>ille</em></strong></span> <span class='ocrx_word' id='word_1_176' title='bbox 2472 907 2755 965; x_wconf 89' lang='lat' dir='ltr'><strong><em>mediocri</em></strong></span> <span class='ocrx_word' id='word_1_177' title='bbox 2771 908 2909 965; x_wconf 88' lang='lat' dir='ltr'><strong><em>vino</em></strong></span> <span class='ocrx_word' id='word_1_178' title='bbox 2925 906 3191 978; x_wconf 89' lang='lat' dir='ltr'><strong><em>apposito</em></strong></span> <span class='ocrx_word' id='word_1_179' title='bbox 3214 905 3470 963; x_wconf 89' lang='lat' dir='ltr'><strong><em>diceret:</em></strong></span> <span class='ocrx_word' id='word_1_180' title='bbox 3490 924 3516 956; x_wconf 80' lang='grc' dir='ltr'><strong>α</strong></span> <span class='ocrx_word' id='word_1_181' title='bbox 3532 903 3637 961; x_wconf 86' lang='lat' dir='ltr'><strong><em>Bi-</em></strong></span> 
     </span>
    </p>
   </div>
   <div class='ocr_carea' id='block_1_26' title="bbox 1990 992 3638 1065">
    <p class='ocr_par' dir='ltr' id='par_1_26' title="bbox 1990 992 3638 1065">
     <span class='ocr_line' id='line_1_26' title="bbox 1990 992 3638 1065; baseline -0.001 -14"><span class='ocrx_word' id='word_1_182' title='bbox 1990 994 2105 1052; x_wconf 90' lang='lat' dir='ltr'><strong><em>bite</em></strong></span> <span class='ocrx_word' id='word_1_183' title='bbox 2127 995 2497 1053; x_wconf 85' lang='lat' dir='ltr'><strong><em>Phalernum</em></strong></span> <span class='ocrx_word' id='word_1_184' title='bbox 2517 997 2642 1065; x_wconf 90' lang='lat' dir='ltr'><strong><em>hoc,</em></strong></span> <span class='ocrx_word' id='word_1_185' title='bbox 2667 996 2756 1054; x_wconf 90' lang='lat' dir='ltr'><strong><em>est</em></strong></span> <span class='ocrx_word' id='word_1_186' title='bbox 2774 996 2931 1052; x_wconf 78' lang='lat' dir='ltr'><strong><em>enim</em></strong></span> <span class='ocrx_word' id='word_1_187' title='bbox 2951 1009 3243 1052; x_wconf 88' lang='lat' dir='ltr'><strong><em>annorum</em></strong></span> <span class='ocrx_word' id='word_1_188' title='bbox 3264 992 3638 1064; x_wconf 88' lang='lat' dir='ltr'><strong><em>quadragin-</em></strong></span> 
     </span>
    </p>
   </div>
   <div class='ocr_carea' id='block_1_27' title="bbox 1990 1083 3637 1158">
    <p class='ocr_par' dir='ltr' id='par_1_27' title="bbox 1990 1083 3637 1158">
     <span class='ocr_line' id='line_1_27' title="bbox 1990 1083 3637 1158; baseline -0.002 -17"><span class='ocrx_word' id='word_1_189' title='bbox 1990 1086 2070 1142; x_wconf 88' lang='lat' dir='ltr'><strong><em>ta.</em></strong></span> <span class='ocrx_word' id='word_1_190' title='bbox 2096 1107 2119 1133; x_wconf 80' lang='lat'><strong>»</strong></span> <span class='ocrx_word' id='word_1_191' title='bbox 2147 1109 2171 1134; x_wconf 76' lang='grc' dir='ltr'><strong>α</strong></span> <span class='ocrx_word' id='word_1_192' title='bbox 2191 1086 2368 1155; x_wconf 84' lang='lat' dir='ltr'><strong><em>Bene,</em></strong></span> <span class='ocrx_word' id='word_1_193' title='bbox 2389 1085 2592 1156; x_wconf 79' lang='lat' dir='ltr'><strong><em>inquit</em></strong></span> <span class='ocrx_word' id='word_1_194' title='bbox 2607 1087 2729 1155; x_wconf 89' lang='lat' dir='ltr'><strong><em>ille,</em></strong></span> <span class='ocrx_word' id='word_1_195' title='bbox 2752 1086 2982 1142; x_wconf 86' lang='lat' dir='ltr'><strong><em>atatem</em></strong></span> <span class='ocrx_word' id='word_1_196' title='bbox 2994 1084 3185 1158; x_wconf 83' lang='lat' dir='ltr'><strong><em>refert</em></strong></span> <span class='ocrx_word' id='word_1_197' title='bbox 3194 1083 3257 1138; x_wconf 73' lang='grc' dir='ltr'><strong><em>π.</em></strong></span> <span class='ocrx_word' id='word_1_198' title='bbox 3276 1105 3302 1131; x_wconf 75' lang='grc' dir='ltr'><strong>ιο</strong></span> <span class='ocrx_word' id='word_1_199' title='bbox 3326 1083 3489 1140; x_wconf 88' lang='lat' dir='ltr'><strong><em>Idem</em></strong></span> <span class='ocrx_word' id='word_1_200' title='bbox 3506 1096 3637 1140; x_wconf 91' lang='lat' dir='ltr'><strong><em>cum</em></strong></span> 
     </span>
    </p>
   </div>
   <div class='ocr_carea' id='block_1_28' title="bbox 1979 1170 3634 1245">
    <p class='ocr_par' dir='ltr' id='par_1_28' title="bbox 1979 1170 3634 1245">
     <span class='ocr_line' id='line_1_28' title="bbox 1979 1170 3634 1245; baseline -0.001 -16"><span class='ocrx_word' id='word_1_201' title='bbox 1979 1186 2264 1244; x_wconf 75' lang='lat' dir='ltr'><strong><em>generum</em></strong></span> <span class='ocrx_word' id='word_1_202' title='bbox 2287 1188 2457 1231; x_wconf 91' lang='lat' dir='ltr'><strong><em>suum</em></strong></span> <span class='ocrx_word' id='word_1_203' title='bbox 2482 1176 2716 1245; x_wconf 83' lang='lat' dir='ltr'><strong><em>exigua</em></strong></span> <span class='ocrx_word' id='word_1_204' title='bbox 2735 1176 2984 1233; x_wconf 85' lang='lat' dir='ltr'><strong><em>statura</em></strong></span> <span class='ocrx_word' id='word_1_205' title='bbox 3003 1173 3297 1230; x_wconf 89' lang='lat' dir='ltr'><strong><em>hominem</em></strong></span> <span class='ocrx_word' id='word_1_206' title='bbox 3319 1171 3490 1242; x_wconf 90' lang='lat' dir='ltr'><strong><em>longo</em></strong></span> <span class='ocrx_word' id='word_1_207' title='bbox 3505 1170 3634 1241; x_wconf 92' lang='lat' dir='ltr'><strong><em>gla—</em></strong></span> 
     </span>
    </p>
   </div>
   <div class='ocr_carea' id='block_1_29' title="bbox 1990 1262 3637 1333">
    <p class='ocr_par' dir='ltr' id='par_1_29' title="bbox 1990 1262 3637 1333">
     <span class='ocr_line' id='line_1_29' title="bbox 1990 1262 3637 1333; baseline -0.002 -15"><span class='ocrx_word' id='word_1_208' title='bbox 1990 1262 2086 1317; x_wconf 87' lang='lat' dir='ltr'><strong><em>dio</em></strong></span> <span class='ocrx_word' id='word_1_209' title='bbox 2127 1263 2457 1320; x_wconf 74' lang='lat' dir='ltr'><strong><em>accinctum</em></strong></span> <span class='ocrx_word' id='word_1_210' title='bbox 2493 1264 2791 1322; x_wconf 87' lang='lat' dir='ltr'><strong><em>vidisset:</em></strong></span> <span class='ocrx_word' id='word_1_211' title='bbox 2825 1289 2850 1313; x_wconf 80' lang='grc' dir='ltr'><strong><em>«ι</em></strong></span> <span class='ocrx_word' id='word_1_212' title='bbox 2886 1264 3050 1333; x_wconf 85' lang='lat' dir='ltr'><strong><em>Quis,</em></strong></span> <span class='ocrx_word' id='word_1_213' title='bbox 3093 1262 3315 1333; x_wconf 90' lang='lat' dir='ltr'><strong><em>inquit,</em></strong></span> <span class='ocrx_word' id='word_1_214' title='bbox 3352 1273 3637 1330; x_wconf 74' lang='lat' dir='ltr'><strong><em>generum</em></strong></span> 
     </span>
    </p>
   </div>
   <div class='ocr_carea' id='block_1_30' title="bbox 1986 1347 3634 1424">
    <p class='ocr_par' dir='ltr' id='par_1_30' title="bbox 1986 1347 3634 1424">
     <span class='ocr_line' id='line_1_30' title="bbox 1986 1347 3634 1424; baseline -0.002 -17"><span class='ocrx_word' id='word_1_215' title='bbox 1986 1365 2176 1408; x_wconf 87' lang='lat' dir='ltr'><strong><em>meum</em></strong></span> <span class='ocrx_word' id='word_1_216' title='bbox 2200 1352 2490 1424; x_wconf 84' lang='lat' dir='ltr'><strong><em>alligavit</em></strong></span> <span class='ocrx_word' id='word_1_217' title='bbox 2502 1352 2584 1409; x_wconf 92' lang='lat' dir='ltr'><strong><em>ad</em></strong></span> <span class='ocrx_word' id='word_1_218' title='bbox 2590 1352 2904 1422; x_wconf 67' lang='lat' dir='ltr'><strong><em>gladium?</em></strong></span> <span class='ocrx_word' id='word_1_219' title='bbox 2927 1372 2955 1405; x_wconf 88' lang='lat'>»</span> <span class='ocrx_word' id='word_1_220' title='bbox 2978 1351 3099 1410; x_wconf 81' lang='lat' dir='ltr'><strong><em>Sed</em></strong></span> <span class='ocrx_word' id='word_1_221' title='bbox 3112 1362 3299 1423; x_wconf 85' lang='lat' dir='ltr'><strong><em>neque</em></strong></span> <span class='ocrx_word' id='word_1_222' title='bbox 3304 1347 3510 1421; x_wconf 85' lang='lat' dir='ltr'><strong><em>fratri</em></strong></span> <span class='ocrx_word' id='word_1_223' title='bbox 3529 1361 3557 1404; x_wconf 92' lang='lat' dir='ltr'><strong><em>s</em></strong></span> <span class='ocrx_word' id='word_1_224' title='bbox 3570 1360 3634 1404; x_wconf 73' lang='lat' dir='ltr'><strong><em>uo</em></strong></span> 
     </span>
    </p>
   </div>
   <div class='ocr_carea' id='block_1_31' title="bbox 1986 1437 3638 1513">
    <p class='ocr_par' dir='ltr' id='par_1_31' title="bbox 1986 1437 3638 1513">
     <span class='ocr_line' id='line_1_31' title="bbox 1986 1437 3638 1513; baseline -0.001 -18"><span class='ocrx_word' id='word_1_225' title='bbox 1986 1440 2054 1495; x_wconf 85' lang='lat' dir='ltr'><strong><em>in</em></strong></span> <span class='ocrx_word' id='word_1_226' title='bbox 2068 1440 2333 1498; x_wconf 79' lang='lat' dir='ltr'><strong><em>mordaci</em></strong></span> <span class='ocrx_word' id='word_1_227' title='bbox 2339 1441 2461 1497; x_wconf 89' lang='lat' dir='ltr'><strong><em>tate</em></strong></span> <span class='ocrx_word' id='word_1_228' title='bbox 2476 1442 2749 1513; x_wconf 79' lang='lat' dir='ltr'><strong><em>pepercit.</em></strong></span> <span class='ocrx_word' id='word_1_229' title='bbox 2776 1442 2930 1498; x_wconf 84' lang='lat' dir='ltr'><strong><em>Erat</em></strong></span> <span class='ocrx_word' id='word_1_230' title='bbox 2939 1442 2996 1497; x_wconf 91' lang='lat' dir='ltr'><strong><em>et</em></strong></span> <span class='ocrx_word' id='word_1_231' title='bbox 3008 1441 3131 1511; x_wconf 87' lang='lat' dir='ltr'><strong><em>ipse</em></strong></span> <span class='ocrx_word' id='word_1_232' title='bbox 3134 1451 3342 1511; x_wconf 86' lang='lat' dir='ltr'><strong><em>parra</em></strong></span> <span class='ocrx_word' id='word_1_233' title='bbox 3355 1437 3605 1495; x_wconf 88' lang='lat' dir='ltr'><strong><em>statura</em></strong></span> <span class='ocrx_word' id='word_1_234' title='bbox 3613 1456 3638 1508; x_wconf 85' lang='grc'><strong><em>,-</em></strong></span> 
     </span>
    </p>
   </div>
   <div class='ocr_carea' id='block_1_32' title="bbox 1989 1524 3638 1602">
    <p class='ocr_par' dir='ltr' id='par_1_32' title="bbox 1989 1524 3638 1602">
     <span class='ocr_line' id='line_1_32' title="bbox 1989 1524 3638 1602; baseline -0.002 -16"><span class='ocrx_word' id='word_1_235' title='bbox 1989 1532 2163 1601; x_wconf 87' lang='lat' dir='ltr'><strong><em>cujus</em></strong></span> <span class='ocrx_word' id='word_1_236' title='bbox 2183 1531 2507 1601; x_wconf 85' lang='lat' dir='ltr'><strong><em>imaginem</em></strong></span> <span class='ocrx_word' id='word_1_237' title='bbox 2523 1545 2653 1588; x_wconf 89' lang='lat' dir='ltr'><strong><em>cum</em></strong></span> <span class='ocrx_word' id='word_1_238' title='bbox 2668 1530 2924 1587; x_wconf 86' lang='lat' dir='ltr'><strong><em>vidisset</em></strong></span> <span class='ocrx_word' id='word_1_239' title='bbox 2941 1528 3276 1602; x_wconf 83' lang='lat' dir='ltr'><strong><em>clgpeatam</em></strong></span> <span class='ocrx_word' id='word_1_240' title='bbox 3297 1524 3638 1597; x_wconf 80' lang='lat' dir='ltr'><strong><em>ingentibus</em></strong></span> 
     </span>
    </p>
   </div>
   <div class='ocr_carea' id='block_1_33' title="bbox 208 1612 3637 1728">
    <p class='ocr_par' dir='ltr' id='par_1_33' title="bbox 208 1612 3637 1728">
     <span class='ocr_line' id='line_1_33' title="bbox 208 1612 3637 1728; baseline 0.001 -60"><span class='ocrx_word' id='word_1_241' title='bbox 208 1612 452 1670; x_wconf 86' lang='lat' dir='ltr'><strong><em>xander</em></strong></span> <span class='ocrx_word' id='word_1_242' title='bbox 480 1628 610 1672; x_wconf 89' lang='lat' dir='ltr'><strong><em>cum</em></strong></span> <span class='ocrx_word' id='word_1_243' title='bbox 626 1616 883 1689; x_wconf 65' lang='lat' dir='ltr'><strong><em>frequen</em></strong></span> <span class='ocrx_word' id='word_1_244' title='bbox 901 1617 988 1675; x_wconf 88' lang='lat' dir='ltr'><strong><em>tia</em></strong></span> <span class='ocrx_word' id='word_1_245' title='bbox 1012 1619 1311 1690; x_wconf 74' lang='lat' dir='ltr'><strong><em>populari,</em></strong></span> <span class='ocrx_word' id='word_1_246' title='bbox 1346 1619 1655 1691; x_wconf 63' lang='lat' dir='ltr'><strong><em>afuerunt</em></strong></span> <span class='ocrx_word' id='word_1_247' title='bbox 1680 1621 1739 1677; x_wconf 87' lang='lat' dir='ltr'><strong><em>et</em></strong></span> <span class='ocrx_word' id='word_1_248' title='bbox 1760 1620 1873 1675; x_wconf 85' lang='lat' dir='ltr'><strong><em>duo</em></strong></span> <span class='ocrx_word' id='word_1_249' title='bbox 1904 1662 1958 1728; x_wconf 81' lang='grc' dir='ltr'>Β</span> <span class='ocrx_word' id='word_1_250' title='bbox 1992 1617 2369 1728; x_wconf 51' lang='lat' dir='ltr'><strong><em>lineamentis</em></strong></span> <span class='ocrx_word' id='word_1_251' title='bbox 2386 1634 2571 1690; x_wconf 87' lang='lat' dir='ltr'><strong><em>usque</em></strong></span> <span class='ocrx_word' id='word_1_252' title='bbox 2588 1620 2668 1676; x_wconf 92' lang='lat' dir='ltr'><strong><em>ad</em></strong></span> <span class='ocrx_word' id='word_1_253' title='bbox 2674 1621 2917 1728; x_wconf 46' lang='lat' dir='ltr'><strong><em>pectus:</em></strong></span> <span class='ocrx_word' id='word_1_254' title='bbox 2942 1641 2968 1668; x_wconf 76' lang='grc' dir='ltr'>α</span> <span class='ocrx_word' id='word_1_255' title='bbox 2985 1618 3219 1728; x_wconf 72' lang='lat' dir='ltr'><strong><em>Frater,</em></strong></span> <span class='ocrx_word' id='word_1_256' title='bbox 3240 1615 3460 1728; x_wconf 66' lang='lat' dir='ltr'><strong><em>inquit,</em></strong></span> <span class='ocrx_word' id='word_1_257' title='bbox 3473 1627 3637 1671; x_wconf 89' lang='lat' dir='ltr'><strong><em>meus</em></strong></span> 
     </span>
    </p>
   </div>
   <div class='ocr_carea' id='block_1_34' title="bbox 207 1703 3639 1779">
    <p class='ocr_par' dir='ltr' id='par_1_34' title="bbox 207 1703 3639 1779">
     <span class='ocr_line' id='line_1_34' title="bbox 207 1703 3639 1779; baseline 0 -20"><span class='ocrx_word' id='word_1_258' title='bbox 207 1703 433 1773; x_wconf 86' lang='lat' dir='ltr'><strong><em>vicini,</em></strong></span> <span class='ocrx_word' id='word_1_259' title='bbox 467 1717 718 1775; x_wconf 89' lang='lat' dir='ltr'><strong><em>quorum</em></strong></span> <span class='ocrx_word' id='word_1_260' title='bbox 749 1718 933 1763; x_wconf 87' lang='lat' dir='ltr'><strong><em>causa</em></strong></span> <span class='ocrx_word' id='word_1_261' title='bbox 965 1709 1095 1775; x_wconf 84' lang='lat' dir='ltr'><strong><em>erat</em></strong></span> <span class='ocrx_word' id='word_1_262' title='bbox 1126 1708 1440 1778; x_wconf 86' lang='lat' dir='ltr'><strong><em>ejusmodi.</em></strong></span> <span class='ocrx_word' id='word_1_263' title='bbox 1488 1709 1654 1766; x_wconf 87' lang='lat' dir='ltr'><strong><em>Alter</em></strong></span> <span class='ocrx_word' id='word_1_264' title='bbox 1693 1709 1875 1765; x_wconf 90' lang='lat' dir='ltr'><strong><em>alteri</em></strong></span> <span class='ocrx_word' id='word_1_265' title='bbox 1904 1703 1958 1728; x_wconf 72' lang='grc' dir='ltr'><em>υ</em></span> <span class='ocrx_word' id='word_1_266' title='bbox 1990 1705 2281 1765; x_wconf 80' lang='lat' dir='ltr'><strong><em>dimidius</em></strong></span> <span class='ocrx_word' id='word_1_267' title='bbox 2300 1711 2495 1779; x_wconf 85' lang='lat' dir='ltr'><strong><em>major</em></strong></span> <span class='ocrx_word' id='word_1_268' title='bbox 2512 1709 2795 1779; x_wconf 88' lang='lat' dir='ltr'><strong><em>estquam</em></strong></span> <span class='ocrx_word' id='word_1_269' title='bbox 2817 1708 2990 1765; x_wconf 86' lang='lat' dir='ltr'><strong><em>totus.</em></strong></span> <span class='ocrx_word' id='word_1_270' title='bbox 3019 1729 3044 1760; x_wconf 87' lang='lat'>»</span> <span class='ocrx_word' id='word_1_271' title='bbox 3068 1709 3145 1764; x_wconf 88' lang='lat' dir='ltr'><strong><em>In</em></strong></span> <span class='ocrx_word' id='word_1_272' title='bbox 3165 1705 3479 1764; x_wconf 89' lang='lat' dir='ltr'><strong><em>consulatu</em></strong></span> <span class='ocrx_word' id='word_1_273' title='bbox 3498 1716 3639 1775; x_wconf 87' lang='lat' dir='ltr'><strong><em>quo-</em></strong></span> 
     </span>
    </p>
   </div>
   <div class='ocr_carea' id='block_1_35' title="bbox 216 1793 1876 1869">
    <p class='ocr_par' dir='ltr' id='par_1_35' title="bbox 216 1793 1876 1869">
     <span class='ocr_line' id='line_1_35' title="bbox 216 1793 1876 1869; baseline 0.002 -20"><span class='ocrx_word' id='word_1_274' title='bbox 216 1804 435 1862; x_wconf 89' lang='lat' dir='ltr'><strong><em>agrum</em></strong></span> <span class='ocrx_word' id='word_1_275' title='bbox 464 1793 833 1863; x_wconf 86' lang='lat' dir='ltr'><strong><em>vendiderat,</em></strong></span> <span class='ocrx_word' id='word_1_276' title='bbox 864 1808 1033 1865; x_wconf 85' lang='lat' dir='ltr'><strong><em>quem</em></strong></span> <span class='ocrx_word' id='word_1_277' title='bbox 1062 1796 1199 1853; x_wconf 85' lang='lat' dir='ltr'><strong><em>dum</em></strong></span> <span class='ocrx_word' id='word_1_278' title='bbox 1226 1799 1448 1869; x_wconf 88' lang='lat' dir='ltr'><strong><em>emptor</em></strong></span> <span class='ocrx_word' id='word_1_279' title='bbox 1473 1798 1780 1867; x_wconf 81' lang='lat' dir='ltr'><strong><em>excoleret,</em></strong></span> <span class='ocrx_word' id='word_1_280' title='bbox 1810 1798 1876 1853; x_wconf 90' lang='lat' dir='ltr'><strong><em>in</em></strong></span> 
     </span>
    </p>
   </div>
   <div class='ocr_carea' id='block_1_36' title="bbox 213 1880 1878 1957">
    <p class='ocr_par' dir='ltr' id='par_1_36' title="bbox 213 1880 1878 1957">
     <span class='ocr_line' id='line_1_36' title="bbox 213 1880 1878 1957; baseline 0.003 -19"><span class='ocrx_word' id='word_1_281' title='bbox 213 1894 281 1938; x_wconf 88' lang='lat' dir='ltr'><strong><em>eo</em></strong></span> <span class='ocrx_word' id='word_1_282' title='bbox 303 1880 649 1938; x_wconf 78' lang='lat' dir='ltr'><strong><em>thesaurum</em></strong></span> <span class='ocrx_word' id='word_1_283' title='bbox 666 1884 995 1940; x_wconf 89' lang='lat' dir='ltr'><strong><em>invenerat.</em></strong></span> <span class='ocrx_word' id='word_1_284' title='bbox 1010 1884 1618 1943; x_wconf 82' lang='lat' dir='ltr'><strong><em>Moxadvena’itorem</em></strong></span> <span class='ocrx_word' id='word_1_285' title='bbox 1635 1887 1773 1957; x_wconf 89' lang='lat' dir='ltr'><strong><em>agri</em></strong></span> <span class='ocrx_word' id='word_1_286' title='bbox 1790 1901 1878 1943; x_wconf 90' lang='lat' dir='ltr'><strong><em>re-</em></strong></span> 
     </span>
    </p>
   </div>
   <div class='ocr_carea' id='block_1_37' title="bbox 221 1969 1873 2056">
    <p class='ocr_par' dir='ltr' id='par_1_37' title="bbox 221 1969 1873 2056">
     <span class='ocr_line' id='line_1_37' title="bbox 221 1969 1873 2056; baseline 0.001 -28"><span class='ocrx_word' id='word_1_287' title='bbox 221 1984 489 2040; x_wconf 88' lang='lat' dir='ltr'><strong><em>currens,</em></strong></span> <span class='ocrx_word' id='word_1_288' title='bbox 519 1969 875 2029; x_wconf 90' lang='lat' dir='ltr'><strong><em>hortabatur</em></strong></span> <span class='ocrx_word' id='word_1_289' title='bbox 900 1973 968 2029; x_wconf 90' lang='lat' dir='ltr'><strong><em>ut</em></strong></span> <span class='ocrx_word' id='word_1_290' title='bbox 996 1974 1344 2032; x_wconf 73' lang='lat' dir='ltr'><strong><em>thesaurum</em></strong></span> <span class='ocrx_word' id='word_1_291' title='bbox 1369 1990 1544 2032; x_wconf 90' lang='lat' dir='ltr'><strong><em>suum</em></strong></span> <span class='ocrx_word' id='word_1_292' title='bbox 1566 1976 1873 2056; x_wconf 63' lang='lat' dir='ltr'><strong><em>reciperet,</em></strong></span> 
     </span>
    </p>
   </div>
   <div class='ocr_carea' id='block_1_38' title="bbox 222 2058 1879 2135">
    <p class='ocr_par' dir='ltr' id='par_1_38' title="bbox 222 2058 1879 2135">
     <span class='ocr_line' id='line_1_38' title="bbox 222 2058 1879 2135; baseline 0.003 -20"><span class='ocrx_word' id='word_1_293' title='bbox 222 2072 356 2115; x_wconf 78' lang='lat' dir='ltr'><strong><em>cum</em></strong></span> <span class='ocrx_word' id='word_1_294' title='bbox 378 2058 576 2116; x_wconf 87' lang='lat' dir='ltr'><strong><em>nichil</em></strong></span> <span class='ocrx_word' id='word_1_295' title='bbox 590 2059 710 2116; x_wconf 89' lang='lat' dir='ltr'><strong><em>sibi</em></strong></span> <span class='ocrx_word' id='word_1_296' title='bbox 718 2062 940 2132; x_wconf 88' lang='lat' dir='ltr'><strong><em>prater</em></strong></span> <span class='ocrx_word' id='word_1_297' title='bbox 961 2078 1171 2135; x_wconf 87' lang='lat' dir='ltr'><strong><em>agrum</em></strong></span> <span class='ocrx_word' id='word_1_298' title='bbox 1192 2064 1578 2123; x_wconf 86' lang='lat' dir='ltr'><strong><em>vendidisset.</em></strong></span> <span class='ocrx_word' id='word_1_299' title='bbox 1609 2065 1879 2121; x_wconf 81' lang='lat' dir='ltr'><strong><em>Venditor</em></strong></span> 
     </span>
    </p>
   </div>
   <div class='ocr_carea' id='block_1_39' title="bbox 212 2147 1878 2223">
    <p class='ocr_par' dir='ltr' id='par_1_39' title="bbox 212 2147 1878 2223">
     <span class='ocr_line' id='line_1_39' title="bbox 212 2147 1878 2223; baseline 0.004 -20"><span class='ocrx_word' id='word_1_300' title='bbox 212 2148 459 2205; x_wconf 88' lang='lat' dir='ltr'><strong><em>econtra</em></strong></span> <span class='ocrx_word' id='word_1_301' title='bbox 476 2147 844 2206; x_wconf 77' lang='lat' dir='ltr'><strong><em>causabatur</em></strong></span> <span class='ocrx_word' id='word_1_302' title='bbox 862 2150 1033 2207; x_wconf 84' lang='lat' dir='ltr'><strong><em>illum</em></strong></span> <span class='ocrx_word' id='word_1_303' title='bbox 1042 2154 1179 2223; x_wconf 89' lang='lat' dir='ltr'><strong><em>jam</em></strong></span> <span class='ocrx_word' id='word_1_304' title='bbox 1192 2167 1307 2209; x_wconf 91' lang='lat' dir='ltr'><strong><em>non</em></strong></span> <span class='ocrx_word' id='word_1_305' title='bbox 1323 2167 1494 2211; x_wconf 87' lang='lat' dir='ltr'><strong><em>suum</em></strong></span> <span class='ocrx_word' id='word_1_306' title='bbox 1508 2168 1630 2212; x_wconf 90' lang='lat' dir='ltr'><strong><em>esse</em></strong></span> <span class='ocrx_word' id='word_1_307' title='bbox 1645 2155 1702 2210; x_wconf 88' lang='lat' dir='ltr'><strong><em>th</em></strong></span> <span class='ocrx_word' id='word_1_308' title='bbox 1711 2167 1878 2211; x_wconf 86' lang='lat' dir='ltr'><strong><em>esau-</em></strong></span> 
     </span>
    </p>
   </div>
   <div class='ocr_carea' id='block_1_40' title="bbox 208 2237 1878 2315">
    <p class='ocr_par' dir='ltr' id='par_1_40' title="bbox 208 2237 1878 2315">
     <span class='ocr_line' id='line_1_40' title="bbox 208 2237 1878 2315; baseline 0.006 -23"><span class='ocrx_word' id='word_1_309' title='bbox 208 2250 369 2306; x_wconf 89' lang='lat' dir='ltr'><strong><em>rum,</em></strong></span> <span class='ocrx_word' id='word_1_310' title='bbox 391 2237 541 2307; x_wconf 84' lang='lat' dir='ltr'><strong><em>quia</em></strong></span> <span class='ocrx_word' id='word_1_311' title='bbox 554 2238 793 2294; x_wconf 89' lang='lat' dir='ltr'><strong><em>vendito</em></strong></span> <span class='ocrx_word' id='word_1_312' title='bbox 809 2252 955 2310; x_wconf 91' lang='lat' dir='ltr'><strong><em>agro</em></strong></span> <span class='ocrx_word' id='word_1_313' title='bbox 972 2242 1393 2299; x_wconf 89' lang='lat' dir='ltr'><strong><em>eliminaverat</em></strong></span> <span class='ocrx_word' id='word_1_314' title='bbox 1409 2256 1447 2299; x_wconf 93' lang='lat' dir='ltr'><strong><em>a</em></strong></span> <span class='ocrx_word' id='word_1_315' title='bbox 1464 2257 1523 2299; x_wconf 90' lang='lat' dir='ltr'><strong><em>se</em></strong></span> <span class='ocrx_word' id='word_1_316' title='bbox 1541 2244 1723 2300; x_wconf 87' lang='lat' dir='ltr'><strong><em>etiam</em></strong></span> <span class='ocrx_word' id='word_1_317' title='bbox 1739 2246 1878 2315; x_wconf 90' lang='lat' dir='ltr'><strong><em>agri</em></strong></span> 
     </span>
    </p>
   </div>
   <div class='ocr_carea' id='block_1_41' title="bbox 202 2325 1878 2404">
    <p class='ocr_par' dir='ltr' id='par_1_41' title="bbox 202 2325 1878 2404">
     <span class='ocr_line' id='line_1_41' title="bbox 202 2325 1878 2404; baseline 0.005 -24"><span class='ocrx_word' id='word_1_318' title='bbox 202 2325 585 2397; x_wconf 87' lang='lat' dir='ltr'><strong><em>proventum.</em></strong></span> <span class='ocrx_word' id='word_1_319' title='bbox 612 2327 953 2384; x_wconf 86' lang='lat' dir='ltr'><strong><em>Alexander</em></strong></span> <span class='ocrx_word' id='word_1_320' title='bbox 970 2329 1231 2388; x_wconf 89' lang='lat' dir='ltr'><strong><em>miratus</em></strong></span> <span class='ocrx_word' id='word_1_321' title='bbox 1248 2329 1497 2389; x_wconf 89' lang='lat' dir='ltr'><strong><em>liberam</em></strong></span> <span class='ocrx_word' id='word_1_322' title='bbox 1515 2332 1697 2390; x_wconf 86' lang='lat' dir='ltr'><strong><em>totius</em></strong></span> <span class='ocrx_word' id='word_1_323' title='bbox 1717 2334 1878 2404; x_wconf 89' lang='lat' dir='ltr'><strong><em>cupi-</em></strong></span> 
     </span>
    </p>
   </div>
   <div class='ocr_carea' id='block_1_42' title="bbox 218 2413 1878 2491">
    <p class='ocr_par' dir='ltr' id='par_1_42' title="bbox 218 2413 1878 2491">
     <span class='ocr_line' id='line_1_42' title="bbox 218 2413 1878 2491; baseline 0.005 -22"><span class='ocrx_word' id='word_1_324' title='bbox 218 2413 443 2472; x_wconf 85' lang='lat' dir='ltr'><strong><em>ditatis</em></strong></span> <span class='ocrx_word' id='word_1_325' title='bbox 470 2415 895 2473; x_wconf 84' lang='lat' dir='ltr'><strong><em>contentionem</em></strong></span> <span class='ocrx_word' id='word_1_326' title='bbox 921 2436 941 2473; x_wconf 88' lang='lat'><strong><em>:</em></strong></span> <span class='ocrx_word' id='word_1_327' title='bbox 977 2439 1003 2468; x_wconf 83' lang='lat'>«</span> <span class='ocrx_word' id='word_1_328' title='bbox 1030 2419 1414 2490; x_wconf 82' lang='lat' dir='ltr'><strong><em>Ilujusmodi,</em></strong></span> <span class='ocrx_word' id='word_1_329' title='bbox 1448 2422 1473 2478; x_wconf 91' lang='lat' dir='ltr'><strong><em>i</em></strong></span> <span class='ocrx_word' id='word_1_330' title='bbox 1519 2424 1672 2491; x_wconf 83' lang='lat' dir='ltr'><strong><em>quit,</em></strong></span> <span class='ocrx_word' id='word_1_331' title='bbox 1706 2424 1878 2480; x_wconf 90' lang='lat' dir='ltr'><strong><em>nulla</em></strong></span> 
     </span>
    </p>
   </div>
   <div class='ocr_carea' id='block_1_43' title="bbox 218 2503 1878 2580">
    <p class='ocr_par' dir='ltr' id='par_1_43' title="bbox 218 2503 1878 2580">
     <span class='ocr_line' id='line_1_43' title="bbox 218 2503 1878 2580; baseline 0.005 -21"><span class='ocrx_word' id='word_1_332' title='bbox 218 2503 375 2560; x_wconf 88' lang='lat' dir='ltr'><strong><em>esset</em></strong></span> <span class='ocrx_word' id='word_1_333' title='bbox 387 2504 458 2561; x_wconf 90' lang='lat' dir='ltr'><strong><em>in</em></strong></span> <span class='ocrx_word' id='word_1_334' title='bbox 471 2517 649 2574; x_wconf 88' lang='lat' dir='ltr'><strong><em>regno</em></strong></span> <span class='ocrx_word' id='word_1_335' title='bbox 665 2518 789 2562; x_wconf 91' lang='lat' dir='ltr'><strong><em>meo</em></strong></span> <span class='ocrx_word' id='word_1_336' title='bbox 806 2508 1041 2577; x_wconf 84' lang='lat' dir='ltr'><strong><em>agenda</em></strong></span> <span class='ocrx_word' id='word_1_337' title='bbox 1056 2507 1425 2579; x_wconf 83' lang='lat' dir='ltr'><strong><em>disceptatio,</em></strong></span> <span class='ocrx_word' id='word_1_338' title='bbox 1443 2512 1592 2580; x_wconf 89' lang='lat' dir='ltr'><strong><em>quia</em></strong></span> <span class='ocrx_word' id='word_1_339' title='bbox 1609 2524 1774 2567; x_wconf 88' lang='lat' dir='ltr'><strong><em>omne</em></strong></span> <span class='ocrx_word' id='word_1_340' title='bbox 1789 2512 1878 2568; x_wconf 87' lang='lat' dir='ltr'><strong><em>in-</em></strong></span> 
     </span>
    </p>
   </div>
   <div class='ocr_carea' id='block_1_44' title="bbox 208 2591 1875 2663">
    <p class='ocr_par' dir='ltr' id='par_1_44' title="bbox 208 2591 1875 2663">
     <span class='ocr_line' id='line_1_44' title="bbox 208 2591 1875 2663; baseline 0.003 -17"><span class='ocrx_word' id='word_1_341' title='bbox 208 2592 451 2647; x_wconf 89' lang='lat' dir='ltr'><strong><em>ventum</em></strong></span> <span class='ocrx_word' id='word_1_342' title='bbox 460 2591 700 2663; x_wconf 88' lang='lat' dir='ltr'><strong><em>publici</em></strong></span> <span class='ocrx_word' id='word_1_343' title='bbox 710 2593 883 2662; x_wconf 83' lang='lat' dir='ltr'><strong><em>juris</em></strong></span> <span class='ocrx_word' id='word_1_344' title='bbox 902 2595 1243 2652; x_wconf 88' lang='lat' dir='ltr'><strong><em>vindicaret</em></strong></span> <span class='ocrx_word' id='word_1_345' title='bbox 1258 2597 1549 2655; x_wconf 90' lang='lat' dir='ltr'><strong><em>violenter</em></strong></span> <span class='ocrx_word' id='word_1_346' title='bbox 1568 2599 1818 2655; x_wconf 88' lang='lat' dir='ltr'><strong><em>exactio.</em></strong></span> <span class='ocrx_word' id='word_1_347' title='bbox 1847 2618 1875 2651; x_wconf 86' lang='grc'>››</span> 
     </span>
    </p>
   </div>
   <div class='ocr_carea' id='block_1_45' title="bbox 216 2680 1880 2755">
    <p class='ocr_par' dir='ltr' id='par_1_45' title="bbox 216 2680 1880 2755">
     <span class='ocr_line' id='line_1_45' title="bbox 216 2680 1880 2755; baseline 0.004 -18"><span class='ocrx_word' id='word_1_348' title='bbox 216 2680 314 2737; x_wconf 87' lang='lat' dir='ltr'><strong><em>Ad</em></strong></span> <span class='ocrx_word' id='word_1_349' title='bbox 343 2680 464 2737; x_wconf 85' lang='lat' dir='ltr'><strong><em>hac</em></strong></span> <span class='ocrx_word' id='word_1_350' title='bbox 492 2680 791 2753; x_wconf 75' lang='lat' dir='ltr'><strong><em>Dydimns</em></strong></span> <span class='ocrx_word' id='word_1_351' title='bbox 820 2681 1223 2755; x_wconf 77' lang='lat' dir='ltr'><strong><em>interrogavit</em></strong></span> <span class='ocrx_word' id='word_1_352' title='bbox 1250 2697 1396 2755; x_wconf 90' lang='lat' dir='ltr'><strong><em>eum,</em></strong></span> <span class='ocrx_word' id='word_1_353' title='bbox 1437 2687 1640 2743; x_wconf 88' lang='lat' dir='ltr'><strong><em>utrum</em></strong></span> <span class='ocrx_word' id='word_1_354' title='bbox 1676 2701 1880 2743; x_wconf 89' lang='lat' dir='ltr'><strong><em>verum</em></strong></span> 
     </span>
    </p>
   </div>
   <div class='ocr_carea' id='block_1_46' title="bbox 217 2769 1881 2847">
    <p class='ocr_par' dir='ltr' id='par_1_46' title="bbox 217 2769 1881 2847">
     <span class='ocr_line' id='line_1_46' title="bbox 217 2769 1881 2847; baseline 0.005 -23"><span class='ocrx_word' id='word_1_355' title='bbox 217 2769 445 2826; x_wconf 78' lang='lat' dir='ltr'><strong><em>natura</em></strong></span> <span class='ocrx_word' id='word_1_356' title='bbox 467 2782 798 2828; x_wconf 80' lang='lat' dir='ltr'><strong><em>communes</em></strong></span> <span class='ocrx_word' id='word_1_357' title='bbox 816 2770 1036 2829; x_wconf 89' lang='lat' dir='ltr'><strong><em>ibidem</em></strong></span> <span class='ocrx_word' id='word_1_358' title='bbox 1042 2775 1350 2845; x_wconf 85' lang='lat' dir='ltr'><strong><em>proferret</em></strong></span> <span class='ocrx_word' id='word_1_359' title='bbox 1368 2775 1605 2847; x_wconf 84' lang='lat' dir='ltr'><strong><em>copias?</em></strong></span> <span class='ocrx_word' id='word_1_360' title='bbox 1628 2778 1881 2847; x_wconf 87' lang='lat' dir='ltr'><strong><em>Respon-</em></strong></span> 
     </span>
    </p>
   </div>
   <div class='ocr_carea' id='block_1_47' title="bbox 221 2856 1882 2934">
    <p class='ocr_par' dir='ltr' id='par_1_47' title="bbox 221 2856 1882 2934">
     <span class='ocr_line' id='line_1_47' title="bbox 221 2856 1882 2934; baseline 0.006 -22"><span class='ocrx_word' id='word_1_361' title='bbox 221 2856 395 2914; x_wconf 89' lang='lat' dir='ltr'><strong><em>dente</em></strong></span> <span class='ocrx_word' id='word_1_362' title='bbox 411 2859 755 2916; x_wconf 87' lang='lat' dir='ltr'><strong><em>Alexandro</em></strong></span> <span class='ocrx_word' id='word_1_363' title='bbox 775 2880 794 2916; x_wconf 91' lang='lat'><strong><em>:</em></strong></span> <span class='ocrx_word' id='word_1_364' title='bbox 820 2861 1067 2918; x_wconf 80' lang='lat' dir='ltr'><strong><em>«Etiam</em></strong></span> <span class='ocrx_word' id='word_1_365' title='bbox 1087 2864 1544 2934; x_wconf 76' lang='lat' dir='ltr'><strong><em>copiosissimas,</em></strong></span> <span class='ocrx_word' id='word_1_366' title='bbox 1567 2885 1593 2917; x_wconf 89' lang='lat'><strong>»</strong></span> <span class='ocrx_word' id='word_1_367' title='bbox 1612 2864 1882 2923; x_wconf 88' lang='lat' dir='ltr'><strong><em>subintu-</em></strong></span> 
     </span>
    </p>
   </div>
   <div class='ocr_carea' id='block_1_48' title="bbox 1987 1792 3637 1869">
    <p class='ocr_par' dir='ltr' id='par_1_48' title="bbox 1987 1792 3637 1869">
     <span class='ocr_line' id='line_1_48' title="bbox 1987 1792 3637 1869; baseline -0.002 -17"><span class='ocrx_word' id='word_1_368' title='bbox 1987 1810 2102 1869; x_wconf 91' lang='lat' dir='ltr'><strong><em>que</em></strong></span> <span class='ocrx_word' id='word_1_369' title='bbox 2129 1797 2418 1855; x_wconf 82' lang='lat' dir='ltr'><strong><em>Vaticinii</em></strong></span> <span class='ocrx_word' id='word_1_370' title='bbox 2430 1796 2475 1829; x_wconf 82' lang='grc' dir='ltr'><strong><em>⁸ο</em></strong></span> <span class='ocrx_word' id='word_1_371' title='bbox 2485 1812 2657 1869; x_wconf 88' lang='lat' dir='ltr'><strong><em>quem</em></strong></span> <span class='ocrx_word' id='word_1_372' title='bbox 2667 1798 2882 1868; x_wconf 84' lang='lat' dir='ltr'><strong><em>paucis</em></strong></span> <span class='ocrx_word' id='word_1_373' title='bbox 2900 1795 3107 1853; x_wconf 88' lang='lat' dir='ltr'><strong><em>diebus</em></strong></span> <span class='ocrx_word' id='word_1_374' title='bbox 3116 1793 3324 1867; x_wconf 82' lang='lat' dir='ltr'><strong><em>gessit,</em></strong></span> <span class='ocrx_word' id='word_1_375' title='bbox 3351 1793 3457 1850; x_wconf 90' lang='lat' dir='ltr'><strong><em>hoc</em></strong></span> <span class='ocrx_word' id='word_1_376' title='bbox 3469 1792 3637 1850; x_wconf 87' lang='lat' dir='ltr'><strong><em>modo</em></strong></span> 
     </span>
    </p>
   </div>
   <div class='ocr_carea' id='block_1_49' title="bbox 1984 1880 3639 1957">
    <p class='ocr_par' dir='ltr' id='par_1_49' title="bbox 1984 1880 3639 1957">
     <span class='ocr_line' id='line_1_49' title="bbox 1984 1880 3639 1957; baseline -0.001 -16"><span class='ocrx_word' id='word_1_377' title='bbox 1984 1885 2177 1944; x_wconf 89' lang='lat' dir='ltr'><strong><em>risit:</em></strong></span> <span class='ocrx_word' id='word_1_378' title='bbox 2209 1904 2235 1936; x_wconf 89' lang='lat'><strong><em>«</em></strong></span> <span class='ocrx_word' id='word_1_379' title='bbox 2264 1884 2574 1956; x_wconf 86' lang='lat' dir='ltr'><strong><em>Magnum,</em></strong></span> <span class='ocrx_word' id='word_1_380' title='bbox 2609 1887 2827 1957; x_wconf 82' lang='lat' dir='ltr'><strong><em>inquit,</em></strong></span> <span class='ocrx_word' id='word_1_381' title='bbox 2861 1885 3218 1944; x_wconf 87' lang='lat' dir='ltr'><strong><em>ostentatum</em></strong></span> <span class='ocrx_word' id='word_1_382' title='bbox 3244 1881 3290 1916; x_wconf 71' lang='grc'><strong><em>⁸⁸</em></strong></span> <span class='ocrx_word' id='word_1_383' title='bbox 3319 1882 3547 1941; x_wconf 88' lang='lat' dir='ltr'><strong><em>accidit</em></strong></span> <span class='ocrx_word' id='word_1_384' title='bbox 3572 1880 3639 1939; x_wconf 90' lang='lat' dir='ltr'><strong><em>in</em></strong></span> 
     </span>
    </p>
   </div>
   <div class='ocr_carea' id='block_1_50' title="bbox 1987 1971 3638 2047">
    <p class='ocr_par' dir='ltr' id='par_1_50' title="bbox 1987 1971 3638 2047">
     <span class='ocr_line' id='line_1_50' title="bbox 1987 1971 3638 2047; baseline -0.002 -16"><span class='ocrx_word' id='word_1_385' title='bbox 1987 1988 2143 2031; x_wconf 89' lang='lat' dir='ltr'><strong><em>anno</em></strong></span> <span class='ocrx_word' id='word_1_386' title='bbox 2184 1975 2492 2045; x_wconf 84' lang='lat' dir='ltr'><strong><em>Vaticinii,</em></strong></span> <span class='ocrx_word' id='word_1_387' title='bbox 2519 1977 2586 2033; x_wconf 91' lang='lat' dir='ltr'><strong><em>in</em></strong></span> <span class='ocrx_word' id='word_1_388' title='bbox 2606 1990 2719 2047; x_wconf 91' lang='lat' dir='ltr'><strong><em>quo</em></strong></span> <span class='ocrx_word' id='word_1_389' title='bbox 2739 1990 2844 2033; x_wconf 90' lang='lat' dir='ltr'><strong><em>nec</em></strong></span> <span class='ocrx_word' id='word_1_390' title='bbox 2866 1975 3075 2032; x_wconf 86' lang='lat' dir='ltr'><strong><em>bruma</em></strong></span> <span class='ocrx_word' id='word_1_391' title='bbox 3094 1985 3200 2029; x_wconf 90' lang='lat' dir='ltr'><strong><em>nec</em></strong></span> <span class='ocrx_word' id='word_1_392' title='bbox 3218 1986 3318 2028; x_wconf 89' lang='lat' dir='ltr'><strong><em>ver</em></strong></span> <span class='ocrx_word' id='word_1_393' title='bbox 3335 1985 3443 2029; x_wconf 91' lang='lat' dir='ltr'><strong><em>nec</em></strong></span> <span class='ocrx_word' id='word_1_394' title='bbox 3463 1971 3638 2029; x_wconf 89' lang='lat' dir='ltr'><strong><em>astas</em></strong></span> 
     </span>
    </p>
   </div>
   <div class='ocr_carea' id='block_1_51' title="bbox 1986 2059 3639 2136">
    <p class='ocr_par' dir='ltr' id='par_1_51' title="bbox 1986 2059 3639 2136">
     <span class='ocr_line' id='line_1_51' title="bbox 1986 2059 3639 2136; baseline -0.004 -16"><span class='ocrx_word' id='word_1_395' title='bbox 1986 2077 2094 2120; x_wconf 90' lang='lat' dir='ltr'><strong><em>nec</em></strong></span> <span class='ocrx_word' id='word_1_396' title='bbox 2118 2064 2441 2120; x_wconf 88' lang='lat' dir='ltr'><strong><em>autumnus</em></strong></span> <span class='ocrx_word' id='word_1_397' title='bbox 2455 2063 2611 2136; x_wconf 81' lang='lat' dir='ltr'><strong><em>fuit.</em></strong></span> <span class='ocrx_word' id='word_1_398' title='bbox 2642 2086 2669 2113; x_wconf 88' lang='grc'><strong>››</strong></span> <span class='ocrx_word' id='word_1_399' title='bbox 2701 2096 2770 2103; x_wconf 92' lang='grc'><strong>-</strong></span> <span class='ocrx_word' id='word_1_400' title='bbox 2801 2064 2939 2134; x_wconf 82' lang='lat' dir='ltr'><strong><em>(1b.,</em></strong></span> <span class='ocrx_word' id='word_1_401' title='bbox 2971 2078 3019 2118; x_wconf 92' lang='lat' dir='ltr'><strong><em>c.</em></strong></span> <span class='ocrx_word' id='word_1_402' title='bbox 3050 2062 3126 2131; x_wconf 77' lang='grc'><strong><em>4.)</em></strong></span> <span class='ocrx_word' id='word_1_403' title='bbox 3155 2060 3405 2118; x_wconf 89' lang='lat' dir='ltr'><strong><em>Audivit</em></strong></span> <span class='ocrx_word' id='word_1_404' title='bbox 3437 2059 3639 2118; x_wconf 80' lang='lat' dir='ltr'><strong><em>Casar</em></strong></span> 
     </span>
    </p>
   </div>
   <div class='ocr_carea' id='block_1_52' title="bbox 1986 2148 3638 2224">
    <p class='ocr_par' dir='ltr' id='par_1_52' title="bbox 1986 2148 3638 2224">
     <span class='ocr_line' id='line_1_52' title="bbox 1986 2148 3638 2224; baseline -0.002 -16"><span class='ocrx_word' id='word_1_405' title='bbox 1986 2153 2294 2223; x_wconf 82' lang='lat' dir='ltr'><strong><em>Augustus</em></strong></span> <span class='ocrx_word' id='word_1_406' title='bbox 2316 2151 2472 2208; x_wconf 87' lang='lat' dir='ltr'><strong><em>inter</em></strong></span> <span class='ocrx_word' id='word_1_407' title='bbox 2486 2166 2699 2223; x_wconf 83' lang='lat' dir='ltr'><strong><em>pueros</em></strong></span> <span class='ocrx_word' id='word_1_408' title='bbox 2721 2166 2866 2224; x_wconf 90' lang='lat' dir='ltr'><strong><em>quos</em></strong></span> <span class='ocrx_word' id='word_1_409' title='bbox 2887 2152 3152 2208; x_wconf 88' lang='lat' dir='ltr'><strong><em>Herodes</em></strong></span> <span class='ocrx_word' id='word_1_410' title='bbox 3169 2164 3206 2206; x_wconf 92' lang='lat' dir='ltr'><strong><em>a</em></strong></span> <span class='ocrx_word' id='word_1_411' title='bbox 3226 2149 3452 2206; x_wconf 89' lang='lat' dir='ltr'><strong><em>bimatu</em></strong></span> <span class='ocrx_word' id='word_1_412' title='bbox 3473 2150 3533 2204; x_wconf 90' lang='lat' dir='ltr'><strong><em>et</em></strong></span> <span class='ocrx_word' id='word_1_413' title='bbox 3549 2148 3638 2204; x_wconf 89' lang='lat' dir='ltr'><strong><em>in-</em></strong></span> 
     </span>
    </p>
   </div>
   <div class='ocr_carea' id='block_1_53' title="bbox 1971 2238 3632 2312">
    <p class='ocr_par' dir='ltr' id='par_1_53' title="bbox 1971 2238 3632 2312">
     <span class='ocr_line' id='line_1_53' title="bbox 1971 2238 3632 2312; baseline -0.002 -16"><span class='ocrx_word' id='word_1_414' title='bbox 1971 2239 2673 2311; x_wconf 85' lang='lat' dir='ltr'><strong><em>frajusseratoccidere,</em></strong></span> <span class='ocrx_word' id='word_1_415' title='bbox 2688 2253 2856 2297; x_wconf 85' lang='lat' dir='ltr'><strong><em>suum</em></strong></span> <span class='ocrx_word' id='word_1_416' title='bbox 2878 2239 3319 2312; x_wconf 75' lang='lat' dir='ltr'><strong><em>quoque/ilium</em></strong></span> <span class='ocrx_word' id='word_1_417' title='bbox 3337 2238 3632 2306; x_wconf 88' lang='lat' dir='ltr'><strong><em>interisse,</em></strong></span> 
     </span>
    </p>
   </div>
   <div class='ocr_carea' id='block_1_54' title="bbox 1988 2326 3628 2400">
    <p class='ocr_par' dir='ltr' id='par_1_54' title="bbox 1988 2326 3628 2400">
     <span class='ocr_line' id='line_1_54' title="bbox 1988 2326 3628 2400; baseline -0.004 -13"><span class='ocrx_word' id='word_1_418' title='bbox 1988 2330 2045 2387; x_wconf 90' lang='lat' dir='ltr'><strong><em>et</em></strong></span> <span class='ocrx_word' id='word_1_419' title='bbox 2055 2330 2247 2386; x_wconf 86' lang='lat' dir='ltr'><strong><em>dixit:</em></strong></span> <span class='ocrx_word' id='word_1_420' title='bbox 2267 2352 2291 2377; x_wconf 75' lang='grc' dir='ltr'><strong>α</strong></span> <span class='ocrx_word' id='word_1_421' title='bbox 2304 2329 2553 2385; x_wconf 90' lang='lat' dir='ltr'><strong><em>Mallem</em></strong></span> <span class='ocrx_word' id='word_1_422' title='bbox 2565 2330 2822 2387; x_wconf 85' lang='lat' dir='ltr'><strong><em>Herodis</em></strong></span> <span class='ocrx_word' id='word_1_423' title='bbox 2839 2343 2961 2386; x_wconf 87' lang='lat' dir='ltr'><strong><em>esse</em></strong></span> <span class='ocrx_word' id='word_1_424' title='bbox 2970 2342 3184 2400; x_wconf 90' lang='lat' dir='ltr'><strong><em>porcus</em></strong></span> <span class='ocrx_word' id='word_1_425' title='bbox 3202 2342 3382 2398; x_wconf 88' lang='lat' dir='ltr'><strong><em>quam</em></strong></span> <span class='ocrx_word' id='word_1_426' title='bbox 3387 2326 3585 2399; x_wconf 70' lang='lat' dir='ltr'><strong><em>filius.</em></strong></span> <span class='ocrx_word' id='word_1_427' title='bbox 3603 2347 3628 2375; x_wconf 83' lang='lat'><strong>»</strong></span> 
     </span>
    </p>
   </div>
   <div class='ocr_carea' id='block_1_55' title="bbox 1986 2413 3636 2482">
    <p class='ocr_par' dir='ltr' id='par_1_55' title="bbox 1986 2413 3636 2482">
     <span class='ocr_line' id='line_1_55' title="bbox 1986 2413 3636 2482; baseline -0.004 -7"><span class='ocrx_word' id='word_1_428' title='bbox 1986 2418 2153 2475; x_wconf 88' lang='lat' dir='ltr'><strong><em>Idem</em></strong></span> <span class='ocrx_word' id='word_1_429' title='bbox 2170 2417 2370 2474; x_wconf 82' lang='lat' dir='ltr'><strong><em>Casar</em></strong></span> <span class='ocrx_word' id='word_1_430' title='bbox 2384 2417 2663 2475; x_wconf 87' lang='lat' dir='ltr'><strong><em>sublimis</em></strong></span> <span class='ocrx_word' id='word_1_431' title='bbox 2676 2417 2921 2475; x_wconf 85' lang='lat' dir='ltr'><strong><em>Actiaca</em></strong></span> <span class='ocrx_word' id='word_1_432' title='bbox 2938 2416 3193 2474; x_wconf 80' lang='lat' dir='ltr'><strong><em>victoria</em></strong></span> <span class='ocrx_word' id='word_1_433' title='bbox 3206 2413 3636 2482; x_wconf 85' lang='lat' dir='ltr'><strong><em>revertebatur;</em></strong></span> 
     </span>
    </p>
   </div>
   <div class='ocr_carea' id='block_1_56' title="bbox 1988 2505 3638 2578">
    <p class='ocr_par' dir='ltr' id='par_1_56' title="bbox 1988 2505 3638 2578">
     <span class='ocr_line' id='line_1_56' title="bbox 1988 2505 3638 2578; baseline -0.002 -16"><span class='ocrx_word' id='word_1_434' title='bbox 1988 2506 2249 2564; x_wconf 88' lang='lat' dir='ltr'><strong><em>occurrit</em></strong></span> <span class='ocrx_word' id='word_1_435' title='bbox 2269 2508 2323 2564; x_wconf 90' lang='lat' dir='ltr'><strong><em>ei</em></strong></span> <span class='ocrx_word' id='word_1_436' title='bbox 2344 2506 2502 2564; x_wconf 89' lang='lat' dir='ltr'><strong><em>inter</em></strong></span> <span class='ocrx_word' id='word_1_437' title='bbox 2518 2507 2902 2578; x_wconf 86' lang='lat' dir='ltr'><strong><em>gratulantes</em></strong></span> <span class='ocrx_word' id='word_1_438' title='bbox 2922 2506 3172 2577; x_wconf 88' lang='lat' dir='ltr'><strong><em>quidam</em></strong></span> <span class='ocrx_word' id='word_1_439' title='bbox 3186 2519 3421 2563; x_wconf 88' lang='lat' dir='ltr'><strong><em>corvum</em></strong></span> <span class='ocrx_word' id='word_1_440' title='bbox 3439 2505 3638 2560; x_wconf 88' lang='lat' dir='ltr'><strong><em>tenens</em></strong></span> 
     </span>
    </p>
   </div>
   <div class='ocr_carea' id='block_1_57' title="bbox 1988 2594 3640 2668">
    <p class='ocr_par' dir='ltr' id='par_1_57' title="bbox 1988 2594 3640 2668">
     <span class='ocr_line' id='line_1_57' title="bbox 1988 2594 3640 2668; baseline -0.002 -15"><span class='ocrx_word' id='word_1_441' title='bbox 1988 2611 2156 2668; x_wconf 85' lang='lat' dir='ltr'><strong><em>quem</em></strong></span> <span class='ocrx_word' id='word_1_442' title='bbox 2177 2596 2530 2654; x_wconf 86' lang='lat' dir='ltr'><strong><em>instituebat</em></strong></span> <span class='ocrx_word' id='word_1_443' title='bbox 2550 2597 2778 2655; x_wconf 88' lang='lat' dir='ltr'><strong><em>dicere:</em></strong></span> <span class='ocrx_word' id='word_1_444' title='bbox 2811 2598 2993 2663; x_wconf 86' lang='lat' dir='ltr'><strong><em>«Ave,</em></strong></span> <span class='ocrx_word' id='word_1_445' title='bbox 3029 2595 3231 2652; x_wconf 80' lang='lat' dir='ltr'><strong><em>Casar</em></strong></span> <span class='ocrx_word' id='word_1_446' title='bbox 3256 2595 3441 2653; x_wconf 90' lang='lat' dir='ltr'><strong><em>victor</em></strong></span> <span class='ocrx_word' id='word_1_447' title='bbox 3461 2594 3640 2665; x_wconf 89' lang='lat' dir='ltr'><strong><em>impe-</em></strong></span> 
     </span>
    </p>
   </div>
   <div class='ocr_carea' id='block_1_58' title="bbox 1985 2683 3641 2756">
    <p class='ocr_par' dir='ltr' id='par_1_58' title="bbox 1985 2683 3641 2756">
     <span class='ocr_line' id='line_1_58' title="bbox 1985 2683 3641 2756; baseline -0.002 -13"><span class='ocrx_word' id='word_1_448' title='bbox 1985 2688 2154 2743; x_wconf 83' lang='lat' dir='ltr'><strong><em>rator</em></strong></span> <span class='ocrx_word' id='word_1_449' title='bbox 2192 2704 2219 2738; x_wconf 89' lang='lat'><strong>»</strong></span> <span class='ocrx_word' id='word_1_450' title='bbox 2240 2687 2507 2744; x_wconf 78' lang='lat' dir='ltr'><strong><em>Miratus</em></strong></span> <span class='ocrx_word' id='word_1_451' title='bbox 2528 2686 2727 2743; x_wconf 83' lang='lat' dir='ltr'><strong><em>Casar</em></strong></span> <span class='ocrx_word' id='word_1_452' title='bbox 2743 2686 3061 2756; x_wconf 71' lang='lat' dir='ltr'><strong><em>oﬁciosam</em></strong></span> <span class='ocrx_word' id='word_1_453' title='bbox 3081 2698 3265 2752; x_wconf 91' lang='lat' dir='ltr'><strong><em>avem,</em></strong></span> <span class='ocrx_word' id='word_1_454' title='bbox 3289 2684 3511 2754; x_wconf 83' lang='lat' dir='ltr'><strong><em>viginti</em></strong></span> <span class='ocrx_word' id='word_1_455' title='bbox 3531 2683 3641 2739; x_wconf 88' lang='lat' dir='ltr'><strong><em>mi-</em></strong></span> 
     </span>
    </p>
   </div>
   <div class='ocr_carea' id='block_1_59' title="bbox 1992 2771 3646 2845">
    <p class='ocr_par' dir='ltr' id='par_1_59' title="bbox 1992 2771 3646 2845">
     <span class='ocr_line' id='line_1_59' title="bbox 1992 2771 3646 2845; baseline -0.002 -14"><span class='ocrx_word' id='word_1_456' title='bbox 1992 2774 2149 2833; x_wconf 89' lang='lat' dir='ltr'><strong><em>libus</em></strong></span> <span class='ocrx_word' id='word_1_457' title='bbox 2169 2777 2424 2833; x_wconf 90' lang='lat' dir='ltr'><strong><em>nummis</em></strong></span> <span class='ocrx_word' id='word_1_458' title='bbox 2447 2775 2605 2832; x_wconf 88' lang='lat' dir='ltr'><strong><em>emit.</em></strong></span> <span class='ocrx_word' id='word_1_459' title='bbox 2628 2775 2845 2833; x_wconf 77' lang='lat' dir='ltr'><strong><em>Sevius</em></strong></span> <span class='ocrx_word' id='word_1_460' title='bbox 2865 2775 3118 2845; x_wconf 71' lang='lat' dir='ltr'><strong><em>apiﬂcis,</em></strong></span> <span class='ocrx_word' id='word_1_461' title='bbox 3154 2773 3236 2830; x_wconf 91' lang='lat' dir='ltr'><strong><em>ad</em></strong></span> <span class='ocrx_word' id='word_1_462' title='bbox 3254 2785 3427 2844; x_wconf 90' lang='lat' dir='ltr'><strong><em>quem</em></strong></span> <span class='ocrx_word' id='word_1_463' title='bbox 3446 2771 3646 2829; x_wconf 89' lang='lat' dir='ltr'><strong><em>nichil</em></strong></span> 
     </span>
    </p>
   </div>
   <div class='ocr_carea' id='block_1_60' title="bbox 1991 2858 3642 2936">
    <p class='ocr_par' dir='ltr' id='par_1_60' title="bbox 1991 2858 3642 2936">
     <span class='ocr_line' id='line_1_60' title="bbox 1991 2858 3642 2936; baseline -0.004 -16"><span class='ocrx_word' id='word_1_464' title='bbox 1991 2878 2066 2920; x_wconf 86' lang='lat' dir='ltr'><strong><em>ex</em></strong></span> <span class='ocrx_word' id='word_1_465' title='bbox 2085 2865 2201 2921; x_wconf 84' lang='lat' dir='ltr'><strong><em>illa</em></strong></span> <span class='ocrx_word' id='word_1_466' title='bbox 2225 2864 2592 2921; x_wconf 86' lang='lat' dir='ltr'><strong><em>liberalitate</em></strong></span> <span class='ocrx_word' id='word_1_467' title='bbox 2609 2864 2961 2936; x_wconf 88' lang='lat' dir='ltr'><strong><em>pervenerat</em></strong></span> <span class='ocrx_word' id='word_1_468' title='bbox 2977 2861 3040 2932; x_wconf 73' lang='grc'><strong><em>⁸³,</em></strong></span> <span class='ocrx_word' id='word_1_469' title='bbox 3063 2861 3392 2933; x_wconf 72' lang='lat' dir='ltr'><strong><em>aﬂrmavit</em></strong></span> <span class='ocrx_word' id='word_1_470' title='bbox 3412 2858 3642 2919; x_wconf 81' lang='lat' dir='ltr'><strong><em>Casari</em></strong></span> 
     </span>
    </p>
   </div>
   <div class='ocr_carea' id='block_1_61' title="bbox 224 2947 3640 3024">
    <p class='ocr_par' dir='ltr' id='par_1_61' title="bbox 224 2947 3640 3024">
     <span class='ocr_line' id='line_1_61' title="bbox 224 2947 3640 3024; baseline 0 -21"><span class='ocrx_word' id='word_1_471' title='bbox 224 2947 304 3004; x_wconf 87' lang='lat' dir='ltr'><strong><em>lit</em></strong></span> <span class='ocrx_word' id='word_1_472' title='bbox 330 2948 627 3020; x_wconf 82' lang='lat' dir='ltr'><strong><em>ngimus</em></strong></span> <span class='ocrx_word' id='word_1_473' title='bbox 658 2968 679 3005; x_wconf 91' lang='lat'><strong><em>:</em></strong></span> <span class='ocrx_word' id='word_1_474' title='bbox 712 2968 741 3001; x_wconf 85' lang='lat'>«</span> <span class='ocrx_word' id='word_1_475' title='bbox 771 2950 915 3008; x_wconf 81' lang='lat' dir='ltr'><strong><em>Hac</em></strong></span> <span class='ocrx_word' id='word_1_476' title='bbox 951 2951 1191 3023; x_wconf 88' lang='lat' dir='ltr'><strong><em>quidem</em></strong></span> <span class='ocrx_word' id='word_1_477' title='bbox 1230 2953 1386 3010; x_wconf 87' lang='lat' dir='ltr'><strong><em>dona</em></strong></span> <span class='ocrx_word' id='word_1_478' title='bbox 1422 2955 1712 3012; x_wconf 88' lang='lat' dir='ltr'><strong><em>creatoris</em></strong></span> <span class='ocrx_word' id='word_1_479' title='bbox 1746 2955 1888 3011; x_wconf 89' lang='lat' dir='ltr'><strong><em>licet</em></strong></span> <span class='ocrx_word' id='word_1_480' title='bbox 1990 2951 2168 3008; x_wconf 86' lang='lat' dir='ltr'><strong><em>illurn</em></strong></span> <span class='ocrx_word' id='word_1_481' title='bbox 2188 2953 2245 3008; x_wconf 91' lang='lat' dir='ltr'><strong><em>et</em></strong></span> <span class='ocrx_word' id='word_1_482' title='bbox 2263 2952 2455 3009; x_wconf 88' lang='lat' dir='ltr'><strong><em>alium</em></strong></span> <span class='ocrx_word' id='word_1_483' title='bbox 2473 2952 2893 3022; x_wconf 87' lang='lat' dir='ltr'><strong><em>habere,quem</em></strong></span> <span class='ocrx_word' id='word_1_484' title='bbox 2908 2951 2979 3007; x_wconf 90' lang='lat' dir='ltr'><strong><em>ut</em></strong></span> <span class='ocrx_word' id='word_1_485' title='bbox 2993 2949 3529 3024; x_wconf 65' lang='lat' dir='ltr'><strong><em>aferrecogeretur</em></strong></span> <span class='ocrx_word' id='word_1_486' title='bbox 3548 2962 3640 3005; x_wconf 89' lang='lat' dir='ltr'><strong><em>ro-</em></strong></span> 
     </span>
    </p>
   </div>
   <div class='ocr_carea' id='block_1_62' title="bbox 219 3029 3635 3116">
    <p class='ocr_par' dir='ltr' id='par_1_62' title="bbox 219 3029 3635 3116">
     <span class='ocr_line' id='line_1_62' title="bbox 219 3029 3635 3116; baseline -0.001 -21"><span class='ocrx_word' id='word_1_487' title='bbox 219 3036 460 3095; x_wconf 86' lang='lat' dir='ltr'><strong><em>alendis</em></strong></span> <span class='ocrx_word' id='word_1_488' title='bbox 489 3036 581 3096; x_wconf 92' lang='lat' dir='ltr'><strong><em>ibi</em></strong></span> <span class='ocrx_word' id='word_1_489' title='bbox 600 3040 991 3109; x_wconf 84' lang='lat' dir='ltr'><strong><em>provenirent</em></strong></span> <span class='ocrx_word' id='word_1_490' title='bbox 1015 3043 1333 3111; x_wconf 88' lang='lat' dir='ltr'><strong><em>creaturis,</em></strong></span> <span class='ocrx_word' id='word_1_491' title='bbox 1374 3044 1596 3100; x_wconf 88' lang='lat' dir='ltr'><strong><em>scirent</em></strong></span> <span class='ocrx_word' id='word_1_492' title='bbox 1620 3043 1882 3116; x_wconf 84' lang='lat' dir='ltr'><strong><em>profecto</em></strong></span> <span class='ocrx_word' id='word_1_493' title='bbox 1913 3029 1962 3090; x_wconf 89' lang='lat' dir='ltr'>C</span> <span class='ocrx_word' id='word_1_494' title='bbox 1985 3042 2191 3112; x_wconf 86' lang='lat' dir='ltr'><strong><em>gavit;</em></strong></span> <span class='ocrx_word' id='word_1_495' title='bbox 2212 3041 2441 3098; x_wconf 81' lang='lat' dir='ltr'><strong><em>allatus</em></strong></span> <span class='ocrx_word' id='word_1_496' title='bbox 2454 3055 2661 3099; x_wconf 88' lang='lat' dir='ltr'><strong><em>corvus</em></strong></span> <span class='ocrx_word' id='word_1_497' title='bbox 2681 3039 2855 3097; x_wconf 88' lang='lat' dir='ltr'><strong><em>verba</em></strong></span> <span class='ocrx_word' id='word_1_498' title='bbox 2875 3054 3006 3111; x_wconf 88' lang='lat' dir='ltr'><strong><em>qua</em></strong></span> <span class='ocrx_word' id='word_1_499' title='bbox 3019 3039 3314 3096; x_wconf 77' lang='lat' dir='ltr'><strong><em>didicerat</em></strong></span> <span class='ocrx_word' id='word_1_500' title='bbox 3324 3037 3635 3110; x_wconf 81' lang='lat' dir='ltr'><strong><em>expressit.</em></strong></span> 
     </span>
    </p>
   </div>
   <div class='ocr_carea' id='block_1_63' title="bbox 226 3124 1884 3202">
    <p class='ocr_par' dir='ltr' id='par_1_63' title="bbox 226 3124 1884 3202">
     <span class='ocr_line' id='line_1_63' title="bbox 226 3124 1884 3202; baseline 0.005 -22"><span class='ocrx_word' id='word_1_501' title='bbox 226 3124 496 3183; x_wconf 88' lang='lat' dir='ltr'><strong><em>homines</em></strong></span> <span class='ocrx_word' id='word_1_502' title='bbox 515 3127 695 3183; x_wconf 88' lang='lat' dir='ltr'><strong><em>tanta</em></strong></span> <span class='ocrx_word' id='word_1_503' title='bbox 711 3128 1035 3199; x_wconf 86' lang='lat' dir='ltr'><strong><em>injustitia</em></strong></span> <span class='ocrx_word' id='word_1_504' title='bbox 1051 3130 1477 3202; x_wconf 83' lang='lat' dir='ltr'><strong><em>etcupiditalis</em></strong></span> <span class='ocrx_word' id='word_1_505' title='bbox 1492 3132 1607 3189; x_wconf 90' lang='lat' dir='ltr'><strong><em>illa</em></strong></span> <span class='ocrx_word' id='word_1_506' title='bbox 1623 3146 1738 3188; x_wconf 89' lang='lat' dir='ltr'><strong><em>non</em></strong></span> <span class='ocrx_word' id='word_1_507' title='bbox 1754 3133 1884 3190; x_wconf 90' lang='lat' dir='ltr'><strong><em>suis</em></strong></span> 
     </span>
    </p>
   </div>
   <div class='ocr_carea' id='block_1_64' title="bbox 228 3213 1885 3285">
    <p class='ocr_par' dir='ltr' id='par_1_64' title="bbox 228 3213 1885 3285">
     <span class='ocr_line' id='line_1_64' title="bbox 228 3213 1885 3285; baseline 0.006 -16"><span class='ocrx_word' id='word_1_508' title='bbox 228 3213 398 3270; x_wconf 83' lang='lat' dir='ltr'><strong><em>modo</em></strong></span> <span class='ocrx_word' id='word_1_509' title='bbox 429 3213 629 3273; x_wconf 85' lang='lat' dir='ltr'><strong><em>debita</em></strong></span> <span class='ocrx_word' id='word_1_510' title='bbox 654 3216 910 3285; x_wconf 88' lang='lat' dir='ltr'><strong><em>meritis,</em></strong></span> <span class='ocrx_word' id='word_1_511' title='bbox 934 3217 1038 3274; x_wconf 88' lang='lat' dir='ltr'><strong><em>sed</em></strong></span> <span class='ocrx_word' id='word_1_512' title='bbox 1055 3220 1119 3275; x_wconf 87' lang='lat' dir='ltr'><strong><em>in</em></strong></span> <span class='ocrx_word' id='word_1_513' title='bbox 1142 3220 1346 3275; x_wconf 86' lang='lat' dir='ltr'><strong><em>eadem</em></strong></span> <span class='ocrx_word' id='word_1_514' title='bbox 1377 3221 1541 3277; x_wconf 88' lang='lat' dir='ltr'><strong><em>terra</em></strong></span> <span class='ocrx_word' id='word_1_515' title='bbox 1563 3220 1885 3279; x_wconf 88' lang='lat' dir='ltr'><strong><em>subsisten-</em></strong></span> 
     </span>
    </p>
   </div>
   <div class='ocr_carea' id='block_1_65' title="bbox 225 3301 1349 3365">
    <p class='ocr_par' dir='ltr' id='par_1_65' title="bbox 225 3301 1349 3365">
     <span class='ocr_line' id='line_1_65' title="bbox 225 3301 1349 3365; baseline 0.002 -8"><span class='ocrx_word' id='word_1_516' title='bbox 225 3301 383 3360; x_wconf 87' lang='lat' dir='ltr'><strong><em>tibus</em></strong></span> <span class='ocrx_word' id='word_1_517' title='bbox 403 3304 502 3360; x_wconf 88' lang='lat' dir='ltr'><strong><em>vel</em></strong></span> <span class='ocrx_word' id='word_1_518' title='bbox 516 3304 866 3362; x_wconf 85' lang='lat' dir='ltr'><strong><em>volatilibus</em></strong></span> <span class='ocrx_word' id='word_1_519' title='bbox 885 3305 981 3362; x_wconf 90' lang='lat' dir='ltr'><strong><em>vel</em></strong></span> <span class='ocrx_word' id='word_1_520' title='bbox 1000 3306 1204 3365; x_wconf 75' lang='lat' dir='ltr'><strong><em>bestiis</em></strong></span> <span class='ocrx_word' id='word_1_521' title='bbox 1223 3306 1286 3363; x_wconf 87' lang='grc'><strong><em>⁷⁷.</em></strong></span> <span class='ocrx_word' id='word_1_522' title='bbox 1320 3327 1349 3359; x_wconf 84' lang='grc'><strong><em>››</em></strong></span> 
     </span>
    </p>
   </div>
   <div class='ocr_carea' id='block_1_66' title="bbox 295 3393 1886 3470">
    <p class='ocr_par' dir='ltr' id='par_1_66' title="bbox 295 3393 1886 3470">
     <span class='ocr_line' id='line_1_66' title="bbox 295 3393 1886 3470; baseline 0.005 -22"><span class='ocrx_word' id='word_1_523' title='bbox 295 3395 364 3449; x_wconf 76' lang='grc'><strong><em>62</em></strong></span> <span class='ocrx_word' id='word_1_524' title='bbox 396 3393 717 3451; x_wconf 84' lang='lat' dir='ltr'><strong><em>Hannibal</em></strong></span> <span class='ocrx_word' id='word_1_525' title='bbox 737 3395 1241 3466; x_wconf 78' lang='lat' dir='ltr'><strong><em>Carthaginensis</em></strong></span> <span class='ocrx_word' id='word_1_526' title='bbox 1269 3397 1433 3469; x_wconf 90' lang='lat' dir='ltr'><strong><em>apud</em></strong></span> <span class='ocrx_word' id='word_1_527' title='bbox 1456 3411 1655 3470; x_wconf 91' lang='lat' dir='ltr'><strong><em>regem</em></strong></span> <span class='ocrx_word' id='word_1_528' title='bbox 1684 3400 1886 3456; x_wconf 79' lang='lat' dir='ltr'><strong><em>Antio-</em></strong></span> 
     </span>
    </p>
   </div>
   <div class='ocr_carea' id='block_1_67' title="bbox 228 3481 1880 3561">
    <p class='ocr_par' dir='ltr' id='par_1_67' title="bbox 228 3481 1880 3561">
     <span class='ocr_line' id='line_1_67' title="bbox 228 3481 1880 3561; baseline 0.004 -25"><span class='ocrx_word' id='word_1_529' title='bbox 228 3481 403 3537; x_wconf 80' lang='lat' dir='ltr'><strong><em>chum</em></strong></span> <span class='ocrx_word' id='word_1_530' title='bbox 416 3482 730 3555; x_wconf 83' lang='lat' dir='ltr'><strong><em>profugus,</em></strong></span> <span class='ocrx_word' id='word_1_531' title='bbox 738 3484 1118 3555; x_wconf 86' lang='lat' dir='ltr'><strong><em>facetissime</em></strong></span> <span class='ocrx_word' id='word_1_532' title='bbox 1134 3486 1456 3544; x_wconf 85' lang='lat' dir='ltr'><strong><em>cavillatus</em></strong></span> <span class='ocrx_word' id='word_1_533' title='bbox 1475 3490 1577 3545; x_wconf 90' lang='lat' dir='ltr'><strong><em>est.</em></strong></span> <span class='ocrx_word' id='word_1_534' title='bbox 1596 3488 1707 3558; x_wconf 89' lang='lat' dir='ltr'><strong><em>(Ib.</em></strong></span> <span class='ocrx_word' id='word_1_535' title='bbox 1727 3504 1785 3558; x_wconf 78' lang='grc' dir='ltr'><strong><em>ιι,</em></strong></span> <span class='ocrx_word' id='word_1_536' title='bbox 1802 3491 1880 3561; x_wconf 72' lang='grc'><strong><em>2.)</em></strong></span> 
     </span>
    </p>
   </div>
   <div class='ocr_carea' id='block_1_68' title="bbox 227 3571 1884 3642">
    <p class='ocr_par' dir='ltr' id='par_1_68' title="bbox 227 3571 1884 3642">
     <span class='ocr_line' id='line_1_68' title="bbox 227 3571 1884 3642; baseline 0.005 -16"><span class='ocrx_word' id='word_1_537' title='bbox 227 3571 551 3642; x_wconf 82' lang='lat' dir='ltr'><strong><em>Ejusmodi</em></strong></span> <span class='ocrx_word' id='word_1_538' title='bbox 568 3573 881 3629; x_wconf 88' lang='lat' dir='ltr'><strong><em>cavillatio</em></strong></span> <span class='ocrx_word' id='word_1_539' title='bbox 897 3575 987 3631; x_wconf 90' lang='lat' dir='ltr'><strong><em>sic</em></strong></span> <span class='ocrx_word' id='word_1_540' title='bbox 1004 3576 1106 3631; x_wconf 90' lang='lat' dir='ltr'><strong><em>est.</em></strong></span> <span class='ocrx_word' id='word_1_541' title='bbox 1127 3575 1806 3634; x_wconf 80' lang='lat' dir='ltr'><strong><em>OstentabatAntiochus</em></strong></span> <span class='ocrx_word' id='word_1_542' title='bbox 1818 3580 1884 3634; x_wconf 92' lang='lat' dir='ltr'><strong><em>in</em></strong></span> 
     </span>
    </p>
   </div>
   <div class='ocr_carea' id='block_1_69' title="bbox 230 3660 1882 3736">
    <p class='ocr_par' dir='ltr' id='par_1_69' title="bbox 230 3660 1882 3736">
     <span class='ocr_line' id='line_1_69' title="bbox 230 3660 1882 3736; baseline 0.004 -19"><span class='ocrx_word' id='word_1_543' title='bbox 230 3672 436 3731; x_wconf 89' lang='lat' dir='ltr'><strong><em>campo</em></strong></span> <span class='ocrx_word' id='word_1_544' title='bbox 455 3660 724 3731; x_wconf 86' lang='lat' dir='ltr'><strong><em>ingentes</em></strong></span> <span class='ocrx_word' id='word_1_545' title='bbox 746 3664 965 3732; x_wconf 87' lang='lat' dir='ltr'><strong><em>copias,</em></strong></span> <span class='ocrx_word' id='word_1_546' title='bbox 990 3677 1143 3732; x_wconf 88' lang='lat' dir='ltr'><strong><em>quas</em></strong></span> <span class='ocrx_word' id='word_1_547' title='bbox 1163 3663 1376 3720; x_wconf 83' lang='lat' dir='ltr'><strong><em>bellum.</em></strong></span> <span class='ocrx_word' id='word_1_548' title='bbox 1386 3666 1601 3736; x_wconf 88' lang='lat' dir='ltr'><strong><em>populo</em></strong></span> <span class='ocrx_word' id='word_1_549' title='bbox 1622 3668 1882 3723; x_wconf 83' lang='lat' dir='ltr'><strong><em>Romano</em></strong></span> 
     </span>
    </p>
   </div>
   <div class='ocr_carea' id='block_1_70' title="bbox 209 3748 1882 3821">
    <p class='ocr_par' dir='ltr' id='par_1_70' title="bbox 209 3748 1882 3821">
     <span class='ocr_line' id='line_1_70' title="bbox 209 3748 1882 3821; baseline 0.004 -17"><span class='ocrx_word' id='word_1_550' title='bbox 209 3748 502 3821; x_wconf 70' lang='lat' dir='ltr'><strong><em>factu/rus</em></strong></span> <span class='ocrx_word' id='word_1_551' title='bbox 517 3751 981 3819; x_wconf 89' lang='lat' dir='ltr'><strong><em>comparaverat.</em></strong></span> <span class='ocrx_word' id='word_1_552' title='bbox 1004 3751 1723 3811; x_wconf 81' lang='lat' dir='ltr'><strong><em>C’onvertebatexercitum</em></strong></span> <span class='ocrx_word' id='word_1_553' title='bbox 1736 3754 1882 3812; x_wconf 87' lang='lat' dir='ltr'><strong><em>insi-</em></strong></span> 
     </span>
    </p>
   </div>
   <div class='ocr_carea' id='block_1_71' title="bbox 218 3835 1881 3917">
    <p class='ocr_par' dir='ltr' id='par_1_71' title="bbox 218 3835 1881 3917">
     <span class='ocr_line' id='line_1_71' title="bbox 218 3835 1881 3917; baseline 0.004 -23"><span class='ocrx_word' id='word_1_554' title='bbox 218 3835 442 3917; x_wconf 66' lang='lat' dir='ltr'><strong><em>gnibus</em></strong></span> <span class='ocrx_word' id='word_1_555' title='bbox 461 3837 763 3907; x_wconf 87' lang='lat' dir='ltr'><strong><em>argenteis</em></strong></span> <span class='ocrx_word' id='word_1_556' title='bbox 779 3839 834 3893; x_wconf 88' lang='lat' dir='ltr'><strong><em>et</em></strong></span> <span class='ocrx_word' id='word_1_557' title='bbox 850 3839 1054 3896; x_wconf 90' lang='lat' dir='ltr'><strong><em>aureis</em></strong></span> <span class='ocrx_word' id='word_1_558' title='bbox 1060 3840 1396 3911; x_wconf 77' lang='lat' dir='ltr'><strong><em>ﬂorentem,</em></strong></span> <span class='ocrx_word' id='word_1_559' title='bbox 1418 3841 1739 3900; x_wconf 81' lang='lat' dir='ltr'><strong><em>inducebat</em></strong></span> <span class='ocrx_word' id='word_1_560' title='bbox 1753 3858 1881 3900; x_wconf 83' lang='lat' dir='ltr'><strong><em>cur-</em></strong></span> 
     </span>
    </p>
   </div>
   <div class='ocr_carea' id='block_1_72' title="bbox 223 3925 1880 4005">
    <p class='ocr_par' dir='ltr' id='par_1_72' title="bbox 223 3925 1880 4005">
     <span class='ocr_line' id='line_1_72' title="bbox 223 3925 1880 4005; baseline 0.006 -25"><span class='ocrx_word' id='word_1_561' title='bbox 223 3938 331 3983; x_wconf 89' lang='lat' dir='ltr'><strong><em>rus</em></strong></span> <span class='ocrx_word' id='word_1_562' title='bbox 352 3938 482 3982; x_wconf 90' lang='lat' dir='ltr'><strong><em>cum</em></strong></span> <span class='ocrx_word' id='word_1_563' title='bbox 489 3925 770 3997; x_wconf 88' lang='lat' dir='ltr'><strong><em>falcibus</em></strong></span> <span class='ocrx_word' id='word_1_564' title='bbox 791 3926 849 3982; x_wconf 91' lang='lat' dir='ltr'><strong><em>et</em></strong></span> <span class='ocrx_word' id='word_1_565' title='bbox 867 3927 1209 3998; x_wconf 89' lang='lat' dir='ltr'><strong><em>elephantos</em></strong></span> <span class='ocrx_word' id='word_1_566' title='bbox 1231 3944 1363 3987; x_wconf 91' lang='lat' dir='ltr'><strong><em>cum</em></strong></span> <span class='ocrx_word' id='word_1_567' title='bbox 1384 3930 1670 4002; x_wconf 87' lang='lat' dir='ltr'><strong><em>turribus,</em></strong></span> <span class='ocrx_word' id='word_1_568' title='bbox 1702 3946 1880 4005; x_wconf 91' lang='lat' dir='ltr'><strong><em>equos</em></strong></span> 
     </span>
    </p>
   </div>
   <div class='ocr_carea' id='block_1_73' title="bbox 225 4013 1882 4094">
    <p class='ocr_par' dir='ltr' id='par_1_73' title="bbox 225 4013 1882 4094">
     <span class='ocr_line' id='line_1_73' title="bbox 225 4013 1882 4094; baseline 0.005 -24"><span class='ocrx_word' id='word_1_569' title='bbox 225 4026 358 4071; x_wconf 88' lang='lat' dir='ltr'><strong><em>cum</em></strong></span> <span class='ocrx_word' id='word_1_570' title='bbox 371 4013 549 4071; x_wconf 88' lang='lat' dir='ltr'><strong><em>miris</em></strong></span> <span class='ocrx_word' id='word_1_571' title='bbox 549 4013 765 4086; x_wconf 80' lang='lat' dir='ltr'><strong><em>frenis</em></strong></span> <span class='ocrx_word' id='word_1_572' title='bbox 777 4015 1122 4088; x_wconf 88' lang='lat' dir='ltr'><strong><em>etephipiis,</em></strong></span> <span class='ocrx_word' id='word_1_573' title='bbox 1139 4032 1269 4075; x_wconf 92' lang='lat' dir='ltr'><strong><em>cum</em></strong></span> <span class='ocrx_word' id='word_1_574' title='bbox 1278 4019 1603 4079; x_wconf 90' lang='lat' dir='ltr'><strong><em>monilibus</em></strong></span> <span class='ocrx_word' id='word_1_575' title='bbox 1615 4022 1882 4094; x_wconf 88' lang='lat' dir='ltr'><strong><em>etphale-</em></strong></span> 
     </span>
    </p>
   </div>
   <div class='ocr_carea' id='block_1_74' title="bbox 223 4102 1880 4181">
    <p class='ocr_par' dir='ltr' id='par_1_74' title="bbox 223 4102 1880 4181">
     <span class='ocr_line' id='line_1_74' title="bbox 223 4102 1880 4181; baseline 0.005 -22"><span class='ocrx_word' id='word_1_576' title='bbox 223 4102 334 4160; x_wconf 89' lang='lat' dir='ltr'><strong><em>ris.</em></strong></span> <span class='ocrx_word' id='word_1_577' title='bbox 361 4103 493 4159; x_wconf 92' lang='lat' dir='ltr'><strong><em>Rex</em></strong></span> <span class='ocrx_word' id='word_1_578' title='bbox 514 4102 678 4159; x_wconf 88' lang='lat' dir='ltr'><strong><em>tanto</em></strong></span> <span class='ocrx_word' id='word_1_579' title='bbox 700 4103 969 4162; x_wconf 86' lang='lat' dir='ltr'><strong><em>exercitu</em></strong></span> <span class='ocrx_word' id='word_1_580' title='bbox 990 4105 1230 4178; x_wconf 87' lang='lat' dir='ltr'><strong><em>tamque</em></strong></span> <span class='ocrx_word' id='word_1_581' title='bbox 1248 4108 1456 4165; x_wconf 91' lang='lat' dir='ltr'><strong><em>ornato</em></strong></span> <span class='ocrx_word' id='word_1_582' title='bbox 1478 4109 1690 4181; x_wconf 90' lang='lat' dir='ltr'><strong><em>elatus,</em></strong></span> <span class='ocrx_word' id='word_1_583' title='bbox 1713 4112 1880 4169; x_wconf 82' lang='lat' dir='ltr'><strong><em>Han-</em></strong></span> 
     </span>
    </p>
   </div>
   <div class='ocr_carea' id='block_1_75' title="bbox 227 4188 1881 4269">
    <p class='ocr_par' dir='ltr' id='par_1_75' title="bbox 227 4188 1881 4269">
     <span class='ocr_line' id='line_1_75' title="bbox 227 4188 1881 4269; baseline 0.007 -22"><span class='ocrx_word' id='word_1_584' title='bbox 227 4188 491 4248; x_wconf 90' lang='lat' dir='ltr'><strong><em>nibalem</em></strong></span> <span class='ocrx_word' id='word_1_585' title='bbox 509 4188 555 4224; x_wconf 81' lang='grc'>⁷⁸</span> <span class='ocrx_word' id='word_1_586' title='bbox 575 4191 922 4263; x_wconf 90' lang='lat' dir='ltr'><strong><em>compellens</em></strong></span> <span class='ocrx_word' id='word_1_587' title='bbox 940 4212 959 4249; x_wconf 90' lang='lat'><strong><em>:</em></strong></span> <span class='ocrx_word' id='word_1_588' title='bbox 983 4217 1008 4243; x_wconf 77' lang='grc' dir='ltr'><strong>α</strong></span> <span class='ocrx_word' id='word_1_589' title='bbox 1028 4195 1312 4263; x_wconf 89' lang='lat' dir='ltr'><strong><em>Putasne,</em></strong></span> <span class='ocrx_word' id='word_1_590' title='bbox 1337 4196 1563 4269; x_wconf 82' lang='lat' dir='ltr'><strong><em>inqut,</em></strong></span> <span class='ocrx_word' id='word_1_591' title='bbox 1584 4200 1737 4257; x_wconf 90' lang='lat' dir='ltr'><strong><em>satis</em></strong></span> <span class='ocrx_word' id='word_1_592' title='bbox 1758 4215 1881 4259; x_wconf 89' lang='lat' dir='ltr'><strong><em>esse</em></strong></span> 
     </span>
    </p>
   </div>
   <div class='ocr_carea' id='block_1_76' title="bbox 229 4279 1885 4360">
    <p class='ocr_par' dir='ltr' id='par_1_76' title="bbox 229 4279 1885 4360">
     <span class='ocr_line' id='line_1_76' title="bbox 229 4279 1885 4360; baseline 0.007 -24"><span class='ocrx_word' id='word_1_593' title='bbox 229 4279 515 4338; x_wconf 81' lang='lat' dir='ltr'><strong><em>Romanis</em></strong></span> <span class='ocrx_word' id='word_1_594' title='bbox 540 4281 661 4339; x_wconf 83' lang='lat' dir='ltr'><strong><em>hac</em></strong></span> <span class='ocrx_word' id='word_1_595' title='bbox 684 4284 885 4340; x_wconf 91' lang='lat' dir='ltr'><strong><em>omnia</em></strong></span> <span class='ocrx_word' id='word_1_596' title='bbox 906 4291 932 4341; x_wconf 79' lang='lat'><em>?</em></span> <span class='ocrx_word' id='word_1_597' title='bbox 952 4304 978 4334; x_wconf 83' lang='grc'>››</span> <span class='ocrx_word' id='word_1_598' title='bbox 1013 4284 1175 4343; x_wconf 84' lang='lat' dir='ltr'><strong><em>Tunc</em></strong></span> <span class='ocrx_word' id='word_1_599' title='bbox 1201 4286 1418 4343; x_wconf 88' lang='lat' dir='ltr'><strong><em>Panus</em></strong></span> <span class='ocrx_word' id='word_1_600' title='bbox 1445 4288 1688 4345; x_wconf 88' lang='lat' dir='ltr'><strong><em>eludens</em></strong></span> <span class='ocrx_word' id='word_1_601' title='bbox 1714 4288 1885 4360; x_wconf 88' lang='lat' dir='ltr'><strong><em>igna-</em></strong></span> 
     </span>
    </p>
   </div>
   <div class='ocr_carea' id='block_1_77' title="bbox 1996 3128 3641 3201">
    <p class='ocr_par' dir='ltr' id='par_1_77' title="bbox 1996 3128 3641 3201">
     <span class='ocr_line' id='line_1_77' title="bbox 1996 3128 3641 3201; baseline 0.002 -21"><span class='ocrx_word' id='word_1_602' title='bbox 1996 3132 2173 3200; x_wconf 87' lang='lat' dir='ltr'><strong><em>«Ave,</em></strong></span> <span class='ocrx_word' id='word_1_603' title='bbox 2186 3132 2372 3188; x_wconf 86' lang='lat' dir='ltr'><strong><em>victor</em></strong></span> <span class='ocrx_word' id='word_1_604' title='bbox 2383 3132 2699 3201; x_wconf 87' lang='lat' dir='ltr'><strong><em>imperator</em></strong></span> <span class='ocrx_word' id='word_1_605' title='bbox 2709 3129 2991 3187; x_wconf 81' lang='lat' dir='ltr'><strong><em>Anthoni.</em></strong></span> <span class='ocrx_word' id='word_1_606' title='bbox 3011 3151 3038 3183; x_wconf 87' lang='lat'>»</span> <span class='ocrx_word' id='word_1_607' title='bbox 3062 3128 3245 3188; x_wconf 88' lang='lat' dir='ltr'><strong><em>Nihil</em></strong></span> <span class='ocrx_word' id='word_1_608' title='bbox 3257 3128 3459 3185; x_wconf 84' lang='lat' dir='ltr'><strong><em>Casar</em></strong></span> <span class='ocrx_word' id='word_1_609' title='bbox 3472 3141 3641 3184; x_wconf 87' lang='lat' dir='ltr'><strong><em>exas-</em></strong></span> 
     </span>
    </p>
   </div>
   <div class='ocr_carea' id='block_1_78' title="bbox 1987 3216 3642 3290">
    <p class='ocr_par' dir='ltr' id='par_1_78' title="bbox 1987 3216 3642 3290">
     <span class='ocr_line' id='line_1_78' title="bbox 1987 3216 3642 3290; baseline -0.001 -15"><span class='ocrx_word' id='word_1_610' title='bbox 1987 3223 2236 3290; x_wconf 88' lang='lat' dir='ltr'><strong><em>peratus</em></strong></span> <span class='ocrx_word' id='word_1_611' title='bbox 2257 3220 2411 3276; x_wconf 91' lang='lat' dir='ltr'><strong><em>satis</em></strong></span> <span class='ocrx_word' id='word_1_612' title='bbox 2441 3221 2524 3276; x_wconf 81' lang='lat' dir='ltr'><strong><em>a’u</em></strong></span> <span class='ocrx_word' id='word_1_613' title='bbox 2534 3219 2621 3275; x_wconf 82' lang='lat' dir='ltr'><strong><em>cit</em></strong></span> <span class='ocrx_word' id='word_1_614' title='bbox 2636 3218 2680 3252; x_wconf 83' lang='grc'><strong>⁸³</strong></span> <span class='ocrx_word' id='word_1_615' title='bbox 2690 3218 2906 3290; x_wconf 83' lang='lat' dir='ltr'><strong><em>jubere</em></strong></span> <span class='ocrx_word' id='word_1_616' title='bbox 2924 3220 3102 3276; x_wconf 90' lang='lat' dir='ltr'><strong><em>illum</em></strong></span> <span class='ocrx_word' id='word_1_617' title='bbox 3122 3217 3388 3275; x_wconf 86' lang='lat' dir='ltr'><strong><em>dividere</em></strong></span> <span class='ocrx_word' id='word_1_618' title='bbox 3408 3216 3642 3274; x_wconf 87' lang='lat' dir='ltr'><strong><em>donati-</em></strong></span> 
     </span>
    </p>
   </div>
   <div class='ocr_carea' id='block_1_79' title="bbox 1990 3304 3645 3378">
    <p class='ocr_par' dir='ltr' id='par_1_79' title="bbox 1990 3304 3645 3378">
     <span class='ocr_line' id='line_1_79' title="bbox 1990 3304 3645 3378; baseline -0.002 -13"><span class='ocrx_word' id='word_1_619' title='bbox 1990 3322 2129 3365; x_wconf 88' lang='lat' dir='ltr'><strong><em>vum</em></strong></span> <span class='ocrx_word' id='word_1_620' title='bbox 2141 3321 2272 3365; x_wconf 86' lang='lat' dir='ltr'><strong><em>cum</em></strong></span> <span class='ocrx_word' id='word_1_621' title='bbox 2293 3309 2724 3365; x_wconf 72' lang='lat' dir='ltr'><strong><em>contubernali.</em></strong></span> <span class='ocrx_word' id='word_1_622' title='bbox 2748 3307 2969 3365; x_wconf 87' lang='lat' dir='ltr'><strong><em>Saluta</em></strong></span> <span class='ocrx_word' id='word_1_623' title='bbox 2979 3308 3072 3365; x_wconf 91' lang='lat' dir='ltr'><strong><em>tus</em></strong></span> <span class='ocrx_word' id='word_1_624' title='bbox 3083 3306 3370 3365; x_wconf 83' lang='lat' dir='ltr'><strong><em>similiter</em></strong></span> <span class='ocrx_word' id='word_1_625' title='bbox 3391 3304 3645 3378; x_wconf 90' lang='lat' dir='ltr'><strong><em>apsitta-</em></strong></span> 
     </span>
    </p>
   </div>
   <div class='ocr_carea' id='block_1_80' title="bbox 1991 3396 3645 3469">
    <p class='ocr_par' dir='ltr' id='par_1_80' title="bbox 1991 3396 3645 3469">
     <span class='ocr_line' id='line_1_80' title="bbox 1991 3396 3645 3469; baseline -0.002 -16"><span class='ocrx_word' id='word_1_626' title='bbox 1991 3397 2197 3462; x_wconf 89' lang='lat' dir='ltr'><strong><em>co,emi</em></strong></span> <span class='ocrx_word' id='word_1_627' title='bbox 2211 3399 2376 3467; x_wconf 91' lang='lat' dir='ltr'><strong><em>eumj</em></strong></span> <span class='ocrx_word' id='word_1_628' title='bbox 2384 3399 2551 3454; x_wconf 85' lang='lat' dir='ltr'><strong><em>assit.</em></strong></span> <span class='ocrx_word' id='word_1_629' title='bbox 2561 3396 2996 3455; x_wconf 85' lang='lat' dir='ltr'><strong><em>Idemmiratus</em></strong></span> <span class='ocrx_word' id='word_1_630' title='bbox 3009 3398 3073 3453; x_wconf 89' lang='lat' dir='ltr'><strong><em>in</em></strong></span> <span class='ocrx_word' id='word_1_631' title='bbox 3080 3396 3400 3469; x_wconf 89' lang='lat' dir='ltr'><strong><em>pica,hanc</em></strong></span> <span class='ocrx_word' id='word_1_632' title='bbox 3411 3407 3645 3467; x_wconf 90' lang='lat' dir='ltr'><strong><em>quoque</em></strong></span> 
     </span>
    </p>
   </div>
   <div class='ocr_carea' id='block_1_81' title="bbox 1988 3482 3643 3558">
    <p class='ocr_par' dir='ltr' id='par_1_81' title="bbox 1988 3482 3643 3558">
     <span class='ocr_line' id='line_1_81' title="bbox 1988 3482 3643 3558; baseline -0.002 -16"><span class='ocrx_word' id='word_1_633' title='bbox 1988 3486 2259 3543; x_wconf 89' lang='lat' dir='ltr'><strong><em>redemit.</em></strong></span> <span class='ocrx_word' id='word_1_634' title='bbox 2294 3488 2652 3557; x_wconf 80' lang='lat' dir='ltr'><strong><em>Exemplum</em></strong></span> <span class='ocrx_word' id='word_1_635' title='bbox 2672 3487 2780 3544; x_wconf 89' lang='lat' dir='ltr'><strong><em>hoc</em></strong></span> <span class='ocrx_word' id='word_1_636' title='bbox 2802 3500 3123 3558; x_wconf 69' lang='lat' dir='ltr'><strong><em>pauperem</em></strong></span> <span class='ocrx_word' id='word_1_637' title='bbox 3135 3485 3395 3542; x_wconf 88' lang='lat' dir='ltr'><strong><em>sutorem</em></strong></span> <span class='ocrx_word' id='word_1_638' title='bbox 3421 3482 3643 3541; x_wconf 85' lang='lat' dir='ltr'><strong><em>sollici-</em></strong></span> 
     </span>
    </p>
   </div>
   <div class='ocr_carea' id='block_1_82' title="bbox 1993 3572 3639 3643">
    <p class='ocr_par' dir='ltr' id='par_1_82' title="bbox 1993 3572 3639 3643">
     <span class='ocr_line' id='line_1_82' title="bbox 1993 3572 3639 3643; baseline -0.003 -11"><span class='ocrx_word' id='word_1_639' title='bbox 1993 3575 2165 3643; x_wconf 90' lang='lat' dir='ltr'><strong><em>tavit,</em></strong></span> <span class='ocrx_word' id='word_1_640' title='bbox 2193 3576 2263 3632; x_wconf 89' lang='lat' dir='ltr'><strong><em>ut</em></strong></span> <span class='ocrx_word' id='word_1_641' title='bbox 2274 3589 2508 3632; x_wconf 64' lang='lat' dir='ltr'><strong><em>corvum.</em></strong></span> <span class='ocrx_word' id='word_1_642' title='bbox 2522 3575 2958 3633; x_wconf 86' lang='lat' dir='ltr'><strong><em>institueretad</em></strong></span> <span class='ocrx_word' id='word_1_643' title='bbox 2970 3589 3172 3631; x_wconf 76' lang='lat' dir='ltr'><strong><em>narem</em></strong></span> <span class='ocrx_word' id='word_1_644' title='bbox 3192 3572 3639 3638; x_wconf 67' lang='lat' dir='ltr'><strong><em>salutationem;</em></strong></span> 
     </span>
    </p>
   </div>
   <div class='ocr_carea' id='block_1_83' title="bbox 1989 3663 3643 3736">
    <p class='ocr_par' dir='ltr' id='par_1_83' title="bbox 1989 3663 3643 3736">
     <span class='ocr_line' id='line_1_83' title="bbox 1989 3663 3643 3736; baseline -0.001 -16"><span class='ocrx_word' id='word_1_645' title='bbox 1989 3665 2102 3734; x_wconf 87' lang='lat' dir='ltr'><strong><em>qui</em></strong></span> <span class='ocrx_word' id='word_1_646' title='bbox 2129 3665 2398 3736; x_wconf 90' lang='lat' dir='ltr'><strong><em>impensa</em></strong></span> <span class='ocrx_word' id='word_1_647' title='bbox 2419 3666 2768 3735; x_wconf 86' lang='lat' dir='ltr'><strong><em>exhaustus,</em></strong></span> <span class='ocrx_word' id='word_1_648' title='bbox 2803 3678 2952 3736; x_wconf 89' lang='lat' dir='ltr'><strong><em>sape</em></strong></span> <span class='ocrx_word' id='word_1_649' title='bbox 2979 3663 3061 3722; x_wconf 90' lang='lat' dir='ltr'><strong><em>ad</em></strong></span> <span class='ocrx_word' id='word_1_650' title='bbox 3085 3678 3257 3720; x_wconf 91' lang='lat' dir='ltr'><strong><em>avem</em></strong></span> <span class='ocrx_word' id='word_1_651' title='bbox 3275 3677 3394 3719; x_wconf 87' lang='lat' dir='ltr'><strong><em>non</em></strong></span> <span class='ocrx_word' id='word_1_652' title='bbox 3410 3675 3643 3731; x_wconf 89' lang='lat' dir='ltr'><strong><em>respon-</em></strong></span> 
     </span>
    </p>
   </div>
   <div class='ocr_carea' id='block_1_84' title="bbox 1992 3749 3634 3825">
    <p class='ocr_par' dir='ltr' id='par_1_84' title="bbox 1992 3749 3634 3825">
     <span class='ocr_line' id='line_1_84' title="bbox 1992 3749 3634 3825; baseline -0.003 -16"><span class='ocrx_word' id='word_1_653' title='bbox 1992 3752 2219 3809; x_wconf 89' lang='lat' dir='ltr'><strong><em>dentem</em></strong></span> <span class='ocrx_word' id='word_1_654' title='bbox 2252 3754 2446 3811; x_wconf 90' lang='lat' dir='ltr'><strong><em>dicere</em></strong></span> <span class='ocrx_word' id='word_1_655' title='bbox 2473 3754 2724 3813; x_wconf 88' lang='lat' dir='ltr'><strong><em>solebat:</em></strong></span> <span class='ocrx_word' id='word_1_656' title='bbox 2752 3779 2777 3804; x_wconf 73' lang='grc' dir='ltr'><strong>α</strong></span> <span class='ocrx_word' id='word_1_657' title='bbox 2809 3756 2997 3825; x_wconf 88' lang='lat' dir='ltr'><strong><em>Opera</em></strong></span> <span class='ocrx_word' id='word_1_658' title='bbox 3028 3753 3085 3809; x_wconf 92' lang='lat' dir='ltr'><strong><em>et</em></strong></span> <span class='ocrx_word' id='word_1_659' title='bbox 3106 3754 3374 3824; x_wconf 78' lang='lat' dir='ltr'><strong><em>impensa</em></strong></span> <span class='ocrx_word' id='word_1_660' title='bbox 3383 3749 3590 3823; x_wconf 90' lang='lat' dir='ltr'><strong><em>periit.</em></strong></span> <span class='ocrx_word' id='word_1_661' title='bbox 3609 3771 3634 3799; x_wconf 73' lang='grc' dir='ltr'><strong>υ</strong></span> 
     </span>
    </p>
   </div>
   <div class='ocr_carea' id='block_1_85' title="bbox 1989 3840 3642 3916">
    <p class='ocr_par' dir='ltr' id='par_1_85' title="bbox 1989 3840 3642 3916">
     <span class='ocr_line' id='line_1_85' title="bbox 1989 3840 3642 3916; baseline -0.002 -18"><span class='ocrx_word' id='word_1_662' title='bbox 1989 3841 2335 3913; x_wconf 87' lang='lat' dir='ltr'><strong><em>Aliquando</em></strong></span> <span class='ocrx_word' id='word_1_663' title='bbox 2350 3842 2546 3898; x_wconf 90' lang='lat' dir='ltr'><strong><em>tamen</em></strong></span> <span class='ocrx_word' id='word_1_664' title='bbox 2558 3857 2762 3899; x_wconf 86' lang='lat' dir='ltr'><strong><em>corvus</em></strong></span> <span class='ocrx_word' id='word_1_665' title='bbox 2776 3843 2949 3916; x_wconf 86' lang='lat' dir='ltr'><strong><em>capit</em></strong></span> <span class='ocrx_word' id='word_1_666' title='bbox 2962 3843 3158 3900; x_wconf 88' lang='lat' dir='ltr'><strong><em>dicere</em></strong></span> <span class='ocrx_word' id='word_1_667' title='bbox 3180 3841 3466 3899; x_wconf 90' lang='lat' dir='ltr'><strong><em>dictatam</em></strong></span> <span class='ocrx_word' id='word_1_668' title='bbox 3478 3854 3548 3897; x_wconf 90' lang='lat' dir='ltr'><strong><em>sa</em></strong></span> <span class='ocrx_word' id='word_1_669' title='bbox 3556 3840 3642 3896; x_wconf 89' lang='lat' dir='ltr'><strong><em>lu-</em></strong></span> 
     </span>
    </p>
   </div>
   <div class='ocr_carea' id='block_1_86' title="bbox 1994 3929 3641 4001">
    <p class='ocr_par' dir='ltr' id='par_1_86' title="bbox 1994 3929 3641 4001">
     <span class='ocr_line' id='line_1_86' title="bbox 1994 3929 3641 4001; baseline -0.003 -12"><span class='ocrx_word' id='word_1_670' title='bbox 1994 3931 2296 4001; x_wconf 80' lang='lat' dir='ltr'><strong><em>tationem.</em></strong></span> <span class='ocrx_word' id='word_1_671' title='bbox 2342 3932 2476 3987; x_wconf 82' lang='lat' dir='ltr'><strong><em>Hac</em></strong></span> <span class='ocrx_word' id='word_1_672' title='bbox 2512 3930 2729 3987; x_wconf 88' lang='lat' dir='ltr'><strong><em>audita</em></strong></span> <span class='ocrx_word' id='word_1_673' title='bbox 2758 3930 3012 3987; x_wconf 81' lang='lat' dir='ltr'><strong><em>transiit</em></strong></span> <span class='ocrx_word' id='word_1_674' title='bbox 3048 3929 3373 4000; x_wconf 88' lang='lat' dir='ltr'><strong><em>Augustus,</em></strong></span> <span class='ocrx_word' id='word_1_675' title='bbox 3405 3941 3641 3998; x_wconf 85' lang='lat' dir='ltr'><strong><em>respon-</em></strong></span> 
     </span>
    </p>
   </div>
   <div class='ocr_carea' id='block_1_87' title="bbox 1996 4013 3643 4077">
    <p class='ocr_par' dir='ltr' id='par_1_87' title="bbox 1996 4013 3643 4077">
     <span class='ocr_line' id='line_1_87' title="bbox 1996 4013 3643 4077; baseline -0.004 0"><span class='ocrx_word' id='word_1_676' title='bbox 1996 4020 2138 4077; x_wconf 90' lang='lat' dir='ltr'><strong><em>dens</em></strong></span> <span class='ocrx_word' id='word_1_677' title='bbox 2156 4039 2167 4074; x_wconf 89' lang='lat'><strong><em>:</em></strong></span> <span class='ocrx_word' id='word_1_678' title='bbox 2187 4038 2214 4069; x_wconf 92' lang='lat'><strong>«</strong></span> <span class='ocrx_word' id='word_1_679' title='bbox 2234 4018 2658 4076; x_wconf 80' lang='lat' dir='ltr'><strong><em>Salutatorum</em></strong></span> <span class='ocrx_word' id='word_1_680' title='bbox 2672 4017 2890 4075; x_wconf 90' lang='lat' dir='ltr'><strong><em>talium</em></strong></span> <span class='ocrx_word' id='word_1_681' title='bbox 2910 4017 3065 4075; x_wconf 88' lang='lat' dir='ltr'><strong><em>satis</em></strong></span> <span class='ocrx_word' id='word_1_682' title='bbox 3088 4013 3457 4073; x_wconf 88' lang='lat' dir='ltr'><strong><em>domihabeo.</em></strong></span> <span class='ocrx_word' id='word_1_683' title='bbox 3482 4037 3509 4063; x_wconf 88' lang='lat'>»</span> <span class='ocrx_word' id='word_1_684' title='bbox 3525 4015 3643 4072; x_wconf 79' lang='lat' dir='ltr'><strong><em>Su-</em></strong></span> 
     </span>
    </p>
   </div>
   <div class='ocr_carea' id='block_1_88' title="bbox 1992 4102 3642 4182">
    <p class='ocr_par' dir='ltr' id='par_1_88' title="bbox 1992 4102 3642 4182">
     <span class='ocr_line' id='line_1_88' title="bbox 1992 4102 3642 4182; baseline -0.004 -16"><span class='ocrx_word' id='word_1_685' title='bbox 1992 4109 2227 4182; x_wconf 81' lang='lat' dir='ltr'><strong><em>perfuit</em></strong></span> <span class='ocrx_word' id='word_1_686' title='bbox 2246 4120 2414 4165; x_wconf 90' lang='lat' dir='ltr'><strong><em>corvo</em></strong></span> <span class='ocrx_word' id='word_1_687' title='bbox 2443 4107 2747 4177; x_wconf 89' lang='lat' dir='ltr'><strong><em>memoria,</em></strong></span> <span class='ocrx_word' id='word_1_688' title='bbox 2780 4107 2852 4162; x_wconf 91' lang='lat' dir='ltr'><strong><em>ut</em></strong></span> <span class='ocrx_word' id='word_1_689' title='bbox 2875 4106 2929 4162; x_wconf 87' lang='lat' dir='ltr'><strong><em>et</em></strong></span> <span class='ocrx_word' id='word_1_690' title='bbox 2956 4106 3073 4163; x_wconf 88' lang='lat' dir='ltr'><strong><em>illa</em></strong></span> <span class='ocrx_word' id='word_1_691' title='bbox 3100 4102 3319 4176; x_wconf 90' lang='lat' dir='ltr'><strong><em>quibus</em></strong></span> <span class='ocrx_word' id='word_1_692' title='bbox 3339 4102 3642 4160; x_wconf 87' lang='lat' dir='ltr'><strong><em>dominum</em></strong></span> 
     </span>
    </p>
   </div>
   <div class='ocr_carea' id='block_1_89' title="bbox 1996 4192 3639 4272">
    <p class='ocr_par' dir='ltr' id='par_1_89' title="bbox 1996 4192 3639 4272">
     <span class='ocr_line' id='line_1_89' title="bbox 1996 4192 3639 4272; baseline -0.004 -16"><span class='ocrx_word' id='word_1_693' title='bbox 1996 4199 2333 4272; x_wconf 87' lang='lat' dir='ltr'><strong><em>querentem</em></strong></span> <span class='ocrx_word' id='word_1_694' title='bbox 2356 4195 2580 4254; x_wconf 82' lang='lat' dir='ltr'><strong><em>solebat</em></strong></span> <span class='ocrx_word' id='word_1_695' title='bbox 2594 4196 2804 4252; x_wconf 90' lang='lat' dir='ltr'><strong><em>audire</em></strong></span> <span class='ocrx_word' id='word_1_696' title='bbox 2820 4193 3181 4253; x_wconf 89' lang='lat' dir='ltr'><strong><em>subtexeret:</em></strong></span> <span class='ocrx_word' id='word_1_697' title='bbox 3204 4217 3227 4241; x_wconf 76' lang='grc' dir='ltr'><strong><em>«ι</em></strong></span> <span class='ocrx_word' id='word_1_698' title='bbox 3246 4194 3433 4263; x_wconf 86' lang='lat' dir='ltr'><strong><em>Opera</em></strong></span> <span class='ocrx_word' id='word_1_699' title='bbox 3454 4192 3512 4249; x_wconf 92' lang='lat' dir='ltr'><strong><em>et</em></strong></span> <span class='ocrx_word' id='word_1_700' title='bbox 3533 4192 3639 4249; x_wconf 83' lang='lat' dir='ltr'><strong><em>im-</em></strong></span> 
     </span>
    </p>
   </div>
   <div class='ocr_carea' id='block_1_90' title="bbox 1991 4282 3640 4361">
    <p class='ocr_par' dir='ltr' id='par_1_90' title="bbox 1991 4282 3640 4361">
     <span class='ocr_line' id='line_1_90' title="bbox 1991 4282 3640 4361; baseline -0.004 -16"><span class='ocrx_word' id='word_1_701' title='bbox 1991 4302 2179 4361; x_wconf 89' lang='lat' dir='ltr'><strong><em>pensa</em></strong></span> <span class='ocrx_word' id='word_1_702' title='bbox 2188 4287 2391 4359; x_wconf 86' lang='lat' dir='ltr'><strong><em>periit.</em></strong></span> <span class='ocrx_word' id='word_1_703' title='bbox 2410 4286 2537 4343; x_wconf 79' lang='lat' dir='ltr'><strong><em>»Ad</em></strong></span> <span class='ocrx_word' id='word_1_704' title='bbox 2546 4285 2706 4358; x_wconf 88' lang='lat' dir='ltr'><strong><em>quod</em></strong></span> <span class='ocrx_word' id='word_1_705' title='bbox 2719 4285 2911 4343; x_wconf 76' lang='lat' dir='ltr'><strong><em>Casar</em></strong></span> <span class='ocrx_word' id='word_1_706' title='bbox 2920 4283 3082 4354; x_wconf 91' lang='lat' dir='ltr'><strong><em>risit,</em></strong></span> <span class='ocrx_word' id='word_1_707' title='bbox 3098 4283 3329 4353; x_wconf 82' lang='lat' dir='ltr'><strong><em>emique</em></strong></span> <span class='ocrx_word' id='word_1_708' title='bbox 3340 4295 3504 4339; x_wconf 86' lang='lat' dir='ltr'><strong><em>avem</em></strong></span> <span class='ocrx_word' id='word_1_709' title='bbox 3506 4282 3640 4353; x_wconf 85' lang='lat' dir='ltr'><strong><em>jus-</em></strong></span> 
     </span>
    </p>
   </div>
   <div class='ocr_carea' id='block_1_91' title="bbox 225 4369 3643 4454">
    <p class='ocr_par' dir='ltr' id='par_1_91' title="bbox 225 4369 3643 4454">
     <span class='ocr_line' id='line_1_91' title="bbox 225 4369 3643 4454; baseline 0.001 -29"><span class='ocrx_word' id='word_1_710' title='bbox 225 4369 387 4426; x_wconf 88' lang='lat' dir='ltr'><strong><em>viam</em></strong></span> <span class='ocrx_word' id='word_1_711' title='bbox 424 4369 757 4428; x_wconf 73' lang='lat' dir='ltr'><strong><em>imbellum</em></strong></span> <span class='ocrx_word' id='word_1_712' title='bbox 791 4372 1057 4430; x_wconf 89' lang='lat' dir='ltr'><strong><em>militum</em></strong></span> <span class='ocrx_word' id='word_1_713' title='bbox 1099 4375 1477 4448; x_wconf 90' lang='lat' dir='ltr'><strong><em>pretiumque</em></strong></span> <span class='ocrx_word' id='word_1_714' title='bbox 1523 4391 1828 4435; x_wconf 88' lang='lat' dir='ltr'><strong><em>armorum</em></strong></span> <span class='ocrx_word' id='word_1_715' title='bbox 1865 4400 1883 4436; x_wconf 93' lang='lat'><strong><em>:</em></strong></span> <span class='ocrx_word' id='word_1_716' title='bbox 1913 4395 1968 4454; x_wconf 76' lang='grc' dir='ltr'><strong><em>ι)</em></strong></span> <span class='ocrx_word' id='word_1_717' title='bbox 1998 4378 2099 4448; x_wconf 90' lang='lat' dir='ltr'><strong><em>sit,</em></strong></span> <span class='ocrx_word' id='word_1_718' title='bbox 2121 4377 2336 4448; x_wconf 87' lang='lat' dir='ltr'><strong><em>quanti</em></strong></span> <span class='ocrx_word' id='word_1_719' title='bbox 2357 4376 2592 4432; x_wconf 87' lang='lat' dir='ltr'><strong><em>nullam</em></strong></span> <span class='ocrx_word' id='word_1_720' title='bbox 2612 4370 3643 4432; x_wconf 79' lang='lat' dir='ltr'><strong><em>adhucemerat.—Solebatdescen-</em></strong></span> 
     </span>
    </p>
   </div>
   <div class='ocr_carea' id='block_1_92' title="bbox 233 4459 1886 4533">
    <p class='ocr_par' dir='ltr' id='par_1_92' title="bbox 233 4459 1886 4533">
     <span class='ocr_line' id='line_1_92' title="bbox 233 4459 1886 4533; baseline 0.007 -19"><span class='ocrx_word' id='word_1_721' title='bbox 233 4481 257 4507; x_wconf 74' lang='grc' dir='ltr'>α</span> <span class='ocrx_word' id='word_1_722' title='bbox 282 4459 492 4530; x_wconf 89' lang='lat' dir='ltr'><strong><em>Plane,</em></strong></span> <span class='ocrx_word' id='word_1_723' title='bbox 517 4459 625 4517; x_wconf 89' lang='lat' dir='ltr'><strong><em>ille</em></strong></span> <span class='ocrx_word' id='word_1_724' title='bbox 644 4463 867 4533; x_wconf 88' lang='lat' dir='ltr'><strong><em>inquit,</em></strong></span> <span class='ocrx_word' id='word_1_725' title='bbox 896 4464 1052 4523; x_wconf 89' lang='lat' dir='ltr'><strong><em>satis</em></strong></span> <span class='ocrx_word' id='word_1_726' title='bbox 1080 4478 1204 4522; x_wconf 86' lang='lat' dir='ltr'><strong><em>esse</em></strong></span> <span class='ocrx_word' id='word_1_727' title='bbox 1232 4465 1354 4523; x_wconf 86' lang='lat' dir='ltr'><strong><em>hac</em></strong></span> <span class='ocrx_word' id='word_1_728' title='bbox 1377 4467 1547 4523; x_wconf 85' lang='lat' dir='ltr'><strong><em>credo</em></strong></span> <span class='ocrx_word' id='word_1_729' title='bbox 1577 4469 1886 4533; x_wconf 84' lang='lat' dir='ltr'><strong><em>Romanis.</em></strong></span> 
     </span>
    </p>
   </div>
   <div class='ocr_carea' id='block_1_93' title="bbox 229 4547 1888 4634">
    <p class='ocr_par' dir='ltr' id='par_1_93' title="bbox 229 4547 1888 4634">
     <span class='ocr_line' id='line_1_93' title="bbox 229 4547 1888 4634; baseline 0.007 -29"><span class='ocrx_word' id='word_1_730' title='bbox 229 4547 340 4605; x_wconf 89' lang='lat' dir='ltr'><strong><em>etsi</em></strong></span> <span class='ocrx_word' id='word_1_731' title='bbox 357 4549 487 4605; x_wconf 89' lang='lat' dir='ltr'><strong><em>sint</em></strong></span> <span class='ocrx_word' id='word_1_732' title='bbox 500 4551 872 4610; x_wconf 89' lang='lat' dir='ltr'><strong><em>avarissimi.</em></strong></span> <span class='ocrx_word' id='word_1_733' title='bbox 900 4575 925 4603; x_wconf 84' lang='lat'><strong>»</strong></span> <span class='ocrx_word' id='word_1_734' title='bbox 948 4554 1032 4612; x_wconf 85' lang='lat' dir='ltr'><strong><em>Et</em></strong></span> <span class='ocrx_word' id='word_1_735' title='bbox 1043 4553 1149 4612; x_wconf 81' lang='lat' dir='ltr'><strong><em>hoc</em></strong></span> <span class='ocrx_word' id='word_1_736' title='bbox 1163 4555 1318 4613; x_wconf 89' lang='lat' dir='ltr'><strong><em>satis</em></strong></span> <span class='ocrx_word' id='word_1_737' title='bbox 1335 4569 1449 4613; x_wconf 87' lang='lat' dir='ltr'><strong><em>non</em></strong></span> <span class='ocrx_word' id='word_1_738' title='bbox 1465 4558 1659 4614; x_wconf 86' lang='lat' dir='ltr'><strong><em>solum</em></strong></span> <span class='ocrx_word' id='word_1_739' title='bbox 1678 4559 1888 4634; x_wconf 86' lang='lat' dir='ltr'><strong><em>lepide,</em></strong></span> 
     </span>
    </p>
   </div>
   <div class='ocr_carea' id='block_1_94' title="bbox 226 4635 1891 4705">
    <p class='ocr_par' dir='ltr' id='par_1_94' title="bbox 226 4635 1891 4705">
     <span class='ocr_line' id='line_1_94' title="bbox 226 4635 1891 4705; baseline 0.006 -10"><span class='ocrx_word' id='word_1_740' title='bbox 226 4635 332 4695; x_wconf 86' lang='lat' dir='ltr'><strong><em>sed</em></strong></span> <span class='ocrx_word' id='word_1_741' title='bbox 353 4637 412 4692; x_wconf 90' lang='lat' dir='ltr'><strong><em>et</em></strong></span> <span class='ocrx_word' id='word_1_742' title='bbox 427 4636 633 4694; x_wconf 90' lang='lat' dir='ltr'><strong><em>acerbe</em></strong></span> <span class='ocrx_word' id='word_1_743' title='bbox 654 4638 895 4697; x_wconf 90' lang='lat' dir='ltr'><strong><em>dictum.</em></strong></span> <span class='ocrx_word' id='word_1_744' title='bbox 923 4642 1055 4699; x_wconf 87' lang='lat' dir='ltr'><strong><em>Rex</em></strong></span> <span class='ocrx_word' id='word_1_745' title='bbox 1073 4643 1142 4700; x_wconf 89' lang='lat' dir='ltr'><strong><em>de</em></strong></span> <span class='ocrx_word' id='word_1_746' title='bbox 1158 4657 1401 4701; x_wconf 89' lang='lat' dir='ltr'><strong><em>numero</em></strong></span> <span class='ocrx_word' id='word_1_747' title='bbox 1423 4648 1723 4705; x_wconf 88' lang='lat' dir='ltr'><strong><em>exercitus</em></strong></span> <span class='ocrx_word' id='word_1_748' title='bbox 1745 4649 1805 4705; x_wconf 92' lang='lat' dir='ltr'><strong><em>et</em></strong></span> <span class='ocrx_word' id='word_1_749' title='bbox 1821 4648 1891 4705; x_wconf 91' lang='lat' dir='ltr'><strong><em>de</em></strong></span> 
     </span>
    </p>
   </div>
   <div class='ocr_carea' id='block_1_95' title="bbox 230 4725 1890 4809">
    <p class='ocr_par' dir='ltr' id='par_1_95' title="bbox 230 4725 1890 4809">
     <span class='ocr_line' id='line_1_95' title="bbox 230 4725 1890 4809; baseline 0.008 -27"><span class='ocrx_word' id='word_1_750' title='bbox 230 4725 1054 4801; x_wconf 86' lang='lat' dir='ltr'><strong><em>aquiparationequasierat,</em></strong></span> <span class='ocrx_word' id='word_1_751' title='bbox 1070 4732 1177 4790; x_wconf 90' lang='lat' dir='ltr'><strong><em>ille</em></strong></span> <span class='ocrx_word' id='word_1_752' title='bbox 1189 4735 1500 4805; x_wconf 89' lang='lat' dir='ltr'><strong><em>respondit</em></strong></span> <span class='ocrx_word' id='word_1_753' title='bbox 1510 4735 1580 4793; x_wconf 90' lang='lat' dir='ltr'><strong><em>de</em></strong></span> <span class='ocrx_word' id='word_1_754' title='bbox 1579 4738 1890 4809; x_wconf 84' lang='lat' dir='ltr'><strong><em>prada.—</em></strong></span> 
     </span>
    </p>
   </div>
   <div class='ocr_carea' id='block_1_96' title="bbox 2002 4458 3646 4536">
    <p class='ocr_par' dir='ltr' id='par_1_96' title="bbox 2002 4458 3646 4536">
     <span class='ocr_line' id='line_1_96' title="bbox 2002 4458 3646 4536; baseline -0.004 -15"><span class='ocrx_word' id='word_1_755' title='bbox 2002 4466 2164 4523; x_wconf 88' lang='lat' dir='ltr'><strong><em>denti</em></strong></span> <span class='ocrx_word' id='word_1_756' title='bbox 2205 4478 2244 4521; x_wconf 92' lang='lat' dir='ltr'><strong><em>a</em></strong></span> <span class='ocrx_word' id='word_1_757' title='bbox 2278 4464 2515 4536; x_wconf 89' lang='lat' dir='ltr'><strong><em>palato</em></strong></span> <span class='ocrx_word' id='word_1_758' title='bbox 2549 4463 2776 4521; x_wconf 78' lang='lat' dir='ltr'><strong><em>Casari</em></strong></span> <span class='ocrx_word' id='word_1_759' title='bbox 2814 4462 3067 4534; x_wconf 91' lang='lat' dir='ltr'><strong><em>aliquod</em></strong></span> <span class='ocrx_word' id='word_1_760' title='bbox 3094 4461 3487 4533; x_wconf 76' lang='lat' dir='ltr'><strong><em>honori/tcum</em></strong></span> <span class='ocrx_word' id='word_1_761' title='bbox 3525 4458 3646 4531; x_wconf 84' lang='lat' dir='ltr'><strong><em>epi-</em></strong></span> 
     </span>
    </p>
   </div>
   <div class='ocr_carea' id='block_1_97' title="bbox 1995 4551 3643 4627">
    <p class='ocr_par' dir='ltr' id='par_1_97' title="bbox 1995 4551 3643 4627">
     <span class='ocr_line' id='line_1_97' title="bbox 1995 4551 3643 4627; baseline -0.002 -16"><span class='ocrx_word' id='word_1_762' title='bbox 1995 4568 2271 4627; x_wconf 89' lang='lat' dir='ltr'><strong><em>gramma</em></strong></span> <span class='ocrx_word' id='word_1_763' title='bbox 2288 4555 2607 4626; x_wconf 88' lang='lat' dir='ltr'><strong><em>porrigere</em></strong></span> <span class='ocrx_word' id='word_1_764' title='bbox 2636 4552 2973 4621; x_wconf 86' lang='lat' dir='ltr'><strong><em>Graculus;</em></strong></span> <span class='ocrx_word' id='word_1_765' title='bbox 2998 4553 3066 4611; x_wconf 88' lang='lat' dir='ltr'><strong><em>id</em></strong></span> <span class='ocrx_word' id='word_1_766' title='bbox 3092 4567 3222 4610; x_wconf 90' lang='lat' dir='ltr'><strong><em>cum</em></strong></span> <span class='ocrx_word' id='word_1_767' title='bbox 3226 4551 3482 4625; x_wconf 85' lang='lat' dir='ltr'><strong><em>frustra</em></strong></span> <span class='ocrx_word' id='word_1_768' title='bbox 3492 4564 3643 4621; x_wconf 86' lang='lat' dir='ltr'><strong><em>sape</em></strong></span> 
     </span>
    </p>
   </div>
   <div class='ocr_carea' id='block_1_98' title="bbox 1986 4640 3642 4718">
    <p class='ocr_par' dir='ltr' id='par_1_98' title="bbox 1986 4640 3642 4718">
     <span class='ocr_line' id='line_1_98' title="bbox 1986 4640 3642 4718; baseline -0.004 -17"><span class='ocrx_word' id='word_1_769' title='bbox 1986 4644 2259 4718; x_wconf 87' lang='lat' dir='ltr'><strong><em>fecisset,</em></strong></span> <span class='ocrx_word' id='word_1_770' title='bbox 2280 4657 2496 4702; x_wconf 89' lang='lat' dir='ltr'><strong><em>rursus</em></strong></span> <span class='ocrx_word' id='word_1_771' title='bbox 2517 4642 2824 4701; x_wconf 89' lang='lat' dir='ltr'><strong><em>cumidem</em></strong></span> <span class='ocrx_word' id='word_1_772' title='bbox 2850 4642 3151 4699; x_wconf 81' lang='lat' dir='ltr'><strong><em>facturum</em></strong></span> <span class='ocrx_word' id='word_1_773' title='bbox 3172 4640 3425 4698; x_wconf 89' lang='lat' dir='ltr'><strong><em>vidisset</em></strong></span> <span class='ocrx_word' id='word_1_774' title='bbox 3442 4642 3642 4710; x_wconf 87' lang='lat' dir='ltr'><strong><em>Augu-</em></strong></span> 
     </span>
    </p>
   </div>
   <div class='ocr_carea' id='block_1_99' title="bbox 2000 4727 3644 4803">
    <p class='ocr_par' dir='ltr' id='par_1_99' title="bbox 2000 4727 3644 4803">
     <span class='ocr_line' id='line_1_99' title="bbox 2000 4727 3644 4803; baseline -0.006 -11"><span class='ocrx_word' id='word_1_775' title='bbox 2000 4735 2147 4803; x_wconf 84' lang='lat' dir='ltr'><strong><em>stus,</em></strong></span> <span class='ocrx_word' id='word_1_776' title='bbox 2175 4733 2341 4790; x_wconf 88' lang='lat' dir='ltr'><strong><em>breve</em></strong></span> <span class='ocrx_word' id='word_1_777' title='bbox 2377 4747 2491 4790; x_wconf 90' lang='lat' dir='ltr'><strong><em>sua</em></strong></span> <span class='ocrx_word' id='word_1_778' title='bbox 2518 4747 2703 4791; x_wconf 91' lang='lat' dir='ltr'><strong><em>manu</em></strong></span> <span class='ocrx_word' id='word_1_779' title='bbox 2730 4733 2798 4789; x_wconf 88' lang='lat' dir='ltr'><strong><em>in</em></strong></span> <span class='ocrx_word' id='word_1_780' title='bbox 2828 4731 3041 4790; x_wconf 89' lang='lat' dir='ltr'><strong><em>charta</em></strong></span> <span class='ocrx_word' id='word_1_781' title='bbox 3069 4729 3351 4787; x_wconf 89' lang='lat' dir='ltr'><strong><em>exaravit</em></strong></span> <span class='ocrx_word' id='word_1_782' title='bbox 3376 4727 3644 4788; x_wconf 74' lang='lat' dir='ltr'><strong><em>Graecum</em></strong></span> 
     </span>
    </p>
   </div>
   <div class='ocr_carea' id='block_1_100' title="bbox 233 4813 3643 4897">
    <p class='ocr_par' dir='ltr' id='par_1_100' title="bbox 233 4813 3643 4897">
     <span class='ocr_line' id='line_1_100' title="bbox 233 4813 3643 4897; baseline 0.001 -28"><span class='ocrx_word' id='word_1_783' title='bbox 233 4813 363 4885; x_wconf 91' lang='lat' dir='ltr'><strong><em>(1b.,</em></strong></span> <span class='ocrx_word' id='word_1_784' title='bbox 381 4828 430 4872; x_wconf 92' lang='lat' dir='ltr'><strong><em>c.</em></strong></span> <span class='ocrx_word' id='word_1_785' title='bbox 445 4816 524 4888; x_wconf 86' lang='lat'><strong><em>3.)</em></strong></span> <span class='ocrx_word' id='word_1_786' title='bbox 543 4817 621 4874; x_wconf 88' lang='lat' dir='ltr'><strong><em>In</em></strong></span> <span class='ocrx_word' id='word_1_787' title='bbox 636 4817 928 4875; x_wconf 79' lang='lat' dir='ltr'><strong><em>Uasarem</em></strong></span> <span class='ocrx_word' id='word_1_788' title='bbox 944 4833 1179 4892; x_wconf 89' lang='lat' dir='ltr'><strong><em>quoque</em></strong></span> <span class='ocrx_word' id='word_1_789' title='bbox 1191 4823 1562 4881; x_wconf 84' lang='lat' dir='ltr'><strong><em>mordacitas</em></strong></span> <span class='ocrx_word' id='word_1_790' title='bbox 1585 4827 1892 4885; x_wconf 79' lang='lat' dir='ltr'><strong><em>Ciceronis</em></strong></span> <span class='ocrx_word' id='word_1_791' title='bbox 2002 4824 2390 4897; x_wconf 88' lang='lat' dir='ltr'><strong><em>epigramma,</em></strong></span> <span class='ocrx_word' id='word_1_792' title='bbox 2409 4823 2797 4895; x_wconf 89' lang='lat' dir='ltr'><strong><em>pergentique</em></strong></span> <span class='ocrx_word' id='word_1_793' title='bbox 2822 4821 3029 4877; x_wconf 89' lang='lat' dir='ltr'><strong><em>deinde</em></strong></span> <span class='ocrx_word' id='word_1_794' title='bbox 3040 4820 3119 4876; x_wconf 92' lang='lat' dir='ltr'><strong><em>ad</em></strong></span> <span class='ocrx_word' id='word_1_795' title='bbox 3129 4832 3191 4876; x_wconf 90' lang='lat' dir='ltr'><strong><em>se</em></strong></span> <span class='ocrx_word' id='word_1_796' title='bbox 3208 4820 3273 4874; x_wconf 88' lang='lat' dir='ltr'><strong><em>in</em></strong></span> <span class='ocrx_word' id='word_1_797' title='bbox 3291 4816 3643 4876; x_wconf 87' lang='lat' dir='ltr'><strong><em>obviammi-</em></strong></span> 
     </span>
    </p>
   </div>
   <div class='ocr_carea' id='block_1_101' title="bbox 1617 4922 2295 4980">
    <p class='ocr_par' dir='ltr' id='par_1_101' title="bbox 1617 4922 2295 4980">
     <span class='ocr_line' id='line_1_101' title="bbox 1617 4922 2295 4980; baseline -0.003 -2"><span class='ocrx_word' id='word_1_798' title='bbox 1617 4924 1851 4979; x_wconf 70' lang='grc' dir='ltr'><strong><em>νΑῐίΙίΕ</em></strong></span> <span class='ocrx_word' id='word_1_799' title='bbox 1902 4922 2295 4980; x_wconf 84' lang='lat' dir='ltr'><strong><em>LECTIONES.</em></strong></span> 
     </span>
    </p>
   </div>
   <div class='ocr_carea' id='block_1_102' title="bbox 301 5008 3648 5088">
    <p class='ocr_par' dir='ltr' id='par_1_102' title="bbox 301 5008 3648 5088">
     <span class='ocr_line' id='line_1_102' title="bbox 301 5008 3648 5088; baseline 0.001 -22"><span class='ocrx_word' id='word_1_800' title='bbox 301 5008 347 5041; x_wconf 83' lang='grc'>⁷⁷</span> <span class='ocrx_word' id='word_1_801' title='bbox 376 5009 646 5088; x_wconf 81' lang='lat' dir='ltr'><strong><em>Posthac</em></strong></span> <span class='ocrx_word' id='word_1_802' title='bbox 672 5011 736 5067; x_wconf 86' lang='lat' dir='ltr'><strong><em>in</em></strong></span> <span class='ocrx_word' id='word_1_803' title='bbox 760 5018 814 5069; x_wconf 84' lang='grc'><strong><em>1.</em></strong></span> <span class='ocrx_word' id='word_1_804' title='bbox 844 5015 1125 5088; x_wconf 73' lang='lat' dir='ltr'><strong><em>sequitur</em></strong></span> <span class='ocrx_word' id='word_1_805' title='bbox 1162 5017 1349 5088; x_wconf 86' lang='lat' dir='ltr'><strong><em>caput</em></strong></span> <span class='ocrx_word' id='word_1_806' title='bbox 1387 5018 1656 5075; x_wconf 88' lang='lat' dir='ltr'><strong><em>nostrum</em></strong></span> <span class='ocrx_word' id='word_1_807' title='bbox 1711 5023 1798 5088; x_wconf 75' lang='lat'><strong><em>63,</em></strong></span> <span class='ocrx_word' id='word_1_808' title='bbox 1856 5020 2068 5078; x_wconf 87' lang='lat' dir='ltr'><strong><em>deinde</em></strong></span> <span class='ocrx_word' id='word_1_809' title='bbox 2097 5034 2153 5077; x_wconf 94' lang='lat' dir='ltr'><strong><em>c.</em></strong></span> <span class='ocrx_word' id='word_1_810' title='bbox 2189 5023 2258 5074; x_wconf 76' lang='lat'><strong><em>62</em></strong></span> <span class='ocrx_word' id='word_1_811' title='bbox 2308 5019 2438 5075; x_wconf 85' lang='lat' dir='ltr'><strong><em>sine</em></strong></span> <span class='ocrx_word' id='word_1_812' title='bbox 2463 5019 2588 5075; x_wconf 89' lang='lat' dir='ltr'><strong><em>ullo</em></strong></span> <span class='ocrx_word' id='word_1_813' title='bbox 2645 5016 2880 5074; x_wconf 88' lang='lat' dir='ltr'><strong><em>ordinis</em></strong></span> <span class='ocrx_word' id='word_1_814' title='bbox 2907 5014 3185 5072; x_wconf 86' lang='lat' dir='ltr'><strong><em>mutandi</em></strong></span> <span class='ocrx_word' id='word_1_815' title='bbox 3216 5013 3413 5088; x_wconf 80' lang='lat' dir='ltr'><strong><em>signa.</em></strong></span> <span class='ocrx_word' id='word_1_816' title='bbox 3480 5013 3648 5079; x_wconf 76' lang='lat' dir='ltr'><strong><em>Quod</em></strong></span> 
     </span>
    </p>
   </div>
   <div class='ocr_carea' id='block_1_103' title="bbox 231 5082 3648 5168">
    <p class='ocr_par' dir='ltr' id='par_1_103' title="bbox 231 5082 3648 5168">
     <span class='ocr_line' id='line_1_103' title="bbox 231 5082 3648 5168; baseline 0.002 -32"><span class='ocrx_word' id='word_1_817' title='bbox 231 5094 410 5152; x_wconf 76' lang='lat' dir='ltr'><strong><em>quum</em></strong></span> <span class='ocrx_word' id='word_1_818' title='bbox 439 5082 961 5168; x_wconf 47' lang='lat' dir='ltr'><strong><em>aperte&#39;repugnet</em></strong></span> <span class='ocrx_word' id='word_1_819' title='bbox 974 5082 1608 5168; x_wconf 73' lang='lat' dir='ltr'><strong><em>intentioniauctoris,</em></strong></span> <span class='ocrx_word' id='word_1_820' title='bbox 1623 5082 1975 5168; x_wconf 71' lang='lat' dir='ltr'><strong><em>censuimus</em></strong></span> <span class='ocrx_word' id='word_1_821' title='bbox 1994 5092 2197 5168; x_wconf 76' lang='lat' dir='ltr'><strong><em>mutan</em></strong></span> <span class='ocrx_word' id='word_1_822' title='bbox 2207 5090 2371 5168; x_wconf 76' lang='lat' dir='ltr'><strong><em>dum.</em></strong></span> <span class='ocrx_word' id='word_1_823' title='bbox 2393 5089 2611 5168; x_wconf 67' lang='lat' dir='ltr'><strong><em>Auctor</em></strong></span> <span class='ocrx_word' id='word_1_824' title='bbox 2628 5088 2794 5168; x_wconf 76' lang='lat' dir='ltr'><strong><em>enim</em></strong></span> <span class='ocrx_word' id='word_1_825' title='bbox 2811 5100 3192 5168; x_wconf 76' lang='lat' dir='ltr'><strong><em>quacumque</em></strong></span> <span class='ocrx_word' id='word_1_826' title='bbox 3209 5082 3510 5168; x_wconf 68' lang='lat' dir='ltr'><strong><em>occasione</em></strong></span> <span class='ocrx_word' id='word_1_827' title='bbox 3528 5099 3648 5168; x_wconf 74' lang='lat' dir='ltr'><strong><em>ser-</em></strong></span> 
     </span>
    </p>
   </div>
   <div class='ocr_carea' id='block_1_104' title="bbox 229 5153 3644 5233">
    <p class='ocr_par' dir='ltr' id='par_1_104' title="bbox 229 5153 3644 5233">
     <span class='ocr_line' id='line_1_104' title="bbox 229 5153 3644 5233; baseline 0.002 -27"><span class='ocrx_word' id='word_1_828' title='bbox 229 5153 1087 5233; x_wconf 61' lang='lat' dir='ltr'><strong><em>manum_&#39;1.amberti_&#39;ejusdem</em></strong></span> <span class='ocrx_word' id='word_1_829' title='bbox 1108 5158 1349 5233; x_wconf 77' lang='lat' dir='ltr'><strong><em>generis</em></strong></span> <span class='ocrx_word' id='word_1_830' title='bbox 1377 5161 1448 5233; x_wconf 79' lang='lat' dir='ltr'><strong><em>in</em></strong></span> <span class='ocrx_word' id='word_1_831' title='bbox 1473 5153 1724 5218; x_wconf 87' lang='lat' dir='ltr'><strong><em>mentem</em></strong></span> <span class='ocrx_word' id='word_1_832' title='bbox 1752 5162 1872 5233; x_wconf 87' lang='lat' dir='ltr'><strong><em>ipsi</em></strong></span> <span class='ocrx_word' id='word_1_833' title='bbox 1900 5162 2212 5230; x_wconf 88' lang='lat' dir='ltr'><strong><em>venerunt,</em></strong></span> <span class='ocrx_word' id='word_1_834' title='bbox 2246 5160 2353 5233; x_wconf 86' lang='lat' dir='ltr'><strong><em>hoc</em></strong></span> <span class='ocrx_word' id='word_1_835' title='bbox 2384 5162 2502 5233; x_wconf 87' lang='lat' dir='ltr'><strong><em>loco</em></strong></span> <span class='ocrx_word' id='word_1_836' title='bbox 2533 5153 3021 5233; x_wconf 77' lang='lat' dir='ltr'><strong><em>inmembranam</em></strong></span> <span class='ocrx_word' id='word_1_837' title='bbox 3039 5153 3360 5233; x_wconf 74' lang='lat' dir='ltr'><strong><em>conjecisse</em></strong></span> <span class='ocrx_word' id='word_1_838' title='bbox 3386 5156 3644 5233; x_wconf 73' lang='lat' dir='ltr'><strong><em>videtur,</em></strong></span> 
     </span>
    </p>
   </div>
   <div class='ocr_carea' id='block_1_105' title="bbox 230 5222 1093 5286">
    <p class='ocr_par' dir='ltr' id='par_1_105' title="bbox 230 5222 1093 5286">
     <span class='ocr_line' id='line_1_105' title="bbox 230 5222 1093 5286; baseline 0.01 -9"><span class='ocrx_word' id='word_1_839' title='bbox 230 5222 329 5278; x_wconf 83' lang='lat' dir='ltr'><strong><em>vel</em></strong></span> <span class='ocrx_word' id='word_1_840' title='bbox 347 5222 553 5286; x_wconf 85' lang='lat' dir='ltr'><strong><em>pvtius</em></strong></span> <span class='ocrx_word' id='word_1_841' title='bbox 580 5225 648 5282; x_wconf 92' lang='lat' dir='ltr'><strong><em>in</em></strong></span> <span class='ocrx_word' id='word_1_842' title='bbox 676 5222 920 5285; x_wconf 66' lang='lat' dir='ltr'><strong><em>sceduTla</em></strong></span> <span class='ocrx_word' id='word_1_843' title='bbox 950 5242 1093 5286; x_wconf 74' lang='lat' dir='ltr'><strong><em>asxu</em></strong></span> 
     </span>
    </p>
   </div>
   <div class='ocr_carea' id='block_1_106' title="bbox 229 5295 1106 5370">
    <p class='ocr_par' dir='ltr' id='par_1_106' title="bbox 229 5295 1106 5370">
     <span class='ocr_line' id='line_1_106' title="bbox 229 5295 1106 5370; baseline 0.01 -22"><span class='ocrx_word' id='word_1_844' title='bbox 229 5295 435 5370; x_wconf 77' lang='lat' dir='ltr'><strong><em>posto.</em></strong></span> <span class='ocrx_word' id='word_1_845' title='bbox 472 5298 569 5370; x_wconf 87' lang='lat'><strong><em>63_._</em></strong></span> <span class='ocrx_word' id='word_1_846' title='bbox 620 5295 685 5370; x_wconf 72' lang='lat'><strong><em>_&#39;_’°</em></strong></span> <span class='ocrx_word' id='word_1_847' title='bbox 707 5297 999 5370; x_wconf 84' lang='lat' dir='ltr'><strong><em>Hannibal</em></strong></span> <span class='ocrx_word' id='word_1_848' title='bbox 1032 5300 1106 5370; x_wconf 67' lang='grc' dir='ltr'><strong><em>Γ,</em></strong></span> 
     </span>
    </p>
   </div>
   <div class='ocr_carea' id='block_1_107' title="bbox 237 5365 861 5427">
    <p class='ocr_par' dir='ltr' id='par_1_107' title="bbox 237 5365 861 5427">
     <span class='ocr_line' id='line_1_107' title="bbox 237 5365 861 5427; baseline 0.011 -7"><span class='ocrx_word' id='word_1_849' title='bbox 237 5369 328 5420; x_wconf 73' lang='lat' dir='ltr'><strong><em>rat</em></strong></span> <span class='ocrx_word' id='word_1_850' title='bbox 362 5366 441 5421; x_wconf 70' lang='grc' dir='ltr'><strong>Γ.</strong></span> <span class='ocrx_word' id='word_1_851' title='bbox 524 5365 570 5400; x_wconf 77' lang='grc'>⁸⁸</span> <span class='ocrx_word' id='word_1_852' title='bbox 599 5367 747 5426; x_wconf 82' lang='lat' dir='ltr'><strong><em>dixit</em></strong></span> <span class='ocrx_word' id='word_1_853' title='bbox 776 5371 861 5427; x_wconf 74' lang='lat'><strong><em>1‘.</em></strong></span> 
     </span>
    </p>
   </div>
   <div class='ocr_carea' id='block_1_108' title="bbox 1175 5226 3652 5312">
    <p class='ocr_par' dir='ltr' id='par_1_108' title="bbox 1175 5226 3652 5312">
     <span class='ocr_line' id='line_1_108' title="bbox 1175 5226 3652 5312; baseline -0.001 -25"><span class='ocrx_word' id='word_1_854' title='bbox 1175 5230 1548 5312; x_wconf 57' lang='lat' dir='ltr'><strong><em>postiizodum</em></strong></span> <span class='ocrx_word' id='word_1_855' title='bbox 1578 5226 1981 5312; x_wconf 61' lang='lat' dir='ltr'><strong><em>supplevisse;</em></strong></span> <span class='ocrx_word' id='word_1_856' title='bbox 2006 5246 2187 5312; x_wconf 82' lang='lat' dir='ltr'><strong><em>quam</em></strong></span> <span class='ocrx_word' id='word_1_857' title='bbox 2198 5226 2522 5312; x_wconf 25' lang='lat' dir='ltr'><strong><em>&#39;sceduitam&#39;</em></strong></span> <span class='ocrx_word' id='word_1_858' title='bbox 2543 5229 2837 5312; x_wconf 69' lang='lat' dir='ltr'><strong><em>librarius</em></strong></span> <span class='ocrx_word' id='word_1_859' title='bbox 2866 5231 2929 5312; x_wconf 84' lang='lat' dir='ltr'><strong><em>in</em></strong></span> <span class='ocrx_word' id='word_1_860' title='bbox 2953 5236 3009 5312; x_wconf 37' lang='lat'><strong><em>1‘.</em></strong></span> <span class='ocrx_word' id='word_1_861' title='bbox 3028 5226 3224 5312; x_wconf 70' lang='lat' dir='ltr'><strong><em>inepto</em></strong></span> <span class='ocrx_word' id='word_1_862' title='bbox 3244 5230 3363 5312; x_wconf 60' lang='lat' dir='ltr'><strong><em>loco</em></strong></span> <span class='ocrx_word' id='word_1_863' title='bbox 3389 5226 3652 5288; x_wconf 87' lang='lat' dir='ltr'><strong><em>inseruit</em></strong></span> 
     </span>
    </p>
   </div>
   <div class='ocr_carea' id='block_1_109' title="bbox 1218 5299 3212 5361">
    <p class='ocr_par' dir='ltr' id='par_1_109' title="bbox 1218 5299 3212 5361">
     <span class='ocr_line' id='line_1_109' title="bbox 1218 5299 3212 5361; baseline -0.001 -5"><span class='ocrx_word' id='word_1_864' title='bbox 1218 5300 1264 5333; x_wconf 77' lang='grc'><strong><em>⁷³</em></strong></span> <span class='ocrx_word' id='word_1_865' title='bbox 1298 5301 1408 5358; x_wconf 79' lang='lat' dir='ltr'><strong><em>fert.</em></strong></span> <span class='ocrx_word' id='word_1_866' title='bbox 1438 5299 1665 5361; x_wconf 53' lang='lat' dir='ltr'><strong><em>Macrf</em></strong></span> <span class='ocrx_word' id='word_1_867' title='bbox 1688 5299 1704 5305; x_wconf 77' lang='grc'><em>’</em></span> <span class='ocrx_word' id='word_1_868' title='bbox 1729 5303 1775 5336; x_wconf 77' lang='grc' dir='ltr'><strong><em>⁸ο</em></strong></span> <span class='ocrx_word' id='word_1_869' title='bbox 1803 5299 2065 5361; x_wconf 67' lang='grc' dir='ltr'><strong><em>νεῐίόυῑῐι</em></strong></span> <span class='ocrx_word' id='word_1_870' title='bbox 2101 5304 2174 5359; x_wconf 77' lang='lat'><strong><em>1‘.</em></strong></span> <span class='ocrx_word' id='word_1_871' title='bbox 2208 5302 2422 5360; x_wconf 78' lang='lat' dir='ltr'><strong><em>Vatinii</em></strong></span> <span class='ocrx_word' id='word_1_872' title='bbox 2452 5300 2647 5361; x_wconf 87' lang='lat' dir='ltr'><strong><em>Macr.</em></strong></span> <span class='ocrx_word' id='word_1_873' title='bbox 2732 5299 2778 5336; x_wconf 68' lang='lat'><strong><em>&#39;1</em></strong></span> <span class='ocrx_word' id='word_1_874' title='bbox 2805 5304 3100 5358; x_wconf 76' lang='lat' dir='ltr'><strong><em>ostentum</em></strong></span> <span class='ocrx_word' id='word_1_875' title='bbox 3123 5299 3212 5358; x_wconf 88' lang='lat' dir='ltr'><strong><em>M.</em></strong></span> 
     </span>
    </p>
   </div>
   <div class='ocr_carea' id='block_1_110' title="bbox 3296 5299 3649 5374">
    <p class='ocr_par' dir='ltr' id='par_1_110' title="bbox 3296 5299 3649 5374">
     <span class='ocr_line' id='line_1_110' title="bbox 3296 5299 3649 5374; baseline 0.003 -18"><span class='ocrx_word' id='word_1_876' title='bbox 3296 5299 3339 5334; x_wconf 78' lang='lat'><strong>&quot;</strong></span> <span class='ocrx_word' id='word_1_877' title='bbox 3370 5313 3649 5374; x_wconf 77' lang='lat' dir='ltr'><strong><em>provene-</em></strong></span> 
     </span>
    </p>
   </div>
   <div class='ocr_carea' id='block_1_111' title="bbox 314 5444 2431 5591">
    <p class='ocr_par' dir='ltr' id='par_1_111' title="bbox 314 5444 2431 5591">
     <span class='ocr_line' id='line_1_111' title="bbox 314 5444 2431 5591; baseline -0.001 -19"><span class='ocrx_word' id='word_1_878' title='bbox 314 5516 465 5591; x_wconf 86' lang='grc'>(139)</span> <span class='ocrx_word' id='word_1_879' title='bbox 496 5515 615 5575; x_wconf 86' lang='lat' dir='ltr'><strong><em>Hoc</em></strong></span> <span class='ocrx_word' id='word_1_880' title='bbox 646 5513 799 5573; x_wconf 87' lang='lat' dir='ltr'><strong><em>unde</em></strong></span> <span class='ocrx_word' id='word_1_881' title='bbox 826 5514 1090 5574; x_wconf 75' lang='lat' dir='ltr'><strong><em>hauserit</em></strong></span> <span class='ocrx_word' id='word_1_882' title='bbox 1121 5513 1335 5589; x_wconf 83' lang='lat' dir='ltr'><strong><em>nescio,</em></strong></span> <span class='ocrx_word' id='word_1_883' title='bbox 1369 5521 1428 5573; x_wconf 79' lang='lat' dir='ltr'><strong><em>et</em></strong></span> <span class='ocrx_word' id='word_1_884' title='bbox 1458 5516 1506 5573; x_wconf 89' lang='lat' dir='ltr'><strong><em>si</em></strong></span> <span class='ocrx_word' id='word_1_885' title='bbox 1536 5515 1673 5574; x_wconf 89' lang='lat' dir='ltr'><strong><em>olim</em></strong></span> <span class='ocrx_word' id='word_1_886' title='bbox 1705 5530 1794 5573; x_wconf 89' lang='lat' dir='ltr'><strong><em>me</em></strong></span> <span class='ocrx_word' id='word_1_887' title='bbox 1814 5444 2141 5587; x_wconf 41' lang='lat'><strong><em>123338”</em></strong></span> <span class='ocrx_word' id='word_1_888' title='bbox 2172 5514 2431 5572; x_wconf 88' lang='lat' dir='ltr'><strong><em>memini.</em></strong></span> 
     </span>
    </p>
   </div>
  </div>
