3948 6070
377 184 534 273 {sos

1348 196 1829 268 CHRONICON
1871 194 1942 261 S.
1988 193 2355 261 HUBERTI
2394 194 2790 262 ANDAGIN.

3627 193 3771 261 1404

372 359 755 421 sitG'raeulo.
771 357 890 418 Ille
902 357 1144 431 legendo
1156 356 1409 416 laudare
1420 358 1479 416 et
1504 356 1727 415 mirari
1749 356 1870 413 tam
1880 369 1931 412 υ(

2079 334 2103 393 L
2137 354 2162 382 σι
2192 333 2325 431 Non
2338 334 2598 405 possunt
2590 331 2808 431 primi,
2829 344 2955 391 esse
2977 342 3174 431 omne!
3200 329 3374 431 omni.
3389 331 3638 416 uespere

371 466 552 525 quam
574 450 765 517 vultu,
792 463 1041 519 cumque
1063 448 1264 506 Caesar
1285 447 1632 505 accessisset
1666 446 1748 502 ad
1788 445 2012 512 sellam,

376 540 685 599 Graeculus
707 539 965 596 demissa
984 552 1172 596 manu
1187 540 1250 593 in
1252 551 1579 610 pauperem
1585 536 1855 608 fundam
1869 548 2018 605 pau-

369 645 464 687 cos
487 629 767 686 denarios
778 628 1045 700 protulit
1061 641 1208 698 quos
1236 626 1506 698 principi
1547 626 1737 686 daret.
1771 625 2008 682 dicens:

372 739 400 770 α
424 722 556 779 Non
578 718 895 777 secundum
904 717 1149 790 factum
1180 724 1344 773 tuum
1366 717 1537 783 (140),
1564 714 1841 786 Auguste,
1867 713 2017 784 quia

368 811 424 867 si
432 810 574 879 plus
589 807 884 875 haberem,
900 808 1038 877 plus
1056 806 1277 862 darem.
1305 828 1330 853 ι
1358 806 1572 863 Secuto
1588 804 1846 860 omnium
1856 803 2010 872 risu,

371 896 839 967 dispensatorem
889 894 1089 952 C’asar
1109 894 1356 959 vocavit,
1394 894 1453 949 et
1475 893 1755 951 sestertia
1784 893 2015 949 centum

368 986 546 1043 milia
572 983 838 1042 Graculo
851 985 1162 1041 numerari
1175 982 1383 1054 jussit.
1424 1014 1489 1023 —
1539 984 1860 1038 Veteranus
1883 982 2015 1053 qui-

372 1070 510 1131 dam
522 1089 651 1130 cum
666 1075 762 1130 die
776 1073 907 1130 indi
918 1074 1001 1128 "to
1013 1072 1132 1130 sibi
1142 1071 1572 1142 respondendij
1576 1071 1706 1127 uris
1708 1071 2017 1142 periclita-

370 1164 555 1219 retur.
584 1164 835 1221 accessit
863 1162 929 1219 in
942 1161 1272 1233 publicoad
1309 1160 1621 1229 C'asarem,
1661 1159 2016 1230 rogavitque

368 1252 442 1308 ut
462 1250 582 1309 sibi
621 1251 871 1309 adesset.
907 1250 1025 1308 Ille
1043 1250 1389 1307 advocatum
1428 1263 1601 1319 quem
1627 1262 1702 1305 ea:
1731 1247 2017 1305 comitatu

369 1354 475 1397 suo
490 1340 825 1412 eligendum
836 1341 1182 1411 putaverat,
1200 1341 1331 1395 sine
1350 1353 1513 1395 mora
1536 1338 1718 1406 dedit,
1736 1351 2017 1395 commen-

372 1430 657 1501 davitque
669 1429 722 1485 ei
745 1428 1130 1496 litigatorem.
1150 1428 1543 1485 Exclamavit
1574 1425 1865 1498 ingenti“
1883 1439 2018 1483 voce

293 1586 304 1597 .
369 1518 727 1575 veteranus:
757 1538 784 1569 α
806 1518 1019 1575 Atnon
1058 1531 1179 1587 ego,
1218 1516 1437 1584 Caesar,
1462 1516 1515 1571 te
1548 1515 1934 1587 periclitante
1951 1516 2019 1572 in

370 1608 612 1665 Actiaco
628 1607 775 1664 bello
791 1606 1090 1664 vicarium
1103 1606 1376 1676 quasivi,
1393 1606 1606 1675 sedpro
1621 1606 1673 1661 te
1675 1606 1973 1676 pugnavi;
1986 1627 2012 1652 ι

2200 403 2512 476 Summum
2542 403 2630 463 ad
2645 405 2909 476 gradum
2935 418 3068 462 cum
3095 403 3408 476 claritatis
3434 403 3687 476 veneris,

2205 475 2503 548 Consistes
2522 475 2693 548 agre,
2726 477 2783 532 et
2801 477 2983 533 citius
3004 490 3184 548 quam
3208 475 3309 548 des
3319 475 3527 532 "sudas
3550 475 3772 548 decide:

2203 547 2405 605 (Jecidi
2428 562 2548 616 ego,
2569 546 2751 605 cadet
2770 549 2877 616 qui
2898 560 2997 616 seq
3008 546 3195 616 uitur,
3228 547 3365 604 laus
3394 548 3487 603 est
3504 546 3766 616 publica.

2195 618 2561 689 Bene/icium
2596 618 2793 675 dando
2820 618 3050 687 accipit
3071 618 3177 689 qui
3210 617 3389 688 digno
3418 617 3607 674 dedit.

2196 687 2400 761 Feras,
2434 705 2552 746 non
2580 691 2796 761 culpes,
2825 690 3055 744 mutari
3070 687 3131 761 7⁵³
3160 687 3319 761 quod
3345 702 3462 761 non
3482 689 3698 758 potest.

2202 759 2316 832 Cui
2327 762 2472 832 plus
2495 761 2639 817 licet
2653 759 2834 828 quam
2849 775 2966 832 par
2988 760 3095 829 est,
3107 759 3252 831 plus
3272 760 3406 832 vult
3421 774 3606 832 quam
3626 760 3769 817 licet.

2202 830 2399 889 Comes
2412 832 2729 902 facundus
2756 831 2823 886 in
2849 831 2953 887 via
2969 845 3083 902 pro
3107 830 3367 902 vehiculo
3393 830 3496 888 est.

2196 900 2554 971 Frugalitas
2581 903 2832 960 miseria
2864 903 2953 959 est
2970 900 3238 957 rumoris
3272 900 3423 957 boni.

2194 973 2453 1030 Heredis
2480 973 2524 1006 “
2564 974 2751 1044 ﬂetus
2779 972 2887 1044 sub
2911 986 3169 1044 persona
3194 972 3362 1029 risus
3391 972 3495 1028 est.

2197 1045 2389 1101 Furor
2416 1045 2503 1116 ﬁt
2528 1043 2670 1103 laesa
2697 1043 3270 1172 sapjzsnpggientia.

2853 1129 3087 1170 mnrooe

2196 1185 2533 1256 Neptunum
2579 1130 3250 1257 accusatlgziooiterum
3294 1183 3339 1218 ”
3383 1182 3779 1328 naua-legium

2196 1326 2469 1383 Nimium
2499 1327 2846 1385 altercando
2873 1326 3101 1384 veritas
3130 1326 3464 1383 amittitur.

2204 1399 2365 1471 Pars
2396 1398 2664 1471 bene/icit
2694 1399 2969 1471 estquod
2990 1397 3220 1471 petitur
3246 1398 3443 1471 sicito
3464 1410 3671 1471 neges:

2203 1469 2307 1525 Ita
2325 1471 2586 1527 amicum
2606 1467 2835 1527 habeas
2846 1467 3015 1541 posse
3041 1469 3115 1525 ut
3126 1469 3275 1541 ﬁeri
3295 1470 3613 1541 inimicum
3624 1467 3779 1541 hunc

2218 1610 2472 1667 Veterem
2488 1610 2747 1682 ferendo
2772 1609 3298 1682 injuriaminvites
3326 1539 3712 1666 nominaut“.

370 1695 712 1767 detexitque
746 1696 1069 1765 impressas
1091 1694 1420 1763 cicatrices,
1435 1694 1507 1750 'et
1523 1694 1764 1750 erubuit
1795 1693 2014 1763 Caesar,
2048 1689 2104 1752 Β
2206 1681 2536 1767 Numnam
2550 1681 2894 1767 periculum
2921 1683 3052 1767 sine
3076 1682 3341 1767 pericula
3369 1682 3661 1767 vincitur

370 1785 647 1855 venitque
691 1785 756 1840 in
796 1784 1261 1852 advocationem,
1305 1783 1379 1839 ut
1411 1782 1519 1852 qui
1556 1782 1870 1839 verebatur
1904 1796 2023 1838 non

370 1872 603 1928 tantum
621 1870 909 1941 superbus
929 1871 1034 1928 sed
1055 1872 1229 1928 etiam
1249 1871 1532 1941 ingratus
1553 1871 1612 1926 vi
1619 1871 1748 1926 deri
1774 1888 1787 1935 ;
1814 1869 1877 1925 in
1901 1883 2026 1926 ma-

367 1960 539 2017 :vima
555 1960 713 2016 enim
722 1960 996 2031 potentia
1015 1961 1271 2017 minima
1307 1959 1351 1992 ⁸⁸
1373 1959 1542 2015 debet
1581 1973 1704 2016 esse
1742 1958 2014 2025 licentia,

366 2048 518 2119 quia
540 2048 698 2118 quod
718 2049 881 2119 apud
898 2049 1154 2105 minores
1172 2049 1490 2119 reputatur
1490 2062 1605 2119 pro
1625 2047 2020 2119 negligentia,

367 2138 531 2209 apud
546 2138 811 2208 potentes
833 2137 1199 2209 habeturpro
1210 2136 1493 2208 superbia
1530 2168 1591 2176 —
1616 2136 1843 2204 (Maem,
1864 2152 1923 2206 n,
1942 2138 2020 2208 7.)

369 2226 685 2285 Laberium
731 2226 1028 2296 quendam
1068 2240 1292 2297 aspera
1341 2225 1644 2283 libertatis
1692 2227 2022 2281 Romanum

370 2315 627 2373 militem
645 2314 845 2373 Cessar
867 2315 1217 2386 quingentis
1235 2316 1320 2372 mi
1329 2314 1483 2371 libus
1498 2313 1786 2370 invitavit
1805 2315 1874 2369 ut
1882 2327 2023 2385 pro-

370 2412 607 2471 diretin
628 2426 864 2471 scenam
892 2410 937 2445 ⁸⁸
975 2412 1033 2468 et
1069 2412 1274 2484 ageret
1318 2411 1527 2468 mimos
1547 2410 1592 2444 ⁸⁷
1632 2425 1781 2482 quos
1813 2412 2021 2468 contra

369 2502 526 2560 alios
544 2501 943 2573 scriptitando
958 2501 1273 2557 devotabat
1289 2499 1351 2554 ⁸⁸.
1379 2500 1504 2557 Sed
1517 2501 1777 2571 potestas
1798 2515 1914 2556 non
1934 2513 2021 2557 so-

370 2587 493 2645 lum
514 2589 570 2645 si
590 2587 830 2655 invitet,
872 2588 977 2645 sed
997 2588 1179 2644 etiam
1200 2589 1257 2645 si
1296 2588 1607 2658 supplicet,
1633 2588 1831 2658 cogit;
1865 2587 2022 2644 unde

368 2669 426 2724 et
448 2668 736 2725 Laberius
766 2682 804 2725 a
837 2668 1071 2725 Casare
1099 2681 1161 2725 se
1190 2668 1455 2725 coactum
1490 2669 1739 2725 testatus
1761 2666 1805 2700 ”
1825 2668 1914 2725 sic
1931 2682 2021 2724 re-

260 2774 265 2781 '
366 2755 635 2827 spondit:
667 2756 1047 2813 «Necessitas
1069 2758 1245 2826 cujus
1264 2770 1473 2812 cursus
1493 2755 1821 2814 transversi
1842 2758 2021 2826 impe-

369 2844 495 2900 tum
507 2859 572 2899 vo
581 2844 821 2901 luerunt
828 2845 1008 2901 multi
1020 2858 1050 2899 e
1043 2843 1297 2915 fugere,
1300 2845 1483 2914 pauci
1482 2845 1591 2915 pot
1603 2844 1825 2900 uerunt.
1841 2845 2022 2911 Quem

366 2932 540 2990 nulla
557 2932 824 3002 ambitio,
843 2932 1017 2989 nulla
1034 2946 1301 3003 unquam
1318 2932 1565 3002 largitio
1580 2947 1811 2989 movere
1821 2933 2026 3005 potuit

368 3021 436 3080 in
441 3022 698 3094 juventa
715 3023 786 3079 de
801 3022 967 3079 statu
977 3021 1022 3054 9°
1034 3023 1157 3080 viri
1174 3023 1537 3090 excellentis,
1551 3022 1742 3079 mente
1758 3022 2022 3080 demente

368 3111 603 3169 concita
626 3110 656 3167 b
672 3112 717 3170 ‘s
738 3112 991 3182 trigenis
1014 3114 1193 3169 annis
1214 3111 1367 3169 artis
1387 3113 1518 3168 sine
1536 3112 1678 3169 nota
1698 3112 1873 3169 hodie
1885 3112 2021 3184 for-

371 3199 517 3256 tuna
538 3200 931 3256 immoderata
950 3200 1014 3255 in
1034 3198 1171 3256 bono
1185 3203 1366 3270 atque
1382 3200 1723 3272 malo/toris
1743 3214 2023 3258 cacumen

368 3287 584 3344 nostra:
588 3287 782 3360 fama
784 3288 1105 3358 frangere,
1123 3287 1551 3348 etsa/is/‘arere
1562 3292 1775 3360 populo
1796 3302 1912 3345 non
1930 3302 2023 3344 me

372 3375 577 3432 deicit.
615 3376 712 3431 Ita
734 3389 827 3432 me
845 3376 1110 3433 vetustas
1137 3390 1429 3433 annorum
1448 3377 1519 3433 ut
1536 3377 1757 3434 hedera
1785 3390 2022 3448 serpens

366 3463 527 3522 vires
549 3464 827 3523 arboreas
848 3465 1037 3522 necat.
1057 3487 1083 3512 ι
1106 3467 1178 3521 In
1197 3464 1331 3536 ipsa
1354 3465 1553 3521 autem
1572 3466 1803 3523 actione
1821 3464 2022 3523 subin-

369 3552 440 3609 de
459 3567 574 3623 quo
583 3554 826 3624 poterat
843 3553 1056 3611 habitu
1072 3553 1233 3610 velut
1236 3554 1466 3625 flagris
1481 3567 1663 3611 casus
1676 3554 2023 3624 praeripien-

370 3642 536 3711 tique
572 3654 635 3699 se
663 3640 707 3674 ’ί
733 3642 960 3699 similis
1000 3641 1377 3699 exc'amabat
1413 3656 1588 3713 super
1626 3643 1865 3700 inducto
1903 3643 2023 3701 sibi

368 3729 855 3800 quodamjuvene
872 3730 1029 3800 Syro
1050 3730 1285 3786 nomine
1309 3729 1565 3787 Publio:
1591 3754 1616 3780 α
1641 3731 1846 3798 Porro,
1886 3731 2024 3797 Qui-

367 3796 539 3887 rites,
570 3796 798 3891 inquit,
834 3796 1170 3876 libertatem
1193 3818 1568 3890 perdimus,»
1605 3821 1663 3877 et
1682 3796 1869 3891 paulo
1894 3796 2049 3891 post‘

366 3905 643 3975 protenso
684 3905 881 3976 digito
909 3906 1048 3963 ante
1094 3907 1388 3964 Casarem
1437 3907 1775 3965 discurrens
1803 3908 2026 3966 adicie-

373 3992 443 4051 ba
451 3994 503 4051 t:
522 4016 547 4043 α
564 3995 809 4052 Necesse
820 3995 1016 4053 estmu
1024 3995 1135 4053 ltos
1148 3995 1252 4051 tim
1260 4010 1327 4052 ea
1335 3998 1537 4066 tquem
1554 3996 1733 4054 multi
1749 3996 1974 4054 timent.
1992 4018 2018 4047 ι»

377 4092 498 4158 Quo
525 4093 682 4151 dicto
705 4094 975 4151 universi
996 4094 1191 4151 oculos
1212 4094 1269 4150 et
1287 4107 1393 4151 ora
1413 4094 1495 4150 ad
1512 4093 1700 4151 solum
1734 4094 2027 4153 C’eesarem

372 4190 734 4258 convertunt,
764 4191 1041 4247 notantes
1070 4189 1480 4261 impotentiam
1507 4192 1639 4263 ejus
1666 4191 1781 4249 hac
1807 4191 2027 4250 dicaci-

373 4278 496 4335 tate
519 4277 688 4349 lapid
706 4278 876 4335 (tam.
912 4278 1114 4337 Cresar
1136 4279 1333 4335 tamen
1336 4279 1619 4350 furorem
1640 4280 1705 4336 in
1719 4279 2027 4351 publicum

2208 1754 2591 1826 Nihilmagis
2606 1752 2744 1810 duci
2756 1754 3066 1812 convenire
3076 1766 3261 1825 quam
3273 1753 3344 1809 de
3355 1752 3781 1893 οτηπὶὺῇξῖῃὶ-

3709 1866 3722 1877 ,
3750 1844 3776 1873 ι

3709 1866 3722 1877 .
3750 1844 3776 1873 δ

2205 1917 2291 1969 63.
2342 1912 2491 1983 (75.)
2524 1912 2645 1968 Illis
2683 1916 2739 1968 et
2786 1911 3117 1983 bujusmodi
3169 1909 3395 1968 salibus
3436 1910 3619 1968 abbas
3668 1912 3777 1981 jam

2136 2000 2376 2079 pronior
2400 2000 2471 2057 ad
2494 2000 2742 2071 gratiam
2767 2001 2973 2071 factus,
3001 1999 3307 2071 requisivit.
3331 1999 3621 2056 secretius
3653 2015 3775 2071 quae

2137 2091 2311 2147 fuerit
2344 2104 2516 2146 causa
2545 2104 2747 2146 eorum
2782 2089 2851 2145 ad
2887 2103 2949 2146 se
2990 2089 3295 2147 adventus.
3328 2090 3402 2144 At
3433 2087 3520 2143 illi
3549 2104 3780 2160 aperue-

2135 2184 2269 2237 runt
2295 2179 2446 2251 quod
2476 2179 2763 2236 habebant
2786 2179 2840 2234 in
2872 2178 3163 2234 mandatis
3184 2177 3491 2234 consilium
3523 2177 3777 2249 episcopi

2132 2268 2395 2338 etducis,
2411 2282 2478 2323 ex
2489 2266 2940 2339 postulationem
2963 2279 3193 2337 quoque
3211 2263 3479 2322 ecclesiae
3500 2264 3654 2321 beati
3675 2267 3779 2321 ﬂu-

2134 2357 2286 2414 berti
2314 2372 2417 2428 pro
2444 2356 2758 2413 mutuanda
2790 2354 2903 2411 sibi
2937 2354 3192 2411 ecclesia
3228 2353 3645 2411 Caviniasensi.
3677 2355 3774 2409 Re-

2133 2445 2401 2517 quirente
2434 2459 2570 2499 vero
2622 2443 2832 2499 abbate
2886 2458 3054 2514 quam
3109 2441 3579 2499 vicissitudinem
3611 2442 3776 2513 hujus

2131 2533 2474 2590 mutationis
2502 2533 2859 2603 conferrent,
2890 2532 3319 2604 responderunt
3353 2531 3438 2588 illi
3470 2531 3773 2589 ecclesiam

2132 2622 2404 2679 videlicet
2432 2621 2835 2679 Melsinensem
2869 2620 3017 2692 (141)
3068 2636 3200 2678 cum
3232 2636 3348 2677 uno
3378 2635 3586 2677 manso
3607 2625 3779 2678 terrae

2133 2711 2188 2767 in
2218 2710 2466 2768 conﬁnio
2512 2710 2798 2780 Vilantiaa,
2831 2725 2960 2781 quae
2996 2725 3100 2781 pro
3132 2709 3250 2767 situ
3300 2710 3615 2782 positionis
3647 2714 3771 2767 erat

2130 2799 2487 2856 commodior
2516 2799 2785 2856 ecclesiae
2815 2798 3136 2855 Prnmiensi
3162 2798 3330 2869 (142),
3357 2798 3509 2855 sicut
3532 2802 3593 2854 et
3618 2798 3783 2855 Cavi-

2132 2887 2421 2945 niaccnsis
2461 2888 2607 2943 foret
2637 2887 2841 2943 utilior
2861 2887 3131 2944 ecclesia:
3149 2885 3581 2943 beatiﬁuberti.
3610 2886 3788 2953 ρυε-

2130 2976 2338 3033 slionis
2362 2975 2533 3046 hujus
2554 2976 2849 3045 negotium
2875 2990 3004 3032 cum
3029 2975 3331 3034 retulisset
3365 2974 3545 3032 abbas
3577 2975 3653 3032 ad
3688 2990 3782 3032 au-

2052 3048 2101 3110 C
2131 3065 2406 3122 dientiam
2441 3069 2501 3121 ct
2549 3065 2859 3122 consilium
2914 3064 3179 3134 fratrum,
3229 3064 3518 3121 communi
3571 3079 3775 3122 eorum

2131 3152 2421 3211 sententia
2447 3153 2712 3209 decrevit
2745 3153 2897 3224 quod
2922 3153 3298 3223 qnaerebatur
3317 3152 3778 3210 concedendum.

2131 3245 2200 3300 Ut
2235 3257 2375 3312 ergo
2410 3242 2490 3297 rei
2518 3240 2860 3298 dimnitione
2891 3242 3109 3311 legatio
3134 3246 3258 3298 rata
3289 3246 3617 3312 constaret,
3652 3257 3783 3298 con-

2133 3332 2287 3388 dicta
2320 3335 2411 3387 est
2445 3330 2570 3387 dies
2601 3346 2709 3401 qua
2737 3330 3042 3401 utriusque
3065 3329 3331 3388 ecclesiae
3376 3332 3627 3388 abbates
3655 3346 3780 3388 cum

2132 3420 2435 3477 advocatis
2456 3420 2577 3476 suis
2591 3419 2661 3475 ad
2690 3435 2816 3476 eam
2833 3419 3334 3476 detorminandam
3354 3426 3412 3476 et
3438 3420 3785 3478 confirman-

2132 3509 2259 3565 dam
2286 3509 2686 3566 convenirent.
2725 3510 2955 3565 Statuta
2991 3508 3084 3565 die
3116 3510 3235 3565 dux
3259 3509 3615 3566 Godetridus
3653 3524 3783 3566 eum

2131 3598 2483 3654 Theoderico
2507 3597 2717 3653 abbate
2748 3598 3039 3653 Prumiam
3072 3597 3254 3668 venit,
3294 3603 3356 3653 et
3395 3603 3682 3655 evocatus
3712 3598 3784 3654 ab

2133 3686 2344 3744 abbate
2406 3685 2739 3743 Wulfranno
2780 3700 2976 3742 comes
3036 3684 3522 3758 Bertoldus(163)
3547 3686 3783 3751 adfuit;

2136 3775 2336 3845 sicque
2370 3774 2423 3831 in
2453 3772 2682 3845 publica
2720 3774 3048 3845 przesentia,
3070 3778 3128 3830 et
3161 3774 3449 3831 communi
3494 3788 3787 3831 consensu

2137 3864 2402 3932 fratrum,
2440 3862 2751 3919 multorum
2785 3877 3020 3933 quoque
3052 3863 3217 3932 regni
3266 3863 3616 3935 optimatum
3657 3878 3787 3920 cum

2138 3950 2432 4024 praedictis
2462 3950 2823 4024 principibus
2853 3950 3260 4021 collectorum,
3287 3952 3563 4008 traducta
3624 3950 3673 3985 ⁸⁸
3730 3956 3785 4007 et

2137 4040 2485 4097 manumissa
2511 4040 2611 4097 sed
2639 4045 2699 4096 et
2730 4039 3088 4111 adstipulata
3119 4045 3210 4098 est
3239 4040 3512 4111 legaliter
3540 4056 3651 4112 per
3673 4055 3790 4097 ma-

2137 4145 2247 4187 nus
2276 4128 2551 4186 abbatum
2575 4133 2635 4185 et
2663 4129 3083 4187 advocatorum
3107 4130 3542 4187 conditiointer
3573 4133 3795 4186 utram-

2139 4233 2251 4291 que
2279 4218 2585 4275 ecclesiam
2615 4217 2911 4291 praedictae
2926 4218 3425 4291 commutationis,
3449 4232 3603 4274 anno
3628 4222 3788 4291 1083.

2208 4293 2302 4346 6t.
2351 4291 2488 4359 (76.)
2560 4290 2823 4359 Rogerus
2874 4289 3264 4360 Maceriensis,
3318 4289 3553 4345 vivente
3601 4290 3793 4347 adhuc

371 4368 558 4424 vertit
555 4367 856 4440 favorem,
866 4368 1142 4439 palmam
1156 4366 1374 4423 Publio
1392 4368 1452 4423 et
1464 4368 1757 4425 annulum
1777 4381 1930 4426 aure

2229 4394 2350 4435 mno
2376 4377 2733 4435 Theoderico
2767 4378 2980 4435 abbate
3031 4378 3270 4449 majore,
3324 4392 3621 4435 consensu
3678 4377 3788 4433 ﬁlii

374 4464 602 4522 donans
639 4464 912 4522 Laberio.
962 4466 1121 4523 Tunc
1149 4464 1407 4524 Publius
1434 4466 1517 4521 ad
1541 4465 1856 4523 Laberium
1873 4482 2027 4526 rece-

2140 4468 2229 4525 sui
2253 4466 2548 4524 Godefridi
2600 4466 2920 4524 donaverat
2961 4468 3133 4523 beato
3190 4467 3453 4523 Huberto
3506 4466 3792 4537 quicquid

372 4552 607 4609 dentem
631 4554 726 4610 ait
746 4574 765 4610 .-
794 4575 819 4603 ‹‹
847 4554 1096 4619 Quicum
1116 4553 1162 4586 “
1181 4554 1538 4612 conten/iisti
1564 4555 1839 4626 scriptor,
1872 4556 2029 4617 hunc
2137 4555 2386 4613 habebat
2421 4556 2476 4612 in
2509 4555 2801 4624 Chevugio
2836 4570 2941 4633 pro
2989 4554 3251 4612 habenda
3310 4554 3464 4626 apud
3517 4569 3652 4613 eum
3703 4570 3799 4613 se-

372 4639 668 4711 spectator
703 4640 971 4699 subleva.
1011 4660 1039 4694 ››
1070 4641 1195 4699 Sed
1223 4641 1514 4699 Laberius
1542 4657 1686 4700 novo
1713 4645 1892 4702 mimo
1922 4646 2028 4704 hos

374 4741 578 4787 versus
604 4728 863 4802 subjecit
887 4750 907 4786 .-

2136 4647 2371 4717 pultura
2451 4644 2789 4713 animaequze
2853 4658 2973 4701 sua:
3025 4644 3444 4715 consequendo
3501 4644 3795 4701 remedio.

2136 4735 2277 4791 Post
2309 4731 2755 4803 quadriennium
2787 4730 2961 4802 hujus
2993 4731 3353 4803 donationis,
3388 4733 3620 4804 Rogero
3670 4733 3799 4804 jam

1726 4829 1961 4886 VARIIE
2019 4829 2427 4889 LECTIONES.

441 4913 487 4948 “
515 4912 894 4987 verbumhoc
922 4928 952 4971 e
980 4914 1281 4974 Macrobio
1300 4916 1599 4987 supplevi.

380 4988 461 5041 1”.
580 4984 628 5019 ⁸⁹
655 4986 872 5045 addidi
901 5000 978 5043 ea:
1004 4987 1331 5045 Macrobio.

374 5056 420 5089 ἰ
448 5056 554 5124 Qui
582 5028 1303 5115 2.””“ῖῖ”ἰἶοίἵιῖι“ῖ“ΐί’.”ῖῖ
1325 5028 1693 5116 ηθνοαῦἔῗαῖ

1719 4915 1765 4951 ⁸⁸
1794 4918 1964 4951 nimia
1998 4921 2052 4951 Δ.

1460 4926 1599 4973 levi.
1719 4926 1765 4951 "
1794 4926 1965 4975 nimia
1998 4926 2079 4978 ι’.
2196 4926 2241 4953 ’⁵
2274 4926 2545 4989 proderet
2588 4926 2862 4976 uiscenan

1450 4986 1496 5021 ⁹⁰
1524 5000 1656 5069 qua
1681 4992 2017 5060 sequuntur
2043 4991 2357 5048 admodum
2401 4990 2682 5071 corrupta
2707 4992 2862 5049 sunt.

1450 5058 1587 5116 aclis
1620 5061 1693 5115 1‘.
1771 5059 1817 5094 "
1847 5067 2045 5118 virum
2079 5064 2161 5119 Γ.
2245 5060 2290 5096 ⁸⁸
2315 5076 2398 5119 an
2429 5061 2691 5117 tradita?

1847 5076 2045 5118 νιι·υιη
2079 5076 2161 5118 1⁷.

2196 4918 2241 4953 ⁸⁸
2274 4918 2545 4989 proderet
2588 4916 2885 4976 uiscenam
2920 4920 3001 4976 1'.
3039 4916 3085 4953 ⁸⁷
3117 4933 3382 4976 nummos
3416 4919 3495 4976 1'.
3618 4918 3667 4954 ⁸³
3697 4921 3807 4978 ita

2196 4991 2352 5025 udum
2402 4990 2678 5025 nnmuml‘n
2713 4992 2853 5025 pun!-
2976 4989 3021 5025 οι
3055 4991 3322 5025 Cum)“;
3354 5004 3384 5025 ι
3452 4989 3766 5025 vanam-

2245 4991 2357 5046 tum
2401 4990 2682 5071 corrupta
2707 4992 2862 5049 sunt.
2976 4989 3021 5025 ⁹¹
3049 4991 3325 5064 supplevi
3352 5004 3384 5048 e
3437 4989 3797 5051 Macrobia.

2245 5060 2290 5096 "
2315 5076 2398 5120 an
2429 5061 2691 5117 tradita?

1963 5149 2186 5207 NO'LE.

448 5244 598 5314 (140)
628 5245 824 5301 Graeca
865 5244 1141 5302 Macrobii
1174 5259 1287 5302 non
1323 5245 1470 5303 bene
1506 5245 1717 5314 vertit;
1757 5247 1836 5305 ibi
1877 5249 2029 5305 enim

376 5321 596 5395 legitur
627 5325 737 5380 εΝή
768 5324 863 5379 τήν
894 5325 991 5379 σήν
1023 5322 1194 5395 τύχην

449 5394 598 5464 (141)
632 5395 911 5453 Maissin.
945 5397 1009 5452 R.

452 5464 602 5536 (142)
632 5464 882 5536 Vilantia
910 5467 1084 5536 enim,
1118 5482 1246 5536 quat
1273 5466 1465 5524 tribus
1490 5467 1611 5525 fere
1635 5467 1894 5526 millibus
1918 5483 1945 5524 a
1973 5469 2026 5524 S.

2214 5256 2362 5327 (143)
2395 5257 2473 5327 De
2500 5256 2660 5322 Ham,
2693 5254 2763 5311 ad
2796 5254 2850 5311 ﬂ.
2886 5255 3199 5327 Prnmiam,
3250 5255 3577 5313 advocatus
3616 5257 3797 5316 Eccl.

2138 5326 2612 5390 Prantiensisw.
2653 5326 2955 5381 Hontheim
2992 5328 3318 5384 Hist.Trev.
3354 5327 3396 5396 Ι,
3423 5331 3545 5384 479.
3583 5329 3704 5386 Sed
3742 5330 3803 5386 in

2138 5399 2423 5470 temporis
2447 5396 2852 5470 designatione
2886 5398 3153 5470 mendum
3187 5398 3366 5470 latere
3397 5404 3661 5469 oportet,
3680 5401 3802 5458 nisi

2141 5468 2277 5527 haec
2298 5470 2405 5526 sub
2435 5468 2791 5542 Theoderico
2822 5468 2992 5542 [acta
3015 5469 3208 5542 tuisse
3241 5468 3628 5542 ‘dicas,’quod
3662 5487 3807 5542 pro-

382 5534 646 5613 Huherto
694 5534 897 5605 distat,
952 5534 1392 5596 Pruniicnsibus
1447 5539 1734 5613 parebat;
1780 5555 1843 5598 v.
1882 5540 2031 5598 infra
2144 5542 2315 5598 bata.
2349 5543 2507 5610 1083,
2541 5538 2646 5595 lin.
2686 5542 2774 5610 65,
2807 5554 2938 5613 cum
2970 5539 3363 5599 Theodericus
3412 5534 3435 5598 I
3485 5534 3805 5600 anno'de-

378 5619 411 5662 c
439 5610 528 5663 99.

2142 5625 2297 5671 mum
2328 5613 2465 5670 1087
2487 5609 2766 5671 mortuus
2790 5609 2891 5669 sit.
