3948 6070
220 187 376 252 1405

1194 186 1672 256 CHRONICON
1713 186 1779 250 S.
1826 181 2198 250 HUBERTI
2237 188 2630 255 ANDAGIN.

3465 192 3623 261 1406

217 340 493 400 defuncto
542 347 602 400 et
651 346 717 399 ut
763 344 1017 416 petierat
1068 344 1280 402 ibidem
1337 345 1587 416 sepulto,
1650 319 1947 401 Rodul-A
1976 324 2353 383 Νδωιιοθηείδ
2398 343 2637 386 uxorem
2685 327 2865 399 dedit,
2918 329 3224 401 ipsumque
3270 332 3619 391 Ρονοθηεθῐη

217 433 311 490 ωε
342 434 522 491 abbas
553 415 929 492 Mosom’ensis
960 435 1107 507 (144)
1140 415 1435 506 suggessit
1472 436 1787 506 Raginoldo
1817 434 1862 468 υτ
1972 415 2310 507 comitatum
2336 432 2465 474 cum
2489 418 2757 475 omnibus
2788 434 2914 489 qua
2945 422 3109 474 erant
3140 421 3231 476 sui
3257 420 3430 491 juris,
3469 422 3618 494 patri

212 522 525 579 Remorum
569 524 851 595 pontiﬁci,
884 525 1146 581 eumdem
1194 528 1479 595 Rogerum
1523 526 1859 597 pradictam

214 610 586 668 elemosinam
610 612 655 647 ⁸⁸
676 614 1020 684 promis’sse
1038 615 1172 671 olim
1197 615 1465 672 ecclesia
1489 616 1856 687 Mosomensi,

213 698 460 770 ejusque
487 702 798 758 convenire
825 703 1078 772 justicia
1110 710 1166 761 et
1199 706 1403 761 honori
1428 710 1489 761 ut
1518 705 1857 775 promissam

214 789 542 845 attraheret
573 790 822 848 abbatia
855 792 944 850 sui
970 793 1140 861 juris.
1177 794 1438 850 Credidit
1468 794 1731 865 pontifex
1763 796 1859 851 ab-

214 876 356 945 bati,
389 881 445 933 et
480 879 754 950 quicquid
787 881 840 936 in
878 882 1177 938 territorio
1217 884 1482 941 Remensi
1523 899 1686 941 suum
1729 888 1856 939 erat

210 964 479 1024 ecclesiae
511 968 660 1023 beati
695 970 959 1034 Huberti,
993 971 1042 1025 ei
1069 970 1359 1028 violenter
1387 950 1711 1041 interdixit,
1747 972 1855 1029 nisi

210 1053 322 1111 sibi
356 1062 799 1126 recognosceret
835 1059 986 1127 quod
1017 1059 1366 1117 reclamabat
1397 1061 1647 1118 ecclesia
1680 1062 1857 1118 Meso-

210 1143 448 1199 mensis.
497 1144 614 1200 Tali
660 1146 998 1217 compulsus
1045 1150 1401 1206 necessitate
1449 1152 1631 1206 abbas
1663 1150 1731 1206 ad
1767 1165 1857 1205 ar-

210 1230 641 1304 chiepiscopum
667 1236 846 1306 venit,
878 1242 1295 1309 assumptoque
1329 1240 1631 1295 Lamberto
1665 1240 1855 1311 priore

210 1321 285 1374 ab
335 1321 585 1378 ecclesia
636 1325 820 1380 sancti
872 1327 1137 1395 Remigii,
1171 1330 1244 1384 ab
1274 1343 1342 1384 eo
1373 1329 1700 1400 requisivit,
1750 1343 1856 1385 cur

210 1422 315 1465 sua
370 1409 539 1468 beato
588 1414 846 1470 Huberto
894 1416 980 1472 sic
1030 1415 1352 1473 interdixit.
1407 1417 1761 1487 Reginoldus
1791 1421 1853 1474 ut

205 1503 336 1554 erat
375 1503 547 1556 tenax
590 1508 799 1574 capta
836 1504 1017 1560 semel
1059 1506 1384 1573 sententia,
1420 1512 1476 1563 et
1510 1508 1754 1564 maxime
1797 1507 1851 1563 in

206 1587 423 1657 quibus
457 1589 765 1648 videbatur
787 1593 895 1648 sibi
922 1609 1098 1666 super
1133 1610 1324 1666 posse,
1357 1602 1476 1652 tum
1509 1598 1681 1653 etiam
1717 1596 1849 1667 quia

1970 509 2028 560 et
2068 504 2185 561 ﬁlio
2225 507 2467 562 maxima
2513 507 2687 579 pretii
2727 523 2947 564 summa
2981 510 3052 564 ab
3083 509 3169 564 eis
3208 514 3443 580 accepta
3487 526 3621 568 ven-

1971 592 2148 659 didit;
2182 609 2428 665 quorum
2462 610 2746 652 consensu
2781 597 3035 653 unanimi
3058 603 3118 654 et
3140 598 3290 654 dono
3312 597 3481 668 legali
3507 599 3620 657 cel-

1968 679 2078 737 lam
2121 684 2455 755 pradictam
2491 684 2964 741 beati-Tietboldi
3003 686 3394 743 Theodericus
3438 689 3619 744 abbas

1967 771 2233 828 ecclesia
2268 772 2420 827 beati
2456 772 2697 828 lluherti
2730 777 2787 828 et
2821 773 2973 829 beati
3008 774 3165 829 Petri
3200 778 3485 846 perpetuo
3518 775 3616 830 ha-

1968 859 2212 915 bendam
2244 860 2519 932 optinuit,
2554 876 2812 933 suosque
2846 862 3157 918 monachos
3180 863 3256 918 ibi
3281 864 3614 934 constituit,

1968 946 2195 1004 ﬁrmato
2220 949 2351 1005 inde
2378 950 2610 1021 publice
2634 950 2937 1022 privilegio
2961 951 3016 1006 in
3040 951 3276 1007 archivo
3299 952 3614 1024 pontificali

1964 1037 2228 1095 ecclesia
2255 1040 2571 1110 Remensis,
2608 1045 3067 1110 recognoscente
3100 1040 3243 1096 illud
3267 1044 3323 1095 et
3349 1040 3613 1111 signante

1964 1126 2407 1200 archiepiscopo
2431 1129 2751 1199 Raginoldo
2781 1144 2912 1186 cum
2944 1129 3179 1186 clericis
3207 1130 3391 1186 beata
3424 1129 3613 1187 Maria

1966 1230 2197 1287 semper
2224 1217 2466 1287 virginis
2498 1217 2665 1288 (147).

2034 1304 2119 1361 66.
2157 1307 2292 1376 (78.)
2330 1306 2542 1362 Cellam
2583 1307 2758 1362 etiam
2801 1309 3113 1364 Cunensem
3148 1308 3317 1379 (148),
3355 1322 3482 1379 qua
3519 1312 3614 1365 est

1965 1393 2020 1448 in
2046 1393 2262 1450 honore
2294 1395 2446 1451 beati
2480 1396 2773 1451 Michaelis
2803 1396 3157 1466 archangeli,
3190 1411 3317 1452 cum
3342 1397 3621 1473 omnibus.

1964 1482 2318 1554 appenditiis
2349 1484 2489 1553 suis,
2525 1484 2753 1541 scilicet
2792 1484 3178 1540 denominatis
3213 1485 3267 1540 in
3305 1485 3611 1556 privilegio

1964 1571 2222 1641 ejusdem
2263 1574 2546 1644 ecclesia,
2588 1574 2872 1644 subjectis
2901 1574 2983 1629 illi
3015 1574 3301 1632 ecclesiis.
3345 1574 3608 1646 decimis,

207 1691 409 1747 parum
459 1685 662 1736 contra
714 1660 1017 1738 avaritiam
1063 1660 1458 1755 consuluerat,
1512 1686 1564 1741 in
1616 1660 1852 1757 quibus-
1881 1679 1934 1740 Β
1969 1660 2200 1757 familiai
2243 1663 2418 1757 ιῖδννίδ
2455 1663 2642 1757 οΡίίίὲ,
2672 1672 2731 1757 (Ῐι
2770 1663 3025 1757 ίηίῖυηίδθ
3071 1664 3276 1757 Wes,
3310 1663 3495 1757 θέηνίὲ
3528 1663 3609 1757 "if

204 1781 453 1837 cumque
483 1766 715 1839 aliquod
749 1772 1114 1829 commodum
1145 1775 1440 1844 sperabat,
1473 1775 1644 1845 hujus
1665 1778 1852 1834 disce-

206 1855 487 1926 ptationis
521 1856 803 1926 judicium
846 1860 1107 1917 decrevit
1145 1863 1513 1919 referendum
1554 1866 1623 1921 ad
1659 1866 1853 1923 conci-

204 1941 345 1999 lium
368 1944 770 2016 episcoporum
791 1949 945 2018 quod
966 1950 1019 2004 in
1042 1950 1304 2021 proximo
1331 1953 1660 2022 praﬁxerat
1683 1955 1850 2012 Sues-

204 2032 389 2089 sionis
418 2033 656 2091 civitate
686 2038 991 2105 agendum.
1027 2040 1220 2096 Abbas
1241 2040 1313 2096 ad
1336 2042 1643 2099 concilium
1670 2046 1848 2116 venit,

205 2120 501 2178 deducens
518 2138 713 2180 secum
733 2126 1107 2184 Godefridum
1130 2128 1306 2186 ﬁlium
1330 2131 1592 2199 praedicti
1617 2133 1845 2202 Rogeri,

204 2216 471 2281 paratum
496 2212 605 2268 sibi
629 2212 1014 2271 disrationare
1049 2216 1315 2286 legaliter
1348 2218 1720 2277 elemosinam
1757 2236 1851 2293 pa-

200 2301 314 2355 tris
353 2299 461 2355 sui.
505 2301 573 2354 Et
616 2316 743 2357 cum
786 2303 937 2359 inter
974 2311 1172 2360 cetera
1211 2320 1306 2362 res
1345 2320 1578 2377 quoque
1619 2311 1849 2367 abbatis

203 2387 594 2444 ventilaretur
617 2389 672 2445 in
695 2391 966 2459 concilio,
1004 2393 1125 2450 hac
1149 2394 1281 2451 inde
1305 2399 1590 2453 sententia
1617 2399 1849 2469 publice

203 2474 593 2533 determinata
622 2483 712 2534 est
743 2480 1152 2553 episcoporum
1179 2483 1417 2553 judicio.
1456 2487 1529 2540 De
1562 2485 1849 2544 altaribus

200 2564 507 2622 Remensis
548 2567 817 2626 ecclesia
848 2584 976 2639 qua
1008 2572 1366 2642 aequis-ierat
1403 2574 1649 2632 ecclesia
1695 2577 1849 2633 beati

202 2655 469 2724 Huberti,
502 2657 808 2715 Remorum
835 2661 1165 2730 pontificem
1194 2677 1361 2732 posse
1384 2662 1628 2720 licenter
1651 2665 1849 2736 impla-

203 2743 391 2800 citare
437 2745 738 2810 abbatem;
792 2747 862 2804 de
912 2749 1105 2806 fundis
1157 2766 1290 2807 vero
1341 2753 1589 2810 abbatia
1636 2770 1746 2810 non
1796 2755 1848 2812 ei

203 2832 509 2903 quicquam
544 2833 589 2867 9°
620 2837 1112 2909 respondendum,
1156 2840 1265 2896 nisi
1300 2841 1354 2896 in
1388 2842 1680 2899 audientia
1715 2845 1851 2902 Leo-

202 2921 426 2979 diensis
444 2922 726 2995 ecclesia,
745 2926 813 2983 ad
835 2941 1003 2997 quam
1022 2929 1223 2985 eadem
1244 2931 1474 2987 abbatia
1506 2933 1847 3005 pertineret,

200 3024 330 3066 cum
363 3025 433 3067 ex
467 3010 705 3069 decreto
745 3029 1029 3072 canonum
1072 3023 1299 3075 constet
1340 3021 1548 3075 nemini
1584 3020 1759 3079 licere
1791 3023 1843 3079 in
1879 3033 1931 3098 ο

202 3097 447 3154 alienam
500 3115 743 3158 messem
798 3118 1023 3160 manum
1077 3105 1327 3163 mittere.
1365 3109 1456 3165 Sic
1489 3125 1583 3166 res
1617 3113 1848 3169 abbatis

199 3185 470 3244 absoluta
496 3190 827 3258 estjudicio
848 3194 1276 3265 episcoporum.
1314 3197 1461 3253 Bene
1492 3204 1681 3255 autem
1714 3215 1821 3257 con

199 3274 361 3330 scius
408 3274 693 3333 infensum
728 3279 839 3334 sibi
874 3281 1277 3353 Raginoldum,
1312 3299 1381 3340 eo
1413 3287 1565 3356 quod
1602 3288 1751 3344 unde
1784 3288 1850 3322 ¹⁰⁰

198 3364 475 3433 sperabat
508 3364 725 3422 nullum
759 3368 868 3424 sibi
914 3372 1242 3441 proveniret
1276 3377 1667 3446 commodum,
1701 3378 1846 3435 adeo

199 3465 328 3507 eum
384 3453 772 3524 complacavit
829 3456 895 3491 ¹⁰¹
946 3461 1432 3519 convenientibus
1484 3466 1726 3536 exeniis,
1785 3472 1847 3524 ut

199 3539 384 3597 altare
422 3541 494 3597 de
540 3544 763 3615 Bedols,
808 3546 1053 3617 ﬁrmato,
1098 3550 1404 3621 privilegio
1435 3558 1491 3609 et
1525 3556 1757 3613 exclusa
1791 3557 1844 3611 in

200 3635 544 3700 perpetuum
592 3647 863 3703 persona,
913 3638 1210 3708 optineret
1257 3640 1530 3699 donatum
1578 3645 1847 3704 ecclesia

201 3716 422 3774 Pirensi
454 3717 598 3792 (145)
634 3721 752 3789 (an.
778 3728 958 3795 1087).

270 3808 358 3861 6:5.
393 3808 530 3877 (77.)
562 3809 824 3877 Rogerus
856 3825 1088 3884 quoque
1118 3816 1495 3874 Porcensium
1524 3834 1721 3877 comes
1752 3837 1849 3879 an-

199 3896 258 3949 te
280 3893 469 3965 ipsum
492 3896 781 3952 Porcense
802 3904 1059 3956 castrum
1084 3902 1231 3973 (146)
1256 3909 1420 3961 trans
1442 3907 1678 3964 ﬂuvium
1701 3913 1849 3968 Axo-

200 3996 328 4038 nam
353 3981 657 4041 ecclesiam
683 3985 738 4040 in
766 3985 982 4044 honore
1013 3991 1167 4046 beati
1197 3993 1525 4051 Thietboldi
1554 3997 1846 4057 adiﬁcare

198 4077 479 4142 coeperat,
502 4072 699 4144 ibique
718 4073 1015 4146 deputatis
1034 4079 1374 4149 quibusdam
1400 4100 1589 4143 rerum
1611 4104 1849 4147 suarum

200 4160 693 4232 possessionibus,
721 4178 849 4233 qua
873 4164 927 4221 in
954 4168 1258 4239 privilegio
1288 4172 1549 4241 ejusdem
1579 4163 1854 4238 ecclesia.

200 4254 667 4320 renumerantur,
701 4254 1026 4311 coenobium
1059 4257 1305 4330 alicujus
1342 4265 1529 4333 magni
1570 4268 1840 4341 nominis,

1966 1750 2110 1819 neis,
2155 1752 2341 1821 aquis,
2394 1752 2757 1821 molendinis,
2808 1752 3141 1823 piscaturis,
3187 1752 3390 1821 furnis,
3435 1752 3604 1823 legali

1965 1838 2181 1894 Galteri
2215 1844 2275 1895 et
2308 1840 2506 1896 fratris
2537 1841 2662 1910 ejus
2692 1842 2947 1897 Dodonis
2983 1841 3133 1896 dono
3162 1844 3219 1895 et
3254 1840 3454 1897 uxoris
3486 1841 3610 1911 ejus

1963 1927 2219 1984 Hawidis
2258 1927 2389 1985 ﬁlia
2434 1930 2651 1987 Arnulﬁ
2695 1929 2929 1986 comitis
2970 1932 3115 2001 (149)
3154 1928 3420 1986 ecclesia
3453 1929 3607 1986 beati

1962 2015 2119 2071 Petri
2142 2024 2200 2071 et
2227 2017 2379 2073 beati
2414 2018 2655 2074 lluherti
2691 2024 2973 2089 perpetuo
3006 2017 3326 2074 habendam
3360 2017 3611 2089 acquisi-

1961 2104 2063 2158 vit.
2113 2106 2217 2160 Ubi
2270 2120 2555 2162 consensu
2611 2105 2946 2176 Engelberti
3003 2106 3367 2163 Trevirensis
3424 2106 3609 2163 archi-

1960 2183 2218 2263 episcopi
2275 2192 2482 2250 locatis
2532 2194 2830 2250 monachis
2884 2195 3203 2250 Robertum
3263 2194 3608 2251 monachum

1960 2281 2196 2352 optima
2229 2282 2608 2352 habitudinis,
2642 2282 2778 2337 olim
2820 2287 3010 2338 autem
3053 2282 3330 2338 clericum
3376 2282 3610 2352 majoris

1959 2369 2222 2427 ecclesia
2246 2371 2644 2441 Virdunensis,
2671 2371 3047 2442 prapositum
3070 2370 3411 2435 constituit;
3442 2370 3609 2440 cujus

1960 2458 2248 2516 industria
2269 2460 2531 2516 eumdem
2551 2460 2740 2517 locum
2767 2459 3247 2532 possessionibus
3266 2465 3324 2516 et
3343 2459 3608 2516 adiﬁciis

1960 2548 2285 2620 ampliavit.

2029 2657 2116 2710 67.
2162 2656 2297 2727 (79.)
2343 2657 2508 2725 Boso,
2549 2656 2731 2713 abbas
2770 2655 2953 2712 sancti
2997 2656 3247 2726 Agerici,
3288 2654 3377 2712 vir
3416 2654 3608 2712 admo-

1960 2741 2094 2797 dum
2118 2743 2351 2814 optima
2377 2744 2694 2815 religionis,
2727 2748 3062 2801 morabatur
3083 2744 3311 2816 Jupilia
3335 2759 3464 2800 cum
3487 2742 3609 2814 epi-

1960 2847 2139 2903 scopo
2161 2847 2266 2890 suo
2287 2833 2639 2890 Theoderico
2661 2834 3008 2890 Virdunensi
3043 2834 3211 2905 (150).
3246 2834 3327 2889 lbi
3360 2833 3598 2889 inﬁrma-

1961 2926 2073 2991 tus,
2104 2937 2232 2978 cum
2258 2937 2318 2978 se
2342 2923 2716 2993 prasentiret
2740 2923 3085 2979 moriturum
3109 2921 3455 2979 omnimodis
3480 2936 3606 2993 pre-

1959 3009 2127 3066 cibus
2156 3011 2351 3079 exegit
2374 3026 2403 3066 a
2429 3011 2571 3082 suis,
2608 3012 2677 3067 ad
2712 3017 2979 3068 sanctum
3013 3012 3333 3069 Hubertum
3366 3025 3428 3067 se
3463 3011 3607 3067 refe-

1960 3099 2200 3155 rendum
2228 3100 2422 3171 ibique
2447 3100 2864 3172 sepeliendum.
2892 3100 3390 3171 Prosequentibus
3411 3104 3605 3157 autem

1960 3188 2307 3258 quibusdam
2360 3189 2748 3247 nobilioribus
2794 3191 2975 3246 castri
3025 3189 3381 3246 lloiensis—
3417 3190 3603 3245 fuerat

1958 3277 2108 3333 enim
2144 3277 2275 3334 inde
2307 3278 2453 3334 bene
2484 3283 2679 3343 natus,
2723 3294 2904 3350 nepos
2941 3278 3213 3335 videlicet
3245 3276 3487 3334 Bosonis
3516 3291 3608 3333 ar-

1957 3365 2047 3422 chi
2076 3366 2282 3423 .iaconi
2318 3366 2486 3436 longe
2518 3382 2692 3439 supra
2729 3366 3030 3423 memorati
3052 3399 3121 3407 —
3144 3365 3412 3438 sepultus
3432 3370 3525 3421 est
3549 3365 3606 3421 in

1958 3455 2207 3511 ecclesia
2233 3456 2550 3512 honoriﬁce
2579 3456 2649 3512 ad
2684 3456 2947 3512 dextram
2982 3455 3188 3512 altaris
3219 3454 3371 3512 beati
3406 3458 3606 3526 proto-

1960 3544 2232 3615 martyris
2279 3544 2582 3615 Stephani,
2637 3545 3007 3601 deserviente
3036 3543 3165 3613 ejus
3196 3542 3462 3613 exequiis
3508 3540 3606 3612 qui

1960 3627 2101 3689 tunc
2133 3633 2469 3688 morabatur
2511 3633 2723 3689 ibidem
2775 3632 2983 3690 domno
3035 3633 3281 3689 Henrico
3334 3629 3609 3703 pontiﬁce

1926 3721 2288 3803 .Leodiensi.
2323 3723 2403 3776 Ex
2434 3721 2562 3791 ejus
2594 3726 2899 3792 parentum
2925 3721 3058 3792 jure
3090 3719 3448 3777 hereditario
3482 3733 3611 3790 pro-
3665 3715 3677 3724 ’

1959 3814 2241 3864 venerunt
2275 3810 2409 3864 huic
2438 3809 2705 3867 ecclesia
2754 3811 2885 3867 dum
2930 3811 3258 3867 mansiones
3301 3806 3513 3878 viginti
3545 3807 3610 3864 li-

1960 3898 2194 3953 brarum
2226 3897 2279 3952 in
2311 3897 2541 3953 iloiensi
2575 3898 2715 3953 foro.

2028 4007 2112 4059 68.
2152 4003 2287 4074 (80.)
2320 4004 2604 4061 llenricus
2639 4004 2952 4076 episcopus
2984 4009 3045 4061 ut
3076 4007 3204 4061 erat
3242 4002 3332 4060 vir
3371 4002 3604 4059 tuenda

1956 4092 2216 4157 virtutis,
2260 4092 2539 4149 Obertum
2580 4092 2883 4163 quemdam
2924 4093 3304 4165 prapositum
3334 4090 3604 4148 ecclesia

1956 4186 2173 4238 sancta
2197 4181 2401 4237 Crucis
2422 4181 2765 4238 criminibus
2786 4182 3117 4238 convictum
3143 4180 3214 4237 de
3236 4179 3475 4236 civitate
3508 4179 3605 4234 de-

1955 4275 2223 4326 creverat
2251 4269 2583 4327 omnimodo
2610 4269 2678 4303 ¹⁰¹
2704 4271 3151 4327 exturbandum.
3187 4268 3289 4325 ille
3314 4282 3451 4323 vero
3476 4281 3607 4338 pro-

199 4340 420 4435 uterat
452 4340 866 4453 magnanimus,
910 4348 1182 4453 extruere
1215 4349 1633 4453 .meditabatur.
1670 4356 1780 4414 Sed
1810 4340 1839 4415 a
1870 4389 1926 4453 Β
1958 4359 2175 4431 ripiens
2199 4374 2260 4415 se
2281 4360 2353 4416 ad
2379 4360 2765 4430 Berengerum
2791 4360 3059 4415 abbatem
3089 4358 3275 4415 sancti
3307 4354 3604 4413 Laurentii

200 4425 324 4482 suis
351 4427 640 4500 proditus,
674 4436 734 4485 et
757 4430 811 4486 in
835 4433 1105 4505 captione
1137 4435 1579 4513 dehonestatus,
1616 4459 1746 4502 cum
1777 4461 1841 4505 se

200 4527 517 4608 non-posse
548 4520 818 4590 prosequi
859 4522 1010 4592 quod
1043 4524 1216 4581 nimis
1248 4526 1561 4586 distulerat
1592 4533 1842 4608 videret,

202 4601 379 4697 tadio
410 4609 847 4697 quoquenimio
878 4610 1123 4669 aﬂ'ectus
1166 4615 1672 4679 dehonestatimiis
1702 4601 1844 4697 sua,

202 4689 377 4747 ﬁliam
409 4706 573 4749 suam
603 4694 862 4752 Sibillam
886 4699 1199 4759 Godefrido
1223 4704 1340 4762 ﬁlio
1364 4707 1589 4766 Alberti
1614 4689 1848 4773 comitis

1957 4449 2135 4520 venit,
2167 4452 2226 4504 et
2253 4448 2405 4519 apud
2436 4463 2565 4505 eum
2598 4454 2714 4505 tam
2747 4448 2845 4505 diu
2878 4447 3071 4515 latuit,
3103 4447 3287 4503 donec
3310 4461 3378 4502 eo
3402 4444 3610 4503 suffra-

1956 4542 2131 4609 gante
2156 4538 2209 4593 in
2235 4537 2481 4607 gratiam
2504 4536 2765 4609 episcopi
2786 4536 2977 4594 rediit.
3003 4536 3111 4592 Sed
3133 4551 3244 4592 non
3266 4536 3448 4592 multo
3468 4540 3602 4606 post

1960 4626 2231 4685 collectis
2268 4627 2445 4683 rebus
2485 4627 2625 4696 suis,
2671 4626 2978 4683 llenricum
3022 4640 3215 4697 regem
3248 4625 3410 4694 adiit,
3443 4624 3539 4695 qui
3571 4638 3602 4680 a

1961 4715 2235 4787 Gregorio
2254 4729 2400 4787 papa
2419 4730 2526 4787 per
2544 4713 2886 4772 decennium
2903 4713 3455 4783 excommunicatus,
3482 4711 3606 4783 qui-

1546 4807 1782 4865 VARM‘J
1843 4814 2250 4871 LECTIONES.

268 4887 647 4980 ,"._'E={8i'1°19i
683 4894 731 4980 ‘3
764 4889 1246 4980 ,ξίφηίησβζιιο
1263 4898 1446 4980 [gica
1466 4901 1679 4980 desunt
1702 4908 1768 4967 in
1799 4915 1848 4967 1.
1875 4911 1981 4969 sed
1994 4912 2355 4969 contulimus
2391 4911 2466 4966 1".
2546 4908 2592 4942 ’⁸
2621 4909 2893 4980 cuiquam
2924 4911 3007 4976 1';
3032 4922 3112 4966 an
3139 4922 3266 4967 esse
3295 4907 3606 4979 cuiquam?

204 4958 271 4993 ¹⁰⁰
304 4958 449 5017 inde
468 4975 557 5033 sp.
591 4977 645 5017 n.
682 4976 728 5031 s,
763 4964 1075 5035 provenire
1106 4968 1183 5023 1‘.

1296 4968 1363 5003 ¹⁰¹
1395 4971 1648 5043 placavit
1677 4994 1728 5035 e.
1760 4968 1951 5039 xeniis
1984 4968 2060 5039 17*.

2175 4982 2242 5016 ιω
2267 4980 2500 5039 omnino
2530 4980 2607 5035 1‘.

1796 5094 2018 5152 NOTIE.

204 5169 422 5297 SS(1'43)
453 5185 503 5300 εἰ).
687 5205 758 5216 -
780 5177 936 5232 1106.
965 5162 1560 5243 εθοιιηάυιηἈηηθΙθε
1582 5189 1843 5262 Mosom.,

273 5258 748 5393 ginno
780 5321 936 5393 1087,
981 5320 1112 5376 vide
1149 5335 1343 5393 supra.
1390 5326 1509 5382 Etsi
1549 5329 1647 5385 vix
1686 5332 1846 5389 credi

206 5388 393 5512 poteest
427 5384 547 5440 hac
580 5387 734 5442 intra
766 5393 880 5445 tam
916 5384 1092 5447 breve
1124 5384 1407 5464 temporis
1437 5384 1848 5469 spatium'eve-i-

206 5470 327 5512 mss
368 5496 382 5509 .

204 5470 382 5512 111886.

275 5525 725 5598 (146)Porcien.
762 5529 825 5586 n.

2031 5193 2177 5264 (147)
2211 5207 2260 5250 a.
2304 5195 2460 5262 1087,
2496 5191 2698 5265 indiet.
2732 5208 2790 5262 x,
2824 5206 2974 5248 anno
3004 5190 3257 5265 Philippi
3286 5196 3376 5251 28.
3404 5190 3608 5249 Edidit

1957 5265 2225 5321 Mabillon
2262 5265 2405 5319 Ann.
2444 5264 2651 5319 Bencd.
2685 5265 2747 5331 V,
2780 5267 2903 5319 662.

2029 5336 2176 5406 (148)
2212 5335 2363 5407 Cons
2391 5350 2492 5407 sur
2521 5334 2572 5390 la
2596 5334 2810 5407 _Cltiél'e
2842 5332 2977 5406 pres
3004 5332 3074 5391 de
3111 5334 3436 5407 Longuyon.
3462 5334 3527 5390 Β.

2057 5411 2177 5463 149)
2211 5405 2660 5463 Chisniaeensis.

2029 5407 2177 5548 (149$
2211 5407 2660 5487 Chisniaeensis.

2060 5476 2156 5532 160
2209 5477 2316 5545 Qui
2349 5476 2497 5534 obiit
2526 5491 2576 5533 a.
2613 5478 2771 5546 1088,
2807 5477 2942 5548 Apr.
2977 5479 3065 5533 28.
