3960 6044
1363 164 1842 237 CHRONICON
1885 162 1953 228 Β.
1999 160 2007 225 ἶ

2120 160 2360 226 BERTi
2405 161 2791 229 ANDAGIN.
3640 156 3828 224 1408

368 180 521 248 1407

366 337 477 398 bus
520 340 756 413 Poterat
804 333 1277 409 expeditionibus
1326 335 1637 390 Romanam
1694 325 2006 386 θθεὶθείεω
2036 298 2093 361 Α
2124 337 2466 409 misinjuste
2485 351 2549 394 se
2566 336 2942 409 praegravari,
2964 334 3654 406 sinejudicinustitiam
3685 334 3826 389 viO'

364 429 849 503 persequebatur.
879 427 1140 482 'Ohsessa
1172 424 1322 480 enim
1346 430 1401 480 ei
1428 427 1597 494 capia
1619 422 1773 477 Urbe
1796 420 2011 487 Grego-
2121 427 2311 486 lentor
2343 427 2613 499 opprimi,
2648 426 2897 483 divinam
2931 426 3165 497 quidem
3196 425 3286 481 vel
3318 424 3816 496 dispositionem

367 518 514 575 Pium
543 530 745 589 Papam
772 517 1090 585 fugaverat,
1114 528 1299 584 θοίῐυθ
1323 510 1640 583 SUPGI‘Sme
1669 509 2009 565 (ἶιιίῧετῐυῐη
2120 519 2212 575 vel
2233 517 2675 589 permissionem
2692 515 2920 588 placere
2935 515 3066 583 sibi,
3085 514 3234 571 velle
3250 518 3438 570 tamen
3456 516 3529 569 ab
3545 514 3646 571 eis
3663 527 3818 570 cen-

364 609 755 666 Ravennatem
788 605 917 661 loco
949 604 1075 674 ejus
1108 603 1517 672 substituerat,
1549 601 1645 671 qui
1669 605 1729 655 et
1754 597 2010 670 ipsejam

369 696 465 752 diu
488 694 1025 752 excommunicatus
1045 692 1240 749 sedem
1263 691 1641 763 apostolicam
1664 687 2010 744 temerarius

369 784 643 840 invadere
670 787 1139 855 przesumpserat.
1165 782 1492 838 Decedentc
1515 783 1707 835 autem
1732 776 2010 847 Gregorio

368 874 521 945 apud
581 875 992 941 Beneventum,
1048 870 1375 929 cardinales
1427 872 1696 926 Romanae
1744 866 2010 923 ecclesiae

366 963 619 1019 Odonem
648 962 1008 1019 Hostiensem
1042 964 1400 1034 episcopum,
1433 959 1659 1015 civibus
1687 955 2011 1025 religiosio-

366 1054 530 1109 ribus
576 1053 1101 1122 consentientibus,
1156 1066 1260 1123 pro
1301 1066 1370 1107 eo
1412 1050 1464 1105 in
1501 1047 1635 1105 sede
1688 1044 2007 1117 apostolica

2122 697 2349 767 busque
2369 700 2427 752 et
2451 695 2557 751 hoc
2584 694 2752 751 nimis
2783 693 3127 763 injuriosum
3160 706 3308 758 esse,
3345 705 3451 748 nec
3483 690 3611 747 tale
3648 689 3810 761 quid

2121 786 2281 844 illum
2299 786 2415 858 pati
2433 783 2982 854 debere,respondit
3000 783 3257 838 Obertus
3273 782 3330 838 id
3347 781 3533 853 ipsum
3550 796 3621 838 se
3635 782 3808 837 bene

2119 888 2563 945 recognoscere,
2605 873 2703 930 sed
2741 878 3096 945 praeceptum
3129 871 3343 928 domini
3374 870 3462 927 sui
3494 885 3614 927 non
3648 883 3804 926 esse

2121 946 2589 1036 praetereu‘ndum
2612 963 2744 1032 sibi,
2771 960 2925 1033 quod
2952 960 3317 1030 siiejustum
3344 961 3469 1016 sive
3491 960 3797 1031 injustnm

2118 1054 2201 1110 illi
2223 1055 2522 1126 juraverat
2547 1062 2970 1123 exequendum.
3003 1049 3083 1107 Ad
3109 1051 3232 1106 haec
3255 1051 3630 1119 Berengerus
3650 1064 3799 1106 con-

2121 608 2255 677 seri,
2283 606 2441 663 sisic
2467 610 2793 662 mereretur
2823 604 3084 661 tractari.
3118 600 3635 660 Succlamantibus
3668 603 3815 672 qui-
3920 608 3921 641 ι

365 1143 800 1198 substituerunt
835 1142 1004 1213 (151),
1050 1157 1217 1212 quem
1269 1140 1405 1198 olim
1453 1140 1792 1195 Remensem
1843 1134 2011 1190 cleri-

362 1247 492 1289 cum
524 1237 583 1287 et
614 1235 813 1305 postea
857 1232 1294 1288 Cluniacensem
1336 1228 1675 1285 monachum
1715 1226 2008 1282 Urbanum

369 1336 571 1393 papam
612 1321 837 1377 censeri
876 1320 1307 1389 judicavcrunt.
1346 1318 1437 1373 Sic
1470 1314 1800 1373 sacerdotio
1832 1322 1891 1370 et
1924 1328 2010 1369 re-

367 1424 480 1479 gno
512 1410 858 1479 dissidente,
903 1408 1042 1466 licet
1082 1408 1435 1479 generaliter
1464 1407 1521 1463 in
1554 1404 1768 1462 mundo
1808 1406 2008 1459 sancta

365 1496 607 1556 ecclesia
658 1499 1112 1570 periclitaretur,
1153 1497 1468 1570 specialius
1518 1501 1708 1551 tamen
1762 1492 2008 1548 Henrico

364 1587 671 1645 insis‘tente
699 1589 1041 1658 vexabatur,
1076 1589 1207 1645 dum
1237 1587 1543 1660 pontiﬁces
1568 1582 1892 1657 postposita
1920 1581 2009 1649 ju-

2119 1144 2365 1200 stantior
2400 1162 2413 1198 :
2446 1144 2598 1201 Sine
2628 1155 2844 1212 magno
2882 1139 3098 1208 dolore,
3134 1138 3341 1210 inquit,
3372 1135 3791 1208 relinquitur,

2117 1234 2278 1305 quod
2300 1247 2418 1291 non
2445 1246 2577 1290 cum
2602 1244 2818 1302 magno
2850 1243 3049 1287 amore
3068 1228 3426 1301 possidetur.
3461 1227 3555 1283 Sic
3588 1227 3794 1295 digre-

2119 1323 2284 1380 diens
2300 1321 2433 1379 tulit
2452 1336 2646 1378 secum
2668 1319 2937 1376 baculum
2954 1332 3123 1389 quem
3141 1318 3376 1373 tenebat
3393 1315 3787 1387 pastoralem.

2118 1411 2541 1469 attestantibus
2564 1410 2912 1480 quibusque,
2946 1407 3071 1478 ipso
3096 1420 3328 1477 quoque
3351 1405 3597 1473 Oberto,
3625 1405 3789 1460 hunc

2118 1501 2201 1557 illi
2229 1500 2386 1571 juste
2415 1499 2759 1563 conVcnire;
2793 1501 2851 1552 et
2883 1496 3201 1567 assumptis
3243 1508 3438 1550 secum
3486 1494 3787 1548 fratribus

2122 1605 2267 1662 quos
2312 1588 2529 1661 placuit
2572 1587 2702 1656 sibi,
2747 1585 2987 1644 secessit
3019 1584 3093 1640 ad
3121 1582 3431 1640 ecclesiam
3472 1582 3631 1638 beati
3668 1583 3785 1638 Hu-

366 1676 528 1732 stitia
552 1677 659 1734 sibi
688 1678 967 1747 faventes,
1001 1678 1091 1733 vel
1121 1678 1353 1733 Urbano
1381 1675 1796 1732 subtrahet-ent
1823 1668 1890 1702 ¹⁰³
1917 1670 2004 1725 vel
2039 1668 2090 1729 Β
2123 1678 2295 1747 berti,
2336 1692 2506 1749 quam
2551 1676 2720 1748 plane
2757 1673 3213 1744 recognoscebat
3245 1676 3486 1729 matrem
3524 1684 3781 1726 οοηνθιι-

367 1766 645 1822 Guiberto
671 1766 1030 1822 attraherent
1062 1765 1146 1821 “’3.
1181 1767 1295 1822 Sub
1319 1764 1418 1821 tali
1445 1764 1803 1820 dissentionc
1826 1764 2006 1822 eccle-

368 1854 604 1910 siastica
639 1854 949 1925 languente
977 1855 1224 1925 justitia,
1262 1858 1475 1927 praeter
1506 1858 1702 1910 cetera
1726 1853 2006 1910 virtutum

366 1942 688 2013 dispendia,
746 1942 1057 1999 simoniaca
1109 1943 1349 1999 haeresis
1397 1943 1605 2014 passim
1660 1941 2005 2013 invaluerat,

333 2050 336 2052 τ
365 2031 499 2087 dum
534 2031 702 2087 modo
734 2045 881 2102 quos
907 2031 1449 2088 excommunicabat
1478 2031 1745 2087 Urbanus
1772 2030 2011 2087 Guiber—

276 2138 283 2145 κ
357 2123 455 2175 tus
483 2118 840 2189 absolveret,
871 2124 928 2175 et
964 2120 1224 2176 Guiberti
1251 2121 1585 2177 desertores
1608 2121 1873 2176 Urbanus
1895 2119 2012 2177 col-

356 2206 585 2278 ligeret.
625 2209 845 2265 Interea
870 2207 1057 2265 adhuc
1084 2208 1405 2279 superstite
1434 2209 1679 2265 llenrico
1711 2209 2005 2279 pontifice,

359 2296 612 2353 Obertus
664 2299 1002 2354 morabatur
1052 2312 1181 2354 cum
1233 2297 1516 2369 principe,
1562 2301 1621 2353 et
1665 2298 2008 2354 honoratum

359 2400 555 2443 secum
593 2386 805 2443 delatis
837 2386 1192 2456 muneribus,
1228 2391 1401 2459 prout
1428 2390 1677 2458 poterat,
1715 2388 2007 2443 ambiebat

363 2476 659 2547 obsequiis
690 2481 745 2533 et
780 2476 1074 2532 favoribus
1119 2474 1367 2547 alicujus
1414 2476 1651 2533 honoris
1681 2477 1753 2533 ab
1785 2492 1853 2534 eo
1882 2478 2013 2534 θῦε·

363 2564 628 2621 trahendi
663 2564 941 2636 optantis.

428 2657 518 2709 69.
554 2654 689 2724 (81.)
726 2654 889 2708 Αηηο
923 2657 1114 2708 autem
1144 2653 1319 2708 Verbi
1353 2652 1637 2709 incarnati
1669 2658 1797 2710 1091
1834 2653 2005 2723 (Mai.

360 2741 493 2812 31.),
546 2757 666 2798 suae
712 2756 849 2797 vero
893 2742 1283 2799 ordinationis
1314 2745 1396 2811 16,
1429 2741 1695 2799 dominus
1732 2745 2009 2802 Henricus

358 2830 645 2887 hominem
676 2831 867 2896 exuit;
904 2831 957 2886 in
994 2831 1301 2903 dampnum
1343 2830 1544 2902 gloriae
1588 2833 1919 2889 Leodiensis
1949 2839 2004 2890 et

359 2919 608 2975 maximo
638 2918 945 2991 dispendio
978 2924 1195 2976 nostrae
1228 2934 1396 2991 quam
1431 2920 1744 2992 specialius
1772 2922 2005 2978 colebat

2122 1767 2299 1825 sionis
2328 1771 2388 1823 et
2421 1765 2802 1838 professionis
2836 1778 2977 1820 suae.
3014 1761 3094 1817 lbi
3125 1765 3430 1832 gratanter
3456 1765 3775 1829 exceptus,

2115 1871 2246 1913 cum
2280 1854 2499 1912 illatam
2537 1869 2649 1911 non
2682 1854 2871 1910 solum
2904 1851 3015 1909 sibi
3049 1850 3320 1920 injuriam
3351 1848 3633 1917 referret,
3669 1847 3773 1904 sed

2116 1945 2290 2000 etiam
2313 1944 2579 2016 publicas
2597 1941 3093 2009 exordinationes,
3112 1953 3257 2011 quas
3272 1938 3529 1995 Obertus
3548 1942 3775 1994 temere

2116 2034 2449 2103 exercebat,
2474 2048 2604 2089 cum
2626 2030 2979 2088 Theoderico
3010 2029 3223 2085 abbate
3245 2032 3304 2084 et
3328 2024 3611 2083 fratribus
3634 2038 3774 2080 con-

2120 2124 2303 2179 ferret
2324 2154 2389 2162 —
2411 2122 2636 2179 scilicet
2660 2121 2811 2192 quod
2834 2119 2907 2176 de
2929 2133 3101 2175 manu
3122 2115 3613 2174 excommunicati
3647 2114 3771 2170 sine

2117 2212 2374 2282 legitima
2394 2211 2681 2268 electione
2702 2213 2763 2265 et
2785 2213 2954 2281 pacta
2981 2206 3223 2280 pecunia
3245 2205 3662 2277 episcopatum
3685 2218 3772 2258 ar-

2118 2301 2268 2373 ripui
2278 2305 2420 2370 sset,
2450 2299 2603 2371 quod
2626 2314 2689 2356 se
2709 2298 2794 2355 sic
2817 2297 3007 2368 ejecto
3029 2301 3090 2354 et
3112 2293 3476 2352 Guolbodoni
3500 2293 3773 2365 deposito

2113 2390 2401 2463 justitiam
2436 2389 2812 2462 prodidisset,
2849 2385 3002 2458 quod
3033 2384 3325 2442 abbatiam
3366 2382 3771 2439 Florinensem

2119 2478 2449 2536 Gisleberto
2481 2476 2840 2535 Hasteriensi
2874 2475 3021 2548 (152)
3057 2473 3372 2546 praeposito
3399 2476 3460 2530 et
3490 2470 3778 2529 Bronien-

2119 2582 2237 2626 sem
2286 2567 2515 2625 cuidam
2562 2564 2955 2624 Guiremundo
2996 2566 3184 2621 sancti
3232 2561 3431 2619 Jacobi
3479 2560 3775 2617 monacho

2120 2662 2320 2714 taxato
2345 2655 2575 2728 publice
2597 2655 2788 2727 pretio
2810 2653 3192 2721 vendidisset,
3215 2650 3371 2723 quod
3393 2650 3689 2707 hactenus
3712 2648 3780 2704 lio

2119 2746 2315 2802 beram
2345 2751 2405 2801 et
2433 2745 2749 2814 gloriosam
2781 2746 3000 2800 sancta;
3041 2741 3229 2798 Mariae
3269 2739 3578 2810 sanctique
3611 2738 3777 2793 Lam-

2118 2836 2268 2893 berti
2311 2833 2616 2892 ecclesiam
2658 2833 2744 2890 sic
2786 2832 3090 2889 infecisset
3116 2862 3188 2873 —-
3221 2833 3438 2885 tantam
3478 2832 3775 2884 adversus

2118 2925 2395 2981 Obertum
2409 2923 2925 2981 suscitaviteorum
2941 2920 3417 2991 indignationem,
3435 2922 3774 2974 utcommu-

357 3007 712 3064 solitudinis.
768 3008 942 3078 Cujus
971 3009 1066 3063 vix
1098 3009 1298 3065 audita
1341 3010 1594 3067 Obertus
1626 3015 1831 3081 morte,
1883 3011 2006 3068 sine
2037 3030 2086 3093 ο
2116 3013 2173 3068 ni
2201 3027 2492 3069 consensu
2518 3012 2682 3083 quasi
2706 3009 3203 3068 excommunicato
3236 3005 3625 3080 probabiliter
3656 3018 3771 3061 non

358 3096 646 3154 electione
681 3097 1081 3156 ecclesiastica
1116 3098 1187 3154 de
1220 3113 1388 3155 manu
1420 3100 1576 3165 regis
1606 3101 2004 3173 episcopatum

359 3187 627 3256 extorsit,
660 3201 789 3242 cum
816 3188 1080 3243 maximis
1105 3188 1289 3259 pactis
1316 3189 1589 3260 praemiis,
1614 3194 1804 3246 tamen
1830 3192 2005 3247 etiam

360 3274 574 3330 fidelita
588 3279 699 3330 tem
720 3275 805 3330 illi
828 3274 1045 3331 faciens
1066 3275 1901 3350 interpositionejurisjurandi
1922 3279 2001 3336 ‘0‘.
2050 3274 2053 3277 ⁷

427 3368 513 3420 70.
551 3364 687 3436 (82.)
730 3362 1111 3420 Contulerant
1153 3379 1217 3420 se
1258 3364 1326 3420 ad
1371 3366 1636 3422 eumdem
1685 3368 2005 3440 principem

355 3453 468 3509 duo
494 3453 780 3523 quondam
809 3454 1300 3524 pseudoabbates,
1328 3455 1631 3511 Guolbodo
1654 3457 1839 3513 sancti
1868 3459 2006 3516 Lau-

362 3541 533 3597 rentii
566 3547 625 3597 et
657 3542 850 3612 Leupo
884 3541 1070 3597 sancti
1104 3541 1405 3613 'l‘rudonis,
1444 3558 1590 3613 quos
1620 3546 1921 3604 convictos
1948 3555 2009 3605 et

360 3629 910 3698 excommunicatos,
982 3629 1326 3686 criminibus
1395 3632 1676 3703 probatis,
1742 3635 2010 3695 dominus

359 3717 645 3773 Henricus
676 3718 748 3773 ab
779 3717 1080 3789 episcopio
1124 3719 1421 3776 leodiensi
1464 3722 1771 3793 expulerat
1798 3723 1883 3780 ω’.
1922 3726 2009 3783 Ηἱὶ

354 3805 555 3862 audita
589 3805 715 3874 ejus
747 3809 931 3862 morte
962 3806 1197 3864 adducti
1225 3808 1278 3864 in
1304 3824 1461 3881 spem
1495 3814 1877 3883 recuperandi
1913 3814 2012 3872 ho-

360 3894 538 3964 noris,
567 3897 627 3950 et
654 3894 757 3966 ipsi
787 3894 935 3966 pacti
961 3902 1098 3951 sunt
1122 3898 1422 3968 pecuniam
1448 3899 1721 3973 principi.
1757 3903 2011 3962 Obertus

365 3997 597 4054 quoque
625 3983 1060 4040 restitutionem
1093 4000 1295 4042 eorum
1326 3986 1396 4043 ad
1425 3989 1673 4057 gratiam
1705 3990 1833 4061 ejus
1854 3993 2015 4063 jura-

357 4073 459 4143 vit,
494 4071 629 4128 illos
652 4086 885 4143 quoque
908 4088 1103 4130 secum
1130 4074 1402 4132 Leodium
1427 4076 1669 4134 deduxit
1699 4079 1822 4151 (an.
1852 4085 1977 4139 1091
1995 4134 2010 4160 ,

2117 3102 2323 3159 amodo
2340 3101 2881 3159 communicandum
2900 3102 3229 3156 censerent.
3250 3096 3333 3153 Ad
3346 3096 3471 3153 haec
3486 3096 3776 3164 Berenge-

2117 3206 2219 3248 rus
2253 3190 2463 3246 timens
2493 3188 2681 3245 eidem
2713 3187 2979 3245 ecclesia:
3011 3201 3118 3257 pro
3150 3183 3417 3256 periculo
3457 3182 3769 3253 temporis,

2118 3278 2305 3350 ipsius
2322 3278 2495 3335 etiam
2513 3277 2744 3334 abbatis
2758 3280 3087 3332 retractans
3103 3273 3537 3345 simplicitatem
3555 3269 3777 3327 insum-

2116 3367 2365 3424 cientem
2401 3366 2534 3423 huic
2562 3370 2741 3423 tanta:
2771 3363 3112 3434 defensioni,
3147 3361 3453 3431 subiunxit
3482 3359 3768 3418 neminem

2119 3456 2429 3527 inquinari,
2447 3455 2556 3512 nisi
2609 3471 2643 3510 x
2658 3468 2948 3512 consensu
2969 3452 3180 3509 mentis
3196 3469 3210 3518 ;
3227 3465 3290 3507 se
3303 3450 3537 3521 quidem
3551 3448 3773 3505 violen-

2120 3550 2211 3602 ter
2224 3543 2550 3613 expulsum,
2566 3548 2623 3600 et
2640 3542 2770 3599 ideo
2788 3542 2934 3599 alias
2950 3541 3057 3598 sibi
3074 3541 3466 3597 secedenuum
3484 3556 3497 3591 :
3514 3536 3628 3608 ipsi
3641 3550 3768 3593 cum

2121 3648 2261 3706 pace
2280 3633 2406 3690 loco
2423 3647 2528 3690 suo
2546 3631 2954 3703 persisterent,
2978 3642 3165 3700 neque
3189 3626 3527 3683 inimicitias
3548 3631 3769 3681 temere

2119 3722 2346 3794 aliquas
2393 3722 2446 3777 in
2498 3736 2562 3779 se
2612 3719 2988 3789 suscitarent,
3041 3732 3172 3776 cum
3204 3716 3274 3773 ad
3308 3718 3417 3773 hoc
3449 3729 3617 3771 nemo
3664 3728 3765 3770 eos

2121 3812 2310 3869 adhuc
2341 3810 2697 3882 impelleret;
2731 3814 3006 3867 caverent
3029 3806 3262 3863 omnino
3284 3820 3355 3861 ne
3378 3802 3768 3861 inconsultius

2119 3900 2240 3959 tale
2263 3899 2402 3971 quid
2425 3899 2770 3968 inciperent,
2806 3897 2961 3969 quod
2995 3895 3343 3968 quandoque
3365 3892 3452 3950 eis
3476 3892 3765 3964 incepisse

2125 3989 2455 4063 paeniteret,
2500 3986 2798 4059 respondit
2840 3987 3023 4043 abbas
3053 3999 3119 4041 se
3149 3997 3381 4056 quoque
3421 3981 3512 4039 sui
3541 3986 3603 4037 et
3636 3995 3765 4038 suo-

2122 4092 2251 4136 rum
2299 4091 2429 4135 esse
2477 4076 2816 4146 sollicitum,
2864 4074 3034 4131 malle
3065 4087 3129 4130 se
3159 4073 3437 4129 Obertum
3470 4068 3761 4126 oﬂ'endcre

358 4165 519 4233 Dec).
560 4161 964 4219 Dissimu‘avit
1000 4168 1193 4220 tamen
1235 4164 1465 4222 interim
1509 4181 1637 4238 qum
1682 4158 2017 4242 intenderrf,
2125 4181 2295 4240 quam
2326 4168 2532 4232 Deum;
2563 4165 2612 4221 si
2646 4164 2775 4235 quis
2805 4169 2961 4221 esset
2994 4161 3234 4231 Dnmini,
3272 4163 3679 4233 perseveraret
3708 4158 3755 4214 ei

363 4262 556 4321 agere,
583 4248 767 4305 donec
790 4256 1168 4308 consecratus
1190 4251 1441 4309 Colonize
1467 4254 1586 4319 (an.
1617 4260 1772 4323 1092,
1800 4257 1928 4315 Feb.
1956 4259 2012 4329 1)

368 4338 640 4395 ﬁdentior
670 4341 824 4394 esset
853 4337 905 4394 in
932 4337 1315 4408 malignitatis
1344 4342 1687 4401 exercenda
1714 4343 1797 4402 1°“.
1832 4347 1889 4402 In
1918 4362 2013 4404 ea-

2123 4256 2214 4313 vel
2238 4256 2293 4311 in
2318 4254 2447 4313 loco
2468 4254 2794 4328 persistens
2814 4253 2905 4310 vel
2928 4252 2999 4309 de
3023 4252 3150 4309 loco
3171 4264 3368 4308 secum
3390 4248 3613 4305 exiens.
3647 4247 3759 4303 Fir-

2124 4348 2274 4402 mata
2305 4359 2446 4414 ergo
2473 4342 2857 4401 communiter
2887 4338 3217 4413 hujusmodi
3247 4337 3561 4407 sententia,
3589 4337 3758 4394 Theo-

368 4428 496 4483 dem
519 4432 711 4484 autem
737 4426 829 4483 die
853 4427 1206 4485 reversionis
1226 4443 1348 4487 suae
1367 4431 1660 4491 mandavit
1680 4435 2008 4507 Berengero
2036 4399 2093 4465 Β
2122 4434 2356 4491 dericus
2378 4438 2676 4504 assumpto
2693 4446 2890 4489 secum
2912 4399 3237 4498 Berengero
3257 4427 3504 4485 secessit
3520 4426 3573 4482 in
3596 4427 3759 4482 Fran-

364 4514 582 4585 abbati,
618 4519 680 4572 ut
714 4515 837 4572 sine
866 4514 1146 4573 dilatione
1167 4519 1238 4574 ab
1262 4519 1513 4576 ecclesia
1543 4523 1731 4579 sancti
1762 4524 2011 4583 Lauren-

358 4603 423 4659 tii
442 4601 795 4672 discederet,
816 4608 873 4659 et
895 4603 1252 4661 Guolbodoni
1280 4607 1572 4664 abbatiam
1595 4610 1776 4667 libere
1799 4612 2010 4670 haben-

362 4692 490 4749 dam
514 4690 891 4762 relinqueret.
918 4694 1283 4764 Berengerus
1301 4710 1371 4751 ne
1391 4696 1875 4758 irrationabiliter
1889 4704 2009 4761 cul-

360 4786 602 4851 paretur
632 4779 915 4849 abjecisse
945 4780 1254 4838 ecclesiam
1297 4797 1466 4853 quam
1509 4784 1778 4856 legaliter
1815 4805 2008 4848 susce-

359 4873 528 4939 perat
559 4868 891 4940 regcndam,
918 4869 971 4925 in
996 4870 1318 4929 crastinum
1351 4872 1569 4930 Oberto
1596 4889 1659 4932 se
1694 4884 2007 4944 praesenta-

354 4958 461 5027 vit,
483 4962 762 5016 causatus
787 4958 1022 5032 publice
1046 4975 1239 5017 eoram
1264 4961 1603 5021 melioribus
1622 4964 1901 5037 civitatis,
1925 4969 2007 5025 ni-

2119 4523 2290 4594 ciam,
2323 4526 2383 4579 et
2413 4537 2544 4580 cum
2576 4520 2956 4592 Raginaldum
2988 4521 3295 4575 Remorum
3327 4514 3657 4588 pontiﬁcem
3687 4514 3757 4571 de

2117 4617 2329 4669 eventu
2362 4626 2555 4668 rerum
2586 4609 3007 4668 consulendum
3046 4611 3415 4680 expeterent,
3448 4603 3545 4662 ille
3576 4603 3759 4675 priva-

2117 4702 2221 4759 tim
2238 4701 2675 4758 Ambianensem
2702 4697 3033 4771 pontificem
3053 4696 3382 4754 lberuinum
3401 4692 3759 4766 praemittens

2118 4789 2411 4847 mandavit
2450 4786 2819 4847 venientibus
2857 4800 2927 4843 ne
2956 4800 3019 4842 se
3048 4787 3098 4843 ei
3135 4787 3582 4858 praesentarent,
3627 4781 3757 4854 quia

2118 4879 2277 4937 nullo
2308 4878 2479 4937 modo
2510 4878 2597 4935 vel
2623 4878 2678 4934 in
2703 4878 2882 4935 verbo
2911 4875 2997 4933 vel
3023 4876 3078 4932 in
3101 4874 3302 4934 osculo
3330 4874 3417 4931 eis
3449 4872 3760 4931 communi~

2115 4968 2437 5041 caret,‘nisi
2460 4968 2688 5040 culpam
2718 4981 2876 5025 suam
2910 4966 3163 5023 fatentes
3188 4963 3526 5037 praemissus
3556 4962 3625 5019 ad
3656 4977 3759 5020 eos

1714 5090 1950 5151 VARI/IS
1990 5093 2389 5151 LECTIONES.

400 5194 610 5279 ffﬂita
644 5198 727 5265 1‘;
763 5198 1138 5258 subtraheret
1168 5199 1228 5259 et
1271 5201 1596 5262 attraheret
1626 5206 1713 5263 sd.

349 5265 605 5324 videtur.

1822 5207 1888 5242 ¹⁰⁸
1921 5210 2064 5268 hinc
2112 5216 2160 5266 1.
2189 5209 2396 5282 pergit
2503 5206 2571 5241 ί⁰⁵
2599 5207 2762 5266 deest
2788 5213 2837 5278 1,

2953 5206 3020 5240 ¹⁰⁸
3049 5206 3270 5264 iterum
3298 5204 3540 5262 verbum
3568 5203 3762 5264 deesse

1947 5376 2155 5434 NOTAE

243 5534 247 5545 .
341 5549 348 5555 η
431 5476 588 5555 (151)
614 5478 742 5539 scil.
783 5489 915 5556 post
952 5483 1246 5546 Victorem
1271 5485 1365 5545 III.

2209 5492 2360 5566 (152)
2389 5489 2767 5552 Hodierna.
