3948 6070
125 248 279 315 1418

1098 243 1579 312 CHRONICON
1623 245 1693 309 S.
1737 241 2096 308 HUBESTI
2134 242 2526 308 ANDAGIN.

3367 244 3521 307 1414

115 399 337 470 rueret,
375 399 436 457 et
473 399 632 457 omni
666 398 973 470 spurcitia
1004 398 1271 473 infectus
1309 398 1674 472 inquinatio:

1959 421 1988 463 s
2016 406 2179 477 Hugo
2206 406 2475 463 Romanae
2496 404 2764 463 ecclesiae
2787 404 3014 475 legatus
3032 407 3436 477 approbasset,
3460 411 3517 462 et

118 489 326 549 sancta
346 488 688 548 sanctorum
714 490 845 547 suis
878 487 1419 553 maledictionibus.
1461 487 1518 545 si
1525 488 1642 560 fas
1679 487 1770 545 est

122 579 270 649 dici,
285 577 741 635 contaminaret.
765 579 917 636 Ecce
935 592 1112 635 uerus
1123 577 1477 635 antichristi
1496 577 1762 645 satelles,

123 681 339 725 currus
366 666 642 725 sathana
670 666 727 722 et
763 666 962 733 fidelis
1001 667 1245 737 auriga,
1284 666 1558 723 Simonis
1601 665 1769 736 magi

124 757 399 829 quadam
418 754 756 814 similitudo
771 769 915 812 rera
924 756 1174 813 molitur
1197 755 1502 813 dest/ruere
1517 768 1771 826 regnum

128 846 382 915 Christi,
410 845 550 901 dum
570 845 792 902 sancta
808 845 1024 902 matris
1047 846 1303 902 ecclesia
1316 845 1542 902 statum
1567 857 1770 915 perse-

124 933 235 1006 qui
263 949 381 992 non
402 933 662 1003 desistit,
686 934 747 990 et
760 933 827 990 in
855 947 1065 1005 corpus
1091 947 1262 991 suum
1295 933 1594 991 trahicere
1614 931 1770 990 tabo-

122 1024 246 1094 rat,
286 1037 435 1094 quos
468 1022 749 1080 Christus
769 1036 978 1080 cruore
1004 1036 1109 1080 suo
1139 1022 1469 1080 redemitet
1495 1021 1698 1093 pascit
1715 1022 1774 1078 et

118 1111 310 1182 potat.
337 1113 515 1168 Tanti
541 1111 761 1182 capitis
779 1110 1021 1167 mortem
1049 1110 1368 1168 exinanire
1387 1111 1572 1183 cupit,
1614 1123 1770 1167 ooes-

124 1205 242 1263 quc
256 1190 1001 1249 tantosudoreSalcatoris
1019 1191 1291 1248 inventas
1306 1192 1477 1261 leoni,
1498 1191 1605 1263 qui
1626 1204 1771 1247 sem-

117 1295 231 1351 per
251 1279 595 1337 animarum
614 1280 959 1337 nostrarum
978 1281 1335 1351 sanguinem
1352 1280 1509 1350 sitit,
1522 1279 1773 1351 prodere

124 1360 579 1433 nonformidat,
613 1361 790 1417 immo
811 1374 1005 1418 omnes
1033 1362 1100 1416 in
1120 1360 1186 1416 ob
1214 1363 1469 1418 itionem
1496 1359 1774 1416 ueritatis

128 1448 407 1505 etodium
426 1448 745 1520 religionis
760 1462 957 1506 secum
955 1451 1346 1521 pracipitare
1350 1448 1637 1523 festinat.
1662 1448 1774 1503 Er-

125 1551 206 1608 go
235 1537 385 1608 quia
395 1550 554 1594 nunc
565 1544 823 1609 tempora
833 1537 1179 1609 pemculosa
1191 1550 1323 1607 qua
1331 1536 1631 1607 pradixit
1648 1550 1775 1607 apo-

126 1626 319 1684 stolus
346 1627 600 1696 instant,
639 1640 836 1684 omnes
866 1626 1025 1697 quod
1041 1627 1310 1699 professi
1329 1626 1474 1683 sunt
1490 1639 1613 1683 esse
1648 1640 1777 1683 con-

1876 495 1933 551 in
1984 499 2269 552 conventu
2294 494 2706 566 episcoporum
2769 492 3010 551 relatam
3068 494 3352 565 laudaret,
3395 510 3521 551 eam

1878 584 2230 641 auctoritate
2250 596 2355 640 sua
2377 597 2445 639 ex
2463 583 2642 638 llrmis
2665 582 2848 638 firmio
2860 583 3022 639 ribus
3058 582 3330 652 reddidit,
3344 582 3523 639 beati-

1878 671 2056 730 ﬂcans
2075 672 2383 729 ecclesiam
2406 672 2572 742 cujus
2593 677 2758 728 erant
2802 671 2948 729 tales
2972 672 3093 743 ﬁlii,
3117 672 3235 743 qui,
3256 672 3528 729 deﬁcien-

1877 762 2036 819 tibus
2051 762 2202 831 aliis,
2215 761 2919 833 persisterentcatholicae
2934 766 2994 816 et
3013 760 3351 833 apostolicae
3367 759 3523 828 fidei;

1876 857 1933 908 et
1960 852 2309 923 promittens
2332 851 2417 907 eis
2446 850 2721 907 auxilium
2746 851 3016 907 Romanae
3038 849 3304 907 ecclesiae
3330 857 3523 907 etsua:

1879 938 2207 1011 legationis,
2236 956 2305 996 ne
2320 940 2539 995 Oherto
2562 940 2873 997 subessent
2903 938 2995 996 vel
3021 939 3519 995 communicarent

1876 1027 2105 1084 omnino
2155 1027 2486 1083 interdixit.

1947 1120 2033 1172 72.
2051 1117 2188 1187 (86.)
2213 1117 2495 1173 Othertus
2520 1116 2873 1172 amarieatus
2899 1114 3185 1171 relatione
3206 1119 3526 1185 gestorum,

1878 1209 1942 1262 ut
1965 1206 2194 1261 solebat
2214 1206 2438 1261 exarsit
2463 1206 2516 1261 in
2546 1207 2649 1275 ira,
2688 1211 2749 1261 et
2772 1204 2989 1276 saepius
3013 1204 3333 1276 complosis
3356 1205 3531 1260 mani-

1881 1294 2010 1363 bus,
2063 1308 2126 1351 se
2158 1295 2342 1366 ipsum
2375 1295 2681 1364 arguebat,
2716 1293 2805 1349 vel
2833 1293 2965 1365 quia
2999 1293 3175 1350 semel
3220 1307 3250 1348 a
3273 1307 3335 1349 se
3374 1307 3529 1349 com-

1879 1381 2048 1452 pulso
2071 1383 2282 1439 abbate
2301 1397 2414 1439 non
2445 1382 2794 1439 extorsisset
2820 1381 3113 1437 licentiam
3139 1381 3379 1437 nocendi
3405 1395 3530 1451 par-

1881 1470 2042 1526 tibus
2084 1472 2223 1539 suis,
2267 1477 2473 1528 exaeta
2521 1471 2634 1528 fide
2665 1470 2775 1527 sibi
2827 1471 2880 1525 in
2906 1470 3065 1527 nullo
3122 1468 3527 1537 dissentiendi,

1880 1559 1973 1615 vel
2016 1560 2168 1630 quod
2218 1574 2282 1616 se
2310 1560 2499 1617 adhuc
2538 1559 2951 1627 continuisset,
2996 1572 3105 1613 non
3157 1556 3531 1613 confundisse

1887 1649 2123 1719 penitus
2145 1649 2450 1705 ecclesiam
2485 1649 2570 1706 sic
2601 1649 2712 1705 sibi
2746 1646 3023 1704 rebellem
3067 1646 3253 1703 sancti
3285 1646 3528 1702 Huherti

130 1715 398 1808 tendant.
428 1716 521 1808 Si
534 1715 677 1773 tuba
697 1716 970 1773 sathana
982 1717 1256 1788 graviter
1286 1716 1541 1786 intonat,
1566 1716 1623 1772 et
1643 1715 1689 1771 te

1969 1737 2170 1793 utribus
2188 1738 2322 1793 inde
2337 1738 2623 1794 violenter
2643 1735 2923 1808 expulsis.
2942 1737 3055 1791 Nec
3077 1735 3174 1791 diu
3187 1739 3528 1805 conceptum

120 1802 433 1876 poralium
498 1803 777 1861 bonorum
826 1806 1101 1861 minatur
1175 1804 1515 1875 dispendia,
1575 1804 1779 1861 carnis

129 1885 315 1942 etiam
340 1886 704 1956 quandoque
726 1885 1032 1941 moritura
1048 1884 1327 1941 admonet
1338 1897 1561 1954 panas,
1596 1882 1781 1938 totum

130 1971 384 2029 libenter
425 1973 660 2030 Christi
699 1972 968 2043 excipiat
994 1973 1244 2035 caritas.
1268 1973 1337 2028 ut
1386 1984 1572 2042 neque
1598 1984 1776 2041 mors,

128 2074 323 2133 neque
362 2062 512 2131 cita,
556 2075 746 2133 neque
777 2061 997 2134 aliqua
1032 2062 1314 2119 creatura
1346 2060 1569 2117 terreat
1605 2073 1711 2116 nos
1748 2048 1787 2113 a-

135 2151 481 2222 defensione
507 2151 786 2208 veritatis
817 2151 875 2208 et
911 2151 1033 2207 zelo
1063 2151 1348 2223 justitia,
1400 2151 1530 2205 uta
1553 2148 1781 2220 gremio

132 2238 353 2297 matris
382 2239 642 2297 ecclesia
665 2253 1024 2312 nequeamus
1042 2239 1244 2309 avelli,
1276 2240 1336 2295 et
1361 2254 1400 2296 a
1428 2239 1643 2296 semita
1672 2240 1783 2294 Ito-

132 2341 330 2386 mana
345 2326 686 2386 exorbitare
698 2329 880 2386 sedis.
903 2329 1264 2400 Quapropter
1283 2341 1404 2397 eos,
1426 2342 1456 2383 ο
1470 2326 1651 2384 amici
1675 2327 1785 2384 Dei

135 2418 199 2476 et
216 2431 399 2490 usque
416 2415 584 2473 modo
600 2418 877 2475 veritatis
902 2417 961 2474 et
985 2416 1334 2475 sanctitatis
1364 2421 1609 2473 amator.
1630 2429 1678 2486 s,
1709 2415 1785 2472 lo-

138 2519 269 2562 cum
279 2504 558 2575 cestrum,
580 2504 647 2561 id
666 2504 755 2562 est
778 2504 949 2567 fidem
970 2503 1348 2573 catholicam,
1364 2503 1550 2561 nolite
1564 2502 1786 2560 desere-

139 2608 229 2665 re,
251 2593 319 2650 in
340 2595 543 2651 castra
560 2594 805 2651 Domini
826 2594 990 2665 lupos
1011 2607 1141 2651 cum
1145 2593 1370 2666 furore
1401 2594 1694 2650 irruentes
1720 2592 1788 2648 in

135 2673 434 2745 quantum:
442 2674 697 2747 potestis
711 2672 1041 2745 exturbato,
1062 2674 1288 2730 armati
1298 2675 1426 2745 fide
1438 2674 1496 2729 et
1513 2687 1616 2745 spe
1634 2669 1789 2729 caele-

134 2761 471 2833 stisgloria
486 2761 871 2831 corroborati,
887 2777 1050 2819 omne
1055 2777 1164 2834 pro
1175 2763 1410 2819 nomine
1420 2761 1786 2831 Jesuimpro-

129 2850 376 2924 perium
415 2852 748 2910 maximam
788 2852 1149 2923 dignitatem
1180 2851 1473 2922 reputate,
1508 2850 1790 2920 rapinam

142 2938 423 2997 bonorum
434 2941 766 2999 vestrorum
778 2954 909 2997 cum
920 2940 1151 3011 gaudio
1171 2940 1475 3011 suscipite,
1500 2939 1789 2996 contume-

144 3028 266 3086 lias
297 3029 670 3100 etcorporum
707 3030 1039 3086 vestrorum
1068 3028 1371 3086 crur-‘atus
1392 3028 1791 3084 certissimum

131 3099 513 3190 peccatorum
531 3118 860 3175 vestrorum
872 3118 1233 3174 medicamen
1262 3116 1622 3173 existimate.
1658 3113 1792 3171 Gto-
1818 3099 1867 3162 C

140 3206 244 3264 ria
283 3206 344 3263 et
359 3205 591 3263 divitia
633 3206 914 3264 Christus
947 3207 1031 3264 sit
1056 3206 1120 3263 in
1150 3205 1313 3263 corde
1330 3206 1539 3262 oestro.
1563 3204 1793 3260 Bonum

144 3295 521 3353 conscientia
532 3295 740 3352 uestra
753 3295 1152 3353 testimonium
1162 3295 1247 3352 sit
1264 3293 1429 3352 nobis
1443 3294 1682 3361 inde/lci
1692 3308 1793 3351 ens

144 3383 500 3454 consolatio;
528 3384 588 3440 et
598 3384 655 3442 si
675 3384 1129 3457 aliquantulum
1146 3399 1254 3456 pro
1272 3383 1525 3441 veritate
1542 3384 1796 3440 sustine-

147 3472 464 3545 tis,jidelis
486 3472 576 3531 est
594 3475 753 3530 Deus
792 3470 900 3545 qui
921 3488 1037 3530 non
1060 3474 1332 3545 patietur
1366 3487 1467 3528 eos
1514 3471 1795 3543 temptari

142 3574 331 3633 supra
348 3561 417 3619 id
434 3563 594 3635 quod
601 3562 851 3635 potestis
866 3580 880 3628 ;
895 3562 1001 3621 sed
1010 3564 1248 3619 veniens
1259 3561 1651 3618 eenietetnon
1675 3561 1798 3618 tar-

148 3650 337 3722 dabit,
368 3653 673 3725 facietque
706 3653 1055 3723 prooentum
1086 3652 1158 3707 ut
1192 3652 1491 3708 sustinere
1519 3650 1792 3720 possitis.

142 3739 223 3796 Si
241 3753 375 3795 vero
394 3740 586 3797 molas
611 3741 840 3797 leonum
854 3753 1006 3810 quas
1025 3740 1316 3795 Dominus
1336 3738 1402 3793 in
1422 3737 1523 3794 ira
1542 3751 1656 3794 sua
1667 3751 1796 3794 con-

130 3827 378 3901 fringet
395 3826 521 3883 tim.
540 3828 638 3897 tis,
666 3840 736 3883 ne
765 3841 867 3884 eos
898 3826 1177 3883 decorent
1193 3828 1249 3883 et
1265 3825 1684 3897 simplicitatis
1704 3839 1796 3881 oe-

145 3915 287 3974 sbra
302 3930 541 3975 cursum
552 3914 759 3987 aliquo
776 3915 943 3971 modo
944 3914 1313 3986 perturbent,
1329 3914 1526 3971 sancti
1537 3915 1797 3985 Benigni

149 4006 353 4063 domus
349 4006 576 4078 fugam
594 4004 856 4067 litiorum
868 4003 1125 4061 ecclesia
1139 4004 1203 4059 in
1232 4003 1464 4060 Christi
1482 4003 1693 4073 gratia
1708 4002 1796 4058 be-

146 4093 646 4167 nignesuscipiet,
660 4093 1211 4165 etpaupertatulam
1221 4092 1486 4149 nostram
1498 4091 1799 4151 voluntati

146 4186 358 4242 uestra
367 4198 485 4241 non
496 4182 695 4241 dicam
708 4182 871 4253 dare,
886 4182 993 4241 sed
1001 4182 1180 4254 quasi
1191 4182 1394 4239 vestra
1408 4180 1473 4214 ω
1484 4180 1648 4239 nobis
1667 4182 1798 4238 red-

146 4273 388 4331 dereoet
410 4273 982 4330 ministraresumus
988 4272 1215 4343 parati.
1257 4270 1644 4342 Quapropter,
1653 4270 1798 4343 fra-

151 4364 272 4422 tres
285 4362 618 4433 harissimi,
632 4360 753 4419 υἱνί
762 4362 872 4419 lem
884 4362 1153 4419 animum
1165 4361 1229 4416 in
1244 4373 1429 4417 causa
1458 4361 1572 4417 Dei
1586 4361 1792 4430 tenete,

149 4452 209 4510 et
226 4452 552 4523 aceritate,
568 4463 700 4525 qua
734 4451 1015 4508 Christus
1028 4450 1134 4519 est,
1149 4462 1223 4506 ne
1234 4448 1534 4506 excidatis
1562 4448 1797 4505 omnino
1825 4457 1879 4517 D

148 4540 432 4612 satagite.
463 4540 679 4597 Valete.
697 4541 774 4599 In
786 4540 954 4597 exitu
966 4538 1169 4596 Israel
1185 4538 1255 4594 de
1267 4536 1799 4609 Egyptosancti/i-

151 4629 291 4688 cata
312 4628 521 4700 estper
540 4630 862 4687 Dominum
872 4642 1015 4686 cera
1027 4626 1337 4701 confessio.
1376 4626 1520 4683 Huic
1555 4640 1801 4683 conven-

152 4717 236 4776 tui
256 4717 554 4789 praedictae
570 4717 997 4774 benedictionis
1013 4718 1104 4774 die
1125 4722 1344 4774 statuta
1363 4714 1803 4772 abbas'l‘heode-

152 4806 312 4862 ricus
336 4804 565 4863 studuit
585 4804 896 4876 interesse,
922 4805 1133 4861 abbate
1158 4806 1506 4875 Berengero,
1536 4805 1800 4860 Lamber-

151 4902 235 4965 to,
256 4892 1133 4964 Wiredo,Robertocomitatus,
1162 4907 1341 4964 prose
1376 4891 1616 4963 suisque
1649 4891 1803 4963 lega-

152 4988 276 5042 tum
289 4983 556 5041 ecclesiae
571 4984 843 5040 Romanae
860 4980 1361 5053 interpellaturus.
1381 4981 1801 5050 Cujuscausam

151 5089 283 5132 cum
304 5073 761 5145 suggerentibus
783 5070 1063 5145 praedicto
1096 5072 1336 5127 Jerunta
1361 5068 1571 5126 abbate
1616 5071 1803 5128 Divio-

155 5163 325 5221 nensi
366 5168 425 5220 et
472 5161 722 5220 Radulfo
773 5162 984 5218 abbate
1026 5159 1375 5218 Virdunensi
1420 5160 1591 5234 (157),
1644 5164 1800 5218 dom-

1893 1827 2145 1882 furorem
2170 1825 2540 1882 dissimulare
2569 1826 2779 1897 potuit,
2807 1824 3170 1894 collectaque
3194 1837 3363 1878 manu
3390 1822 3537 1877 mili-

1891 1916 2002 1971 tari
2036 1916 2104 1971 ad
2125 1916 2541 1971 monasterium
2563 1916 2759 1970 venire
2778 1914 3088 1985 disposuit,
3105 1917 3162 1968 et
3179 1912 3535 1982 hospitatus,

1887 2005 2175 2074 Nasanize,
2207 2003 2453 2060 nuncios
2473 2005 2763 2059 adventus
2796 2002 2886 2057 sui
2911 2001 3187 2072 prtemisit
3215 2001 3282 2056 ad
3300 2000 3534 2068 fratres,

1888 2099 1950 2149 ut
1987 2093 2040 2147 in
2065 2094 2380 2149 crastinum
2412 2094 2464 2147 ei
2489 2092 2732 2147 honeste
2756 2090 3165 2161 procederent,
3195 2095 3254 2145 et
3286 2093 3346 2145 ut
3370 2088 3538 2145 dece-

1892 2181 1989 2237 bat
2026 2180 2395 2237 Leodiensem
2420 2180 2755 2252 episc'0pum
2780 2179 3107 2235 venientem
3143 2176 3533 2248 susciperent;

1890 2270 2276 2326 comminatus
2305 2268 2715 2325 vindicandum
2741 2268 2795 2322 in
2819 2282 2944 2335 eos,
2969 2266 3080 2322 nisi
3102 2265 3275 2321 solito
3303 2279 3538 2322 accura-

1892 2358 2012 2415 tius
2035 2362 2092 2414 et
2117 2358 2498 2430 sollempnius
2523 2358 2576 2412 id
2603 2360 2871 2427 agerent.
2903 2353 3537 2424 Prannissisapparito-

1891 2447 2057 2504 ribus
2086 2452 2143 2502 et
2196 2449 2343 2503 hanc
2379 2444 2872 2516 extorquentibus
2920 2442 3225 2499 minaciter
3267 2441 3531 2513 gloriam,

1894 2551 2062 2592 nemo
2112 2536 2418 2607 respondit
2472 2536 2542 2591 ad
2592 2534 2875 2605 gratiam;
2919 2532 3018 2589 sed
3067 2546 3138 2588 ne
3177 2531 3536 2588 conticuisse

1893 2625 2129 2681 omnino
2162 2624 2335 2680 nimia
2359 2624 2661 2681 videretur
2685 2621 3026 2692 indignatio,
3057 2634 3263 2691 quassa
3309 2624 3535 2676 tantum

1893 2728 2037 2770 voce
2069 2713 2431 2771 Gislebertus
2454 2713 2614 2784 prior
2630 2710 2775 2766 dixit
2794 2725 2857 2766 se
2888 2714 2948 2766 et
2984 2711 3198 2765 fratres
3221 2723 3400 2780 super
3428 2708 3538 2764 hiis

1896 2802 1952 2857 in
1985 2817 2291 2859 commune
2312 2802 2708 2869 consulturos,
2735 2806 2794 2854 et
2810 2814 2914 2870 pro
2936 2813 2998 2854 re
3021 2803 3078 2853 et
3105 2803 3368 2869 tempore
3401 2798 3539 2868 quid

1897 2892 2088 2947 facere
2121 2892 2402 2947 deberent
2428 2905 2489 2946 se
2524 2889 2804 2945 facturos.
2828 2888 2889 2943 In
2921 2886 3238 2943 crastinum
3264 2885 3336 2941 de
3368 2900 3542 2957 nego-

1894 2981 1981 3036 tio
2015 2977 2570 3049 tractantibus,licet
2601 2978 2946 3049 quibusdam
2968 2980 3199 3032 nutaret
3223 2974 3278 3029 in
3303 2974 3538 3031 occulto

1898 3069 2029 3124 ﬁdei
2072 3069 2402 3125 tenerrimis
2432 3072 2642 3137 status,
2679 3066 2735 3121 in
2764 3065 2911 3121 hanc
2945 3069 3136 3120 tamen
3192 3063 3537 3120 sententiam

1900 3157 2439 3214 discessitomnium
2472 3154 2678 3211 melior
2709 3168 3028 3211 consensus
3060 3171 3071 3206 :
3105 3151 3427 3222 legitimum
3468 3152 3539 3207 ab

1901 3247 2093 3302 batem
2116 3245 2201 3301 eis
2231 3258 2506 3316 praeesse,
2542 3242 2807 3314 quamvis
2838 3241 3210 3309 contingeret
3238 3255 3369 3296 eum
3404 3244 3542 3296 tunc

1901 3335 2129 3404 abesse,
2153 3348 2354 3389 eorum
2384 3331 2673 3388 communi
2695 3345 2942 3387 assensu
2968 3329 3126 3385 illum
3170 3329 3243 3383 ab
3266 3329 3543 3399 episcopo

1903 3422 2234 3492 dissentire,
2262 3422 2386 3478 sine
2424 3420 2783 3477 conscientia
2815 3418 2940 3488 ejus
3000 3432 3114 3473 non
3170 3415 3385 3472 debere
3440 3430 3544 3472 eos

1903 3511 2172 3583 cuiquam
2216 3510 2462 3565 maxime
2493 3524 2622 3565 cum
2668 3507 2934 3579 periculo
2975 3506 3107 3562 ﬁdei
3158 3504 3492 3561 consentire
3526 3522 3540 3567 ;

1904 3601 2215 3657 convenire
2241 3602 2354 3655 Deo
2387 3598 2583 3670 potius
2630 3611 2798 3668 quam
2822 3595 3037 3650 homini
3087 3594 3346 3651 obedire.
3407 3594 3542 3649 Erat

1904 3694 2097 3746 autem
2129 3687 2510 3759 solempnitas
2555 3685 2833 3743 Johannis
2872 3684 3123 3756 apostoli
3189 3682 3318 3753 (an.
3360 3682 3541 3754 1093),

1907 3792 2016 3847 qua
2046 3777 2332 3834 recolitur
2353 3783 2488 3832 ante
2517 3782 2746 3847 portam
2779 3774 3035 3829 Latinam
3061 3772 3276 3829 missus
3297 3786 3327 3828 a
3357 3770 3546 3827 Domi-

1907 3866 2065 3921 tiano
2087 3880 2304 3922 caesare
2328 3865 2383 3918 in
2416 3865 2574 3920 dolio
2624 3863 2906 3919 ferventis
2952 3862 3065 3919 olei
3098 3861 3271 3931 (Mai.
3304 3863 3381 3933 6).
3409 3862 3545 3916 Post

1906 3954 2105 4009 habito
2136 3952 2317 4021 igitur
2370 3952 2580 4007 timore
2643 3966 2775 4007 cum
2821 3951 3033 4005 fratres
3073 3949 3334 4005 ordinem
3381 3963 3549 4005 suum

1906 4046 2358 4110 exequerentur,
2391 4044 2452 4094 et
2474 4052 2579 4095 suo
2614 4043 2876 4109 tempore
2900 4037 3017 4107 jam
3043 4038 3225 4105 major
3264 4035 3437 4092 missa
3468 4050 3554 4091 ce-

1907 4129 2259 4199 lebraretur,
2295 4141 2434 4184 ecce
2454 4126 2878 4199 superveniens
2903 4123 3554 4182 Othertuscumtumul-

1910 4224 1970 4276 tu
1998 4235 2055 4275 et
2084 4218 2167 4274 ira
2202 4222 2500 4289 patentem
2527 4215 2771 4272 intravit
2793 4214 3122 4284 ecclesiam,
3139 4218 3198 4269 et
3217 4213 3372 4269 nulla
3392 4227 3552 4269 reve-

1907 4308 2096 4365 rentia
2123 4306 2421 4380 praemissa
2437 4304 2886 4374 orationis,cum
2914 4304 3105 4360 furore
3129 4302 3184 4357 in
3209 4301 3550 4373 superiores

1907 4396 2204 4454 cancellos
2225 4410 2289 4453 se
2324 4394 2632 4466 proripuit,
2662 4390 3293 4464 manibusqueinjectis
3307 4390 3551 4448 diacono

1909 4485 2272 4557 evangelium
2307 4484 2521 4555 legenti
2558 4484 2769 4539 librum
2801 4481 3036 4551 clausit,
3069 4478 3399 4552 etcceptum
3439 4479 3557 4536 offl-

1913 4577 2066 4633 cium
2089 4576 2172 4632 ira
2209 4575 2472 4631 dictante
2491 4571 2999 4629 intermittendum
3029 4568 3549 4627 minaciteredixit.

1910 4664 2128 4721 Deinde
2163 4664 2344 4721 totius
2375 4677 2551 4719 morte
2575 4660 2908 4734 impatiens,
2943 4664 3180 4732 arrepta
3200 4656 3553 4717 sacerdotali

1913 4756 2064 4813 stola
2099 4755 2397 4809 ambonem
2425 4750 2492 4785 ¹⁴³
2522 4751 2807 4822 ascendit,
2868 4756 2924 4807 et
2957 4750 3082 4807 sine
3122 4748 3239 4806 ulla
3272 4750 3556 4804 retracta-

1914 4845 2072 4901 tione
2103 4843 2372 4900 abbatem
2404 4843 2704 4898 absentem
2722 4846 2778 4897 et
2796 4854 2899 4897 eos
2918 4840 3016 4911 qui
3050 4853 3248 4895 secum
3287 4837 3557 4893 exierant

1914 4934 2251 4991 nominatim
2284 4929 2830 4999 excommunicavit,
2849 4933 3128 4986 causatus
3160 4926 3392 4998 publice
3421 4938 3553 4982 eum

1916 5024 2159 5081 meliora
2187 5020 2460 5078 ecclesia:
2482 5023 2820 5076 ornamenta
2845 5018 3011 5088 quasi
3043 5016 3391 5086 sacrilegum
3424 5013 3555 5072 sub-

1914 5115 2173 5183 duxisse,
2207 5110 2320 5181 vel,
2356 5109 2511 5181 quod
2543 5107 2726 5177 magis
2755 5122 2887 5164 eum
2913 5106 3217 5178 gravabat,
3242 5103 3356 5164 sibi
3384 5103 3555 5176 quasi

1512 5286 1751 5345 VARIzE
1789 5283 2191 5347 LECTIONES.

226 5376 295 5413 ω
322 5379 416 5438 ita
438 5380 520 5437 1".
570 5381 771 5436 nostra
826 5375 894 5411 ¹¹³
927 5376 1236 5435 umbonem
1266 5380 1313 5432 1.

1737 5501 1938 5561 ΝΟΤΛΕ
1956 5546 1967 5561 .

231 5604 381 5677 (1ὕ7)
409 5603 467 5662 S.
500 5601 716 5664 Vitoni.
