3948 6070
365 204 373 214 ’
419 222 572 297 1415

1389 222 1868 289 CHRONTCON
1911 223 1978 288 S.
2025 220 2392 287 HUBERTI
2432 222 2832 286 ANDAG-N.

3718 223 3881 287 1416

417 380 918 440 excommunicato
967 394 1081 435 non
1135 379 1585 436 communicare.
1622 345 2061 449 Obstupefactis
2091 360 2145 420 Α
2169 377 2287 448 jam
2318 374 2559 433 multum
2592 377 2798 433 aberat
2827 376 2988 449 quin,
3013 383 3080 435 ut
3109 377 3350 450 dicitur,
3406 380 3639 451 gladio
3698 379 3875 435 melle

417 469 937 529 circumstantibus
962 468 1014 525 in
1032 468 1435 525 ammiratiune
1454 467 1534 523 sic
1549 467 1843 523 eﬂ‘renatae
1865 467 2065 522 immo-

421 556 762 626 derationis,
788 569 918 612 cum
951 555 1022 611 ad
1056 569 1121 610 ea
1154 569 1281 625 qua;
1303 554 1574 609 videbant.
1597 550 2064 610 scandalizat-en-

424 652 518 703 tur
541 644 775 715 singuli,
796 648 914 699 tum
931 641 1024 698 vel
1042 642 1286 697 maxime
1304 642 1523 712 pudore
1547 641 2059 712 aﬂlciebanturqui

423 750 552 791 rum
575 749 644 790 eo
672 737 946 790 venerant
973 731 1202 788 nobiles
1236 731 1368 787 laici
1391 736 1447 787 et
1476 736 1537 786 ut
1564 730 1777 802 quique
1801 729 1866 763 ‘1‘
1891 735 2060 787 erant

422 822 828 895 diligentiores
851 821 936 877 illi
959 820 1260 879 servandae
1291 820 1616 887 ﬁdelitatis;
1644 836 1674 877 a
1698 838 1812 893 quo
1834 822 1933 879 vix
1964 838 2063 894 op-

429 914 700 982 tinentes,
735 916 800 967 ut
830 910 991 981 quasi
1013 911 1068 965 in
1100 910 1345 966 consilio
1381 910 1722 981 loqueretur
1751 911 1857 981 eis,
1911 926 2062 967 com-

426 1001 629 1074 positis
672 999 1153 1070 suggestionibus
1186 999 1568 1056 elaborabant
1614 1013 1743 1056 eum
1783 1014 2061 1057 revocare

421 1090 533 1147 sibi
567 1090 820 1161 metipsi,
843 1089 1107 1145 dicentes
1140 1087 1299 1144 illum
1325 1087 1554 1157 quidem
1576 1087 2063 1157 justissimeiras-

423 1179 617 1249 ci,sed
649 1176 1135 1247 esseinjuriosum
1154 1177 1225 1232 ab
1248 1176 1330 1232 ira
1357 1177 1679 1248 sapientem
1702 1178 2056 1249 supervinci,

421 1267 685 1324 mirabile
717 1266 984 1322 omnibus
1007 1264 1187 1321 videri
1225 1280 1354 1322 eum
1380 1264 1664 1323 clausisse
1687 1266 2061 1323 etsicexcus-

422 1358 570 1415 sisse
601 1356 966 1426 evangelium
992 1354 1111 1425 Dei,
1145 1369 1206 1411 se
1226 1369 1331 1411 nec
1363 1354 1511 1410 velle
1547 1370 1652 1412 nec
1710 1371 1884 1427 posse
1941 1358 2060 1428 pati

420 1446 668 1503 officium
696 1444 847 1515 quod
878 1444 1260 1500 interdixerat
1318 1443 1567 1514 amplius
1590 1444 1973 1516 interrumpi;
2005 1447 2058 1502 in

420 1534 525 1590 tali
556 1534 787 1604 negotio
802 1548 914 1590 non
948 1532 1276 1599 temerarie,
1305 1531 1406 1587 sed
1432 1532 1707 1588 consulto
1730 1549 1879 1604 opus
1902 1550 2057 1605 esse,

422 1623 745 1695 praesertim
776 1637 905 1678 cum
936 1622 988 1677 ei
1029 1621 1300 1677 subesset
1339 1624 1602 1691 potestas
1639 1621 2061 1694 cujuscumque

2176 464 2444 535 lito(158)
2473 464 2749 521 deficeret
2781 465 2896 537 jam
2930 481 3090 537 paene
3128 473 3423 539 prostrata
3492 469 3554 525 in
3585 468 3694 525 eis
3722 470 3875 524 veri-

2178 555 2314 610 tatis
2336 553 2616 622 defensio,
2643 554 2751 610 nisi
2775 556 3143 613 subvenisset
3165 557 3256 613 vel
3278 559 3406 615 solo
3432 559 3700 630 pudore
3730 573 3863 630 pan-

2176 642 2353 700 Iulum
2370 646 2639 699 cunctata
2660 644 2889 699 consilii
2922 645 3092 700 ratio.
3128 647 3488 704 Secedentes
3515 649 3861 718 namqueit:

2177 740 2398 805 partem
2430 733 2642 788 fratres
2671 732 3014 791 consulendi
3045 735 3257 806 gratia,
3292 750 3422 794 cum
3459 737 3856 807 aliquamdiu

2174 822 2514 878 dubitarent
2544 836 2614 877 an
2638 822 2995 878 desisterent
3016 836 3086 878 an
3107 824 3496 895 persisterent
3516 826 3581 882 in
3624 832 3857 882 senten-

2172 911 2274 979 tia,
2306 910 2539 966 tandem
2572 909 2795 982 placuit
2839 911 3108 969 omnibus
3129 913 3309 969 nichil
3360 915 3685 984 agendum
3733 916 3852 970 sine

2174 999 2404 1055 abbatis
2433 999 2817 1069 conscientia,
2837 1014 3004 1070 quem
3020 1000 3180 1058 nullo
3205 1001 3390 1059 adhuc
3415 1002 3695 1072 legitimi
3725 1017 3847 1059 exa-

2175 1087 2573 1157 minisjudicio
2598 1088 2872 1144 videbant
2889 1090 3550 1162 depositum,quemquc
3566 1093 3845 1148 sciebant

2172 1176 2388 1233 nullius
2419 1177 2681 1233 criminis
2705 1178 3216 1250 objectionejuste
3255 1182 3701 1252 deponendum
3736 1183 3847 1250 ;in.

2174 1265 2377 1322 ducias
2412 1266 2605 1337 potius
2640 1266 2710 1322 ab
2742 1267 3018 1338 episcopo
3042 1275 3411 1339 expeterent,
3439 1270 3648 1326 donec
3678 1270 3843 1326 missa

2172 1354 2461 1424 legatione
2480 1356 2748 1411 abbatem
2779 1356 3081 1427 superhiis
3103 1358 3512 1427 convenirent,
3541 1364 3610 1415 et
3649 1361 3706 1416 si
3728 1375 3846 1431 pos-

2175 1449 2302 1499 sent
2338 1443 2649 1514 impetrata
2683 1444 3047 1500 immunitate
3079 1444 3264 1502 libere
3283 1447 3555 1503 veniendi
3593 1434 3849 1504 etiece-

2176 1533 2347 1589 dendi
2370 1548 2562 1590 secum
2586 1533 2745 1587 illum
2764 1534 3149 1590 deducerent.
3183 1534 3343 1601 Quod
3366 1551 3497 1593 cum
3516 1536 3846 1594 difﬁculter

2177 1622 2653 1692 optinuissent,et
2677 1626 2801 1679 tres
2823 1623 2891 1678 ad
2911 1624 3181 1679 abbatem
3198 1625 3843 1683 fratresdestinassent

418 1710 617 1782 vellet,
648 1709 1143 1767 convenientioris
1194 1712 1386 1764 tamen
1426 1710 1729 1766 vindictae.
1794 1710 1879 1767 Ad
1938 1712 2059 1769 haec
2090 1722 2147 1783 Β
2179 1711 2329 1767 inter
2357 1711 2639 1781 agendum
2674 1711 2906 1782 quidam
2927 1712 3312 1769 Bulonienses
3338 1712 3406 1746 ⁸1⁸
3429 1716 3747 1784 gregariis
3763 1731 3843 1772 sa-

420 1800 703 1856 Otbertus
734 1798 970 1855 erubuit
1013 1798 1478 1869 prwsumpsissc,
1517 1798 1805 1868 quodjam
1868 1800 2063 1857 sanior

419 1889 602 1944 nollet
634 1888 863 1957 fecisse,
899 1891 957 1942 et
991 1887 1221 1957 publice
1278 1888 1583 1943 confessus
1657 1895 1745 1943 est
1804 1904 1865 1945 se
1925 1896 2063 1948 tunc

417 1976 592 2033 etiam
624 1975 926 2031 maximam
948 1974 1308 2030 formidinem
1339 1976 1670 2047 pertulisse,
1703 1992 1832 2033 cum
1867 1979 2063 2035 subito

420 2065 779 2136 respexisset
809 2065 1021 2119 fratres
1052 2064 1449 2120 consistentes
1487 2065 1540 2119 in
1575 2068 1754 2121 choro
1771 2068 2058 2135 ordinate,

418 2159 475 2211 et
510 2153 846 2225 posthabito
873 2152 1023 2208 omni
1049 2153 1175 2223 ejus
1191 2153 1400 2208 timore
1436 2155 1553 2209 Deo
1577 2154 1685 2210 soli
1723 2164 2064 2212 reverenter

419 2242 739 2310 deservire,
765 2242 1008 2297 miratus
1039 2256 1167 2297 cum
1202 2240 1601 2311 indignatione
1619 2244 2064 2302 totettalesibi-

420 2318 547 2388 dem
568 2345 630 2387 se
661 2329 998 2400 offendisse,
1021 2345 1151 2386 cum
1167 2329 1279 2385 sibi
1296 2331 1624 2388 nuntiatum
1640 2338 1799 2388 esset
1816 2349 2063 2406 perpau-

416 2437 516 2479 cos
540 2437 594 2477 in
614 2421 740 2478 loco
782 2420 1148 2477 remansisse.
1185 2418 1410 2485 Quibus
1432 2422 1628 2477 statim
1673 2423 2057 2494 satisfaciens,

419 2511 572 2583 quod
635 2525 741 2567 eos
790 2509 1176 2581 inquietasset
1252 2508 1638 2581 inconsultus,
1683 2518 1746 2568 ut
1803 2519 2059 2584 coeptum

429 2599 679 2657 officium
712 2605 1145 2670 exequerentur
1201 2598 1500 2654 humiliter
1544 2600 1808 2671 expetiit,
1862 2607 1916 2657 et
1969 2618 2063 2659 ec~

432 2688 677 2745 clesiam
706 2673 875 2743 exiit.
898 2688 974 2743 Ea
999 2687 1092 2743 die
1120 2687 1308 2758 copiis
1340 2702 1533 2745 secum
1550 2689 2062 2761 delatispranden-

428 2784 520 2834 tes
551 2776 885 2849 plenissime
918 2776 1143 2841 refecit,
1162 2791 1271 2832 non
1290 2780 1346 2833 ut
1375 2779 1797 2847 regratiaretur
1818 2795 2061 2853 exaspe-

420 2874 584 2945 ratis,
620 2873 719 2931 sed
756 2879 820 2931 ut
850 2873 1062 2929 leniret
1104 2873 1325 2929 exeniis
1356 2889 1499 2944 quos
1540 2891 1650 2932 non
1682 2885 2061 2936 concusserat

418 2963 752 3020 terroribus
777 2962 1102 3018 intentatis.
1124 2964 1411 3019 Praeterea
1430 2979 1531 3036 per
1556 2967 1834 3036 quosdam
1850 2984 2061 3039 oppor-

417 3057 589 3109 tunos
621 3053 808 3124 partis
838 3067 958 3109 suae
990 3065 1190 3108 omnes
1224 3052 1776 3125 blanditiisambire,
1803 3056 2061 3127 singulo-
2091 3096 2139 3157 Ο

414 3156 541 3197 rum
578 3142 797 3197 animos
838 3144 1209 3213 attemptare,
1270 3140 1557 3198 ﬁrmiores
1611 3144 2054 3217 circumvenire,

414 3226 1069 3299 iniirmioresinvenire,
1122 3228 1507 3286 humilitatem
1531 3236 1592 3286 et
1640 3232 2056 3290 humanitatem

412 3329 549 3385 erga
580 3330 681 3372 eos
731 3317 1018 3373 attentius
1077 3318 1503 3389 commendare,
1553 3314 1870 3390 eorumque
1906 3321 2055 3376 utili-

413 3404 658 3476 tatibus,
695 3405 740 3461 si
774 3406 1056 3475 sinerent,
1110 3420 1171 3462 se
1196 3422 1556 3464 communem
1592 3409 1740 3464 fore.
1810 3412 1893 3466 Ita
1954 3402 2071 3482 per'

410 3507 548 3550 suos
580 3494 948 3565 attemptatis
968 3494 1315 3550 fratribusin
1333 3496 1651 3552 crastinum
1676 3498 2054 3568 semetipsum

406 3582 494 3637 eis
527 3582 907 3653 praesentavit
932 3582 1235 3652 Otbertus,
1262 3588 1319 3637 et
1354 3584 1617 3653 quamvis
1643 3584 1724 3638 illi
1746 3601 2054 3656 assurgere

407 3669 878 3739 dedignantibus,
899 3670 1354 3739 indignationem
1373 3678 1560 3727 tamen
1593 3688 1756 3730 suam
1789 3674 1910 3733 diss
1937 3692 2055 3733 mu-

408 3755 769 3827 laredoctus,
807 3758 971 3829 quasi
1006 3758 1210 3815 dolens
1236 3775 1340 3832 pro
1360 3760 1466 3831 eis,
1504 3769 1565 3818 ut
1598 3778 1727 3819 sese
1769 3764 2052 3822 baberent

408 3848 968 3920 coapitpercontari,
1004 3850 1391 3906 necessitates
1422 3866 1622 3908 eorum
1668 3866 1750 3909 ‘ac
1812 3854 1859 3910 si
1913 3870 2051 3912 suas

409 3951 709 4008 conqueri,
762 3943 1032 4009 paratum
1087 3954 1151 3996 se
1209 3939 1262 3994 in
1297 3941 1568 3998 omnibus
1617 3945 1929 4000 consulere
1988 3946 2053 4000 il-

411 4026 528 4083 lis:
568 4032 789 4083 tantum
875 4030 1065 4099 sopita
1115 4029 1269 4085 omni
1342 4032 1717 4088 contentione
1762 4035 2052 4090 consenti-

408 4120 540 4171 rent
585 4116 719 4186 sibi,
764 4116 1003 4173 mallent
1033 4116 1160 4187 ejus
1216 4120 1470 4190 experiri
1520 4120 1832 4178 amicitiam
1881 4138 2051 4194 quam

409 4204 792 4276 inimicitiam,
831 4213 1146 4277 pensantes
1177 4206 1346 4276 cujus
1377 4214 1534 4265 esset
1588 4212 1831 4282 pcrieuli
1879 4212 2051 4269 talem

407 4294 787 4365 pessumdare
859 4294 1169 4351 ecclesiam
1197 4306 1257 4352 et
1314 4296 1775 4355 ecclesiasticam
1810 4300 2055 4373 dissipa-

406 4396 469 4440 re
502 4383 1326 4451 familiam.Subclamantinus
1357 4385 1470 4442 hiis
1486 4386 1580 4458 qui
1608 4403 1740 4445 cum
1772 4404 1842 4445 eo
1885 4405 2053 4447 vene-

2179 1800 2465 1857 tellitibus
2487 1799 2750 1857 collectis
2781 1801 2931 1872 apud
2965 1801 3400 1873 Gruispontem,
3429 1802 3839 1862 latentibusin

2180 1888 2322 1946 silva
2357 1890 2584 1946 insidiis
2625 1890 2749 1946 vias
2770 1890 3155 1952 obsederunt.
3183 1897 3240 1947 et
3264 1892 3577 1949 duodecim
3595 1893 3841 1950 vehicu-

2178 1979 2229 2035 la
2260 1978 2574 2049 rapientes,
2609 1979 2821 2050 quibus
2846 1979 3247 2036 deducebatur
3287 1981 3631 2053 episcopale
3654 1984 3840 2038 servi-

2179 2067 2531 2136 tium,donec
2545 2082 2609 2124 ea
2627 2068 3049 2138 dividerentur,
3068 2069 3120 2124 in
3139 2075 3336 2126 castro
3351 2071 3687 2141 quodjuxta
3704 2084 3841 2131 erat

2178 2156 2420 2211 Mervolt
2450 2156 3193 2227 eoncluserunt.Vu1gante
3219 2159 3386 2229 fama,
3412 2174 3546 2230 quae
3572 2165 3631 2216 ut
3662 2175 3835 2216 suum

2177 2250 2266 2300 est
2298 2245 2368 2300 de
2392 2244 2643 2301 minimis
2672 2245 2895 2301 exaltat
2920 2246 3185 2315 maxima,
3216 2248 3548 2318 nunciatur,
3586 2248 3831 2316 Oberte,

2177 2348 2240 2389 se
2272 2348 2401 2390 cum
2428 2333 2549 2390 suis
2581 2334 2653 2388 ab
2684 2333 2930 2390 inimicis
2960 2334 3445 2407 circumventum,
3469 2337 3579 2393 hac
3596 2346 3659 2393 et
3700 2336 3835 2393 illac

2176 2421 2360 2477 latere
2390 2422 2445 2477 in
2475 2422 2638 2478 silvis
2666 2437 2886 2478 cuneos
2923 2423 3199 2495 hostium,
3237 2424 3370 2482 talia
3405 2426 3702 2482 neminem
3736 2442 3837 2484 au-

2174 2526 2397 2581 surum,
2430 2511 2539 2567 nisi
2574 2512 2800 2580 magnis
2826 2512 3051 2570 viribus
3070 2513 3374 2570 confisum.
3427 2515 3614 2587 Ccepit
3656 2532 3838 2572 unus—

2175 2600 2421 2670 quisque
2464 2601 2721 2671 pericula
2762 2605 2918 2657 metu
2948 2616 3055 2658 suo
3087 2603 3298 2673 metiri,
3333 2603 3481 2660 alius
3528 2603 3715 2661 alium
3761 2606 3834 2661 ad

2176 2689 2366 2758 fugam
2402 2689 2619 2744 hortari
2649 2706 2663 2756 ;
2695 2689 2895 2761 sicque
2919 2689 3179 2761 proxima
3205 2698 3376 2748 nocte
3405 2692 3724 2749 conductis
3751 2693 3836 2750 lo-

2173 2792 2370 2833 corum
2407 2778 2632 2849 peritis,
2703 2779 2917 2835 infecto
2943 2783 3179 2850 negotio
3205 2787 3444 2852 propter
3471 2781 3628 2852 quod
3660 2797 3833 2840 vene-

2174 2871 2324 2936 rant,
2352 2881 2450 2939 per
2477 2865 2743 2923 occultos
2768 2868 3066 2925 anfractus
3094 2870 3376 2926 Otbertus
3401 2872 3677 2927 recessit.
3720 2872 3829 2938 Qui

2172 2970 2311 3011 vero
2355 2955 2517 3012 missi
2572 2956 2797 3011 fuerant
2852 2956 2921 3012 ad
2981 2958 3303 3014 vocandum
3350 2960 3647 3029 abbatem,
3696 2977 3828 3017 cum

2174 3050 2463 3116 praesente
2478 3043 2715 3100 Dodone
2727 3045 2777 3099 ei
2800 3060 2993 3101 rerum
3015 3047 3276 3103 ordinem
3293 3049 3635 3106 retulissent
3666 3066 3826 3117 ;con-

2173 3133 2305 3189 silio
2337 3132 2593 3203 ejusdem
2632 3133 2879 3190 Dodonis
2901 3134 3085 3191 visum
3116 3144 3205 3193 est
3232 3137 3427 3194 abbati
3461 3154 3569 3195 non
3619 3155 3693 3197 se
3742 3142 3824 3196 in'

2170 3223 2487 3293 gerendum
2521 3227 2740 3279 temere
2772 3224 2937 3280 iratae
2953 3225 3253 3296 potestati,
3286 3227 3608 3285 cedendum
3641 3229 3821 3286 inter-

2171 3311 2305 3367 dum
2344 3312 2591 3368 fortunaa
2621 3317 2679 3367 ct
2714 3313 3176 3384 tempori,idque
3198 3328 3229 3369 a
3257 3315 3418 3372 nullo
3436 3317 3819 3389 sapienteim-

2169 3401 2487 3472 putandum
2514 3400 2762 3472 crimini,
2797 3417 2927 3458 cum
2960 3402 3083 3474 ipse
3116 3404 3388 3462 Dominus
3412 3420 3516 3478 pro
3546 3422 3817 3479 persecu-

2166 3490 2327 3544 tione
2359 3488 2428 3544 de
2452 3487 2690 3544 civitate
2723 3490 2779 3544 in
2812 3490 3113 3546 civitatem
3163 3492 3495 3562 fugiendum
3523 3509 3815 3566 praecepe-

2170 3577 2264 3631 rit.
2293 3577 2383 3632 Sic
2407 3576 2639 3631 interim
2660 3578 2871 3634 abbate
2892 3585 3185 3651 cessante,
3226 3596 3356 3638 cum
3382 3583 3690 3639 audiretur
3721 3584 3815 3638 Ot-

2169 3664 2376 3720 bertus
2403 3679 2433 3719 a
2470 3664 2595 3720 loco
2644 3667 2988 3737 recessisse,
3012 3668 3127 3738 jam
3161 3671 3424 3726 securior
3473 3672 3596 3742 ipse
3626 3673 3812 3728 abbas

2166 3752 2236 3808 ad
2271 3753 2683 3810 monasterium
2726 3755 2927 3811 venire
2977 3760 3314 3827 maturavit,
3367 3765 3424 3816 et
3457 3759 3811 3830 aliquamdiu

2166 3849 2424 3899 moratus
2457 3859 2584 3899 cum
2612 3844 2915 3915 fratribus,
2944 3845 2999 3901 in
3032 3850 3383 3905 sententiam
3415 3864 3584 3920 quam
3606 3852 3809 3906 tueba-

2166 3937 2263 3988 tur
2293 3947 2395 3987 eos
2420 3933 2700 4003 reposuit,
2734 3948 3052 4006 eorumque
3075 3936 3251 3993 rebus
3284 3953 3387 4009 pro
3434 3944 3692 4011 tempore
3723 3954 3810 3995 or-

2163 4020 2398 4091 dinatis,
2424 4022 2537 4077 Deo
2561 4021 2692 4078 illos
2712 4024 3086 4082 committens
3117 4027 3390 4083 recessit.

2236 4114 2321 4166 73.
2357 4108 2499 4181 (87).
2540 4111 2650 4166 Per
2680 4110 2831 4167 idem
2865 4118 3095 4183 tempus
3128 4116 3200 4171 ad
3260 4120 3630 4187 augmentum
3690 4116 3804 4189 epi-

2167 4199 2348 4271 sc0pii
2381 4200 2681 4270 qurerebat
2742 4200 3024 4259 Otbertus
3045 4219 3242 4261 emere
3263 4213 3521 4262 castrum
3549 4206 3798 4263 (.ovinia-

2166 4302 2294 4344 Cllill
2330 4289 2496 4361 (159),
2522 4288 2675 4358 quod
2700 4295 2827 4345 erat
2861 4292 3091 4348 comitis
3126 4293 3388 4351 Balduini
3415 4294 3556 4365 (160)
3605 4294 3798 4351 heredi

2164 4377 2407 4434 tarium.
2433 4377 2610 4449 Hujus
2626 4381 2840 4449 negotii
2864 4388 3212 4440 executores
3234 4383 3416 4455 elegit
3451 4383 3801 4455 Arnulphum

407 4474 559 4540 rant,
586 4472 803 4542 optime
852 4486 1156 4543 perorasse
1173 4453 1526 4546 pontiﬁcem;
1559 4492 1726 4534 omne
1747 4493 1814 4535 os
1850 4494 2051 4537 eorum
2082 4453 2137 4516 D
2167 4468 2527 4538 etWigerum
2546 4469 2757 4525 fratres
2779 4470 3081 4528 Tudetiani
3106 4453 3799 4546 castri(l6t)nobiliores,

409 4558 716 4616 adversum
730 4573 795 4616 se
810 4561 1239 4619 rationabiliter
1251 4563 1630 4637 conclusisse,
1649 4581 1759 4623 non
1775 4569 2053 4640 expedire

408 4648 496 4706 eis
519 4647 694 4705 talem
720 4648 905 4707 virum
937 4650 993 4706 in
1022 4667 1123 4708 sua
1155 4651 1323 4724 culpa
1362 4653 1628 4726 perdere,
1675 4658 1772 4728 qui
1807 4661 2053 4717 remisso

408 4738 785 4795 auctoritatis
813 4739 1071 4810 pondere
1103 4754 1215 4796 non
1239 4742 1939 4804 erubescebathumiliter
1958 4763 2055 4804 ex.

406 4841 673 4900 poscere,
692 4829 845 4899 quod
859 4828 908 4885 si
923 4826 1099 4886 vellet
1113 4832 1348 4900 poterat
1372 4830 1659 4888 violenter
1681 4849 1914 4905 cogere:
1932 4851 2046 4892 non

2169 4555 2265 4627 qui
2302 4562 2464 4613 tanto
2493 4558 2602 4613 sibi
2666 4557 2736 4613 ad
2769 4558 2878 4617 hoc
2934 4560 3284 4620 videbantur
3332 4563 3795 4635 Opportuniores,

2167 4651 2383 4716 quanto
2412 4647 2698 4718 przedicto
2730 4649 2925 4705 comiti
2987 4664 3058 4706 ex
3088 4651 3389 4709 vicinitate
3439 4652 3801 4724 privatiores.

2167 4734 2289 4801 Qua
2308 4735 2600 4791 functione
2627 4744 2857 4809 exacta,
2874 4754 3004 4795 cum
3029 4738 3374 4799 viderentur
3391 4741 3637 4799 Otberto
3662 4742 3805 4798 satis

2166 4823 2499 4881 deservisse
2521 4826 2592 4882 ad
2614 4827 2885 4900 gratiam,
2902 4834 3330 4901 suggesserunt
3355 4830 3465 4903 illi,
3481 4833 3803 4889 mercedem

1766 4951 2003 5011 VARle
2042 4955 2441 5016 LECTIONES.

479 5051 550 5087 “‘
576 5053 673 5115 ita
699 5053 782 5113 Γ.
824 5054 922 5128 qui
955 5060 980 5112 1
1000 5097 1014 5111 .
1068 5052 1134 5087 ¹¹⁸
1164 5053 1535 5117 Buloniensis
1559 5060 1618 5114 1.

1998 5171 2222 5228 NOTAE.

481 5284 631 5367 (1:58)
662 5285 1070 5367 Ilieronymum
1128 5285 1207 5345 ita
1237 5288 1459 5367 dixisSe
1509 5294 1717 5349 auctor
1775 5296 1865 5350 est
1917 5294 2052 5352 Era-

410 5366 574 5430 smus
603 5359 659 5413 in
682 5360 919 5430 Adagiis
953 5359 1284 5419 Latinorum
1318 5380 1334 5430 ;
1368 5362 1580 5420 iterum
1602 5368 1861 5422 occurrit
1882 5382 1933 5423 c.
1949 5371 2043 5423 89.

508 5430 632 5495 159)
664 5428 909 5488 C’ouv’in.

508 5430 632 5495 159)
664 5425 909 5488 σοπυῖπ.

480 5425 633 5642 ita;

510 5501 609 5556 160
661 5501 1002 5559 Montensis.

506 5501 633 5645 ηιξ
668 5569 885 5631 Thetin.
919 5573 1186 5647 Wigerul
1208 5576 1282 5635 de
1335 5574 1516 5636 Tudin
1545 5580 1638 5637 est
1669 5577 1824 5639 inter
1870 5582 2059 5639 testes

2160 5296 2471 5380 emptionis
2519 5301 2664 5380 acta;
2698 5302 2855 5380 1996,
2893 5303 3029 5380 Jun.
3108 5307 3176 5362 14
3227 5302 3447 5377 Leodii,
3480 5308 3639 5380 apud
3678 5307 3796 5367 Cha-

2205 5368 2603 5450 eavill:ll,_52_.
2630 5371 2740 5428 Sed
2772 5368 2914 5450 haec,
2929 5376 3093 5447 prius
3109 5381 3238 5434 acta
3257 5383 3415 5450 sunt,
3432 5368 3587 5436 'na'm
3612 5380 3798 5438 Armil-

2193 5454 2284 5496 um
2308 5440 2447 5498 abb.
2477 5442 2631 5512 ,Lob.
2685 5457 2745 5503 a.
2783 5440 2944 5503 409K
2973 5452 3267 5508 mortuum
3323 5440 3460 5510 esis
3512 5455 3796 5512 testantur

2161 5513 2287 5568 Ann
2307 5511 2692 5574 Laubionses.
