3948 6070
130 214 298 277 141⁸7

1136 194 1614 265 CHRONICON
1660 194 1729 256 s.
1763 189 2130 255 HUBERTI
2158 185 2550 287 ANDAGIN.

3383 186 3544 248 ’1418

117 365 293 436 huius
319 377 441 421 811$
468 358 836 419 executionis
854 371 964 414 non
991 352 1178 412 solum
1201 349 1287 408 ίΠί
1316 354 1558 424 paratos
1588 346 1785 404 remit—
1812 332 1869 392 Α
1898 364 2267 424 exasperare,
2302 348 2513 421 quibus
2544 345 2726 418 ignoti
2753 345 3003 403 hominis
3024 359 3329 419 personam
3351 348 3547 405 venia.

118 460 271 523 tere,
298 452 401 511 sed
424 456 482 509 ct
507 455 784 523 quantum
807 447 1070 521 placeret
1089 445 1139 500 ei
1164 443 1232 499 de
1259 456 1361 499 suo
1383 439 1634 502 addere;
1660 442 1786 493 tan-

125 547 247 600 tum
287 542 453 598 daret
493 538 783 595 abbatiam
824 533 1008 592 sancti
1049 530 1293 588 Huberti
1340 527 1569 585 cuidam
1619 525 1788 589 fratri

127 646 330 689 eorum
360 627 747 699 ingobrando,
781 623 965 681 sancti
1008 620 1165 677 Petri
1204 616 1456 676 ccenohii
1488 612 1791 671 Lobiensis

128 719 428 778 monacho.
469 716 606 783 Qum
630 729 726 772 res
743 728 873 771 cum
897 709 1151 768 difficilis
1174 708 1479 764 videretur
1520 704 1790 771 Otbcrto,

130 808 456 882 superstite
487 806 675 862 adhuc
712 804 924 859 abbate
958 799 1240 870 legitimo,
1275 796 1414 853 licet
1448 793 1563 882 sibi
1596 792 1794 848 inobe-

128 881 314 954 dienti
344 901 401 952 et
429 892 747 962 contrario,
804 887 1119 946 subintulit
1159 898 1418 958 praisens
1468 881 1546 938 ibi
1594 893 1793 937 comes

131 987 467 1059 Arnulphus
492 985 640 1057 (162)
661 996 842 1055 nepos
865 993 1089 1048 eorum,
1120 977 1169 1032 si
1203 974 1354 1048 quod
1385 988 1492 1046 pro
1520 973 1629 1027 hoc
1658 971 1787 1043 ipso

133 1076 608 1149 impedimentum
639 1075 899 1139 curaret,
933 1068 990 1124 id
1013 1067 1123 1124 sibi
1147 1063 1464 1122 curandum
1505 1059 1796 1130 relinque-

62 1203 69 1209 ο
132 1147 254 1232 ret;
289 1163 514 1220 felicem
560 1162 679 1217 fore
723 1158 829 1214 tali
871 1159 1256 1230 procuratore
1289 1151 1602 1220 abbatiam,
1635 1147 1793 1204 illam

134 1252 332 1326 nepoti
354 1266 462 1309 suo
480 1264 543 1307 se
561 1248 962 1307 committente
981 1260 1091 1301 non
1109 1241 1295 1300 multo
1315 1243 1448 1313 post
1468 1239 1524 1294 in
1542 1235 1794 1309 pristino

134 1325 298 1400 statu
327 1338 777 1398 reformandam.
815 1335 1097 1393 Othertus
1124 1346 1265 1402 ergo
1294 1344 1424 1388 cum
1456 1325 1795 1398 aliquandiu

136 1432 489 1502 fatigaretur
537 1433 626 1485 tot
675 1423 1163 1499 promissionibus
1210 1424 1266 1477 et
1317 1416 1639 1487 suffragiis,
1672 1419 1794 1471 tum

136 1535 278 1577 vero
310 1517 713 1590 impelleretur
741 1515 824 1570 ira
856 1517 915 1569 et
946 1512 1083 1568 odio
1111 1507 1456 1566 Theoderici
1487 1505 1596 1562 hoc
1625 1503 1795 1561 modo

135 1607 434 1680 ejiciendi,
474 1605 614 1663 licet
640 1603 970 1660 reluctante
994 1596 1355 1657 conscientia
1380 1610 1450 1651 ex
1468 1592 1689 1664 iudicio
1711 1605 1798 1647 ra-

138 1679 339 1766 tionis,
371 1693 670 1751 eonsensit
702 1696 896 1748 tamen
927 1702 1162 1761 Operam
1193 1686 1333 1743 dare
1366 1679 1798 1756 tantaeexordi-
1827 1698 1880 1758 Β

140 1784 380 1844 nationi.
428 1781 716 1839 Mandavit
761 1778 1010 1849 denique
1053 1773 1353 1845 Arnulpho
1394 1770 1662 1829 Lobiensi
1703 1769 1799 1824 ab-

143 1875 289 1946 bati,
340 1877 402 1930 ut
452 1871 523 1928 ad
575 1884 639 1927 se
691 1865 1039 1941 quantocius
1086 1864 1334 1931 veniret,
1369 1865 1430 1918 et
1459 1858 1799 1916 monacham

140 1978 313 2021 suum
354 1958 783 2031 lngobrandum
838 1969 1034 2012 secum
1086 1952 1426 2009 deduceret.
1481 1948 1800 2005 Deductum

139 2052 252 2109 sibi
280 2050 529 2107 liberum
555 2046 721 2104 reddi
751 2043 946 2117 jussit,
974 2056 1161 2113 eoque
1186 2042 1477 2112 praesente
1508 2035 1801 2093 ordinavit

141 2140 413 2197 abbatem
465 2135 730 2194 ecclesite
762 2132 948 2190 sancti
982 2130 1249 2200 Huberti,
1303 2127 1462 2186 nulla
1504 2124 1803 2199 praemissa

141 2229 390 2285 fratrum
424 2224 679 2297 regulari
711 2221 1026 2292 electione,
1060 2218 1219 2276 nullo
1252 2216 1488 2288 cognito
1513 2215 1567 2272 in
1594 2229 1664 2271 eo
1691 2228 1808 2270 me-

146 2318 265 2375 rito
292 2313 655 2373 maturitatis
677 2316 737 2368 et
758 2312 915 2368 vitai.
951 2308 1092 2365 Dein
1122 2307 1296 2364 missa
1330 2304 1625 2376 legatione
1655 2316 1811 2362 man-

143 2406 307 2465 davit
345 2403 629 2461 fratribus
655 2416 719 2459 se
742 2414 944 2458 eorum
969 2402 1025 2454 et
1051 2395 1411 2454 utilitatibus
1433 2398 1491 2451 et
1515 2392 1808 2451 honestati

153 2493 543 2564 consuluisse,
586 2488 839 2548 nobilem
872 2487 992 2545 illis
1022 2491 1079 2544 et
1115 2485 1260 2543 satis
1292 2484 1602 2542 humanum
1636 2483 1811 2539 abba-

151 2591 270 2642 tem
297 2583 620 2652 ordinasse,
653 2594 824 2638 orare
858 2581 920 2635 ut
949 2576 1137 2648 gratia
1172 2574 1258 2633 sui
1289 2572 1505 2631 amoris
1529 2571 1690 2629 illum
1713 2586 1813 2629 vo-

152 2673 408 2732 luntarie
438 2672 806 2743 susciperent
838 2666 925 2740 1“,
960 2667 1187 2739 sibique
1215 2681 1344 2725 cum
1370 2679 1439 2722 eo
1461 2666 1710 2720 venturo
1737 2661 1811 2716 fa-

151 2776 294 2819 vore
324 2761 524 2817 debito
554 2758 961 2831 procederent.
992 2756 1230 2817 Turbati
1254 2768 1454 2812 omnes
1478 2758 1592 2809 tam
1617 2750 1810 2814 subita

155 2863 350 2907 rerum
383 2848 831 2921 permutatione,
874 2863 1004 2906 cum
1048 2854 1178 2920 post
1219 2862 1583 2907 communem
1616 2847 1813 2904 ammi-

154 2938 444 2995 rationem
473 2936 545 2993 ad
578 2950 641 2993 se
670 2937 882 3008 singuli
916 2937 1200 3010 redirent,
1230 2943 1353 2997 tum
1377 2939 1629 3010 denique
1654 2940 1814 3010 post-

1901 444 1998 500 bat
2033 442 2318 512 ingerere.
2352 436 2624 495 Evocatis
2664 436 2843 507 igitur
2874 436 3175 507 fratribus,
3219 436 3424 494 indixit
3458 436 3544 495 eis

1902 531 1958 587 in
2008 544 2182 587 unum
2232 525 2558 596 convenire,
2609 540 2673 582 se
2728 523 3097 596 colloquendi
3151 525 3341 595 gratia
3394 524 3545 584 vello

1902 617 2387 677 convenientibus
2410 613 2794 679 intervenire.

1976 751 2063 806 75.
2101 748 2237 818 (89.)
2278 743 2507 802 Relicto
2547 742 2779 800 interim
2820 740 3210 813 Ingobrando,
3246 747 3307 800 et
3335 757 3554 800 assum-

1908 837 2021 911 ptis
2052 850 2248 893 secum
2280 848 2425 904 quos
2455 829 2794 889 affectanda
2820 830 2904 887 rei
2931 835 3173 887 noverat
3197 831 3455 902 idoneos,
3482 831 3553 888 ad

1908 927 2117 983 fratres
2142 921 2449 996 processit,
2481 935 2697 993 eosque
2727 918 2897 976 hilari
2930 919 3097 977 vultu
3129 918 3392 978 salutans
3422 935 3556 978 con-

1905 1016 2076 1073 sedit.
2105 1017 2173 1070 Et
2192 1010 2494 1085 praemissa
2515 1008 2836 1082 quastione
2856 1006 3144 1080 quomodo
3164 1023 3226 1065 se
3246 1009 3550 1080 haberent,

1906 1119 2073 1177 quem
2125 1103 2346 1160 exitum
2384 1104 2472 1159 tot
2509 1098 2675 1157 malis
2713 1099 2837 1157 suis
2873 1102 3201 1171 sperarent,
3253 1098 3553 1168 subiunxit

1905 1199 2145 1266 paterna
2187 1188 2607 1260 sollicitudine,
2650 1188 2804 1260 quod
2834 1202 3005 1245 suum
3034 1191 3182 1257 erat,
3215 1185 3333 1244 illis
3367 1187 3555 1259 provi-

1907 1283 2086 1352 disse,
2137 1294 2337 1338 eorum
2377 1276 2725 1337 desolationi
2769 1280 2992 1348 patrem
3036 1274 3304 1332 idoneum
3348 1290 3554 1348 procu-

1908 1384 2089 1438 rasse,
2122 1382 2367 1439 eumque
2397 1366 2514 1423 illis
2543 1364 2875 1422 adduxisse.
2910 1362 3035 1420 Illis
3067 1363 3138 1420 ad
3170 1363 3278 1419 hoc
3312 1363 3558 1420 reticen-

1906 1459 2088 1528 tibus,
2121 1464 2180 1515 et
2203 1456 2369 1529 quasi
2392 1471 2465 1513 ex
2486 1454 2689 1511 habitu
2720 1452 2875 1510 lassas
2907 1465 3042 1522 erga
3076 1467 3134 1509 se
3169 1451 3405 1523 pietatis
3437 1450 3560 1509 vul-

1910 1553 2030 1604 tum
2054 1546 2293 1603 interra
2319 1541 2767 1611 declinantibus,
2802 1555 2874 1597 ex
2905 1539 3016 1597 hiis
3044 1540 3138 1611 qui
3164 1545 3559 1596 convenerant

1910 1651 2015 1709 pro
2048 1650 2149 1692 sua
2182 1634 2430 1706 quisque
2461 1630 2721 1704 potentia
2754 1629 2933 1701 coepit
2966 1629 3299 1686 tacentibus
3320 1644 3559 1686 succen-

1912 1741 2040 1783 sere
2066 1743 2079 1782 :
2104 1721 2428 1797 huiusmodi
2456 1725 2686 1792 gestum
2718 1733 2957 1775 summie
2990 1717 3241 1774 feritatis
3270 1722 3328 1774 et
3362 1717 3558 1775 immo-

1913 1814 2132 1871 derataa
2164 1810 2593 1882 dedignationis
2617 1823 2783 1874 esse;
2811 1811 3085 1864 extremae
3116 1806 3297 1862 videri
3332 1806 3560 1862 demenv

1916 1903 2031 1973 tiaa,
2065 1901 2149 1958 sic
2192 1898 2326 1956 illos
2366 1897 2515 1955 velle
2556 1897 2833 1969 episcOpo
2887 1894 3190 1951 Leodiensi
3239 1894 3558 1960 obsistere;

1916 1992 2091 2048 nimia
2112 1988 2266 2062 apud
2289 2002 2390 2045 eos
2412 1985 2692 2059 patientia
2720 1984 2882 2041 illum
2911 1983 3170 2054 viluisse,
3207 1982 3303 2055 qui
3326 1990 3440 2040 tam
3467 1982 3565 2041 diu

1917 2080 2286 2137 insolentiam
2306 2091 2505 2133 eorum
2524 2074 2610 2131 sic
2632 2074 2866 2146 impune
2886 2072 3261 2144 pertulisset;
3289 2072 3568 2130 fratribus

1917 2175 2155 2227 econtra
2191 2164 2421 2239 publice
2449 2163 2835 2221 causantibus
2861 2166 3077 2234 praeter
3109 2161 3296 2232 legem
3328 2176 3391 2218 se
3426 2177 3571 2235 prae-

1918 2256 2172 2330 gravari,
2207 2254 2354 2311 satis
2383 2264 2676 2324 superque
2714 2249 2993 2320 iniustum
3024 2256 3081 2306 et
3112 2249 3458 2322 iniuriosum
3488 2251 3571 2307 vi-

1922 2347 2045 2406 deri
2081 2346 2351 2403 abbatem
2390 2339 2741 2398 habentibus
2772 2339 3043 2396 abbatem
3074 2339 3476 2410 superinduci,
3508 2345 3570 2397 et

1921 2437 2030 2493 hoc
2050 2435 2239 2506 ipsum
2259 2429 2478 2489 nullius
2494 2443 2695 2486 eorum
2715 2441 2847 2484 esse
2866 2426 3218 2497 cognitionis
3237 2425 3568 2499 nulliusque

1923 2524 2196 2596 legitima:
2215 2518 2538 2579 electionis.
2564 2517 2907 2587 Indignatus
2923 2520 3013 2573 est
3035 2516 3314 2573 Othertus
3330 2529 3393 2574 se
3415 2531 3574 2574 suos-

1924 2628 2035 2687 que
2066 2609 2337 2669 concludi
2368 2614 2482 2666 tani
2515 2605 2769 2664 evidenti
2803 2605 3050 2676 ratione,
3076 2602 3312 2676 iamque
3340 2606 3570 2662 ordina-

1922 2703 2137 2773 tionem
2168 2714 2330 2757 suam
2364 2697 2587 2777 irritam
2620 2709 2773 2767 esse,
2809 2694 2916 2752 nisi
2949 2695 3420 2752 contradicentes
3449 2695 3569 2752 vio-

1924 2791 2100 2848 lentia
2124 2787 2501 2860 opprimeret,
2534 2782 2863 2857 postposita
2888 2783 3043 2840 omni
3067 2783 3344 2840 canonica
3377 2789 3573 2842 aucto-

1924 2880 2119 2936 ritate.
2156 2879 2224 2934 Et
2258 2891 2327 2933 ne
2358 2875 2495 2947 quid
2526 2874 2892 2945 inexpertum
2919 2871 3276 2943 relinqueret
3300 2887 3437 2945 erga
3460 2873 3571 2930 sibi

1924 2967 2306 3036 obsistentes,
2325 2962 2573 3022 semelet
2590 2962 2822 3029 iterum,
2841 2960 2977 3017 licet
3001 2963 3354 3019 retineretur
3372 2963 3444 3018 ab
3463 2963 3568 3033 eis,

154 3026 628 3128 posnafericu.“
662 3026 1011 3128 necessitaf‘e
1034 3028 1211 3128 098p"
1237 3028 1540 3128 “meum:
1571 3040 1814 3128 3PM?
1844 3054 1892 3118 C
1923 3072 1985 3116 se
2006 3056 2252 3128 pedibus
2270 3026 2467 3112 eorum
2492 3051 2793 3123 temptavit
2810 3026 3392 3121 vprosternere,utvel
3413 3026 3570 3108 tanta

160 3132 242 3187 re,
279 3116 417 3188 quid
450 3116 603 3187 apud
635 3131 924 3189 quemque
956 3118 1242 3175 hactenus
1273 3119 1538 3190 viguerat
1575 3117 1812 3175 virtutis

159 3219 377 3275 amore,
421 3205 699 3291 quicquid
740 3204 805 3239 “7
848 3206 1098 3264 latuerat
1140 3207 1532 3266 simulationis
1568 3206 1812 3272 timore;

160 3293 441 3363 gravabat
480 3292 639 3350 viros
676 3294 916 3352 virtutis
959 3295 1251 3354 inimicum
1300 3296 1534 3354 humani
1579 3293 1816 3367 generis

164 3383 475 3439 adversum
506 3396 610 3439 eos
640 3383 726 3439 sic
757 3397 923 3441 suum
957 3386 1309 3457 malignasse
1350 3384 1679 3459 consilium,
1724 3399 1817 3443 su-

165 3470 963 3532 seitabatcensoresextincti
981 3475 1222 3548 pudoris
1238 3476 1523 3537 affectata;
1536 3479 1817 3537 novitatis

165 3561 251 3618 sic
277 3562 364 3618 eis
392 3562 733 3634 provenisse
761 3563 1235 3623 emolumentum.
1271 3566 1391 3625 illis
1420 3583 1524 3640 pro
1560 3568 1818 3642 pondere

166 3654 226 3707 et
248 3651 637 3709 mstimatione
656 3667 848 3710 rerum
871 3656 968 3710 vix
990 3659 1115 3711 erat
1136 3655 1223 3712 vel
1249 3656 1498 3714 cedendi
1523 3658 1706 3729 locus,
1728 3660 1818 3717 vel

167 3739 510 3797 consulendi
533 3745 783 3813 tempus.
810 3741 920 3798 Alii
942 3757 1012 3798 ne
1029 3743 1283 3801 celerius
1307 3748 1634 3804 excessisse
1659 3753 1822 3805 nota-

171 3831 377 3885 rentur
415 3845 444 3886 a
486 3830 774 3886 communi
825 3831 1136 3902 sententia,
1182 3832 1304 3890 sola
1350 3834 1822 3906 rcprimebantur

172 3917 545 3988 verecundia,
566 3917 705 3975 licet
724 3918 802 3974 sit
821 3918 1155 3978 difficillima
1181 3921 1252 3977 ad
1276 3937 1337 3981 se
1359 3923 1663 3983 celandum
1685 3940 1823 3997 gau-

172 4005 399 4063 diorum
448 4006 749 4077 patientia.
800 4008 1005 4065 Tamen
1060 4008 1293 4068 collecti
1345 4012 1399 4068 in
1449 4028 1645 4086 unum,
1692 4030 1820 4075 cum

173 4099 505 4165 quaererent
531 4094 585 4151 in
610 4110 912 4154 commune
932 4098 1220 4169 quomodo
1243 4115 1305 4158 se
1331 4104 1607 4173 praesenti
1627 4117 1824 4161 neces-

175 4184 335 4241 sitati
378 4189 806 4257 compararent,
859 4185 994 4243 licet
1045 4189 1425 4260 quorumdam
1457 4206 1562 4249 cor
1592 4207 1622 4248 a
1655 4192 1826 4257 labiis

173 4272 442 4343 distaret,
478 4274 533 4328 in
567 4274 678 4330 hoc
699 4278 893 4331 tamen
920 4291 1118 4335 omnes
1141 4278 1251 4336 visi
1274 4284 1410 4336 sunt
1430 4282 1822 4356 consensisse,

178 4367 240 4420 ut
269 4362 361 4420 vel
389 4361 459 4418 ad
493 4368 721 4436 tempus
744 4365 798 4420 in
823 4367 1112 4423 sententia
1145 4369 1527 4440 persistentes
1561 4372 1825 4430 consule-

176 4456 307 4507 rent
346 4452 716 4510 aestimationi
760 4469 882 4512 sum
913 4460 969 4512 et
1007 4458 1189 4528 famm,
1227 4463 1289 4515 ut
1320 4464 1376 4516 et
1411 4460 1506 4531 qui
1541 4459 1827 4531 delibera-

179 4545 311 4597 rent
332 4540 602 4615 deiicere,
627 4544 794 4615 quasi
817 4546 1008 4603 coacti
1035 4523 1375 4606 viderentur
1398 4523 1508 4607 hoc
1530 4550 1750 4610 fecisse.
1793 4523 1802 4533 ’

250 4657 337 4712 74.
374 4653 511 4729 (88.)
545 4658 772 4715 interea
797 4660 1079 4720 Othertus
1108 4662 1268 4720 illum
1301 4679 1467 4722 suum
1497 4666 1826 4726 ordinatum

181 4743 478 4802 deducens
529 4745 783 4817 advenit,
834 4748 1054 4808 habens
1094 4766 1290 4810 secum
1333 4755 1694 4828 Arnulphum
1726 4758 1830 4816 Lo-

182 4832 438 4890 biensem
462 4834 731 4891 abbatem
754 4834 1009 4908 itemque
1029 4840 1388 4913 Arnulphum
1408 4845 1680 4902 comitem
1707 4845 1829 4919 plu-

182 4936 395 4995 resque
417 4922 702 4996 episcopii
728 4924 1064 4984 nobiliores.
1094 4929 1345 5001 Cumque
1368 4946 1431 4989 se
1454 4933 1549 4989 vix
1570 4936 1829 4999 continea-

183 5017 275 5070 ret
296 5028 326 5070 a
352 5013 567 5085 furore,
602 5012 934 5085 indignatus
967 5016 1252 5074 neminem
1285 5020 1397 5075 sibi
1430 5025 1490 5077 ut
1525 5023 1828 5083 mandave-

184 5106 275 5161 rat
307 5102 699 5176 processisse,‘
740 5103 1086 5175 optimatum
1132 5120 1370 5165 suorum
1414 5118 1696 5181 suggestu
1725 5112 1832 5172 hoc

186 5191 372 5264 ipsum
430 5191 766 5266 compulsus
824 5199 911 5253 est
968 5193 1361 5270 dissimulare,
1413 5213 1484 5257 ne
1533 5199 1835 5259 Videretur

1927 3144 2279 3219 pontificalis
2299 3141 2605 3214 dignitatis
2623 3139 3001 3197 inclinatione
3018 3140 3298 3209 vinceret,
3321 3156 3465 3211 quos
3481 3156 3575 3198 eo-

1924 3241 2097 3293 tenus
2116 3237 2409 3306 potestate
2429 3231 2779 3303 probaverat
2800 3228 3032 3285 omnino
3051 3228 3439 3287 invincibiles.
3467 3230 3574 3303 igi-

1927 3330 2023 3383 tur
2048 3330 2179 3397 post
2205 3321 2418 3379 multas
2439 3318 2865 3386 contentiones,
2890 3324 3021 3390 post
3043 3319 3239 3375 varias
3262 3320 3571 3378 verborum

1862 3432 1880 3447 ο
1926 3413 2289 3485 obiectiones
2321 3414 2379 3467 et
2412 3407 2787 3479 reiectiones,
2821 3421 3114 3478 exurgens
3145 3408 3214 3464 de
3246 3407 3436 3465 medio
3465 3409 3580 3467 frao

1926 3512 2104 3574 trum,
2129 3513 2416 3560 cameram
2440 3497 2707 3564 secessit,
2733 3501 2791 3554 et
2818 3512 2920 3570 per
2943 3496 3211 3553 abbatem
3236 3497 3572 3557 Lobiensem

1929 3593 2184 3664 itemque
2216 3589 2486 3648 comitem
2519 3586 2880 3659 Arnulphum
2909 3585 3202 3643 mandavit
3233 3586 3336 3658 eis,
3379 3593 3444 3644 ut
3474 3592 3572 3645 aut

1930 3682 2192 3740 volentes
2221 3679 2440 3752 placito
2471 3692 2578 3735 suo
2607 3679 2909 3746 gratanter
2939 3676 3305 3747 accederent,
3339 3680 3436 3735 aut
3471 3691 3575 3735 sua

1932 3773 2046 3829 sibi
2065 3769 2463 3840 relinquentes
2485 3766 2613 3824 loco
2633 3764 3024 3822 discederent.
3052 3766 3182 3821 Tam
3202 3765 3426 3824 crudeli
3450 3780 3581 3824 sen-

1933 3860 2114 3917 tentia
2143 3857 2549 3925 determinata,
2585 3855 2796 3910 fratres
2827 3855 3126 3925 petierunt
3151 3854 3412 3913 inducias
3434 3871 3580 3929 prm-

1933 3948 2158 4023 positos
2188 3944 2467 4004 cellarum
2505 3942 2783 4000 evocandi
2818 3946 2875 3998 et
2908 3958 3037 3999 cum
3068 3943 3154 4000 eis
3184 3944 3241 4000 in
3275 3960 3578 4003 commune

1932 4034 2308 4101 consulendi;
2350 4031 2454 4089 sed
2485 4046 2583 4088 eas
2616 4030 2775 4087 nullo
2807 4030 2978 4088 modo
3010 4032 3118 4089 nisi
3152 4048 3335 4104 usque
3369 4034 3423 4090 in
3457 4047 3583 4091 cra-

1933 4130 2151 4187 stinum
2173 4128 2493 4197 potuerunt
2510 4120 2762 4192 assequi.
2786 4121 3011 4177 interea
3031 4121 3579 4194 Arnulphuscomes
3648 4124 3651 4125 ⁷

1934 4215 2213 4288 singulos,
2247 4216 2310 4269 ut
2341 4224 2764 4282 quemcumque
2796 4214 3059 4281 novarat,
3094 4225 3199 4283 pro
3233 4216 3444 4283 nepote
3477 4226 3580 4270 suo

1937 4304 2196 4378 aggredi,
2229 4301 2355 4372 eius
2387 4314 2564 4356 causa
2585 4298 2891 4355 consilium
2913 4304 2973 4356 et
2998 4297 3274 4356 auxilium
3299 4315 3466 4358 suum
3489 4315 3586 4358 ec-

1854 4419 1907 4481 D
1937 4394 2131 4452 clesiaa
2170 4389 2458 4481 polliceri,
2479 4404 2628 4481 cum
2668 4388 2901 4444 interim
2944 4388 3099 4446 illius
3128 4388 3254 4459 eius
3283 4389 3422 4458 Otto
3454 4390 3579 4463 ipsa

1937 4484 2137 4543 eadem
2169 4481 2261 4537 die
2294 4478 2661 4536 Caviniacum
2713 4476 2913 4549 iiscum
2961 4480 3305 4551 pervadens,
3355 4492 3582 4537 omnem

1939 4574 2065 4645 eius
2098 4570 2353 4644 praedam
2385 4567 2732 4638 abducebat,
2762 4572 2819 4625 et
2851 4568 3131 4638 quosdam
3160 4568 3334 4625 etiam
3366 4568 3587 4626 interfi-
3692 4622 3703 4627 -

1939 4663 2122 4733 ciens,
2159 4659 2327 4716 fidem
2360 4661 2617 4730 paternae
2649 4656 3092 4727 pollicitationis
3124 4656 3438 4715 inticiebat.
3470 4659 3584 4716 Nec

1934 4753 2050 4824 iam
2074 4752 2378 4822 supererat
2404 4745 2726 4803 constantia
2752 4745 2975 4802 diutius
3007 4747 3199 4817 reniti,
3232 4747 3589 4806 firmioribus

1941 4846 2026 4899 tot
2056 4836 2543 4897 concussionibus
2575 4835 2853 4906 fatigatis,
2891 4835 3309 4892 infirmioribus
3340 4842 3426 4894 tot
3454 4852 3589 4909 pro-

1940 4927 2315 4989 missionibus
2347 4924 2623 4983 inductis.
2656 4924 2756 4981 isti
2789 4922 3159 4980 destinabant
3190 4925 3343 4998 apud
3366 4939 3430 4983 se
3450 4925 3584 4986 huic

1940 5015 2371 5082 exordinationi
2418 5013 2509 5070 vel
2558 5027 2671 5069 non
2720 5014 3284 5085 communicandum,
3328 5016 3417 5073 vel
3454 5031 3586 5075 cum

1942 5112 2178 5184 possent
2203 5106 2332 5164 loco
2354 5102 2710 5171 cedendum;
2743 5101 2827 5158 illi
2848 5103 3042 5162 oblata
3068 5119 3170 5177 spe
3194 5107 3589 5167 novandarum

1945 5214 2140 5259 rerum
2170 5193 2519 5255 aﬂ‘ectabant
2551 5191 2797 5262 alicuius
2828 5194 3146 5254 functionis
3175 5199 3409 5272 assequi
3440 5213 3593 5262 com-

1532 5289 1769 5345 VARIE
1824 5289 2206 5350 LECTIONES
2219 5330 2231 5344 .

1784 5432 1991 5491 NOTAE

257 5351 324 5387 “'
353 5360 629 5429 superent
662 5362 712 5413 t.
792 5355 858 5390 “7
872 5357 934 5430 f.
970 5357 1246 5429 quidque.

262 5495 410 5573 (162)
443 5497 888 5573 Chisniacensis.

512 5569 772 5633 PATROL.
806 5572 1018 5636 CLIV.
