3948 6070
400 179 551 242 1419

1393 163 1870 230 CHRONICON
1899 163 1965 226 S.
2003 159 2367 224 HUBEHTI
2397 154 2788 223 ANDAGIN.

3675 152 3846 217 1420

393 315 647 383 modum,
681 309 772 369 vel
803 307 1089 382 permissa
1115 303 1391 360 libertate
1419 299 1695 374 prosequi
1718 299 2035 356 voluntatis

2154 311 2382 384 vitaret,
2411 309 2814 368 Stabulensem
2845 307 3210 382 sepulturam
3239 309 3436 380 potius
3467 311 3844 382 expeteret,

395 403 646 477 propria
669 401 758 458 vel
784 400 965 457 otium
991 396 1081 452 vel
1105 393 1420 464 negotium.
1458 391 1547 447 Sic
1582 389 1862 477 fratribus
1884 387 2037 477 inter

395 474 455 549 se
498 474 941 554 dissidentibus,
991 481 1174 552 magis
1226 485 1415 536 autem
1449 491 1478 533 a
1511 492 1572 534 se
1603 474 2034 542 deficientibus,

394 577 822 651 Ingobrandum
855 575 1136 630 Otbertus
1167 569 1294 625 loco
1328 565 1674 636 introduxit,
1707 563 2038 633 ibidemque

395 667 791 724 introductum
823 662 1179 732 relinquens,
1215 657 1442 713 tardius
1474 655 1583 712 sibi
1614 655 1896 710 hactenus
1923 651 2040 708 dis-

395 756 726 813 sidentibus
756 767 818 808 se
851 749 1228 822 pravaluisse
1261 746 1497 803 latatus
1528 743 1819 801 discessit.

463 849 549 900 76.
587 843 724 915 (90.)
759 838 1156 911 Ingobrandus
1185 840 1318 908 post
1343 834 1779 890 totanxietates
1802 830 2040 886 insimu-

389 933 523 990 lata
547 932 656 988 sibi
681 927 1185 995 contradictionis,
1213 925 1444 982 tandem
1470 925 1659 980 factus
1682 937 1918 993 compos
1943 923 2040 978 de-

391 1021 592 1079 siderii
618 1020 726 1090 sui,
756 1023 815 1075 ut
839 1022 964 1074 erat
989 1016 1155 1073 rudis
1179 1019 1234 1072 et
1260 1015 1450 1070 nimia
1473 1010 1889 1084 simplicitatis,
1915 1011 2037 1068 otio

389 1117 445 1168 et
496 1110 732 1167 licentia
776 1106 1019 1178 juvenili
1071 1105 1249 1177 coepit
1297 1103 1529 1174 resolvi,
1564 1116 1831 1170 securus,
1866 1101 2038 1156 immo

390 1200 611 1256 inscius
651 1195 1032 1269 procuranda
1075 1192 1450 1267 pralationis.
1487 1191 1648 1260 Piget
1683 1189 2034 1260 meminisse,

390 1287 677 1361 quomodo
698 1287 805 1342 sub
824 1286 934 1340 hiis
965 1284 1200 1341 casibus
1227 1280 1655 1353 pulcherrimus
1675 1278 1772 1335 ille
1798 1279 1902 1335 flos
1925 1293 2038 1334 ma-

389 1378 527 1434 ximi
557 1375 797 1432 honoris
829 1379 884 1430 et
918 1373 1150 1429 decoris
1178 1370 1348 1440 hujus
1371 1369 1480 1426 loci
1505 1368 1879 1425 decoloratus
1905 1383 2038 1424 con-

390 1465 620 1535 ciderit,
646 1479 756 1536 qua
781 1461 1091 1520 velocitate
1115 1459 1424 1516 deﬂuxerit
1448 1463 1560 1513 tam
1581 1457 1678 1514 diu
1698 1457 2036 1514 elaboratus

390 1554 487 1610 ille
505 1557 698 1611 status
717 1550 1140 1609 decentissima
1160 1547 1459 1618 religionis
1477 1551 1535 1602 et
1560 1561 1685 1616 qua
1709 1546 1793 1602 eis
1817 1547 2032 1601 Renum

2148 401 2478 472 ibidemque
2511 400 2884 457 elemosinam
2915 413 3074 455 suam
3107 398 3518 455 constitueret.
3558 401 3846 455 Causano

2147 491 2307 546 tibus
2373 490 2509 546 ﬁliis
2556 490 2682 559 ejus
2731 490 3036 546 Lamberto
3087 495 3143 544 et
3197 489 3457 557 llenrico,
3516 488 3840 559 quomoda

2148 578 2513 634 Stabulensis
2553 575 2800 633 ecclesia
2844 576 3143 632 videretur
3187 576 3530 647 absolutior,
3578 592 3735 633 cum
3771 591 3839 632 ex

2149 667 2301 723 dono
2339 667 2669 738 subjaceret
2707 666 2828 735 regi
2872 665 3120 721 Henrico
3152 671 3212 720 et
3242 679 3314 720 ex
3341 680 3480 721 cura
3519 664 3835 736 pastorali

2150 755 2414 824 Otberto,
2451 754 2758 824 Berengeri
2783 754 3070 810 sententia
3098 752 3425 825 praevaluit,
3455 758 3518 809 et
3545 753 3832 810 reditum

2149 843 2325 899 trium
2358 843 2637 900 librarum
2668 843 2977 914 quotannis
3007 842 3270 900 ecclesia
3295 843 3446 898 beati
3475 843 3754 898 Huberti
3781 844 3830 897 in

2149 937 2495 1004 perpetuum
2536 932 2800 989 abstulit.
2841 931 3232 988 Theodericus
3265 945 3492 1002 quoque
3524 937 3589 988 et
3629 938 3831 986 secta-

2152 1026 2310 1076 tores
2341 1021 2467 1091 ejus
2492 1036 2595 1093 per
2627 1035 3025 1092 quoscumque
3061 1025 3330 1092 poterant
3363 1019 3828 1076 ecclesiasticas

2149 1111 2550 1180 possessiones
2600 1110 2974 1178 infestabant,
3013 1109 3286 1179 tdumque
3319 1109 3387 1164 ad
3423 1108 3718 1164 incendia
3773 1119 3825 1164 et

2147 1200 2382 1270 rapinas
2405 1214 2604 1256 earum
2632 1205 2909 1271 tyrannos
2933 1199 3331 1268 hortarentur,
3366 1199 3739 1268 obsequium
3768 1213 3825 1254 se

2149 1293 2428 1359 prastare
2469 1291 2583 1345 Deo
2624 1289 3083 1344 arbitrabantur.
3129 1287 3290 1344 Unde
3322 1293 3380 1342 et
3411 1288 3687 1358 quidam,
3735 1304 3825 1342 ac-

2147 1384 2316 1450 cepta
2341 1379 2647 1435 occasione
2672 1378 2825 1435 circa
2852 1377 3037 1434 locum
3063 1377 3392 1447 tyrannidis
3415 1376 3820 1447 exequenda,

2149 1467 2573 1536 lngobrandum
2626 1467 3003 1538 impostorem
3051 1472 3108 1523 et
3160 1465 3472 1537 pessimum
3521 1465 3818 1530 clamare,

2149 1555 2407 1611 fautores
2436 1555 2563 1625 ejus
2594 1554 2724 1610 fidei
2755 1555 3094 1611 desertores
3123 1559 3176 1610 et
3210 1553 3512 1624 religionis
3543 1553 3820 1624 prodito-

387 1659 456 1700 eo
480 1649 743 1714 tempore
768 1641 1118 1697 laudabatur
1141 1636 1483 1708 singularis;
1510 1650 1638 1706 (111³3
1664 1639 1893 1706 (μιθηιω
1918 1636 2036 1690 fue-
2063 1655 2118 1714 Β
2151 1657 2244 1699 res
2275 1644 2576 1714 denotare,
2609 1649 2666 1698 et
2701 1643 2832 1699 ideo
2865 1657 3032 1700 omne
3068 1642 3277 1698 malum
3304 1643 3390 1697 eis
3414 1642 3814 1709 inferendum,

389 1734 466 1789 rit
487 1731 872 1799 excellentia,
906 1729 1003 1784 vix
1029 1734 1128 1785 aut
1150 1726 1308 1783 nullo
1333 1726 1500 1782 modo
1526 1724 1858 1796 posteritati
1887 1725 2036 1780 futu-

388 1836 467 1878 ra
487 1821 782 1877 videbitur
804 1818 1108 1886 credibile,
1135 1833 1263 1873 cum
1282 1816 1354 1871 sit
1377 1830 1539 1870 suum
1565 1813 1794 1869 humani
1821 1813 2033 1883 ingenii

387 1910 478 1966 vel
505 1909 699 1980 potius
721 1907 962 1977 erroris,
983 1905 1223 1961 credere
1248 1903 1475 1958 tardius
1498 1901 1772 1971 quicquid
1798 1902 2036 1958 virtutis

389 1997 615 2053 inertia
665 1995 790 2065 ejus
840 1998 1081 2066 putatur
1125 1992 1292 2063 (163).
1336 1988 1737 2058 Ingobrandus
1788 1989 2036 2046 infracto

388 2087 583 2155 rigore
623 2084 888 2142 tenenda
928 2079 1430 2151 virtutis,nimium
1465 2093 1575 2149 que
1608 2093 1818 2150 expers
1848 2077 2038 2134 mode-

389 2174 584 2231 randa
618 2171 991 2230 discretionis
1011 2175 1210 2228 contra
1237 2183 1452 2226 morem
1478 2167 1758 2237 majorum
1792 2166 2036 2238 quadam

387 2261 768 2318 liberalitatis
799 2260 995 2332 specie
1028 2257 1348 2315 ferociores
1377 2255 1783 2326 religiosorum
1817 2257 2037 2314 animos

389 2352 672 2421 emollire,
689 2351 964 2421 juvenum
981 2363 1120 2406 vero
1139 2351 1196 2403 et
1219 2347 1461 2403 maxime
1482 2345 1939 2402 adolescentium
1961 2345 2039 2403 fa-

389 2440 760 2496 miliaritates
792 2439 1085 2508 affectare,
1129 2441 1428 2509 postremo
1461 2448 1565 2490 nec
1599 2434 1900 2490 modestia
1934 2449 2038 2490 nec

388 2529 645 2601 sumptui
666 2542 926 2600 parcere,
951 2527 1084 2584 dum
1107 2539 1371 2596 quosque
1395 2523 1563 2594 quasi
1581 2523 1652 2578 ad
1671 2522 1915 2592 gratiam
1939 2523 2039 2580 ob-

388 2618 593 2674 noxios
615 2617 878 2688 fidosque
901 2615 1009 2673 sibi
1035 2617 1253 2672 faceret
1278 2615 1448 2685 (164),
1476 2612 1614 2669 licet
1635 2626 1775 2667 vero
1799 2611 1873 2667 sit
1899 2612 2040 2667 diffl-

389 2705 518 2776 eile,
544 2707 653 2763 hoc
678 2706 849 2762 modo
879 2704 1199 2761 attenuatis
1221 2703 1394 2758 immo
1419 2715 1580 2774 pane
1608 2701 1826 2772 elapsis
1852 2702 2039 2757 eccle-

389 2795 646 2851 siasticis
671 2794 992 2860 reditibus;
1023 2791 1362 2864 supervenit
1386 2791 1469 2847 rei
1495 2789 1798 2847 familiaris
1822 2789 2032 2862 inopia,

391 2899 518 2956 qua
541 2898 671 2940 cum
690 2883 806 2953 jam
832 2898 941 2939 non
968 2881 1255 2939 sufﬁceret
1291 2879 1749 2953 imprudentium
1782 2879 2038 2935 tolerare

386 2973 819 3043 negligentiam,
845 2971 1076 3043 impulit
1094 2986 1194 3027 eos
1213 2971 1387 3026 etiam
1408 2969 1703 3039 negligere
1726 2969 2036 3040 dampnum

389 3076 552 3118 suum
584 3065 640 3117 et
675 3061 986 3116 infamiam.
1024 3061 1162 3115 Nam
1196 3059 1499 3115 distractis
1539 3058 1742 3128 viginti
1783 3057 2037 3128 quinque

389 3165 460 3206 ex
493 3151 852 3208 ornamentis
891 3149 1152 3206 ecclesia
1195 3164 1322 3220 qua
1360 3151 1761 3204 remanserant
1803 3146 2035 3217 ibidem,

391 3241 602 3296 abbate
627 3240 984 3296 Theoderico
1015 3237 1254 3294 meliora
1285 3251 1529 3307 quaque
1560 3235 1821 3292 salvandi
1849 3235 2038 3305 gratia

390 3329 691 3400 offerente,
725 3345 854 3386 cum
885 3328 1129 3384 necdum
1155 3325 1543 3397 praevalerent
1565 3325 1650 3380 sic
1672 3324 1926 3394 effugere
1960 3325 2040 3382 in-

393 3418 733 3488 digentiam,
769 3415 1120 3473 addiderunt
1151 3414 1326 3470 etiam
1361 3413 1748 3484 obpignorare
1781 3417 1882 3468 aut
1909 3428 2042 3470 ven-
2071 3405 2082 3408 ”

391 3507 530 3563 dere
551 3507 983 3578 possessionum
1009 3518 1246 3560 suarum
1272 3501 1632 3558 molendinos
1656 3506 1716 3556 et
1736 3503 2037 3561 ecclesias.

391 3596 684 3651 Praterea
708 3611 837 3650 cum
863 3608 1058 3650 rerum
1083 3590 1423 3661 indigentia,
1458 3591 1611 3660 quod
1635 3594 1761 3647 erat
1783 3592 2036 3665 gravius,

393 3684 604 3754 passim
650 3683 1067 3755 premebantur
1096 3680 1418 3737 vicinorum
1453 3679 1704 3751 infamia,
1737 3685 1797 3737 et
1829 3681 2042 3752 quibus

391 3772 626 3840 vigente
658 3770 940 3840 religione
976 3769 1206 3825 fuerant
1240 3768 1444 3838 gloria
1477 3773 1532 3824 et
1564 3769 1791 3840 honori,
1825 3785 1890 3826 ea
1924 3770 2043 3826 lan-

393 3865 604 3930 guente
642 3864 809 3916 erant
837 3859 953 3929 jam
988 3857 1314 3929 ignominia
1347 3863 1404 3913 et
1441 3858 1621 3915 oneri.
1669 3860 1784 3915 Sub
1823 3859 2041 3916 eisdem

393 3964 623 4021 quoque
673 3948 881 4005 diebus
933 3950 1295 4018 Berengerus
1342 3961 1478 4017 erga
1533 3947 1837 4004 ecclesiam
1877 3949 2039 4019 quasi

395 4039 639 4095 Otberto
680 4037 1004 4107 subjectum
1046 4043 1243 4092 tantas
1285 4036 1548 4092 exercuit
1591 4037 1944 4107 inimicitias,
1980 4043 2041 4094 ut

391 4127 792 4184 conversionis
829 4129 888 4182 et
920 4125 1306 4196 professionis
1343 4124 1596 4196 propria
1637 4125 1876 4196 oblitus,
1921 4141 2043 4182 sua

392 4216 565 4271 etiam
590 4221 649 4272 et
674 4231 911 4272 suorum
942 4214 1291 4271 retentionis
1320 4213 1376 4269 in
1410 4215 1824 4285 persecutione
1855 4214 2044 4284 ingra-

394 4309 507 4375 tus,
544 4305 705 4361 ﬁeret
741 4305 870 4361 loco
902 4302 1450 4376 inrecuperabiliter
1488 4302 1858 4375 dampnosus.
1904 4305 2041 4360 Nam

392 4409 522 4448 cum
561 4392 664 4449 illo
709 4408 812 4449 suo
853 4406 1030 4463 more,
1069 4392 1230 4463 quasi
1273 4391 1344 4447 ad
1388 4391 1599 4448 fratres
1635 4407 1774 4449 suos
1815 4396 2046 4450 susten-

393 4481 618 4552 tandos,
653 4481 1096 4553 quastionarias
1129 4481 1508 4538 circuitiones
1536 4485 1756 4552 ageret,
1793 4481 1864 4538 ad
1887 4483 2042 4539 Idam

392 4585 634 4628 uxorem
667 4571 916 4628 Cononis
949 4571 1184 4627 comitis
1215 4570 1395 4641 venit,
1431 4584 1673 4641 eamque
1709 4571 1862 4642 apud
1894 4572 2045 4629 Mon-

393 4665 748 4717 temacutum
797 4660 1145 4716 infirmatam
1194 4660 1442 4726 invenit;
1488 4675 1614 4731 qua
1659 4662 2043 4732 praesentiens

393 4750 504 4807 sibi
539 4756 781 4805 mortem
814 4749 1157 4821 proximam,
1197 4749 1331 4805 dum
1367 4764 1429 4804 se
1461 4749 1615 4820 apud
1657 4750 1890 4806 beatum
1932 4752 2044 4807 Hu-

393 4839 622 4895 bertum
653 4853 766 4909 quo
802 4842 967 4909 pater
990 4837 1115 4907 ejus
1138 4837 1478 4893 Lambertus
1501 4835 1656 4906 jacet
1683 4837 2044 4895 deliberaret

391 4926 808 5000 sepeliendam,
847 4927 1208 4997 Berengerus
1234 4925 1465 4984 omnino
1501 4926 1732 4982 obstitit
1760 4941 1830 4983 ne
1861 4927 1920 4982 id
1945 4928 2042 4984 fle-

391 5022 501 5087 ret,
525 5021 704 5090 utque
723 5017 798 5074 ob
817 5014 1240 5085 subjectionem
1259 5015 1488 5074 Otberti
1508 5015 2041 5075 excommunicatos

2071 3018 2118 3080 C

2149 1732 2487 1802 nullumque
2514 1733 2725 1788 bonum
2749 1731 2976 1788 illorum
2998 1731 3206 1787 amodo
3228 1731 3595 1799 servandum,
3625 1730 3816 1801 idque

2149 1819 2304 1890 quod
2327 1824 2452 1876 erat
2477 1820 2745 1877 ecclesia
2771 1820 2887 1876 illis
2912 1819 3055 1875 solis
3078 1819 3539 1888 attribuendum,
3574 1818 3680 1888 qui
3708 1832 3816 1889 per

2147 1907 2328 1965 cellas
2357 1907 2738 1978 divertentes,
2771 1907 3052 1964 malorum
3077 1905 3408 1962 vitaverant
3429 1906 3804 1976 contagium.

2145 1997 2404 2068 Denique
2429 1996 2708 2067 quicquid
2731 2012 2802 2053 ex
2824 2011 3026 2053 eorum
3058 1996 3235 2052 rebus
3268 2009 3475 2066 rapere
3505 1999 3806 2066 poterant,

2147 2087 2379 2158 impune
2404 2085 2726 2157 rapiebant,
2761 2085 2905 2141 adeo
2939 2089 3001 2141 ut
3031 2098 3102 2140 ex
3135 2085 3261 2156 ipso
3289 2084 3652 2139 monasterio
3678 2098 3806 2154 age-

2147 2181 2278 2231 rent
2327 2175 2555 2246 pradas
2600 2173 2883 2246 publicas,
2938 2174 3093 2244 quod
3145 2187 3310 2229 nemo
3363 2187 3638 2243 umquam
3680 2172 3804 2242 ejus

2149 2264 2430 2335 temporis
2471 2263 2736 2320 evenisse
2775 2261 3041 2318 audierat
3082 2261 3174 2317 vel
3217 2260 3462 2317 viderat.
3508 2259 3804 2332 Quicquid

2147 2352 2322 2408 etiam
2355 2367 2520 2408 suum
2553 2351 2817 2408 ecclesia
2847 2356 2974 2406 erat
2999 2350 3054 2405 in
3076 2349 3376 2422 episcopio
3404 2350 3684 2406 Remensi
3713 2349 3803 2405 vel

2149 2439 2535 2511 Laudunensi,
2588 2440 2726 2497 item
2777 2438 3014 2496 Metensi
3055 2444 3113 2496 et
3157 2438 3501 2494 Virdunensi
3545 2439 3681 2495 sine
3722 2453 3804 2494 re-

2148 2533 2355 2600 spectu
2390 2529 2618 2585 Otberti
2652 2533 2712 2584 et
2744 2527 2901 2584 illius
2931 2527 3022 2584 sui
3055 2526 3404 2598 logobrandi
3439 2527 3644 2596 quieto
3671 2527 3804 2596 jure

2149 2617 2514 2675 deserviebat
2537 2618 2733 2674 abbati
2757 2617 3110 2672 Theoderico
3135 2616 3362 2686 sibique
3383 2616 3676 2686 subjectis
3697 2615 3807 2671 fra-

2149 2707 2354 2778 tribus,
2391 2705 2882 2762 interdicentibus
2912 2706 3162 2762 ducibus
3193 2703 3502 2760 Godefrido
3532 2708 3592 2760 et
3623 2703 3807 2760 Theo-

2150 2794 2347 2852 derico
2373 2795 2495 2851 suis
2519 2795 2863 2865 hominibus,
2901 2808 2971 2851 ne
3000 2792 3249 2863 alicujus
3280 2807 3455 2864 prece
3487 2791 3582 2848 vel
3614 2792 3808 2864 pretio

2150 2885 2374 2940 seducti
2407 2883 2674 2954 injuriam
2709 2883 2826 2940 illis
2857 2883 3074 2940 inferre
3108 2881 3474 2938 molirentur.
3511 2881 3809 2938 Guiredus

2149 2987 2380 3044 quoque
2403 2987 2684 3030 concessa
2709 2972 2820 3028 sibi
2845 2971 3211 3044 providentia
3243 2970 3514 3042 Sulpeum
3538 2975 3596 3026 et
3621 2971 3809 3040 Nega-

2151 3061 2267 3118 rias
2305 3076 2434 3119 cum
2477 3062 2764 3132 Chevogio
2797 3062 2944 3132 (16:5)
2979 3061 3353 3132 procurabat,
3386 3064 3446 3116 et
3487 3060 3598 3116 hoc
3639 3064 3807 3115 tanta

2151 3150 2448 3220 instantia,
2479 3154 2538 3206 ut
2562 3151 2610 3206 si
2637 3164 2805 3221 quem
2839 3150 3306 3206 ministerialium
3341 3148 3607 3204 mercede
3637 3149 3810 3217 Ingo-

2152 3238 2356 3295 brandi
2388 3240 2774 3302 Mosomenses
2803 3239 2897 3295 vel
2929 3236 3310 3294 Bulonienses
3343 3237 3486 3293 illuc
3516 3235 3806 3292 deducere

2151 3327 2484 3385 laborarent
2506 3326 2591 3398 ³³⁸,
2616 3326 2712 3384 ille
2731 3343 2830 3385 eos
2849 3327 2940 3385 vel
2962 3332 3092 3383 astu
3115 3327 3465 3397 praveniret
3485 3326 3578 3382 vel
3595 3325 3802 3382 collec-

2157 3419 2229 3475 tis
2257 3418 2483 3474 viribus
2526 3423 2876 3474 removeret.
2923 3416 3248 3486 Raginerus
3283 3429 3516 3485 quoque
3549 3415 3795 3470 Pirensis

2154 3507 2508 3579 prapositus
2531 3511 2693 3562 tanta
2719 3505 3036 3563 sedulitate
3056 3505 3469 3560 Maeeriensem
3486 3503 3790 3559 transitum

2154 3596 2270 3652 illis
2321 3597 2715 3666 obstruxerat,
2761 3600 2824 3652 ut
2857 3609 3022 3650 nemo
3071 3608 3269 3649 earum
3320 3592 3577 3664 partium
3609 3606 3669 3648 se
3698 3590 3788 3645 illo

2153 3685 2418 3755 ingerere
2450 3685 2694 3741 auderet
2727 3685 3144 3754 cujuscumque
3182 3682 3400 3752 negotii
3441 3681 3653 3751 gratia.
3695 3681 3790 3734 Ro-

2153 3774 2356 3830 bertus
2389 3774 2563 3830 etiam
2595 3772 2875 3828 Cunensis
2912 3772 3261 3843 prapositus
3292 3770 3518 3826 viribus
3543 3767 3791 3825 Dodonis

2155 3862 2505 3932 Calviacum,
2560 3860 2984 3916 Flabotivillam
3035 3863 3096 3915 et
3147 3859 3624 3928 Gandrehengias
3657 3856 3792 3925 (166')

2155 3958 2516 4022 pervaserat,
2551 3953 2608 4005 et
2635 3949 2915 4005 fratribus
2940 3949 3035 4019 qui
3061 3947 3163 4003 illo
3186 3947 3386 4019 plures
3407 3950 3792 4003 convenerant

2153 4054 2352 4096 eorum
2377 4039 2667 4095 reditibus
2691 4036 3076 4094 deservicbat.
3112 4039 3266 4092 i-lanc
3296 4036 3549 4091 abbatia
3574 4035 3795 4090 divisio-

2155 4141 2283 4183 nem
2325 4142 2454 4184 cum
2497 4125 2900 4197 Ingobrandus
2943 4124 3189 4181 Otberto
3230 4124 3555 4195 sapissime
3605 4138 3794 4194 sugge-

2156 4220 2334 4286 reret,
2396 4215 2676 4272 Otbertus
2725 4229 2865 4272 vero
2916 4217 3024 4271 hoc
3070 4215 3259 4286 ipsum
3310 4214 3442 4270 duci
3497 4212 3791 4269 Godefrido

2156 4305 2322 4377 quasi
2346 4305 2627 4362 advocato
2649 4303 2916 4360 ecclesia
2941 4304 3094 4374 quod
3119 4303 3255 4358 talia
3282 4307 3590 4373 pateretur
3620 4301 3793 4356 tristis

2155 4395 2451 4465 ingereret
2477 4413 2489 4448 :
2518 4393 2614 4449 ille
2637 4407 2668 4449 e
2691 4392 2924 4449 diverso
2946 4393 3316 4462 causabatur,
3353 4391 3414 4447 id
3446 4391 3556 4448 sibi
3589 4390 3791 4461 injuste

2155 4497 2284 4538 eum
2325 4495 2696 4552 succensere,
2730 4495 2796 4537 ea
2831 4495 2958 4552 qua
2990 4495 3094 4537 sua
3127 4485 3296 4536 erant
3335 4479 3625 4551 ecclesia,
3664 4477 3794 4533 filiis

2155 4572 2281 4642 ejus
2312 4586 2416 4628 nec
2448 4571 2663 4627 debere
2705 4585 2809 4626 nec
2850 4585 3024 4641 posse
3072 4583 3418 4640 quemquam
3471 4567 3791 4640 prohibere,

2154 4660 2266 4734 ipsi
2317 4660 2426 4718 hoc
2474 4660 2674 4732 potius
2721 4657 3121 4730 imputandum
3163 4674 3313 4728 esse,
3360 4659 3456 4729 qui
3496 4663 3709 4713 tantam
3745 4658 3793 4712 in

2155 4749 2283 4806 loco
2331 4750 2615 4805 hactenus
2663 4747 2906 4804 honesto
2952 4747 3327 4804 suscitaverit
3375 4746 3795 4815 confusionem,

2155 4838 2369 4910 quique
2401 4837 2661 4914 lpgitimo
2693 4837 2889 4894 abbati
2923 4835 3400 4910 superinduxerit
3435 4834 3601 4890 illum
3634 4850 3798 4890 suum

2152 4927 2328 4984 talem
2359 4928 2753 4986 consultorem
2795 4934 2854 4984 et
2893 4928 3277 5000 provisorem.
3323 4925 3438 4983 Sub
3483 4925 3585 4980 tali
3630 4925 3799 4995 hujus

2151 5017 2418 5076 ecclesia
2468 5017 2808 5076 confusione
2860 5018 3204 5075 Lambertus
3254 5016 3460 5086 minor,
3509 5015 3606 5086 qui
3649 5013 3798 5086 apud

1734 5142 1972 5201 VABIzE
2002 5143 2296 5202 LECTION
2304 5145 2385 5201 ES
2399 5187 2411 5200 .

463 5227 529 5263 “3
559 5227 855 5296 laboraret
887 5235 936 5287 1.

1981 5305 2204 5364 NOTAE.

767 5397 1006 5533 Scaliiztii
1039 5400 1186 5477 Cat.,
1220 5415 1270 5464 ο.
1306 5405 1356 5462 3.

711 5511 748 5546 .,
817 5513 830 5533 .
936 5513 948 5536 .

711 5511 748 5546 ο,
779 5511 830 5533 νο
869 5511 948 5536 οπο

2220 5403 2642 5476 (165)5'quspy,
2673 5403 2926 5476 Now-rs,
2965 5402 3257 5476 0/1690”,
3294 5402 3357 5457 Β.

2220 5445 2367 5550 ἰὶὄόἇ
2385 5445 3185 5549 ἓὶῖιᾙώιόξιῗέὶᾶὒεῖιῖἕῐιὲἷ
3196 5445 3708 5548 aanimi...
3733 5474 3793 5530 ιι.
