3960 6044
196 231 351 296 1421

1200 221 1679 290 CHRONICON
1710 223 1774 284 S.
1810 219 2177 283 HUBERTI
2201 215 2595 283 ANDAGIN.

3450 204 3603 280 1422
3691 250 3694 259 η

194 384 499 443 ecclesiam
534 383 688 441 beati
740 382 988 452 Remigii
1039 380 1399 448 morabatur,
1435 380 1676 449 prepter
1707 373 1896 431 tem-1

1986 405 2095 447 esse
2128 389 2356 461 sibique
2414 387 2806 461 inhonestum,
2841 404 2971 446 cum
3004 389 3147 446 satis
3176 388 3607 460 intelligeretur

195 476 352 548 poris
383 479 441 531 et
493 488 685 531 rerum
733 471 1101 529 occasionem
1159 470 1484 540 subjectum
1541 464 1849 538 epistolam

196 564 432 637 scripsit
466 562 746 618 fratribus
776 561 860 617 “9.
1007 549 1011 553 ’

262 659 351 710 77.
387 653 524 725 (96.)
558 651 956 707 Grassabatur
983 654 1124 705 tunc
1156 650 1311 703 inter
1343 646 1649 702 Otbertum
1680 643 1860 709 ctLo_

200 743 530 799 vaniensem
560 742 831 799 comitem
865 738 1014 811 (167)
1051 736 1409 794 inexorabile
1442 733 1775 803 discidium,
1801 746 1861 801 et

200 850 269 890 ex
297 847 366 888 co
399 832 552 887 inter
581 836 863 900 utrosque
903 827 1153 885 medium
1201 827 1543 897 gravissime
1575 826 1862 898 opprime-

205 922 374 977 batur
396 918 777 992 episcopium,
809 918 1023 974 comite
1058 917 1240 991 ipsam
1264 916 1561 973 civitatem
1597 917 1863 986 frequen-

204 1012 362 1067 tibus
379 1008 702 1066 assultibus
727 1008 870 1067 ἰηιίτ.
890 1010 1072 1077 tante,
1099 1006 1343 1063 Otherto
1362 1020 1593 1076 quoque
1616 1004 1861 1060 collecta

204 1098 578 1172 expeditione
610 1094 908 1153 debellare
939 1095 1206 1151 comitem
1246 1094 1596 1166 destinante,
1629 1095 1743 1149 Hac
1773 1109 1866 1167 oc-

205 1190 441 1246 casione
474 1186 747 1243 condicta
783 1184 875 1240 die
930 1187 1324 1239 convenerant
1358 1184 1411 1240 in
1441 1184 1681 1241 civitate
1713 1185 1868 1256 prin-

208 1280 371 1350 cipes
399 1274 711 1348 provinciae
735 1272 1061 1341 convocati,
1092 1277 1150 1327 ut
1175 1272 1233 1327 in
1256 1271 1356 1329 tali
1384 1271 1631 1329 discidio
1661 1287 1869 1331 consu-

210 1366 395 1424 lerent
430 1364 609 1420 rebus
643 1361 928 1419 ecclesiae.
984 1361 1239 1431 Cumque
1268 1361 1421 1417 inter
1451 1362 1872 1419 consulendum

212 1457 451 1512 inferret
475 1454 729 1510 Obertus
753 1451 1097 1522 praedictum
1126 1451 1397 1506 comitem
1417 1452 1531 1522 jam
1557 1466 1619 1508 sc
1643 1467 1874 1509 cxcom-

213 1544 558 1612 municasse,
611 1540 708 1597 sed
763 1539 923 1595 illum
976 1537 1135 1595 nullo
1168 1538 1336 1595 modo
1368 1539 1423 1595 id
1482 1556 1711 1611 curare,
1744 1542 1876 1597 sub-

213 1632 408 1690 intulit
430 1631 547 1687 dux
581 1626 924 1685 Godefridus
974 1627 1259 1697 arridens,
1283 1626 1499 1684 dictum
1529 1629 1637 1685 sibi
1671 1629 1741 1684 ab
1766 1645 1880 1690 eo-

1963 480 2071 536 bac
2090 479 2396 537 occasione
2410 478 2763 535 audientiam
2785 493 2847 534 se
2871 477 3021 534 velle
3037 477 3352 549 declinare,
3376 478 3608 535 tandem

1968 568 2235 640 promisit
2268 583 2399 624 cum
2454 566 2601 623 duce
2651 567 2721 622 de
2749 566 2862 623 hiis
2920 566 3359 637 consulendum,
3416 572 3473 624 et
3507 585 3611 641 per

1968 655 2127 711 illum
2153 654 2430 726 quicquid
2460 652 2762 710 videretur
2790 654 2875 709 eis
2904 653 3037 709 inde
3068 654 3374 726 agendum,
3401 656 3454 712 in
3480 672 3613 728 pro-

1969 745 2122 800 ximo
2167 759 2231 800 se
2281 743 2826 800 determinaturum.
2888 743 3020 800 Haec
3049 744 3235 799 omnia
3267 759 3396 801 cum
3452 746 3613 803 Dodo

1971 834 2203 890 rediens
2223 833 2419 889 abbati
2449 833 2713 903 referret,
2739 831 2837 887 ille
2859 831 3221 889 exhilaratus
3251 835 3473 904 gratias
3495 836 3614 906 egit

1972 921 2344 993 dispositioni
2371 921 2600 991 divina,
2619 934 2864 992 sperans
2886 934 2957 975 ex
2980 920 3090 977 hoc
3114 923 3378 993 pendulze
3396 924 3617 981 dissen-

1975 1011 2120 1067 snoni
2146 1010 2314 1066 ﬁnem
2344 1014 2785 1081 proventuram,
2817 1013 2875 1063 et
2908 1009 3178 1065 veritatis
3203 1009 3484 1079 judicium
3509 1013 3618 1069 sub

1976 1103 2062 1154 tot
2098 1098 2351 1155 testibus
2379 1098 2449 1153 ad
2480 1097 2784 1154 victoriam
2816 1096 3270 1168 perducendum.
3298 1100 3413 1154 Nec
3440 1115 3617 1173 mora,

1977 1188 2173 1244 abbati
2209 1188 2536 1256 Bcrengero
2583 1187 2704 1243 haec
2735 1186 2927 1242 omnia
2961 1202 3062 1257 per
3111 1185 3373 1243 ordinem
3405 1188 3618 1258 signifi-

1977 1276 2153 1345 cavit,
2188 1282 2247 1331 et
2280 1282 2340 1331 ut
2372 1275 2427 1332 in
2483 1275 2747 1348 partibus
2779 1275 2900 1330 suis
2956 1274 3226 1331 veritatis
3284 1276 3622 1335 defensores

1978 1364 2334 1422 conduceret
2391 1379 2586 1422 secum
2621 1362 2934 1420 mandavit.
2972 1365 3099 1434 ipse
3131 1378 3268 1421 vero
3323 1372 3625 1439 assumpto

1984 1468 2179 1510 secum
2216 1453 2521 1509 Lamberto
2570 1466 2789 1508 ma.ore
2843 1456 2904 1509 et
2961 1452 3218 1508 Roberto
3278 1454 3625 1512 Cunensium

1986 1544 2200 1616 priore,
2243 1541 2758 1611 Mediomatricum,
2797 1539 3022 1597 Tullum
3047 1540 3363 1598 Virdunum
3397 1557 3631 1613 aggres-

1986 1648 2089 1689 sus
2146 1636 2238 1689 est
2294 1645 2626 1703 peragrare,
2694 1633 2755 1686 et
2810 1630 3165 1701 propositam
3220 1632 3627 1689 necessitatem

218 1722 346 1779 dem
381 1719 595 1776 comite
622 1715 1277 1774 excommunicationcm
1299 1716 1457 1772 illius
1480 1717 1695 1773 nullam
1719 1709 1869 1791 apud
1906 1722 1955 1780 B
1988 1722 2219 1778 tuendae
2254 1721 2386 1776 fidei
2444 1719 2597 1775 notis
2630 1718 2740 1775 sibi
2772 1717 3044 1775 fidelibus
3100 1720 3431 1791 cnuntians,
3495 1722 3628 1792 quia

218 1827 284 1867 sc
322 1813 616 1877 constare,
651 1806 760 1863 nisi
797 1805 977 1860 abbas
1006 1804 1395 1861 Theodericus
1425 1805 1495 1861 de
1527 1814 1733 1864 sancto
1762 1811 1873 1866 Hu-

218 1902 388 1957 berto
420 1913 543 1954 eam
577 1896 685 1953 sibi
712 1895 1130 1964 auctorizarct,
1164 1899 1228 1950 ut
1256 1899 1353 1950 aut
1378 1896 1449 1951 ab
1470 1910 1539 1951 eo
1563 1910 1626 1952 se
1652 1898 1871 1953 absolvi

218 1990 576 2061 reposceret,
607 1989 704 2041 aut
731 1984 814 2039 illi
850 1983 1014 2054 quasi
1038 1984 1111 2039 ab
1133 1997 1202 2039 eo
1223 1986 1727 2043 excommunicato
1754 1987 1873 2043 uni-

216 2076 464 2135 versalis
481 2074 729 2132 ecclesia
748 2088 859 2130 non
878 2072 1353 2130 communicaret.
1380 2074 1464 2130 Ad
1479 2075 1603 2131 haec
1620 2076 1873 2133 Obertus

215 2181 344 2224 cum
381 2178 542 2237 pzene
595 2164 837 2233 fureret,
888 2166 946 2218 et
978 2161 1151 2218 nimis
1182 2160 1348 2218 illoto
1402 2178 1666 2220 sermone
1696 2165 1875 2221 furori

218 2255 609 2322 satisfaceret,
665 2250 883 2321 juravit
943 2265 1072 2306 cum
1132 2249 1552 2322 indignatione,
1614 2253 1783 2309 malle
1816 2268 1879 2309 se

221 2343 367 2401 mori
402 2356 572 2413 quam
609 2343 878 2411 respectu
932 2338 1070 2395 talis
1102 2344 1332 2410 tamque
1359 2339 1494 2396 vilis
1527 2354 1789 2411 personae
1820 2357 1880 2399 se

222 2432 490 2489 infamari
519 2429 611 2488 vel
665 2428 907 2500 despici,
946 2427 995 2483 si
1029 2428 1167 2499 quid
1228 2443 1469 2499 usquam
1501 2429 1726 2487 valeret
1760 2431 1882 2503 ipse

223 2521 313 2579 vel
347 2520 454 2578 sui.
514 2520 769 2588 Cumque
802 2517 947 2589 ipsis
1001 2532 1229 2587 quoque
1286 2517 1648 2589 principibus
1699 2518 1885 2576 iratus

224 2621 571 2683 opponeret,
607 2608 663 2663 in
694 2608 803 2662 hoc
832 2622 934 2662 eos
965 2605 1233 2662 fidelitati
1267 2611 1484 2663 sanctae
1525 2608 1718 2666 Maria)
1758 2623 1887 2665 san-

224 2701 423 2771 ctique
446 2696 733 2754 Lamberti
756 2696 982 2765 deesse,
1010 2694 1163 2765 quod
1180 2695 1261 2751 sic
1287 2695 1519 2766 impune
1542 2700 1887 2768 paterentur

229 2787 478 2860 deprimi
529 2785 943 2842 auctoritatem
997 2783 1334 2840 Leodiensis
1368 2784 1677 2857 episCOpi;
1727 2787 1892 2845 nullo

232 2878 403 2934 modo
437 2875 491 2931 id
522 2874 657 2931 illos
688 2873 898 2930 decere
934 2872 1048 2942 pati
1084 2872 1133 2928 si
1165 2886 1275 2943 qua
1304 2872 1423 2930 illis
1444 2874 1718 2931 subesset
1748 2890 1890 2932 cura

231 2967 322 3023 sui
346 2964 619 3022 honoris:
667 2966 991 3021 commotus
1019 2961 1089 3017 ad
1117 2961 1239 3017 haec
1274 2966 1391 3018 dux
1422 2963 1547 3034 ipse
1580 2964 1635 3019 in
1666 2964 1888 3040 primis,

237 3054 514 3110 Albcrtus
547 3066 776 3124 quoque
835 3065 1030 3108 comes
1086 3050 1465 3107 Namucensis
1492 3056 1549 3107 et
1611 3053 1895 3109 Henricus

236 3142 615 3213 Durbojensis
672 3143 843 3212 (168),
877 3142 1033 3196 Cono
1065 3139 1240 3194 etiam
1274 3153 1470 3195 comes
1503 3140 1892 3213 Montisacuti,

235 3230 337 3287 sed
365 3235 421 3287 et
444 3230 724 3303 praefatus
749 3227 1028 3284 Arnulfus
1061 3227 1509 3299 Chisniacensis,
1541 3235 1603 3286 ut
1639 3234 1766 3286 erat
1816 3229 1899 3285 di.

234 3334 444 3377 versus
478 3332 509 3374 a
554 3333 638 3389 se,
671 3332 800 3373 cum
831 3330 1049 3387 genero
1081 3332 1186 3375 suo
1216 3318 1451 3375 Dodone
1507 3318 1778 3391 Cunensi,
1813 3334 1899 3376 re-

236 3409 620 3482 sponderunt,
655 3423 716 3464 se
771 3407 1001 3478 quidem
1036 3406 1239 3463 fideles
1273 3411 1490 3464 sanctm
1547 3407 1738 3465 Mariis
1770 3423 1898 3465 san-

235 3500 434 3569 ctique
466 3496 757 3554 Lamberti
806 3510 957 3566 esse,
1011 3496 1112 3552 sed
1146 3496 1201 3551 in
1235 3496 1343 3553 hoc
1373 3496 1545 3552 nimis
1606 3498 1898 3568 patienter

240 3590 385 3644 hanc
415 3588 599 3657 ipsam
626 3585 969 3642 ﬁdelitatem
989 3586 1273 3641 hactenus
1297 3583 1723 3655 dissimulasse,
1761 3586 1895 3656 quia

239 3676 618 3733 dissensionis
649 3674 823 3745 hujus
870 3687 1077 3730 causas
1106 3673 1501 3742 neglexissent
1550 3674 1889 3744 inquisisse.

242 3768 540 3821 Consensu
563 3778 704 3832 ergo
728 3762 982 3818 unanimi
1007 3766 1313 3831 coeperunt
1334 3762 1629 3831 insistere,
1663 3766 1726 3817 ut
1748 3763 1898 3819 diem

242 3853 631 3910 constitueret
650 3852 802 3906 inter
825 3865 886 3906 se
907 3853 963 3905 et
988 3851 1257 3906 abbatem
1274 3850 1619 3920 quaestionis
1637 3852 1896 3920 agendae,

245 3944 324 3999 ita
357 3943 681 4008 dumtaxat,
706 3947 770 3996 ut
796 3955 1194 4011 quoscumque
1220 3944 1420 4011 posset
1440 3954 1561 3996 suae
1594 3941 1903 3997 sententia)

246 4034 585 4092 defensores
607 4033 841 4103 impune
866 4032 1049 4086 abbas
1066 4028 1382 4085 deduceret
1409 4032 1466 4085 et
1490 4028 1823 4099 reduceret,
1846 4034 1903 4087 et

252 4125 305 4178 in
323 4122 553 4195 publica
578 4120 871 4177 audientis
891 4117 1233 4174 [.eodiensis
1252 4117 1516 4174 ecclesiae
1542 4132 1644 4189 per
1662 4117 1905 4175 liberam

250 4212 543 4269 licentiam
566 4207 795 4266 dicendi
827 4213 887 4263 et
918 4205 1190 4263 audiendi
1216 4205 1358 4277 ipsis
1392 4207 1786 4277 praesentibus
1807 4207 1911 4267 eli-

254 4308 404 4360 mata
429 4297 1069 4368 vcritastriumpharet.
1090 4295 1409 4365 Obstupuit
1435 4295 1909 4368 0tbertus,quasi

253 4394 505 4450 cornuto
529 4392 591 4446 ut
632 4386 851 4444 dicitur
873 4384 1216 4458 syllogismo
1249 4382 1396 4454 (169)
1432 4384 1818 4457 interceptus,
1851 4399 1910 4443 et

254 4496 384 4539 cum
413 4492 695 4549 nusquam
728 4479 929 4547 posset
976 4472 1293 4543 declinare,
1328 4476 1415 4528 tot
1469 4473 1726 4531 virorum
1760 4491 1913 4532 com-
1941 4447 1994 4508 D

262 4583 497 4642 pressus
530 4565 902 4635 auctoritate,
953 4577 1218 4634 quamvns
1246 4575 1401 4631 aegre
1452 4562 1600 4619 diem
1642 4562 1758 4619 illis
1786 4579 1922 4621 con-

261 4656 444 4715 cessit
475 4652 818 4725 quaestionis
864 4652 1124 4721 agendae.
1160 4650 1270 4707 Sed
1301 4665 1413 4707 non
1442 4654 1675 4721 poterat
1708 4651 1918 4720 evinci,

266 4751 332 4804 ut
364 4742 563 4799 abbati
598 4740 968 4813 permitteret
998 4738 1268 4796 veniendi
1296 4743 1353 4795 et
1393 4738 1674 4796 redeundi
1708 4740 1924 4797 securi-

269 4839 470 4891 tatem.
519 4833 777 4901 Cumque
799 4832 1187 4884 causarentur
1209 4842 1410 4884 omnes
1433 4828 1622 4885 ethoc
1645 4827 1923 4898 injustum

1985 1825 2095 1867 non
2129 1824 2230 1865 sua
2264 1809 2367 1864 scd
2399 1808 2613 1864 Christi
2646 1822 2740 1863 res
2769 1814 2897 1863 erat
2928 1807 3170 1877 agenda,
3214 1823 3284 1863 ne
3315 1808 3440 1878 ejus
3469 1810 3632 1865 testi-

1986 1898 2180 1954 monio
2214 1898 2485 1953 deessent
2517 1896 2805 1951 instanter
2848 1895 3217 1951 admonebat.
3253 1896 3497 1953 Videres
3532 1913 3635 1969 per

1984 1984 2247 2056 singulas
2269 1986 2445 2042 urbes
2484 1985 2789 2054 religiosas
2819 1988 2877 2039 et
2904 1986 3176 2054 potentes
3199 1998 3483 2055 personas
3512 1991 3636 2042 tan-

1985 2079 2102 2132 tam
2135 2091 2241 2147 pro
2282 2075 2510 2144 justitia
2562 2073 3029 2145 persecutionem
3089 2088 3203 2129 non
3237 2089 3409 2132 secus
3465 2090 3634 2147 quam

1989 2165 2085 2236 qui
2113 2164 2485 2235 patiebantur
2510 2161 2788 2231 indolere,
2816 2159 3060 2232 periculi
3094 2162 3181 2217 sui
3209 2164 3527 2221 securitate
3550 2181 3638 2223 re-

1990 2251 2215 2322 ligiosae
2241 2252 2529 2322 quondam
2554 2254 2610 2305 et
2642 2250 2900 2306 honestae
2925 2248 3352 2318 Andaginensis
3371 2252 3638 2311 ecclesia

1991 2354 2224 2397 causam
2259 2338 2531 2394 tuendam
2587 2337 2879 2408 excipere,
2912 2337 3196 2393 neminem
3229 2353 3431 2395 eorum
3462 2340 3638 2398 alium

1994 2429 2159 2500 quasi
2209 2428 2537 2485 cunctando
2593 2425 2941 2493 consulere;
2991 2426 3092 2482 sed
3153 2427 3415 2497 singulos
3473 2444 3638 2502 opem

1995 2531 2157 2574 suam
2184 2517 2454 2572 certatim
2476 2516 2671 2572 abbati
2698 2517 3061 2587 promittere.
3088 2516 3344 2587 Denique
3366 2517 3643 2576 Paulinus

1995 2608 2337 2663 Metensium
2368 2605 2834 2675 archidiaconus,
2863 2611 2922 2661 ut
2951 2610 3075 2660 erat
3103 2606 3312 2662 doctus
3336 2607 3643 2678 suffragari

1997 2695 2284 2768 ejusmodi
2317 2694 2759 2752 defensionibus
2779 2725 2842 2735 —-
2869 2699 3249 2750 consueverat
3281 2694 3430 2751 enim
3456 2695 3644 2768 longis

1999 2791 2059 2843 ct
2091 2786 2292 2842 multis
2326 2784 2856 2857 persecutionibus,
2880 2798 3009 2855 quae
3037 2783 3215 2840 illatze
3240 2785 3464 2842 fuerant
3486 2787 3646 2842 Heri-

2001 2889 2209 2933 manno
2226 2873 2482 2947 pontifici
2512 2878 2851 2931 constanter
2865 2873 3168 2929 decertare
3182 2875 3413 2930 tuenda:
3428 2875 3560 2932 fidei
3579 2907 3647 2918 —

2002 2966 2087 3022 Et
2098 2979 2223 3034 nos,
2244 2963 2603 3034 inquit,jam
2622 2963 2729 3019 diu
2733 2962 3045 3035 fatigavit
3061 2962 3159 3018 llic
3171 2975 3373 3019 rerum
3389 2967 3645 3035 eventus,

1927 3082 1974 3144 Ο
2002 3069 2107 3113 nec
2119 3054 2200 3112 ad
2211 3054 2314 3109 hos
2328 3068 2363 3124 g
2373 3052 2506 3109 nasi
2523 3065 2698 3108 noces
2713 3064 2887 3108 casus
2901 3051 3279 3121 excipiendos
3293 3054 3466 3123 cujus
3471 3068 3651 3123 gnam

2004 3145 2354 3201 incitatione
2379 3141 2732 3211 indigemus.
2769 3140 2855 3195 Et
2866 3153 2973 3197 nos
2993 3142 3052 3196 et
3068 3140 3275 3197 nostra
3299 3140 3537 3199 C’llristo
3559 3143 3651 3200 de-

2008 3232 2222 3301 bemus,
2256 3231 2527 3302 dignitas
2552 3228 2617 3261 ¹²⁰
2638 3228 2821 3300 hujus
2841 3228 3117 3286 criminis
3137 3231 3462 3288 communis
3482 3231 3654 3289 estin

2005 3336 2137 3379 eum
2163 3318 2562 3378 credentibus.
2598 3318 2913 3375 Eritcerte
2929 3331 3164 3389 quoque
3182 3319 3564 3392 injuriosum,
3595 3321 3655 3379 si

2005 3409 2165 3483 quod
2185 3408 2353 3466 debet
2371 3421 2494 3466 esse
2512 3405 2936 3475 voluntarium,
2966 3406 3182 3477 aliqua
3210 3420 3380 3465 mora
3405 3409 3659 3467 interce-

2003 3497 2493 3557 nienleoideatur
2506 3496 2820 3566 extortum,
2838 3496 2895 3552 et
2904 3500 3060 3568 quod
3068 3498 3265 3556 verbis
3275 3501 3661 3569 ostentamus,

2006 3588 2243 3648 emilio
2272 3586 2651 3659 diferamus.
2699 3586 2864 3643 Huic
2886 3587 3121 3658 negotio
3157 3603 3276 3645 non
3313 3588 3669 3647 conveniunt

2004 3677 2184 3736 verba
2213 3690 2436 3734 summo
2462 3689 2563 3732 ore
2588 3675 2919 3744 stillantia,
2961 3676 3066 3733 sed
3102 3690 3179 3733 ea:
3214 3678 3427 3735 intimo
3467 3679 3668 3737 cordis

2009 3767 2194 3831 fundo
2212 3766 2534 3837 diligenter
2551 3764 2967 3836 exsculpenda.
2987 3766 3179 3824 Nulla
3195 3767 3295 3824 hic
3309 3781 3530 3825 merces
3545 3782 3667 3826 cor-

2008 3853 2241 3926 rumpet
2265 3854 2509 3923 linguas
2528 3853 2786 3922 nostras,
2815 3852 3022 3910 liberis
3043 3855 3252 3924 Oﬁciis
3273 3855 3669 3914 celebrabitur

2015 3945 2135 4001 hac
2157 3940 2455 4010 amicitia,
2483 3940 2540 3997 et
2559 3940 2695 4012 ipsa
2712 3954 2776 3995 re
2794 3940 2985 3996 etnon
3006 3955 3080 3997 ea:
3103 3942 3395 3999 commodo
3415 3944 3672 4002 «estima-

2016 4032 2179 4090 bitur
2200 4030 2321 4087 haec
2343 4029 2488 4086 talis
2504 4028 2735 4100 gratia.
2770 4027 2872 4084 Cui
2901 4043 3031 4085 cum
3061 4031 3245 4086 Lanzo
3269 4031 3453 4087 abbas
3478 4031 3669 4088 sancti

2016 4118 2304 4177 Vincentii
2330 4118 2555 4174 diceret
2576 4132 2641 4175 se
2670 4116 2902 4189 quidem
2922 4117 3140 4175 iturum
3167 4123 3437 4191 prompto
3456 4120 3667 4193 animo,

2021 4211 2121 4267 sed
2148 4208 2428 4281 quosdam
2454 4207 2621 4264 famis
2643 4206 2930 4278 periculo,
2954 4222 3083 4279 quae
3108 4211 3248 4264 tunc
3272 4209 3517 4266 maxima
3545 4215 3675 4267 erat

2022 4298 2193 4371 (170),
2213 4296 2597 4353 retardandos
2620 4315 2631 4349 :
2658 4295 2914 4366 Nostris,
2934 4296 3432 4367 inquitPaulinus,
3458 4299 3680 4371 stipen-

2023 4389 2063 4445 d
2068 4389 2146 4444 iis
2163 4384 2382 4442 ibimus
2397 4383 2651 4457 singuli,
2673 4384 2821 4457 quia
2841 4397 2959 4441 non
2979 4385 3069 4443 est
3079 4386 3358 4458 perfecta
3373 4386 3676 4454 caritatis,

2029 4475 2085 4533 si
2102 4473 2262 4547 quod
2278 4472 2367 4530 est
2386 4473 2790 4543 exequendum
2807 4473 3029 4544 gratis,
3052 4473 3374 4545 ingravate
3394 4472 3683 4531 adversus

2031 4565 2288 4622 amicum
2306 4561 2543 4618 auxilio
2553 4563 2963 4633 prosequaris.
2983 4563 3056 4617 Ea
3065 4561 3191 4619 dem
3207 4562 3279 4619 ad
3293 4562 3571 4619 auxilium
3586 4562 3684 4618 ab-

2034 4651 2188 4708 batis
2214 4649 2518 4707 Tullenses
2548 4656 2608 4706 et
2633 4650 3027 4707 Virdunenses
3057 4650 3338 4707 excitavit
3370 4650 3681 4721 sententia,

2034 4739 2233 4795 eadem
2250 4738 2320 4794 ad
2338 4736 2766 4809 procedendum
2782 4738 3054 4795 animavit
3071 4738 3685 4809 constantia;cumque

2037 4842 2140 4899 per
2154 4832 2241 4884 tot
2259 4827 2598 4883 defensores
2612 4841 2843 4883 causam
2858 4840 3019 4883 suam
3034 4826 3314 4896 agendam
3328 4827 3509 4883 abbas
3520 4839 3687 4898 aeque

1626 4926 1865 4982 VARIIE
1905 4925 2291 4983 LECTIOMES
2303 4967 2316 4981 .

340 5028 407 5103 {1°
437 5025 720 5103 Epistola
753 5023 1126 5103 desideratur
1152 5023 1218 5079 in
1250 5027 1300 5091 1,
1332 5021 1459 5079 sive
1480 5020 1727 5103 librarii
1746 5023 2139 5103 negligentia,
2170 5025 2297 5103 sive
2322 5020 2474 5103 good
2497 5006 2793 5103 incedice
2810 5020 3169 5094 originario,
3186 5034 3364 5095 quem
3387 5025 3435 5078 1.
3463 5019 3688 5080 descri-

268 5101 415 5174 psit,
446 5091 656 5157 auctor
686 5110 818 5154 eam
844 5095 1118 5167 supplere
1140 5094 1551 5168 proposuerat,
1582 5094 1687 5152 sed
1712 5091 1832 5152 non
1847 5091 2242 5166 suppleverat.
2321 5091 2458 5165 mf.
2494 5091 2841 5161 indignitas.

345 5270 494 5340 (167)
545 5228 856 5340 Henricum
900 5261 1191 5340 juniorem
1222 5268 1289 5321 ut
1334 5262 1593 5340 Avidetur,
1627 5261 1734 5340 cui
1794 5190 2156 5340 ςφῗξτῶόυγ
2180 5262 2251 5340 et
2273 5260 2357 5340 de.
2375 5259 2428 5315 la
2461 5259 2676 5340 Rocbe.
2697 5258 2916 5340 _Le_odii
2940 5262 3097 5332 1836,
3130 5262 3164 5315 8

272 5332 562 5397 successit
585 5332 956 5395 Godefridus.
981 5337 1059 5392 De
1082 5350 1256 5394 causa
1288 5338 1347 5391 et
1373 5332 1783 5391 terminatione
1806 5332 1929 5392 litis

274 5427 325 5468 v.
367 5411 572 5480 (Egid.,
606 5426 657 5466 e.
694 5413 778 5465 14.

348 5475 506 5612 $168).
523 5480 795 5552 Durbuy.
826 5477 1110 5562 Henricus
1132 5478 1288 5536 filius
1302 5481 1428 5535 erat
1452 5475 1704 5548 Henrici,
1731 5476 1932 5535 fratris

348 5602 349 5607 η
395 5558 509 5611 ert:
542 5553 948 5612 Namucensis;
982 5566 1033 5606 v.
1070 5551 1262 5612 Ernst,
1284 5551 1395 5610 Des
1426 5549 1659 5610 Comtes
1690 5548 1761 5610 de
1789 5548 1932 5609 Dur-

281 5548 509 5612 Alberti
542 5548 948 5621 Namucensis;
982 5566 1033 5606 v.
1070 5551 1262 5625 Ernst,
1284 5551 1395 5610 Des
1426 5549 1659 5610 Comtes
1690 5548 1761 5610 de
1789 5548 1934 5609 Dur-

2143 5334 2258 5404 169)
2295 5331 2526 5389 Hieron.
2560 5332 2731 5404 epist.
2768 5334 2859 5402 69,
2889 5335 2943 5404 2.

2043 5401 2461 5536 ΑῐξὲἱῖἝθιέἇιΤιο
2491 5401 2850 5476 109Bjames
2890 5402 2999 5462 diu
3045 5401 3319 5479 concepta
3344 5402 3684 5466 incalescit.
