3960 6044
243 184 402 249 1425

1243 136 1718 271 cauomch
1748 184 1817 248 s.
1850 181 2218 250 HUBERTI
2254 188 2652 258 ANDAGIN.

3501 198 3659 263 1426

243 338 494 399 Otberto
527 339 816 413 injuriam,
853 340 1080 398 dicendi
1104 340 1356 411 modum,
1394 339 1556 413 quasi
1600 338 1895 407 defensori
1926 319 1981 375 Α
2011 340 2168 412 quod
2192 343 2424 399 omnino
2449 342 2751 400 interdicit
2781 347 3054 402 canonica
3080 348 3659 421 auctoritas,seilicet

224 428 371 499 'ejus
405 430 537 488 duci
573 429 1369 503 parcens,obliquabat.Cum
1401 430 1552 484 enim
1587 428 1894 485 Otbcrtum

244 525 552 577 accusaret
583 520 737 592 quod
787 520 1116 577 condictam
1169 518 1439 576 veritatis
1496 518 1894 575 defensionem

240 609 393 666 male
425 610 535 667 sibi
575 609 845 667 conscius
893 608 1386 679 subterfugisset;
1419 609 1624 665 ducem
1682 621 1821 665 vero
1862 621 1892 662 e

243 698 479 756 diverso
507 697 1126 769 commendaret,quod
1159 712 1281 756 eam
1304 712 1433 753 cum
1454 696 1670 754 ceteris
1686 695 1896 768 princi-

242 786 417 859 pibus
433 787 718 860 episcopii
735 787 1151 845 condicendam
1166 786 1662 854 extorsisset,dux
1678 787 1895 843 rubore

244 878 539 947 perfusus,
586 880 738 935 teste
795 876 1171 947 conscientia,
1233 875 1609 946 arguebatur,
1662 889 1773 946 qua
1832 889 1896 931 se

239 963 439 1034 judice
472 980 641 1022 nemo
687 980 906 1023 nocens
966 965 1313 1022 absolvitur.
1350 964 1593 1036 Excepit
1652 965 1895 1021 verbum

247 1052 747 1124 prudentissimus
805 1055 894 1112 vir
952 1053 1272 1110 Rainoldus
1332 1052 1811 1125 archiepiscopus
1865 1065 1892 1108 a

245 1142 578 1212 Berengero
612 1143 880 1215 privatim
917 1143 1316 1215 praemonitus,
1351 1146 1409 1197 et
1459 1147 1736 1200 causatus
1791 1154 1897 1197 cur

247 1228 342 1284 vel
376 1229 490 1300 ipsi
520 1231 613 1286 vel
646 1230 827 1290 ceteri
855 1231 1232 1288 ecclesiarum
1256 1229 1598 1287 defensores
1621 1229 1705 1286 sic
1736 1232 1899 1301 pate-

249 1322 459 1376 rentur
488 1320 757 1377 abbatias
787 1320 1124 1378 Leodiensis
1155 1319 1435 1392 episcomi
1469 1320 1895 1392 deperire,cum

247 1412 489 1479 possent
519 1423 685 1469 suum
718 1409 878 1467 illum
913 1407 1895 1480 Otbertumadquodvellentetiam

244 1495 540 1551 nolentem
557 1497 846 1554 violenter
877 1497 1297 1569 attrahere,vel
1330 1498 1616 1554 volentem
1642 1495 1898 1553 liberali-

246 1587 340 1638 ter
375 1584 678 1652 inclinare;
702 1600 772 1643 eo
797 1602 979 1657 usque
1000 1589 1203 1645 ducem
1236 1585 1667 1644 rationabiliter
1699 1585 1898 1641 induc-

2007 432 2211 487 taxato
2242 432 2429 503 pretio
2471 431 2736 489 abbatias
2781 434 3116 491 vendidisse
3147 440 3205 491 et
3254 438 3657 498 ecclesiastica

2009 518 2491 592 ministeria,qute
2520 536 2625 594 pro
2640 521 2939 579 animabus
2957 524 3234 580 curandis
3256 526 3657 597 gratislargiri

2009 607 2335 665 debuisset:
2358 609 2642 665 Otbertus
2667 610 2769 665 tali
2786 615 3017 681 tamque
3042 611 3337 683 inSperata
3361 629 3657 686 compres-

2009 710 2111 753 sus
2133 697 2602 769 exactione,licet
2618 699 2978 768 intelligeret
2993 699 3102 756 hoc
3118 714 3227 757 non
3245 706 3405 759 recte
3424 703 3653 775 fecisse,

2006 786 2331 842 conabatur
2355 791 2545 842 tamen
2595 787 2706 843 sibi
2740 787 3108 859 praetendere
3142 804 3253 844 non
3301 790 3486 846 solum
3536 807 3656 850 suae

2008 873 2388 944 malignitatis
2409 874 2693 945 velamen,
2721 876 2824 932 sed
2848 879 2905 931 et
2940 877 3254 933 multorum
3279 878 3655 949 przelatorum

2011 963 2272 1034 probata:
2298 962 2540 1020 haeresis
2562 964 3357 1035 defensionem,contestatus
3381 982 3495 1023 non
3519 983 3581 1025 se
3601 970 3657 1026 in

2009 1050 2517 1109 benedictionibus
2562 1053 2683 1109 suis
2712 1053 2959 1123 gratiam
2994 1054 3092 1111 Dei
3141 1055 3499 1127 vendidisse,
3554 1058 3657 1114 sed

2010 1140 2206 1212 potius
2237 1154 2338 1197 eas
2358 1141 2545 1211 gratis
2574 1141 2930 1209 contulisse;
2955 1157 3067 1199 non
3093 1148 3285 1200 autem
3312 1145 3421 1200 sibi
3467 1145 3655 1202 videri

2009 1229 2288 1299 injustum
2321 1230 2370 1287 si
2401 1229 2470 1286 de
2503 1230 2977 1303 possessionibus
3007 1232 3430 1289 ecclesiasticis
3489 1249 3656 1291 suum

2008 1318 2267 1386 exigeret
2298 1318 2686 1390 commodum,
2722 1334 2866 1390 quas
2892 1335 3004 1378 non
3051 1320 3405 1379 habentibus
3459 1322 3660 1380 distri-

2010 1406 2227 1463 buebat
2248 1407 2318 1463 ad
2339 1407 2691 1464 habendum.
2723 1408 2857 1464 Haw
2886 1408 3068 1479 pestis
3092 1408 3161 1464 de
3194 1410 3433 1467 Francia
3469 1416 3658 1468 trans-

2013 1494 2137 1551 fusa
2170 1495 2223 1550 in
2259 1495 2684 1566 Lotharingiam
2715 1510 2883 1566 quam
2918 1496 2989 1552 sit
3024 1496 3417 1571 detestabilis,
3450 1505 3654 1557 nostro

2009 1586 2272 1656 tempore
2301 1586 2510 1642 Petrus
2540 1585 2849 1642 Damianus
2875 1584 3205 1642 Alexandro
3246 1601 3408 1658 papae
3458 1589 3659 1660 hujus-

250 1673 773 1746 tumaffectavit,ut
799 1676 1170 1748 promitteret
1206 1691 1269 1732 se
1291 1692 1491 1733 revera
1530 1676 1645 1745 jam
1679 1674 1896 1731 allabo-
1927 1669 1980 1730 Β
2012 1673 2162 1730 modi
2195 1674 2524 1731 invectione
2543 1673 2842 1746 deplanxit
2876 1671 3079 1730 "‘.Sed
3104 1679 3165 1731 ut
3193 1674 3263 1731 ad
3288 1677 3371 1732 rei
3395 1677 3657 1735 ordinem

251 1767 513 1819 raturum
529 1763 945 1822 ecclesiasticae
960 1765 1283 1822 defensioni
1298 1769 1354 1822 et
1372 1764 1760 1835 legitimorum
1797 1763 1871 1818 ab
1890 1793 1897 1798 -

248 1849 446 1907 batum
473 1852 1022 1926 restitutioni,quod
1053 1859 1113 1910 et
1143 1854 1250 1911 hoe
1285 1854 1454 1910 modo
1482 1853 1671 1910 divina
1699 1853 1898 1925 dispo-

244 1943 420 1996 nente
440 1940 748 1998 clementia
781 1943 1096 2014 processit.

313 2030 399 2084 78.
436 2028 584 2101 (97.)
614 2031 749 2087 Erat
783 2036 1043 2089 castrum
1072 2032 1227 2089 inter
1249 2032 1453 2103 Hojum
1487 2036 1546 2089 et
1591 2030 1890 2103 Leodium,

244 2116 401 2186 quod
431 2117 591 2175 Mons
617 2119 813 2177 clarus
843 2120 991 2193 (I76)
1017 2120 1892 2191 dicebatur,quodqueinfestis-

241 2205 449 2262 simum
478 2206 588 2263 sibi
613 2208 955 2279 navigantes
979 2223 1083 2281 per
1099 2211 1308 2265 Mosam
1326 2208 1648 2281 smpissime
1673 2209 1891 2265 Oberto

243 2295 1160 2365 conquerebantur.Totillorum
1221 2298 1495 2369 querelas
1545 2302 1602 2354 et
1652 2297 1893 2369 injurias

242 2396 374 2438 cum
423 2382 522 2440 ille
570 2383 668 2442 diu
728 2385 1131 2456 indignaretur
1182 2386 1322 2459 pati,
1348 2386 1614 2443 collectis
1664 2386 1892 2444 viribus

248 2470 519 2528 obsidere
549 2475 807 2531 castrum
822 2474 1158 2531 destinavit.
1186 2475 1326 2532 Huic
1358 2474 1646 2532 obsidioni
1700 2475 1894 2547 dispo-

244 2560 449 2618 nendae
474 2562 678 2620 ducem
703 2564 988 2637 episcOpii
1006 2568 1061 2620 et
1080 2563 1897 2638 principesevocaverat,jam-

242 2662 355 2720 que
388 2650 656 2708 ordinata
671 2652 1042 2724 expeditione
1067 2658 1201 2710 ante
1234 2656 1492 2710 castrum
1515 2653 1891 2725 constiterat,

241 2752 369 2795 cum
388 2739 585 2796 subito
600 2739 716 2797 dux
746 2745 982 2814 arrepto
1001 2744 1268 2813 tempore
1293 2742 1600 2798 Otbcrtum
1624 2741 1895 2799 inclama-

244 2826 351 2897 vit,
409 2828 581 2900 eique
636 2829 869 2901 publice
930 2829 1238 2887 consilium
1280 2847 1453 2888 suum
1499 2836 1558 2887 et
1614 2831 1891 2888 auxilium

243 2917 571 2988 excusavit,
621 2918 730 2975 nisi
764 2919 1033 2976 abbatias
1070 2919 1255 2976 sancti
1317 2920 1561 2977 Huberti
1587 2919 1893 2991 sanctique

241 3004 537 3063 Laurentii
568 3020 677 3063 suo
709 3011 868 3064 statu
904 3013 1234 3080 reponeret,
1269 3012 1326 3063 et
1360 3022 1460 3064 eas
1504 3023 1650 3079 quas
1697 3008 1894 3065 vendi-
1925 3027 1975 3092 α

246 3092 649 3167 derat,ejectis
679 3097 1065 3169 emptoribus,
1100 3111 1203 3169 per
1243 3096 1564 3167 condignas
1615 3111 1895 3169 personas

242 3182 428 3254 gratis
477 3182 694 3240 ibidem
753 3183 1055 3241 ordinatas
1117 3184 1457 3257 disponeret
1511 3185 1686 3257 (177).
1731 3186 1897 3253 Quod

239 3270 450 3343 inquit,
467 3286 498 3328 ο
517 3272 963 3344 commilitones,
980 3288 1018 3331 α
1037 3275 1157 3331 Deo
1170 3275 1475 3331 auxilium
1493 3275 1890 3347 sperabimus,

235 3360 345 3431 qui
357 3361 488 3432 ejus
509 3361 775 3419 ecclesiis
790 3362 1242 3434 depereuutibus
1262 3377 1377 3420 non
1387 3365 1580 3422 solum
1597 3364 1865 3436 defensio
1876 3395 1898 3406 -

234 3462 493 3507 uemuou
502 3450 1031 3523 impendimus,sed
1040 3451 1353 3510 etiiberam
1364 3466 1555 3511 vocem
1568 3453 1906 3512 contradic-

238 3537 419 3597 tiouis
444 3539 1139 3599 subtruhimus.Soilieet
1163 3540 1273 3597 hoc
1293 3540 1363 3596 de
1381 3541 1552 3599 uobis
1555 3544 1904 3613 promeruit

240 3625 408 3699 leuig
416 3629 670 3685 nissime
682 3628 992 3701 dispositio
1008 3628 1451 3699 C'reatoris,qui
1462 3643 1568 3686 uos
1589 3631 1898 3689 ministros

240 3714 725 3788 suapublicarei
745 3716 1275 3789 eouslituit,utpro
1293 3730 1407 3773 sua
1431 3716 1687 3790 quisque
1694 3732 1897 3789 perso-

241 3816 326 3860 ua
336 3804 607 3862 nostrum
629 3804 730 3862 illi
749 3818 1027 3875 negemus
1046 3805 1534 3878 servitium,guos
1548 3819 1659 3877 pro
1682 3806 1898 3863 tuendo

229 3892 378 3964 jure
387 3906 493 3950 suo
510 3892 617 3951 Ιιοο
626 3893 824 3952 nostra
839 3893 1089 3966 tempore
1098 3894 1709 3967 elegitejusgeuemle
1718 3892 1898 3952 domi-

238 3980 610 4039 uium.Plura
624 3983 822 4040 dicere
836 3982 1603 4055 parantisaerpitverbum
1619 3997 1897 4041 assensus

243 4068 662 4142 principum,et
686 4071 897 4128 invecti
917 4070 1141 4144 pariter
1162 4071 1219 4126 in
1251 4071 1579 4142 Otbertum,
1604 4072 1895 4143 praetixam

243 4170 275 4214 a
294 4157 440 4216 duce
457 4159 849 4216 conditionem
866 4159 938 4216 de
954 4160 1360 4218 restaurandis
1374 4159 1644 4218 ecclesiis
1657 4164 1714 4216 et
1730 4176 1897 4233 repo-

243 4246 453 4304 nendis
480 4247 793 4305 abbatibus
822 4247 1102 4319 legitimis
1124 4248 1413 4307 violenter
1448 4249 1683 4321 exigere
1713 4265 1899 4323 coepe-

2008 1763 2336 1834 redeamus,
2371 1763 2650 1819 Otbertus
2682 1763 2962 1834 praedicta
2988 1763 3315 1836 principum
3345 1768 3656 1824 exactione

2007 1865 2130 1906 com
2143 1850 2548 1922 pressus,licet
2563 1850 2726 1922 quasi
2746 1852 2985 1908 obtorto
3000 1851 3153 1908 collo
3167 1859 3478 1923 cogeretur
3506 1855 3657 1913 velle

2008 1938 2165 2012 quod
2224 1939 2484 2011 nolebat,
2519 1939 2589 1995 de
2646 1940 2921 1996 abbatum
2975 1941 3352 1999 restitutione
3409 1944 3657 2015 benigne

2009 2032 2204 2084 tamen
2240 2042 2344 2098 pro
2375 2031 2641 2099 tempore
2673 2027 2995 2099 respondit,
3021 2031 3080 2086 et
3114 2043 3184 2084 ex
3217 2034 3479 2102 tempore
3527 2045 3658 2089 sen-

2003 2116 2193 2171 tentia
2227 2114 2502 2187 quicquid
2534 2115 2665 2171 inde
2708 2120 3038 2186 censerent,
3073 2129 3135 2171 se
3186 2117 3472 2175 facturum
3527 2134 3659 2191 pro-

2006 2203 2184 2260 misit.
2217 2206 2526 2261 Decretum
2550 2209 2641 2260 est
2664 2203 2862 2259 statim
2887 2208 2948 2259 ut
2966 2207 3184 2260 remota
3200 2205 3353 2262 omni
3379 2205 3656 2266 dilatione

2007 2294 2421 2350 Wolbodonem
2446 2297 2502 2350 et
2534 2291 2962 2363 Ingobrandum
2993 2291 3257 2363 ejiceret,
3280 2299 3335 2350 et
3362 2293 3657 2366 legitimos

2005 2383 2251 2439 abbates
2309 2381 2453 2438 locis
2516 2382 2639 2439 suis
2699 2385 3029 2452 reponeret.
3064 2380 3151 2436 Ad
3207 2382 3316 2440 hoc
3375 2383 3655 2444 Otbertus

2005 2472 2231 2528 veritus
2258 2485 2327 2526 ne
2361 2470 2473 2526 sibi
2505 2469 2852 2542 quandoque
2883 2470 3045 2527 oneri
3078 2470 3252 2541 foret,
3286 2471 3335 2528 si
3365 2471 3505 2530 talis
3526 2489 3675 2546 per--

2007 2559 2252 2617 mutatio
2286 2558 2561 2616 abbatum
2591 2558 2788 2616 subito
2806 2564 2867 2615 et
2895 2557 3227 2616 inconsulte
3274 2558 3657 2632 fieret,retra-

2006 2652 2167 2705 ctato
2189 2662 2319 2705 cum
2354 2647 2835 2720 prudentioribus
2862 2647 3215 2718 consilio,de
3238 2648 3351 2705 hiis
3370 2648 3654 2720 judicium

2006 2737 2290 2808 agendum
2321 2736 2654 2807 constituit,
2671 2739 2735 2793 ut
2764 2736 3197 2795 rationabiliter
3219 2737 3336 2795 illis
3358 2754 3462 2811 pro
3478 2740 3654 2812 culpa

2008 2840 2110 2883 sua
2142 2826 2430 2885 convictis
2449 2831 2506 2883 et
2538 2824 2762 2896 ejectis,
2792 2825 2908 2895 jam
2944 2830 3081 2882 tunc
3136 2825 3482 2884 excluderet
3540 2828 3654 2886 sibi

2006 2916 2372 2975 occasionem
2420 2914 2770 2987 quandoque
2810 2914 3175 2971 removenda:
3231 2916 3649 2974 contentionis.

2008 3006 2192 3075 Igitur
2223 3004 2457 3076 praefixa
2487 3003 2580 3060 die
2613 3004 2683 3059 ad
2741 3017 2863 3061 rem
2925 3003 3328 3060 maturandam
3387 3004 3655 3063 collectis

2008 3094 2323 3151 abbatibus
2351 3097 2409 3150 et
2443 3092 2873 3149 archidiaconis
2918 3091 3200 3162 judicium
3261 3092 3436 3164 sedit,
3465 3096 3523 3149 et
3579 3107 3656 3151 ex

2007 3182 2486 3255 comprobatione
2509 3180 2741 3251 iniusta;
2765 3180 2821 3236 in
2844 3195 2945 3237 eos
2979 3181 3146 3238 facta;
3168 3181 3654 3253 exordiuationis,

2008 3276 2067 3328 et
2097 3269 2498 3343 incompositus
2529 3283 2729 3327 eorum
2761 3268 3223 3326 conversationis
3244 3273 3492 3340 uterque
3523 3284 3658 3327 con-

2005 3360 2203 3417 victus
2222 3360 2354 3416 loco
2388 3372 2556 3430 quem
2586 3358 2877 3415 invaserat
2904 3357 3184 3415 decessit.

2075 3452 2165 3505 79.
2200 3449 2338 3521 (98.)
2369 3447 2618 3521 Scripsit
2649 3446 2945 3519 extemplo
2987 3447 3269 3504 Otbertus
3303 3447 3652 3518 Berengero,

2009 3553 2073 3596 se
2096 3537 2179 3593 illi
2211 3536 2615 3608 regratiatum,
2640 3539 2701 3591 et
2732 3534 2953 3604 rejecto
2976 3533 3335 3591 Wolbodone
3356 3534 3485 3604 ejus
3518 3534 3660 3591 deli-

2009 3626 2247 3683 berasse
2280 3624 2695 3682 monasterium
2722 3622 2955 3695 placere
2969 3622 3518 3694 sibietprimatibus
3532 3622 3654 3680 suis

2008 3718 2070 3770 ut
2101 3714 2351 3770 fidenter
2384 3714 2606 3783 redeat,
2637 3718 2697 3769 et
2744 3712 2960 3768 fratres
2985 3712 3080 3782 qui
3113 3711 3185 3767 ad
3214 3725 3346 3767 eum
3385 3711 3659 3782 confuge-

2006 3808 2142 3859 rant
2171 3816 2366 3858 secum
2401 3800 2663 3857 rcducat.
2701 3800 2911 3855 Abbati
2943 3814 3084 3856 vero
3115 3799 3488 3869 Theoderico,
3517 3797 3656 3856 licet

2008 3890 2157 3948 idem
2187 3889 2524 3959 suffragium
2549 3885 3114 3957 idemquejudieium
3161 3886 3218 3941 in
3249 3901 3423 3944 causa
3457 3886 3651 3957 fuerit,

2007 3979 2117 4037 hoc
2146 3979 2406 4036 scribere
2436 3974 2848 4045 dissimulavit,
2882 3974 3291 4031 tenacissimas
3322 3989 3463 4046 erga
3521 3989 3653 4032 eum

2007 4073 2308 4140 conceptas
2329 4063 2996 4136 indlgnationis;optime
3008 4062 3184 4119 etiam
3208 4062 3478 4120 conscius
3493 4062 3654 4120 illum

2006 4173 2122 4215 non
2153 4154 2715 4215 communicaturum
2748 4152 2887 4208 sibi.
2927 4153 3225 4208 Preterea
3254 4166 3383 4209 cum
3418 4151 3501 4206 illi
3531 4152 3656 4209 suis

2007 4244 2372 4304 fidelioribus
2411 4240 2727 4299 abbatibus
2779 4245 2835 4296 et
2886 4239 3316 4296 archidiaconis
3368 4239 3658 4297 secretius

252 4339 407 4392 runt.
441 4335 842 4392 Convenerant
865 4340 1058 4393 autem
1082 4335 1154 4394 ad
1174 4336 1434 4394 eamdem
1464 4338 1894 4409 expeditionem
1926 4389 1976 4409 η
2007 4339 2289 4404 tractans,
2316 4336 2379 4390 ut
2411 4331 2544 4402 quia
2573 4330 2644 4386 ad
2675 4328 3477 4401 ejusplaeitumlicetinjuste
3492 4328 3655 4386 illum

246 4423 668 4495 disponendam
702 4425 934 4497 quidam
949 4389 1894 4501 exarchidiaconisetprmpositis
1926 4389 1978 4449 D
2009 4418 2624 4482 exeommunicandum
2657 4417 2793 4473 olim
2821 4416 3250 4491 judicaverant,
3274 4418 3434 4475 nullo
3485 4417 3656 4475 modo

249 4512 553 4583 epise0pii,
580 4513 675 4584 qui
702 4520 866 4586 rapta
899 4516 1210 4573 occasione
1227 4516 1894 4587 perhancinvectionem
2011 4527 2172 4572 suam
2206 4512 2549 4583 paterentur
2578 4506 2860 4563 infirmari
2885 4507 3254 4579 sententiam,
3277 4506 3387 4564 nisi
3422 4505 3655 4579 publica

249 4597 737 4671 publicam,quasi
770 4617 876 4674 pro
901 4603 1283 4661 zolotuendaa
1322 4604 1591 4676 justitize,
1635 4605 1897 4677 privatas
2010 4599 2408 4660 satisfactione
2437 4597 2566 4669 ejus
2599 4596 2931 4668 requireret
2962 4596 3388 4653 absolutionem
3426 4599 3484 4651 et
3530 4610 3660 4666 gra-

253 4688 661 4748 animositates
686 4690 969 4749 adversus
999 4693 1306 4750 Otbcrtum
1336 4694 1903 4766 ingravabant,utex
2014 4691 2172 4746 tiam.
2192 4688 2557 4756 Berengerus
2588 4688 2783 4743 autem
2814 4687 3054 4756 accepta
3084 4682 3375 4753 legatione
3404 4681 3656 4753 Otberti,

252 4776 362 4834 hoc
391 4777 503 4834 sibi
527 4776 681 4849 apud
710 4792 840 4834 eum
873 4777 1135 4836 locarent
1163 4779 1217 4835 in
1267 4785 1568 4851 posterum
1611 4781 1899 4856 timorem,
2012 4779 2199 4852 primo
2215 4775 2445 4848 quidem
2461 4770 3497 4844 dubiushaesitancoeptaedefensioni
3535 4785 3662 4843 per-

252 4866 423 4938 cujus
456 4866 570 4923 nisi
593 4880 665 4923 ex
688 4864 883 4938 aliquo
925 4868 1228 4924 commodo
1271 4867 1535 4924 inutilem
1586 4869 1906 4942 vilipende-
2016 4860 2916 4936 sisteret,anecclesiaeolimsibi
2946 4859 3517 4931 commissmjamque
3549 4875 3666 4917 om-

254 4953 391 5012 bant
431 4969 705 5013 amorem.
738 4956 979 5014 Etcum
1031 4955 1114 5012 illi
1160 4959 1501 5013 constanter
1547 4958 1907 5029 objiceretur
2016 4958 2152 5015 nino
2209 4952 2502 5011 deﬁcienti
2560 4954 2867 5007 revertens
2920 4950 3276 5007 consuleret.
3334 4949 3663 5006 Verebatur

1615 5082 1852 5139 VARUE
1883 5078 2283 5142 LECTIONES.

327 5193 394 5229 1"
422 5190 519 5253 Ea
547 5196 616 5254 iu
647 5200 693 5252 1.
732 5196 807 5251 1‘.
836 5208 954 5253 nou
982 5194 1184 5266 autat;
1202 5194 1295 5253 est
1318 5195 1567 5268 epistola
1594 5197 1638 5255 Ῑ
1659 5201 1744 5254 13.
1776 5199 1865 5257 ed.
1900 5194 2199 5271 σαόθιαηί.

1839 5320 2063 5378 NOTAE.

328 5433 478 5506 (1‘76)
516 5430 837 5506 moment,
863 5448 963 5506 sur
992 5430 1047 5489 la
1070 5431 1192 5489 rive
1230 5432 1417 5491 droite
1458 5433 1530 5493 de
1577 5434 1630 5491 la
1682 5437 1896 5506 Mense,

2080 5431 2229 5503 (177)
2263 5428 2344 5503 Cf.
2378 5426 2520 5503 Hist.
2548 5426 2605 5503 S.
2640 5426 2802 5482 Laur.
2837 5439 3036 5499 supra,
3068 5423 3163 5482 ubi
3187 5422 3415 5481 videbis
3457 5423 3578 5478 haec
3605 5434 3682 5492 a,,

257 5501 562 5565 auldes'sus
593 5501 933 5577 d’lngihbul.

2010 5499 2169 5575 1096,
2204 5499 2295 5560 vel
2324 5499 2489 5575 prius
2521 5502 2648 5556 acta
2681 5511 2829 5553 esse.
