3948 6070
159 298 322 369 1419

158 457 315 534 quia
335 447 1011 530 necfm-necsacrilequs
1021 458 1151 505 sum
1163 443 1255 502 vel
1257 439 1370 516 fui
1383 440 1512 514 ejus
1528 435 1805 505 ecclesia,

159 524 350 621 quam
369 524 482 604 Dei
505 543 716 616 gratia
742 555 901 614 reqo,
943 548 1133 609 neque
1162 533 1468 593 ecclesiam
1501 524 1811 600 aliquibus

159 613 299 695 suis
309 635 485 692 rebus
493 613 772 706 spoliari,
787 613 893 687 nec
913 629 1236 700 quicquam
1250 623 1320 680 de
1323 620 1548 696 fundis
1560 619 1691 688 ejus
1703 613 1814 672 aut

159 724 411 782 vendidi
433 703 545 780 aut
563 718 831 779 distraai
851 718 962 775 aut
978 717 1263 786 cuiquam
1282 709 1482 784 quoad
1508 709 1571 764 in
1581 720 1672 763 me
1668 703 1814 777 fuit

158 825 462 886 usiu'pare
463 810 716 884 permisi
729 851 740 864 .
770 809 894 866 Sed
906 820 1036 864 cum
1049 803 1308 861 viderem
1324 815 1422 858 res
1433 799 1702 856 aliarum
1722 807 1808 852 ec-

162 884 487 962 clesiarum
507 915 546 957 a
565 899 695 958 suis
735 893 1112 970 emptoribus,
1136 892 1242 949 hoc
1261 890 1352 948 est
1369 903 1408 946 a
1442 884 1802 953 Wolbodone,

165 988 537 1063 Leupone‘”,
580 986 926 1056 Gisleberto,
963 980 1366 1048 Warimundo,
1389 975 1545 1034 male
1589 972 1800 1043 diripi,

163 1061 573 1152 etinprelium
585 1077 1054 1136 simoniacasua
1064 1067 1416 1129 venalitatis
1424 1064 1674 1138 pessime
1685 1061 1804 1120 dis-

167 1169 359 1239 trahi,
381 1169 591 1224 timens
609 1180 682 1224 ne
700 1163 986 1224 similiter
1021 1161 1090 1217 ab
1111 1161 1320 1232 aliquo
1345 1167 1659 1230 pervasore
1708 1163 1804 1206 res

165 1257 427 1316 ecclesia
440 1257 657 1314 nostra
677 1254 870 1326 dilapi
876 1251 1183 1320 darentur,
1221 1247 1470 1306 concilio
1483 1241 1805 1318 Godefridi

167 1345 342 1402 ducis
383 1346 760 1416 aliorumque
797 1339 1162 1412 sapientium
1186 1338 1473 1404 virorum,
1513 1332 1618 1406 qui
1649 1327 1809 1402 quod

151 1435 370 1505 postea
391 1433 616 1491 accidit
636 1429 1008 1498 verebantur,
1023 1429 1264 1500 partem
1285 1423 1556 1483 thesauri
1577 1421 1810 1480 cuima-

163 1523 332 1580 aime
353 1520 647 1591 timebam,
667 1517 1106 1592 egredientibus
1123 1529 1347 1573 mecum
1365 1515 1435 1570 de
1451 1511 1810 1568 monasterio

145 1610 475 1684 ﬂatribus
486 1609 640 1666 viris
638 1607 928 1682 fidelibus
945 1605 1229 1676 commisi,
1255 1604 1444 1661 etnon
1455 1601 1616 1660 alias
1628 1612 1812 1673 quam

165 1701 344 1776 infra
352 1700 770 1774 possessionem
783 1697 1107 1770 etfundum
1119 1691 1579 1754 ecclesiasancti
1593 1689 1815 1747 Haber-

1190 275 1668 353 CHRONICON
1697 273 1764 342 S.
1790 267 2162 338 HUBERTI
2189 261 2582 334 ANDAGIN.

1835 409 1894 472 Α
1917 436 2246 502 prasumas
2256 443 2282 495 ,-
2290 435 2432 483 nam
2449 423 2504 481 si
2522 418 2641 480 tale
2652 414 2805 502 quid
2808 409 3059 502 feceris,
3092 405 3160 466 in
3189 401 3251 502 te.
3263 399 3424 463 scias
3438 395 3566 502 13in-

3380 263 3396 280 ·
3414 235 3570 307 1480

1922 477 2274 568 dicandum:
2293 477 2502 564 fruti
2525 477 2855 572 tireqorius
2883 495 2953 552 in
2984 477 3424 572 evangeliorum
3435 477 3567 572 tra-

2192 615 2211 652 :
2231 597 2440 665 «Sape
2452 563 2724 664 pastores
2739 580 2996 643 ecclesia
3009 578 3074 636 in
3099 570 3368 647 liqandis
3389 563 3569 625 etsol-

1915 686 2127 746 vendis
2149 699 2272 744 sua
2295 679 2626 742 voluntatis
2645 675 2838 733 motus
2874 685 2989 728 non
3025 665 3221 724 autem
3244 667 3570 746 causarum

1914 744 2136 833 merita
2158 772 2509 845 sequuntur,
2527 767 2686 826 unde
2707 765 2778 830 ﬁt
2792 762 2864 820 ut
2881 761 2994 816 hac
3025 750 3262 845 ligandi
3279 744 3570 845 etsolven-

1918 829 2368 936 autem}...
2392 829 2610 932 milia,
2641 853 2750 926 qui
2782 851 3058 918 hancpro
3079 843 3208 902 suis
3244 829 3569 936 Ροζαπταίξῖ

1917 917 2041 1022 bus,
2064 967 2182 1010 non
2191 964 2306 1026 pro
2327 917 2724 1020 subiectorum
2741 917 3006 998 moribus
3027 929 3280 1026 exercent.
3309 926 3480 1026 Sape
3489 917 3574 990 ﬁt

1912 1043 1984 1100 ut
2007 1057 2151 1115 erga
2173 1009 2514 1114 proximum
2533 1035 2664 1093 odio
2675 1032 2774 1090 vel
2781 1027 2994 1102 gratia
3007 1017 3313 1080 moveatur
3334 1009 3566 1110 pastor.

1910 1097 2199 1192 Judieare
2211 1131 2408 1188 autem
2428 1127 2496 1184 de
2517 1097 2802 1196 subjectis
2822 1119 3002 1190 digne
3031 1105 3348 1182 nequeunt,
3373 1099 3481 1172 qui
3502 1097 3573 1154 in

1911 1220 2283 1281 subditorum
2305 1217 2504 1276 causis
2523 1227 2637 1274 sua
2660 1207 2908 1268 velodia
2925 1199 3297 1274 velqratiam
3317 1203 3577 1281 sequunf

2303 1321 2442 1377 ergo
2452 1300 2773 1378 pensanda
2800 1295 2960 1366 sunt,
2990 1291 3051 1349 et
3077 1291 3216 1348 tunc
3245 1279 3484 1356 ligandi
3515 1277 3572 1334 et

1915 1398 2180 1457 solvendi
2201 1397 2462 1470 potestas
2481 1387 2828 1452 exercenda.
2863 1405 2892 1438 »

1991 1519 2078 1572 82.
2116 1513 2290 1588 (102.)
2314 1513 2391 1568 Ea
2423 1509 2794 1580 tempestate,
2828 1501 3102 1588 hortante
3135 1507 3280 1588 papa
3312 1488 3565 1588 lii-bane,

1923 1619 2034 1664 una
2068 1578 2390 1673 eademque
2406 1578 2653 1655 intentio
2677 1592 2855 1650 totius
2879 1578 3570 1646 occidentischristianos

1924 1695 2226 1752 exciverat
2259 1667 2524 1763 populos,
2549 1683 2834 1742 videlicet
2869 1679 3126 1735 armatos
3155 1667 3570 1739 Jerosolymam

170 1755 281 1776 --ν-
833 1755 856 1770 υ

168 1793 221 1850 ti
243 1805 376 1849 cum
417 1789 567 1862 ipsis
584 1789 854 1862 ﬁdeliter
871 1801 1058 1860 usque
1088 1785 1170 1844 ad
1196 1799 1380 1842 unum
1413 1780 1815 1855 quadrantem
1843 1779 1896 1838 B
1927 1783 2109 1851 adire,
2141 1787 2202 1838 et
2232 1755 2739 1836 t'edoset'Persas
2789 1769 2888 1841 qui
2938 1780 3064 1822 eam
3106 1760 3442 1818 invaserant
3475 1755 3572 1812 de—

165 1881 536 1950 conservavi,
579 1893 888 1949 meamque
913 1876 1352 1934 restitutionem
1385 1871 1663 1943 operante
1702 1866 1816 1926 Dei

152 1969 392 2043 gratia,
407 1981 525 2026 non
550 1967 982 2040 utsacrilequs,
997 1965 1098 2024 sed
1118 1963 1390 2028 ut/l/lelis
1403 1957 1804 2028 conservator,

176 2059 346 2132 quod
361 2073 536 2116 suum
563 2056 699 2114 erat
739 2055 996 2114 ecclesia
1009 2067 1235 2112 mecum
1250 2050 1514 2110 restitui.
1561 2047 1724 2105 Unde
1760 2047 1818 2105 si

167 2161 306 2220 qua
306 2146 589 2220 jaculata
613 2145 1012 2204 estsententia
1027 2140 1660 2201 eacommunicationis
1681 2136 1821 2195 irri-

171 2236 301 2294 tam
313 2247 444 2292 eam
463 2233 701 2292 censent
735 2232 1060 2304 prasentia
1093 2229 1436 2287 testimonia
1470 2227 1820 2284 sanctarum

180 2323 666 2396 Scripturarum.
691 2335 824 2392 qua
857 2335 950 2377 me
963 2318 1355 2393 propugnant
1380 2317 1438 2373 et
1465 2313 1818 2376 defendunt.

175 2414 588 2484 Hieronymus
600 2411 664 2468 in
675 2409 1120 2468 commentariis
1147 2420 1324 2478 super
1348 2405 1670 2462 Mathaum
1697 2417 1824 2460 ver-

170 2514 309 2558 sum
329 2501 510 2558 illum
553 2513 848 2572 eaponens
875 2517 886 2552 :
915 2521 942 2547 α
979 2497 1394 2566 Quodcumque
1429 2494 1825 2566 liqaverissu—

167 2603 280 2662 per
318 2589 559 2660 terram,
584 2589 702 2646 erit
717 2587 977 2658 ligatum
1003 2586 1060 2642 et
1075 2587 1141 2644 in
1153 2585 1315 2642 caelis
1337 2583 1396 2640 et
1419 2584 1827 2656 quodcumque

171 2677 425 2736 solveris
435 2691 611 2749 super
625 2675 1061 2748 terram,eritso
1068 2675 1259 2731 lutum
1271 2673 1401 2730 etin
1413 2670 1704 2744 calis(b{a
1712 2670 1820 2728 tth.

181 2781 300 2837 xw,
327 2769 379 2837 9,
408 2784 436 2818 ››
468 2765 562 2824 ita
593 2765 771 2824 dicit:
803 2786 830 2814 ιι
850 2764 1043 2822 Istum
1070 2762 1260 2822 locum
1283 2759 1601 2834 presbiteri
1621 2760 1678 2816 et
1706 2759 1825 2830 cpi-

179 2855 343 2928 scopi
368 2869 484 2912 non
525 2853 950 2926 intelligentes,
984 2850 1231 2924 aliquid
1257 2849 1376 2908 sibi
1397 2851 1468 2906 de
1493 2849 1824 2922 pharisao-

177 2959 337 3016 rum,
371 2944 690 3002 assumunt
709 2942 1052 3014 supercilio,
1084 2941 1156 2998 ut
1178 2939 1274 2997 vel
1303 2937 1622 3010 dampnent
1661 2939 1824 2996 inno-

177 3033 400 3100 centes,
427 3033 524 3090 vel
543 3033 840 3091 solverese
857 3029 1063 3088 noxios
1077 3028 1468 3098 arbitrentur,
1503 3041 1635 3084 cum
1661 3027 1825 3100 apud

1928 1871 2170 1941 bellare,
2202 1874 2539 1937 terramque
2581 1849 3204 1934 repromissionis-sibi
3262 1844 3571 1904 tenendam
3679 1907 3689 1918 ,

1928 1935 2261 2030 subjugare.
2275 1956 2416 2014 Huic
2446 1935 2806 2024 expeditioni
2829 1960 2942 2002 non
2961 1941 3148 2001 solum
3165 1938 3414 1994 diversae
3435 1935 3574 1988 mta-

1925 2049 2003 2105 tis
2036 2029 2369 2120 populares,
2403 2041 2506 2100 sed
2529 2037 2831 2110 etiamipsi
2865 2029 3296 2108 provinciarum
3326 2034 3574 2080 consen-

1928 2113 2128 2194 serant
2164 2113 2549 2208 principes,et
2577 2131 2790 2201 sponte
2819 2119 3176 2208 posthabitis
3204 2113 3490 2208 uxoribus
3515 2113 3575 2166 et

1929 2225 2089 2296 ﬁliis,
2120 2198 2439 2280 honoribus
2468 2198 2698 2291 quoque
2729 2219 2786 2270 et
2814 2207 3181 2284 patrimoniis
3205 2207 3304 2262 aut
3338 2198 3572 2258 omnino

1931 2285 2158 2372 relictis
2180 2317 2277 2369 aut
2299 2285 2839 2384 pretio-distractis,
2858 2285 3576 2384 festinabant-captarem-

1937 2409 2100 2462 certa
2137 2417 2241 2476 pro
2271 2375 2478 2457 certis.
2518 2399 2656 2452 Cum
2685 2385 3162 2449 hiisGodefridus
3195 2379 3429 2476 duxire
3458 2375 3576 2432 dis-

1933 2466 2234 2567 posuerat,
2259 2494 2320 2546 et
2351 2501 2523 2546 causa
2561 2481 2800 2556 parandi
2825 2479 3184 2536 commeatus
3225 2466 3573 2526 Buloniense

1939 2557 2198 2641 castrum
2212 2557 2460 2636 Otborto
2479 2572 2683 2632 venale
2695 2568 3067 2642 exposuerat.
3086 2563 3268 2618 Causa
3292 2557 3466 2628 hujus
3479 2567 3578 2610 ne-

1932 2672 2078 2744 gotii
2109 2666 2436 2740 exequendi
2465 2659 2562 2721 Ida
2588 2665 2774 2718 mater
2805 2656 2972 2715 ducis
2991 2644 3574 2744 ejusdemBuloniuin

1933 2732 2116 2827 venit;
2143 2732 2270 2832 qua)
2295 2757 2500 2814 videns
2521 2749 2822 2824 deperisse
2853 2741 3227 2802 elemosinam
3262 2734 3450 2809 patris
3485 2732 3575 2789 sui

1933 2824 2175 2922 majoris
2203 2843 2518 2912 Godefridi,
2553 2845 2611 2898 et
2641 2836 2958 2896 monachos
2997 2827 3348 2888 discessisse
3383 2824 3456 2880 ab
3485 2835 3578 2878 ec-

1931 2909 2110 2996 clesia
2147 2933 2479 2993 beatiPctri
2506 2909 2801 2988 consensu
2824 2923 2927 2980 ﬁlii
2975 2921 3062 2979 sui
3105 2913 3420 2984 Godefridi,
3478 2909 3574 2982 qui

1931 3025 2198 3085 remissis
2223 3022 2504 3080 fratribus
2525 3017 2596 3076 ad
2637 3019 2881 3074 matrem
2925 3007 3241 3068 ecclesiam
3277 3000 3432 3060 beati
3461 3000 3574 3054 Hu-

175 3123 368 3180 Deum
395 3135 512 3178 non
538 3120 838 3180 sententia
879 3117 1270 3186 sacerdotum,
1295 3117 1400 3174 sed
1433 3091 1666 3173 reorum
1689 3091 1823 3172 vita
1853 3135 1901 3197 α
1933 3117 2106 3187 berti,
2132 3116 2370 3171 hortatu
2393 3103 2834 3168 domnilienrici
2859 3096 3378 3175 pontiﬁcisiterata
3399 3091 3580 3147 dona-

175 3210 514 3283 quaratur.
553 3211 832 3280 Legimus
859 3209 924 3264 in
945 3206 1203 3263 Levitico
1229 3205 1300 3262 de
1320 3205 1570 3276 leprosis
1596 3203 1701 3260 ubi
1717 3205 1822 3274 ju-

177 3298 347 3356 betur
363 3298 435 3354 ut
455 3297 772 3356 ostendant
787 3309 852 3355 se
873 3293 1281 3354 sacerdotibus
1303 3313 1323 3348 .-
1359 3313 1382 3344 ο
1417 3293 1503 3350 Et
1517 3295 1574 3351 si
1604 3293 1825 3364 lepram

177 3386 521 3456 habuerint,
557 3386 696 3442 tunc
719 3399 756 3442 a
782 3383 1087 3442 sacerdote
1113 3381 1409 3440 immundi
1427 3382 1596 3452 ﬁant
1615 3380 1820 3452 (Levii,

177 3491 291 3532 xiv.
328 3477 404 3547 4).
432 3495 460 3527 η
483 3488 602 3531 non
642 3474 803 3546 quod
837 3472 1174 3532 sacerdotes
1211 3470 1546 3529 immundos
1571 3469 1828 3544 faciant

180 3564 456 3636 leprosos,
485 3563 594 3621 sed
618 3562 778 3634 quod
796 3560 1058 3620 habeant
1083 3559 1365 3618 notitiam
1387 3559 1604 3632 leprosi
1635 3559 1826 3616 etnon

179 3653 416 3724 leprosi,
445 3653 503 3709 et
527 3651 765 3724 possint
785 3651 1140 3719 discernere,
1166 3650 1274 3720 qui
1299 3649 1559 3705 mundus
1584 3649 1687 3704 vel
1716 3649 1827 3720 qui

174 3741 522 3798 immundus
548 3740 650 3798 sit.
689 3737 979 3804 Quomodo
1010 3749 1146 3808 ergo
1177 3736 1471 3808 leprosum
1507 3735 1596 3793 ibi
1633 3749 1826 3794 sacer-

177 3829 282 3887 dos
308 3828 598 3886 mundum
625 3827 722 3884 vel
744 3825 1115 3882 immundum
1155 3823 1819 3896 discooperiendofacit,

171 3917 266 3976 sic
293 3917 352 3974 et
377 3917 478 3975 hic
505 3915 619 3973 aut
643 3913 801 3987 liqut
827 3913 940 3971 aut
953 3911 1138 3971 solt-it
1157 3912 1462 3984 episcopus
1480 3913 1578 3968 vel
1587 3913 1824 3984 presbi.

176 4007 284 4076 ter,
317 4018 432 4064 non
451 4017 545 4062 eos
560 4005 665 4078 qui
688 4001 954 4061 insontes
968 4001 1111 4060 sunt
1146 4001 1203 4057 et
1229 3999 1422 4070 noaii,
1453 3999 1560 4058 sed
1575 4014 1690 4072 pro
1702 4001 1820 4073 opi-

173 4095 266 4153 cio
294 4108 401 4152 suo
445 4107 577 4152 cum
601 4091 977 4165 peccatorum
1014 4089 1284 4148 audierit
1321 4090 1663 4160 varietates,
1703 4091 1825 4150 scit

168 4183 281 4256 qui
302 4182 590 4256 ligandus
607 4182 702 4240 vel
717 4182 826 4254 qui
841 4179 1156 4238 solvendus
1175 4179 1277 4237 sit.
1306 4201 1332 4228 ι
1367 4177 1693 4251 Gregorius
1708 4193 1816 4252 pa-

158 4287 252 4346 pa
276 4272 576 4330 Januario
591 4270 972 4328 Carallitano
983 4269 1274 4340 episcopo:
1313 4287 1342 4320 «
1362 4269 1530 4326 Inter
1539 4269 1814 4342 querelas

166 4360 532 4434 multiplices
560 4359 835 4418 Isidorus
854 4358 950 4414 vir
971 4356 1346 4416 clarissimus
1362 4357 1815 4430 afraternitate

170 4451 279 4508 tua
297 4464 360 4508 se
399 4449 970 4508 eacommunicatum
997 4445 1352 4517 conquestus
1383 4447 1500 4504 est:
1530 4447 1691 4520 quod
1706 4462 1814 4506 cur

119 4584 128 4590 .
165 4538 630 4612 factumfuerit,
649 4538 789 4595 dum
801 4551 839 4594 a
850 4537 1062 4594 clerico
1078 4533 1144 4568 ¹²⁶
1165 4536 1262 4592 tuo
1282 4535 1390 4608 qui
1398 4549 1666 4607 prasens
1681 4537 1814 4594 erat

167 4625 564 4685 voluissemus
593 4627 919 4696 addiscere,
949 4638 1066 4696 pro
1101 4625 1277 4681 nulla
1319 4623 1452 4681 alia
1473 4638 1658 4682 causa
1691 4626 1815 4684 nisi

159 4728 279 4790 pro
309 4729 371 4772 eo
398 4713 557 4787 quod
585 4714 639 4770 te
666 4713 1079 4784 injuriacerat
1090 4711 1338 4786 factum
1359 4713 1638 4770 innotuit.
1679 4715 1817 4779 Qua

166 4817 269 4864 res
289 4817 396 4861 nos
407 4801 774 4859 vehementer
786 4801 1028 4874 afﬂixit
1046 4819 1059 4854 :
1075 4803 1223 4870 quia
1245 4803 1301 4858 si
1319 4801 1409 4858 ita
1429 4803 1534 4873 est,
1555 4803 1751 4860 nichil
1764 4804 1819 4860 te

170 4892 436 4966 cogitare
457 4891 528 4948 de
553 4888 884 4948 caelestibus
905 4889 1198 4960 ostendis;
1207 4891 1312 4947 sed
1321 4891 1618 4949 terrenum
1642 4892 1698 4949 te
1714 4893 1820 4950 ha-

173 4981 307 5038 bere
347 4977 852 5044 conversationem
871 4975 1204 5048 signiﬁcas,
1239 4975 1380 5033 dum
1403 4992 1520 5048 pro
1550 4978 1820 5038 vindicta

161 5070 428 5144 propria
456 5067 722 5140 injuria,
753 5065 914 5138 quod
947 5065 1142 5124 sacris
1186 5064 1416 5138 regulis
1441 5066 1813 5137 prohibetur,

167 5156 646 5216 maledictionem
681 5153 1092 5212 anathematis
1118 5155 1426 5212 inveaisti.
1465 5155 1628 5212 Unde
1649 5156 1718 5212 de
1737 5170 1818 5214 ce-

173 5248 296 5306 tero
311 5248 432 5306 esto
445 5245 908 5318 circumspectus
918 5245 1101 5316 atque
1112 5243 1428 5315 sollicitus,
1445 5245 1507 5302 et
1520 5245 1677 5304 talia
1692 5247 1815 5304 cui-

171 5349 357 5410 quam
369 5350 480 5408 pro
494 5335 836 5408 defensione
855 5333 1104 5406 injuria
1122 5333 1237 5392 tua
1254 5333 1486 5407 inferre
1495 5334 1684 5392 denuo
1695 5349 1814 5393 non

1933 3175 2106 3262 tione,
2152 3201 2326 3273 legali
2351 3195 2632 3272 quidquid
2651 3197 2778 3252 erat
2827 3188 3163 3247 elemosinm
3187 3178 3454 3256 praedicti
3484 3175 3574 3234 avi

1935 3297 2022 3352 sui
2048 3294 2102 3349 in
2137 3269 2315 3349 rebus
2340 3269 2655 3344 mobilibus
2669 3277 3172 3340 velimmobilibus
3195 3275 3365 3330 beato
3401 3269 3576 3324 Petro

1934 3389 1994 3440 et
2018 3385 2189 3440 beato
2218 3379 2480 3437 Huberto
2496 3373 2820 3432 tradiderat
2843 3382 3038 3426 coram
3056 3363 3311 3422 testibus
3325 3356 3574 3426 idoneis,

1933 3468 2364 3545 gravitertulit,
2398 3470 2455 3522 et
2485 3463 2754 3521 abbatem
2799 3453 3216 3515 Theodericum
3263 3449 3334 3505 ad
3385 3462 3448 3504 sc
3489 3459 3579 3502 ve-

1938 3563 2063 3620 nire
2083 3557 2406 3616 mandavit.
2447 3557 2489 3612 A
2523 3567 2636 3625 quo
2665 3551 2800 3607 dum
2825 3548 3118 3619 quaereret
3139 3554 3268 3598 cum
3300 3549 3574 3604 mcerore,

1935 3667 2042 3710 cur
2062 3649 2155 3708 vel
2215 3623 2798 3720 quomodomemoria
2846 3634 3029 3708 patris
3058 3631 3149 3689 sui
3198 3629 3327 3685 loco
3349 3625 3450 3681 illo
3481 3623 3576 3680 de-

1938 3740 2190 3807 fecisset,
2225 3715 2530 3807 respondit
2563 3729 2744 3787 abbas
2781 3726 2840 3782 id
2889 3721 3056 3780 fratri
3079 3735 3186 3776 suo
3216 3723 3273 3774 et
3307 3715 3424 3771 ﬁlio
3449 3725 3576 3807 ‘suo

1937 3801 2356 3900 imputandum,
2413 3819 2511 3891 qui
2546 3815 2868 3874 subtractis
2907 3811 3198 3868 reditibus
3230 3801 3578 3862 adnichilas-

1933 3897 2061 3975 sent
2091 3915 2284 3985 locum
2307 3921 2625 3976 omnesque
2665 3905 3071 3960 destructores
3091 3899 3217 3968 ejus
3241 3897 3445 3951 nosset
3482 3903 3580 3946 ex-

1932 3979 2388 4064 communicatos
2407 3993 2726 4053 secundum
2781 3986 3096 4048 Alexandri
3129 3998 3294 4057 papae
3345 3976 3580 4064 privile-

1927 4091 2198 4165 gium.At
2216 4085 2424 4144 femina
2445 4079 2683 4140 virtutis
2705 4076 2956 4136 sollicita
2983 4087 3086 4146 pro
3111 4075 3276 4144 patre
3300 4063 3578 4124 salvando

1927 4158 2183 4252 itemque
2203 4191 2310 4250 pro
2340 4174 2593 4230 fratreet
2616 4167 2734 4224 lilio
2758 4158 3573 4250 absolvendo,abbatemcum

1924 4240 2181 4329 lacrimis
2204 4240 2414 4322 adorsa
2444 4263 2536 4318 est
2565 4271 2755 4326 orare,
2793 4257 2858 4311 ut
2887 4265 3086 4310 curam
3118 4245 3387 4305 ecclesiae
3420 4240 3574 4298 beati

1921 4359 2084 4420 Petri
2109 4354 2464 4421 resumeret,
2497 4353 2556 4406 et
2589 4343 2869 4418 repositis
2898 4341 2978 4398 ibi
3019 4337 3320 4406 fratribus,
3355 4331 3579 4406 pericu-

1927 4451 2041 4507 lum
2060 4458 2266 4503 eorum
2284 4439 2460 4513 quiin
2477 4440 2654 4494 Deum
2673 4439 2735 4490 et
2750 4438 2975 4506 patrem
2997 4442 3164 4486 suum
3186 4424 3578 4498 peccaverunt

1929 4536 2293 4596 absolveret.
2326 4528 2409 4586 Ad
2461 4524 2783 4584 haecabbas
2813 4535 2945 4578 cum
2995 4519 3240 4588 negaret
3287 4527 3346 4570 se
3403 4523 3576 4583 posse

1927 4626 2081 4700 quod
2115 4621 2440 4693 cogebatur
2469 4614 2640 4684 velle,
2666 4615 2852 4668 mater
2901 4607 3080 4664 illium
3129 4615 3296 4662 Suum
3346 4598 3577 4672 impulit

1927 4691 2230 4790 porrigere
2262 4707 2346 4764 llli
2369 4704 2668 4762 humiliter
2693 4699 2923 4758 vadium
2946 4691 3576 4760 satisfactionis,utque

1927 4778 2152 4861 veniam
2211 4789 2836 4855 excommunicationis
2901 4785 3218 4854 obtineret,
3267 4778 3574 4838 ecclesiam

1927 4896 2174 4948 matrem
2191 4887 2263 4944 de
2296 4883 2550 4940 Saltiaco
2573 4880 2699 4936 rivo
2722 4875 2866 4949 (181)
2899 4889 3030 4933 cum
3063 4869 3306 4944 capellis
3342 4866 3576 4923 illisub-

1923 4977 2372 5051 jectisitemque
2391 4970 2614 5044 capella
2639 4965 2858 5025 sanctis
2875 4961 3118 5050 Johanni
3155 4966 3213 5018 et
3247 4955 3576 5032 praebendis

1931 5046 2010 5124 ibi
2049 5046 2484 5124 deserventium
2515 5056 2864 5114 clericorum
2887 5048 3274 5122 omnibusque
3310 5046 3575 5119 ejusdem

1924 5155 2168 5230 capella:
2238 5148 2558 5207 mobilibus
2585 5150 2644 5202 et
2675 5139 3220 5207 immobilibus;ita
3268 5141 3464 5194 tamen
3513 5139 3578 5192 ut

1927 5225 2351 5302 decedentibus
2372 5233 2605 5294 clericis
2635 5232 2733 5304 qui
2756 5235 2924 5288 erant
2964 5235 3105 5287 tunc
3127 5225 3424 5299 temporis,
3458 5237 3580 5278 om-

1923 5334 2016 5390 nia
2049 5323 2726 5402 subjaceantmonachis,
2755 5323 3113 5394 procurante
3145 5318 3358 5376 abbate
3388 5309 3555 5386 capel

1537 5449 1772 5507 VARUS
1807 5447 2208 5506 LECTIONES.

1756 5589 1980 5649 ΝΟΤΕ.

243 5519 312 5558 ³³⁸
343 5521 691 5593 Leupodone
721 5527 772 5580 1.
807 5522 885 5578 1‘.
961 5518 1030 5554 1³⁸
1055 5518 1216 5578 clero
1248 5523 1298 5576 1.
1333 5522 1410 5576 1‘.

239 5665 390 5740 (181)
415 5661 826 5724 Sansanruth.
860 5664 924 5720 R.
