3960 6044
347 249 494 313 1431
1343 252 1822 321 CHRONICON
1853 253 1920 318 S.
1954 251 2324 318 HUBER’I‘I
2357 253 2750 318 ANDAGIN.

345 405 538 464 lanum
573 403 766 479 ³³⁷,ᾳυὶ
799 405 1090 466 deserviet
1123 411 1322 469 castro
1367 415 1428 470 et
1461 409 1727 483 p0pulari
1789 423 1986 483 parro-
2015 391 2070 451 Α
2123 389 2376 489 “fimo
2398 389 2613 448 Urbani
2645 403 2820 489 ﬁlia?
2846 386 3202 489 expetierat
3247 387 3544 489 Μὲξιεὲδεῖδ
3589 388 3765 489 {mhi

341 477 656 556 chimsicut
685 477 828 554 avus
860 513 1000 556 suus
1031 499 1376 572 Godefridus
1400 477 1583 570 major
1608 477 1905 558 beato-Pel

2198 479 2427 552 iscopus
2443 493 2616 536 causa
2643 479 2723 536 ibi
2745 481 2933 536 art'us
2954 477 3232 547 augenda:
3249 477 3570 549 religionis.
3589 477 3762 546 Quod

341 587 660 646 donaverat
689 588 1112 661 legaliter,ipse
1145 568 1375 662 quoque
1404 568 1687 647 fratribus
1711 590 1796 646 ibi
1821 606 1905 663 re;

2198 583 2282 624 am
2316 568 2486 638 longe
2514 568 2686 624 aliter
2715 568 2999 638 evenerit,
3036 570 3294 624 testatur
3330 569 3494 639 llugo
3525 569 3762 640 episco-

345 679 549 735 nendis
565 655 799 750 publice
818 655 1295 748 recognosceret:
1311 679 1472 746 Quod
1487 695 1616 736 cum
1636 655 1907 736 Godcfrid

2193 674 2216 714 s
2239 657 2658 728 Lugdunensis,
2679 655 2906 727 legatus
2947 656 3215 713 ecclesiae
3236 658 3522 728 Romanae,
3568 672 3757 730 super

345 767 400 822 in
427 745 722 823 audientia
742 745 1020 824 nobilium
1040 783 1276 824 suorum
1291 745 1416 826 sine
1432 768 1547 824 nlla
1565 769 1988 826 retractatione
2099 746 2212 803 hiis
2241 747 2319 802 ίίθ
2353 745 2621 803 scribens
2637 745 3042 817 διἰηηορτιρω
3069 746 3613 803 επείοθνσηάίεδέπιο
3629 761 3744 816 Ρα-

345 853 436 911 vel
459 856 921 912 contradictione
954 855 1359 928 sollempniter
1403 857 1658 928 fecisset,
1712 858 1838 928 ipsa
1891 859 1909 912 l

2199 851 2271 893 ac
2293 837 2524 892 domino
2536 835 2881 892 suoUrbano
2890 848 3068 908 papa
3085 834 3684 906 HugoLugdunensis
3695 850 3759 893 ec

3600 251 3772 317 usa
3869 286 3881 353 ε

345 945 644 1002 comitissa
671 949 912 1001 matrem
946 945 1254 1002 ecclesiam
1314 947 1368 1002 in
1415 947 1617 1018 Basejo
1647 947 1796 1020 (182)
1825 946 1984 1016 villa,

347 1048 475 1104 quas
490 1034 724 1106 propria
748 1034 819 1090 ab
842 1035 1083 1106 antiquo
1116 1036 1204 1093 sui
1234 1035 1640 1108 patrimoniiin
1667 1035 1989 1094 Bracbante

346 1129 494 1193 erat,
530 1124 640 1180 sita
669 1122 834 1192 juxta
867 1125 1228 1195 Nivigellam,
1271 1125 1540 1183 ecclesias
1559 1126 1714 1182 beati
1741 1126 1896 1182 Petri
1917 1131 1990 1192 \et

349 1211 506 1270 beati
531 1211 774 1268 lluberti
806 1213 1051 1268 tradidit
1110 1213 1433 1270 habendam
1461 1229 1564 1284 pro
1593 1213 1780 1270 anima
1805 1214 1990 1284 patris

351 1301 438 1358 sui
465 1301 757 1358 Godefr'di
793 1302 1025 1359 Barbati
1061 1302 1316 1374 itemque
1349 1302 1548 1359 fratris
1567 1303 1656 1359 sui
1690 1303 1988 1360 Godel‘ridi

355 1389 574 1460 ﬁliique
607 1390 694 1446 sui
720 1389 931 1447 ibidem
965 1391 1291 1462 praesentis,
1326 1390 1709 1462 eamdemque
1731 1391 1992 1447 donatio-

349 1492 478 1534 nem
499 1477 669 1548 legali
690 1479 995 1550 privilegio
1014 1485 1074 1536 et
1091 1479 1638 1550 legitimistestihus
1655 1480 1988 1536 conﬁrmari

353 1566 522 1642 (183),
558 1568 772 1625 fratres
801 1569 976 1626 etiam
1009 1569 1066 1626 in
1099 1571 1188 1626 sui
1223 1569 1531 1641 praesentia
1559 1570 1632 1625 ab
1667 1569 1878 1625 abbate
1903 1585 1992 1625 re-

352 1656 488 1728 poni
519 1658 771 1715 obtinuit
796 1658 949 1732 apud
971 1658 1281 1716 ecclesiam
1307 1658 1461 1714 beati
1482 1657 1670 1714 Petri.

423 1751 510 1804 83.
549 1746 716 1818 (103).
745 1748 1027 1804 Othertus
1053 1747 1256 1818 gloriae
1312 1763 1433 1805 suae
1482 1746 1748 1816 studens,
1786 1747 1993 1820 praedi-
2022 1748 2076 1808 Β

355 1838 515 1891 ctum
542 1841 801 1892 castrum
851 1835 1113 1893 oblatum
1165 1836 1276 1892 sibi
1332 1836 1692 1907 concupivit,
1727 1840 1789 1891 et
1837 1835 1994 1890 mille

355 1923 705 1992 quingentas
732 1924 958 1993 argenti
979 1925 1161 1980 libras
1187 1939 1374 1996 proeo
1401 1923 1534 1980 duci
1559 1923 1820 1980 condixit
1846 1924 1990 1993 (184:

359 2009 440 2066 Ad
458 2011 958 2070 hasexsolvcndas
977 2029 1104 2071 cum
1123 2012 1568 2085 proscripsisset
1583 2011 1996 2084 exspoliandas

357 2100 842 2170 congregationes
857 2101 1162 2174 episcopii,
1183 2106 1304 2158 tum
1321 2101 1549 2158 demum
1566 2101 1674 2156 hac
1691 2101 1996 2158 occasione

357 2185 644 2242 adversus
673 2187 979 2244 ecclesiam
1015 2188 1168 2244 beati
1189 2188 1428 2246 lluberti
1459 2187 1736 2244 maximas
1757 2187 1998 2244 inimici-

359 2273 473 2330 tias
501 2276 786 2332 cxercnit.
821 2278 960 2333 Nam
994 2277 1136 2349 ipsis
1169 2276 1548 2334 exactoribus
1599 2275 1722 2332 suis
1778 2275 1993 2346 missis,

362 2363 840 2422 tabulamnltaris
870 2380 1013 2423 auro
1037 2372 1251 2422 tectam
1277 2364 1620 2437 disparavit,
1649 2368 1774 2422 tres
1793 2378 1999 2421 cruces

357 2465 568 2511 aureas
592 2453 879 2527 dispersis
925 2455 1221 2526 lapidibus
1266 2453 1516 2524 effregit,
1552 2469 1794 2525 quarum
1829 2468 1997 2510 unam

357 2557 578 2612 magnae
599 2543 948 2614 quantitatis
964 2543 1407 2600 domnusabbas
1424 2541 1816 2599 Theodericus
1841 2541 2000 2614 prior

361 2633 594 2689 noviter
628 2633 846 2689 fecerat
871 2631 1068 2689 studio
1095 2631 1382 2688 Lamberti
1417 2631 1670 2701 majoris,
1714 2645 2001 2702 quamque

359 2721 650 2778 Henricus
689 2721 1006 2792 episcopus
1059 2735 1088 2777 a
1132 2721 1360 2778 nemine
1403 2719 1836 2776 distrahendam
1893 2720 2002 2776 sub

365 2808 734 2864 anathemate
759 2808 1094 2864 interdixit.
1127 2809 1207 2864 Ex
1239 2807 1412 2874 hujus
1471 2807 1689 2878 rapinae
1736 2805 2003 2878 reliquiis

365 2894 688 2967 praedictus
718 2895 1060 2953 Lambertus
1083 2909 1251 2952 unam
1287 2909 1538 2952 maream
1594 2898 1653 2950 et
1705 2893 2002 2950 dimidiam

367 2984 492 3040 auri
528 2983 788 3054 collegit,
821 2989 878 3040 et
909 2983 1187 3041 allodium
1217 2984 1288 3041 de
1319 2983 1471 3054 Felc,
1498 2983 1652 3054 quod
1704 2987 1792 3040 est
1826 2998 2004 3055 prope

2104 925 2298 982 etesia
2309 939 2514 982 servus
2540 937 2601 982 se
2625 926 2821 995 ipsum
2837 937 2944 994 per
2963 925 3449 981 omnia.Litteras
3469 925 3571 980 vel
3596 924 3759 996 lega-

2103 1014 2310 1071 tionem
2343 1013 2660 1088 cujusdam
2677 1012 2953 1071 monachi
2984 1013 3243 1085 Majoris
3273 1013 3626 1070 monasterii
3657 1028 3758 1068 no-

2097 1103 2260 1159 mine
2273 1102 2512 1160 Roberti
2525 1101 2608 1158 ad
2617 1101 2751 1172 vosj
2755 1117 2851 1158 am
2863 1104 3094 1160 venisse
3101 1102 3409 1173 putamus,
3427 1116 3604 1174 quem
3607 1102 3758 1173 fra-

2102 1192 2190 1248 ter
2211 1192 2524 1248 Manasses
2554 1191 2858 1248 Remensis
2879 1191 3544 1264 archiepiscopus,quod
3563 1205 3678 1262 per
3696 1204 3760 1247 se

2099 1294 2214 1336 non
2233 1279 2450 1346 valuit,
2472 1279 2868 1336 ordinandum
2889 1279 2956 1335 in
2975 1279 3246 1336 abbatem
3266 1279 3464 1336 sancti
3490 1279 3760 1350 Remigii

2101 1359 2447 1417 litterarum
2459 1360 2790 1417 vestrarum
2805 1359 3169 1417 auctoritate
3179 1359 3254 1416 ab
3268 1358 3590 1417 abbatesuo
3603 1359 3756 1430 (186)

2100 1448 2591 1520 impetravitAdj
2597 1447 2758 1504 uncti
2778 1450 2922 1505 sunt
2939 1449 3121 1506 etiam
3141 1449 3196 1507 ei
3214 1448 3459 1519 quidam
3472 1447 3760 1518 religiosi

2085 1536 2351 1608 fratres,
2368 1550 2620 1606 quorum
2622 1536 2836 1607 fretus
2865 1537 3115 1594 consilio
3137 1537 3196 1592 et
3218 1535 3456 1592 auxilio
3492 1533 3762 1593 subdito-

2099 1639 2230 1682 rum
2247 1638 2371 1681 suo;
2389 1637 2490 1681 um
2504 1624 2880 1682 Itemensium
2892 1626 3308 1683 monachorum
3320 1626 3551 1683 animos
3563 1624 3763 1696 infor-

2101 1706 2360 1762 maretet
2371 1705 2648 1764 adsacree
2665 1705 2980 1776 religionis
2994 1705 3391 1763 imitationem
3406 1703 3757 1761 instrueret.

2099 1793 2250 1865 inse
2269 1794 2941 1865 autemgroutrirorum
2953 1794 3229 1851 bonorum
3247 1793 3539 1851 relatione
3548 1807 3761 1864 cogno-

2103 1882 2319 1950 vimus,
2335 1883 2531 1953 spreto
2553 1896 2752 1939 eorum
2773 1883 3020 1940 consilio
3041 1885 3149 1954 qui
3168 1884 3222 1939 ei
3247 1883 3378 1940 dati
3390 1883 3648 1956 fuerant
3673 1881 3762 1938 ad

2105 1972 2412 2028 auxilium
2424 1973 2711 2042 augenda
2730 1973 3066 2044 religionis,
3092 1974 3264 2044 capit
3291 1973 3594 2029 adbarere
3605 1985 3758 2028 com-

2101 2050 2362 2124 plicibus
2385 2052 2652 2109 levitatis
2682 2053 2738 2108 et
2769 2053 3082 2109 remissius
3102 2053 3388 2109 retaxare
3429 2051 3755 2109 districtio—

2104 2155 2238 2198 nem
2259 2140 2398 2196 vita
2415 2139 2738 2212 regularis.
2761 2141 2880 2206 Quo
2899 2141 3185 2212 comperto
3199 2142 3504 2198 Bernensis
3524 2139 3756 2197 archie-

2100 2232 2377 2302 piscopus
2397 2231 2614 2302 sapius
2635 2245 2762 2286 eum
2783 2245 2968 2302 perse
2985 2245 3208 2303 perque
3245 2231 3401 2287 alios
3435 2230 3756 2301 religiosos

2108 2319 2364 2385 riros,ut
2386 2333 2529 2388 erga
2556 2320 2822 2376 ordinem
2845 2333 3017 2377 suum
3046 2320 3104 2375 et
3135 2319 3254 2376 sibi
3282 2318 3548 2378 subditos
3569 2319 3756 2374 corri-

2100 2406 2325 2478 gendos
2352 2408 2676 2464 studiosior
2698 2409 3201 2478 esset,admonuit,
3223 2407 3532 2479 nichilque
3557 2405 3755 2477 profe-

2109 2487 2208 2544 cit.
2233 2487 2486 2544 Tandem
2484 2487 2863 2559 frustratum
2872 2502 2936 2545 se
2954 2502 3299 2560 cognoscens
3317 2487 3386 2543 de
3397 2501 3459 2543 eo
3469 2497 3644 2556 quem
3664 2498 3756 2540 re-

2110 2575 2721 2647 ligiosumputarerat
2735 2578 2791 2632 et
2808 2576 3154 2634 inabbatem
3171 2575 3637 2643 consecrauerat,
3656 2573 3764 2629 hoc

2108 2665 2306 2736 ipsum
2325 2663 2530 2721 abbati
2557 2665 2816 2736 Majoris
2835 2667 3186 2724 nionasterii
3203 2664 3594 2736 signiﬁcavit,
3613 2662 3673 2718 et
3691 2661 3765 2716 ut

2111 2766 2243 2810 eum
2263 2755 2586 2826 corriperet
2605 2755 2664 2810 et
2675 2754 3382 2826 emendaret,obsecravit.
3407 2750 3603 2810 Abbas
3621 2763 3766 2808 vero

2113 2841 2361 2900 directis
2390 2855 2430 2898 a
2454 2841 2640 2900 latere
2656 2857 2762 2900 suo
2781 2844 3088 2916 religiosis
3106 2844 3395 2914 personis,
3414 2840 3769 2898 multotiens

2113 2935 2243 2978 eum
2263 2921 2615 2992 increpavit,
2633 2923 2689 2979 et
2705 2937 2779 2980 ne
2809 2924 2930 2980 tam
2954 2924 3324 2996 negligenter
3349 2923 3553 2979 vivens
3583 2919 3771 2978 ecclei

2115 3003 2274 3059 siam
2301 3002 2458 3058 unde
2485 3003 2728 3058 venerat
2774 3002 3205 3073 dehonestaret,
3232 3003 3520 3060 attentius
3557 2999 3768 3057 admo-

369 3073 695 3142 Nasaniam,
732 3087 761 3129 a
793 3073 1024 3129 Conone
1054 3073 1269 3130 comite
1300 3073 1550 3144 quicum
1581 3071 1726 3130 duce
1749 3072 1933 3128 Iberos

2207 3091 2338 3160 it,et
2355 3091 2484 3147 nisi
2493 3104 2558 3147 se
2569 3091 3003 3159 emendaret,ut
3020 3071 3446 3148 inobedtentem
3469 3090 3524 3146 et
3539 3089 3771 3160 profes-

377 3161 567 3218 limam
594 3162 736 3231 ibat,
771 3165 1059 3234 praesente
1093 3163 1322 3219 Bovone
1343 3162 1416 3218 de
1447 3162 1684 3218 Wahart
1707 3167 1768 3218 et
1800 3161 2012 3218 Walte-

2115 3181 2305 3237 sionis
2333 3193 2456 3236 sua
2482 3180 2982 3252 transgressorem
3018 3194 3081 3238 se
3118 3179 3771 3238 eacommunicaturum

371 3252 458 3307 rio
491 3251 563 3306 de
594 3249 837 3307 Ambluz
862 3250 1138 3307 donatum
1172 3250 1438 3309 ecclesiae
1469 3249 1854 3322 comparavit
1897 3251 2010 3307 Nec
2116 3268 2454 3326 intentavit.
2468 3249 2987 3333 Quidmultarpie
3006 3268 3631 3328 constitutaseadeum
3647 3267 3769 3324 itu—

372 3355 420 3430 m
433 3339 552 3430 ιξιιο
570 3344 705 3410 post
719 3338 1285 3430 duslheroeelimnm
1309 3337 1528 3430 vadens
1545 3337 1812 3430 [an-1996
1831 3337 2007 3410 Aea].
2115 3371 2249 3413 rum
2263 3357 2324 3412 et
2337 3357 2502 3412 velut
2509 3358 2680 3428 patri
2699 3371 2806 3414 suo
2821 3355 3770 3430 obediturumpramisitﬂedcon—

369 3427 568 3518 “ldum
597 3443 778 3518 “"“m,
801 3427 1300 3518 οιινίειειιίηετιξπη
1329 3425 1592 3518 3193’“?!
1619 3426 1790 3518 ηοδίε
1821 3431 2014 3518 ίνὲφε·
2118 3445 2386 3503 siliariis
2407 3425 2536 3502 suis
2545 3446 2762 3516 pravis
2791 3445 3038 3515 locutus,
3063 3448 3155 3504 ire
3181 3425 3545 3518 contempsit.
3573 3443 3771 3500 Abba:

370 3517 629 3587 mittens,
667 3517 884 3573 multos
916 3531 1113 3573 secum
1148 3515 1374 3572 nobiles
1403 3521 1458 3571 ct
1486 3514 1801 3584 religiosos
1833 3514 1934 3571 add

2207 3526 2320 3582 tem
2346 3525 2505 3582 sicut
2532 3514 2800 3584 minatus
2805 3514 3046 3598 fuerat,
3069 3540 3198 3583 eum
3222 3514 3618 3584 consentiente
3651 3524 3769 3596 epi-

373 3605 482 3673 xit,
519 3619 765 3676 quorum
796 3603 1150 3661 defensionis
1183 3603 1396 3659 intuitu
1443 3601 1754 3660 insectatio
1787 3604 1934 3659 Othe

2204 3627 2288 3686 ipa
2307 3615 2858 3672 eacommunicavit.
2876 3617 3014 3686 Ipso
3031 3627 3168 3672 vero
3178 3613 3544 3674 reclamante
3553 3613 3612 3670 et
3621 3628 3768 3669 ana-

375 3696 692 3762 utcumque
723 3691 1034 3748 videbatur
1063 3690 1758 3748 tolerabilisTheoderico
1782 3691 2007 3748 abbati.
2126 3702 2405 3760 the-matis
2419 3702 3326 3772 ejmvinwwseminimeunﬂi
3340 3703 3772 3773 dgwuuﬂm.

377 3780 602 3847 Quibus
625 3779 978 3836 abeuntibus
1011 3779 1182 3850 longo
1214 3783 1271 3836 et
1303 3779 1497 3849 gravi,
1518 3779 1695 3836 taedio
1753 3780 2014 3851 affectus,
2126 3792 2200 3850 ab
2230 3795 2360 3864 ejus
2389 3791 2724 3850 obedientia
2753 3793 2814 3848 ει
2831 3791 3202 3865 professione
3225 3790 3533 3850 αθεοιαιαε
3579 3789 3641 3846 ει
3662 3791 3776 3847 ηε-

375 3882 504 3924 cum
531 3882 594 3924 se
617 3873 897 3939 pensaret
920 3867 1198 3940 imparem
1225 3867 1588 3939 perferendis
1602 3871 1689 3924 tot
1717 3883 1908 3926 rerum
1928 3883 2020 3924 ωει-
2127 3883 2314 3940 mensi
2341 3882 2598 3940 ecclesia
2618 3879 2818 3940 utsibi
2839 3880 3154 3938 videbatur
3176 3881 3325 3938 liber
3341 3880 3778 3949 redditus,oon-

375 3956 562 4020 sibus,
584 3956 796 4012 nemini
823 3955 977 4027 quod
1007 3961 1358 4028 conceperat
1387 3956 1642 4025 edicens,
1677 3957 1842 4027 quasi
1863 3971 2018 4012 more
2126 3971 2344 4027 “iam;
2361 3969 2452 4028 σει
2469 3970 2596 4028 die;
2615 3969 2690 4027 ab
2711 3969 3292 4042 archiepiscopoﬂm
3303 3969 3539 4042 judicia
3555 3968 3778 4040 ἀνίεσθ-

376 4046 550 4102 solito
573 4045 645 4102 ad
669 4051 904 4117 tempus
944 4046 1155 4114 exiret,
1218 4045 1550 4102 valedicens
1605 4045 1907 4115 fratribus,

2215 4073 2335 4116 rum
2350 4058 2697 4116 etabbatum
2711 4059 2788 4116 tis
2809 4057 2922 4116 illa
2936 4059 3379 4117 terminaretur.
3391 4059 3658 4122 Pro/tea
3669 4071 3779 4114 au-

380 4139 644 4190 sam-tum
680 4133 999 4204 Remigium
1034 4133 1228 4190 Remis
1257 4133 1579 4190 secontulit
1603 4132 1815 4189 ibidem
1837 4149 1944 4190 mon

2217 4163 2246 4204 n
2267 4148 2364 4206 die
2375 4146 2854 4205 convenientibus
2868 4148 3152 4220 episcopis
3165 4151 3225 4205 et
3239 4147 3553 4206 abbatibus
3571 4145 3781 4204 multi-

384 4229 580 4279 turus.
633 4221 799 4288 Quod
831 4238 958 4278 cum
983 4223 1136 4294 apud
1181 4236 1245 4278 se
1268 4221 1646 4291 destinasset,
1681 4222 1815 4293 quia
1870 4222 1948 4278 ide

2217 4251 2278 4294 ue
2307 4237 2454 4294 aliis
2481 4235 2787 4309 religiosis
2829 4239 3118 4309 personis,
3131 4238 3260 4309 ipso
3304 4249 3551 4309 quoque
3565 4233 3781 4309 abbate

383 4309 546 4368 locus
579 4309 954 4382 amplissimae
978 4309 1286 4375 dignitatis
1308 4313 1364 4366 et
1402 4309 1665 4366 maximae
1726 4309 2026 4368 videretur
2133 4305 2393 4380 Eajoris
2413 4305 2764 4366 monasterii
2783 4305 2844 4366 et
2853 4310 3056 4380 priore
3079 4305 3464 4367 Cluniacensi
3487 4305 3782 4364 discussis

385 4399 736 4466 honestatis,
765 4403 905 4456 tunc
938 4398 1120 4468 magis
1150 4399 1257 4455 hoc
1289 4397 1417 4456 ideo
1439 4397 1756 4469 aﬂ‘ectavit,
1791 4399 1922 4470 quia
1944 4398 2028 4456 di-
2133 4399 2438 4468 utrimque
2465 4397 2806 4456 rationibus
2827 4399 2890 4456 et
2911 4397 3352 4470 objectionibus,
3378 4411 3512 4455 cum
3533 4394 3782 4468 probari

389 4488 612 4545 dicerat
637 4487 850 4542 ibidem
901 4487 1171 4542 abbatem
1203 4487 1490 4557 quendam
1531 4485 1862 4544 ordinatum
1918 4488 2028 4544 Ro-
2134 4485 3786 4558 nonposset,quodprredictusmonachusRobertusapri-

385 4577 615 4635 bertum
647 4573 876 4643 Majoris
904 4573 1171 4633 ecclesiae
1227 4575 1377 4649 (185)
1428 4575 1794 4643 monachum,
1855 4591 2024 4647 quem
2133 4575 2772 4649 maprofessiouissuee
2792 4575 3424 4648 vizwuloperabbatem
3444 4589 3619 4634 suum
3629 4587 3789 4646 pm-

1743 4701 1981 4758 VARIE
2025 4701 2424 4759 LECTIONES.

457 4797 524 4833 ³⁸⁷
553 4797 856 4870 capellano
885 4802 934 4853 1.
971 4799 1044 4852 1".

1987 4896 2189 4952 ΝΟΤᾹῙ

2143 4995 2200 5052 in
2232 4996 2470 5052 Terram
2501 5000 2778 5052 sanctam.

2215 5065 2366 5148 (186)
2403 5066 2714 5148 B-ernardo.
2737 5067 3024 5148 Czeterum
3049 5063 3170 5148 [gare
3191 5061 3392 5148 eadem
3443 5063 3796 5148 Lambertus

2145 5135 2244 5210 ep.
2285 5135 2556 5194 Atrebat.
2590 5135 3267 5219 papscscripsit,Baluzii
3317 5135 3455 5190 Misc
3529 5136 3592 5202 V,
3654 5138 3790 5190 304.

2149 5210 2415 5264 Urbanus
2445 5212 3006 5264 autcmsententiam
3030 5212 3234 5263 contra
3278 5205 3594 5262 Robertum
3614 5205 3798 5262 latam

464 4996 614 5132 ἓξὲξ)
641 4993 936 5132 ξῇᾟθξὶἶ

495 5063 614 5135 183)
639 5063 1046 5138 Privilegium,
1082 5063 1196 5138 ubi
1218 5064 1393 5138 etiam
1428 5064 1717 5138 privilegii
1743 5065 1902 5123 illius
1959 5067 2032 5138 ab

395 5134 726 5207 Alexandro
758 5134 1092 5207 llconcessi
1127 5134 1406 5205 meminit,
1429 5134 1554 5204 ‘jam
1583 5134 1850 5207 a.'1094,
1918 5137 2031 5193 ind.

395 5223 454 5276 ll,
511 5206 736 5262 Bulonii
789 5206 986 5263 datum
1038 5211 1152 5275 est,
1189 5206 1363 5262 Mirmi
1405 5207 1587 5278 Opp.,
1639 5208 1786 5279 dipl.
1839 5206 1888 5278 'l,
1945 5213 2034 5266 76.

396 5283 598 5344 Itaque
629 5283 958 5348 temporum
991 5279 1137 5335 ordo
1199 5279 1292 5333 hic
1335 5280 1609 5335 turbatus
1635 5287 1756 5337 est.

469 5348 618 5417 (184)
653 5349 740 5403 Cf.
809 5349 1184 5420 Triumphum
1213 5349 1274 5405 S.
1337 5349 1624 5420 Lamberti
1671 5351 1742 5407 de
1777 5349 2042 5407 Bullonio

398 5424 600 5491 castro
632 5433 758 5491 cap:
801 5424 848 5474 1.
885 5419 1054 5491 quem
1086 5420 1404 5491 exscripsit
1435 5419 1722 5491 Algidius.

473 5490 624 5558 (185)
682 5490 1454 5548 Marmoutiers-les-Tours.
1517 5490 1808 5550 Henricus
1862 5493 2044 5550 abbas

401 5561 628 5618 obierat
655 5560 995 5630 1095,Mart.
1032 5566 1123 5618 16.
1146 5561 1758 5621 Robertusestauctor
1789 5564 2045 5634 Passagii

2151 5350 2258 5408 loti
2285 5351 2438 5406 llist.
2480 5347 2644 5406 Rem.
2685 5351 2752 5419 ll,
2776 5347 2907 5420 1221
2935 5356 2994 5405 ct
3028 5347 3193 5420 apud
3231 5347 3591 5420 Ducangium
3634 5362 3690 5402 s.
3736 5364 3796 5404 v.

2153 5421 2653 5493 Emancipatorize,
2689 5417 2990 5493 ipsiusque
3031 5417 3290 5493 Roberti,
3354 5417 3490 5493 Bal,_
3526 5417 3693 5474 Misc.
3736 5421 3800 5489 V,

2154 5491 2407 5621 312,9“;
2444 5493 2634 5564 Syhcl,
2662 5491 3006 5549 Geschichte
3045 5491 3148 5548 des
3204 5496 3406 5548 ersten
3454 5491 3802 5561 Kreuzzugo

2161 5580 2212 5636 p.

2149 5279 2424 5344 cassavit,
2449 5295 2500 5335 v.
2523 5279 2702 5350 epist.
2741 5278 2868 5348 ejus
2897 5279 2958 5333 d.
3001 5276 3385 5350 1097,_April.
3441 5279 3529 5350 15,
3555 5277 3610 5332 in
3654 5277 3805 5332 Mar-

3869 76 3881 233 ἑ
