3960 6044
218 193 378 260 1488

1178 189 1658 255 CHRONICON
1714 191 1781 252 S.
1828 186 2192 251 HUBERTI
2233 184 2624 252 ANDAGIN.

3467 180 3617 248 1434

208 348 666 410 sentiatitcrvel
672 363 777 421 per
798 308 1462 421 litterasejussignatas
1475 344 1865 404 essetabsolu-
1894 324 1947 381 Α
1975 360 2116 417 inde
2134 374 2266 431 ws;
2293 360 2397 419 sed
2424 361 2573 432 quia
2603 360 2848 419 domum;
2875 360 3052 433 Hum,
3083 359 3496 433 Lugdunensis
3526 374 3623 420 αν-

211 442 415 511 tus,ac
432 440 523 498 sic
537 440 684 497 liber
698 439 1137 511 archiepiscopo
1151 439 1423 495 Remensi
1436 452 1536 494 con
1544 449 1762 494 cessus:
1764 436 1801 506 j
1807 449 1867 491 u-

210 530 485 587 dicatum
515 530 604 585 est
635 530 832 601 ipsum.
853 527 927 584 ab
945 527 1157 585 abbate
1175 541 1279 589 suo
1301 526 1869 584 excommunicatum

210 632 361 688 esse,
377 632 482 675 nec
498 617 572 674 ab
592 619 853 688 episcopo
872 617 1146 673 Remensi
1162 616 1413 672 retineri
1423 629 1609 687 posse.
1627 613 1869 669 Judicio

211 706 412 776 linito,
426 706 775 776 sxpedictus
790 706 1111 761 monachus
1126 705 1370 760 minime
1387 703 1718 773 adquievit,
1735 704 1870 761 etut

208 794 492 866 pluribus
512 794 748 850 videtur
769 807 1037 864 quarens
1054 794 1409 851 occasionem.
1424 792 1707 865 vagandi,
1723 805 1870 864 prte-

198 883 466 955 gravari
482 896 543 939 se
559 882 742 951 dixit,
765 882 820 937 et
836 882 1207 939 audientiam
1224 882 1475 938 vestram
1491 880 1862 939 reclamavit.

211 974 396 1038 Quem
424 986 551 1029 cum
583 972 1061 1043 archiepiscopus
1091 973 1348 1027 retinere
1378 972 1554 1027 rel/et
1577 971 1637 1028 et
1664 968 1869 1027 abbati

210 1073 324 1116 suo
362 1060 627 1129 reddere,
658 1061 899 1131 prepter
933 1060 1419 1117 reclamationem
1445 1060 1701 1116 vestram
1732 1059 1871 1115 libe-

210 1162 353 1204 rum
365 1148 642 1220 permisit
656 1149 762 1206 ire.
788 1149 899 1214 Qui
918 1149 1082 1206 illico
1100 1149 1182 1206 ad
1196 1161 1301 1207 nos
1318 1150 1574 1218 veniens,
1589 1150 1679 1205 rei
1688 1148 1871 1219 gesta

204 1237 424 1293 seriem
454 1237 623 1294 nobis
650 1237 980 1306 nuntiavit,
1006 1238 1067 1293 et
1081 1251 1156 1293 ex
1175 1240 1304 1309 ejus
1330 1237 1627 1294 relatione
1656 1235 1875 1291 didici.

199 1337 359 1394 mus,
391 1325 563 1396 justo
600 1339 729 1383 cum
763 1340 929 1398 posse
965 1329 1233 1383 revocari
1262 1326 1335 1382 ab
1366 1325 1578 1382 abbate
1614 1324 1870 1395 Majoris

209 1414 596 1471 monasterii.
636 1415 962 1471 Nnntiavit
991 1417 1169 1471 etiam
1196 1414 1362 1471 nobis
1386 1429 1494 1486 pro
1523 1412 1869 1486 hujusmodi

209 1502 452 1572 negotio
472 1504 761 1573 quosdam
767 1504 1011 1575 fratres
1027 1504 1284 1575 Majoris
1301 1504 1651 1561 monasterii
1668 1502 1750 1560 ad
1764 1516 1868 1557 nos

206 1591 507 1661 venturos,
525 1594 581 1647 et
595 1592 761 1649 nobis
780 1591 995 1665 aferen
1004 1593 1162 1650 tibus
1178 1594 1247 1650 ut
1254 1608 1363 1665 pro
1378 1607 1489 1650 sua
1506 1592 1867 1650 commenda.

206 1678 368 1736 tione
386 1680 480 1735 vel
495 1681 897 1749 restitutione,
922 1683 978 1738 si
987 1683 1131 1752 ﬁeri
1144 1683 1360 1753 posset,
1393 1696 1485 1738 eos
1508 1680 1861 1752 expectaret,
1894 1684 1950 1746 B

200 1769 505 1826 sustinere
524 1769 738 1829 noluit.
762 1770 870 1826 eta
885 1769 1054 1828 nobis
1075 1769 1379 1828 abscessit.
1404 1770 1517 1826 Die
1538 1770 1736 1826 autem
1753 1770 1865 1825 ter-

203 1855 288 1914 tio
305 1858 438 1928 post
456 1857 586 1928 ejus
602 1857 937 1915 abscessum
956 1857 1205 1915 domnus
1223 1858 1547 1930 Hilgoldus
1567 1857 1867 1930 quondam

203 1945 659 2003 Suessionensis
681 1948 983 2019 episcopus
1004 1947 1151 2019 (187)
1171 1946 1229 2003 et
1231 1948 1444 2020 frater
1461 1947 1713 2003 Pontius
1734 1959 1865 2001 nos-

202 2031 294 2089 ter
317 2048 467 2105 quon
478 2034 618 2090 dam
643 2036 837 2104 notus,
867 2035 1173 2109 Rodat/us
1199 2050 1432 2107 quoque
1457 2036 1762 2092 Remensis
1781 2050 1866 2093 ec-

209 2123 409 2179 clesix
429 2125 687 2194 praposi
695 2124 787 2182 tus
809 2123 890 2180 ad
907 2138 1011 2182 nos
1031 2126 1349 2193 venientes,
1378 2140 1503 2181 rem
1516 2126 1749 2196 gestam
1768 2141 1865 2182 no-

203 2211 298 2268 bis
321 2225 426 2282 per
456 2211 726 2269 ordinem
752 2215 1176 2281 narraverunt,
1202 2215 1258 2270 et
1278 2228 1352 2270 ex
1369 2215 1535 2285 parte
1560 2214 1864 2271 Remensis

216 2299 655 2372 archiepiscopi
705 2301 934 2358 litteras
981 2300 1347 2367 obtulerunt,
1395 2301 1761 2359 obsecrantes
1797 2303 1867 2357 ut

210 2389 412 2445 nostro
450 2388 700 2446 consilio
737 2390 993 2445 alterum
1028 2389 1299 2448 abbatem
1325 2392 1391 2447 in
1421 2392 1666 2448 ecclesia
1708 2389 1864 2447 beati

218 2475 484 2547 Remigii
499 2475 619 2533 sibi
638 2477 923 2533 ordinare
945 2478 1163 2548 liceret,
1180 2493 1252 2535 ne
1269 2478 1685 2536 detrimentum
1699 2479 1865 2550 pate-

211 2564 400 2634 retur,
424 2566 481 2622 si
510 2565 617 2621 diu
640 2566 867 2623 rectore
895 2567 1139 2623 careret.
1172 2567 1336 2632 Quod
1362 2568 1603 2638 quidem
1620 2568 1864 2640 propter

205 2654 396 2710 solam
451 2654 913 2725 appellationem
968 2656 1227 2713 vcstram
1265 2657 1481 2728 facere
1534 2657 1862 2729 noluimus,

208 2741 487 2811 quamvis
519 2743 681 2814 quod
706 2744 773 2800 in
804 2743 970 2800 tanto
999 2744 1281 2801 conventu
1303 2745 1360 2801 et
1378 2758 1414 2801 a
1438 2746 1561 2800 tam
1586 2745 1865 2802 discretis

193 2832 478 2900 personis
486 2832 979 2904 factumfuerat,
993 2833 1229 2904 justum
1251 2846 1536 2890 censerem
1546 2847 1631 2890 us.
1649 2833 1867 2903 Itaque

208 2930 346 2973 cum
366 2931 483 2976 non
501 2921 590 2977 sit
604 2922 873 2977 nostrum
893 2920 1239 2979 sanctitatis
1258 2922 1467 2978 vestrae
1476 2922 1868 2991 prudentiam

212 3004 433 3103 docere,
463 3009 1004 3103 provideatvestra
1023 3009 1383 3103 paternitas,
1420 3009 1688 3103 qualiter
1712 3023 1873 3103 prd:
1902 3042 1949 3103 Ο

211 3097 366 3153 d.cto
404 3099 711 3169 monacho,
748 3101 806 3156 si
829 3100 1207 3170 prxsentiam
1237 3099 1495 3155 vestram
1523 3098 1756 3155 adierit
1778 3099 1874 3159 vel

219 3186 456 3243 litteras
484 3186 647 3245 vobis
678 3188 991 3256 direxerit,
1024 3188 1458 3259 respondeatis.
1496 3188 1573 3244 Si
1602 3189 1757 3243 enim
1786 3201 1869 3245 ec-

212 3275 397 3331 clesia
440 3273 593 3332 beati
634 3276 898 3347 Remigii
934 3277 1165 3333 venerit
1190 3278 1253 3332 in
1271 3275 1567 3347 potestate
1602 3276 1868 3348 alicujus

212 3363 563 3434 irreligiosi,
597 3364 655 3420 et
683 3365 749 3421 in
779 3363 1206 3434 temporalibus
1247 3365 1306 3420 et
1340 3365 1407 3420 in
1440 3364 1868 3435 spiritualibus

213 3453 532 3523 minuetur,
559 3453 617 3508 et
636 3466 767 3509 cum
775 3453 1049 3524 periculo
1074 3454 1417 3509 animarum
1433 3454 1629 3510 cultus
1648 3454 1869 3510 divina

211 3540 526 3613 religionis
554 3541 640 3597 ibi
682 3540 1186 3598 adnichilabitur.

283 3648 369 3700 84.
405 3646 578 3717 (103.)
622 3648 782 3715 Ηυςο
833 3659 1065 3716 quoque
1121 3645 1523 3701 Cluniacensis
1575 3647 1754 3703 abbas
1796 3646 1867 3702 de

215 3733 413 3791 eodem
438 3734 670 3803 negotio
699 3734 940 3805 scripsit
962 3733 1147 3789 eidem
1176 3748 1337 3805 papae
1358 3735 1589 3789 Urbano
1616 3754 1627 3788 :
1653 3736 1875 3791 Aman-

220 3822 445 3881 tissinzo
468 3822 525 3879 et
542 3821 1037 3880 reverendissimo
1055 3823 1249 3893 patri,
1280 3822 1501 3880 sancta
1526 3824 1706 3895 atque
1735 3837 1874 3894 apo-

216 3914 440 3970 stolicae
458 3912 618 3969 sedis
638 3926 864 3969 summo
880 3912 1174 3984 pontiﬁci,
1197 3912 1402 3969 domno
1408 3924 1588 3985 papa
1612 3911 1872 3974 Urbanos

222 4002 412 4060 frater
442 4002 616 4072 Hugo
656 4000 1072 4058 Cluniacensis
1100 4015 1232 4058 cum
1266 4001 1390 4058 tota
1419 4003 1873 4075 congregatione

220 4091 420 4147 nostra
456 4092 772 4146 continuas
802 4091 860 4146 et
871 4090 1272 4161 ﬁdelissimus
1301 4091 1627 4150 devotionis
1653 4093 1871 4150 oratio-

223 4192 323 4236 nes
343 4179 401 4236 et
413 4178 761 4251 perpetuam
771 4192 992 4250 pacem.
1017 4179 1221 4250 Multi,
1246 4195 1277 4235 ιι
1300 4180 1530 4238 domine
1556 4182 1744 4254 pater,
1767 4183 1872 4253 ju-

224 4268 332 4325 stis
363 4282 435 4326 ac
461 4268 818 4327 necessariis
846 4269 1048 4325 causis
1080 4268 1471 4327 existentibus
1501 4270 1748 4342 cupiunt
1783 4270 1871 4327 di-

219 4372 401 4429 gnam
425 4359 683 4416 vestram
706 4356 880 4414 adire
887 4359 1296 4429 prasentiam,
1328 4358 1433 4416 sed
1460 4360 1870 4429 impediuntur
1896 4390 1952 4454 D

227 4446 414 4504 variis
440 4445 911 4520 difﬁcultatibus
938 4445 1374 4504 obsistentibus.
1412 4448 1578 4504 Unde
1598 4450 1656 4504 et
1673 4449 1871 4521 aliqui

231 4548 422 4591 eorum
448 4535 659 4592 saltem
686 4536 767 4591 ad
790 4550 896 4593 nos
920 4535 1181 4604 veniunt,
1210 4536 1391 4604 quasi
1420 4536 1503 4593 ad
1528 4532 1872 4595 domesticos

230 4623 469 4693 vestros,
500 4623 556 4680 si
579 4636 693 4693 quo
712 4624 880 4679 modo
902 4623 987 4681 eis
1007 4623 1248 4681 consula
1257 4625 1353 4681 tur
1372 4624 1468 4681 vel
1484 4624 1873 4683 subveniatur

232 4712 474 4770 illorum
496 4710 965 4769 necessitatibus.
998 4712 1169 4769 Inter
1191 4726 1337 4784 quos
1358 4713 1605 4772 domnus
1631 4713 1874 4773 Manas-

232 4814 320 4859 ses
342 4802 652 4858 Remorum
662 4799 967 4872 pontifex,
990 4800 1180 4857 vester
1198 4801 1448 4858 humilis
1457 4804 1655 4873 ﬁlius,
1678 4804 1875 4861 noster

234 4903 462 4963 quoque
479 4889 719 4947 devotus
734 4889 984 4957 amicus,
1008 4899 1182 4959 quem
1203 4888 1341 4945 etin
1361 4889 1491 4947 alia
1512 4892 1762 4961 epistola
1781 4906 1877 4949 vo-

236 4979 321 5038 bis
336 4978 893 5049 commendavimus,
909 4976 1261 5050 conquestus
1276 4978 1367 5034 est
1381 4977 1549 5036 nobis
1566 4979 1636 5035 de
1649 4979 1877 5052 Μαίονί

236 5066 585 5124 monasterio
618 5069 682 5121 in
710 5067 960 5124 ecclesia
992 5065 1148 5123 beati
1179 5064 1443 5136 Remigii
1479 5078 1538 5121 se
1564 5068 1878 5138 quemdam

236 5156 577 5213 monachum
598 5153 869 5213 abbatem
889 5155 1219 5225 ordinasse,
1243 5154 1300 5211 et
1317 5155 1482 5226 longe
1499 5156 1680 5211 aliter
1696 5170 1879 5227 quam

237 5243 509 5314 sperabat
540 5245 610 5300 de
636 5244 765 5315 eius
790 5243 1143 5315 irreligione
1169 5243 1502 5300 maximum
1535 5245 1651 5301 loco
1681 5244 1881 5316 damp-

235 5345 371 5389 num
404 5333 768 5403 provenisse.
814 5333 1009 5393 Petiit
1044 5338 1239 5390 autem
1268 5333 1339 5389 ut
1362 5332 1881 5406 interpellaremus

1978 450 2379 523 chiepiscopus
2400 465 2623 508 omnem
2643 452 2909 509 ordinem
2923 466 3125 509 rerum
3139 452 3303 510 vobis
3318 453 3623 525 signiﬁca-

1975 540 2081 609 vit,
2097 541 2255 598 sicut
2271 540 2633 610 audivimus,
2647 542 2990 599 reverentia
3004 542 3210 600 vestra
3224 544 3619 614 suggerimus,

1976 630 2050 685 ut
2074 629 2128 686 si
2159 629 2241 685 ad
2266 642 2365 686 vos
2395 630 2626 686 venerit
2662 629 2820 687 idem
2855 632 3199 701 monachus,
3230 632 3623 702 prudentiam

1975 718 2235 775 vestram
2257 718 2446 776 nullis
2465 717 2895 777 circa/inveniat
2911 734 2979 776 ca
2988 719 3374 789 lliditatibus,
3402 719 3508 777 sed
3515 720 3625 791 fa-

1977 806 2159 863 ciatis
2180 806 2234 862 ei
2255 807 2575 864 secundum
2594 809 2954 880 sapientiam
2974 822 3155 879 quam
3175 819 3214 865 a
3234 809 3350 864 Deo
3368 806 3620 865 habetis.

1978 896 2540 953 Reverentissimam
2579 911 2649 953 ac
2682 897 3138 955 dilectissimam
3165 895 3332 954 nobis
3351 897 3627 968 paterni-

1981 984 2161 1040 tatem
2189 985 2452 1041 vestram
2479 986 2750 1044 dominus
2784 986 3063 1044 Christus
3091 999 3305 1044 sanam
3326 986 3382 1041 et
3400 985 3627 1043 incolu-

1976 1086 2126 1128 mem
2146 1071 2314 1131 nobis
2334 1076 2629 1131 conservet
2649 1074 2705 1131 et
2722 1076 3016 1133 universa
3035 1075 3316 1133 ecclesia.

2050 1216 2135 1268 85.
2159 1213 2331 1285 (106.)
2352 1215 2544 1272 Abbas
2566 1221 2759 1271 autem
2781 1217 3169 1273 Theodericus
3189 1217 3243 1272 in
3267 1217 3414 1273 festo
3434 1215 3622 1272 sancti

1979 1301 2182 1371 Aigidii
2227 1302 2411 1373 (Sept.
2449 1308 2521 1374 1),
2566 1305 2662 1375 qui
2692 1305 2824 1361 olim
2861 1306 3046 1362 fuerat
3080 1306 3204 1362 dies
3238 1304 3625 1361 ordinationis

1979 1390 2124 1459 ejus,
2160 1389 2230 1445 de
2270 1394 2623 1448 monasterio
2667 1408 2940 1463 egressus
2974 1410 3103 1451 cum
3143 1394 3335 1450 Remis
3374 1408 3626 1451 morare-

1979 1480 2098 1548 tur,
2133 1478 2186 1533 in
2214 1478 2648 1552 sollempnitate
2680 1483 2865 1538 sancti
2898 1483 3139 1553 Remigii
3164 1482 3431 1553 sequenti
3455 1496 3624 1537 vene-

1980 1573 2117 1622 runt
2142 1567 2213 1623 ad
2235 1583 2365 1625 cum
2391 1570 2677 1627 Rainerus
2700 1572 2979 1641 Pirensis,
3005 1573 3297 1628 [{obertus
3321 1570 3621 1640 Cunensis,

1980 1656 2250 1712 Wiredus
2293 1672 2521 1729 quoque
2565 1660 2919 1731 priapositus
2952 1661 3405 1725 Eberneicortis,
3440 1661 3509 1715 de
3543 1660 3627 1715 in-

1983 1746 2239 1802 tentione
2280 1747 2406 1816 ejus
2446 1749 2665 1805 certius
2705 1749 3059 1819 inquisituri.
3108 1752 3149 1805 A
3180 1766 3293 1821 quo
3319 1764 3447 1806 cum
3481 1747 3628 1803 didi-

1978 1836 2217 1905 cissent,
2257 1836 2537 1907 privatam
2579 1837 2754 1892 vitam
2786 1852 2847 1893 se
2878 1842 3088 1909 sponte
3117 1839 3390 1909 elegisse,
3421 1841 3510 1894 tot
3546 1838 3630 1893 in-

1977 1924 2332 1980 sectationes
2355 1925 2582 1980 Otberti
2609 1925 2727 1996 pati
2753 1940 2865 1981 non
2893 1941 3079 1997 posse,
3103 1926 3409 1983 ecclesiam
3435 1926 3509 1983 ob
3533 1926 3624 1983 sui

1977 2010 2250 2068 invidiam
2274 2012 2498 2069 destrui
2523 2013 2728 2083 vitare,
2752 2014 2907 2069 nolle
2930 2015 3177 2085 amplius
3203 2028 3476 2086 praeesse,
3504 2015 3627 2085 qui-

1977 2102 2083 2158 bus
2102 2101 2157 2155 in
2178 2105 2262 2156 tot
2285 2102 2566 2173 periculis
2591 2117 2703 2157 non
2729 2102 3017 2159 sufﬁceret
3046 2104 3361 2174 prodesse:
3388 2118 3629 2175 reapon-

1976 2189 2187 2246 derunt
2232 2190 2444 2246 fratres
2486 2192 2595 2247 hoc
2638 2208 2746 2247 non
2791 2192 2875 2248 sic
2917 2195 3136 2246 temere
3174 2191 3478 2261 agendum,
3522 2192 3625 2249 sed

1974 2277 2371 2335 consulendos
2395 2280 2638 2335 abbates
2661 2279 2756 2350 qui
2776 2279 2844 2335 ad
2869 2280 3209 2351 praedictum
3232 2286 3627 2337 convenerant

1977 2365 2207 2421 festum.
2235 2368 2576 2425 Decernitur
2600 2369 2778 2438 igitur
2802 2375 3031 2440 tempus
3055 2368 3124 2424 ad
3151 2383 3289 2424 rem.
3318 2370 3531 2426 Etcum
3553 2370 3625 2426 ad

1975 2454 2242 2509 abbatem
2267 2461 2455 2512 sancti
2481 2458 2723 2527 Remigii
2744 2462 3113 2528 cmterosque
3133 2457 3211 2514 ibi
3233 2458 3521 2516 collectos
3544 2473 3612 2515 ec

1976 2541 2168 2599 clesiae
2193 2545 2495 2602 Remensis
2516 2546 2820 2602 consilium
2855 2547 3165 2617 referrent,
3200 2552 3259 2603 et
3283 2546 3364 2601 illi
3388 2562 3621 2604 causam

1977 2630 2206 2687 ablatis
2225 2633 2562 2703 Theoderici
2586 2635 2772 2690 veteri
2797 2635 2913 2704 jam
2938 2636 3141 2691 auditu
3165 2635 3527 2692 notissimam
3551 2635 3622 2691 ad

1975 2721 2440 2791 respondendum
2495 2723 2895 2795 ventilassent,
2941 2725 3009 2780 ad
3065 2726 3212 2782 hunc
3263 2725 3623 2782 devenerunt

1978 2808 2168 2878 finem,
2191 2815 2254 2865 ut
2275 2812 2407 2881 quia
2434 2812 2694 2884 privatus
2713 2814 2905 2870 vivere
2928 2814 3105 2870 vellet
3129 2828 3198 2869 ne
3224 2814 3469 2871 Otberto
3491 2814 3625 2872 sub-

1977 2901 2154 2966 esset,
2185 2904 2438 2969 caveret,
2473 2917 2542 2957 ne
2572 2901 2723 2958 unde
2751 2916 2812 2958 se
2839 2903 3147 2973 expediret
3177 2902 3352 2959 alium
3383 2902 3625 2974 impedi-

1979 2991 2089 3057 ret,
2117 3003 2260 3043 neve
2287 2990 2566 3059 priedicto
2590 2990 2837 3046 Otberto
2862 2990 3175 3060 ingereret,
3202 3005 3371 3061 quem
3395 2991 3625 3047 noviter

1981 3090 2084 3146 pro
2116 3090 2179 3131 se
2211 3077 2666 3133 consecrandum
2699 3078 2966 3148 eligeret.
3000 3079 3324 3151 Respondit
3356 3081 3536 3136 abbas
3567 3079 3622 3134 in

1976 3162 2085 3219 hoc
2119 3164 2244 3235 ipso
2277 3165 2385 3221 sibi
2418 3172 2476 3222 et
2510 3166 2790 3222 fratribus
2815 3167 2939 3222 suis
2963 3166 3350 3236 consuluisse,
3380 3172 3440 3224 et
3468 3169 3627 3223 dom-

1978 3264 2110 3305 num
2133 3252 2522 3321 Berengerum
2543 3254 2811 3309 abbatem
2832 3254 3019 3310 sancti
3046 3255 3338 3311 Laurentii
3363 3255 3473 3311 sibi
3498 3269 3627 3311 suc-

1975 3353 2268 3395 cessorem
2296 3340 2412 3408 jam
2438 3340 2534 3395 diu
2559 3342 2710 3412 apud
2736 3357 2798 3398 se
2823 3343 3166 3413 destinasse,
3194 3342 3326 3413 quia
3350 3347 3408 3398 et
3432 3356 3627 3398 mona-

1974 3425 2286 3483 chus-olim
2320 3428 2496 3485 fuerit
2523 3430 2809 3499 ecclesia),
2843 3435 2902 3486 et
2934 3446 2964 3486 a
2997 3432 3207 3487 domno
3238 3431 3485 3489 Henrico
3508 3430 3626 3502 epi-

1974 3527 2153 3586 scopo
2174 3524 2553 3575 consecratus
2575 3518 2853 3590 legitime,
2886 3520 3043 3576 nulla
3077 3520 3362 3590 indigeret
3394 3519 3623 3575 Otberti

1972 3607 2434 3662 consecratione.
2458 3608 2745 3664 Laudatus
2764 3608 2944 3665 abbas
2962 3608 3018 3665 id
3039 3610 3258 3681 optime
3277 3591 3622 3681 providisse,

1977 3705 2264 3749 consensu
2297 3695 2710 3765 przedictorum
2740 3697 2832 3754 vel
2861 3699 3239 3770 praesentium
3271 3699 3513 3755 fratrum
3548 3694 3626 3752 ibi

1980 3782 2219 3853 scripsit
2271 3784 2595 3852 Berengero
2644 3787 2751 3841 sub
2800 3788 3197 3843 obtestatione
3251 3786 3628 3859 professionis

1982 3885 2122 3939 suae,
2150 3885 2319 3943 quam
2348 3872 2560 3928 fecerat
2585 3873 2872 3944 ecclesiae,
2899 3879 2961 3930 ut
2984 3874 3067 3929 illi
3092 3876 3147 3930 in
3174 3876 3447 3946 praesenti
3478 3876 3630 3946 peri-

1981 3960 2113 4017 culo
2138 3964 2533 4029 succurreret,
2561 3961 2831 4031 quodque
2864 3961 3082 4019 volenti
3113 3962 3305 4018 animo
3333 3964 3626 4020 abbatiam

1983 4050 2093 4107 sibi
2119 4051 2488 4107 commissam
2515 4049 2903 4121 relinqueret;
2932 4051 3039 4108 hac
3071 4055 3260 4107 tamen
3288 4051 3519 4108 omnino
3548 4051 3631 4108 in-

1980 4139 2270 4211 terposita
2295 4139 2649 4210 conditione,
2677 4140 2827 4211 quod
2853 4141 3211 4211 quibuslibet
3236 4140 3367 4197 aliis
3392 4145 3631 4213 postpo-

1984 4227 2136 4299 sitis,
2172 4228 2301 4286 ideo
2322 4243 2451 4286 eum
2476 4243 2877 4285 successorem
2900 4230 3201 4300 elegisset,
3233 4245 3303 4285 ne
3323 4244 3630 4287 consecra-

1983 4318 2139 4373 tione
2173 4317 2398 4373 Otberti
2434 4317 2739 4387 indigeret.
2776 4317 3023 4390 Scripsit
3053 4318 3227 4374 etiam
3260 4318 3538 4375 fratribus
3571 4318 3627 4374 in

1982 4419 2309 4475 commune,
2344 4410 2403 4463 ut
2430 4420 2596 4477 quem
2620 4405 2898 4476 elegerat,
2932 4406 3043 4479 ipsi
3069 4421 3297 4478 quoque
3320 4405 3625 4477 eligerent,

1984 4495 2183 4565 sicque
2216 4508 2320 4567 per
2351 4509 2550 4551 manus
2589 4494 2821 4553 Raineri
2863 4495 3120 4551 Pirensis
3150 4499 3207 4550 et
3240 4495 3481 4550 Roberti
3525 4496 3629 4550 Cu-

1984 4583 2182 4638 nensis
2214 4581 2480 4638 baculum
2507 4581 2860 4654 pastoralem
2884 4582 3105 4639 remisit
3130 4582 3425 4648 ecclesiae;
3460 4596 3629 4653 quem

1984 4670 2067 4725 illi
2100 4670 2252 4743 apud
2285 4670 2450 4727 Piros
2481 4685 2554 4726 ex
2583 4670 2857 4728 consultu
2889 4669 3121 4726 interim
3154 4670 3540 4742 reliquerunt,
3568 4676 3628 4727 ut

1986 4760 2153 4830 quasi
2178 4759 2248 4815 de
2272 4758 2513 4816 incertis
2540 4752 2728 4817 adhuc
2763 4761 2937 4816 rebus
2966 4758 3314 4832 praeveniret
3340 4759 3495 4815 inter
3516 4758 3635 4817 dis-

1986 4849 2246 4907 sidentes
2267 4848 2488 4905 certius
2510 4848 2834 4919 consilium,
2856 4852 2915 4903 et
2940 4853 3102 4904 tanto
3125 4847 3301 4905 citius
3323 4848 3632 4918 Berengeri

1985 4937 2269 5007 eligerent
2319 4935 2619 5006 auxilium,
2671 4939 2887 5006 quanto
2918 4950 2988 4991 ex
3017 4928 3374 4993 Theoderic'o
3420 4937 3633 4994 abbate

1986 5029 2259 5096 gravaret
2297 5038 2400 5079 eos
2437 5022 2814 5079 desolationis
2853 5038 2975 5080 suae
3018 5023 3334 5095 fastidium,
3388 5024 3635 5080 maxime

1991 5118 2232 5185 propter
2262 5111 2704 5168 insectationem
2737 5111 2989 5182 Otberti,
3025 5126 3153 5183 quae
3185 5116 3346 5169 tanto
3376 5111 3637 5169 immine-

1989 5207 2077 5259 ret
2108 5202 2194 5257 cis
2225 5200 2514 5270 infestior,
2546 5205 2763 5270 quanto
2792 5199 2849 5255 in
2878 5200 3176 5257 desolatos
3203 5201 3563 5259 effrenatior.

2060 5337 2146 5390 80.
2174 5332 2346 5407 (107.)
2371 5331 2637 5391 Redditis
2658 5347 2796 5395 vero
2817 5330 3034 5395 litteris
3051 5332 3389 5395 Theoderici
3408 5334 3465 5393 in
3484 5350 3656 5395 com.

1818 5433 2017 5495 NOTJE
2033 5473 2046 5487 .

305 5502 450 5574 (187)
482 5503 636 5559 Tunc
667 5503 983 5560 monachus
1014 5502 1433 5560 Cluniacensis.
