3948 6070
329 242 484 317 1495

1310 258 1789 333 CHRONICON
1831 260 1899 329 Β.
1950 260 2317 332 HUBERTI
2362 260 2760 332 ANDAGIN.
2822 312 2825 317 -

3589 252 3765 321 1486

332 406 486 467 muni
519 408 832 486 audientia,
863 427 991 473 cum
1017 429 1170 476 mers
1191 422 1498 478 notaretur
1528 419 1623 478 vel
1653 419 1779 491 ejus
1806 433 1977 492 spon-
2004 411 2061 473 A
2091 433 2248 477 ream
2280 419 2336 478 in
2364 418 2733 493 coemptione
2764 410 3124 474 Bulloniensi
3152 410 3531 483 deliberaret,
3567 410 3767 470 Gede-

333 501 500 595 tanea
524 501 888 595 privatiovel
907 507 1214 577 Berengcri
1236 508 1500 578 eligenda
1522 510 1806 581 prmlatio,
1833 514 1892 566 ut
1915 508 1977 564 flt

332 589 385 684 in
412 589 693 684 novandis
718 592 911 663 rebus,
946 609 1052 664 pro
1075 611 1181 652 suo
1204 597 1450 668 quisque
1479 598 1584 655 niti
1618 599 1796 671 coepit
1825 598 1980 668 inge-

331 678 426 731 nio
445 693 459 742 ;
475 686 601 733 orta
623 678 776 735 inter
794 696 894 738 eos
915 681 1294 755 dissentione,
1311 687 1724 743 Theodericum
1747 687 1977 758 quidem

336 765 682 823 commissos
714 768 829 824 sibi
861 770 1188 829 inordinate
1220 773 1564 843 deseruisse,
1594 775 1663 831 ad
1688 777 1979 832 abbatiam

329 866 473 907 vero
506 857 814 925 regendam
847 858 1047 929 plures
1077 863 1229 932 apud
1260 877 1363 919 eos
1397 879 1730 936 superesse,
1773 866 1982 921 Beren-

326 952 470 1038 ἕρπ’-ο
490 958 652 999 suam
674 945 754 1000 illi
780 949 1046 1005 sufﬁcere
1063 966 1249 1021 posse,
1267 952 1428 1009 nullo
1445 955 1612 1009 modo
1632 968 1695 1009 se
1717 953 1832 1024 pati
1852 967 1981 1009 eum

329 1030 441 1084 sibi
478 1046 751 1102 praeesse.
798 1036 1110 1095 lndif’ﬁnito
1142 1055 1279 1097 vero
1311 1041 1556 1098 consilio
1589 1042 1641 1098 in
1675 1047 1791 1097 tam
1823 1042 1984 1097 vario

334 1117 626 1189 dissensu,
670 1139 779 1179 non
813 1128 997 1183 multo
1031 1134 1161 1199 post
1192 1129 1435 1186 reddita)
1467 1136 1603 1187 sunt
1637 1130 1852 1189 litterae
1886 1133 1985 1186 Be-

334 1222 605 1281 rengero,
645 1212 834 1270 missae
857 1214 942 1271 illi
970 1232 998 1273 a
1019 1218 1394 1275 Theoderico.
1433 1223 1491 1275 ln
1522 1221 1733 1291 quibus
1761 1235 1891 1277 cum
1922 1234 1984 1275 se

334 1296 581 1368 legisset
604 1300 875 1374 electum,
897 1311 955 1361 et
974 1306 1151 1362 sciret
1168 1307 1283 1377 jam
1305 1324 1333 1365 a
1357 1309 1638 1364 fratribus
1662 1309 1979 1379 repulsum,

334 1387 634 1457 paululum
657 1392 996 1468 subridens:
1019 1396 1186 1466 Cato,
1207 1398 1411 1467 inquit,
1433 1399 1729 1455 Uticensis
1746 1398 1843 1455 die
1862 1412 1984 1468 qua

2090 509 2238 567 frido
2281 511 2352 568 de
2389 512 2527 567 Ham
2568 509 2682 564 duo
2724 504 2978 563 dorsalia
3019 518 3148 561 cum
3188 502 3495 559 dalmatiea
3526 516 3649 559 una
3696 505 3761 557 et

2085 613 2267 672 cappa
2297 600 2712 667 commodaret,
2748 597 2803 651 in
2837 595 2957 666 ipsa
2992 607 3221 664 quoque
3252 592 3601 648 infirmitate
3639 605 3758 647 sua

2087 693 2348 744 extrema
2379 689 2706 756 Berengero
2738 689 2958 755 partem
2990 681 3112 737 auri
3137 685 3197 736 et
3218 681 3444 751 copiam
3480 679 3760 751 lapidum

2092 777 2482 853 pretiosorum
2515 790 2544 831 a
2574 775 2703 830 loco
2746 769 3100 842 asportanda
3143 768 3527 838 relinqueret.
3575 769 3647 823 Et
3685 782 3763 824 ne

2091 866 2184 923 cui
2208 865 2476 921 videatur
2499 863 2569 919 de
2595 863 2902 916 Lamberto
2925 859 3047 915 haec
3070 857 3208 913 talis
3233 857 3447 912 mentio
3473 855 3568 912 vel
3598 855 3760 927 apud

2090 956 2267 1010 Deum
2309 950 2555 1024 poenalis
2592 946 2923 1006 criminatio
2966 944 3058 1001 vel
3098 944 3251 1016 apud
3292 944 3562 999 homines
3600 943 3761 1013 judi-

2092 1041 2257 1098 cialis
2274 1041 2584 1107 detractio,
2612 1036 2836 1094 noverit
2857 1050 2986 1092 eum
3011 1034 3223 1090 acerbo
3245 1037 3301 1089 et
3322 1033 3498 1101 longo
3517 1031 3757 1101 dolore,

2094 1136 2157 1188 ut
2188 1132 2296 1187 hoc
2329 1131 2568 1199 faceret,
2611 1128 3009 1199 provocatum,
3055 1123 3187 1179 dum
3226 1122 3397 1177 nimis
3434 1121 3757 1177 inhoneste

2100 1224 2387 1276 tractatus
2406 1223 2464 1274 et
2486 1217 2799 1288 despectus
2822 1215 2877 1269 in
2902 1214 3029 1284 ipsa
3051 1215 3375 1279 senectute,
3398 1216 3491 1265 tot
3513 1209 3759 1265 labores

2089 1308 2418 1383 juventutis
2432 1321 2553 1363 suae
2567 1304 2717 1376 apud
2735 1298 3235 1373 ingratos‘doleret
3249 1299 3564 1355 evanuisse
3584 1317 3600 1365 ;
3618 1298 3755 1367 quia

2094 1403 2152 1453 et
2174 1401 2267 1454 est
2291 1395 2677 1460 miserrimum
2701 1406 2886 1461 genus
2909 1388 3292 1457 infelicitatis,
3318 1387 3541 1443 felicem
3566 1385 3756 1442 t‘uisse

323 1489 541 1544 passus
558 1464 962 1551 estrepulsafm
981 1485 1143 1549 risit,
1167 1486 1226 1541 et
1239 1464 1405 1543 nocte
1418 1500 1539 1557 qua
1556 1464 1883 1545 moriturus
1900 1489 1994 1545 est
2093 1492 2149 1542 et
2167 1486 2237 1541 de
2253 1498 2432 1555 regno
2446 1484 2500 1539 in
2518 1482 2843 1550 servitium,
2863 1480 3033 1535 immo
3048 1476 3434 1533 contumelias
3448 1475 3755 1531 decidere.

328 1563 489 1635 legit.
540 1566 677 1632 Quae
713 1569 941 1640 quidem
976 1572 1210 1643 repulsa
1246 1573 1383 1630 licet
1419 1576 1594 1633 altius
1625 1591 1793 1646 quam
1829 1577 1984 1648 quis-

330 1666 502 1721 quam
533 1659 699 1714 ratus
731 1664 885 1715 esset
910 1660 965 1715 in
990 1676 1094 1717 cor
1114 1662 1240 1731 ejus
1265 1664 1633 1720 descenderit
1670 1664 1838 1736 (188),
1877 1680 1981 1737 pro

2162 1579 2249 1633 88.
2277 1574 2448 1644 (110.)
2473 1575 2531 1628 In
2555 1572 2755 1627 eodem
2779 1584 2918 1627 vero
2940 1581 3088 1623 anno
3112 1566 3343 1638 [1097?]
3369 1564 3520 1634 (189)
3544 1563 3758 1620 Kalen-

2094 1664 2181 1721 dis
2210 1663 2361 1721 Junii
2394 1662 2674 1718 Otbertus
2706 1662 2964 1715 castrum
2990 1656 3213 1712 Mirvolt
3242 1669 3351 1709 non
3374 1653 3544 1722 longe
3570 1653 3753 1709 situm

328 1744 591 1849 tempore
627 1748 821 1849 tamen
848 1750 1011 1817 quasi
1039 1751 1285 1821 benigne
1318 1752 1637 1824 respondit,
1674 1754 1818 1809 satis
1848 1769 1982 1810 con'
2010 1788 2063 1849 Η
2094 1770 2125 1811 a
2158 1751 2511 1809 monasterio
2544 1750 2615 1805 ad
2648 1747 3069 1805 desolationem
3111 1742 3583 1812 circnmjacentis
3615 1756 3753 1812 pro-

327 1830 481 1928 sulte
515 1834 864 1928 pepulsores
906 1853 1043 1894 suos
1082 1841 1379 1896 censuisse
1414 1856 1514 1897 sua
1549 1843 1658 1897 sibi
1692 1843 1975 1912 sufﬁcere,

334 1921 645 1992 unicuique
664 1923 718 1977 in
735 1925 984 1981 ecclesia
1005 1940 1108 1982 sua
1128 1928 1399 1984 militanti
1421 1929 1680 1987 debitum
1701 1931 1979 1988 honorem

324 2010 683 2078 competere,
719 2010 870 2067 scire
896 2027 957 2069 se
982 2014 1242 2071 moribus
1271 2031 1471 2074 eorum
1497 2032 1609 2076 non
1634 2020 1978 2090 convenire;

333 2103 665 2164 quaererent
695 2099 788 2154 cui
826 2100 930 2157 flos
957 2101 1160 2172 glorize
1186 2103 1301 2174 jam
1336 2106 1486 2178 apud
1520 2121 1620 2163 eos
1654 2107 1981 2165 decidentis

333 2182 657 2256 refloreret,
693 2193 752 2243 et
784 2189 990 2258 religio
1032 2191 1310 2249 deficiens
1352 2201 1704 2265 resurgeret.
1741 2196 1980 2254 Audivit

328 2269 550 2328 interea
579 2273 863 2333 Otbertus
888 2293 1079 2336 rerum
1104 2281 1335 2353 seriem,
1367 2287 1424 2338 et
1450 2284 1705 2342 evocatis
1729 2285 1799 2342 ad
1822 2300 1884 2342 se
1908 2286 1979 2342 de

330 2363 685 2419 monasterio
714 2378 864 2434 quos
897 2371 1137 2425 noverat
1172 2371 1463 2441 meliores,
1509 2372 1703 2429 mirari
1740 2388 1801 2430 se
1834 2374 1977 2430 dixit

324 2462 430 2503 cur
457 2449 846 2522 Berengerum
874 2456 1253 2527 rcpulissent,
1284 2474 1450 2529 quem
1478 2459 1531 2515 in
1556 2460 1978 2519 ecclesiasticis

323 2535 683 2597 utilitatibus
724 2541 912 2598 virum
953 2551 1070 2601 tam
1112 2545 1400 2604 valentem
1428 2548 1545 2617 jam
1579 2549 1841 2621 rapuisse
1885 2550 1982 2606 de-

288 2659 293 2663 ~
325 2624 613 2682 buissent.
638 2629 849 2686 Eadem
877 2634 1168 2690 sententia
1195 2634 1264 2690 de
1290 2637 1615 2706 Berengero
1638 2637 1788 2708 apud
1812 2636 1982 2694 cleri-

330 2726 433 2769 cos
452 2718 512 2771 et
534 2713 717 2774 laicos
733 2720 1167 2792 crebrescebat,
1184 2728 1239 2779 et
1256 2725 1537 2782 neminem
1555 2726 1637 2782 rei
1657 2731 1715 2781 et
1734 2730 1979 2798 tempori

328 2800 620 2859 utiliorem
645 2806 985 2865 censebant.
1009 2811 1129 2866 Jam
1153 2812 1328 2868 etiam
1355 2813 1568 2870 fratres
1592 2818 1675 2870 tot
1703 2815 1982 2872 assertio-

330 2888 501 2946 nibus
533 2894 782 2950 convicti
813 2904 1236 2956 consenserant
1258 2902 1385 2973 ejus
1407 2902 1701 2974 electioni,
1726 2919 1854 2960 cum
1880 2904 1979 2961 ille

332 2979 511 3036 semel
568 2987 849 3055 concepta
899 2985 1295 3057 indignatione
1349 2991 1550 3063 primm
1602 2991 1974 3065 repulsionis,

326 3065 499 3123 nullis
533 3071 809 3141 precibus
841 3073 1090 3143 Otberti,
1129 3076 1303 3134 nullis
1328 3080 1845 3137 acclamationibus
1872 3082 1978 3139 fra-

324 3157 477 3211 trum
514 3156 605 3215 vel
635 3159 775 3216 cleri
808 3162 1026 3219 evaluit
1058 3166 1457 3235 procurationi
1488 3166 1703 3224 oblatae
1736 3169 1971 3225 attrahi.

325 3243 423 3299 Tot
451 3245 631 3315 igitur
653 3252 1123 3323 tempestatibus,
1156 3258 1245 3309 tot
1278 3254 1787 3326 dilationibusjam
1812 3272 1976 3328 pane

323 3330 651 3393 deficientis
720 3340 985 3398 ecclesize
1052 3348 1339 3414 perlmsus
1403 3347 1705 3418 Otbertus,
1767 3349 1973 3405 indixit

324 3420 626 3495 fratribus,
674 3432 732 3483 ut
779 3432 948 3499 quem
980 3432 1197 3489 vellent
1228 3434 1299 3490 de
1331 3435 1455 3491 suis
1487 3435 1768 3505 eligerent
1802 3437 1974 3509 eique

318 3515 785 3572 consecrandum
818 3518 872 3573 in
903 3520 1172 3576 abbatem
1205 3528 1650 3591 prmscntarent.

391 3602 477 3655 87.
506 3601 679 3674 (109.)
706 3605 862 3662 Inter
882 3608 988 3664 has
1013 3608 1476 3680 disceptationes
1499 3612 1836 3669 Lambertus
1860 3628 1975 3671 ma-

309 3686 403 3755 jor
442 3688 769 3747 infirmatus
808 3694 878 3749 ad
919 3699 1187 3767 mortem,
1242 3700 1630 3768 Berengerum
1665 3701 1735 3757 de
1766 3701 1972 3759 Leodio

315 3774 387 3830 ad
439 3790 503 3831 se
559 3780 1053 3839 reconciliandam
1102 3786 1415 3859 mandavit,
1468 3795 1797 3860 unctusque
1840 3790 1969 3850 oleo

323 3865 477 3962 quod
503 3866 615 3923 sibi
642 3876 985 3962 reposuerat
1007 3888 1080 3929 ex
1101 3877 1539 3933 consecratione
1572 3880 1799 3934 Henrici
1835 3896 1971 3951 pon-

316 3951 512 4024 tificis,
558 3971 708 4013 anno
742 3957 1030 4018 incarnati
1064 3962 1234 4020 Verbi
1274 3969 1427 4036 1099,
1460 3970 1493 4022 8
1524 3967 1810 4025 Kalendas
1841 3969 1967 4025 Maii

313 4041 481 4097 obiit.
515 4044 622 4110 Qui
659 4050 938 4106 strenuus
974 4056 1326 4122 cooperator
1365 4054 1596 4111 abbatis
1630 4055 1966 4113 Theoderici

2092 1842 2297 1900 vincite
2329 1838 2678 1904 refirmavit;
2714 1835 2868 1909 quod
2893 1838 3137 1907 optentu
3162 1832 3378 1889 domini
3401 1829 3753 1887 Theoderici

2092 1929 2326 1999 majoris
2358 1927 2641 1984 Henricus
2668 1925 2984 1997 episcopus
3013 1922 3310 1992 dejecerat
3342 1921 3453 1977 sub
3487 1918 3750 1976 intermi-

2090 2018 2322 2074 natione
2354 2014 2622 2088 perpetui
2650 2012 3039 2069 anathematis
3066 2029 3077 2065 :
3105 2010 3291 2081 ipsum
3322 2023 3553 2079 quoque
3586 2022 3745 2063 mon-

2088 2111 2205 2164 tem
2238 2107 2335 2178 qui
2364 2107 2435 2162 ab
2468 2105 2710 2174 antiquo
2752 2103 2939 2159 fuerat
2975 2099 3127 2157 beati
3163 2099 3407 2155 Huberti
3447 2096 3742 2167 ecclesiae,

2090 2196 2318 2252 firmato
2359 2193 2668 2266 privilegio
2705 2190 2977 2261 legaliter
3012 2187 3268 2245 reddidit
3298 2186 3467 2255 (190),
3501 2185 3742 2241 condita

2089 2285 2301 2341 ibidem
2349 2287 2407 2339 et
2454 2282 2722 2339 dedicata
2771 2278 3020 2336 ecclesia
3070 2277 3127 2332 in
3176 2276 3394 2333 honore
3440 2275 3598 2331 beati
3652 2274 3749 2330 lli-

2088 2372 2327 2442 chaelts,
2362 2373 2575 2427 fratres
2606 2368 2894 2425 secretius
2916 2370 3122 2437 utpote
3148 2366 3203 2420 in
3226 2363 3461 2420 deserto
3491 2364 3611 2419 Deo
3645 2364 3750 2419 mi-

2088 2461 2367 2517 litaturos
2403 2458 2728 2515 constituit.
2775 2454 3170 2512 Provinciales
3199 2459 3393 2509 autem
3425 2467 3500 2507 ex
3531 2453 3748 2508 timore

2089 2548 2469 2607 desolationis
2505 2560 2673 2616 quam
2706 2546 3062 2601 verebantur
3092 2557 3206 2599 non
3238 2541 3424 2597 solum
3457 2539 3589 2608 sibi,
3639 2540 3747 2596 sed

2088 2642 2146 2694 et
2174 2635 2426 2710 posteris
2451 2635 2597 2703 suis,
2622 2633 2888 2690 condicta
2913 2631 3005 2688 die
3027 2632 3424 2687 convenerunt
3454 2628 3524 2685 ad
3553 2627 3749 2686 eccle-

2090 2727 2234 2783 siam
2260 2726 2415 2781 beati
2440 2723 2706 2794 Iluberti,
2734 2720 3180 2793 expostulantes
3211 2734 3425 2790 corpus
3452 2717 3581 2786 ejus
3610 2731 3750 2775 cum

2089 2815 2345 2893 jacrimis
2377 2815 2625 2870 Otberto
2658 2809 3024 2883 praesentari,
3061 2809 3108 2864 si
3144 2808 3296 2864 forte
3320 2806 3413 2864 vel
3438 2807 3521 2863 sic
3545 2806 3759 2877 resipi-

2090 2910 2281 2965 sceret
2315 2908 2387 2964 ab
2420 2905 2743 2962 intentione
2772 2902 2947 2972 hujus
2978 2915 3102 2959 suae
3134 2899 3504 2971 inceptionis.
3542 2898 3754 2955 Coacti

2072 2998 2302 3053 fratres
2325 3011 2437 3052 non
2462 2993 2647 3050 solum
2672 2992 3026 3049 necessitate
3057 2988 3370 3058 communi,
3403 2986 3506 3044 sed
3527 2993 3588 3043 et
3612 3003 3753 3058 pro—

2087 3085 2212 3158 pria
2246 3099 2374 3155 quze
2409 3083 2591 3152 magis
2625 3079 3135 3153 praeponderabat,
3169 3076 3305 3134 licet
3338 3076 3508 3132 nimis
3548 3075 3757 3133 incon-

2089 3173 2265 3243 sulte,
2288 3175 2467 3242 utque
2490 3170 2555 3225 fit
2577 3169 2631 3224 in
2650 3184 2842 3225 rerum
2863 3166 3250 3223 tumultuaria
3275 3163 3747 3236 perturbatione,

2086 3260 2262 3317 nullis
2285 3258 2609 3332 praemissis
2626 3256 2882 3327 jejuniis,
2915 3253 3094 3311 nullis
3117 3251 3353 3322 vigiliis,
3384 3251 3548 3308 nullo
3569 3266 3752 3323 appa-

2086 3354 2214 3405 ratu
2249 3349 2422 3419 hujus
2457 3344 2836 3415 executionis,
2873 3349 3135 3400 assumto
3160 3340 3311 3397 beati
3336 3340 3445 3395 viri
3468 3354 3741 3411 corpore,

2086 3439 2506 3511 processerunt
2528 3434 2701 3491 nudis
2722 3432 2967 3505 pedibus
2990 3434 3047 3487 et
3071 3434 3277 3502 operto
3299 3429 3495 3501 capite
3527 3428 3614 3483 θ’.
3652 3429 3746 3483 Vi-

2081 3528 2254 3584 deres
2274 3525 2489 3597 passim
2508 3520 2983 3579 concurrentium
3004 3519 3213 3575 turbas
3227 3518 3429 3588 augeri
3445 3516 3532 3586 ¹³⁰,
3551 3516 3743 3573 luctu-

2083 3629 2195 3686 que
2226 3613 2490 3685 populari
2524 3611 2855 3668 canentium
2886 3608 3137 3665 letanias
3164 3611 3225 3663 et
3256 3605 3516 3678 psalmos
3548 3605 3737 3676 depri-

2083 3705 2178 3760 mi.
2213 3702 2443 3759 Audivit
2475 3702 2758 3757 Otbertus
2783 3698 2931 3755 tanti
2964 3696 3260 3768 pontificis
3287 3694 3646 3751 auctoritate
3676 3708 3739 3750 se

2082 3791 2334 3862 insequi,
2368 3796 2427 3846 et
2456 3790 2525 3846 ad
2553 3790 2756 3845 horam
2800 3789 2997 3845 furore
3035 3784 3428 3853 dissimulato,
3471 3796 3740 3839 ascenso~

2082 3896 2195 3954 que
2226 3895 2377 3951 equo
2400 3894 2529 3937 cum
2554 3880 2678 3936 suis
2701 3883 2757 3935 et
2783 3878 2909 3950 ipse
2940 3875 3313 3934 venientibus
3344 3873 3576 3929 obviam
3608 3885 3740 3944 pl‘O'

2077 3971 2282 4026 cessit.
2306 3973 2592 4025 Praetenta
2617 3982 2753 4024 vero
2770 3967 3066 4039 paulisper
3084 3963 3412 4020 reverentia
3429 3961 3732 4029 orationis,

2082 4064 2215 4129 post
2235 4057 2637 4129 aspersionem
2663 4070 2826 4126 aqum
2852 4053 3196 4122 benedictae,
3223 4052 3379 4107 inter
3396 4048 3737 4107 thurifican-

314 4129 572 4202 majoris,
620 4134 675 4189 in
717 4118 1100 4207 acquirendis
1132 4141 1369 4211 praediis
1409 4146 1464 4197 et
1505 4144 1878 4215 ornamentis,
1911 4145 1967 4201 in
1997 4118 2052 4180 D
2082 4118 2215 4204 dum
2248 4118 2458 4204 fustem
2494 4145 2565 4201 ad
2596 4118 2935 4215 hoc-ipsum
2970 4118 3238 4214 paratum
3268 4138 3539 4209 arripuit,
3572 4141 3630 4193 et
3662 4137 3734 4193 de

320 4220 666 4277 renovandis
685 4228 744 4278 et
762 4225 1109 4295 ampliandis
1129 4229 1414 4299 :edificiis,
1433 4229 1486 4285 in
1504 4230 1970 4290 vitreisetfabre-

314 4307 578 4378 facturis,
615 4310 668 4364 in
705 4313 1028 4370 ordinando
1066 4316 1310 4373 fratrum
1350 4318 1507 4375 victu
1540 4323 1597 4375 et
1632 4320 1874 4387 vestitu,
1909 4327 1968 4379 et

313 4395 366 4450 in
413 4395 876 4471 quibuscumque
917 4407 1152 4473 poterat
1193 4404 1458 4463 ecclesiae
1497 4409 1866 4479 profectibus
1905 4414 1964 4468 et

314 4483 697 4557 utilitatibus,
724 4502 853 4545 cum
879 4490 989 4547 sub
1010 4492 1363 4550 Theoderico
1381 4495 1613 4565 juniore
1633 4503 1865 4554 assueta
1892 4498 1968 4553 di-

313 4572 541 4642 gnitate
572 4576 857 4648 privatus,
893 4578 1300 4639 adolescentes
1332 4583 1441 4639 sibi
1478 4585 1738 4657 prazponi
1764 4585 1969 4655 justis-

308 4661 452 4717 sime
476 4661 899 4737 indignaretur,
935 4668 1079 4725 adeo
1110 4675 1354 4728 coactus
1378 4677 1473 4727 est
1495 4671 1562 4706 1"
1584 4673 1875 4747 desipere,
1903 4680 1968 4733 ut

308 4755 441 4822 post
464 4751 783 4812 discessum
814 4757 1068 4827 ejusdem
1098 4760 1437 4818 Theoderici
1464 4763 1783 4820 scrinulum
1809 4764 1963 4821 beati

310 4839 553 4897 Huberti
572 4844 721 4913 quod
739 4853 981 4917 argento
995 4854 1328 4921 paraverat,
1347 4850 1544 4908 ablato
1559 4851 1733 4908 etiam
1748 4853 1967 4924 capitio

311 4942 489 4986 aureo
522 4930 751 4992 miriﬁci
797 4935 1011 5007 operis,
1048 4937 1400 5011 dispararet,
1431 4954 1561 4997 cum
1594 4940 1971 4997 exactoribus

311 5016 569 5090 episcom
613 5023 738 5078 tres
781 5037 990 5082 cruces
1019 5039 1228 5083 aureas
1254 5032 1315 5084 et
1345 5028 1599 5086 tabulam
1632 5028 1838 5085 altaris
1871 5044 1968 5087 au-

2081 4236 2247 4294 caasis
2278 4237 2522 4292 fratrum
2563 4232 2856 4304 capitibus
2895 4229 3175 4300 sanguine
3215 4229 3360 4297 fuso,
3403 4242 3504 4296 per
3530 4225 3732 4282 silvam

2083 4324 2350 4397 palantes
2382 4323 2496 4379 huc
2528 4321 2783 4390 illucque
2816 4318 3113 4391 dispersit.
3138 4318 3327 4387 Super
3348 4318 3563 4371 tantam
3586 4318 3730 4368 tam-

2078 4427 2189 4483 que
2238 4411 2579 4483 injuriosam
2630 4407 3020 4464 temeritatem
3068 4404 3491 4461 demirantibus
3532 4400 3722 4456 turbis

2071 4500 2357 4574 justitiam
2401 4497 2704 4567 Altissimi,
2748 4495 2844 4567 qui
2886 4510 3015 4552 cum
3054 4494 3134 4552 sit
3176 4492 3406 4564 patiens
3446 4487 3723 4559 redditor,

2076 4589 2394 4647 secundum
2429 4586 2867 4644 multitudinem
2903 4584 3003 4641 irae
3038 4598 3158 4640 suaa
3190 4582 3385 4643 (Psal.
3418 4595 3472 4649 x,
3504 4578 3581 4647 4),
3615 4592 3729 4634 non

2078 4679 2310 4751 quaerit,
2360 4676 2645 4750 perlatum
2688 4679 2779 4731 est
2821 4688 3038 4745 corpus
3077 4671 3267 4729 sancti
3308 4670 3378 4726 ad
3420 4667 3732 4726 ecclesiam

2078 4766 2233 4822 beati
2267 4762 2563 4821 Michaelis
2595 4761 2951 4831 archangeli,
2984 4760 3317 4830 ibidemque
3346 4755 3733 4826 advigilatum

2079 4867 2109 4908 a
2140 4850 2422 4908 fratribus
2454 4847 2803 4906 recollectis.
2840 4849 2898 4902 in
2929 4846 3249 4903 crastinum
3283 4841 3633 4916 disponebat
3667 4841 3738 4897 il-

2079 4939 2178 4998 lud
2207 4938 2492 4996 violenter
2515 4936 2889 4993 auferendum
2923 4936 3225 5003 Otbertus,
3261 4932 3366 4990 sed
3387 4945 3514 4988 eum
3540 4930 3598 4987 in
3625 4931 3735 4987 tali

2078 5026 2539 5100 praesumptione
2584 5039 2753 5081 nemo
2793 5023 2905 5081 sibi
2943 5022 3264 5081 assentiret
3303 5034 3562 5089 suorum,
3610 5018 3738 5091 jam

1661 5142 1896 5200 VARL‘E
1940 5142 2339 5200 LECTIONES.

383 5226 448 5262 ¹²⁸
479 5228 641 5290 deest
668 5240 724 5290 1.

808 5234 876 5271 ¹¹⁹
903 5251 1152 5311 corpore
1182 5243 1204 5295 1
1232 5240 1254 5295 ?
1328 5238 1397 5275 ¹³⁰
1423 5239 1516 5299 ita
1548 5254 1705 5298 corr.
1740 5238 2050 5309 Martem;
2079 5240 2295 5312 angori
2328 5242 2375 5295 1.

1898 5354 2101 5411 ΝΟΤᾸΞ
2117 5394 2131 5411 .

332 5423 349 5435 ’
376 5450 525 5595 (188;
557 5450 887 5533 E.Sallustii
915 5453 1042 5523 Iug.
1078 5468 1138 5535 e._
1168 5457 1225 5509 11
1257 5454 1435 5510 verba
1468 5453 1735 5525 sumpsit.

375 5522 503 5594 (189
558 5525 677 5595 Hic
698 5536 865 5595 error
895 5527 1145 5595 e_s_t,_qut
1176 5523 1424 5581 fortasse
1458 5524 1513 5580 in
1548 5525 1678 5580 anni
1710 5538 1735 5579 n

375 5522 524 5594 (189)
558 5522 676 5594 Hic,
698 5536 865 5594 error
895 5522 1140 5594 est,_qui
1176 5523 1424 5581 fortasse
1458 5524 1513 5580 in
1548 5522 1678 5580 anni
1710 5536 1952 5581 numero

304 5592 468 5665 latet,
495 5592 626 5652 nam
648 5593 719 5651 de
746 5592 956 5650 Wiredi
979 5592 1262 5651 electione
1283 5598 1418 5666 post
1440 5595 1564 5652 hac
1587 5595 1740 5652 facta
1763 5594 1953 5652 adhuc

2067 5453 2333 5523 Urbanus
2368 5464 2513 5523 papa
2556 5449 2848 5519 (ob.1099
2877 5448 2991 5506 Jul.
3025 5447 3116 5519 29)
3160 5445 3505 5503 sententiam
3547 5444 3724 5501 tulit.

2137 5525 2260 5597 190)
2293 5522 2566 5594 V.’supra
2596 5537 2647 5580 e.
2683 5523 2769 5579 48.
