3960 6044
170 225 322 292 148⁵1

1147 216 1624 288 CHRONICON
1667 217 1732 282 S.
1781 211 2145 280 HUBERTI
2186 205 2579 277 ANDAGIN.

3416 189 3574 260 1488

168 381 422 441 sanioris
446 381 619 439 animi
656 394 957 439 resumens
978 378 1304 448 consilium,
1332 391 1459 433 cum
1486 371 1811 431 reverentia
1844 353 1895 413 Α
1928 383 2137 441 cedere
2186 382 2675 453 detrectantibus,
2730 378 3170 461 intervenerunt
3219 372 3570 432 mediatores

168 477 225 530 et
258 474 478 530 honore
512 472 580 528 ad
636 486 804 528 suum
867 468 1066 527 retulit
1116 468 1322 524 locum.
1382 466 1560 537 Cujus
1591 461 1815 519 evectio

170 577 298 620 cum
322 561 548 619 maximi
575 561 781 617 fuisset
815 559 1107 629 ponderis,
1142 556 1402 612 revectio
1422 570 1560 611 vero
1592 553 1817 608 levissi-

171 652 243 707 mi
293 650 557 722 probavit
598 649 855 705 camdem
891 647 1248 703 evectionem
1282 645 1393 700 sibi
1444 643 1816 714 diSpIicuisse

170 744 228 795 et
259 741 653 796 reveclionem
686 737 994 808 placuisse.
1028 735 1290 791 Positum
1320 738 1512 789 autem
1539 746 1715 802 super
1737 730 1818 787 al-

173 834 297 885 tare
325 829 475 884 beati
504 827 680 895 Petri,
710 832 765 882 et
793 841 894 897 per
920 829 1052 881 octo
1084 824 1208 879 dies
1232 822 1393 879 nullo
1428 822 1594 877 modo
1630 819 1819 889 potuit

175 917 299 973 loco
332 933 438 973 suo
491 916 712 987 reponi,
775 915 938 985 quasi
990 912 1293 984 quamdam
1355 909 1815 967 satisfactionem

170 1006 437 1075 exigeret
468 1005 640 1073 hujus
671 1018 791 1060 suae
824 1001 1183 1059 remotionis.
1222 1002 1339 1054 Non
1376 998 1557 1053 multo
1594 1001 1720 1068 post
1753 1009 1819 1050 ea

171 1095 298 1164 ipsa
326 1094 419 1149 die
442 1093 859 1161 anniversaria,
887 1106 998 1161 qua
1019 1092 1189 1146 beato
1206 1090 1463 1145 lluberto
1485 1085 1819 1158 priedictam

171 1183 310 1239 fecit
340 1183 629 1252 injuriam,
659 1183 939 1237 Otbertus
960 1183 1169 1250 captus
1193 1182 1280 1234 est
1317 1194 1344 1233 a
1376 1176 1590 1233 comite
1622 1173 1823 1229 1101111-

170 1286 264 1343 co,
300 1278 361 1329 et
390 1273 706 1342 Durbojum
763 1286 943 1340 usque
977 1269 1265 1326 deductus
1316 1268 1559 1323 incitato
1589 1279 1739 1335 equo
1767 1267 1821 1317 et

174 1362 324 1418 satis
360 1361 558 1429 feroci,
616 1360 929 1417 durissimo
968 1363 1028 1414 et
1066 1358 1371 1413 inhonesto
1429 1355 1670 1410 collisus
1728 1352 1824 1407 vix

178 1454 423 1506 mortem
458 1449 679 1515 evasit;
713 1449 816 1506 sed
847 1452 905 1502 et
942 1447 1213 1517 quamdiu
1248 1462 1317 1501 ex
1342 1451 1483 1500 tunc
1510 1440 1821 1514 superfuit,

169 1552 487 1608 numquam
513 1536 973 1593 adversitatibus
1001 1542 1059 1591 et
1083 1533 1463 1591 dedccorosis
1491 1528 1825 1604 oppressio-

170 1626 342 1683 nibus
366 1626 577 1682 caruit.

1927 474 2290 543 Berengerus
2320 478 2378 528 et
2409 471 2771 539 Fredericus,
2798 469 3187 538 suﬂ‘ragantes
3208 469 3381 536 prout
3409 467 3568 535 pote-

1926 568 2054 618 rant
2092 562 2321 631 ingenio
2351 566 2408 616 et
2441 561 2684 627 ratione,
2722 574 2790 614 ne
2824 558 2908 614 sic
2943 552 3569 612 inconvenienterhac-

1926 654 2097 706 tenus
2126 649 2312 719 fratri,
2346 649 2552 706 amodo
2612 662 2750 703 vero
2782 646 2931 718 patri
2993 643 3394 710 dissentirent,
3428 645 3484 694 et
3518 638 3563 694 si

1925 754 2055 796 eum
2092 739 2199 794 hoc
2233 739 2373 809 pati,
2408 738 2538 794 illos
2566 741 2756 793 tamen
2782 737 2971 791 facere
3004 749 3116 789 non
3146 734 3570 795 deeeret;con-

1929 827 2189 884 sulerent
2221 828 2314 883 vel
2363 830 2525 883 famae
2558 842 2699 895 suae,
2754 841 2823 880 ne
2858 825 3026 879 nimis
3060 820 3385 878 inconsulte
3416 816 3573 873 vide-

1929 920 2133 972 rentur
2158 915 2273 972 tale
2289 916 2508 986 aliquid
2536 916 2745 985 egisse,
2764 913 3174 984 experirentur
3193 910 3353 980 prius
3377 913 3570 962 utrum

1929 1010 2087 1061 esset
2106 1004 2262 1061 utilis
2285 1011 2340 1060 et
2370 1005 2733 1073 retinendus,
2771 1018 2837 1058 an
2864 1002 3090 1057 inutilis
3111 1003 3169 1057 et
3194 996 3567 1068 rejiciendus.

1929 1094 2178 1148 Tandem
2216 1094 2423 1149 rationi
2460 1093 2528 1148 ad
2575 1094 2771 1149 horam
2824 1091 2928 1148 ced
2957 1095 3120 1159 intes,
3154 1099 3465 1158 suppressa
3502 1081 3572 1136 ad

1932 1184 2164 1251 tempus
2181 1181 2668 1249 contradictione,
2690 1180 2844 1251 passi
2862 1185 2997 1234 sunt
3014 1177 3175 1232 illum
3192 1174 3419 1241 adesse,
3439 1168 3573 1227 sibi-

1934 1282 2045 1337 que
2074 1268 2480 1337 chuanimiter
2513 1269 2818 1336 interesse,
2846 1268 3026 1322 donec
3050 1264 3249 1319 eadem
3282 1256 3573 1315 contradi-

1935 1354 2051 1411 ctio
2076 1357 2419 1426 quandoque
2446 1356 2606 1412 ﬁeret
2628 1356 2862 1425 justior,
2900 1355 2946 1409 si
2978 1354 3360 1407 consecratus
3382 1347 3453 1401 ab
3477 1344 3576 1397 Ot—

1935 1445 2104 1500 berto
2129 1446 2720 1502 Romanaesententize
2745 1432 3572 1516 probareturdesertor,cujus

1935 1540 2102 1589 antea
2135 1536 2315 1590 fuerat
2373 1535 2697 1590 acerrimus
2746 1538 3023 1590 assertor.
3058 1528 3346 1585 Gravabat
3378 1528 3568 1580 autem

1936 1621 2123 1679 adhuc
2150 1625 2218 1677 ab
2241 1623 2480 1677 introitu
2518 1622 2866 1691 Iugolirandi
2894 1623 3234 1691 praesentem
3263 1612 3569 1672 ecclesiam

241 1717 326 1770 89.
363 1715 536 1783 (111.)
570 1716 639 1770 Et
670 1714 805 1770 dum
837 1715 1118 1771 Otbertus
1152 1713 1364 1769 fratres
1400 1712 1607 1768 iterum
1641 1714 1817 1780 atque
1847 1714 1898 1773 B
1933 1711 2178 1767 maxima
2232 1727 2423 1767 rerum
2474 1713 2687 1783 inopia,
2724 1712 2857 1781 quia
2908 1710 3343 1780 diSpensatores
3373 1717 3569 1760 carum

171 1803 383 1859 iterum
414 1804 486 1859 de
543 1803 814 1872 eligendo
844 1804 1057 1858 abbate
1116 1801 1517 1872 compelleret,
1556 1805 1690 1854 tunc
1721 1800 1817 1855 de-

172 1908 324 1949 mum
354 1892 472 1948 illis
502 1893 751 1964 praefixit
805 1892 976 1963 diem,
1012 1907 1128 1961 quo
1159 1891 1309 1947 tales
1359 1889 1816 1946 determinaren-

175 1986 269 2036 tur
302 1981 635 2037 dilationes.
688 1981 924 2037 Electus
956 1980 1186 2035 tandem
1238 1980 1525 2034 communi
1561 1977 1813 2033 omnium

170 2084 461 2125 consensu
501 2070 733 2139 quidam
789 2070 1085 2130 Girardus.
1123 2068 1393 2125 Leodium
1447 2068 1811 2131 ducebatur;

172 2172 302 2212 cum
340 2159 490 2212 inter
523 2159 774 2214 eundum
804 2159 873 2214 dc
914 2158 1161 2213 Otberto
1213 2157 1390 2228 coepit
1445 2156 1534 2225 agi
1568 2170 1755 2209 sermo
1785 2168 1813 2208 a

173 2245 625 2315 deducentibus,
684 2245 895 2302 donum
927 2248 1055 2316 ejus
1086 2246 1247 2303 nullo
1295 2245 1463 2300 modo
1493 2243 1813 2312 legitimum

176 2336 316 2402 fore,
356 2338 468 2389 tam
499 2350 600 2405 pro
640 2335 869 2389 Henrisi
906 2336 1060 2404 regis
1107 2333 1593 2390 excomninnicati
1626 2333 1818 2403 subje-

171 2424 386 2491 ctione,
423 2437 592 2494 quam
620 2438 721 2494 pro
746 2424 972 2494 przefati
997 2423 1220 2480 castelli
1247 2424 1640 2480 rctirmatione
1665 2421 1813 2493 quod

176 2513 509 2568 restruebat
545 2511 773 2567 llenrici
803 2512 1099 2582 pontiﬁcis
1128 2514 1397 2581 neglecto
1426 2513 1812 2581 anathemate,

180 2606 301 2656 tum
334 2600 508 2656 etiam
542 2614 648 2671 pro
677 2599 861 2656 effuso
893 2601 1123 2671 propria
1158 2616 1323 2656 manu
1357 2600 1483 2669 ejus
1514 2601 1820 2656 monacho-

173 2704 302 2745 rum
330 2689 501 2745 immo
525 2689 895 2746 sacerdotum
922 2690 1219 2759 sanguine.
1251 2688 1585 2757 Hujusmodi
1620 2688 1819 2759 dispu—

173 2777 319 2834 tatio
342 2778 477 2833 dum
503 2778 791 2834 attentius
814 2783 1238 2834 retractaretur
1258 2778 1410 2833 inter
1427 2777 1816 2833 Gislebertum

173 2866 458 2924 decanum
476 2872 535 2923 et
563 2866 857 2923 Wiredum
872 2867 1256 2922 Ebernensem
1280 2882 1397 2937 prie
1408 2867 1678 2938 positum,
1701 2880 1821 2935 per-

171 2960 486 3013 suaserunt
521 2955 778 3012 Gerardo
825 2956 1055 3012 interim
1091 2955 1459 3025 cessandum,
1492 2956 1674 3010 donec
1708 2955 1815 3025 ipsi

170 3047 382 3101 euntes
417 3046 688 3102 Leodium
748 3061 925 3118 super
984 3045 1095 3100 hiis
1123 3045 1387 3100 abbati-in
1441 3042 1813 3099 consulerent
1851 3076 1898 3138 Ο

174 3136 563 3201 Berengerum
612 3135 931 3199 Gerardus,
967 3140 1026 3190 ut
1058 3137 1181 3187 erat
1243 3134 1331 3188 vir
1364 3134 1580 3204 probus
1606 3139 1664 3187 et
1697 3132 1820 3187 11111-

170 3222 286 3278 lius
311 3222 543 3291 injustaa
569 3223 953 3294 promotionis
971 3222 1240 3292 cupidus.
1268 3221 1616 3292 simpliciter
1637 3222 1819 3276 cessit

170 3309 290 3366 illis
341 3310 465 3366 suis
512 3311 956 3367 consultoribus
1012 3309 1341 3365 condictum
1380 3310 1459 3365 rei
1520 3310 1816 3378 negotium

171 3398 327 3453 ultro
351 3399 798 3469 exequentibus.
826 3399 930 3465 Qui
955 3414 1082 3454 cum
1113 3399 1164 3453 id
1200 3399 1430 3470 penitus
1456 3414 1563 3453 non
1588 3399 1817 3454 curanti

175 3489 501 3557 Berengero
535 3487 605 3543 dc
640 3487 938 3544 reddendo
981 3503 1159 3559 super
1188 3488 1299 3543 hiis
1343 3487 1590 3544 consilio
1622 3502 1822 3557 sugge-

172 3580 395 3646 rerent,
430 3577 617 3632 eidem
643 3578 817 3632 etiam
843 3579 1092 3632 Otberto
1128 3578 1278 3646 quod
1305 3578 1373 3631 de
1396 3577 1546 3632 dono
1579 3593 1682 3632 suo
1707 3591 1820 3632 non

173 3663 347 3731 legali
378 3666 739 3720 verebantur
787 3665 1152 3733 ingererent;
1197 3663 1294 3718 ille
1330 3664 1383 3718 id
1412 3664 1517 3717 sibi
1555 3665 1715 3733 quasi
1750 3665 1820 3720 ad

174 3750 444 3820 injuriam
482 3756 763 3821 reputans
812 3752 1125 3821 ingestum,
1165 3752 1517 3822 primoribus
1552 3753 1674 3807 suis
1707 3766 1825 3824 cra.

173 3840 391 3895 stinum
434 3840 643 3896 indixit
696 3839 992 3909 publicum
1029 3839 1402 3907 auditorium,
1438 3846 1496 3894 ct
1530 3841 1827 3898 utrumin.

166 3929 451 3997 juriosam
488 3929 598 3983 sibi
626 3933 740 3983 tam
772 3928 868 3984 diu
901 3929 1191 3984 abbatiam
1218 3928 1402 3984 sai-eti
1424 3930 1665 3985 llubcrti
1702 3930 1825 3988 fun-

173 4016 336 4073 ditus
360 4016 714 4085 annullaret,
740 4031 808 4073 an
834 4016 1155 4085 ordinaret,
1182 4017 1364 4072 edixit
1385 4018 1471 4073 eis
1495 4017 1548 4072 in
1569 4034 1823 4075 commu-

170 4119 242 4160 ne
290 4104 734 4160 consulendum.
796 4104 1304 4161 Succlamantibus
1361 4106 1592 4161 cunctis
1626 4107 1819 4177 potius

170 4192 573 4259 ordinandam,
634 4191 843 4247 iterum
879 4196 1053 4261 atque
1114 4192 1325 4247 iterum
1359 4191 1422 4225 ¹³ί
1445 4193 1572 4261 ejus
1603 4193 1817 4249 obtulit

175 4281 505 4349 Bercngero
537 4280 985 4351 providentiam.
1013 4279 1115 4335 1110
1136 4294 1263 4336 011111
1289 4280 1466 4336 8011101
1493 4286 1818 4339 recusatam

171 4365 331 4423 nullo
364 4367 532 4424 modo
559 4367 896 4424 admitteret
931 4382 1151 4436 curam,
1179 4381 1537 4423 communem
1563 4369 1816 4426 omnium

172 4456 402 4527 accepit
431 4456 804 4526 sententiam,
840 4460 901 4513 ut
938 4455 1261 4512 destinaret
1299 4471 1401 4526 pro
1433 4457 1821 4514 aestimatione

171 4557 275 4598 sua
302 4558 471 4613 quam
497 4546 567 4600 ad
590 4545 696 4601 hoc
721 4545 1122 4616 exequendum
1150 4544 1440 4602 utiliorem
1464 4553 1663 4602 nosset
1695 4562 1823 4617 per-

172 4645 393 4688 sonam.
431 4631 537 4698 Qui
597 4632 896 4703 paululum
956 4638 1268 4690 cunctatus
1300 4633 1354 4689 in
1392 4633 1492 4690 tali
1551 4637 1821 4706 Opposita

170 4720 280 4776 sibi
310 4720 752 4789 deliberatione,
789 4722 1091 4791 reSponuit
1116 4738 1220 4793 pro
1248 4728 1508 4794 tempore
1534 4725 1818 4782 neminem

172 4808 465 4865 utiliorem
498 4824 559 4865 se
589 4824 786 4879 nosse,
824 4824 993 4881 quam
1028 4810 1107 4864 ibi
1144 4818 1486 4879 praesentem
1523 4814 1816 4871 Wiredum

169 4898 512 4954 monachum
562 4897 822 4967 ejusdem
873 4897 1159 4954 ecclosiae;
1206 4900 1486 4955 Hortatus
1535 4904 1816 4961 accedere

167 4985 455 5057 Wiredus,
483 4986 622 5042 licet
649 4993 710 5043 ut
734 4986 1168 5057 titaliquamdiu
1191 4985 1469 5042 reluctari
1490 4989 1810 5061 videretur,

165 5078 358 5131 tamen
388 5076 642 5132 donante
676 5076 921 5131 Otberto
972 5075 1263 5130 abbatiam
1296 5077 1581 5148 suscepit,
1613 5080 1815 5150 sicque

162 5163 479 5220 comitatus
502 5165 829 5233 Berengero
852 5170 910 5219 et
936 5162 1599 5236 Fredericopraepssito,
1626 5170 1811 5224 Anda-
1846 5228 1847 5231 η

162 5249 362 5320 ginum
392 5251 573 5307 venit.
624 5252 929 5309 Fratribus
957 5258 1151 5308 autem
1199 5251 1544 5310 electionem
1579 5256 1665 5312 sic
1695 5258 1809 5314 frn-

164 5340 412 5394 stratam
444 5338 897 5411 indignantibus,
930 5342 987 5396 et
1020 5339 1278 5397 venienti
1313 5349 1376 5399 ut
1402 5346 1490 5399 est
1526 5358 1650 5400 mos
1678 5361 1809 5417 pro-

1930 1802 2266 1856 tractabant
2283 1816 2382 1856 eas
2398 1800 2567 1856 nimis
2583 1800 2844 1871 prodige,
2869 1798 3027 1853 nullo
3044 1799 3312 1866 respectu
3330 1791 3574 1849 ﬁdelita-

1927 1890 2023 1956 tis,
2050 1895 2108 1943 et
2131 1905 2295 1959 pmne
2319 1888 2390 1944 ad
2416 1904 2716 1953 numerum
2741 1887 2944 1957 viginti
2974 1887 3250 1940 librarum
3285 1879 3570 1937 imminuti

1925 1982 2094 2032 erant
2121 1978 2345 2034 reditus
2378 1977 2765 2033 ecclesiastici
2799 1977 2869 2032 ab
2895 1975 3139 2031 introitu
3170 1971 3364 2028 domui
3395 1970 3573 2025 Theo-

1926 2065 2109 2122 derici
2138 2066 2393 2137 majoris,
2424 2067 2493 2121 de
2519 2066 2827 2138 przebenda
2860 2067 3104 2120 fratrum
3136 2064 3258 2120 sina
3282 2073 3571 2116 consensu

1926 2169 2126 2210 eorum
2160 2155 2313 2211 datis
2342 2156 2514 2210 immo
2538 2160 2598 2209 et
2619 2154 2874 2209 venditis
2900 2153 3124 2208 noviter
3150 2155 3208 2207 et
3238 2150 3452 2219 injuste
3479 2148 3572 2202 be-

1927 2243 2168 2313 neficiis,
2197 2250 2252 2298 et
2280 2245 2411 2314 hoc,
2438 2248 2497 2299 ut
2525 2242 2925 2314 supradictum
2949 2247 3057 2307 est,
3082 2238 3328 2296 consilio
3353 2243 3407 2291 et
3434 2239 3567 2291 actu

1931 2331 2217 2388 Lamberti
2252 2333 2484 2402 majoris
2543 2338 2601 2387 et
2631 2330 2966 2387 Theoderici
3012 2327 3281 2399 junioris.
3343 2327 3571 2381 Etcum

1929 2422 2202 2490 frequens
2232 2421 2591 2491 querimonia
2628 2421 2870 2476 fratrum
2901 2434 3095 2475 coram
3120 2414 3353 2472 Wiredo
3380 2412 3575 2482 liujus~

1928 2510 2080 2565 modi
2116 2510 2459 2579 injustitiam
2489 2515 2547 2563 et
2581 2510 2889 2580 dampnum
2924 2506 3322 2578 deplangeret,
3355 2501 3452 2557 ille
3482 2516 3574 2557 ca-

1928 2603 2031 2671 put
2073 2614 2377 2669 quassans,
2405 2598 2718 2669 complosis
2739 2598 3004 2653 manibus
3021 2610 3149 2651 cum
3175 2591 3572 2662 indignatione

1930 2687 2153 2743 talibus
2186 2688 2629 2743 consultoribus
2658 2691 2716 2740 et
2749 2686 3088 2742 auctoribus
3137 2680 3422 2755 pmnalem
3456 2678 3572 2734 vin-

1930 2775 2144 2832 dictam
2197 2776 2435 2833 ultionis
2486 2776 2916 2848 imprccabatur
2968 2773 3193 2829 divinas.
3258 2768 3366 2825 Sed
3401 2782 3569 2839 quam

1929 2865 2348 2921 inexcusabilis
2378 2870 2468 2921 est
2523 2865 2708 2920 omnis
2740 2863 2835 2934 qui
2890 2862 3144 2934 1111110111,Δ
3195 2875 3323 2916 011111
3354 2860 3409 2913 01
3445 2857 3567 2928 1ρ80

1929 2953 2080 3009 idem
2117 2954 2322 3008 faciat!
2359 2954 2503 3019 Quia
2535 2953 2703 3022 enim,
2741 2959 2800 3008 ut
2835 2952 3072 3021 dicitur,
3108 2930 3444 3004 voluntates
3478 2960 3570 3000 re-

1929 3056 2061 3110 gum
2096 3046 2158 3097 ut
2187 3045 2320 3096 sunt
2346 3043 2721 3097 vehementes
2744 3041 2821 3097 ita
2852 3046 2912 3095 et
2937 3036 3262 3105 mutabiles,
3295 3049 3407 3090 non
3428 3032 3571 3089 mul-

1929 3136 1990 3185 to
2023 3136 2158 3201 post
2191 3132 2458 3187 Wiredus
2492 3131 2789 3201 praedictis
2817 3129 3044 3185 noviter
3075 3125 3290 3182 casatis
3318 3124 3467 3179 diem
3500 3120 3570 3175 ad

1930 3235 1994 3274 se
2027 3220 2410 3276 conveniendi
2447 3221 2660 3291 posuit,
2685 3225 2744 3274 et
2767 3226 2971 3276 contra
3004 3216 3290 3290 publicam
3330 3214 3569 3268 fratrum

1928 3310 2451 3366 contradictionem
2486 3310 2553 3364 ad
2580 3310 2863 3380 privatam
2888 3323 3085 3365 eorum
3109 3305 3355 3376 gratiam
3381 3302 3573 3370 singu-

1930 3398 2019 3454 los
2047 3398 2355 3466 recasavit,
2375 3404 2574 3455 cumet
2591 3396 3052 3467 antelegitimam
3069 3389 3567 3450 consrcrationem

1931 3488 2055 3544 suis
2091 3486 2310 3544 nullum
2344 3487 2529 3557 legale
2572 3489 2784 3552 donum
2815 3500 2947 3556 poss
2973 3490 3007 3537 -t
3033 3484 3194 3538 abeo
3230 3478 3370 3534 ﬁeri.
3412 3477 3570 3532 Unde

1932 3581 1989 3631 et
2026 3577 2206 3646 magis
2238 3591 2307 3631 cx
2337 3577 2449 3631 hoc
2489 3577 2901 3633 crebrescebat
2949 3569 3270 3628 communis
3327 3568 3569 3621 fratrum

1935 3664 2245 3734 sententia,
2284 3666 2443 3721 illum
2500 3664 2728 3721 omnino
2783 3662 2874 3719 vel
2907 3677 3009 3733 pro
3056 3659 3214 3715 nullo
3244 3653 3570 3712 habendum

1935 3751 2027 3807 vel
2060 3752 2457 3823 rejieiendum,
2495 3753 2626 3809 dum
2654 3754 2923 3807 Romana:
2949 3745 3318 3806 auctoritatis
3343 3740 3576 3815 privile-

1936 3839 2113 3909 gium,
2151 3840 2299 3910 quod
2336 3855 2364 3895 a
2398 3841 2674 3909 Gregorio
2716 3855 2860 3911 papa
2894 3838 3028 3894 huic
3059 3834 3326 3892 ecclesiae
3354 3830 3575 3902 specia-

1933 3926 2070 3984 liter
2100 3934 2189 3985 est
2212 3928 2533 3999 decretum,
2556 3927 2879 3999 bujusmodi
2907 3929 3389 3997 przesumptorem
3414 3923 3576 3991 pote-

1934 4018 2107 4073 statis
2136 4017 2488 4088 honorisque
2518 4018 2607 4074 sui
2633 4017 2917 4086 dignitate
2939 4017 3176 4071 censeat
3199 4007 3568 4082 privandum,

1932 4108 2027 4160 aut
2058 4104 2101 4161 si
2135 4105 2288 4175 quod
2321 4106 2635 4162 verebatur
2657 4105 2921 4161 manibus
2950 4101 3148 4158 Oberti
3176 4115 3241 4157 se
3268 4097 3573 4156 submitte-

1935 4194 2019 4247 ret
2053 4195 2533 4251 consecrandum.
2587 4194 2748 4260 Quod
2778 4193 2875 4248 ille
2931 4190 3315 4263 praesentiens
3349 4187 3569 4242 Oberto

1931 4283 2433 4339 consecrationem
2466 4298 2627 4339 suam
2657 4281 2924 4338 offerenti
2957 4278 3311 4350 aliquamdiu
3342 4292 3404 4332 se
3437 4277 3572 4332 sub-

1934 4371 2116 4438 duxit,
2152 4374 2331 4441 utque
2372 4372 2560 4429 tutius
2589 4371 2806 4427 vitaret
2837 4370 3064 4442 pondus
3095 4365 3467 4423 necessitatis
3500 4365 3570 4422 dc

1933 4466 2197 4535 proximo
2249 4461 2620 4518 imminentis.
2670 4461 2968 4516 Franciam
3016 4457 3276 4535 divertit,
3326 4455 3570 4526 etapud

1931 4554 2319 4609 Eberncnscm
2367 4550 2573 4607 cellam
2618 4549 2831 4605 morari
2864 4548 3061 4619 coepit.
3096 4547 3351 4602 Obertns
3400 4543 3573 4613 hujus

1931 4643 2340 4698 subductionis
2365 4640 2510 4697 satis
2540 4638 2828 4707 conscius,
2855 4635 3226 4707 attemptavit
3258 4648 3387 4690 eum
3409 4632 3573 4688 indu-

1929 4744 2064 4787 cere
2090 4733 2253 4785 tanto
2289 4729 2512 4785 facilius
2542 4734 2759 4799 quanto
2792 4731 2849 4782 et
2872 4725 3128 4791 suavius,
3153 4739 3226 4779 ex
3248 4737 3355 4779 suo
3381 4721 3576 4791 conje-

1928 4818 2356 4887 ctansingcnio,
2383 4822 2442 4874 ut
2473 4832 2600 4874 sese
2628 4832 2717 4872 res
2740 4816 3012 4884 habebat,
3042 4813 3194 4868 nolle
3216 4812 3375 4868 illum
3402 4809 3569 4866 facile

1920 4908 2036 4979 jam
2069 4921 2277 4964 carere
2302 4906 2480 4963 semel
2511 4900 3573 4975 degustatihonorisexperientia,cu-

1925 4996 2016 5065 jus
2056 4996 2267 5052 donum
2320 4995 2373 5049 in
2418 4993 2754 5064 accipiendo
2786 4993 2852 5025 ¹³²
2884 4997 3259 5050 recusaverat
3296 4992 3366 5047 de
3400 5004 3569 5046 manu

1927 5086 2072 5155 ejus,
2092 5100 2218 5153 quas
2235 5083 2343 5139 sibi
2363 5098 2469 5138 non
2495 5082 2805 5137 videbatur
2827 5082 2990 5152 prius
3019 5080 3299 5151 legitima.
3326 5078 3573 5150 Scripsit

1920 5177 2113 5229 autem
2131 5170 2212 5225 illi
2236 5171 2290 5226 in
2309 5169 2704 5226 huncmodum
2731 5184 2760 5224 a
2786 5168 2999 5224 Leodio
3018 5187 3029 5222 :
3050 5168 3571 5238 ObertusDeigra-

1920 5261 2012 5319 tia
2035 5260 2450 5319 Leodiensium
2468 5260 2773 5330 episcogms
2780 5258 2985 5331 fratri
3020 5259 3250 5316 Wiredo
3271 5257 3477 5315 abbati
3497 5256 3570 5314 de

1918 5349 2125 5408 sancto
2148 5350 2214 5405 Η
2215 5346 2691 5420 ubertogratiam
2705 5360 2875 5404 suam
2899 5347 3176 5404 ciceram
3197 5344 3569 5405 dilectionem

1517 5441 1610 5499 VA
1619 5444 1754 5500 [1le
1795 5446 2193 5504 LECTIONES.

237 5532 301 5606 ιρι
331 5532 490 5589 deest
520 5537 567 5587 1.
602 5533 779 5591 addit
800 5533 985 5591 Mart.
1066 5534 1133 5568 ⁸³³
1166 5552 1278 5593 11011
1304 5538 1499 5600 deesse
1531 5540 1782 5600 videtur.
