3960 6044
326 210 479 280 1489

1297 201 1773 275 CHRONICON
1815 203 1884 267 S.
1928 198 2295 264 HUBERTI
2338 196 2729 264 ANDAGIN.

3571 182 3745 249 1440

324 349 393 410 in
408 348 666 410 Christo.
675 348 761 408 De
766 346 1129 423 promotione
1142 347 1247 405 tua
1258 344 1522 421 qualiter
1534 340 1813 403 canonice
1824 337 1881 396 et

2180 356 2355 414 tanon
2365 354 2664 427 posuistis
2681 364 2859 426 super
2880 363 2998 421 cor,
3021 347 3092 406 ut
3095 345 3349 421 gloriam
3365 342 3744 402 nominimeo

327 441 585 500 cundum
602 442 877 514 regulam
896 440 1090 498 sancti
1099 436 1408 495 Benedicti
1405 433 1614 507 fuerit
1606 431 1810 505 facta,
1830 442 1969 502 quo-

323 530 513 601 modo,
536 530 806 600 inquam,
832 530 1098 586 humana
1112 525 1322 599 gratia
1337 524 1394 580 et
1416 524 1650 580 terrena
1663 516 1970 578 commodi-

330 620 423 677 tas
440 619 496 676 et
516 617 950 691 cetera,quibus
970 615 1209 687 indigni
1232 614 1494 671 homines
1516 610 1764 681 indigne
1775 606 1856 665 ad
1876 607 1973 662 lio-

331 722 504 765 nores
523 708 714 766 solent
730 707 1003 779 proveni,
1014 704 1233 777 procul
1233 702 1499 776 fuerunt
1518 715 1556 757 a
1576 698 1764 767 nobis,
1778 694 1974 767 utpote

336 796 444 868 qui
468 797 588 853 tam
607 795 909 854 carnalem
928 808 1109 865 quam
1128 793 1389 865 spiritua
1399 791 1508 847 lem
1524 787 1617 845 rei
1646 787 1855 843 vestrae
1870 798 1976 855 pu-

341 884 506 943 blica
523 885 962 957 reparationem
972 898 1086 954 per
1104 897 1201 939 vos
1223 881 1630 939 desideramus
1647 876 1804 947 fieri,
1819 871 1979 930 nulli

335 973 535 1029 notius
555 974 644 1030 est
660 987 841 1043 quam
859 972 1039 1041 vobis,
1065 970 1123 1028 et
1149 970 1412 1027 eumdem
1437 967 1610 1024 recta
1630 962 1978 1022 intentionis

339 1062 573 1118 oculum
590 1076 814 1134 semper
824 1076 1062 1132 purum,
1084 1074 1309 1131 semper
1321 1056 1590 1131 apertum
1603 1068 1746 1126 erga
1756 1065 1855 1109 vos
1878 1051 1981 1107 Ila-

341 1148 473 1205 bere
492 1149 706 1219 volens,
731 1149 891 1221 quod
909 1151 975 1207 in
992 1147 1155 1206 vobis
1179 1148 1315 1204 bene
1335 1146 1580 1216 coeptum
1585 1143 1742 1215 fuit,
1766 1140 1982 1197 melius

339 1238 621 1308 per/icere
638 1239 820 1307 volui,
847 1239 903 1294 et
923 1237 1005 1294 ad
1031 1235 1454 1293 benedictionis
1479 1230 1751 1303 gratiam
1772 1231 1836 1285 in
1850 1241 1984 1299 pro-

340 1326 505 1383 :cimo
525 1339 624 1383 vos
641 1326 979 1396 perducere,
1012 1327 1131 1381 Deo
1161 1322 1510 1395 opitulante,
1537 1317 1830 1390 disposui.
1886 1316 1987 1373 Vos

344 1415 543 1470 autem
569 1413 675 1471 illo
707 1415 957 1485 tempore
985 1412 1372 1484 imparatum,
1403 1424 1503 1467 vos
1532 1410 1598 1466 iu
1627 1404 1990 1480 quibusdam

345 1502 605 1572 negotiis
631 1501 943 1559 lacrimabi
952 1503 1089 1560 liter
1102 1501 1350 1558 dixistis
1363 1498 1712 1570 obligatum,
1730 1496 1787 1552 et
1804 1494 1991 1553 consi-

349 1588 429 1645 lio
452 1591 508 1645 et
535 1591 772 1647 audilio
804 1590 1101 1659 bonorum,
1129 1591 1426 1660 praecipue
1453 1587 1652 1643 autem
1679 1582 1992 1643 concordia

2080 446 2233 503 detis
2248 444 2532 512 (Malacle.
2568 459 2629 512 ιι,
2661 444 2736 515 2).
2774 442 3097 510 Acceperat
3119 440 3261 493 tunc
3285 433 3571 506 temporis
3607 429 3745 502 qui-

2081 535 2211 592 dam
2236 533 2550 590 monachus
2579 530 2734 588 beati
2762 527 3050 586 Laurentii
3086 526 3427 581 Lambertus
3459 521 3531 577 de
3553 533 3743 576 manu

2084 623 2313 680 Otberti
2344 621 2635 678 abbatiam
2669 618 3086 684 Florinensem,
3113 614 3233 686 qui,
3266 615 3331 668 ut
3353 611 3469 681 jam
3504 610 3741 666 dictum

2083 716 2170 770 est
2206 710 2353 783 (193)
2396 725 2508 766 non
2548 708 2662 764 nisi
2691 721 2820 764 cum
2852 710 3027 777 sputo
3058 701 3308 758 nominis
3334 700 3460 770 ejus
3492 699 3740 770 poterat

2086 799 2436 866 meminisse,
2493 795 2766 869 quamdiu
2821 808 2951 850 cum
3008 792 3333 859 Bercngero
3391 786 3741 843 morabatur

2088 888 2239 960 apud
2273 887 2478 944 cellam
2513 887 2925 942 Eberuensem.
2956 881 3136 951 Hujus
3180 892 3309 935 cum
3338 873 3572 931 Wiredo
3602 886 3742 929 con-

2089 976 2371 1035 secrando
2411 974 2731 1031 constituta
2778 975 2907 1027 erat
2956 966 3348 1035 consecratio,
3393 977 3563 1035 quam
3597 967 3744 1017 tunc

2091 1065 2324 1137 quidem
2345 1063 2532 1135 gratia
2556 1060 2777 1119 Wiredi
2804 1060 3170 1127 Berengerus
3189 1052 3567 1110 differendam
3590 1048 3749 1137 opti-

2092 1136 2240 1223 nuit,
2266 1153 2452 1210 donec
2475 1151 2804 1223 Stephanus
2835 1145 3019 1202 sancti
3041 1142 3238 1199 Jacobi
3263 1142 3445 1197 abbas
3478 1136 3750 1211 praemis-

2096 1258 2197 1301 sus
2219 1242 2290 1299 ad
2315 1240 2626 1298 ecclesiam
2658 1236 2812 1295 beati
2842 1233 3084 1292 Huberti
3113 1248 3184 1288 ex
3217 1229 3570 1288 auctoritate
3603 1240 3752 1297 βου·-

2096 1330 2296 1390 tiﬁcali
2320 1331 2660 1386 hortaretur
2676 1328 2891 1383 fratres
2907 1321 3238 1380 consentire
3258 1317 3495 1389 agendae
3509 1314 3757 1371 benedi-

2096 1420 2298 1479 ctioni.
2340 1418 2441 1475 Ille
2474 1416 2791 1474 adveniens
2841 1427 2970 1470 cum
2997 1409 3216 1468 nullum
3250 1404 3596 1479 quaestionis
3627 1416 3757 1459 sua

2100 1510 2398 1582 optineret
2428 1506 2719 1572 eﬂ‘ectum,
2766 1503 2919 1558 inter
2949 1498 3234 1570 agendum
3264 1494 3585 1566 requisitos
3603 1497 3705 1548 est
3726 1507 3758 1546 a

2104 1599 2406 1667 fratribus,
2452 1599 2515 1652 ut
2564 1592 2881 1651 secundum
2916 1589 3130 1647 suimet
3178 1584 3541 1661 intellectum
3570 1594 3765 1652 super

349 1677 1096 1754 etuuauimilatefratrum
1107 1678 1433 1735 vestrorum
1447 1676 1528 1732 ad
1548 1677 1672 1731 tam
1683 1672 1913 1731 sublimi

2205 1687 2365 1744 sdem
2386 1684 2468 1741 rei
2493 1682 2789 1755 negotium
2811 1679 3082 1736 redderet
3111 1676 3199 1733 eis
3216 1675 3462 1731 liberum
3481 1668 3769 1727 veritatis

342 1767 614 1838 gratiam
633 1779 756 1824 esse
771 1766 1253 1838 proveniendum,
1277 1765 1546 1835 diemque
1565 1765 1749 1835 hujus
1766 1760 1857 1817 rei
1868 1773 1995 1830 per-

350 1854 623 1923 ﬂciendae
634 1855 894 1924 elegistis
912 1855 968 1911 et
984 1855 1244 1926 petistis,
1263 1854 1395 1910 etin
1409 1854 1541 1924 ipsa
1551 1849 1998 1909 sanctiAndreee

354 1940 706 2010 festivitate,
730 1956 821 1998 me
850 1943 1166 2013 annuente,
1198 1942 1523 1999 statuistis.
1550 1940 1675 1997 Sed
1694 1939 1845 2011 quia
1863 1938 2001 1994 tunc

355 2028 561 2085 Leodii
579 2028 971 2102 nonfuimus,
1002 2030 1221 2102 quippe
1251 2031 1458 2088 lionori
1488 2029 1777 2100 etgratice
1805 2026 2003 2084 damni

356 2117 736 2188 imperatoris
761 2119 1121 2178 deseruimus
1135 2120 1305 2191 (191),
1320 2133 1418 2178 vos
1440 2119 1583 2175 tunc
1599 2116 1878 2174 Leodium
1889 2129 2008 2172 non

354 2206 587 2263 venisse
606 2220 988 2281 nequaquam
1016 2208 1398 2280 negligentia
1424 2209 1806 2278 imputamus.
1835 2205 2009 2263 Nunc

358 2292 557 2350 autem
564 2296 965 2368 preecipiendo
975 2297 1138 2355 vobis
1153 2297 1599 2367 denuntiamus,
1614 2296 1674 2352 et
1684 2308 1792 2367 per
1804 2308 1906 2351 ver
1917 2306 2013 2350 am

360 2380 760 2441 obedientiam
770 2399 871 2444 vos
883 2386 1281 2456 admonemus,
1297 2385 1614 2443 utremotis
1625 2382 1896 2441 omnibus
1908 2384 2013 2439 im-

349 2470 717 2540 pedimentis
740 2474 968 2531 10Kal.
994 2473 1311 2532 Februarii
1333 2475 1517 2546 (1098)
1553 2472 1756 2531 Leodii
1782 2471 1921 2530 sitis
1946 2471 2015 2528 in

368 2560 653 2631 crastino,
674 2562 782 2619 hoc
801 2562 891 2619 est
916 2563 981 2619 in
1000 2563 1273 2633 sequenti
1293 2563 1392 2619 die
1411 2561 1711 2619 dominica
1734 2559 1908 2630 (192),
1935 2558 2016 2616 ad

367 2650 813 2719 percipiendam
853 2650 1305 2709 benedictionem
1344 2651 1622 2724 paratus,
1669 2662 1886 2720 vosque
1902 2662 2017 2719 per

371 2736 560 2793 Deum
582 2738 749 2809 etper
779 2737 1012 2795 beatum
1056 2739 1390 2796 Hubertu/m
1411 2737 1764 2796 omnimodis
1802 2749 2017 2793 ammo-

372 2824 570 2882 nitum
596 2840 719 2885 esse
745 2829 1036 2899 volumus,
1076 2829 1145 2884 ut
1171 2828 1417 2885 interim
1443 2826 1641 2885 nicbil
1667 2826 1861 2895 aliud,
1893 2825 2017 2882 nisi

370 2915 528 2985 quod
555 2915 639 2971 ad
662 2929 855 2973 meum
884 2917 1161 2973 honorem
1190 2918 1248 2973 et
1272 2916 1354 2973 ad
1377 2917 1634 2974 ecclesiae
1658 2914 1866 2973 vestrae
1895 2926 2019 2985 spe-

372 3002 842 3076 cletutililatem,
858 3005 1392 3076 quaraturavobis
1412 3005 1505 3063 vel
1522 3005 1761 3077 agatur.
1799 3002 2013 3060 Valete.

375 3090 466 3146 Sic
491 3092 790 3164 Otbertus,
818 3097 883 3150 ut
905 3094 1088 3163 aiunt,
1111 3094 1308 3163 gladio
1328 3094 1497 3150 melle
1517 3093 1620 3149 lito
1644 3093 1691 3149 si
1717 3091 1855 3164 quid
1885 3106 2020 3149 con-

374 3182 606 3237 stantiae
639 3182 694 3237 in
720 3183 948 3239 Wircdo
978 3187 1287 3255 supererat
1314 3182 1573 3240 funditus
1595 3181 1867 3252 extinxit,
1897 3179 2021 3236 ille-

378 3284 488 3338 que
541 3269 775 3341 praeﬁxa
827 3271 939 3327 sibi
973 3271 1065 3327 die
1121 3270 1387 3327 Leodium
1422 3270 1605 3326 venit.
1673 3269 1853 3337 Quem
1886 3269 2021 3325 dum

380 3358 661 3423 Otbertus
678 3364 952 3430 argueret
979 3365 1091 3415 tam
1115 3358 1211 3415 diu
1234 3358 1446 3415 oblatae
1462 3358 1571 3414 sibi
1598 3356 2026 3415 benedictionis

380 3447 627 3516 gratiam
651 3448 1096 3518 subterfugisse,
1124 3446 1223 3503 ille
1246 3447 1316 3503 ad
1330 3447 1531 3503 horam
1548 3447 1710 3517 quasi
1728 3450 2026 3518 resumpto

382 3535 509 3591 zelo
536 3536 807 3593 veritatis
840 3536 1211 3605 attestandze,
1247 3536 1337 3589 vel
1371 3539 1434 3591 ut
1468 3535 1599 3590 inde
1626 3534 1775 3605 apud
1812 3535 2026 3590 fratres

382 3623 778 3679 cxcusabilior
808 3624 1109 3682 videretur
1141 3623 1211 3679 de
1241 3636 1347 3679 sua
1385 3622 1849 3691 consecratione,
1882 3624 2029 3679 hanc

384 3712 800 3782 praetenderet,
831 3712 884 3766 in
916 3711 1147 3783 publica
1176 3711 1470 3768 audientis
1505 3711 1815 3768 subintulit
1846 3712 2031 3769 libero

387 3812 510 3870 ore,
531 3814 641 3855 non
664 3798 777 3856 sibi
798 3799 984 3857 videri
1000 3800 1357 3857 commodam
1380 3801 1505 3872 ejus
1532 3800 2031 3869 benedictionem;

390 3888 604 3960 quippe
625 3904 754 3945 cum
794 3889 849 3944 in
864 3889 1260 3946 obstinatione
1288 3892 1405 3946 tam
1430 3889 1599 3959 longa
1643 3888 1925 3947 adversus
1948 3904 2037 3946 se-

389 3980 518 4034 dem
534 3982 590 4034 et
613 3977 989 4034 autoritatem
1016 3978 1395 4050 apostolicam
1420 3978 1670 4035 Henrico
1687 3977 1809 4047 regi
1824 3978 2032 4033 nitenti

391 4066 764 4138 singulariter
788 4068 1028 4137 faveret,
1073 4072 1194 4122 tum
1226 4066 1358 4138 quia
1384 4081 1457 4122 ex
1478 4066 1587 4123 hoc
1611 4066 1758 4138 ipso,
1791 4066 1839 4122 si
1865 4067 2037 4123 bene-

393 4156 692 4213 diceretur
713 4156 785 4212 ab
816 4170 906 4226 eo,
931 4156 1176 4211 timebat
1201 4155 1445 4212 fratrum
1470 4170 1711 4211 suorum
1743 4154 2036 4211 contradi-

394 4246 669 4316 ctionem,
703 4249 825 4301 tum
856 4244 1030 4300 etiam
1062 4243 1195 4316 quia
1229 4244 1283 4299 in
1312 4242 1737 4308 desolationem
1769 4243 2035 4300 ecclesias

397 4334 550 4391 beati
576 4333 820 4390 Huberti
844 4336 1099 4388 castrum
1124 4332 1353 4389 Mirvolt
1376 4332 1758 4403 refirmasset,
1786 4332 1937 4404 quod
1965 4345 2035 4387 ne

2050 3048 2098 3111 C

2107 1757 2165 1834 ct
2188 1775 2435 1846 justitiae
2469 1771 2798 1829 consilium.
2834 1769 3075 1824 Miratus
3106 1765 3286 1822 abbas
3314 1763 3399 1819 sic
3429 1775 3491 1818 se
3520 1757 3772 1816 conclu-

2110 1881 2258 1935 sum,
2276 1880 2403 1921 cum
2431 1861 2593 1934 quasi
2619 1862 2856 1917 obtorto
2885 1857 3039 1915 collo
3060 1858 3371 1925 cogeretur
3389 1851 3587 1909 dicere
3602 1847 3773 1919 quod

2110 1954 2349 2012 nolebat
2370 1950 2642 2009 veritatis
2664 1946 2984 2018 etjustitiaa
2999 1941 3414 2010 testimonium,
3433 1936 3769 2010 respondit,

2114 2058 2176 2101 se
2204 2057 2318 2099 non
2345 2040 2577 2098 venisse
2620 2042 2684 2094 ut
2717 2037 2972 2093 deferret
3005 2033 3094 2090 eis
3124 2030 3396 2088 veritatis
3425 2031 3488 2084 et
3510 2025 3774 2097 justitia

2115 2129 2536 2199 testimonium,
2591 2127 2695 2183 sed
2732 2130 2792 2182 ut
2844 2121 3167 2180 voluntatis
3198 2132 3400 2175 eorum
3450 2115 3540 2172 eis
3571 2114 3671 2186 qui
3706 2126 3777 2169 se

2118 2221 2398 2277 miserant
2427 2218 2678 2274 referret
2709 2227 3032 2271 assensum.
3067 2210 3276 2279 Sicque
3326 2206 3559 2261 inactus
3590 2201 3778 2260 rediit

2121 2309 2412 2366 Leodium.
2443 2304 2713 2364 Wiredus
2741 2303 2882 2359 licet
2912 2299 3205 2358 sollicitus
3234 2298 3507 2352 fraternae
3535 2295 3781 2350 contra-

2122 2398 2417 2468 dictionis,
2451 2395 2635 2464 magis
2676 2396 2871 2449 autem
2921 2389 3196 2447 curiosus
3224 2382 3781 2458 quomodocumque

2124 2486 2443 2544 retinendae
2467 2481 2844 2557 praelationis,
2867 2476 3152 2535 Lamberti
3180 2471 3445 2547 praedicti
3462 2480 3790 2527 consecra-

2122 2576 2266 2634 tioni
2300 2573 2537 2645 agendae
2570 2571 2723 2629 ultro
2755 2583 2816 2627 se
2852 2564 3285 2624 consecrandus
3319 2558 3582 2630 ingessit.
3614 2557 3793 2613 Lam-

2122 2644 2467 2723 bertusinon
2502 2660 2683 2718 multo
2715 2662 2848 2730 post
2880 2655 3269 2725 redarguente
3298 2664 3360 2705 se
3404 2644 3790 2704 conscientia

2125 2753 2416 2811 abbatiam
2441 2750 2828 2807 Florinensem
2855 2747 3063 2818 sponte
3086 2739 3366 2799 deseruit.
3393 2734 3666 2793 Wiredus
3683 2747 3799 2791 as-

2125 2846 2359 2914 sumpto
2389 2855 2584 2898 secum
2610 2839 2820 2895 iterum
2844 2831 3156 2891 Frederico
3181 2826 3501 2901 praeposito
3524 2822 3800 2894 Andagi-

2127 2946 2261 2988 num
2295 2929 2471 2998 venit,
2507 2924 2949 2994 diutissimeque
2983 2923 3240 2992 sperata,
3264 2915 3370 2974 sed
3408 2917 3617 2985 negata
3649 2925 3802 2984 pro-

2126 3019 2392 3076 cessione
2423 3015 2733 3073 ecclesiam
2763 3010 3008 3069 introiit.
3031 3006 3305 3078 lnjuriam
3328 3004 3501 3074 hujus
3522 2999 3802 3057 aversio-

2129 3109 2219 3165 nis
2245 3122 2358 3163 non
2380 3106 2565 3163 solum
2591 3103 2701 3160 sibi
2736 3094 3207 3173 injuriosam,sed
3227 3097 3285 3152 et
3318 3093 3565 3149 Otberto
3594 3087 3805 3145 eccle.

2132 3198 2351 3267 sizeque
2373 3193 2676 3252 Leodiensi
2698 3192 2753 3247 in
2774 3189 3009 3262 publico
3033 3188 3278 3242 fratrum
3297 3184 3609 3247 conventu,
3638 3190 3801 3250 pra-

2133 3291 2296 3343 sente
2329 3284 2500 3339 immo
2531 3280 2868 3350 indignante
2900 3274 3207 3332 Frederico
3234 3272 3619 3340 conquestus,
3653 3278 3796 3321 cum

2133 3390 2202 3432 eo
2225 3372 2497 3429 Leodium
2520 3369 2716 3439 rediit,
2742 3366 2953 3423 ibidem
2977 3364 3088 3421 hoc
3117 3363 3303 3433 ipsum
3326 3360 3794 3428 conquesturus.

2135 3465 2205 3520 Et
2228 3462 2363 3534 quia
2384 3466 2524 3517 tunc
2543 3454 3120 3530 temporisjustitiam
3135 3447 3498 3522 deprimebat
3517 3446 3796 3534 potestas

2137 3557 2197 3608 et
2226 3532 2506 3606 rationem
2540 3546 2835 3615 voluntas,
2866 3542 3099 3615 quidam
3127 3554 3199 3597 ex
3230 3536 3510 3594 fratribus
3539 3532 3797 3589 inferen-

2140 3640 2269 3696 dam
2293 3637 2404 3695 sibi
2446 3635 2783 3692 violentiam
2829 3632 3173 3698 timuerunt,
3192 3630 3249 3683 et
3275 3640 3349 3681 ex
3370 3623 3457 3680 eis
3478 3621 3683 3678 decem
3717 3618 3799 3674 si-

2144 3727 2260 3784 mul
2289 3728 2344 3781 in
2369 3740 2477 3782 una
2501 3724 2593 3779 die
2617 3723 2903 3779 abeuntes
2925 3734 3031 3791 per
3052 3716 3237 3774 cellas
3256 3713 3650 3770 diverterunt.
3669 3706 3800 3763 Hiis

2144 3815 2305 3889 quasi
2323 3817 2674 3870 exoneratus
2697 3809 2815 3880 jam
2847 3806 3115 3865 securior
3147 3804 3318 3859 immo
3337 3798 3587 3858 ferocior
3605 3795 3803 3852 Wire-

2144 3884 2254 3962 dus
2284 3901 2480 3970 rediit,
2506 3898 2861 3968 nimiumque
2882 3894 3230 3953 ambitiosus
3244 3889 3499 3962 propria:
3526 3884 3799 3942 domina-

2146 3992 2389 4049 tioniset
2412 3988 2646 4046 omnino
2670 3983 3011 4043 incredulus
3041 3983 3313 4038 fraternae
3334 3971 3799 4051 procurationis,

2145 4077 2584 4137 ecclesiasticas
2615 4073 3090 4147 dispensationes
3112 4070 3223 4127 sub
3245 4081 3309 4125 se
3336 4064 3467 4122 solo
3491 4061 3803 4137 provisere

2147 4167 2438 4226 commisit
2469 4165 2655 4222 laicis.
2692 4164 2786 4220 Sic
2825 4176 2967 4232 ergo
2998 4160 3121 4232 ipse
3148 4155 3366 4215 laboris
3396 4152 3714 4225 impatiens
3743 4151 3807 4205 et

2148 4257 2303 4314 domi
2335 4254 2777 4326 conquiescens,
2812 4250 2947 4307 dum
2976 4262 3087 4304 non
3121 4244 3219 4302 Dei
3264 4242 3369 4300 sed
3398 4254 3503 4298 sua
3538 4250 3807 4309 (ψει-θη-

2148 4348 2310 4405 tibus
2334 4323 2518 4414 magis
2541 4355 2710 4414 quam
2732 4338 3013 4395 fratribus
3032 4330 3507 4406 diapensationes
3526 4323 3807 4414 ecclesia-

396 4438 427 4481 ³
458 4437 747 4495 quoquam
796 4421 1047 4493 amplius
1079 4421 1245 4478 ﬁeret
1293 4421 1578 4478 Ηθηνίουδ
1637 4422 2036 4493 ρι’ωάθοθεεοΐ
2064 4396 2119 4458 D
2148 4436 2331 4494 sticas
2347 4396 2639 4491 crederet.
2655 4429 2958 4500 coeperunt
2983 4396 3144 4480 nullo
3173 4412 3812 4494 procurantesationes

398 4511 525 4583 ejus
549 4511 1058 4568 interdixeratsub
1075 4514 1356 4582 perpetuo
1379 4511 1777 4577 anathemate;
1802 4524 2041 4581 respon-

400 4603 575 4658 dente
598 4600 843 4657 Otberto
866 4615 979 4656 non
1000 4599 1170 4657 modo
1191 4613 1323 4656 esse
1359 4603 1587 4671 tempus
1618 4598 1789 4656 istius
1821 4598 2044 4655 discus-

2154 4522 2444 4596 dcperire,
2463 4515 2842 4576 dominicales
2867 4512 3336 4570 mansionescum
3350 4503 3584 4561 horreis
3607 4514 3808 4570 ruere,

2155 4593 2612 4671 assentientibus
2626 4603 2961 4661 infidelibus
2975 4597 3261 4657 ministris
3274 4593 3549 4651 eteodem
3563 4603 3812 4647 assensu

401 4690 582 4747 sionis
615 4689 874 4760 agendae,
908 4688 1389 4759 dissimulataque
1415 4686 1625 4744 callide
1648 4687 2046 4758 indignatione
2157 4716 2221 4759 3o
2246 4695 2753 4772 ipsouoooubos,
2784 4689 3115 4749 omnimodo
3146 4682 3413 4743 advocati
3440 4690 3686 4751 regnare
3720 4691 3818 4734 ευ.

403 4778 750 4846 invectionis
784 4786 896 4834 tam
931 4777 1164 4848 subitae,
1201 4776 1356 4832 illam
1387 4790 1548 4833 suam
1581 4776 2044 4833 benedictionem

2158 4763 2584 4863 per-pauperes
2607 4779 2895 4850 ecclesia,
2927 4776 3219 4848 legitimas
3233 4766 3693 4830 consuetudines
3714 4763 3818 4820 de-

402 4866 516 4939 iam
541 4867 704 4939 quasi
729 4865 1708 4923 ηοιθῐηί(Ῐθίίδθνθδθιδυὺινεῧθνθα
1726 4864 2050 4934 Statimque
2158 4852 2349 4935 tortas
2371 4852 2443 4932 ad
2458 4872 2737 4945 placitum
2753 4882 2923 4926 suum
2940 4866 3265 4933 demutare,
3288 4852 3817 4918 obsoniaindebita

407 4957 553 5014 bene
566 4955 842 5013 conscius
863 4953 990 5025 ejus
1017 4954 1406 5011 animositatis
1436 4953 1509 5010 ad
1533 4967 1652 5009 rem
1669 4953 1822 5009 inter
1835 4956 2055 5008 utrum-

409 5059 521 5115 que
536 5042 994 5116 componendam
1030 5044 1389 5113 Berengerus
1421 5041 1751 5113 subintulit,
1788 5039 2057 5097 benedic-

405 5132 758 5189 tionemnon
782 5145 917 5188 esse
950 5129 1202 5201 Otberti,
1235 5129 1337 5187 sed
1363 5130 1493 5197 Dei;
1524 5144 1655 5187 cum
1683 5132 1923 5186 econtra
1947 5130 2055 5185 Do-

413 5221 602 5278 minus
630 5235 733 5293 per
762 5218 1098 5277 Malachiam
1133 5219 1287 5276 dicat
1313 5218 1385 5275 de
1412 5218 1824 5276 sacerdotibus
1856 5215 2057 5289 displi-

410 5308 683 5368 centibus
713 5311 854 5369 sibi:
895 5308 1262 5368 Maledicam
1312 5305 1812 5366 benedictionibus
1840 5306 2059 5364 vestris

2163 4966 2400 5037 exigere
2429 4942 2488 5020 et
2514 4961 2672 5031 leges
2698 4955 3056 5017 voluntarias
3078 4952 3363 5009 adversus
3390 4943 3704 5004 ecclesiam
3735 4942 3823 4997 in-

2164 5030 2901 5127 gravare,constitutiones
2917 5057 3057 5102 suas
3070 5039 3296 5099 exactis
3307 5051 3405 5094 sca
3414 5035 3684 5092 binorum
3699 5030 3827 5087 vio-

2165 5119 2616 5212 lenterjudiciis
2646 5138 2701 5192 in
2746 5139 3046 5208 posterum
3092 5131 3342 5197 firmare,
3376 5119 3825 5196 deprecatorias

2163 5232 2450 5292 violenter
2481 5224 2839 5299 quaestiones
2870 5231 3246 5291 exaggerare.

2012 5390 2214 5450 NOTIE

490 5498 641 5571 (l9!)
690 5498 797 5563 Qui
832 5499 910 5552 tu:

425 5572 517 5630 ste
548 5565 910 5630 Ekkebardo.

622 5499 641 5569 )
690 5495 797 5569 Qui
832 5493 1306 5569 tuncohiogontiaa
1333 5492 1689 5566 colloquium
1721 5490 1941 5563 habuit,
1971 5492 2058 5546 te-

2257 5484 2407 5557 (192)
2445 5484 2560 5539 Hoc
2590 5477 2863 5557 convenit
2896 5489 2948 5532 a.
2988 5476 3141 5535 1098.

2269 5555 2419 5630 (193)
2453 5557 2590 5628 Cap.
2620 5555 2705 5612 ua.
