3960 6044
152 181 308 243 1441

1128 174 1609 241 CHRONICON
1653 174 1721 236 S.
1768 170 2139 235 HUBERTI
2177 172 2575 237 ANDAGIN.

3404 173 3559 236 1442

221 336 311 389 90.
330 330 504 403 (114.)
526 332 753 387 Interea
777 329 1191 400 indignabatur
1211 328 1601 385 Theodericus
1634 339 1797 384 suam
1826 306 1882 369 Α
1900 323 2269 395 panitentia
2284 325 2497 383 sciatis
2516 324 2586 382 in
2605 324 2710 383 hoc
2728 336 3046 396 superesse,
3069 326 3142 382 ut
3164 325 3371 383 Jesum
3398 339 3558 397 pra-

154 420 227 477 de
251 422 579 491 Berengero
604 419 958 476 annullatam
990 417 1358 489 electionem,
1381 418 1675 489 coapitque
1704 417 1802 472 ab~

157 509 375 566 batiam
399 522 559 565 suam
599 512 887 580 repetere,
915 521 1084 578 quam
1116 521 1181 562 ea
1234 511 1456 563 tantum
1498 506 1801 563 remiserat

156 597 511 667 conditione,
535 601 598 653 ut
638 597 690 652 ei
724 595 857 651 talis
897 595 1264 666 succederet,
1292 595 1390 666 qui
1440 610 1550 651 non
1575 591 1805 649 Otberti

160 685 449 756 indigeret
479 684 939 744 consecratione.
973 683 1224 741 Consilio
1250 698 1390 754 ergo
1425 682 1706 739 Manassis
1740 679 1807 715 ³⁸³

160 774 473 831 Remorum
498 773 925 845 archiepiscopi
951 779 1007 831 et
1034 773 1309 828 abbatum
1330 771 1426 843 qui
1444 776 1627 827 testes
1640 772 1807 827 erant

162 863 422 935 praafatae
443 862 798 919 conditionis
811 861 1210 931 conﬁrmatus,
1226 876 1299 917 ex
1321 860 1431 916 hoc
1455 858 1807 931 ipsojustam

162 949 459 1022 querelam
484 950 691 1021 agendi
714 951 938 1022 scripto
960 949 1255 1006 mandavit
1277 947 1531 1019 Wiredo,
1563 963 1625 1005 se
1666 948 1810 1004 satis

159 1054 456 1112 superque
498 1040 719 1111 mirari,
755 1038 916 1096 illum
955 1052 1072 1095 tam
1121 1038 1490 1109 impudenter
1546 1039 1812 1110 potuisse

164 1127 290 1184 fieri
332 1132 655 1188 monstrum
697 1133 813 1185 tam
837 1129 1086 1186 diversa;
1117 1127 1633 1199 dissimilitudinis,
1668 1135 1733 1185 ut
1780 1142 1812 1184 a

162 1216 463 1273 sententia
491 1218 660 1288 cujus
681 1217 816 1274 olim
842 1231 1041 1275 secum
1071 1218 1258 1274 fuerat
1282 1216 1603 1273 acerrimus
1625 1230 1815 1273 asser-

165 1309 407 1377 tor,tam
420 1306 539 1363 cito
564 1307 844 1364 exciderit
861 1307 1226 1379 apostaticus
1248 1306 1517 1363 desertor
1534 1349 1548 1374 ,
1565 1305 1813 1378 ideoque

162 1394 384 1452 nullam
428 1394 538 1450 sibi
581 1394 837 1451 debitam
878 1396 935 1451 in
973 1395 1390 1452 ecclesiasticus
1429 1394 1817 1466 dignitatibus

166 1481 588 1554 praelationem,
611 1498 741 1542 cum
763 1483 939 1540 etiam
962 1500 1067 1556 pro
1090 1484 1357 1541 mercede
1398 1484 1570 1554 hujus
1608 1484 1816 1555 iniqui-

166 1570 308 1628 tatis
331 1569 670 1643 apostolicae
693 1572 849 1629 sedis
888 1572 1215 1644 prodiderit
1246 1573 1656 1630 auctoritatem
1684 1593 1696 1629 :
1722 1573 1813 1630 vel

1911 414 2199 484 ceptorem
2208 413 2547 471 reclametis
2559 428 2597 470 a
2611 414 2780 485 longe
2788 414 2864 471 Si
2875 415 3075 470 autem
3077 430 3116 484 g
3124 416 3337 472 loriam
3352 416 3461 473 Dei
3475 430 3564 472 re-

1915 501 2247 572 linquentes
2259 502 2317 559 et
2332 502 2588 559 vestram
2597 502 2950 560 constituere
2968 503 3400 578 volentesjacti
3420 504 3565 562 estis

1915 590 2256 662 apostatici,
2280 604 2471 647 nonne
2488 621 2558 630 —
2575 590 2877 661 siquidem
2897 592 2968 648 de
2981 591 3282 649 similibus
3302 593 3457 649 idem
3477 593 3569 650 est

1906 679 2215 751 judicium
2234 709 2305 719 —
2325 678 2519 751 οπεοιὶ
2537 679 2680 736 estis
2694 679 2955 737 membra
2974 680 3219 751 diaboli,
3236 682 3308 738 ut
3323 683 3388 739 in
3405 681 3565 740 vobis

1907 770 2044 839 jam
2055 768 2326 839 operetur
2335 768 2687 839 mysterium
2697 769 3053 841 iniquitatis
3062 777 3089 826 7
3102 771 3187 828 Et
3199 785 3272 827 ne
3287 771 3566 828 videatur

1918 857 2083 915 vobis
2100 857 2284 914 nimis
2306 858 2608 928 injuriosa
2630 856 2751 915 hac
2775 859 2978 915 nostra
2994 859 3309 931 sententia,
3323 859 3495 917 verbo
3511 860 3573 918 et

1921 947 2184 1018 exemplo
2204 947 2395 1003 vestro
2398 948 2536 1017 jam
2558 946 2666 1003 diu
2681 945 2954 1018 probata,
2968 948 3254 1005 consulite
3274 950 3457 1007 totius
3477 963 3569 1007 ca-

1924 1034 2157 1092 tholica
2203 1034 2680 1093 christianitatis
2719 1036 3016 1107 ecclesias,
3049 1036 3337 1094 consulite
3384 1040 3568 1096 etiam

1920 1124 2150 1181 vestras
2169 1123 2332 1195 apud
2348 1136 2451 1180 vos
2470 1124 2881 1194 conscientias,
2904 1127 3108 1182 utrum
3125 1140 3225 1183 vos
3260 1127 3328 1183 in
3345 1128 3443 1185 liis
3480 1142 3568 1185 co-

1921 1211 2165 1270 natibus
2190 1213 2405 1270 vestris
2434 1226 2633 1271 coram
2658 1214 2777 1269 Deo
2812 1214 2909 1270 vel
2942 1217 3227 1272 excusent
3255 1215 3345 1272 vel
3380 1216 3569 1274 absol-

1923 1302 2086 1358 vant.
2104 1301 2477 1373 thuomodo
2490 1301 2711 1371 defecit
2719 1303 2920 1359 vestra
2928 1303 3123 1361 virtus
3140 1304 3565 1377 etconstantia,

1924 1390 2035 1461 qui
2055 1389 2356 1448 nobiscum
2365 1404 2480 1462 per
2507 1391 2745 1448 eateras
2774 1392 3059 1462 regiones,
3086 1395 3157 1450 ut
3180 1394 3568 1468 videbamini,

1919 1493 2029 1550 pro
2048 1492 2246 1536 amore
2269 1478 2504 1536 C’liristi
2503 1481 2678 1552 passi
2697 1480 3102 1539 mendicitates
3116 1484 3174 1540 et
3187 1486 3383 1542 exilia
3392 1486 3575 1557 quasi

1929 1569 2245 1640 cujusdam
2262 1569 2552 1641 martyrii
2577 1570 2814 1641 palmas
2841 1572 2911 1628 in
2938 1574 3245 1644 conspectu
3272 1574 3575 1634 hominum

165 1658 217 1715 si
239 1673 369 1716 eum
397 1664 460 1718 ut
482 1659 672 1718 minus
697 1660 976 1717 scientem
1017 1676 1122 1717 suo
1170 1660 1403 1718 seduxit
1450 1662 1716 1734 consilio,
1751 1666 1814 1719 ut
1844 1671 1901 1733 Β
1926 1657 2386 1731 pra/erebatis?
2415 1657 2697 1729 quomodo
2742 1658 3184 1718 scandalizezur
3221 1664 3288 1720 in
3313 1666 3574 1723 vestram

167 1764 232 1805 se
252 1749 486 1807 abbatia
503 1765 610 1821 pro
625 1750 836 1806 Christi
862 1750 972 1805 ﬁde
996 1750 1245 1823 privato,
1265 1751 1668 1809 fraudulenter
1690 1751 1819 1822 ejus

168 1839 511 1896 succederet
538 1839 686 1911 loco,
713 1840 770 1895 in
791 1839 1066 1897 condicto
1098 1856 1129 1897 a
1159 1856 1221 1897 se
1242 1840 1507 1899 ecclesiae
1548 1844 1819 1899 Romanas

160 1925 386 1996 judicio
410 1943 483 1984 ex
505 1928 618 1985 hiis
649 1930 919 1986 omnibus
950 1928 1102 1985 inter
1141 1944 1244 1986 eos
1283 1935 1558 1999 ageretur
1600 1929 1825 1988 discus-

164 2015 274 2071 sio.
300 2016 547 2089 Scripsit
570 2022 764 2076 autem
788 2017 841 2073 ei
865 2018 973 2074 hoc
990 2017 1193 2074 modo:
1213 2018 1431 2076 Frater
1459 2020 1827 2093 T.ceterique

145 2104 394 2177 fratres
417 2105 806 2177 dispersionis
822 2106 1079 2164 ecclesia
1090 2105 1243 2164 beati
1255 2106 1427 2165 Petri
1449 2108 1508 2164 et
1528 2107 1686 2167 beati
1700 2110 1827 2173 Hu.

163 2192 319 2251 berti
349 2194 429 2251 W.
453 2195 639 2252 nimis
672 2194 986 2252 ambitioso
1025 2196 1086 2251 et
1108 2196 1552 2253 inconsiderate
1565 2198 1827 2270 gloriam

156 2283 472 2353 propriam
489 2283 804 2354 quarenti,
829 2282 891 2338 et
908 2284 978 2340 in
998 2282 1106 2339 hoc
1123 2284 1253 2354 ipso
1277 2284 1488 2342 contra
1536 2286 1726 2344 Deum
1773 2305 1827 2353 et

161 2370 554 2441 apostolicam
567 2371 759 2428 sedem
753 2370 1113 2443 faventibus
1122 2371 1258 2429 sibi.
1282 2371 1478 2431 Filius
1490 2375 1697 2433 aterni
1706 2377 1826 2435 Pa-

163 2458 281 2515 tris
301 2472 528 2530 semper
543 2459 862 2517 coaternus
879 2460 940 2517 et
952 2462 1271 2533 coaqualis
1292 2462 1348 2519 ei
1362 2463 1428 2519 in
1445 2464 1680 2521 unitate
1688 2465 1827 2537 Spi-

167 2545 334 2604 ritus
348 2549 565 2618 sancti,
601 2563 718 2604 non
752 2550 1035 2620 rapinam
1056 2549 1397 2608 arbitratus
1433 2566 1496 2609 se
1540 2554 1830 2624 aqualem

170 2634 317 2706 Deo,
352 2637 732 2708 semetipsum
776 2638 1138 2709 eainanivit,
1171 2637 1233 2695 et
1282 2641 1591 2714 assumpta
1617 2643 1830 2715 forma

171 2724 333 2781 servi
350 2724 482 2781 sine
502 2724 838 2782 conditione
865 2726 1094 2797 servili,
1131 2725 1397 2784 oblatum
1433 2728 1552 2786 sibi
1580 2743 1831 2800 regnum

174 2809 466 2882 fugiendo
483 2813 790 2870 recusavit
804 2813 866 2868 et
880 2827 1111 2871 crucem
1129 2813 1247 2871 sibi
1281 2813 1565 2887 bajulans
1582 2817 1665 2874 ad
1680 2833 1833 2876 mor-

176 2899 294 2957 tem
301 2914 419 2972 pro
438 2900 606 2960 nobis
624 2902 785 2959 ultro
813 2901 1128 2973 descendit,
1152 2917 1331 2976 seque
1343 2906 1507 2963 viam
1528 2906 1834 2967 humilita-

180 2988 263 3046 tis
274 3002 389 3046 non
400 2990 1835 3062 arrogantiaconstituitimitatoribussuistem
1864 3030 1914 3093 Ο

178 3091 501 3150 resurgens
520 3093 559 3136 a
576 3080 832 3136 mortuis
850 3081 918 3137 in
940 3080 1105 3137 trina
1120 3083 1485 3155 confessione
1497 3083 1836 3145 dilectionis

181 3179 307 3223 sua
325 3179 476 3238 oves,
494 3181 647 3240 quas
666 3169 960 3238 sanguine
977 3183 1083 3226 suo
1096 3170 1446 3243 redemerat,
1472 3174 1651 3230 Petro
1670 3189 1832 3232 com-

181 3255 372 3312 misit.
401 3255 616 3313 Petrus
636 3270 771 3313 cum
789 3257 939 3314 data
957 3256 1075 3315 sibi
1088 3259 1380 3329 potestate
1400 3261 1638 3333 ligandi
1658 3264 1834 3322 etsol-

183 3343 361 3400 vendi
378 3344 642 3401 eamdem
661 3345 1079 3403 auctoritatem
1098 3347 1158 3404 et
1171 3362 1379 3405 curam
1396 3351 1527 3407 sedi
1559 3353 1836 3412 Romana

185 3432 458 3504 reliquit.
480 3433 728 3492 Constat
745 3449 881 3506 ergo
905 3436 1507 3512 Uuristorepugnare,
1532 3444 1836 3504 ecclesias-

192 3521 321 3578 tica
350 3522 701 3581 auctoritati
724 3523 784 3581 et
807 3525 1143 3597 apostolica
1189 3527 1318 3584 sedi
1346 3542 1466 3586 non
1500 3529 1755 3603 obedire,
1782 3532 1840 3589 et

192 3621 287 3666 eos
307 3610 537 3668 aterna
554 3612 767 3669 mortis
785 3613 1015 3670 diluvio
1034 3614 1275 3683 involvi,
1302 3616 1410 3685 qui
1441 3619 1616 3675 eatra
1635 3633 1842 3677 arcam

193 3697 503 3755 catholica
530 3700 791 3757 unitatis
805 3700 1309 3773 fuerintreperti.
1344 3704 1436 3761 Ad
1471 3705 1628 3764 lianc
1661 3708 1844 3780 ﬁdem

198 3784 509 3843 tenendam
528 3787 773 3844 domnus
791 3789 1162 3860 Berengerus
1182 3804 1313 3847 cum
1335 3792 1464 3849 suis
1489 3794 1691 3851 vestra
1710 3810 1846 3867 quo-

197 3888 313 3947 que
330 3873 642 3932 industria
655 3874 877 3932 doctior
887 3878 942 3933 et
946 3878 1286 3948 ferventior
1306 3880 1647 3953 ceteris,nos
1668 3885 1850 3956 quasi

196 3962 594 4035 simpliciores
615 3965 673 4020 et
691 3964 989 4023 tardiores
1016 3968 1392 4040 infamarit,
1409 3970 1491 4026 ad
1509 3972 1642 4042 ejus
1653 3972 1852 4045 defen-

1934 1747 2302 1819 apostasiam
2312 1745 2379 1803 in
2388 1745 2518 1803 suis
2533 1746 3233 1806 locis?Scandalizantur
3243 1753 3310 1808 in
3319 1753 3482 1811 vobis
3498 1767 3578 1812 se-

1935 1836 2035 1893 des
2049 1836 2371 1905 Remensis,
2388 1834 2821 1906 Laudunensis,
2835 1835 3138 1908 Metensis,
3168 1839 3573 1916 Virdunensis,

1942 1924 2258 1995 Tullensis,
2279 1936 2411 1994 qua
2429 1921 2590 1980 vobis
2604 1925 3080 1994 praconantibus
3102 1927 3381 1987 dolebant
3396 1934 3580 1992 omni-

1935 2028 2030 2084 no,
2045 2012 2151 2070 sed
2159 2012 2357 2069 adhuc
2368 2011 2566 2068 dolent
2577 2011 3065 2070 decolorationem
3074 2018 3374 2086 quondam
3389 2022 3582 2093 splen-

1937 2102 2270 2160 didissima
2280 2100 2342 2157 et
2350 2099 2819 2171 religiosissima
2838 2102 3094 2161 ecclesia
3115 2106 3583 2181 Leodiensis,sed

1938 2192 1996 2249 et
2013 2191 2230 2248 nostra
2245 2187 2838 2261 AndaginensisSed
2847 2191 3022 2248 etille
3030 2194 3343 2254 modernus
3353 2199 3485 2268 ejus
3494 2214 3580 2257 se-

1940 2282 2035 2339 dis
2055 2279 2447 2351 angelus,non
2469 2277 2607 2335 bene
2633 2278 2825 2335 nostri
2844 2281 3162 2353 sollicitus,
3177 2285 3473 2344 instinctu
3488 2302 3582 2346 ve-

1936 2373 2061 2431 stro
2071 2368 2603 2439 srcipsitRemensi
2613 2380 2798 2439 nuper
2810 2368 3587 2443 archiepiscopo,utclaude-

1936 2461 2034 2520 ret
2047 2458 2217 2516 nobis
2242 2456 2453 2528 aperta
2470 2455 2705 2513 viscera
2726 2470 2851 2514 sua
2868 2458 3237 2529 caritatis,et
3239 2463 3590 2532 prohiberet

1938 2562 2044 2608 nos
2061 2545 2332 2620 aﬂnibus
2350 2545 2480 2603 suis
2492 2546 2551 2601 et
2559 2544 2902 2603 constitutis
2913 2548 3077 2618 apud
3093 2548 3190 2618 sej
3193 2550 3347 2608 ustis
3356 2567 3587 2623 posses-

1939 2636 2209 2696 sionibus
2219 2634 2673 2705 nostris.Neq-ue
2691 2634 2843 2691 certe
2853 2635 3008 2693 satis
3011 2637 3368 2709 fuitgloria
3381 2643 3588 2701 vestra

1943 2725 2379 2785 ecclesiasticas
2394 2738 2687 2796 personas
2709 2723 2778 2781 in
2796 2738 2901 2783 nos
2923 2728 3465 2802 commovisse,quot
3496 2734 3589 2789 ut-

1941 2813 2399 2887 cmnquefuerit
2421 2812 2761 2883 tolerabile;
2780 2812 2883 2869 sed
2901 2813 2957 2869 et
2965 2815 3252 2873 conducta
3250 2822 3591 2889 prasentia

1941 2905 2151 2963 vestra
2171 2902 2556 2973 quamplures
2578 2901 2959 2959 sacularium
2980 2903 3374 2975 tyrannorum
3388 2909 3472 2965 ad
3483 2923 3590 2969 nos

1943 2992 2356 3051 insectandum
2367 2989 2633 3062 pramiis
2653 2991 3203 3062 etpromissionibus
3219 2999 3594 3071 armastis,et

1944 3083 2154 3142 contra
2180 3081 2522 3139 sanctorum.
2549 3093 2839 3136 canonum
2856 3080 3090 3139 decreta
3110 3096 3148 3140 a
3164 3084 3191 3137 ἰ
3214 3086 3590 3145 audientiam

1946 3185 2145 3229 eorum
2164 3183 2270 3227 nos
2291 3168 2579 3226 violenter
2591 3169 2883 3240 coegistis.
2897 3169 3011 3235 Qui
3029 3170 3097 3227 in
3106 3185 3212 3229 nos
3221 3173 3376 3232 satis
3385 3176 3593 3235 numa-

1942 3259 2143 3319 niores
2170 3257 2429 3316 caritate
2448 3258 2670 3329 vestra,
2685 3271 2817 3315 cum
2837 3258 3260 3332 intelligerent,
3276 3263 3598 3323 immacum

1942 3348 2317 3407 mirarentur
2327 3360 2432 3405 nos
2444 3346 2510 3380 ³³⁸
2524 3361 2563 3404 a
2570 3347 2766 3419 priori
2777 3348 3077 3406 sententia
3086 3349 3366 3410 veritatis
3379 3352 3605 3412 dissen.

1944 3436 2526 3511 tire,ealiorruerunt
2551 3436 2709 3493 inter
2736 3450 2843 3494 nos
2865 3437 3129 3495 tractare
3148 3440 3309 3509 quod
3324 3443 3597 3513 nonfera.

1946 3544 2145 3590 eorum
2144 3526 2447 3600 judicare.
2464 3523 2650 3584 Nobis
2660 3524 2860 3602 autem
2871 3526 3248 3584 audientiam
3257 3520 3603 3586 velRemint

1948 3622 2035 3679 sis
2055 3618 2155 3675 vel
2163 3615 2580 3674 Laudunensis
2596 3614 3350 3687 ecclesiareclamantibus,
3360 3618 3600 3676 tandem

1952 3708 2152 3766 Remis
2172 3705 2564 3774 convenimus,
2580 3702 2783 3775 ibique
2802 3718 2935 3762 cum
2969 3703 3253 3763 Manasse
3272 3706 3601 3779 archiepis-

1954 3808 2089 3867 copo
2106 3793 2575 3863 Engelramnum
2596 3791 3041 3849 Laudunensem
3058 3793 3391 3865 episcopum
3399 3795 3602 3866 pridie

1957 3886 2145 3942 ROma
2152 3892 2483 3951 regressum
2494 3879 2917 3935 invenimuszin
2928 3880 3244 3938 audientia
3254 3895 3453 3940 eorum
3465 3883 3604 3940 dato

1957 3970 2128 4030 nobis
2160 3967 2227 4002 “‘
2257 3969 2375 4025 loco
2402 3981 2501 4024 vos
2527 3965 2905 4037 defendendi,
2927 3966 3095 4025 nobis
3123 3969 3323 4025 autem
3355 3970 3603 4027 libenter

200 4053 423 4110 sionem
442 4052 625 4111 etiam
643 4067 775 4111 cum
800 4056 1074 4127 periculo
1102 4057 1240 4113 vita
1258 4057 1474 4115 nostra
1521 4061 1854 4133 exemplum
1963 4055 2409 4119 concedentibus
2424 4054 2649 4126 placito
2660 4053 2850 4111 vestro
2874 4054 3092 4127 cedere,
3111 4056 3397 4131 nobisque
3417 4056 3482 4091 ¹³⁸
3508 4072 3605 4115 su-

202 4146 461 4199 vestrum
481 4142 764 4199 armavit.
796 4144 1086 4209 Quomodo
1104 4159 1238 4217 ergo
1249 4145 1418 4202 verbo
1437 4147 1551 4204 Dei
1570 4150 1857 4210 inimicus
1968 4149 2144 4218 besse,
2166 4147 2223 4203 si
2250 4144 2561 4216 salvaflde
2575 4142 2965 4214 judicaretur
2981 4143 3150 4202 nobis
3171 4146 3238 4202 id
3251 4146 3390 4216 ﬂeri
3406 4160 3604 4219 posse.

205 4229 373 4287 homo
412 4233 911 4303 superseminavit
953 4234 1232 4292 zizania?
1267 4235 1557 4299 Quomodo
1601 4239 1670 4295 in
1710 4254 1857 4313 agro
1965 4238 2156 4298 Scitis
2177 4232 3501 4307 certe,quojudiciouterquepontifeacausam
3515 4249 3610 4294 ve-

205 4319 404 4377 cordis
429 4320 617 4378 vestri
634 4323 1193 4394 germinavitspina
1215 4326 1272 4380 et
1294 4324 1556 4383 tributus
1577 4327 1750 4386 tanta
1768 4331 1861 4387 in-
1967 4320 2995 4391 stramconcluserit,videlicetnulto
3010 4323 3178 4380 modo
3194 4325 3611 4395 competerevo-

208 4408 559 4467 constantia
577 4412 636 4466 et
672 4408 1198 4469 dissimilitudinis
1212 4420 1239 4469 7
1256 4411 1641 4474 Monstruosa
1677 4418 1861 4488 plane
1888 4397 1942 4458 D
1973 4417 2064 4475 bis
2081 4414 2176 4472 vel
2182 4425 2390 4471 nomen
2408 4410 2500 4467 vel
2508 4410 2763 4481 oﬁcium
2782 4409 3167 4482 abbatis,nisi
3190 4414 3456 4470 Romana
3474 4427 3613 4472 auc-

209 4498 443 4555 constat
457 4498 893 4557 dissimilitudo
913 4500 973 4556 et
988 4502 1222 4558 omn-ina
1250 4501 1623 4562 detestabilis
1661 4519 1862 4564 coram
1974 4505 2188 4563 toritas
2208 4502 2275 4559 id
2299 4499 2645 4572 specialiter
2666 4497 2898 4557 rationi
2917 4501 3125 4558 vestra
3143 4501 3611 4575 adjudicaverit,

210 4586 351 4657 Deo,
384 4588 549 4658 apud
574 4603 749 4659 quem
767 4590 942 4647 nulla
960 4591 1053 4647 est
1076 4590 1508 4649 transmutatio
1545 4607 1651 4652 nec
1686 4596 1863 4655 vicis-

211 4675 503 4733 situdinis
549 4676 937 4749 obumbratio,
959 4680 1032 4735 ut
1063 4679 1283 4750 quibus
1320 4682 1718 4741 assertoribus
1748 4686 1864 4756 ﬂr-

210 4766 379 4822 mata
398 4765 490 4822 est
503 4767 805 4824 sententia
839 4782 1022 4838 quam
1060 4769 1571 4840 tenemus,eisdem
1611 4773 1865 4833 deserto-

212 4851 402 4923 ribus,
426 4854 721 4926 quantum
738 4856 806 4912 in
822 4857 977 4928 ipsis
994 4857 1098 4928 est,
1120 4858 1431 4930 inﬁrmata
1442 4862 1852 4931 pervertatur.

213 4942 289 5000 Si
317 4944 476 5001 enim
492 4945 632 5016 post
655 4945 736 5001 tot
762 4946 1055 5004 ventilata
1072 4946 1215 5014 fidei
1234 4946 1584 5005 christiana
1606 4950 1863 5009 testimo-

216 5030 343 5102 nia,
368 5033 440 5089 ut
457 5034 516 5090 et
530 5046 636 5092 nos
659 5035 717 5091 et
727 5048 827 5091 vos
846 5036 951 5093 sed
958 5034 1445 5106 uceretis,contra
1471 5037 1661 5094 Deum
1678 5041 1864 5099 sensi-

216 5120 349 5191 stis,
375 5122 609 5179 omnino
618 5122 967 5196 probamini
986 5124 1271 5196 haretici,
1297 5124 1358 5181 et
1379 5124 1509 5182 ideo
1528 5126 1595 5183 in
1615 5128 1864 5188 ecclesia

219 5208 332 5267 Dei
342 5210 663 5270 secundum
688 5225 890 5271 sacros
928 5225 1177 5271 canones
1208 5213 1443 5271 nullius
1464 5215 1865 5286 promotionis

220 5299 318 5358 vel
332 5301 719 5365 auctoritatis
736 5302 999 5365 labendi
1013 5306 1491 5381 estis,sol¢imque
1499 5305 1663 5367 vobis
1676 5310 1865 5369 locum

1974 4594 2084 4653 aut
2096 4587 2615 4665 legationeveraci,
2626 4587 2842 4646 delatis
2852 4589 2993 4645 inde
3001 4590 3265 4660 signatis
3279 4591 3617 4661 litteris,vo-

1976 4684 2067 4741 bis
2081 4676 2544 4753 conﬁrmaverit.
2570 4677 2898 4735 Precamu/r
2914 4691 3070 4749 ergo,
3085 4691 3382 4737 monemus
3397 4680 3456 4735 et
3466 4678 3618 4735 obte.

1972 4774 2206 4832 stamur
2235 4768 2343 4827 sub
2363 4766 2750 4826 obtestatione
2770 4766 2831 4823 et
2848 4766 3084 4839 judicio
3125 4767 3322 4825 divini
3356 4767 3619 4826 nominis

1969 4877 2076 4936 per
2115 4859 2537 4920 auctoritatem
2565 4868 2898 4915 concessam
2938 4855 3100 4913 beato
3147 4857 3326 4914 Petro
3372 4858 3620 4929 ejusque

1971 4950 2310 5027 apostolica
2329 4947 2476 5007 sedi:
2509 4944 2723 5017 utjam
2763 4944 2998 5002 tandem
3029 4945 3358 5019 aliquando
3401 4944 3461 5002 et
3496 4957 3621 5003 ves-

1971 5048 2064 5105 tro
2098 5045 2154 5103 et
2171 5039 2371 5101 nostro
2400 5034 2671 5109 periculo
2707 5035 3051 5107 consulatis,
3077 5040 3138 5095 et
3171 5034 3254 5094 ad
3290 5034 3622 5093 discernen-

1973 5136 2113 5194 dam
2160 5142 2405 5191 causam
2448 5125 2662 5185 vestra
2707 5124 3121 5197 dissensionis,
3140 5122 3145 5125 ’
3165 5124 3472 5183 nobiscum
3519 5138 3626 5183 au-

1973 5224 2215 5282 dientia
2244 5222 2525 5277 Romana
2548 5216 2616 5274 in
2637 5214 2882 5273 venturo
2882 5214 3045 5287 festo
3071 5214 3342 5272 Simonis
3372 5213 3429 5271 et
3451 5213 3626 5273 Juda

1970 5327 2072 5372 vos
2089 5307 2480 5389 prasentetis,
2495 5318 2737 5379 nosque,
2751 5305 2821 5363 ut
2827 5302 3066 5376 justum
3084 5302 3190 5375 est,
3210 5315 3286 5361 ea
3302 5302 3625 5379 stipendiis

1593 5415 1831 5475 VARIE
1861 5417 2266 5477 LECTIONES.

298 5521 368 5560 ¹³³
392 5525 488 5589 ita
511 5525 733 5604 scripsi
753 5541 864 5604 pro
891 5527 1200 5605 Raginoldi
1214 5549 1239 5605 ,-
1264 5530 1322 5591 is
1350 5533 1511 5595 enim
1535 5532 1810 5597 mortuus
1837 5534 1976 5597 erat
2007 5534 2070 5596 et
2087 5533 2403 5597 Manassae
2415 5529 2559 5605 jam
2582 5539 2640 5589 ο.
2674 5529 2743 5586 83
2772 5529 3276 5594 commemoratur.
3353 5527 3423 5567 ¹³⁴
3447 5527 3544 5592 ita
3573 5532 3623 5595 1.
