3948 6070
414 192 569 261 1443

1399 191 1878 260 CHRONICON
1921 197 1988 258 S.
2036 192 2406 258 HUBERTI
2448 194 2845 261 ANDAGIN.

3692 170 3911 262 1444‘

409 351 668 410 ecclesia
684 349 905 408 matris
932 350 1150 407 nostra
1169 362 1301 421 qua
1323 349 1486 408 vobis
1512 349 1842 419 abundant,
1875 347 2063 407 vobis-
2089 330 2148 391 Α
2178 347 2411 406 lavisse.
2437 350 2577 406 Hinc
2600 351 2754 407 inter
2777 356 3057 422 utrosque
3096 350 3176 409 ira
3215 356 3274 408 et
3315 351 3652 424 indignatio
3714 354 3863 412 hinc

412 458 544 503 cum
571 440 639 474 ί³⁸
662 440 988 510 deducatis,
1013 440 1109 495 vel
1127 441 1439 496 concedere
1458 441 1790 510 dignemini
1806 441 1961 496 unde
1982 440 2064 495 ad

409 532 672 590 eamdem
693 530 1066 587 audientiam
1077 528 1309 586 statuta
1331 529 1427 583 die
1437 528 1737 598 possimus
1754 542 1965 585 com-en
1974 530 2061 586 ire

407 622 589 678 nobis.
604 621 679 678 Si
699 632 827 674 vero
850 619 1031 674 etiam
1052 632 1183 674 cum
1203 617 1415 673 ceteris
1435 617 1765 687 iniustitiis
1784 631 1937 688 quas
1951 631 2059 688 pa-

407 712 592 768 timur
622 706 857 775 asceis,
882 705 1247 778 stipendium
1273 706 1490 762 matris
1527 706 1740 762 nostra
1776 706 2051 776 ecclesia,

405 799 560 872 quod
571 797 742 855 sciris
762 795 1027 852 nostrum
1046 794 1228 850 sicuti
1250 794 1311 848 et
1323 796 1583 850 oestrum
1605 807 1745 862 esse,
1771 793 1949 866 infra
1965 808 2056 850 re-

407 887 816 948 clamationem
844 882 1169 938 andientia
1198 883 1474 938 Romana
1492 882 1661 938 nobis
1680 882 2050 939 subtraxeri-

408 975 775 1047 tis,credatis
787 986 897 1043 pro
919 972 1073 1028 certo
1094 971 1386 1041 quantum
1410 972 1473 1026 in
1492 971 1662 1027 nobis
1681 972 1786 1040 est,
1802 985 1906 1027 nos
1935 986 2053 1029 non

405 1065 716 1138 defuturos
759 1061 1025 1132 pra/law
1049 1059 1372 1116 audientize
1401 1060 1640 1117 etiamsi
1662 1060 1743 1117 ad
1786 1061 1893 1118 hoc
1921 1075 2050 1117 exe-

403 1153 701 1228 quendum
730 1149 898 1206 nobis
945 1150 1273 1219 quicqnam
1299 1163 1416 1205 non
1442 1149 1789 1220 suppeteret,
1821 1151 1945 1207 nisi
1975 1163 2051 1206 ezc

399 1239 995 1309 mendicitatellujus
1012 1237 1162 1293 modi
1178 1237 1574 1293 evocationem
1588 1238 2048 1295 Wiredusrelec-

403 1338 519 1389 tam
541 1329 767 1402 sprevit
783 1331 841 1382 et
855 1325 1134 1395 neglexit,
1151 1326 1454 1397 noluitque
1473 1328 1713 1383 credere
1731 1327 1882 1397 quod
1902 1328 2046 1383 indi-

401 1421 692 1491 gnabatur
739 1416 961 1471 timere.
993 1415 1323 1471 Morabatur
1364 1415 1549 1472 adhuc
1586 1420 1727 1471 tunc
1759 1416 2043 1487 temporis

404 1510 743 1564 Lambcrtus
767 1505 945 1571 Remi,
976 1507 1184 1560 etcum
1204 1502 1525 1573 didicisset,
1552 1505 1844 1561 referente
1864 1505 2041 1559 Theo-

403 1595 964 1667 derico,incumbere
1004 1607 1075 1647 ex
1112 1592 1435 1662 apostolica
1465 1593 1877 1649 reclamatione
1905 1608 2041 1664 pon-

2172 451 2302 493 cum
2327 439 2644 495 animarum
2672 440 3090 512 periculo,cum
3123 441 3679 500 ecclesiasticarum
3708 460 3863 515 pos-

2169 526 2497 581 sessionum
2525 526 3266 597 dampnointerinteriores
3280 532 3336 585 et
3360 532 3713 588 exteriores
3745 534 3863 587 fra-

2170 616 2291 668 tres
2315 613 2627 683 dissensio,
2649 615 2795 671 adeo
2828 622 2889 672 ut
2923 617 3265 672 Castrenses
3315 617 3485 689 (194),
3520 620 3854 682 Pirenses.

2167 701 2538 759 Sanctienses
2572 702 2720 774 (195)
2752 709 2813 759 et
2844 706 3142 761 Cunenses
3172 705 3405 762 Wiredo
3446 709 3723 765 subesse
3761 711 3853 766 vel

2165 791 2593 849 communicare
2613 793 3034 863 detrectantes,
3051 793 3466 852 Theodericum
3482 811 3640 868 proa
3654 798 3849 854 bbate

2163 880 2493 936 omnimodo
2529 882 2830 937 retineret.
2866 881 3119 948 Quorum
3153 882 3250 938 ille
3284 888 3343 940 ut
3380 889 3623 954 poterat
3669 887 3844 942 solli-

2162 966 2316 1022 citus
2341 969 2660 1038 pendentes
2690 984 2762 1023 ex
2790 984 2895 1025 suo
2919 974 3193 1040 respectu
3216 971 3513 1028 revisebat
3547 975 3845 1045 {requa-

2160 1053 2297 1124 tius,
2331 1056 2532 1126 eisque
2566 1057 2909 1113 cohabitans
2938 1057 3308 1129 hortabatur,
3335 1064 3398 1114 ut
3435 1060 3606 1117 salva
3644 1062 3845 1118 fideli-

2158 1145 2281 1197 tate
2313 1145 2517 1200 matris
2549 1145 2821 1201 ecclesiae
2874 1145 3029 1201 beati
3079 1147 3237 1201 Petri
3281 1153 3340 1203 et
3381 1149 3534 1205 beati
3570 1151 3839 1206 Huberti
3910 1138 3911 1143 “

2157 1230 2301 1286 locis
2334 1232 2458 1287 suis
2492 1234 2546 1287 in
2580 1233 2935 1304 proficiendo
2960 1234 3356 1290 allaborarent
3382 1237 3629 1306 singuli.
3664 1240 3839 1295 Unde

2154 1322 2211 1375 et
2246 1321 2443 1376 Emmo
2476 1322 2828 1392 pi'mpositus
2875 1323 3147 1393 Pirensis,
3186 1330 3386 1395 postea
3438 1342 3586 1382 vero
3644 1328 3839 1384 abbas

2155 1408 2428 1478 coenobii,
2450 1410 2790 1467 Morinensis
2814 1410 3303 1483 (196),ecclesiam
3331 1414 3515 1470 beatae
3540 1414 3760 1470 Mariae
3780 1423 3837 1469 et

2154 1496 2311 1551 beati
2353 1498 2588 1568 Sulpitii
2630 1514 2659 1554 a
2708 1498 2915 1555 domno
2963 1501 3253 1569 Raginero
3305 1500 3372 1533 1³⁸
3399 1506 3666 1573 emptam
3702 1518 3839 1575 per-

2152 1584 2316 1641 duxit
2352 1587 2420 1641 ad
2454 1591 2802 1657 prmsentem
2837 1602 3156 1655 summam;
3192 1591 3555 1659 Castrenses,
3594 1592 3836 1651 Cunen-

402 1679 1551 1753 dustantipericuliWiredoetsubjectis
1566 1682 1704 1749 suis,
1729 1697 1833 1753 pro
1849 1682 2039 1736 fratri-
2067 1688 2121 1748 B
2155 1687 2248 1730 ses
2271 1679 2326 1730 et
2354 1676 2926 1748 Sancticnses,prout
2951 1677 3198 1748 quisque
3225 1678 3433 1749 potuit,
3476 1681 3747 1750 profecit
3776 1683 3833 1737 in

404 1774 513 1829 bus
545 1770 803 1841 graviter
832 1768 1097 1837 indoluit,
1115 1768 1498 1838 eumdemque
1522 1770 1957 1841 Theodericum,
1978 1775 2039 1827 ut

401 1865 525 1917 erat
569 1858 924 1915 tenerrimus
956 1857 1009 1911 in
1044 1857 1293 1925 objectis
1319 1857 1427 1912 sibi
1452 1860 1891 1929 controversiis,
1925 1864 2041 1916 tam

403 1964 505 2020 per
520 1962 582 2004 se
607 1961 774 2018 quam
794 1960 897 2015 per
915 1959 1061 2014 quos
1078 1949 1309 2014 poterat
1338 1945 2048 2016 prudentiores,utconsi-

401 2038 477 2093 lio
515 2041 571 2092 et
597 2034 808 2090 rationi
844 2033 1269 2103 adquiesceret,
1290 2039 1469 2103 utque
1499 2036 1569 2089 ab
1602 2035 1706 2091 hac
1738 2038 2050 2093 commoni-

402 2126 559 2182 tione
592 2127 875 2191 cessaret,
903 2122 1138 2177 allicere
1173 2121 1419 2177 studuit.
1450 2123 1549 2179 Cui
1574 2140 1701 2179 cum
1745 2140 1813 2179 eo
1843 2141 2049 2196 procu-

402 2219 565 2270 rante
581 2215 967 2282 suggererent
984 2210 1169 2279 multi,
1190 2211 1312 2281 ipse
1326 2211 1498 2266 etiam
1516 2213 1809 2269 Manasses
1829 2215 1963 2269 arcli
1976 2215 2050 2271 ie-

407 2305 684 2377 piSCOpUS
705 2315 770 2357 se
794 2300 1101 2357 inclinaret
1124 2300 1255 2355 huic
1278 2302 1897 2370 suggestioni.scilicet
1929 2319 2049 2360 sum

401 2393 620 2451 nullius
651 2405 779 2448 esse
804 2389 1079 2446 utilitatis
1103 2389 1871 2459 velhonestatis,ecclcsiam
1902 2394 2048 2449 tanti

407 2479 677 2550 nominis,
710 2481 887 2533 tantae
911 2475 1197 2546 quondam
1235 2476 1553 2547 religionis,
1590 2480 1674 2535 sic
1721 2481 2051 2537 inconsulte

403 2584 506 2641 per
538 2583 668 2624 eum
703 2564 1056 2621 auctoritate
1099 2564 1416 2635 apostolica
1449 2565 1726 2637 deprimi;
1752 2569 1953 2639 sicque
1991 2569 2054 2623 il-

400 2658 515 2713 lum
540 2671 652 2711 non
686 2654 795 2709 sini
828 2652 1191 2722 designatum
1226 2668 1642 2724 successorem,
1677 2657 1769 2711 vel
1818 2662 1883 2713 ut
1942 2650 2054 2716 sibi

396 2746 709 2803 videbatur
778 2743 1103 2797 invasorem
1173 2756 1293 2796 suae
1352 2744 1639 2811 quondam
1691 2746 2054 2815 przelationis

397 2834 593 2891 acrius
616 2831 868 2902 insequi,
895 2830 1206 2887 convenire
1234 2832 1305 2886 ab
1338 2830 1534 2901 aliquo
1583 2832 1771 2890 locum
1806 2851 1875 2890 ne
1934 2852 2053 2893 om-

398 2924 536 2980 nino
568 2921 979 2978 destrueretur
1009 2919 1183 2989 tueri,
1210 2919 1440 2989 quando
1480 2920 1604 2991 ipse
1650 2923 2051 2983 detestaretur

395 3010 818 3081 subjectionem
849 3008 1109 3064 Otherti:
1140 3010 1373 3064 tandem
1404 3009 1796 3069 Theodericus
1822 3016 2053 3086 acquie-

393 3101 478 3157 vit
502 3098 713 3154 rationi
738 3102 797 3153 et
820 3096 1090 3168 tempori,
1118 3096 1261 3167 adeo
1285 3101 1345 3153 ut
1372 3099 1557 3169 palam
1586 3102 1977 3175 promitteret,
2001 3115 2051 3169 si

392 3187 664 3244 Wiredus
691 3186 801 3242 sibi
849 3178 1331 3255 credere‘vellet,
1369 3192 1634 3257 paratum
1692 3206 1755 3245 se
1797 3206 1927 3247 cum
1979 3209 2050 3250 eo

393 3278 635 3333 Romam
661 3276 764 3346 ire,
792 3280 849 3331 et
882 3289 985 3330 sua
1011 3275 1422 3346 procuratione
1465 3277 1614 3347 apud
1666 3281 2048 3349 apostolicum

390 3364 474 3421 illi
526 3366 766 3422 liberam
816 3364 1109 3421 abbatiam
1160 3364 1542 3421 conclamare.
1597 3369 2048 3426 Promissionem

393 3452 541 3510 hanc
567 3453 944 3510 [audentibus
971 3466 1141 3523 quam
1165 3452 1455 3523 plurimis,
1472 3456 1664 3523 gratia
1688 3457 1859 3527 hujus
1897 3473 2050 3515 com'

389 3543 699 3615 positionis
723 3542 1069 3596 Lambertus
1095 3539 1386 3597 Wiredum
1422 3543 1690 3613 expetiit,
1713 3548 1770 3597 et
1800 3545 1850 3600 ei
1905 3545 2051 3617 prae"

388 3630 604 3687 dictam
630 3630 1058 3685 afl‘eetationem
1082 3643 1219 3698 erga
1243 3629 1554 3687 ecclesiam
1578 3636 1634 3686 et
1652 3648 1780 3688 eum
1804 3625 2048 3705 diligen-

389 3718 554 3787 tium,
584 3717 922 3774 Theoderici
958 3731 1186 3787 quoque
1228 3732 1551 3789 assensum,
1588 3720 1635 3776 si
1676 3720 1758 3775 illi
1801 3723 2045 3781 credere

390 3804 590 3875 vellet,
635 3805 951 3862 nunciavit.
979 3806 1065 3860 Ad
1118 3805 1236 3862 hac
1285 3808 1736 3868 \‘t’iredus:Non
1781 3795 2039 3889 credam,

387 3894 597 3965 inquit,
619 3895 863 3952 inimico
882 3908 1006 3950 meo
1027 3892 1094 3951 in
1115 3895 1414 3964 (sternam,
1439 3910 1629 3966 neque
1648 3899 1779 3956 sine
1793 3914 2045 3959 assensu

393 3985 650 4056 episcOpi
691 3985 808 4040 mei
836 3983 958 4039 allo
986 3984 1153 4039 modo
1182 3983 1335 4040 mihi
1365 3987 1454 4042 est
1476 3987 1723 4043 Romam
1762 3991 2043 4054 eundum.

392 4087 522 4130 cum
529 4073 750 4145 praesto
771 4074 887 4129 sim
908 4087 1105 4129 coram
1122 4086 1183 4128 eo
1204 4087 1333 4129 cum
1355 4073 1706 4132 Theoderico
1728 4078 1929 4134 subire
1940 4082 2045 4150 ju-

389 4161 633 4219 dicium.
660 4161 1068 4232 Respondente
1103 4162 1406 4217 Lamberto
1438 4164 1754 4221 secundum
1787 4167 2040 4237 priorem

380 4255 438 4305 et
472 4264 664 4307 veram
689 4249 903 4305 suimet
928 4249 1114 4319 ipsius
1138 4250 1505 4321 sententiam,
1531 4268 1853 4322 quamcum
1886 4256 2017 4311 Chri

384 4339 459 4395 sti
482 4337 753 4395 ﬁdelibus
781 4339 917 4394 olim
950 4340 1250 4409 tuebatur,
1290 4340 1597 4397 Othertum
1628 4357 1758 4398 esse
1790 4341 2044 4403 nullum'

2156 1763 2516 1820 habitatione
2541 1779 2664 1820 sua.
2693 1764 3010 1821 Occasione
3034 1782 3262 1837 quoque
3294 1767 3469 1836 hujus
3500 1769 3835 1825 dissentio-

2158 1853 2442 1923 nis,D0do
2467 1853 2749 1909 Cunensis
2774 1853 3153 1911 Calvitiacum
3176 1859 3234 1910 et
3257 1856 3675 1913 Flabotvillam
3702 1859 3831 1915 vio-

2157 1939 2347 1997 lenter
2368 1941 2703 2013 intercepit,
2729 1947 2787 1998 et
2821 1943 3047 1999 reditus
3077 1958 3277 2000 earum
3324 1944 3618 2001 fratribus
3650 1946 3827 2002 cella:

2159 2044 2278 2086 suae
2320 2030 2616 2086 deservire
2647 2031 3139 2101 coegit.Wiredus
3172 2033 3397 2089 interea
3436 2035 3823 2090 assentienti-

2160 2119 2268 2174 bus
2291 2118 2401 2174 sibi
2425 2119 2593 2190 quasi
2612 2120 2682 2175 ad
2703 2121 2953 2189 gratiam
2978 2120 3308 2177 fautoribus
3329 2122 3505 2177 immo
3538 2123 3823 2179 seducto-

2160 2207 2321 2263 ribus
2344 2208 2487 2278 suis,
2505 2223 2611 2278 pro
2634 2208 3017 2265 deliramento
3031 2208 3326 2281 desipiens
3342 2212 3671 2282 reputabat
3692 2226 3823 2268 evo—

2159 2296 2445 2352 cationem
2472 2299 2741 2353 Romamn
2765 2298 3096 2369 audientiae,
3119 2313 3288 2369 quam
3310 2299 3723 2357 Theodericus
3744 2303 3822 2356 in-

2162 2384 2388 2440 dixerat
2413 2384 2483 2455 ci,
2518 2384 2651 2455 quia
2681 2391 2744 2441 ut
2764 2386 2993 2443 exulem
3016 2392 3073 2442 ct
3100 2402 3409 2458 pauperem
3442 2389 3616 2445 nullo
3650 2390 3822 2445 modo

2162 2475 2438 2529 credebat
2462 2488 2633 2545 posse
2656 2475 2864 2546 exequi
2896 2490 3023 2546 quae
3063 2476 3373 2532 videbatur
3413 2478 3655 2548 minari,
3691 2494 3823 2535 cum

2164 2578 2275 2619 non
2290 2562 2532 2619 haberet
2547 2564 2871 2620 subsidium
2890 2565 3661 2635 perﬁciendi.'l‘heoderieus
3682 2584 3824 2624 vero
3910 2598 3911 2621 1

2164 2666 2274 2707 non
2300 2652 2597 2708 immemor
2622 2653 2733 2719 sui,
2759 2654 3050 2709 ambiebat
3083 2655 3357 2724 precibus
3387 2670 3534 2725 quos
3566 2662 3827 2713 noverat

2161 2741 2320 2797 viros
2343 2742 2599 2812 virtutis,
2628 2746 2689 2798 ut
2714 2747 3190 2814 compaterentur
3211 2744 3406 2814 sibi,et
3437 2745 3825 2816 porrigerent

2162 2844 2366 2885 manus
2406 2830 2674 2886 caritatis
2714 2833 2785 2887 ad
2834 2832 3232 2902 exequendum
3284 2834 3583 2901 negotium
3643 2835 3826 2904 hujus

2162 2932 2283 2973 suae
2316 2919 2768 2988 procurationis.
2796 2920 2956 2975 Unde
2976 2922 3031 2975 in
3057 2921 3216 2976 brevi
3239 2921 3492 2978 obtinuit
3515 2926 3575 2977 ut
3602 2937 3823 2979 eorum

2163 3005 2471 3074 largitione
2522 3008 2851 3077 acquireret
2901 3006 3228 3065 subsidium
3274 3009 3519 3065 honeste
3570 3012 3823 3067 Romam

2160 3097 2356 3165 eundi,
2393 3101 2812 3168 assumptoque
2851 3098 3235 3167 Heribrando,
3263 3100 3555 3154 U'banum
3599 3114 3820 3171 papam

2162 3186 2313 3257 apud
2353 3187 2739 3242 Beneventum
2755 3192 3207 3243 commorantem
3223 3188 3429 3258 (197-8)
3448 3188 3820 3260 expetiit,ei-

2162 3290 2271 3345 que
2300 3275 2626 3345 hujusmodi
2657 3275 3100 3346 compositionis
3142 3275 3455 3332 clamorem
3506 3277 3820 3334 humiliter

2159 3365 2567 3435 praesentavit:
2599 3352 2857 3419 Domino
2897 3365 2955 3420 et
2996 3364 3332 3422 unica-sali
3367 3379 3539 3436 papa
3575 3366 3817 3422 Urbano

2157 3453 2280 3521 filii
2301 3454 2556 3510 ecclesia
2576 3453 2732 3510 beati
2747 3453 3001 3511 Haterii
3014 3468 3124 3524 pro
3139 3454 3482 3526 defensione
3492 3468 3654 3511 ceree
3661 3456 3814 3527 ﬁdei

2157 3543 2404 3612 ejusque
2432 3542 2689 3613 legitimi
2711 3542 3078 3612 apostolatus
3095 3543 3263 3613 passi
3297 3543 3731 3613 dispersione»:
3751 3545 3811 3599 is

2156 3633 2344 3691 oculis
2356 3634 2467 3690 Dei
2478 3634 2635 3705 quod
2647 3633 2871 3690 dicitur
2882 3647 3006 3689 esse
3017 3674 3030 3688 .
3043 3633 3381 3689 Dormiente
3393 3635 3635 3691 domino
3645 3636 3803 3704 Jesa,

2155 3726 2293 3793 etc.,
2327 3723 2503 3778 Hanc
2531 3722 2832 3793 epistolem
2858 3722 2994 3778 cide
3033 3721 3116 3777 ad
3150 3724 3367 3780 calcem
3414 3723 3805 3794 epistolaris:

2159 3811 2384 3868 mm”;
2414 3812 2502 3915 11‘,
2535 3812 2959 3915 If‘alr'ologitet
2994 3812 3147 3868 CLI.
3260 3901 3269 3911 ι
3365 3904 3409 3915 Π
3450 3904 3461 3915 _
3570 3904 3580 3913 '
3910 3854 3911 3915 ι

2226 3906 2310 3957 91.
2346 3901 2513 3971 (118).
2560 3901 2822 3956 Recitata
2887 3900 2939 3955 in
3000 3901 3308 3972 praesentia
3365 3904 3581 3958 Urbani
3643 3919 3808 3975 papae

2154 3990 2426 4046 clamoris
2450 3989 2740 4061 pagina,et
2767 4004 2797 4043 a
2838 3990 3107 4045 Romanis
3128 3992 3346 4061 szepius
3379 3995 3440 4047 et
3462 3991 3809 4061 diligentius

2153 4080 2456 4147 ventilata,
2484 4079 2752 4134 abbatem
2777 4078 2860 4134 sic
2884 4079 3229 4135 destitutum
3257 4081 3329 4135 ob
3354 4079 3701 4136 ﬁdelitatem
3721 4096 3808 4137 cc-

2152 4168 2347 4224 clesize
2380 4169 2649 4224 Romana:
2672 4167 3189 4237 condoluerunt,et
3212 4168 3529 4235 Wiredum,
3565 4170 3676 4225 nisi
3720 4186 3803 4226 re-

2153 4256 2458 4327 sipisceret
2496 4261 2552 4310 ct
2592 4255 2718 4312 loco
2738 4256 2995 4326 cederet,
3022 4256 3639 4314 cxcommunicandum
3680 4260 3799 4315 sine

2155 4344 2434 4401 dilatione
2457 4345 2863 4401 decreverunt.
2891 4344 3252 4415 Suffragante
3291 4350 3483 4402 autem
3522 4347 3797 4417 Rainero,

381 4433 588 4500 utpote
611 4427 948 4499 apostolicae
982 4428 1137 4484 sedis
1173 4429 1843 4501 adversarium;adjecit
1899 4425 2038 4511 ille;
2070 4439 2124 4503 D
2157 4434 2253 4504 qui
2280 4435 2510 4490 Urbano
2542 4434 2597 4489 in
2648 4433 2988 4504 pontificatu
3035 4434 3340 4504 successit,
3378 4440 3509 4491 tunc
3551 4434 3791 4504 quidem

377 4516 711 4573 necessario
735 4532 840 4587 pro
873 4530 981 4573 suo
1006 4516 1336 4573 habendum
1362 4533 1531 4587 quem
1579 4521 1914 4580 Leodiensis
1945 4540 2043 4584 ec-

376 4604 553 4662 clesia
593 4604 1078 4676 qualemcumque
1104 4611 1411 4677 pateretur
1440 4608 1553 4664 dici
1583 4624 1767 4666 suum.
1798 4613 1919 4669 Hiis
1943 4629 2042 4672 au-

376 4693 517 4750 ditis
540 4693 929 4751 Theodericus
957 4694 1091 4750 tulit
1113 4695 1261 4750 satis
1285 4695 1521 4765 indigne
1550 4699 1783 4756 Wiredo
1808 4716 1870 4757 se
1899 4702 2038 4761 talia

374 4781 701 4853 mandasse,
738 4783 1000 4853 praefatis
1032 4798 1266 4854 quoque
1299 4783 1737 4843 consultoribus
1779 4791 1904 4845 suis
1936 4792 2039 4847 im-

376 4870 711 4944 properavit
747 4871 892 4928 satis
923 4869 1224 4943 injuriose,
1258 4878 1320 4927 et
1349 4887 1451 4928 eos
1483 4873 1620 4930 talia
1671 4878 2035 4936 consulendo

380 4961 559 5019 verba
591 4960 942 5032 perdidisse,
967 4966 1026 5018 et
1047 4976 1111 5019 se
1142 4966 1206 5018 ut
1250 4962 1467 5021 dicitur
1495 4964 1739 5022 crudum
1789 4966 2031 5023 laterem

2132 4790 2358 4857 ,cussio.
2384 4789 2484 4844 lllo
2509 4789 2661 4846 domi
2687 4792 3332 4862 remanente,probatus
3360 4797 3452 4848 est
3476 4792 3645 4862 quasi
3667 4809 3809 4850 con-

2154 4522 2333 4579 dilata
2362 4527 2449 4579 est
2484 4524 2767 4580 sententia
2801 4524 2923 4579 haec
2949 4524 3584 4593 excommunicationis,
3608 4540 3799 4597 usque

2152 4612 2209 4667 in
2257 4612 2411 4669 diem
2443 4612 2595 4669 inter
2629 4617 2908 4683 utrosque
2932 4614 3286 4683 praestituta:
3320 4614 3733 4683 discussionis,
3772 4631 3801 4671 s

2151 4701 2299 4757 forte
2332 4701 2675 4757 adveniente
2707 4702 2940 4758 Wiredo
2978 4703 3197 4758 certior
3228 4701 3396 4758 ﬁeret
3427 4703 3654 4772 agenda
3684 4705 3804 4761 dis-

2145 4879 2304 4936 scius
2350 4878 2538 4951 culpae
2587 4879 2915 4936 condictam
2956 4881 3068 4936 sibi
3108 4881 3464 4938 audientiam
3504 4881 3810 4940 subterfu-
3910 4846 3911 4901 ι

2151 4967 2341 5038 gisse;
2368 4967 2499 5025 ideo
2528 4969 2583 5025 in
2606 4968 3039 5041 sollempnitate
3070 4969 3321 5027 omnium
3346 4974 3694 5029 sanctorum
3714 4987 3816 5029 ex-

1690 5063 1925 5122 VARUE
1956 5066 2340 5123 LECTIONES
2354 5107 2369 5122 .

442 5146 512 5181 ¹³⁸
550 5151 853 5209 nobiseum
886 5156 935 5207 1.
1017 5146 1084 5183 ⁸³⁸
1114 5149 1364 5219 Raigero
1398 5155 1420 5204 1

1272 5270 1277 5274 .
1968 5224 2193 5284 ΝΟΤᾸΞ.

447 5316 597 5399 (194)
631 5319 689 5375 Id
733 5326 826 5399 est
858 5320 911 5375 S.
946 5318 1236 5399 Theobadi
1290 5290 1345 5375 in
1376 5318 1657 5399 forcipe
1705 5328 1924 5395 castro,
1956 5329 2022 5382 ut
2134 5328 2197 5382 ut
2218 5324 2482 5399 videtur.
2498 5324 2726 5383 Nullam
2758 5329 2974 5399 prater
3015 5327 3163 5385 hanc
3202 5327 3495 5386 Emmonis
3545 5343 3650 5390 me
3665 5337 3820 5393 utio-

377 5388 679 5471 script_um_
687 5396 774 5445 est
805 5391 860 5446 in
894 5390 1084 5471 privil.
1121 5390 1439 5471 Innocentii
1470 5392 1537 5462 II,
1572 5391 1609 5447 l.
1644 5391 1684 5448 l.

443 5457 597 5607 £195)
627 5460 832 5586 ὁάρισέ
864 5457 935 5516 eu
968 5461 1261 5545 Lorraine.
1295 5462 1359 5517 Η.

472 5532 592 5603 196)
615 5531 656 5589 l.
690 5543 741 5587 e.
826 5571 838 5588 .
870 5531 1109 5591 Joannis
1140 5533 1359 5593 Tarvan

472 5531 592 5603 196)
615 5531 656 5589 l.
690 5543 741 5587 e.
777 5531 838 5588 S.
870 5531 1109 5591 Joannis
1140 5532 1525 5593 Tarvanensis
1554 5533 1675 5594 sive
1703 5534 1761 5594 in
1804 5537 2014 5597 Monte.

2132 5411 2260 5453 nem
2292 5397 2484 5453 inveni
2500 5440 2513 5452 .

2201 5467 2433 5543 (197)-8)
2462 5469 2547 5528 Ibi
2582 5468 2804 5528 fuitsub
2835 5474 3181 5530 autumnum
3213 5486 3266 5530 a.
3294 5474 3455 5531 1098.
