3960 6044
188 194 341 259 1445

1187 170 1673 248 CHRONICON
1716 180 1786 244 S.
1834 176 2201 247 HUBEBTI
2241 185 2635 253 ANDAGIN.

3447 194 3603 261 1446

189 351 711 413 communicatione
740 362 771 405 a
818 360 965 419 papa
999 347 1263 417 formata,
1307 349 1367 402 et
1389 344 1525 402 data
1552 358 1745 401 coram
1777 356 1839 400 se
1870 319 1925 378 Α
1956 338 2066 395 bus
2086 335 2353 398 ecclesias
2370 342 2525 399 beati
2549 342 3039 416 Hubertipublice
3054 346 3600 419 redderet,Wiredo

190 442 450 516 ejusdem
464 435 1084 497 excommunicationis
1108 434 1356 506 epistola
1384 452 1396 491 :
1427 433 1705 491 Urbanus
1718 433 1839 505 epi-

188 546 418 604 scopus,
436 542 643 588 servus
662 538 966 585 servorum
990 523 1128 593 Dei,
1165 522 1618 580 Arduennensis
1645 536 1843 578 mona-

188 619 364 677 sterii
387 617 543 674 beati
562 613 819 674 Huberti
847 611 1161 670 catholicis
1168 610 1490 684 fratribus
1510 609 1765 667 salutem
1787 609 1844 666 et

192 706 581 778 apostolicam
613 702 1089 759 benedictionem.
1116 699 1468 756 Audivimus
1489 699 1546 754 et
1566 698 1845 755 auditum

191 808 310 852 non
332 793 527 850 dolere
548 806 664 849 non
691 802 1029 861 possumus,
1053 786 1206 859 quia
1247 786 1473 843 Otberti
1493 786 1846 857 pseudoepi-

190 883 352 955 scopi
371 880 663 939 violentia
674 892 889 936 venera
899 877 1041 933 bilis
1042 875 1224 947 ﬁlius
1236 875 1435 933 noster
1453 874 1846 931 Theodericus

191 973 384 1029 vester
409 969 615 1039 abbas,
647 983 762 1040 pro
793 966 1100 1025 catholica
1107 964 1263 1036 ﬁdei
1288 964 1502 1036 gratia
1553 963 1623 1019 de
1651 963 1844 1021 vestro

190 1060 279 1118 sit
291 1057 651 1118 monasterio
675 1055 977 1129 eapulsus,
1031 1054 1092 1110 et
1130 1053 1403 1109 Wiredus
1420 1051 1846 1123 pseudomona-

196 1147 345 1205 chus
370 1161 476 1219 per
505 1145 769 1219 ejusdem
789 1143 1014 1201 Otberti
1040 1142 1392 1198 violentiam
1427 1153 1606 1211 super
1644 1139 1848 1211 capita

194 1238 394 1295 vestra
422 1237 511 1294 sit
532 1235 821 1306 ingestus.
855 1232 1021 1298 Quod
1052 1230 1288 1288 omnino
1319 1229 1489 1287 nobis
1532 1228 1851 1300 displicere

197 1326 431 1384 sciatis.
472 1324 638 1381 Unde
665 1336 767 1379 vos
805 1322 1029 1378 litteris
1066 1318 1458 1392 praesentibus
1490 1317 1845 1388 salutantes,

194 1413 487 1471 utvestra
508 1411 655 1481 fidei
674 1410 1081 1468 constantiam
1119 1408 1474 1466 conservetis
1516 1406 1845 1477 hortamur,

197 1503 255 1560 et
283 1501 590 1559 licentiam
611 1500 910 1571 indulgeo,
941 1499 1008 1554 ut
1041 1498 1098 1555 si
1136 1498 1203 1553 in
1252 1495 1617 1553 monasterio
1659 1495 1851 1552 oestro

197 1590 517 1648 secundum
541 1588 815 1660 regulam
858 1585 1017 1643 beati
1044 1584 1355 1641 Benedicti
1378 1585 1435 1640 et
1462 1583 1852 1654 apostolicam

1956 432 2093 484 tunc
2115 429 2541 502 forteabsente,
2560 432 2861 490 intellecto
2875 435 3192 493 animarum
3210 452 3443 495 suarum
3460 439 3606 511 peri-

1952 515 2084 572 culo
2104 518 2414 589 communi,
2449 520 2660 589 singuli
2685 536 2739 576 1n
2757 521 3054 589 absentem
3072 524 3477 595 scandalizari,
3497 543 3601 598 pro

1951 619 2014 660 se
2046 606 2295 676 quisque
2350 606 2769 676 subjectioncm
2802 613 2857 666 et
2873 613 3336 670 communionem
3378 615 3602 696 vereri;

1953 693 2098 750 adeo
2126 701 2183 752 ut
2211 696 2497 755 dominica
2538 711 2666 767 quae
2684 698 2902 755 dicitur
2943 700 2999 755 in
3037 700 3245 772 palmis
3284 702 3402 771 (an.
3439 693 3599 765 1099;

1953 783 2180 856 Apr.3.)
2201 799 2385 856 usque
2403 785 2473 840 ad
2488 788 2759 842 exactum
2780 789 3036 857 pascaab
3061 790 3332 847 omnibus
3344 806 3507 863 paene
3523 794 3606 849 vi-

1956 870 2196 928 deretur
2223 872 2493 929 destitui.
2524 873 2832 931 Illetamen
2864 875 3231 934 dissimulata
3258 881 3608 951 recognitio-

1955 973 2027 1015 ne
2046 961 2439 1032 superpositae
2459 962 2571 1018 sibi
2591 962 2994 1034 obiigationis,
3017 964 3409 1024 defensionem
3437 969 3609 1039 hujus

1955 1061 2076 1103 suae
2091 1049 2506 1107 obstinationis
2523 1050 2729 1122 seipso
2746 1051 2942 1122 judice
2956 1055 3279 1111 conabatur
3297 1058 3607 1127 tueri,con-

1958 1137 2205 1192 tendens
2236 1152 2299 1193 sc
2330 1151 2360 1194 a
2391 1139 2618 1195 nemine
2651 1139 2759 1195 nisi
2780 1141 2852 1196 ab
2879 1141 3159 1213 episcopo
3183 1158 3291 1199 suo
3325 1160 3608 1216 posseex~

1955 1225 2390 1295 communicari,
2426 1240 2606 1297 seque
2631 1232 2897 1298 paratum
2930 1229 2986 1284 in
3013 1232 3323 1301 prmsentia
3362 1232 3489 1303 ejus
3520 1248 3608 1290 re-

1958 1313 2267 1385 spondere'
2309 1315 2639 1386 quibusque
2686 1314 3251 1389 calumpniatoribus
3290 1323 3431 1379 suis.
3485 1323 3606 1380 Hiis

1959 1403 2279 1475 compertis
2294 1403 2591 1474 Othertus,
2605 1404 2736 1461 licet
2751 1421 2822 1462 ex
2838 1406 3076 1464 decreto
3092 1409 3432 1480 apostolicae
3447 1411 3608 1468 sedis

1960 1490 2162 1548 eadem
2193 1491 2519 1564 calumpnia
2545 1493 2654 1550 sibi
2687 1497 2852 1549 esset
2892 1496 3234 1567 communis,
3263 1497 3609 1556 subridebat

1960 1585 2155 1637 tamen
2179 1596 2393 1652 secum,
2411 1582 2718 1639 occasione
2740 1582 2914 1653 hujus
2931 1586 3307 1643 necessitatis
3324 1600 3352 1642 a
3375 1588 3608 1645 Wiredo

197 1678 513 1735 veritatem
532 1677 732 1732 vivere
750 1689 868 1731 non
896 1672 1132 1742 valetis,
1167 1672 1249 1730 ad
1276 1672 1687 1745 quodcumque
1707 1671 1850 1729 reli-
1880 1672 1934 1733 B
1965 1671 2197 1727 tandem
2220 1670 2517 1741 legitimus
2549 1671 2863 1743 episcopus
2905 1675 3266 1745 recognosci,
3312 1690 3342 1731 a
3365 1691 3478 1747 quo
3507 1676 3611 1733 ali-

189 1767 432 1839 giosum
474 1764 791 1823 volueritis
840 1763 1269 1820 monasterium
1320 1760 1628 1831 secedatis,
1674 1761 1853 1819 donec

198 1854 564 1926 omnipotens
609 1855 769 1910 Deus
802 1852 990 1909 locum
1018 1851 1281 1908 vestrum
1317 1850 1626 1922 respiciat,
1658 1851 1718 1906 et
1766 1863 1853 1908 se-

199 1944 457 2001 cundum
488 1940 915 2013 beneplacitum
930 1953 1103 1997 suum
1123 1941 1191 1996 in
1204 1939 1645 2011 pristinostalu
1662 1939 1853 2011 refor-

197 2031 334 2088 met.
356 2030 543 2089 Illum
559 2030 757 2087 autem
792 2028 1089 2085 Wiredum
1107 2027 1461 2085 monasterii
1476 2027 1663 2085 vestri
1683 2029 1853 2085 inva-

200 2135 392 2179 sorem
417 2134 549 2179 cum
577 2121 707 2177 suis
736 2117 1007 2175 omnibus
1026 2116 1307 2187 subditis,
1331 2117 1624 2189 quamdiu
1657 2116 1731 2174 ab
1752 2116 1841 2188 ip—

201 2210 335 2268 sius
362 2208 714 2266 monasterii
741 2206 1056 2266 invasione
1078 2220 1196 2262 non
1227 2205 1544 2277 destiterit,
1585 2219 1624 2262 a
1642 2205 1854 2263 sancta

205 2301 478 2357 Romana
511 2296 762 2355 ecclesia
810 2293 1389 2352 eacommunicatum
1423 2307 1564 2366 esse,
1608 2294 1855 2366 scriptis

198 2386 360 2444 vobis
372 2384 765 2458 praesentibus
784 2383 1227 2442 innotescimus.
1259 2382 1448 2439 Dat...

276 2474 698 2547 92.(120).Misit
714 2473 892 2529 etiam
903 2472 1177 2529 Urbanus
1194 2487 1339 2544 papa
1356 2470 1655 2528 Leodiensi
1673 2469 1855 2528 eccle-

206 2562 306 2621 sias
329 2578 432 2634 pro
444 2560 803 2618 Theoderico
817 2561 965 2616 hanc
985 2557 1327 2631 epistolam:
1351 2557 1626 2617 Urbanus
1637 2560 1857 2630 episco-

194 2665 547 2725 pus,servus
562 2665 863 2709 servorum
876 2650 1083 2719 Dei,ca
1091 2647 1329 2706 tholicis
1341 2648 1611 2705 omnibus
1622 2648 1688 2705 in
1702 2648 1856 2706 clero

204 2737 515 2796 Leodiensi
542 2737 599 2793 et
602 2739 821 2809 populo
837 2737 1091 2794 salutem
1134 2737 1191 2793 et
1211 2738 1601 2809 apostolicam
1625 2736 1857 2795 benedi-

204 2826 468 2884 ctionem.
491 2826 770 2883 Dolemus
775 2839 890 2897 pro
908 2824 1071 2882 vobis
1084 2826 1516 2898 graviter,jtlii
1531 2828 1597 2884 in
1616 2825 1856 2884 Christo

205 2916 603 2987 dilectissimi,
636 2917 785 2988 quia
792 2917 930 2988 jam
949 2917 1113 2973 tanto
1128 2922 1379 2987 tempore
1393 2917 1655 2975 vestram
1687 2917 1857 2975 eccle-

199 3005 357 3063 siam
382 3019 650 3062 errorum
673 3005 924 3062 tenebree
943 3004 1280 3075 contegunt,
1305 3005 1681 3063 etaveritate
1693 3006 1857 3065 sedis

201 3092 539 3166 apostolica
576 3094 867 3151 alienant.
899 3094 1063 3151 Unde
1097 3107 1199 3150 vos
1226 3094 1534 3165 tamquam
1565 3095 1858 3152 viscerum

202 3196 327 3239 meo
335 3197 466 3239 rum
470 3182 575 3254 ﬂii
581 3195 645 3239 os
653 3182 909 3254 paterna
924 3182 987 3239 di
995 3182 1239 3239 lectione
1252 3182 1625 3252 corripimus,
1643 3196 1858 3239 ammo-

204 3271 409 3329 nentes
432 3270 490 3326 et
517 3269 905 3340 obsecrantes,
956 3269 1026 3325 ut
1045 3269 1128 3326 ad
1152 3282 1323 3327 merce
1340 3269 1622 3327 veritatis
1661 3268 1860 3327 lumen

201 3360 492 3417 mentium
508 3360 847 3416 vestrarum
865 3358 1062 3415 oculos
1080 3358 1341 3416 elevetis.
1369 3358 1617 3431 Auferte
1627 3358 1855 3415 malum

207 3462 282 3504 ea:
301 3447 467 3504 vobis
487 3448 641 3518 ipsis
656 3466 681 3517 ,-
704 3447 908 3519 lupum
927 3446 1105 3503 illum
1136 3445 1265 3505 dico
1278 3447 1336 3503 et
1350 3447 1587 3517 furem,
1607 3448 1718 3518 qui
1743 3459 1860 3503 non

209 3535 293 3593 ad
311 3534 567 3592 salutem
582 3536 838 3593 ves/ram
855 3549 958 3607 per
975 3535 1194 3592 ostium
1213 3535 1512 3600 introivit,
1539 3534 1645 3592 sed
1661 3536 1861 3592 aliun-

212 3623 301 3694 de,
319 3624 607 3694 ascendit,
632 3625 931 3681 utmactet
951 3625 1007 3680 et
1040 3624 1360 3680 manducet
1386 3624 1443 3679 et
1471 3623 1705 3693 perdat.
1744 3624 1864 3681 Aut

210 3712 400 3782 igitur
419 3712 675 3768 ecclesia
688 3711 1019 3767 incasorem
1035 3710 1092 3766 et
1112 3723 1323 3780 occupa
1335 3709 1535 3778 torem,
1559 3709 1731 3765 Olber
1740 3710 1863 3766 tum

214 3798 489 3867 dicimus,
508 3799 760 3854 Henrici
778 3796 1114 3867 complicem
1127 3797 1184 3852 et
1203 3794 1495 3864 Guiberti,
1524 3810 1597 3852 ea:
1611 3794 1793 3865 vobis,
1807 3797 1864 3853 si

213 3900 330 3959 quo
345 3886 514 3943 modo
523 3889 687 3957 posst
697 3886 813 3942 bile
823 3885 1055 3957 pellite;
1076 3884 1253 3941 autei
1274 3886 1581 3955 tamquam
1596 3898 1634 3941 a
1653 3885 1865 3941 sancta

213 3978 487 4032 Romana
506 3976 755 4032 ecclesia
770 3974 967 4030 alieno
998 3974 1054 4029 et
1066 3972 1566 4029 eacommunicato
1596 3971 1864 4029 obedien-

216 4063 365 4120 tiam
400 4065 660 4120 vestram
708 4062 1186 4133 consortiumque
1212 4061 1467 4116 vestrum
1504 4058 1858 4118 subtrahite.

214 4153 342 4209 Hoc
354 4154 551 4223 ipsum
567 4152 636 4207 de
662 4150 892 4207 Wiredo
896 4147 1335 4220 pseuztoabbate
1334 4148 1739 4219 praecipimus,
1755 4146 1866 4219 qui

207 4254 316 4313 per
330 4239 596 4313 ejusdem
603 4254 708 4311 pse
717 4238 1090 4310 udoepiscopi
1108 4236 1459 4293 violentiam
1490 4237 1867 4293 Ardennense

214 4329 645 4386 monasterium
660 4327 819 4384 beati
835 4327 1092 4383 Huberti
1108 4338 1321 4395 occupa
1368 4324 1435 4395 it,
1450 4324 1505 4381 si
1516 4327 1656 4397 quis
1668 4327 1867 4382 autem

1965 1759 2239 1830 quamdiu
2272 1759 2436 1831 quasi
2468 1759 2890 1831 nonlegitimus
2921 1764 3086 1819 visus
3109 1768 3202 1819 est
3225 1763 3427 1832 vitari;
3454 1781 3609 1823 man-

1964 1848 2240 1920 davitque
2260 1849 2541 1906 fratribus
2564 1849 2794 1905 interim
2809 1864 3050 1921 parcere
3069 1856 3278 1923 carptas
3319 1852 3610 1927 discepta-

1963 1936 2129 2007 tioni,
2166 1938 2350 1994 donec
2379 1938 2625 2009 ipsemet
2667 1938 2904 1995 veniens
2933 1939 3257 2011 imponeret
3290 1941 3459 1998 finem
3501 1945 3605 2000 rei.

1962 2025 2234 2082 Wiredus
2257 2026 2478 2083 interea
2502 2026 3309 2088 elaborabatadversantibus
3330 2032 3444 2088 sibi
3468 2048 3612 2104 prae-

1964 2114 2195 2171 stabilis
2220 2114 2366 2186 fieri,
2394 2121 2564 2187 prout
2598 2131 2884 2187 quemque
2913 2123 3159 2173 noverat
3213 2135 3318 2191 pro
3350 2122 3612 2178 moribus

1963 2202 2088 2259 suis
2123 2217 2298 2273 posse
2331 2203 2712 2274 complacari;
2752 2205 2954 2275 sicque
2989 2205 3270 2276 paulatim
3322 2208 3475 2279 apud
3532 2213 3615 2265 te-

1966 2306 2124 2349 mere
2156 2291 2579 2349 tumultuantes
2600 2293 2821 2350 animos
2850 2299 2910 2349 et
2933 2295 3263 2365 apostolica
3314 2298 3609 2354 sententia

1965 2379 2156 2451 viluit,
2190 2384 2249 2437 et
2282 2382 2477 2437 fervor
2506 2381 2737 2439 tuendae
2767 2382 3038 2439 veritatis
3074 2383 3365 2454 refriguit.
3393 2387 3510 2443 Hoc
3541 2387 3613 2444 ad

1965 2472 2198 2540 tempus
2229 2469 2642 2541 impedimento
2675 2471 2759 2528 sic
2819 2471 3023 2543 dilato,
3056 2487 3166 2529 non
3212 2477 3404 2530 tamen
3436 2475 3616 2531 omni-

1966 2558 2157 2615 modis
2191 2557 2404 2629 ablato,
2430 2559 2700 2617 Wiredus
2718 2560 2908 2619 factus
2931 2562 3196 2619 securior
3222 2562 3278 2618 in
3302 2564 3612 2622 maximum

1966 2645 2232 2704 ecclesiae
2265 2647 2572 2718 dampnum
2597 2648 2816 2706 liberos
2837 2653 2897 2706 et
2919 2649 3206 2707 militares
3230 2656 3465 2709 casatos
3501 2667 3615 2710 cm-

1970 2726 2054 2797 pit
2083 2725 2192 2783 sibi
2215 2726 2508 2796 affectare,
2530 2741 2772 2798 quorum
2791 2729 3045 2801 receptis
3067 2731 3335 2787 manibus
3361 2731 3616 2789 inaniter

1961 2815 2212 2887 jactaret
2246 2828 2384 2871 suos
2407 2828 2563 2872 esse.
2605 2816 2784 2872 Causa
2807 2815 2982 2888 hujus
3009 2817 3288 2874 vanitatis
3340 2817 3503 2875 dedit
3523 2821 3616 2876 Jo-

1967 2903 2141 2959 hanni
2165 2903 2446 2959 advocato
2472 2903 2939 2961 Caviniacensem
2983 2905 3466 2974 advocationem;
3499 2922 3611 2979 qua

1967 2992 2273 3050 occasione
2305 2992 2403 3049 ille
2437 2993 2853 3050 contraxitsibi
2886 2994 3069 3051 totius
3092 2995 3616 3054 Caviniaciutilita-

1968 3085 2112 3141 tem.
2133 3081 2302 3138 Dedit
2325 3080 2579 3138 Waltero
2598 3080 2669 3139 de
2695 3081 3208 3154 Amplizallodium
3231 3084 3302 3141 de
3328 3084 3612 3157 Seriel‘",

1971 3170 2125 3241 quod
2151 3171 2222 3227 ab
2253 3171 2494 3241 antiquo
2517 3172 2953 3228 erataddictum
2973 3176 3027 3227 et
3054 3173 3452 3244 conscriptum
3470 3189 3616 3246 prm-

1972 3262 2175 3318 bendas
2200 3260 2798 3317 fratrumcumtribus
2830 3261 3061 3318 solidis.
3102 3261 3271 3318 Dedit
3318 3265 3520 3321 Bovini
3544 3265 3616 3322 de

1967 3351 2207 3407 Wahart
2241 3348 2384 3421 (199)
2421 3347 2814 3406 molendinum
2845 3352 2915 3407 ad
2950 3350 3137 3408 lacum
3162 3356 3219 3408 et
3248 3354 3512 3411 combam
3545 3356 3616 3411 de

1973 3440 2315 3511 Gruispont.
2354 3438 2628 3495 Reddidit
2661 3439 2910 3496 Rodulfo
2931 3440 3275 3498 Vilantiensi
3316 3443 3482 3513 quasi
3506 3458 3615 3500 suo

1972 3528 2199 3602 parenti
2223 3526 2508 3584 solidatas
2534 3534 2727 3599 terrae,
2750 3544 2894 3599 quas
2918 3529 3162 3600 ipsemet
3188 3530 3357 3601 legali
3394 3531 3617 3601 judicio

1974 3615 2396 3687 reacquisierat
2428 3614 2731 3684 ecclesiae;
2762 3616 3070 3673 Lamberto
3108 3616 3178 3673 de
3209 3618 3616 3691 Ruvinia(200)

1973 3704 2359 3761 hereditatem
2390 3703 2535 3777 ejus,
2572 3719 2699 3776 quae
2722 3706 2978 3778 ascripta
3010 3711 3135 3763 erat
3159 3707 3485 3779 praebenda:
3510 3709 3620 3763 iia-

1976 3797 2149 3860 trum,
2176 3791 2231 3845 in
2246 3795 2641 3848 casamcntum
2665 3793 2954 3850 vendidit.
2977 3794 3248 3851 Vendidit
3274 3795 3618 3852 Goderanno

1976 3880 2046 3934 de
2067 3880 2213 3935 Burs
2243 3879 2520 3934 minutam
2578 3879 2858 3934 decimam
2891 3881 3147 3950 ejusdem
3169 3883 3344 3953 villae,
3407 3889 3464 3941 et
3512 3887 3621 3941 Du-

1976 3981 2158 4023 ranno
2192 3966 2467 4038 quicquid
2494 3966 2728 4022 tenebat
2758 3971 2963 4023 terrae.
2994 3970 3117 4026 Hiis
3149 3972 3363 4027 casatis
3382 3972 3491 4027 sibi
3522 3987 3621 4029 no-

1976 4055 2128 4112 viter
2150 4054 2458 4113 conductis
2489 4054 2558 4110 de
2575 4056 2747 4111 rebus
2763 4055 3204 4129 ecclesiasticis,
3229 4059 3492 4117 ecclesiae
3525 4058 3622 4117 do-

1978 4142 2122 4201 lenti
2137 4145 2193 4200 in
2210 4148 2557 4216 perpetuum
2581 4144 2889 4201 subductis
2904 4144 3205 4217 subsidiis,
3233 4148 3398 4217 quasi
3417 4149 3623 4206 fortior

1978 4238 2034 4289 et
2054 4232 2560 4303 gloriosiorvellet
2590 4233 2797 4305 videri,
2823 4233 2992 4305 longe
3013 4233 3185 4290 aliter
3228 4251 3319 4292 res
3342 4237 3465 4308 ipsa
3490 4254 3624 4310 pro-

1980 4322 2182 4392 cessit,
2217 4323 2528 4393 hocipsum
2554 4322 3137 4393 disponentcjustitia
3169 4324 3619 4399 Omnipotentis,

218 4417 488 4489 deinceps
508 4418 593 4474 eis
625 4417 1060 4474 communicare
1084 4385 1551 4486 pressumpscrit,
1575 4414 1751 4471 donec
1781 4426 1867 4471 ec-
1899 4385 1950 4444 D
1982 4410 2080 4481 qui
2116 4410 2169 4465 in
2202 4410 2560 4465 contrarium
2584 4410 2762 4465 vertit
2812 4411 3087 4483 quicquid
3114 4412 3276 4468 videt
3325 4385 3527 4471 contra
3561 4385 3624 4472 se

218 4508 539 4565 etesiarum
554 4506 774 4577 quibus
796 4503 1467 4576 incubantoppressione
1479 4502 1733 4573 deserta,
1747 4504 1866 4559 Deo

221 4590 1201 4665 etsea‘éapostoliceesatisfaciant,
1225 4591 1383 4648 sciat
1399 4604 1461 4648 se
1477 4590 1740 4662 ejusdem
1768 4605 1868 4647 etc-

221 4684 545 4739 commuuic
589 4683 769 4739 limis
797 4680 1035 4739 vinculo
1062 4679 1434 4738 innodatsm.
1480 4679 1870 4736 Vobissaneet

219 4771 431 4829 ceteris
473 4771 743 4829 omnibus
777 4773 980 4827 notum
1015 4770 1118 4839 sit,
1158 4768 1308 4840 quia
1342 4768 1625 4839 religioso
1659 4768 1865 4825 abbati

228 4858 578 4917 Theoderico
621 4859 925 4916 licentiam
966 4858 1256 4927 dedimus,
1279 4857 1350 4913 ut
1384 4872 1422 4913 a
1460 4855 1865 4915 schismaticis

223 4961 543 5018 conversos,
567 4948 676 5019 qui
693 4948 773 5005 ad
800 4948 996 5020 ipsum
1013 4944 1416 5018 confugerint,
1441 4958 1480 5002 a
1506 4945 1744 5003 vinculo
1766 4960 1865 5003 ea-

226 5036 779 5094 communicationis
791 5035 1076 5093 absolvat.
1094 5035 1319 5091 Datum
1338 5075 1351 5089 .
1378 5074 1391 5087 .
1420 5075 1433 5088 .
1453 5032 1631 5098 Quam
1646 5034 1863 5106 episto-

225 5123 337 5181 lam
358 5140 489 5183 cum
523 5125 756 5183 rediens
781 5122 1172 5182 Theodericus
1184 5136 1258 5179 ex
1278 5121 1475 5179 edicto
1486 5135 1651 5195 papae
1666 5123 1860 5180 fratri-

1982 4498 2275 4555 inutiliter
2305 4497 2517 4554 moliri.
2551 4499 2690 4553 Nam
2723 4514 2870 4570 quos
2887 4502 3238 4573 sperabatin
3270 4503 3520 4558 consilio
3564 4508 3622 4559 et

1982 4587 2198 4644 auxilio
2231 4586 2341 4643 sibi
2377 4588 2499 4642 fore
2533 4587 2683 4657 usui,
2719 4588 3081 4658 frequentius
3138 4591 3303 4662 quasi
3350 4590 3420 4647 ad
3445 4591 3624 4647 domi-

1984 4691 2117 4734 num
2138 4691 2304 4732 suum
2319 4676 2754 4747 convenientes,
2781 4683 3225 4749 cmperuntesse
3237 4680 3399 4736 oneri
3417 4697 3431 4747 ;
3452 4694 3624 4751 quos-

1984 4780 2095 4837 que
2116 4765 2171 4819 in
2188 4765 2558 4822 affluentibus
2576 4767 2862 4823 conviviis
2885 4774 3205 4838 praesentes
3217 4769 3488 4826 audiebat
3505 4768 3624 4826 lau-

1981 4855 2238 4925 datores,
2271 4869 2344 4910 ex
2366 4860 2708 4927 contemptu
2734 4856 2923 4913 nimia:
2957 4856 3368 4915 familiaritatis
3420 4859 3617 4915 absen

1976 4950 2067 5002 tes
2098 4944 2353 5001 habebat
2376 4944 2703 5001 derisores.
2754 4945 3009 5015 Contigit
3035 4946 3211 5002 etiam
3237 4950 3298 5004 ut
3350 4946 3623 5005 invidiam

1975 5034 2207 5092 Otberti
2240 5047 2344 5106 per
2378 5032 2661 5104 quosdam
2692 5046 2895 5092 eorum
2929 5035 3277 5107 incurreret,
3342 5036 3477 5093 dum
3524 5035 3626 5092 ali-

1567 5223 1804 5280 VARIIE
1842 5222 2251 5286 LECTIONES.

1806 5363 2034 5428 NOTAE.

290 5292 357 5329 ¹⁸⁸¹
382 5295 482 5354 vel
504 5293 692 5353 Senel.

293 5456 444 5530 (199)
471 5455 802 5516 Castellano
828 5451 1247 5528 Mirwoldensi,
1275 5468 1333 5514 v.
1354 5452 1502 5513 infra
1532 5467 1584 5513 c.
1619 5457 1707 5529 93,
1742 5461 1804 5514 et

221 5554 432 5630 Egid.,
465 5569 517 5614 ο.
553 5560 635 5615 19.

2005 5452 2158 5527 (200)
2189 5452 2461 5524 Revogne
2491 5450 2554 5506 Β.
