3948 6070
1164 232 1642 296 CHRONICON
1683 231 1751 294 S.
1798 228 2165 292 HUBERTI
2208 223 2601 288 ANDAGN.

3449 221 3606 283 1450

170 413 374 468 autem
413 411 482 464 ut
519 405 827 463 ecclesiam
873 407 1134 472 vexaret,
1161 399 1523 470 Andaginum
1561 398 1719 455 venit

2045 379 2107 472 iit
2129 376 2504 472 censendum.
2541 375 2729 446 Super
2754 373 2871 430 hiis
2903 372 3174 429 Wiredus
3196 387 3227 427 a
3252 362 3604 442 quibusdam

170 496 416 556 Wiredo
437 502 500 554 ut
522 495 632 553 sibi
654 498 715 551 et
739 494 861 551 suis
887 492 1193 549 obsonium
1249 490 1466 546 faceret
1517 485 1834 545 mandavit.

174 586 456 644 Wiredus
490 584 736 643 audiens
784 597 915 639 cum
964 578 1229 653 synodali
1277 592 1457 635 causa
1505 582 1839 646 venturum,

173 676 420 735 omnino
452 672 776 729 indebitnm
798 671 848 727 ei
874 668 1173 725 recusavit
1203 667 1532 736 servitium,
1563 665 1840 722 videlicet

171 779 260 822 ex
279 764 477 822 edicto
509 760 664 818 beati
690 774 852 832 papa)
878 756 1162 827 Gregorii,
1189 756 1288 826 qui
1312 769 1419 811 nec
1460 754 1532 810 ab
1562 753 1842 825 episcopo

175 866 295 911 nec
312 867 342 909 a
365 849 626 923 qualibet
652 861 902 921 persona
924 842 1244 917 episcopali
1269 857 1375 915 per
1400 840 1844 915 procurationes

173 938 421 996 omnino
441 935 745 992 interdicit
776 931 1129 989 monasteria
1157 929 1573 986 monachorum
1622 926 1845 998 inquie-

174 1026 318 1083 tari.
349 1026 515 1093 Quod
563 1024 739 1080 etiam
790 1020 1163 1078 Gualcaudus
1212 1017 1485 1091 prohibet
1533 1014 1844 1088 privilegio

174 1129 304 1172 sum
351 1112 747 1170 auctoritatis.
791 1108 1174 1167 Remandavit
1216 1112 1433 1176 tamen,
1468 1104 1516 1161 si
1573 1102 1845 1161 caritatis

170 1200 682 1273 gratiainviseret
707 1199 917 1267 locum,
944 1195 1407 1269 hospitalitatem
1441 1207 1505 1250 se
1536 1178 1621 1248 i'lli
1671 1197 1736 1249 ut
1785 1194 1847 1248 et

174 1290 319 1347 aliis
347 1287 897 1361 supervenientibus
930 1286 1240 1353 facturum,
1267 1283 1353 1340 sin
1405 1287 1600 1338 autem
1647 1295 1850 1353 parro-

175 1378 353 1436 chias
412 1391 552 1435 suas
597 1376 962 1446 sollicitaret,
1004 1372 1472 1445 expectationem
1519 1383 1682 1426 suam
1733 1384 1847 1425 non

184 1469 325 1539 sibi,
361 1468 464 1525 sed
496 1465 981 1539 procuratoribus
1007 1477 1217 1529 earum,
1249 1461 1570 1517 mandaret.
1605 1458 1697 1516 Sic
1747 1456 1849 1514 ille

181 1571 324 1616 cum
354 1556 441 1613 ira
481 1561 539 1611 et
591 1553 990 1624 indignatione
1043 1551 1315 1621 rejectus,
1343 1548 1436 1605 vix
1462 1547 1614 1604 enim
1658 1547 1849 1602 fuerat

187 1645 250 1701 in
283 1642 702 1700 monasterium
741 1640 933 1712 gratia
960 1638 1242 1696 orationis
1290 1636 1604 1705 admissus,
1645 1635 1699 1689 in
1751 1634 1849 1690 do-

189 1748 346 1790 mum
378 1731 582 1788 Oberti
618 1735 756 1787 tunc
786 1729 1064 1801 temporis
1096 1727 1412 1799 presbiteri
1446 1725 1516 1782 ad
1555 1723 1850 1795 hospitan-
1878 1731 1932 1791 Β

186 1820 329 1879 dum
361 1820 623 1885 divertit,
676 1824 737 1875 et
775 1822 1013 1890 postera
1048 1816 1142 1873 die
1175 1816 1338 1887 (Jan.
1383 1817 1439 1886 8)
1494 1813 1548 1868 in
1610 1811 1849 1869 basilica

188 1909 349 1966 beati
374 1908 601 1978 Egidii,
628 1922 758 1977 qua:
786 1906 949 1978 prius
989 1907 1061 1960 ab
1107 1904 1351 1974 antiquo
1404 1901 1759 1959 constiterat
1794 1899 1851 1955 in

188 1996 413 2053 honore
444 1995 597 2052 beati
631 1994 886 2064 Dionysii
915 1993 1207 2064 martyris,
1248 1989 1468 2062 synodo
1499 1995 1706 2046 exacta
1757 1989 1855 2044 Ba-

188 2084 444 2143 stoniam
469 2083 728 2139 divertit.
759 2083 837 2137 ibi
872 2085 906 2138 6
937 2082 1070 2137 ldus
1116 2079 1375 2135 Januarii
1425 2077 1854 2136 archidiacona-

191 2178 293 2229 tus
324 2172 414 2228 sui
454 2171 708 2228 clericos
757 2170 1011 2227 concilio
1058 2168 1279 2224 indicto
1325 2166 1693 2235 evoravit,et
1743 2166 1853 2221 hoc

195 2260 444 2317 maxime
464 2259 538 2317 ad
562 2259 806 2315 insidias
837 2264 893 2315 et
936 2256 1377 2329 oppressionem
1409 2253 1676 2311 ecclesiae
1698 2252 1854 2309 beati

197 2348 474 2406 Huherti.
505 2350 563 2403 ln
594 2355 793 2404 castro
825 2352 1019 2422 autem
1068 2345 1220 2417 quod
1267 2345 1480 2399 Ambra
1515 2342 1735 2399 dictum
1764 2344 1854 2398 est

196 2438 274 2493 ab
309 2437 570 2507 antiquo,
623 2436 984 2505 Andaginnm
1032 2449 1170 2490 vero
1196 2432 1613 2489 monasterium
1646 2444 1857 2501 cogno-

198 2526 486 2583 minatum
511 2539 540 2580 a
569 2526 740 2580 beato
767 2524 1060 2593 Beregiso,
1089 2527 1274 2578 mater
1304 2519 1551 2577 ecclesia
1571 2517 1858 2575 constite-

204 2621 297 2671 rat
332 2614 389 2669 in
419 2615 639 2669 honore
674 2612 827 2668 beati
863 2611 1019 2667 Petri
1060 2609 1457 2682 apostolorum
1484 2606 1766 2679 principis
1785 2606 1857 2663 ab

202 2703 376 2759 initio
436 2703 514 2758 ibi
561 2705 785 2757 exortae
816 2698 1287 2755 christianitatis.
1322 2699 1383 2752 In
1429 2696 1557 2766 hac,
1591 2700 1650 2752 ut
1687 2694 1857 2765 longe

205 2790 550 2863 praedictum
580 2796 693 2855 est,
729 2789 1103 2846 Gualcaudus
1136 2788 1450 2858 episcopus
1495 2783 1853 2854 Leodiensis,

198 2891 451 2935 assensu
487 2877 689 2932 leonis
722 2876 965 2933 Romani
1001 2874 1314 2947 pontificis,
1349 2872 1592 2930 consili.)
1624 2885 1856 2943 quoque

202 2964 539 3021 Hildeboldi
561 2964 987 3036 metropilitani
1016 2961 1653 3032 Coloniensis,hortatu
1678 2961 1854 3015 etiam

203 3053 481 3110 Ludovici
534 3053 781 3124 piissimi
843 3052 1222 3140 imperatoris
1259 3050 1362 3105 filii
1415 3047 1851 3140 magiiAKaroli,
1887 3078 1936 3140 Ο

199 3143 600 3198 constituerat
667 3140 928 3197 ordinem
979 3139 1313 3196 monasticae
1367 3137 1687 3209 religionis,
1723 3152 1853 3207 quas

199 3230 526 3288 secundum
579 3229 920 3284 canonicam
986 3228 1399 3284 auctoritatem
1451 3230 1853 3300 permanserat

199 3325 424 3375 cxtunc
448 3332 550 3389 per
577 3332 760 3372 annos
783 3320 885 3370 3'25
922 3316 1237 3386 positionis
1261 3317 1672 3371 monachorum
1704 3315 1851 3387 (203)

190 3404 397 3462 ‘libera
442 3406 623 3461 totius
665 3402 1104 3475 inquietudinis.
1154 3406 1285 3459 llaec
1326 3408 1392 3459 ut
1433 3406 1519 3460 est
1556 3402 1854 3473 proprium

204 3494 411 3551 matris
446 3493 719 3550 ecclesiae
760 3492 1078 3562 legitimum
1125 3505 1261 3561 pcss
1288 3490 1384 3545 det
1419 3490 1852 3562 baptisterium,

202 3583 425 3639 habens
444 3582 603 3639 dotis
635 3581 865 3637 nomine
898 3578 1321 3650 sulijeCtionem
1355 3582 1422 3634 14
1449 3578 1852 3648 ecclesiarum,

203 3686 454 3742 quarum
514 3670 758 3726 libertas
809 3668 1042 3740 publico
1111 3667 1472 3723 auctorizata
1524 3666 1851 3738 privilegio,

194 3748 433 3816 'nullum
466 3756 785 3829 episcopali
826 3756 918 3811 vel
957 3753 1407 3811 archidiaconali
1438 3753 1727 3809 exactioni
1758 3752 1855 3808 de-

207 3845 308 3904 bet
335 3853 692 3918 respectum.
728 3845 876 3911 Quia
914 3858 1053 3900 vero
1073 3843 1186 3899 hiis
1224 3842 1440 3899 nostris
1486 3842 1855 3913 temporibus

203 3932 530 3990 dissidente
552 3932 884 3990 sacerdotio
911 3935 969 3989 et
998 3945 1194 4001 regno,
1218 3930 1617 3987 ecclesiastica
1638 3930 1855 4001 passim

205 4018 526 4092 languebat
559 4021 905 4089 auctoritas,
932 4020 987 4075 in
1019 4021 1241 4090 agenda
1277 4018 1447 4091 legali
1474 4019 1707 4089 justitia
1752 4033 1858 4090 pro

201 4109 490 4182 cujusque
521 4125 768 4181 persona
791 4109 920 4164 loco
952 4109 1197 4165 rationis
1215 4108 1628 4164 dominabatur
1656 4106 1857 4163 volun-

207 4202 320 4255 tas.
362 4196 522 4255 Unde
554 4203 615 4253 et
655 4200 850 4254 Bruno
874 4199 1317 4269 reputansapnd
1339 4211 1403 4253 se
1428 4202 1653 4253 mutare
1685 4210 1856 4267 posse

201 4284 363 4357 leges
389 4291 753 4356 ettempora,
772 4285 827 4339 in
856 4285 1135 4357 praedicto
1165 4299 1404 4341 suorum
1419 4283 1668 4341 concilio
1690 4283 1856 4355 quasi

203 4372 648 4447 praeordialem
698 4372 808 4429 sibi
851 4372 1048 4429 intulit
1090 4373 1530 4443 querimoniam,
1581 4372 1913 4447 videlicet;

1888 4431 1942 4492 D
1972 4448 2183 4505 edixit.
2233 4444 2484 4501 Alardus
2515 4443 2571 4498 in
2602 4440 2868 4512 sequenti
2904 4437 3170 4494 natalitio
3220 4434 3622 4506 apostolorum

204 4458 670 4529 Andaginensem
701 4458 1010 4516 ecclesiam
1041 4459 1211 4514 nimis
1241 4459 1357 4514 sibi
1388 4457 1681 4516 invenisse
1714 4458 1860 4530 inju-

195 4545 440 4615 tiosam,
482 4561 545 4603 se
565 4562 799 4619 passum
826 4548 893 4604 in'
906 4562 971 4605 ea
1001 4546 1417 4619 despicabilem
1437 4548 1752 4618 repulsam,
1778 4546 1861 4604 in-

201 4633 395 4706 deque
418 4634 568 4691 velle
593 4649 961 4709 quacumque
982 4636 1291 4694 occasione
1311 4640 1652 4706 conceptam
1666 4635 1862 4707 exple-

202 4736 270 4782 re
291 4722 782 4791 vindictam.Quia
804 4725 977 4794 enim,
995 4728 1200 4797 utpote
1224 4724 1394 4780 matri
1413 4723 1864 4796 ecclesiae,scie-

202 4811 305 4870 bat
327 4826 393 4869 se
418 4810 742 4883 legitimum
770 4813 1184 4885 baptisterium
1200 4813 1359 4869 nullo
1375 4813 1544 4870 modo
1571 4828 1745 4886 posse
1765 4813 1862 4870 de-

201 4906 462 4980 trahere,
488 4911 812 4966 conabatur
852 4908 1120 4982 equidem
1151 4909 1341 4965 oleum
1373 4914 1432 4965 et
1453 4910 1706 4968 chrisma
1740 4925 1863 4970 sum

204 4992 670 5068 dispensationis
712 4998 946 5054 omnino
974 4998 1027 5054 ei
1077 4997 1429 5068 subducere,
1487 4997 1774 5056 ecclesias
1803 5003 1862 5058 et

204 5082 338 5154 ejus
351 5084 740 5156 subjectionis
753 5092 810 5143 et
831 5085 1187 5144 defensionis
1202 5086 1393 5143 hanno
1405 5085 1864 5160 superimposito

204 5169 492 5231 hactenus
528 5175 751 5232 liberas
781 5174 1073 5232 violenter
1096 5175 1435 5248 infringere,
1460 5180 1521 5232 et
1540 5176 1713 5248 hujus
1742 5189 1865 5233 sua

204 5258 532 5321 voluntatis
555 5269 828 5322 conatum
856 5277 1059 5322 eorum
1074 5264 1299 5337 judicio
1332 5265 1420 5322 ira
1437 5264 1696 5324 dictante
1720 5279 1865 5339 pras-

1952 465 2224 524 fidelibus
2253 463 2520 521 ecclesiae
2552 462 2952 535 prmmonitus,
2977 459 3203 516 adierat
3231 459 3380 515 idem
3414 457 3605 515 conci-

1951 552 2114 625 lium,
2140 560 2203 611 ut
2235 555 2559 608 removeret
2597 551 2645 606 si
2671 549 2808 620 quid
2842 549 3125 605 adversus
3146 563 3271 603 eam
3295 546 3606 603 moliretur

1952 642 2450 715 impedimentum.
2472 639 2579 705 Qui
2603 652 2966 706 consurgens
2988 637 3171 692 libera
3187 634 3608 692 contradictio-

1952 748 2025 789 ne
2045 735 2414 803 protestatus
2444 733 2531 784 est
2576 725 2905 797 huiusmodi
2929 740 3128 781 eorum
3156 738 3265 780 non
3289 738 3422 779 esse
3449 722 3605 791 judi-

1951 820 2125 891 cium,
2151 835 2255 875 nec
2300 817 2387 874 eis
2426 814 2736 874 convenire
2760 828 2936 884 super
2963 813 3270 869 ecclesiam
3298 815 3473 867 tantae
3507 823 3608 866 au-

1954 907 2254 966 ctoritatis
2282 913 2342 962 et
2396 903 2691 961 libertatis
2720 901 2942 977 aliquid
2992 900 3371 957 censendum.
3422 898 3607 969 Hujus

1956 1010 2187 1069 quoque
2216 993 2536 1053 conaminis
2568 991 2929 1062 rescriptum,
2954 990 3106 1045 inter
3139 994 3338 1060 patres
3369 1002 3510 1044 suos
3542 986 3602 1042 in

1953 1085 2214 1157 generali
2239 1082 2462 1153 synodo
2485 1081 2818 1152 appellabat
2841 1076 3314 1149 respectaudum.
3343 1074 3611 1144 indigna-

1956 1180 2054 1232 tus
2074 1175 2263 1230 Brnno
2285 1171 2372 1228 sic
2394 1185 2458 1228 se
2488 1169 2662 1240 legali
2689 1167 3115 1240 protestatione
3139 1170 3198 1219 et
3221 1162 3483 1236 synodali
3511 1176 3611 1233 ap-

1958 1261 2273 1334 pellatione
2293 1264 2675 1332 praeventum,
2695 1251 2918 1326 judicio
2938 1254 3246 1326 praesentis
3270 1252 3345 1307 ibi
3370 1248 3608 1307 concilii

1956 1348 2137 1407 vellet
2154 1348 2334 1405 nollet
2348 1347 2642 1404 concessit
2663 1342 2893 1400 Wircdo
2911 1348 3267 1414 respertum.
3285 1341 3406 1395 Non
3422 1336 3608 1393 multo

1958 1443 2088 1512 post
2113 1438 2367 1493 Obertus
2394 1435 2744 1506 legationem
2776 1447 2940 1489 suam
2971 1432 3039 1486 ad
3066 1431 3384 1485 Manasscm
3412 1429 3617 1481 Remo-

1960 1542 2089 1583 rum
2110 1525 2615 1598 archiepiscOpum
2639 1521 2875 1591 direxit,
2901 1525 2960 1575 et
2990 1525 3051 1576 ut
3080 1534 3182 1590 pro
3202 1514 3558 1588 requirendo
3582 1527 3615 1568 a

1960 1630 2023 1673 se
2047 1614 2331 1672 beneficio
2349 1611 2680 1670 Buloniensi
2702 1610 2774 1668 ad
2797 1607 3248 1680 colloquendum
3273 1606 3382 1662 sibi
3406 1621 3620 1664 conve-

1960 1705 2136 1775 niret,
2164 1703 2438 1776 precibus
2462 1701 2738 1773 optinuit.
2762 1702 2913 1769 Ergo
2936 1700 3008 1754 ab
3033 1696 3302 1766 utrisque
3326 1696 3477 1766 apud
3507 1697 3617 1751 Du-

1960 1794 2185 1851 ciacum
2209 1793 2358 1864 (204)
2388 1790 2656 1847 condicta
2687 1789 2779 1845 die
2812 1788 2986 1858 hujus
3023 1785 3323 1854 colloquii,
3361 1784 3617 1840 Ohertus

1962 1882 2240 1939 affectans
2265 1880 2453 1937 videri
2477 1881 2608 1950 quis
2640 1881 2798 1935 esset
2830 1874 2920 1932 vel
2946 1873 3083 1945 quid
3108 1878 3330 1945 posset,
3368 1875 3612 1930 abhates

1960 1976 2019 2026 et
2034 1969 2479 2027 archidiaconos
2496 1983 2636 2024 suos
2650 1972 2984 2037 etquosque
3004 1961 3619 2034 potentioresepisco-

1962 2057 2042 2130 pii
2060 2072 2133 2114 ex
2153 2055 2347 2113 edicto
2371 2054 2710 2126 assumpsit,
2735 2058 2795 2108 et
2815 2051 3256 2121 archiepiscopo
3283 2049 3458 2103 nichil
3493 2047 3608 2104 tale

1963 2146 2194 2205 curanti
2217 2145 2360 2203 satis
2383 2158 2696 2216 pomposus
2737 2140 3016 2198 occurrit.
3045 2140 3105 2193 in
3132 2138 3270 2193 feria
3298 2144 3489 2193 auten
3525 2151 3617 2192 se-

1962 2235 2152 2293 cunda
2175 2234 2539 2305 regationum
2558 2231 3051 2301 (Mammexacto
3073 2227 3276 2282 eodem
3292 2225 3613 2302 colloquio,

1964 2328 2182 2394 praeter
2198 2322 2467 2379 eﬂ'ectum
2501 2321 2800 2376 frustratae
2824 2316 3184 2389 quiestionis.
3215 2313 3618 2383 unusquisque

1965 2412 2039 2469 ad
2060 2411 2448 2468 diversorium
2478 2409 2630 2481 quod
2656 2408 2767 2464 sibi
2792 2407 3067 2478 sperabat
3094 2402 3435 2459 familiarius
3462 2400 3621 2457 festi-

1967 2504 2162 2559 nabat.
2196 2501 2450 2571 Cogebat
2500 2498 2653 2555 enim
2684 2512 2786 2553 eos
2818 2496 2993 2552 solito
3047 2492 3367 2548 ferventior
3395 2497 3603 2547 aestas.

1965 2588 2237 2647 Wiredus
2264 2603 2461 2644 secum
2494 2586 2728 2642 reduxit
2757 2584 3104 2640 Leodienses
3131 2584 3378 2638 alibates
3413 2581 3621 2634 Beren-

1965 2691 2169 2748 gerum
2207 2682 2267 2732 et
2303 2665 2681 2747 Stephanum.
2714 2673 2949 2742 jamque
2997 2668 3106 2726 sibi
3147 2668 3437 2723 mitiorem
3482 2668 3625 2722 Bru-

1964 2778 2174 2821 nonem
2197 2763 2689 2820 archidiaconum.
2719 2758 3045 2829 Aliquando
3081 2758 3233 2811 enim
3277 2754 3615 2810 moderatur

1966 2857 2251 2925 tempore,
2277 2850 2434 2923 quod
2465 2850 2537 2908 ad
2571 2856 2800 2920 tempus
2834 2862 2943 2902 non
2979 2851 3178 2917 potest
3206 2843 3495 2900 moderari
3529 2855 3620 2897 ra-

1965 2940 2142 2998 tione.
2179 2940 2303 3007 Quo
2334 2940 2413 2997 du
2436 2955 2468 2995 n
2515 2936 2837 2995 abundanti
2873 2934 3224 2990 liberalitate
3258 2930 3607 2987 dominich

1967 3028 2364 3084 ascensionem
2380 3024 2477 3097 (Μ
2486 3028 2551 3083 ιὶ.
2571 3030 2661 3096 25)
2676 3024 3072 3081 celetirasscnt
3094 3036 3287 3077 coram
3312 3016 3613 3090 pr:eJictis

1963 3116 2296 3187 abbatibus,
2311 3116 2543 3172 vexatio
2567 3129 2737 3184 quam
2762 3113 3045 3168 inferebat
3066 3109 3336 3166 ecclesias
3360 3104 3611 3163 Brunoni

1963 3205 2195 3276 objecta
2215 3210 2324 3261 est.
2354 3206 2612 3259 Abbates
2640 3201 2799 3258 illum
2822 3200 3091 3272 privatim
3114 3197 3539 3253 cmvenientes
3558 3196 3619 3249 et

1962 3295 2176 3350 leniter
2205 3293 2601 3363 increpantes,
2627 3289 3024 3346 defensionem
3045 3286 3220 3342 etiam
3242 3281 3617 3340 auctor.tatis

1963 3382 2306 3456 apostolicae
2330 3382 2522 3438 locum
2541 3384 2803 3437 tuentem
2823 3375 3161 3449 specialiter
3186 3375 3311 3428 firm
3335 3378 3415 3427 ito
3437 3370 3619 3442 privi-

1964 3471 2133 3544 legio,
2175 3487 2246 3528 ne
2269 3472 2399 3542 quis
2441 3471 2650 3525 inferat
2686 3468 2977 3537 injuriam,
3023 3464 3133 3519 nisi
3179 3461 3530 3518 honm'issui
3555 3463 3612 3516 et

1968 3560 2611 3634 potestatisinterdicta
2646 3557 2952 3627 dignitate,
2989 3552 3136 3608 satis
3163 3550 3436 3606 renitenti
3476 3562 3622 3619 prie-

1966 3651 2240 3717 ferentes,
2268 3648 2499 3703 tandem
2521 3662 2550 3702 a
2574 3645 2863 3702 sententia
2890 3641 3118 3698 dednxe
3160 3647 3281 3696 unt.
3309 3640 3396 3692 Sic
3426 3639 3615 3692 Brnno

1968 3738 2193 3794 ratione
2233 3737 2564 3803 convictus,
2617 3732 2895 3806 quicquid
2943 3730 3219 3786 indebitae
3266 3724 3617 3793 exactionis,

1969 3825 2245 3896 quicquid
2278 3824 2577 3890 clamoris,
2612 3822 2886 3893 quicquid
2924 3819 3168 3888 alicujus
3203 3813 3614 3872 insectationis

1967 3914 2059 3971 vel
2082 3911 2450 3968 infractionis
2479 3910 2567 3965 vel
2594 3912 2831 3979 proprio
2854 3914 3064 3963 conatu
3091 3906 3180 3961 vel
3209 3906 3445 3960 hortatu
3481 3902 3624 3971 alte-

1926 4048 1931 4055 .
1968 4000 2388 4059 riusadversus
2420 3997 2726 4054 ecclesiam
2762 3997 2981 4051 fecerat
3007 3995 3094 4049 vel
3131 3995 3321 4048 facere
3356 3990 3618 4046 intende-

1970 4092 2088 4160 bat,
2108 4090 2320 4160 injuste
2335 4103 2399 4144 se
2417 4087 2622 4143 fecisse
2638 4084 2868 4157 publice
2888 4082 3229 4152 recognovit
3246 4084 3304 4136 et
3324 4077 3614 4149 paenituit,

1969 4189 2113 4236 etne
2136 4179 2266 4251 quis
2286 4192 2351 4234 ea
2370 4176 2577 4233 amodo
2593 4177 2792 4245 ageret
2820 4172 3048 4229 hannali
3071 4168 3427 4226 auctoritate
3443 4167 3622 4222 inter-

1971 4267 2138 4340 dixit,
2168 4272 2421 4338 Itemque
2445 4263 2909 4321 interdicendum
2939 4260 3150 4316 Alardo
3169 4256 3461 4313 decanoin
3488 4270 3625 4311 eon-

1970 4364 2150 4415 ventu
2169 4360 2546 4414 sacerdotum
2562 4368 2683 4409 sum
2702 4349 3093 4422 subjectionis
3111 4363 3212 4418 per
3226 4343 3624 4403 obedientiam

1970 4537 2129 4594 Petri
2151 4540 2212 4592 et
2234 4534 2395 4590 Pauli
2421 4532 2585 4604 (Jun.
2612 4536 2703 4599 29)
2736 4529 3014 4587 bannales
3043 4540 3250 4584 cruces
3276 4521 3616 4579 deducenti-

1974 4626 2085 4682 bns
2120 4621 2485 4697 presbiteris,
2518 4635 2649 4677 cum
2678 4618 3028 4676 exsolvisset
3050 4614 3381 4672 oblationes
3406 4609 3622 4667 debitas

1973 4710 2325 4781 devotionis,
2359 4710 2416 4766 in
2460 4708 2694 4782 publico
2725 4722 2929 4764 eorum
2961 4708 3254 4763 conventu
3288 4697 3625 4770 adjudicato

1973 4801 2086 4859 sibi
2118 4813 2413 4858 consensu
2458 4796 2735 4868 omnium,
2785 4798 2971 4852 banno
3017 4787 3468 4850 archidiaconali
3503 4785 3633 4841 edi-

1974 4895 2134 4950 ctum
2167 4888 2238 4946 de
2269 4887 2567 4959 recognita
2601 4900 2741 4959 pace
2773 4891 2832 4941 et
2863 4884 3139 4940 libertate
3166 4877 3436 4937 ecclesiae
3467 4872 3624 4930 beati

1973 4979 2218 5038 Hnberti
2245 4975 2636 5046 confirmavit,
2674 4979 2732 5030 et
2774 4987 2845 5029 ne
2882 4972 3011 5045 quis
3044 4971 3192 5028 idem
3228 4970 3479 5024 bannum
3511 4977 3635 5020 am-

1972 5070 2130 5143 plius
2159 5068 2505 5137 infringeret
2536 5061 3083 5121 excommunicavit.

2044 5179 2131 5232 95.
2168 5174 2342 5247 (125.)
2385 5175 2548 5228 Anno
2590 5168 2877 5228 incarnati
2901 5168 3076 5225 Verbi
3112 5169 3267 5235 1105,
3301 5121 3632 5220 Richardus

1975 5261 2207 5337 quidam
2230 5257 2548 5318 cardinalis
2570 5255 2838 5315 ecclesiae
2860 5256 3133 5312 Romanas
3157 5251 3331 5325 (205),
3352 5247 3626 5309 conciliis

1802 5361 2025 5422 NOTAt.

302 5459 431 5516 203i
463 5458 640 5516 Error
672 5458 1040 5516 manifestus.

301 5529 430 5601 205)
458 5530 661 5602 Dauzy
692 5531 764 5587 ad
795 5529 848 5586 ll.
885 5531 1112 5587 Carum.

529 5616 794 5680 PATROL.
869 5617 1081 5681 CLIV.

2046 5457 2198 5531 (205)
2230 5456 2332 5530 Ep.
2372 5453 2737 5513 Albanensis.

3315 5606 3396 5667 46
