3948 6070
288 159 440 220 1451

284 317 544 388 indictis,
577 317 788 388 agebat
821 332 928 390 per
971 317 1190 374 Gallias
1221 317 1578 390 apostolicae
1604 317 1784 376 vices.
1835 318 1940 378 Cui

285 409 645 479 suffragante
666 408 924 464 Roberto
945 407 1318 477 Virdunensi,
1343 423 1378 478 q
1405 407 1441 462 :i
1467 407 1550 462 illi
1575 407 1942 464 familiariter

287 497 648 565 adhaerebat,
693 495 748 550 in
779 496 994 552 eisdem
1025 495 1290 552 conciliis
1313 494 1660 552 declamavit
1691 495 1942 552 Theode-

287 588 447 643 ricus
475 585 737 640 ordinem
785 599 904 640 suae
956 584 1324 650 privationis.
1373 584 1550 654 Cujus
1597 599 1770 641 causa
1803 584 1939 640 dum

285 675 698 742 ventilaretur,
728 688 799 728 ex
845 672 1133 729 sententia
1188 671 1442 728 fidelium
1491 672 1754 730 decrevit
1787 672 1846 728 id
1886 687 1939 728 m

286 761 630 824 cardinalis,
655 776 759 818 nec
793 762 1006 817 debere
1039 775 1144 816 nec
1179 776 1350 832 posse
1382 760 1541 818 illum
1577 761 1942 833 przelationis

286 865 410 908 sua;
433 851 718 920 dignitate
743 850 980 922 privari,
1010 865 1178 920 quam
1213 851 1383 906 nimis
1406 851 1734 908 inconsulte
1764 852 1942 906 inter-

285 939 520 995 misisse
539 939 848 994 videbatur
870 941 945 994 ob
967 939 1360 996 defensionem
1387 939 1654 996 veritatis
1675 945 1733 995 et
1760 939 1942 995 fideli-

281 1031 464 1084 tatem
500 1029 840 1098 apestolicte
865 1027 966 1082 sed
997 1044 1044 1097 s,
1077 1029 1373 1100 sciretque
1403 1029 1670 1085 Wiredus
1693 1029 1943 1100 Andagi-
1973 1081 1976 1085 .

287 1131 524 1173 nensem
556 1116 846 1172 abbatiam
880 1117 1112 1172 omnino
1143 1117 1514 1174 interdictam
1545 1118 1679 1188 subi,
1711 1123 1809 1174 aut
1838 1134 1940 1190 pro

285 1213 452 1263 certe
475 1209 1036 1262 excommunicatum
1061 1222 1188 1262 cum
1220 1207 1490 1263 omnibus
1524 1208 1852 1264 fautoribus
1880 1213 1938 1264 et

285 1295 575 1366 subjectis
599 1295 740 1350 suis.
775 1297 924 1350 lianc
948 1295 1290 1366 apostolica:
1313 1296 1685 1350 auctoritatis
1709 1301 1942 1352 senten-

287 1385 426 1441 tiam
452 1385 800 1440 Laurentius
821 1385 1003 1440 abbas
1023 1385 1211 1440 sancti
1236 1385 1454 1440 Vittoni
1482 1385 1628 1454 (206)
1647 1389 1708 1441 et
1726 1387 1942 1441 Rober-

285 1479 386 1530 tus
419 1473 737 1529 inonaehos
772 1471 1210 1543 ii‘iterceperunt
1239 1473 1472 1530 Wiredo
1493 1474 1934 1530 enunciandam.

286 1562 388 1618 Cui
419 1577 547 1617 cum
571 1565 637 1615 ad
659 1559 1108 1630 colloquendum
1133 1561 1283 1616 diem
1307 1566 1365 1616 et
1392 1560 1581 1616 locum
1601 1561 1940 1617 constituis-

282 1655 438 1713 sent,
477 1649 690 1718 illeque
724 1663 835 1702 non
885 1648 1273 1717 convenisset,
1312 1663 1415 1720 per
1447 1648 1758 1705 Adelouem
1791 1663 1939 1720 prm-
1969 1659 2021 1718 Β

290 1737 547 1810 positum
569 1735 986 1791 mandaverunt
1011 1736 1064 1790 ei
1087 1736 1403 1792 cardinalis
1422 1737 1722 1792 decretum
1741 1737 1939 1802 ;Theo-

288 1824 526 1882 dericus
553 1839 786 1896 quoque
817 1823 1032 1879 litteris
1061 1825 1129 1878 ad
1159 1826 1370 1880 fratres
1392 1825 1722 1896 destinatis,
1749 1825 1939 1895 ingra-

283 1913 445 1969 vavit
475 1913 562 1966 eis
611 1911 868 1980 ejusdem
918 1912 1539 1968 excommunicationis
1587 1913 1931 1985 periculum.

281 2001 401 2056 Sub
453 2000 565 2054 hiis
604 1999 1094 2054 insectationibus
1144 1999 1269 2054 suis
1309 2000 1578 2057 Wiredus
1617 2003 1933 2058 Manassem

285 2089 599 2144 Remorum
625 2087 954 2158 pontificem
980 2085 1142 2154 adiit,
1168 2091 1228 2142 et
1250 2086 1434 2143 altare
1463 2087 1534 2144 de
1557 2088 1755 2161 Sulpio
1780 2090 1934 2161 quod

275 2175 548 2234 ecclesiae
585 2191 686 2248 per
716 2190 896 2231 annos
924 2178 957 2228 7
1003 2176 1399 2246 subtraxerat,
1433 2177 1792 2235 reddendum
1825 2179 1933 2236 sibi

271 2262 640 2322 reclamavit.
667 2265 962 2319 Manasses
993 2278 1106 2318 non
1149 2263 1334 2320 solum
1367 2265 1522 2334 quod
1546 2266 1930 2340 subduxerat,

277 2353 386 2409 sed
407 2353 580 2407 etiam
603 2350 788 2408 altare
809 2349 879 2408 de
897 2351 1178 2420 Nogarias
1197 2357 1418 2408 remota
1438 2368 1682 2425 persona
1703 2359 1761 2410 et
1781 2355 1933 2412 facta

269 2441 510 2514 publica
533 2443 589 2495 et
628 2438 799 2510 legali
852 2440 1184 2511 donatione,
1229 2456 1520 2498 consensu
1553 2443 1811 2498 Gervasii
1844 2459 1934 2498 ar-

273 2529 608 2588 chidiaconi
638 2535 697 2584 et
727 2529 911 2583 totius
933 2527 1075 2583 Cleri
1107 2529 1194 2584 sui
1223 2529 1450 2584 firmato
1473 2534 1533 2584 et
1561 2531 1790 2600 signato
1816 2531 1930 2602 pri-

267 2617 509 2688 vilegio,
535 2616 804 2672 ecclesiae
828 2616 983 2671 beati
1009 2617 1249 2671 lluberti
1277 2631 1380 2687 pro
1403 2616 1801 2674 anniversario
1824 2633 1931 2675 suo

274 2721 353 2763 ex
375 2707 503 2776 ejus
525 2705 717 2761 reditu
737 2705 1140 2776 sollempniter
1161 2705 1386 2775 agendo
1407 2710 1695 2778 perpetuo
1717 2705 1930 2764 haben-

268 2792 412 2852 dum
445 2793 708 2849 tradidit.

347 2932 438 2985 96.
466 2907 638 2997 (ἠδ.)
664 2927 918 2982 Obertus
945 2926 1163 2982 interea
1189 2927 1361 2984 nimis
1387 2927 1805 2986 immoderatus
1827 2929 1928 2988 do-

1268 158 1748 224 CHRONICON
1793 159 1863 219 S.
1909 144 2274 241 HUBERTI
2316 153 2708 217 ANDAGIN.

2055 375 2272 447 palati;
2309 374 2708 432 introductum
2755 377 3314 435 commendaverunt
3365 377 3780 438 Coloniensi

2049 463 2334 535 pontifici.
2365 465 2411 519 Α
2441 478 2556 534 quo
2604 462 2872 520 hilariter
2891 463 3178 538 exceptus
3207 472 3268 522 et
3296 467 3776 536 deosculatus,

2050 550 2446 620 interrogatus
2485 567 2718 623 quoque
2741 551 2812 608 ad
2845 553 2986 624 quid
3019 554 3301 625 venisset,
3335 555 3561 627 illeque
3585 571 3784 628 gra-

2052 640 2202 698 viter
2224 641 2530 712 suspirans
2570 641 2804 698 interim
2856 643 3131 700 reticeret
3155 675 3217 685 -
3241 645 3359 716 jam
3381 646 3538 702 enim
3575 651 3786 703 ante

2051 731 2430 799 praemonitus
2452 734 2635 786 erata
2672 732 3018 802 Berengero,
3053 731 3214 790 nullo
3241 733 3409 791 modo
3437 735 3557 792 sibi
3587 736 3784 792 fore

2053 815 2217 886 utile,
2233 817 2281 873 si
2302 817 2452 873 inter
2466 821 2549 873 tot
2573 817 2970 875 adversitates
2993 835 3158 876 suam
3175 835 3302 878 una:
3320 823 3778 892 eratgravior

2051 918 2283 961 causam
2300 906 2372 960 de
2385 904 2612 960 Mirvolt
2635 905 2919 964 adversus
2943 907 3224 964 Obertum
3249 909 3334 966 sic
3351 926 3776 982 oppressum

2051 991 2453 1062 ingravaret-
2473 993 3037 1066 poutifexexsurgen
3055 1016 3076 1050 s
3095 997 3486 1068 Berengerum
3509 1004 3574 1056 et
3593 1002 3778 1056 Ste-

2053 1081 2303 1152 phanum
2325 1082 2570 1138 abbates
2592 1097 2858 1140 seorsum
2887 1085 3176 1154 evocavit,
3202 1091 3262 1141 et
3287 1091 3346 1142 ut
3371 1088 3488 1144 sibi
3512 1090 3772 1159 queri-

2051 1170 2300 1225 moniam
2321 1185 2450 1226 cum
2466 1171 2667 1228 dolore
2681 1171 2986 1228 reticentis
3001 1187 3073 1228 ex
3087 1171 3294 1230 ordine
3313 1183 3770 1247 exponerent,

2051 1259 2560 1328 perobedientiam
2576 1259 3179 1329 indixit.Berengerus
3193 1264 3411 1332 optime
3423 1265 3652 1321 consci
3667 1278 3768 1321 ns

2052 1346 2133 1402 rei
2161 1352 2222 1401 et
2264 1348 2490 1418 peritus
2519 1347 2770 1418 dicendi,
2817 1347 2970 1419 quod
3006 1349 3327 1418 jubebatur
3364 1355 3760 1410 enarra-vit.

2050 1435 2338 1490 Videlicet
2358 1437 2650 1506 quomodo
2676 1436 3022 1508 pmdictum
3055 1443 3333 1510 castrum,
3357 1443 3518 1497 omni
3549 1443 3770 1512 adja-

2050 1523 2204 1578 centi
2232 1523 2544 1593 provincia)
2571 1523 2865 1594 infestum,
2891 1540 2962 1581 ex
2980 1525 3176 1582 edicto
3201 1527 3428 1585 llenrici
3455 1530 3768 1602 impera-

2053 1611 2202 1666 toris
2216 1612 2441 1668 viribus
2455 1613 2640 1668 totius
2661 1613 3046 1684 Li-tharingize
3065 1615 3158 1670 vix
3181 1617 3368 1673 fuerat
3383 1619 3760 1690 dejectum,

2056 1700 2346 1770 quomodo
2369 1701 2441 1755 ab
2475 1700 2752 1772 episcopo
2791 1702 3042 1758 Henrico
3071 1709 3448 1774 rcstructum,
3469 1707 3766 1766 iterum-

2049 1801 2161 1858 que
2185 1789 2257 1843 ab
2280 1787 2382 1843 illo
2405 1789 3009 1846 subinterminatione
3033 1793 3768 1863 perpetuianatbematis

2047 1875 2171 1930 des:
2188 1881 2439 1944 ructum,
2489 1877 2778 1947 quomodo
2799 1878 2974 1935 etiam
3001 1895 3153 1937 nunc
3177 1881 3232 1936 in
3255 1881 3502 1938 exitium
3521 1885 3762 1941 eccle-

2048 1963 2149 2018 siae
2169 1963 2322 2018 beati
2343 1965 2584 2020 lluberti
2601 1971 2901 2022 constaret
2921 1968 3020 2022 reti
3032 1970 3756 2041 rmatum.Subjungente

2045 2057 2239 2108 autem
2269 2054 2567 2124 pontiﬁce,
2585 2069 2690 2110 cur
2715 2053 2848 2109 inde
2871 2055 3054 2111 abbas
3077 2059 3392 2113 clamorem
3419 2059 3751 2129 din‘erret,

2047 2140 2355 2210 respondit
2374 2140 2471 2196 ille
2487 2141 2878 2211 quiajustitiae
2893 2143 3422 2216 dimderet.Rapuit
3442 2149 3752 2218 pontifex

2045 2241 2176 2283 cum
2201 2227 2604 2297 indignatione
2627 2229 2868 2285 verbum
2895 2229 3254 2302 difﬁdentia},
3269 2233 3632 2304 juravitque
3656 2235 3752 2292 de

2046 2315 2506 2384 agendajustitia
2530 2316 2801 2372 abbatem
2827 2318 3044 2374 frustra
3070 2319 3352 2391 difiidcre,
3369 2323 3416 2378 si
3443 2323 3568 2378 vita
3595 2325 3744 2383 sibi

2045 2407 2386 2474 superesset
2429 2417 2560 2459 cum
2593 2404 3009 2475 prosperitate.
3047 2405 3210 2462 Circa
3241 2407 3438 2465 horam
3471 2415 3742 2468 Sr-xtam

2043 2489 2296 2546 collecto
2319 2489 2604 2547 adversus
2627 2491 2906 2548 Obertum
2931 2492 3092 2548 clero
3115 2493 3440 2566 Leodiensi,
3461 2498 3741 2558 videres

2041 2577 2422 2635 tumultuaria
2441 2577 2808 2635 dissensione
2829 2580 3115 2638 rationem
3142 2583 3441 2655 confundi,
3467 2585 3605 2642 sine
3625 2587 3738 2642 vi-

2043 2667 2395 2722 cissitudine
2445 2666 2768 2724 dicendiet
2821 2667 3094 2725 audiendi
3147 2670 3390 2742 injurias
3445 2688 3600 2744 quas
3634 2676 3734 2732 ab

2041 2753 2258 2810 Oberto
2309 2754 2674 2826 pertulerant
2719 2754 2986 2825 singulos
3023 2759 3327 2828 conqueri,
3379 2762 3732 2820 canonicas

2039 2842 2363 2900 sententias
2385 2843 2671 2900 adversus
2691 2858 2820 2900 eum
2852 2843 3254 2902 indifferenter
3282 2849 3564 2920 conferri,
3601 2850 3730 2908 do-

2037 2945 2145 2988 nec
2179 2931 2443 3002 pontifex
2475 2931 2842 2988 Coloniensis
2872 2936 2942 2988 eo
2975 2948 3174 2989 secum
3209 2935 3549 2993 introducto
3565 2952 3728 2994 con-

257 3017 610 3074 ‘minationis
635 3015 977 3072 exercenda)
1009 3015 1190 3086 coepit
1215 3015 1408 3072 Leodii
1431 3016 1624 3073 civilia
1642 3017 1778 3089 jura
1793 3033 1928 3076 con-
1959 3028 2008 3090 ο
2038 3019 2216 3075 sedit.
2249 3019 2500 3074 Tandem
2531 3019 2734 3076 sedato
2760 3021 3036 3092 tumultu,
3067 3026 3127 3077 et
3157 3023 3291 3078 data
3315 3026 3608 3081 sententia
3634 3030 3718 3082 ut

271 3104 515 3172 vellere,
551 3104 710 3174 leges
743 3095 1021 3173 majorum
1057 3111 1300 3174 mutare,
1340 3105 1798 3164 consuetudines
1829 3122 1928 3164 an-

268 3193 527 3261 nullarc,
556 3197 733 3262 utque
763 3193 1008 3249 liberius
1035 3193 1452 3264 comprimeret
1474 3195 1744 3264 minores,
1771 3195 1927 3252 diffe-

267 3283 445 3338 rebat
476 3282 707 3340 interim
752 3297 1104 3352 exasperare
1137 3282 1407 3351 majores,
1459 3281 1628 3338 donis
1658 3283 1834 3340 etiam
1864 3287 1924 3340 et

273 3369 580 3442 promissis
599 3369 667 3424 ad
689 3369 1172 3426 consentiendum
1193 3369 1303 3426 sibi
1322 3371 1708 3427 contrahebat
1730 3377 1927 3443 poten-

270 3459 470 3514 tiores.
495 3459 605 3514 bed
628 3473 736 3514 nec
758 3459 855 3514 diu
881 3459 1068 3528 potuit
1093 3472 1156 3514 se
1171 3458 1496 3529 continere,
1519 3460 1654 3530 quin
1679 3461 1831 3530 quod
1850 3459 1923 3516 ad

271 3549 504 3617 tempus
527 3546 839 3602 distulerat
866 3547 1164 3616 proderet,
1189 3552 1246 3602 et
1283 3547 1337 3600 in
1364 3548 1565 3603 eadem
1588 3548 1925 3617 onpressio-

270 3648 346 3688 ne
389 3634 556 3690 ﬁeret
588 3635 858 3690 omnibus
899 3633 1070 3689 idem.
1123 3634 1514 3690 Ecclesiarum
1566 3635 1816 3706 denique
1863 3641 1925 3692 et

269 3720 622 3778 clericUrum
649 3726 1063 3792 p'ocuratores
1103 3722 1286 3778 totius
1305 3722 1525 3779 liberos
1565 3723 1924 3794 forensisju-

267 3807 355 3864 ris
379 3808 664 3864 violenter
684 3808 1000 3878 infringere
1023 3809 1361 3879 temptavit:
1380 3809 1524 3867 adeo
1548 3815 1612 3866 ut
1633 3811 1923 3869 custodia:

274 3897 637 3968 manciparct
680 3897 1036 3954 domesticos
1078 3898 1370 3954 Frederici
1405 3899 1707 3970 praepositi
1738 3899 1924 3956 eccle-

270 3984 372 4042 siae
401 3985 550 4041 beati
593 3985 900 4042 Lambtrti.
947 3984 1108 4041 Unde
1130 3991 1413 4043 evocatus
1453 3986 1814 4058 querimonia
1837 3991 1924 4044 to-

270 4073 390 4130 tius
411 4073 554 4129 cleri
582 4074 938 4143 Leodiensis,
981 4074 1138 4129 venit
1169 4075 1594 4144 Aquisgranum
1619 4077 1918 4148 palatium,

275 4159 462 4218 donec
488 4161 829 4218 Frcdericus
847 4162 1335 4234 mctropolitauus
1359 4162 1924 4222 Coloniensismibi-

259 4247 511 4319 demque
551 4249 906 4306 audientiam
933 4250 1227 4307 canonieae
1259 4251 1647 4308 discussionis
1683 4253 1920 4324 publice

271 4335 594 4393 habendam
621 4339 840 4429 Oberto
865 4337 1092 4393 indixit.
1118 4339 1362 4429 Advenit
1387 4340 1660 4429 Obertus,
1681 4341 1919 4398 advenit
1945 4371 1998 4429 υ

270 4425 447 4481 etiam
463 4442 590 4482 cum
615 4428 930 4483 abbatibus
943 4432 1004 4483 et
1022 4428 1448 4486 archidiaconis
1467 4428 1772 4502 mul.iplex
1787 4432 1920 4488 Leo-

267 4512 560 4570 dicnsium
580 4517 797 4572 clerus.
813 4518 948 4572 Erat
977 4519 1111 4572 1104
1127 4532 1313 4574 annus
1334 4517 1618 4575 incarnati
1635 4519 1830 4590 Verbi,
1851 4521 1921 4578 fe-

260 4601 345 4658 ria
379 4603 580 4673 quinta
605 4604 804 4674 prima:
829 4605 1206 4662 hebdomadas
1232 4606 1915 4677 quadragesimae(Mart.

263 4685 376 4762 10).
409 4692 526 4747 Sub
549 4691 772 4749 hisdem
798 4693 976 4748 ferme
994 4693 1202 4750 diebus
1223 4699 1467 4750 venerat
1489 4695 1758 4753 Wiredus
1783 4697 1917 4755 Leo-

265 4779 428 4836 dium
451 4780 523 4837 de
548 4781 895 4851 quibusdam
935 4781 1242 4852 injustitiis
1264 4782 1528 4841 ecclesias
1550 4789 1770 4843 nostrae
1793 4785 1918 4844 illa-

254 4869 338 4925 tis
359 4877 678 4926 curaturus
691 4871 845 4941 apud
861 4870 1160 4928 Obertum.
1180 4871 1436 4928 Audiens
1455 4879 1650 4929 autem
1667 4877 1780 4929 tam
1806 4875 1917 4931 fre-

257 5045 712 5114 berto,Adeloue
730 5046 944 5104 ibidem
963 5048 1278 5103 maturavit
1294 5047 1684 5117 adesseQuem
1699 5055 1914 5123 praeter

249 5147 412 5204 spem
428 5133 732 5193 advenisse
764 5135 982 5207 mirati,
1015 5143 1430 5207 processerunt
1448 5136 1505 5194 in
1535 5139 1698 5197 curia
1729 5139 1913 5211 regali

2040 3122 2188 3164 unus
2212 3107 2436 3163 diceret
2470 3123 2576 3178 pro
2597 3107 2894 3177 omnibus,
2928 3109 2998 3164 ad
3023 3109 3130 3166 hoc
3149 3110 3555 3180 exequendum
3582 3112 3718 3169 cle-

2033 3201 2167 3250 ctus
2186 3193 2460 3249 constitit
2494 3195 2550 3248 in
2575 3193 2764 3250 medio
2791 3195 3072 3251 Henricus
3099 3194 3570 3265 archidiaconus,
3597 3201 3708 3269 qui

2035 3283 2232 3338 dicere
2251 3287 2495 3338 exortus
2515 3301 2535 3337 :
2556 3283 2697 3352 Hic,
2725 3282 2932 3351 inquit,
2957 3280 3180 3338 clamor
3197 3297 3378 3356 super
3393 3285 3712 3344 dominum

2033 3373 2366 3442 episcopum
2392 3386 2432 3428 a
2457 3371 2624 3427 nobis
2653 3369 2830 3426 z'iodie
2855 3371 3123 3441 agendus
3149 3386 3267 3429 non
3295 3375 3388 3431 est
3409 3377 3544 3446 ejus
3559 3378 3712 3447 pri-

2031 3461 2202 3526 catie,
2226 3459 2383 3526 vitae,
2405 3456 2578 3526 cujus
2601 3458 2770 3514 testis
2791 3457 2880 3514 est
2899 3459 3060 3516 Deus
3088 3460 3147 3515 et
3159 3461 3362 3531 jndea:
3387 3463 3576 3526 scius.
3597 3463 3714 3522 sed

2035 3545 2104 3601 de
2129 3543 2460 3617 injustitiis
2491 3544 2913 3602 ecclesiasticis
2939 3547 2999 3602 et
3017 3549 3242 3606 nostris
3269 3549 3501 3620 legibus
3527 3552 3588 3608 et
3606 3564 3700 3608 re-

2035 3633 2136 3692 bus
2157 3634 2457 3706 publicis;
2484 3631 2774 3690 cidelicet
2785 3633 2944 3706 quod
2961 3634 3240 3694 abbatias
3262 3640 3474 3695 (amato
3488 3641 3704 3710 pretio

2029 3723 2384 3792 vendiderit,
2410 3721 2570 3793 quod
2591 3722 2999 3780 ecclesiastica
3026 3725 3375 3783 ministeria
3395 3741 3702 3800 quiem-ie-

2030 3812 2173 3868 sunt
2190 3812 2534 3868 animarum
2561 3809 2726 3868 curis
2746 3811 2805 3866 et
2822 3825 2974 3881 qua,
3004 3812 3203 3884 utpote
3229 3813 3389 3871 dona
3413 3817 3700 3888 Spiritus

2030 3899 2248 3969 sancti,
2290 3897 2571 3955 donanda
2602 3899 2659 3954 et
2693 3898 3044 3970 accipienda
3083 3901 3230 3957 sunt
3246 3905 3473 3974 gratis,
3504 3907 3696 3976 pacta

2028 3988 2290 4046 mercede
2315 3987 2729 4055 distriiuerit;
2754 3987 2916 4058 quod
2941 3987 3009 4044 in
3035 4002 3338 4047 commune
3367 3992 3696 4064 dampnatus

2030 4076 2414 4133 ecclesiarum
2429 4077 2690 4132 omnium
2701 4076 3012 4146 provincia
3021 4076 3066 4132 li
3073 4091 3171 4134 um
3183 4077 3490 4150 legitimas
3497 4094 3694 4137 mone-

2032 4165 2124 4222 tas
2145 4163 2359 4220 totiens
2372 4162 2698 4220 mutaverit
2714 4162 2810 4220 oet
2821 4164 3135 4236 minuerit,
3151 4169 3229 4236 et,
3249 4169 3412 4238 quod
3428 4171 3521 4226 est
3534 4169 3693 4226 dete-

2025 4252 2180 4320 rius,
2197 4249 2500 4322 corrumpi
2517 4251 2912 4320 consenserit;
2930 4251 3092 4322 quod
3106 4252 3446 4312 libertatem
3447 4253 3688 4326 publici

2017 4339 2208 4412 juris,
2253 4339 2408 4410 teges
2437 4355 2476 4396 a
2503 4337 3090 4410 majoribusnostris
3117 4341 3410 4400 hactenus
3437 4341 3684 4400 labile:

2025 4429 2314 4486 violenter
2335 4427 2674 4500 infringere
2692 4427 3098 4496 contenderit;
3116 4429 3280 4500 quod
3297 4430 3458 4488 nobis
3475 4431 3532 4486 ei
3545 4429 3685 4501 qni-

2029 4515 2547 4591 busgueﬁdelibus
2563 4517 2762 4574 sancti
2782 4514 3080 4574 Lamberti
3095 4531 3168 4573 ne
3183 4517 3294 4576 lioc
3292 4520 3536 4592 faceret
3545 4531 3692 4589 sug—

2019 4604 2606 4679 gerentibus,andire
2617 4605 2942 4676 contempse
2975 4603 3692 4678 it;quodtandempoten-

2027 4695 2280 4753 tioribus
2295 4690 2580 4764 episcopii
2597 4691 2978 4762 exigentibus
2993 4699 3128 4750 nise
3143 4694 3488 4766 corrigeret,
3501 4696 3694 4752 corri-

2017 4783 2203 4857 gendi
2213 4795 2277 4839 se
2273 4781 2462 4852 ﬁdem
2475 4777 3006 4848 dederit,etdatam
3018 4781 3264 4840 irritam
3262 4783 3692 4856 fecerit;qu

2027 4873 2337 4931 thesauros
2347 4873 2627 4932 ecclesiar
2633 4885 2735 4931 nm
2749 4886 2902 4944 quas
2915 4873 3122 4945 σέθεροὶ
3127 4873 3286 4932 iacit
3293 4873 3541 4931 modum
3549 4885 3690 4930 cum

167 4969 174 4976 ‘
259 4971 448 5028 quens
461 4958 817 5015 auditorium
844 4962 880 5014 A
893 4959 1024 5031 quis
1040 4959 1404 5032 convenisse,
1420 4961 1741 5019 comitatus
1760 4961 1830 5018 La
1841 4978 1917 5021 m-
2015 4961 2213 5035 possit
2226 4961 2544 5020 restituere
2562 4961 2840 5019 coluerit.
2871 4961 3028 5029 Quia
3049 4976 3187 5034 ergo
3201 4963 3293 5020 sic
3307 4975 3372 5020 se
3388 4959 3692 5032 habetpn.

2025 5050 2184 5108 Mica
2200 5049 2538 5109 terdiensis
2553 5049 3059 5122 ecclesia,pmter
3072 5050 3351 5123 privatas
3361 5049 3694 5108 multorum

2023 5139 2454 5212 querimonias,
2477 5152 2634 5212 quas
2650 5137 2890 5211 longum
2909 5138 3401 5221 estprociamare,
3415 5139 3696 5197 convenit

1615 5235 1707 5292 VA
1715 5235 1854 5290 RUE
1898 5237 2298 5294 LECTIONES.

317 5317 388 5354 1³³
405 5319 529 5377 Hic
549 5320 798 5393 aliquid
809 5321 1007 5380 deesse
1026 5322 1126 5380 vel
1141 5323 1482 5397 corruptum
1499 5335 1625 5384 esse
1641 5323 1903 5384 videtur.

1843 5411 2069 5470 NOTE.

317 5479 469 5552 (206)
501 5476 906 5536 Virdunensis.

3551 154 3782 218 4521

1969 293 2024 352 Α
2056 285 2344 344 Henricus
2365 291 2426 344 et
2445 287 2638 344 Bruno
2659 285 3079 358 archidiaconi,
3107 291 3354 360 postque
3377 291 3782 348 orationem

3879 574 3889 673 ἐ

3881 680 3889 789 ἱ

3886 830 3899 1031 ἶ
