3948 6070
186 187 222 244 1
236 186 372 247 453

1197 177 1695 241 CHRONICON.
1747 178 1812 237 S.
1862 177 2231 238 HUBERTI
2272 177 2666 238 ANDAGIN.

3489 180 3637 241 1454

186 333 564 396 auctoritati
594 331 802 389 castra
828 328 1113 402 spiritum
1137 328 1379 387 consilii
1407 329 1464 384 et
1474 328 1873 401 fortitudinis
1904 318 1953 375 Α
1986 333 2182 383 11101110
2217 327 2519 384 ﬁdelitatis
2549 326 2890 397 obligasset.
2928 329 3036 384 Sed
3072 330 3355 386 Henricus
3384 344 3489 401 spe
3520 330 3640 387 bel-

190 424 441 491 adesse,
458 419 1042 492 utdSctantejudicio
1056 417 1695 492 reformeturjustitia,
1713 417 1874 473 etab-

193 512 717 583 solutisjtliorum
738 522 982 566 suorum
1002 508 1398 579 querimoniis
1421 507 1485 562 in
1502 521 1647 577 pace
1675 519 1877 562 eorum

201 604 452 663 letatur
476 600 671 657 mater
702 598 969 656 ecclesia.
1017 596 1100 651 Ad
1142 597 1265 653 haec
1308 595 1787 667 archiepiscopus
1817 595 1872 648 in

197 690 467 751 concilio
489 689 772 760 loquutus
796 689 1015 743 Oherto
1037 686 1230 756 rediit,
1254 686 1627 754 breviterque
1646 683 1874 739 concio-

213 788 401 838 natus
426 794 604 850 super
628 775 988 848 querimonia
1013 774 1323 843 communi,
1355 774 1633 829 Obcrtum
1661 774 1875 827 rubore

208 872 396 926 immo
431 867 830 936 indignatione
860 864 1163 920 confusum
1188 863 1258 918 de
1283 864 1496 932 quibus
1524 862 1875 932 culpabatur

206 959 452 1031 publice
486 954 831 1027 increpavit.
864 954 979 1008 Nec
1012 954 1177 1023 prius
1207 951 1437 1007 abstitit
1467 967 1631 1020 quam
1659 951 1728 1004 de
1754 946 1876 1017 qui-

209 1049 330 1105 bus
353 1046 776 1104 criminabatur
797 1041 938 1098 cleri
963 1040 1053 1097 sui
1078 1040 1326 1097 consilio
1349 1044 1405 1094 et
1431 1039 1675 1094 arbitrio
1697 1039 1877 1095 corri-

214 1137 414 1208 genda
444 1134 802 1200 condiceret,
832 1129 1210 1200 ejusdemque
1234 1129 1586 1185 conditionis
1610 1128 1873 1184 obsidem

222 1223 521 1297 propriam
545 1220 711 1275 ﬁdem
728 1224 786 1274 et
801 1217 1209 1274 auctoritatem
1225 1215 1616 1288 episcopalem
1635 1216 1687 1270 in
1707 1230 1874 1273 manu

224 1309 657 1381 archiepiscopi
690 1307 1029 1379 deponeret.
1062 1306 1385 1361 Terminum
1414 1320 1643 1375 quoque
1670 1304 1876 1376 praedi-

211 1404 331 1457 cta:
371 1396 724 1455 conditionis
763 1411 790 1450 a
835 1410 895 1451 se
937 1393 1160 1463 agendo
1204 1393 1449 1449 001101110
1495 1393 1747 1448 Coloniae
1787 1407 1874 1448 se-

210 1488 409 1546 cunda
432 1487 718 1542 dominica
742 1489 871 1554 post
893 1497 1063 1555 pasca
1085 1482 1565 1554 archiepiscopus
1590 1482 1869 1553 pr:cﬁxit;

210 1575 556 1647 sicquejam
582 1586 821 1643 vespera
848 1571 1183 1627 imminente
1214 1571 1565 1627 audientiam
1599 1571 1795 1625 8011111.

1985 414 2140 471 landi
2172 416 2474 486 deceptus,
2509 415 2681 471 immo
2714 415 2866 486 quod
2898 416 3233 473 imminebat
3264 418 3315 473 ei
3348 419 3633 490 deterius,

1986 504 2193 559 mediis
2225 504 2499 560 hostibus
2533 519 2678 575 quos
2714 505 2957 575 putabat
2997 506 3215 561 amicos
3248 509 3635 587 interceptus,

1985 592 2279 648 continuis
2296 601 2353 648 et
2374 593 2682 649 nocturnis
2707 593 3016 649 itineribus
3039 594 3463 665 Lotharingiam
3485 603 3639 659 refu-

1986 682 2090 749 git,
2120 680 2238 737 ﬁlio
2265 683 2607 751 insequente
2635 681 2947 751 fugientem
2968 697 3096 738 cum
3120 682 3342 740 facibus
3357 692 3413 740 et
3434 690 3632 746 armis.

1986 771 2313 840 Factusque
2344 775 2429 826 est
2466 769 2548 824 illi
2582 769 2725 826 adeo
2759 771 3025 841 infestus,
3064 777 3121 825 ut
3159 772 3212 826 in
3244 780 3501 831 castrum
3539 779 3640 834 Be-

1986 859 2330 914 chenesbem
2356 859 2500 928 (208)
2529 860 2613 915 cis
2638 860 2853 914 Renum
2889 860 3200 929 fugientem
3231 863 3635 939 concluderet,

1986 952 2045 1002 et
2069 948 2293 1004 exactis
2311 963 2337 1002 a
2351 950 2381 1001 b
2399 962 2468 1003 eo
2486 948 2784 1017 regalibus
2810 950 2997 1019 ipsum
3025 965 3254 1020 quoque
3277 966 3515 1022 regnum
3543 957 3639 1011 ab-

1981 1036 2181 1106 jurare
2209 1035 2609 1106 compelleret.
2655 1039 2825 1092 Facta
2859 1044 2993 1092 sunt
3025 1039 3147 1094 hzec
3184 1044 3317 1094 1106
3350 1042 3635 1099 incarnati

1986 1125 2160 1179 Verbi
2195 1140 2343 1180 anno
2377 1125 2534 1193 (Dec.
2561 1126 2672 1197 31).
2707 1126 2797 1180 Sic
2834 1131 2999 1197 pater
3031 1142 3059 1182 a
3094 1127 3211 1184 ﬁlio
3239 1133 3552 1201 tractatus,
3577 1137 3636 1188 et

1986 1212 2082 1265 vix
2102 1212 2172 1267 de
2192 1212 2456 1267 custodia
2480 1211 2604 1281 ejus
2621 1212 2873 1282 elapsus,
2890 1213 3182 1269 Coloniam
3206 1216 3380 1279 venit,
3401 1217 3507 1272 sibi
3528 1218 3639 1274 sol-

1987 1298 2095 1354 lem
2108 1301 2297 1370 pniter
2317 1301 2648 1355 valentibus
2673 1302 2986 1370 procedere
3008 1316 3118 1357 non
3138 1305 3454 1371 consensit,
3481 1306 3639 1361 inde-

1988 1403 2098 1458 que
2135 1396 2190 1443 ut
2230 1389 2491 1459 privatus
2527 1389 2695 1444 nudis
2730 1390 2974 1459 pedibus
3008 1392 3061 1444 in
3096 1392 3415 1461 asperrima
3451 1396 3638 1452 hieme

1988 1478 2333 1547 Aquisgrani
2359 1478 2633 1548 palatium
2655 1479 3014 1548 peraccessit
3036 1480 3156 1537 (an.
3181 1484 3359 1550 1106).
3384 1482 3637 1541 Obcrtus

1986 1567 2191 1622 dolens
2223 1567 2344 1621 hzec
2374 1567 2644 1622 evenisse
2675 1567 2781 1634 illi,
2816 1568 2997 1636 magis
3028 1574 3217 1623 autem
3242 1572 3288 1625 si
3316 1571 3470 1626 ﬁlius
3495 1588 3640 1642 [1110-

252 1720 257 1723 .
286 1676 378 1731 97.
414 1672 586 1743 (127.)
620 1672 911 1740 Sequente
934 1683 1109 1740 pasca
1134 1668 1415 1725 Henricus
1438 1683 1538 1724 rex
1567 1668 1756 1724 Leodii
1779 1682 1871 1725 οε-
1900 1671 1953 1729 B
1985 1654 2208 1709 valeret
2234 1654 2444 1711 timens
2464 1655 2598 1724 sibi,
2622 1656 2789 1725 quasi
2821 1657 3010 1724 gratia
3045 1655 3346 1713 ﬁdelitatis
3375 1661 3636 1716 occurrit

210 1762 470 1819 lebravit
488 1762 659 1831 (207).
680 1759 762 1814 lbi
788 1757 1052 1812 maximis
1076 1757 1334 1813 obsoniis
1358 1759 1510 1828 apud
1534 1774 1663 1813 eum
1691 1759 1870 1813 Ober-

213 1854 317 1906 tus
340 1848 553 1917 eﬁ‘ecit,
585 1863 654 1902 ne
691 1846 988 1917 prtcﬁxum
1020 1845 1331 1901 concilium
1366 1846 1615 1902 Colonia)
1648 1846 1866 1901 sineret

214 1937 366 2007 ﬁeri,
399 1936 528 2006 quia
562 1935 925 1991 dissimulata
956 1933 1289 1989 conditione
1320 1934 1451 1989 ﬁdei
1482 1935 1753 2003 condit-.9,
1782 1933 1866 1987 di-

221 2024 500 2080 rectionis
553 2029 737 2093 pacta:
796 2021 1509 2077 verebaturexactionem.
1535 2019 1749 2091 Siquid
1770 2020 1865 2076 de-

214 2111 389 2182 nique
411 2108 838 2166 emendationis
860 2110 1011 2178 apud
1040 2124 1297 2178 quosque
1326 2111 1687 2177 potentiores
1712 2109 1866 2165 vide-

213 2201 388 2257 batur
418 2198 552 2253 inde
580 2196 867 2265 ell'ecisse,
901 2210 1010 2250 non
1043 2196 1149 2251 hoc
1181 2194 1459 2251 effecerat
1486 2196 1576 2251 vel
1606 2196 1738 2251 ﬁdei
1772 2198 1864 2253 vcl

212 2288 453 2345 virtutis
481 2284 852 2354 executione,
885 2281 985 2338 sed
1010 2289 1072 2338 ut
1095 2282 1166 2339 ad
1190 2288 1422 2355 tempus
1449 2300 1570 2341 sua}
1599 2287 1866 2343 consule-

215 2381 308 2433 ret
336 2377 606 2433 infamize.
646 2374 739 2431 Sic
776 2388 850 2429 ex
887 2372 1068 2442 regali
1112 2372 1524 2443 impedimento
1557 2374 1865 2433 deﬁciente

210 2465 483 2534 concilio,
505 2471 702 2521 nostra
719 2477 951 2534 quoque
975 2464 1256 2519 frustrata
1275 2464 1456 2518 estde
1478 2465 1865 2534 promissione

213 2553 638 2626 archiepiscopi
668 2552 1020 2624 expectatio.
1055 2553 1170 2608 Nec
1195 2551 1377 2608 multo
1399 2560 1530 2623 post
1556 2555 1864 2611 suscitavit

212 2645 369 2701 Deus
400 2642 672 2714 Spiritum
706 2641 1016 2714 pessimum
1059 2641 1211 2696 inter
1251 2643 1561 2697 Henricum
1593 2648 1651 2699 et
1685 2644 1862 2700 ﬁlium

212 2733 365 2804 ejus.
400 2731 685 2787 Henricus
717 2746 746 2786 a
782 2745 928 2801 papa
962 2730 1242 2800 Gregorio
1276 2732 1370 2785 VII
1403 2734 1866 2790 excommunica-

214 2826 314 2878 tus
346 2834 450 2892 pro
479 2819 821 2876 criminibus
861 2819 1163 2876 evidenter
1204 2821 1468 2891 probatis
1498 2836 1647 2877 anno
1680 2822 1867 2878 incar-

211 2908 335 2966 nati
366 2908 537 2965 Verbi
578 2912 710 2965 1076
743 2908 797 2963 in
832 2909 1052 2978 synodo
1082 2910 1355 2978 Romana,
1384 2914 1598 2966 extunc
1630 2927 1733 2981 per
1762 2912 1864 2971 tri-

210 2996 373 3067 ginta
402 2996 519 3051 fere
542 3011 725 3052 annos
748 2995 1133 3066 apostolicam
1159 2997 1355 3052 sedem
1381 2998 1780 3068 impugnabat,
1805 3003 1862 3056 et
1897 3023 1945 3084 Ο

214 3088 493 3155 quantum
528 3085 583 3140 in
615 3100 675 3140 se
707 3089 853 3152 erat,
882 3100 1082 3141 omnes
1115 3085 1222 3141 sibi
1258 3088 1697 3145 consentientes
1724 3106 1752 3145 a
1778 3107 1865 3147 re-

219 3180 425 3246 apectu
460 3177 517 3228 et
549 3173 832 3228 ﬁdelitate
863 3173 987 3241 ejus
1021 3173 1280 3244 periculo
1313 3176 1631 3234 animarum
1664 3195 1864 3236 eorum

219 3262 544 3318 avertebat.
573 3262 716 3316 Filio
741 3268 933 3315 autem
954 3261 1067 3330 jam
1088 3270 1395 3333 coronato,
1423 3274 1754 3336 suggestum
1778 3274 1865 3326 est

218 3348 272 3406 ei
305 3364 334 3406 a
366 3350 567 3406 multis
599 3354 659 3404 et
692 3348 956 3404 maximis
989 3350 1342 3420 primoribus
1373 3357 1557 3424 regni,
1596 3361 1652 3412 ut
1685 3358 1869 3415 eccle-

220 3438 323 3495 sia
352 3439 642 3508 Romanm,
673 3438 839 3509 cujus
868 3442 991 3493 erat
1027 3445 1195 3509 pater
1222 3454 1363 3497 suus
1394 3447 1506 3497 tam
1537 3443 1744 3514 longus
1774 3447 1872 3500 im-

217 3532 529 3598 pugnator,
552 3528 676 3597 ipse
697 3527 861 3581 ﬁeret
885 3526 1071 3581 ﬁdelis
1090 3528 1381 3597 defensor,
1407 3531 1602 3599 sicque
1628 3541 1872 3601 praeter)-

220 3613 463 3669 deretur
501 3613 568 3645 ¹⁶⁰
603 3614 711 3669 sibi
754 3613 1008 3669 melioris
1050 3630 1241 3669 causas
1283 3615 1521 3671 defensi!
1549 3634 1675 3673 nem
1719 3627 1869 3689 patri

219 3700 619 3773 repugnando.
650 3702 1015 3772 Suggestioni
1040 3704 1336 3759 consensit
1355 3705 1606 3775 juvenis,
1636 3707 1870 3767 laetatus

221 3788 329 3847 sibi
350 3790 530 3846 licere
552 3795 610 3846 ut
634 3793 951 3847 obsisteret
976 3791 1148 3862 patri,
1168 3794 1615 3865 aggregatisque
1636 3798 1870 3866 quibus-

223 3876 351 3935 dam
381 3878 713 3934 fautoribus
742 3880 864 3935 suis
896 3880 1132 3935 transiit
1154 3881 1394 3940 Renum.
1418 3890 1476 3938 ct
1501 3883 1756 3940 Saxones
1781 3886 1871 3942 vel

230 3980 631 4037 quoscumque
664 3972 902 4022 noverat
935 3982 963 4023 a
999 3974 1164 4039 patre
1194 3985 1301 4026 suo
1335 3971 1674 4029 multotiens
1709 3975 1872 4044 prius

221 4054 533 4125 injuriatos
557 4071 751 4112 secum
780 4055 860 4111 illi
886 4057 1274 4114 rebellaturos
1300 4062 1513 4116 emovit
1537 4063 1656 4123 (an.
1690 4066 1866 4137 110:5).

216 4142 393 4200 Pater
415 4151 609 4201 autem
633 4150 936 4216 assumpto
966 4146 1159 4202 Leodii
1183 4148 1398 4203 Oberto
1422 4165 1551 4204 cum
1578 4152 1720 4220 suis,
1754 4152 1872 4209 col-

212 4230 382 4289 lectis
412 4232 589 4289 etiam
622 4234 836 4303 quibus
866 4240 1183 4305 utcumque
1218 4237 1526 4293 videbatur
1553 4239 1741 4297 adhuc
1773 4242 1870 4297 dc-

221 4319 449 4389 minari,
496 4320 745 4376 transito
773 4326 829 4375 et
864 4322 988 4393 ipse
1019 4323 1176 4378 Reno
1209 4338 1312 4394 per
1341 4327 1672 4395 superiores
1703 4329 1867 4398 regni

216 4404 362 4461 ﬁnes
396 4407 606 4463 itinere
646 4409 975 4479 quindecim
1018 4411 1241 4467 dierum
1281 4420 1630 4483 prosecutus
1664 4417 1866 4488 ﬁlium,

216 4492 573 4551 sollicitabat
616 4498 1007 4567 provinciales
1037 4500 1105 4555 ad
1145 4499 1388 4555 bellum.
1423 4503 1694 4559 Evocatis
1729 4520 1867 4561 vero

211 4579 577 4653 principibus
606 4584 927 4654 regionum,
962 4602 1090 4642 cum
1122 4588 1210 4644 eis
1242 4588 1693 4659 przescntialiter
1725 4590 1867 4646 indi-

210 4673 372 4725 ceret
402 4669 859 4727 decertationem
887 4672 1171 4730 adversus
1196 4676 1396 4745 ﬁlium,
1433 4680 1863 4748 responderunt

209 4755 295 4814 illi
319 4755 390 4812 ad
416 4756 525 4814 hoc
550 4759 821 4830 compelli
845 4774 947 4816 eos
970 4775 1075 4817 nec
1100 4763 1312 4818 debere
1338 4780 1441 4819 nec
1469 4781 1663 4836 posse,
1687 4782 1866 4836 quan-

211 4844 522 4916 doquidem
566 4862 767 4904 omnes
801 4848 855 4903 in
889 4864 1196 4905 commune
1226 4852 1488 4922 ejusdem
1532 4853 1631 4906 ﬁlii
1674 4870 1864 4911 sacra-

1983 1743 2087 1813 illi,
2113 1758 2448 1812 secumque;
2485 1749 2546 1798 111
2573 1751 2700 1798 erat
2733 1744 3095 1800 vehementis
3127 1746 3324 1815 animi,
3356 1748 3526 1803 nimis
3552 1753 3639 1805 te-

1981 1846 2138 1885 mere
2161 1831 2444 1899 ni‘misque
2467 1831 2866 1902 imprudenter
2891 1832 3158 1887 Leodium
3181 1835 3455 1900 adduxit;
3482 1837 3637 1906 quod

1980 1934 2041 1973 sc
2068 1919 2355 1987 pcenitere
2378 1934 2506 1973 cum
2537 1919 2712 1973 vellet
2741 1935 2850 1974 non
2886 1920 3069 1975 licuit.
3100 1923 3237 1975 Nam
3271 1930 3487 1993 prieter
3514 1925 3639 1994 ejus

1980 2020 2335 2075 suorumque
2358 2006 2649 2076 impensas
2670 2008 2951 2075 gravabat
2976 2022 3104 2064 eum
3130 2012 3486 2078 permaxime
3510 2028 3642 2083 pro-

1977 2092 2315 2150 vincialium
2338 2095 2661 2166 principum
2681 2095 2893 2149 ibidem
2909 2097 3379 2153 convenientium
3402 2102 3644 2160 assidui-

1982 2188 2087 2253 tas,
2125 2195 2273 2251 quos
2304 2185 2360 2235 et
2396 2182 2522 2252 ipse
2556 2181 2710 2237 ultro
2754 2185 3114 2239 convocabat
3156 2190 3217 2239 ut
3257 2188 3642 2249 subvenirent

1980 2270 2102 2339 regi
2135 2270 2444 2340 destituto,
2481 2284 2659 2339 agens
2688 2275 2747 2325 et
2782 2271 2949 2326 donis
2976 2277 3035 2327 et
3067 2273 3370 2343 promissis
3401 2290 3471 2330 ne
3503 2292 3641 2335 con-

1980 2359 2409 2415 foederarentur
2432 2358 2568 2414 ﬁlio.
2589 2359 2765 2415 Filius
2788 2360 3008 2416 interea
3031 2376 3158 2416 cum
3182 2362 3351 2419 facta;
3373 2364 3483 2419 sibi
3507 2365 3639 2422 ﬁde-

1978 2446 2131 2503 litati
2153 2448 2225 2503 ab
2246 2448 2464 2504 Oberto
2483 2448 2812 2518 ceterisque
2835 2449 3197 2521 principibus
3215 2452 3558 2521 conﬁdrret,
3577 2458 3637 2511 et

1977 2537 2174 2592 Leodii
2207 2541 2347 2594 tunc
2377 2539 2556 2593 Pasca
2587 2536 2998 2593 celebrandum
3026 2538 3371 2607 destinaret,
3400 2541 3523 2611 ipse
3550 2556 3637 2599 re-

1977 2626 2177 2683 sidens
2212 2628 2392 2697 Aquis
2421 2631 2725 2683 trecentos
2760 2628 2878 2682 fere
2909 2628 3253 2698 optimatum
3289 2644 3526 2687 suorum
3561 2632 3636 2689 ad

1978 2717 2178 2771 urbem
2205 2716 2509 2786 praemisit,
2537 2720 2595 2770 et
2618 2715 2726 2771 hoc
2754 2716 2893 2771 feria
2920 2717 3121 2786 quinta
3154 2717 3391 2788 majoris
3421 2718 3638 2776 hebdo-

1976 2804 2160 2860 madze
2195 2804 2399 2873 (Mart.
2424 2808 2534 2877 22).
2567 2806 2691 2860 Dux
2716 2805 2998 2861 Henricus
3032 2804 3180 2877 (209)
3214 2820 3245 2861 a
3272 2806 3390 2863 11110
3417 2808 3636 2866 subdu-

1977 2896 2111 2948 ctus
2133 2908 2258 2947 cum
2289 2898 2452 2964 patre
2475 2898 2614 2948 tunc
2642 2892 2836 2949 Leodii
2866 2892 3223 2949 morabatur.
3264 2896 3361 2950 llic
3393 2895 3634 2954 hortatu

1979 2981 2210 3035 Otberti
2236 2981 2288 3035 iu
2317 2986 2577 3051 tempore
2600 2981 2945 3037 conﬁciendi
2977 2982 3335 3054 chrismatis,
3367 2984 3637 3043 collectis

1980 3084 2175 3125 secum
2226 3069 2580 3125 militaribus
2634 3070 2884 3135 auxiliis,
2939 3070 3151 3126 emotis
3191 3072 3366 3126 etiam
3413 3073 3636 3132 Viribus

1978 3156 2235 3226 ejusdem
2277 3157 2558 3228 civitatis,
2591 3158 2676 3214 cis
2718 3166 2949 3229 pontem
2993 3159 3332 3215 Visucnsem
3366 3162 3509 3231 (210)
3544 3162 3636 3218 ad-

1978 3246 2357 3300 ventantibus
2399 3246 2678 3314 occurrit,
2725 3244 2958 3315 illisque
3002 3262 3166 3316 paene
3209 3246 3537 3305 interfectis
3574 3254 3637 3306 et

1981 3335 2327 3401 submersis,
2362 3334 2667 3388 maximam
2700 3334 2922 3390 cladem
2949 3349 3126 3404 regno
3152 3334 3368 3404 intulit,
3404 3337 3634 3409 sibique

1981 3427 2040 3478 et
2065 3422 2270 3493 patrize
2297 3422 2692 3478 inexorabiles
2716 3423 3052 3479 inimicitias
3077 3424 3379 3479 conscivit.

2050 3532 2135 3585 9S.
2182 3529 2353 3598 (l2fl.)
2395 3528 2603 3584 Eodem
2640 3544 2788 3584 anno
2823 3526 3099 3583 Arnulfus
3140 3543 3335 3584 comes
3377 3528 3636 3586 Chisnia-

1981 3617 2172 3672 censis
2198 3617 2252 3671 in
2279 3618 2385 3672 hoc
2409 3617 2535 3672 loco
2558 3617 2830 3673 Kalendis
2856 3616 3071 3687 Aprilis
3097 3618 3416 3675 monachus
3446 3620 3633 3676 factus

1981 3708 2049 3757 16
2074 3704 2358 3758 Kalendas
2384 3705 2504 3757 Maii
2532 3706 2694 3759 obiit.
2734 3708 2858 3775 Ipse
2882 3711 3017 3761 ante
3043 3721 3224 3761 annos
3248 3707 3633 3777 quadraginta

1983 3791 2187 3847 cellam
2214 3792 2531 3859 Pirensem,
2560 3796 2623 3845 ut
2645 3792 2989 3861 praedictum
3013 3798 3103 3848 est
3128 3794 3296 3863 (211),
3325 3795 3497 3850 beato
3524 3797 3636 3852 1111-

1983 3879 2151 3933 herto
2183 3878 2450 3949 legalitcr
2474 3878 2526 3933 in
2556 3883 2897 3949 perpetuum
2928 3879 3247 3935 habendam
3277 3882 3631 3954 contulerat,

1982 3971 2236 4036 tuncque
2270 3969 2592 4022 moriturus
2626 3966 2873 4038 pretium
2918 3966 3116 4021 decem
3160 3967 3438 4023 librarum
3473 3969 3631 4026 dedit

1980 4056 2246 4113 0001081110
2272 4057 2323 4111 111
2349 4055 2745 4111 elemosinam.
2768 4056 2836 4109 Et
2855 4055 2989 4125 quia
3014 4054 3167 4111 ﬁlius
3186 4056 3314 4124 ejus
3334 4057 3473 4112 Otto
3495 4063 3632 4115 tunc

1981 4159 2107 4200 cum
2130 4144 2378 4199 Henrico
2401 4144 2650 4199 Coloniae
2677 4143 3032 4212 morabatur,
3055 4142 3392 4214 nullumque
3416 4144 3631 4201 donum

1980 4233 2321 4289 hereditarii
2348 4233 2499 4302 juris
2529 4234 2714 4288 facere
2745 4236 2974 4303 poterat
3007 4232 3133 4288 sine
3159 4233 3286 4301 ejus
3315 4248 3627 4305 consensu,

1982 4338 2084 4394 per
2122 4325 2513 4393 obsequentes
2557 4322 2758 4377 ﬁdeles
2801 4321 3093 4377 mandavit
3135 4321 3383 4391 absenti,
3432 4327 3493 4377 ut
3529 4338 3631 4394 per

1983 4414 2150 4467 ﬁdem
2184 4414 2437 4469 debitam
2474 4411 2624 4483 patri
2660 4426 2762 4483 pro
2791 4410 2977 4465 anima
3012 4424 3115 4465 sua
3150 4410 3506 4466 deliberaret.
3535 4411 3631 4468 de-

1979 4502 2183 4557 cimam
2224 4500 2293 4555 de
2330 4500 2557 4556 Fescals
2589 4504 2648 4555 et
2682 4505 2933 4554 montem
2971 4497 3194 4553 Floheri
3230 4499 3397 4571 (212).
3439 4500 3632 4556 Pridie

1977 4596 2170 4645 autem
2193 4589 2477 4644 Kalendas
2495 4589 2619 4644 Maii
2643 4588 2794 4659 apud
2819 4595 3077 4643 castrum
3100 4588 3334 4642 [Iulhem
3356 4587 3503 4658 (213)
3525 4589 3631 4644 sub

1977 4677 2190 4733 Leodio
2220 4676 2365 4732 obiit
2396 4691 2594 4732 comes
2627 4677 2782 4732 Ceno
2815 4675 2962 4746 (214)
2998 4675 3118 4744 (an.
3156 4679 3311 4745 1106,
3344 4678 3483 4745 Apr.
3514 4677 3626 4747 30),

1975 4765 2226 4837 indeque
2250 4780 2313 4822 se
2339 4770 2573 4836 petente
2598 4764 2837 4831 relatus,
2859 4763 3127 4835 sepultus
3148 4766 3239 4820 est
3262 4763 3541 4819 Dinanum
3561 4762 3629 4797 1“

1977 4856 2088 4912 sibi
2122 4855 2218 4911 diu
2251 4854 2382 4910 loco
2414 4855 2625 4909 electo.
2672 4853 2780 4919 Qui
2826 4858 2958 4909 ante
2992 4852 3192 4908 decem
3225 4866 3406 4908 annos
3436 4851 3627 4908 iturus

1568 4952 1805 5006 VARIAC
1837 4953 2240 5010 LECTIONES.

275 5045 344 5080 ¹⁴⁰
375 5046 501 5121 lege
529 5047 950 5120 praetenderet.
1035 5051 1101 5086 ³⁸³
1132 5051 1304 5109 dinan
1338 5059 1395 5110 1.

1792 5126 2016 5184 ΝΟΤᾸΞ.

198 5207 433 5333 ml(:07)
457 5208 598 5265 Post
620 5208 841 5311 Pascha
866 5211 1139 5270 Leodium
1161 5215 1342 5285 venit,
1368 5215 1687 5273 secundum
1711 5217 1857 5272 Ann.

297 5349 425 5421 208)
450 5348 832 5421 Bockenheim
847 5393 860 5409 .

297 5420 426 5492 209)
454 5420 867 5492 [10111811118110.

274 5426 402 5489 (209
454 5426 867 5492 Lotharingiae.

271 5426 426 5562 (210)
469 5490 623 5550 Vict.
668 5494 737 5549 ad
770 5494 1005 5567 Mosam,
1030 5494 1329 5568 aliquanto
1350 5512 1527 5571 supra
1550 5497 1853 5559 Leodium.

2067 5219 2194 5288 211)
2221 5219 2354 5288 Cap.
2385 5220 2477 5272 111.

2067 5286 2195 5345 212)
2225 5286 2529 5345 Maeliana:
2548 5291 2609 5343 et
2632 5286 2985 5345 Floltimtmt.
3012 5288 3083 5343 R.

2067 5362 2192 5429 213)
2217 5359 2489 5415 Dat/um.
2519 5359 2583 5415 Β.

2064 5431 2190 5501 214)
2217 5430 2423 5487 Montis
2452 5429 2628 5487 acuti.
