4226 6444
689 437 751 499 15
1865 429 2193 492 JUANNIS
2233 431 2747 491 CAN'l‘AtIUZILNI
3847 427 3907 490 16

683 546 803 604 itcs
845 511 1474 629 'l‘liessalonicenscs.
1531 540 1755 599 Contra
1825 538 2217 598 Barlaamqu
2295 538 2824 629 ClHAICintlyl-luiii
2875 537 3186 629 synodus:
3236 537 3572 626 Nicephori
3611 539 3907 629 Gregorio

683 621 1036 681 insectatio.

1115 623 1284 680 Inter
1353 633 1651 677 socerum
1714 625 1773 676 et
1821 633 2128 693 generum
2189 615 2588 692 repullulans
2681 616 2944 686 bellum,
3019 617 3356 692 prudentia
3394 615 3472 676 ‘et
3531 615 3903 677 auctoritate

679 697 1103 774 imperatricis
1161 700 1359 757 Anum
1417 696 1927 774 repressum._ln
1975 693 2301 774 Catalanos
2361 693 2755 774 vulneratos,
2820 702 2880 753 et
2925 709 3125 774 aegros
3161 695 3611 771 Byzantiorum
3663 697 3903 754 civium

689 769 1042 859 laudabilis
1091 775 1385 859 citaritas.
1437 771 2026 859 Inter__Ma_tthteu_m
2061 778 2120 858 et
2155 769 2888 859 Palzeologumnpropter
2927 769 3440 859 Adriano‘ponlim,
3471 774 3905 859 ﬁnitimasque

687 856 877 913 urbes
933 855 1396 914 controversia.
1460 855 1543 912 De
1599 851 1888 910 Mattheeo
1949 850 2010 908 in
2080 849 2528 924 imperatorem
2591 849 2894 925 ﬂagitato.

2978 853 3096 909 Pax
3159 859 3219 909 et
3289 849 3495 912 foedus
3561 854 3725 911 inter
3783 850 3904 908 itu-

683 939 1025 1005 peratores.
1102 933 1223 991 Res
1279 931 1443 990 inter
1509 930 1927 1004 Palaaolo-éum
1971 936 2032 988 et
2074 926 2435 987 Matthteum
2479 936 2695 1006 gestae.
2760 927 3035 988 Mattliaai
3070 928 3296 990 infelix
3362 931 3596 991 exitus.
3673 930 3904 990 Canta-

680 1011 904 1070 cuzeni
940 1018 998 1072 et
1030 1009 1323 1088 conjugis
1359 1007 1796 1068 monachatus.

1663 1417 2072 1528 LIBER
2213 1415 2916 1550 QUARTUS.

2028 1837 2250 1894 CAPUT
2281 1837 2568 1894 PRIMUM.

681 1936 1016 1990 ﬁdelitatem
1049 1952 1198 1989 suam
1232 1935 1282 1988 in
1317 1933 1586 1987 narrando
1624 1941 1864 1990 testatur.
1899 1933 2038 1988 Libri
2069 1946 2460 2005 argumentum.
2498 1935 2819 2002 Imperatria:
2858 1951 2973 1987 tum
3011 1934 3136 2001 filiis
3173 1940 3298 2005 ante
3325 1934 3606 2005 imaginem
3647 1932 3906 2005 Deipara'.

744 2008 897 2060 Jurat
929 2009 1234 2074 imperator,
1285 2007 1422 2073 quod
1453 2005 1643 2075 sa'pius
1682 2014 1862 2057 antea.
1920 2005 2025 2056 Deo
2059 2002 2409 2074 sycophantiis
2449 2006 2698 2059 liberatus
2743 2007 2942 2075 gratias
2989 2009 3118 2072 agit.
3163 2003 3360 2075 Helena
3409 2002 3908 2075 Cantacnzcniﬁlia

744 2071 1064 2128 adolescenti
1120 2071 1317 2127 Joanni
1350 2074 1719 2138 despondetur.
1773 2090 1925 2141 quem
1967 2071 2320 2129 commendat.
2359 2071 2793 2129 Juramentum'a
2824 2071 3045 2127 subditis
3096 2073 3417 2140 postulatur.
3453 2071 3771 2124 Nobilissimi
3801 2074 3914 2137 qui-

742 2147 865 2198 (tam
921 2147 1228 2204 detrectant,
1285 2142 1383 2212 soli
1434 2143 1802 2212 Cantucnzeno
1858 2145 2062 2196 subesse
2140 2146 2402 2210 cupientes
2433 2160 2450 2198 :
2483 2147 2620 2212 quod
2668 2145 2758 2198 ille
2816 2161 2916 2197 non
2966 2144 3190 2203 patitur.
3248 2142 3462 2195 Sanctia
3515 2144 3577 2194 de
3615 2143 3758 2212 bonis
3789 2141 3906 2191 soli.

741 2216 967 2268 Joannes
1002 2217 1286 2282 imperator
1323 2210 1579 2282 Helenam
1633 2211 1999 2282 Caratacuzerti
2043 2212 2212 2278 ﬁliam
2279 2217 2437 2268 ducit.
2476 2210 2630 2278 Quies
2666 2231 2870 2267 summa
2895 2233 2925 2267 a
2971 2212 3322 2282 discordiiset
3368 2213 3547 2264 armis.
3614 2211 3847 2263 Marc/tio
3883 2226 3910 2261 ε

747 2280 1424 2352 LotnburdiaByzantium,
1459 2280 1902 2345 Thessalonicam,
1934 2281 2152 2346 zEnum,
2193 2293 2246 2335 ut
2281 2284 2640 2338 hereditarios
2684 2285 2834 2336 urbes
2863 2297 3116 2351 occupare
3152 2280 3381 2334 molitur.

741 2412 1052 2471 Istiusmodi
1100 2411 1298 2467 bellum
1345 2413 1485 2466 inter
1526 2412 1794 2466 Romanos
1849 2412 1994 2482 ipsos
2051 2427 2248 2467 accen-
2279 2424 2320 2480 Α

2236 2439 2248 2451 -
2279 2424 2320 2480 Α
2424 2414 2679 2477 Τοιοῦτος
2713 2415 2813 2484 μὲν
2845 2417 2870 2467 ό
2899 2414 3034 2485 πρὸς
3059 2415 3320 2484 ἀλλήλους
3358 2413 3467 2468 τῶν
3511 2415 3905 2486 Ῥωμαίωνπό-

674 2525 790 2563 sum
825 2505 1199 2577 quinquennio
1249 2503 1482 2568 duravit,
1516 2505 1757 2573 adeoque
1801 2506 1995 2560 multas
2047 2520 2108 2558 ac
2148 2520 2245 2558 sie-

675 2616 767 2655 vas
825 2599 1002 2654 clades
1053 2596 1282 2650 iniicem
1342 2595 1678 2660 intulerunt,
1724 2605 1781 2649 ut
1833 2595 1897 2650 iis
1953 2597 2240 2664 imperium

674 2692 974 2745 Romanum
1009 2703 1143 2759 pene
1180 2687 1424 2742 funditus
1484 2703 1732 2741 eversum
1767 2704 1828 2742 ac
1873 2688 2109 2742 (li-letum
2152 2691 2240 2742 sit.

674 2784 804 2848 Ome
833 2781 1016 2836 omnia
1044 2780 1185 2833 sicut
1217 2778 1553 2839 acciderunt,
1611 2779 1681 2832 ita
1721 2795 1817 2832 nos
1849 2779 1980 2832 niliil
2014 2793 2241 2848 pra-ter-

676 2874 996 2933 nitteutes,
1052 2877 1302 2921 accurate
1340 2867 1789 2930 explanavimus:
1833 2879 1885 2922 et
1937 2870 2078 2936 quod
2134 2869 2241 2936 jam

675 2956 882 3025 pridem
933 2953 1168 3007 facturos
1233 2949 1648 3020 spopondimus,
1705 2963 1805 3004 nec
1886 2953 1950 3002 ad
2016 2951 2240 3019 gratiam

674 3047 994 3114 quidquam,
1039 3058 1138 3096 nec
1167 3043 1231 3095 ad
1258 3042 1439 3095 odium
1464 3041 1800 3110 scripsimus.
1838 3042 2122 3110 Reliquum
2163 3051 2245 3095 est

676 3140 837 3208 igitur
873 3153 934 3192 ea
964 3149 1176 3205 quoque
1208 3133 1488 3186 hominum
1530 3132 1807 3186 memoria:
1836 3133 2239 3198 commendare,

676 3246 796 3296 que
838 3232 888 3282 in
925 3226 1236 3280 monarcbia
1275 3224 1685 3279 CantaCuzeuus
1729 3226 1997 3295 gesserit,
2041 3236 2094 3279 et
2122 3241 2242 3293 qua:

676 3321 751 3374 illi
804 3335 1014 3372 rursum
1048 3318 1420 3371 controversia
1487 3326 1648 3385 atque
1681 3316 1961 3370 dissidium
1998 3333 2123 3370 cum
2155 3333 2241 3386 ge-

679 3423 808 3461 nero
838 3406 1137 3474 Palaeologo
1170 3405 1492 3473 imperatore
1528 3404 1911 3458 intercesserit.
1952 3405 2240 3474 Postquam

679 3499 829 3552 enim
856 3497 1214 3566 jurejurando
1240 3495 1476 3557 functus,
1509 3495 1767 3564 palatium
1815 3497 2075 3562 introivit,
2127 3497 2240 3554 Au-

679 3603 891 3659 gustam
923 3599 1047 3642 ante
1085 3589 1325 3656 Deipara:
1376 3586 1713 3655 llodegetriaa
1767 3587 2056 3657 imaginem
2116 3604 2241 3643 cum

2345 2509 2508 2575 λεμος
2540 2508 2631 2560 ἐπὶ
2689 2509 2847 2560 πέντε
2899 2507 3079 2559 ἐτεσιν
3129 2508 3530 2579 ἀνερῤιτιίσθη,
3590 2511 3687 2562 καὶ
3734 2509 3905 2572 οὕτως

2346 2601 2636 2653 ἐκάκωσαν
2674 2599 2938 2668 ἀλλήλους
2966 2597 3135 2652 πολλὰ
3184 2602 3278 2651 καὶ
3312 2598 3546 2668 χαλεπὰ,
3579 2599 3638 2663 ἐξ
3668 2591 3742 2652 ὦν
3793 2599 3906 2652 ὀλί-

2344 2708 2442 2757 γου
2477 2691 2587 2742 δεῖν
2622 2692 3006 2760 ἀνατραπῆναι
3036 2689 3237 2757 συνέϐη
3301 2691 3398 2759 τὴν
3439 2689 3726 2758 Ῥωμαίων
3775 2692 3904 2759 ἡγε-

2347 2785 2556 2850 μονίαν.
2620 2785 2684 2834 Ἀ
2709 2784 2801 2834 καὶ
2841 2783 2914 2844 ὼς
2945 2782 3162 2850 ἐγένετο
3213 2782 3389 2835 πάντα
3419 2781 3716 2852 ὲξεθέμεθι
3770 2783 3905 2852 μετὰ

2345 2872 2652 2942 ἀκριϐείας,
2685 2873 2854 2942 μηδὲν
2878 2871 3299 2943 παραλιπόντες,
3333 2871 3468 2924 ἀλλὰ
3517 2873 3614 2942 τὴν
3673 2873 3906 2942 ἀρχαίαν

2347 2965 2683 3034 φυλάξαντες
2750 2963 3106 3031 ἐπαγγελίαν,
3159 2963 3296 3015 ὥστε
3352 2964 3489 3033 μήτε
3536 2964 3669 3032 πρὸς
3723 2965 3902 3034 χάριν,

2347 3062 2486 3126 μήτε
2550 3056 2686 3124 πρὸς
2729 3055 3027 3124 ἀπέχθειαν
3063 3053 3228 3122 μηδὲν
3253 3055 3448 3118 εἰπεῖν,
3509 3052 3642 3105 ἀλλὰ
3681 3054 3745 3104 τὰ
3778 3053 3905 3105 ὄντα

2343 3145 2604 3214 ἀκριϐῶς.
2634 3144 2832 3197 Λοιπὸν
2855 3143 2909 3196 δὲ
2949 3143 3048 3213 ἤδη
3087 3143 3180 3195 καὶ
3235 3142 3298 3194 τὰ
3346 3143 3783 3212 Καντακουζηνῷ
3826 3143 3903 3211 τῷ

2345 3235 2552 3303 βασιλεῖ
2586 3234 2944 3305 μοναρχοῦντι
2973 3235 3339 3304 πεπραγμένα
3369 3235 3755 3304 διηγήσασθαι,
3807 3240 3902 3287 καὶ

2343 3328 2442 3378 ὅσα
2464 3329 2520 3378 ἐν
2550 3327 2780 3396 διαφορᾷ
2808 3326 3043 3394 κατέστη
3077 3323 3230 3386 αὖθις
3259 3326 3393 3395 πρὸς
3421 3325 3777 3392 Παλαιολόγιπν
3805 3327 3902 3396 βα-

2345 3418 2498 3469 σιλέα
2547 3417 2638 3468 τὸν
2677 3416 2948 3484 γαμϐρόν.
2996 3416 3146 3467 Ἐπεὶ
3203 3417 3310 3485 γὰρ
3350 3415 3487 3484 μετὰ
3540 3418 3662 3479 τοὺς
3710 3419 3904 3486 ὅρκους

2343 3509 2559 3576 ἐγένετο
2589 3509 2645 3564 ἐν
2675 3507 2986 3576 βασιλείοις,
3025 3507 3268 3577 βασιλίδα
3311 3509 3408 3576 μὲν
3455 3509 3592 3575 μετὰ
3648 3511 3752 3562 τῶν
3818 3513 3905 3562 τέο

2347 3615 2490 3650 κνων
2519 3598 2651 3666 πρὸς
2678 3597 2777 3666 τὴν
2803 3601 2898 3668 τῆς
2924 3596 3261 3667 Θεομήτορος
3296 3598 3474 3650 εἰκόνα
3511 3601 3608 3667 τῆς
3673 3598 3869 3669 ὐδηγη
3887 3631 3900 3640 -

682 3683 805 3736 tiliis
832 3689 1060 3734 stantem
1083 3678 1285 3733 invenit
1311 3677 1505 3746 (1-66),
1529 3693 1637 3747 quo
1661 3680 1829 3748 magis
1859 3679 2237 3750 imperatorem
2274 3707 2316 3767 Β
2343 3705 2351 3720 ·

2228 3699 2237 3736 l
2274 3707 2316 3767 Β
2343 3687 2495 3757 τρίας
2529 3681 2681 3757 εὗρεν
2719 3687 3038 3756 ἱσταμένην,
3063 3686 3150 3739 ἵνα
3181 3687 3383 3756 μᾶλλον
3403 3688 3628 3757 κάμπτῃ
3654 3689 3897 3757 βασιλέα,

680 3776 745 3828 ad
777 3773 1198 3827 miscricordiam
1254 3781 1616 3840 permoveret,
1655 3771 2000 3840 eliiceretque
2041 3781 2103 3826 ut.
2156 3788 2241 3828 re-

681 3865 1052 3922 cordationem
1085 3865 1326 3915 omnium
1353 3877 1470 3931 qme
1506 3877 1599 3930 per
1630 3861 1825 3915 bellum
1860 3864 2040 3932 gravia
2065 3865 2166 3919 sibi
2190 3874 2243 3919 et

680 3958 869 4014 odiosa
919 3955 1242 4008 accidissent
1290 3955 1604 4023 deponeret.
1655 3953 1816 4023 706
1870 3956 1960 4009 Ille
2013 3957 2240 4024 primum

683 4049 783 4104 Dei
816 4047 999 4101 Matris
1040 4045 1249 4100 iconem
1301 4043 1528 4112 supplex
1573 4054 1877 4106 veneratus,
1921 4045 2117 4100 deinde
2153 4063 2241 4105 su-

680 4158 776 4212 per
807 4157 868 4196 ea
891 4137 1156 4194 universis
1190 4136 1534 4190 audientibus
1560 4135 1758 4204 juratit
1795 4151 1852 4192 se
1885 4152 1983 4193 nec
2009 4142 2241 4194 medita-

680 4245 794 4288 tum
847 4246 989 4294 esse,
1060 4243 1162 4282 nec
1230 4227 1423 4284 fecisse
1503 4229 1792 4298 quidquam
1869 4232 2242 4302 qualecunque

682 4334 868 4378 contra
911 4325 1080 4392 ipsam
1102 4333 1156 4377 et
1181 4320 1341 4386 ﬁlios,
1399 4320 1717 4390 priusquam
1767 4321 1833 4376 ab
1885 4323 1991 4376 illis
2041 4323 2240 4378 bellum

679 4426 1026 4469 moveretur:
1069 4427 1240 4481 neque
1275 4426 1391 4464 eum
1423 4427 1542 4465 cum
1577 4411 1686 4464 lilio
1712 4413 2035 4480 imperatore
2067 4417 2238 4482 impe-

682 4508 761 4561 rio
793 4506 1021 4574 spoliare
1058 4504 1166 4558 ullo
1198 4503 1359 4557 modo
1382 4502 1723 4570 cOgitavisse,
1758 4503 1851 4556 sed
1895 4504 2077 4556 omnia
2127 4520 2238 4560 me-

687 4611 775 4649 ras
838 4611 959 4650 esse
1009 4593 1367 4648 labuiantium
1422 4592 1824 4646 criminationes
1873 4594 2239 4663 conﬁctasquc

681 4688 1004 4741 calumnias.
1040 4685 1155 4740 Sibi
1193 4683 1317 4738 inde
1345 4684 1410 4738 ab
1464 4685 1620 4739 initio
1663 4683 1833 4738 fuisse
1875 4686 2236 4753 proposium,

680 4780 926 4847 quemvis
948 4779 1187 4832 latiorem
1220 4776 1421 4840 subire,
1454 4783 1507 4830 et
1547 4785 1810 4844 quantum
1846 4785 2106 4845 quantum
2139 4779 2236 4831 lia-

683 4870 833 4921 beret
883 4883 1066 4936 Opum,
1128 4867 1194 4920 ad
1250 4881 1592 4920 communem
1674 4868 2030 4936 imperatricis
2101 4870 2238 4923 ﬁlio-

687 4972 913 5029 rumque
952 4957 1185 5012 l‘ructum
1209 4972 1272 5011 ac
1297 4971 1445 5010 suain
1476 4958 1709 5024 denique
1765 4959 1988 5026 gloriam
2041 4959 2092 5010 in
2127 4962 2236 5028 pri-

2346 3779 2437 3830 καὶ
2466 3779 2628 3848 πείθῃ
2660 3776 2885 3845 μηδενὸς
2925 3777 3439 3847 ἀναμιμνήσκεσθαι
3471 3778 3578 3830 τῶν
3613 3781 3755 3833 κατὰ
3807 3781 3902 3832 τὸν

2345 3866 2579 3933 πόλεμον
2612 3864 3041 3934 συμσεΰηκότων
3069 3865 3372 3935 δυσχερῶν.
3416 3865 3475 3918 '0
3507 3867 3564 3918 δὲ
3594 3867 3785 3937 πρῶτα
3804 3869 3903 3937 μὲν

2343 3956 2440 4024 τὴν
2492 3953 2591 4022 τῆς
2649 3955 2990 4024 Θεομήτορος
3058 3955 3240 4008 εἰκόνα
3320 3955 3665 4025 προσεκύνει,
3711 3957 3903 4012 ἔπειτα

2343 4041 2524 4114 ὤμνυε
2562 4046 2702 4098 κατὰ
2729 4045 2825 4114 τῆς
2881 4045 3087 4104 είκόνος
3139 4046 3217 4106 είς
3254 4047 3486 4113 ἐπήκοον
3543 4063 3776 4113 παντων,
3828 4050 3904 4112 ὡς

2342 4135 2466 4187 οὗτε
2505 4136 2885 4205 βουλεύσαιτο,
2916 4135 3040 4188 οὔτε
3071 4136 3268 4206 πρᾶξαι
3303 4136 3361 4190 τὸ
3387 4137 3543 4209 τυχὸν
3577 4139 3718 4190 κατὰ
3750 4139 3900 4207 βασι-

2343 4227 2482 4289 λίδος
2526 4229 2624 4280 καὶ
2657 4228 2763 4280 τῶν
2796 4228 3022 4290 παίδων,
3060 4229 3190 4299 πρὶν
3219 4229 3312 4280 τὸν
3344 4230 3578 4297 πόλεμον
3619 4229 3901 4301 κινηθῆναι

2343 4318 2472 4386 παρ’
2501 4317 2712 4370 αὐτῶν·
2765 4317 2883 4369 οὐδὲ
2935 4316 3286 4386 βουλεύσαιτο
3332 4321 3451 4372 κατ’
3490 4319 3678 4372 οὐδένα
3705 4321 3900 4391 τρόπον

2342 4409 2514 4478 αὐτὴν
2555 4411 2646 4461 καὶ
2680 4408 2904 4478 βασιλέα
2925 4408 3015 4460 τὸν
3044 4409 3156 4462 υἱὸν
3182 4409 3280 4478 τῆς
3324 4411 3496 4480 ἀρχῆς
3543 4412 3864 4482 ἀποστερεῖν
3884 4432 3898 4447 ·

2341 4501 2472 4554 ἀλλὰ
2500 4505 2674 4556 πάντα
2717 4503 3082 4570 συκοφαντίας
3111 4499 3249 4558 εἶναι
3311 4507 3406 4558 καὶ
3463 4506 3717 4567 διαϐολὰς
3769 4507 3902 4558 πλα-

2344 4591 2562 4654 σθείσας
2589 4593 2693 4645 ὑπὸ
2738 4593 2842 4646 τῶν
2893 4594 3179 4648 εἰπόντων.
3249 4597 3488 4648 Ἐκεῖνον
3533 4596 3588 4648 δὲ
3644 4595 3901 4665 τοιαύτην

2341 4680 2566 4749 γνώμην
2601 4681 2856 4752 ἑξαρχῆς,
2881 4684 2954 4746 ὼς
2979 4686 3157 4738 πάντα
3189 4686 3349 4738 πόνον
3382 4687 3776 4755 ὑπομενοῦντα,
3807 4687 3899 4740 καὶ

2341 4773 2633 4839 σύμπαντα
2698 4775 2798 4826 ὃσα
2850 4775 3056 4844 προσῆν
3118 4778 3374 4845 χρήματα
3439 4775 3895 4830 καταναλώσοντα

2341 4860 2478 4928 ὑπὲρ
2505 4861 2604 4930 τῆς
2629 4861 2894 4930 ὠφελείας
2921 4863 3279 4927 τῶν-κοινῶν,
3313 4865 3406 4918 καὶ
3456 4866 3627 4935 αὐτῆς
3677 4867 3775 4934 τῆς
3807 4866 3901 4934 βα·-

2343 4953 2558 5016 σιλίδος,
2613 4955 2705 5006 καὶ
2763 4954 2872 5006 τῶν
2929 4955 3154 5020 παίδων,
3189 4957 3282 5008 καὶ
3331 4960 3589 5026 σφετέρας
3637 4958 3898 5020 εὐδοξίας,

685 5063 814 5106 valo
851 5049 1033 5103 habitu
1071 5057 1372 5102 manentem
1402 5049 1733 5117 impendere.
1778 5049 1966 5103 Postea
1995 5051 2103 5103 Deo
2146 5065 2239 5102 ex-
2265 5037 2307 5096 Ο
2345 5059 2354 5109 ι

2228 5079 2239 5089 .
2265 5037 2307 5096 C
2345 5043 2520 5109 μένων
2548 5045 2637 5094 ὲπί.
2665 5045 2966 5113 σχήματος.
3027 5046 3256 5098 Ἔπειτα
3303 5046 3501 5106 πολλὰς
3553 5047 3897 5114 εὐχαριστίας

679 5145 907 5213 quisitas
963 5143 1070 5210 agit
1115 5143 1334 5210 gratias,
1388 5155 1508 5194 cum
1575 5141 1730 5194 vivus
1773 5140 1838 5192 ad
1900 5141 2048 5193 illum
2099 5142 2240 5194 diem

685 5233 1018 5302 perveneril,
1078 5246 1139 5282 ex
1189 5245 1295 5298 quo
1356 5230 1795 5284 manifestissime
1839 5231 2244 5286 obtrectationi-

681 5325 780 5377 bus
811 5333 865 5376 ct
913 5322 1130 5390 injustis
1198 5322 1632 5374 accusat‘ouibus
1697 5321 1834 5374 liber
1895 5323 2104 5376 futurus
2157 5325 2242 5388 sit,

682 5427 804 5464 cum
867 5410 1025 5463 rebus
1061 5409 1192 5477 ipsis
1260 5408 1678 5462 obtrectatorum
1729 5410 2024 5476 nequitiam
2069 5413 2248 5463 mode-

682 5506 944 5568 stiamque
970 5515 1120 5552 suam
1156 5500 1328 5568 palam
1355 5499 1584 5552 declarat
1603 5501 1658 5552 it.
1685 5500 1814 5550 Tu:u
1841 5515 1942 5552 una
1976 5515 2095 5553 cum
2124 5504 2237 5552 Au-

2342 5131 2592 5184 ἀπεδίδου
2621 5133 2760 5201 Θεῷ,
2792 5135 2872 5185 ὅτι
2901 5133 3006 5196 ζῶν
3035 5137 3113 5197 εἰς
3141 5135 3339 5202 ταύτην
3385 5130 3486 5202 ἧκε
3526 5135 3621 5202 τὴν
3666 5136 3897 5204 ἡμέραν,

2341 5225 2462 5292 ἥτις
2532 5224 2857 5289 ἀπαλλάξειε
2887 5227 3198 5292 σαιεέστατα
3241 5226 3344 5278 τῶν
3385 5226 3759 5292 συκοφαντιῶν
3809 5231 3899 5276 καὶ

2343 5317 2449 5366 τῶν
2480 5315 2681 5368 ἀδίκων
2741 5319 3104 5385 ἐγκλημάτων
3150 5320 3329 5387 ἔργοις
3377 5320 3555 5380 αὐτοῖς
3606 5322 3899 5388 ποιήσαντα

2347 5407 2676 5472 καταφανὲς,
2716 5409 2814 5474 τήν
2840 5423 2898 5458 τε
2949 5407 3055 5459 τῶν
3123 5410 3385 5460 είπόντων
3438 5410 3754 5479 μοχθηρίαν,
3807 5412 3900 5461 καὶ

2347 5499 2442 5564 τὴν
2469 5499 2769 5549 ἐπιείκειαν
2821 5498 3002 5552 αὑτοῦ,
3039 5499 3266 5552 Ἔπειτα
3295 5501 3547 5570 εἰσῄεσαν
3597 5503 3713 5570 ἅμα
3745 5502 3899 5570 βασι-

1909 5633 2121 5693 Jacobi
2157 5636 2416 5694 Pontaui
2455 5639 2636 5694 notm.

752 5753 924 5822 (1-66)
971 5750 1060 5803 Sic
1085 5752 1334 5802 iuventus
1379 5764 1460 5804 est
1489 5752 1828 5804 Andronicus
1861 5754 2042 5806 senior
2076 5766 2225 5821 capta

681 5827 810 5878 urbe
847 5842 874 5876 tt
911 5830 1101 5890 nepote
1152 5822 1283 5873 libro
1314 5837 1486 5888 primo
1513 5839 1627 5890 cap.
1661 5825 1748 5876 59.
1781 5823 1861 5875 Ad
1897 5825 2033 5876 hanc
2085 5826 2218 5875 ima-

2337 5757 2513 5823 ginem
2572 5756 2625 5807 in
2687 5756 2940 5825 periculis
2991 5756 3316 5826 confugere,
3377 5758 3618 5812 solemne
3679 5758 3798 5824 fuit,
3842 5767 3900 5813 ut

2330 5834 2572 5894 apparet.
