4226 6444
179 479 241 545 tt
1328 471 1878 533 HISTORMRUM
1920 471 2145 531 LillElt
2192 472 2285 534 IV.
3359 477 3433 541 ιε

170 592 492 661 πρεσϐείαν,
535 592 685 645 οὐδὲν
739 592 766 643 ὁ
818 589 1037 659 Κράλης
1099 587 1271 640 ἐποίει
1327 588 1433 640 τῶν
1503 586 1749 651 δεόντων,

1882 597 2076 648 ierunt,
2132 598 2184 640 et
2219 587 2379 641 urbes
2414 587 2532 642 illas
2568 604 2597 643 a
2621 588 2774 644 Cralc
2807 590 2978 645 teneri
3024 591 3429 655 intellexerunt,

170 687 307 741 ἀλλά
341 686 439 738 καὶ
465 684 564 745 τάς
590 682 915 744 ὑπολοίπους
950 680 1255 750 ἐπολιόρκει
1279 680 1485 741 πόλεις,
1516 677 1740 745 πέμψας

174 777 309 847 πρὸς
349 775 618 844 Ὄρχάνην
641 774 731 825 τὸν
755 771 1002 840 γαμϐρὸν
1036 772 1062 821 ὁ
1088 769 1361 838 βασιλεὺς,
1400 769 1754 835 μετεκαλείτο

174 870 439 937 στρατιάν
458 884 472 898 ο
491 867 584 919 καὶ
608 864 857 932 παρῆσαν
885 862 1024 928 ὑπὲρ
1052 862 1276 930 μυρίους
1304 862 1409 913 τῶν
1434 860 1753 928 Βαρϐάρων,

169 953 242 1011 ῶν
269 957 547 1026 Σουλιμάν
599 954 740 1026 μετά
792 954 900 1005 τῶν
938 952 1179 1018 ἀδελφῶν
1223 953 1273 1004 οἱ
1351 951 1447 1004 τοῦ
1516 949 1749 1018 Ὀρχάνη

172 1050 364 1112 παῖδες
432 1050 821 1117 ἐστρατήγουν.
857 1046 1071 1111 Πέμπει
1103 1044 1166 1113 δὴ
1222 1044 1360 1112 μετά
1411 1041 1613 1094 τούτων
1664 1044 1755 1093 καὶ

170 1143 454 1196 Ματθαῖον
486 1141 575 1193 τὸν
629 1140 745 1192 υἱὸν
768 1140 793 1190 ὁ
832 1137 1085 1207 βασιλεὺς
1133 1136 1230 1205 τῆς
1263 1134 1559 1203 Ῥωμαίων
1600 1149 1760 1200 στρα-

168 1235 289 1294 τιᾶς
320 1232 650 1302 ἡγούμενον,
685 1234 777 1282 καὶ
802 1230 1015 1281 ἐκέλευε
1046 1226 1170 1289 τοὺς
1196 1227 1353 1295 ὅρους
1390 1226 1489 1293 τῆς
1520 1221 1756 1291 Ῥωμαί-

172 1342 248 1375 ων
282 1322 583 1393 ἡγεμονίας
614 1320 916 1382 διελθόντας
954 1317 1202 1380 ἀϐλαϐιῖις
1223 1317 1364 1369 οὕτω
1393 1315 1611 1384 πορθεῖν
1632 1312 1757 1374 τοὺς

1856 680 2055 732 ducmn
2094 680 2322 749 imperia
2360 681 2840 748 parvipendentcs,
2897 682 2965 736 ad
3026 684 3429 753 populationem

1856 778 1976 816 srse
2044 764 2189 817 illim
2245 765 2597 831 effuderunt,
2643 769 2900 836 vicoSque
2944 785 3137 824 omnes
3189 781 3436 825 vastare-

1856 864 2003 918 runt,
2058 866 2109 908 et
2162 858 2325 911 urbes
2396 858 2691 928 Mygdonia:
2758 861 3013 915 finitimas
3061 863 3433 927 incursarnnt,

1855 946 2283 1016 occideruntque
2312 957 2367 1002 et
2392 950 2639 1019 captivos
2673 962 2903 1019 egerunt
2951 953 3386 1021 quamplurimas
3416 968 3432 1007 :

1865 1048 2030 1105 atque
2068 1054 2189 1091 cum
2218 1040 2397 1107 opima
2423 1040 2602 1107 prada
2637 1042 2803 1096 armis
2831 1043 3078 1111 quaesita,
3130 1044 3293 1113 720
3339 1060 3438 1115 per

1862 1124 2273 1193 Hellespontum
2307 1128 2358 1180 in
2382 1128 2682 1199 Bithyniam
2727 1133 3024 1187 redierunt.
3060 1133 3353 1202 Imperator
3378 1147 3434 1189 ut

1857 1217 2120 1271 Ba'baros
2171 1218 2483 1273 desvrnisse
2522 1222 2741 1275 ordines
2787 1226 3009 1285 audivit,
3054 1226 3438 1280 molestissime

1857 1310 1977 1363 tulit
2007 1325 2023 1364 :
2052 1310 2483 1379 quandoquidem
2517 1314 2570 1365 in
2612 1330 2840 1382 quorum
2883 1316 3167 1371 utilitatem
3231 1318 3429 1373 belluru

174 1414 504 1484 Τριϐαλούς.
565 1415 629 1467 Oi
690 1412 960 1483 Βάρϐαροι
1017 1410 1073 1463 δὲ
1126 1409 1199 1471 ὡς
1265 1410 1420 1477 μόνον
1483 1405 1757 1473 ἐπέϐησαν

1882 1416 1955 1454 ιοο
1998 1410 2334 1468 susceperat,
2389 1418 2485 1457 eos
2544 1404 2691 1473 ipsos
2753 1405 2824 1467 hi,
2879 1408 2968 1475 qui
3014 1420 3070 1461 se
3118 1424 3216 1477 pro
3273 1410 3438 1464 SOtiiS

171 1505 509 1572 Μυγδονίας,
531 1505 592 1557 τὸ
612 1506 738 1574 περὶ
762 1501 1155 1572 Χριστούπολιν
1174 1500 1430 1568 τείχισμα
1449 1496 1753 1555 διαϐάντες,

1888 1492 2090 1559 djuturi
2112 1492 2450 1552 videbantur.
2486 1498 2849 1564 perdiderant.

170 1603 470 1673 πυθόμενοι
499 1600 573 1665 ὡς
609 1600 711 1655 ὑπὸ
773 1598 996 1667 Κράλην
1026 1597 1081 1649 αἱ
1146 1595 1328 1654 πόλεις
1366 1594 1607 1659 ἄγοιντο,
1657 1588 1817 1650 εὐθὺς
1854 1585 2149 1656 ἐτράποντο
2194 1588 2287 1641 ἐπὶ
2340 1590 2655 1658 λεηλασίαν,
2690 1593 2846 1660 ὀλίγα
2899 1596 3283 1662 φροντίσαντες
3327 1596 3437 1649 τῶν

180 1693 529 1765 στρατηγῶν,
588 1694 683 1746 καὶ
734 1690 832 1753 τὰς
878 1689 1071 1757 κώμας
1125 1689 1307 1744 πάσας
1362 1682 1755 1751 ἐξεπόρθησαν,
1802 1679 1895 1732 καὶ
1961 1678 2061 1738 τὰς
2123 1679 2307 1742 πόλεις
2366 1682 2709 1752 κατέδραμον
2779 1686 2877 1747 τὰς
2943 1687 3078 1739 κατά
3134 1689 3438 1758 Μυγδονίην

173 1790 271 1843 καὶ
343 1784 673 1840 ἀπέκτεινάν
715 1799 772 1834 τε
832 1779 1117 1836 πλείστους
1176 1779 1269 1830 καὶ
1335 1774 1792 1845 ἠνδραποδίσαντο
1824 1772 1923 1823 οὐκ
1954 1770 2199 1837 ὀλίγουςο
2240 1771 2388 1824 λείαν
2414 1791 2471 1826 τε
2510 1774 2767 1843 πλείστην
2783 1776 3105 1844 δοριάλωτον
3122 1780 3437 1848 ἐλάσαντες,

174 1884 514 1949 ἀνέστρεφον
548 1878 639 1931 καὶ
672 1875 1025 1945 ἐπεραιοῦντο
1056 1873 1195 1926 κατὰ
1228 1870 1319 1922 τὸν
1362 1866 1752 1937 Ἑλλήσποντον
1792 1866 1870 1926 είς
1902 1864 1998 1932 τὴν
2062 1863 2257 1939 οἰκίαν.
2322 1865 2584 1925 Βασιλεὺς
2616 1868 2669 1920 δὲ
2729 1870 3029 1939 πυθόμενος
3059 1872 3155 1941 τὴν
3211 1874 3438 1939 ἀταξίαν

175 1976 287 2030 τῶν
330 1976 655 2045 Βαρϐάρων,
723 1973 783 2025 οὺ
843 1969 1077 2039 μετρίως
1128 1968 1337 2038 ἠνιᾶτο,
1391 1965 1472 2017 ὅτι
1524 1961 1663 2030 ὑπὲρ
1720 1954 1794 2013 ῶν
1828 1958 1999 2012 ἐδόκει
2025 1958 2115 2011 τίον
2148 1959 2380 2029 πόλεμον
2440 1963 2733 2032 αίρεῖσθαι,
2795 1966 3016 2031 τούτους
3071 1968 3436 2042 διὲφθειρενή

180 2070 499 2138 συμμαχεῖν
526 2064 757 2118 δοκοῦσα
788 2060 1038 2131 στρατιά.

1642 2175 1867 2232 CAPUT
1913 2175 1975 2228 V.

179 2281 491 2349 Imperator
513 2283 784 2351 juniorem
818 2279 987 2349 ﬁlium
1016 2285 1077 2351 et
1094 2291 1343 2346 generum
1382 2273 1629 2351 desuetas
1666 2278 1830 2351 creat.
1863 2270 2174 2351 Matinum»:
2204 2268 2348 2351 ultra
2378 2269 2608 2351 ρπῑοζιίι.
2647 2269 2862 2326 Fratres
2888 2275 3069 2328 ureris
3113 2274 3441 2351 sebastocra-

254 2340 404 2406 ιὀι-αε
440 2340 590 2419 [αέα.
654 2340 846 2419 Inopia
895 2340 1131 2418 pecuniae
1187 2361 1379 2413 magna
1408 2340 1639 2419 undique
1664 2355 1697 2419 ί
1724 2340 2120 2419 denea‘viritint
2173 2340 2445 2419 exigenda.
2481 2340 2695 2419 .Iterum
2742 2353 2927 2398 contra
2975 2346 3443 2419 sycoPItautus.__se

252 2408 515 2492 defendit.
550 2423 613 2474 de
646 2408 829 2490 quibus
856 2408 1179 2492 veliemcmer
1234 2408 1593 2483 ronqueritur.
1656 2410 1730 2463 De
1791 2408 2041 2462 Barbari;
2075 2409 2128 2459 in
2170 2412 2334 2463 socios
2384 2410 2561 2463 asciti:
2600 2427 2656 2465 se
2705 2423 2919 2484 purgat,
2977 2408 3026 2468 εἱ
3079 2408 3141 2468 de
3173 2415 3440 2486 republisa

239 2489 492 2561 jueanda
532 2489 819 2545 sententias
857 2489 1065 2558 qtut'rt't.

251 2608 413 2663 Μετὰ
444 2606 602 2661 τοῦτο
630 2607 723 2659 καὶ
773 2607 851 2666 είς
908 2603 1202 2658 Θετταλίαν
1248 2605 1448 2673 τριήρη
1514 2598 1756 2668 πέμψας,

1931 2593 2045 2650 Sub
2114 2597 2231 2653 haec
2281 2598 2444 2653 missa
2494 2599 2698 2654 triremi
2744 2600 2797 2656 in
2855 2600 3216 2667 Thessaliam,
3273 2607 3441 2664 filium

176 2702 273 2753 τὸν
327 2700 444 2752 υίὸν
498 2702 885 2769 μετεπέμπετο
958 2697 1243 2766 Μανουὴλ·
1300 2697 1421 2748 ἐπεὶ
1477 2694 1533 2745 δὲ
1590 2688 1657 2761 ἦν
1709 2692 1767 2743 ἐν

180 2792 491 2859 Βυζαντίῳ,
522 2791 727 2841 ἐκεῖνον
761 2788 859 2857 μὲν
890 2788 981 2840 καὶ
1011 2786 1102 2839 τὸν
1149 2785 1394 2856 γαμϐρὸν
1445 2783 1651 2836 Δούκαν
1677 2779 1767 2832 τὸν

180 2882 521 2951 Νικηφόρον,
558 2881 823 2942 δεσπότας
904 2877 1213 2931 ἀπεδείκνυ.
1248 2874 1523 2928 Ματθαῖον
1572 2872 1629 2925 δὲ
1677 2871 1768 2923 τὸν

182 2973 566 3045 πρεσϐύτερον
624 2973 736 3024 υίὲν
825 2969 980 3033 ἀξίας
1037 2968 1137 3037 μὲν
1192 2967 1448 3033 οὐδεμιᾶς
1511 2962 1768 3033 ὀνομαστὶ

187 3065 378 3132 ἠξίου,
431 3064 601 3133 τιμὴν
639 3064 727 3117 δὲ,
764 3065 989 3133 παρεῖχε
1045 3062 1143 3131 τὴν
1192 3061 1331 3129 ὑπὲρ
1380 3059 1665 3121 δεσπότας,
1694 3057 1768 3119 ὼς

184 3160 349 3219 εὐθὺς
432 3151 572 3208 εἶναι
662 3155 800 3225 μετὰ
874 3154 1117 3224 βασιλέα,
1192 3154 1316 3222 ἣνὸ
1374 3151 1588 3219 πρῶτος
1665 3150 1771 3201 τῶν

192 3247 579 3312 Παλαιολόγων
606 3245 873 3314 βασιλέων
923 3242 1143 3313 Μιχαὴλ
1197 3241 1617 3310 ἐκαινοτόμησεν
1679 3240 1772 3291 ἐπὶ

189 3338 286 3405 υίῷ
349 3337 748 3405 Κωνσταντίνῳ
801 3335 879 3404 τῷ
934 3333 1456 3403 Πορφυρογεννήτῳ,
1507 3331 1542 3400 ἢ
1596 3330 1771 3382 ἐδόκει

191 3427 353 3479 πλέον
388 3445 441 3478 τι
460 3427 556 3494 τῆς
585 3427 693 3477 τῶν
706 3424 983 3477 δεσποτῶν
1008 3424 1159 3486 ἀξίας
1181 3422 1343 3491 ἔχειν.
1365 3423 1406 3473 Τ
1408 3420 1500 3483 οὺς
1523 3420 1775 3486 γυναικὸς

190 3520 243 3572 δέ
273 3515 376 3588 τῆς
422 3518 692 3588 βασιλίδος
746 3517 1007 3586 ἀδελφοὺς
1064 3515 1317 3584 Ἰωάννην
1368 3516 1460 3565 καὶ
1517 3510 1773 3579 Μάνουὴλ

193 3611 711 3677 σεϐαστοκράτορας
737 3605 1039 3671 ἀπέδειξεν,
1085 3604 1257 3664 Ὁρῶν
1278 3603 1332 3655 δὲ
1357 3603 1454 3669 τὴν
1492 3601 1775 3668 Ῥωμαίων

193 3699 499 3768 ἠγεμονίαν
585 3696 772 3759 δεινῶς
858 3696 961 3748 ὑπὸ
1036 3695 1130 3747 τοῦ
1213 3692 1475 3763 ἐμφυλίου
1539 3693 1774 3761 πολέμου

194 3788 606 3857 διεφθαρμένην
696 3786 790 3839 καὶ
869 3787 1383 3855 καταφρονουμένην
1486 3783 1590 3836 ὑπὸ
1668 3786 1776 3838 τῶν

202 3880 504 3947 περιοίκων
527 3917 542 3940 ,
575 3877 879 3948 ἀμύνεσθαι
912 3878 966 3930 δὲ
996 3878 1269 3938 ἀδυνάτως
1296 3876 1433 3944 ἔχων
1463 3875 1551 3929 διὰ
1580 3878 1776 3929 σπάνιν

196 3970 307 4023 τῶν
337 3968 643 4038 χρημάτων
699 3965 893 4037 (νεῦρα
948 3968 1055 4036 γάρ
1109 3983 1190 4029 τις
1247 3955 1474 4032 καιρίως
1532 3962 1655 4018 εἶπε
1708 3965 1776 4018 τά

202 4063 466 4131 χρήματα
519 4057 614 4110 τοῦ
673 4057 960 4127 πολέμου),
1020 4057 1117 4108 καὶ
1171 4057 1307 4125 μήτε
1362 4056 1574 4108 οἴκοθεν
1637 4056 1775 4124 ἔχων

200 4152 484 4220 χορηγεῖν,
521 4151 658 4219 μήτε
686 4151 749 4201 ἐκ
776 4147 887 4201 τῶν
934 4148 1206 4216 δημοσίων
1235 4164 1249 4177 ⁸
1283 4150 1349 4200 τά
1405 4164 1463 4199 τε
1496 4149 1603 4215 γάρ
1656 4164 1772 4201 κει-

202 4242 375 4310 μήλια
406 4239 677 4293 ἀνάλωται
713 4239 888 4291 πάντα
920 4239 985 4290 τὰ
1016 4238 1290 4305 βασιλικὰ,
1324 4240 1499 4291 καὶάί
1522 4240 1775 4308 πρόσοδοι

200 4335 256 4385 αι
316 4333 500 4384 κοιναὶ
567 4330 831 4396 ἐξέλιπον,
853 4331 950 4398 τῆς
978 4328 1161 4398 χώρας
1214 4329 1467 4395 καθάπαξ
1521 4331 1625 4382 ὑπδ
1680 4331 1772 4383 τοῦ

199 4424 441 4493 πολέμου
469 4422 892 4490 διεφθαρμένης,
934 4422 1024 4471 καὶ
1049 4421 1223 4488 νήσων
1256 4420 1347 4470 καὶ
1399 4421 1773 4489 ἠπειρωτίδων

202 4516 437 4578 πόλεων,
465 4513 574 4564 τῶν
608 4514 705 4581 μὲν
770 4512 875 4563 ὑπὸ
926 4512 1034 4563 τῶν
1065 4512 1336 4580 πολεμίων
1368 4517 1766 4580 κατεχομένων,

198 4607 307 4657 τῶν
338 4604 639 4658 ἐπιλοίπων
663 4603 717 4653 δὲ
750 4604 828 4662 εἰς
882 4601 1119 4669 ἐσχάτην
1173 4602 1408 4671 ἀπορίαν
1456 4603 1520 4656 ἐκ
1550 4621 1606 4656 τε
1663 4604 1771 4658 τῶν

202 4694 408 4759 ἔξωθεν
459 4692 685 4758 ἐφόδων,
717 4693 811 4743 καὶ
866 4680 974 4744 τῶν
1015 4691 1159 4743 ἔνδον
1202 4694 1443 4745 στάσεων
1492 4696 1765 4763 ἡκόντων·

199 4782 505 4852 τρέφεσθαι
560 4781 615 4832 δὲ
677 4780 801 4848 ἐνῆν
859 4781 983 4841 τοὺς
1039 4783 1372 4846 στρατιώτας
1435 4785 1768 4853 οὐδαμόθενο

200 4876 406 4933 πάντες
437 4873 493 4923 δὲ
520 4866 658 4941 ἦσαν
686 4871 950 4939 ἄχρηστοι
981 4870 1073 4922 καὶ
1126 4870 1315 4923 ἄοπλοι
1374 4873 1478 4925 ὑπὸ
1544 4876 1733 4937 πενίας
1757 4891 1771 4905 '

199 4970 296 5021 καὶ
320 4965 556 5032 οὐδεμία
602 4964 782 5033 ὄνησις
833 4963 1057 5016 ἐκείνων
1083 4959 1172 5034 ἦν,
1199 4966 1292 5017 καὶ
1340 4965 1513 5019 ταῦτα
1566 4968 1772 5021 πολλῶν

198 5062 375 5111 ὄντων
411 5060 504 5109 καὶ
536 5056 775 5122 ἀγαθῶν,
806 5056 1011 5125 ἀπορίᾳ
1031 5056 1363 5125 πανταχόθεν
1396 5060 1773 5127 συνεχόμενος,

200 5150 476 5216 ἐσκέψατο
506 5148 764 5214 εἰσφοράν
789 5145 1116 5214 ποιήσασθαι
1146 5149 1209 5199 ἐκ
1236 5148 1342 5199 τῶν
1372 5149 1513 5201 ἰδίων
1548 5151 1773 5216 πάντας,

1871 2685 2177 2742 Manuelem
2226 2690 2477 2757 actersit,
2534 2705 2769 2761 eumque
2796 2692 3274 2766 ϐοηειοιιιίηομοιί
3318 2716 3444 2755 cum

1870 2774 2185 2845 Nicephoro
2238 2778 2380 2833 duca
2432 2796 2635 2850 genero
2690 2798 2792 2837 suo
2841 2783 3123 2855 despotam
3180 2789 3442 2847 declarat.

1874 2869 2186 2925 Matthteum
2223 2873 2495 2927 seniorem
2526 2874 2694 2927 filium
2729 2876 2871 2930 nulla
2904 2878 3167 2948 dignitate
3196 2886 3446 2939 nomina-

1875 2962 1969 3015 tim
2026 2962 2385 3027 cohonestat;
2422 2966 2629 3019 honore
2661 2976 2841 3021 tamen
2874 2984 3035 3038 supra
3083 2971 3339 3042 despotas
3363 2976 3447 3029 ef-

1874 3052 2001 3114 fert,
2042 3070 2240 3124 nempe
2271 3065 2331 3108 ut
2367 3065 2512 3111 esset
2572 3057 2886 3126 imperatori
2929 3062 3207 3130 proximus
3241 3083 3254 3118 :
3285 3082 3445 3135 quem

1879 3144 2142 3199 honorem
2202 3146 2412 3215 primus
2482 3146 2908 3218 Palaeologorum
2982 3153 3280 3223 imperator
3348 3159 3448 3212 Ili-

1875 3234 2053 3299 chael,
2117 3246 2337 3305 propter
2371 3239 2536 3293 [ilium
2589 3238 3010 3297 Constantinum
3076 3246 3451 3319 Porphyroge-

1878 3328 2051 3381 nitum
2113 3330 2344 3396 invenit,
2378 3331 2770 3401 videbaturque
2807 3349 2869 3388 ea
2925 3336 3163 3407 dignitas
3193 3342 3447 3410 despota-

1879 3434 1998 3472 rum
2058 3421 2309 3491 dignitati
2360 3424 2710 3477 antecellere.
2771 3423 2990 3482 Fratres
3040 3432 3226 3483 uxoris
3281 3432 3446 3487 Joan-

1879 3524 1999 3561 ni-m
2060 3518 2115 3562 i-t
2157 3511 2457 3564 Munttelem
2510 3512 2977 3569 sebastocratoras
3010 3517 3153 3587 legit.
3205 3515 3449 3577 Cern-‘ns

1879 3609 2061 3651 autem
2132 3598 2436 3654 Romanum
2485 3602 2783 3671 imperium
2859 3605 3005 3660 civili
3092 3609 3241 3663 bello
3287 3615 3451 3667 vehe-

1882 3700 2093 3744 menter
2121 3700 2436 3759 quassatum
2485 3701 2539 3747 et
2568 3694 2816 3748 attritum
2842 3706 3004 3765 atque
3032 3714 3059 3751 a
3094 3700 3288 3755 vicinis
3324 3718 3448 3757 cum

1883 3790 2103 3851 propter
2147 3782 2379 3849 inopiam
2417 3785 2663 3852 peconia:
2727 3787 2910 3855 (quam
2982 3789 3201 3858 quidam
3253 3809 3449 3847 nervos

1882 3885 2003 3924 esse
2034 3871 2156 3924 belli
2196 3886 2301 3924 non
2342 3871 2537 3926 inscite
2568 3872 2724 3943 dixit)
2782 3876 2971 3931 ulcisci
3001 3893 3061 3931 sc
3104 3894 3211 3932 non
3245 3895 3448 3948 posset,
3502 3928 3513 3943 ,

1878 3961 2020 4029 quod
2071 3976 2174 4016 nec
2207 3961 2274 4015 de
2306 3977 2428 4024 suo.
2476 3978 2578 4018 nec
2636 3964 2702 4018 de
2752 3967 2974 4034 publico
3022 3979 3272 4039 sumptus
3317 3988 3450 4043 sup-

1876 4052 2142 4121 peditaret
2167 4068 2181 4115 ;
2211 4068 2330 4121 qua!
2355 4054 2501 4107 enim
2530 4056 2581 4108 in
2602 4058 2871 4113 thesauris
2897 4058 3261 4128 imperatoriis
3285 4079 3449 4131 repo-

1874 4143 1974 4196 sita
2005 4143 2361 4208 habebantur,
2385 4146 2669 4214 absumpta
2688 4158 2843 4201 erant
2865 4149 3068 4205 omnia:
3091 4159 3145 4203 et
3165 4153 3447 4223 vectigalia

1873 4235 2362 4304 regione-funditus
2387 4236 2596 4306 direpta
2619 4254 2682 4291 ac
2706 4238 2983 4294 devastata
3019 4242 3363 4310 defecerant;
3396 4258 3450 4301 et

1874 4326 2065 4380 insula:
2089 4335 2251 4396 atque
2274 4330 2610 4383 continentis
2632 4331 2792 4385 urbes
2817 4332 2936 4386 alia:
2959 4334 3208 4389 hostian
3239 4339 3450 4391 servie-

1874 4417 2027 4479 bant,
2062 4419 2181 4471 aliae
2206 4427 2429 4487 propter
2457 4419 2682 4474 hostiles
2708 4422 3055 4479 incursiones
3089 4422 3248 4490 foris,
3282 4437 3339 4483 et
3365 4431 3449 4483 ci-

1871 4508 2018 4561 vium
2051 4508 2351 4562 discordias
2381 4509 2552 4572 intus,
2573 4512 2837 4575 extremis
2868 4512 3284 4571 difﬁcultatibus
3316 4533 3449 4572 con-

1874 4598 2221 4653 flictabantur
2246 4616 2260 4662 ;
2292 4615 2390 4653 nec
2412 4604 2733 4670 suppetebat
2759 4604 2811 4657 in
2840 4604 3327 4671 militesalimonia,
3355 4612 3446 4679 qui

1875 4705 2187 4759 quanquam
2217 4692 2373 4744 multi
2396 4707 2458 4744 ac
2480 4695 2712 4757 strenui,
2738 4709 2845 4762 prae
2869 4706 3132 4765 egestate,
3157 4715 3262 4767 qua
3285 4702 3447 4755 undi-

1876 4797 1979 4849 que
1999 4782 2405 4851 premebantur,
2436 4793 2595 4837 erant
2619 4784 2855 4838 inermes
2872 4798 3033 4855 atque
3058 4790 3310 4857 inutiles;
3332 4793 3448 4846 edi—

1875 4887 2001 4925 cere
2029 4873 2308 4941 cogitavit,
2362 4883 2421 4927 ut
2454 4879 2601 4927 cives
2636 4876 2702 4929 de
2762 4876 3112 4933 facultatibus
3143 4882 3258 4937 suis
3316 4885 3450 4938 viri-

1879 4964 1972 5016 tim
2007 4962 2341 5027 conferrent,
2398 4979 2506 5032 quo
2564 4974 2618 5018 et
2677 4966 2774 5033 ipsi
2814 4969 2908 5035 qui
2941 4968 3238 5035 haberent,
3317 4984 3371 5028 et
3413 4976 3449 5031 ii

1876 5056 1966 5122 qui
2000 5063 2218 5120 egerent
2256 5070 2361 5107 una
2400 5059 2772 5109 servarentur.
2800 5056 2911 5111 Hoc
2937 5059 3216 5114 meditanti
3252 5077 3446 5118 occur-

1878 5148 1949 5197 rit
1998 5146 2106 5197 vim
2161 5144 2581 5210 abstlnendam,
2625 5147 2894 5214 siquidem
2934 5149 3079 5202 illam
3124 5151 3300 5219 ipsam
3354 5170 3449 5223 pe-

204 5240 267 5292 ἶν’
293 5238 453 5291 αὐτοί
482 5253 541 5287 τε
566 5236 822 5300 σώζοιντο
862 5237 911 5287 οἱ
940 5237 1178 5304 ἔχοντες,
1214 5238 1304 5288 καὶ
1356 5240 1481 5301 τοὺς
1533 5240 1764 5309 ἀπόρους

1882 5238 2090 5291 Cliniam
2144 5237 2456 5292 rollatitiam
2511 5253 2607 5305 pro
2641 5238 3051 5307 conferentibus
3074 5244 3447 5313 insumpturus

205 5322 917 5386 συνδιασώζειεν.οὖτωδὲ
952 5322 1307 5394 σκεπτομένῳ
1370 5325 1430 5376 οὐ
1492 5325 1612 5394 βίαν
1672 5332 1764 5382 εἰσ.

1882 5339 2044 5392 esset,
2102 5330 2195 5383 sed
2227 5330 2497 5382 hortando
2547 5332 2729 5398 potius
2761 5332 2828 5384 ad
2879 5332 2928 5385 id
2958 5333 3187 5387 libenter
3239 5336 3448 5390 facien-

203 5420 393 5487 φέρειν
426 5414 599 5466 ἐδόκει
629 5414 737 5466 δεῖν
773 5414 1021 5483 μέλλοντι
1066 5413 1204 5482 ὑπὲρ
1243 5415 1421 5468 αὐτῶν
1467 5419 1574 5470 τῶν
1600 5425 1764 5492 εἰσφε-

1882 5421 2007 5475 dum
2038 5419 2416 5489 impellendos.
2452 5421 2582 5475 Inde
2620 5431 2895 5475 conventu
2927 5422 3126 5477 civium
3161 5424 3447 5496 Byzantio-

203 5509 408 5576 ρόντων
427 5505 497 5556 τὰ
515 5507 617 5575 χρή
627 5522 769 5573 ματα
790 5504 1119 5559 ἀναλίσκειν·
1135 5506 1270 5560 ἀλλὰ
1294 5508 1501 5561 πείθειν
1518 5517 1764 5581 παραινέ-

1882 5527 2000 5564 rum
2042 5528 2109 5565 ex
2134 5511 2386 5563 omnibus
2439 5512 2722 5567 ordinibus
2777 5514 2981 5568 indicto
3010 5516 3156 5583 (nam
3214 5527 3268 5571 et
3302 5534 3448 5572 mer-

204 5617 375 5653 σαντα
407 5597 609 5667 μᾶλλον
640 5598 772 5666 πρὸς
803 5598 903 5668 τὴν
959 5597 1157 5669 πρᾶξιν
1193 5600 1375 5673 ἑκοντῖ
1420 5606 1635 5672 χωρεῖν.
1672 5609 1764 5659 Κα¹

1882 5611 2117 5662 calores,
2174 5610 2229 5651 et
2260 5599 2483 5664 milites,
2537 5609 2591 5652 et
2632 5600 2877 5668 opifices,
2942 5601 3098 5669 721
3161 5612 3217 5656 et
3261 5603 3447 5670 pleb-‘3

207 5690 404 5757 κοινὴν
431 5686 729 5751 ἐκκλησίαν
750 5688 813 5737 ὲκ
850 5685 1030 5753 πάσης
1077 5686 1220 5747 ἰδέας
1253 5685 1368 5755 βίου
1418 5689 1764 5758 συναθροίσας

1882 5690 2060 5743 infima
2090 5688 2362 5756 frequens,
2394 5700 2449 5743 et
2476 5705 2754 5743 sacrorum
2791 5695 3248 5745 monasteriorum
3305 5710 3443 5760 pra:-

204 5782 265 5832 ἐκ
288 5780 403 5832 τῶν
427 5777 715 5841 Βυζαντίου
742 5777 994 5829 πολιτῶν⁸
1014 5777 1138 5829 οὔτε
1163 5777 1266 5845 γάρ
1292 5779 1531 5847 ἔμπορος
1570 5781 1764 5833 ὑπελεί·

1882 5778 2023 5841 fecti,
2057 5789 2111 5833 et
2154 5781 2509 5833 ecclesiarum
2564 5792 2943 5850 procuratores
2981 5783 3351 5850 confluebant,
3390 5787 3446 5839 iu

207 5888 335 5924 πετο
374 5871 499 5923 οὔτε
518 5870 874 5938 στρατιώτης,
894 5868 1027 5920 ἀλλά
1049 5876 1137 5920 καί
1160 5872 1490 5939 χειροτέχναι
1507 5871 1758 5941 παρῆσαν

1884 5870 2120 5925 medium
2170 5885 2486 5941 progressus
2587 5872 2663 5925 sic
2722 5871 2839 5925 infit
2896 5873 3137 5930 dicere:

491 5962 756 6020 Pnaou
812 5961 930 6019 Gtt.
969 5958 1171 6021 CLIV.
3086 5967 3127 6025 2

3193 5873 3444 5932 Veterem
