4226 6444
215 422 291 485 69
1370 423 1917 487 ΗῐΞΤΟΒῐΑἚῖυΜ
1954 423 2185 483 LIBER
2221 423 2318 485 IV.
3379 423 3447 484 50

216 534 505 603 ροτέχνης,
552 535 620 589 ἂν
666 538 765 607 μὲν
797 540 982 603 ἀδείας
1029 541 1303 612 ἀπολαύῃ,
1352 540 1531 603 ἐαυτῷ
1582 539 1786 608 ὁμοίως
1818 545 1858 598 Δ

1779 555 1786 597 ς
1818 545 1858 598 Α
1889 537 2089 607 alioqui
2125 554 2181 591 re
2212 552 2309 595 sua
2343 536 2597 592 incolumi
2633 536 2685 591 in
2720 536 2973 593 libertate
3028 536 3204 590 libens
3246 549 3307 590 ac
3350 552 3448 591 vo-

213 623 491 692 χρήσιμος
534 624 708 689 ἔσται,
739 630 834 681 καὶ
872 629 950 699 τῷ
985 630 1417 699 προπολεμοῦντι
1451 629 1777 699 στρατιώτῃ·

209 713 283 764 ἂν
312 714 370 765 δὲ
412 714 489 783 μὴ
532 716 776 785 βούλοιτο
808 721 1015 774 ἐκεῖνον
1048 722 1290 791 τρέφειν,
1325 722 1419 774 καὶ
1453 722 1646 775 έαυτὶν
1704 720 1782 788 τῷ

214 806 530 875 στρατιώτῃ
564 810 965 880 συνδιαφθερεῖ,
1009 813 1215 865 ἐκεῖνον
1267 814 1364 882 μὲν
1392 812 1557 880 λιμῷ,
1587 810 1781 863 ἐαυτὸν

212 890 273 942 δὲ
323 895 419 946 καὶ
466 898 664 960 παῖδας
695 903 837 969 λιμῴ
870 920 928 955 τε
974 904 1177 972 ὁμοίως
1218 906 1312 957 καὶ
1348 904 1632 971 πολιορκίᾳ
1689 900 1783 954 καὶ

211 984 330 1043 τοῖς
363 987 645 1053 πολεμίοις
673 990 882 1057 ξίφεσιν
904 1010 916 1023 ·
948 993 981 1062 ἢ
1009 998 1056 1045 εἰ
1091 996 1163 1063 μὴ
1214 994 1391 1058 τοῦτο,
1420 995 1538 1046 ἀλλ’
1568 993 1783 1061 ἀνάγκῃ

209 1074 715 1143 καταδουλωθέντα,
772 1081 988 1141 πλείους
1040 1086 1153 1145 τοῖς
1192 1084 1616 1151 δεδουλωμένοις
1689 1083 1782 1135 καὶ

210 1158 556 1232 βιαιοτέρους
585 1167 841 1236 παρέχειν
899 1171 1098 1239 φόρους
1122 1172 1155 1241 ἢ
1186 1174 1281 1225 ὅσα
1304 1171 1431 1240 ἐξῆν
1465 1172 1783 1238 είτφέροντα

209 1252 538 1321 προθύμως,
560 1258 673 1309 τῶν
694 1260 870 1313 ἄλλων
888 1263 1183 1317 ἀπολαύειν
1206 1264 1526 1332 ἐλευθέρως.
1551 1263 1782 1317 Τοιαῦτα

207 1345 448 1398 καὶτῶν
486 1348 793 1410 Βυζαντίων
829 1353 1060 1406 πολιτῶν
1100 1356 1401 1415 είπόντων,’
1422 1354 1607 1425 ἐπῄνει
1652 1372 1711 1407 τε
1754 1355 1782 1406 δ

210 1434 494 1502 βασιλεὺς,
520 1441 614 1490 καὶ
633 1444 923 1511 συνηγόρει
948 1445 1083 1513 πρὸς
1102 1446 1228 1506 τοὺς
1245 1445 1457 1511 λόγους,
1470 1446 1784 1512 ἀναγκαίως

206 1524 428 1579 δεῖσθαι
465 1531 768 1597 χρημάτων
800 1534 969 1585 είπὼν
1006 1535 1140 1605 πρὸς
1162 1536 1221 1586 τὸ
1257 1536 1782 1606 παρασκευάσασθαι

210 1614 358 1664 κατά
391 1616 501 1667 τῶν
532 1619 942 1687 πολεμούντων.
977 1623 1039 1674 El
1070 1624 1169 1693 μὲν
1193 1625 1284 1677 οῦν
1318 1626 1393 1696 μὴ
1428 1626 1783 1695 προανάλωτο

208 1703 370 1772 αὐτῷ
393 1706 460 1757 τά
490 1705 618 1760 ὅντα
641 1710 744 1761 ὑπὸ
779 1711 884 1763 τῶν
914 1715 1099 1776 κακῶς
1122 1716 1211 1767 ἐπὶ
1232 1715 1375 1787 λύμῃ
1402 1717 1782 1786 πεπολεμηκό-

206 1809 322 1845 των
354 1798 419 1864 τῇ
448 1801 622 1866 κοινῇ,
643 1801 797 1853 οὐδὲν
821 1802 885 1855 ἂν
911 1804 1105 1875 ἐδεήθη
1129 1806 1403 1875 ἐρανίζειν
1425 1809 1553 1877 παρ’
1579 1807 1779 1872 αὐτῶν,

206 1883 407 1953 ὥσπερ
431 1888 553 1941 οὺδέ
573 1892 839 1961 πρότερόν
864 1911 991 1946 ποτε
1017 1872 1269 1962 μεγάλων
1295 1872 1546 1968 πολέμων
1570 1916 1786 1969 κεκινη-
1818 1872 1855 1926 Β

210 1976 419 2043 μένων,
460 1978 717 2047 βασιλέως
745 1983 824 2036 ἔτι
857 1987 1140 2055 περιόντος
1155 1988 1521 2059 Ἀνδρονίκου,
1557 1992 1642 2053 ἐφ’
1668 1990 1783 2056 οὓς,

213 2067 272 2117 εί
316 2067 394 2135 μὴ
443 2069 512 2121 τά
544 2070 781 2136 δημόσια
819 2074 1067 2144 ἐξήρκει,
1100 2079 1193 2131 καὶ
1228 2079 1335 2130 ἀπὸ
1376 2079 1485 2131 τῶν
1529 2080 1675 2132 ίδίων
1714 2082 1783 2133 τά

207 2158 469 2211 ἐνδέοντα
504 2161 833 2232 ἐπεχορήγει
859 2165 1135 2228 αὑτὸτ,ῶν
1168 2169 1423 2223 ἁπάντων
1452 2170 1560 2222 τῶν
1590 2171 1784 2224 κοινῶν

205 2246 520 2317 διοικητὴς.
580 2251 714 2305 Νυνὶ
744 2255 797 2307 δὲ
835 2257 1060 2309 ἐκείνων
1096 2275 1153 2311 τε
1206 2263 1284 2322 είς
1314 2260 1466 2313 οὐδὲν
1510 2266 1783 2332 χρήσιμον

205 2338 598 2407 ἀπολωλότων,
624 2346 715 2395 καὶ
746 2346 853 2396 τιῖιν
879 2346 1154 2415 δημοσίων
1179 2351 1574 2406 ἐκλελοιπότων
1600 2354 1783 2423 φόρων

209 2429 321 2481 ὑπὸ
352 2429 451 2482 τοῦ
480 2431 581 2498 τὴν
612 2433 798 2503 χώραν
824 2438 1173 2508 διεφθάρθαι,
1202 2444 1518 2509 ἀναγκαίως
1551 2446 1782 2497 ἀποῦλέ-

207 2533 338 2569 πειν
363 2520 448 2582 είς
498 2523 596 2588 τὴν
626 2526 934 2579 συντέλειαν
966 2530 1173 2601 ταύτην
1217 2532 1316 2601 τὴν
1366 2534 1572 2603 κοινὴν,
1615 2536 1689 2597 ὡς
1734 2538 1780 2586 εξ

206 2614 521 2680 χρημάτων
584 2619 680 2670 καὶ
744 2622 981 2689 μετρίων
1026 2624 1345 2693 εὐπορήσοι,
1386 2628 1586 2697 ῥᾳδίως
1622 2628 1781 2691 αὖθις

205 2704 312 2769 τὴν
350 2704 643 2774 Ῥωμαίων
672 2712 1088 2765 καταπεσοῦσαν
1111 2716 1407 2784 ἠγεμονίαν
1435 2719 1780 2789 ἁνορθώσων.

206 2793 463 2847 Τοιαῦτα
521 2799 613 2850 καὶ
664 2800 825 2871 ἕτερα
868 2821 987 2854 τινα
1042 2808 1319 2876 παρόμοια
1363 2810 1776 2877 προσεπειπὼν.

204 2884 397 2937 διέλυε
429 2888 528 2956 τὴν
578 2890 908 2959 ἐκκλιβίιν,
957 2897 1201 2964 οἰόμενος
1242 2897 1390 2967 αὐτῷ
1434 2916 1485 2951 τι
1515 2900 1593 2969 τῷ
1620 2902 1780 2970 κοινῷ

206 2972 501 3036 λυσιτελὲς
556 2980 652 3031 καὶ
703 2982 971 3048 χρήσιμον
1024 2984 1280 3053 ἡνύσθαι.
1335 2987 1491 3049 Τινὲς
1550 2988 1606 3039 δὲ
1670 2990 1780 3041 τῶν

206 3065 461 3136 ἐξαρχῆς
511 3069 704 3138 ἐκείνῳ
755 3074 1046 3142 ᾑρημένων
1100 3078 1373 3146 πολεμεῖν,
1424 3076 1563 3149 ἦσαν
1596 3082 1651 3134 δὲ
1683 3084 1780 3133 οὐκ

1886 628 2004 682 lens
2052 626 2420 695 pependisset.
2473 625 2597 679 lla'c
2646 640 2768 679 cum
2814 627 2960 680 cives
3017 624 3296 696 Byzantini
3360 640 3449 677 re.

1884 720 2253 788 spondi~sent.
2287 720 2578 786 imperator
2608 717 2844 779 laudare,
2872 728 2927 771 et
2949 731 3137 771 eorum
3167 714 3452 770 sententia:

1885 807 2160 877 suffragari
2200 823 2263 860 ac
2287 807 2491 867 dicere,
2524 806 2845 874 pecuniam‘
2873 806 2937 858 ad
2971 816 3290 873 apparatum
3322 818 3424 857 con

1886 904 1967 948 tra
2000 895 2212 949 hostem
2244 897 2402 963 plane
2436 894 2662 963 r'quiri.
2714 892 2869 957 Quod
2901 894 2945 944 si
2993 892 3193 946 divitiae
3227 892 3348 957 ejus
3383 889 3450 942 ab

1886 987 1957 1038 iis
2002 987 2094 1055 qui
2158 1001 2282 1039 cum
2342 986 2658 1054 reipublica:
2713 985 3044 1039 detrimento
3096 989 3448 1053 pugnassent,

1883 1086 2217 1145 consumpta:
2243 1092 2349 1129 non
2382 1084 2586 1137 essent,
2613 1076 2748 1127 nihil
2797 1092 2935 1144 opus
2984 1075 3153 1129 fuisse
3189 1088 3336 1129 nunc
3384 1078 3450 1129 ab

1885 1168 2021 1235 ipsis
2093 1169 2381 1221 mutuari:
2429 1178 2486 1220 ut
2541 1184 2717 1237 neque
2786 1170 2934 1237 prius
3000 1185 3257 1238 unquam,
3324 1186 3448 1224 cum

1882 1275 2076 1327 magna
2114 1260 2274 1321 bella.
2337 1260 2664 1329 imperatore
2704 1261 3018 1314 Andronico
3071 1262 3249 1316 adhuc
3302 1262 3444 1324 vivo,

1882 1360 2224 1422 gererentur,
2281 1353 2346 1405 ad
2407 1368 2525 1421 qua:
2586 1354 2812 1421 pecuttia
2864 1354 3080 1423 publica
3130 1369 3239 1406 non
3297 1354 3449 1407 sulli-

1882 1443 2083 1505 ciente,
2114 1443 2231 1511 ipse
2260 1442 2473 1511 imperii
2511 1445 2920 1498 administrator
2950 1445 3017 1497 de
3049 1460 3146 1497 sua
3183 1459 3447 1497 summam

1881 1533 2201 1602 expleverit.
2245 1533 2421 1593 Modo,
2482 1535 2739 1602 quoniam
2779 1550 2842 1589 ea
2903 1536 3173 1589 inutiliter
3230 1535 3449 1605 profusa

1882 1626 1975 1687 sit,
2030 1633 2083 1678 et
2140 1634 2359 1694 propter
2418 1624 2685 1694 direptam
2750 1627 3189 1695 devastatamque
3226 1628 3444 1695 provin-

1882 1714 2023 1767 ciam
2086 1714 2315 1781 publira:
2371 1714 2663 1781 pensiones
2718 1716 3077 1775 cessaverint.
3135 1718 3250 1786 cogi
3287 1732 3345 1770 se
3384 1719 3451 1771 ad

1883 1819 2228 1857 communem
2286 1806 2447 1857 istam
2500 1804 2847 1858 collationem
2887 1806 3177 1875 respicere.
3242 1807 3450 1861 Etenim

1885 1895 1930 1949 si
1957 1895 2043 1949 vel
2076 1896 2341 1949 moderati
2386 1906 2635 1961 sumptus
2665 1898 3038 1965 suppeditent,
3071 1914 3128 1951 se
3152 1900 3449 1966 collapsum

1886 1986 2255 2039 Ruinanorum
2311 1987 2600 2055 imperium
2652 2001 2823 2050 parvo
2854 1988 3073 2057 negotio
3123 1988 3453 2043 instauratur-

1887 2093 2030 2131 rum.
2062 2076 2188 2132 Hac
2236 2088 2291 2132 et
2341 2078 2538 2132 similia
2576 2078 2791 2141 emittis,
2834 2088 3163 2131 conventum
3224 2080 3451 2144 dimisit,

1889 2178 2039 2221 ratus
2070 2184 2130 2221 se
2164 2183 2490 2238 magnopere
2525 2183 2555 2222 e
2589 2168 2867 2235 republica
2904 2168 3165 2223 locutum.
3204 2170 3271 2223 At
3321 2185 3456 2222 tton-

1885 2256 2018 2309 nulli
2058 2248 2248 2310 eorum
2303 2258 2392 2325 qui
2430 2258 2499 2310 ab
2553 2256 2711 2310 initio
2745 2257 3022 2311 adversari
3077 2260 3449 2316 instituerant,

1883 2349 1972 2417 qui
2008 2348 2223 2417 plurimi
2255 2358 2428 2412 erant,
2474 2358 2525 2402 et
2557 2364 2621 2401 ex
2658 2349 2899 2402 tabernis
2931 2350 3251 2419 argentariis
3294 2365 3454 2403 nunt-

1884 2439 2122 2502 mularii,
2163 2438 2330 2492 etiam
2386 2448 2668 2507 postquam
2720 2455 2822 2508 pax
2858 2440 2967 2492 visa
3003 2449 3086 2493 est
3114 2440 3449 2504 confirmata,

1883 2530 2094 2585 animos
2142 2531 2441 2584 retinentes
2486 2540 2721 2584 armatos
2790 2538 2844 2585 et
2895 2530 3107 2598 injuria:
3161 2547 3453 2596 memores,

1884 2622 2239 2689 manibusque
2276 2636 2340 2676 ac
2378 2621 2608 2690 pedibus
2652 2636 2774 2674 eum
2824 2622 3085 2688 impedire
3121 2622 3451 2688 laborantes,

1884 2711 2046 2781 725
2082 2712 2328 2777 nihilque
2363 2711 2606 2764 sinentes
2634 2712 2907 2764 communi
2938 2712 3301 2775 commodare,
3336 2729 3456 2767 ma-

1882 2804 2027 2858 xime
2063 2812 2118 2855 ιιι
2148 2805 2388 2870 ipsarum
2432 2803 2755 2872 improbitas
2784 2811 3080 2874 tegeretur,
3112 2818 3213 2859 nec
3240 2805 3455 2859 videre-

1884 2902 1971 2947 tur
2002 2904 2224 2964 propter
2259 2894 2462 2947 bcllum
2501 2905 2689 2947 contra
2745 2895 3128 2963 imperatorem
3198 2893 3453 2949 aﬂlicmrn

1881 3001 1945 3039 ac
1996 2988 2264 3052 perditum
2322 2986 2625 3039 Romanum
2692 2985 2980 3054 imperium
3039 2984 3351 3055 (siquidem
3402 2999 3456 3040 et

1889 3086 2012 3145 post
2045 3092 2257 3145 pacem,
2294 3086 2348 3129 et
2406 3086 2529 3145 post
2569 3092 2759 3129 omnes
2808 3077 2875 3130 ab
2909 3077 3232 3145 imperatore
3259 3077 3459 3145 subju-

207 3157 415 3250 ολίγοι,
454 3162 546 3212 καὶ
578 3165 642 3214 ἐκ
671 3164 778 3216 τῶν
814 3167 869 3218 ἐν
901 3168 1285 3239 ἐργαστηρίοις
1320 3172 1781 3241 ἐμπορευομένων
1814 3196 1855 3250 ε

1814 3196 1855 3250 c
1890 3175 2065 3227 patos.
2104 3168 2245 3220 nulla
2294 3167 2486 3221 fuisset
2533 3168 2821 3222 subsecuta
2880 3168 3260 3234 commoditas,
3294 3169 3456 3222 nulla:

207 3249 675 3318 ἀργυραμοιϐὦν,
734 3258 828 3308 καὶ
892 3260 1029 3325 μετὰ
1100 3260 1200 3328 τὴν
1262 3260 1524 3314 δοκοῦσαν
1598 3266 1783 3317 διαλυ-

210 3357 301 3394 σιν
360 3342 444 3394 ἐτι
524 3344 989 3415 δυσμεναίνοντες,
1036 3355 1129 3405 καὶ
1176 3357 1657 3425 μνησικακοῦντες,
1679 3361 1788 3410 καὶ

207 3436 402 3488 πάντα
494 3439 691 3505 τρόπον
782 3442 1193 3513 ἐπιχειροῦντες
1272 3448 1432 3500 αὑτὸν
1518 3449 1775 3515 κωλύειν,

208 3526 309 3577 καὶ
362 3525 537 3594 μηδὲν
592 3528 687 3599 ἑᾷν
739 3532 818 3599 τῷ
854 3534 1018 3602 κοινῷ
1064 3534 1337 3599 λυσιτελὴς
1386 3540 1580 3603 ποιεῖν,
1618 3540 1695 3603 ὡς
1723 3539 1788 3592 ἂν

209 3617 463 3685 μάλιστα
494 3619 714 3673 ἐκείνων
745 3622 777 3691 ἡ
809 3624 975 3677 κακία
997 3629 1360 3692 συσκιάζοιτο,
1382 3630 1477 3681 καὶ
1501 3630 1576 3701 μὴ
1607 3630 1785 3700 δοκοίη

207 3708 303 3761 διά
329 3710 427 3762 τὸν
452 3711 589 3780 πρὸς
610 3710 831 3781 βασιλέα
862 3716 1097 3786 πόλεμον
1130 3720 1156 3789 ἡ
1202 3703 1500 3789 Ῥωμαίων
1526 3724 1790 3795 ἡγεμονία

205 3800 566 3871 διεφθάρθαι.
596 3803 668 3867 ὡς
699 3808 790 3857 καὶ
816 3808 954 3873 μετά
982 3809 1084 3879 τὴν
1110 3812 1334 3881 είρήνην
1369 3815 1464 3867 καὶ
1495 3815 1558 3867 τὸ
1584 3814 1792 3878 πάντας

208 3892 601 3960 ὑπαγαγέσθαι
634 3895 859 3965 βασιλέα
888 3897 1151 3966 ὠφελείας
1205 3900 1485 3971 οὐδεμιᾶς,
1514 3904 1637 3958 οὺδέ
1662 3906 1795 3958 ἀνα-

210 3975 420 4052 κωχῆξ
444 3982 554 4035 τῶν
580 3986 765 4038 κακῶν
795 3991 1186 4059 γεγενημένης,
1219 3993 1372 4045 αὐτοί
1401 4011 1459 4047 τε
1479 3994 1790 4064 ἐθορύϐουν,

207 4073 290 4135 ὡς
320 4074 385 4124 οὐ
414 4076 675 4143 χρήματα
702 4079 1049 4146 παρέξοντες,
1083 4085 1176 4133 καὶ
1209 4083 1332 4147 τοὺς
1360 4084 1549 4147 ἄλλους
1581 4087 1795 4140 ἔπειθον

210 4164 446 4231 ὁμοίως.
475 4165 622 4217 δεινά
660 4168 937 4222 πείσεσθαι
985 4171 1308 4237 φάσκοντες.
1341 4177 1387 4226 εἰ
1416 4175 1450 4228 ἀ
1484 4178 1557 4246 μὴ
1601 4178 1796 4247 πρότε-

216 4273 314 4325 ρον
338 4256 604 4324 πολέμιος
628 4257 701 4310 ῶν
727 4261 755 4311 δ
779 4259 1029 4328 βασιλεὺς
1054 4265 1291 4333 ἠδυνήθη
1332 4268 1800 4345 κατεργάσασθαι,

210 4345 397 4398 ταῦτα
450 4345 546 4398 νῦν
599 4348 655 4398 ἐν
694 4348 903 4412 εὐνοίας
938 4352 1033 4404 καὶ
1083 4354 1405 4424 κηδεμονίας
1454 4359 1798 4427 προσχήματι

211 4435 599 4505 ὑπομενοῦσιο
659 4440 911 4508 πολεμῶν
962 4442 1090 4513 γάρ,
1137 4446 1246 4495 τῶν
1301 4449 1401 4512 μὲν
1453 4447 1558 4510 ἔξω
1603 4450 1800 4518 τειχῶν

1888 3258 2154 3312 malorum
2193 3256 2469 3319 inducire),
2530 3268 2584 3311 et
2643 3259 2743 3327 ipsi
2778 3258 3267 3324 tumultuabantur,
3298 3268 3357 3314 ut
3379 3274 3458 3313 aes

1889 3365 2231 3418 nequaquam
2269 3349 2537 3414 collaturi,
2600 3359 2653 3402 et
2684 3350 2811 3407 aliis
2860 3351 3001 3404 idem
3048 3352 3249 3405 dabant
3277 3351 3460 3405 consi-

1890 3442 2043 3504 lium,
2102 3443 2242 3495 male
2296 3442 2586 3495 atmodum
2641 3458 2822 3497 secum
2868 3453 3049 3498 aetum
3084 3444 3148 3498 iri
3190 3444 3454 3507 dicentes,

1890 3536 1957 3599 si,
1991 3552 2111 3605 qua:
2161 3536 2457 3604 imperator
2512 3545 2672 3590 antea
2728 3537 2906 3592 adhuc
2965 3538 3139 3592 ltostis
3190 3539 3459 3593 coniicere

1889 3626 2204 3695 nequiisset,
2228 3641 2288 3680 ea
2318 3642 2461 3679 nunc
2492 3635 2713 3695 propter
2744 3626 3132 3679 benzsvolenti'e
3160 3635 3215 3680 et
3245 3626 3446 3681 sollici-

1895 3718 2096 3772 tudinis
2148 3717 2549 3771 simulationem
2601 3717 2669 3770 ab
2727 3717 2846 3786 ipso
2896 3717 3087 3771 lerant.
3148 3716 3281 3771 Nant
3328 3718 3457 3771 dum

1892 3812 2142 3875 bellaret,
2179 3824 2394 3863 omnem
2446 3808 2885 3861 suburbanorum
2943 3809 3236 3877 diripuisse
3290 3824 3460 3878 pecu-

1893 3901 2038 3954 niam
2073 3916 2085 3953 :
2122 3914 2244 3969 qua:
2271 3898 2410 3952 intra
2442 3899 2627 3953 urbem
2664 3907 2719 3953 et
2776 3899 2831 3952 in
2865 3899 3118 3953 manibus
3150 3899 3346 3954 civium
3380 3914 3462 3953 es-

1896 4001 1999 4057 set,
2034 3991 2101 4045 de
2153 4006 2215 4043 ea
2260 3988 2474 4043 auferre.
2510 3989 2643 4042 nihil
2678 3989 2943 4058 potuisse.
3003 3986 3159 4044 Nunc
3208 3999 3262 4044 et
3315 3991 3458 4046 illam

1894 4080 2262 4155 deperdidisse
2297 4118 2311 4141 ,
2346 4088 2403 4132 et
2464 4081 2602 4131 hanc
2632 4088 2877 4132 averte-re
2907 4080 3063 4143 velle,
3096 4081 3280 4133 nescio
3323 4096 3461 4149 quos

1896 4179 2185 4241 apparatus
2219 4169 2439 4222 bellicos
2474 4177 2528 4222 et
2585 4168 2720 4220 alias
2760 4170 3024 4235 quasdam
3061 4170 3297 4225 fallacias
3324 4188 3463 4240 prie-

1898 4261 2131 4317 texeudo
2166 4276 2179 4311 :
2221 4275 2451 4328 quorum
2504 4259 2641 4313 nihil
2702 4270 2907 4313 tantum
2947 4260 3091 4329 apud
3123 4277 3215 4314 eos
3263 4264 3462 4317 valitu-

1900 4369 2018 4407 ru'u
2070 4353 2157 4412 sit,
2217 4350 2372 4404 utilli
2420 4351 2575 4404 bonis
2610 4351 2721 4403 suis
2752 4350 2966 4411 cedant,
3028 4350 3129 4403 nisi
3179 4352 3315 4407 forte
3356 4355 3460 4408 vim

1902 4442 2244 4496 manifestam
2275 4441 2603 4505 adhibuerit,
2631 4450 2687 4494 et
2709 4440 2943 4495 ca'dibus
2974 4443 3231 4497 saevit-rit.
3266 4444 3464 4515 llujus-

212 4527 607 4597 ἀπεστέρησεν
656 4529 930 4591 ἁπάντων.
983 4533 1090 4585 τῶν
1143 4534 1288 4586 ἔνδον
1332 4536 1386 4587 δὲ
1420 4539 1510 4588 καὶ
1544 4540 1601 4590 ἐν
1634 4540 1789 4608 χερσὶ
1825 4532 1864 4585 D

1788 4580 1789 4585 η
1825 4532 1864 4585 D
1894 4531 2126 4591 cemodi,
2158 4540 2212 4582 et
2242 4526 2326 4582 his
2362 4528 2585 4581 tetriora
2623 4527 2676 4580 in
2712 4527 2903 4595 vulgus
2939 4526 3457 4589 disscrninabantur.

211 4619 529 4689 χρημάτων
576 4620 815 4690 ἠδυνήθη
849 4622 1032 4676 λαϐεῖν
1061 4626 1232 4679 οὐδέν.
1257 4626 1394 4679 Νυνὶ
1417 4629 1473 4680 δὲ
1521 4632 1704 4681 ἐκεῖνά
1732 4648 1791 4683 τε

211 4708 501 4771 ἀπόλωλε,
528 4709 621 4763 καὶ
646 4710 756 4763 τῶν
789 4711 935 4764 ἔνδον
973 4713 1141 4767 ὄντων
1172 4714 1418 4783 βούλεται
1451 4719 1791 4791 ἀποστερεῖν,

212 4802 507 4870 πολέμους
535 4804 1004 4871 προφασιζόμενος
1036 4806 1131 4858 καὶ
1162 4813 1536 4875 παρασκευας,
1571 4812 1663 4863 καὶ
1701 4813 1795 4866 ἀλο

213 4891 318 4952 λας
356 4890 676 4953 ἐξαπάτας.
730 4887 806 4945 ὦν
857 4893 1009 4947 οὐδὲν
1037 4896 1446 4959 αύτοὺς.πείσει
1488 4899 1595 4950 τῶν
1626 4899 1795 4953 ὄντων

214 4979 380 5049 αὐτῷ
406 4984 790 5049 παραχωρεῖν,
845 4983 893 5035 εί
930 4983 1003 5053 μὴ
1032 4984 1274 5051 βούλοιτο
1309 4987 1590 5055 βιάζεσθαι
1627 5007 1793 5057 φανεο

216 5068 337 5139 ρώς
375 5068 474 5120 καὶ
501 5067 847 5139 διαφθείρειν.
889 5070 1121 5125 Τοιαῦτα
1153 5075 1251 5141 μὲν
1282 5076 1374 5128 καὶ
1405 5076 1585 5148 πολλῴ
1622 5079 1796 5131 δεινό·

214 5176 359 5230 τερα
383 5157 593 5211 τούτων
620 5162 755 5229 πρὸς
780 5162 905 5223 τοὺς
929 5162 1118 5224 ἀλλους
1144 5162 1414 5231 διεδίδοτο,
1448 5172 1542 5219 καὶ
1568 5166 1796 5235 θόρυϐος

214 5248 287 5321 ἦν
320 5253 421 5304 ml.
448 5250 664 5315 ἀταξία,
698 5254 793 5306 καὶ
832 5253 1027 5316 πάντες
1045 5256 1245 5323 ὁμοίως
1274 5258 1408 5325 πρὸς
1441 5258 1545 5313 τῶν
1576 5259 1794 5328 χρημά-

215 5359 332 5395 των
365 5342 623 5395 ἀνένευον
657 5343 757 5413 την
808 5346 1086 5415 εἰσφοράν.
1128 5346 1387 5411 Βασιλεὺς
1422 5348 1480 5401 δὲ
1511 5350 1633 5404 ἐπεὶ⁸
1663 5349 1798 5402 ἐπύ-

217 5433 373 5496 θετο,
431 5432 680 5501 συνεώρα
731 5435 829 5503 μὲν
881 5436 980 5505 ἠδη
1043 5437 1152 5490 τῶν
1198 5441 1671 5494 συνεσκευακότων
1700 5442 1799 5510 τὴν

216 5525 455 5589 κακίαν,
494 5528 586 5577 καὶ
609 5524 834 5596 ὥρμητο
860 5528 1109 5592 κολάζειν
1131 5531 1257 5594 τοὺς
1293 5534 1387 5586 ἐπὶ
1416 5532 1641 5586 τοιαῦτα
1670 5534 1799 5587 ἐνά-

216 5633 429 5683 γοντας
455 5616 549 5668 τὸν
568 5616 737 5686 δῆμον
756 5630 770 5645 '
799 5617 998 5672 ἄτοπον
1027 5620 1329 5690 ἡγούμενος
1378 5625 1475 5677 καὶ
1522 5623 1801 5684 παντελῶς

219 5708 334 5772 ἔξω
365 5706 470 5758 τοῦ
503 5704 672 5758 καλοῦ
707 5709 799 5761 καὶ
823 5707 914 5761 τοῦ
938 5708 1149 5763 δικαίου
1168 5710 1386 5776 πίπτον,
1413 5710 1501 5764 διὰ
1516 5711 1615 5780 τὴν
1639 5713 1801 5764 τινῶν

221 5798 633 5869 ἀγνωμοσύνην
700 5798 798 5870 τῆς
847 5799 955 5853 τῶν
1000 5799 1173 5855 ἀλλων
1225 5801 1481 5857 ἀπάντων
1534 5804 1801 5873 σωτηρίας

1892 4621 2333 4686 exsistebantque
2377 4618 2635 4671 tumultus
2669 4627 2722 4670 et
2758 4602 3116 4686 perturbatio,
3154 4628 3209 4673 et
3269 4634 3465 4674 omnes

1893 4714 2096 4782 pariter
2128 4711 2474 4763 contribuere
2523 4709 2811 4777 pecuniam
2844 4709 3183 4763 abnuebant.
3222 4712 3467 4779 Impera-

1896 4814 1979 4857 tor
2026 4802 2109 4856 his
2156 4801 2377 4863 auditis,
2428 4798 2731 4869 praestigias
2776 4814 2839 4852 ac
2880 4799 3036 4852 dolos
3089 4798 3461 4868 improborum

1894 4894 2162 4948 artllicum
2214 4890 2559 4960 itttelligebat
2583 4928 2602 4955 ,
2642 4899 2697 4942 et
2728 4890 2929 4958 populo
2962 4906 3148 4943 earum
3183 4893 3461 4944 turbarum

1896 4992 2146 5037 auctores
2175 4980 2346 5049 pmnis
2395 4979 2626 5032 subdere
2689 4977 2935 5047 parabat,
2995 4980 3217 5032 stultum
3286 4990 3340 5032 et
3394 4983 3462 5039 ab

1896 5074 2043 5127 multi
2110 5073 2392 5125 honestate
2456 5069 2772 5140 justitiaqne
2820 5068 3056 5121 alienum
3116 5070 3343 5132 ducens.
3392 5072 3467 5123 ob

1897 5166 2255 5235 quorumdam
2287 5164 2699 5230 perversitatem
2731 5172 3052 5214 czpterorum
3085 5162 3330 5214 omnium
3378 5176 3465 5213 sa-

1898 5258 2065 5310 lutem
2118 5254 2531 5322 ﬂoccipendere.
2590 5252 2787 5305 Verum
2838 5252 3139 5316 enimvero,
3201 5267 3270 5305 ne
3322 5251 3463 5313 illcs.

1900 5364 2007 5403 non
2064 5344 2340 5400 communi
2410 5350 2657 5411 spectato
2708 5342 3098 5405 emolumento,
3170 5343 3265 5396 sed
3322 5343 3466 5411 quod

1902 5439 2054 5507 prius
2084 5437 2151 5491 ab
2176 5437 2331 5489 Anna
2367 5434 2604 5503 Augusta
2633 5435 2933 5497 stetissent,
2959 5435 3207 5502 specioso
3232 5434 3466 5503 quodam

1903 5538 2165 5599 praetextu
2212 5526 2278 5579 ad
2314 5540 2530 5595 ptenam
2584 5538 2778 5577 vocare
2818 5538 3045 5591 seseque
3082 5524 3271 5579 ulcisci
3314 5538 3471 5593 puta-

1904 5629 2076 5683 retur,
2131 5618 2198 5673 iis
2250 5616 2555 5687 plectendis
2609 5616 2914 5683 supersedit
2971 5626 3251 5685 totumque
3303 5632 3468 5686 nego-

1904 5711 2039 5766 tium
2089 5708 2358 5777 reliquum
2394 5706 2663 5776 neglectui
2703 5706 2911 5769 habuit,
2945 5708 3171 5759 multum
3202 5707 3371 5759 iratus
3404 5722 3469 5760 ae

1906 5810 2151 5865 maestus,
2185 5799 2328 5870 quod
2360 5814 2416 5853 se
2445 5807 2633 5853 contra
2662 5797 2838 5851 hostes
2868 5812 3173 5852 cmersuros
3199 5798 3469 5852 instruere
