4226 6444
722 427 790 485 55
1886 427 2122 487 ΙΟᾹΝΝ
2132 427 2203 487 IS
2240 427 2391 487 CAN'

2299 427 2770 489 \NTACUZENI
3896 424 3968 489 56

723 536 1029 591 deturbare.
1070 533 1257 605 Neque
1298 552 1425 591 vero
1466 546 1693 590 matrem
1730 535 1845 604 ejus
1896 537 2193 604 Augustam
2224 537 2293 590 ob
2322 547 2367 599 Α

2322 547 2367 599 Α
2398 537 2569 604 λογία.
2596 538 2670 591 Οὐ
2701 539 2807 607 γὰρ
2836 538 3038 593 δίκαια.
3075 540 3192 590 οὐδὲ
3221 539 3391 600 ἄλλως
3424 541 3685 592 ἐννοεῖσθε
3728 542 3923 593 δυνατά
3954 558 3968 570 ·

722 644 806 687 ea,
831 642 1060 695 quorum
1100 628 1315 681 conscia
1361 643 1466 680 non
1500 636 1601 688 est,
1630 641 1888 680 accusare
1941 628 2118 678 decet.
2154 625 2298 690 Quin

722 732 822 788 ego
876 718 1064 773 ambos
1124 733 1185 772 ea
1244 718 1620 772 benevolentia
1701 726 1755 769 ct
1796 717 2146 769 veneratione
2192 716 2296 770 coli

721 809 867 873 volo,
897 826 1057 878 quam
1100 810 1358 879 majestas
1418 809 1759 878 imperatoria
1808 808 2064 877 postulat.
2104 811 2140 858 A
2184 822 2300 860 sce—

722 901 908 955 leratis
966 911 1147 955 autem
1207 902 1312 955 illis
1365 913 1420 956 et
1462 902 1780 955 insidiarum
1836 901 2297 969 compositoribus

722 993 943 1046 meritas
969 988 1192 1063 perjurii
1240 1010 1424 1062 poenas
1456 1004 1725 1063 expetam.
1770 992 1892 1045 ".I'C
1924 994 2023 1047 fuit
2060 996 2295 1064 impera-

723 1084 856 1137 toris
914 1084 978 1137 ad
1038 1100 1294 1154 proceres
1349 1087 1544 1149 oratio,
1598 1103 1695 1155 pro
1727 1104 1791 1140 eo
1822 1088 1967 1158 quod
2015 1088 2191 1155 ipsum
2242 1088 2293 1139 in

724 1174 909 1227 odium
963 1176 1344 1244 imperatricis,
1380 1187 1435 1229 et
1477 1179 1660 1244 gtncri
1696 1178 2035 1246 imperatoris
2070 1187 2293 1243 eruptu-

726 1280 842 1317 rum
892 1274 1259 1333 speraverant.
1322 1268 1421 1331 Qui
1464 1277 1521 1320 nt
1575 1285 1632 1319 se
1687 1283 1905 1335 Operam
1965 1267 2210 1336 perdere,
2241 1275 2295 1319 et

723 1355 868 1422 quod
926 1358 1212 1423 proverbio
1247 1358 1438 1417 fertur.
1468 1363 1519 1411 in
1565 1359 1759 1411 colum
1805 1357 2029 1425 jaculari
2058 1373 2292 1431 agnove-

726 1451 875 1502 runt.
906 1442 1049 1496 illius
1084 1446 1383 1499 mutatione
1430 1447 1736 1515 desperata,
1775 1449 1840 1500 ad
1878 1447 2085 1500 lrenem
2125 1448 2293 1517 impe-

727 1531 979 1585 ratrieeni
1013 1550 1071 1587 se
1092 1537 1463 1596 contulerunt,
1491 1539 1590 1589 rati
1625 1553 1742 1590 eam
1776 1554 1832 1591 se
1868 1548 2289 1607 eipugnaturos,

726 1638 1192 1694 persuasurosque
1246 1636 1306 1679 ut
1347 1628 1447 1680 sibi
1513 1639 1766 1695 tanquam
1808 1628 1945 1682 bene
2003 1631 2293 1685 monitoris

726 1730 887 1766 aures
921 1715 1097 1769 daret.
1154 1716 1420 1771 Czeterum
1478 1719 1566 1770 ubi
1617 1719 1705 1771 illa
1757 1720 2077 1782 eadem,ch
2126 1720 2289 1774 etiam

726 1801 999 1854 severiora
1079 1805 1394 1871 respondit,
1446 1816 1607 1873 atque
1680 1823 1709 1859 a
1767 1808 2023 1861 Romanis
2093 1808 2287 1864 iterum

728 1894 939 1961 magnis
994 1894 1396 1949 calamitatibus
1447 1898 1745 1951 obruendis
1798 1898 2062 1951 facessere
2108 1900 2291 1968 jussit,
2327 1875 2365 1928 Β

730 1982 975 2037 nonnulli
1020 1985 1237 2052 quidem
1284 1988 1808 2057 reprehensionibus
1852 1989 1971 2044 istis
1998 1991 2292 2056 madefacti,

727 2076 950 2129 omnino
991 2077 1337 2145 quieverunt,
1405 2080 1520 2145 alii,
1574 2081 1820 2134 homines
1872 2082 1923 2133 in
1970 2097 2121 2134 omni
2186 2083 2295 2136 vita

728 2166 1025 2221 turbulenti
1076 2184 1139 2221 ac
1182 2169 1451 2234 seditiosi,
1503 2187 1624 2225 cum
1682 2188 1905 2239 pausam
1965 2173 2296 2242 aliquantam

730 2257 1011 2324 fecissent,
1065 2260 1378 2314 Mattliieum
1435 2254 1601 2316 lilium
1657 2265 2003 2330 induxerunt,
2038 2277 2095 2320 ut
2144 2267 2299 2335 Didy-

728 2352 1047 2419 moticlnun,
1089 2354 1521 2424 Adrianopolim,
1577 2365 1630 2410 et
1687 2357 1743 2410 in
1778 2358 2010 2412 circuitu
2042 2358 2296 2428 oppidula

730 2454 1045 2512 occuparet,
1103 2444 1343 2520 ipsisque
1406 2448 1791 2515 adjuvantibus
1840 2450 2117 2518 proririum
2152 2454 2297 2519 prin-

730 2536 969 2607 cipatum
996 2537 1266 2591 fundaret.
1304 2538 1568 2593 Factiosis
1598 2540 1663 2593 ad
1704 2541 1851 2595 illum
1888 2543 2173 2598 deiiciendi
2221 2545 2299 2597 in-

727 2632 1087 2684 vitamentum
1126 2640 1179 2684 et
1228 2632 1443 2684 occasio
1470 2642 1609 2694 crat,
1642 2634 1785 2701 quod
1823 2646 1974 2703 pater
2008 2638 2301 2705 imperator

727 2730 851 2793 post
906 2722 1052 2776 mille
1116 2723 1328 2776 labores
1388 2734 1549 2794 atque
1606 2727 1869 2793 periculi.
1937 2738 1992 2781 et
2056 2744 2300 2783 amorem

728 2814 1059 2883 prmcipunm
1086 2830 1208 2884 erga
1239 2831 1333 2869 eos
1368 2818 1834 2883 demonstratum,
1878 2820 2127 2875 hostibus
2158 2823 2302 2876 devi-

731 2906 855 2966 αἱς,
906 2904 1172 2959 Joannem
1232 2924 1515 2976 generum,
1562 2925 1663 2962 nec
1704 2911 1852 2963 illum
1890 2912 2175 2975 duntaxat,
2210 2916 2303 2969 sed

733 2996 1028 3050 familiares
1062 2998 1181 3065 ejus
1220 3012 1411 3051 omnes
1447 3000 1823 3051 benevolentia
1877 3003 2182 3069 praeferret.
2208 3017 2306 3055 nec

733 3090 941 3143 sineret
997 3090 1156 3151 bona,
1181 3089 1379 3155 quibus
1429 3101 1609 3142 essent
1638 3096 1702 3142 ab
1744 3090 1850 3144 illis
1901 3092 2130 3156 multati,
2169 3094 2301 3147 reci-

2402 627 2637 680 Βασιλέα
2687 630 2796 698 γὰρ
2846 631 2935 681 τὸν
2989 630 3121 697 ἐμὸν
3157 629 3405 698 γαμδρὶν
3446 628 3567 682 οὔτε
3616 633 3966 684 ἀποκτείνειν

2401 720 2644 785 δυνατὸν,
2683 720 2794 772 οὔτ’
2835 721 3157 788 ἀποστερεῖν
3208 722 3303 790 τῆς
3358 722 3634 791 βασιλείας
3686 724 3821 792 μετὰ
3871 724 3973 791 τῆς

2400 811 2664 881 θυγατρδις
2713 812 2799 864 τὸν
2852 812 3047 881 γάμον.
3080 811 3216 865 Οὔτε
3251 815 3356 882 μὴν
3414 814 3647 883 βασιλίδι
3681 820 3746 884 τῇ
3796 817 3973 884 μητρὶ

2396 903 2601 956 δίκαιον
2630 904 2877 970 ἐγκαλεῖν
2926 905 3009 972 ἐφ’
3041 901 3120 966 οἷς
3166 906 3317 957 οὐδὲν
3348 906 3583 975 συνῄδει,
3617 907 3747 958 ἀλλὰ
3782 910 3969 959 πᾶσαν

2398 996 2577 1056 αὐτοῖς
2609 995 2906 1061 προσάγειν
2932 994 3193 1063 βούλομαι
3231 997 3439 1057 πάντας
3480 998 3571 1048 καί
3600 996 3695 1064 τὴν
3756 995 3975 1049 εὔνοιαν

2397 1090 2491 1139 καὶ
2543 1089 2638 1157 τὴν
2692 1086 2850 1152 αίδὼ,
2885 1086 3069 1150 καθὼς
3104 1090 3371 1156 προσήκει
3414 1087 3714 1157 βασιλεῦσι.
3753 1088 3899 1151 Τοὺς
3926 1088 3973 1140 δ’

2394 1180 2887 1247 ἀγνωμονήσαντας
2929 1178 3189 1241 ἐκείνους,
3247 1180 3341 1230 καὶ
3380 1178 3659 1247 paid/avra;
3701 1179 3801 1248 τὴν
3843 1180 3971 1230 ἑπι-

2394 1268 2591 1336 ϐουλὴν
2613 1270 2721 1335 ἐγὼ
2740 1270 2837 1330 τὰς
2868 1268 3024 1333 ἀξίας
3052 1270 3149 1337 τῆς
3175 1274 3457 1337 ἐπιορκίας
3482 1271 3769 1335 ἀπαιτήσω
3790 1270 3969 1329 δίκας.

2408 1360 2464 1413 Ὀ
2496 1362 2592 1429 μὲν
2624 1358 2718 1411 οὖν
2749 1360 3001 1429 βασιλεὺς
3025 1360 3249 1412 τοιαῦτα
3281 1362 3389 1421 τοῖς
3412 1362 3468 1410 ὲν
3496 1362 3636 1413 τέλει
3670 1360 3969 1427 δεειλέχοη,

2392 1452 2477 1519 ὲςρ⁸
2497 1445 2575 1512 οἷς
2605 1450 2833 1520 ἤλπιζον
2851 1452 3015 1504 αὐτὸν
3038 1450 3365 1519 ἑξορμήσειν
3394 1452 3485 1502 ἐπὶ
3512 1453 3572 1503 το
3624 1452 3809 1513 κακῶς
3840 1457 3973 1519 περὶ

2396 1544 2637 1614 βασιλίδα
2713 1542 3044 1596 διατίθεσθαι
3108 1542 3200 1595 καὶ
3253 1542 3477 1611 βασιλέα
3544 1547 3635 1595 τὸν
3692 1544 3968 1613 γαμϐρόν.

2405 1635 2555 1687 Ἐπεὶ
2605 1633 2660 1685 δὲ
2708 1635 2903 1685 ἐκεῖνοι
2935 1633 3176 1700 ἔγνωσαν
3208 1633 3493 1700 ἀνηνύτοις
3529 1635 3965 1703 ἐπιχειροῦντες.

2393 1729 2487 1780 καὶ
2511 1728 2570 1779 τί)
2594 1727 2910 1795 λεγόμενον,
2936 1724 3242 1789 τοξεύοντες
3270 1728 3348 1786 είς
3370 1727 3973 1795 οὐρανὸν,ἀπογνόντες

2392 1818 2451 1870 τὸ
2490 1819 2696 1871 ἐκεῖνον
2726 1816 3099 1887 μεταπείθειν,
3150 1817 3244 1869 ἐπὶ
3297 1817 3546 1886 βασιλίδα
3592 1817 3836 1886 ἑχιὶπρουν
3870 1816 3973 1884 τὴν

2403 1911 2659 1979 Εἰρήνην,
2676 1912 2909 1974 οἰόμενοι
2930 1910 3383 1979 περιγενήσεσθαι
3406 1912 3615 1975 ἐκείνης
3648 1912 3739 1961 καὶ
3759 1910 3973 1960 πείσειν

2398 2003 2579 2062 αὐτοῖς
2610 2002 2896 2070 προσέχειν
2920 2040 2935 2063 ,
2962 2000 3035 2062 ὼς
3064 2001 3315 2069 λυσιτελῆ
3353 2002 3785 2070 βοσκευομένοις.
3806 2000 3894 2062 Ὠς
3915 2001 3974 2051 δὲ

2400 2092 2490 2145 καὶ
2520 2092 2656 2161 αὐτὴ
2682 2096 2798 2153 ταῖς
2839 2092 2983 2155 ἴσαις
3042 2092 3073 2161 ἢ
3114 2093 3206 2144 καὶ
3242 2093 3676 2161 αὐστηροτέραις
3714 2090 3975 2159 ἠμείὸετο

2399 2183 2736 2249 ἀπολογίαις,
2782 2187 2891 2235 καί
2926 2184 3193 2236 παύεσθαι
3228 2184 3446 2236 ἐκέλευε
3502 2186 3771 2251 μεγάλαις
3816 2179 3973 2245 αὖθις

2402 2278 2706 2343 συμφοραῖς
2736 2275 2861 2335 τους
2902 2276 3209 2343 Ῥωμαίους
3258 2277 3669 2346 ἐπιχειροῦντας
3705 2275 3970 2344 περιϐάλ-

2402 2366 2534 2427 λειν,
2570 2367 2755 2436 ὥσπερ
2779 2368 2901 2428 τοὺς
2929 2367 3182 2436 ἐλέγχους
3215 2368 3610 2437 αἰσχυνθέντες,
3641 2369 3688 2418 οἱ
3726 2368 3823 2433 μὲν
3876 2370 3976 2421 καὶ

2401 2460 2678 2522 παντελῶς
2726 2462 3033 2530 ἡσύχασαν,
3089 2462 3219 2513 ἔνιοι
3258 2462 3313 2513 δὲ
3364 2462 3563 2521 αὐτῶν,
3608 2462 3750 2522 ὅσοις
3792 2466 3817 2513 ὁ
3855 2462 3974 2531 βίος

2401 2550 2641 2619 ταραχῆς
2669 2550 2950 2611 ἀνάπλεως
2989 2550 3083 2602 καὶ
3125 2550 3437 2617 θορυϐώδης
3482 2545 3569 2618 ἦν,
3602 2551 3975 2616 ἡσυχάσαντες

2403 2642 2495 2692 ἐπὶ
2527 2640 2741 2708 μικρὸν,
2789 2639 2979 2690 ἔπειτα
3013 2638 3287 2691 Ματθαῑον
3320 2639 3543 2691 ἔπεισαν
3590 2641 3680 2689 τίιν
3711 2639 3977 2705 βασιλέως

2406 2733 2541 2796 υἱον,
2571 2732 2973 2800 Διδιιμότειχον,
3009 2732 3102 2781 καὶ
3132 2731 3230 2799 τὴν
3278 2730 3578 2799 Ἀδριανοῦ,
3609 2732 3701 2783 καὶ
3725 2732 3822 2791 τας
3845 2732 3979 2799 περὶ

2406 2821 2543 2873 αὐτά
2573 2821 2829 2888 πολίχνας
2860 2820 3176 2887 κατασχεῖν,
3223 2819 3359 2871 ἰδίαν
3411 2820 3815 2887 συστησάμενον
3846 2821 3979 2886 ἡγε-

2410 2914 2596 2983 μονίαν
2622 2914 2741 2980 μετ’
2765 2911 2961 2963 αὐτῶν.
2992 2912 3273 2980 Πρόφασις
3296 2910 3351 2961 δὲ
3386 2905 3453 2978 ἦν
3479 2911 3571 2960 καί
3595 2908 3731 2977 πρὸς
3770 2909 3980 2961 ἐκεῖνον

2406 3009 2501 3072 τῆς
2556 3002 2891 3062 ἀποστασίας
2948 3003 3058 3062 τοῖς
3114 3003 3484 3061 στασιασταῖς,
3528 3001 3613 3050 ὅτι
3657 2998 3912 3066 βασιλεὺς
3951 2999 3980 3049 ὀ

2412 3097 2592 3166 πατὴρ
2632 3094 2769 3163 μετᾶ
2802 3095 2927 3155 τοὺς
2954 3093 3180 3161 μυρίους
3216 3093 3407 3153 πόνους
3434 3092 3528 3143 καί
3552 3090 3850 3153 κινδύνους,
3884 3090 3980 3140 καὶ

736 3196 864 3249 pere
893 3196 907 3234 :
935 3180 1027 3233 sed
1081 3181 1316 3233 retinere
1356 3195 1421 3233 ea
1470 3191 1762 3249 pateretur,
1798 3181 2068 3252 despectis
2120 3185 2184 3237 iis
2213 3184 2300 3252 qui
2329 3213 2374 3276 ϐ

2329 3213 2374 3276 C
2407 3193 2504 3258 τὴν
2556 3188 2752 3255 πολλὴν
2796 3183 3073 3247 ἀπόδειξιν
3121 3184 3221 3253 τῆς
3265 3186 3343 3245 είς
3392 3183 3554 3234 αὐτὸν
3607 3183 3819 3242 εὐνοίας
3854 3181 3980 3231 ἐπεὶ

735 3272 1052 3328 amiserant.
1090 3283 1142 3323 ιιι
1168 3272 1418 3324 doleri-nt
1458 3274 1711 3340 amplius.
1745 3281 1797 3325 ct
1838 3275 1996 3327 eiiiae
2029 3275 2303 3328 laboraret

736 3374 796 3418 ut
824 3364 1140 3433 imperatori
1174 3364 1371 3432 iuniori
1413 3366 1700 3432 imperium
1733 3376 2101 3427 conservaret,
2129 3368 2219 3435 qui
2252 3377 2306 3420 et

736 3471 906 3523 nunc,
938 3454 1135 3521 spretis
1162 3454 1507 3523 jui-amentis,
1532 3470 1653 3507 cum
1684 3465 1826 3509 coetu
1856 3470 1954 3508 suo
1975 3456 2152 3525 fugam
2188 3472 2303 3510 me-

735 3548 1024 3602 ditaretur.
1060 3547 1192 3612 Qute
1228 3547 1271 3600 si
1314 3548 1451 3599 irent
1484 3562 1545 3599 ex
1589 3549 1879 3613 sententia,
1920 3549 2049 3600 nihil
2080 3549 2307 3602 obstitu-

739 3656 881 3703 rum,
915 3638 1046 3709 quin
1099 3640 1294 3693 iterum
1330 3638 1529 3691 bellum
1580 3638 1835 3699 habeant.
1880 3639 2214 3708 perindeque
2251 3650 2308 3693 ut

735 3745 897 3787 antea
949 3748 1072 3784 cum
1112 3731 1231 3800 ipso
1274 3745 1463 3784 omnes
1512 3730 1578 3785 de
1621 3732 1797 3785 salute
1844 3734 2196 3787 contendant.
2234 3734 2308 3787 De

738 3824 826 3878 liis
853 3834 910 3877 ιιι
942 3822 1171 3877 sollicite
1203 3823 1485 3891 cogitaret,
1511 3837 1613 3875 nec
1648 3824 1700 3874 in
1728 3824 1844 3875 otio
1868 3824 2034 3877 stulto
2067 3824 2307 3876 inconsi-

738 3918 924 3971 derate
977 3914 1205 3986 periculi
1257 3924 1471 3985 tempus
1526 3925 1902 3985 exspectaret,
1962 3918 2306 3969 monebant:

740 4008 903 4079 729
948 4009 1042 4061 sed
1088 4007 1302 4060 sibimet
1342 4006 1551 4076 illisque
1607 4006 1963 4077 prospiceret,
2036 4018 2094 4060 ut
2131 4009 2173 4061 si
2214 4008 2313 4061 im-

739 4110 959 4170 perator
982 4098 1210 4153 maritus
1238 4098 1465 4161 sororis,
1504 4098 1589 4152 vel
1636 4107 1851 4152 mortuo
1885 4108 2055 4167 patre,
2094 4100 2173 4152 vel
2207 4100 2313 4153 alio

740 4191 972 4260 quodam
1021 4190 1184 4244 modo
1232 4190 1401 4243 totius
1433 4190 1639 4256 imperii
1678 4200 1867 4258 potens
1900 4191 2174 4253 evaderet,
2203 4194 2314 4261 ipse

744 4298 867 4335 eum
901 4281 1091 4334 amicis
1131 4288 1283 4333 extra
1321 4279 1618 4331 discrimen
1669 4288 1834 4332 esset.
1864 4278 1938 4332 Ne
1972 4281 2115 4331 enim
2147 4279 2311 4333 Joan-

747 4389 871 4429 nem
903 4373 1284 4439 imperatorem
1336 4379 1389 4422 ct
1433 4369 1646 4421 allinem
1680 4383 1911 4435 unquam
1936 4370 2037 4422 sibi
2078 4370 2313 4423 amicum

746 4472 860 4518 tore
891 4464 1130 4523 duceret,
1156 4461 1250 4515 sed
1279 4460 1505 4513 ultorem
1532 4476 1855 4528 quacunque
1887 4462 2109 4519 ratione.
2132 4464 2318 4517 enixu-

2409 3280 2782 3347 περιεγένοντο
2805 3276 2913 3327 τῶν
2941 3274 3235 3343 πολεμίων,
3272 3276 3339 3343 τῇ
3378 3274 3502 3341 περὶ
3531 3272 3753 3340 βασιλέα
3792 3272 3981 3323 Ἰωάν-

2406 3388 2504 3438 νην
2537 3370 2629 3422 τὸν
2664 3366 2913 3436 γαμϐρὸν
2938 3366 3140 3436 εὐνοίᾳ,
3176 3367 3235 3417 οὐ
3282 3366 3441 3434 μόνον
3468 3365 3694 3425 ἐκεῖνον,
3727 3363 3863 3415 ἀλλά
3888 3366 3983 3414 καὶ

2405 3464 2531 3524 τοὺς
2560 3462 2686 3529 περὶ
2715 3461 2876 3512 αὐτὸν
2901 3460 3147 3520 ἅπαντας
3176 3458 3526 3527 προτιμήσοι,
3558 3458 3650 3509 καὶ
3674 3459 3739 3507 τά
3769 3473 3826 3507 τε
3849 3456 3982 3507 ὄντα

2407 3553 2587 3614 αὐτοῖς
2618 3551 2946 3604 ὑπ’ὲκείνων
2967 3550 3230 3620 πρότερον
3262 3549 3591 3618 ἡρπασμένα
3636 3550 3733 3600 οὐκ
3766 3550 3982 3600 ἐάσειεν

2408 3642 2851 3711 ἀπολαμϐάνειν⁹
2912 3640 3028 3693 ἀλλ’
3082 3639 3305 3708 ἔχοντας
3356 3640 3640 3708 περιορᾷν,
3678 3640 3742 3689 ἶν’
3770 3640 3984 3704 ἀλγῶσι

2411 3732 2629 3801 μᾶλλον,
2664 3733 2756 3783 καὶ
2800 3732 2977 3782 πᾶσαν
3006 3731 3261 3799 πρόνοιαν
3302 3732 3508 3780 ποιοῖτο
3534 3732 3630 3796 τὴν
3664 3730 3983 3781 δυναστείαν

2409 3824 2487 3890 τῷ
2513 3824 2619 3891 νέῳ
2664 3821 2877 3891 βασιλεῖ
2922 3822 3227 3889 περιποιεῖν
3256 3837 3269 3849 ·
3318 3819 3371 3881 ὃς
3429 3821 3522 3870 καὶ
3566 3819 3659 3870 νῦν
3705 3820 3841 3885 μετὰ
3873 3820 3984 3870 τῶν

2415 3913 2833 3985 προσκειμένων
2900 3912 3172 3981 ἀθετήσας
3226 3912 3351 3974 τοὺς
3399 3912 3615 3979 ὅρκους,
3672 3911 3983 3980 βουλεύσεις

2412 4006 2673 4074 δρασμόν.
2714 4006 2780 4056 Ἀ
2819 4005 2867 4055 εἰ
2916 4003 3228 4071 προύχώρει
3264 4003 3403 4053 κατὰ
3445 4001 3691 4069 γνώμην,
3731 4002 3883 4054 οὐδὲν
3918 4004 3985 4055 ἂν

2414 4096 2651 4150 ἐκώλυεν
2700 4094 2857 4157 αὖθις
2884 4090 3023 4146 εἶναι
3064 4096 3121 4146 έν
3169 4093 3446 4161 πολέμοις,
3491 4093 3584 4144 καὶ
3612 4092 3982 4154 κινδυνεύειν.

2415 4188 2510 4241 καὶ
2541 4187 2785 4256 περὶτῆς
2816 4186 3088 4254 σωτηρίας
3121 4183 3281 4236 αὐτόν
3319 4200 3376 4235 τε
3407 4185 3500 4236 καί
3530 4183 3735 4244 πάντας
3784 4182 3985 4246 αὐτοὺς

2416 4280 2633 4349 ὁμοίως.
2664 4278 2730 4330 ’Λ
2768 4277 3015 4329 ἐκέλευον
3051 4275 3213 4327 αὐτὸν
3240 4275 3295 4325 έν
3328 4273 3567 4343 φροντίδι
3591 4273 3859 4337 τίθεσθαι,
3886 4276 3987 4325 καὶ

2423 4372 2495 4442 μὴ
2534 4372 2703 4433 οὕτως
2733 4370 3154 4439 ἀπερισκέπτως
3205 4368 3313 4419 τῶν
3352 4367 3615 4419 κινδύνων
3659 4367 3987 4436 περιμένειν

2419 4468 2509 4516 τὸν
2540 4464 2751 4532 καιρίαν,
2788 4465 3091 4530 πράττοντα
3138 4461 3305 4529 μηδὶν
3364 4460 3454 4511 ὑπ’
3506 4458 3791 4519 ἀϐουλίας·
3847 4457 3987 4513 ἀλλὰ

748 4570 996 4622 rumque,
1027 4560 1086 4605 ut
1115 4567 1237 4605 eum
1291 4552 1393 4603 vita
1436 4550 1645 4611 multet,
1675 4550 1801 4603 dum
1845 4566 2026 4603 secum
2052 4552 2118 4605 de
2146 4553 2287 4619 impe
2351 4545 2391 4598 Ι)

2351 4545 2391 4598 ι)
2422 4557 2676 4625 πρόνοίάν
2703 4572 2821 4606 τινα
2844 4553 3012 4606 αὐτοῦ
3046 4554 3313 4605 ποιεῖσθαι
3346 4554 3441 4604 καί
3470 4552 3671 4611 αὐτῶν,
3702 4551 3771 4602 ἵν’
3795 4552 3846 4603 εί
3884 4550 3985 4620 βα-

752 4647 856 4709 rio,
891 4654 947 4697 ut
979 4651 1035 4697 et
1076 4644 1251 4712 ipsum
1308 4642 1653 4710 imperatoris
1702 4642 1865 4693 [ilium
1903 4657 1997 4709 pro
2014 4643 2195 4696 debita
2212 4645 2313 4697 sibi

752 4737 1074 4792 luereditate
1095 4743 1633 4787 controversaturum
1670 4733 2014 4801 Opinabitur:
2053 4747 2314 4805 erantque

749 4840 1023 4888 auctores,
1060 4838 1119 4880 ut
1151 4827 1347 4895 oppida
1382 4841 1543 4894 supra
1574 4826 1851 4880 nominata
1882 4828 1981 4881 sub
2013 4842 2070 4880 se
2106 4829 2316 4898 redige-

752 4930 853 4978 rel.
897 4934 959 4971 ac
1001 4918 1065 4969 de.
1102 4915 1307 4982 reliquo
1336 4929 1564 4982 corpore
1612 4914 1821 4983 imperii
1874 4916 2129 4969 avi-llerct
2161 4934 2173 4968 :
2208 4932 2312 4968 non

751 5010 972 5079 quidem
1021 5007 1237 5075 penitus
1264 5045 1278 5067 ,
1320 5021 1505 5057 verum
1547 5005 1619 5058 ita
1680 5013 1739 5057 ut
1780 5016 1902 5074 post
1954 5007 2313 5062 deiectionem

752 5116 946 5156 rursus
978 5109 1181 5167 patrem
1227 5099 1611 5165 imperatorem
1664 5106 1898 5166 rogaret,
1936 5097 2123 5150 liceret
2166 5099 2316 5165 jura-

756 5202 939 5246 iueuto
988 5196 1233 5251 lirmare,
1290 5188 1620 5239 militaturos
1676 5186 1775 5253 ipsi
1809 5225 1823 5249 .
1874 5201 1997 5239 cum
2043 5187 2318 5241 collocatis

757 5286 828 5337 ibi
867 5280 1150 5352 priesidis,
1181 5295 1288 5348 quo
1332 5293 1423 5332 eos
1452 5288 1672 5330 vocaret
1703 5294 1717 5330 ι
1751 5294 1910 5331 omne
1935 5278 2023 5347 jus
2052 5280 2315 5347 reliquum

755 5392 939 5429 carum
994 5374 1234 5435 urbium,
1286 5382 1436 5440 patre
1486 5371 1607 5424 vivo
1650 5386 1711 5423 ac
1766 5382 1999 5439 mortuo,
2038 5387 2202 5439 penes
2261 5388 2318 5425 se

758 5470 1062 5523 resideret:
1096 5466 1173 5518 sic
1202 5479 1433 5531 namque
1480 5473 1533 5516 et
1561 5477 1641 5524 se,
1666 5473 1720 5515 ct
1754 5463 1957 5516 amicos
2013 5480 2202 5517 secure
2239 5464 2318 5516 ri-

756 5573 965 5621 c1uros,
991 5566 1043 5610 et
1084 5557 1464 5624 imperatorem
1497 5553 1698 5607 sororis
1735 5554 1929 5614 virum.
1953 5554 2113 5607 etiam
2142 5556 2323 5608 \‘0it‘ll°

762 5662 893 5711 tem,
928 5648 1061 5700 nihil
1112 5648 1431 5700 damnosum
1472 5644 1672 5697 inferre
1708 5660 1884 5713 posse.
1923 5644 2032 5698 llac
2073 5648 2321 5699 cohorta-

762 5744 908 5795 tione
956 5739 1158 5792 sensim
1198 5738 1452 5807 juvenem
1490 5736 1557 5789 ad
1593 5738 1947 5790 defectionem
1976 5736 2323 5804 impellebant

765 5831 1012 5898 malaque
1044 5831 1248 5883 semina
1282 5827 1484 5897 pejoris
1518 5826 1713 5881 deinde
1738 5824 1996 5897 germinis
2029 5827 2319 5893 jacicbant.

2417 4646 2593 4708 σιλεὺς
2618 4646 2645 4695 ὁ
2682 4645 2927 4715 γαμϐρὸς
2972 4647 3182 4709 γένοιτο
3198 4645 3292 4712 τῆς
3323 4644 3497 4711 ἀρχῆς
3530 4644 3748 4711 ἀπάσης
3782 4644 3961 4711 ἑγκρα

2416 4739 2535 4806 τὴς.
2566 4736 2599 4805 ἢ
2630 4735 2723 4787 τοῦ
2758 4737 2960 4803 πατρὶς
3008 4735 3272 4805 βασιλέως
3305 4736 3748 4799 τελευτήσαντος,
3786 4734 3819 4803 ἢ
3857 4735 3987 4799 τρό-

2418 4849 2503 4900 πῳ
2530 4832 2591 4898 δή
2632 4848 2736 4883 τινι
2773 4832 2963 4899 ὲτέρτμ,
3009 4829 3111 4894 ἔξω
3161 4828 3419 4881 κινδύνων
3468 4828 3628 4891 αὐτος
3683 4827 3820 4897 μετά
3874 4829 3986 4880 τῶν

2420 4922 2587 4989 ιιίλων
2618 4922 2724 4989 εἴη.
2763 4921 2911 4988 Μηδὲ
2943 4922 3049 4987 γὰρ
3088 4919 3295 4973 οἴεσθαί
3345 4935 3474 4971 ποτε
3510 4919 3790 4984 εὐνοήσειν
3833 4920 3987 4988 αὐτῴ

2422 5014 2641 5081 βασιλέα
2667 5014 2755 5065 τὸν
2783 5012 3174 5081 γαμϐρὸνβλΐ
3202 5011 3527 5080 ἀμυνεῖσθαι
3548 5011 3725 5062 πάντα
3757 5012 3985 5078 τρόπον,

2419 5105 2511 5154 καὶ
2537 5101 2854 5153 σπουδάσειν
2882 5104 3054 5152 ποιεῖν
3078 5102 3140 5152 ἐκ
3174 5100 3361 5168 μέσον,
3402 5100 3649 5166 οἰόμενον
3700 5100 3985 5168 ἀμφισϐη-

2419 5195 2604 5262 τήσειν
2636 5194 2782 5262 αὐτῴ
2816 5194 2944 5264 περὶ
2994 5193 3093 5261 τῆς
3134 5192 3429 5261 βασιλείας,
3470 5185 3555 5242 οἶα
3588 5191 3652 5259 δὴ
3708 5194 3801 5242 καὶ
3826 5192 3990 5243 αὐτὸν

2422 5283 2681 5351 βασιλέως
2714 5285 2839 5335 ὄντα
2867 5286 3049 5345 παῖδα,
3087 5284 3183 5334 καὶ
3206 5282 3414 5334 δίκαιον
3440 5281 3567 5333 ὄντα
3595 5283 3693 5350 τὴν
3724 5282 3988 5351 πατρῴαν

2422 5372 2600 5439 ἀρχὴν
2634 5371 2989 5440 κληρονομεῖν
3009 5388 3020 5402 ·
3057 5370 3441 5421 συνεϐούλευόν
3466 5388 3525 5421 τε
3561 5371 3657 5431 τας
3688 5372 3989 5438 εἰρημένας

2422 5459 2599 5521 πόλεις
2630 5460 3024 5523 ὑποποιεῖσθαι,
3053 5462 3146 5512 καὶ
3195 5462 3287 5527 τῆς
3320 5460 3485 5524 ἄλλης
3514 5460 3810 5528 ἡγεμονίας
3856 5460 3990 5512 Ῥω-

2427 5552 2601 5619 μαίων
2641 5554 2968 5618 ἀποτέμνειν
2996 5553 3055 5603 ού
3107 5554 3477 5615 παντάπασιν,
3531 5553 3665 5604 ἀλλὰ
3713 5553 3853 5620 μετά
3890 5553 3991 5620 τὴν

2424 5642 2777 5703 ἀποστασίαν,
2820 5641 3105 5709 δεήσεσθαι
3140 5637 3292 5702 αὖθις
3326 5641 3586 5708 βασιλέως
3624 5640 3719 5692 τοῦ
3755 5642 3987 5710 πατρὸς,

2426 5734 2563 5786 ὥστε
2600 5735 2794 5803 ὅρκους
2832 5732 3205 5802 παρασχέσθαι
3229 5732 3687 5802 συστρατεύεσθαι
3722 5731 3823 5799 μὲν
3853 5732 3993 5783 ὲκεί-

2426 5846 2499 5891 νῳ
2535 5828 2670 5896 μετά
2700 5826 2793 5894 τῆς
2826 5824 3289 5893 ἐγκαθιδρυμένης
3324 5825 3579 5893 στρατιᾶς
3623 5822 3821 5886 αὐτοὺς
3865 5823 3987 5875 ὅποι
