4226 6444
185 416 260 477 65
1318 410 1858 474 HISTORIARUM
1904 410 2134 471 LlBER
2182 411 2280 469 IV.
3351 407 3422 473 66

171 530 274 599 τὴν
314 528 573 581 ἄσπονδον
612 528 827 599 ἐκείνην
871 528 1091 598 ἔχθραν,
1138 528 1231 581 καὶ
1274 528 1372 596 τὴν
1417 528 1550 597 πρὸς
1597 527 1753 579 αὐτὸν

1865 526 2112 595 pristinis
2138 524 2382 579 moribus
2412 524 2629 590 vixerit;
2678 525 2969 593 statimque
2995 540 3023 578 a
3056 537 3229 581 morte
3262 529 3433 598 impe-

172 620 576 690 ἀγνωμοσύνην
606 621 712 671 τῶν
742 620 1125 681 διαδαλὸντων,
1158 620 1220 671 ού
1256 619 1392 687 πρὸς
1421 618 1488 670 τὰ
1517 634 1750 687 γεγενη-

175 713 324 781 μένα
368 708 529 779 εἶδεν,
576 711 689 764 ἀλλ’
734 714 921 779 ἀρκεῖν
957 713 1201 781 ἡγήσατο
1242 711 1301 763 τὸ
1339 710 1447 763 τῶν
1490 711 1623 780 πρὸς
1662 711 1752 762 τὸν

174 802 420 867 πόλεμον
462 804 651 856 αἰτίων
692 804 920 872 ὀφθῆναι
968 806 1127 871 μόνον
1172 804 1437 872 καθαρόν.
1483 804 1654 863 Αὐτὸς
1696 802 1753 855 δὲ

171 891 372 961 ὥσπερ
408 894 618 955 οὐδενὸς
660 893 863 961 μεταξὺ
908 894 1093 945 καινοῦ
1141 894 1508 961 γεγενημένου
1551 896 1611 944 τὸ
1650 893 1752 961 ἀρ-

170 985 333 1049 χαῖον
364 980 493 1053 ἦθος
529 984 824 1035 διεσώσατο
846 1024 859 1044 ,
897 985 991 1035 καὶ
1020 984 1119 1052 τὴν
1154 986 1283 1052 περὶ
1316 986 1442 1045 τοὺς
1481 982 1751 1050 βασιλέως

171 1076 377 1137 παῖδας
403 1075 819 1143 εὐγνωμοσύνην
843 1076 935 1128 καὶ
962 1076 1307 1144 κηδεμονίαν,
1335 1076 1400 1143 ῆν
1426 1070 1569 1143 εἶχεν
1596 1074 1753 1139 ἐξαρ-

170 1166 275 1233 χῆς
306 1165 467 1227 εὐθὺς
496 1167 631 1233 μετὰ
658 1165 753 1234 τὴν
781 1167 988 1218 ἐκείνου
1012 1165 1288 1232 τελευτήν.
1316 1166 1546 1217 Ἔπειτα
1574 1164 1628 1215 δὲ
1657 1163 1751 1215 καὶ

168 1256 272 1323 τὴν
302 1256 445 1306 κατὰ
474 1248 581 1304 θῶν
608 1253 908 1323 Βαρόάρων
935 1253 1121 1321 ἔφοδον
1148 1254 1371 1320 ἐμήνυε,
1402 1254 1493 1303 καὶ
1518 1254 1629 1311 τοῖς
1660 1250 1754 1302 ἄλ-

165 1346 282 1407 λοις
337 1345 438 1413 μὲν
480 1348 591 1407 τοῖς
634 1346 739 1414 πρὸ
784 1344 947 1397 αὑτοῦ
990 1344 1206 1413 Ῥώμης
1253 1345 1567 1405 ἐπισκόποις
1614 1342 1751 1394 εἶναι

166 1437 678 1505 περισπούδαστον·
720 1435 919 1505 μᾶλλον
960 1434 1015 1487 δὲ
1060 1435 1208 1503 αὐτῷ
1252 1435 1358 1487 τῶν
1398 1436 1572 1488 ἄλλων
1612 1430 1752 1486 εἶναι

167 1528 315 1579 κατὰ
366 1528 616 1597 γνώμην,
670 1529 760 1579 καὶ
808 1526 1022 1589 πολλοῖς
1069 1524 1327 1585 πολλάκις
1378 1526 1509 1593 περὶ
1559 1526 1750 1576 τούτου

164 1618 469 1686 διειλέχθαι
520 1618 629 1669 τῶν
678 1618 820 1670 κατὰ
873 1620 970 1687 τὴν
1014 1617 1244 1669 Ἰταλίαν
1291 1617 1602 1679 δυναστῶν,
1657 1617 1751 1669 καὶ

167 1710 386 1771 πάντας
434 1711 774 1778 παρακαλεῖν
821 1710 911 1760 ἐπὶ
955 1708 1015 1759 τὸ
1064 1707 1224 1775 ἔργον
1270 1709 1422 1775 κοινῇ
1476 1709 1611 1775 πρὶς
1660 1709 1753 1778 τὴν

169 1798 495 1868 ἐλευθερίαν
526 1798 630 1849 ἀπὸ
659 1798 766 1849 τῶν
798 1797 1094 1866 Βαρϐάρων
1124 1796 1229 1847 τῶν
1261 1795 1603 1863 Χριστιανῶν
1637 1796 1754 1848 ἐσό-

1868 618 2070 672 ratoris
2126 617 2426 671 Andronici
2458 617 2743 687 benignam
2779 618 3113 673 voluntatem
3146 634 3209 672 ae
3235 622 3435 675 sollici-

1866 708 2111 762 tudinem
2139 724 2265 778 erga
2306 709 2425 777 ejus
2464 708 2601 763 ﬁlios
2633 710 2954 778 susceperit.
2986 710 3256 765 Praeterea
3285 714 3429 780 quod

1861 799 1927 852 de
1963 800 2100 854 bello
2131 800 2379 853 Barbaris
2414 798 2702 853 inferendo
2741 801 2983 854 animum
3013 801 3423 871 suum.signili-

1862 886 2022 940 carit.
2047 888 2115 940 Et
2145 888 2263 941 aliis
2279 888 2497 956 quidem
2528 896 2655 942 ante
2685 888 2861 957 ipsum
2878 889 3140 943 Romanis
3158 890 3436 959 episcopis

1870 975 2043 1028 luisse
2080 975 2132 1028 id
2163 977 2600 1045 optatissimum,
2638 977 2741 1030 sibi
2793 987 2972 1031 tamen
3029 977 3186 1048 longe
3235 982 3429 1049 magis,

1862 1068 2166 1135 crebroque
2194 1083 2257 1121 ac
2290 1069 2521 1122 multum
2554 1085 2716 1137 super
2747 1085 2814 1122 eo
2843 1085 2967 1123 cum
2995 1069 3162 1127 Italia:
3190 1070 3433 1140 dynastis

1862 1156 2064 1224 egisse.
2101 1171 2398 1225 omnesque
2432 1158 2709 1211 hortatum
2753 1161 3121 1213 communiter
3159 1160 3227 1213 ad
3273 1175 3431 1229 opus,

1862 1247 2007 1299 unde
2040 1246 2471 1301 Christianorum
2522 1246 2744 1301 libertas
2775 1264 2804 1302 a
2852 1248 3105 1304 Barbaris
3136 1258 3435 1316 asseratur,

1858 1337 2085 1406 etquod
2129 1338 2197 1391 ad
2245 1352 2303 1391 se
2348 1337 2605 1399 attineat,
2658 1337 2724 1390 ad
2778 1339 3065 1405 pecuniam
3133 1347 3190 1393 et
3232 1343 3440 1407 copias,

1864 1436 2097 1496 quantas
2135 1428 2400 1481 maximas
2450 1428 2644 1497 possit,
2696 1430 3033 1498 omninoque
3069 1429 3136 1483 ad
3189 1443 3441 1499 sumptus

1861 1534 1971 1573 non
2008 1520 2249 1573 modicos
2281 1536 2377 1589 pro
2407 1536 2501 1575 δυο
2556 1530 2713 1589 parte
2771 1522 3136 1575 conferendos
3179 1532 3429 1590 paratum

1859 1624 2001 1663 esse.
2028 1609 2180 1663 Nune
2206 1612 2370 1663 etiam
2390 1611 2624 1679 amplius
2646 1611 2766 1679 ejus
2792 1611 3204 1681 legatorumque
3262 1613 3443 1667 verbis

1860 1701 2133 1755 exarsisse
2162 1716 2177 1752 :
2211 1710 2263 1753 et
2308 1700 2515 1769 gratias
2559 1714 2741 1770 agere,
2782 1715 2905 1753 cum
2945 1715 3004 1754 se
3051 1701 3117 1754 ad
3164 1701 3438 1755 Barbaros

1861 1807 1960 1861 pro
1993 1792 2199 1847 Clu-isti
2234 1792 2487 1845 ﬁdelibus
2521 1791 2870 1861 expeditione
2914 1792 3263 1847 lacessendos
3296 1794 3437 1847 adeo

169 1907 338 1956 μενον
359 1930 374 1954 ,
410 1892 504 1943 καὶ
536 1890 697 1941 αὐτὸν
729 1891 947 1958 ἕτοιμον
981 1885 1119 1941 εἶναι
1154 1889 1249 1939 καὶ
1284 1889 1545 1957 χρήματα
1582 1890 1751 1959 παρέ-

1858 1897 2190 1952 prupensum
2216 1884 2586 1936 demonstret.
2619 1883 2775 1947 Quod
2818 1884 2863 1936 si
2911 1896 3109 1952 praeter
3146 1882 3249 1937 alia
3278 1885 3441 1948 bona,

165 1997 323 2048 χειν,
360 1983 455 2031 καὶ
487 1979 745 2048 στρατιὰν
774 1980 906 2047 ὅσην
939 1979 1003 2031 ἂν
1037 1978 1275 2047 μάλιστα
1307 1976 1397 2045 ἐξῇ
1421 2016 1434 2039 ,
1468 1978 1563 2029 καὶ
1600 1977 1754 2045 μεγί-

170 2089 311 2140 στην
344 2071 479 2139 προς
506 2072 597 2123 τὸν
624 2070 861 2139 πόλεμον
892 2070 1227 2139 παρέχεσθαι
1260 2071 1592 2121 συντέλειαν.
1616 2068 1755 2121 Νυνὶ

168 2162 228 2214 δὲ
265 2166 364 2215 καὶ
402 2162 600 2229 μᾶλλον
636 2162 739 2213 ὑπὸ
771 2161 882 2215 τῶν
917 2160 1084 2213 αὑτοῦ
1121 2162 1323 2227 λόγων,
1360 2163 1451 2212 καὶ
1487 2160 1583 2229 τῆς
1620 2176 1753 2226 πρε-

173 2254 366 2314 σϐείας
397 2254 771 2321 ἔξωρμῆσθαι,
798 2255 891 2306 καὶ
914 2257 1075 2323 χάριν
1099 2253 1245 2321 αὐτῷ
1270 2254 1469 2304 εἰδέναι
1494 2252 1631 2319 ὑπὲρ
1659 2251 1756 2318 τῆς

171 2339 491 2408 προθυμίας
523 2337 589 2412 ἧς
626 2341 958 2396 ἐνδείκνυται
989 2345 1097 2404 τοῖς
1137 2342 1439 2412 Βαρϐάροις
1476 2342 1614 2410 ὑπὲρ
1648 2343 1756 2395 τῶν

171 2430 274 2498 τὴν
310 2434 393 2492 εἰς
436 2432 672 2500 Χριστὸν
705 2434 888 2485 πίστιν
924 2434 1196 2501 ἑλομένων
1229 2434 1320 2485 τὸν
1358 2434 1591 2501 πόλεμον
1630 2438 1757 2487 ἐπε-

175 2520 403 2588 γείρων.
445 2520 504 2574 Et
546 2521 599 2574 δὲ
642 2524 773 2591 πρὸς
811 2525 923 2584 τοῖς
963 2523 1141 2587 ἄλλοις
1182 2524 1439 2592 ἀγαθοῖς,
1478 2518 1551 2576 ὧν
1588 2526 1758 2587 αἴτιος

178 2610 479 2675 σπουδάζει
495 2613 784 2682 Ῥωμαίοις
802 2616 1158 2681 καταστῆναι,
1183 2617 1277 2668 καὶ
1298 2616 1406 2667 τῶν
1423 2615 1760 2684 Ἐκκλησιῶν

182 2704 673 2771 πραγματεύσαιτο
700 2706 794 2776 τὴν
822 2708 1035 2769 ἕνωσιν,
1062 2710 1154 2759 καὶ
1186 2708 1251 2759 δι’
1272 2709 1433 2760 αὐτοῦ
1462 2710 1528 2761 τα
1555 2710 1763 2776 διεστη-

185 2801 319 2848 κότα
356 2797 450 2871 τοῦ
494 2798 731 2867 Χριστοῦ
778 2800 910 2869 μέλη
954 2801 1274 2871 συναφθείῃ,
1313 2804 1413 2854 οὐκ
1455 2802 1760 2869 ἀνθρώποις

188 2889 352 2954 μόνον
380 2870 572 2953 ἶτεαῖσιν,
606 2890 738 2943 ἀλλὰ
774 2894 867 2943 καὶ
897 2895 1013 2955 ταῖς
1046 2870 1316 2961 οὐρανίοις
1348 2894 1633 2962 δυνάμεσι,
1668 2894 1762 2946 καὶ

185 2979 337 3047 αὐτῷ
360 2978 481 3049 Θεῷ
506 2981 743 3049 μεγάλης
769 2982 832 3035 ἂν
854 2984 1194 3052 εὐφροσύνης
1220 2985 1396 3046 αίτιος
1430 2986 1759 3053 κατασταίη.

185 3066 433 3119 Τοιαῦτα
486 3070 582 3137 μὲν
628 3071 655 3120 ὁ
701 3074 886 3135 παπας
936 3074 1023 3125 διὰ
1076 3074 1185 3125 τῶν
1235 3077 1549 3127 ἐπισκόπων
1603 3077 1765 3143 ἐπρε-

1856 1989 1977 2044 quae.
2012 1973 2279 2027 Romanis
2307 1973 2608 2028 conriliare
2640 1974 2906 2035 enitatur,
2962 1975 3129 2029 etiam
3178 1974 3447 2029 Ecclesias

1857 2065 2158 2120 concordia
2217 2064 2500 2119 devincire
2554 2076 2803 2121 conetur.
2858 2076 2915 2118 ut
2967 2066 3175 2120 divulsa
3238 2066 3442 2121 Christi

1859 2159 2103 2211 membra
2158 2173 2250 2226 per
2281 2172 2408 2211 eum
2452 2157 2920 2225 conglutinentur,
2958 2173 3069 2211 non
3119 2158 3443 2213 hominibus

1857 2248 2119 2304 duntaxat
2135 2248 2421 2311 universis,
2439 2248 2530 2303 sed
2549 2247 2862 2302 caelestibus
2879 2249 3041 2302 etiam
3061 2251 3445 2317 potestatinus,

1860 2341 2075 2412 ipsique
2102 2342 2211 2395 Deo
2244 2340 2296 2395 id
2325 2354 2531 2410 magna:
2573 2339 2837 2407 voluptati
2872 2339 3138 2393 futurum.
3168 2340 3442 2395 llaetenus

1860 2448 1998 2503 papa
2043 2448 2139 2500 per
2186 2434 2393 2502 legatos
2426 2431 2736 2501 episcOpos.
2770 2432 3073 2500 Imperator
3121 2432 3199 2485 illi
3244 2432 3448 2503 gratias

1863 2541 2025 2596 agere
2062 2525 2130 2579 de
2168 2524 2571 2587 benevolentia,
2612 2534 2667 2576 et
2706 2527 2851 2591 quod
2884 2525 3029 2577 ultro
3078 2534 3269 2578 contra
3309 2524 3444 2577 Bar-

1866 2620 2021 2673 baros
2069 2618 2511 2672 Christianorum
2574 2616 2830 2670 inimicos
2878 2616 3219 2680 exarsisset,
3279 2632 3449 2687 seque

1862 2710 2156 2780 dupliciter
2210 2710 2313 2762 Ιιοο
2365 2709 2503 2760 bello
2556 2708 2734 2760 hetum
2790 2722 2956 2761 esse:
3018 2717 3133 2761 tum
3184 2708 3310 2777 quia
3347 2725 3447 2778 pro

1862 2800 2141 2858 Communi
2193 2798 2577 2853 Christianum
2607 2819 2635 2850 ιι
2696 2799 2927 2853 utilitate
2981 2800 3278 2868 gerendum
3326 2801 3444 2854 sit:

1866 2904 1978 2947 tum
2030 2890 2156 2959 quia
2215 2902 2269 2943 et
2331 2890 2447 2958 ipse
2502 2898 2609 2942 tam
2662 2890 2948 2959 pulchrum
3008 2890 3113 2942 hoc
3169 2900 3446 2943 certamen

1867 2983 2192 3037 certantium
2238 2983 2420 3035 socius
2471 2990 2523 3034 et
2586 2981 2887 3035 commilito
2940 2980 3161 3037 futurus
3215 2982 3306 3036 sit.
3357 2984 3451 3038 Sic

1870 3068 2015 3121 enim
2054 3084 2109 3122 su
2138 3068 2427 3134 statuisse,
2461 3077 2511 3122 et
2568 3069 2760 3129 classe.
2794 3079 2848 3123 et
2888 3072 3219 3140 sumptibus,
3262 3085 3316 3126 et
3359 3087 3449 3125 ar-

187 3155 439 3211 σὸεύετο.
501 3159 763 3225 Βασιλεὺς
813 3162 867 3214 δὲ
922 3165 1013 3215 καὶ
1072 3166 1232 3224 αὺτὶς
1294 3164 1484 3232 πρῶτα
1542 3165 1640 3234 μὲν
1691 3164 1753 3235 τᾷ

1877 3164 1997 3225 mis,
2064 3173 2119 3216 et
2183 3161 2372 3229 equis.
2438 3170 2494 3214 et
2546 3162 2992 3230 quibuscumque
3045 3164 3218 3231 possit
3286 3166 3451 3218 rebus

188 3252 351 3323 παπᾳ
386 3252 609 3322 χάριτα,
644 3254 909 3321 ὡμολόγει
942 3255 1039 3324 τῆς
1072 3272 1129 3307 τε
1167 3256 1292 3324 περὶ
1324 3258 1482 3309 αὐτὸν
1516 3258 1761 3318 εὐνοίας,

187 3343 281 3393 καὶ
310 3344 405 3395 τοῦ
438 3345 575 3396 κατὰ
607 3346 902 3415 Βαρϐάρων
926 3348 1034 3399 τῶν
1062 3350 1406 3417 Χριστιανοίς
1438 3349 1644 3416 ἐχθρῶν
1671 3351 1767 3419 ρᾳ-

185 3434 313 3494 δὶως
352 3434 702 3504 ὲξωρμῆσθαι
725 3477 741 3500 ,
772 3439 929 3489 αὐτὸν
959 3455 1015 3489 τε
1053 3440 1211 3508 διπλῇ
1250 3439 1337 3490 διὰ
1368 3440 1457 3490 τὸν
1489 3441 1629 3490 κατὰ.
1658 3442 1766 3489 των

185 3524 496 3593 Βαρϐάρων
518 3526 665 3591 ἔλεγε
692 3528 901 3597 χαίρειν
929 3529 1159 3595 πόλεμον
1181 3546 1192 3558 '
1222 3530 1379 3581 τοῦτο
1409 3530 1504 3596 μὲν
1528 3529 1601 3590 ὡς
1629 3530 1768 3597 ὑπὲρ

188 3616 283 3686 τῆς
322 3619 510 3685 κοινῆς
544 3618 650 3669 τῶν
686 3621 789 3670 απὸ
823 3621 1068 3687 Χριστοῦ
1106 3624 1457 3690 καλουμένων
1492 3622 1763 3688 ώψελείας

186 3710 400 3759 ἔσοιτοο
441 3708 600 3760 τοῦτο
639 3710 682 3760 δ’
709 3711 789 3762 ὅτι
830 3713 1081 3773 κοινωνὸς
1124 3712 1271 3763 ἔσται
1317 3716 1411 3765 καὶ
1454 3715 1612 3775 αὐτὸς
1658 3717 1767 3775 τοῖς

187 3800 279 3850 τὸν
320 3798 488 3850 καλὸν
526 3799 712 3864 ἀγῶνα
752 3799 941 3852 τοῦτον
983 3804 1422 3871 ἁγωνισομένοις.
1462 3802 1620 3855 Οῦτω
1661 3808 1768 3873 γαρ

188 3888 333 3942 εἶναι
377 3894 928 3960 παρεσκευασμένος,
964 3894 1038 3955 ὼς
1074 3897 1166 3947 καὶ
1200 3898 1357 3948 ναυσὶ
1394 3897 1486 3947 καὶ
1522 3898 1767 3965 χρήμασι

189 3984 278 4035 καῖ
332 3982 520 4043 ὅπλοις
574 3985 665 4035 καὶ
718 3984 933 4047 ἵπποις,
988 3987 1080 4037 καὶ
1132 3989 1298 4037 πᾶσιν
1348 3984 1427 4049 οἷς
1481 3988 1595 4056 ἔχει
1646 3990 1767 4040 κατ’

188 4076 419 4126 ἐκείνων
479 4077 831 4147 ὲξορμήσων,
894 4079 1081 4145 κέρδος
1145 4082 1399 4146 μέγιστον
1465 4081 1768 4149 ἡγούμενος

186 4167 250 4216 τὸ
311 4166 457 4234 ὑπὲρ
512 4168 620 4219 τῶν
672 4169 930 4221 τοιούτων
987 4171 1392 4238 ἀγωνιζόμενος
1452 4172 1766 4224 ἀποθανεῖν.

195 4261 332 4329 Περὶ
375 4260 432 4312 δὲ
473 4259 581 4310 τῶν
624 4259 985 4327 διεστηκότων
1031 4261 1123 4313 τοῦ
1165 4262 1401 4329 Χριστοῦ
1456 4263 1629 4330 μελῶν
1671 4264 1769 4332 τῆς

190 4354 443 4415 ὲνιώσεως
473 4353 565 4403 καὶ
592 4352 875 4423 ἁρμονίας,
906 4354 998 4404 καὶ
1024 4354 1117 4421 τῆς
1149 4355 1374 4423 εἰρήνης
1401 4355 1511 4407 τῶν
1540 4354 1769 4423 Ἐκκλη-

1871 3253 1989 3306 ἱιιοε
2087 3253 2401 3305 invadere:
2486 3263 2785 3322 putareque
2848 3268 2907 3308 se
2998 3254 3116 3307 lore
3194 3256 3449 3311 beatissi~

1870 3361 2040 3403 muni,
2072 3343 2116 3397 si
2160 3343 2214 3396 in
2266 3343 2357 3395 tali
2398 3358 2557 3397 causa
2590 3356 2850 3412 oppetere
2884 3356 3116 3400 mortem
3149 3358 3447 3412 contingat.

1871 3436 2028 3506 735
2060 3437 2274 3500 Quanto
2308 3445 2489 3489 autem
2522 3436 2908 3490 distractorum
2941 3439 3142 3493 Christi
3178 3442 3449 3493 membro-

1872 3544 1989 3581 rnm
2030 3528 2369 3596 conjunctio,
2405 3536 2571 3596 atque
2602 3537 2926 3592 concentus,
2958 3539 3015 3582 et
3053 3546 3150 3593 pax
3188 3532 3455 3586 Ecclesia-

1871 3638 1989 3675 rum
2035 3623 2138 3675 sibt
2190 3622 2464 3677 desiderio
2529 3638 2590 3676 ac
2637 3624 2819 3676 studio
2862 3624 2951 3687 sit,
2992 3624 3171 3678 verbis
3204 3639 3262 3677 se
3292 3624 3453 3678 eﬂ‘ari

1873 3712 2013 3765 haud
2052 3711 2233 3780 posse.
2267 3711 2558 3765 Enimvero
2588 3714 2653 3766 ad
2695 3712 2797 3767 hoc
2830 3722 3114 3782 tantopere
3148 3713 3275 3767 ferri
3308 3730 3449 3779 sese,

1871 3812 1926 3856 et
1971 3804 2215 3867 incitari,
2252 3813 2312 3857 ut
2366 3804 2411 3857 si
2460 3819 2557 3871 pro
2607 3802 2898 3858 concordia
2949 3805 3178 3860 interlici
3232 3815 3450 3873 Oporte-

1878 3904 1958 3949 ret
2002 3896 2136 3965 (89),
2174 3911 2285 3949 non
2330 3896 2504 3949 solum
2555 3896 2904 3950 interlicienti
2949 3897 3220 3966 jugulum,
3259 3898 3352 3950 sed
3400 3906 3455 3949 et

1861 3988 2108 4058 gladium
2145 3988 2399 4042 alacriter
2436 3989 2551 4057 ipse
2586 3991 2865 4060 porrigere
2901 3990 3064 4043 vellet
3094 4008 3107 4042 :
3138 3999 3233 4043 aut
3264 3990 3307 4042 si
3354 4004 3454 4057 pu-

1875 4091 2082 4134 taretur
2126 4079 2243 4148 ipse
2289 4090 2514 4133 exustus
2554 4096 2649 4150 per
2676 4062 2890 4135 cineres
2936 4081 3186 4150 corporis
3217 4082 3299 4135 sui
3345 4085 3452 4137 Ec-

1872 4172 2056 4225 clesiis
2102 4186 2434 4225 consensum
2509 4172 3078 4242 conspirationemque
3129 4173 3452 4237 tributurus,

1876 4268 2053 4333 ipsum
2086 4278 2144 4315 se
2191 4272 2315 4316 ante
2353 4263 2490 4316 alios
2532 4263 2674 4332 ligna
2720 4264 2772 4315 in
2807 4278 3019 4333 pyram,
3050 4280 3157 4332 qua
3204 4266 3256 4316 in
3298 4266 3451 4319 cine-

1876 4370 1989 4409 rem
2020 4354 2386 4424 redigeretur,
2419 4355 2825 4423 impositurum.
2861 4355 3115 4408 Attamen
3148 4356 3272 4419 tale,
3316 4365 3452 4409 tam-

195 4446 332 4496 σιῶν
359 4446 496 4512 ὅσην
536 4446 647 4514 ἔχει
690 4446 791 4512 τὴν
845 4445 1033 4512 ἔφεσιν
1077 4450 1170 4497 καὶ
1200 4448 1299 4513 τὴν
1353 4446 1609 4514 σπουδὴν,
1650 4447 1753 4498 ούδὲ

1875 4461 1981 4514 que
2022 4461 2305 4515 magnum,
2343 4457 2396 4499 et
2431 4446 2779 4507 admirabile,
2816 4456 2871 4499 et
2919 4461 3084 4498 unum
3125 4447 3297 4500 instar
3329 4463 3450 4500 om"

194 4537 378 4603 λόγοις
416 4537 680 4589 δύνασθαι
710 4537 1023 4602 καταφανὲς
1059 4540 1254 4589 ποιεῖν.
1304 4539 1447 4606 Πλὴν
1492 4537 1665 4600 οῦῖως
1691 4536 1768 4590 εἶ-

194 4645 285 4679 ναι
315 4627 414 4678 καὶ
442 4626 578 4695 πρὸς
610 4627 781 4679 ταῦτα
812 4629 1354 4697 παρεσκευασμένον,
1394 4628 1523 4679 ὥστ’
1558 4629 1605 4679 εί
1641 4630 1767 4697 δεή-

196 4734 346 4770 σειεν
376 4718 544 4769 αὐτὸν
570 4719 706 4786 ὑπὲρ
734 4720 831 4785 τῆς
859 4720 1111 4787 ὁμονοίας
1137 4720 1552 4787 ἀποσφαγῆναι,
1584 4722 1645 4772 ού
1679 4720 1773 4788 μό-

194 4827 288 4863 νον
322 4808 665 4877 ὲμπαρέξειν
691 4811 881 4861 ἑαυτὸν
911 4810 1227 4880 προθύμως,
1258 4811 1392 4863 ἀλλὰ
1437 4813 1532 4863 καὶ
1564 4814 1768 4880 μάχαι-

201 4918 301 4970 ραν
358 4902 808 4970 προσεπιδοῦναι·
855 4904 963 4973 ἢεί
1006 4904 1175 4969 δόξειε
1226 4904 1499 4960 καυθέντα
1548 4908 1635 4960 διὰ
1670 4912 1768 4977 τῆς

197 5000 408 5063 τέφρας
451 4994 545 5045 τοῦ
584 4996 790 5047 ἐκείνου
842 4995 1089 5064 σώματος
1122 4998 1222 5066 τὴν
1256 4998 1453 5061 ἕνωσιν
1496 5002 1617 5061 ταῖς
1650 5002 1772 5052 Ἐκ-

199 5086 463 5155 κλησίαις
498 5085 887 5155 βραδευθῆναι,
936 5089 1099 5140 αὑτὸν
1129 5089 1220 5139 ἐπὶ
1259 5090 1359 5159 τὴν
1387 5092 1567 5159 πυρὰν
1619 5092 1771 5160 πρῶ-

199 5194 292 5228 τον
317 5176 597 5228 ἐπιθεῖναι
632 5177 783 5241 ξύλα,
816 5176 882 5229 δι’
913 5171 986 5229 ὧν
1009 5179 1425 5247 ἑκτεφρωθῆναι
1454 5180 1768 5247 περιέσται.

199 5269 331 5320 Δέον
376 5269 568 5335 μέντοι
603 5268 762 5320 τοῦτο
799 5268 858 5320 τὸ
894 5270 1036 5337 μέγα
1072 5285 1129 5320 τε
1167 5271 1259 5321 καὶ
1301 5269 1605 5337 θαυμάσιον
1630 5312 1644 5336 ,
1679 5275 1775 5325 καὶ

200 5361 310 5410 τῶν
345 5359 529 5413 ἄλλων
565 5359 815 5423 ἀντάξιον
845 5361 1064 5413 πάντων
1087 5362 1269 5429 ἔργον,
1310 5362 1383 5430 μὴ
1413 5360 1599 5423 ἁπλῶς
1633 5362 1774 5414 οὕτω

201 5452 297 5503 καὶ
323 5453 453 5519 εικη
486 5454 577 5503 καὶ
610 5452 1034 5521 ἀπερισκέπτως
1067 5452 1314 5519 γίνεσθαι
1358 5468 1371 5483 ·
1410 5453 1543 5505 ἀλλὰ
1574 5454 1775 5523 πολλῆς

1874 4537 2024 4589 nium
2061 4553 2198 4605 opus
2232 4551 2340 4589 non
2376 4536 2447 4588 ita
2488 4536 2856 4604 indiligenter,
2888 4541 2955 4590 ‘ac
2997 4548 3224 4600 temere,
3259 4546 3311 4589 et
3350 4538 3447 4589 in-

1870 4632 2119 4685 consulto
2170 4632 2309 4694 ﬁeri,
2350 4632 2442 4685 sed
2498 4641 2814 4700 antegressa
2865 4632 3213 4700 indagatiune
3260 4630 3447 4693 multa,

1872 4724 2133 4791 omnique
2181 4724 2474 4778 sedulitate
2506 4725 2573 4777 ad
2612 4739 2735 4777 vere
2774 4726 2975 4777 bonum
3011 4725 3447 4791 cognoscendum

1878 4811 2145 4874 adhibita.
2180 4817 2258 4869 sic
2307 4817 2523 4869 demum
2564 4831 2625 4867 ea
2673 4815 2872 4883 eligere
2920 4823 3193 4885 oportere,
3226 4830 3345 4882 qua:
3389 4815 3447 4867 ﬁ-

1878 4907 1999 4961 dem
2076 4922 2389 4977 germanam
2459 4918 2512 4959 et
2568 4916 2744 4959 tutam
2800 4908 3089 4973 complecti
3143 4905 3445 4958 videantur.

1881 4998 2126 5068 Ineptum
2181 5002 2383 5065 quippe
2436 5013 2499 5050 ac
2555 5007 2711 5065 turpe
2760 4996 2962 5060 videri,
3008 4996 3075 5049 de
3124 4995 3446 5063 quibusdam

1878 5092 2058 5153 ﬂuxis,
2087 5101 2137 5145 et
2171 5089 2393 5144 caducis
2427 5089 2654 5142 consilia
2685 5089 2977 5158 agitantes,
3008 5102 3126 5155 qua:
3157 5096 3208 5140 et
3240 5088 3450 5155 adi-ptis

1874 5182 2017 5236 haud
2082 5183 2273 5248 ingens
2339 5179 2805 5239 emolumentum:
2869 5189 2923 5232 et
2995 5177 3271 5230 frustratis
3333 5178 3449 5229 leve

1873 5276 2126 5328 damnum
2164 5272 2408 5341 pariunt,
2441 5272 2493 5323 in
2532 5271 2637 5323 illis
2671 5270 2875 5322 nullam
2912 5270 3208 5339 diligentia:
3240 5279 3445 5337 partem

1874 5367 2171 5424 omittere.
2215 5380 2323 5427 ne,
2370 5362 2514 5432 quod
2575 5362 2777 5415 bonum
2829 5371 3054 5429 apparet
3110 5359 3389 5411 amittatur
3434 5376 3447 5411 :

1878 5472 1999 5510 cum
2046 5457 2114 5510 de
2153 5454 2486 5513 caelestibus,
2520 5462 2574 5507 et
2606 5455 2673 5507 de
2708 5453 2937 5507 veritate
2975 5455 3286 5521 dogtnatutn
3324 5451 3446 5503 lidei

1441 5569 1655 5628 Jacobi
1685 5570 1947 5631 Pentani
1997 5577 2181 5631 notae.

273 5684 385 5753 (89)
420 5683 613 5737 Parem
646 5682 1039 5738 Constantinus
1076 5698 1184 5752 prae
1215 5698 1272 5736 se
1300 5681 1449 5743 tulit,
1482 5684 1639 5749 cujus
1676 5684 1779 5737 hoc

201 5755 408 5808 dictum
456 5769 514 5807 Ill
581 5752 779 5806 Annal.
833 5762 980 5807 tumo
1017 5754 1291 5820 proditum
1344 5766 1427 5805 est
1478 5767 1507 5805 a
1542 5753 1780 5817 Zonora,

204 5825 605 5894 imperatorem
639 5823 843 5877 nemini
883 5837 1148 5887 omnium,
1186 5837 1249 5877 ac
1292 5837 1363 5878 ne
1402 5822 1516 5876 suis
1561 5823 1780 5890 quidem

1889 5685 2152 5739 membris
2206 5683 2444 5753 prepriis
2490 5698 2717 5753 parcere
2751 5684 2971 5747 debere,
3028 5681 3261 5751 publium
3302 5692 3455 5735 tran-

1892 5756 2179 5825 quillitatis
2213 5754 2602 5809 conservandae
2633 5771 2815 5807 causa.
