4226 6444
219 392 292 455 89
1353 365 1899 445 ntsronmaﬂli
1944 383 2009 440 ιι
2028 384 2173 447 nan
2223 387 2319 446 IV.
3378 383 3450 447 go

219 526 321 577 χήν
345 524 360 537 ·
393 499 732 575 στρατηγούς
765 518 824 553 τε
854 502 1047 570 ἐφίστη
1066 502 1181 563 ταῖς
1223 501 1324 568 μὲν
1351 503 1484 568 πρὸς
1510 502 1576 568 τῇ
1610 497 1786 576 Ilios“

1901 496 1926 546 i.
1952 497 2222 564 jeeeruut,
2258 506 2422 565 atque
2478 496 2551 549 ita
2594 494 2832 550 victores
2872 491 2925 546 in
2957 507 3072 544 eam
3114 491 3465 545 insiluerunn

220 600 371 665 τρισὶ
426 598 673 668 τριήρεσι
732 594 1103 655 Φακεωλάτον
1155 592 1245 646 τὸν
1293 592 1777 660 πρωτοστρὲιτορα.

220 695 339 752 ταῖς
371 691 415 743 δ’
470 692 528 742 ὲν
556 689 631 756 τῷ
662 686 1026 754 κοντοσκαλίῳ
1073 684 1558 753 ναυπηγηθείσαις,
1598 682 1789 747 Τζαμο

223 783 483 835 πλάκωνα
514 783 601 833 τὸν
633 780 805 847 μέγαν
835 777 1020 840 δοῦκα,
1055 775 1430 842 ἐφιλονείκησε
1462 774 1517 826 δὲ
1549 773 1575 824 ὁ
1615 772 1788 839 μέγας

222 874 345 937 δοὺξ
403 874 810 941 φιλοτιμότερον
872 866 1415 937 προσεξεργάσασθαι
1465 866 1561 928 τὰς
1597 866 1731 927 [δίας
1772 882 1784 895 ·

223 962 358 1036 ἦσαν
414 967 522 1035 γὰρ
554 965 647 1016 καὶ
681 964 934 1031 μέγισται
974 960 1215 1029 μεγέθει,
1276 958 1371 1011 καὶ
1402 957 1649 1019 ξυλίνους
1679 958 1796 1009 ἐπι-

228 1060 431 1127 στήσας
480 1056 742 1124 πύργους,
782 1055 876 1106 καί⁵
925 1054 1050 1113 τοὺς
1088 1053 1285 1121 ἐρέτας
1340 1048 1545 1101 ἀνωθεν
1574 1048 1795 1116 ὲρέψας,

227 1151 414 1213 διπλᾶς
451 1151 621 1203 ἐποίει
689 1150 787 1210 τὰς
816 1147 1083 1216 τριήρεις,
1154 1143 1248 1195 καὶ
1312 1140 1517 1208 πλῆθος
1562 1136 1798 1191 ὁπλιτῶν

233 1246 511 1311 ὲνέστησε,
562 1244 656 1293 καὶ
685 1239 881 1307 ψιλῶν,
911 1239 939 1290 ὁ
990 1238 1084 1289 καὶ
1140 1234 1377 1304 μάλιστα
1424 1230 1627 1300 ἐὸλαψε
1657 1228 1799 1283 κατὰ

230 1337 328 1401 τῆς
361 1338 541 1405 μάχης
566 1336 657 1385 τὸν
696 1333 905 1401 καιρὸν,
937 1333 1011 1393 ὡς
1042 1328 1207 1398 ὀλίγῳ
1237 1326 1462 1396 ὕστερον
1496 1326 1798 1395 εἰρήσεται.

208 1434 308 1502 [Γῇ
348 1431 649 1501 προτεραίᾳ
674 1429 729 1481 δὲ
766 1423 831 1499 ἦς
865 1427 1090 1494 ἔμελλον
1130 1422 1431 1490 ἀνάγεσθαι
1462 1420 1517 1473 αἱ
1554 1420 1801 1488 τριήρεις

233 1532 295 1578 kx
320 1526 414 1577 τού
450 1523 695 1592 νεωρίου,
734 1521 897 1581 ὁλκὰς
928 1516 1271 1569 ἀναπλέουσα
1307 1513 1564 1583 ἐφαίνετο
1589 1512 1653 1563 ἑκ
1674 1510 1805 1561 Γεν-

235 1618 416 1679 νούας,
454 1615 683 1667 πλοῦτον
718 1614 950 1678 ἄγουσα,
985 1611 1058 1671 ὡς
1086 1609 1320 1674 ἐλέγετο,
1340 1605 1528 1658 πολύν.
1550 1601 1805 1661 ’Λπλοίας

236 1713 290 1762 δὲ
344 1710 453 1761 τῶν
503 1708 720 1774 ἀνέμων
770 1703 1136 1771 παυσαμένων
1194 1696 1599 1767 κατασχούσης,
1669 1693 1805 1763 πρὸς

242 1802 529 1871 ιΙριγκίπῳ
563 1802 629 1868 τῇ
656 1800 802 1867 νήσῳ
829 1795 1101 1866 ὼρμίζετο
1147 1793 1233 1844 ἐπ’
1274 1790 1553 1858 ἀγκυρῶν.
1597 1787 1710 1854 Ἐφ’
1741 1787 1807 1856 ἢν

1890 604 1991 642 nec
2025 589 2208 656 paucis
2236 589 2593 647 obtrunratis,
2631 587 2877 640 omnium
2898 576 3063 654 potiti
3089 593 3231 637 sunt.
3261 582 3463 636 Verum

1893 680 1981 732 ubi
2019 697 2204 734 rumor
2234 683 2447 735 incerto
2479 688 2703 734 auclore
2751 677 3012 739 manavit,
3054 674 3274 729 Latinas
3305 674 3465 727 trire-

1892 788 2007 825 mes
2026 790 2054 824 e
2076 773 2262 835 Galam
2288 791 2353 827 eo
2377 790 2599 830 cursum
2638 773 2898 837 dirigere,
2934 769 3172 839 perculsi
3209 766 3464 831 Romani,

1894 865 2109 917 circiter
2165 865 2556 935 quinquaginta
2606 867 2671 918 de
2703 863 2820 918 suis
2860 862 2916 916 in
2955 860 3206 914 oneraria
3239 857 3462 924 relictis,

1894 957 2074 1025 fugam
2136 960 2507 1028 arripuerunt.
2546 957 2706 1029 745
2750 954 2855 1009 Sed
2914 954 3004 1008 hic
3068 968 3253 1007 rumor
3307 952 3468 1021 plane

1898 1051 2129 1103 memlax
2161 1060 2301 1106 erat.
2337 1052 2545 1106 Deserti
2579 1051 2634 1104 in
2660 1050 2905 1104 oneraria
2937 1046 3189 1107 Romani,
3217 1046 3467 1099 triremes

1898 1142 2259 1212 abnavigasse
2304 1158 2429 1197 cum
2479 1142 2769 1207 sentirent,
2825 1141 3038 1195 consilii
3095 1140 3305 1207 inopes,
3341 1151 3467 1188 eum

1901 1232 2104 1289 Latinis
2144 1236 2251 1302 jam
2292 1237 2451 1289 victis
2514 1235 2944 1304 colloquuntur;
2980 1241 3036 1285 et
3090 1230 3369 1293 convenit,
3413 1235 3492 1282 ut.

1902 1327 2266 1381 communiter
2314 1328 2628 1381 incendium
2679 1325 3108 1394 restinguerent,
3140 1335 3209 1374 ne
3246 1329 3301 1373 et
3340 1319 3475 1388 ips's

1905 1434 2013 1473 una
2072 1420 2412 1488 pereundum
2478 1420 2638 1472 foret.
2692 1418 2920 1471 Postero
2980 1415 3093 1479 die,
3148 1413 3192 1467 si
3249 1410 3479 1465 Romani

1905 1510 2295 1581 adnavigantes
2351 1508 2662 1563 onerariam
2720 1513 3026 1575 caperent,
3084 1502 3188 1572 ipsi
3251 1501 3478 1555 Latinos

1907 1603 2145 1656 exoratis
2182 1601 2414 1655 ducibus
2456 1607 2869 1655 conservarent.
2922 1595 3017 1649 Sin
3049 1594 3249 1657 Latini,
3283 1602 3340 1645 ut
3373 1592 3484 1645 Ro-

1909 1694 2085 1746 manis
2116 1693 2259 1746 idem
2313 1691 2548 1746 oﬂicium
2605 1690 2784 1744 Latini
2846 1693 3193 1755 praestarent,
3228 1683 3371 1752 quod
3428 1689 3483 1735 et

1912 1785 2111 1838 factiun
2156 1785 2327 1851 prima
2373 1783 2517 1836 luce.
2542 1780 2757 1835 Paratis
2789 1781 2933 1834 enim
2971 1779 3044 1831 ita
3073 1776 3329 1831 omnibus
3381 1774 3484 1827 im-

238 1896 329 1947 δύο
359 1896 465 1946 τῶν
499 1891 790 1960 βασιλικῶν
824 1888 1097 1956 τριήρεων
1141 1887 1203 1935 ὲκ
1255 1882 1349 1935 τοῦ
1402 1880 1628 1949 νεωρίου
1680 1879 1801 1947 ἀνή-

1913 1876 2179 1946 peratoris
2207 1876 2536 1937 triremibus,
2580 1872 2761 1929 Latini
2793 1872 3119 1933 allabentes,
3158 1868 3478 1922 semiustam

240 2001 397 2051 γοντο
447 1982 667 2043 νυκτὸς,
734 1981 1069 2045 παρείποντο
1123 1975 1178 2027 δὲ
1206 1976 1298 2026 καὶ
1356 1972 1613 2041 μονήρεις
1648 1971 1807 2023 ῐσαι⁶

242 2076 338 2128 καὶ
368 2074 763 2140 προσὸαλδντες
797 2073 861 2138 τῇ
894 2068 1100 2132 ὁλκάδι,
1135 2066 1257 2119 ἐπεὶ
1289 2063 1557 2132 ἠμύνοντο
1594 2062 1643 2112 oi
1665 2058 1811 2112 ἔνδον

243 2167 543 2236 κραταιῶς,
577 2163 687 2231 πῦρ
717 2162 922 2214 ἐνίεσαν
957 2162 1004 2212 oi
1034 2158 1336 2227 τριηρῖται,
1358 2156 1453 2207 καὶ
1483 2151 1623 2205 οὕτω
1655 2167 1815 2219 περι·

245 2260 546 2327 γενόμενοι,
595 2253 871 2323 ἐπέϐησαν
924 2269 983 2303 τε
1015 2250 1113 2317 τῆς
1146 2246 1391 2307 ὁλκάδος,
1452 2244 1551 2297 οὐκ
1600 2241 1815 2307 ὀλίγους

246 2352 355 2406 τῶν
387 2350 742 2419 ἀμυνομένων
772 2345 1218 2403 ἀποκτείναντες,
1283 2338 1375 2391 καὶ
1428 2337 1648 2391 πάντων
1675 2330 1817 2403 ἦσαν

247 2445 348 2513 ἤδη
380 2443 578 2512 κύριοι.
628 2441 821 2507 Φήμης
853 2437 908 2489 δὲ
958 2434 1174 2499 ἀδήλως
1223 2432 1342 2491 ταῖς
1389 2430 1672 2498 τριήρεσιν
1698 2427 1819 2476 ἐπι-

249 2535 543 2599 πεσούσης,
576 2530 649 2589 di;
677 2529 921 2598 τριήρεις
948 2523 1297 2578 ἐπιπλέουσιν
1324 2522 1387 2572 ὲκ
1413 2518 1629 2571 ruma
1662 2518 1822 2570 Λατι-

253 2628 419 2687 νικαὶ,
455 2626 771 2693 ἐτράπησαν
808 2621 886 2681 είς
911 2616 1131 2686 σφυγὴν,
1168 2613 1335 2683 ὀλίγῳ
1376 2611 1633 2670 ἐλάσσους
1690 2624 1820 2659 πεν-

252 2720 492 2785 τήκοντα
523 2715 630 2765 τῶν
669 2710 882 2763 οἰκείων
910 2706 1297 2765 καταλιπόντες
1326 2703 1418 2753 ἐπὶ
1449 2702 1546 2769 τῆς
1576 2697 1818 2758 ὁλκάδος.

257 2806 437 2863 ἰισαν
468 2807 522 2859 δὲ
560 2803 871 2857 παντᾶπασι
905 2800 1117 2869 ψευδεῖς
1149 2799 1203 2849 αί
1236 2797 1431 2863 φῆμαι.
1467 2795 1529 2844 Οἱ
1563 2793 1617 2843 δὲ
1650 2807 1824 2841 καταέ

259 2901 571 2967 λειφθέντες
631 2896 892 2963 Ῥωμαῖοι
921 2892 1015 2945 ἐπὶ
1068 2890 1168 2957 τῆς
1216 2887 1458 2948 ὁλκάδος,
1514 2882 1828 2948 αἰσθόμενοι

260 2994 682 3051 ἀποπλευσάσας
733 2988 829 3046 τας
873 2989 1145 3053 τριήρεις,
1215 2982 1273 3032 ὲν
1338 2977 1617 3047 ἀμηχανία
1666 2990 1830 3026 καταο

260 3084 510 3144 στάντες,
548 3083 624 3140 εἰς
685 3079 871 3143 λόγους
907 3071 1071 3144 ’ἦλθον
1114 3074 1226 3133 τοῖς
1259 3071 1509 3129 Λατίνοις
1538 3063 1828 3133 νενικημέ-

259 3192 369 3237 νοις
408 3173 507 3241 ἤδη
559 3172 697 3223 κατὰ
754 3170 972 3237 κράτος,
1031 3166 1126 3216 καὶ
1178 3159 1648 3230 συνέὂησανῶστε
1678 3156 1829 3223 κοινῇ

1913 1971 2216 2024 onerariam
2249 1971 2656 2030 abstraxerunt,
2712 1963 2918 2034 quique
2959 1964 3014 2015 in
3049 1976 3111 2014 ea
3143 1960 3488 2013 vehebantur

1914 2061 2113 2123 Latini.
2144 2079 2208 2117 ex
2250 2063 2562 2130 iuramento
2604 2057 2862 2125 Romanis
2914 2053 3344 2110 incolumitatem
3379 2051 3486 2104 im-

1917 2167 2216 2225 petrarunt.
2258 2153 2623 2223 Imperatoriae
2659 2152 2913 2205 triremes
2954 2148 3239 2201 instructa
3295 2158 3489 2199 omnes

1916 2264 1971 2307 et
2006 2260 2210 2321 paratae
2241 2248 2481 2316 penitus,
2512 2251 2825 2311 ornatzeque
2874 2240 3183 2308 insigniter,
3214 2247 3271 2290 et
3316 2251 3491 2289 arma-

1919 2355 2098 2399 torum
2132 2355 2380 2400 numero,
2413 2336 2703 2403 splendore
2756 2348 2817 2387 ac
2859 2330 3234 2400 magnitudine
3264 2342 3494 2397 appara-

1921 2449 2008 2492 tus
2044 2434 2216 2490 nihilo
2248 2430 2489 2499 antiquis
2531 2431 2900 2484 Romanorum
2954 2423 3223 2478 classibus
3266 2421 3491 2476 inferio-

1924 2547 2032 2590 res.
2071 2546 2101 2585 e
2151 2527 2326 2583 navali
2380 2524 2749 2579 deducuntur.
2806 2520 3088 2575 Uuiremes
3143 2533 3251 2571 non
3288 2530 3492 2584 pauca:

1923 2631 2222 2690 sequuntur
2261 2638 2272 2671 :
2314 2618 2478 2671 lembi
2511 2617 2659 2674 item.
2694 2624 2750 2668 et
2804 2611 3156 2690 actuaria.'et
3196 2610 3248 2662 in
3289 2609 3355 2661 iis
3403 2622 3496 2660 ra-

1928 2715 2217 2784 tapbracti,
2250 2712 2339 2780 qui
2379 2725 2572 2763 ouiues
2606 2706 2736 2762 odio
2761 2704 3075 2758 Latinorum
3127 2699 3320 2769 cupide
3350 2695 3502 2751 mili-

1930 2818 2096 2860 tatum
2126 2801 2634 2874 proficiscebantur.
2672 2796 2850 2851 Latini
2882 2805 3033 2849 tanto
3063 2799 3322 2861 apparatu
3351 2796 3496 2843 atto-

1932 2899 2051 2952 niti.
2086 2896 2266 2949 omnia
2307 2892 2487 2963 potius
2537 2889 2868 2957 cogitabant,
2903 2900 3062 2953 quam
3094 2899 3216 2937 cum
3253 2880 3494 2935 triremi-

1932 2991 2031 3043 bus
2060 2983 2424 3054 imperatoriis
2456 2982 2757 3035 decertare.
2789 2976 2927 3030 Suas
2962 2981 3144 3028 autem
3180 2978 3305 3024 ante
3336 2970 3497 3037 oppi-

1933 3080 2061 3131 dum
2131 3078 2422 3131 instructas
2467 3072 2760 3133 habebant,
2825 3068 3137 3137 Opinionem
3200 3061 3505 3132 praebentes

1941 3170 1992 3222 in
2046 3165 2450 3236 imperatorias,
2507 3162 2554 3216 si
2614 3160 2887 3223 venirent,
2948 3156 3139 3210 ituras.
3174 3153 3264 3206 Sic
3324 3159 3505 3204 autem

262 3266 539 3319 σϐεννύειν
589 3259 1028 3328 κατακαιομένην
1080 3256 1179 3326 τὴν
1208 3252 1425 3314 ὁλκάδα,
1478 3252 1565 3301 ἵνα
1604 3248 1677 3316 μὴ
1713 3263 1801 3298 συ»

1901 3242 1907 3291 ί
1939 3273 2097 3317 erant
2131 3257 2430 3328 comparati
2461 3254 2704 3319 Galatzei,
2738 3262 2799 3307 ut
2834 3252 2877 3305 si
2911 3250 3287 3317 imperatorias
3317 3258 3508 3297 accur-

262 3357 604 3425 δεαφοσρῶσι
654 3355 748 3406 καὶ
804 3353 975 3403 αὐτοί.
1044 3350 1132 3409 Εἰς
1191 3349 1289 3415 τὴν
1344 3344 1604 3398 ἐπιοῦσαν
1664 3342 1720 3393 δὲ
1769 3339 1833 3392 ἂν

269 3453 366 3519 μὲν
418 3450 681 3516 Ῥωμαῖοι
743 3442 1170 3500 ἐπιπλεύσαντες
1227 3438 1406 3508 κύριοι
1468 3436 1563 3503 τῆς
1611 3432 1833 3495 ὁλκάδος

264 3545 557 3611 γένωνται,
612 3535 993 3597 συνδιασώζειν
1059 3534 1184 3593 τοὺς
1231 3528 1655 3595 ἀπολειφθέντας
1705 3524 1841 3577 Ῥω-

269 3634 462 3704 μαίους
520 3632 643 3691 τοὺς
680 3629 937 3687 Λατίνους
991 3621 1451 3691 ἐξαιτησαμένους
1520 3616 1673 3686 παρὰ
1728 3614 1837 3668 τῶν

268 3728 579 3795 ἀρχόντωνο
612 3722 677 3776 ἂν
705 3722 747 3773 δ’
780 3721 828 3773 οἱ
862 3719 1075 3770 Λατῖνοι
1129 3714 1427 3768 ὲπιπλέωσι
1478 3713 1571 3764 καί
1616 3709 1839 3779 κυριεύ-

262 3836 369 3871 οσι
400 3818 501 3882 τῆς
530 3814 769 3874 ὁλκάδος,
799 3812 867 3864 τὰ
902 3812 992 3863 ίσα
1020 3808 1283 3866 Λατίνους
1317 3804 1496 3855 ποιεῖν
1534 3802 1669 3870 πρδς
1714 3801 1841 3860 τοὺς

279 3910 613 3978 Ῥωμαίους,
643 3906 671 3958 ὂ
703 3908 795 3957 καὶ
831 3905 1039 3971 ἐγίνετο
1072 3900 1187 3967 ἅμα
1220 3900 1295 3967 ἕῳ
1326 3913 1342 3930 ο
1375 3896 1498 3949 ἐπεὶ
1543 3895 1651 3962 γὰρ
1691 3891 1843 3944 οὔπω

272 4006 444 4056 πᾶσαι
476 3999 986 4068 πτρεσκευασμέναι
1015 3990 1153 4063 ἦσαν
1184 3996 1240 4045 αἱ
1274 3989 1550 4058 βασιλικαὶ
1576 3985 1842 4054 τριήρεις,

273 4101 320 4150 οἱ
359 4097 578 4149 Λατῖνοι
636 4089 1087 4152 ἐπιπλεύσαντες,
1120 4085 1399 4155 ήμιφλεγῆ
1461 4080 1705 4135 ἀνεῖλκον
1748 4078 1846 4144 τήν

272 4189 496 4243 ὁλκάδα.
551 4182 819 4246 Διὲσωζον
878 4183 934 4235 δὲ
991 4181 1086 4234 καὶ
1145 4180 1272 4241 τοὺς
1334 4176 1647 4245 Ῥωμαίους
1707 4173 1847 4226 κατὰ

275 4286 401 4346 τοὺς
431 4286 631 4351 ὅρκους
655 4281 705 4333 οἱ
745 4282 801 4331 ὲν
827 4280 892 4347 τῇ
925 4278 1015 4344 νηῒ
1045 4293 1056 4304 ·
1101 4277 1154 4328 αἱ
1190 4272 1469 4344 βασιλικαὶ
1498 4270 1555 4322 δὲ
1606 4266 1849 4337 τριήρεις

278 4377 397 4428 ἐπεὶ
430 4375 603 4427 πᾶσαι
648 4368 1158 4437 παρεσκευασμέναι
1198 4363 1358 4435 ἦσαν,
1404 4364 1497 4416 καὶ
1527 4362 1679 4414 οὐδὲν
1733 4358 1854 4411 ὲνέ-

278 4470 354 4520 δει
384 4468 488 4525 ἔτι,
516 4466 778 4532 ἀνήγοντο
811 4464 875 4515 ἐκ
905 4461 997 4513 τοῦ
1048 4459 1273 4528 νεωρίου
1310 4449 1509 4509 πᾶσαν
1534 4450 1854 4521 διαπρεπῶς

1940 3371 2056 3409 rere
2127 3353 2397 3413 viderent,
2456 3348 2679 3402 funibus
2736 3358 2861 3399 suas
2927 3340 3289 3402 retraherent,
3324 3350 3387 3388 ac
3441 3335 3509 3387 de

1942 3447 2111 3500 muris
2144 3459 2265 3499 sese
2318 3448 2626 3495 tuerentur.
2664 3437 2865 3491 Verum
2917 3432 3200 3486 enimvero
3248 3426 3412 3481 etiam
3452 3424 3508 3477 in

1946 3540 2115 3592 muris
2164 3536 2247 3590 sui
2302 3534 2553 3590 servandi
2606 3545 2757 3599 spem
2808 3528 3071 3599 gerebant
3110 3519 3515 3576 inanissimam.

1946 3629 2221 3683 Triremes
2270 3624 2617 3694 imperatoris
2668 3620 2955 3679 deductae,
3010 3630 3072 3669 ea
3130 3620 3289 3666 nocte
3349 3622 3516 3677 prope

1944 3724 2132 3779 navale
2182 3727 2474 3780 steterunt,
2509 3728 2567 3770 ut
2624 3716 2795 3770 altero
2847 3711 2934 3766 die
2984 3722 3108 3763 cum
3163 3704 3339 3759 tribus
3379 3714 3517 3771 quas

1949 3814 2304 3870 l’haeeolatus
2340 3810 2588 3871 ducebat,
2620 3805 2945 3874 coniunctas,
2976 3800 3030 3854 in
3079 3796 3346 3853 Galatteos
3385 3808 3516 3860 age-

1947 3920 2154 3964 rentur.
2191 3904 2554 3959 Phaceolatus
2581 3908 2635 3954 et
2670 3900 2788 3965 ipse
2820 3902 3041 3962 paratus
3065 3898 3205 3953 erat,
3232 3896 3291 3941 ut
3315 3883 3517 3955 postri-

1947 4000 2035 4054 die
2090 4003 2421 4064 erumperet.
2480 3993 2545 4046 Et
2598 3991 2895 4058 imperator
2950 3998 3075 4038 eum
3128 3980 3238 4035 ﬁlio
3293 3978 3519 4047 despota

1948 4092 2288 4157 frequentem
2338 4098 2401 4136 ac
2448 4091 2734 4136 strenuum
2790 4075 3092 4145 equitatum
3144 4069 3417 4130 mittebat,
3460 4075 3521 4119 ut

1951 4179 2259 4250 congressis
2303 4173 2639 4236 triremibus,
2695 4168 2799 4238 ipsi
2858 4180 3076 4236 quoque
3128 4178 3157 4216 a
3206 4160 3527 4216 continente

1956 4276 2245 4329 irruerent.
2284 4267 2379 4321 Die
2426 4267 2537 4336 jam
2567 4264 2920 4336 procedente,
2957 4272 3126 4312 naves
3157 4270 3187 4310 e
3222 4253 3401 4309 navali
3456 4250 3523 4305 ad

1958 4372 2166 4433 portam
2220 4356 2588 4427 Eugenianam
2651 4351 3019 4407 cernebantur
3052 4364 3067 4402 :
3097 4346 3296 4416 quibus
3342 4351 3525 4396 autem

1956 4453 2312 4511 Phaceolatus
2364 4453 2725 4518 prolostrator
2779 4449 3029 4512 praeerat,
3079 4449 3138 4494 et
3188 4439 3319 4507 ipsa!
3364 4434 3524 4505 pulsu

283 4557 716 4628 κεκοσμημέναι,
750 4558 842 4607 καί
863 4552 1057 4620 πλήθει
1088 4549 1323 4601 ὁπλιτῶν
1356 4552 1449 4599 καὶ
1479 4545 1801 4614 λαμπρότητ

1901 4575 1931 4629 D
1962 4560 2231 4602 remorum
2258 4543 2489 4614 agitataa,
2533 4540 2657 4592 aliis
2685 4551 2805 4591 sese
2838 4547 3127 4604 aggregare
3165 4529 3526 4585 festinabant.

285 4653 374 4703 καὶ
428 4649 651 4717 μεγέθει
679 4644 1032 4713 παρασκευῆς
1070 4641 1244 4693 οὐδενὶ
1293 4641 1399 4691 τῶν
1432 4640 1496 4689 ὲκ
1530 4635 1728 4687 πολλοῦ
1761 4651 1853 4699 γε·

285 4740 608 4809 γεντιμένων
652 4733 940 4802 Ῥωμαίοις
971 4732 1175 4786 στόλων
1208 4730 1625 4798 ἐλασσούμεναι.
1658 4728 1855 4797 Παρεί-

288 4850 450 4885 ποντο
495 4830 551 4881 δὲ
603 4830 693 4880 καὶ
723 4829 976 4896 μονήρεις
1003 4825 1102 4877 οὐκ
1158 4822 1360 4887 ὀλίγαι,
1420 4822 1512 4873 καὶ
1542 4818 1732 4886 λέμϐοι
1762 4818 1857 4871 καὶ

287 4923 496 4976 ἀκάτια.
535 4919 760 4979 ὁπλίτας
789 4917 1008 4983 ἄγοντα,
1066 4914 1212 4983 ἔχθει
1241 4913 1349 4965 τῶν
1386 4912 1629 4965 Λατίνων
1658 4908 1858 4978 προθύ-

295 5034 405 5085 μως
446 5014 702 5068 ἁπάντων
729 5010 1262 5078 συστρατευομένων.
1294 5008 1361 5059 Οἵ
1384 5023 1439 5056 τε
1477 5006 1695 5057 Λατῖνοι
1724 5002 1859 5071 πρὸς

291 5112 349 5161 τὸ
385 5108 616 5175 μέγεθος
640 5104 736 5171 τῆς
764 5102 1117 5172 παρασκευῆς
1156 5097 1621 5168 ἐκπεπληγμένοι,
1684 5094 1861 5145 πάντα

299 5202 525 5271 μᾶλλον,
560 5198 592 5266 ἢ
623 5199 757 5265 πρὸς
793 5196 891 5258 τὰς
926 5194 1211 5263 βασιλικὰς
1263 5193 1514 5262 τριήρεις
1560 5190 1862 5256 διαναυμα-

296 5300 405 5368 χεῖν
441 5292 763 5347 διενοοῦντοο
788 5289 925 5341 ἀλλὰ
956 5290 1054 5351 τὰς
1085 5286 1353 5356 σφετέρας
1382 5287 1624 5353 τριήρεις
1654 5282 1864 5351 πεπληο

301 5389 551 5459 ρωμένας
579 5385 811 5453 ἔχοντες,
844 5381 1161 5451 ὡρμίζοντο
1188 5380 1293 5449 πρὸ
1325 5378 1418 5431 τοῦ
1448 5378 1733 5447 φρουρίου,
1780 5376 1866 5428 δύο

301 5498 461 5550 κησιν
497 5478 596 5545 μὲν
620 5476 969 5544 παρέχοντες,
999 5474 1071 5535 ὠς
1104 5470 1464 5541 ἐμϐαλοῦντες
1506 5468 1724 5521 ἐπιοῦσι
1753 5470 1863 5528 τοῖς

304 5570 629 5640 βασιλικοῖς.
655 5565 812 5617 Οὕτω
842 5565 898 5616 δὲ
932 5560 1070 5636 ἦσαν
1096 5560 1630 5631 παρεσκευασμένοι,
1662 5557 1737 5618 ὠς
1772 5559 1865 5618 τὰς

312 5663 407 5731 μὶν
449 5661 698 5730 τριήρεις
749 5657 1034 5718 καλωδίοις
1081 5655 1467 5714 ἀνελκύσαντες
1523 5653 1590 5705 ἂν
1638 5649 1866 5702 αἴσθων-

308 5771 397 5808 ται
423 5754 525 5815 τὰς
560 5751 844 5823 βασιλικὰς
871 5748 1261 5811 ὲπιπλεούσας,
1292 5747 1445 5799 αὐτοὶ
1484 5744 1528 5798 δ’
1557 5742 1870 5813 ἀμυνούμε-

312 5863 391 5901 νοι
420 5844 528 5901 ἀπὸ
558 5842 665 5898 τῶν
693 5843 905 5913 τειχῶν.
938 5837 1121 5895 Ἦσαν
1182 5840 1240 5893 δὲ
1273 5838 1615 5910 φαυλοτάτας
1657 5836 1873 5907 ἔχοντες

1958 4635 2029 4690 At
2063 4634 2207 4688 enim
2245 4631 2379 4695 Deo,
2408 4632 2501 4699 qui
2551 4628 2816 4697 gubernat
2844 4623 3028 4677 omnia
3081 4632 3138 4676 et
3186 4634 3283 4673 sua
3329 4618 3531 4685 cuique

1956 4730 2103 4797 juste
2172 4724 2479 4793 dispensat,
2538 4720 2835 4777 Romanos,
2894 4724 2954 4768 ut
3006 4718 3252 4781 apparet,
3306 4718 3533 4779 propter

1961 4818 2258 4891 praeterita,
2278 4830 2446 4884 eaque
2472 4814 2641 4867 multa
2678 4810 2873 4864 delicta
2906 4806 3186 4876 puniente,
3210 4812 3266 4857 et
3296 4818 3327 4857 a
3363 4801 3534 4855 multo

1963 4910 2314 4966 inferioribus
2351 4904 2594 4971 superari
2639 4901 3010 4971 permittente,
3044 4911 3173 4950 ecce
3201 4895 3295 4949 tibi
3340 4909 3534 4964 magna

1962 5006 2044 5059 vis
2099 5001 2246 5056 venti
2297 4998 2561 5060 cooritur,
2594 4994 2756 5064 746
2808 5002 2862 5045 et
2902 4991 3105 5059 primas
3173 4988 3441 5050 triremes,
3474 4985 3530 5038 in

1964 5097 2161 5167 quibus
2186 5094 2375 5161 lignea:
2404 5100 2602 5149 turres,
2628 5087 2843 5147 evertit,
2874 5082 3143 5150 simulque
3176 5080 3378 5133 milites
3407 5093 3532 5132 cum

1966 5188 2100 5259 ipsis
2126 5185 2314 5246 armis,
2339 5191 2392 5237 et
2425 5181 2655 5249 remiges
2688 5180 2741 5232 in
2779 5178 3000 5246 pelagus
3033 5174 3313 5233 decidunt,
3340 5184 3387 5225 et
3423 5186 3535 5224 uno

1968 5288 2242 5336 momento
2308 5290 2500 5329 omnes
2568 5283 2849 5325 vectorum
2918 5282 3102 5321 vacum
3173 5266 3535 5335 aspiciuntur.

1968 5375 2170 5430 Eodem
2206 5378 2407 5439 puncto
2442 5366 2727 5433 temporis,
2755 5366 2846 5430 qui
2897 5361 3114 5413 stabant
3154 5359 3208 5412 in
3259 5354 3538 5418 tabulatis,

1969 5478 2154 5519 earum
2191 5476 2323 5530 quas
2350 5455 2705 5510 Phareolatus
2726 5453 2977 5507 ducebat.
3000 5450 3250 5503 similiter
3279 5448 3332 5500 in
3364 5447 3540 5500 undas

1969 5554 2175 5623 delapsi
2216 5560 2383 5605 sunt:
2416 5558 2640 5614 eratque
2674 5544 2951 5611 multiplex
2991 5554 3277 5596 nautarum
3310 5557 3373 5594 ac
3400 5540 3545 5593 mili-

1974 5660 2088 5703 tum
2109 5644 2371 5700 interitio.
2398 5640 2719 5707 Complures
2755 5653 2909 5699 sane,
2932 5635 3359 5703 rproniamjuxta
3392 5633 3548 5685 littus

1972 5756 2140 5796 naves
2170 5735 2576 5795 evertebantur,
2605 5739 2918 5791 evaserunt,
2953 5728 3107 5795 aquis
3151 5724 3397 5781 sull'ueati
3441 5725 3549 5778 cir—

1975 5834 2111 5890 citcr
2134 5829 2373 5896 ducenti,
2407 5836 2457 5881 cl
2484 5826 2548 5880 de
2578 5820 2959 5891 Zamplacnnis
2985 5835 3140 5890 grege
3170 5818 3359 5871 Munati
3389 5816 3548 5870 (lucis
