4226 6444
221 412 329 473 i09

1412 415 1951 478 HISTORIAIIUM
1995 417 2224 476 LIBER
2274 419 2365 477 IV.

3355 427 3454 488 110

212 533 244 599 ἧ
275 535 538 603 ἠπείλουν
564 535 830 588 ἐκδιδόναι
867 538 980 596 τοῖς
1004 535 1268 600 αἰτοῦσιν,
1299 535 1388 604 ὑφ’
1441 531 1514 588 ὧν
1543 538 1798 589 πείσεται
1831 543 1871 597 Λ

1794 577 1798 587 .
1831 543 1871 597 Λ
1911 536 2246 590 minutorum
2295 547 2345 589 et
2382 536 2787 604 despicabilittm
2823 537 3089 591 bonorum
3121 541 3403 607 promissis
3434 558 3463 597 a

215 627 517 693 ἀνήκεστα.
570 629 809 681 Ὀδἐοὺ
847 629 1102 681 τοσοῦτον
1165 629 1334 681 ἔδεισε
1393 628 1492 690 τὰς
1548 629 1795 692 ἀπειλάῆ

214 716 343 766 ὅσον
367 717 464 782 τῆς
491 717 717 770 ἐκείνων
748 717 930 779 ἀνοίας
953 718 1241 783 κατεγέλα,
1275 719 1322 770 εἰ
1374 717 1583 786 μικρῶν
1633 718 1798 770 ’ἑνεκα

218 808 317 857 καὶ
368 807 862 876 εὑκαταιρρονὴτων
916 809 1013 878 τῆς
1069 810 1299 878 πατρίου
1357 810 1512 878 δόξης
1563 811 1797 878 ἦλπισαν

213 898 564 964 ἀποστήσειν,
603 900 964 968 ἁντηπείλησέ
987 917 1043 952 τε
1075 902 1167 953 καὶ
1198 901 1384 963 αὐτὸς,
1416 902 1490 963 ὡς
1548 902 1675 972 ῥᾷον
1731 901 1797 952 ἂν

212 989 380 1050 αὐτὸς
410 991 605 1051 αὐτοὺς
635 991 742 1042 τῶν
773 992 959 1052 κακῶς
1019 992 1374 1060 μεταστήσειε
1434 991 1788 1058 δεδογμένων,

213 1079 245 1143 ἦ
291 1078 455 1140 αὐτὸς
481 1080 934 1148 συναπαχοείη,ῆ
975 1080 1233 1148 μεγάλαις
1279 1080 1498 1146 ἀγαθῶν
1554 1082 1794 1146 ἐπαγγε-

213 1168 438 1240 λίαις,ἢ
480 1170 586 1222 τῶν
616 1174 756 1224 πάνυ
799 1172 1188 1242 φοϐερωτάτων
1240 1174 1508 1234 ἀπειλαῖς.
1560 1174 1710 1224 Ἐπεὶ
1740 1174 1793 1226 δὲ

216 1262 382 1312 αὑτὸν
415 1263 759 1331 ἀμεταθέτως
787 1259 925 1316 εἶδον
980 1265 1190 1334 ἔχοντα,
1227 1265 1509 1334 δεσμώτην
1535 1266 1793 1330 ἐξεδίδουν

214 1355 331 1414 τοῖς
408 1355 683 1406 αἰτοῦσινο
734 1358 781 1407 ot
841 1357 896 1407 δὲ
951 1358 1155 1426 ἤγαγον
1220 1359 1355 1424 πρὸς
1427 1361 1789 1427 πατρτὰρχην,

216 1445 584 1512 προσδόκιμον
643 1446 771 1499 ὄντα
808 1447 1243 1516 ἁφιλανορώπως
1273 1447 1572 1516 γρήσεσϋαι
1626 1448 1790 1514 αὐτῷ.

231 1537 291 1588 Ὀ
317 1537 374 1589 δὲ
430 1539 528 1604 τὴν
581 1539 780 1607 ἀρετὴν
825 1538 918 1589 τοῦ
966 1539 1155 1608 ἀνδρὸς
1191 1541 1474 1601 αἰδεσοε’ς,
1519 1540 1637 1592 οὐδὲ
1683 1540 1792 1608 γὰρ

216 1629 486 1696 ἠγνός,σ;ν
517 1629 614 1680 ὅσα
645 1632 861 1681 ἀντεῖπε
880 1634 991 1692 τοῖς
1015 1632 1260 1692 Λατίνοις
1291 1633 1380 1682 ἐπὶ
1397 1631 1493 1700 τὴν
1514 1631 1792 1684 κοινωνίαν

222 1721 714 1789 προκαλουμένοις,
747 1720 857 1773 οὐδ’
884 1721 959 1784 ὡς
1003 1721 1201 1789 μᾶλλον
1251 1722 1423 1774 είλετο
1477 1721 1789 1784 ἀποθανεῖν,

218 1811 252 1879 ἦ
275 1812 376 1880 τῆς
404 1818 633 1880 πατρίου
649 1813 805 1881 δόξης
835 1815 1153 1884 ἀποστῆναι,
1181 1813 1454 1882 προσιόντι
1476 1831 1533 1867 τε
1557 1815 1790 1883 ὑπέστη,

219 1904 314 1954 καὶ
353 1904 799 1971 προσαγορεύσας
849 1905 1070 1975 ἡμέρως
1125 1908 1217 1958 καὶ
1271 1907 1576 1978 προσηνῶς,
1628 1924 1796 1973 παρε-

219 1996 417 2049 καΘισέ
467 2013 526 2048 τε
586 1999 678 2050 καὶ
731 1997 944 2066 ὁμιλίας
1002 1997 1198 2066 ἠξίωσε
1261 1999 1574 2069 πρεπούσης
1634 2002 1794 2068 φίλῳ,

218 2091 559 2162 ὐμολογητὴν
594 2094 649 2144 ἐν
673 2094 790 2152 ταῖς
842 2093 1137 2157 διαλέξεσιν
1198 2095 1507 2148 ἀποκαλῶν.
1565 2095 1797 2147 Ἔπειτα

220 2186 552 2254 ἀπέπεμπεν
581 2188 659 2247 είς
687 2188 784 2255 τὴν
807 2188 1006 2250 οἰκίαν,
1040 2187 1157 2240 οὐδὲ
1190 2188 1332 2257 ἴχνος
1367 2187 1796 2254 ἐπιδεδειγμένος

217 2277 568 2345 δυσμενείας,
601 2277 854 2344 προνοίας
889 2278 945 2329 δέ
975 2278 1202 2348 ἠξίωσεν
1255 2280 1530 2347 οὐδεμιᾶς.
1574 2280 1664 2331 Διὸ
1702 2279 1795 2331 καὶ

222 2371 364 2435 μετὰ
395 2370 586 2436 μικρὸν
617 2370 737 2419 ἐπεὶ
773 2369 862 2420 ὑπ’
889 2369 1097 2431 ἐνδείας
1125 2371 1184 2422 οὐ
1239 2371 1472 2442 μετρίως
1526 2370 1790 2434 ἐπιέζετο,

218 2455 394 2523 ᾤχετο
425 2455 662 2525 ἀποδρὰς
703 2458 836 2525 πρὸς
873 2457 1116 2526 βασιλέα,
1172 2460 1262 2512 καὶ
1302 2461 1470 2512 τόντε
1519 2461 1796 2514 ἐπίλοιπον

220 2546 314 2597 τοῦ
353 2547 588 2614 πολέμου
643 2552 830 2618 κρίνον
898 2550 1061 2619 συνῆν
1114 2553 1388 2619 φροντίδος
1439 2553 1792 2619 ἀξιούμενος’

221 2639 316 2689 καὶ
366 2640 502 2704 μετα
533 2641 592 2690 τὸ
626 2642 837 2692 πάντων
886 2642 1070 2710 κύριον
1111 2646 1462 2710 καταστῆναι,
1491 2647 1566 2704 si;
1598 2643 1797 2706 Βυζάν-

218 2747 336 2782 τιον
386 2730 719 2794 ἐπανελθὼν,
775 2731 976 2800 πολλῆς
1021 2733 1170 2800 παρὰ
1231 2733 1490 2800 βασιλέως
1548 2733 1794 2801 ἀπήλαυε

221 2823 502 2892 προνοίας.
541 2822 740 2876 Τοῦτον
766 2825 828 2890 δὴ
865 2825 952 2876 τὸν
1015 2826 1363 2896 πατριάρχην
1409 2827 1546 2894 μετὰ
1597 2829 1797 2894 Σεργοο

217 2913 423 2965 πούλου
460 2913 690 2982 ὕστερον
722 2914 856 2983 πρὸς
885 2914 975 2967 τὸν
1016 2915 1244 2968 σουλτὰν
1270 2916 1546 2980 Αἰγύπτου
1577 2915 1796 2986 πέμψας

219 3007 586 3077 πρεσϐευτὴν,
619 3007 749 3058 ἄλλα
801 3023 858 3058 τε
916 3009 1068 3076 ἠξίου
1113 3007 1204 3059 τδν
1264 3007 1488 3060 σουλταν
1537 3009 1726 3070 ποιεῖν,
1762 3007 1798 3062 ἃ

220 3099 523 3151 ἐλυσιτέλει
563 3101 673 3159 τοῖς
697 3101 814 3150 ἐκεῖ
850 3098 1213 3166 Χριστιανοῖς,
1264 3100 1354 3150 καὶ
1389 3098 1480 3150 τὸν
1527 3098 1795 3168 πατριάρο

1903 629 2098 696 patriis
2120 645 2242 680 eum
2275 629 2539 682 institutis
2566 645 2622 684 se
2648 646 2940 684 aversuros
2971 644 3255 699 Sperarent
3289 651 3302 686 :
3335 652 3468 688 eon-

1904 729 2094 785 traque
2121 729 2176 773 et
2206 722 2320 789 ipse
2345 721 2715 789 pollicebatur,
2740 723 2950 776 facilius
2973 739 3030 777 se
3065 724 3186 777 illos
3216 725 3283 778 ab
3309 726 3466 779 adul-

1903 814 2088 865 terinis
2116 814 2383 882 dogmatis
2443 823 2846 876 revocaturum,
2905 831 3068 884 quam
3106 827 3162 869 ut
3193 815 3309 886 ipse
3339 832 3464 872 cum

1900 902 2004 955 illis
2067 913 2163 956 ant
2225 905 2528 971 ingentium
2583 903 2847 957 bonorum
2905 907 3318 973 sponsionibus,
3375 917 3465 961 aut

1900 996 2300 1047 tetert'imornm
2322 997 2715 1065 suppliciorum
2747 997 2926 1057 mitt's,
2951 999 3108 1050 simul
3144 1001 3195 1051 itt
3219 1016 3461 1055 errotem

1897 1086 2266 1152 abriperetur.
2305 1084 2529 1139 Calatzei
2561 1095 2618 1139 ut
2645 1088 2988 1140 obtirmatum
3025 1103 3090 1142 ac
3116 1090 3460 1156 praefractam

1896 1176 2169 1239 viderunt,
2203 1177 2444 1230 vinetum
2500 1179 2812 1246 petentibus
2871 1181 3327 1247 transdiderunt;
3369 1185 3460 1253 qui

1897 1284 2020 1321 eum
2051 1271 2113 1322 ad
2156 1269 2547 1337 patriarcham,
2577 1284 2607 1322 a
2646 1284 2754 1338 quo
2790 1270 3080 1326 crudeliter
3111 1275 3467 1342 accipiendos

1898 1363 2218 1430 putabatur,
2283 1360 2650 1414 deduxerunt.
2717 1361 2881 1430 Atqui
2948 1364 2992 1418 is
3057 1366 3311 1420 virtutem
3365 1367 3466 1421 \‘iri

1895 1456 2163 1508 reveritus
2201 1457 2399 1522 (neque
2438 1456 2580 1507 enim
2638 1453 2934 1517 nesciebat,
2989 1466 3320 1522 quantopere
3362 1457 3468 1510 L'I-

1895 1545 2022 1599 linis
2072 1545 2137 1598 ad
2190 1545 2625 1598 communionem
2680 1546 2955 1616 religionis
3014 1562 3136 1600 eum
3177 1548 3468 1603 all:cicnt’-

1895 1638 1998 1690 bus
2062 1645 2437 1706 repugnasset,
2499 1650 2675 1702 neque
2733 1637 3009 1706 quomodo
3063 1638 3198 1690 mori
3262 1639 3468 1694 malue-

1894 1728 1986 1791 rit,
2008 1743 2169 1797 quam
2203 1743 2230 1779 a
2261 1737 2472 1796 patrum
2500 1742 2720 1781 suorum
2759 1741 2906 1782 recto
2939 1743 3103 1782 sensu
3134 1728 3465 1793 discedere).

1894 1819 2171 1876 accedenti
2214 1819 2529 1882 assurrexit,
2564 1819 2984 1890 humaniterqttc
3021 1835 3085 1874 ac
3138 1819 3337 1876 leniter
3381 1836 3468 1875 sa-

1899 1914 2171 1976 lutatum.
2226 1912 2468 1966 assidere
2519 1911 2622 1966 sibi
2680 1912 2871 1981 jussit,
2918 1921 2974 1966 et
3031 1922 3275 1966 amanter
3340 1929 3464 1966 cum

1897 2021 1964 2060 eo
2038 2019 2348 2059 sermonem
2437 2003 2709 2068 miscens,
2781 2003 3149 2058 confessorem
3224 2004 3469 2074 appella-

1897 2103 1977 2158 vit
2034 2104 2188 2172 (97).
2251 2102 2378 2156 Post
2435 2099 2487 2153 in
2553 2099 2775 2153 domum
2837 2099 3168 2167 designatam
3229 2099 3465 2166 dimisit,

1895 2211 2000 2250 nec
2071 2194 2296 2248 minimo
2364 2193 2738 2247 malevolentis
2803 2192 2968 2247 animi
3029 2191 3157 2246 dato
3223 2191 3462 2255 iudicio;

1899 2285 2048 2339 nulla
2091 2295 2272 2338 autem
2299 2299 2428 2337 cura
2470 2283 2724 2352 dignatus
2754 2291 2856 2336 est.
2893 2281 3258 2347 Quamobrem
3303 2283 3465 2352 paulo

1900 2387 2022 2449 post
2054 2393 2180 2432 cum
2209 2385 2455 2445 egestate
2489 2375 2782 2428 admodum
2815 2385 3179 2443 premeretur,
3208 2375 3274 2428 ad
3302 2375 3468 2444 impo-

1902 2478 2142 2522 ratoretn
2194 2467 2539 2536 confugiens,
2599 2480 2696 2534 per
2743 2464 3013 2532 reliquum
3060 2464 3185 2516 belli
3250 2471 3466 2532 tempus

1905 2561 2050 2630 apud
2083 2575 2208 2614 cum
2252 2559 2580 2622 dirersatns,
2615 2555 2860 2624 ejusdem
2893 2555 3218 2608 liberalitate
3264 2569 3466 2624 procu-

1901 2652 2224 2721 rationeque
2262 2651 2428 2704 etiam
2483 2648 2763 2718 Byzantii,
2802 2657 3087 2716 postquam
3142 2647 3231 2699 ille
3287 2645 3468 2714 impc-

1901 2745 2044 2797 rium
2077 2741 2347 2806 obtinuit,
2382 2756 2513 2794 usus
2564 2747 2670 2794 est.
2721 2739 2878 2794 Hunc
2911 2753 3043 2804 ergo
3095 2738 3464 2808 patriarcham

1902 2852 2027 2892 cutn
2087 2834 2388 2904 Sergopulo
2436 2831 2782 2902 postmodum
2817 2831 2882 2885 ad
2942 2831 3219 2886 sultanum
3248 2829 3466 2901 λεκτριί

1900 2931 2089 2999 legans
2115 2969 2131 2996 ,
2168 2928 2330 2984 simul
2363 2927 2469 2980 alia
2516 2926 2586 2981 ab
2614 2942 2682 2982 eo
2721 2921 2939 2997 petebat
2993 2938 3093 2994 pro
3134 2922 3468 2978 Christianis

1903 3024 2014 3077 illic
2069 3020 2421 3091 degentibus.
2457 3019 2620 3073 simul
2652 3056 2667 3081 ,
2713 3027 2774 3070 ut
2842 3015 3229 3087 patriareham,
3255 3014 3466 3084 dcjecto

1903 3115 2188 3171 Gerasimo
2222 3121 2413 3166 contra
2439 3111 2529 3180 jus
2576 3119 2632 3166 et
2667 3110 2747 3164 las
2782 3109 3156 3178 episc0patum
3211 3113 3463 3175 gerente.

219 3209 325 3260 χην
354 3192 434 3251 είς
465 3191 554 3240 τὸν
583 3190 772 3254 θρόνον
797 3189 1272 3257 ἀποκαταστῆσαι,
1319 3189 1410 3240 τὸν
1463 3191 1793 3258 παρανόμως
1824 3197 1866 3256 C

1824 3197 1866 3256 C
1901 3207 1955 3260 in
1997 3206 2180 3259 sedem
2233 3218 2390 3256 suam
2423 3211 2735 3271 reponeret.
2796 3199 3054 3253 Sullanus
3084 3206 3137 3251 et
3171 3197 3236 3250 ad
3270 3205 3465 3250 caetera

219 3281 628 3333 ἐπισκοποῦντα
671 3281 1020 3333 ἁπελὰσαντα
1073 3281 1398 3351 Γερὰσιμον.
1455 3283 1687 3336 Σουλτὰν
1736 3283 1791 3336 δέ

217 3376 286 3425 τά
317 3390 376 3423 τε
411 3371 547 3424 ἄλλα
587 3373 880 3438 φιλοτίμως
921 3372 1054 3442 πρὸς
1071 3375 1167 3441 τὴν
1199 3372 1461 3442 βασιλέως
1499 3374 1792 3442 πρεσϐείαν

216 3464 457 3532 διετέθη,
548 3465 640 3516 καὶ
699 3464 872 3516 πάντα
965 3465 1265 3534 ἐξεπλήρου
1343 3458 1418 3518 ὧν
1483 3467 1687 3518 ἐδέοντο
1743 3467 1791 3518 οἱ

218 3561 576 3636 πρεσϐευταὶ,
613 3561 812 3629 πολλὴν
842 3561 1000 3629 χάριν
1051 3560 1328 3629 ὁμολογῶν
1387 3561 1512 3631 περὶ
1559 3561 1656 3628 τῆς
1714 3562 1790 3624 είς

218 3655 380 3706 αὐτὸν
445 3653 773 3720 πρεσϐείας·
845 3647 913 3718 ἧν
969 3653 1075 3721 γὰρ
1140 3652 1415 3720 θαυμάσια
1473 3669 1593 3704 τινα
1665 3653 1793 3720 περὶ

219 3743 490 3812 βασιλέως
543 3743 910 3811 πεπυσμένος,
953 3744 1044 3794 καὶ
1096 3743 1187 3797 τοῦ
1227 3743 1427 3805 παντὸς
1451 3745 1674 3810 ἐτιμᾶτο
1695 3743 1790 3812 τὴν

217 3840 356 3906 πρὸς
389 3837 551 3890 αὑτὸν
583 3837 795 3904 φιλίανο
828 3835 921 3886 καὶ
953 3838 1044 3886 τον
1104 3835 1446 3904 πατριάρχην
1509 3837 1642 3902 πρὸς
1694 3837 1792 3906 τὴν

219 3931 384 3994 ἁγίαν
423 3928 576 3978 πόλιν
613 3926 854 3994 πέμψας,
889 3925 1104 3977 ἐκέλευε
1144 3929 1255 3986 τοῖς
1290 3927 1468 3977 ἐκεῖσε
1510 3926 1616 3977 τῶν
1663 3927 1793 3994 βαρ-

217 4019 405 4089 ϐαρων
480 4016 728 4085 ἄρχουσι,
778 4015 869 4066 τὸν
931 4015 1028 4083 μὲν
1089 4015 1394 4083 Γεράσιμον
1449 4015 1791 4078 ἀπελαύνειν,

218 4110 473 4178 Λάζαρον
495 4108 549 4159 δὲ
581 4107 670 4158 τὸν
722 4107 1062 4175 πατριάρχην
1111 4105 1262 4172 ἄγειν
1307 4107 1396 4158 διὰ
1452 4105 1640 4173 τιμῆς,
1700 4108 1794 4160 καὶ

221 4202 387 4269 μηδὲν
419 4198 569 4264 αὑτῷ
602 4197 952 4266 παρενοχλεῖν
1012 4197 1124 4256 τοῖς
1155 4196 1213 4246 ἐν
1269 4195 1599 4265 Παλαιστίνῃ
1659 4198 1792 4265 Χρι-

219 4293 460 4352 στιανοῖς
486 4290 888 4341 ἐπισκοποῦντι.
928 4288 1181 4356 Ἐπεμπε
1201 4287 1258 4339 δὲ
1293 4288 1540 4357 καὶπρὸς
1575 4288 1794 4356 βασιλέα

218 4386 530 4453 γράμματα,
561 4379 728 4442 οὕτως
758 4380 944 4447 ἔχοντα
973 4380 1029 4430 ὲν
1083 4378 1246 4444 λέξει’
1276 4376 1369 4440 Et;
1401 4381 1652 4448 τοῦνομα
1699 4380 1791 4432 τοῦ

216 4475 354 4528 θεοῦ
401 4472 499 4525 τοῦ
533 4469 803 4531 ἐλεοῦντος
836 4467 929 4521 καὶ
959 4468 1267 4537 ἐλεήμονος.
1297 4469 1791 4538 Μακροημερεύσοι

216 4571 244 4622 ὁ
272 4567 408 4628 Θεὸς
435 4564 655 4633 ὕψιστος
687 4563 917 4616 πάντοτε
940 4561 1040 4619 τὰς
1091 4560 1302 4629 ἡμέρας
1355 4561 1458 4628 τῆς
1513 4560 1786 4630 βασιλείας

216 4661 311 4713 τοῦ
345 4659 609 4730 μεγάλου,
660 4655 754 4710 τοῦ
810 4653 1182 4724 εὐεργετικοῦ,
1232 4651 1324 4706 τ)ὖ
1376 4654 1666 4723 φρονίμου,
1696 4656 1790 4709 τοῦ

1899 3295 2044 3366 quod
2071 3295 2288 3355 attinet,
2323 3291 2627 3348 honoriﬁce
2659 3292 2867 3360 legatos
2901 3292 3166 3356 suscepit,
3187 3287 3464 3355 etomnia,

1898 3401 2018 3455 quae
2049 3393 2299 3452 peterent
2335 3383 2624 3451 praestitit,
2682 3381 2993 3449 multasque
3041 3383 3106 3432 oh
3137 3380 3462 3449 legationem

1896 3479 1962 3531 ad
1992 3493 2050 3531 se
2076 3479 2292 3530 missam
2329 3476 2532 3545 gratias
2560 3473 2690 3542 egit.
2734 3473 2896 3542 756
2917 3471 3180 3526 Audierat
3222 3471 3366 3524 enim
3396 3471 3464 3525 de

1898 3571 2231 3637 imperatore
2273 3566 2523 3634 quadam
2558 3565 2809 3627 miriﬁca,
2842 3575 2898 3617 et
2923 3566 3041 3632 ejus
3071 3564 3324 3616 amicitias
3365 3577 3464 3615 ett-

1897 3658 2214 3728 pidissimus
2247 3665 2365 3710 erat
2393 3695 2407 3718 ,
2441 3655 2915 3723 patriarcbamque
2949 3655 3013 3706 ad
3056 3664 3296 3708 sanctam
3331 3653 3466 3706 ciri-

1899 3761 2064 3806 tatem
2095 3751 2316 3802 mittens
2341 3787 2355 3811 ,
2392 3746 2758 3800 Barbarorum
2795 3747 2904 3803 illic
2948 3745 3287 3815 magistratui
3325 3761 3462 3814 pne-

1897 3843 2043 3910 ccpit
2072 3881 2087 3905 ,
2136 3841 2477 3895 Gerasimuttt
2508 3839 2848 3907 expellerent
2874 3881 2888 3903 ,
2928 3837 3194 3892 Lazarum
3225 3837 3463 3906 patriar-

1898 3932 2055 3984 cbant
2089 3931 2428 3983 honorarent
2455 3967 2470 3990 ,
2508 3927 2753 3995 nihilque
2808 3927 2908 3989 illi,
2953 3929 3270 3994 episcopum
3304 3927 3466 3978 Cltri.

1898 4019 2204 4072 Stianorum
2243 4033 2340 4085 per
2366 4014 2708 4069 Palaestinam
2737 4014 2936 4082 agenti,
2970 4014 3338 4066 molestiarum
3379 4015 3462 4064 fa-

1899 4117 2202 4164 cesserent.
2233 4107 2315 4161 Ad
2351 4106 2467 4159 haec
2518 4105 2728 4158 litteras
2782 4106 2846 4158 ad
2889 4105 3278 4173 imperatorem
3312 4103 3461 4157 dedit

1899 4202 1954 4254 in
1991 4200 2108 4253 hmc
2143 4199 2305 4253 verba
2335 4216 2349 4251 :
2387 4199 2446 4252 In
2503 4197 2722 4250 nomine
2754 4197 2849 4251 Dei
2880 4197 3252 4251 misericordis
3277 4205 3331 4249 ct
3357 4198 3462 4248 nti-

1897 4293 2157 4348 scratoris
2213 4291 2348 4357 (εις).
2401 4291 2674 4344 Producat
2707 4288 2846 4340 Deus
2901 4288 3204 4344 altissimus
3246 4303 3463 4356 semper

1899 4385 2018 4438 dies
2047 4384 2286 4451 imperii,
2343 4381 2544 4449 magni,
2582 4379 2812 4434 beneﬁci
2837 4418 2850 4441 ,
2903 4378 3188 4448 prudentis
3213 4417 3229 4442 ,
3268 4377 3462 4438 leonis.

1898 4474 2079 4536 fortis,
2117 4472 2397 4526 bellatoris
2433 4469 2667 4534 strenui,
2714 4470 2884 4544 cujus]
2914 4477 3270 4536 conspectum
3321 4469 3464 4520 ferre

1895 4565 2238 4620 adversarius
2291 4577 2449 4616 nemo
2497 4571 2699 4633 potest,
2731 4559 3123 4629 sapientissimi
3152 4559 3203 4612 itt
3244 4559 3465 4627 religio-

1894 4675 1962 4713 ne
1987 4699 2000 4720 ,
2026 4656 2314 4722 iustissimi
2351 4655 2403 4708 in
2453 4656 2576 4708 loco
2620 4662 2674 4707 et
2704 4653 2923 4726 regione
2955 4667 3051 4707 sua
3072 4689 3088 4717 ,
3122 4651 3462 4706 fundamenti

1450 4771 1665 4830 Jacobi
1703 4772 1963 4833 Pontani
2000 4783 2186 4832 notas.

291 4877 408 4946 (97)
440 4873 674 4946 Sanctus
701 4872 1006 4942 Cyprianus
1052 4870 1398 4946 conlessores
1429 4870 1787 4946 vocatetiam

218 4941 340 5008 eos,
376 4941 472 5013 qui
507 4944 561 4997 itt
590 4941 864 5013 carcerem
903 4951 1124 5012 propter
1159 4942 1334 5013 ﬁdem
1365 4941 1608 5013 conjecti
1648 4952 1702 5013 et
1734 4942 1786 4996 in

219 5010 584 5085 quaestionem
637 5012 748 5064 dati
792 5010 938 5085 sunt,
980 5027 1107 5085 seu,
1159 5012 1252 5085 qui
1308 5010 1431 5063 ﬁdei
1467 5011 1790 5085 (_I_hristian_;c

219 5080 382 5139 causa
404 5085 518 5153 jam
548 5083 680 5153 dura
720 5093 776 5135 et
804 5082 1063 5153 crudelia“
1077 5081 1442 5153 pertulerunt.
1481 5080 1543 5132 Et
1572 5081 1787 5147 proprie

218 5172 349 5209 sane
378 5150 556 5219 {nam
589 5152 674 5204 isti
711 5168 899 5204 revera
928 5150 1258 5204 conﬁtentur
1296 5150 1573 5202 Christum
1604 5166 1786 5202 coram

221 5225 592 5277 hominibus:
650 5222 997 5287 confitentur,
1053 5219 1294 5286 inquam,
1347 5221 1537 5270 bonam
1589 5220 1790 5283 confes-

217 5299 419 5348 sionem
445 5309 623 5344 coram
653 5292 827 5343 multis
853 5291 1084 5350 testibus,
1113 5299 1169 5342 ut
1192 5289 1534 5353 Timotheus,
1565 5292 1652 5342 cui
1687 5293 1786 5343 hoc

221 5368 463 5430 elogium
500 5363 700 5415 Paulus
733 5363 943 5413 tribuit.

292 5428 406 5505 (98)
460 5433 635 5502 llujus
675 5433 918 5500 epistola:
964 5428 1312 5499 principium,
1362 5428 1414 5480 id
1461 5439 1566 5490 eSt,
1623 5429 1787 5493 tituli,

1891 4873 2093 4940 quibus
2153 4871 2594 4926 Cantacuzenum
2658 4872 3046 4940 imperatorem
3108 4869 3456 4931 cobonestat.

1893 4944 2075 5010 lingua
2127 4941 2312 4996 Graeca
2365 4941 2536 4995 veteri
2592 4942 2780 5008 scripti
2848 4951 2997 4999 sunt.
3054 4941 3261 5005 reliqua
3326 4950 3456 5010 tota,

1891 5009 2096 5079 lingua,
2127 5027 2286 5075 quam
2321 5027 2466 5063 nunc
2497 5011 2721 5079 vulgare
2751 5011 2997 5064 Cra-cunt
3027 5011 3323 5079 appellant.
3361 5009 3462 5060 Ita-

1893 5078 1999 5149 que
2031 5081 2213 5134 stttdio
2246 5081 2305 5131 Ι).
2337 5081 2497 5132 Marci
2538 5078 2743 5134 Vtélseri
2779 5081 3002 5140 factum,
3038 5089 3178 5131 utea
3209 5078 3462 5149 nobisah

1895 5147 2114 5204 homine
2148 5151 2435 5216 utriusque
2475 5150 2746 5203 sermonis
2775 5150 2968 5209 Graeci,
3019 5160 3073 5202 et
3122 5147 3460 5210 scholastici,

1895 5221 2134 5284 inquam,
2178 5229 2231 5270 et
2265 5220 2506 5287 vulgaris
2539 5220 2694 5285 [.et‘iti
2748 5220 2934 5271 Grtrco
2984 5234 3119 5284 puro
3169 5229 3298 5287 puto
3341 5219 3461 5267 red-

1895 5292 2133 5349 deretur,
2167 5306 2274 5356 quo
2301 5304 2415 5340 eant
2447 5302 2764 5340 convertere
2794 5288 2846 5340 in
2883 5290 3124 5340 Latinam
3154 5302 3458 5355 possemus.

1895 5359 1987 5412 list
2018 5370 2196 5413 autent
2225 5361 2423 5413 sultani
2457 5358 2668 5428 zligypti
2707 5359 3092 5412 Malttnnctani.

1474 5543 1690 5603 Jacobi
1721 5545 2002 5606 Gretseri
2040 5552 2224 5605 nota}.

222 5694 355 5732 cuca
386 5685 436 5729 et
462 5675 724 5727 obstinata
759 5675 1018 5726 dementia
1049 5681 1406 5743 permanentes
1433 5688 1536 5723 non
1560 5673 1780 5738 potuerit

221 5750 288 5800 ad
320 5755 460 5800 viam
500 5747 686 5798 salutis
734 5744 1011 5796 consilium
1059 5758 1296 5796 revocare
1333 5759 1350 5795 :
1398 5745 1570 5794 ca'teri
1609 5754 1782 5793 tamen

219 5819 298 5872 vel
325 5817 661 5882 simplicitate
689 5817 849 5882 capti,
887 5814 963 5866 vel
996 5828 1173 5866 ctzrore
1227 5814 1446 5875 inducti,
1492 5811 1570 5865 vel
1602 5813 1781 5878 ultr/aa.

1890 5671 2120 5738 {alletttis
2169 5671 2373 5722 astutia,
2405 5669 2696 5722 calliditate
2738 5670 2953 5736 decepti.
3017 5685 3045 5720 a
3103 5668 3330 5736 fallaciis
3369 5687 3459 5724 vos

1891 5743 2090 5808 laqueis
2142 5743 2342 5799 solvite,
2391 5752 2636 5804 t'aqantes
2672 5757 2874 5804 gressus
2928 5741 2988 5791 ab
3038 5743 3298 5792 erroribus
3333 5742 3461 5796 tibe-

1892 5822 2025 5874 rate,
2059 5813 2154 5861 iter
2197 5821 2386 5862 rectam
2418 5827 2507 5860 vta:
2545 5812 2758 5861 viales-tis
2791 5811 3070 5880 agnoscite.
