4226 6444
249 394 355 457 113

1384 403 1922 465 HISTORIARUM
1967 408 2195 471 LIBER
2234 415 2324 475 ιν.

3359 422 3461 487 illi

240 508 433 569 αὑτοῦ,
464 523 554 561 και
577 509 855 578 ώρέσιμεν
890 511 974 564 ἵνα
1006 512 1247 581 ἁκσυῑοῆ
1273 515 1298 564 6
1331 515 1619 579 λὸ-ίοςτο).
1646 518 1812 569 Πὶλιν
1841 517 1888 575 Α

1841 517 1888 575 Α
1920 524 2056 577 rium
2112 534 2417 592 cleremus,
2450 546 2556 598 quo
2594 534 2683 599 qui
2727 534 2777 585 iu
2809 534 3174 589 sanctissimis
3226 537 3482 593 Hieroso-

246 592 514 657 ἐζήτησεν
538 592 565 642 6
598 595 1029 661 ἁποκρισιάριος,
1064 597 1145 649 ὅτι
1177 599 1429 666 χάλασμα
1460 596 1525 667 ἦν
1583 602 1819 662 παλαιᾶς

245 681 542 744 ἐκκλησίας
569 685 649 744 εἷς
678 686 777 751 τὴν
809 691 1077 752 γειτονίαν
1108 689 1216 739 τῶν
1268 688 1552 757 Ῥωμαίων
1578 694 1605 744 ὁ
1667 692 1820 758 ἅγιος

247 772 541 843 ιἐώργιος,
569 776 633 827 vi
678 777 949 845 ὁρίσωμεν
975 779 1042 830 vi
1094 779 1310 848 κτισθῇ,
1367 782 1460 832 καὶ
1511 781 1821 850 ἠκούσαμεν

242 865 337 916 τὸν
368 866 523 933 λόγον
550 884 666 930 του,
699 870 791 921 καὶ
813 869 1210 939 ἔπληρώσαμέν
1238 889 1349 925 τον.
1372 873 1537 925 Πάλιν
1557 865 1821 942 ἐζήτησεν

243 951 404 1020 οὗτος
430 956 520 1010 τὸν
544 959 773 1028 ὁρισμόν
805 977 910 1029 μας
942 962 1032 1013 τὸν
1066 963 1221 1029 ἅγιον
1252 963 1316 1015 vi
1366 963 1549 1033 ὑπάγῃ
1603 966 1682 1028 εἰς
1721 966 1821 1035 τὴν

245 1048 412 1112 ἁγίαν
441 1048 759 1109 ἀνάστασιν,
787 1049 854 1102 vi
886 1053 1240 1121 προσκυνήσῃ
1292 1056 1387 1106 καὶ
1433 1056 1664 1118 ἐκεῖνος,
1729 1057 1821 1108 καὶ

243 1136 293 1187 οἱ
328 1137 705 1206 εὑρισκόμενοι
740 1140 855 1208 μετ’
886 1140 1093 1192 ἐκείνου
1121 1142 1227 1194 ἀπὸ
1254 1142 1355 1210 τῆς
1404 1142 1673 1209 βασιλείας
1704 1161 1817 1208 σου,

246 1229 341 1279 καὶ
372 1230 737 1298 ἠγαπήσαμεν
765 1233 818 1284 ετ
840 1249 893 1284 τι
921 1233 1213 1302 ὲζήτησες,
1274 1238 1370 1287 καὶ
1418 1236 1819 1304 ἐπληρώσαμέν

246 1333 331 1379 το,
366 1319 459 1370 καὶ
502 1320 716 1388 ἐγράφη
772 1321 1000 1390 ὁρισμὸς
1056 1322 1109 1375 ετ
1133 1340 1184 1375 τι
1233 1326 1341 1390 μᾶς
1395 1328 1765 1395 παρεκάλεσεν
1794 1331 1821 1381 6

244 1412 661 1478 inexptatipto;
693 1414 760 1464 vi
790 1414 1050 1485 πληρωθῇ
1083 1418 1159 1477 εἰς
1182 1417 1279 1484 τὴν
1310 1419 1470 1481 ἁγίαν
1499 1421 1839 1475 ἀνάστασινν

249 1507 354 1556 Καὶ
386 1505 461 1567 ὡς
490 1507 757 1575 ἐζήτησεν
782 1509 844 1562 vi
874 1511 1081 1582 ὑπάγῃ,
1112 1512 1393 1580 ἐδώκαμεν
1429 1514 1667 1582 ἄρχοντα
1702 1516 1819 1581 μετ’

244 1597 436 1656 αὐτοῦ,
468 1601 560 1650 καὶ
590 1599 869 1653 ἀπέσωσεν
890 1619 981 1655 τον
1011 1604 1145 1665 ἐκεῖ,
1178 1605 1268 1656 καὶ
1313 1606 1718 1673 προσεκύνησεν
1743 1606 1820 1668 ὡς

244 1686 431 1752 ἦοελε,
464 1689 554 1739 καὶ
584 1689 805 1758 ὲγύρισε
840 1691 957 1769 μετ’
981 1691 1353 1761 εὐχαριστίας.
1395 1694 1560 1746 Πάλιν
1617 1696 1815 1766 ἐζήτη-

247 1791 342 1827 σεν
370 1778 399 1828 6
424 1779 842 1848 ἀποκρισιάριος
866 1782 932 1835 vi
964 1783 1184 1853 γένηται
1208 1786 1432 1853 ὁρισμός
1464 1805 1567 1855 μας
1589 1790 1815 1857 ὑψηλὸς,

246 1868 311 1919 vi
346 1868 797 1934 φυλάσσωνταιοὶ
838 1872 1211 1943 εὑρισκόμενοι
1262 1877 1580 1945 Χριστιανοὶ
1612 1883 1691 1942 εἰς
1729 1882 1821 1932 τὸν
1856 1862 1895 1919 Β

244 1959 549 2025 ἁγιώτατον
574 1963 738 2014 τόπον
768 1965 876 2016 τῶν
935 1963 1345 2037 Ἱεροσολύμων,
1407 1974 1497 2023 καὶ
1525 1973 1591 2025 τὰ
1652 1991 1816 2041 μονα-

245 2050 469 2119 στήριι.
492 2054 582 2104 καὶ
611 2055 664 2106 αἱ
696 2056 1006 2126 ἐκκλησίαι,
1044 2059 1138 2110 καὶ
1192 2060 1257 2112 vi
1316 2062 1510 2131 ἔχωσιν
1570 2066 1816 2135 ἀγάπην,

246 2142 345 2195 καὶ
391 2143 738 2212 δεφένδευσιν
773 2148 1001 2202 ἀπδντὸν
1027 2151 1248 2221 ἁμηρᾶν
1297 2154 1387 2205 τὸν
1433 2156 1817 2225 εὑρισκνῐμενον

243 2236 383 2300 ἐκεῖ,
417 2238 511 2290 καὶ
537 2239 596 2290 οὐ
653 2240 812 2306 μόνον
858 2242 907 2293 οἱ
958 2246 1190 2307 τοπικοὶ,
1252 2245 1387 2298 ἀλλὰ
1425 2249 1519 2299 καὶ
1573 2250 1623 2299 οἱ
1678 2252 1818 2303 κατᾶ

242 2330 466 2397 καιροὺς
498 2330 892 2400 ἑρχόμενοιεῐς
939 2334 1039 2403 τὴν
1092 2337 1463 2408 προσκύνησιν
1516 2339 1614 2407 τῆς
1658 2342 1816 2409 ἁγίας

241 2423 615 2490 ἀναστάσεως,
682 2427 775 2480 καὶ
828 2428 877 2481 οἱ
935 2430 1074 2482 κατὰ
1149 2433 1370 2501 καιροὺς
1440 2433 1817 2505 εὑρισκᾶμενοι

240 2516 526 2570 δουλευταὶ
560 2519 1075 2590 Μουσουλμάνοιεὶς
1132 2522 1232 2592 τὴν
1289 2524 1451 2591 ἁγίαν
1496 2527 1812 2592 ἀνάστασιν,

242 2611 308 2662 vi
340 2595 509 2678 μηδὲν
536 2613 796 2683 ἀφήνουν,
829 2617 893 2667 vi
924 2616 1314 2683 καταφρονοῦν,
1352 2620 1444 2669 καὶ
1479 2619 1542 2670 vi
1572 2620 1813 2686 δέρνουν,

241 2701 337 2755 καὶ
363 2703 431 2755 vi
464 2704 679 2770 ὁχλοῦσι
728 2706 853 2767 τοὺς
906 2707 1045 2759 κατὰ
1104 2707 1292 2775 καιρὸν
1342 2710 1688 2779 ἐρχομένους,
1737 2712 1815 2773 εις

240 2794 300 2845 τὸ
326 2794 462 2845 αὐτὸ
500 2792 654 2860 ἅγιον
713 2795 1097 2865 προσκύνημα.
1130 2798 1162 2866 ἦ
1199 2799 1278 2858 εἰς
1331 2801 1456 2862 τοὺς
1519 2802 1773 2865 τοπικούς
1797 2819 1811 2833 ⁸

240 2884 380 2936 ἀλλὰ
416 2884 616 2951 μᾶλλον
650 2886 713 2937 vi
748 2886 967 2954 τιμῶσι,
1004 2888 1097 2941 καὶ
1125 2887 1190 2940 vi
1214 2889 1598 2958 ἁναδέχωντιιι,
1630 2896 1721 2945 καὶ
1750 2893 1815 2945 vi

244 2972 581 3040 κυϐερνῶσιν
632 2975 847 3038 αὐτούς.
888 2977 998 3029 Καὶ
1056 2964 1336 3047 ώρίσαμεν
1385 2982 1476 3033 καὶ
1524 2983 1812 3054 ἐπληρώθη

242 3065 577 3133 ὑψηλότατος
609 3067 830 3136 ὁρισμὸς
868 3066 954 3120 διὰ
979 3068 1045 3121 τὰ
1086 3068 1372 3138 ζητήματα
1433 3074 1570 3126 αὐτὰ
1603 3076 1681 3137 εἰς
1724 3077 1813 3127 τὸν

240 3158 407 3209 τόπον
445 3158 669 3214 ἐκεῖνον.
701 3159 868 3213 Πάλιν
912 3161 991 3223 εἰς
1023 3161 1084 3214 τὸ
1124 3163 1445 3231 ὲνεϐύμ.ιζεν
1478 3166 1510 3236 ἠ
1570 3166 1812 3235 βασιλεία

246 3265 339 3299 σου
375 3249 407 3317 ἡ
447 3249 657 3319 μεγάλη
686 3251 772 3303 διὰ
796 3253 893 3318 τὴν
924 3253 1179 3305 ὑπόθεσιν
1215 3255 1307 3307 τοῦ
1347 3258 1684 3326 πατριάρχου
1722 3259 1815 3312 τοῦ

242 3339 496 3407 Λαζάρου
531 3341 609 3391 ὅτι
642 3335 786 3409 εἶχεν
814 3343 1154 3397 ἀποστείλειν
1203 3346 1366 3399 αὑτὸν
1394 3349 1422 3400 6
1488 3351 1818 3420 ἡγιασμένος

245 3431 478 3482 σουλτὰν
529 3432 555 3482 6
589 3432 781 3501 Μελὴκ
831 3434 1044 3503 Νάσαρ.
1084 3435 1147 3489 ’0
1184 3438 1313 3499 θεὸς
1380 3443 1720 3509 συγχωρήσαι
1754 3442 1819 3495 τὰ

242 3522 488 3591 κρίματά
510 3540 602 3577 του
634 3524 836 3586 εἰςτὰς
888 3527 1098 3595 ἡμέρας
1147 3530 1243 3590 τὰς
1302 3530 1462 3597 ἁγίας
1520 3532 1706 3586 αὑτοῦ.
1748 3532 1807 3585 Ὀ

240 3613 660 3683 ἁποκρισιὰριοτ
686 3614 751 3667 vi
794 3615 962 3688 δείξῃ,
998 3618 1093 3670 καὶ
1150 3619 1215 3671 vi
1272 3620 1662 3693 πληροφορήσῃ
1720 3625 1817 3692 τὴν

248 3704 491 3774 μεγάλην
524 3703 796 3773 βασιλείαν
832 3722 927 3757 σου
955 3707 1044 3760 διὰ
1096 3707 1193 3776 τὴν
1258 3710 1510 3776 τοιαύτην
1562 3711 1817 3763 ὑπόθεσιν

242 3797 389 3856 ὅπως
414 3795 649 3862 ἐγένετο,
683 3799 777 3848 καὶ
829 3797 1197 3866 ἀπεπληρώθη
1225 3800 1411 3853 ἕνεκεν
1455 3801 1550 3853 τοῦ
1574 3802 1814 3855 τοιούτου

244 3886 879 3955 πατριάρχοσι,ἀπελύθη
918 3886 1047 3955 γοῦν
1085 3890 1313 3959 ὁρισμὸς
1370 3889 1568 3961 ὑψηλὸς
1618 3896 1697 3954 είς
1750 3892 1819 3945 τὰ

242 3974 373 4040 ἆγια
419 3975 789 4045 Ἰεροσόλυμα,
831 3976 897 4027 vi
964 3982 1267 4047 στέργωσιν
1326 3980 1415 4031 τὸν
1478 3982 1816 4051 πατριάρχην

241 4066 330 4115 civ
358 4064 631 4135 Λάζαρον,
702 4067 796 4119 καὶ
824 4068 887 4119 vi
933 4068 1023 4120 τὸν
1082 4070 1396 4136 φυλάσσωσι
1449 4072 1585 4123 καλὰ
1638 4074 1817 4136 καθὼς

240 4156 334 4207 καὶ
394 4156 521 4217 τοὺς
577 4155 767 4227 πρώην
819 4160 1195 4229 πατριάρχας,
1252 4162 1361 4213 Καὶ
1405 4161 1681 4231 ώρίσαμεν
1724 4164 1817 4216 καὶ

243 4246 471 4311 ἐγένετο
504 4248 537 4316 ή
573 4249 903 4309 κατάστασις
922 4248 1019 4301 τοῦ
1044 4251 1284 4302 τοιούτου
1324 4254 1681 4322 πατριάρχου,
1722 4255 1815 4307 καὶ

241 4339 527 4409 ἀπεστάλη
554 4340 647 4391 καὶ
672 4341 833 4404 αὐτὸς
866 4343 945 4403 εἰς
974 4342 1042 4393 τὰ
1092 4344 1221 4410 ἅγια
1272 4344 1623 4415 Ἱεροσόλυμα
1679 4349 1816 4415 μετὰ

238 4429 331 4480 τοῦ
355 4431 803 4499 ἀποκρισιαρεου.
853 4432 1019 4485 Πάλιν
1054 4434 1317 4502 ἐζήτησεν
1343 4437 1369 4486 6
1406 4429 1816 4508 ἀποκρισιάριος

1930 616 2081 683 ῌιιιω
2118 619 2249 671 locis
2288 620 2536 675 habitant
2565 622 2885 691 Christiani,
2917 625 3044 679 item
3073 630 3395 681 monasteria
3430 639 3486 683 et

1929 708 2172 763 ecclesia:
2201 726 2268 763 ne
2302 713 2654 777 violarentur,
2684 725 2739 767 et
2771 731 2865 781 per
2891 716 3215 769 charitatem
3255 717 3486 785 conjun-

1928 810 2207 866 gerentur,
2265 803 2354 869 qui
2405 803 2513 857 illic
2559 813 2642 856 est
2691 820 2883 857 amem
2930 806 3007 873 (~l)
3055 821 3153 859 seu
3205 808 3484 874 przefecto,

1928 891 2154 959 ejusque
2206 894 2407 947 auxilio
2444 894 2890 948 defenderentur.
2950 895 3061 948 Nec
3114 899 3288 949 solmn
3346 897 3487 950 indi-

1927 998 2116 1054 genas,
2146 984 2240 1038 sed
2262 993 2313 1037 et
2349 986 2437 1051 qui
2468 987 2737 1041 distinctis
2779 988 3115 1057 temporibus
3146 989 3212 1043 ad
3242 999 3486 1043 sanctam

1929 1076 2385 1129 resurrectionem
2437 1078 2766 1132 adoraudam
2821 1095 2885 1133 eo
2934 1080 3205 1144 venirent,
3258 1091 3314 1135 et
3347 1097 3487 1150 prte-

1926 1170 2082 1238 cipue
2112 1171 2200 1238 qui
2229 1171 2337 1225 illic
2371 1174 2618 1227 serviunt
2654 1173 3018 1229 Musuhuanos
3048 1176 3149 1245 (2).
3187 1192 3255 1230 ne
3284 1179 3490 1231 sineret

1926 1263 2184 1317 conviciis
2215 1264 2453 1318 lacerate
2499 1279 2561 1318 ac
2613 1265 2918 1330 verberare,
2950 1277 3044 1322 aut
3089 1268 3193 1321 ulla
3242 1269 3487 1322 molestia

1926 1351 2163 1416 allicere,
2201 1363 2311 1405 tum
2341 1368 2435 1407 eos
2482 1355 2574 1421 qui
2620 1365 2863 1408 sanctam
2912 1358 3283 1410 adorationem
3340 1367 3490 1411 certo

1930 1452 2173 1510 tempore
2208 1444 2528 1504 adveniunt,
2564 1456 2676 1498 tum
2713 1461 2808 1499 eos
2834 1447 2923 1515 qui
2958 1447 3007 1498 in
3046 1448 3165 1499 loco
3194 1448 3285 1502 illo
3327 1448 3482 1501 habi-

1928 1543 2078 1593 tant;
2107 1535 2199 1586 sed
2236 1536 2419 1603 potius
2452 1535 2505 1588 iu
2541 1537 2750 1590 honore
2800 1536 2921 1590 illos
2956 1538 3244 1600 haberent,
3287 1552 3489 1604 eosque

1926 1626 2290 1693 susciperent,
2342 1627 2647 1697 iisdemque
2703 1630 3096 1683 ministrarent.
3152 1630 3224 1682 Ita
3267 1630 3489 1683 manda-

1928 1726 2042 1770 tum
2074 1734 2101 1769 a
2136 1719 2314 1781 nob‘s,
2348 1730 2511 1788 prout
2551 1722 2862 1786 petebatur,
2904 1737 3069 1790 super
3106 1721 3196 1773 illo
3231 1723 3351 1773 loco
3405 1736 3491 1773 sa-

1926 1821 2265 1863 crosanctum
2323 1821 2405 1864 est
2462 1811 2691 1865 editum.
2736 1813 2889 1877 Quod
2949 1829 3078 1865 vero
3148 1821 3331 1880 postea
3392 1824 3492 1864 nos

1929 1900 2178 1969 nnjestas
2208 1910 2298 1954 tua
2334 1903 2398 1956 de
2426 1916 2590 1955 causa
2618 1903 2805 1956 Lazari
2831 1903 3156 1971 patriarcha:
3184 1903 3489 1965 admonuit,

1924 2008 2083 2059 quem
2115 2001 2318 2047 sanetae
2364 1995 2639 2047 memoriae
2675 1995 2921 2048 sultanus
2959 1995 3123 2048 hlelec
3154 1996 3329 2048 Nasar
3361 1996 3487 2048 dum

1924 2084 2128 2137 viveret
2157 2084 2446 2153 (propitius
2479 2086 2547 2139 sit
2572 2088 2805 2153 peccatis
2835 2088 2953 2156 ejus
2980 2086 3365 2155 Detts)'throno
3395 2088 3489 2140 de-

1925 2173 2083 2241 pulit,
2120 2176 2413 2243 uthgatus
2448 2177 2687 2241 docebit,
2727 2194 2789 2232 ac
2834 2180 3052 2247 plenam
3104 2179 3262 2231 fidem
3301 2180 3486 2237 faciet.

1924 2264 2197 2330 quomodo
2225 2279 2312 2317 res
2338 2274 2457 2317 acta
2485 2264 2555 2318 sit
2582 2275 2637 2319 et
2661 2281 2817 2333 quem
2852 2266 3011 2319 tinem
3055 2266 3328 2327 habuerit,
3358 2267 3485 2318 Inis-

1924 2371 2041 2409 sum
2083 2365 2168 2409 est
2198 2372 2227 2408 a
2273 2357 2432 2410 nobis
2468 2358 2786 2411 mandatum
2839 2357 3292 2427 Hierosolymam,
3324 2357 3489 2426 753

1926 2447 2268 2500 utLazarum
2307 2448 2671 2518 patriarcham
2726 2449 2961 2503 libenter
3005 2450 3294 2517 recipiant,
3326 2464 3485 2502 eum-

1925 2558 2031 2608 que
2070 2542 2219 2594 velut
2256 2552 2608 2611 antegressos
2653 2542 2993 2611 patriarchas
3026 2544 3354 2607 observent;
3392 2544 3485 2612 qui

1924 2635 2084 2687 etiam
2144 2634 2254 2700 ipse
2299 2650 2421 2688 cum
2492 2634 2668 2704 legato
2714 2633 3138 2703 Hierosolymam
3191 2634 3391 2688 missus
3434 2646 3489 2687 ct

1923 2725 2212 2779 restitutus
2244 2733 2347 2779 est.
2386 2727 2659 2778 Prteterea
2701 2734 2757 2777 et
2798 2726 2898 2777 hoc
2941 2724 3153 2792 legatus
3183 2732 3363 2776 vester
3393 2738 3488 2790 pe-

1923 2817 2091 2878 tebat,
2132 2816 2221 2883 qni
2273 2816 2645 2869 invenirentur
2692 2830 2755 2869 ex
2812 2815 3042 2882 imperio
3087 2812 3329 2865 Romano
3394 2829 3486 2865 ca-

1923 2907 2073 2975 ptivi,
2111 2907 2354 2960 libertate
2387 2922 2481 2960 eos
2536 2916 2592 2959 ut
2623 2905 3031 2960 donarem.Nos
3078 2916 3256 2958 autent
3304 2904 3381 2974 (rt
3434 2914 3489 2955 et

1924 2998 2065 3052 iStud
2094 3001 2345 3065 maiestas
2378 3010 2464 3051 tua
2504 2999 2737 3064 noverit)
2768 2998 2875 3066 jam
2910 2997 3115 3066 pridem
3165 2997 3216 3048 in
3260 2996 3487 3063 captivis

1924 3106 2125 3144 morem
2166 3091 2306 3143 hunc
2344 3090 2626 3152 habemus,
2655 3099 2713 3143 ut
2751 3104 2843 3142 eos
2876 3098 3247 3157 permutemus
3305 3096 3356 3138 et
3400 3086 3489 3137 di-

1924 3182 2221 3244 mittamus,
2258 3198 2393 3250 quos
2426 3198 2454 3234 a
2486 3182 2633 3235 vobis
2669 3181 2955 3243 habemus,
2991 3180 3338 3247 vicissimque
3370 3194 3484 3231 nia-

1920 3274 2087 3341 jesms
2118 3285 2228 3335 tua,
2262 3288 2396 3340 quos
2430 3289 2457 3326 a
2504 3274 2659 3327 nobis
2691 3273 2873 3326 habet.
2914 3273 3055 3336 Quin
3090 3273 3252 3323 etiam
3285 3270 3349 3323 de
3384 3271 3486 3322 hoe

1925 3365 2156 3418 consilio
2189 3365 2477 3418 certiorem
2537 3374 2588 3419 te
2639 3365 2755 3417 fieri
2786 3364 3068 3433 iussimus,
3123 3372 3178 3416 et
3220 3372 3486 3431 quotquot

1921 3454 2129 3524 legatus
2170 3454 2385 3524 petivit,
2413 3470 2506 3508 eos
2540 3456 2979 3515 manumisimus,
3012 3468 3150 3521 quos
3191 3462 3245 3505 et
3296 3467 3483 3505 secum

1919 3545 2164 3597 abduxit.
2200 3544 2468 3612 Apposuit
2502 3553 2557 3598 et
2601 3545 2703 3598 hoc
2734 3547 2940 3614 rogatis
2982 3544 3207 3613 legatus,
3245 3552 3305 3596 ut
3338 3556 3485 3594 mer-

1919 3634 2197 3689 eatoribus
2247 3635 2371 3687 inde
2426 3634 2535 3687 bue
2573 3634 2922 3687 venientibus
2981 3642 3096 3686 tuto
3157 3630 3501 3710 commorari

1921 3726 2093 3779 liceat.
2151 3725 2247 3779 Cui
2302 3741 2463 3779 aures
2514 3726 2867 3793 prtebuimus,
2927 3724 3307 3792 ediximusque
3378 3737 3479 3789 pu-

1920 3819 2076 3878 blice,
2144 3826 2201 3870 ut
2262 3818 2567 3887 huiusmodi
2630 3826 2958 3870 mercatores
3008 3815 3368 3870 admittuntur
3427 3822 3483 3865 et

1918 3911 2299 3971 defettdautur,
2337 3908 2791 3978 quemadmodum
2826 3908 3030 3975 legatus
3060 3911 3369 3974 rogaverat.
3392 3902 3483 3958 Sic

1918 4016 2038 4053 cum
2068 4003 2383 4070 gravissimo
2409 4000 2585 4053 edicto
2631 4012 2683 4053 et
2728 3998 3079 4067 responsione
3133 3996 3365 4063 legatum
3397 3995 3484 4048 di-

1918 4090 2184 4150 misimus,
2218 4100 2271 4142 et
2296 4089 2398 4143 hoc
2431 4099 2531 4142 tua:
2563 4088 2855 4157 maiestati,
2887 4098 2941 4142 ut
2977 4086 3348 4148 verissimum,
3389 4101 3485 4136 no-

1920 4188 2032 4232 tum
2063 4194 2180 4232 esse
2231 4180 2496 4244 cupimus.
2529 4180 2680 4242 Quod
2712 4181 2755 4231 si
2782 4179 2907 4246 quid
2935 4177 3078 4230 aliud
3102 4177 3355 4237 voluerit,
3386 4192 3480 4230 no-

1917 4268 2000 4322 bis
2044 4268 2262 4332 indicet,
2300 4277 2353 4321 et
2383 4268 2644 4320 voluntati
2683 4268 2800 4335 ejus
2834 4270 2966 4319 sat's
2992 4269 3251 4320 aciemus.
3290 4266 3397 4319 Nos
3431 4276 3483 4318 te

1917 4371 2037 4431 post
2068 4371 2213 4414 tuum
2256 4363 2308 4415 in
2342 4362 2552 4425 urbem,
2594 4361 2683 4414 Dei
2717 4368 2873 4422 nutu,
2903 4374 3025 4412 cum
3060 4362 3282 4411 robusta
3320 4375 3481 4412 manu

1919 4454 2249 4523 ingressum,
2275 4452 2540 4505 malorum
2575 4451 2669 4504 tibi
2693 4452 3053 4519 irrogatorum
3083 4450 3313 4504 oblitum
3341 4464 3481 4513 esse,

241 4523 331 4574 διὰ
400 4523 531 4585 τοὺς
578 4523 977 4592 αἰχμαλώτους,
1037 4527 1269 4591 οἵτινες
1326 4528 1669 4598 εὑρίσκονται
1710 4529 1893 4588 ἀπὺΒ

1811 4558 1816 4581 ι
1842 4529 1893 4588 D
1922 4544 2267 4614 imperatoris
2296 4543 2465 4597 ﬁlium
2503 4556 2876 4602 conservasse.
2908 4542 3143 4595 inimicis
3174 4541 3480 4594 ιιιὶδρτίουιό

238 4616 338 4679 τὴν
391 4612 579 4683 χώραν
635 4615 729 4682 τῆς
795 4613 1122 4683 Ῥωμανίας,
1192 4618 1277 4671 ἵνα
1365 4620 1817 4691 ὲλευθερώσωμεν

238 4704 460 4765 αὐτούς.
498 4699 604 4756 Καὶ
636 4707 799 4774 ἡμεῖς
833 4706 897 4758 vi
922 4709 1163 4778 γνωρίσῃ
1193 4711 1226 4778 ἠ
1272 4708 1515 4778 βασιλεία
1564 4728 1677 4775 σου,
1738 4715 1819 4765 ὅτι

238 4795 501 4865 τοιαύτην
534 4796 819 4865 συνήθειαν
837 4800 1069 4868 ἀρχαίαν
1100 4801 1316 4868 εῖχομεν
1334 4800 1420 4852 διὰ
1445 4801 1512 4854 τὰ
1541 4803 1819 4872 αἰχμάλωο

237 4904 326 4950 τα,
358 4890 447 4939 ετι
467 4888 532 4938 vi
560 4888 767 4953 γίνεται
796 4890 1230 4959 ἀνταλλαγὴ,καὶ
1254 4891 1318 4942 vi
1332 4892 1821 4964 ἀπολύωμενὴμεῖς

239 4980 297 5041 ἐξ
315 4973 391 5030 ὢν
412 4979 626 5047 ἔχομεν,
652 4980 746 5032 καὶ
774 4981 807 5048 ἠ
839 4979 1081 5049 βασιλεία
1106 4999 1198 5035 σου
1223 4984 1382 5037 πάλιν
1410 4986 1465 5049 ἐξ
1483 4978 1557 5037 ὧν
1586 4986 1699 5054 ἔχει
1731 4991 1805 5056 ip

238 5070 401 5138 ἡμῶν
438 5069 689 5122 σκλὰϐων
724 5071 791 5124 vi
824 5073 1015 5143 πέμπῃ
1050 5074 1185 5145 πρὸς
1224 5077 1392 5143 ἡμᾶς,
1429 5078 1577 5144 ὅμως
1607 5078 1815 5145 ὡρίσα-

244 5179 347 5229 μεν
410 5162 509 5214 καὶ
570 5162 888 5233 ἐπληρώθη,
960 5165 1053 5216 καὶ
1106 5165 1167 5219 τὸ
1219 5166 1440 5236 ζήτημα
1487 5166 1665 5232 τοῦτο,
1725 5172 1821 5223 καὶ

241 5252 702 5324 ἠλευθερώσαμεν
755 5255 915 5318 ὅσους
978 5255 1245 5327 ἐζήτησεν
1299 5258 1328 5309 ὁ
1380 5259 1820 5328 ἀποκρισιὰριος,

1916 4637 2061 4690 d;am
2083 4636 2338 4689 tribuisse
2360 4635 2593 4687 antehae
2618 4634 2991 4699 cognovimus.
3018 4630 3090 4684 Ex
3110 4648 3215 4699 quo
3236 4646 3480 4699 magnam

1920 4727 2167 4796 cepimus
2204 4726 2648 4788 delectationem,
2679 4734 2836 4792 teque
2863 4722 3388 4776 comncndavimus.
3426 4721 3481 4772 ld

1918 4823 2079 4873 modo
2154 4818 2327 4871 fusius
2382 4826 2438 4870 et
2502 4817 2700 4870 clarius
2739 4832 2767 4869 a
2819 4816 3118 4884 patriarcha
3176 4812 3380 4866 Lazaro
3427 4822 3483 4865 et

1918 4910 2176 4978 praefecto
2234 4908 2478 4961 Manuele
2536 4907 2844 4967 didicimus,
2903 4915 2961 4958 ut
3020 4908 3181 4959 etiam
3230 4905 3378 4967 illud,
3432 4916 3482 4957 te

1915 5002 2037 5055 data
2071 5002 2123 5052 in
2161 4999 2489 5053 matrimonii
2533 5000 2852 5051 societatem
2882 4997 3216 5051 adolescenti
3254 4996 3357 5047 ﬁlia
3390 5004 3480 5047 tua

1914 5104 1971 5147 et
1997 5107 2254 5162 generum
2303 5090 2395 5144 tibi
2423 5098 2478 5143 et
2534 5090 2699 5143 lilium
2746 5098 3074 5157 coeptasse;
3113 5088 3257 5141 unde
3316 5087 3480 5140 etiam

1919 5186 2053 5239 uber
2076 5199 2169 5236 ore
2202 5183 2399 5250 gaudio
2443 5181 2644 5247 perfusi
2705 5195 2912 5233 sumus.
2963 5180 3102 5232 Ileus
3155 5179 3346 5232 dilatet
3385 5190 3481 5229 cor

1922 5289 2071 5331 tuum
2123 5282 2287 5340 atque
2324 5268 2607 5340 imperitim
2652 5279 2827 5335 tuum,
2865 5286 2927 5324 ac
2974 5284 3070 5337 pro
3109 5283 3216 5321 uno
3259 5274 3480 5321 centum

1506 5414 1719 5474 Jacobi
1760 5411 2023 5473 Pontani
2062 5420 2245 5473 nota).

316 5532 395 5600 (I)
424 5531 544 5587 Vox
576 5531 806 5587 Arabica
835 5542 916 5586 est
965 5533 1156 5597 amira,
1184 5547 1278 5585 seu
1311 5532 1533 5593 amiras,
1560 5547 1806 5586 smnmus

284 5605 699 5672 refectus,rqua
745 5612 970 5655 utuntur
1016 5619 1157 5672 stepe
1207 5602 1468 5672 Zonaras,
1501 5602 1802 5661 Cedrenus.

246 5617 560 5723 ﬁrmemus,
596 5617 699 5669 qua
745 5617 970 5655 utuntur
1016 5619 1157 5672 saepe
1208 5617 1468 5663 Lonoras,
1501 5617 1802 5661 Leurenus.

300 5682 488 5724 neeum.
542 5671 682 5724 llinc
735 5672 1038 5725 Ameralius
1088 5671 1352 5726 vocabulo
1400 5672 1698 5738 composito
1739 5688 1809 5725 ex

250 5742 487 5795 Arabico
515 5750 568 5793 et
600 5741 809 5799 Graeco.
844 5742 1128 5807 pra-fectus
1166 5741 1352 5799 maris,
1389 5740 1805 5808 Θαλασσὶαρχος.

322 5810 399 5879 (2)
434 5808 803 5863 Ilusultuanos
828 5810 929 5865 dici
956 5828 1013 5865 se.
1044 5813 1229 5865 volunt
1256 5811 1620 5864 Mahumetani
1653 5820 1806 5864 recte

1912 5532 2221 5596 credentes,
2268 5540 2328 5585 ut
2376 5532 2647 5586 Arianicis
2699 5531 3033 5599 temporibus
3082 5531 3262 5582 cmteri
3308 5528 3472 5580 Chri-

1912 5604 2095 5666 stiani,
2158 5612 2427 5671 quotquot
2472 5603 2933 5657 abominabantur
2989 5615 3177 5671 eorum
3233 5601 3474 5659 furores,

1912 5668 2344 5724 orthodox'orum
2399 5687 2597 5724 nomen
2634 5672 3053 5739 profitebantur.
3088 5668 3472 5739 lucetvccivlt's.

1912 5742 2141 5806 Quidam
2161 5742 2466 5795 eonomine
2487 5738 2824 5794 ChriStianos
2851 5740 2916 5794 ad
2938 5738 3235 5792 Turcartuu
3262 5738 3476 5805 religio-

1912 5826 2034 5865 nem
2073 5821 2415 5865 transeuntes
2439 5809 2734 5880 accipiunt.
