4226 6444
246 368 347 432 ll'l

1395 373 1937 439 IIISTORlAIlUM
1982 378 2212 440 LIBER
2257 382 2352 443 IV.

3387 386 3488 449 113

240 477 546 548 πρεσϐεῦον
580 479 790 544 αἵρεσιν
823 481 1098 546 καθάπαξ.
1135 482 1224 547 οὓς
1277 487 1522 554 ἀνάγκην
1577 486 1688 556 ἔχει
1722 487 1810 540 θε-

1923 501 2099 559 potest
2153 493 2420 547 derivare.
2463 493 2616 559 Quod
2667 496 2709 551 si
2767 496 2852 550 liat
2884 535 2896 559 ,
2952 506 3057 550 tota
3095 495 3392 566 {Eg-uitus,
3425 511 3480 555 et

241 568 503 637 ραπεύειν
534 573 561 622 ὁ
601 571 826 624 σουλτὰν
858 573 1131 641 Αἰγύπτου
1161 616 1173 638 ,
1204 575 1291 627 διὰ
1340 580 1399 627 rb
1432 576 1687 629 δύνασθαι
1721 579 1810 630 τὸν

238 660 430 712 Νεῖλον
472 659 562 713 ἐπ’
608 661 776 733 ἄλλην
812 663 918 732 γῆν
956 666 1349 735 μετοχετεύειν.
1393 666 1460 721 ’Ὁ
1493 670 1541 720 εἰ
1577 672 1808 735 γένοιτο,

239 750 508 817 σύμπασα
538 752 706 821 ἄρδην
740 753 1034 820 Αἴγυπτος,
1072 759 1165 807 καὶ
1215 757 1246 823 ἡ
1302 755 1437 825 ἄλλη
1473 759 1642 826 Συριὰ
1675 761 1812 812 ἁπο-

236 839 458 892 λοῦνται
491 842 828 910 τρεφόμεναι
878 844 972 896 ὑπ’
1001 846 1214 899 ἐκείνου
1271 828 1590 918 ᾦι).οτίμως.
1640 850 1718 902 Δι’
1748 850 1816 921 ἣν

236 933 421 985 αἰτίαν
452 935 548 988 καὶ
571 933 693 988 τότε
741 935 791 987 οι
819 935 1088 1008 βάρϐαροι
1119 941 1232 1002 τοῖς
1263 939 1520 993 Ἰακώϐου
1557 941 1816 1010 αἰρεσιὼ-

234 1041 363 1088 ταις
421 1029 602 1096 μόνοις
636 1024 777 1097 ἦσαν
811 1031 1080 1100 εὐμενεῖς.
1115 1032 1241 1093 Τοῖς
1278 1032 1345 1087 δ’.
1375 1033 1556 1095 ἄλλοις
1610 1034 1816 1086 ἅπασιν

237 1113 418 1176 οὕτως
473 1117 810 1188 ἐπετέθησαν
841 1120 1103 1190 σφοδρῶς,
1141 1121 1217 1184 ὡς
1241 1123 1470 1186 πολλοὺς
1504 1125 1602 1192 μὲν
1626 1124 1701 1192 τῷ
1729 1124 1817 1177 διὰ

237 1207 543 1276 μαρτυρίου
593 1210 736 1263 τέλει
783 1213 1154 1280 παραπέμψαι
1202 1213 1476 1277 ποικίλαις
1504 1215 1592 1268 καὶ
1627 1215 1818 1284 διαφό-

237 1313 355 1365 ροις
387 1299 664 1352 κολάσεων
721 1301 908 1365 ἰδέαις,
941 1304 1043 1356 οὐκ
1084 1303 1298 1371 ὀλίγους
1345 1306 1399 1357 δὲ
1437 1308 1532 1359 καὶ
1582 1311 1682 1377 τῆς
1738 1309 1818 1370 εἰς

235 1391 479 1460 Χριστὸν
532 1395 840 1463 ἀποστῆσαι
906 1397 1168 1462 πίστεως,
1226 1399 1321 1451 καὶ
1377 1399 1479 1466 τῆς
1546 1400 1814 1468 σφετέρας

235 1487 425 1536 πεῖσαι
457 1484 678 1551 ἔχεσθαι
709 1487 1032 1556 θρησκείας,
1072 1488 1100 1539 ὃ
1153 1489 1246 1541 καὶ
1282 1490 1520 1558 μάλιστα
1561 1491 1817 1560 δακρύων

235 1573 413 1638 ἄξιον,
448 1575 562 1628 ὅσοι
587 1575 724 1645 δῆτα
763 1579 856 1629 καὶ
890 1579 1029 1645 μετᾶ
1059 1577 1161 1646 τῆς
1190 1578 1270 1640 εἰς
1318 1579 1553 1646 Χριστὸν
1581 1581 1820 1643 πίστεως

238 1666 620 1734 συναπήγοντο
659 1666 737 1736 τῷ
799 1668 1020 1736 πονηρῷ
1060 1669 1148 1721 διὰ
1187 1669 1295 1720 τῶν
1346 1670 1543 1737 ἔργων,
1598 1672 1692 1722 καὶ
1725 1672 1824 1739 τῆς

238 1756 419 1826 αὐτῆς
475 1759 668 1825 ἐκείνῳ
722 1759 952 1829 γεέννης
1004 1756 1142 1832 ἦσαν
1179 1760 1527 1829 κληρονόμοι.
1591 1764 1665 1814 Οὐ
1714 1763 1823 1832 γὰρ

1919 584 2068 651 Syria
2098 625 2110 647 ,
2168 600 2286 654 qua:
2323 585 2446 638 inde
2477 587 2679 640 :ilTatiiu
2731 590 2948 642 aluntur
2978 629 2990 650 ,
3049 588 3187 642 [ante
3240 591 3482 644 funditus
3520 636 3523 638 .

1923 673 2217 728 intereant.
2255 677 2365 730 Hac
2412 675 2476 729 de
2515 693 2677 730 causa
2710 688 2764 732 et
2815 690 2941 732 tunc
2977 679 3192 732 Barbari
3227 682 3358 733 solis
3405 681 3494 734 Ja-

1919 765 2116 818 cobitis
2149 777 2303 820 ciant
2343 769 2560 836 pr0pitii
2594 787 2606 822 :
2648 769 2884 838 reliquos
2918 769 3264 824 Christianos
3301 785 3494 825 omnes

1920 853 2001 908 sic
2030 858 2342 924 premebant
2374 900 2386 919 .
2420 871 2478 913 ut
2509 859 2816 928 complures
2871 861 3038 915 variis
3089 870 3486 916 tormentorum

1920 947 2210 1012 generibus
2245 951 2584 1006 excruciatos
2615 966 2644 1004 e
2669 951 2848 1005 medio
2885 950 3156 1015 tollerent,
3196 970 3304 1006 non
3351 971 3488 1023 pau-

1923 1052 2018 1093 cos
2055 1039 2220 1094 etiam
2279 1055 2307 1093 a
2342 1041 2445 1093 ﬁde
2494 1043 2545 1095 in
2591 1042 2872 1097 Christum
2907 1043 2970 1098 ad
3005 1059 3101 1097 sua
3137 1061 3160 1098 s
3199 1061 3287 1099 era
3337 1045 3496 1114 pelli-

1922 1137 2129 1182 cerent.
2183 1129 2414 1196 Dignum
2446 1144 2578 1183 sane
2628 1131 2878 1200 lacrymis
2906 1171 2920 1196 ,
2970 1131 3106 1184 adeo
3143 1131 3341 1184 inultos
3369 1147 3493 1184 cum

1925 1221 2028 1274 lidc
2085 1220 2287 1275 Christi
2347 1236 2444 1290 per
2499 1235 2663 1290 Opera
2701 1223 2765 1274 ad
2817 1223 3253 1277 cacodrcmonem
3301 1223 3498 1292 abripi,

1925 1322 1978 1366 et
2005 1313 2246 1380 ejusdem
2298 1314 2561 1383 gehennze
2613 1313 2930 1368 coha-redes
2980 1313 3056 1367 illi
3090 1314 3344 1368 evadere.
3382 1314 3499 1368 Non

1923 1402 2064 1454 enim
2095 1411 2210 1466 est,
2245 1417 2376 1460 non.
2412 1402 2628 1471 inquam
2688 1401 2761 1472 (p)
2793 1441 2806 1465 ,
2859 1410 2940 1455 est
2985 1402 3107 1455 vita:
3135 1404 3500 1472 integritatem

1927 1508 2050 1546 cum
2083 1508 2208 1545 vera
2242 1492 2346 1545 [ide
2395 1502 2697 1546 sectantem
2725 1531 2740 1556 ,
2797 1492 3096 1560 aliquando
3131 1493 3273 1544 circa
3316 1492 3498 1558 (idem,

1933 1582 2120 1636 divino
2147 1584 2349 1636 auxilio
2380 1583 2726 1646 destitutum,
2779 1583 3115 1652 naulragari.
3165 1581 3301 1634 Tum
3341 1582 3503 1652 igitur

1925 1683 1980 1728 et
2047 1673 2311 1728 Lazarum
2384 1674 2749 1743 patriarcham
2802 1674 2876 1742 (q)
2951 1673 3501 1742 comprehendentes,

1932 1765 2163 1832 primum
2193 1765 2411 1834 quidem
2445 1765 2722 1818 blanditiis
2761 1780 2884 1818 eum
2929 1767 3240 1834 captabant.
3277 1767 3504 1834 ejusque

236 1849 412 1914 ἔστιν,
449 1850 549 1903 οὐκ
598 1851 714 1904 ἔστι
763 1852 853 1904 τὸν
886 1851 1050 1921 ὀρθοὖ
1085 1851 1203 1920 βίου
1261 1853 1401 1919 μετὰ
1452 1853 1552 1920 τῆς
1588 1853 1822 1916 πίστεως

1932 1855 2182 1911 invictam
2240 1858 2604 1912 constantiam
2659 1857 3021 1914 labefactare.
3057 1867 3111 1911 et
3166 1873 3193 1910 a
3246 1859 3505 1927 religione

238 1940 528 2009 ἐχόμενον,
569 1941 882 2011 ναυαγῆσαι
936 1958 1068 1993 ποτε
1108 1942 1240 2011 περὶ
1297 1943 1396 2012 τὴν
1455 1943 1659 2005 πίστιν,
1725 1945 1827 2012 τῆς

240 2033 397 2102 παρὰ
424 2031 561 2086 Θεοῦ
614 2034 936 2104 ἐπικουρίας
969 2034 1180 2103 ἔρημον
1232 2036 1548 2102 γενόμενον.
1583 2035 1713 2089 Ὅτε
1763 2037 1826 2106 δὴ

240 2123 338 2177 καὶ
366 2124 620 2194 Λάζαρον
667 2125 762 2178 τὸν
807 2128 1153 2195 πατριάρχην
1197 2125 1574 2191 συλλαϐόντες,
1633 2127 1826 2195 πρῶτα

249 2216 351 2284 μὲν
385 2215 614 2274 πολλαῖς
654 2217 966 2286 ὑπήρχοντο
1025 2217 1306 2280 θωπείαις,
1365 2221 1462 2271 καὶ
1517 2220 1821 2290 παραλύειν

239 2307 335 2360 τὸν
388 2308 545 2362 τόνον
575 2310 897 2378 ὲπειρωντο,
937 2309 1031 2361 καὶ
1063 2309 1162 2378 τῆς
1199 2312 1278 2372 εἰς
1325 2310 1557 2379 Χριστὸν
1591 2313 1828 2378 ἁπάγειν

244 2402 492 2463 πίστεως
513 2417 529 2433 ⁸
572 2402 886 2470 νομίζοντες
916 2401 982 2455 ἂν
1011 2401 1198 2455 τοῦτον
1227 2402 1412 2466 ἕλωσι,
1447 2403 1655 2466 πάντας
1687 2405 1828 2456 bad-

245 2492 437 2557 ξεσθαι
473 2493 833 2564 Χριστιανοὺς
882 2495 1016 2562 πρὶς
1046 2495 1273 2563 ἄρνησιν
1309 2495 1506 2546 αὐτίκα
1557 2495 1651 2548 τοῦ
1695 2497 1828 2565 Χρι-

245 2586 399 2651 στοῦ,
421 2587 499 2657 τῷ
527 2587 774 2657 σφετέρῳ
803 2587 1079 2657 προστάτῃ
1101 2587 1198 2656 τῆς
1234 2586 1469 2648 πίστεως
1504 2589 1826 2655 ἑπομένους,

247 2683 344 2734 καὶ
381 2682 456 2751 μὴ
487 2680 1008 2749 ἀναγκασθήσεσθαι
1032 2679 1440 2732 ἀποκτιννύναι.
1477 2681 1692 2732 Μᾶλλον
1717 2681 1826 2749 γὰρ

247 2775 543 2846 ἠϐούλοντο
573 2776 1010 2845 μεταστήσαντες
1032 2774 1132 2843 τῆς
1161 2772 1400 2834 πίστεως
1426 2773 1634 2834 ζῶντας
1659 2772 1826 2840 ἔχειν,

1928 1949 2240 2002 Christiana
2275 1949 2590 2003 abstrahere
2637 1950 2952 2002 nitebantur
2981 1968 2994 2002 :
3025 1950 3237 2010 conlisi,
3279 1950 3321 2002 si
3361 1949 3506 2002 hunc

1933 2047 2363 2106 expugnassent,
2418 2037 2582 2106 760
2613 2036 2896 2090 universos
2933 2036 3113 2088 statim
3165 2035 3507 2089 Christianos

1925 2130 2084 2184 ducis
2117 2130 2198 2184 sui
2251 2129 2561 2196 exemplum
2611 2139 2899 2196 sequentes
2925 2167 2939 2189 ,
2976 2127 3043 2180 ad
3092 2127 3368 2180 Christum
3410 2141 3507 2180 nc-

1928 2221 2157 2289 gandum
2217 2224 2504 2273 adacturos
2547 2234 2560 2272 τ
2598 2234 2700 2272 nec
2755 2220 2819 2272 ad
2875 2232 2968 2271 eos
3010 2218 3326 2271 mactandos
3358 2233 3506 2269 com-

1936 2313 2145 2376 pulsum
2189 2312 2292 2374 iri,
2329 2312 2599 2380 siquidem
2655 2325 2751 2364 eos
2789 2325 2818 2362 a
2851 2309 3020 2363 sacris
3050 2311 3286 2378 ipsorum
3328 2310 3504 2362 dimo-

1940 2417 2048 2469 tos,
2086 2406 2285 2459 habere
2314 2403 2490 2467 vivos,
2525 2418 2684 2472 quam
2717 2402 2867 2456 nullo
2900 2417 3020 2455 cum
3055 2400 3229 2454 fructu
3258 2402 3508 2455 occidere

1929 2495 2224 2551 malebant.
2251 2493 2352 2548 Uhi
2382 2493 2624 2547 adulatio
2651 2493 2850 2547 [rustra
2884 2492 3006 2553 fuit,
3032 2492 3212 2545 omnia
3238 2491 3508 2557 siquidem

1928 2588 2017 2642 ille
2054 2587 2233 2656 potius
2271 2603 2368 2657 pro
2401 2585 2504 2639 lide
2532 2585 2838 2640 Christiana
2872 2586 3075 2654 perpeti
3111 2594 3330 2654 paratus
3357 2596 3481 2639 erat

1928 2679 2354 2747 rarnitieumque
2385 2679 2438 2730 in
2469 2693 2526 2732 se
2558 2693 2751 2731 manus
2777 2677 3124 2746 provocabat,
3158 2687 3211 2730 et
3231 2677 3482 2739 laniatus,

1929 2786 1992 2824 ac
2025 2773 2392 2825 membrorum
2426 2769 2786 2824 distorsiones
2819 2776 3079 2838 exoptare
3127 2767 3299 2840 magis
3348 2769 3506 2822 vide-

1485 2887 1702 2951 Jacobi
1743 2887 2020 2950 Gretseri
2057 2896 2244 2950 noue.

323 3019 403 3087 (p)
447 3017 766 3086 Signiﬁeare
814 3016 1030 3071 videtur
1079 3017 1514 3087 Cantacuzenus.
1556 3031 1678 3068 eum
1735 3015 1826 3084 qui

249 3086 425 3143 semel
468 3105 650 3142 veram
682 3089 842 3140 ﬁdem
875 3088 1104 3156 adeptus
1133 3099 1236 3148 est,
1272 3086 1501 3154 vita-que
1531 3096 1584 3138 et
1613 3103 1824 3138 morum

255 3161 529 3212 honestati
586 3169 642 3212 et
687 3157 946 3221 probitati
1005 3158 1208 3218 studet,
1267 3172 1372 3208 non
1421 3171 1578 3221 posse
1642 3171 1668 3207 a
1725 3156 1827 3209 lidc

255 3173 529 3212 honestati
586 3173 642 3212 et
728 3173 946 3210 rouitau
1005 3173 1208 3218 Studet,
1267 3173 1372 3208 non
1421 3173 1578 3221 posse
1642 3173 1668 3207 a
1725 3173 1827 3209 nuc

250 3229 530 3289 excidere,
563 3173 720 3296 quati1
737 3227 931 3294 dogma
961 3224 1165 3280 Calviui
1195 3235 1280 3281 est
1311 3225 1827 3296 ctCalviuistarum,

252 3299 407 3362 licet,
446 3308 504 3350 ut
531 3295 905 3350 consideranti
941 3296 1292 3349 manifestum
1330 3295 1455 3357 erit,
1496 3297 1658 3346 vt-rba
1691 3295 1832 3348 Cau-

255 3368 507 3420 tacuzeni
564 3367 617 3418 in
669 3367 870 3419 bonum
921 3381 1142 3419 sensum
1191 3366 1362 3432 accipi
1421 3364 1664 3431 possint;
1721 3381 1828 3418 non

253 3439 400 3490 enim
434 3451 766 3506 quemquam
801 3435 905 3489 lide
935 3444 990 3489 et
1035 3435 1303 3506 charitate
1339 3433 1830 3506 prwtlituiiidesti-

257 3507 332 3559 tui
403 3504 545 3560 Deus
592 3505 794 3558 auxilio
839 3505 1152 3557 necessario
1191 3505 1256 3556 ad
1296 3505 1420 3562 hoc,
1477 3513 1535 3554 ut
1584 3504 1741 3556 tidem
1780 3513 1833 3558 et

258 3578 587 3629 cbaritateui
623 3583 931 3635 conservet,
961 3574 1054 3627 sed
1082 3574 1127 3628 si
1159 3574 1381 3633 amittit,
1429 3573 1586 3641 culpa
1637 3582 1692 3626 et
1739 3589 1835 3627 ne-

261 3645 519 3714 gligentia
572 3659 670 3698 sua
732 3644 964 3714 amittit,
1033 3659 1141 3695 non
1194 3643 1410 3714 delectu
1481 3654 1530 3695 et
1605 3646 1832 3711 penuria

258 3713 502 3769 cretes-tis
531 3713 760 3767 subsidii
793 3714 858 3766 ad
901 3713 1374 3767 conservationem
1411 3717 1594 3780 gratia:
1644 3729 1833 3768 neces-

258 3785 414 3838 sarii.
477 3782 696 3837 Similes
749 3782 1033 3837 sententiae
1079 3792 1377 3835 occurrunt
1428 3782 1721 3850 aliquando
1777 3785 1832 3838 in

262 3855 617 3908 Monumentis
653 3852 896 3918 Patrum,
947 3866 1012 3904 ex
1064 3868 1294 3920 quorum
1338 3866 1566 3920 numero
1614 3864 1836 3908 sanctus

257 3924 565 3992 Cyprianus
606 3923 744 3992 libro
786 3922 858 3992 De
889 3919 1093 3974 unitate
1125 3921 1370 3974 Ecclesia:
1400 3919 1618 3992 :_t_\lemo
1666 3924 1837 3978 existi-

260 3990 364 4046 met
396 3994 556 4045 bonos
582 3994 642 4045 de
691 3991 920 4044 Ecclesia
953 4007 1098 4060 posse
1127 3993 1404 4044 discedere.
1436 3990 1680 4043 Triticum
1731 4009 1833 4046 non

261 4064 404 4131 rapit
459 4074 657 4126 ventus,
702 4078 791 4113 nec
831 4062 1070 4113 arborem
1123 4061 1291 4131 solida
1340 4060 1514 4112 radice
1559 4063 1834 4127 fundatam

261 4130 496 4202 procella
524 4133 795 4185 subvertit.
846 4131 1038 4183 Inaues
1071 4130 1237 4202 palea?
1284 4137 1587 4200 tempestate
1625 4132 1836 4198 jactan-

263 4201 372 4261 tur.
409 4201 656 4254 invalidi:
685 4201 896 4253 arbores
929 4202 1147 4252 turbinis
1178 4201 1469 4252 incursione
1510 4210 1830 4255 evertuntur.

266 4272 381 4325 Hoc
422 4272 550 4324 ideo
585 4270 738 4330 dicit,
769 4272 894 4338 quia
941 4287 1082 4338 stupe
1125 4270 1202 4330 ﬁt,
1257 4281 1313 4323 ut
1344 4273 1437 4338 qui
1488 4270 1542 4322 in
1601 4270 1832 4324 haeresin

266 4351 362 4393 aut
420 4341 581 4393 aliam
650 4339 988 4392 inﬁdelitatis
1042 4340 1274 4406 speciem
1324 4341 1605 4400 labuntur,
1679 4340 1832 4406 prius

263 4411 590 4463 sceleratam
623 4409 872 4475 vitiisque
898 4410 1320 4462 contaminatam
1351 4408 1829 4464 vitam‘duxerint:

263 4479 448 4550 Neque
492 4479 628 4531 enim
660 4479 774 4550 fieri
802 4487 983 4547 potest.
1022 4479 1198 4550 inquit
1247 4479 1633 4550 Damascenus,
1685 4478 1781 4531 lib.
1819 4495 1833 4532 t

266 4548 482 4611 Paral.,
516 4563 636 4616 cap.
699 4549 787 4608 12,
840 4557 895 4599 ut
943 4548 1222 4616 quisquam
1268 4549 1539 4601 hwreticus
1578 4549 1695 4613 fiat,
1736 4551 1836 4601 nisi

263 4623 410 4690 prius
447 4617 612 4690 velin
653 4617 839 4679 verbis,
875 4619 952 4690 uel
990 4619 1044 4690 in
1096 4617 1380 4690 actionibus
1427 4619 1658 4690 rationes
1715 4622 1835 4672 vitta

259 4687 375 4742 sua:
433 4687 570 4741 male
616 4689 954 4757 compararit.
1018 4687 1238 4739 Interim
1299 4697 1507 4740 certum
1561 4689 1833 4756 lixumque

266 4768 508 4821 suaneat,
535 4772 683 4819 eum,
727 4759 820 4824 qui
861 4770 989 4810 vere
1022 4765 1148 4819 stat,
1183 4771 1310 4808 vere
1359 4759 1572 4815 cadere.
1605 4767 1661 4810 et
1708 4774 1833 4811 eum

265 4829 362 4897 qui
416 4843 548 4881 vere
603 4829 822 4892 cecidit,
866 4826 1238 4897 vere‘iterum
1301 4841 1616 4897 resurgere,
1671 4837 1834 4894 atque

266 4893 408 4951 adeo
442 4911 574 4949 vere
596 4906 737 4950 stare
765 4912 943 4964 posse.
985 4893 1156 4958 Quam
1196 4895 1348 4947 multi
1379 4893 1529 4948 modo
1562 4893 1837 4950 luxurian-

268 4977 381 5030 tur,
451 4966 629 5034 inquit
681 4975 902 5019 sanctus
959 4965 1293 5033 Augustinus
1356 4975 1567 5020 tractat.
1628 4967 1729 5028 ἀεὶ,
1782 4969 1834 5019 in

265 5037 610 5099 Joan.,casti
646 5036 829 5102 futuri.
868 5036 1039 5098 Quam
1090 5035 1243 5086 multi
1291 5034 1652 5102 blasphemaut
1686 5036 1837 5088 Chri-

267 5123 434 5167 s'um,
466 5106 716 5157 credituri
739 5108 791 5157 in
808 5103 1104 5165 Christum;
1129 5120 1285 5170 qutun
1307 5106 1456 5156 nmlti
1477 5121 1531 5156 se
1552 5106 1836 5167 iuebriant,

271 5176 444 5241 f'uturi
478 5176 675 5239 sobrii;
702 5191 858 5243 quam
892 5174 1043 5226 multi
1078 5174 1292 5242 rapiunt
1320 5190 1398 5226 res
1422 5174 1644 5237 alienas,
1674 5175 1840 5226 dona-

271 5248 380 5298 turi
408 5261 553 5305 suas,
583 5253 686 5297 etc.
727 5245 857 5298 Item
891 5259 1047 5312 quam
1074 5243 1226 5296 multi
1251 5245 1389 5296 intus
1417 5243 1658 5307 laudant,
1696 5245 1838 5297 blas-

271 5318 608 5384 phematuri;
637 5315 768 5368 casti
809 5327 954 5376 sunt,
1008 5314 1356 5382 fornicaturi;
1400 5316 1558 5368 sobrii
1609 5326 1752 5379 sunt,
1785 5331 1840 5369 se

270 5386 391 5439 vino
417 5393 598 5455 postea
622 5385 877 5453 sepulturi
897 5401 915 5448 ;
943 5393 1106 5455 stant,
1137 5385 1327 5455 casuri.

349 5453 426 5525 (τι)
452 5455 543 5525 De
574 5469 794 5525 carcere
845 5454 1164 5521 czeterisque
1192 5453 1456 5525 molestiis
1479 5462 1531 5507 et
1559 5455 1838 5515 aerumnis.

272 5522 416 5593 quas
444 5523 683 5578 Lazarus
721 5524 821 5577 iste
852 5537 1138 5590 perpessus
1164 5535 1245 5576 est
1273 5538 1302 5593 a
1331 5522 1669 5586 Sarraccnis.
1704 5525 1839 5578 nihil

273 5592 428 5648 aliud
483 5595 659 5663 habeo
701 5595 906 5663 dicere.
949 5608 1113 5660 quam
1158 5592 1289 5663 il_lud
1336 5595 1509 5646 sancti
1557 5594 1837 5663 Cypriani,

275 5664 418 5717 libro
471 5661 549 5716 De
610 5665 814 5716 unitate
862 5661 1328 5716 Ecclesiw:Tales
1371 5661 1746 5732 (schismatici)
1797 5667 1842 5717 si

275 5736 432 5789 οιτἰεί
475 5739 530 5789 in
585 5733 902 5801 confessione
954 5733 1177 5785 nominis
1229 5733 1444 5799 fuerint,
1478 5733 1688 5785 macula
1740 5735 1841 5786 ista

278 5821 375 5860 nec
398 5807 654 5876 sanguine
692 5803 943 5856 abluitur.
995 5802 1336 5870 lnexpiabilis
1380 5813 1425 5856 et
1477 5805 1648 5871 gravis
1684 5804 1840 5872 culpa

1937 3014 2211 3069 discordia:
2258 3031 2351 3068 nec
2394 3014 2634 3085 passione
2665 3022 2949 3085 purgatur.
3005 3016 3137 3067 Esse
3174 3022 3515 3083 martyrum:

1936 3095 2122 3154 potest,
2163 3087 2251 3154 qui
2285 3086 2336 3137 in
2391 3084 2629 3138 Ecclesia
2665 3101 2766 3137 non
2817 3095 2914 3145 est,
2948 3086 3018 3136 ad
3069 3101 3188 3137 eum
3237 3089 3508 3149 pervenire

1938 3172 2038 3206 non
2080 3158 2291 3223 poterit.
2344 3155 2432 3221 qui
2469 3170 2583 3206 eam
2639 3171 2752 3220 qua:
2795 3165 3080 3224 regnatura
3133 3163 3229 3216 est,
3275 3155 3506 3208 derelinc

1934 3225 2064 3289 quit.
2129 3235 2236 3278 etc.
2297 3225 2554 3278 Exhibere
2608 3240 2661 3276 se
2698 3241 2801 3276 non
2858 3232 3027 3293 potest
3082 3233 3386 3292 martyrem,
3419 3226 3511 3291 qui

1935 3294 2229 3359 fraternam
2260 3311 2362 3346 non
2401 3297 2562 3347 tenuit
2595 3296 2928 3346 charitatem.
2985 3293 3141 3346 Docet
3175 3296 3268 3346 hoc
3301 3303 3348 3346 et
3385 3311 3512 3347 con-

1937 3371 2161 3415 testatur
2207 3362 2407 3417 Paulus
2457 3363 2726 3432 apostolus
2757 3364 2931 3417 dicens
2963 3380 2975 3392 '
3014 3383 3032 3413 ι
3076 3362 3144 3416 Et
3181 3365 3228 3416 si
3279 3365 3508 3416 habuero

1934 3432 2113 3497 ﬁdem,
2147 3435 2222 3485 ita
2255 3442 2308 3485 ut
2344 3445 2542 3486 montes
2577 3433 2919 3500 transferam.
2973 3433 3284 3486 charitatem
3332 3444 3507 3487 autent

1937 3518 2039 3552 non
2097 3504 2339 3562 habeam,
2397 3503 2529 3555 ni/nl
2556 3519 2691 3554 sum.
2731 3502 2796 3554 Et
2845 3505 2889 3555 si
2936 3505 2989 3555 in
3046 3503 3179 3554 cibos
3213 3520 3506 3570 pauperum

1934 3572 2247 3624 distribuero
2279 3574 2459 3625 omnia
2496 3589 2631 3629 mea.
2657 3583 2705 3624 et
2733 3574 2776 3624 si
2801 3573 3069 3626 tradidero
3101 3589 3286 3642 corpus
3312 3589 3503 3630 meum.

1936 3651 1992 3692 ut
2044 3643 2284 3705 ardeant,
2320 3645 2628 3695 charitatem
2685 3651 2864 3694 autem
2918 3659 3021 3695 non
3075 3644 3315 3706 habeam,
3375 3645 3509 3696 nihil

1936 3711 2225 3782 pro/icio._i
2267 3724 2374 3782 etc.
2414 3712 2543 3782 Cum
2581 3712 2683 3764 Deo
2723 3729 2931 3766 manere
2967 3730 3069 3765 non
3116 3724 3352 3782 possunt.
3381 3717 3506 3780 quia

1936 3794 2043 3832 esse
2072 3783 2124 3834 in
2168 3780 2400 3834 Ecclesia
2441 3780 2534 3833 Dei
2596 3782 2868 3835 unanimes
2920 3780 3234 3843 noluerunt;
3287 3785 3509 3834 ardeant

1938 3847 2056 3903 licet
2104 3854 2331 3920 ﬂammis
2383 3860 2432 3903 et
2490 3851 2695 3915 iqnibus
2730 3853 2911 3906 traditi
2961 3852 3042 3906 rel
3091 3853 3276 3916 obiecti
3331 3852 3508 3904 bestiis

1936 3922 2142 3973 animas
2171 3939 2295 3974 suas
2331 3931 2550 3990 ponant,
2618 3923 2846 3990 nouerit
2876 3921 2973 3974 illa
3006 3923 3129 3984 ﬁdei
3163 3934 3378 3980 corona,
3416 3937 3509 3972 nec

1938 3990 2196 4060 religiosa:
2228 3989 2437 4045 virtutis
2473 3991 2643 4043 exitus
2681 3989 2958 4059 gloriosus,
2988 3994 3078 4043 sed
3129 3991 3509 4060 desperationis

1937 4057 2204 4113 interitus.
2232 4061 2408 4112 Occidi
2437 4061 2556 4112 talis
2588 4057 2773 4130 potest,
2799 4062 3044 4114 coronari
3072 4077 3172 4112 non
3207 4057 3397 4130 potest.
3425 4057 3511 4112 Sic

1935 4143 1989 4179 se
2030 4130 2387 4183 Christianum
2431 4145 2538 4181 esse
2589 4128 2889 4196 profitetur.
2960 4133 3214 4200 quomodo
3269 4140 3316 4182 et
3361 4128 3511 4182 Chri-

1934 4208 2072 4250 stum
2112 4201 2347 4252 diabolus
2390 4215 2526 4265 stirpe
2580 4202 2850 4261 mentitur,
2882 4201 2993 4268 ipso
3028 4200 3250 4252 Domino
3294 4215 3512 4268 proauo-

1939 4278 2090 4320 nente
2141 4280 2188 4321 et
2221 4273 2419 4322 dicente
2469 4285 2540 4321 ει
2581 4270 2741 4322 Multi
2794 4273 2998 4323 venient
3047 4271 3098 4320 in
3146 4271 3350 4321 nomine
3399 4285 3510 4320 meo

1938 4340 2164 4391 dicentes
2197 4352 2215 4389 :
2254 4339 2362 4405 Ego
2400 4357 2512 4392 sum
2559 4339 2792 4392 Christus
2823 4381 2836 4400 ,
2883 4351 2929 4390 et
2985 4337 3173 4392 multos
3234 4337 3441 4404 fallent.
3486 4359 3504 4389 ι

1938 4406 2084 4459 Sicut
2125 4409 2212 4461 ille
2263 4408 2497 4462 Christus
2535 4425 2636 4461 non
2681 4420 2777 4469 est,
2811 4411 3041 4476 quamvis
3106 4407 3261 4475 f'allat
3298 4410 3350 4459 in
3412 4423 3510 4458 no-

1942 4480 2080 4530 mine
2120 4479 2286 4542 illius,
2324 4481 2400 4532 ita
2460 4495 2550 4530 nec
2606 4478 2940 4532 Christianus
2983 4479 3144 4532 uideri
3193 4485 3380 4541 pateat,
3422 4478 3509 4543 qui

1941 4563 2042 4599 non
2080 4563 2352 4614 permanet
2382 4553 2434 4601 in
2464 4547 2739 4616 Evangelii
2775 4550 2884 4615 ejus
2944 4560 2988 4600 et
3039 4547 3165 4612 fidei
3198 4548 3434 4616 veritate.

2009 4616 2242 4671 Sanctus
2282 4615 2747 4684 Augustiniisrlib.
2779 4634 2792 4670 ι
2822 4619 3020 4671 Contra
3067 4615 3508 4679 I’armeniannm,

1939 4701 2058 4754 cap.
2099 4688 2126 4740 7
2157 4705 2170 4742 :
2210 4689 2324 4741 Non
2354 4690 2586 4755 quisquis
2619 4688 2669 4738 in
2707 4687 2887 4752 aliqua
2939 4687 3206 4755 religionis
3229 4687 3511 4753 qua’stione

1939 4756 2095 4823 fuerit
2137 4761 2345 4820 punitus
2381 4761 2443 4808 ab
2483 4760 2795 4826 imperatore
2846 4757 3103 4822 (sultano)
3162 4765 3364 4822 martyr
3400 4755 3512 4826 effi-

1939 4827 2094 4888 citur,
2123 4843 2227 4881 etc.
2263 4829 2376 4881 Non
2409 4845 2528 4893 ergo
2562 4825 2626 4880 es:
2674 4829 2914 4888 passione
2967 4837 3109 4878 certa
3144 4836 3218 4878 est
3273 4825 3509 4892 justi'ia,

1939 4896 2028 4946 sed
2058 4914 2119 4949 ex
2142 4900 2351 4966 justitiu
2386 4900 2558 4964 passio
2588 4898 2820 4966 gloriosa
2846 4909 2957 4959 est;
2982 4897 3197 4962 ideoque
3233 4895 3509 4966 Dominus,

1942 4981 2005 5016 ne
2029 4963 2302 5032 quisquam
2335 4963 2391 5020 in
2417 4969 2513 5019 hac
2542 4963 2602 5019 re
2646 4966 2862 5018 nebulas
2907 4967 3193 5035 offunderet
3230 4963 3509 5030 imperitis,

1941 5044 1986 5085 et
2028 5037 2078 5088 in
2121 5038 2694 5090 suoruindanmatione
2720 5038 3026 5088 meritorum
3056 5035 3263 5086 laudem
3303 5047 3508 5100 qua-re-

1942 5115 2017 5156 ret
2072 5119 2390 5175 martyrum,
2445 5123 2544 5158 nou
2600 5106 2920 5175 generaliter
2983 5108 3060 5156 ait
3098 5120 3113 5155 :
3153 5120 3171 5175 ι
3219 5102 3372 5154 Beati
3423 5103 3512 5169 qui

1942 5174 2348 5240 persecutitiuem
2408 5174 2719 5246 patiuntur;
2767 5196 2784 5227 ι
2844 5177 2935 5228 sed
2985 5174 3186 5226 addidit
3261 5188 3509 5240 magnam

1942 5246 2311 5313 differentiam,
2347 5263 2446 5314 qua
2471 5264 2594 5300 vera
2622 5265 2652 5297 a
2679 5247 2952 5315 sacrilegio
2982 5247 3149 5312 pietas
3179 5250 3506 5315 secernatur.

1948 5318 2028 5366 Ait
2075 5318 2213 5367 enim
2259 5333 2276 5369 :
2339 5312 2366 5365 ‹“
2395 5316 2566 5375 Beati,
2611 5318 2699 5382 qui
2753 5312 3164 5384 persecutionem
3234 5312 3513 5384 patiuntur

1943 5387 2456 5454 propterjustitiam.
2489 5405 2505 5435 ι
2546 5386 2705 5438 Nullo
2748 5383 2902 5439 modo
2957 5393 3134 5454 autem
3190 5383 3511 5454 (patiuntur)

1943 5453 2155 5530 propter
2174 5453 2468 5530 justitiam,
2505 5456 2834 5530 qui_Chr_isti
2887 5453 3184 5530 Ecclesium
3223 5453 3511 5530 diviserunt

1946 5534 2022 5581 tut
2059 5529 2305 5578 iecerunt
2344 5525 2678 5578 schismatici
2727 5526 2947 5587 Graeci),
2986 5532 3033 5575 et
3082 5541 3197 5576 cum
3247 5539 3327 5580 ea,
3360 5525 3510 5585 quasi

1942 5596 2195 5647 simulata
2244 5596 2457 5663 justitia
2511 5605 2772 5646 canuntur
2828 5607 2952 5647 aute
3018 5603 3218 5660 tempus
3275 5610 3318 5663 αν
3353 5591 3509 5663 palea

1943 5665 2200 5733 separari,
2246 5661 2322 5716 ac
2356 5665 2618 5730 frumenta
2680 5666 2791 5733 ejus
2847 5665 3001 5731 falsis
3057 5661 3510 5733 criminationibus

1944 5729 2287 5796 insectantur,
2323 5729 2444 5786 dum
2494 5735 2592 5800 ipsi
2622 5735 2684 5787 ab
2701 5729 2771 5786 'ea
2821 5729 3010 5802 potius,
3051 5745 3303 5802 tanquam
3357 5729 3514 5781 levis-

1947 5809 2079 5857 sima
2106 5803 2282 5873 palea,
2307 5805 2467 5857 variis
2499 5821 2769 5858 rumorum
2791 5807 2999 5876 flatibus
3030 5807 3262 5859 scnarati
3294 5810 3437 5854 sunt.
