4226 6444
763 435 861 498 127

1944 435 2264 497 JOANNIS
2294 436 2823 498 CANTACUZENI

3915 436 4025 500 128

763 548 1034 615 perisset,
1090 554 1410 613 terreretque
1470 544 1793 600 auctoritate
1853 561 1951 601 sua
1992 548 2432 618 prcesidium,A‘

2359 548 2403 608 Α
2430 548 2614 618 κρύφα
2647 547 2947 618 διαλεχθεὶς
2992 547 3120 616 περὶ
3164 545 3253 600 τοῦ
3290 547 3707 618 πεπραγμένον,
3744 548 3837 599 καὶ
3892 567 4028 600 συν-

758 650 944 706 aperte
1000 654 1058 692 se
1100 655 1128 692 a
1178 638 1472 706 l‘alasologo
1543 648 1598 691 et
1648 638 1850 692 Zelotis
1897 638 2157 707 seiunxit.
2223 638 2327 692 Pa-

767 731 1024 799 lmnlogus
1074 732 1218 783 cives
1245 730 1297 783 in
1343 747 1401 785 se
1439 731 1815 799 conspirantes
1858 730 2324 795 animadvertens,

758 821 919 891 765
954 821 1379 889 parathalassios
1409 823 1481 880 (id
1512 822 1683 875 estad
1719 837 1890 886 mare,
1919 837 2014 876 seu
2047 822 2102 875 in
2146 824 2327 877 littore

761 913 1095 983 habitantes)
1123 925 1180 966 ut
1224 915 1387 968 etiam
1418 923 1566 976 ante,
1606 913 1915 983 occupavit,
1956 924 2009 969 et
2056 930 2203 968 arma
2245 930 2327 969 ca-

760 1023 887 1076 pere
926 1008 1111 1076 jussit,
1149 1019 1335 1063 contra
1385 1009 1818 1076 protoscbastmn
1880 1008 2124 1076 aliosque
2178 1008 2326 1062 cives

758 1116 815 1151 se
861 1099 1190 1153 defensurus
1249 1100 1516 1154 videlicet.
1581 1101 1681 1165 Qui
1733 1115 1795 1155 ex
1857 1103 2133 1170 praeterito
2196 1116 2325 1155 casu

760 1190 883 1243 laeti
918 1192 1214 1251 cautiores,
1248 1206 1355 1243 non
1382 1192 1489 1258 jam
1520 1193 1631 1244 otio
1678 1199 1731 1244 et
1774 1191 2108 1245 cunctationi
2144 1190 2327 1244 indul-

759 1282 981 1347 gebant,
1020 1281 1113 1333 sed
1166 1282 1327 1333 simul
1380 1297 1444 1335 ac
1480 1298 1602 1335 eum
1648 1291 1940 1335 senserunt
1988 1291 2149 1334 noctu
2204 1298 2325 1335 cum

758 1372 1167 1439 parathalassiis
1200 1376 1251 1427 in
1278 1377 1444 1427 armis
1474 1392 1614 1439 esse,
1644 1392 1754 1429 non
1780 1384 2085 1445 exspectata
2119 1376 2238 1428 luce
2273 1376 2326 1429 in

760 1464 910 1517 illum
960 1465 1299 1531 invaserunt,
1360 1467 1563 1520 victum
1620 1468 1753 1521 urbe
1810 1468 2157 1537 pepulerunt.
2198 1468 2326 1537 Ejus

759 1564 812 1608 et
868 1559 1387 1621 parathalassiorum
1432 1560 1625 1613 domos
1680 1560 1915 1629 populus
1970 1560 2217 1628 diripuit.
2272 1562 2326 1613 in

760 1662 941 1714 pugna
1005 1657 1187 1701 tamen
1243 1665 1435 1703 eorum
1497 1666 1657 1703 nemo
1714 1651 1929 1703 cecidit.
1996 1651 2327 1720 Palmologus

760 1738 1049 1792 confestim
1108 1741 1275 1792 rebus
1336 1741 1452 1793 suis
1506 1740 1729 1801 diﬂisus,
1786 1741 1851 1794 ad
1908 1739 2143 1802 Cralcm,
2203 1741 2326 1794 inde

762 1839 950 1897 postea
1012 1831 1078 1882 ad
1136 1840 1385 1884 sanctum
1432 1843 1673 1885 montem
1722 1833 1862 1886 Atho
1915 1833 2083 1886 venit.
2129 1831 2327 1885 Zelota:

2437 637 2876 705 ἀγανακτοῦντας
2903 637 3109 699 πάντας
3126 636 3398 705 εὑρηκὼς,
3432 638 3570 707 ἔχων
3597 640 3693 690 καὶ
3722 638 3821 705 τὴν
3852 655 4027 706 στρα-

2435 733 2557 785 τιὰν
2591 730 2738 800 αὑτῷ
2797 732 3192 801 προσέχουσαν,
3245 730 3503 801 διηνέχθη
3566 732 3815 799 φανεριτις
3873 732 4023 799 πρὶς

2437 821 2803 888 Παλαιολόγον
2837 822 2930 873 καὶ
2992 823 3121 884 τοὺς
3180 822 3458 890 Ζηλωτάς.
3530 822 3900 889 Παλαιολὸγος
3961 821 4025 873 δὲ

2434 914 2577 980 δρῶν
2606 915 2690 966 ἐπ’
2728 911 2892 965 αὑτὸν
2941 914 3371 981 συνισταμένους
3405 916 3533 975 τοὺς
3585 913 3831 975 πολίτας,
3890 915 4027 975 τοῦς

2435 1004 2909 1074 παραθαλασσίους
2959 1004 3391 1074 κατελάμϐανεν,
3443 1005 3631 1076 ὥσπερ
3664 1004 3759 1057 καὶ
3788 1005 3845 1056 τὸ
3878 1006 4021 1075 1:96-

2434 1112 2614 1165 τερον,
2658 1095 2751 1147 καὶ
2808 1094 2945 1163 πρὸς
3022 1094 3161 1147 ὅπλα
3219 1096 3437 1147 ἐκέλευε
3493 1079 3713 1165 χωρεῖνξ
3746 1096 3821 1158 ὡς
3864 1114 4024 1163 πρω-

2436 1187 2755 1257 τοσεὸαστῷ
2790 1203 2846 1237 τε
2885 1186 2978 1237 καὶ
3024 1187 3135 1250 τοῖς
3171 1187 3353 1250 ἄλλοις
3408 1188 4025 1256 ἀντικαταστησὸμενος

2445 1274 2716 1336 πολίταις.
2768 1275 2999 1327 Ἐκεῖνοι
3030 1274 3085 1326 δὲ
3129 1275 3192 1328 lx
3240 1275 3349 1327 τῶν
3385 1275 3669 1342 προτέρων
3721 1274 3788 1325 τὰ
3826 1273 4025 1324 δέοντα

2434 1365 2828 1434 δεδιδαγμένοι,
2868 1366 2928 1418 οὐ
2971 1366 3108 1433 πρὸς
3142 1366 3399 1434 ἀσχολίας
3430 1366 3729 1435 ἐτράποντο
3762 1366 3857 1417 καὶ
3890 1365 4027 1435 μέλ-

2436 1457 2612 1527 λησιν’
2650 1456 2767 1509 ἀλλ’
2807 1457 2923 1525 ἅμα
2951 1474 3007 1509 τε
3036 1457 3338 1526 ᾐσθάνοντο
3361 1457 3502 1526 μετά
3530 1458 3639 1508 τῶν
3665 1456 4026 1524 παραθαλασ-

2438 1549 2567 1601 σίων
2605 1548 2956 1616 ὁπλιζόμενον
3006 1549 3220 1610 νυκτὸς,
3278 1549 3372 1600 καὶ
3422 1548 3577 1601 αὐτοὶ
3630 1548 3911 1617 ἐπῄεσαν,
3942 1547 4027 1617 μὴ

2436 1640 2853 1708 περιμείναντες
2877 1641 2973 1709 τὴν
3004 1640 3240 1710 ἡμέραν,
3266 1640 3359 1692 καὶ
3386 1642 3827 1709 περιγενόμενοι,
3859 1639 4028 1703 ἐξέω-

2436 1747 2533 1782 σαν
2578 1731 2677 1800 τῆς
2711 1731 2919 1793 πόλεως
2942 1746 2954 1759 ·
2990 1733 3091 1801 τήν
3126 1749 3184 1784 τε
3237 1733 3415 1784 οἰκίαν
3452 1732 3663 1784 ἐκείνου
3707 1733 4023 1801 διήρπασεν

2433 1824 2461 1875 ὁ
2492 1822 2660 1891 δῆμος
2690 1824 2784 1875 καὶ
2819 1823 2915 1885 τὰς
2954 1823 3447 1893 παραθαλασσίων,
3487 1825 3722 1878 ἀπέθανε
3754 1825 3810 1877 δὲ
3840 1824 4025 1885 οὐδεὶς

760 1937 882 1974 cum
912 1921 1171 1991 populum
1209 1923 1443 1991 amplius
1478 1924 1760 1978 concitare
1792 1940 1896 1977 nou
1939 1934 2189 1992 possent,
2231 1940 2332 1978 nec
2366 1905 2407 1959 Β

2366 1905 2407 1959 Β
2438 1912 2578 1965 κατὰ
2600 1912 2699 1979 τὴν
2723 1913 2921 1980 μάχην.
2959 1912 3021 1963 '0
3051 1912 3150 1980 μὲν
3180 1911 3273 1965 οὖν
3298 1913 3660 1978 Παλαιολὸγος
3694 1912 3853 1973 εὐθὺς
3884 1909 4025 1979 πρὸς

761 2012 986 2066 divitum
1028 2015 1172 2067 :edes
1227 2015 1487 2084 diripere,
1542 2015 1751 2082 abjecta
1804 2031 2065 2084 persona,
2113 2033 2215 2085 qua
2273 2033 2332 2071 se

763 2121 862 2174 pro
896 2104 1116 2173 juniore
1150 2106 1484 2173 imperatore
1518 2106 1848 2159 contendere
1888 2106 2241 2172 simulabant,
2272 2116 2331 2159 ut

763 2190 957 2243 civitas
1023 2189 1282 2244 Triballis
1335 2193 1695 2260 proderetur,
1749 2192 2084 2246 laborarunt.
2146 2193 2331 2250 Crales

760 2282 903 2335 enim
937 2282 1006 2335 ob
1053 2280 1104 2334 id
1138 2284 1394 2351 grandem
1433 2284 1720 2351 pecuniam
1771 2284 2110 2347 eﬂundebat,
2168 2304 2331 2355 gran-

764 2373 971 2426 diorem
1005 2374 1361 2442 promittebat
1397 2390 1411 2427 ι
1446 2376 1632 2433 homo,
1666 2376 1757 2443 qui
1806 2378 1969 2430 etiam
2015 2378 2215 2445 alioqui
2264 2394 2330 2433 ex

764 2464 1151 2534 largitionibus
1214 2466 1407 2519 laruam
1478 2478 1863 2536 aneuparetur.
1928 2468 2124 2523 Verum
2194 2470 2329 2524 nihil

762 2565 902 2620 erat,
960 2557 1103 2624 quod
1158 2558 1206 2611 ei
1256 2575 1369 2626 pra:
1418 2558 1807 2614 Thessalonica
1862 2575 1969 2613 non
2030 2563 2326 2617 sorderet:

763 2665 927 2717 quam
965 2650 1006 2703 si
1045 2662 1389 2717 occupasset,
1416 2651 1717 2722 impensam
1755 2669 1813 2707 se
1853 2652 2202 2717 reiecturum,
2231 2672 2330 2710 nec

764 2740 1018 2808 pusillam
1082 2739 1310 2793 Romani
1383 2742 1595 2811 imperii
1654 2754 1858 2811 partem
1920 2754 2028 2797 tam
2094 2748 2327 2815 spatiosa

766 2832 900 2884 urbe
934 2832 1000 2885 ad
1046 2842 1271 2886 caeteras
1295 2835 1405 2903 jam
1440 2845 1566 2887 ante
1617 2846 1912 2904 occupatas
1943 2840 2195 2906 adjuncta
2234 2841 2328 2891 ba-

764 2922 1007 2976 liiturum
1057 2924 1285 2978 sciebat.
1336 2925 1523 2994 Itaque
1564 2926 1801 2995 profusis
1850 2928 2237 2983 donationibus
2277 2938 2331 2983 et

765 3012 1007 3078 Zelotas,
1052 3023 1105 3066 et
1141 3031 1236 3083 per
1276 3016 1395 3069 illos
1436 3035 1541 3071 non
1590 3034 1789 3086 paucos
1824 3020 1971 3074 cives
2021 3021 2088 3074 ad
2135 3038 2191 3075 se
2222 3032 2331 3075 tra-

763 3106 936 3171 duxit,
963 3118 1019 3158 ut
1057 3107 1221 3159 etiam
1256 3109 1429 3175 palam
1470 3109 1784 3176 allirmarct,
1818 3112 1966 3180 juste
2012 3129 2073 3166 ac
2139 3116 2331 3167 merito

763 3199 830 3252 ad
864 3213 923 3251 se
965 3199 1208 3264 transiri,
1247 3202 1337 3269 qui
1377 3202 1594 3268 quando
1624 3211 1790 3257 totam
1821 3206 2154 3273 provinciam
2186 3207 2328 3261 obti-

764 3299 942 3356 neret,
976 3292 1164 3346 urbem
1198 3293 1470 3360 obsidere,
1502 3305 1556 3347 et
1588 3296 1909 3350 detrimenta
1940 3298 2137 3353 inl‘erre
2171 3317 2330 3369 quam

764 3386 1083 3444 gravissima
1119 3396 1319 3454 posset.
1358 3400 1411 3439 et
1447 3387 1489 3440 si
1542 3404 1600 3442 se
1632 3389 1917 3456 dederent,
1951 3391 2055 3444 illis
2090 3409 2327 3445 commo-

766 3484 900 3529 uare
960 3478 1147 3530 vellet.
1206 3478 1417 3543 Quibus
1481 3481 1854 3534 conditionem
1915 3483 2329 3551 rejicientibus,

769 3568 958 3619 urbem
997 3568 1165 3623 cinxit
1218 3580 1381 3639 atque
1412 3570 1648 3625 obsedit.
1679 3570 1833 3636 Quod
1866 3588 1987 3626 cum
2022 3576 2335 3642 protoseba-

762 3667 881 3713 stus
916 3671 971 3713 et
1019 3660 1165 3715 cives
1204 3660 1576 3717 Romanorum
1624 3664 1852 3719 studiosi
1894 3676 2200 3732 cernerent,
2233 3684 2330 3722 ne-

762 3768 871 3819 que
905 3754 1271 3822 proditoribus
1301 3756 1599 3825 prazvalere
1634 3766 1906 3826 poterant,
1949 3767 2167 3828 propter
2196 3761 2328 3825 vim,

764 3859 884 3909 qua:
951 3844 1083 3900 loris
1150 3849 1385 3901 instabat
1439 3848 1582 3918 (cum
1638 3850 1938 3915 pt‘mScrtim
1997 3860 2050 3903 et
2101 3852 2332 3919 populus

766 3935 1107 3990 obsidionem
1169 3955 1329 4005 aegre.
1369 3938 1571 4003 ferens,
1627 3940 1881 3994 Triballis
1940 3943 2152 4008 subjici,
2216 3943 2330 3998 fore

764 4028 926 4083 malis
974 4028 1192 4083 liberari
1229 4034 1486 4099 putaret),
1524 4047 1700 4099 neque
1737 4041 1843 4085 tam
1877 4034 2108 4101 amplam
2141 4035 2328 4087 urbem

766 4121 1029 4176 Romanis
1060 4123 1217 4192 eripi,
1253 4134 1306 4178 et
1348 4140 1407 4179 sc
1460 4125 1711 4179 Barbaris
1762 4127 2079 4179 servitutem
2125 4128 2331 4182 servire

762 4216 934 4282 aequis
962 4214 1157 4268 animis
1181 4217 1549 4285 patiebantur.
1575 4218 1917 4288 Quapropter
1948 4220 2326 4289 imperatorem

764 4304 1148 4369 obsecrabant,
1211 4320 1279 4358 ne
1328 4307 1407 4358 sui
1469 4313 1613 4361 esset
1663 4309 1969 4373 immemor,
2023 4312 2116 4364 sed
2166 4328 2327 4378 quam

764 4395 1030 4448 citissime
1081 4412 1234 4464 opem
1288 4398 1470 4451 ferret.
1510 4400 1639 4452 Nam
1689 4400 1731 4452 si
1782 4410 2102 4461 moraretur,
2139 4404 2325 4455 urbem

768 4485 955 4552 paucis
1004 4486 1199 4539 diebus
1249 4488 1301 4540 in
1358 4489 1594 4541 hostium
1653 4499 1970 4557 potestatem
2021 4502 2326 4544 venturam.

2441 2007 2620 2058 πᾶσαν
2674 2006 2871 2072 πεῖραν
2926 2003 3201 2069 ἀπειπὼν,
3255 2006 3377 2056 ἐπεὶ
3410 2004 3736 2073 ἐξηλαύνετο
3784 2004 3883 2075 τῆς
3919 2004 4023 2056 πά-

2437 2097 2594 2163 λεως,
2631 2097 2769 2166 πρὸς
2800 2097 3024 2165 Κράλην
3062 2093 3245 2167 ἦλθεν·
3282 2096 3473 2149 ἔπειτα
3513 2098 3719 2148 ἐκεῖθεν
3752 2096 3833 2157 είς
3869 2092 4024 2145 Ἀθω

2436 2190 2529 2243 τὸν
2562 2191 2725 2258 ἱερόν.
2756 2190 2817 2242 Οἱ
2853 2189 3102 2259 Ζηλωταὶ
3128 2189 3184 2242 δὲ
3217 2190 3339 2242 ἐπεὶ
3368 2188 3460 2241 τὸν
3497 2189 3667 2257 δῆμον
3699 2188 3855 2255 ἀγειν
3888 2185 4023 2251 ἡδύ-

2438 2301 2599 2337 ναντο
2627 2283 2833 2346 οὐκέτι,
2868 2282 2989 2334 οὐδὲ
3026 2281 3348 2351 διαρπάζειν
3375 2282 3474 2344 τὰς
3515 2282 3692 2343 οἰκίας
3726 2280 3832 2333 τῶν
3871 2280 4026 2347 ἐχόν-

2437 2392 2567 2436 των,
2602 2375 2701 2444 τὴν
2731 2375 3009 2444 προτέραν
3050 2374 3379 2443 ἀποθέμενοι
3422 2375 3736 2444 ὑπόκρισιν,
3772 2372 3848 2434 ὡς
3875 2372 4022 2440 ὐπδρ

2440 2466 2705 2537 βασιλέως
2745 2467 3109 2534 ἀγωνίζονται
3161 2466 3256 2519 τοῦ
3292 2467 3439 2531 νέου,
3495 2466 3768 2536 ἔπρασσον
3799 2465 3949 2523 ὅπως
3985 2461 4021 2533 ἡ

2441 2558 2597 2621 πόλις
2650 2556 2937 2629 προδοθεῖη
2990 2557 3299 2628 Τριϐαλοῖς.
3342 2560 3565 2630 Κράλης
3608 2556 3717 2627 γὰρ
3764 2555 4021 2625 οὐδαμῶς

2438 2650 2679 2719 ἐφείδετο
2738 2650 3077 2720 χρημάτων,
3115 2650 3252 2703 ἀλλά
3301 2651 3526 2720 παρεῖχέ
3569 2668 3627 2702 τε
3676 2648 3869 2713 πολλὰ,
3924 2650 4019 2701 καὶ

2438 2742 2609 2794 πλείω
2663 2741 3051 2811 ἐπηγγέλλετο·
3103 2736 3171 2808 ἦν
3224 2740 3332 2811 γὰρ
3378 2742 3469 2794 καὶ
3520 2740 3692 2801 ἄλλως
3749 2738 3847 2807 μὲν
3883 2739 4021 2807 προς

2437 2834 2756 2903 εὐεργεσίας
2786 2836 2812 2885 ὁ
2845 2833 2980 2903 ἀνὴρ
3015 2834 3324 2902 φιλότιμος,
3358 2833 3593 2901 μάλιστα
3641 2834 3698 2883 δὲ
3745 2832 3881 2900 πρὸς
3918 2830 4020 2901 τὴν

2436 2930 2839 2998 Θεσσαλονίκης
2889 2931 3102 2999 αἵρεσιν
3138 2930 3313 2983 πάντα
3348 2929 3577 2998 δεύτερα
3622 2929 3827 2998 ἡγεῖτο,
3862 2925 4019 2985 εἰδὼς

2439 3023 2514 3085 ὡς
2544 3026 2590 3075 εἰ
2633 3022 2842 3090 γένοιτο
2876 3022 3069 3093 κύριος
3098 3023 3199 3091 τῆς
3232 3021 3466 3084 πόλεως,
3497 3020 3566 3073 τά
3583 3038 3637 3073 τε
3666 3018 4021 3071 ἀναλωθέντα

2437 3115 2801 3177 ὰνασὼσεται,
2846 3117 2938 3168 καὶ
2987 3115 3153 3184 μέρος
3204 3115 3263 3167 οὐ
3318 3113 3513 3184 μικρὸν
3565 3114 3664 3180 τῆς
3744 3112 4020 3181 Ρωμαίων

2436 3209 2733 3278 ἡγεμονίας
2758 3207 2887 3271 ἕξει,
2906 3205 3239 3276 τηλικαύτην
3271 3205 3427 3258 πόλιν
3460 3208 3578 3268 ταῖς
3608 3206 4022 3273 προκατειλημ-

2447 3300 2633 3370 μέναις
2669 3298 2957 3360 τοσαύταις
2983 3298 3167 3361 οὔσαις
3218 3298 3446 3361 ἐπιθείς.
3491 3297 3748 3366 Ἀφειδῶς
3797 3294 3893 3348 οὖν
3926 3298 4019 3347 ἐκ-

2445 3390 2617 3442 κειὼν
2645 3389 2712 3441 τα
2742 3392 3020 3459 χρήματα,
3058 3390 3180 3451 τούς
3214 3407 3271 3442 τε
3321 3389 3598 3459 Ζηλωτὰς,
3636 3390 3728 3440 καὶ
3771 3388 3839 3440 δι’
3872 3388 4018 3439 ὲκεί-

2444 3498 2549 3532 νων
2575 3482 2671 3531 οὐκ
2698 3479 2913 3548 ὀλίγους
2965 3482 3148 3533 ἔπεισε
3184 3481 3291 3535 τῶν
3340 3480 3576 3532 πολιτῶν
3619 3479 3767 3549 αὐτῷ
3812 3480 4018 3549 προσέ-

2442 3590 2577 3640 χειν,
2613 3572 2750 3623 ὥστε
2783 3575 2878 3624 καὶ
2926 3573 3232 3640 ἀναφανδὸν
3279 3570 3678 3638 ὲδικαιολὸγουν
3727 3571 3867 3640 ὑπὲρ
3920 3569 4016 3621 τοῦ

2439 3661 2546 3713 δεῖν
2582 3663 2774 3732 ἐκείνῳ
2808 3666 3151 3733 προσχωρεῖν
3194 3662 3453 3732 βλάπτειν
3481 3663 3547 3715 τά
3581 3664 3813 3731 μέγιστα
3854 3661 4020 3713 δυνα-

2443 3758 2608 3824 μένῳ,
2647 3754 2732 3807 διὰ
2762 3756 2821 3807 τὸ
2848 3757 2944 3825 τὴν
2988 3757 3172 3826 χώραν
3201 3757 3419 3809 ἃπασαν
3455 3756 3600 3825 ἔχειν
3654 3756 3744 3821 ὑφ’
3798 3754 4014 3819 ἑαυτὸν,

2441 3848 2535 3899 καὶ
2573 3848 2831 3900 δύνασθαι
2885 3850 3218 3918 πολιορκεῖν,
3275 3849 3370 3901 καὶ
3417 3848 3647 3913 ὠφελεῖν
3680 3846 3919 3899 ἐθέλοντι
3967 3846 4015 3895 εί

2441 3942 2829 4007 προσχωροῖεν,
2857 3940 3015 4002 αὐτός
3047 3956 3104 3990 τε
3138 3942 3165 3991 ὀ
3206 3938 3426 4009 Κράλης
3454 3939 3675 3991 ἐκείνων
3706 3936 4013 4001 ἐναγόντων

2443 4030 3065 4098 περιεστρατοπεδεύετο
3112 4031 3204 4083 καὶ
3252 4030 3581 4096 ἐπολιόρκει.
3624 4032 3687 4080 ’Δ
3726 4028 4013 4095 πρωτοσέ-

2437 4120 2634 4182 ὀιστός
2666 4139 2720 4173 τε
2765 4122 2905 4189 ὀρῶν
2960 4123 3052 4172 καὶ
3082 4122 3130 4172 οί
3166 4120 3559 4189 φιλ.ορῤὡμαιοι
3608 4120 3715 4171 τῶν
3752 4119 4010 4181 πολιτῶν,

2436 4210 2560 4264 οὔτε
2610 4213 2993 4281 περιγίνεσθαι
3050 4214 3159 4264 τῶν
3195 4212 3557 4282 προδιδόντων
3601 4207 3741 4281 ἦσαν
3794 4210 4015 4263 δυνατοὶ

2434 4305 2524 4357 διὰ
2551 4304 2647 4373 τὴν
2679 4303 2878 4367 ἔξωθεν
2906 4305 3262 4373 ἐπικειμένην
3296 4303 3549 4371 δύναμιν,
3597 4302 3772 4363 ἄλλως
3822 4318 3880 4352 τε
3914 4303 4014 4353 καὶ

2439 4395 2529 4446 τοῦ
2558 4395 2729 4463 δήμου
2763 4394 2895 4462 πρὸς
2933 4399 3029 4462 τὴν
3063 4397 3378 4462 πολιορκίαν
3417 4396 3741 4463 ἀχθομένου,
3774 4400 3870 4446 καὶ
3918 4394 4013 4446 λύ-

2441 4501 2525 4535 σιν
2558 4485 2805 4551 οίοςιένου
2838 4487 2945 4537 τῶν
2971 4486 3153 4536 κακῶν
3184 4486 3280 4556 τὴν
3314 4488 3416 4538 ὑπὸ
3446 4487 3731 4553 Τριϐαλοῖς
3764 4487 4012 4539 δουλείαν

766 4576 891 4629 ΙΙωο
920 4576 992 4629 illi
1028 4577 1386 4644 scripserunt.
1426 4580 1717 4647 Imperator
1748 4591 1854 4633 tam
1888 4583 2154 4649 pra'elarae
2188 4584 2327 4649 urbi,
2363 4578 2405 4635 Ι)

2363 4578 2405 4635 D
2436 4573 2675 4637 ἕτεσοαι,
2731 4574 2854 4626 οὕτε
2904 4578 3180 4645 ἠνείχοντο
3211 4581 3326 4646 ,τήν
3358 4596 3415 4630 τε
3480 4581 3631 4630 πόλιν
3698 4580 4008 4646 Ῥωμαίους

768 4676 873 4716 tam
910 4666 1212 4733 periculose
1248 4668 1513 4721 laboranti
1550 4685 1659 4721 nou
1692 4672 1877 4723 venire
1911 4672 2134 4735 auxilio,
2163 4672 2330 4723 inhu-

766 4771 988 4809 manum
1049 4758 1523 4814 existimabatzct
1583 4770 1759 4814 tamen
1811 4763 2127 4829 deponere,
2187 4763 2330 4829 quod

762 4846 949 4899 animo
998 4850 1356 4901 constitutum
1408 4850 1663 4913 habebat,
1711 4861 1766 4905 et
1819 4853 1883 4905 ad
1926 4854 2065 4907 bella
2099 4853 2326 4906 ductan-

766 4936 974 5003 dosque
1020 4939 1294 4993 exercitus
1348 4940 1526 4994 redire
1566 4944 1912 5011 gravabatur.
1968 4944 2332 4997 Nihilominus

767 5028 1056 5081 utilitatem
1083 5046 1233 5083 suam
1266 5034 1649 5086 comnnmibus
1682 5034 2049 5089 Ronuanorum
2084 5053 2331 5090 commo-

765 5120 851 5173 dis
884 5130 1237 5189 postponens,
1282 5123 1477 5176 itcrum
1514 5127 1811 5195 satagebat,
1845 5142 1912 5181 ne
1944 5127 2328 5185 Thessalonica

767 5211 990 5279 periret.
1035 5212 1197 5281 766
1231 5212 1503 5267 Rescribit
1542 5215 1705 5284 igizur
1749 5218 1873 5279 illis,
1927 5220 2213 5289 segnitiem
2264 5223 2331 5273 ab

766 5317 826 5354 se
875 5315 1187 5366 amoveant,
1246 5306 1622 5373 proditoribus
1670 5325 1726 5360 se
1779 5321 2078 5378 opponant,
2131 5314 2328 5365 auxilia

769 5396 1081 5463 propediem
1133 5397 1448 5452 missurum.
1489 5399 1646 5453 Mittit
1686 5403 1849 5455 etiam
1899 5404 1963 5456 ad
2023 5404 2327 5459 Orclianem

766 5502 1051 5553 generum,
1097 5499 1153 5542 et
1201 5490 1385 5558 copias
1426 5492 1492 5544 ab
1550 5507 1613 5545 co
1667 5494 2019 5548 subsidiarias
2073 5495 2226 5561 petit.
2283 5499 2330 5551 ls

766 5579 950 5631 subito
981 5579 1260 5636 Sulimano
1295 5583 1403 5637 lilio
1437 5585 1673 5646 mandat,
1699 5602 1819 5639 cum
1860 5588 2049 5654 viginti
2087 5590 2326 5657 equitnm

770 5669 1013 5724 millibus
1044 5671 1355 5741 imperatori
1401 5674 1619 5728 militet.
1658 5676 1854 5731 Vuleus
1883 5690 2061 5731 autem
2097 5679 2327 5748 impera-

769 5770 855 5813 tor
887 5762 1049 5814 etiam
1084 5764 1467 5833 imperatorem
1512 5782 1770 5837 generum
1822 5768 1874 5820 in
1924 5769 2324 5835 expeditionem

771 5851 1316 5912 Thessalonicensem
1347 5874 1529 5913 secum
1567 5859 1821 5925 educere,
1860 5860 2108 5914 triremes
2144 5876 2325 5914 arma-

2435 4665 2599 4719 οὖσαν
2630 4669 2963 4737 τηλικαύτην
2993 4672 3454 4740 ἀποστερηθῆναι,
3488 4672 3582 4723 καὶ
3604 4673 3796 4733 αὐτοὺς
3834 4676 3893 4724 ἐν
3918 4675 4013 4725 ἀν⁹

2433 4761 2710 4829 δραπόδων
2748 4762 2912 4831 μοῖρα
2942 4762 3213 4814 δουλεύειν
3238 4766 3346 4815 τοῖς
3372 4764 3686 4833 βαρϐάροις.
3709 4765 3806 4815 Διά
3835 4764 4010 4817 ταῦτα

2433 4854 2644 4905 ἐδέοντο
2674 4852 2959 4921 βασιλέως,
2997 4854 3071 4922 μὴ
3106 4855 3243 4921 σφᾶς
3278 4856 3564 4924 περιϊδεῖν,
3599 4856 3733 4908 ἀλλά
3782 4857 3885 4926 τὴν
3918 4874 4012 4909 τα-

2434 4945 2625 5011 χίστην
2660 4943 2993 5013 ἐπιϐοηθεῖν,
3022 4945 3094 5005 ὡς
3139 4947 3268 4996 εἴσω
3309 4946 3505 5013 ὀλίγων
3552 4948 3777 5017 ἡμερῶν
3830 4950 3881 5001 εἰ
3935 4948 4008 5018 μὴ

2434 5035 2776 5102 ὲπικουροίη,
2824 5035 2922 5101 τῆς
2953 5034 3162 5098 πόλεως
3214 5036 3583 5107 ἁλωσομένης.
3635 5038 3875 5091 Τοιαῦτα
3912 5042 4009 5109 μὲν

2433 5126 2630 5176 ὲιεῖνοι
2663 5127 2923 5194 ἔγραφον.
2954 5126 3167 5179 Βασιλεῖ
3194 5127 3249 5179 δὲ
3302 5130 3361 5181 τό
3400 5147 3459 5182 τε
3505 5130 3759 5198 τοιαύτης
3798 5134 4007 5197 πόλεως

2434 5219 2849 5285 κινδυνευούσης
2896 5219 3167 5287 μηδεμίαν
3203 5220 3461 5289 πρόνοιαν
3530 5223 3870 5290 ποιήσασθαι
3902 5226 4009 5279 δει-

2430 5310 2519 5361 νὸν
2540 5311 2736 5375 ἐδόκει,
2768 5315 2860 5365 καὶ
2898 5313 3027 5379 πρὶς
3051 5314 3109 5364 τὸ
3155 5314 3263 5364 τῶν
3289 5315 3621 5383 δεδογμένων
3648 5316 4008 5385 ἀμελήσαντα

2430 5398 2583 5465 αὖθις
2600 5404 2691 5455 ἐπὶ
2710 5405 2979 5472 πολέμους
3009 5405 3302 5473 τρέπεσθαι
3342 5408 3434 5459 καὶ
3470 5409 3805 5478 στρατηγίας
3849 5412 4005 5463 ἐδυσ-

2432 5496 2707 5563 χέραινεν,
2753 5498 2900 5564 ὅμως
2967 5501 3064 5565 τῆς
3134 5500 3321 5569 κοινῆς
3379 5501 3650 5567 ὡφελείας
3711 5502 4006 5572 Ῥωμαίων

2430 5587 2528 5653 τὴν
2571 5586 2708 5639 ἰδίαν
2759 5587 3015 5657 δευτέραν
3048 5589 3293 5657 θέμενος,
3325 5590 3479 5652 αὖθις
3524 5592 3819 5662 ἔπραττεν,
3854 5597 4005 5659 ὅπως

2434 5680 2507 5745 μὴ
2536 5680 2805 5747 ἀπόληται
2837 5681 3227 5750 Θεσσαλονίκη·
3263 5687 3356 5736 καὶ
3387 5686 3590 5755 ἔγραψε
3622 5686 3723 5755 μὲν
3750 5690 4001 5753 ἐκείνοις,

2430 5770 2783 5824 ἀνθίστασθαι
2820 5775 2927 5833 τοῖς
2966 5775 3295 5842 προδιδοῦσι,
3332 5779 3423 5830 καὶ
3470 5777 3544 5849 μὴ
3593 5780 3884 5849 ῥᾳθυμεῖν,
3928 5782 4001 5844 ὡς

2430 5863 2520 5915 καὶ
2540 5862 2703 5916 αὐτοῦ
2724 5864 2817 5934 τὴν
2842 5864 3097 5936 βοήθειαν
3118 5868 3297 5932 ὀξεῖαν
3330 5871 3707 5942 ποιησομένου.
3741 5874 3999 5943 Ἕπεμπε
