  <div class='ocr_page' id='page_1' title='image "/cluster/home/n/w/nwhite01/storage/ocr_20150623/154/nnc1.0046980970/072.png"; bbox 0 0 4226 6444; ppageno 0'>
   <div class='ocr_carea' id='block_1_1' title="bbox 209 414 309 477">
    <p class='ocr_par' dir='ltr' id='par_1_1' title="bbox 209 414 309 477">
     <span class='ocr_line' id='line_1_1' title="bbox 209 414 309 477; baseline -0.02 0"><span class='ocrx_word' id='word_1_1' title='bbox 209 414 309 477; x_wconf 76' lang='lat'><strong>129</strong></span> 
     </span>
    </p>
   </div>
   <div class='ocr_carea' id='block_1_2' title="bbox 1374 412 2331 475">
    <p class='ocr_par' dir='ltr' id='par_1_2' title="bbox 1374 412 2331 475">
     <span class='ocr_line' id='line_1_2' title="bbox 1374 412 2331 475; baseline 0 -2"><span class='ocrx_word' id='word_1_2' title='bbox 1374 412 1654 473; x_wconf 82' lang='lat' dir='ltr'><strong>IIlS&#39;l‘OB</strong></span> <span class='ocrx_word' id='word_1_3' title='bbox 1668 413 1919 473; x_wconf 80' lang='lat' dir='ltr'><strong>IARUM</strong></span> <span class='ocrx_word' id='word_1_4' title='bbox 1961 414 2193 473; x_wconf 83' lang='lat' dir='ltr'><strong>LIBER</strong></span> <span class='ocrx_word' id='word_1_5' title='bbox 2233 414 2331 475; x_wconf 84' lang='grc' dir='ltr'>ιν.</span> 
     </span>
    </p>
   </div>
   <div class='ocr_carea' id='block_1_3' title="bbox 3360 415 3461 479">
    <p class='ocr_par' dir='ltr' id='par_1_3' title="bbox 3360 415 3461 479">
     <span class='ocr_line' id='line_1_3' title="bbox 3360 415 3461 479; baseline 0.02 -2"><span class='ocrx_word' id='word_1_6' title='bbox 3360 415 3461 479; x_wconf 75' lang='grc'><strong>130</strong></span> 
     </span>
    </p>
   </div>
   <div class='ocr_carea' id='block_1_4' title="bbox 205 522 1874 597">
    <p class='ocr_par' dir='ltr' id='par_1_4' title="bbox 205 523 1863 597">
     <span class='ocr_line' id='line_1_4' title="bbox 205 523 1863 597; baseline -0.001 -19"><span class='ocrx_word' id='word_1_7' title='bbox 205 530 258 579; x_wconf 76' lang='grc' dir='ltr'><strong>δὲ</strong></span> <span class='ocrx_word' id='word_1_8' title='bbox 287 529 382 579; x_wconf 69' lang='grc' dir='ltr'><strong>καὶ</strong></span> <span class='ocrx_word' id='word_1_9' title='bbox 405 524 540 593; x_wconf 77' lang='grc' dir='ltr'>πρὸς</span> <span class='ocrx_word' id='word_1_10' title='bbox 585 523 856 594; x_wconf 77' lang='grc' dir='ltr'>Ὀρχάνην</span> <span class='ocrx_word' id='word_1_11' title='bbox 885 526 977 577; x_wconf 82' lang='grc' dir='ltr'><strong>τὸν</strong></span> <span class='ocrx_word' id='word_1_12' title='bbox 1001 527 1251 597; x_wconf 73' lang='grc' dir='ltr'>γαμϐρὸν</span> <span class='ocrx_word' id='word_1_13' title='bbox 1281 527 1602 597; x_wconf 78' lang='grc' dir='ltr'>πρεσϐείαν,</span> <span class='ocrx_word' id='word_1_14' title='bbox 1627 544 1790 597; x_wconf 83' lang='grc' dir='ltr'>στρα-</span> <span class='ocrx_word' id='word_1_15' title='bbox 1816 526 1863 585; x_wconf 80' lang='grc' dir='ltr'><strong>Α</strong></span> 
     </span>
    </p>
   </div>
   <div class='ocr_carea' id='block_1_5' title="bbox 1792 522 3461 597">
    <p class='ocr_par' dir='ltr' id='par_1_5' title="bbox 1816 522 3461 595">
     <span class='ocr_line' id='line_1_5' title="bbox 1816 522 3461 595; baseline 0.001 -18"><span class='ocrx_word' id='word_1_16' title='bbox 1816 526 1863 585; x_wconf 81' lang='grc' dir='ltr'><strong>Α</strong></span> <span class='ocrx_word' id='word_1_17' title='bbox 1895 525 1965 579; x_wconf 91' lang='lat' dir='ltr'><strong>tis</strong></span> <span class='ocrx_word' id='word_1_18' title='bbox 2007 526 2263 595; x_wconf 90' lang='lat' dir='ltr'><strong>complet,</strong></span> <span class='ocrx_word' id='word_1_19' title='bbox 2307 525 2505 594; x_wconf 86' lang='lat' dir='ltr'><strong>quibus</strong></span> <span class='ocrx_word' id='word_1_20' title='bbox 2550 533 2667 578; x_wconf 92' lang='lat' dir='ltr'><strong>tuto</strong></span> <span class='ocrx_word' id='word_1_21' title='bbox 2710 525 2763 577; x_wconf 89' lang='lat' dir='ltr'><strong>in</strong></span> <span class='ocrx_word' id='word_1_22' title='bbox 2818 522 3186 579; x_wconf 81' lang='lat' dir='ltr'><strong>Macedoniam</strong></span> <span class='ocrx_word' id='word_1_23' title='bbox 3233 540 3356 579; x_wconf 84' lang='lat' dir='ltr'><strong>cum</strong></span> <span class='ocrx_word' id='word_1_24' title='bbox 3396 542 3461 580; x_wconf 84' lang='lat' dir='ltr'><strong>eo</strong></span> 
     </span>
    </p>
   </div>
   <div class='ocr_carea' id='block_1_6' title="bbox 202 618 1785 687">
    <p class='ocr_par' dir='ltr' id='par_1_6' title="bbox 202 618 1785 687">
     <span class='ocr_line' id='line_1_6' title="bbox 202 618 1785 687; baseline 0.001 -18"><span class='ocrx_word' id='word_1_25' title='bbox 202 620 325 669; x_wconf 71' lang='grc' dir='ltr'>τίαν</span> <span class='ocrx_word' id='word_1_26' title='bbox 355 618 523 669; x_wconf 80' lang='grc' dir='ltr'><strong>αἰτῶν</strong></span> <span class='ocrx_word' id='word_1_27' title='bbox 554 620 689 685; x_wconf 76' lang='grc' dir='ltr'>πρὸς</span> <span class='ocrx_word' id='word_1_28' title='bbox 724 618 1061 687; x_wconf 67' lang='grc' dir='ltr'>συμμαχίαν.</span> <span class='ocrx_word' id='word_1_29' title='bbox 1109 619 1167 669; x_wconf 91' lang='grc' dir='ltr'><strong>Ὀ</strong></span> <span class='ocrx_word' id='word_1_30' title='bbox 1216 620 1273 670; x_wconf 78' lang='grc' dir='ltr'>δὲ</span> <span class='ocrx_word' id='word_1_31' title='bbox 1306 620 1504 671; x_wconf 83' lang='grc' dir='ltr'>αὐτίκα</span> <span class='ocrx_word' id='word_1_32' title='bbox 1536 628 1627 672; x_wconf 71' lang='grc' dir='ltr'><strong>τὸν</strong></span> <span class='ocrx_word' id='word_1_33' title='bbox 1671 623 1785 671; x_wconf 83' lang='grc' dir='ltr'>υἱὸν</span> 
     </span>
    </p>
   </div>
   <div class='ocr_carea' id='block_1_7' title="bbox 204 708 1785 778">
    <p class='ocr_par' dir='ltr' id='par_1_7' title="bbox 204 708 1785 778">
     <span class='ocr_line' id='line_1_7' title="bbox 204 708 1785 778; baseline 0.002 -20"><span class='ocrx_word' id='word_1_34' title='bbox 204 709 428 759; x_wconf 79' lang='grc' dir='ltr'>ἐκέλευε</span> <span class='ocrx_word' id='word_1_35' title='bbox 484 708 758 775; x_wconf 80' lang='grc' dir='ltr'>Σουλιμάν</span> <span class='ocrx_word' id='word_1_36' title='bbox 811 710 1133 778; x_wconf 81' lang='grc' dir='ltr'><strong>δισμυρίους</strong></span> <span class='ocrx_word' id='word_1_37' title='bbox 1195 710 1398 769; x_wconf 81' lang='grc' dir='ltr'>ἱππέας</span> <span class='ocrx_word' id='word_1_38' title='bbox 1445 711 1637 777; x_wconf 78' lang='grc' dir='ltr'>ἔχοντα</span> <span class='ocrx_word' id='word_1_39' title='bbox 1691 712 1785 761; x_wconf 80' lang='grc' dir='ltr'>ἐπὶ</span> 
     </span>
    </p>
   </div>
   <div class='ocr_carea' id='block_1_8' title="bbox 203 800 1786 871">
    <p class='ocr_par' dir='ltr' id='par_1_8' title="bbox 203 800 1786 871">
     <span class='ocr_line' id='line_1_8' title="bbox 203 800 1786 871; baseline 0.001 -20"><span class='ocrx_word' id='word_1_40' title='bbox 203 802 509 869; x_wconf 69' lang='grc' dir='ltr'>Τριδαλους</span> <span class='ocrx_word' id='word_1_41' title='bbox 543 800 1003 869; x_wconf 78' lang='grc' dir='ltr'>συστρατεύεσθαι</span> <span class='ocrx_word' id='word_1_42' title='bbox 1031 800 1110 869; x_wconf 84' lang='grc' dir='ltr'>τῷ</span> <span class='ocrx_word' id='word_1_43' title='bbox 1139 802 1369 869; x_wconf 82' lang='grc' dir='ltr'>βασιλεῖ.</span> <span class='ocrx_word' id='word_1_44' title='bbox 1419 803 1475 854; x_wconf 86' lang='grc'><strong>’0</strong></span> <span class='ocrx_word' id='word_1_45' title='bbox 1531 802 1786 871; x_wconf 66' lang='grc' dir='ltr'>βασιλεὺς</span> 
     </span>
    </p>
   </div>
   <div class='ocr_carea' id='block_1_9' title="bbox 203 890 1786 961">
    <p class='ocr_par' dir='ltr' id='par_1_9' title="bbox 203 890 1786 961">
     <span class='ocr_line' id='line_1_9' title="bbox 203 890 1786 961; baseline 0 -18"><span class='ocrx_word' id='word_1_46' title='bbox 203 891 259 943; x_wconf 82' lang='grc' dir='ltr'>δὲ</span> <span class='ocrx_word' id='word_1_47' title='bbox 297 892 623 959; x_wconf 78' lang='grc' dir='ltr'>βουλόμενος</span> <span class='ocrx_word' id='word_1_48' title='bbox 656 893 747 943; x_wconf 71' lang='grc' dir='ltr'>καὶ</span> <span class='ocrx_word' id='word_1_49' title='bbox 777 890 1003 955; x_wconf 77' lang='grc' dir='ltr'><strong>βασιλέα</strong></span> <span class='ocrx_word' id='word_1_50' title='bbox 1043 891 1135 943; x_wconf 73' lang='grc' dir='ltr'>τὸν</span> <span class='ocrx_word' id='word_1_51' title='bbox 1167 891 1417 959; x_wconf 60' lang='grc' dir='ltr'>γαμὸρδν</span> <span class='ocrx_word' id='word_1_52' title='bbox 1450 892 1539 943; x_wconf 77' lang='grc' dir='ltr'><strong>ἐπὶ</strong></span> <span class='ocrx_word' id='word_1_53' title='bbox 1570 894 1667 961; x_wconf 84' lang='grc' dir='ltr'>τὴν</span> <span class='ocrx_word' id='word_1_54' title='bbox 1707 894 1786 953; x_wconf 85' lang='grc' dir='ltr'><strong>είς</strong></span> 
     </span>
    </p>
   </div>
   <div class='ocr_carea' id='block_1_10' title="bbox 204 982 1788 1052">
    <p class='ocr_par' dir='ltr' id='par_1_10' title="bbox 204 982 1788 1052">
     <span class='ocr_line' id='line_1_10' title="bbox 204 982 1788 1052; baseline 0.001 -20"><span class='ocrx_word' id='word_1_55' title='bbox 204 983 613 1050; x_wconf 63' lang='grc' dir='ltr'>Θεσσαλονίκην</span> <span class='ocrx_word' id='word_1_56' title='bbox 634 982 939 1047; x_wconf 75' lang='grc' dir='ltr'>ἐπάγεσθαι</span> <span class='ocrx_word' id='word_1_57' title='bbox 981 982 1291 1051; x_wconf 72' lang='grc' dir='ltr'><strong>στρατείαν,</strong></span> <span class='ocrx_word' id='word_1_58' title='bbox 1332 982 1607 1049; x_wconf 74' lang='grc' dir='ltr'>ἑφώτιλιζε</span> <span class='ocrx_word' id='word_1_59' title='bbox 1635 984 1788 1052; x_wconf 82' lang='grc' dir='ltr'>τριή-</span> 
     </span>
    </p>
   </div>
   <div class='ocr_carea' id='block_1_11' title="bbox 208 1073 1785 1142">
    <p class='ocr_par' dir='ltr' id='par_1_11' title="bbox 208 1073 1785 1142">
     <span class='ocr_line' id='line_1_11' title="bbox 208 1073 1785 1142; baseline 0.002 -19"><span class='ocrx_word' id='word_1_60' title='bbox 208 1090 322 1139; x_wconf 83' lang='grc' dir='ltr'>ρεις</span> <span class='ocrx_word' id='word_1_61' title='bbox 352 1073 430 1134; x_wconf 84' lang='grc' dir='ltr'><strong>ὡς</strong></span> <span class='ocrx_word' id='word_1_62' title='bbox 450 1073 707 1139; x_wconf 70' lang='grc' dir='ltr'>ἀσφαλῶς</span> <span class='ocrx_word' id='word_1_63' title='bbox 738 1077 794 1125; x_wconf 83' lang='grc' dir='ltr'><strong>ἐν</strong></span> <span class='ocrx_word' id='word_1_64' title='bbox 833 1074 1024 1135; x_wconf 78' lang='grc' dir='ltr'>αὑταῖς</span> <span class='ocrx_word' id='word_1_65' title='bbox 1055 1073 1169 1141; x_wconf 70' lang='grc' dir='ltr'><strong>ἅμα</strong></span> <span class='ocrx_word' id='word_1_66' title='bbox 1208 1074 1400 1142; x_wconf 78' lang='grc' dir='ltr'>ἐκείνῳ</span> <span class='ocrx_word' id='word_1_67' title='bbox 1434 1077 1514 1136; x_wconf 87' lang='grc' dir='ltr'>εἰς</span> <span class='ocrx_word' id='word_1_68' title='bbox 1544 1076 1785 1126; x_wconf 66' lang='lat' dir='ltr'><strong>Max:69-</strong></span> 
     </span>
    </p>
   </div>
   <div class='ocr_carea' id='block_1_12' title="bbox 204 1164 1780 1236">
    <p class='ocr_par' dir='ltr' id='par_1_12' title="bbox 204 1164 1780 1236">
     <span class='ocr_line' id='line_1_12' title="bbox 204 1164 1780 1236; baseline 0.002 -22"><span class='ocrx_word' id='word_1_69' title='bbox 204 1165 327 1214; x_wconf 85' lang='grc' dir='ltr'>νίαν</span> <span class='ocrx_word' id='word_1_70' title='bbox 367 1164 785 1219; x_wconf 78' lang='grc' dir='ltr'>καταπλεύσων.</span> <span class='ocrx_word' id='word_1_71' title='bbox 825 1167 977 1234; x_wconf 43' lang='grc' dir='ltr'>Ἴσιδει</span> <span class='ocrx_word' id='word_1_72' title='bbox 1028 1165 1137 1232; x_wconf 74' lang='grc' dir='ltr'><strong>γὰρ</strong></span> <span class='ocrx_word' id='word_1_73' title='bbox 1188 1167 1315 1227; x_wconf 79' lang='grc' dir='ltr'>τοὺς</span> <span class='ocrx_word' id='word_1_74' title='bbox 1349 1166 1650 1235; x_wconf 68' lang='grc' dir='ltr'>βαρϐάρους</span> <span class='ocrx_word' id='word_1_75' title='bbox 1681 1167 1780 1236; x_wconf 75' lang='grc' dir='ltr'><strong>ζη-</strong></span> 
     </span>
    </p>
   </div>
   <div class='ocr_carea' id='block_1_13' title="bbox 208 1256 1783 1328">
    <p class='ocr_par' dir='ltr' id='par_1_13' title="bbox 208 1256 1783 1328">
     <span class='ocr_line' id='line_1_13' title="bbox 208 1256 1783 1328; baseline 0.003 -23"><span class='ocrx_word' id='word_1_76' title='bbox 208 1256 585 1319; x_wconf 83' lang='grc' dir='ltr'>λοτυποῦντας</span> <span class='ocrx_word' id='word_1_77' title='bbox 636 1258 770 1324; x_wconf 74' lang='grc' dir='ltr'>πρὸς</span> <span class='ocrx_word' id='word_1_78' title='bbox 822 1258 911 1308; x_wconf 75' lang='grc' dir='ltr'>τὸν</span> <span class='ocrx_word' id='word_1_79' title='bbox 963 1256 1081 1307; x_wconf 84' lang='grc' dir='ltr'><strong>νέον</strong></span> <span class='ocrx_word' id='word_1_80' title='bbox 1126 1256 1390 1325; x_wconf 87' lang='grc' dir='ltr'>βασιλέα,</span> <span class='ocrx_word' id='word_1_81' title='bbox 1441 1258 1535 1309; x_wconf 79' lang='grc' dir='ltr'><strong>καὶ</strong></span> <span class='ocrx_word' id='word_1_82' title='bbox 1584 1260 1783 1328; x_wconf 75' lang='grc' dir='ltr'>ῥαδίως</span> 
     </span>
    </p>
   </div>
   <div class='ocr_carea' id='block_1_14' title="bbox 204 1349 1781 1421">
    <p class='ocr_par' dir='ltr' id='par_1_14' title="bbox 204 1349 1781 1421">
     <span class='ocr_line' id='line_1_14' title="bbox 204 1349 1781 1421; baseline 0.003 -23"><span class='ocrx_word' id='word_1_83' title='bbox 204 1349 672 1412; x_wconf 76' lang='grc' dir='ltr'><strong>ἀποκτενοῦντας,</strong></span> <span class='ocrx_word' id='word_1_84' title='bbox 724 1352 769 1401; x_wconf 86' lang='grc' dir='ltr'><strong>εί</strong></span> <span class='ocrx_word' id='word_1_85' title='bbox 806 1350 1046 1417; x_wconf 80' lang='grc' dir='ltr'>γένοιντο</span> <span class='ocrx_word' id='word_1_86' title='bbox 1087 1352 1144 1402; x_wconf 80' lang='grc' dir='ltr'>ἐν</span> <span class='ocrx_word' id='word_1_87' title='bbox 1176 1351 1399 1420; x_wconf 76' lang='grc' dir='ltr'>ἐφικτῷ.</span> <span class='ocrx_word' id='word_1_88' title='bbox 1448 1353 1625 1419; x_wconf 71' lang='grc' dir='ltr'>Νόμος</span> <span class='ocrx_word' id='word_1_89' title='bbox 1676 1352 1781 1421; x_wconf 80' lang='grc' dir='ltr'>γάρ</span> 
     </span>
    </p>
   </div>
   <div class='ocr_carea' id='block_1_15' title="bbox 204 1440 1782 1513">
    <p class='ocr_par' dir='ltr' id='par_1_15' title="bbox 204 1440 1782 1513">
     <span class='ocr_line' id='line_1_15' title="bbox 204 1440 1782 1513; baseline 0.003 -23"><span class='ocrx_word' id='word_1_90' title='bbox 204 1442 354 1493; x_wconf 78' lang='grc' dir='ltr'>ἐστιν</span> <span class='ocrx_word' id='word_1_91' title='bbox 384 1442 565 1503; x_wconf 69' lang='grc' dir='ltr'>αὐτοῖς</span> <span class='ocrx_word' id='word_1_92' title='bbox 600 1440 933 1510; x_wconf 69' lang='grc' dir='ltr'>βαρϐαρικὸς</span> <span class='ocrx_word' id='word_1_93' title='bbox 974 1443 1149 1495; x_wconf 72' lang='grc' dir='ltr'>πάντα</span> <span class='ocrx_word' id='word_1_94' title='bbox 1180 1444 1269 1494; x_wconf 81' lang='grc' dir='ltr'><strong>τὸν</strong></span> <span class='ocrx_word' id='word_1_95' title='bbox 1301 1444 1436 1511; x_wconf 83' lang='grc' dir='ltr'>πρὸς</span> <span class='ocrx_word' id='word_1_96' title='bbox 1466 1446 1564 1512; x_wconf 79' lang='grc' dir='ltr'><strong>τὴν</strong></span> <span class='ocrx_word' id='word_1_97' title='bbox 1608 1444 1782 1513; x_wconf 77' lang='grc' dir='ltr'>ἀρχὴν</span> 
     </span>
    </p>
   </div>
   <div class='ocr_carea' id='block_1_16' title="bbox 205 1534 1778 1605">
    <p class='ocr_par' dir='ltr' id='par_1_16' title="bbox 205 1534 1778 1605">
     <span class='ocr_line' id='line_1_16' title="bbox 205 1534 1778 1605; baseline 0.003 -21"><span class='ocrx_word' id='word_1_98' title='bbox 205 1534 701 1602; x_wconf 75' lang='grc' dir='ltr'>ἀμφισϐητήσοντα</span> <span class='ocrx_word' id='word_1_99' title='bbox 730 1535 1143 1599; x_wconf 83' lang='grc' dir='ltr'>ἀποκτιννύναι,</span> <span class='ocrx_word' id='word_1_100' title='bbox 1176 1537 1269 1588; x_wconf 72' lang='grc' dir='ltr'>καὶ</span> <span class='ocrx_word' id='word_1_101' title='bbox 1304 1538 1575 1605; x_wconf 69' lang='grc' dir='ltr'>μηδεμιᾶς</span> <span class='ocrx_word' id='word_1_102' title='bbox 1602 1538 1778 1603; x_wconf 73' lang='grc' dir='ltr'>φείδε-</span> 
     </span>
    </p>
   </div>
   <div class='ocr_carea' id='block_1_17' title="bbox 206 1626 1782 1697">
    <p class='ocr_par' dir='ltr' id='par_1_17' title="bbox 206 1626 1782 1697">
     <span class='ocr_line' id='line_1_17' title="bbox 206 1626 1782 1697; baseline 0.004 -22"><span class='ocrx_word' id='word_1_103' title='bbox 206 1626 332 1678; x_wconf 82' lang='grc' dir='ltr'>σθαι</span> <span class='ocrx_word' id='word_1_104' title='bbox 361 1629 497 1695; x_wconf 83' lang='grc' dir='ltr'>μήτε</span> <span class='ocrx_word' id='word_1_105' title='bbox 533 1628 773 1696; x_wconf 78' lang='grc' dir='ltr'>ἡλικίας,</span> <span class='ocrx_word' id='word_1_106' title='bbox 816 1631 950 1697; x_wconf 74' lang='grc' dir='ltr'>μήτε</span> <span class='ocrx_word' id='word_1_107' title='bbox 993 1633 1337 1695; x_wconf 85' lang='grc' dir='ltr'>συγγενείας.</span> <span class='ocrx_word' id='word_1_108' title='bbox 1394 1630 1483 1681; x_wconf 82' lang='grc' dir='ltr'>Διὸ</span> <span class='ocrx_word' id='word_1_109' title='bbox 1514 1631 1608 1682; x_wconf 74' lang='grc' dir='ltr'><strong>καὶ</strong></span> <span class='ocrx_word' id='word_1_110' title='bbox 1643 1632 1782 1683; x_wconf 83' lang='grc' dir='ltr'><strong>κατά</strong></span> 
     </span>
    </p>
   </div>
   <div class='ocr_carea' id='block_1_18' title="bbox 202 1717 1782 1790">
    <p class='ocr_par' dir='ltr' id='par_1_18' title="bbox 202 1717 1782 1790">
     <span class='ocr_line' id='line_1_18' title="bbox 202 1717 1782 1790; baseline 0.005 -24"><span class='ocrx_word' id='word_1_111' title='bbox 202 1717 303 1776; x_wconf 73' lang='grc' dir='ltr'><strong>τὰς</strong></span> <span class='ocrx_word' id='word_1_112' title='bbox 334 1718 507 1785; x_wconf 66' lang='grc' dir='ltr'>ἀρχὰς</span> <span class='ocrx_word' id='word_1_113' title='bbox 547 1718 782 1785; x_wconf 81' lang='grc' dir='ltr'>μάλιστα</span> <span class='ocrx_word' id='word_1_114' title='bbox 817 1718 923 1769; x_wconf 82' lang='grc' dir='ltr'><strong>τῶν</strong></span> <span class='ocrx_word' id='word_1_115' title='bbox 956 1720 1221 1785; x_wconf 83' lang='grc' dir='ltr'>βασιλέων</span> <span class='ocrx_word' id='word_1_116' title='bbox 1248 1721 1344 1790; x_wconf 84' lang='grc' dir='ltr'>τῆς</span> <span class='ocrx_word' id='word_1_117' title='bbox 1368 1723 1611 1790; x_wconf 72' lang='grc' dir='ltr'>εἰρήνης,</span> <span class='ocrx_word' id='word_1_118' title='bbox 1644 1722 1782 1790; x_wconf 88' lang='grc' dir='ltr'><strong>μετά</strong></span> 
     </span>
    </p>
   </div>
   <div class='ocr_carea' id='block_1_19' title="bbox 202 1805 1777 1877">
    <p class='ocr_par' dir='ltr' id='par_1_19' title="bbox 202 1805 1777 1877">
     <span class='ocr_line' id='line_1_19' title="bbox 202 1805 1777 1877; baseline 0.004 -22"><span class='ocrx_word' id='word_1_119' title='bbox 202 1806 264 1855; x_wconf 70' lang='grc' dir='ltr'>τὸ</span> <span class='ocrx_word' id='word_1_120' title='bbox 293 1807 388 1856; x_wconf 73' lang='grc' dir='ltr'>τὸν</span> <span class='ocrx_word' id='word_1_121' title='bbox 438 1809 557 1857; x_wconf 83' lang='grc' dir='ltr'>νέον</span> <span class='ocrx_word' id='word_1_122' title='bbox 603 1806 832 1875; x_wconf 75' lang='grc' dir='ltr'>βασιλέα</span> <span class='ocrx_word' id='word_1_123' title='bbox 899 1805 1084 1877; x_wconf 76' lang='grc' dir='ltr'>Ἑλένῃ</span> <span class='ocrx_word' id='word_1_124' title='bbox 1112 1811 1174 1877; x_wconf 81' lang='grc' dir='ltr'>τῇ</span> <span class='ocrx_word' id='word_1_125' title='bbox 1210 1809 1441 1877; x_wconf 79' lang='grc' dir='ltr'>βασιλίδι</span> <span class='ocrx_word' id='word_1_126' title='bbox 1488 1814 1777 1872; x_wconf 82' lang='grc' dir='ltr'>συνοικεῖν,</span> 
     </span>
    </p>
   </div>
   <div class='ocr_carea' id='block_1_20' title="bbox 202 1896 1782 1970">
    <p class='ocr_par' dir='ltr' id='par_1_20' title="bbox 202 1896 1782 1970">
     <span class='ocr_line' id='line_1_20' title="bbox 202 1896 1782 1970; baseline 0.005 -25"><span class='ocrx_word' id='word_1_127' title='bbox 202 1897 439 1961; x_wconf 58' lang='grc' dir='ltr'>κομίσας</span> <span class='ocrx_word' id='word_1_128' title='bbox 474 1900 501 1947; x_wconf 85' lang='grc' dir='ltr'><strong>δ</strong></span> <span class='ocrx_word' id='word_1_129' title='bbox 544 1896 807 1966; x_wconf 78' lang='grc' dir='ltr'>ὐρχάνης</span> <span class='ocrx_word' id='word_1_130' title='bbox 837 1899 964 1965; x_wconf 76' lang='grc' dir='ltr'>φίλα</span> <span class='ocrx_word' id='word_1_131' title='bbox 993 1899 1255 1966; x_wconf 77' lang='grc' dir='ltr'>πράττειν</span> <span class='ocrx_word' id='word_1_132' title='bbox 1286 1898 1594 1969; x_wconf 85' lang='grc' dir='ltr'>βασιλείτῷ</span> <span class='ocrx_word' id='word_1_133' title='bbox 1626 1902 1782 1970; x_wconf 81' lang='grc' dir='ltr'>κηδε-</span> 
     </span>
    </p>
   </div>
   <div class='ocr_carea' id='block_1_21' title="bbox 204 1987 1777 2057">
    <p class='ocr_par' dir='ltr' id='par_1_21' title="bbox 204 1987 1777 2057">
     <span class='ocr_line' id='line_1_21' title="bbox 204 1987 1777 2057; baseline 0.006 -23"><span class='ocrx_word' id='word_1_134' title='bbox 204 1989 333 2052; x_wconf 76' lang='grc' dir='ltr'>στῇ,</span> <span class='ocrx_word' id='word_1_135' title='bbox 362 1987 410 2036; x_wconf 87' lang='grc' dir='ltr'><strong>εί</strong></span> <span class='ocrx_word' id='word_1_136' title='bbox 441 1987 625 2055; x_wconf 79' lang='grc' dir='ltr'>τρόπῳ</span> <span class='ocrx_word' id='word_1_137' title='bbox 656 1988 717 2055; x_wconf 80' lang='grc' dir='ltr'>δή</span> <span class='ocrx_word' id='word_1_138' title='bbox 740 2006 844 2039; x_wconf 90' lang='grc' dir='ltr'>τινι</span> <span class='ocrx_word' id='word_1_139' title='bbox 874 1989 963 2040; x_wconf 82' lang='grc' dir='ltr'><strong>τὸν</strong></span> <span class='ocrx_word' id='word_1_140' title='bbox 993 1988 1111 2041; x_wconf 83' lang='grc' dir='ltr'>νέον</span> <span class='ocrx_word' id='word_1_141' title='bbox 1134 1990 1356 2057; x_wconf 75' lang='grc' dir='ltr'>βασιλέα</span> <span class='ocrx_word' id='word_1_142' title='bbox 1384 1992 1777 2055; x_wconf 69' lang='grc' dir='ltr'>ἀποκτείνοιεν,</span> 
     </span>
    </p>
   </div>
   <div class='ocr_carea' id='block_1_22' title="bbox 204 2078 1780 2149">
    <p class='ocr_par' dir='ltr' id='par_1_22' title="bbox 204 2078 1780 2149">
     <span class='ocr_line' id='line_1_22' title="bbox 204 2078 1780 2149; baseline 0.005 -22"><span class='ocrx_word' id='word_1_143' title='bbox 204 2078 471 2145; x_wconf 74' lang='grc' dir='ltr'>ἐκτομίαν</span> <span class='ocrx_word' id='word_1_144' title='bbox 504 2079 624 2131; x_wconf 69' lang='grc' dir='ltr'>τινὰ</span> <span class='ocrx_word' id='word_1_145' title='bbox 662 2080 1010 2149; x_wconf 72' lang='grc' dir='ltr'>Μερτζιάνην</span> <span class='ocrx_word' id='word_1_146' title='bbox 1079 2082 1642 2148; x_wconf 78' lang='grc' dir='ltr'>προσαγορευόμενον,</span> <span class='ocrx_word' id='word_1_147' title='bbox 1687 2084 1780 2135; x_wconf 75' lang='grc' dir='ltr'>καὶ</span> 
     </span>
    </p>
   </div>
   <div class='ocr_carea' id='block_1_23' title="bbox 202 2170 1780 2243">
    <p class='ocr_par' dir='ltr' id='par_1_23' title="bbox 202 2170 1780 2243">
     <span class='ocr_line' id='line_1_23' title="bbox 202 2170 1780 2243; baseline 0.004 -24"><span class='ocrx_word' id='word_1_148' title='bbox 202 2170 427 2237; x_wconf 76' lang='grc' dir='ltr'>ἐτέρους</span> <span class='ocrx_word' id='word_1_149' title='bbox 456 2170 555 2221; x_wconf 79' lang='grc' dir='ltr'><strong>οὐκ</strong></span> <span class='ocrx_word' id='word_1_150' title='bbox 587 2170 799 2237; x_wconf 76' lang='grc' dir='ltr'>ὀλίγους</span> <span class='ocrx_word' id='word_1_151' title='bbox 835 2172 1047 2239; x_wconf 81' lang='grc' dir='ltr'>ἔχοντα,</span> <span class='ocrx_word' id='word_1_152' title='bbox 1075 2173 1167 2223; x_wconf 68' lang='grc' dir='ltr'>ἐπὶ</span> <span class='ocrx_word' id='word_1_153' title='bbox 1192 2170 1351 2243; x_wconf 62' lang='grc' dir='ltr'><strong>ῥώμῃ</strong></span> <span class='ocrx_word' id='word_1_154' title='bbox 1403 2172 1653 2240; x_wconf 85' lang='grc' dir='ltr'>σώματος</span> <span class='ocrx_word' id='word_1_155' title='bbox 1688 2175 1780 2226; x_wconf 54' lang='grc' dir='ltr'><strong>καὶ⁵</strong></span> 
     </span>
    </p>
   </div>
   <div class='ocr_carea' id='block_1_24' title="bbox 200 2262 1780 2342">
    <p class='ocr_par' dir='ltr' id='par_1_24' title="bbox 200 2262 1780 2342">
     <span class='ocr_line' id='line_1_24' title="bbox 200 2262 1780 2342; baseline 0.003 -31"><span class='ocrx_word' id='word_1_156' title='bbox 200 2262 472 2342; x_wconf 67' lang='grc' dir='ltr'>εὐτολμία</span> <span class='ocrx_word' id='word_1_157' title='bbox 509 2262 637 2330; x_wconf 74' lang='grc' dir='ltr'>παρ’</span> <span class='ocrx_word' id='word_1_158' title='bbox 680 2263 863 2325; x_wconf 76' lang='grc' dir='ltr'>αὐτοῖς</span> <span class='ocrx_word' id='word_1_159' title='bbox 898 2262 1355 2332; x_wconf 78' lang='grc' dir='ltr'>θαυμαζομένους</span> <span class='ocrx_word' id='word_1_160' title='bbox 1402 2264 1672 2332; x_wconf 76' lang='grc' dir='ltr'>ἔπεμπεν,</span> <span class='ocrx_word' id='word_1_161' title='bbox 1704 2265 1780 2327; x_wconf 85' lang='grc' dir='ltr'>ὡς</span> 
     </span>
    </p>
   </div>
   <div class='ocr_carea' id='block_1_25' title="bbox 206 2350 1779 2426">
    <p class='ocr_par' dir='ltr' id='par_1_25' title="bbox 206 2350 1779 2426">
     <span class='ocr_line' id='line_1_25' title="bbox 206 2350 1779 2426; baseline 0.004 -25"><span class='ocrx_word' id='word_1_162' title='bbox 206 2350 458 2419; x_wconf 51' lang='grc' dir='ltr'>βασιλέα,</span> <span class='ocrx_word' id='word_1_163' title='bbox 506 2353 774 2420; x_wconf 77' lang='grc' dir='ltr'>πρόφασιν</span> <span class='ocrx_word' id='word_1_164' title='bbox 823 2353 920 2422; x_wconf 81' lang='grc' dir='ltr'><strong>μὲν</strong></span> <span class='ocrx_word' id='word_1_165' title='bbox 958 2352 1033 2416; x_wconf 87' lang='grc' dir='ltr'>ὡς</span> <span class='ocrx_word' id='word_1_166' title='bbox 1064 2354 1374 2420; x_wconf 77' lang='grc' dir='ltr'>ἀναγκαίων</span> <span class='ocrx_word' id='word_1_167' title='bbox 1422 2354 1587 2407; x_wconf 84' lang='grc' dir='ltr'>τινῶν</span> <span class='ocrx_word' id='word_1_168' title='bbox 1641 2372 1779 2426; x_wconf 63' lang='grc' dir='ltr'>πρε.</span> 
     </span>
    </p>
   </div>
   <div class='ocr_carea' id='block_1_26' title="bbox 206 2444 1781 2515">
    <p class='ocr_par' dir='ltr' id='par_1_26' title="bbox 206 2444 1781 2515">
     <span class='ocr_line' id='line_1_26' title="bbox 206 2444 1781 2515; baseline 0.004 -21"><span class='ocrx_word' id='word_1_169' title='bbox 206 2444 607 2513; x_wconf 77' lang='grc' dir='ltr'>σὸευσομένους</span> <span class='ocrx_word' id='word_1_170' title='bbox 636 2445 784 2511; x_wconf 85' lang='grc' dir='ltr'>πέρι.</span> <span class='ocrx_word' id='word_1_171' title='bbox 834 2447 899 2514; x_wconf 75' lang='grc' dir='ltr'>τῇ</span> <span class='ocrx_word' id='word_1_172' title='bbox 933 2444 979 2499; x_wconf 80' lang='grc' dir='ltr'>δ’</span> <span class='ocrx_word' id='word_1_173' title='bbox 1024 2444 1275 2515; x_wconf 74' lang='grc' dir='ltr'>ἀληθείᾳ,</span> <span class='ocrx_word' id='word_1_174' title='bbox 1326 2447 1391 2498; x_wconf 78' lang='grc' dir='ltr'>ἵν’</span> <span class='ocrx_word' id='word_1_175' title='bbox 1439 2448 1486 2499; x_wconf 88' lang='grc' dir='ltr'><strong>εί</strong></span> <span class='ocrx_word' id='word_1_176' title='bbox 1534 2448 1781 2501; x_wconf 81' lang='grc' dir='ltr'>δύναιντο</span> 
     </span>
    </p>
   </div>
   <div class='ocr_carea' id='block_1_27' title="bbox 207 2534 1779 2609">
    <p class='ocr_par' dir='ltr' id='par_1_27' title="bbox 207 2534 1779 2609">
     <span class='ocr_line' id='line_1_27' title="bbox 207 2534 1779 2609; baseline 0.004 -23"><span class='ocrx_word' id='word_1_177' title='bbox 207 2534 442 2602; x_wconf 78' lang='grc' dir='ltr'>βασιλέα</span> <span class='ocrx_word' id='word_1_178' title='bbox 472 2534 561 2586; x_wconf 82' lang='grc' dir='ltr'><strong>τὸν</strong></span> <span class='ocrx_word' id='word_1_179' title='bbox 594 2537 711 2587; x_wconf 85' lang='grc' dir='ltr'>νέον</span> <span class='ocrx_word' id='word_1_180' title='bbox 746 2536 1137 2590; x_wconf 83' lang='grc' dir='ltr'>ἀποκτείνοιεν.</span> <span class='ocrx_word' id='word_1_181' title='bbox 1183 2539 1457 2591; x_wconf 81' lang='grc' dir='ltr'>Ἀπιστείν</span> <span class='ocrx_word' id='word_1_182' title='bbox 1483 2540 1537 2591; x_wconf 78' lang='grc' dir='ltr'>δὲ</span> <span class='ocrx_word' id='word_1_183' title='bbox 1563 2540 1620 2592; x_wconf 86' lang='grc' dir='ltr'>οὺ</span> <span class='ocrx_word' id='word_1_184' title='bbox 1650 2540 1779 2609; x_wconf 75' lang='grc' dir='ltr'>χρὴ,</span> 
     </span>
    </p>
   </div>
   <div class='ocr_carea' id='block_1_28' title="bbox 208 2626 1781 2697">
    <p class='ocr_par' dir='ltr' id='par_1_28' title="bbox 208 2626 1781 2697">
     <span class='ocr_line' id='line_1_28' title="bbox 208 2626 1781 2697; baseline 0.008 -26"><span class='ocrx_word' id='word_1_185' title='bbox 208 2627 619 2692; x_wconf 65' lang='grc' dir='ltr'>λογιζομένους,</span> <span class='ocrx_word' id='word_1_186' title='bbox 653 2626 729 2688; x_wconf 84' lang='grc' dir='ltr'>ὡς</span> <span class='ocrx_word' id='word_1_187' title='bbox 763 2628 861 2679; x_wconf 75' lang='grc' dir='ltr'><strong>οἰκ</strong></span> <span class='ocrx_word' id='word_1_188' title='bbox 894 2629 1020 2697; x_wconf 77' lang='grc' dir='ltr'><strong>ἐξῆν</strong></span> <span class='ocrx_word' id='word_1_189' title='bbox 1062 2629 1287 2683; x_wconf 69' lang='grc' dir='ltr'>τοιαῦτα</span> <span class='ocrx_word' id='word_1_190' title='bbox 1318 2631 1613 2695; x_wconf 75' lang='grc' dir='ltr'>ἀκινδύνως</span> <span class='ocrx_word' id='word_1_191' title='bbox 1658 2633 1781 2684; x_wconf 86' lang='grc' dir='ltr'>τολ-</span> 
     </span>
    </p>
   </div>
   <div class='ocr_carea' id='block_1_29' title="bbox 210 2718 1783 2793">
    <p class='ocr_par' dir='ltr' id='par_1_29' title="bbox 210 2718 1783 2793">
     <span class='ocr_line' id='line_1_29' title="bbox 210 2718 1783 2793; baseline 0.006 -27"><span class='ocrx_word' id='word_1_192' title='bbox 210 2718 319 2785; x_wconf 52' lang='lat' dir='ltr'><strong>pia</strong></span> <span class='ocrx_word' id='word_1_193' title='bbox 354 2718 411 2767; x_wconf 80' lang='grc' dir='ltr'>ἐν</span> <span class='ocrx_word' id='word_1_194' title='bbox 446 2718 630 2785; x_wconf 70' lang='grc' dir='ltr'>μέσοις</span> <span class='ocrx_word' id='word_1_195' title='bbox 672 2718 983 2787; x_wconf 83' lang='grc' dir='ltr'>Ῥωμαίοις.</span> <span class='ocrx_word' id='word_1_196' title='bbox 1021 2720 1183 2783; x_wconf 78' lang='grc' dir='ltr'>Ἐθος</span> <span class='ocrx_word' id='word_1_197' title='bbox 1218 2722 1323 2790; x_wconf 82' lang='grc' dir='ltr'><strong>γάρ</strong></span> <span class='ocrx_word' id='word_1_198' title='bbox 1354 2723 1535 2785; x_wconf 72' lang='grc' dir='ltr'>αὐτοῖς</span> <span class='ocrx_word' id='word_1_199' title='bbox 1556 2724 1615 2775; x_wconf 72' lang='grc' dir='ltr'><strong>οὐ</strong></span> <span class='ocrx_word' id='word_1_200' title='bbox 1646 2724 1783 2793; x_wconf 78' lang='grc' dir='ltr'>πρὸς</span> 
     </span>
    </p>
   </div>
   <div class='ocr_carea' id='block_1_30' title="bbox 206 2807 1783 2882">
    <p class='ocr_par' dir='ltr' id='par_1_30' title="bbox 206 2807 1783 2882">
     <span class='ocr_line' id='line_1_30' title="bbox 206 2807 1783 2882; baseline 0.006 -25"><span class='ocrx_word' id='word_1_201' title='bbox 206 2807 545 2872; x_wconf 59' lang='grc' dir='ltr'>ἀλλορύλους</span> <span class='ocrx_word' id='word_1_202' title='bbox 593 2810 776 2876; x_wconf 81' lang='grc' dir='ltr'>μόνον,</span> <span class='ocrx_word' id='word_1_203' title='bbox 825 2809 961 2861; x_wconf 83' lang='grc' dir='ltr'>άλλά</span> <span class='ocrx_word' id='word_1_204' title='bbox 1009 2812 1101 2863; x_wconf 78' lang='grc' dir='ltr'><strong>καὶ</strong></span> <span class='ocrx_word' id='word_1_205' title='bbox 1147 2812 1282 2881; x_wconf 70' lang='grc' dir='ltr'>πρὸς</span> <span class='ocrx_word' id='word_1_206' title='bbox 1317 2815 1439 2875; x_wconf 75' lang='grc' dir='ltr'>τοὺς</span> <span class='ocrx_word' id='word_1_207' title='bbox 1478 2814 1783 2882; x_wconf 72' lang='grc' dir='ltr'>ὁμοφύλους</span> 
     </span>
    </p>
   </div>
   <div class='ocr_carea' id='block_1_31' title="bbox 202 2896 1782 2972">
    <p class='ocr_par' dir='ltr' id='par_1_31' title="bbox 202 2896 1782 2972">
     <span class='ocr_line' id='line_1_31' title="bbox 202 2896 1782 2972; baseline 0.006 -25"><span class='ocrx_word' id='word_1_208' title='bbox 202 2896 437 2949; x_wconf 85' lang='grc' dir='ltr'>τοιαῦτα</span> <span class='ocrx_word' id='word_1_209' title='bbox 460 2899 740 2965; x_wconf 72' lang='grc' dir='ltr'>πράττειν,</span> <span class='ocrx_word' id='word_1_210' title='bbox 772 2902 863 2950; x_wconf 76' lang='grc' dir='ltr'><strong>καὶ</strong></span> <span class='ocrx_word' id='word_1_211' title='bbox 902 2898 1083 2951; x_wconf 75' lang='grc' dir='ltr'>ἑκοντὶ</span> <span class='ocrx_word' id='word_1_212' title='bbox 1119 2900 1208 2950; x_wconf 81' lang='grc' dir='ltr'><strong>τὸν</strong></span> <span class='ocrx_word' id='word_1_213' title='bbox 1250 2900 1479 2954; x_wconf 81' lang='grc' dir='ltr'>θάνατον</span> <span class='ocrx_word' id='word_1_214' title='bbox 1509 2904 1782 2972; x_wconf 84' lang='grc' dir='ltr'>αἱρεῖσθαι</span> 
     </span>
    </p>
   </div>
   <div class='ocr_carea' id='block_1_32' title="bbox 207 2987 1785 3063">
    <p class='ocr_par' dir='ltr' id='par_1_32' title="bbox 207 2987 1785 3063">
     <span class='ocr_line' id='line_1_32' title="bbox 207 2987 1785 3063; baseline 0.006 -26"><span class='ocrx_word' id='word_1_215' title='bbox 207 2990 353 3056; x_wconf 59' lang='grc' dir='ltr'>ὑπὲρ</span> <span class='ocrx_word' id='word_1_216' title='bbox 378 2987 471 3040; x_wconf 77' lang='grc' dir='ltr'>τοῦ</span> <span class='ocrx_word' id='word_1_217' title='bbox 502 2989 593 3039; x_wconf 76' lang='grc' dir='ltr'>τὸν</span> <span class='ocrx_word' id='word_1_218' title='bbox 617 2990 876 3057; x_wconf 80' lang='grc' dir='ltr'>πολέμιον</span> <span class='ocrx_word' id='word_1_219' title='bbox 914 2990 991 3059; x_wconf 73' lang='grc' dir='ltr'>τῷ</span> <span class='ocrx_word' id='word_1_220' title='bbox 1023 2991 1272 3061; x_wconf 73' lang='grc' dir='ltr'>σφετέρῳ</span> <span class='ocrx_word' id='word_1_221' title='bbox 1302 2992 1540 3063; x_wconf 77' lang='grc' dir='ltr'>δυνάστῃ</span> <span class='ocrx_word' id='word_1_222' title='bbox 1569 2996 1785 3046; x_wconf 76' lang='grc' dir='ltr'>ἀνελόν-</span> 
     </span>
    </p>
   </div>
   <div class='ocr_carea' id='block_1_33' title="bbox 205 3082 1785 3151">
    <p class='ocr_par' dir='ltr' id='par_1_33' title="bbox 205 3082 1785 3151">
     <span class='ocr_line' id='line_1_33' title="bbox 205 3082 1785 3151; baseline 0.004 -20"><span class='ocrx_word' id='word_1_223' title='bbox 205 3097 329 3143; x_wconf 83' lang='grc' dir='ltr'>τας,</span> <span class='ocrx_word' id='word_1_224' title='bbox 364 3082 527 3149; x_wconf 77' lang='grc' dir='ltr'>χάριν</span> <span class='ocrx_word' id='word_1_225' title='bbox 579 3083 846 3151; x_wconf 82' lang='grc' dir='ltr'>μεγίστην</span> <span class='ocrx_word' id='word_1_226' title='bbox 903 3083 1259 3149; x_wconf 80' lang='grc' dir='ltr'>καταθέσθαι,</span> <span class='ocrx_word' id='word_1_227' title='bbox 1314 3086 1408 3136; x_wconf 75' lang='grc' dir='ltr'><strong>καὶ</strong></span> <span class='ocrx_word' id='word_1_228' title='bbox 1455 3087 1634 3145; x_wconf 66' lang='grc' dir='ltr'>παισὶ,</span> <span class='ocrx_word' id='word_1_229' title='bbox 1691 3086 1785 3137; x_wconf 73' lang='grc' dir='ltr'><strong>καὶ</strong></span> 
     </span>
    </p>
   </div>
   <div class='ocr_carea' id='block_1_34' title="bbox 1891 617 3456 687">
    <p class='ocr_par' dir='ltr' id='par_1_34' title="bbox 1891 617 3456 687">
     <span class='ocr_line' id='line_1_34' title="bbox 1891 617 3456 687; baseline 0.002 -18"><span class='ocrx_word' id='word_1_230' title='bbox 1891 618 2192 687; x_wconf 70' lang='lat' dir='ltr'><strong>navigaret.</strong></span> <span class='ocrx_word' id='word_1_231' title='bbox 2226 617 2344 670; x_wconf 84' lang='lat' dir='ltr'><strong>Non</strong></span> <span class='ocrx_word' id='word_1_232' title='bbox 2399 618 2543 671; x_wconf 84' lang='lat' dir='ltr'><strong>enim</strong></span> <span class='ocrx_word' id='word_1_233' title='bbox 2578 618 2883 685; x_wconf 85' lang='lat' dir='ltr'><strong>ignorabat,</strong></span> <span class='ocrx_word' id='word_1_234' title='bbox 2918 618 3187 671; x_wconf 75' lang='lat' dir='ltr'><strong>Barbaros</strong></span> <span class='ocrx_word' id='word_1_235' title='bbox 3220 619 3456 672; x_wconf 49' lang='lat' dir='ltr'><strong>malevoa</strong></span> 
     </span>
    </p>
   </div>
   <div class='ocr_carea' id='block_1_35' title="bbox 1887 709 3457 780">
    <p class='ocr_par' dir='ltr' id='par_1_35' title="bbox 1887 709 3457 780">
     <span class='ocr_line' id='line_1_35' title="bbox 1887 709 3457 780; baseline -0.001 -17"><span class='ocrx_word' id='word_1_236' title='bbox 1887 710 2049 763; x_wconf 85' lang='lat' dir='ltr'><strong>lentia</strong></span> <span class='ocrx_word' id='word_1_237' title='bbox 2076 711 2128 763; x_wconf 88' lang='lat' dir='ltr'><strong>in</strong></span> <span class='ocrx_word' id='word_1_238' title='bbox 2162 726 2284 763; x_wconf 88' lang='lat' dir='ltr'><strong>eum</strong></span> <span class='ocrx_word' id='word_1_239' title='bbox 2320 710 2584 776; x_wconf 76' lang='lat' dir='ltr'><strong>suffusos,</strong></span> <span class='ocrx_word' id='word_1_240' title='bbox 2620 724 2677 764; x_wconf 84' lang='lat' dir='ltr'><strong>et</strong></span> <span class='ocrx_word' id='word_1_241' title='bbox 2704 712 2748 765; x_wconf 93' lang='lat' dir='ltr'><strong>si</strong></span> <span class='ocrx_word' id='word_1_242' title='bbox 2779 726 2906 765; x_wconf 88' lang='lat' dir='ltr'><strong>eum</strong></span> <span class='ocrx_word' id='word_1_243' title='bbox 2954 720 3182 780; x_wconf 89' lang='lat' dir='ltr'><strong>possent</strong></span> <span class='ocrx_word' id='word_1_244' title='bbox 3207 709 3457 779; x_wconf 83' lang='lat' dir='ltr'><strong>adipisci,</strong></span> 
     </span>
    </p>
   </div>
   <div class='ocr_carea' id='block_1_36' title="bbox 1887 802 3458 873">
    <p class='ocr_par' dir='ltr' id='par_1_36' title="bbox 1887 802 3458 873">
     <span class='ocr_line' id='line_1_36' title="bbox 1887 802 3458 873; baseline -0.002 -18"><span class='ocrx_word' id='word_1_245' title='bbox 1887 802 2047 857; x_wconf 78' lang='lat' dir='ltr'><strong>facile</strong></span> <span class='ocrx_word' id='word_1_246' title='bbox 2116 804 2560 873; x_wconf 88' lang='lat' dir='ltr'><strong>interempturos.</strong></span> <span class='ocrx_word' id='word_1_247' title='bbox 2649 803 2744 856; x_wconf 82' lang='lat' dir='ltr'><strong>Est</strong></span> <span class='ocrx_word' id='word_1_248' title='bbox 2803 802 3072 870; x_wconf 86' lang='lat' dir='ltr'><strong>siquidem</strong></span> <span class='ocrx_word' id='word_1_249' title='bbox 3141 802 3285 869; x_wconf 90' lang='lat' dir='ltr'><strong>apud</strong></span> <span class='ocrx_word' id='word_1_250' title='bbox 3359 815 3458 854; x_wconf 90' lang='lat' dir='ltr'><strong>cos</strong></span> 
     </span>
    </p>
   </div>
   <div class='ocr_carea' id='block_1_37' title="bbox 1888 892 3458 962">
    <p class='ocr_par' dir='ltr' id='par_1_37' title="bbox 1888 892 3458 962">
     <span class='ocr_line' id='line_1_37' title="bbox 1888 892 3458 962; baseline -0.003 -15"><span class='ocrx_word' id='word_1_251' title='bbox 1888 893 2144 947; x_wconf 88' lang='lat' dir='ltr'><strong>immanis</strong></span> <span class='ocrx_word' id='word_1_252' title='bbox 2170 896 2272 949; x_wconf 85' lang='lat' dir='ltr'><strong>ista</strong></span> <span class='ocrx_word' id='word_1_253' title='bbox 2296 894 2659 956; x_wconf 69' lang='lat' dir='ltr'><strong>consuetudo,</strong></span> <span class='ocrx_word' id='word_1_254' title='bbox 2684 894 2932 962; x_wconf 85' lang='lat' dir='ltr'><strong>quemvis</strong></span> <span class='ocrx_word' id='word_1_255' title='bbox 2965 894 3177 960; x_wconf 87' lang='lat' dir='ltr'><strong>imperii</strong></span> <span class='ocrx_word' id='word_1_256' title='bbox 3201 892 3458 946; x_wconf 80' lang='lat' dir='ltr'><strong>azmulum</strong></span> 
     </span>
    </p>
   </div>
   <div class='ocr_carea' id='block_1_38' title="bbox 1886 983 3457 1053">
    <p class='ocr_par' dir='ltr' id='par_1_38' title="bbox 1886 983 3457 1053">
     <span class='ocr_line' id='line_1_38' title="bbox 1886 983 3457 1053; baseline -0.002 -16"><span class='ocrx_word' id='word_1_257' title='bbox 1886 985 2156 1048; x_wconf 82' lang='lat' dir='ltr'><strong>occidere,</strong></span> <span class='ocrx_word' id='word_1_258' title='bbox 2201 996 2256 1037; x_wconf 88' lang='lat' dir='ltr'><strong>et</strong></span> <span class='ocrx_word' id='word_1_259' title='bbox 2306 985 2358 1036; x_wconf 92' lang='lat' dir='ltr'><strong>in</strong></span> <span class='ocrx_word' id='word_1_260' title='bbox 2403 1000 2469 1038; x_wconf 94' lang='lat' dir='ltr'><strong>eo</strong></span> <span class='ocrx_word' id='word_1_261' title='bbox 2518 985 2651 1038; x_wconf 80' lang='lat' dir='ltr'><strong>nulli</strong></span> <span class='ocrx_word' id='word_1_262' title='bbox 2706 984 2789 1038; x_wconf 75' lang='lat' dir='ltr'><strong>vel</strong></span> <span class='ocrx_word' id='word_1_263' title='bbox 2817 984 2987 1048; x_wconf 69' lang='lat' dir='ltr'><strong>aetati,</strong></span> <span class='ocrx_word' id='word_1_264' title='bbox 3033 984 3116 1036; x_wconf 90' lang='lat' dir='ltr'><strong>vel</strong></span> <span class='ocrx_word' id='word_1_265' title='bbox 3146 983 3457 1053; x_wconf 77' lang='lat' dir='ltr'><strong>cogitationi</strong></span> 
     </span>
    </p>
   </div>
   <div class='ocr_carea' id='block_1_39' title="bbox 1886 1076 3459 1145">
    <p class='ocr_par' dir='ltr' id='par_1_39' title="bbox 1886 1076 3459 1145">
     <span class='ocr_line' id='line_1_39' title="bbox 1886 1076 3459 1145; baseline 0.001 -19"><span class='ocrx_word' id='word_1_266' title='bbox 1886 1091 2135 1144; x_wconf 80' lang='lat' dir='ltr'><strong>parcere.</strong></span> <span class='ocrx_word' id='word_1_267' title='bbox 2201 1076 2339 1129; x_wconf 88' lang='lat' dir='ltr'><strong>llinc</strong></span> <span class='ocrx_word' id='word_1_268' title='bbox 2404 1087 2453 1129; x_wconf 91' lang='lat' dir='ltr'><strong>et</strong></span> <span class='ocrx_word' id='word_1_269' title='bbox 2520 1077 2789 1145; x_wconf 85' lang='lat' dir='ltr'><strong>principio</strong></span> <span class='ocrx_word' id='word_1_270' title='bbox 2852 1078 3039 1131; x_wconf 89' lang='lat' dir='ltr'><strong>statim</strong></span> <span class='ocrx_word' id='word_1_271' title='bbox 3110 1076 3258 1144; x_wconf 83' lang='lat' dir='ltr'><strong>paiis</strong></span> <span class='ocrx_word' id='word_1_272' title='bbox 3316 1077 3459 1129; x_wconf 89' lang='lat' dir='ltr'><strong>inter</strong></span> 
     </span>
    </p>
   </div>
   <div class='ocr_carea' id='block_1_40' title="bbox 1888 1166 3456 1235">
    <p class='ocr_par' dir='ltr' id='par_1_40' title="bbox 1888 1166 3456 1235">
     <span class='ocr_line' id='line_1_40' title="bbox 1888 1166 3456 1235; baseline 0.001 -17"><span class='ocrx_word' id='word_1_273' title='bbox 1888 1166 2243 1234; x_wconf 75' lang='lat' dir='ltr'><strong>imperatores</strong></span> <span class='ocrx_word' id='word_1_274' title='bbox 2270 1166 2443 1231; x_wconf 64' lang='lat' dir='ltr'><strong>factae,</strong></span> <span class='ocrx_word' id='word_1_275' title='bbox 2476 1176 2599 1235; x_wconf 86' lang='lat' dir='ltr'><strong>post</strong></span> <span class='ocrx_word' id='word_1_276' title='bbox 2625 1166 2884 1221; x_wconf 79' lang='lat' dir='ltr'><strong>Helenam</strong></span> <span class='ocrx_word' id='word_1_277' title='bbox 2912 1167 3230 1235; x_wconf 89' lang='lat' dir='ltr'><strong>imperatori</strong></span> <span class='ocrx_word' id='word_1_278' title='bbox 3250 1167 3456 1234; x_wconf 86' lang='lat' dir='ltr'><strong>juniori</strong></span> 
     </span>
    </p>
   </div>
   <div class='ocr_carea' id='block_1_41' title="bbox 1887 1258 3455 1327">
    <p class='ocr_par' dir='ltr' id='par_1_41' title="bbox 1887 1258 3455 1327">
     <span class='ocr_line' id='line_1_41' title="bbox 1887 1258 3455 1327; baseline -0.001 -16"><span class='ocrx_word' id='word_1_279' title='bbox 1887 1270 2133 1327; x_wconf 84' lang='lat' dir='ltr'><strong>nuptam,</strong></span> <span class='ocrx_word' id='word_1_280' title='bbox 2180 1262 2434 1327; x_wconf 85' lang='lat' dir='ltr'><strong>opinatus</strong></span> <span class='ocrx_word' id='word_1_281' title='bbox 2468 1259 2767 1323; x_wconf 88' lang='lat' dir='ltr'><strong>Orchanes,</strong></span> <span class='ocrx_word' id='word_1_282' title='bbox 2809 1269 3022 1325; x_wconf 80' lang='lat' dir='ltr'><strong>gratum</strong></span> <span class='ocrx_word' id='word_1_283' title='bbox 3068 1273 3126 1312; x_wconf 88' lang='lat' dir='ltr'><strong>se</strong></span> <span class='ocrx_word' id='word_1_284' title='bbox 3177 1258 3455 1311; x_wconf 78' lang='lat' dir='ltr'><strong>facturum</strong></span> 
     </span>
    </p>
   </div>
   <div class='ocr_carea' id='block_1_42' title="bbox 1885 1348 3457 1417">
    <p class='ocr_par' dir='ltr' id='par_1_42' title="bbox 1885 1348 3457 1417">
     <span class='ocr_line' id='line_1_42' title="bbox 1885 1348 3457 1417; baseline -0.002 -15"><span class='ocrx_word' id='word_1_285' title='bbox 1885 1364 2097 1411; x_wconf 88' lang='lat' dir='ltr'><strong>socero,</strong></span> <span class='ocrx_word' id='word_1_286' title='bbox 2133 1349 2178 1402; x_wconf 88' lang='lat' dir='ltr'><strong>si</strong></span> <span class='ocrx_word' id='word_1_287' title='bbox 2211 1364 2318 1417; x_wconf 91' lang='lat' dir='ltr'><strong>quo</strong></span> <span class='ocrx_word' id='word_1_288' title='bbox 2349 1351 2511 1403; x_wconf 91' lang='lat' dir='ltr'><strong>modo</strong></span> <span class='ocrx_word' id='word_1_289' title='bbox 2542 1350 2815 1417; x_wconf 88' lang='lat' dir='ltr'><strong>joniorem</strong></span> <span class='ocrx_word' id='word_1_290' title='bbox 2872 1348 3255 1417; x_wconf 80' lang='lat' dir='ltr'><strong>imperatorem</strong></span> <span class='ocrx_word' id='word_1_291' title='bbox 3291 1348 3457 1416; x_wconf 74' lang='lat' dir='ltr'><strong>jugu-</strong></span> 
     </span>
    </p>
   </div>
   <div class='ocr_carea' id='block_1_43' title="bbox 1883 1439 3457 1507">
    <p class='ocr_par' dir='ltr' id='par_1_43' title="bbox 1883 1439 3457 1507">
     <span class='ocr_line' id='line_1_43' title="bbox 1883 1439 3457 1507; baseline -0.001 -16"><span class='ocrx_word' id='word_1_292' title='bbox 1883 1440 2038 1503; x_wconf 55' lang='lat' dir='ltr'><strong>larit,</strong></span> <span class='ocrx_word' id='word_1_293' title='bbox 2080 1440 2389 1493; x_wconf 82' lang='lat' dir='ltr'><strong>eunuchum</strong></span> <span class='ocrx_word' id='word_1_294' title='bbox 2424 1441 2714 1507; x_wconf 75' lang='lat' dir='ltr'><strong>quemdam</strong></span> <span class='ocrx_word' id='word_1_295' title='bbox 2763 1439 3117 1493; x_wconf 69' lang='lat' dir='ltr'><strong>Mertzianem</strong></span> <span class='ocrx_word' id='word_1_296' title='bbox 3170 1440 3457 1501; x_wconf 84' lang='lat' dir='ltr'><strong>vocabulo,</strong></span> 
     </span>
    </p>
   </div>
   <div class='ocr_carea' id='block_1_44' title="bbox 1883 1532 3458 1602">
    <p class='ocr_par' dir='ltr' id='par_1_44' title="bbox 1883 1532 3458 1602">
     <span class='ocr_line' id='line_1_44' title="bbox 1883 1532 3458 1602; baseline 0.001 -19"><span class='ocrx_word' id='word_1_297' title='bbox 1883 1540 1937 1583; x_wconf 89' lang='lat' dir='ltr'><strong>et</strong></span> <span class='ocrx_word' id='word_1_298' title='bbox 1993 1532 2175 1597; x_wconf 78' lang='lat' dir='ltr'><strong>plures</strong></span> <span class='ocrx_word' id='word_1_299' title='bbox 2230 1533 2362 1586; x_wconf 83' lang='lat' dir='ltr'><strong>alios</strong></span> <span class='ocrx_word' id='word_1_300' title='bbox 2426 1533 2623 1586; x_wconf 90' lang='lat' dir='ltr'><strong>robore</strong></span> <span class='ocrx_word' id='word_1_301' title='bbox 2687 1536 2941 1602; x_wconf 86' lang='lat' dir='ltr'><strong>corporis</strong></span> <span class='ocrx_word' id='word_1_302' title='bbox 3012 1533 3458 1601; x_wconf 81' lang='lat' dir='ltr'><strong>conﬁdentiaque</strong></span> 
     </span>
    </p>
   </div>
   <div class='ocr_carea' id='block_1_45' title="bbox 1883 1625 3460 1695">
    <p class='ocr_par' dir='ltr' id='par_1_45' title="bbox 1883 1625 3460 1695">
     <span class='ocr_line' id='line_1_45' title="bbox 1883 1625 3460 1695; baseline 0.001 -19"><span class='ocrx_word' id='word_1_303' title='bbox 1883 1625 2125 1693; x_wconf 88' lang='lat' dir='ltr'><strong>insignes</strong></span> <span class='ocrx_word' id='word_1_304' title='bbox 2160 1625 2310 1678; x_wconf 88' lang='lat' dir='ltr'><strong>misit</strong></span> <span class='ocrx_word' id='word_1_305' title='bbox 2340 1643 2354 1679; x_wconf 90' lang='lat'><strong>:</strong></span> <span class='ocrx_word' id='word_1_306' title='bbox 2383 1626 2611 1679; x_wconf 88' lang='lat' dir='ltr'><strong>obtentu</strong></span> <span class='ocrx_word' id='word_1_307' title='bbox 2637 1626 2854 1693; x_wconf 89' lang='lat' dir='ltr'><strong>quidem</strong></span> <span class='ocrx_word' id='word_1_308' title='bbox 2887 1625 3173 1695; x_wconf 86' lang='lat' dir='ltr'><strong>legationis</strong></span> <span class='ocrx_word' id='word_1_309' title='bbox 3202 1640 3460 1679; x_wconf 80' lang='lat' dir='ltr'><strong>necessa-</strong></span> 
     </span>
    </p>
   </div>
   <div class='ocr_carea' id='block_1_46' title="bbox 1886 1706 3455 1784">
    <p class='ocr_par' dir='ltr' id='par_1_46' title="bbox 1886 1706 3455 1784">
     <span class='ocr_line' id='line_1_46' title="bbox 1886 1706 3455 1784; baseline 0.002 -17"><span class='ocrx_word' id='word_1_310' title='bbox 1886 1719 2000 1775; x_wconf 85' lang='lat' dir='ltr'><strong>ri.e,</strong></span> <span class='ocrx_word' id='word_1_311' title='bbox 2032 1716 2206 1784; x_wconf 91' lang='lat' dir='ltr'><strong>reipsa</strong></span> <span class='ocrx_word' id='word_1_312' title='bbox 2256 1727 2313 1770; x_wconf 93' lang='lat' dir='ltr'><strong>ut</strong></span> <span class='ocrx_word' id='word_1_313' title='bbox 2360 1733 2484 1769; x_wconf 90' lang='lat' dir='ltr'><strong>eum</strong></span> <span class='ocrx_word' id='word_1_314' title='bbox 2533 1717 2654 1770; x_wconf 89' lang='lat' dir='ltr'><strong>data</strong></span> <span class='ocrx_word' id='word_1_315' title='bbox 2708 1718 2999 1770; x_wconf 84' lang='lat' dir='ltr'><strong>occasione</strong></span> <span class='ocrx_word' id='word_1_316' title='bbox 3040 1706 3455 1772; x_wconf 77' lang='lat' dir='ltr'><strong>obtruncarent.</strong></span> 
     </span>
    </p>
   </div>
   <div class='ocr_carea' id='block_1_47' title="bbox 1883 1806 3455 1877">
    <p class='ocr_par' dir='ltr' id='par_1_47' title="bbox 1883 1806 3455 1877">
     <span class='ocr_line' id='line_1_47' title="bbox 1883 1806 3455 1877; baseline 0.003 -18"><span class='ocrx_word' id='word_1_317' title='bbox 1883 1806 1992 1860; x_wconf 81' lang='lat' dir='ltr'><strong>Nec</strong></span> <span class='ocrx_word' id='word_1_318' title='bbox 2049 1808 2211 1877; x_wconf 86' lang='lat' dir='ltr'><strong>igitur</strong></span> <span class='ocrx_word' id='word_1_319' title='bbox 2264 1808 2397 1861; x_wconf 87' lang='lat' dir='ltr'><strong>fides</strong></span> <span class='ocrx_word' id='word_1_320' title='bbox 2450 1809 2578 1862; x_wconf 84' lang='lat' dir='ltr'><strong>huic</strong></span> <span class='ocrx_word' id='word_1_321' title='bbox 2623 1809 2925 1863; x_wconf 88' lang='lat' dir='ltr'><strong>narrationi</strong></span> <span class='ocrx_word' id='word_1_322' title='bbox 2986 1809 3298 1876; x_wconf 76' lang='lat' dir='ltr'><strong>deroganda</strong></span> <span class='ocrx_word' id='word_1_323' title='bbox 3349 1819 3455 1871; x_wconf 84' lang='lat' dir='ltr'><strong>est.</strong></span> 
     </span>
    </p>
   </div>
   <div class='ocr_carea' id='block_1_48' title="bbox 1885 1898 3452 1967">
    <p class='ocr_par' dir='ltr' id='par_1_48' title="bbox 1885 1898 3452 1967">
     <span class='ocr_line' id='line_1_48' title="bbox 1885 1898 3452 1967; baseline 0 -16"><span class='ocrx_word' id='word_1_324' title='bbox 1885 1900 2039 1965; x_wconf 86' lang='lat' dir='ltr'><strong>quasi</strong></span> <span class='ocrx_word' id='word_1_325' title='bbox 2082 1899 2198 1953; x_wconf 68' lang='lat' dir='ltr'><strong>haec</strong></span> <span class='ocrx_word' id='word_1_326' title='bbox 2237 1899 2292 1951; x_wconf 89' lang='lat' dir='ltr'><strong>in</strong></span> <span class='ocrx_word' id='word_1_327' title='bbox 2330 1898 2508 1951; x_wconf 90' lang='lat' dir='ltr'><strong>medio</strong></span> <span class='ocrx_word' id='word_1_328' title='bbox 2561 1899 2933 1953; x_wconf 64' lang='lat' dir='ltr'><strong>liornanorum</strong></span> <span class='ocrx_word' id='word_1_329' title='bbox 2972 1900 3109 1953; x_wconf 89' lang='lat' dir='ltr'><strong>citra</strong></span> <span class='ocrx_word' id='word_1_330' title='bbox 3148 1900 3452 1967; x_wconf 89' lang='lat' dir='ltr'><strong>periculum</strong></span> 
     </span>
    </p>
   </div>
   <div class='ocr_carea' id='block_1_49' title="bbox 1880 1989 3449 2059">
    <p class='ocr_par' dir='ltr' id='par_1_49' title="bbox 1880 1989 3449 2059">
     <span class='ocr_line' id='line_1_49' title="bbox 1880 1989 3449 2059; baseline 0 -15"><span class='ocrx_word' id='word_1_331' title='bbox 1880 1991 2068 2044; x_wconf 78' lang='lat' dir='ltr'><strong>auderi</strong></span> <span class='ocrx_word' id='word_1_332' title='bbox 2101 2006 2209 2046; x_wconf 91' lang='lat' dir='ltr'><strong>non</strong></span> <span class='ocrx_word' id='word_1_333' title='bbox 2257 1992 2557 2059; x_wconf 88' lang='lat' dir='ltr'><strong>potuerint.</strong></span> <span class='ocrx_word' id='word_1_334' title='bbox 2624 1989 2738 2044; x_wconf 81' lang='lat' dir='ltr'><strong>Mos</strong></span> <span class='ocrx_word' id='word_1_335' title='bbox 2780 1990 2927 2045; x_wconf 90' lang='lat' dir='ltr'><strong>enim</strong></span> <span class='ocrx_word' id='word_1_336' title='bbox 2986 1990 3091 2045; x_wconf 85' lang='lat' dir='ltr'><strong>illis</strong></span> <span class='ocrx_word' id='word_1_337' title='bbox 3142 2002 3283 2055; x_wconf 87' lang='lat' dir='ltr'><strong>erat,</strong></span> <span class='ocrx_word' id='word_1_338' title='bbox 3338 2006 3449 2044; x_wconf 92' lang='lat' dir='ltr'><strong>non</strong></span> 
     </span>
    </p>
   </div>
   <div class='ocr_carea' id='block_1_50' title="bbox 1881 2081 3453 2154">
    <p class='ocr_par' dir='ltr' id='par_1_50' title="bbox 1881 2081 3453 2154">
     <span class='ocr_line' id='line_1_50' title="bbox 1881 2081 3453 2154; baseline -0.001 -17"><span class='ocrx_word' id='word_1_339' title='bbox 1881 2084 2023 2152; x_wconf 91' lang='lat' dir='ltr'><strong>apud</strong></span> <span class='ocrx_word' id='word_1_340' title='bbox 2061 2093 2278 2137; x_wconf 75' lang='lat' dir='ltr'><strong>exteros</strong></span> <span class='ocrx_word' id='word_1_341' title='bbox 2321 2092 2375 2137; x_wconf 87' lang='lat' dir='ltr'><strong>et</strong></span> <span class='ocrx_word' id='word_1_342' title='bbox 2403 2083 2734 2154; x_wconf 77' lang='lat' dir='ltr'><strong>alienigenas</strong></span> <span class='ocrx_word' id='word_1_343' title='bbox 2772 2084 2954 2141; x_wconf 89' lang='lat' dir='ltr'><strong>modo.</strong></span> <span class='ocrx_word' id='word_1_344' title='bbox 2981 2082 3075 2137; x_wconf 87' lang='lat' dir='ltr'><strong>sed</strong></span> <span class='ocrx_word' id='word_1_345' title='bbox 3111 2082 3164 2134; x_wconf 91' lang='lat' dir='ltr'><strong>in</strong></span> <span class='ocrx_word' id='word_1_346' title='bbox 3191 2098 3289 2135; x_wconf 85' lang='lat' dir='ltr'><strong>sua</strong></span> <span class='ocrx_word' id='word_1_347' title='bbox 3323 2081 3453 2136; x_wconf 81' lang='lat' dir='ltr'><strong>item</strong></span> 
     </span>
    </p>
   </div>
   <div class='ocr_carea' id='block_1_51' title="bbox 1881 2174 3456 2245">
    <p class='ocr_par' dir='ltr' id='par_1_51' title="bbox 1881 2174 3456 2245">
     <span class='ocr_line' id='line_1_51' title="bbox 1881 2174 3456 2245; baseline -0.001 -18"><span class='ocrx_word' id='word_1_348' title='bbox 1881 2184 2040 2245; x_wconf 82' lang='lat' dir='ltr'><strong>gente</strong></span> <span class='ocrx_word' id='word_1_349' title='bbox 2078 2174 2388 2243; x_wconf 84' lang='lat' dir='ltr'><strong>hujusmodi</strong></span> <span class='ocrx_word' id='word_1_350' title='bbox 2423 2174 2638 2230; x_wconf 83' lang='lat' dir='ltr'><strong>facinus</strong></span> <span class='ocrx_word' id='word_1_351' title='bbox 2669 2176 2978 2244; x_wconf 83' lang='lat' dir='ltr'><strong>designare,</strong></span> <span class='ocrx_word' id='word_1_352' title='bbox 3037 2182 3092 2225; x_wconf 87' lang='lat' dir='ltr'><strong>et</strong></span> <span class='ocrx_word' id='word_1_353' title='bbox 3129 2180 3323 2241; x_wconf 83' lang='lat' dir='ltr'><strong>sponte</strong></span> <span class='ocrx_word' id='word_1_354' title='bbox 3355 2187 3456 2225; x_wconf 87' lang='lat' dir='ltr'><strong>sua</strong></span> 
     </span>
    </p>
   </div>
   <div class='ocr_carea' id='block_1_52' title="bbox 1883 2269 3457 2342">
    <p class='ocr_par' dir='ltr' id='par_1_52' title="bbox 1883 2269 3457 2342">
     <span class='ocr_line' id='line_1_52' title="bbox 1883 2269 3457 2342; baseline 0.003 -20"><span class='ocrx_word' id='word_1_355' title='bbox 1883 2269 2031 2325; x_wconf 87' lang='lat' dir='ltr'><strong>letho</strong></span> <span class='ocrx_word' id='word_1_356' title='bbox 2061 2280 2224 2338; x_wconf 88' lang='lat' dir='ltr'><strong>caput</strong></span> <span class='ocrx_word' id='word_1_357' title='bbox 2246 2273 2480 2327; x_wconf 85' lang='lat' dir='ltr'><strong>olTerre:</strong></span> <span class='ocrx_word' id='word_1_358' title='bbox 2510 2287 2609 2342; x_wconf 90' lang='lat' dir='ltr'><strong>pro</strong></span> <span class='ocrx_word' id='word_1_359' title='bbox 2631 2286 2696 2324; x_wconf 82' lang='lat' dir='ltr'><strong>eo</strong></span> <span class='ocrx_word' id='word_1_360' title='bbox 2722 2269 2865 2339; x_wconf 92' lang='lat' dir='ltr'><strong>quod</strong></span> <span class='ocrx_word' id='word_1_361' title='bbox 2899 2270 3181 2325; x_wconf 84' lang='lat' dir='ltr'><strong>inimicum</strong></span> <span class='ocrx_word' id='word_1_362' title='bbox 3210 2269 3457 2339; x_wconf 73' lang='lat' dir='ltr'><strong>dynastze</strong></span> 
     </span>
    </p>
   </div>
   <div class='ocr_carea' id='block_1_53' title="bbox 1882 2361 3457 2434">
    <p class='ocr_par' dir='ltr' id='par_1_53' title="bbox 1882 2361 3457 2434">
     <span class='ocr_line' id='line_1_53' title="bbox 1882 2361 3457 2434; baseline 0 -19"><span class='ocrx_word' id='word_1_363' title='bbox 1882 2375 1982 2415; x_wconf 84' lang='lat' dir='ltr'><strong>suo</strong></span> <span class='ocrx_word' id='word_1_364' title='bbox 2016 2363 2371 2427; x_wconf 86' lang='lat' dir='ltr'><strong>trucidautes,</strong></span> <span class='ocrx_word' id='word_1_365' title='bbox 2415 2364 2641 2434; x_wconf 80' lang='lat' dir='ltr'><strong>gratiam</strong></span> <span class='ocrx_word' id='word_1_366' title='bbox 2693 2361 2900 2415; x_wconf 91' lang='lat' dir='ltr'><strong>inirent</strong></span> <span class='ocrx_word' id='word_1_367' title='bbox 2947 2362 3262 2426; x_wconf 76' lang='lat' dir='ltr'><strong>maximam,</strong></span> <span class='ocrx_word' id='word_1_368' title='bbox 3320 2364 3457 2415; x_wconf 86' lang='lat' dir='ltr'><strong>libe-</strong></span> 
     </span>
    </p>
   </div>
   <div class='ocr_carea' id='block_1_54' title="bbox 1885 2454 3455 2521">
    <p class='ocr_par' dir='ltr' id='par_1_54' title="bbox 1885 2454 3455 2521">
     <span class='ocr_line' id='line_1_54' title="bbox 1885 2454 3455 2521; baseline 0.003 -15"><span class='ocrx_word' id='word_1_369' title='bbox 1885 2454 2072 2521; x_wconf 87' lang='lat' dir='ltr'><strong>risque</strong></span> <span class='ocrx_word' id='word_1_370' title='bbox 2106 2469 2169 2508; x_wconf 90' lang='lat' dir='ltr'><strong>ac</strong></span> <span class='ocrx_word' id='word_1_371' title='bbox 2217 2455 2436 2507; x_wconf 73' lang='lat' dir='ltr'><strong>familia:</strong></span> <span class='ocrx_word' id='word_1_372' title='bbox 2480 2469 2591 2508; x_wconf 71' lang='lat' dir='ltr'><strong>suae</strong></span> <span class='ocrx_word' id='word_1_373' title='bbox 2620 2455 3056 2509; x_wconf 77' lang='lat' dir='ltr'><strong>benevolentiam</strong></span> <span class='ocrx_word' id='word_1_374' title='bbox 3106 2456 3273 2521; x_wconf 77' lang='lat' dir='ltr'><strong>illius,</strong></span> <span class='ocrx_word' id='word_1_375' title='bbox 3306 2459 3455 2511; x_wconf 90' lang='lat' dir='ltr'><strong>velut</strong></span> 
     </span>
    </p>
   </div>
   <div class='ocr_carea' id='block_1_55' title="bbox 1883 2546 3458 2617">
    <p class='ocr_par' dir='ltr' id='par_1_55' title="bbox 1883 2546 3458 2617">
     <span class='ocr_line' id='line_1_55' title="bbox 1883 2546 3458 2617; baseline 0.002 -17"><span class='ocrx_word' id='word_1_376' title='bbox 1883 2546 2269 2616; x_wconf 86' lang='lat' dir='ltr'><strong>patrimonium</strong></span> <span class='ocrx_word' id='word_1_377' title='bbox 2297 2546 2565 2616; x_wconf 88' lang='lat' dir='ltr'><strong>quoddam</strong></span> <span class='ocrx_word' id='word_1_378' title='bbox 2618 2546 2982 2615; x_wconf 81' lang='lat' dir='ltr'><strong>relinquerent</strong></span> <span class='ocrx_word' id='word_1_379' title='bbox 3016 2564 3031 2601; x_wconf 88' lang='lat'><strong>:</strong></span> <span class='ocrx_word' id='word_1_380' title='bbox 3060 2551 3336 2617; x_wconf 88' lang='lat' dir='ltr'><strong>quomodo</strong></span> <span class='ocrx_word' id='word_1_381' title='bbox 3372 2549 3458 2603; x_wconf 87' lang='lat' dir='ltr'><strong>ni-</strong></span> 
     </span>
    </p>
   </div>
   <div class='ocr_carea' id='block_1_56' title="bbox 1884 2638 3457 2710">
    <p class='ocr_par' dir='ltr' id='par_1_56' title="bbox 1884 2638 3457 2710">
     <span class='ocr_line' id='line_1_56' title="bbox 1884 2638 3457 2710; baseline 0.001 -18"><span class='ocrx_word' id='word_1_382' title='bbox 1884 2639 2082 2693; x_wconf 85' lang='lat' dir='ltr'><strong>mirum</strong></span> <span class='ocrx_word' id='word_1_383' title='bbox 2144 2639 2306 2692; x_wconf 85' lang='lat' dir='ltr'><strong>etiam</strong></span> <span class='ocrx_word' id='word_1_384' title='bbox 2368 2640 2459 2692; x_wconf 91' lang='lat' dir='ltr'><strong>hic</strong></span> <span class='ocrx_word' id='word_1_385' title='bbox 2518 2638 2842 2692; x_wconf 81' lang='lat' dir='ltr'><strong>Mertzianes</strong></span> <span class='ocrx_word' id='word_1_386' title='bbox 2892 2654 2951 2692; x_wconf 90' lang='lat' dir='ltr'><strong>se</strong></span> <span class='ocrx_word' id='word_1_387' title='bbox 3010 2654 3134 2692; x_wconf 88' lang='lat' dir='ltr'><strong>cum</strong></span> <span class='ocrx_word' id='word_1_388' title='bbox 3192 2642 3457 2710; x_wconf 75' lang='lat' dir='ltr'><strong>sanguine</strong></span> 
     </span>
    </p>
   </div>
   <div class='ocr_carea' id='block_1_57' title="bbox 1884 2730 3455 2801">
    <p class='ocr_par' dir='ltr' id='par_1_57' title="bbox 1884 2730 3455 2801">
     <span class='ocr_line' id='line_1_57' title="bbox 1884 2730 3455 2801; baseline 0 -16"><span class='ocrx_word' id='word_1_389' title='bbox 1884 2747 2072 2801; x_wconf 83' lang='lat' dir='ltr'><strong>poenas</strong></span> <span class='ocrx_word' id='word_1_390' title='bbox 2097 2746 2463 2800; x_wconf 69' lang='lat' dir='ltr'><strong>cxpensurum</strong></span> <span class='ocrx_word' id='word_1_391' title='bbox 2508 2730 2643 2783; x_wconf 89' lang='lat' dir='ltr'><strong>nihil</strong></span> <span class='ocrx_word' id='word_1_392' title='bbox 2688 2730 2965 2796; x_wconf 89' lang='lat' dir='ltr'><strong>dubitans,</strong></span> <span class='ocrx_word' id='word_1_393' title='bbox 2990 2740 3168 2785; x_wconf 90' lang='lat' dir='ltr'><strong>tamen</strong></span> <span class='ocrx_word' id='word_1_394' title='bbox 3198 2742 3455 2785; x_wconf 79' lang='lat' dir='ltr'><strong>conatum</strong></span> 
     </span>
    </p>
   </div>
   <div class='ocr_carea' id='block_1_58' title="bbox 1884 2822 3453 2891">
    <p class='ocr_par' dir='ltr' id='par_1_58' title="bbox 1884 2822 3453 2891">
     <span class='ocr_line' id='line_1_58' title="bbox 1884 2822 3453 2891; baseline 0 -15"><span class='ocrx_word' id='word_1_395' title='bbox 1884 2822 2148 2891; x_wconf 82' lang='lat' dir='ltr'><strong>suscepit,</strong></span> <span class='ocrx_word' id='word_1_396' title='bbox 2187 2831 2243 2875; x_wconf 89' lang='lat' dir='ltr'><strong>et</strong></span> <span class='ocrx_word' id='word_1_397' title='bbox 2288 2837 2393 2889; x_wconf 89' lang='lat' dir='ltr'><strong>qua</strong></span> <span class='ocrx_word' id='word_1_398' title='bbox 2434 2829 2551 2875; x_wconf 85' lang='lat' dir='ltr'><strong>crat</strong></span> <span class='ocrx_word' id='word_1_399' title='bbox 2590 2822 2642 2874; x_wconf 92' lang='lat' dir='ltr'><strong>in</strong></span> <span class='ocrx_word' id='word_1_400' title='bbox 2698 2823 3007 2875; x_wconf 82' lang='lat' dir='ltr'><strong>Orclianem</strong></span> <span class='ocrx_word' id='word_1_401' title='bbox 3063 2826 3453 2891; x_wconf 75' lang='lat' dir='ltr'><strong>propensione,</strong></span> 
     </span>
    </p>
   </div>
   <div class='ocr_carea' id='block_1_59' title="bbox 1884 2910 3459 2979">
    <p class='ocr_par' dir='ltr' id='par_1_59' title="bbox 1884 2910 3459 2979">
     <span class='ocr_line' id='line_1_59' title="bbox 1884 2910 3459 2979; baseline 0.002 -16"><span class='ocrx_word' id='word_1_402' title='bbox 1884 2910 2114 2963; x_wconf 71' lang='lat' dir='ltr'><strong>salutem</strong></span> <span class='ocrx_word' id='word_1_403' title='bbox 2160 2924 2316 2964; x_wconf 88' lang='lat' dir='ltr'><strong>suam</strong></span> <span class='ocrx_word' id='word_1_404' title='bbox 2367 2910 2622 2979; x_wconf 85' lang='lat' dir='ltr'><strong>prodidit.</strong></span> <span class='ocrx_word' id='word_1_405' title='bbox 2676 2910 2982 2979; x_wconf 87' lang='lat' dir='ltr'><strong>Imperator</strong></span> <span class='ocrx_word' id='word_1_406' title='bbox 3035 2911 3459 2967; x_wconf 82' lang='lat' dir='ltr'><strong>Cantaeuzenus</strong></span> 
     </span>
    </p>
   </div>
   <div class='ocr_carea' id='block_1_60' title="bbox 1885 3000 3456 3071">
    <p class='ocr_par' dir='ltr' id='par_1_60' title="bbox 1885 3000 3456 3071">
     <span class='ocr_line' id='line_1_60' title="bbox 1885 3000 3456 3071; baseline -0.001 -15"><span class='ocrx_word' id='word_1_407' title='bbox 1885 3002 1979 3056; x_wconf 83' lang='lat' dir='ltr'><strong>ubi</strong></span> <span class='ocrx_word' id='word_1_408' title='bbox 2013 3002 2239 3055; x_wconf 82' lang='lat' dir='ltr'><strong>insidias</strong></span> <span class='ocrx_word' id='word_1_409' title='bbox 2272 3000 2442 3056; x_wconf 87' lang='lat' dir='ltr'><strong>factas</strong></span> <span class='ocrx_word' id='word_1_410' title='bbox 2475 3002 2749 3071; x_wconf 87' lang='lat' dir='ltr'><strong>cognovit,</strong></span> <span class='ocrx_word' id='word_1_411' title='bbox 2792 3000 3199 3054; x_wconf 85' lang='lat' dir='ltr'><strong>adolescentem</strong></span> <span class='ocrx_word' id='word_1_412' title='bbox 3246 3005 3456 3070; x_wconf 76' lang='lat' dir='ltr'><strong>alisque</strong></span> 
     </span>
    </p>
   </div>
   <div class='ocr_carea' id='block_1_61' title="bbox 1885 3090 3454 3160">
    <p class='ocr_par' dir='ltr' id='par_1_61' title="bbox 1885 3090 3454 3160">
     <span class='ocr_line' id='line_1_61' title="bbox 1885 3090 3454 3160; baseline 0 -15"><span class='ocrx_word' id='word_1_413' title='bbox 1885 3107 1944 3145; x_wconf 88' lang='lat' dir='ltr'><strong>se</strong></span> <span class='ocrx_word' id='word_1_414' title='bbox 1980 3107 2257 3160; x_wconf 86' lang='lat' dir='ltr'><strong>nunquam</strong></span> <span class='ocrx_word' id='word_1_415' title='bbox 2295 3101 2450 3145; x_wconf 81' lang='lat' dir='ltr'><strong>extra</strong></span> <span class='ocrx_word' id='word_1_416' title='bbox 2487 3091 2740 3159; x_wconf 85' lang='lat' dir='ltr'><strong>palatium</strong></span> <span class='ocrx_word' id='word_1_417' title='bbox 2795 3090 3013 3157; x_wconf 90' lang='lat' dir='ltr'><strong>prodire</strong></span> <span class='ocrx_word' id='word_1_418' title='bbox 3056 3091 3248 3152; x_wconf 86' lang='lat' dir='ltr'><strong>voluit,</strong></span> <span class='ocrx_word' id='word_1_419' title='bbox 3284 3092 3454 3159; x_wconf 79' lang='lat' dir='ltr'><strong>potis-</strong></span> 
     </span>
    </p>
   </div>
   <div class='ocr_carea' id='block_1_62' title="bbox 206 3174 1875 3254">
    <p class='ocr_par' dir='ltr' id='par_1_62' title="bbox 206 3174 1853 3254">
     <span class='ocr_line' id='line_1_62' title="bbox 206 3174 1853 3254; baseline 0.001 -29"><span class='ocrx_word' id='word_1_420' title='bbox 206 3176 319 3235; x_wconf 80' lang='grc' dir='ltr'>τοῖς</span> <span class='ocrx_word' id='word_1_421' title='bbox 346 3175 571 3235; x_wconf 76' lang='grc' dir='ltr'>οἰκείοις</span> <span class='ocrx_word' id='word_1_422' title='bbox 604 3175 701 3244; x_wconf 79' lang='grc' dir='ltr'><strong>τὴν</strong></span> <span class='ocrx_word' id='word_1_423' title='bbox 733 3177 940 3227; x_wconf 75' lang='grc' dir='ltr'>ἐκείνου</span> <span class='ocrx_word' id='word_1_424' title='bbox 969 3174 1181 3228; x_wconf 70' lang='grc' dir='ltr'>εὔνοιαν</span> <span class='ocrx_word' id='word_1_425' title='bbox 1211 3177 1546 3241; x_wconf 72' lang='grc' dir='ltr'><strong>καταλιπεῖνΖ</strong></span> <span class='ocrx_word' id='word_1_426' title='bbox 1597 3176 1786 3246; x_wconf 77' lang='grc' dir='ltr'>ὥσπερ</span> <span class='ocrx_word' id='word_1_427' title='bbox 1813 3197 1853 3254; x_wconf 79' lang='lat' dir='ltr'>C</span> 
     </span>
    </p>
   </div>
   <div class='ocr_carea' id='block_1_63' title="bbox 1782 3174 3451 3254">
    <p class='ocr_par' dir='ltr' id='par_1_63' title="bbox 1782 3181 3451 3254">
     <span class='ocr_line' id='line_1_63' title="bbox 1782 3181 3451 3254; baseline 0.001 -17"><span class='ocrx_word' id='word_1_428' title='bbox 1782 3197 1853 3254; x_wconf 74' lang='grc' dir='ltr'>ὀ</span> <span class='ocrx_word' id='word_1_429' title='bbox 1889 3184 2084 3237; x_wconf 85' lang='lat' dir='ltr'><strong>simum</strong></span> <span class='ocrx_word' id='word_1_430' title='bbox 2122 3183 2482 3236; x_wconf 83' lang='lat' dir='ltr'><strong>Barbarorum</strong></span> <span class='ocrx_word' id='word_1_431' title='bbox 2523 3183 2714 3250; x_wconf 75' lang='lat' dir='ltr'><strong>legatis</strong></span> <span class='ocrx_word' id='word_1_432' title='bbox 2770 3181 3010 3252; x_wconf 83' lang='lat' dir='ltr'><strong>Byzantii</strong></span> <span class='ocrx_word' id='word_1_433' title='bbox 3060 3184 3451 3238; x_wconf 82' lang='lat' dir='ltr'><strong>versantibus:</strong></span> 
     </span>
    </p>
   </div>
   <div class='ocr_carea' id='block_1_64' title="bbox 203 3262 1781 3337">
    <p class='ocr_par' dir='ltr' id='par_1_64' title="bbox 203 3262 1781 3337">
     <span class='ocr_line' id='line_1_64' title="bbox 203 3262 1781 3337; baseline 0.001 -19"><span class='ocrx_word' id='word_1_434' title='bbox 203 3266 343 3330; x_wconf 81' lang='grc' dir='ltr'>δῆτα</span> <span class='ocrx_word' id='word_1_435' title='bbox 399 3269 495 3318; x_wconf 83' lang='grc' dir='ltr'><strong>καί</strong></span> <span class='ocrx_word' id='word_1_436' title='bbox 545 3268 572 3319; x_wconf 90' lang='grc' dir='ltr'>ὀ</span> <span class='ocrx_word' id='word_1_437' title='bbox 616 3268 805 3335; x_wconf 73' lang='grc' dir='ltr'>Μερτζ</span> <span class='ocrx_word' id='word_1_438' title='bbox 831 3267 963 3337; x_wconf 82' lang='grc' dir='ltr'>ἁνης</span> <span class='ocrx_word' id='word_1_439' title='bbox 1016 3262 1196 3330; x_wconf 76' lang='grc' dir='ltr'>οὗτος,</span> <span class='ocrx_word' id='word_1_440' title='bbox 1235 3269 1551 3337; x_wconf 65' lang='grc' dir='ltr'>σαφέστατα</span> <span class='ocrx_word' id='word_1_441' title='bbox 1606 3268 1781 3332; x_wconf 77' lang='grc' dir='ltr'>εἰδὼς,</span> 
     </span>
    </p>
   </div>
   <div class='ocr_carea' id='block_1_65' title="bbox 204 3360 1788 3429">
    <p class='ocr_par' dir='ltr' id='par_1_65' title="bbox 204 3360 1788 3429">
     <span class='ocr_line' id='line_1_65' title="bbox 204 3360 1788 3429; baseline 0.002 -20"><span class='ocrx_word' id='word_1_442' title='bbox 204 3360 288 3411; x_wconf 71' lang='grc' dir='ltr'>ὅτι</span> <span class='ocrx_word' id='word_1_443' title='bbox 320 3360 416 3411; x_wconf 75' lang='grc' dir='ltr'><strong>καὶ</strong></span> <span class='ocrx_word' id='word_1_444' title='bbox 446 3360 606 3421; x_wconf 77' lang='grc' dir='ltr'>αὐτὸς</span> <span class='ocrx_word' id='word_1_445' title='bbox 636 3361 1013 3425; x_wconf 80' lang='grc' dir='ltr'>ἀποθανεῖται,</span> <span class='ocrx_word' id='word_1_446' title='bbox 1044 3361 1195 3429; x_wconf 78' lang='grc' dir='ltr'>ὅμως</span> <span class='ocrx_word' id='word_1_447' title='bbox 1235 3362 1500 3428; x_wconf 74' lang='grc' dir='ltr'>ὑφίστατο</span> <span class='ocrx_word' id='word_1_448' title='bbox 1537 3362 1633 3429; x_wconf 79' lang='grc' dir='ltr'><strong>τὴν</strong></span> <span class='ocrx_word' id='word_1_449' title='bbox 1668 3364 1788 3412; x_wconf 73' lang='grc' dir='ltr'>ἑπι-</span> 
     </span>
    </p>
   </div>
   <div class='ocr_carea' id='block_1_66' title="bbox 204 3450 1783 3521">
    <p class='ocr_par' dir='ltr' id='par_1_66' title="bbox 204 3450 1783 3521">
     <span class='ocr_line' id='line_1_66' title="bbox 204 3450 1783 3521; baseline 0.001 -20"><span class='ocrx_word' id='word_1_450' title='bbox 204 3452 483 3520; x_wconf 79' lang='grc' dir='ltr'>χείρησιν,</span> <span class='ocrx_word' id='word_1_451' title='bbox 519 3451 606 3503; x_wconf 71' lang='grc' dir='ltr'>διὰ</span> <span class='ocrx_word' id='word_1_452' title='bbox 638 3454 733 3519; x_wconf 76' lang='grc' dir='ltr'>τὴν</span> <span class='ocrx_word' id='word_1_453' title='bbox 762 3452 895 3520; x_wconf 84' lang='grc' dir='ltr'>πρὸς</span> <span class='ocrx_word' id='word_1_454' title='bbox 915 3452 1005 3504; x_wconf 74' lang='grc' dir='ltr'>τὸν</span> <span class='ocrx_word' id='word_1_455' title='bbox 1045 3452 1312 3521; x_wconf 70' lang='grc' dir='ltr'>Ὀρχανην</span> <span class='ocrx_word' id='word_1_456' title='bbox 1334 3450 1545 3502; x_wconf 71' lang='grc' dir='ltr'>εὔνοιαν</span> <span class='ocrx_word' id='word_1_457' title='bbox 1578 3452 1673 3521; x_wconf 80' lang='grc' dir='ltr'><strong>τὴν</strong></span> <span class='ocrx_word' id='word_1_458' title='bbox 1709 3453 1783 3503; x_wconf 72' lang='lat' dir='ltr'><strong>oi-</strong></span> 
     </span>
    </p>
   </div>
   <div class='ocr_carea' id='block_1_67' title="bbox 206 3541 1786 3613">
    <p class='ocr_par' dir='ltr' id='par_1_67' title="bbox 206 3541 1786 3613">
     <span class='ocr_line' id='line_1_67' title="bbox 206 3541 1786 3613; baseline -0.001 -17"><span class='ocrx_word' id='word_1_459' title='bbox 206 3548 366 3597; x_wconf 67' lang='grc' dir='ltr'>κείαν</span> <span class='ocrx_word' id='word_1_460' title='bbox 406 3544 682 3613; x_wconf 74' lang='grc' dir='ltr'>σωτηρίαν</span> <span class='ocrx_word' id='word_1_461' title='bbox 716 3543 1159 3613; x_wconf 80' lang='grc' dir='ltr'>καταπροδιδούς.</span> <span class='ocrx_word' id='word_1_462' title='bbox 1196 3541 1459 3601; x_wconf 78' lang='grc' dir='ltr'>Βασιλεὺς</span> <span class='ocrx_word' id='word_1_463' title='bbox 1505 3544 1558 3595; x_wconf 84' lang='grc' dir='ltr'>δὲ</span> <span class='ocrx_word' id='word_1_464' title='bbox 1590 3547 1615 3594; x_wconf 73' lang='grc'>6</span> <span class='ocrx_word' id='word_1_465' title='bbox 1642 3545 1786 3595; x_wconf 83' lang='grc' dir='ltr'>Καν-</span> 
     </span>
    </p>
   </div>
   <div class='ocr_carea' id='block_1_68' title="bbox 203 3636 1783 3706">
    <p class='ocr_par' dir='ltr' id='par_1_68' title="bbox 203 3636 1783 3706">
     <span class='ocr_line' id='line_1_68' title="bbox 203 3636 1783 3706; baseline -0.001 -17"><span class='ocrx_word' id='word_1_466' title='bbox 203 3636 592 3705; x_wconf 78' lang='grc' dir='ltr'>τακουζηνὸς,</span> <span class='ocrx_word' id='word_1_467' title='bbox 641 3638 762 3688; x_wconf 80' lang='grc' dir='ltr'>ἐπεὶ</span> <span class='ocrx_word' id='word_1_468' title='bbox 827 3636 1091 3706; x_wconf 72' lang='grc' dir='ltr'>ᾐσθάνετο</span> <span class='ocrx_word' id='word_1_469' title='bbox 1146 3638 1479 3705; x_wconf 78' lang='grc' dir='ltr'>μηνυθεῖσαν</span> <span class='ocrx_word' id='word_1_470' title='bbox 1528 3638 1627 3704; x_wconf 78' lang='grc' dir='ltr'>τὴν</span> <span class='ocrx_word' id='word_1_471' title='bbox 1690 3636 1783 3687; x_wconf 70' lang='grc' dir='ltr'>τοῦ</span> 
     </span>
    </p>
   </div>
   <div class='ocr_carea' id='block_1_69' title="bbox 208 3728 1785 3797">
    <p class='ocr_par' dir='ltr' id='par_1_69' title="bbox 208 3728 1785 3797">
     <span class='ocr_line' id='line_1_69' title="bbox 208 3728 1785 3797; baseline -0.002 -15"><span class='ocrx_word' id='word_1_472' title='bbox 208 3730 407 3791; x_wconf 73' lang='grc' dir='ltr'>παιδὸς</span> <span class='ocrx_word' id='word_1_473' title='bbox 461 3729 773 3797; x_wconf 68' lang='grc' dir='ltr'>ἐπιϐουλὴν,</span> <span class='ocrx_word' id='word_1_474' title='bbox 836 3732 1045 3781; x_wconf 75' lang='grc' dir='ltr'>ἐκεῖνον</span> <span class='ocrx_word' id='word_1_475' title='bbox 1100 3730 1197 3797; x_wconf 81' lang='grc' dir='ltr'><strong>μὲν</strong></span> <span class='ocrx_word' id='word_1_476' title='bbox 1248 3731 1464 3797; x_wconf 72' lang='grc' dir='ltr'>ἐκέλευε</span> <span class='ocrx_word' id='word_1_477' title='bbox 1512 3728 1585 3797; x_wconf 76' lang='grc' dir='ltr'>μὴ</span> <span class='ocrx_word' id='word_1_478' title='bbox 1617 3729 1785 3797; x_wconf 68' lang='grc' dir='ltr'>χωρὶς</span> 
     </span>
    </p>
   </div>
   <div class='ocr_carea' id='block_1_70' title="bbox 205 3820 1782 3890">
    <p class='ocr_par' dir='ltr' id='par_1_70' title="bbox 205 3820 1782 3890">
     <span class='ocr_line' id='line_1_70' title="bbox 205 3820 1782 3890; baseline -0.001 -18"><span class='ocrx_word' id='word_1_479' title='bbox 205 3822 373 3873; x_wconf 74' lang='grc' dir='ltr'>αὑτοῦ</span> <span class='ocrx_word' id='word_1_480' title='bbox 407 3821 726 3888; x_wconf 80' lang='grc' dir='ltr'>προὸαίνειν</span> <span class='ocrx_word' id='word_1_481' title='bbox 758 3820 1046 3889; x_wconf 82' lang='grc' dir='ltr'>βασιλείων</span> <span class='ocrx_word' id='word_1_482' title='bbox 1073 3824 1207 3890; x_wconf 82' lang='grc' dir='ltr'>μήτε</span> <span class='ocrx_word' id='word_1_483' title='bbox 1235 3822 1348 3882; x_wconf 82' lang='grc' dir='ltr'>νῦν,</span> <span class='ocrx_word' id='word_1_484' title='bbox 1386 3820 1510 3890; x_wconf 73' lang='grc' dir='ltr'>μηθ’</span> <span class='ocrx_word' id='word_1_485' title='bbox 1539 3820 1782 3889; x_wconf 77' lang='grc' dir='ltr'>ὕστερον,</span> 
     </span>
    </p>
   </div>
   <div class='ocr_carea' id='block_1_71' title="bbox 208 3914 1785 3984">
    <p class='ocr_par' dir='ltr' id='par_1_71' title="bbox 208 3914 1785 3984">
     <span class='ocr_line' id='line_1_71' title="bbox 208 3914 1785 3984; baseline -0.001 -18"><span class='ocrx_word' id='word_1_486' title='bbox 208 3915 498 3983; x_wconf 73' lang='grc' dir='ltr'>Βυζαντίῳ</span> <span class='ocrx_word' id='word_1_487' title='bbox 561 3914 791 3983; x_wconf 84' lang='grc' dir='ltr'>μάλιστα</span> <span class='ocrx_word' id='word_1_488' title='bbox 863 3916 927 3965; x_wconf 79' lang='grc' dir='ltr'>ἐκ</span> <span class='ocrx_word' id='word_1_489' title='bbox 990 3914 1097 3966; x_wconf 75' lang='grc' dir='ltr'>τῶν</span> <span class='ocrx_word' id='word_1_490' title='bbox 1162 3914 1452 3983; x_wconf 73' lang='grc' dir='ltr'>βαρϐάρων</span> <span class='ocrx_word' id='word_1_491' title='bbox 1504 3914 1785 3984; x_wconf 71' lang='grc' dir='ltr'>πρέσϐεων</span> 
     </span>
    </p>
   </div>
   <div class='ocr_carea' id='block_1_72' title="bbox 207 4006 1785 4074">
    <p class='ocr_par' dir='ltr' id='par_1_72' title="bbox 207 4006 1785 4074">
     <span class='ocr_line' id='line_1_72' title="bbox 207 4006 1785 4074; baseline -0.001 -16"><span class='ocrx_word' id='word_1_492' title='bbox 207 4007 649 4073; x_wconf 61' lang='grc' dir='ltr'>ἐπιδημούντων</span> <span class='ocrx_word' id='word_1_493' title='bbox 672 4006 1018 4074; x_wconf 70' lang='grc' dir='ltr'>Μερτζιάνην</span> <span class='ocrx_word' id='word_1_494' title='bbox 1040 4006 1096 4056; x_wconf 81' lang='grc' dir='ltr'>δὲ</span> <span class='ocrx_word' id='word_1_495' title='bbox 1127 4009 1347 4072; x_wconf 78' lang='grc' dir='ltr'>ταχεῖαν</span> <span class='ocrx_word' id='word_1_496' title='bbox 1374 4006 1470 4073; x_wconf 82' lang='grc' dir='ltr'><strong>τὴν</strong></span> <span class='ocrx_word' id='word_1_497' title='bbox 1494 4007 1785 4073; x_wconf 70' lang='grc' dir='ltr'>ἀπόκρισιν</span> 
     </span>
    </p>
   </div>
   <div class='ocr_carea' id='block_1_73' title="bbox 209 4092 1783 4167">
    <p class='ocr_par' dir='ltr' id='par_1_73' title="bbox 209 4092 1783 4167">
     <span class='ocr_line' id='line_1_73' title="bbox 209 4092 1783 4167; baseline 0 -20"><span class='ocrx_word' id='word_1_498' title='bbox 209 4100 581 4167; x_wconf 62' lang='grc' dir='ltr'>ποιησάμενος</span> <span class='ocrx_word' id='word_1_499' title='bbox 624 4096 706 4164; x_wconf 77' lang='grc' dir='ltr'><strong>ἐφ’</strong></span> <span class='ocrx_word' id='word_1_500' title='bbox 758 4092 838 4157; x_wconf 77' lang='grc' dir='ltr'>οἷς</span> <span class='ocrx_word' id='word_1_501' title='bbox 885 4097 1253 4162; x_wconf 74' lang='grc' dir='ltr'>ἐπρέσϐευεν,</span> <span class='ocrx_word' id='word_1_502' title='bbox 1300 4096 1634 4162; x_wconf 78' lang='grc' dir='ltr'>ἀπέπεμπε.</span> <span class='ocrx_word' id='word_1_503' title='bbox 1688 4098 1783 4147; x_wconf 76' lang='grc' dir='ltr'>Διά</span> 
     </span>
    </p>
   </div>
   <div class='ocr_carea' id='block_1_74' title="bbox 208 4186 1785 4257">
    <p class='ocr_par' dir='ltr' id='par_1_74' title="bbox 208 4186 1785 4257">
     <span class='ocr_line' id='line_1_74' title="bbox 208 4186 1785 4257; baseline -0.003 -14"><span class='ocrx_word' id='word_1_504' title='bbox 208 4191 417 4257; x_wconf 85' lang='grc' dir='ltr'>ταύτην</span> <span class='ocrx_word' id='word_1_505' title='bbox 440 4186 533 4242; x_wconf 74' lang='grc' dir='ltr'>οὖν</span> <span class='ocrx_word' id='word_1_506' title='bbox 554 4188 651 4255; x_wconf 83' lang='grc' dir='ltr'>τὴν</span> <span class='ocrx_word' id='word_1_507' title='bbox 680 4190 809 4256; x_wconf 75' lang='grc' dir='ltr'>πρὸς</span> <span class='ocrx_word' id='word_1_508' title='bbox 839 4188 927 4240; x_wconf 77' lang='grc' dir='ltr'><strong>τὸν</strong></span> <span class='ocrx_word' id='word_1_509' title='bbox 955 4189 1073 4240; x_wconf 88' lang='grc' dir='ltr'>νέον</span> <span class='ocrx_word' id='word_1_510' title='bbox 1101 4187 1326 4255; x_wconf 75' lang='grc' dir='ltr'>βασιλέα</span> <span class='ocrx_word' id='word_1_511' title='bbox 1356 4188 1465 4239; x_wconf 80' lang='grc' dir='ltr'>τῶν</span> <span class='ocrx_word' id='word_1_512' title='bbox 1498 4187 1785 4256; x_wconf 66' lang='grc' dir='ltr'>βαρϐαρων</span> 
     </span>
    </p>
   </div>
   <div class='ocr_carea' id='block_1_75' title="bbox 209 4281 1786 4351">
    <p class='ocr_par' dir='ltr' id='par_1_75' title="bbox 209 4281 1786 4351">
     <span class='ocr_line' id='line_1_75' title="bbox 209 4281 1786 4351; baseline -0.003 -15"><span class='ocrx_word' id='word_1_513' title='bbox 209 4285 541 4351; x_wconf 80' lang='grc' dir='ltr'>δυσμένειαν</span> <span class='ocrx_word' id='word_1_514' title='bbox 570 4283 664 4343; x_wconf 68' lang='grc' dir='ltr'><strong>τά,</strong></span> <span class='ocrx_word' id='word_1_515' title='bbox 714 4283 961 4350; x_wconf 72' lang='grc' dir='ltr'>τριήρεις</span> <span class='ocrx_word' id='word_1_516' title='bbox 1008 4281 1308 4347; x_wconf 75' lang='grc' dir='ltr'>ἐφοπλίσας</span> <span class='ocrx_word' id='word_1_517' title='bbox 1344 4282 1786 4347; x_wconf 70' lang='grc' dir='ltr'>παρεσκευάζετο</span> 
     </span>
    </p>
   </div>
   <div class='ocr_carea' id='block_1_76' title="bbox 211 4369 1783 4442">
    <p class='ocr_par' dir='ltr' id='par_1_76' title="bbox 211 4369 1783 4442">
     <span class='ocr_line' id='line_1_76' title="bbox 211 4369 1783 4442; baseline -0.003 -14"><span class='ocrx_word' id='word_1_518' title='bbox 211 4380 302 4428; x_wconf 73' lang='grc' dir='ltr'>καὶ</span> <span class='ocrx_word' id='word_1_519' title='bbox 331 4374 520 4435; x_wconf 79' lang='grc' dir='ltr'>αὑτός.</span> <span class='ocrx_word' id='word_1_520' title='bbox 561 4374 786 4442; x_wconf 85' lang='grc' dir='ltr'>Γνώμην</span> <span class='ocrx_word' id='word_1_521' title='bbox 817 4374 870 4425; x_wconf 81' lang='grc' dir='ltr'>δὲ</span> <span class='ocrx_word' id='word_1_522' title='bbox 900 4369 1067 4441; x_wconf 74' lang='grc' dir='ltr'>εἶχεν,</span> <span class='ocrx_word' id='word_1_523' title='bbox 1101 4374 1175 4431; x_wconf 81' lang='grc' dir='ltr'>ὡς</span> <span class='ocrx_word' id='word_1_524' title='bbox 1224 4371 1317 4423; x_wconf 81' lang='grc' dir='ltr'>νῦν</span> <span class='ocrx_word' id='word_1_525' title='bbox 1358 4372 1456 4439; x_wconf 82' lang='grc' dir='ltr'><strong>μὲν</strong></span> <span class='ocrx_word' id='word_1_526' title='bbox 1506 4373 1563 4435; x_wconf 77' lang='grc' dir='ltr'><strong>ἐξ</strong></span> <span class='ocrx_word' id='word_1_527' title='bbox 1594 4372 1783 4437; x_wconf 65' lang='grc' dir='ltr'>ἐφόδου</span> 
     </span>
    </p>
   </div>
   <div class='ocr_carea' id='block_1_77' title="bbox 1887 3272 3455 3342">
    <p class='ocr_par' dir='ltr' id='par_1_77' title="bbox 1887 3272 3455 3342">
     <span class='ocr_line' id='line_1_77' title="bbox 1887 3272 3455 3342; baseline 0 -15"><span class='ocrx_word' id='word_1_528' title='bbox 1887 3274 2232 3327; x_wconf 79' lang='lat' dir='ltr'><strong>Mertziancm</strong></span> <span class='ocrx_word' id='word_1_529' title='bbox 2273 3290 2401 3325; x_wconf 85' lang='lat' dir='ltr'><strong>vero</strong></span> <span class='ocrx_word' id='word_1_530' title='bbox 2433 3273 2684 3326; x_wconf 77' lang='lat' dir='ltr'><strong>celi-riter</strong></span> <span class='ocrx_word' id='word_1_531' title='bbox 2714 3272 2781 3326; x_wconf 89' lang='lat' dir='ltr'><strong>ad</strong></span> <span class='ocrx_word' id='word_1_532' title='bbox 2823 3272 3149 3342; x_wconf 85' lang='lat' dir='ltr'><strong>legationem</strong></span> <span class='ocrx_word' id='word_1_533' title='bbox 3199 3273 3327 3326; x_wconf 80' lang='lat' dir='ltr'><strong>dato</strong></span> <span class='ocrx_word' id='word_1_534' title='bbox 3366 3288 3455 3327; x_wconf 88' lang='lat' dir='ltr'><strong>re-</strong></span> 
     </span>
    </p>
   </div>
   <div class='ocr_carea' id='block_1_78' title="bbox 1886 3362 3455 3435">
    <p class='ocr_par' dir='ltr' id='par_1_78' title="bbox 1886 3362 3455 3435">
     <span class='ocr_line' id='line_1_78' title="bbox 1886 3362 3455 3435; baseline -0.002 -16"><span class='ocrx_word' id='word_1_535' title='bbox 1886 3381 2088 3435; x_wconf 86' lang='lat' dir='ltr'><strong>sponso</strong></span> <span class='ocrx_word' id='word_1_536' title='bbox 2142 3364 2366 3419; x_wconf 86' lang='lat' dir='ltr'><strong>dimisit.</strong></span> <span class='ocrx_word' id='word_1_537' title='bbox 2428 3364 2507 3417; x_wconf 91' lang='lat' dir='ltr'><strong>Ob</strong></span> <span class='ocrx_word' id='word_1_538' title='bbox 2569 3364 2710 3417; x_wconf 89' lang='lat' dir='ltr'><strong>hanc</strong></span> <span class='ocrx_word' id='word_1_539' title='bbox 2770 3364 2939 3432; x_wconf 82' lang='lat' dir='ltr'><strong>igitur</strong></span> <span class='ocrx_word' id='word_1_540' title='bbox 2998 3379 3126 3432; x_wconf 81' lang='lat' dir='ltr'><strong>erga</strong></span> <span class='ocrx_word' id='word_1_541' title='bbox 3182 3362 3455 3431; x_wconf 83' lang='lat' dir='ltr'><strong>juniorem</strong></span> 
     </span>
    </p>
   </div>
   <div class='ocr_carea' id='block_1_79' title="bbox 1888 3456 3455 3526">
    <p class='ocr_par' dir='ltr' id='par_1_79' title="bbox 1888 3456 3455 3526">
     <span class='ocr_line' id='line_1_79' title="bbox 1888 3456 3455 3526; baseline -0.002 -15"><span class='ocrx_word' id='word_1_542' title='bbox 1888 3460 2275 3526; x_wconf 81' lang='lat' dir='ltr'><strong>imperatorem</strong></span> <span class='ocrx_word' id='word_1_543' title='bbox 2312 3456 2670 3510; x_wconf 88' lang='lat' dir='ltr'><strong>Barbarorum</strong></span> <span class='ocrx_word' id='word_1_544' title='bbox 2705 3456 3094 3526; x_wconf 79' lang='lat' dir='ltr'><strong>malignitatem</strong></span> <span class='ocrx_word' id='word_1_545' title='bbox 3136 3458 3360 3509; x_wconf 86' lang='lat' dir='ltr'><strong>armatis</strong></span> <span class='ocrx_word' id='word_1_546' title='bbox 3401 3458 3455 3509; x_wconf 92' lang='lat' dir='ltr'><strong>in</strong></span> 
     </span>
    </p>
   </div>
   <div class='ocr_carea' id='block_1_80' title="bbox 1889 3547 3459 3617">
    <p class='ocr_par' dir='ltr' id='par_1_80' title="bbox 1889 3547 3459 3617">
     <span class='ocr_line' id='line_1_80' title="bbox 1889 3547 3459 3617; baseline -0.004 -13"><span class='ocrx_word' id='word_1_547' title='bbox 1889 3550 2141 3604; x_wconf 89' lang='lat' dir='ltr'><strong>triremes</strong></span> <span class='ocrx_word' id='word_1_548' title='bbox 2184 3549 2456 3617; x_wconf 77' lang='lat' dir='ltr'><strong>impositis</strong></span> <span class='ocrx_word' id='word_1_549' title='bbox 2486 3556 2540 3600; x_wconf 89' lang='lat' dir='ltr'><strong>ct</strong></span> <span class='ocrx_word' id='word_1_550' title='bbox 2570 3549 2684 3615; x_wconf 85' lang='lat' dir='ltr'><strong>ipse</strong></span> <span class='ocrx_word' id='word_1_551' title='bbox 2724 3562 2784 3600; x_wconf 87' lang='lat' dir='ltr'><strong>se</strong></span> <span class='ocrx_word' id='word_1_552' title='bbox 2814 3547 3183 3615; x_wconf 88' lang='lat' dir='ltr'><strong>comparabat.</strong></span> <span class='ocrx_word' id='word_1_553' title='bbox 3214 3547 3459 3601; x_wconf 80' lang='lat' dir='ltr'><strong>llaLebat</strong></span> 
     </span>
    </p>
   </div>
   <div class='ocr_carea' id='block_1_81' title="bbox 1885 3622 3459 3709">
    <p class='ocr_par' dir='ltr' id='par_1_81' title="bbox 1885 3622 3459 3709">
     <span class='ocr_line' id='line_1_81' title="bbox 1885 3622 3459 3709; baseline -0.001 -16"><span class='ocrx_word' id='word_1_554' title='bbox 1885 3652 2067 3695; x_wconf 83' lang='lat' dir='ltr'><strong>autent</strong></span> <span class='ocrx_word' id='word_1_555' title='bbox 2127 3622 2486 3709; x_wconf 81' lang='lat' dir='ltr'><strong>propositum,</strong></span> <span class='ocrx_word' id='word_1_556' title='bbox 2553 3654 2697 3692; x_wconf 90' lang='lat' dir='ltr'><strong>nunc</strong></span> <span class='ocrx_word' id='word_1_557' title='bbox 2749 3639 2967 3707; x_wconf 87' lang='lat' dir='ltr'><strong>quidem</strong></span> <span class='ocrx_word' id='word_1_558' title='bbox 3024 3640 3200 3708; x_wconf 88' lang='lat' dir='ltr'><strong>primo</strong></span> <span class='ocrx_word' id='word_1_559' title='bbox 3248 3639 3459 3708; x_wconf 89' lang='lat' dir='ltr'><strong>impetu</strong></span> 
     </span>
    </p>
   </div>
   <div class='ocr_carea' id='block_1_82' title="bbox 1887 3728 3455 3797">
    <p class='ocr_par' dir='ltr' id='par_1_82' title="bbox 1887 3728 3455 3797">
     <span class='ocr_line' id='line_1_82' title="bbox 1887 3728 3455 3797; baseline -0.003 -11"><span class='ocrx_word' id='word_1_560' title='bbox 1887 3733 2157 3787; x_wconf 86' lang='lat' dir='ltr'><strong>Triballos</strong></span> <span class='ocrx_word' id='word_1_561' title='bbox 2222 3730 2505 3784; x_wconf 88' lang='lat' dir='ltr'><strong>obsidione</strong></span> <span class='ocrx_word' id='word_1_562' title='bbox 2562 3728 2856 3797; x_wconf 82' lang='lat' dir='ltr'><strong>depellere,</strong></span> <span class='ocrx_word' id='word_1_563' title='bbox 2908 3738 2963 3782; x_wconf 90' lang='lat' dir='ltr'><strong>et</strong></span> <span class='ocrx_word' id='word_1_564' title='bbox 3013 3728 3455 3783; x_wconf 86' lang='lat' dir='ltr'><strong>Thessalonicam</strong></span> 
     </span>
    </p>
   </div>
   <div class='ocr_carea' id='block_1_83' title="bbox 1889 3819 3458 3888">
    <p class='ocr_par' dir='ltr' id='par_1_83' title="bbox 1889 3819 3458 3888">
     <span class='ocr_line' id='line_1_83' title="bbox 1889 3819 3458 3888; baseline -0.004 -9"><span class='ocrx_word' id='word_1_565' title='bbox 1889 3824 2202 3879; x_wconf 86' lang='lat' dir='ltr'><strong>discrimine</strong></span> <span class='ocrx_word' id='word_1_566' title='bbox 2234 3821 2466 3874; x_wconf 87' lang='lat' dir='ltr'><strong>liberare</strong></span> <span class='ocrx_word' id='word_1_567' title='bbox 2498 3836 2512 3883; x_wconf 88' lang='lat'><strong>;</strong></span> <span class='ocrx_word' id='word_1_568' title='bbox 2539 3819 2648 3888; x_wconf 85' lang='lat' dir='ltr'><strong>jam</strong></span> <span class='ocrx_word' id='word_1_569' title='bbox 2683 3819 2827 3872; x_wconf 87' lang='lat' dir='ltr'><strong>enim</strong></span> <span class='ocrx_word' id='word_1_570' title='bbox 2874 3827 2929 3873; x_wconf 88' lang='lat' dir='ltr'><strong>et</strong></span> <span class='ocrx_word' id='word_1_571' title='bbox 2975 3827 3267 3872; x_wconf 85' lang='lat' dir='ltr'><strong>autumnus</strong></span> <span class='ocrx_word' id='word_1_572' title='bbox 3296 3834 3458 3872; x_wconf 79' lang='lat' dir='ltr'><strong>sene-</strong></span> 
     </span>
    </p>
   </div>
   <div class='ocr_carea' id='block_1_84' title="bbox 1887 3911 3455 3981">
    <p class='ocr_par' dir='ltr' id='par_1_84' title="bbox 1887 3911 3455 3981">
     <span class='ocr_line' id='line_1_84' title="bbox 1887 3911 3455 3981; baseline -0.004 -10"><span class='ocrx_word' id='word_1_573' title='bbox 1887 3918 2114 3980; x_wconf 71' lang='lat' dir='ltr'><strong>sccb.it;</strong></span> <span class='ocrx_word' id='word_1_574' title='bbox 2156 3914 2355 3968; x_wconf 89' lang='lat' dir='ltr'><strong>deinde</strong></span> <span class='ocrx_word' id='word_1_575' title='bbox 2412 3913 2799 3981; x_wconf 87' lang='lat' dir='ltr'><strong>imperatorem</strong></span> <span class='ocrx_word' id='word_1_576' title='bbox 2842 3913 3100 3978; x_wconf 83' lang='lat' dir='ltr'><strong>juvenem</strong></span> <span class='ocrx_word' id='word_1_577' title='bbox 3155 3911 3227 3964; x_wconf 90' lang='lat' dir='ltr'><strong>ibi</strong></span> <span class='ocrx_word' id='word_1_578' title='bbox 3282 3911 3455 3965; x_wconf 88' lang='lat' dir='ltr'><strong>relin-</strong></span> 
     </span>
    </p>
   </div>
   <div class='ocr_carea' id='block_1_85' title="bbox 1886 4002 3459 4077">
    <p class='ocr_par' dir='ltr' id='par_1_85' title="bbox 1886 4002 3459 4077">
     <span class='ocr_line' id='line_1_85' title="bbox 1886 4002 3459 4077; baseline -0.003 -16"><span class='ocrx_word' id='word_1_579' title='bbox 1886 4024 2077 4077; x_wconf 73' lang='lat' dir='ltr'><strong>quere,</strong></span> <span class='ocrx_word' id='word_1_580' title='bbox 2119 4006 2234 4074; x_wconf 87' lang='lat' dir='ltr'><strong>ipse</strong></span> <span class='ocrx_word' id='word_1_581' title='bbox 2271 4005 2587 4074; x_wconf 73' lang='lat' dir='ltr'><strong>Byzantium</strong></span> <span class='ocrx_word' id='word_1_582' title='bbox 2623 4003 2847 4057; x_wconf 60' lang='lat' dir='ltr'><strong>redire-</strong></span> <span class='ocrx_word' id='word_1_583' title='bbox 2876 4012 2932 4055; x_wconf 89' lang='lat' dir='ltr'><strong>et</strong></span> <span class='ocrx_word' id='word_1_584' title='bbox 2974 4018 3071 4071; x_wconf 91' lang='lat' dir='ltr'><strong>per</strong></span> <span class='ocrx_word' id='word_1_585' title='bbox 3119 4002 3359 4055; x_wconf 88' lang='lat' dir='ltr'><strong>hiemem</strong></span> <span class='ocrx_word' id='word_1_586' title='bbox 3398 4016 3459 4056; x_wconf 84' lang='lat' dir='ltr'><strong>se</strong></span> 
     </span>
    </p>
   </div>
   <div class='ocr_carea' id='block_1_86' title="bbox 1889 4094 3453 4165">
    <p class='ocr_par' dir='ltr' id='par_1_86' title="bbox 1889 4094 3453 4165">
     <span class='ocr_line' id='line_1_86' title="bbox 1889 4094 3453 4165; baseline -0.004 -12"><span class='ocrx_word' id='word_1_587' title='bbox 1889 4102 2180 4161; x_wconf 86' lang='lat' dir='ltr'><strong>instruere,</strong></span> <span class='ocrx_word' id='word_1_588' title='bbox 2199 4108 2361 4165; x_wconf 89' lang='lat' dir='ltr'><strong>atque</strong></span> <span class='ocrx_word' id='word_1_589' title='bbox 2377 4112 2498 4149; x_wconf 90' lang='lat' dir='ltr'><strong>cum</strong></span> <span class='ocrx_word' id='word_1_590' title='bbox 2519 4096 2725 4163; x_wconf 80' lang='lat' dir='ltr'><strong>majore</strong></span> <span class='ocrx_word' id='word_1_591' title='bbox 2741 4110 2805 4148; x_wconf 82' lang='lat' dir='ltr'><strong>ac</strong></span> <span class='ocrx_word' id='word_1_592' title='bbox 2828 4094 3170 4147; x_wconf 90' lang='lat' dir='ltr'><strong>diuturniore</strong></span> <span class='ocrx_word' id='word_1_593' title='bbox 3184 4104 3453 4164; x_wconf 82' lang='lat' dir='ltr'><strong>apparatu</strong></span> 
     </span>
    </p>
   </div>
   <div class='ocr_carea' id='block_1_87' title="bbox 1888 4185 3453 4258">
    <p class='ocr_par' dir='ltr' id='par_1_87' title="bbox 1888 4185 3453 4258">
     <span class='ocr_line' id='line_1_87' title="bbox 1888 4185 3453 4258; baseline -0.002 -15"><span class='ocrx_word' id='word_1_594' title='bbox 1888 4191 2107 4245; x_wconf 79' lang='lat' dir='ltr'><strong>reverti.</strong></span> <span class='ocrx_word' id='word_1_595' title='bbox 2156 4189 2313 4258; x_wconf 82' lang='grc'><strong>767</strong></span> <span class='ocrx_word' id='word_1_596' title='bbox 2345 4187 2498 4253; x_wconf 80' lang='lat' dir='ltr'><strong>Quod</strong></span> <span class='ocrx_word' id='word_1_597' title='bbox 2553 4188 2809 4255; x_wconf 80' lang='lat' dir='ltr'><strong>Augusta:</strong></span> <span class='ocrx_word' id='word_1_598' title='bbox 2856 4185 3028 4237; x_wconf 73' lang='lat' dir='ltr'><strong>Anna:</strong></span> <span class='ocrx_word' id='word_1_599' title='bbox 3084 4185 3232 4239; x_wconf 89' lang='lat' dir='ltr'><strong>nullo</strong></span> <span class='ocrx_word' id='word_1_600' title='bbox 3290 4187 3453 4240; x_wconf 86' lang='lat' dir='ltr'><strong>modo</strong></span> 
     </span>
    </p>
   </div>
   <div class='ocr_carea' id='block_1_88' title="bbox 1890 4278 3455 4352">
    <p class='ocr_par' dir='ltr' id='par_1_88' title="bbox 1890 4278 3455 4352">
     <span class='ocr_line' id='line_1_88' title="bbox 1890 4278 3455 4352; baseline -0.003 -17"><span class='ocrx_word' id='word_1_601' title='bbox 1890 4284 2260 4352; x_wconf 90' lang='lat' dir='ltr'><strong>probabatur,</strong></span> <span class='ocrx_word' id='word_1_602' title='bbox 2303 4281 2631 4349; x_wconf 85' lang='lat' dir='ltr'><strong>rogabatque</strong></span> <span class='ocrx_word' id='word_1_603' title='bbox 2676 4288 2731 4332; x_wconf 92' lang='lat' dir='ltr'><strong>et</strong></span> <span class='ocrx_word' id='word_1_604' title='bbox 2775 4278 3101 4331; x_wconf 88' lang='lat' dir='ltr'><strong>admonebat</strong></span> <span class='ocrx_word' id='word_1_605' title='bbox 3155 4293 3225 4331; x_wconf 88' lang='lat' dir='ltr'><strong>ne</strong></span> <span class='ocrx_word' id='word_1_606' title='bbox 3283 4279 3455 4331; x_wconf 79' lang='lat' dir='ltr'><strong>tilium</strong></span> 
     </span>
    </p>
   </div>
   <div class='ocr_carea' id='block_1_89' title="bbox 1890 4366 3460 4436">
    <p class='ocr_par' dir='ltr' id='par_1_89' title="bbox 1890 4366 3460 4436">
     <span class='ocr_line' id='line_1_89' title="bbox 1890 4366 3460 4436; baseline -0.004 -11"><span class='ocrx_word' id='word_1_607' title='bbox 1890 4372 1963 4424; x_wconf 90' lang='lat' dir='ltr'><strong>ibi</strong></span> <span class='ocrx_word' id='word_1_608' title='bbox 2003 4371 2359 4436; x_wconf 86' lang='lat' dir='ltr'><strong>relinqueret,</strong></span> <span class='ocrx_word' id='word_1_609' title='bbox 2401 4367 2495 4421; x_wconf 68' lang='lat' dir='ltr'><strong>sed</strong></span> <span class='ocrx_word' id='word_1_610' title='bbox 2529 4382 2651 4421; x_wconf 88' lang='lat' dir='ltr'><strong>cum</strong></span> <span class='ocrx_word' id='word_1_611' title='bbox 2692 4381 2757 4420; x_wconf 90' lang='lat' dir='ltr'><strong>eo</strong></span> <span class='ocrx_word' id='word_1_612' title='bbox 2804 4366 3041 4431; x_wconf 88' lang='lat' dir='ltr'><strong>rediret;</strong></span> <span class='ocrx_word' id='word_1_613' title='bbox 3079 4366 3268 4419; x_wconf 79' lang='lat' dir='ltr'><strong>timere</strong></span> <span class='ocrx_word' id='word_1_614' title='bbox 3313 4367 3460 4419; x_wconf 88' lang='lat' dir='ltr'><strong>enim</strong></span> 
     </span>
    </p>
   </div>
   <div class='ocr_carea' id='block_1_90' title="bbox 212 4455 1881 4536">
    <p class='ocr_par' dir='ltr' id='par_1_90' title="bbox 212 4464 1862 4536">
     <span class='ocr_line' id='line_1_90' title="bbox 212 4464 1862 4536; baseline -0.004 -17"><span class='ocrx_word' id='word_1_615' title='bbox 212 4467 613 4536; x_wconf 65' lang='grc' dir='ltr'>κακουργήσων</span> <span class='ocrx_word' id='word_1_616' title='bbox 662 4483 720 4516; x_wconf 86' lang='grc' dir='ltr'><strong>τε</strong></span> <span class='ocrx_word' id='word_1_617' title='bbox 770 4465 839 4516; x_wconf 68' lang='grc' dir='ltr'>τὰ</span> <span class='ocrx_word' id='word_1_618' title='bbox 878 4464 1187 4531; x_wconf 76' lang='grc' dir='ltr'>Τριϐαλῶν,</span> <span class='ocrx_word' id='word_1_619' title='bbox 1250 4465 1344 4514; x_wconf 80' lang='grc' dir='ltr'>καὶ</span> <span class='ocrx_word' id='word_1_620' title='bbox 1388 4464 1787 4530; x_wconf 83' lang='grc' dir='ltr'>Θεσσαλονίκην</span> <span class='ocrx_word' id='word_1_621' title='bbox 1820 4475 1862 4530; x_wconf 78' lang='lat' dir='ltr'><strong>D</strong></span> 
     </span>
    </p>
   </div>
   <div class='ocr_carea' id='block_1_91' title="bbox 1793 4455 3462 4536">
    <p class='ocr_par' dir='ltr' id='par_1_91' title="bbox 1820 4455 3462 4530">
     <span class='ocr_line' id='line_1_91' title="bbox 1820 4455 3462 4530; baseline -0.004 -16"><span class='ocrx_word' id='word_1_622' title='bbox 1820 4475 1862 4530; x_wconf 75' lang='grc' dir='ltr'><strong>ι)</strong></span> <span class='ocrx_word' id='word_1_623' title='bbox 1894 4475 1952 4514; x_wconf 89' lang='lat' dir='ltr'><strong>se</strong></span> <span class='ocrx_word' id='word_1_624' title='bbox 1986 4475 2094 4512; x_wconf 89' lang='lat' dir='ltr'><strong>non</strong></span> <span class='ocrx_word' id='word_1_625' title='bbox 2131 4460 2303 4527; x_wconf 86' lang='lat' dir='ltr'><strong>magis</strong></span> <span class='ocrx_word' id='word_1_626' title='bbox 2335 4457 2705 4511; x_wconf 84' lang='lat' dir='ltr'><strong>adolescentis</strong></span> <span class='ocrx_word' id='word_1_627' title='bbox 2745 4466 2963 4510; x_wconf 64' lang='lat' dir='ltr'><strong>aetatem</strong></span> <span class='ocrx_word' id='word_1_628' title='bbox 2995 4455 3171 4509; x_wconf 84' lang='lat' dir='ltr'><strong>fraudi</strong></span> <span class='ocrx_word' id='word_1_629' title='bbox 3198 4469 3462 4525; x_wconf 84' lang='lat' dir='ltr'><strong>opportu-</strong></span> 
     </span>
    </p>
   </div>
   <div class='ocr_carea' id='block_1_92' title="bbox 210 4554 1781 4624">
    <p class='ocr_par' dir='ltr' id='par_1_92' title="bbox 210 4554 1781 4624">
     <span class='ocr_line' id='line_1_92' title="bbox 210 4554 1781 4624; baseline -0.003 -15"><span class='ocrx_word' id='word_1_630' title='bbox 210 4562 317 4612; x_wconf 66' lang='grc' dir='ltr'><strong>τῶν</strong></span> <span class='ocrx_word' id='word_1_631' title='bbox 346 4560 611 4612; x_wconf 78' lang='grc' dir='ltr'>κινδύνων</span> <span class='ocrx_word' id='word_1_632' title='bbox 634 4556 978 4619; x_wconf 57' lang='grc' dir='ltr'>ἀπαλλάξων</span> <span class='ocrx_word' id='word_1_633' title='bbox 1140 4558 1245 4623; x_wconf 84' lang='grc' dir='ltr'>γὰρ</span> <span class='ocrx_word' id='word_1_634' title='bbox 1271 4557 1363 4607; x_wconf 71' lang='grc' dir='ltr'><strong>καὶ</strong></span> <span class='ocrx_word' id='word_1_635' title='bbox 1394 4555 1522 4623; x_wconf 71' lang='grc' dir='ltr'>περὶ</span> <span class='ocrx_word' id='word_1_636' title='bbox 1554 4555 1781 4615; x_wconf 67' lang='grc' dir='ltr'>ἐκεολάς</span> 
     </span>
    </p>
   </div>
   <div class='ocr_carea' id='block_1_93' title="bbox 208 4641 1785 4717">
    <p class='ocr_par' dir='ltr' id='par_1_93' title="bbox 208 4641 1785 4717">
     <span class='ocr_line' id='line_1_93' title="bbox 208 4641 1785 4717; baseline -0.003 -18"><span class='ocrx_word' id='word_1_637' title='bbox 208 4649 301 4701; x_wconf 74' lang='grc' dir='ltr'><strong>τοῦ</strong></span> <span class='ocrx_word' id='word_1_638' title='bbox 330 4648 680 4717; x_wconf 72' lang='grc' dir='ltr'>φθινοπῦρου</span> <span class='ocrx_word' id='word_1_639' title='bbox 714 4649 747 4717; x_wconf 78' lang='grc' dir='ltr'>ἡ</span> <span class='ocrx_word' id='word_1_640' title='bbox 782 4647 900 4715; x_wconf 86' lang='grc' dir='ltr'>ὥρα</span> <span class='ocrx_word' id='word_1_641' title='bbox 932 4641 1031 4715; x_wconf 86' lang='grc' dir='ltr'><strong>ἦν·</strong></span> <span class='ocrx_word' id='word_1_642' title='bbox 1071 4644 1260 4696; x_wconf 75' lang='grc' dir='ltr'>ἔπειτα</span> <span class='ocrx_word' id='word_1_643' title='bbox 1297 4645 1520 4713; x_wconf 80' lang='grc' dir='ltr'>βασιλέα</span> <span class='ocrx_word' id='word_1_644' title='bbox 1557 4645 1651 4713; x_wconf 83' lang='grc' dir='ltr'>μὲν</span> <span class='ocrx_word' id='word_1_645' title='bbox 1695 4644 1785 4696; x_wconf 78' lang='grc' dir='ltr'><strong>τὸν</strong></span> 
     </span>
    </p>
   </div>
   <div class='ocr_carea' id='block_1_94' title="bbox 210 4736 1786 4797">
    <p class='ocr_par' dir='ltr' id='par_1_94' title="bbox 210 4736 1786 4797">
     <span class='ocr_line' id='line_1_94' title="bbox 210 4736 1786 4797; baseline -0.003 -6"><span class='ocrx_word' id='word_1_646' title='bbox 210 4748 329 4792; x_wconf 65' lang='grc' dir='ltr'>νέον</span> <span class='ocrx_word' id='word_1_647' title='bbox 376 4742 561 4791; x_wconf 75' lang='grc' dir='ltr'>ἐκεῖσε</span> <span class='ocrx_word' id='word_1_648' title='bbox 611 4737 983 4791; x_wconf 81' lang='grc' dir='ltr'>καταλείπειν·</span> <span class='ocrx_word' id='word_1_649' title='bbox 1036 4736 1197 4797; x_wconf 78' lang='grc' dir='ltr'>αὐτὸς</span> <span class='ocrx_word' id='word_1_650' title='bbox 1249 4737 1304 4788; x_wconf 87' lang='grc' dir='ltr'>δὲ</span> <span class='ocrx_word' id='word_1_651' title='bbox 1362 4738 1442 4796; x_wconf 85' lang='grc' dir='ltr'><strong>είς</strong></span> <span class='ocrx_word' id='word_1_652' title='bbox 1496 4736 1786 4795; x_wconf 73' lang='grc' dir='ltr'>Βυζάντιον</span> 
     </span>
    </p>
   </div>
   <div class='ocr_carea' id='block_1_95' title="bbox 210 4827 1784 4899">
    <p class='ocr_par' dir='ltr' id='par_1_95' title="bbox 210 4827 1784 4899">
     <span class='ocr_line' id='line_1_95' title="bbox 210 4827 1784 4899; baseline -0.003 -17"><span class='ocrx_word' id='word_1_653' title='bbox 210 4832 549 4891; x_wconf 74' lang='grc' dir='ltr'>ἐπανελθὼν,</span> <span class='ocrx_word' id='word_1_654' title='bbox 582 4832 675 4883; x_wconf 78' lang='grc' dir='ltr'><strong>καὶ</strong></span> <span class='ocrx_word' id='word_1_655' title='bbox 730 4830 1293 4899; x_wconf 75' lang='grc' dir='ltr'>παρασκευασάμενος</span> <span class='ocrx_word' id='word_1_656' title='bbox 1352 4828 1445 4880; x_wconf 83' lang='grc' dir='ltr'><strong>τοῦ</strong></span> <span class='ocrx_word' id='word_1_657' title='bbox 1499 4827 1784 4895; x_wconf 83' lang='grc' dir='ltr'>χειμῶνος,</span> 
     </span>
    </p>
   </div>
   <div class='ocr_carea' id='block_1_96' title="bbox 215 4918 1787 4994">
    <p class='ocr_par' dir='ltr' id='par_1_96' title="bbox 215 4918 1787 4994">
     <span class='ocr_line' id='line_1_96' title="bbox 215 4918 1787 4994; baseline -0.006 -17"><span class='ocrx_word' id='word_1_658' title='bbox 215 4928 357 4994; x_wconf 85' lang='grc' dir='ltr'><strong>μετά</strong></span> <span class='ocrx_word' id='word_1_659' title='bbox 414 4924 662 4992; x_wconf 76' lang='grc' dir='ltr'>μείζονος</span> <span class='ocrx_word' id='word_1_660' title='bbox 710 4923 808 4989; x_wconf 86' lang='grc' dir='ltr'>τῆς</span> <span class='ocrx_word' id='word_1_661' title='bbox 864 4920 1219 4989; x_wconf 81' lang='grc' dir='ltr'>παρασκευῆς</span> <span class='ocrx_word' id='word_1_662' title='bbox 1278 4920 1375 4971; x_wconf 74' lang='grc' dir='ltr'><strong>καὶ</strong></span> <span class='ocrx_word' id='word_1_663' title='bbox 1430 4918 1787 4987; x_wconf 82' lang='grc' dir='ltr'>χρονισούσης</span> 
     </span>
    </p>
   </div>
   <div class='ocr_carea' id='block_1_97' title="bbox 208 5010 1786 5081">
    <p class='ocr_par' dir='ltr' id='par_1_97' title="bbox 208 5010 1786 5081">
     <span class='ocr_line' id='line_1_97' title="bbox 208 5010 1786 5081; baseline -0.006 -12"><span class='ocrx_word' id='word_1_664' title='bbox 208 5016 483 5069; x_wconf 76' lang='grc' dir='ltr'>ἐπελθεῖν.</span> <span class='ocrx_word' id='word_1_665' title='bbox 522 5016 590 5067; x_wconf 76' lang='grc' dir='ltr'><strong>Ἀ</strong></span> <span class='ocrx_word' id='word_1_666' title='bbox 619 5016 685 5081; x_wconf 81' lang='grc' dir='ltr'>τῇ</span> <span class='ocrx_word' id='word_1_667' title='bbox 720 5012 952 5081; x_wconf 78' lang='grc' dir='ltr'>βασιλίδι</span> <span class='ocrx_word' id='word_1_668' title='bbox 999 5013 1166 5080; x_wconf 79' lang='grc' dir='ltr'>’Δννῃ</span> <span class='ocrx_word' id='word_1_669' title='bbox 1199 5012 1297 5063; x_wconf 76' lang='grc' dir='ltr'><strong>οὐκ</strong></span> <span class='ocrx_word' id='word_1_670' title='bbox 1328 5012 1529 5079; x_wconf 70' lang='grc' dir='ltr'>ἤρεσκε</span> <span class='ocrx_word' id='word_1_671' title='bbox 1583 5010 1786 5061; x_wconf 75' lang='grc' dir='ltr'>παντα-</span> 
     </span>
    </p>
   </div>
   <div class='ocr_carea' id='block_1_98' title="bbox 211 5100 1786 5169">
    <p class='ocr_par' dir='ltr' id='par_1_98' title="bbox 211 5100 1786 5169">
     <span class='ocr_line' id='line_1_98' title="bbox 211 5100 1786 5169; baseline -0.005 -13"><span class='ocrx_word' id='word_1_672' title='bbox 211 5122 401 5158; x_wconf 82' lang='grc' dir='ltr'>πασιν·</span> <span class='ocrx_word' id='word_1_673' title='bbox 447 5104 586 5156; x_wconf 82' lang='grc' dir='ltr'><strong>ἀλλὰ</strong></span> <span class='ocrx_word' id='word_1_674' title='bbox 629 5104 797 5155; x_wconf 78' lang='grc' dir='ltr'>ἐδεῖτο</span> <span class='ocrx_word' id='word_1_675' title='bbox 832 5101 1114 5169; x_wconf 73' lang='grc' dir='ltr'>βασιλέως,</span> <span class='ocrx_word' id='word_1_676' title='bbox 1154 5104 1247 5152; x_wconf 77' lang='grc' dir='ltr'>καὶ</span> <span class='ocrx_word' id='word_1_677' title='bbox 1283 5100 1553 5168; x_wconf 79' lang='grc' dir='ltr'>παρῄνει,,</span> <span class='ocrx_word' id='word_1_678' title='bbox 1589 5101 1663 5168; x_wconf 73' lang='grc' dir='ltr'>μὴ</span> <span class='ocrx_word' id='word_1_679' title='bbox 1697 5101 1786 5150; x_wconf 65' lang='grc' dir='ltr'><strong>τὸν</strong></span> 
     </span>
    </p>
   </div>
   <div class='ocr_carea' id='block_1_99' title="bbox 212 5192 1785 5259">
    <p class='ocr_par' dir='ltr' id='par_1_99' title="bbox 212 5192 1785 5259">
     <span class='ocr_line' id='line_1_99' title="bbox 212 5192 1785 5259; baseline -0.006 -10"><span class='ocrx_word' id='word_1_680' title='bbox 212 5200 325 5249; x_wconf 68' lang='grc' dir='ltr'>υἱον</span> <span class='ocrx_word' id='word_1_681' title='bbox 360 5199 547 5248; x_wconf 77' lang='grc' dir='ltr'>ἐκεῖσε</span> <span class='ocrx_word' id='word_1_682' title='bbox 577 5194 946 5255; x_wconf 86' lang='grc' dir='ltr'>καταλείπειν,</span> <span class='ocrx_word' id='word_1_683' title='bbox 971 5192 1084 5245; x_wconf 88' lang='grc' dir='ltr'>ἀλλ’</span> <span class='ocrx_word' id='word_1_684' title='bbox 1110 5192 1299 5259; x_wconf 77' lang='grc' dir='ltr'>ἔχοντα</span> <span class='ocrx_word' id='word_1_685' title='bbox 1328 5193 1785 5259; x_wconf 63' lang='grc' dir='ltr'>ἐπαναστρέφειν·</span> 
     </span>
    </p>
   </div>
   <div class='ocr_carea' id='block_1_100' title="bbox 217 5283 1788 5355">
    <p class='ocr_par' dir='ltr' id='par_1_100' title="bbox 217 5283 1788 5355">
     <span class='ocr_line' id='line_1_100' title="bbox 217 5283 1788 5355; baseline -0.004 -15"><span class='ocrx_word' id='word_1_686' title='bbox 217 5290 447 5341; x_wconf 74' lang='grc' dir='ltr'>δεδιέναι</span> <span class='ocrx_word' id='word_1_687' title='bbox 483 5288 590 5355; x_wconf 80' lang='grc' dir='ltr'>γὰρ</span> <span class='ocrx_word' id='word_1_688' title='bbox 618 5285 856 5352; x_wconf 73' lang='grc' dir='ltr'>ἔφασκεν</span> <span class='ocrx_word' id='word_1_689' title='bbox 883 5285 945 5337; x_wconf 85' lang='grc' dir='ltr'><strong>οὐ</strong></span> <span class='ocrx_word' id='word_1_690' title='bbox 977 5284 1178 5352; x_wconf 79' lang='grc' dir='ltr'>μᾶλλον</span> <span class='ocrx_word' id='word_1_691' title='bbox 1207 5283 1301 5334; x_wconf 82' lang='grc' dir='ltr'><strong>τοῦ</strong></span> <span class='ocrx_word' id='word_1_692' title='bbox 1334 5284 1519 5342; x_wconf 76' lang='grc' dir='ltr'>παιδὸς</span> <span class='ocrx_word' id='word_1_693' title='bbox 1544 5285 1641 5350; x_wconf 78' lang='grc' dir='ltr'><strong>τὴν</strong></span> <span class='ocrx_word' id='word_1_694' title='bbox 1672 5285 1788 5349; x_wconf 79' lang='grc' dir='ltr'>ἡλι-</span> 
     </span>
    </p>
   </div>
   <div class='ocr_carea' id='block_1_101' title="bbox 217 5374 1790 5443">
    <p class='ocr_par' dir='ltr' id='par_1_101' title="bbox 217 5374 1790 5443">
     <span class='ocr_line' id='line_1_101' title="bbox 217 5374 1790 5443; baseline -0.005 -13"><span class='ocrx_word' id='word_1_695' title='bbox 217 5381 341 5431; x_wconf 79' lang='grc' dir='ltr'>κίαν</span> <span class='ocrx_word' id='word_1_696' title='bbox 384 5375 556 5431; x_wconf 80' lang='grc' dir='ltr'>οὖσαν</span> <span class='ocrx_word' id='word_1_697' title='bbox 596 5378 1024 5443; x_wconf 77' lang='grc' dir='ltr'>εὐεξαπάτητον,</span> <span class='ocrx_word' id='word_1_698' title='bbox 1060 5375 1183 5426; x_wconf 83' lang='grc' dir='ltr'>ὅσον</span> <span class='ocrx_word' id='word_1_699' title='bbox 1218 5374 1324 5425; x_wconf 79' lang='grc' dir='ltr'><strong>τῶν</strong></span> <span class='ocrx_word' id='word_1_700' title='bbox 1375 5375 1642 5440; x_wconf 75' lang='grc' dir='ltr'>ἐσπερξων</span> <span class='ocrx_word' id='word_1_701' title='bbox 1691 5374 1790 5437; x_wconf 72' lang='grc' dir='ltr'><strong>τὴν</strong></span> 
     </span>
    </p>
   </div>
   <div class='ocr_carea' id='block_1_102' title="bbox 221 5464 1785 5539">
    <p class='ocr_par' dir='ltr' id='par_1_102' title="bbox 221 5464 1785 5539">
     <span class='ocr_line' id='line_1_102' title="bbox 221 5464 1785 5539; baseline -0.006 -17"><span class='ocrx_word' id='word_1_702' title='bbox 221 5472 530 5539; x_wconf 74' lang='grc' dir='ltr'>μοχθηρίαν</span> <span class='ocrx_word' id='word_1_703' title='bbox 562 5470 653 5520; x_wconf 80' lang='grc' dir='ltr'>καὶ</span> <span class='ocrx_word' id='word_1_704' title='bbox 683 5469 781 5537; x_wconf 83' lang='grc' dir='ltr'>τὴν</span> <span class='ocrx_word' id='word_1_705' title='bbox 811 5466 1136 5535; x_wconf 78' lang='grc' dir='ltr'>ἑτοιμότητα</span> <span class='ocrx_word' id='word_1_706' title='bbox 1186 5464 1321 5532; x_wconf 81' lang='grc' dir='ltr'>πρὸς</span> <span class='ocrx_word' id='word_1_707' title='bbox 1366 5465 1785 5532; x_wconf 71' lang='grc' dir='ltr'>νεωτερισμούς·</span> 
     </span>
    </p>
   </div>
   <div class='ocr_carea' id='block_1_103' title="bbox 214 5560 1791 5632">
    <p class='ocr_par' dir='ltr' id='par_1_103' title="bbox 214 5560 1791 5632">
     <span class='ocr_line' id='line_1_103' title="bbox 214 5560 1791 5632; baseline -0.004 -15"><span class='ocrx_word' id='word_1_708' title='bbox 214 5566 253 5617; x_wconf 73' lang='grc' dir='ltr'><strong>ἃ.</strong></span> <span class='ocrx_word' id='word_1_709' title='bbox 285 5562 653 5632; x_wconf 72' lang='grc' dir='ltr'>φυλάττεσθαι</span> <span class='ocrx_word' id='word_1_710' title='bbox 689 5562 919 5631; x_wconf 79' lang='grc' dir='ltr'>παρῄνει</span> <span class='ocrx_word' id='word_1_711' title='bbox 950 5562 1023 5629; x_wconf 83' lang='grc' dir='ltr'>μὴ</span> <span class='ocrx_word' id='word_1_712' title='bbox 1050 5560 1138 5611; x_wconf 81' lang='grc' dir='ltr'><strong>ὑπ’</strong></span> <span class='ocrx_word' id='word_1_713' title='bbox 1167 5562 1392 5611; x_wconf 83' lang='grc' dir='ltr'>ἐκείνων</span> <span class='ocrx_word' id='word_1_714' title='bbox 1426 5560 1791 5628; x_wconf 77' lang='grc' dir='ltr'>ἐξαπατηθέν-</span> 
     </span>
    </p>
   </div>
   <div class='ocr_carea' id='block_1_104' title="bbox 214 5650 1789 5722">
    <p class='ocr_par' dir='ltr' id='par_1_104' title="bbox 214 5650 1789 5722">
     <span class='ocr_line' id='line_1_104' title="bbox 214 5650 1789 5722; baseline -0.008 -15"><span class='ocrx_word' id='word_1_715' title='bbox 214 5672 309 5717; x_wconf 81' lang='grc' dir='ltr'><strong>τος</strong></span> <span class='ocrx_word' id='word_1_716' title='bbox 336 5656 430 5709; x_wconf 84' lang='grc' dir='ltr'>τοῦ</span> <span class='ocrx_word' id='word_1_717' title='bbox 463 5656 584 5706; x_wconf 68' lang='grc' dir='ltr'>νέου</span> <span class='ocrx_word' id='word_1_718' title='bbox 645 5654 907 5722; x_wconf 86' lang='grc' dir='ltr'>βασιλέως</span> <span class='ocrx_word' id='word_1_719' title='bbox 967 5653 1156 5712; x_wconf 76' lang='grc' dir='ltr'>στάσις</span> <span class='ocrx_word' id='word_1_720' title='bbox 1196 5650 1351 5712; x_wconf 70' lang='grc' dir='ltr'>αὖθις</span> <span class='ocrx_word' id='word_1_721' title='bbox 1409 5653 1502 5702; x_wconf 78' lang='grc' dir='ltr'><strong>καὶ</strong></span> <span class='ocrx_word' id='word_1_722' title='bbox 1558 5652 1789 5719; x_wconf 60' lang='grc' dir='ltr'>πιλεμος</span> 
     </span>
    </p>
   </div>
   <div class='ocr_carea' id='block_1_105' title="bbox 219 5744 1790 5817">
    <p class='ocr_par' dir='ltr' id='par_1_105' title="bbox 219 5744 1790 5817">
     <span class='ocr_line' id='line_1_105' title="bbox 219 5744 1790 5817; baseline -0.004 -18"><span class='ocrx_word' id='word_1_723' title='bbox 219 5749 424 5817; x_wconf 68' lang='grc' dir='ltr'>μεταξὺ</span> <span class='ocrx_word' id='word_1_724' title='bbox 476 5747 764 5817; x_wconf 86' lang='grc' dir='ltr'>Ῥωμαίων</span> <span class='ocrx_word' id='word_1_725' title='bbox 795 5745 1023 5813; x_wconf 75' lang='grc' dir='ltr'>ἐξαφθῇ,</span> <span class='ocrx_word' id='word_1_726' title='bbox 1073 5744 1166 5794; x_wconf 71' lang='grc' dir='ltr'><strong>καὶ</strong></span> <span class='ocrx_word' id='word_1_727' title='bbox 1212 5745 1320 5804; x_wconf 85' lang='grc' dir='ltr'>τοῖς</span> <span class='ocrx_word' id='word_1_728' title='bbox 1368 5745 1655 5811; x_wconf 73' lang='grc' dir='ltr'>πράγμασι</span> <span class='ocrx_word' id='word_1_729' title='bbox 1700 5745 1790 5794; x_wconf 72' lang='grc' dir='ltr'><strong>καὶ</strong></span> 
     </span>
    </p>
   </div>
   <div class='ocr_carea' id='block_1_106' title="bbox 223 5834 1799 5909">
    <p class='ocr_par' dir='ltr' id='par_1_106' title="bbox 223 5834 1799 5909">
     <span class='ocr_line' id='line_1_106' title="bbox 223 5834 1799 5909; baseline -0.004 -18"><span class='ocrx_word' id='word_1_730' title='bbox 223 5844 409 5908; x_wconf 70' lang='grc' dir='ltr'>σφίσιν</span> <span class='ocrx_word' id='word_1_731' title='bbox 451 5842 637 5906; x_wconf 69' lang='grc' dir='ltr'>αὐτοῖς</span> <span class='ocrx_word' id='word_1_732' title='bbox 678 5839 999 5909; x_wconf 79' lang='grc' dir='ltr'>λυμήνηται</span> <span class='ocrx_word' id='word_1_733' title='bbox 1040 5837 1104 5889; x_wconf 71' lang='grc' dir='ltr'><strong>τα</strong></span> <span class='ocrx_word' id='word_1_734' title='bbox 1146 5834 1398 5904; x_wconf 72' lang='grc' dir='ltr'>μέγιστα.</span> <span class='ocrx_word' id='word_1_735' title='bbox 1455 5834 1713 5899; x_wconf 62' lang='grc' dir='ltr'>Βασιλεὺς</span> <span class='ocrx_word' id='word_1_736' title='bbox 1744 5835 1799 5886; x_wconf 74' lang='grc' dir='ltr'>δὲ</span> 
     </span>
    </p>
   </div>
   <div class='ocr_carea' id='block_1_107' title="bbox 1893 4549 3464 4618">
    <p class='ocr_par' dir='ltr' id='par_1_107' title="bbox 1893 4549 3464 4618">
     <span class='ocr_line' id='line_1_107' title="bbox 1893 4549 3464 4618; baseline -0.004 -14"><span class='ocrx_word' id='word_1_737' title='bbox 1893 4566 2040 4614; x_wconf 85' lang='lat' dir='ltr'><strong>nam,</strong></span> <span class='ocrx_word' id='word_1_738' title='bbox 2088 4566 2249 4617; x_wconf 88' lang='lat' dir='ltr'><strong>quam</strong></span> <span class='ocrx_word' id='word_1_739' title='bbox 2300 4549 2705 4618; x_wconf 83' lang='lat' dir='ltr'><strong>improbitatem</strong></span> <span class='ocrx_word' id='word_1_740' title='bbox 2742 4549 3185 4613; x_wconf 81' lang='lat' dir='ltr'><strong>occidentalium,</strong></span> <span class='ocrx_word' id='word_1_741' title='bbox 3236 4558 3289 4601; x_wconf 90' lang='lat' dir='ltr'><strong>et</strong></span> <span class='ocrx_word' id='word_1_742' title='bbox 3338 4564 3464 4616; x_wconf 88' lang='lat' dir='ltr'><strong>pro-</strong></span> 
     </span>
    </p>
   </div>
   <div class='ocr_carea' id='block_1_108' title="bbox 1888 4639 3463 4707">
    <p class='ocr_par' dir='ltr' id='par_1_108' title="bbox 1888 4639 3463 4707">
     <span class='ocr_line' id='line_1_108' title="bbox 1888 4639 3463 4707; baseline -0.004 -11"><span class='ocrx_word' id='word_1_743' title='bbox 1888 4642 2056 4697; x_wconf 87' lang='lat' dir='ltr'><strong>clives</strong></span> <span class='ocrx_word' id='word_1_744' title='bbox 2080 4643 2146 4693; x_wconf 87' lang='lat' dir='ltr'><strong>ad</strong></span> <span class='ocrx_word' id='word_1_745' title='bbox 2181 4656 2267 4695; x_wconf 86' lang='lat' dir='ltr'><strong>res</strong></span> <span class='ocrx_word' id='word_1_746' title='bbox 2298 4639 2576 4693; x_wconf 80' lang='lat' dir='ltr'><strong>novandas</strong></span> <span class='ocrx_word' id='word_1_747' title='bbox 2602 4639 2837 4704; x_wconf 86' lang='lat' dir='ltr'><strong>animos,</strong></span> <span class='ocrx_word' id='word_1_748' title='bbox 2878 4654 2996 4707; x_wconf 75' lang='lat' dir='ltr'><strong>qua:</strong></span> <span class='ocrx_word' id='word_1_749' title='bbox 3038 4654 3233 4692; x_wconf 83' lang='lat' dir='ltr'><strong>cavere</strong></span> <span class='ocrx_word' id='word_1_750' title='bbox 3268 4640 3463 4693; x_wconf 84' lang='lat' dir='ltr'><strong>horta-</strong></span> 
     </span>
    </p>
   </div>
   <div class='ocr_carea' id='block_1_109' title="bbox 1889 4731 3460 4801">
    <p class='ocr_par' dir='ltr' id='par_1_109' title="bbox 1889 4731 3460 4801">
     <span class='ocr_line' id='line_1_109' title="bbox 1889 4731 3460 4801; baseline -0.003 -14"><span class='ocrx_word' id='word_1_751' title='bbox 1889 4735 2071 4795; x_wconf 82' lang='lat' dir='ltr'><strong>batur,</strong></span> <span class='ocrx_word' id='word_1_752' title='bbox 2115 4749 2185 4787; x_wconf 84' lang='lat' dir='ltr'><strong>ne</strong></span> <span class='ocrx_word' id='word_1_753' title='bbox 2216 4733 2286 4786; x_wconf 91' lang='lat' dir='ltr'><strong>ab</strong></span> <span class='ocrx_word' id='word_1_754' title='bbox 2334 4734 2438 4784; x_wconf 91' lang='lat' dir='ltr'><strong>illis</strong></span> <span class='ocrx_word' id='word_1_755' title='bbox 2469 4734 2697 4801; x_wconf 89' lang='lat' dir='ltr'><strong>decepto</strong></span> <span class='ocrx_word' id='word_1_756' title='bbox 2739 4734 2959 4798; x_wconf 85' lang='lat' dir='ltr'><strong>juvene,</strong></span> <span class='ocrx_word' id='word_1_757' title='bbox 2992 4731 3188 4785; x_wconf 86' lang='lat' dir='ltr'><strong>seditio</strong></span> <span class='ocrx_word' id='word_1_758' title='bbox 3223 4740 3277 4783; x_wconf 87' lang='lat' dir='ltr'><strong>et</strong></span> <span class='ocrx_word' id='word_1_759' title='bbox 3319 4731 3460 4784; x_wconf 84' lang='lat' dir='ltr'><strong>bella</strong></span> 
     </span>
    </p>
   </div>
   <div class='ocr_carea' id='block_1_110' title="bbox 1890 4818 3461 4890">
    <p class='ocr_par' dir='ltr' id='par_1_110' title="bbox 1890 4818 3461 4890">
     <span class='ocr_line' id='line_1_110' title="bbox 1890 4818 3461 4890; baseline -0.004 -14"><span class='ocrx_word' id='word_1_760' title='bbox 1890 4823 2031 4876; x_wconf 78' lang='lat' dir='ltr'><strong>inter</strong></span> <span class='ocrx_word' id='word_1_761' title='bbox 2062 4823 2338 4875; x_wconf 80' lang='lat' dir='ltr'><strong>Romanos</strong></span> <span class='ocrx_word' id='word_1_762' title='bbox 2395 4821 2941 4890; x_wconf 78' lang='lat' dir='ltr'><strong>ri-dintegrascerent,</strong></span> <span class='ocrx_word' id='word_1_763' title='bbox 2965 4818 3110 4888; x_wconf 93' lang='lat' dir='ltr'><strong>quod</strong></span> <span class='ocrx_word' id='word_1_764' title='bbox 3148 4828 3201 4872; x_wconf 85' lang='lat' dir='ltr'><strong>et</strong></span> <span class='ocrx_word' id='word_1_765' title='bbox 3234 4818 3366 4887; x_wconf 83' lang='lat' dir='ltr'><strong>ipsis</strong></span> <span class='ocrx_word' id='word_1_766' title='bbox 3410 4830 3461 4870; x_wconf 88' lang='lat' dir='ltr'><strong>et</strong></span> 
     </span>
    </p>
   </div>
   <div class='ocr_carea' id='block_1_111' title="bbox 1892 4909 3463 4984">
    <p class='ocr_par' dir='ltr' id='par_1_111' title="bbox 1892 4909 3463 4984">
     <span class='ocr_line' id='line_1_111' title="bbox 1892 4909 3463 4984; baseline -0.006 -15"><span class='ocrx_word' id='word_1_767' title='bbox 1892 4916 2207 4984; x_wconf 68' lang='lat' dir='ltr'><strong>reipublic-a2</strong></span> <span class='ocrx_word' id='word_1_768' title='bbox 2258 4915 2738 4968; x_wconf 70' lang='lat' dir='ltr'><strong>damnosissimum</strong></span> <span class='ocrx_word' id='word_1_769' title='bbox 2787 4912 3084 4965; x_wconf 86' lang='lat' dir='ltr'><strong>accideret.</strong></span> <span class='ocrx_word' id='word_1_770' title='bbox 3158 4909 3463 4977; x_wconf 85' lang='lat' dir='ltr'><strong>Imperator</strong></span> 
     </span>
    </p>
   </div>
   <div class='ocr_carea' id='block_1_112' title="bbox 1891 4999 3460 5075">
    <p class='ocr_par' dir='ltr' id='par_1_112' title="bbox 1891 4999 3460 5075">
     <span class='ocr_line' id='line_1_112' title="bbox 1891 4999 3460 5075; baseline -0.007 -15"><span class='ocrx_word' id='word_1_771' title='bbox 1891 5008 2180 5060; x_wconf 88' lang='lat' dir='ltr'><strong>consilium</strong></span> <span class='ocrx_word' id='word_1_772' title='bbox 2236 5005 2626 5075; x_wconf 76' lang='lat' dir='ltr'><strong>imperatricis,</strong></span> <span class='ocrx_word' id='word_1_773' title='bbox 2677 5012 2737 5056; x_wconf 86' lang='lat' dir='ltr'><strong>ut</strong></span> <span class='ocrx_word' id='word_1_774' title='bbox 2769 5018 2956 5055; x_wconf 90' lang='lat' dir='ltr'><strong>verum</strong></span> <span class='ocrx_word' id='word_1_775' title='bbox 3011 5016 3073 5054; x_wconf 85' lang='lat' dir='ltr'><strong>ac</strong></span> <span class='ocrx_word' id='word_1_776' title='bbox 3122 4999 3357 5068; x_wconf 84' lang='lat' dir='ltr'><strong>justum,</strong></span> <span class='ocrx_word' id='word_1_777' title='bbox 3409 5010 3460 5051; x_wconf 88' lang='lat' dir='ltr'><strong>et</strong></span> 
     </span>
    </p>
   </div>
   <div class='ocr_carea' id='block_1_113' title="bbox 1893 5096 3465 5169">
    <p class='ocr_par' dir='ltr' id='par_1_113' title="bbox 1893 5096 3465 5169">
     <span class='ocr_line' id='line_1_113' title="bbox 1893 5096 3465 5169; baseline -0.008 -15"><span class='ocrx_word' id='word_1_778' title='bbox 1893 5116 2015 5154; x_wconf 89' lang='lat' dir='ltr'><strong>cum</strong></span> <span class='ocrx_word' id='word_1_779' title='bbox 2051 5115 2177 5169; x_wconf 84' lang='lat' dir='ltr'><strong>erga</strong></span> <span class='ocrx_word' id='word_1_780' title='bbox 2228 5116 2285 5152; x_wconf 86' lang='lat' dir='ltr'><strong>se</strong></span> <span class='ocrx_word' id='word_1_781' title='bbox 2330 5099 2581 5152; x_wconf 76' lang='lat' dir='ltr'><strong>amicitiae</strong></span> <span class='ocrx_word' id='word_1_782' title='bbox 2621 5096 2940 5159; x_wconf 85' lang='lat' dir='ltr'><strong>voluntatis,</strong></span> <span class='ocrx_word' id='word_1_783' title='bbox 2991 5107 3104 5149; x_wconf 89' lang='lat' dir='ltr'><strong>tum</strong></span> <span class='ocrx_word' id='word_1_784' title='bbox 3151 5108 3277 5162; x_wconf 82' lang='lat' dir='ltr'><strong>erga</strong></span> <span class='ocrx_word' id='word_1_785' title='bbox 3321 5107 3465 5144; x_wconf 87' lang='lat' dir='ltr'><strong>rem-</strong></span> 
     </span>
    </p>
   </div>
   <div class='ocr_carea' id='block_1_114' title="bbox 1897 5183 3463 5260">
    <p class='ocr_par' dir='ltr' id='par_1_114' title="bbox 1897 5183 3463 5260">
     <span class='ocr_line' id='line_1_114' title="bbox 1897 5183 3463 5260; baseline -0.006 -17"><span class='ocrx_word' id='word_1_786' title='bbox 1897 5193 2167 5260; x_wconf 85' lang='lat' dir='ltr'><strong>publicam</strong></span> <span class='ocrx_word' id='word_1_787' title='bbox 2204 5189 2591 5244; x_wconf 83' lang='lat' dir='ltr'><strong>sollicitudinis</strong></span> <span class='ocrx_word' id='word_1_788' title='bbox 2630 5190 2849 5258; x_wconf 89' lang='lat' dir='ltr'><strong>plenum</strong></span> <span class='ocrx_word' id='word_1_789' title='bbox 2889 5183 3463 5251; x_wconf 74' lang='lat' dir='ltr'><strong>lattilare,jttbcreque</strong></span> 
     </span>
    </p>
   </div>
   <div class='ocr_carea' id='block_1_115' title="bbox 1897 5274 3465 5349">
    <p class='ocr_par' dir='ltr' id='par_1_115' title="bbox 1897 5274 3465 5349">
     <span class='ocr_line' id='line_1_115' title="bbox 1897 5274 3465 5349; baseline -0.01 -9"><span class='ocrx_word' id='word_1_790' title='bbox 1897 5288 2041 5340; x_wconf 87' lang='lat' dir='ltr'><strong>bono</strong></span> <span class='ocrx_word' id='word_1_791' title='bbox 2071 5300 2189 5338; x_wconf 88' lang='lat' dir='ltr'><strong>esse</strong></span> <span class='ocrx_word' id='word_1_792' title='bbox 2219 5286 2424 5337; x_wconf 87' lang='lat' dir='ltr'><strong>animo.</strong></span> <span class='ocrx_word' id='word_1_793' title='bbox 2463 5281 2662 5336; x_wconf 85' lang='lat' dir='ltr'><strong>Putare</strong></span> <span class='ocrx_word' id='word_1_794' title='bbox 2698 5297 2756 5334; x_wconf 90' lang='lat' dir='ltr'><strong>se</strong></span> <span class='ocrx_word' id='word_1_795' title='bbox 2788 5282 2840 5333; x_wconf 92' lang='lat' dir='ltr'><strong>in</strong></span> <span class='ocrx_word' id='word_1_796' title='bbox 2875 5280 3066 5349; x_wconf 75' lang='lat' dir='ltr'><strong>primis</strong></span> <span class='ocrx_word' id='word_1_797' title='bbox 3097 5274 3465 5332; x_wconf 76' lang='lat' dir='ltr'><strong>conducibile.</strong></span> 
     </span>
    </p>
   </div>
   <div class='ocr_carea' id='block_1_116' title="bbox 1898 5368 3468 5447">
    <p class='ocr_par' dir='ltr' id='par_1_116' title="bbox 1898 5368 3468 5447">
     <span class='ocr_line' id='line_1_116' title="bbox 1898 5368 3468 5447; baseline -0.01 -16"><span class='ocrx_word' id='word_1_798' title='bbox 1898 5388 2017 5447; x_wconf 77' lang='lat' dir='ltr'><strong>post</strong></span> <span class='ocrx_word' id='word_1_799' title='bbox 2067 5377 2357 5430; x_wconf 85' lang='lat' dir='ltr'><strong>adventum</strong></span> <span class='ocrx_word' id='word_1_800' title='bbox 2415 5372 2859 5427; x_wconf 80' lang='lat' dir='ltr'><strong>Thessalonicam</strong></span> <span class='ocrx_word' id='word_1_801' title='bbox 2911 5370 3079 5424; x_wconf 83' lang='lat' dir='ltr'><strong>lilium</strong></span> <span class='ocrx_word' id='word_1_802' title='bbox 3138 5368 3247 5420; x_wconf 90' lang='lat' dir='ltr'><strong>illic</strong></span> <span class='ocrx_word' id='word_1_803' title='bbox 3292 5368 3468 5419; x_wconf 79' lang='lat' dir='ltr'><strong>solum</strong></span> 
     </span>
    </p>
   </div>
   <div class='ocr_carea' id='block_1_117' title="bbox 1899 5456 3471 5537">
    <p class='ocr_par' dir='ltr' id='par_1_117' title="bbox 1899 5456 3471 5537">
     <span class='ocr_line' id='line_1_117' title="bbox 1899 5456 3471 5537; baseline -0.012 -13"><span class='ocrx_word' id='word_1_804' title='bbox 1899 5473 2230 5537; x_wconf 81' lang='lat' dir='ltr'><strong>relinquere.</strong></span> <span class='ocrx_word' id='word_1_805' title='bbox 2262 5484 2386 5520; x_wconf 90' lang='lat' dir='ltr'><strong>cum</strong></span> <span class='ocrx_word' id='word_1_806' title='bbox 2425 5467 2541 5535; x_wconf 85' lang='lat' dir='ltr'><strong>ipse</strong></span> <span class='ocrx_word' id='word_1_807' title='bbox 2565 5464 2774 5519; x_wconf 90' lang='lat' dir='ltr'><strong>diutius</strong></span> <span class='ocrx_word' id='word_1_808' title='bbox 2808 5462 2933 5516; x_wconf 87' lang='lat' dir='ltr'><strong>inde</strong></span> <span class='ocrx_word' id='word_1_809' title='bbox 2958 5462 3247 5514; x_wconf 85' lang='lat' dir='ltr'><strong>abfuturus</strong></span> <span class='ocrx_word' id='word_1_810' title='bbox 3280 5457 3370 5509; x_wconf 81' lang='lat' dir='ltr'><strong>Sil.</strong></span> <span class='ocrx_word' id='word_1_811' title='bbox 3407 5456 3471 5507; x_wconf 77' lang='lat' dir='ltr'><strong>Et</strong></span> 
     </span>
    </p>
   </div>
   <div class='ocr_carea' id='block_1_118' title="bbox 1900 5550 3465 5628">
    <p class='ocr_par' dir='ltr' id='par_1_118' title="bbox 1900 5550 3465 5628">
     <span class='ocr_line' id='line_1_118' title="bbox 1900 5550 3465 5628; baseline -0.012 -14"><span class='ocrx_word' id='word_1_812' title='bbox 1900 5578 2044 5614; x_wconf 87' lang='lat' dir='ltr'><strong>nunc</strong></span> <span class='ocrx_word' id='word_1_813' title='bbox 2074 5560 2293 5628; x_wconf 87' lang='lat' dir='ltr'><strong>quidem</strong></span> <span class='ocrx_word' id='word_1_814' title='bbox 2343 5574 2439 5611; x_wconf 88' lang='lat' dir='ltr'><strong>ceu</strong></span> <span class='ocrx_word' id='word_1_815' title='bbox 2477 5556 2887 5625; x_wconf 81' lang='lat' dir='ltr'><strong>impressionem</strong></span> <span class='ocrx_word' id='word_1_816' title='bbox 2934 5550 3263 5609; x_wconf 83' lang='lat' dir='ltr'><strong>faciendam,</strong></span> <span class='ocrx_word' id='word_1_817' title='bbox 3292 5561 3465 5615; x_wconf 86' lang='lat' dir='ltr'><strong>quan—</strong></span> 
     </span>
    </p>
   </div>
   <div class='ocr_carea' id='block_1_119' title="bbox 1901 5636 3435 5720">
    <p class='ocr_par' dir='ltr' id='par_1_119' title="bbox 1901 5636 3435 5720">
     <span class='ocr_line' id='line_1_119' title="bbox 1901 5636 3435 5720; baseline -0.014 -14"><span class='ocrx_word' id='word_1_818' title='bbox 1901 5653 2190 5720; x_wconf 75' lang='lat' dir='ltr'><strong>doquidem</strong></span> <span class='ocrx_word' id='word_1_819' title='bbox 2223 5652 2274 5702; x_wconf 89' lang='lat' dir='ltr'><strong>in</strong></span> <span class='ocrx_word' id='word_1_820' title='bbox 2327 5648 2475 5717; x_wconf 82' lang='lat' dir='ltr'><strong>gravi</strong></span> <span class='ocrx_word' id='word_1_821' title='bbox 2521 5647 2763 5715; x_wconf 87' lang='lat' dir='ltr'><strong>periculo</strong></span> <span class='ocrx_word' id='word_1_822' title='bbox 2799 5646 2990 5699; x_wconf 83' lang='lat' dir='ltr'><strong>civitas</strong></span> <span class='ocrx_word' id='word_1_823' title='bbox 3023 5639 3224 5694; x_wconf 85' lang='lat' dir='ltr'><strong>versari</strong></span> <span class='ocrx_word' id='word_1_824' title='bbox 3280 5636 3435 5689; x_wconf 81' lang='lat' dir='ltr'><strong>v-idca</strong></span> 
     </span>
    </p>
   </div>
   <div class='ocr_carea' id='block_1_120' title="bbox 1905 5732 3469 5808">
    <p class='ocr_par' dir='ltr' id='par_1_120' title="bbox 1905 5732 3469 5808">
     <span class='ocr_line' id='line_1_120' title="bbox 1905 5732 3469 5808; baseline -0.013 -13"><span class='ocrx_word' id='word_1_825' title='bbox 1905 5754 2012 5802; x_wconf 92' lang='lat' dir='ltr'><strong>tur,</strong></span> <span class='ocrx_word' id='word_1_826' title='bbox 2058 5740 2201 5808; x_wconf 87' lang='lat' dir='ltr'><strong>quod</strong></span> <span class='ocrx_word' id='word_1_827' title='bbox 2242 5740 2290 5790; x_wconf 80' lang='lat' dir='ltr'><strong>ei</strong></span> <span class='ocrx_word' id='word_1_828' title='bbox 2324 5752 2431 5788; x_wconf 85' lang='lat' dir='ltr'><strong>non</strong></span> <span class='ocrx_word' id='word_1_829' title='bbox 2474 5746 2581 5790; x_wconf 78' lang='lat' dir='ltr'><strong>tam</strong></span> <span class='ocrx_word' id='word_1_830' title='bbox 2630 5734 2918 5789; x_wconf 87' lang='lat' dir='ltr'><strong>inlirmitas</strong></span> <span class='ocrx_word' id='word_1_831' title='bbox 2953 5732 3274 5791; x_wconf 86' lang='lat' dir='ltr'><strong>incolarum,</strong></span> <span class='ocrx_word' id='word_1_832' title='bbox 3305 5738 3469 5793; x_wconf 88' lang='lat' dir='ltr'><strong>quam</strong></span> 
     </span>
    </p>
   </div>
   <div class='ocr_carea' id='block_1_121' title="bbox 1910 5820 3474 5906">
    <p class='ocr_par' dir='ltr' id='par_1_121' title="bbox 1910 5820 3474 5906">
     <span class='ocr_line' id='line_1_121' title="bbox 1910 5820 3474 5906; baseline -0.009 -22"><span class='ocrx_word' id='word_1_833' title='bbox 1910 5832 2239 5906; x_wconf 69' lang='lat' dir='ltr'><strong>pericrsitas</strong></span> <span class='ocrx_word' id='word_1_834' title='bbox 2268 5829 2507 5883; x_wconf 73' lang='lat' dir='ltr'><strong>attulrrit</strong></span> <span class='ocrx_word' id='word_1_835' title='bbox 2544 5848 2555 5883; x_wconf 87' lang='lat'><strong>:</strong></span> <span class='ocrx_word' id='word_1_836' title='bbox 2591 5839 2646 5883; x_wconf 83' lang='lat' dir='ltr'><strong>et</strong></span> <span class='ocrx_word' id='word_1_837' title='bbox 2676 5844 2754 5893; x_wconf 88' lang='lat' dir='ltr'><strong>sc,</strong></span> <span class='ocrx_word' id='word_1_838' title='bbox 2783 5841 2906 5881; x_wconf 89' lang='lat' dir='ltr'><strong>cum</strong></span> <span class='ocrx_word' id='word_1_839' title='bbox 2952 5826 3023 5880; x_wconf 91' lang='lat' dir='ltr'><strong>ibi</strong></span> <span class='ocrx_word' id='word_1_840' title='bbox 3058 5822 3238 5888; x_wconf 71' lang='lat' dir='ltr'><strong>luerit,</strong></span> <span class='ocrx_word' id='word_1_841' title='bbox 3280 5820 3474 5887; x_wconf 67' lang='lat' dir='ltr'><strong>expul—</strong></span> 
     </span>
    </p>
   </div>
  </div>
