4226 6444
203 419 304 482 133

1365 418 1920 479 ΗΙΞΤΟΙΠΑΒΗΜ
1956 419 2187 479 LIBER
2227 421 2320 481 ιν.

3351 424 3454 489 13$

196 533 321 592 κάς,
354 532 421 596 ἃς
447 531 610 594 αὐτὸς
639 532 837 601 ἐχρῆτο
869 530 1000 602 πρὸς
1033 531 1505 600 λῃστείας,πὰντα
1536 532 1778 584 ἀνάλωσε

1888 546 2107 584 manum
2144 531 2431 599 imperium
2465 540 2775 601 augeretur.
2806 533 2864 587 id
2905 544 3084 589 autem
3113 550 3272 592 secus
3311 551 3454 602 erat,

197 627 356 694 πυρί.
379 627 499 677 Ἔτι
530 625 584 676 δὲ
615 624 764 692 αὐτῴ
797 626 925 694 περὶ
956 626 1135 676 ἐκεῖνα
1163 625 1491 694 διατρίϐοντι
1517 624 1582 676 τὰ
1613 626 1776 693 μέρη,

197 717 495 781 ἠγγέλλετο
526 715 601 776 ὡς
705 715 842 767 κατὰ
883 714 1201 782 συμμαχίαν
1234 714 1608 782 ἀφικνουμένη
1645 716 1779 764 ἁνα-

198 807 453 871 στρέψειε
488 807 718 873 στρατιὰ
753 806 994 872 Περσῶν.
1029 806 1234 857 Ἐδόκει
1268 805 1364 870 μὲν
1395 800 1488 858 οὖν
1515 805 1633 855 τότε
1668 805 1780 864 τοῖς

196 900 414 960 πολλοῖς
446 899 549 950 ὑπὸ
577 916 738 949 τινων
770 900 1058 965 Ῥωμαίων
1083 900 1207 959 τοὺς
1241 898 1453 965 Πέρσας
1485 899 1782 949 ἀναπεπεῖ-

199 990 322 1040 σΟαι
367 991 728 1056 ἀναστρέφειν
769 990 912 1057 ἔχθει
951 989 1028 1057 τῷ
1072 991 1201 1058 πρὸς
1244 990 1332 1040 τὸν
1374 992 1490 1041 νέον
1533 989 1778 1055 βασιλέα,

197 1081 271 1142 ὡς
308 1083 372 1133 ἂν
405 1083 478 1149 μὴ
509 1083 538 1149 ἠ
574 1083 857 1149 Ῥωμαίων
886 1080 1101 1146 αὔξοιτο
1132 1083 1295 1150 ἀρχή.
1330 1083 1401 1133 Τὸ
1431 1081 1485 1132 δὲ
1516 1082 1574 1132 οὐ
1607 1080 1780 1132 τοιοῦ-

196 1191 288 1222 τον
315 1170 402 1243 ἦν,
432 1173 564 1224 ἀλλὰ
593 1174 938 1224 παντάπασιν
965 1174 1276 1241 ἡμάρτανον
1304 1175 1346 1224 οξ
1379 1173 1780 1234 ὑποπτεύοντες

196 1267 297 1330 τῆς
342 1265 617 1332 ἀληθείας.
661 1265 925 1331 Ὁρχάνης
967 1265 1074 1332 γὰρ
1123 1266 1256 1332 μετὰ
1293 1265 1354 1315 τὸ
1385 1265 1486 1332 τὴν
1523 1269 1778 1332 στρατιὰν

195 1360 277 1413 εἰς
313 1357 409 1424 τὴν
443 1358 666 1426 Θρᾴκην
703 1356 1105 1422 περαιωθεῖσαν
1137 1357 1236 1424 τῆς
1271 1360 1348 1414 εἰς
1385 1355 1624 1424 ἑσπέραν
1658 1357 1777 1423 ἕχε-

173 1448 327 1501 ·σοαι
360 1449 502 1508 ὁδοῦ,
530 1450 833 1516 γράμματα
861 1448 936 1516 τῷ
965 1449 1064 1516 υἰῴ
1094 1449 1366 1512 Σουλιμάν
1397 1451 1452 1500 ἐν
1482 1450 1778 1520 ἀπορρήτῳ

197 1540 422 1606 πέμᾲας
446 1583 458 1605 ,
497 1541 747 1592 ἐκέλευεν
782 1542 1141 1609 ἀναστρέφειν
1169 1559 1182 1571 ·
1221 1541 1433 1592 ἐπιέναι
1476 1541 1584 1609 γὰρ
1631 1541 1779 1610 αὐτῷ

197 1631 308 1681 τῶν
325 1631 538 1699 ὁμόρων
561 1632 784 1700 Περσῶν
808 1635 930 1692 τοὺς
947 1633 1374 1695 δυνατωτάτους,
1392 1633 1485 1685 καὶ
1504 1636 1599 1703 τὴν
1619 1651 1779 1702 στρα-

194 1727 321 1772 τιὰν
364 1725 618 1791 παρεῖναι
665 1725 814 1779 δέον.
865 1727 955 1775 καὶ
1005 1725 1307 1789 ἀμύνεσθαι
1355 1728 1465 1787 τοῖς
1511 1723 1776 1780 ἐπιοῦσιν.

210 1812 461 1865 ’ὶ-Ζκὲλευε
517 1817 700 1883 μέντοι
731 1817 802 1883 μη
831 1815 1127 1883 κατάδηλον
1154 1816 1448 1885 Ῥωμαίοις
1475 1818 1574 1886 τὴν
1600 1816 1779 1868 αἰτίαν

195 1907 298 1971 τῆς
341 1908 748 1975 ἀ.αχωρήσεως
794 1912 1002 1970 ποιεῖν,
1042 1909 1124 1960 ἵνα
1165 1909 1239 1977 μὴ
1273 1910 1300 1959 ὁ
1337 1909 1587 1976 βασιλεὺς
1630 1908 1776 1978 αὐτῷ

195 1997 503 2065 ὀργίζοιτο,
540 2000 675 2052 ἀλλὰ
714 2000 1060 2068 πλασάμενον
1093 2016 1246 2062 τινας
1290 2000 1466 2064 αἰτίας
1509 2001 1776 2071 ἀναστρέ-

197 2105 344 2154 φειν.
376 2092 440 2142 Ἀ
484 2091 756 2161 Σουλιμὰν
794 2092 962 2145 ἐποίει
1089 2093 1238 2158 αὐτῷ
1278 2093 1306 2144 ὁ
1352 2093 1532 2162 πατὴρ
1576 2095 1776 2162 προσέ-

197 2197 400 2244 ταττε,
435 2183 526 2235 καί
560 2201 680 2236 τινα
717 2184 1060 2252 πλασάμενος
1102 2185 1174 2253 μὴ
1211 2184 1371 2250 ὄντα,
1408 2187 1472 2237 ἐκ
1505 2188 1597 2238 τοῦ
1635 2187 1774 2240 κατὰ

197 2273 291 2324 τὸν
314 2272 519 2341 Ἐὗρον
562 2274 732 2343 πόρου
774 2273 1050 2342 πρὸςτὴν
1088 2277 1303 2327 Μυσίαν
1347 2276 1438 2327 ἐπὶ
1486 2276 1776 2347 λεηλασίαν

197 2364 514 2434 ἀπεχώρει·
541 2365 636 2416 καὶ
665 2364 865 2432 πλῆθος
894 2365 1030 2435 ὁμοῦ
1063 2365 1425 2436 βοσκημάτων
1452 2369 1544 2420 καὶ
1569 2368 1776 2438 ἀνθρώ-

198 2474 321 2508 πων
351 2457 552 2518 ἐλάσας
582 2455 942 2525 αἰχμαλώτων
968 2461 1060 2512 ἐπὶ
1083 2460 1183 2530 τὴν
1214 2461 1400 2513 Ἀσίαν
1428 2461 1771 2530 ἐπεραιοῦτο.

197 2549 484 2610 Matinio;
522 2550 577 2602 δέ
614 2551 640 2602 ὁ
673 2550 767 2603 τοῦ
809 2550 1068 2620 βασιλέως
1108 2554 1225 2616 υἱὸς
1269 2554 1388 2606 ἐπεὶ
1433 2553 1506 2624 μὴ
1537 2558 1603 2624 τῇ
1645 2553 1776 2607 Ῥώ-

201 2643 385 2710 μαίων
420 2644 556 2713 μόνῃ
594 2646 820 2714 στρατιᾷ
853 2646 1073 2706 δυνατὸς
1103 2641 1172 2716 ἦν
1203 2647 1301 2715 τὴν
1335 2647 1470 2716 πρὸς
1505 2647 1776 2700 Θεσσαλο-

199 2733 362 2802 νίκην
408 2734 626 2786 ἀπιέναι
672 2734 759 2786 διὰ
808 2735 1090 2802 πολεμίας,
1115 2735 1377 2805 ποταμῶν
1423 2753 1481 2787 τε
1533 2737 1774 2806 ἀεννάων

195 2825 445 2877 διῑὸντων
475 2829 533 2879 ἐν
558 2828 636 2894 τῷ
666 2827 887 2895 μεταξὺ,
907 2829 999 2880 καὶ
1023 2829 1084 2880 οὐ
1111 2829 1292 2900 ῥᾴδιον
1321 2829 1410 2882 τὸν
1439 2831 1605 2901 πόρον
1631 2848 1774 2901 παρ-

197 2917 504 2985 εχομένων,
531 2919 624 2969 καὶ
675 2919 960 2986 Τριϐαλῶν
997 2921 1388 2989 ἐνεδρευόντων
1416 2923 1585 2975 ὄντων
1611 2922 1773 2976 δυνα-

197 3011 482 3078 τωτέρων,
511 3011 544 3080 ἢ
576 3010 696 3063 καθ’
720 3011 785 3080 ἢν
813 3007 945 3080 ἦγεν
974 3011 1134 3074 αὐτὸς
1167 3012 1453 3081 Ῥωμαίων
1485 3016 1770 3084 στρατιὰν,

198 3100 511 3168 ἀνέστρεφε
543 3102 632 3152 καὶ
663 3100 843 3162 αὐτὸς,
875 3101 971 3152 καὶ
999 3101 1171 3154 διέλυε
1200 3103 1258 3154 τὸ
1291 3105 1609 3172 στράτευμα
1631 3120 1644 3134 ·
1679 3105 1774 3173 βα·-

1882 633 1936 675 et
1966 622 2294 675 omnimodis
2324 637 2353 674 a
2390 638 2518 675 vero
2551 625 2837 678 aberrahat
2877 627 3136 694 suspicio.
3169 628 3456 685 Orchanes

1883 712 2151 777 siquidem
2201 722 2326 781 post
2373 713 2670 766 exercitum
2715 715 2768 767 in
2795 713 3086 770 Thraciam
3138 718 3454 786 trajectum,

1883 812 1940 855 ut
1972 803 2024 854 in
2055 803 2328 857 Uccidcnt’
2352 821 2401 856 tn
2434 815 2703 874 pergeret,
2729 807 2906 861 missis
2932 809 3145 863 occulte
3177 810 3242 863 ad
3276 811 3448 865 litium

1885 891 2232 946 Sulimanum
2268 895 2490 957 litteris,
2526 897 2759 949 reditum
2786 900 3170 967 praecipiebat;
3211 917 3272 955 se
3305 905 3453 956 enim

1883 1002 1910 1038 a
1942 988 2134 1040 vicinis
2157 996 2210 1039 et
2239 989 2636 1054 potentissimis
2662 989 2953 1045 Persarum
2983 993 3225 1062 dynastis
3247 995 3452 1056 invadi.

1882 1078 1947 1130 ad
1983 1093 2121 1145 quos
2162 1078 2524 1148 profligandos
2557 1081 2621 1134 iis
2665 1083 2834 1149 copiis
2866 1083 2969 1136 sibi
3004 1099 3141 1152 opus
3173 1085 3265 1139 sit.
3293 1086 3454 1140 Jubc-

1884 1170 1970 1221 hat
2003 1172 2129 1222 item
2166 1185 2232 1221 ne
2269 1171 2605 1224 reversionis
2629 1189 2844 1227 causam
2882 1174 3141 1229 ltmnanis
3168 1175 3452 1239 indicaret,

1881 1275 1948 1313 nc
1980 1261 2281 1329 imperator
2309 1262 2412 1316 sibi
2451 1264 2812 1329 irasceretur,
2844 1266 3187 1335 sedtingeret
3220 1268 3453 1336 aliquid,

1881 1361 2042 1418 atque
2082 1353 2150 1405 ita
2183 1353 2408 1407 rediret.
2444 1355 2576 1418 Quae
2608 1365 2876 1425 pnecepta
2922 1357 3090 1425 patris
3125 1359 3205 1411 sui
3237 1360 3455 1433 agitans

1882 1442 2217 1509 Snlimanus,
2254 1444 2433 1499 llebro
2479 1447 2804 1500 transmisso
2833 1447 2884 1500 in
2937 1448 3179 1502 Maasiam
3229 1450 3455 1518 popula-

1885 1542 1995 1585 tum
2029 1535 2182 1594 abiit,
2225 1545 2279 1588 et
2323 1551 2446 1589 Cllllt
2499 1554 2756 1607 pecorum
2806 1538 3200 1608 hominumque
3259 1555 3455 1609 magno

1882 1641 2110 1679 nmncro
2172 1628 2223 1680 in
2286 1627 2467 1682 Asiam
2538 1631 2890 1700 renavigavit.
2957 1631 3277 1697 Mattltzeus,
3317 1647 3455 1700 quo-

1882 1715 2028 1768 niam
2082 1732 2205 1770 cum
2274 1720 2406 1772 solis
2486 1718 2746 1788 Ronmnis
2823 1737 2917 1790 per
2987 1724 3171 1777 hostes
3218 1724 3294 1777 ire
3345 1739 3454 1776 non

1883 1818 2118 1876 poterat,
2154 1813 2490 1879 perennibus
2549 1815 2714 1868 etiam
2777 1814 2829 1866 in
2868 1815 3047 1868 medio
3082 1815 3258 1870 ﬂuviis
3308 1816 3452 1894 haud

1881 1899 2092 1956 facilem
2126 1905 2414 1958 transitum
2443 1907 2899 1971 concedentibus,
2928 1919 2981 1961 ct
3011 1909 3174 1979 769
3205 1909 3455 1964 Triballis

1879 1989 1991 2044 vias
2019 1991 2410 2056 insidentibus,
2439 2012 2502 2050 ac
2528 1997 2860 2052 ﬁrmioribus
2891 2000 3262 2061 multitudine,
3288 2016 3452 2070 quatit

1879 2097 1976 2150 pro
2027 2082 2202 2151 copiis
2251 2082 2536 2148 Romanis,
2590 2101 2727 2154 quas
2773 2088 3055 2153 ducebat,
3121 2091 3286 2144 etiam
3336 2091 3456 2161 ipse

1878 2186 2134 2228 reversus
2194 2184 2297 2240 est,
2358 2183 2414 2229 et
2475 2177 2751 2231 exercitus
2822 2178 3151 2247 dissipatus,
3201 2183 3455 2252 patrique

1879 2265 2010 2334 quid
2034 2266 2133 2321 sibi
2158 2267 2462 2324 obstitisset
2493 2269 2773 2324 indicavit.
2798 2268 3100 2341 Imperator
3123 2274 3225 2328 hoc
3249 2287 3452 2331 eventu

1877 2359 2273 2422 stomachatus,
2297 2375 2422 2415 cum
2454 2361 2586 2430 quid
2619 2362 2802 2431 potius
2823 2373 3028 2434 ageret,
3058 2379 3167 2419 non
3202 2366 3452 2434 haberet,

1877 2447 2044 2504 Eionc
2089 2450 2534 2506 Thessalonicam
2574 2452 2952 2522 proficiscens,
2985 2465 3145 2510 nocte
3173 2456 3258 2511 illa
3287 2473 3454 2530 prope

1877 2542 2272 2611 Amphipolim,
2312 2560 2474 2613 quam
2530 2546 2756 2601 Triballi
2811 2549 3094 2612 tenebant,
3133 2549 3295 2619 jactis
3350 2568 3453 2606 an—

1877 2635 2060 2689 choris
2087 2638 2301 2692 mansit.
2326 2637 2451 2692 Eam
2477 2638 2733 2710 Brajanes
2766 2641 3007 2711 regebat,
3030 2643 3346 2710 imperatori
3377 2645 3450 2700 ob

1878 2737 2116 2780 veterem
2157 2730 2606 2784 consuetudinem
2631 2733 3154 2799 coniunctissimus;
3191 2734 3255 2788 ad
3291 2749 3454 2804 quem
3486 2735 3489 2738 ’

1877 2829 2039 2874 noctu
2071 2820 2340 2890 navigiolo
2372 2821 2507 2876 clam
2540 2823 2908 2892 Amphipolim
2937 2826 3104 2887 venit,
3136 2835 3191 2880 et
3226 2843 3352 2881 cum
3389 2844 3456 2882 eo

1878 2928 2187 2969 sermonem
2241 2917 2452 2971 habuit.
2481 2918 2586 2983 Qui
2617 2920 2760 2986 quod
2813 2921 2876 2972 ad
2904 2935 2961 2974 se
2993 2921 3278 2982 attinebat,
3317 2922 3458 2978 bene

1877 3005 2195 3076 imperatori
2243 3011 2453 3075 volens,
2481 3011 2662 3065 omnia
2689 3027 2752 3065 ex
2783 3014 2899 3079 ejus
2921 3001 3247 3084 complacita
3280 3014 3458 3070 factu-

1889 3113 2031 3161 rum,
2052 3109 2108 3153 et
2136 3115 2260 3153 cum
2293 3100 2414 3155 aliis
2439 3102 2684 3166 ejusdem
2712 3102 2904 3158 amicis
2937 3110 3188 3158 acturum
3216 3106 3457 3176 recipie-

204 3194 349 3245 σ.λεί
380 3208 441 3244 τε
473 3192 552 3259 τῷ
587 3191 752 3261 πατρὶ
789 3191 975 3260 ἐδήλου
1012 3191 1108 3261 τὴν
1143 3193 1325 3244 αἰτίαν
1359 3194 1457 3261 τῆς
1496 3193 1773 3264 κωλύμης.

1884 3189 1995 3256 bat,
2025 3199 2085 3243 ut
2114 3201 2424 3260 Opportune
2458 3202 2702 3262 tempore
2749 3194 2825 3246 illi
2876 3209 3098 3264 operam
3155 3209 3452 3266 navarent;

200 3283 469 3342 Βασιλεὺς
499 3282 555 3335 δὲ
586 3284 883 3350 ἠγανάκτει
916 3283 1012 3351 μὲν
1047 3283 1181 3353 πρὸς
1213 3284 1279 3335 τὰ
1309 3285 1613 3352 συμϐάντα,
1645 3286 1782 3353 πρός

201 3395 254 3430 τι
278 3377 337 3430 δὲ
365 3376 806 3444 λυσιτελέστερον
829 3376 927 3428 οὐκ
956 3375 1094 3442 ἔχων
1119 3376 1437 3444 τρέπεσθαι,
1465 3375 1660 3446 ἐχώρει
1686 3376 1781 3447 τὴν

200 3469 282 3529 είς
308 3466 738 3534 Θεσσαλονίκην,
759 3466 928 3533 ἐκτῆς
959 3466 1162 3528 ’Πῖόνος
1189 3467 1348 3534 ἄρας,
1375 3466 1467 3517 καὶ
1490 3469 1588 3533 τὴν
1612 3467 1778 3520 νύκτα

201 3562 424 3628 ἐκείνην
458 3557 739 3627 ὡρμίσατο
773 3559 858 3609 ἐπ’
889 3558 1146 3626 ἀγκυρῶν
1182 3558 1558 3624 Ἀμφιπόλεως
1592 3561 1778 3627 ἐγγὺς,

205 3652 311 3702 ὑπὸ
337 3649 623 3716 Τριδαλών
644 3643 1144 3718 κατεχομένηςῘΗς
1166 3651 1501 3716 ἐπετρόπευε
1528 3651 1779 3718 Μπεραῖσ

207 3744 337 3810 ἀνης
388 3739 601 3809 βασιλεί
648 3740 704 3799 ἐς
748 3739 814 3790 τὰ
864 3738 1095 3804 μάλιστα
1127 3739 1277 3805 φίλος
1308 3739 1383 3790 ὢν
1408 3740 1471 3790 ἐκ
1514 3741 1610 3808 τῆς
1647 3737 1781 3808 πρὸς

207 3833 406 3893 αὐτοὺς
443 3829 726 3899 διατριϐῆς
753 3845 765 3859 ·
805 3831 939 3900 πρὸς
971 3830 1029 3881 ὃν
1062 3831 1286 3882 ἀκατίου
1324 3830 1518 3892 ἐπιϐὰς
1551 3831 1778 3895 νυκτὸς,

205 3926 440 3992 ἀφίκετο
470 3925 546 3981 εἰς
568 3923 892 3990 Ἀμφίπολιν
921 3925 948 3972 ὸ
979 3923 1228 3990 βασιλεὺς
1259 3922 1566 3991 κρύφα,καὶ
1594 3921 1782 3973 διειλέ-

205 4015 333 4084 χθη.
371 4014 432 4066 Ὀ
461 4014 517 4066 δὲ
548 4015 617 4064 τά
646 4029 706 4065 τε
740 4013 873 4080 πρὸς
901 4013 1062 4064 αὑτὸν
1094 4008 1151 4063 εὖ
1184 4012 1386 4062 διὲῡετο
1432 4011 1638 4079 βασιλεῖ
1686 4013 1780 4063 ἑπ-

205 4106 610 4172 αγγειλάμενος
639 4108 815 4156 πάντα
845 4104 1092 4171 ποιήσειν
1117 4105 1255 4154 κατὰ
1287 4101 1528 4170 γνώμην,
1558 4103 1649 4154 καὶ
1673 4104 1783 4164 τοῖς

206 4197 389 4260 ἄλλοις
423 4197 685 4264 βασιλέως
717 4197 891 4263 φίλοις
921 4194 1187 4261 ὑπέσχετο
1217 4193 1685 4262 διαλεχθήσεστὶαι,
1715 4193 1781 4246 ἶν’

209 4292 270 4342 ἐν
298 4290 479 4358 καιρῷ
510 4291 843 4356 προσήκοντι
873 4286 1135 4355 χρήσιμοι
1165 4285 1380 4353 ὀφθεῖεν
1413 4285 1641 4354 βασιλεῖ,
1675 4287 1781 4339 ἀπ-

210 4382 444 4449 ήγγελλέ
477 4398 532 4431 τε
562 4380 635 4442 ώς
666 4382 794 4448 περὶ
824 4379 1152 4449 Στρυμμόνα
1180 4380 1307 4446 νῆες
1332 4377 1664 4447 ὡρμίζονται
1692 4378 1784 4431 δύο

208 4477 306 4525 καὶ
334 4470 514 4523 εἴκοσι
545 4470 806 4537 Περσικαὶ
832 4471 921 4520 ἐπὶ
946 4469 1207 4538 λεηλασία
1237 4469 1560 4534 ἁφιγμέναι.
1597 4468 1653 4520 '0
1684 4468 1782 4535 μὲν

1884 3267 2302 3350 nuntiabatque,
2339 3283 2406 3336 ad
2457 3282 2764 3354 Strymonis
2813 3287 2962 3355 ripas
2998 3303 3166 3344 naves
3205 3289 3456 3349 Persicas

1883 3375 2019 3428 duas
2051 3390 2213 3441 supra
2247 3375 2435 3445 viginti
2470 3377 2770 3446 populandi
2805 3394 2970 3433 causa
3009 3383 3297 3451 appulsas.
3343 3385 3454 3439 lm-

1883 3476 2104 3532 peratcr
2162 3465 2314 3518 linito
2363 3467 2463 3519 hoc
2524 3479 2794 3521 nocturno
2841 3469 3138 3539 colloquio,
3175 3474 3242 3527 ad
3299 3475 3458 3530 trire-

1884 3570 1997 3608 mes
2051 3557 2296 3619 revertit,
2340 3559 2600 3611 cautione
2654 3575 2848 3628 magna
2898 3561 3162 3627 adhibita,
3210 3580 3278 3620 ne
3321 3582 3450 3621 cum

1884 3645 2122 3700 Triballo
2155 3661 2480 3718 congressus
2519 3649 2836 3704 resciretur.
2878 3651 3125 3708 D.luculo
3159 3654 3350 3711 Persas
3385 3660 3454 3713 ad

1884 3737 2142 3790 auxilium
2179 3739 2392 3800 invitat,
2423 3741 2515 3808 qui
2560 3741 2678 3795 sine
2729 3758 2878 3796 mora
2908 3745 3184 3809 advolant,
3221 3763 3344 3802 cum
3387 3750 3456 3804 iis

1885 3827 2332 3885 Thessalonicam
2359 3831 2626 3896 defertur,
2661 3833 3038 3904 ubi-populum
3063 3849 3119 3892 et
3154 3839 3458 3898 Zelotasab

1884 3922 2239 3996 Optimatibus
2271 3922 2598 3978 dissidentes
2637 3925 2869 3989 invenit,
2901 3937 2956 3981 et
2992 3929 3184 3983 urbem
3225 3941 3338 3984 tum
3385 3937 3455 3986 ab

1885 4014 2128 4068 externis
2183 4015 2455 4079 hostibus,
2506 4027 2617 4069 tum
2668 4018 2736 4070 ab
2774 4018 3009 4072 internis
3044 4021 3457 4076 insidiatoiibns

1887 4104 2202 4157 alllictatam
2255 4107 2642 4158 communiter.
2677 4107 2872 4161 Verum
2918 4123 3083 4164 otune
3115 4113 3312 4166 malum
3357 4117 3456 4168 ad-

1887 4205 2056 4249 ventu
2090 4210 2191 4248 suo
2222 4196 2506 4258 discussit,
2545 4207 2764 4266 totaque
2803 4200 3004 4255 ciiitas
3056 4202 3254 4256 festum
3308 4205 3455 4260 diem

1887 4302 2078 4356 agens,
2129 4297 2182 4342 et
2229 4288 2656 4344 acclamationes
2695 4291 3068 4360 ingeminans.
3100 4294 3459 4364 imperatores

1888 4379 2005 4433 Ιιυιιι
2037 4396 2132 4434 sus
2165 4381 2298 4448 epit.
2333 4382 2645 4436 Secundum
2697 4385 2988 4438 adventum
3044 4385 3459 4446 Cantacuzenus

1888 4478 2081 4522 vocato
2109 4469 2161 4521 in
2191 4469 2512 4522 concionem
2546 4470 2767 4538 populo,
2806 4471 2874 4524 de
2920 4472 3085 4536 bello,
3126 4477 3272 4542 quod
3321 4494 3454 4531 con-

214 4560 308 4616 οὖν
346 4561 601 4629 βασιλεὺς
633 4560 855 4614 τοιαῦτα
896 4561 987 4612 ἐπὶ
1027 4561 1217 4622 νυκτὸς
1255 4560 1553 4628 διαλεχθεὶς
1577 4602 1591 4624 ,
1630 4562 1780 4614 πάλιν

1896 4570 1977 4613 tra
2016 4575 2074 4614 se
2105 4559 2335 4613 Romani
2369 4562 2689 4626 movissent,
2724 4562 2986 4628 disseruit
3016 4583 3030 4618 :
3065 4582 3173 4619 non
3209 4568 3333 4630 sibi,
3359 4572 3456 4623 sed

211 4656 296 4717 είς
327 4656 427 4715 τὰς
458 4643 702 4722 τριήρεις
737 4651 1046 4721 ἀπεχώρει,
1078 4653 1334 4721 πρόνοιαν
1371 4655 1569 4725 πολλὴν
1605 4655 1787 4706 ποιού-

215 4763 379 4815 μενος
418 4745 517 4796 τοῦ
563 4745 636 4814 μὴ
680 4746 908 4813 φανερὸς
948 4740 1086 4796 εἶναι
1129 4745 1497 4815 διειλεγμένος
1536 4746 1613 4817 τῷ
1656 4749 1785 4816 Τρι-

213 4838 387 4909 σαλῷ.
426 4837 581 4907 Ἀμά
622 4836 678 4889 δέ
723 4836 798 4905 ἒῳ
843 4837 1091 4905 ἐπέμπεν
1132 4839 1222 4889 ἐπὶ
1266 4841 1393 4900 τοὺς
1438 4841 1652 4907 Πέρσας
1695 4842 1788 4892 καὶ

211 4929 403 4982 ἐκάλει
433 4929 526 4980 ἐπὶ
556 4928 889 4994 συμμαχίαν,
920 4928 967 4978 οί
1017 4928 1073 4980 δὲ
1125 4929 1379 4998 παρῆσαν
1406 4929 1559 4982 οὐδὲν
1588 4929 1786 4999 μελλή-

212 5036 410 5081 σαντες
436 5033 454 5050 ο
497 5018 592 5080 οὓς
636 5017 785 5084 ἄγων
831 5018 970 5086 μετὰ
1012 5019 1120 5069 τῶν
1161 5021 1433 5088 τριήρεων
1473 5021 1670 5087 ἀφῖκτο
1710 5022 1789 5083 είς

211 5108 620 5177 Θεσσαλονίκην
639 5147 654 5173 ,
688 5104 813 5177 εὗρε
845 5110 900 5161 δέ
929 5112 1019 5161 τὸν
1048 5109 1216 5177 δῆμον
1248 5113 1343 5162 καὶ
1372 5113 1497 5174 τοὺς
1532 5113 1786 5181 Ζηλωτὰς

214 5203 356 5270 πρὸς
387 5202 517 5262 τοὺς
555 5201 802 5268 ἀρίστου;
838 5200 1338 5264 διαστασιάζοντας,
1374 5205 1466 5254 καὶ
1500 5206 1651 5273 κοινῇ
1687 5222 1787 5257 κα-

212 5293 330 5352 κῶς
361 5292 464 5360 τὴν
499 5291 651 5342 πόλιν
685 5290 748 5341 ἐκ
781 5307 839 5342 τε
870 5290 976 5342 τῶν
1009 5292 1207 5355 ἔξωθεν
1242 5292 1517 5360 πολεμίων
1553 5295 1648 5344 καὶ
1679 5294 1787 5346 τῶν

211 5383 364 5434 ἔνδον
398 5380 704 5433 ἐπιϐούλων
739 5380 990 5450 ἔχουσαν.
1023 5383 1204 5434 Πάντα.
1237 5382 1292 5434 δὲ
1326 5384 1484 5446 εὐθὺς
1516 5384 1689 5436 διέλυε
1723 5387 1789 5439 τὰ

210 5473 363 5526 δεινὰ
398 5474 704 5539 ἐπιφανεὶς,
739 5473 832 5524 καὶ
862 5474 895 5542 ὴ
930 5475 1074 5526 πᾶσα
1108 5474 1259 5537 πόλις
1297 5477 1352 5526 ἐν
1382 5477 1596 5552 ἑορταῖς
1628 5472 1789 5543 ἦσαν,

214 5567 317 5618 καὶ
341 5565 482 5632 μετὰ
504 5565 708 5632 πολλῆς
728 5563 1000 5632 εὐφημίας
1027 5565 1347 5634 ὑπεδέχοντο
1367 5568 1489 5624 τοὺς
1514 5567 1787 5634 βασιλέας.

215 5655 430 5723 Μικρὸν
471 5656 526 5708 δὲ
577 5657 712 5724 μετά
754 5657 852 5726 τὴν
893 5656 1221 5725 ἐπιδημίαν,
1274 5659 1721 5730 Καντακουζηνὸς
1763 5663 1790 5714 ὁ

221 5744 476 5812 βασιλεὺς
505 5745 801 5811 ἐκκλησίαν
829 5745 1106 5814 πάνδημον
1135 5749 1195 5799 ὲκ
1223 5748 1328 5798 τῶν
1353 5749 1790 5800 Θεσσαλονικέων

225 5837 616 5902 συναθροίσας,
649 5837 774 5904 περί
807 5853 862 5888 τε
895 5837 985 5889 τοῦ
1019 5837 1424 5906 συμϐεϐηκότος
1462 5841 1594 5907 πρ“.ς
1632 5842 1788 5892 αζτδν

1887 4651 2233 4722 sycophantis
2281 4667 2502 4706 causam
2541 4653 2684 4708 illius
2728 4655 3108 4708 ascribendam
3136 4672 3151 4720 ;
3182 4667 3237 4710 et
3267 4659 3333 4712 de
3361 4659 3460 4711 Ze-

1888 4742 2011 4796 lotis
2049 4743 2315 4813 ipsorum,
2353 4745 2449 4812 qui
2497 4759 2674 4814 neque
2699 4755 2882 4808 antea,
2933 4747 3089 4814 quasi
3140 4748 3456 4817 imperatori

1884 4834 2090 4904 juniuri
2146 4837 2451 4898 studerent,
2495 4851 2646 4890 arma
2706 4837 2759 4890 in
2812 4853 2873 4892 se
2910 4839 3352 4902 movissent,sed
3402 4854 3460 4895 ut

1889 4923 2218 4993 locupletum
2252 4924 2536 4980 facultates
2571 4927 2892 4995 diriperent,
2923 4927 3021 4998 ipsi
3058 4929 3302 4999 pirritllle
3334 4948 3458 4985 om-

1887 5028 1986 5067 nes
2029 5024 2292 5083 egentes:
2341 5027 2396 5068 et
2453 5032 2601 5070 nunc
2657 5018 3026 5072 nihilutninus
3088 5021 3454 5075 'I'riballorutn

1889 5104 2269 5173 largitionibus
2295 5109 2570 5176 corrupti,
2603 5125 2707 5162 non
2730 5112 2973 5178 imperati
2997 5127 3110 5164 rem
3144 5114 3325 5175 modo,
3359 5131 3459 5180 pro

1890 5212 1996 5264 quo
2030 5212 2087 5250 se
2122 5207 2460 5267 pugnaturos
2484 5201 2866 5266 aﬂirmassent,
2909 5205 3000 5256 sed
3047 5213 3101 5255 et
3154 5205 3340 5258 urbem
3368 5215 3453 5258 to-

1894 5296 1999 5338 tam
2053 5297 2272 5352 propter
2321 5290 2703 5357 compendium
2755 5307 2913 5344 suum
2979 5294 3335 5359 prodiderint.
3382 5294 3460 5348 Ac

1893 5380 2078 5435 multis
2112 5383 2449 5449 argumentis
2476 5382 2911 5444 demonstrabat,
2946 5399 3051 5436 non
3083 5385 3256 5436 solum
3286 5385 3459 5454 impe-

1891 5477 2056 5531 ratori
2102 5476 2330 5545 iuniori,
2392 5476 2486 5530 sed
2523 5478 2796 5531 universis
2827 5493 3050 5547 quoque
3083 5478 3348 5533 ltoinanis
3400 5489 3456 5534 et

1890 5569 2099 5622 civibus
2139 5569 2265 5624 inde
2295 5569 2362 5624 ab
2388 5569 2542 5622 initio
2579 5569 2875 5623 malevolos
2906 5570 3183 5624 exstitisse
3213 5583 3227 5626 :
3265 5570 3456 5638 praeci-

1891 5673 2139 5727 puos'que
2187 5659 2578 5727 comprehendi
2623 5660 2945 5727 imperabat,
2974 5676 3112 5727 quos
3145 5669 3198 5711 et
3253 5660 3460 5736 Hylan-

1897 5749 2027 5802 tium
2054 5765 2237 5802 secum
2267 5750 2514 5803 adduxit.
2551 5751 2697 5803 Alios
2726 5751 2856 5803 tnb:
2889 5750 3065 5820 fugari
3100 5749 3301 5815 jussit:
3332 5749 3458 5802 Tri—

1900 5842 2069 5894 balios
2127 5858 2255 5895 vero
2310 5841 2729 5911 propugnaculis
2758 5842 2962 5897 circum
3001 5843 3186 5894 urbem
3223 5839 3455 5906 expulit,
