4226 6444
183 456 282 521 137

1325 451 1640 512 HISTOBI
1655 451 1875 512 ARUM
1917 447 2149 510 LIBER
2181 447 2284 510 IV.

3331 441 3432 506 138

182 566 314 630 ταξὺ
392 564 501 618 τῶν
573 562 668 618 δύο
741 563 943 634 τειχῶν
1017 562 1335 627 αὐλίζεσθαι
1392 567 1492 634 τῆς
1557 567 1840 627 πόλεωςΑ

1794 569 1840 626 Α
1871 564 2030 619 missa
2059 579 2244 620 secum
2277 560 2552 629 auferens,
2593 559 2636 615 si
2683 558 2752 614 ad
2800 559 2989 614 urbem
3056 557 3433 626 occupandum

184 659 281 726 τὴν
307 657 512 709 νύκτα·
580 657 676 709 καὶ¹
728 657 1002 726 μηδεμίαν
1037 656 1157 709 κατ’
1210 657 1410 717 αὐτοὺς
1470 652 1610 709 εἶναι
1662 673 1763 724 φυ-

184 747 379 815 λακὴν,
442 745 573 798 ὥστ’
633 741 773 800 εἶναι
826 746 1010 817 ῥᾴδιον
1059 746 1185 808 τοὺς
1233 746 1486 814 ἑταίρους
1544 748 1763 797 πείσαν-

183 856 271 900 τα,
305 839 569 903 πράττειν
599 836 812 905 βασιλεί
858 837 927 889 τὰ
969 837 1110 889 κατὰ
1142 837 1393 905 γνώμην.
1446 835 1503 887 ὐ
1540 838 1638 904 μὲν
1669 830 1763 887 οὖν

187 930 462 1000 βάρϐαρος
490 929 636 981 οὕτω
669 927 998 996 συνθέμενος
1025 928 1161 996 πρὸς
1192 926 1435 996 βασιλέα,
1462 927 1762 996 ἀπεχώρει,

183 1023 397 1073 ἐκείνου
435 1019 914 1087 ἐπαγγειλαμένου
959 1019 1049 1071 τὸν
1083 1019 1201 1070 υἱὸν
1242 1019 1350 1070 ἀπὸ
1388 1017 1497 1070 τῶν
1541 1019 1762 1084 Περσῶν

185 1112 531 1182 ἐλευθεροῦν,
573 1113 623 1164 εἰ
667 1111 1012 1181 συμπράξειε
1041 1111 1107 1164 τὰ
1143 1111 1342 1163 δυνατὰ
1378 1111 1514 1178 πρὸς
1539 1110 1598 1162 τὸ
1627 1109 1761 1178 Βέρ-

187 1209 343 1276 ῥοιαν
384 1206 608 1258 ἁλῶναι.
667 1204 928 1264 Βασιλεὺς
972 1204 1029 1255 δὲ
1073 1202 1539 1272 παρεσκευάζετο,
1575 1202 1649 1263 ὡς
1685 1202 1764 1264 εἰς

186 1297 450 1370 Βέρροιαν
485 1296 817 1364 ἀφιξόμενος
869 1295 1083 1356 νυκτὸς,
1119 1293 1213 1346 καὶ
1259 1294 1356 1353 τὰς
1391 1294 1487 1360 μὲν
1517 1292 1764 1361 τριήρεις

185 1389 409 1439 ἐκέλευε
437 1387 563 1447 τοὺς
586 1387 890 1454 ναυάρχους
923 1383 1344 1450 ἐφοπ)ίσανταῖν
1387 1383 1622 1447 dum”;
1668 1382 1763 1434 καὶ

184 1483 316 1542 τοὺς
350 1479 686 1548 βαρϐάρους,
707 1479 800 1530 ὲπί
830 1493 954 1528 τινα
999 1478 1243 1544 ποταμδν
1272 1474 1378 1527 τῶν
1433 1475 1674 1526 ἀεννὰων
1701 1473 1762 1526 ού

184 1573 330 1624 πάνυ
364 1570 556 1640 πὸρῤω
590 1571 785 1639 ῥέοντα
818 1568 1108 1637 Βερροίας,
1162 1568 1226 1618 ὲκ
1256 1566 1624 1644 ⁴συνθήματος
1678 1567 1766 1616 ὲλ-

185 1664 323 1726 οείν,
357 1664 452 1714 καὶ
494 1665 815 1732 περιμένειν
859 1661 1108 1731 βασιλέα.
1152 1655 1322 1722 Αὐτδς
1369 1660 1424 1712 δὲ
1473 1661 1570 1728 τήν
1611 1675 1671 1711 τε
1703 1659 1767 1711 ὲκ

185 1755 588 1822 θεσσαλονίκης
619 1755 769 1820 ἄγων
795 1753 1078 1822 στρατιὰν,
1107 1755 1200 1805 καὶ
1227 1753 1334 1804 τῶν
1364 1753 1427 1805 ὲκ
1458 1751 1763 1815 Βυζαντίου

184 1846 481 1912 ἑπομένων
511 1844 614 1897 οὐκ
651 1843 887 1909 ὀλίγους,
911 1841 1144 1896 αὐτόθεν
1187 1842 1385 1904 ἵππους
1424 1858 1767 1910 συμπορισα-

185 1936 409 1999 μένους,
438 1937 501 1986 ἐκ
533 1935 630 2002 τῆς
673 1933 904 2004 ἠπείρου
936 1933 1073 2002 πρὶς
1103 1934 1365 2002 Βέρροιαν
1410 1932 1629 2004 ἐχώρει,
1664 1933 1763 2001 βα·
1800 1915 1840 1970 Β

188 2027 346 2078 σιλέα
377 2026 467 2078 τὸν
493 2024 614 2078 νέον
648 2026 706 2076 ὲν
739 2024 1114 2095 Θεσσαλονίκῃ
1145 2025 1487 2079 καταλιπών.
1525 2027 1614 2078 Ἐν
1641 2027 1768 2095 Barl-

186 2116 315 2186 ροίᾳ
348 2115 405 2168 δὲ
436 2116 531 2168 καὶ
557 2116 822 2186 πρότερον
858 2115 956 2185 μὲν
985 2111 1124 2186 ἦσαν
1154 2117 1254 2170 οὐκ
1281 2116 1452 2183 ὀλίγοι
1481 2118 1768 2191 Τριϐαλῶν

185 2207 297 2260 ὑπό
349 2209 540 2278 Κράλῃ
597 2197 1036 2277 κατῳκισμένοι,
1083 2209 1146 2260 ού
1206 2225 1536 2275 στρατιῶται
1583 2213 1765 2279 μόνον,

181 2299 328 2352 ἀλλὰ
357 2300 456 2351 καί
485 2299 592 2350 τῶν
617 2299 885 2363 δυνατῶν,
906 2300 996 2352 διά
1023 2317 1084 2352 τε
1113 2299 1213 2368 τὴν
1241 2301 1410 2371 ἄλλην
1429 2305 1527 2370 τῆς
1556 2303 1766 2365 πόλεως

183 2393 421 2460 εὐφυΐαν
444 2407 460 2422 ο
484 2391 696 2453 οὐδενὸς
728 2392 836 2460 γὰρ
859 2394 968 2442 τῶν
990 2391 1091 2442 ὅσα
1123 2391 1279 2444 πόλιν
1300 2392 1599 2458 εὐδαίμονα
1627 2396 1771 2447 ποιεῖ

181 2485 351 2547 ἐνδεῖ,
383 2485 478 2535 καὶ
513 2484 600 2536 διὰ
643 2484 704 2535 τὸ
741 2483 987 2552 μεγάλην
1025 2479 1187 2549 εἶναι,
1233 2485 1328 2536 καὶ
1362 2485 1592 2548 πολλοὺς
1641 2487 1768 2550 τοὺς

182 2575 538 2636 ἐνοικοῦντας
587 2573 758 2642 ἔχειν,
793 2576 854 2626 ού
909 2574 1132 2644 δημώδη
1193 2576 1357 2644 μόνον
1403 2577 1581 2644 ὄχλον,
1629 2577 1770 2630 ἀλλὰ

182 2666 283 2716 καὶ
320 2661 688 2733 στρατιώτας,
717 2665 807 2715 καὶ
833 2663 934 2716 οὐκ
963 2664 1178 2729 ὀλίγους
1203 2665 1314 2718 τῶν
1352 2665 1732 2734 συγκλητικῶν
1751 2683 1764 2696 °

180 2750 260 2808 ὦν
291 2760 424 2818 τοὺς
455 2756 677 2815 πλείους
712 2757 835 2820 μὲν,
863 2755 895 2824 ῆ
924 2755 1135 2818 πάντας
1197 2758 1225 2810 ὀ
1269 2759 1492 2827 Κράλης
1540 2759 1770 2828 ἐξήλασε

183 2846 502 2914 κατασχὼν,
536 2846 686 2912 ὅμως
715 2845 794 2897 ἔτι
835 2846 934 2914 τὴν
958 2847 1303 2900 ἀποστασίαν
1329 2848 1520 2912 δεδιὼς
1551 2851 1650 2918 τῆς
1673 2851 1771 2903 πό-

179 2938 344 2999 λεως,
381 2938 725 3005 στρατιώτας
761 2953 820 2988 τε
849 2936 1234 3008 ἐγκατῴκισεν
1263 2940 1364 2991 οὐκ
1413 2941 1646 3008 ὀλίγους,
1677 2945 1770 2996 καί

180 3026 294 3076 τῶν
326 3025 460 3094 παρ’
491 3025 640 3095 αὑτῷ
668 3025 947 3093 ἐπιφανῶν
975 3043 1134 3090 τινας
1154 3043 1172 3061 ·
1198 3028 1518 3098 ἀκροπόλεις
1547 3030 1603 3082 δὲ
1628 3031 1773 3082 οἰκο-

180 3116 440 3185 δομήσας
471 3117 586 3181 δύο,
611 3119 710 3188 τὴν
745 3119 844 3187 μὲν
873 3118 1298 3189 ἀπηρτισμένην
1325 3123 1529 3189 πάντη,
1557 3119 1772 3189 φρουρὰ

1863 671 2084 726 operam
2123 655 2353 710 viriliter
2392 654 2735 709 contulisset.
2771 653 2998 731 Jamque
3029 650 3327 719 imperator
3377 655 3437 699 ιιι

1865 747 2176 801 Berrhmam
2207 755 2373 801 noctu
2405 748 2512 800 iret
2542 763 2601 800 se
2627 744 3005 814 comparabat,
3042 742 3303 794 mandans
3335 755 3436 793 na-

1865 837 2101 900 varchis,
2159 837 2408 890 triremes
2466 835 2820 896 instruerent,
2879 843 2932 887 et
2973 832 3233 885 barbaros
3278 829 3436 886 simul

1865 929 2144 989 ducentes,
2183 929 2237 981 in
2273 927 2496 981 [luvium
2526 925 2815 996 quemdam
2850 940 3170 994 perennem,
3206 939 3314 975 non
3343 925 3440 975 ad-

1868 1020 2082 1074 modum
2118 1019 2374 1073 Berrhcea
2414 1017 2606 1087 procul
2641 1025 2978 1076 manantem,
3036 1031 3100 1068 ex
3131 1015 3438 1082 composito

1865 1113 2138 1175 venirent,
2191 1111 2375 1180 ibique
2424 1125 2486 1164 se
2535 1115 2944 1177 exspectarent.
3008 1106 3126 1173 Ipse
3153 1120 3282 1157 vero
3327 1115 3438 1162 tum

1864 1220 1930 1258 ex
1962 1204 2350 1258 Thessalonica
2382 1202 2720 1272 prmsidium,
2759 1211 2872 1254 tum
2900 1199 2991 1269 qui
3031 1215 3060 1253 ρ
3097 1199 3349 1268 Byzantio
3382 1213 3440 1249 sc

1867 1305 2183 1365 sequentes,
2233 1311 2338 1348 non
2367 1309 2570 1364 paucos
2603 1294 2732 1346 inde
2783 1307 2956 1361 equos
3008 1291 3440 1360 conquisi-ram,

1866 1383 2071 1438 ducens
2107 1399 2172 1437 ev
2230 1385 2544 1437 continente
2571 1381 2914 1443 Berrhteam,
2969 1383 3298 1448 imperatore
3350 1380 3443 1446 jn-

1868 1474 2019 1528 niore
2044 1473 2444 1530 Thessalonice
2475 1474 2667 1528 relicto
2688 1515 2702 1537 ,
2734 1474 2977 1544 petebat.
3038 1473 3297 1526 Berrhma
3349 1487 3447 1522 au-

1869 1572 2002 1626 tem,
2065 1568 2168 1620 etsi
2215 1569 2322 1637 jam
2395 1577 2557 1621 antea
2609 1567 2764 1620 multi
2829 1566 3086 1634 degerent
3138 1564 3383 1626 Triballi,
3415 1580 3446 1616 τι

1865 1655 2023 1712 Crale
2043 1673 2107 1713 co
2132 1659 2435 1713 habitatum
2471 1659 2646 1724 missi,
2683 1674 2790 1712 non
2816 1659 3016 1712 milites
3041 1658 3222 1721 modo,
3253 1673 3442 1710 verum

1867 1750 2032 1804 etiam
2068 1751 2322 1806 homines
2352 1752 2582 1822 copiosi,
2619 1761 2734 1805 tum
2771 1760 2994 1820 propter
3025 1759 3274 1804 cznteram
3299 1764 3450 1802 com-

1869 1841 2190 1895 moditatem
2250 1841 2412 1913 (nihil
2446 1843 2714 1912 siquidem
2748 1857 2938 1896 eorum
2968 1856 3089 1909 qua:
3115 1841 3302 1894 urbem
3351 1841 3449 1892 ali-

1868 1948 2030 2002 quam
2064 1935 2271 1987 beatam
2312 1933 2545 1999 faciunt,
2581 1934 2687 1987 illic
2716 1934 2911 2000 deest),
2951 1943 3062 1987 tum
3099 1933 3221 2000 quia
3263 1932 3444 1998 ampla

1869 2033 1973 2090 est,
2009 2026 2308 2095 multisque
2346 2025 2541 2078 incolis
2569 2023 2846 2094 frequens,
2878 2039 2984 2077 non
3025 2024 3238 2093 plebeia
3265 2023 3443 2076 solum

1870 2116 2049 2182 turba,
2106 2117 2203 2170 sed
2254 2125 2309 2170 et
2363 2115 2623 2170 militibus
2686 2123 2738 2169 et
2792 2115 3173 2184 optimatibus,
3211 2131 3442 2183 quorum

1868 2208 2071 2277 plures,
2094 2209 2180 2262 vel
2198 2222 2388 2261 omnes
2411 2207 2592 2276 potius
2622 2207 2809 2261 Crales
2831 2223 2892 2260 ea
2917 2219 3180 2276 occupata
3214 2209 3442 2276 expulit,

1869 2302 2043 2355 nihilo
2087 2302 2268 2354 minus
2322 2301 2501 2355 adhuc
2535 2301 2655 2369 ejus
2687 2299 3049 2354 defectionem
3085 2301 3303 2364 timens,
3331 2317 3442 2355 non

1869 2405 2072 2461 paucos
2102 2392 2327 2446 milites°
2365 2400 2420 2446 et
2457 2392 2664 2445 nobiles
2713 2393 2917 2461 aliquot
2967 2392 3042 2445 ibi
3095 2392 3275 2445 srabili
3316 2393 3446 2448 sede

1869 2485 2183 2540 collocarat.
2239 2485 2406 2538 Arces
2459 2499 2622 2552 porro
2669 2483 2978 2537 construxit
3025 2484 3183 2538 duas.
3221 2485 3298 2539 Ac
3328 2501 3447 2538 om-

1871 2575 2001 2631 nino
2044 2577 2261 2644 quidem
2287 2575 2558 2644 perfectas,
2591 2574 2656 2628 ad
2709 2585 2919 2644 portam
2954 2589 3074 2643 quae
3110 2577 3275 2646 Regia
3313 2577 3448 2631 dici-

1871 2677 1979 2730 tur,
2017 2665 2317 2721 Germanos
2350 2665 2718 2734 praesidiarios
2746 2666 3008 2733 imposuit
3030 2685 3043 2719 :
3065 2665 3228 2720 altera
3250 2667 3447 2720 etiam-

1871 2774 2001 2812 num
2076 2757 2330 2827 praesidio
2374 2757 2631 2818 carebat;
2724 2772 2834 2810 non
2908 2757 3053 2810 enim
3133 2767 3240 2810 tam
3302 2775 3445 2824 arx,

1872 2865 2032 2920 quam
2080 2864 2252 2924 parva
2304 2849 2434 2902 urbs
2466 2849 2519 2901 in
2556 2862 2747 2916 magna
2777 2857 2891 2901 erat
2940 2849 3073 2918 (10).
3107 2850 3266 2902 Parte
3301 2850 3447 2904 enim

1870 2959 1980 2999 non
2022 2941 2214 3012 exigua
2243 2941 2311 2995 de
2333 2942 2540 2994 ambitu
2578 2941 2778 3010 prioris
2813 2941 2963 2994 urbis
2989 2943 3255 3007 abscissa,
3291 2959 3446 2996 muro

1873 3051 1992 3089 eam
2032 3034 2414 3102 discludcbat,
2457 3033 2572 3088 solo
2616 3036 2845 3102 aaquatis
2884 3034 3114 3097 aedibus,
3163 3045 3218 3089 et
3272 3045 3448 3090 turres

1877 3127 2141 3198 erigebat,
2181 3135 2303 3194 post
2359 3141 2521 3179 unant
2560 3128 2852 3180 maximam
2886 3137 2996 3181 tres
3027 3128 3289 3190 minores,
3324 3145 3448 3182 mu-

182 3211 427 3278 κατέσχε
463 3210 758 3279 Γερμανῶν
784 3211 881 3280 τὴν
908 3211 1046 3280 πρὸς
1075 3215 1141 3280 τῇ
1167 3212 1430 3282 Βασιλικῇ
1463 3210 1772 3301 καλουμένῃ
1801 3245 1842 3301 C

1801 3245 1842 3301 ρ
1877 3233 2168 3287 rorumque
2198 3217 2340 3270 inter
2372 3227 2548 3272 turres
2586 3218 2948 3272 crassitudine
2971 3218 3078 3271 illis
3112 3219 3449 3287 responden-

186 3301 365 3368 πύλῃ,
393 3304 426 3368 ἡ
460 3301 624 3369 λοιπὴ
650 3303 704 3354 δὲ
741 3303 910 3354 ἐνέδει
938 3303 1041 3356 ἔτι.
1085 3305 1160 3356 Ού
1196 3305 1302 3374 γὰρ
1334 3304 1632 3372 ἀκρόπολις
1679 3299 1770 3373 ἦν,

187 3391 307 3442 ἀλλ’
338 3392 530 3459 ῶσπερ
567 3392 742 3460 μικρὰ
771 3393 924 3454 πόλις
966 3394 1024 3445 ἐν
1064 3395 1292 3464 μεγάλῃ.
1321 3396 1504 3465 Μέρος
1533 3396 1641 3463 γὰρ
1674 3397 1774 3448 οὐκ

182 3483 373 3550 ὀλίγον
401 3484 494 3536 τοῦ
524 3485 810 3554 περιϐόλου
864 3485 964 3553 τῆς
1011 3487 1235 3556 πρώτης
1270 3488 1482 3549 πόλεως
1511 3489 1776 3556 ἀποτεμό-

191 3593 361 3642 μενος
389 3577 712 3645 διετείχιζεν
740 3577 832 3629 ἐπὶ
856 3578 924 3630 τὰ
954 3579 1102 3630 ἔνδον
1133 3580 1231 3643 τὰς
1263 3581 1441 3641 οἰκίας
1471 3581 1772 3649 καθαιρῶν,

188 3671 288 3720 καὶ
331 3668 576 3735 πύργους
602 3671 794 3738 ἀνίστη
825 3669 911 3736 ἐφ’
948 3669 1030 3721 ἑνὶ
1059 3670 1137 3739 τῷ
1170 3671 1416 3741 μεγίστῳ
1442 3674 1589 3739 τρεῖς
1615 3672 1772 3724 ἐλάσ-

194 3777 350 3822 σους,
403 3763 502 3812 καὶ
549 3762 656 3813 τῶν
689 3762 832 3813 κατὰ
872 3763 938 3814 τὰ
981 3763 1330 3832 μεσοπύργια
1374 3764 1568 3832 τειχῶν
1599 3766 1774 3833 πάχος

193 3853 519 3924 σύμμετρον
549 3855 780 3922 ἑχόντων
831 3854 1028 3915 διπλᾶς
1055 3855 1228 3906 ἐποίει
1263 3858 1361 3919 τὰς
1393 3855 1667 3921 ἐπάλξεις,
1707 3855 1773 3907 ἵν’

190 3944 241 3994 εἰ
296 3943 499 4006 δέοιτο,
547 3943 633 4010 ἐφ’
666 3942 857 4012 ἕτερον
905 3944 1045 3996 ἰέναι
1080 3944 1138 4009 ἐξ
1175 3945 1387 4014 ἐτέρου,
1421 3947 1579 4015 ῥᾳδία
1623 3947 1708 4016 εἴη
1739 3949 1772 4016 ἡ

190 4033 502 4102 διεξαγωγή
531 4050 544 4064 ·
583 4033 682 4085 κᾶν
718 4038 766 4085 εἰ
803 4035 1050 4103 συμϐαίη
1087 4035 1186 4104 τὴν
1219 4037 1516 4105 ἀκρόπολιν
1549 4038 1774 4103 ἁλῶναι,

197 4126 368 4193 μηδὲν
422 4123 905 4192 παραϐλάπτοιντο
951 4128 1001 4178 οἰ
1059 4127 1299 4194 φύλακες
1334 4131 1538 4194 ὁμοίως
1581 4132 1688 4181 ἀπό
1716 4147 1774 4183 τε

193 4218 304 4268 τῶν
341 4219 447 4282 ἔξω
476 4219 569 4268 καὶ
612 4217 721 4268 τῶν
765 4216 916 4268 ἔνδον
959 4219 1259 4286 πολεμίων.
1298 4218 1516 4285 Ταύτην
1551 4221 1650 4288 μὲν
1683 4221 1775 4273 οὖν

193 4307 459 4376 τοιαύτην
506 4306 689 4366 οὖσαν.
742 4309 843 4361 οὐκ
896 4308 1135 4377 ἔφθασεν
1189 4311 1268 4372 είς
1323 4311 1474 4372 τέλος
1525 4315 1772 4378 ἀγαγεῖν,

198 4399 340 4452 ἀλλὰ
369 4399 462 4451 τοῦ
493 4402 864 4468 προσήκοντος
905 4400 1072 4468 ὕψους
1108 4401 1472 4454 ἀπελείποντο
1497 4404 1544 4454 οἱ
1573 4402 1777 4471 πύργοι

197 4492 305 4546 ἔτι.
331 4492 433 4543 Διά
457 4508 516 4543 τε
548 4491 638 4542 οὖν
671 4494 768 4552 τὰς
804 4492 1099 4561 εἰρημένας
1133 4491 1334 4556 αἰτίας,
1365 4494 1548 4545 πολλοὶ
1580 4494 1780 4562 Τριϐα-

1878 3314 2010 3367 tium
2041 3311 2276 3380 duplicia
2322 3311 2748 3380 propugnacula,
2791 3324 2888 3364 seu
2937 3310 3135 3378 pinnas
3189 3311 3442 3367 faciebat.

1873 3415 1933 3458 ut
1963 3405 2008 3459 si
2041 3419 2180 3473 opus
2206 3402 2365 3467 foret,
2407 3401 2475 3456 ab
2505 3417 2607 3454 una
2642 3402 2693 3454 in
2724 3402 2948 3455 alteram
2983 3401 3140 3455 facile
3171 3417 3448 3455 commea-

1871 3504 1996 3549 rent
2023 3495 2223 3548 milites
2254 3513 2266 3547 :
2307 3501 2360 3546 et
2389 3493 2430 3546 si
2466 3508 2558 3545 arx
2589 3492 2730 3545 forte
2770 3501 3073 3560 caperetur,
3105 3495 3354 3546 custodes
3377 3493 3446 3548 ab

1874 3585 2125 3638 hostibus
2183 3600 2334 3652 :eqne
2388 3584 2534 3637 intus
2603 3597 2665 3636 ac
2717 3581 2849 3635 foris
2903 3583 3036 3635 nihil
3100 3583 3444 3637 laederentur.

1874 3677 2023 3731 llanc
2054 3678 2217 3748 igitur
2246 3692 2426 3731 arcem
2482 3676 2563 3730 sic
2614 3675 2912 3729 institutam
2938 3676 3004 3729 ad
3038 3676 3197 3730 finem
3248 3679 3448 3745 perdu-

1876 3783 1999 3822 cere
2029 3784 2137 3821 non
2175 3768 2373 3836 potuit,
2407 3767 2502 3821 sed
2531 3767 2867 3820 Conveniens
2912 3766 3142 3820 altitudo
3200 3767 3446 3822 turribus

1875 3861 2057 3914 adhuc
2084 3860 2287 3914 deerat.
2320 3857 2550 3926 Propter
2579 3873 2772 3912 causas
2804 3858 2973 3926 igitur
3001 3872 3030 3910 a
3083 3871 3169 3910 me
3216 3859 3445 3926 positas,

1876 3967 2067 4021 magna
2100 3963 2154 4004 et
2184 3951 2438 4004 bellicosa
2466 3947 2833 4002 Triballorum
2865 3949 2943 4002 vis
2990 3947 3305 4002 Berrhoeam
3370 3951 3452 4004 in-

1877 4043 2088 4097 colebat
2122 4061 2134 4095 :
2174 4052 2229 4095 et
2261 4050 2385 4094 tunc
2417 4049 2638 4110 prOpter
2662 4037 2920 4092 infestum
2977 4040 3324 4108 imperatoris
3354 4041 3451 4094 ad-

1876 4143 2096 4188 ventum
2126 4147 2230 4185 non
2260 4133 2412 4199 pauci
2449 4132 2501 4183 in
2548 4130 2680 4184 vicis
2737 4130 3064 4194 habitantes,
3103 4131 3247 4198 quod
3279 4141 3335 4184 et
3389 4146 3450 4184 se

1880 4222 2128 4276 invasutn
2163 4222 2228 4274 iri
2261 4228 2592 4282 metuerent,
2622 4235 2686 4272 eo
2712 4221 3113 4283 confluxerant,
3171 4220 3451 4273 custodie-

1880 4315 2146 4381 baturque
2170 4316 2484 4367 urhsnoctn
2543 4321 2596 4364 et
2649 4311 2889 4364 interdiu
2937 4311 3245 4380 vigilanter,
3282 4319 3336 4365 et
3382 4313 3451 4366 ad

1881 4408 2088 4460 hostem
2123 4404 2548 4474 propulsandum
2586 4417 2706 4456 sese
2737 4403 3102 4456 instruebant.
3140 4403 3269 4466 Qua!
3325 4418 3451 4457 cum

1881 4508 1935 4550 et
1969 4498 2260 4563 imperator
2302 4493 2738 4562 exploratissitne
2767 4492 2952 4555 sciret,
2993 4507 3102 4545 non
3128 4501 3310 4560 aperte
3355 4508 3450 4546 eos

194 4583 307 4633 λῶν
343 4580 680 4650 ἐνδιέτριὸον
723 4581 981 4650 Βερῤοίᾳ,
1012 4582 1110 4634 καὶ
1157 4581 1452 4651 ἀξιόμαχος
1505 4585 1735 4652 στρατιά
1760 4601 1774 4615 ο
1811 4591 1854 4644 D

1811 4591 1854 4644 D
1884 4583 2470 4657 aggrediebatur,quod
2495 4597 2552 4636 se
2582 4582 2646 4635 ad
2685 4591 2790 4634 tam
2823 4581 3020 4636 multos
3046 4584 3449 4652 expugnatione

199 4675 298 4724 καὶ
323 4674 447 4724 τότε
488 4671 574 4724 διὰ
605 4671 701 4739 τὴν
734 4670 1002 4739 βασιλέως
1027 4672 1216 4738 ἔφοδον
1247 4673 1346 4725 οὐκ
1369 4674 1541 4740 ὀλίγοι
1571 4678 1634 4726 ἐκ
1672 4676 1779 4728 τῶν

202 4766 264 4815 ὲν
289 4766 410 4825 ταῖς
434 4763 651 4830 κώμαις
676 4762 1103 4832 κατῳκισμένων
1131 4764 1427 4832 συνῆλθονχο
1458 4765 1778 4818 ὑπώπτευον

200 4854 315 4922 γὰρ
346 4855 444 4906 καὶ
485 4855 639 4906 αὐτοὶ
676 4853 904 4923 βασιλέα
931 4857 1308 4924 ἐπιχειρήσειν
1341 4856 1511 4923 σφίσι,
1555 4859 1650 4909 καὶ
1683 4858 1780 4926 τῆς

199 4962 266 4998 τε
297 4947 510 5007 πόλεως
546 4946 825 4998 ἐποιοῦντο
853 4945 1104 5014 φυλακὴν
1141 4948 1235 4999 καὶ
1266 4948 1505 5016 νύκτωρ.
1531 4952 1623 5000 καὶ
1661 4949 1781 5016 μεθ’

197 5038 418 5107 ἡμέραν
477 5038 537 5088 ού
594 5036 900 5106 ῥᾳθύμωςο
948 5041 1042 5093 καὶ
1097 5040 1576 5108 παρεσκευάζοντο
1643 5039 1778 5108 πρὸς

200 5132 442 5196 ἄμυναν,
469 5129 536 5196 ἣν
570 5145 653 5190 τις
689 5131 874 5190 αὐτοῖς
901 5130 1055 5198 ἐπίῃ.
1092 5131 1158 5181 Ἀ
1207 5132 1301 5182 καὶ
1335 5129 1584 5200 βασιλεὺς
1611 5131 1776 5197 σαφές

203 5235 376 5270 στατα
422 5217 606 5280 εἰδὼς,
642 5220 703 5271 ού
741 5220 994 5287 φανερῶς
1046 5221 1321 5290 ἐπεχείρει
1347 5239 1359 5250 ·
1396 5221 1512 5290 ᾔδει
1561 5223 1667 5288 γὰρ
1716 5221 1778 5273 οὑ

199 5309 431 5370 δυνατὸς
464 5310 721 5378 ἐσόμενος
753 5311 1042 5374 τοσούτους
1072 5313 1163 5381 βίᾳ
1208 5313 1460 5380 αἱρήσειν
1497 5315 1634 5379 μετὰ
1671 5313 1779 5365 τῶν

189 5401 405 5469 ,τειχῶν
430 5415 444 5428 ·
481 5400 598 5452 ἀλλ’
628 5401 723 5453 ἐπὶ
769 5401 977 5471 κλοπὴν
1009 5401 1203 5471 ἐχώρει
1238 5402 1461 5469 μᾶλλον,
1492 5404 1591 5455 οὐκ
1625 5402 1781 5470 ὀλίγα

204 5495 309 5544 καὶ
352 5495 465 5554 τοῖς
512 5491 802 5562 ἐγχωρίοις
849 5494 1147 5556 πεποιθώς,
1183 5493 1257 5554 ώς
1305 5496 1660 5562 συστήσονται
1694 5493 1784 5545 ἐπὶ

205 5583 341 5646 τοὺς
380 5582 678 5653 πολεμίους
729 5586 796 5656 ἢν
844 5584 1140 5638 αἴσθωνται
1173 5583 1322 5638 ἔνδον
1347 5583 1497 5652 ὄντα,
1529 5585 1624 5637 καὶ
1658 5601 1788 5651 συγ-

1884 4678 2213 4748 subigendos
2243 4678 2448 4730 viribus
2481 4677 2742 4743 imparem
2777 4684 2986 4738 nosset,
3046 4675 3141 4728 sed
3201 4675 3265 4728 ad
3306 4678 3450 4728 furta

1883 4784 1941 4822 se
1971 4768 2320 4825 convertebat
2358 4767 2558 4835 potius,
2585 4781 2692 4818 non
2724 4780 2913 4833 parum
2951 4774 3006 4818 et
3043 4765 3238 4819 incolis
3273 4767 3447 4818 confi-

1883 4873 2006 4922 sus;
2059 4858 2218 4926 772
2257 4872 2459 4926 nempe
2500 4857 2545 4909 si
2571 4871 2628 4909 se
2658 4857 2801 4908 inttts
2837 4870 2955 4908 esse
2982 4859 3354 4925 cognoverint,
3375 4857 3454 4910 si-

1884 4949 1994 5001 mul
2031 4948 2085 5000 in
2119 4949 2302 5001 hostes
2333 4955 2696 5008 surrecturos,
2725 4945 3033 5013 bellumque
3083 4960 3268 5000 secum
3315 4962 3451 4999 con-

1883 5039 2142 5093 fecturos.
2170 5039 2356 5107 Itaque
2380 5053 2705 5106 magnopere
2739 5037 2982 5100 studens,
3019 5051 3088 5089 ne
3119 5036 3170 5087 in
3235 5034 3452 5088 Tribal-

1883 5132 1964 5186 los
1990 5131 2067 5184 ire
2101 5139 2438 5193 nosceretur,
2466 5144 2529 5181 ex
2574 5139 2857 5196 compacto
2913 5143 3036 5181 cum
3086 5129 3324 5181 exercitu
3383 5128 3450 5181 ad

1885 5222 2088 5276 flumen
2133 5223 2302 5276 venit.
2354 5221 2627 5274 'l'rirenws
2677 5230 2856 5274 autem
2910 5221 3149 5274 nondum
3197 5223 3446 5276 aderant.

1882 5312 2016 5367 Cum
2050 5314 2193 5365 enim
2223 5319 2406 5365 essent
2434 5309 2500 5363 ad
2532 5311 2734 5362 ostium
2784 5308 3042 5373 fluminis,
3087 5325 3117 5362 e
3173 5311 3308 5362 mari
3362 5320 3450 5363 at-

1884 5419 1989 5471 que
2031 5418 2059 5456 e
2106 5403 2268 5456 ﬂuvio
2319 5402 2374 5454 in
2411 5401 2635 5454 modum
2676 5402 2888 5470 aggeris
2941 5411 3164 5471 aggesto
3221 5401 3334 5454 luto
3365 5405 3449 5470 (ut

1883 5502 2028 5547 amat
2088 5493 2601 5561 accidere),aditus
2657 5493 2721 5545 ad
2772 5492 3158 5544 transeundum
3214 5490 3445 5546 obtineri

1885 5601 1991 5639 non
2023 5592 2238 5654 poterat
2271 5600 2284 5636 :
2350 5593 2404 5639 et
2464 5583 2721 5640 navarchi
2761 5583 2826 5638 ad
2859 5598 3028 5638 naves
3082 5582 3444 5652 expediendas

1440 5723 1657 5784 Jacobi
1690 5723 1953 5786 Pontani
1990 5731 2176 5785 nota.

298 5847 400 5918 (10)
439 5847 627 5904 erce
661 5848 912 5903 festivius
936 5856 1162 5918 propter
1194 5847 1643 5918 παρωνομασίαν.

529 5941 804 6001 ΡΑτιιυι..
842 5945 958 6001 (in.
995 5937 1204 6002 CLIV.
