4226 6444
744 429 848 491 139

1941 426 2263 487 JOANNIQ
2298 432 2821 495 CANTACUZENI

3903 427 4008 491 140

743 544 945 597 nullam
1008 540 1319 594 machinam
1388 538 1761 601 inveniebant,
1804 547 2125 608 tantumque
2156 556 2317 594 occa-
2347 547 2393 603 Α

2347 547 2393 603 Α
2423 545 2855 611 κατεργάσωνται
2899 541 3049 609 αὐτῷ
3074 543 3164 593 τὸν
3198 542 3457 611 πόλεμον.
3508 543 3570 595 Ὀ
3609 540 3709 610 μὲν
3740 543 3836 596 οὖν
3874 548 4006 614 πρὸ·

741 640 951 689 sionem
1008 633 1171 687 talem
1219 632 1291 687 rei
1342 634 1482 687 bene
1537 633 1788 701 gerenda:
1841 633 1983 686 elabi
2031 633 2313 686 dolebant.

744 730 1002 783 Sciebant
1030 727 1252 796 quippe,
1288 739 1389 778 nec
1424 724 1811 793 imperatorem
1849 724 1970 778 sine
1999 724 2131 789 ipsis
2185 723 2317 776 Bi-r-

743 824 954 874 rltasam
989 820 1302 872 invasurum
1352 832 1364 867 :
1398 816 1496 869 sed
1560 815 1803 869 diluculo
1853 817 2119 886 agnitum,
2147 816 2317 869 Thes-

743 910 1041 965 salonicam
1071 919 1319 976 repetere
1347 916 1597 960 coactum
1642 906 1730 959 iri.
1762 906 2070 975 Imperator
2122 907 2317 959 simili-

744 1012 828 1055 ter
886 1002 951 1053 ad
996 999 1220 1052 fluvium
1259 999 1587 1055 consistens.
1621 997 1865 1050 nondum
1907 1002 2102 1051 adesse
2157 998 2316 1050 trire-

747 1106 859 1144 mes
893 1090 1144 1142 dolenter
1172 1090 1400 1145 ferebat.
1428 1104 1763 1157 causamque
1795 1091 2054 1142 absentia:
2099 1090 2319 1156 ignora-

746 1186 875 1237 bat:
908 1195 963 1235 et
1001 1198 1067 1235 ne
1089 1194 1262 1248 empta
1294 1183 1346 1234 in
1382 1182 1609 1235 nihilum
1666 1183 1950 1245 caderent,
2010 1183 2053 1234 si
2091 1182 2208 1235 dies
2240 1181 2323 1235 in-

745 1274 1093 1335 tervenisset,
1160 1274 1323 1324 etiam
1370 1271 1485 1337 ipse
1534 1272 1843 1325 verebatur.
1923 1270 2131 1325 Interea
2190 1273 2318 1326 dum

755 1363 1026 1414 classiarii
1059 1362 1291 1419 ltatrcnl.
1324 1362 1452 1427 quid
1476 1371 1658 1429 agant,
1711 1362 1961 1416 desubito
2018 1376 2322 1417 exzcstuans

748 1470 915 1513 mare.
938 1464 992 1507 et
1022 1455 1335 1522 aliquandiu
1360 1454 1656 1517 ﬂuctuans,
1689 1469 1859 1509 naves
1884 1455 2097 1524 placido
2122 1470 2185 1508 ac
2213 1455 2320 1508 leni

745 1547 947 1615 impetu
978 1548 1030 1599 in
1066 1545 1268 1598 ﬂunth
1303 1556 1614 1615 pro-novet,
1659 1548 1879 1616 citoque
1911 1563 2034 1601 cum
2090 1548 2325 1614 impera-

746 1650 864 1692 tore
888 1640 1190 1707 conjuncti,
1216 1654 1382 1707 quam
1420 1639 1605 1707 iniquo
1626 1653 1754 1691 casu
1786 1639 2028 1707 impediti
2061 1638 2319 1701 fuissent,

753 1732 1277 1788 commemorabam.
1312 1730 1610 1800 Imperator
1642 1731 1756 1785 ltarc
1793 1748 1899 1785 non
1936 1732 2174 1792 fortuna.
2226 1732 2320 1785 sed

746 1825 926 1877 divina
976 1824 1318 1893 providentia
1346 1823 1459 1876 ﬁeri
1518 1823 1858 1885 existimans,
1919 1823 1985 1876 ad
2039 1824 2318 1893 negotium

2421 650 2571 685 νοιαν
2623 634 2825 703 πολλὴν
2861 634 3186 701 ποιούμενος
3231 634 3327 685 τοῦ
3368 636 3444 701 μη
3496 636 3801 703 κατάδηλος
3856 632 4009 689 εἶναι

2418 723 2710 793 Τριϐαλοῖς
2764 724 3198 793 ὲπιστρατεύων,
3230 719 3398 793 ἦλθεν
3450 726 3549 777 ἐπὶ
3600 727 3694 778 τὸν
3747 730 4009 797 ποταμὸν

2417 818 2562 870 κατα
2601 817 2661 869 τὸ
2698 817 2974 886 σύνθημα.
3029 819 3095 869 Δί
3124 818 3377 887 τριήρεις
3422 818 3481 871 δὲ
3527 818 3681 871 οὔπω
3710 821 4005 890 παρῆσαν.

2420 910 2714 976 Γενόμενσι
2745 914 2853 978 γὰρ
2890 910 3028 977 πρὸς
3056 910 3117 961 τὸ
3152 912 3327 979 στόμα
3360 911 3457 963 τοῦ
3501 912 3776 979 ποταμοῦ,
3800 908 3892 965 οἷα
3918 932 4011 982 φι-

2419 998 2502 1048 λεῖ
2531 998 2878 1067 συμόαὲνειν,
2911 1001 3015 1052 ὑπό
3041 1017 3101 1051 τε
3139 1001 3239 1066 τῆς
3269 1002 3542 1069 Θαλάττης
3567 1003 3663 1053 καὶ
3694 1001 3792 1055 τοῦ
3834 1020 4012 1057 ποτα-

2424 1090 2524 1158 μοῦ
2558 1090 2933 1157 ἐξωθουμένης
2978 1092 3075 1159 τῆς
3113 1092 3261 1153 ἰλύος
3307 1092 3680 1163 προσχοῦσθαι
3710 1098 3857 1148 κατὰ
3906 1099 4014 1165 τὴν

2421 1179 3021 1247 εἰσϐολὴν,ἡδυνάτουν
3064 1180 3200 1248 πρὸς
3254 1182 3354 1249 τὴν
3397 1183 3609 1234 δίοδον·
3644 1184 3742 1234 καὶ
3785 1184 4015 1253 μηχανὴ

2420 1273 2534 1327 τοῖς
2592 1271 2886 1338 ναυάρχοις
2940 1270 3169 1338 οὐδεμία
3222 1272 3598 1340 ἐξευρίσκει-ο,
3653 1273 3791 1325 ἀλλὰ
3846 1276 4015 1341 μόνον

2422 1358 2649 1425 ᾕχθοντο
2696 1360 2951 1427 τοιαύτης
2990 1363 3249 1430 πράξεως
3304 1363 3715 1433 ἀπολλυμένης.
3768 1366 4015 1434 ’ῌδεσαν

2422 1451 2531 1517 γὰρ
2594 1451 2715 1502 οὐδὲ
2767 1451 2993 1520 βασιλέα
3040 1454 3210 1519 χωρὶς
3263 1454 3445 1506 αὐτῶν
3496 1456 4017 1524 ὲπιστρατεύσοντα

2424 1540 2682 1609 Βερῤοίᾳ,
2726 1541 2842 1593 ἀλλ’
2880 1544 2998 1612 ᾶμα
3041 1544 3116 1606 ἒῳ
3154 1544 3458 1611 κατάδηλον
3485 1546 3808 1613 γενόμενον,
3833 1547 4016 1611 ἀναγ-

2424 1634 2796 1702 κασθήσεσθαι
2846 1636 2927 1696 εἰς
2962 1634 3370 1704 Θεσσαλονίκην
3401 1638 3797 1707 ἀναστρέφειν.
3838 1639 4017 1692 Βασι-

2424 1725 2548 1786 λεὲς
2579 1743 2637 1776 τε
2671 1727 2873 1793 ὀμοῖως
2902 1727 3202 1793 ἠγανάκτει
3230 1726 3475 1795 ἐφεστὼς
3516 1730 3596 1795 τῷ
3632 1728 3894 1797 ποταμῷ,
3929 1729 4015 1781 ὅτι

2429 1814 2503 1882 μὴ
2538 1814 2795 1883 παρῆσαν
2823 1816 2879 1868 αἱ
2914 1818 3161 1884 τριήρεις
3186 1834 3200 1848 ’
3225 1817 3324 1887 τὴν
3350 1817 3535 1869 αἰτίαν
3568 1819 3625 1869 δὲ
3660 1819 3760 1886 τῆς
3784 1820 4018 1871 ἀπολεί-

747 1916 1187 1985 transigendum,
1213 1926 1271 1968 ut
1304 1915 1415 1967 Deo
1457 1915 1785 1983 opitulante,
1850 1916 2275 1969 confirmabatur
2305 1956 2319 1980 ,
2356 1906 2397 1964 Β

2356 1906 2397 1964 Β
2424 1904 2570 1972 ψεως
2598 1908 2807 1973 ἠγνόει,
2854 1908 2946 1958 καὶ
2977 1908 3316 1960 ἀπόλλυσθαι
3342 1910 3603 1978 τοιαύτην
3652 1910 3851 1978 πρᾶξιν
3878 1909 4015 1961 ὑπε-

747 2021 799 2058 et
828 2023 988 2075 quant
1021 2006 1275 2060 celeriter
1314 2004 1535 2066 licebat,
1570 2020 1693 2057 cum
1744 2004 1891 2073 gravi
1959 2004 2173 2071 letique
2229 2021 2320 2057 ar-

748 2108 957 2151 matura
1016 2107 1071 2150 et
1117 2096 1360 2149 barbaris
1384 2096 1698 2149 llerrltaeam
1750 2096 2112 2164 properabat,
2171 2097 2320 2149 relic-

744 2191 815 2243 tis
848 2188 913 2241 ad
953 2188 1251 2241 custodiant
1296 2187 1603 2241 triremium
1640 2197 1779 2255 quot
1810 2186 2064 2240 sufficere
2092 2187 2321 2239 arbitra-

747 2286 925 2335 batur.
970 2282 1200 2335 Enntcm
1222 2280 1541 2333 llerzelatns
1569 2294 1870 2333 occurrens
1918 2280 1984 2331 ad
2052 2280 2317 2333 festinan-

745 2375 873 2426 dum
924 2372 1172 2433 acuebat,
1225 2371 1369 2438 quod
1427 2370 1658 2432 diceret,
1686 2372 1871 2423 omnia
1899 2386 1960 2424 se
1990 2372 2315 2435 c0nfetisse,

744 2477 798 2519 et
829 2464 998 2517 si-alas
1022 2462 1301 2515 faciendas
1331 2462 1493 2515 sociis
1519 2461 1877 2514 commisisse.
1922 2461 2058 2514 Cum
2114 2463 2182 2514 ab
2226 2479 2321 2528 op—

746 2558 869 2626 p':ilo
910 2553 1131 2623 propius
1164 2554 1435 2613 abessent,
1472 2552 1768 2619 imperator
1819 2567 2008 2606 rursus
2066 2552 2319 2605 Merzela-

745 2659 857 2699 tum
900 2645 1089 2709 mittit,
1120 2645 1320 2705 visum,
1354 2642 1552 2711 ecquid
1578 2642 1736 2695 scala:
1766 2643 1875 2694 sint
1904 2642 2186 2695 confectae.
2213 2641 2313 2695 lte-

744 2739 849 2792 fert
883 2738 994 2800 ille,
1033 2735 1213 2789 nullas
1255 2749 1380 2787 esse
1432 2735 1728 2786 confectas.
1768 2733 2069 2803 Imperator
2122 2736 2318 2787 iterum

743 2827 969 2895 ancipiti
1019 2825 1356 2893 cogitatione
1408 2823 1636 2875 turbari.
1706 2822 1843 2875 Tum
1898 2825 1989 2891 qui
2047 2824 2121 2877 illi
2159 2835 2317 2879 erant

746 2918 976 2989 proximi
1008 2928 1196 2985 aptare
1228 2916 1282 2969 in
1320 2915 1490 2985 sylvis
1540 2915 1744 2975 trabes,
1802 2916 2140 2969 altitudinem
2178 2917 2316 2969 muri

743 3021 1028 3080 :eqnantes
1075 3012 1203 3077 (una
1254 3009 1398 3060 enim
1457 3007 1512 3060 in
1563 3007 1912 3075 expeditione
1957 3009 2318 3061 versabantur

747 3103 1189 3157 Berrhmotarnm
1227 3098 1492 3168 primarii,
1529 3112 1558 3151 ε
1605 3097 1763 3151 Crale
1786 3097 1838 3150 in
1888 3098 2136 3151 exsilium
2186 3098 2311 3159 acti,

746 3190 1193 3263 magnanimitate
1244 3197 1302 3242 et
1337 3187 1557 3241 ﬁdentia
1586 3188 1720 3240 nihil
1763 3187 1989 3255 reliquis
2040 3192 2107 3243 de
2144 3190 2315 3257 imre-

744 3284 944 3340 ratnris
975 3282 1189 3351 agmine
1224 3280 1613 3345 concedentes,
1634 3291 1998 3348 prompteque
2029 3281 2095 3334 ad
2132 3283 2312 3334 omnia

745 3376 1179 3445 pmervientes,
1202 3380 1256 3423 et
1284 3371 1351 3423 ad
1371 3370 1602 3439 patriam
1646 3369 2021 3437 occupandam
2068 3370 2309 3423 studium

742 3485 900 3523 suum
923 3463 1446 3529 accommodantes),
1482 3470 1536 3515 et
1566 3461 1821 3528 quoniam
1870 3460 2004 3514 clavi
2041 3478 2148 3514 non
2186 3478 2315 3529 sup-

752 3559 1036 3627 petebant,
1096 3552 1321 3607 funibus
1351 3568 1414 3605 ex
1449 3550 1796 3604 tabernaculo
1829 3550 2172 3618 imperatoris
2207 3552 2310 3614 usi,

741 3658 1038 3718 quaternas
1102 3644 1279 3699 scalas
1339 3642 1492 3697 brevi
1544 3655 1900 3709 componere,
1977 3656 2115 3709 quas
2163 3654 2313 3695 cata-

743 3737 980 3808 phracti,
1029 3747 1084 3789 et
1116 3735 1339 3803 quidam
1372 3732 1507 3786 levis
1528 3741 1823 3785 armatura:
1852 3731 2127 3796 tollentes,
2179 3732 2310 3786 Ber-

742 3830 976 3884 rhmotis
1026 3841 1147 3881 cum
1198 3823 1487 3878 Merzelato
1518 3823 1773 3887 ducibus,
1820 3824 1997 3877 muris
2040 3824 2314 3892 applicue‘

742 3931 895 3978 runt,
935 3915 1227 3986 oppidanis
1267 3915 1337 3968 ad
1406 3928 1576 3966 unum
1610 3914 1992 3983 ignorantibus
2030 3932 2043 3967 :
2097 3915 2309 3984 ipsique

741 4008 926 4079 primi,
959 4007 1157 4061 deinde
1220 4006 1503 4075 utriusque
1535 4015 1827 4061 armaturae
1880 4008 2083 4062 milites
2116 4022 2311 4061 ascen-

740 4103 956 4155 derunt.
990 4098 1152 4167 773
1185 4096 1487 4168 Imperator
1522 4108 1585 4151 nt
1621 4114 1750 4153 suos
1778 4100 1921 4153 intus
1944 4114 2065 4155 esse
2089 4114 2309 4168 compe-

740 4194 831 4254 rit.
854 4192 1045 4247 divisis
1064 4190 1257 4257 capiis,
1296 4190 1413 4257 ipse
1464 4189 1756 4254 Romanos,
1819 4192 2033 4259 equites
2069 4192 2306 4260 pedites-

736 4298 842 4352 que
890 4282 1097 4335 ducens
1137 4280 1202 4331 ad
1263 4278 1440 4331 scalas
1490 4281 1759 4346 processit
1810 4280 2122 4334 :barbaros
2181 4295 2304 4334 eum

738 4371 963 4439 reliquis
999 4366 1260 4422 Romanis
1281 4380 1464 4419 arcem
1497 4367 1703 4420 adoriri
1742 4367 1931 4436 jussit,
1969 4377 2023 4421 ut
2055 4367 2304 4435 pluribus

737 4482 803 4518 ex
829 4461 1073 4530 partibus
1107 4458 1455 4522 invadentes,
1491 4467 1759 4512 terrorem
1815 4459 2089 4528 indigenis
2141 4458 2302 4513 affer-

2424 1997 2532 2049 νόει
2581 2000 2676 2049 καὶ
2724 1999 2906 2063 αὐτὸς,
2932 2001 2979 2051 εί
3015 2000 3323 2067 ἐπιγένοιτο
3353 2003 3559 2071 ἡμέρα.
3616 2001 3706 2053 Ἐν
3732 2001 3847 2070 ὅσῳ
3871 2000 3931 2054 δὲ
3957 2003 4013 2053 οἰ

2422 2090 2479 2140 ἔν
2514 2093 2629 2151 ταῖς
2661 2089 2911 2157 τριήρεσι
2961 2092 3090 2159 περὶ
3136 2090 3231 2142 τοῦ
3272 2091 3301 2143 ὅ
3362 2107 3414 2143 τι
3446 2093 3552 2161 χρὴ
3592 2092 3859 2160 πράττειν
3890 2094 4015 2161 διη-

2424 2180 2645 2248 πόρουν,
2669 2181 2864 2249 ἁθρόον
2898 2181 3357 2251 πλημμυρήσασα
3388 2186 3421 2251 ἡ
3469 2184 3737 2249 Θάλασσα,
3770 2184 3869 2237 καὶ
3914 2204 4016 2237 κυ-

2425 2274 2643 2340 μήνασα
2674 2273 2765 2323 ἐπὶ
2795 2272 3013 2339 μικῷν,
3038 2272 3228 2341 ἡμέρῳ
3260 2274 3356 2324 καὶ
3381 2276 3647 2343 προσηνεί
3672 2274 3842 2344 ῥοθίῳ
3867 2293 4015 2345 παρα

2422 2365 2634 2431 ἐπεμπε
2683 2364 2786 2424 τὰς
2818 2362 2949 2425 ναῦς
3016 2363 3111 2415 ἐπὶ
3142 2364 3233 2417 τὸν
3272 2366 3541 2434 ποταμὸν,
3573 2367 3669 2420 καὶ
3722 2368 3785 2419 ἔν
3837 2367 4012 2436 ὀλίγῳ

2422 2455 2631 2523 βασιλεῖ
2658 2455 3021 2523 συμμίξασαι,
3062 2456 3349 2524 διηγοῦντο
3384 2458 3444 2510 τὸ
3480 2459 3625 2511 κατὰ
3662 2458 3765 2528 τὴν
3814 2460 4014 2514 διάϐα-

2422 2566 2524 2609 σιν,
2571 2547 2758 2616 ὥσπερ
2809 2549 3046 2611 ἐξαίσιον
3093 2550 3461 2621 συμϐεϐηκός.
3517 2552 3785 2617 Βασιλεύς
3828 2570 3892 2607 τε
3942 2556 4010 2609 οὐ

2424 2644 2563 2691 κατὰ
2601 2642 2792 2707 τύχην,
2832 2642 2968 2693 ἀλλὰ
3007 2643 3236 2712 προνοίᾳ
3288 2643 3411 2713 θείᾳ
3444 2644 3513 2696 τὰ
3563 2645 3793 2698 τοιαῦτα
3844 2664 4009 2700 συνε-

2424 2732 2715 2784 σκευάσθαι
2734 2734 2961 2800 οἰηθεὶς,
2991 2734 3190 2801 μᾶλλον
3212 2736 3543 2808 ὲπερῤώσθη
3573 2738 3712 2806 πρὸς
3736 2740 3840 2809 τὴν
3863 2745 4011 2808 πρᾶο

2420 2822 2524 2885 ξιν,
2547 2826 2617 2883 rh;
2648 2823 2783 2875 Θεοῦ
2814 2827 3206 2894 συναιρομένου
3227 2843 3241 2858 ·
3283 2830 3378 2879 καὶ
3476 2829 3681 2896 τάχους
3710 2827 3853 2898 εἶχε,
3878 2832 4008 2895 τούς

2418 2929 2475 2963 τε
2522 2911 2764 2973 ὁπλίτας,
2812 2916 2905 2967 καὶ
2953 2916 3169 2979 ψιλοὺς,
3231 2919 3485 2979 καὶτοὺς
3536 2919 3858 2990 βαρὸἀρους
3896 2923 4009 2975 τῶν

2418 3004 2554 3055 νεῶν
2582 3004 2890 3070 ἐξαγαγὼν,
2917 3005 3115 3076 ἐχώρει
3149 3010 3287 3077 πρὸς
3320 3008 3589 3079 Βέρροιαν
3644 3014 3881 3084 σπουδῇ,
3911 3017 4009 3068 ἐπὶ

2417 3095 2517 3164 τὴν
2556 3096 2802 3164 φυλακὴν
2840 3098 2949 3148 τῶν
2984 3098 3123 3151 νεῶν
3172 3100 3489 3153 καταλιπὼν
3522 3103 3683 3158 ὅσους
3716 3103 3859 3173 ᾤετο
3903 3108 4009 3176 ἀρε-

2418 3187 2618 3241 κέσειν.
2672 3189 2890 3254 Μεταξὺ
2924 3190 2981 3242 δὲ
3030 3192 3384 3263 πορευομένῳ
3430 3195 3525 3246 καὶ
3573 3198 3601 3247 ὁ
3633 3198 4007 3266 Μαρζελάτος

2417 3282 2879 3349 παραγενόμενος,
2908 3283 3213 3337 ὲπέσπευδε
3243 3286 3381 3355 πρὸς
3403 3288 3504 3351 τὴν
3533 3290 3786 3358 πορείαν.
3811 3293 4005 3346 Πάντα

2414 3370 2521 3438 γὰρ
2552 3371 2699 3439 αὐτῷ
2739 3371 2978 3439 ἔφασκεν
3009 3374 3262 3443 ἡνύσθαι,
3300 3381 3395 3431 καὶ
3438 3382 3554 3440 τοῖς
3589 3381 3837 3451 ἑταίροις
3877 3384 4007 3436 ἔπιε

2414 3463 2741 3529 τετραφέναι
2768 3466 2867 3533 τὴν
2900 3468 3001 3534 τῆς
3034 3467 3305 3536 κλίμακος
3336 3473 3711 3541 κατασκευήν.
3753 3474 3915 3527 Ἐπεὶ
3944 3476 4005 3529 δὲ

2412 3546 2550 3620 ἦσαν
2582 3558 2681 3606 οὐκ
2713 3555 2933 3609 ἄπωθεν
2974 3560 3072 3627 τῆς
3116 3559 3347 3623 πόλεως,
3385 3559 3645 3629 βασιλεὺς
3697 3566 3800 3632 μὲν
3836 3565 4003 3629 αὖθις

2412 3642 2627 3709 ἔπεμπε
2661 3647 3014 3715 Μαρζελάτον
3069 3649 3218 3712 ἰδεῖν,
3271 3654 3320 3704 εἰ
3372 3657 3845 3726 κατεσκεύαστοή
3880 3658 4001 3712 κλί-

2416 3737 2545 3805 μαξ.
2606 3738 2666 3790 '0
2704 3738 2761 3791 δὲ
2793 3740 3236 3811 ὲπαναστρέψας,
3268 3743 3545 3813 μηδεμίαν
3575 3747 3786 3814 ἔφασκε
3832 3767 4001 3804 κατε-

2412 3826 2709 3879 σκευάσθαι
2745 3830 3015 3897 κλίμακα,
3051 3833 3146 3885 καὶ
3180 3833 3343 3887 πάλιν
3377 3837 3406 3886 ὁ
3442 3835 3706 3905 βασιλεὺς
3767 3842 3826 3891 ὲν
3856 3842 3999 3895 ἁπό-

2412 3932 2526 3984 ροις
2563 3911 2651 3985 ἦν.
2702 3917 2766 3969 Ol
2820 3921 2947 3987 περὶ
2979 3920 3143 3973 αὐτὸν
3187 3921 3247 3973 δὲ
3296 3922 3431 3987 ξύλα
3477 3928 3742 3993 τεμόντες
3775 3931 3843 3982 ἐκ
3887 3933 3995 4001 τῆς

2411 4006 2617 4074 λόχμης
2664 4006 2741 4075 τῷ
2791 4008 2961 4075 τείχει
2999 4012 3237 4079 ἰσομήκη
3286 4017 3828 4082 (συνεστρατεύοντο
3877 4024 3995 4090 γὰρ

2408 4096 2760 4165 Βερῤοιωτῶν
2800 4100 2849 4150 οἰ
2886 4100 3119 4167 μάλιστα
3162 4103 3221 4153 ὲν
3261 4102 3406 4173 λόγῳ
3437 4106 3543 4158 ὑπὸ
3581 4107 3774 4178 Κράλη
3803 4126 3992 4179 φυγα-

2406 4186 2703 4249 δευθέντες,
2734 4190 2870 4257 πρὸς
2915 4191 3179 4259 εὐψυχίαν
3246 4194 3341 4244 καὶ
3378 4195 3585 4263 τόλμαν
3630 4199 3849 4264 οὐδενὸς
3879 4203 3994 4255 λει-

2406 4280 2632 4347 πόμενοι
2661 4280 2769 4332 τῶν
2800 4281 3070 4334 συνόντων
3099 4282 3344 4351 βασιλεῖ’
3373 4287 3423 4337 οἳ
3462 4290 3556 4339 καὶ
3583 4290 3821 4354 μάλιστα
3853 4312 3992 4364 προ.

2406 4370 2589 4439 Otium;
2624 4372 2761 4440 πρὸς
2812 4373 2991 4425 πάντα
3023 4374 3356 4443 ὑπηρέτουν,
3405 4380 3500 4431 καὶ
3535 4382 3679 4450 πρδς
3731 4384 3834 4455 τὴν
3885 4389 3990 4457 τῆς

2405 4463 2662 4531 πατρίδος
2704 4463 3038 4526 ἐσπούδαζον
3082 4467 3434 4537 κατάληψιν).
3465 4473 3655 4543 ἐπειδὴ
3699 4476 3852 4545 ἥλων
3881 4482 3987 4533 οὐκ

740 4565 879 4608 rent.
918 4552 1018 4618 Qui
1046 4551 1193 4604 intus
1215 4550 1325 4616 jam
1359 4558 1519 4603 erant
1550 4548 1769 4618 milites,
1808 4550 2046 4617 pritnum
2078 4551 2299 4618 quidem
2335 4563 2377 4618 ι)
2405 4572 2409 4600 ι

2335 4563 2377 4618 ι)
2405 4551 2695 4621 εὐπόρουν,
2717 4556 2827 4615 τοῖς
2858 4557 2921 4606 ex
2950 4556 3047 4623 τῆς
3079 4556 3366 4626 βασιλικῆς
3398 4564 3606 4632 σκηνῆς
3629 4571 3987 4641 χρησάμενοι

740 4648 793 4713 in
823 4643 1089 4711 quosdam
1118 4640 1373 4694 custodes
1403 4638 1729 4702 incidentes,
1790 4653 1886 4692 eos
1944 4643 2303 4709 comprehen-

738 4734 962 4795 debant,
1020 4738 1360 4797 mortemque
1411 4727 1933 4793 interminabantur,
1994 4729 2039 4783 si
2111 4745 2301 4783 vocem

737 4825 981 4879 ederent.
1013 4820 1218 4874 Deinde
1246 4834 1369 4873 cunt
1403 4818 1471 4872 ad
1496 4827 1709 4888 portam
1732 4819 2141 4887 Opsiccejanam
2206 4836 2302 4874 ve-

736 4917 969 4977 nissent,
1007 4912 1144 4967 alios
1174 4912 1450 4987 custodes,
1485 4910 1818 4977 eosdemque
1859 4912 2005 4964 cives
2055 4912 2303 4965 oﬂende-

733 5014 878 5069 runt,
910 5018 1049 5072 quos
1075 5002 1143 5055 ad
1180 5016 1239 5055 se
1259 4999 1549 5069 juvandos,
1576 5010 1873 5068 vet-tesque
1906 4999 2302 5071 diffringendos

735 5095 938 5151 hortati
974 5104 1124 5148 sunt.
1153 5092 1364 5147 Dictum
1394 5106 1459 5146 ac
1484 5090 1707 5144 factum.
1760 5091 1835 5144 Illi
1871 5092 2043 5161 portis
2097 5092 2301 5161 apertis

730 5190 1121 5257 imperatorem
1151 5184 1546 5238 intromittunt.
1578 5184 1681 5248 Qui
1720 5185 2045 5252 optimatum
2100 5199 2299 5253 paucos

729 5279 871 5349 apud
898 5287 1110 5348 portam
1140 5289 1326 5330 secum
1356 5273 1624 5338 retinens,
1657 5273 1793 5326 alios
1820 5274 2092 5328 introrsus
2126 5275 2203 5327 ire
2245 5284 2300 5327 et

727 5385 850 5427 cum
903 5368 1159 5424 Triballis
1191 5366 1441 5420 hostibus
1478 5364 1738 5417 dimicare
1791 5364 1955 5432 jussit
1988 5380 2001 5414 :
2036 5366 2101 5418 ad
2160 5381 2298 5434 quos

730 5461 1039 5532 perdendos
1073 5459 1174 5513 soli
1206 5456 1396 5511 incola:
1431 5465 1515 5510 Sat
1560 5454 1714 5507 multi
1746 5465 1919 5509 erant.
1948 5455 2016 5509 Ut
2042 5457 2181 5509 enim
2213 5456 2295 5508 in-

730 5564 813 5607 tra
844 5553 1043 5605 mania
1070 5550 1459 5619 imperatorem
1504 5562 1627 5600 esse
1683 5556 2075 5614 cognoverunt,
2116 5548 2297 5601 accla-

726 5645 967 5698 matione
996 5641 1171 5694 fausta
1200 5656 1325 5694 eum
1361 5638 1628 5707 prodente
1664 5638 1941 5699 omnibus,
1997 5638 2179 5689 statim
2237 5640 2291 5692 in

727 5733 995 5791 Triballos
1021 5731 1314 5792 irruentes,
1351 5728 1637 5781 facultates
1678 5727 1892 5778 illorum
1945 5726 2290 5795 diripiebant,

724 5840 777 5885 et
798 5829 938 5884 forte
973 5833 1324 5880 occurrentes
1358 5820 1664 5890 capiebant.
1697 5816 1921 5872 Triballi
1955 5818 2143 5873 urbem
2200 5838 2293 5876 ca-

2402 4644 2707 4706 καλωόίοις,
2737 4645 3008 4712 κλίμακας
3035 4651 3447 4705 κατεσκεύασαν
3464 4657 3738 4727 τέτταρας
3761 4663 3823 4714 ἑν
3844 4664 3987 4734 βρα-

2402 4737 2507 4801 χεῖ,
2552 4736 2771 4787 ὁπλῖται
2814 4736 2871 4788 δὲ
2902 4738 2998 4788 καὶ
3041 4741 3104 4791 ὲκ
3146 4740 3258 4793 τῶν
3299 4742 3473 4810 ψιλῶν
3518 4748 3757 4816 ἄραντες
3788 4758 3985 4823 αὐτὰς,

2402 4824 2752 4894 Βερροιωτῶν
2776 4828 3095 4893 ἡγουμένων
3134 4831 3275 4897 μετὰ
3307 4833 3690 4902 Μαρζελάτου.
3728 4848 3847 4909 τοῖς
3874 4851 3990 4901 τεί-

2402 4932 2519 4983 χεσι
2548 4918 2940 4984 προσήρεισαν,
2977 4918 3201 4985 μηδενὸς
3239 4923 3445 4988 εἰδότος
3484 4929 3594 4980 τῶν
3628 4930 3780 4986 ἔνδον
3828 4937 3985 4990 πολι-

2398 5006 2508 5058 τῶν
2532 5021 2545 5035 '
2594 5007 2688 5058 καὶ
2726 5008 2879 5059 αὐτοὶ
2933 5009 3219 5063 ἁνέῦαινον
3263 5015 3495 5081 πρῶτοι,
3555 5020 3754 5075 ἔπειτα
3787 5030 3889 5079 καὶ
3919 5032 3986 5083 ὲκ

2398 5098 2505 5149 τῶν
2530 5098 2764 5151 ὁπλιτῶν
2795 5101 2889 5151 καὶ
2914 5100 3024 5151 τῶν
3052 5100 3244 5167 ψιλῶν.
3290 5104 3549 5169 Βασιλεὺς
3570 5110 3617 5162 δ’
3646 5114 3772 5166 ἐπεὶ
3807 5118 3985 5187 ila-ea-

2399 5207 2518 5241 νετο
2550 5191 2695 5243 ἔνδον
2717 5191 2873 5252 ὄντας
2902 5192 3026 5254 τοὺς
3050 5196 3307 5259 οἰκείους,
3328 5199 3527 5253 αὐτίκα
3560 5204 3620 5255 τὸ
3652 5209 3981 5281 στράτευμα

2398 5280 2595 5351 διῄρει,
2627 5282 2722 5333 καὶ
2763 5282 3069 5349 Ῥωμαίους
3106 5286 3205 5354 μὲν
3250 5288 3394 5364 ἔχων
3438 5292 3602 5356 αὐτὸς
3639 5297 3850 5364 ἱππέας
3885 5280 3982 5358 καὶ

2399 5371 2615 5435 πεζοὺς,
2647 5372 2739 5423 ἐπὶ
2780 5373 2878 5435 τὰς
2926 5373 3199 5443 κλίμακας
3250 5363 3469 5448 ἐχώρει,
3526 5385 3587 5436 τὸ
3634 5386 3981 5460 βαρόαριχδν
4034 5428 4043 5434 .

2396 5461 2451 5553 δὲ
2489 5462 2627 5553 μετα
2668 5462 2954 5528 Ῥωμαίων
2984 5465 3093 5517 τῶν
3126 5469 3426 5523 ἐπιλοίπων
3478 5475 3573 5527 ἐπὶ
3604 5478 3704 5547 τὴν
3735 5483 3982 5553 ἀκρόπο-

2396 5552 2478 5602 λιν
2511 5551 2727 5643 ἐκέλευε
2756 5556 2974 5623 χωρεῖν.
3011 5555 3151 5609 ὥστε
3189 5564 3599 5632 καταπλήττειν
3640 5551 3979 5643 πολλαχόθεν

2396 5640 2827 5708 προσϐαλόντας.
2873 5644 2935 5693 Ui.
2981 5644 3128 5698 ἔνδον
3171 5648 3228 5700 δὲ
3278 5656 3562 5720 γενόμενοι
3611 5636 3973 5731 στρατιῶται,

2397 5734 2588 5802 πρῶτα
2620 5734 2716 5802 μὲν
2748 5734 2942 5802 φύλαξί
2966 5754 3077 5788 τισι
3104 5746 3507 5812 περιτυχόντες,
3534 5751 3972 5823 ιῑυνελεῖίμὸςινον⁹

2396 5825 2485 5876 καὶ
2540 5825 2749 5894 σιωπᾷν
2816 5826 3088 5893 ἐκέλευον,
3151 5832 3182 5899 ἢ
3256 5836 3517 5902 ἠπείλουν
3592 5846 3970 5903 ἀποκτείνειν.
