4226 6444
202 432 295 499 141
1339 421 1870 489 llIS'I‘ORlARUM
1912 421 2140 482 LIBER
2183 423 2279 482 IV.

3346 419 3447 484 142

204 550 438 610 Ἔπειτα
468 544 715 607 ὲλθᾶντες
750 544 839 598 ἐπὶ
866 545 1038 614 πύλην
1080 544 1179 613 τὴν
1225 543 1580 613 Ὀψικκιανὴν
1614 555 1779 610 προσ·
1811 543 1852 597 Α

1771 567 1779 577 -
1811 543 1852 597 Α
1885 542 2027 603 ptam
2059 534 2575 599 animadvertentcs,
2611 532 2841 603 primum
2872 534 2936 586 ad
2993 532 3277 603 prcefectos
3319 549 3440 587 cum

108 697 119 703 _
200 638 633 706 αγορευομένην,
689 635 896 705 ἑτέροις
951 636 1202 703 ἐνέτυχον
1256 632 1451 703 φύλαξι
1502 632 1769 695 πολίταις,

200 728 293 787 οὓς
313 728 566 780 ἐκέλευον
594 728 971 796 συμπράττειν
996 727 1169 795 σφίσι,
1211 726 1304 778 καὶ
1323 724 1773 795 καταρρηγνύναι

200 821 330 881 τοὺς
367 818 598 887 μοχλούς
625 835 639 850 ⁸
661 818 853 871 θᾶττον
886 819 941 870 δὲ
976 820 1007 886 ἦ
1057 818 1214 884 λόγος
1250 820 1445 869 ἐκεῖνοι
1473 818 1570 879 τὰς
1599 818 1775 878 πύλας

200 911 597 974 διανοίξαντες,
648 910 980 977 είσεδέχοντο
1025 909 1271 978 βασιλέα.
1315 909 1372 962 Ὀ
1409 909 1486 972 δὲ,
1522 910 1628 961 τῶν
1656 909 1776 978 ἀρί-

200 1019 343 1053 στων
365 1001 581 1066 ὀλίγους
602 1003 739 1069 πρὸς
764 1003 879 1063 ταῖς
901 1001 1097 1063 πύλαις
1124 1001 1411 1069 κατασχὼν
1437 1002 1564 1069 περὶ
1590 1000 1770 1064 αὑτὸν,

199 1091 327 1151 τοὺς
358 1089 547 1152 ἄλλους
576 1089 725 1142 ἔνδον
752 1090 967 1143 ἐκέλευε
991 1092 1209 1159 χωρεῖν,
1239 1091 1332 1142 καὶ
1361 1089 1771 1158 συμπλέκεσθαι

196 1186 314 1244 τοῖς
347 1183 654 1251 πολεμίοις.
689 1183 828 1245 Τοὺς
861 1183 919 1235 δὲ
977 1185 1071 1236 καὶ
1119 1184 1268 1251 μόνοι
1304 1185 1507 1253 ἤρκουν
1534 1182 1776 1250 διαφθεί-

200 1293 321 1343 ρειν
352 1276 405 1332 οἱ
442 1275 717 1345 ἐγχώριοι,
763 1276 849 1337 Ὠς
887 1275 995 1344 γὰρ
1025 1275 1250 1343 ᾔσθοντο
1288 1275 1435 1327 ἔνδον
1466 1275 1593 1327 ὄντα
1624 1275 1776 1343 βασι-

194 1366 315 1428 λέα,
342 1368 444 1435 τῆς
492 1367 766 1436 εὐφημίας
818 1368 953 1419 πᾶσι
1006 1366 1267 1436 ποιούσης
1306 1367 1487 1436 δῆλον,
1518 1368 1775 1420 ἐπέθεντο

195 1458 399 1511 αὐτίκα
426 1456 739 1524 Τριϐαλοῖς,
803 1459 896 1511 καὶ
933 1459 999 1512 τά
1041 1476 1099 1511 τε
1156 1458 1287 1511 ὅντα
1324 1458 1649 1528 διήρπαζον,
1679 1459 1775 1512 καὶ

198 1551 614 1618 συνελάμϐανον
648 1552 701 1604 ετ
742 1568 845 1603 που
888 1551 1235 1621 περιτύχοιέν
1263 1568 1390 1607 τινι.
1424 1554 1483 1604 Ol
1512 1552 1774 1620 Τριϐαλοὶ

194 1640 273 1699 δὲ,
307 1641 447 1692 ἐπεὶ
470 1640 767 1711 ᾐσθάνοντο
793 1642 1096 1695 ἑαλωκυῖαν
1124 1642 1405 1713 Βέρροιαν,
1428 1643 1617 1712 πρῶτα
1674 1644 1773 1713 μὲν

194 1734 290 1784 ἐπὶ
312 1734 446 1795 τοὺς
467 1734 735 1802 ἄρχοντας
771 1734 1026 1786 συνέθεον
1056 1735 1394 1803 πανταχόθεν
1414 1735 1772 1805 ὠπλισμένοι,

192 1824 269 1885 ὡς
307 1824 341 1892 ἢ
374 1825 746 1894 ἀμυνούμενοι
775 1826 840 1878 ἂν
868 1826 1050 1896 ἐξῇ,ξῆ
1085 1826 1185 1889 τὰς
1213 1827 1350 1896 πρὸς
1376 1829 1441 1897 τῇ
1478 1828 1772 1897 ἀκροπόλει

192 1916 375 1978 πύλας
399 1917 767 1983 διανοίξαντες
813 1919 1282 1987 ἁποδιδράσκοιεν.
1318 1920 1439 1973 Τῶν
1473 1920 1772 1990 βαρὸἁρων

189 2007 249 2059 δὲ
273 2008 665 2075 ἀλαλαξάντων
697 2009 896 2075 ἔξωθεν
931 2009 1031 2079 τῆς
1052 2012 1423 2082 ἀκροπόλεως,
1445 2013 1643 2066 αὐτίκα
1668 2015 1774 2066 πᾶ-

190 2116 296 2151 σαν
319 2099 511 2154 ἐλπίδα
539 2102 811 2170 σωτηρίας
828 2103 1181 2170 ἀπογνόντες,
1206 2104 1516 2163 τῶνῖππων
1542 2106 1774 2158 άποὸαί-

188 2208 401 2256 νοντες,
432 2193 688 2262 εἰσῄεσαν
721 2196 802 2257 είς
836 2195 935 2264 τὴν
964 2195 1282 2280 ἓτρόπολιν,
1327 2200 1524 2260 παῖδας
1554 2198 1645 2251 καὶ
1674 2215 1773 2265 γυ-

189 2286 393 2347 ναῖκας
445 2285 681 2354 ἔχοντες,
716 2287 825 2337 τῶν
874 2287 931 2339 δὲ
984 2288 1158 2341 ἄλλων
1190 2288 1379 2342 οὐδένα
1436 2289 1594 2355 λόγον
1626 2292 1776 2344 ἐποι-

185 2375 372 2428 οῦντο.
404 2376 613 2428 Ὄντων
659 2376 716 2428 δὲ
749 2376 981 2442 πολλῶν,
1009 2381 1305 2446 τριάκοντα
1341 2379 1449 2447 γάρ
1480 2374 1620 2449 ἦσαν
1665 2380 1774 2433 τῶν

187 2470 546 2538 εὐπατριδῶν
580 2472 696 2539 ἅμα
735 2472 955 2538 γυναιξὶ
1008 2472 1103 2524 καὶ
1145 2473 1378 2537 τέκνοις,
1425 2475 1473 2527 οἳ
1508 2491 1775 2544 στρατιω-

187 2562 301 2614 τῶν
362 2562 567 2625 πάντες
621 2559 811 2634 ἦρχον,
839 2563 1175 2630 στρατιῶται
1201 2565 1258 2618 δὲ
1292 2569 1639 2620 πεντακόσιοι
1679 2569 1775 2620 καὶ

188 2654 381 2722 χίλιοι,
419 2655 543 2706 ἐπεὶ
578 2656 646 2707 τὰ
684 2657 783 2724 τῆς
823 2655 1177 2725 ἀκροπόλεως
1211 2656 1367 2725 τείχη
1418 2659 1515 2710 καὶ
1555 2660 1602 2711 οἱ
1633 2658 1772 2727 πύρ-

190 2759 281 2809 γοι
311 2738 456 2811 ἦσαν
483 2745 715 2809 ἀτελεῖς,
749 2748 797 2798 οἱ
831 2745 932 2811 μὲν
979 2746 1239 2816 ἄρχοντες
1271 2748 1387 2816 ἅμα
1415 2749 1629 2815 γυναιξὶ
1680 2750 1773 2803 καὶ

186 2836 411 2897 τέκνοις
456 2838 536 2900 εἰς
583 2837 678 2889 ἕνα
722 2836 831 2889 τῶν
878 2838 1105 2905 πύργων
1144 2838 1312 2907 ὕψους
1355 2841 1553 2902 ἱκανῶς
1584 2842 1772 2911 ἔχοντα

193 2927 462 2997 εἰσῄεσαν
491 2942 505 2956 ·
537 2928 597 2979 τὸ
630 2928 674 2980 δ’
727 2929 855 2981 ἄλλο
908 2911 1017 2983 τῶν
1057 2932 1426 3000 ’στρατιωτῶν
1475 2933 1692 3000 πλῆθος,
1724 2936 1773 2985 οἱ

194 3018 299 3088 μὲν
350 3020 823 3089 συνελαμϐάνοντο
853 3020 1049 3073 αὐτίκα
1075 3038 1090 3053 ο
1123 3023 1169 3073 οί
1194 3022 1251 3073 δὲ
1304 3023 1439 3091 πρὸς
1465 3025 1561 3086 τὰς
1594 3026 1771 3087 οἰκίας

185 3108 639 3178 κατεκρύπτοντο
677 3110 825 3178 παρὰ
860 3112 986 3171 τοὺς
1020 3111 1229 3178 φίλους.
1281 3111 1345 3165 Ol
1391 3113 1663 3181 Γερμανοὶ
1713 3115 1769 3166 δὲ

182 3198 287 3269 τὴν
319 3200 518 3270 ἑτέραν
548 3197 692 3269 εἶχον
724 3202 1020 3271 ἀκρόπολιν
1049 3203 1169 3255 καθ’
1203 3204 1451 3266 ἑαυτοὺς,
1478 3207 1509 3275 ἢ
1542 3208 1675 3275 πρῆς
1705 3211 1768 3277 τῇ

189 3292 452 3360 βασιλικῇ
501 3290 812 3365 καλουμένῃ
866 3292 1011 3365 πύλῃ
1059 3289 1167 3364 ἦν·
1214 3295 1427 3349 ἄλλοδέ
1461 3314 1511 3349 τι
1565 3298 1769 3367 πλῆθος

186 3383 667 3452 ἀχθοφορούντων,
695 3384 769 3445 ὡς
797 3384 1015 3451 ἐλέγετο
1038 3385 1180 3453 ὑπὲρ
1207 3387 1437 3454 μυρίους
1466 3388 1545 3447 ὃν.
1574 3390 1636 3439 ἐκ
1663 3390 1762 3442 πά-

186 3492 293 3545 σης
325 3475 427 3544 τῆς
454 3474 560 3526 ὑπὸ
597 3474 819 3545 Κράλην
843 3475 948 3543 γῆς
979 3476 1218 3544 ἠγμένον
1247 3478 1339 3529 ἐπὶ
1364 3480 1457 3547 τὴν
1483 3478 1769 3550 οἰκοδομὴν

185 3569 289 3636 τῆς
321 3567 699 3637 ἀκροπόλεως,
726 3567 831 3633 ἔξω
851 3566 1203 3637 αὑλιζόμενον
1226 3570 1444 3638 τειχῶν,
1469 3571 1542 3632 ὡς
1571 3571 1769 3639 ᾔσθετο

183 3660 321 3721 τοὺς
358 3658 693 3728 βαρϐάρους,
713 3659 792 3711 ἔτι
820 3659 994 3712 δοκῶν
1025 3661 1275 3727 μεγάλων
1298 3664 1772 3730 προσερηρεισμέ-

185 3767 299 3803 νων
340 3754 459 3812 τοῖς
508 3750 768 3819 τείχεσιν,
800 3751 893 3803 ἐπὶ
933 3750 1099 3802 λίθων
1150 3752 1244 3803 καὶ
1302 3752 1402 3818 τῆς
1444 3752 1609 3821 ἄλλης
1640 3752 1770 3821 ὕλης

186 3842 456 3911 ἀνολκὴν,
500 3842 569 3894 δι’
613 3841 794 3895 αὐτῶν
842 3843 1175 3911 εἰσρυέντες,
1228 3842 1569 3911 διεσώθησαν
1621 3847 1773 3909 ὲντδς

184 3938 288 4004 τῆς
320 3934 557 3996 πόλεως.
600 3934 659 3985 '0
694 3932 949 4003 βασιλεὺς
993 3933 1049 3986 δὲ
1104 3936 1227 3986 ἐπεὶ
1265 3935 1465 4004 ᾔσθετο
1497 3936 1596 4004 ήδη
1630 3939 1771 3990 κατὰ

185 4028 396 4096 κράτος
427 4026 527 4095 τὴν
561 4024 717 4079 πόλιν
748 4025 1034 4095 ἐχομένην,
1067 4027 1119 4093 ῐη
1158 4029 1255 4080 καὶ
1296 4028 1457 4088 αὐτος
1502 4029 1634 4095 πρὸς
1672 4029 1771 4097 τὴν

186 4119 515 4185 ἀκρόπολιν,
536 4117 952 4187 εὐφημούμενος
982 4116 1087 4168 ὑπὸ
1124 4116 1233 4169 τῶν
1264 4119 1494 4169 πολιτῶν
1524 4121 1613 4169 καὶ
1643 4138 1771 4189 προ-

187 4208 553 4278 πεμπόμενος
576 4225 589 4237 ·
618 4209 910 4278 γενόμενος
928 4208 985 4260 δὲ
1008 4210 1145 4273 ἐκεῖ,
1180 4211 1357 4262 πάντα
1388 4210 1486 4276 μὲν
1517 4211 1770 4280 εὕρισκεν

184 4302 295 4355 ὐπό
321 4318 382 4354 τε
415 4300 512 4353 τοῦ
544 4300 720 4368 δήμου
768 4301 862 4354 καὶ
895 4301 994 4368 τῆς
1048 4302 1307 4369 στρατιᾶς
1351 4302 1727 4371 διηρπασμένα
1752 4320 1768 4336 ·

186 4393 321 4454 τοὺς
371 4391 687 4461 βαρϐάρους
739 4392 796 4443 δὲ
844 4391 1069 4460 πέμψας
1100 4392 1362 4457 ἐκώλυσε,
1403 4392 1477 4461 μὴ
1509 4393 1772 4445 εἰσελθεῖν

184 4486 343 4546 ἐντὸς
367 4484 470 4552 τῆς
490 4484 721 4546 πόλεως,
744 4486 832 4536 ἵνα
865 4487 936 4553 μή
969 4502 1021 4536 τι
1051 4484 1141 4535 ὑπ’
1168 4485 1347 4535 αὐτῶν
1384 4483 1765 4553 κακουργηθῇ,

1882 626 2049 678 armis
2092 626 2328 692 undique
2352 633 2771 689 concurrerunt,
2822 636 2881 679 ut
2915 641 3007 679 eos
3059 627 3440 685 defenderent,

1882 716 1924 770 si
1957 727 2199 782 possent,
2235 716 2519 785 autportis
2568 718 2710 785 apud
2759 733 2938 771 arcem
2979 719 3181 787 apertis
3215 720 3444 781 aufuge-

1880 815 2025 860 rent.
2061 808 2311 860 Barbaris
2342 816 2521 861 autem
2567 816 2717 860 extra
2762 823 2941 861 arcem
3008 809 3188 862 laetum
3243 810 3449 859 rorife-

1881 898 2145 963 rantibus,
2176 898 2358 952 statim
2394 898 2568 951 salute
2596 897 2842 951 funditus
2860 900 3171 967 desperata,
3202 900 3270 949 ab
3296 900 3451 966 cquis

1880 986 2298 1052 descendentes,
2367 1004 2487 1041 cum
2550 987 2737 1040 liberis
2787 997 2842 1040 et
2905 990 3186 1051 uxoribus,
3238 988 3451 1041 ca'teris

1883 1078 2165 1147 neglectis,
2198 1079 2248 1131 in
2274 1094 2455 1132 arcem
2489 1079 2876 1151 confugerunt.
2912 1080 3048 1134 Cum
3088 1097 3253 1149 porro
3294 1080 3451 1133 multi

1879 1177 2064 1223 essent
2096 1167 2340 1237 praefecti
2392 1169 2625 1222 militum
2688 1171 2929 1240 (triginta
2982 1171 3236 1224 videlicet
3298 1171 3453 1228 nobi-

1884 1258 1978 1325 les,
2029 1260 2293 1314 habentes
2333 1276 2530 1315 uxores
2602 1276 2666 1314 ac
2716 1261 2939 1324 liberos,
3010 1263 3210 1316 milites
3268 1274 3447 1316 autem

1881 1353 2029 1406 mille
2052 1352 2382 1421 quingenti),
2410 1352 2672 1421 quoniam
2692 1354 2833 1407 arcis
2863 1355 3003 1407 muri
3031 1362 3082 1407 ct
3114 1364 3291 1408 turres
3319 1372 3452 1409 non-

1881 1445 2011 1497 dum
2066 1459 2364 1499 extremam
2398 1462 2616 1499 manum
2661 1458 3010 1516 acceperant,
3051 1450 3293 1518 praefecti
3328 1465 3448 1505 cum

1882 1537 2204 1606 conjugibus
2273 1549 2323 1592 et
2366 1539 2488 1593 ﬁliis
2521 1541 2571 1592 in
2606 1555 2771 1594 unam
2806 1544 2996 1594 turrim
3029 1548 3162 1597 satis
3191 1548 3353 1599 altam
3396 1560 3453 1599 se

1881 1628 2208 1683 abdiderunt
2237 1646 2251 1695 ;
2284 1631 2347 1684 de
2376 1630 2640 1685 militibus
2662 1632 2750 1687 alii
2774 1634 2991 1701 quidem
3038 1652 3159 1688 mox
3208 1651 3455 1703 corrupte-7

1883 1720 2283 1787 hendehantur,
2316 1724 2407 1777 alii
2442 1723 2494 1777 in
2528 1725 2735 1779 mdibus
2760 1727 2827 1779 ab
2879 1729 3071 1781 amicis
3104 1730 3455 1783 occultaban-

1883 1821 1990 1867 tur.
2024 1813 2287 1869 Gcrmani
2320 1817 2550 1870 alteram
2584 1833 2790 1885 arcem,
2818 1835 2937 1887 qua:
2988 1822 3051 1875 ad
3108 1833 3313 1887 portam
3366 1839 3450 1877 re-

1878 1907 2018 1977 giam
2058 1917 2195 1973 erat,
2244 1909 2343 1961 soli
2400 1910 2737 1964 tuebantur:
2782 1912 2883 1964 alia
2938 1913 3249 1975 multitudo,
3318 1928 3451 1982 ape—

1879 1999 2167 2062 rariorum,
2200 2009 2258 2053 ut
2297 2000 2597 2067 ferebatur,
2635 2002 2756 2070 plus
2784 2004 2967 2056 decem
3001 2006 3187 2066 millia,
3219 2022 3280 2059 ex
3336 2017 3449 2059 tota

1877 2088 2048 2144 Cralis
2080 2093 2359 2160 provincia
2413 2094 2478 2146 ad
2532 2094 2673 2148 arcis
2728 2095 3148 2150 azdilicationem
3202 2098 3450 2162 collecta,

1877 2191 2027 2237 extra
2088 2199 2271 2238 muros
2304 2200 2552 2247 manens,
2608 2186 2696 2239 ubi
2750 2188 3013 2241 barbaros
3057 2190 3248 2253 sensit,
3288 2192 3452 2243 etiam

1878 2288 1989 2329 tum
2033 2278 2277 2331 trabibus
2318 2278 2532 2348 magnis
2560 2279 2626 2331 ad
2660 2294 2845 2333 muros
2879 2281 3151 2348 applicitis
3213 2285 3229 2350 (
3258 2283 3452 2351 lapidi-

1877 2369 1980 2423 bus
2015 2370 2344 2439 reliquaeque
2377 2370 2619 2424 materia:
2645 2385 2863 2424 sursum
2896 2372 3231 2427 attrahenda:
3265 2375 3455 2428 videli-

1884 2470 2012 2527 cet),
2048 2476 2143 2529 per
2198 2476 2290 2514 eas
2347 2463 2402 2514 in
2458 2461 2649 2515 urbem
2681 2461 3008 2516 scandentes
3056 2464 3254 2517 servati
3301 2475 3449 2519 sunt.

1877 2551 2046 2614 Quam
2091 2562 2149 2604 ut
2183 2551 2294 2620 jam
2333 2553 2384 2604 vi
2448 2567 2510 2605 ac
2550 2552 2757 2605 virtute
2824 2563 3140 2623 occupatam
3196 2558 3451 2626 cognovit

1879 2641 2193 2710 imperator,
2260 2650 2314 2694 et
2348 2644 2463 2711 ipse
2492 2643 2557 2696 ad
2591 2658 2772 2698 arcem
2805 2644 3144 2698 acclamante
3179 2662 3241 2700 ac
3279 2647 3453 2701 dedu-

1877 2744 2032 2787 Centc
2060 2736 2258 2803 populo
2280 2733 2584 2803 profectus,
2617 2734 2691 2789 ibi
2734 2735 2919 2789 omnia
2963 2744 3019 2791 et
3051 2750 3081 2789 a
3132 2737 3287 2806 plebe
3333 2746 3389 2792 et
3420 2753 3452 2792 a

1876 2825 2139 2878 militibus
2166 2826 2371 2893 direpta
2428 2826 2685 2891 invenit;
2745 2826 3028 2896 misitque,
3061 2837 3115 2882 et
3192 2828 3453 2882 barbaros

1878 2917 2025 2970 urbis
2058 2917 2303 2986 ingressu
2334 2918 2637 2986 prohibuit,
2680 2935 2748 2972 nc
2772 2918 2901 2987 quid
2941 2919 3011 2985 ei,
3055 2928 3113 2972 ut
3151 2920 3293 2974 bello
3324 2936 3453 2990 cap-

1879 3010 1945 3062 tis
1974 3010 2131 3071 solet,
2163 3020 2469 3064 noceretur.
2506 3010 2711 3065 Deinde
2744 3010 3033 3078 Triballos,
3069 3015 3162 3083 qui
3202 3014 3370 3086 774
3391 3031 3451 3071 se

1878 3101 1929 3152 in
1968 3102 2157 3153 turrim
2196 3101 2577 3167 condiderant,
2624 3103 2775 3157 exire
2804 3103 2989 3171 jussit,
3026 3104 3150 3158 data
3188 3106 3293 3160 lide
3344 3123 3451 3175 pu-

1880 3192 2035 3248 I-lfca.
2066 3192 2198 3244 nihil
2232 3193 2355 3245 mali
2400 3196 2899 3263 perpessuros.Qui
2935 3197 3183 3265 protinus
3217 3201 3449 3268 egressi,

1875 3295 2066 3333 omnes
2095 3297 2215 3332 eum
2251 3282 2590 3347 adorarunt;
2618 3292 2779 3337 erant
2819 3284 3090 3354 siquidem
3124 3288 3285 3343 amici
3331 3304 3451 3343 om-

1875 3388 1989 3424 nes.
2024 3375 2089 3425 At
2118 3372 2372 3428 Germani
2398 3376 2618 3443 populo,
2657 3386 2711 3429 et
2754 3378 2848 3445 qui
2874 3392 2938 3431 ex
2981 3378 3297 3436 triremibus
3352 3400 3445 3436 rec

1875 3475 2083 3529 nerant,
2109 3468 2475 3533 cataphractis
2509 3468 2867 3533 resistebant,
2903 3471 3085 3540 quoad
3152 3473 3451 3543 imperator

1873 3560 2139 3622 accessit;
2200 3569 2311 3612 tum
2381 3562 2526 3613 enim
2589 3561 2882 3616 confestim
2932 3578 3060 3617 arce
3112 3564 3328 3621 deserta
3387 3582 3448 3622 se

1872 3646 2222 3701 dediderunt.
2264 3651 2439 3717 Atque
2495 3650 2547 3703 hi
2604 3650 2704 3720 ipsi
2750 3651 2827 3704 illi
2875 3662 3058 3718 crant,
3086 3669 3226 3723 quos
3251 3655 3301 3710 ei
3337 3657 3449 3725 pri-

1875 3753 2018 3789 mum
2052 3738 2365 3792 Bcrrhmam
2401 3743 2605 3810 petenti
2675 3743 2863 3797 Crales
2896 3744 3075 3799 socios
3101 3745 3446 3814 adjunxerat;

1873 3828 2070 3896 quibus
2134 3840 2263 3882 tunc
2304 3830 2601 3899 imperator
2663 3848 2886 3903 magnas
2940 3834 3010 3890 de
3062 3837 3447 3893 benevolentia

1874 3921 2072 3988 gratias
2098 3920 2225 3989 egit.
2257 3920 2374 3974 Non
2406 3924 2552 3976 enim
2586 3925 2837 3992 quamvis
2868 3925 2921 3979 id
2963 3925 3151 3980 Crales
3184 3929 3440 3984 mandas-

1874 4019 1975 4068 set,
2030 4009 2430 4066 Thessalonica:
2476 4013 2529 4065 in
2604 4016 2800 4067 castris
2843 4017 3022 4085 ipsum
3055 4017 3440 4087 deseruerant,

1874 4100 1966 4153 sed
2028 4116 2125 4168 per
2175 4104 2352 4156 media
2410 4104 2692 4173 multaque
2735 4105 3053 4161 discrimina
3087 4123 3259 4177 usque
3316 4110 3446 4165 Ber-

1876 4190 2079 4243 rhueam
2109 4194 2305 4259 cupide
2337 4194 2509 4248 secuti
2547 4194 2781 4249 fuerant.
2817 4195 2936 4260 Qua
2956 4197 3023 4252 de
3059 4212 3225 4253 causa
3270 4200 3444 4270 impe-

1873 4290 2021 4333 rator
2084 4284 2182 4335 etsi
2230 4284 2477 4352 captivos
2508 4285 2739 4354 benigne
2765 4296 2818 4339 et
2851 4288 3164 4341 humaniter
3220 4304 3317 4343 eos
3350 4292 3445 4344 ha-

1874 4375 1989 4428 buit
2021 4386 2072 4427 et
2106 4392 2228 4429 cum
2260 4378 2416 4445 equis
2455 4387 2622 4446 atque
2653 4380 2818 4432 etiam
2863 4395 2985 4434 cum
3024 4382 3210 4443 armis,
3238 4381 3443 4438 donato

1876 4468 2091 4530 viatico,
2124 4470 2187 4521 ad
2219 4468 2429 4521 Cralem
2466 4469 2690 4522 dimisit.
2727 4470 2967 4524 Caeteros
2996 4473 3199 4527 milites
3248 4490 3440 4530 omnes

181 4574 264 4636 ὡς
318 4574 548 4643 πολέμῳ
594 4574 696 4641 τῆς
736 4574 944 4635 πόλεως
997 4574 1323 4631 ἑαλωκυίας.
1379 4574 1610 4625 Ἔπειτα
1664 4577 1774 4636 τοῖς
1810 4578 1850 4631 D

1769 4570 2027 4633 ;Dextra
2079 4559 2294 4628 triginta
2351 4562 2656 4629 pra'fectos,
2719 4573 3008 4618 contentos
3076 4565 3438 4632 indumentis,

182 4666 635 4735 Τριϐαλοῖς,τοῖς
666 4669 723 4719 ἐν
750 4666 829 4735 τῷ
849 4665 1041 4735 πύργῳ
1070 4666 1316 4717 ἐκέλευεν
1335 4665 1557 4731 ἐξιέναι,
1590 4665 1767 4729 δεξιὰν

183 4758 391 4824 διδοὺς,
422 4758 500 4821 ὡς
536 4759 690 4811 οὐδὲν
722 4759 851 4828 παρ’
889 4758 1054 4811 αὑτοῦ
1091 4757 1368 4809 πείσονται
1405 4757 1597 4809 δεινόν.
1630 4758 1693 4808 0':
1724 4757 1767 4807 δ’

182 4852 391 4905 αὐτίκα
427 4851 665 4916 ἐξιόντες
700 4850 1071 4918 προσεκύνουν
1098 4866 1114 4882 ο
1153 4851 1351 4911 πάντες
1388 4852 1497 4916 γὰρ
1527 4850 1633 4900 τῶν
1678 4848 1767 4915 φξ-

182 4942 297 4995 λων
348 4937 515 5010 ἦσαν.
565 4940 838 5009 Γερμανοὶ
892 4940 948 4992 δὲ
1000 4942 1245 5007 ἀντεῖχον
1281 4940 1418 5007 πρὸς
1473 4938 1563 4989 τὸν
1601 4939 1768 5005 δῆμον

181 5033 434 5095 καὶτοὺς
458 5034 522 5083 ὲκ
542 5033 650 5085 τῶν
672 5033 945 5102 τριήρεων
970 5032 1195 5093 ὁπλίτας
1216 5032 1585 5100 μαχομένους,
1614 5030 1768 5097 ἄχρις

183 5118 255 5174 οὗ
282 5122 541 5190 βασιλεὺς
568 5122 784 5187 ἐγένετο
805 5122 898 5172 καὶ
925 5122 1061 5189 πρὸς
1088 5119 1285 5181 αὐτούς
1314 5137 1326 5151 ·
1358 5121 1556 5170 αὐτίκα
1585 5120 1640 5170 δὲ
1672 5120 1767 5170 καὶ

182 5213 345 5264 αὐτοὶ
364 5211 689 5273 ἐκλιπόντες
709 5211 807 5280 τὴν
836 5212 1131 5280 ἀκρόπολιν
1156 5210 1565 5278 προσεχώρουν.
1586 5207 1770 5261 ’Ἦσαν

179 5304 247 5357 δὲ
277 5306 499 5367 ἐκεῖνοι,
530 5304 581 5355 οἳ
632 5304 767 5372 μετὰ
802 5303 1090 5372 βασιλέως,
1125 5305 1213 5355 ὅτε
1254 5304 1387 5371 πρὸς
1424 5303 1686 5372 Βέρῤοιαν
1709 5303 1770 5353 τὸ

182 5396 406 5463 πρῶτον
430 5392 537 5466 ἧκε
562 5395 607 5446 Κ
618 5394 755 5463 ράλη
788 5396 1216 5462 προστάττοντος
1256 5392 1766 5461 συνεστρατεύοντο,

181 5484 277 5549 οἷς
312 5490 339 5541 ὁ
376 5488 640 5557 βασιλεὺς
688 5487 933 5554 μεγάλας
961 5487 1077 5557 ᾔδει
1109 5486 1337 5556 χάριτας
1370 5486 1467 5554 τῆς
1502 5486 1582 5547 εἰς
1608 5485 1771 5536 αὐτὸν

181 5581 406 5641 εὐνοίας
439 5580 565 5631 τότε
589 5594 603 5610 ·
640 5580 700 5630 ού
736 5579 844 5648 γὰρ
880 5578 1205 5647 ὑπέμειναν,
1237 5578 1416 5630 καίτοι
1448 5576 1551 5628 ὑπὸ
1580 5577 1769 5645 Κραλη

181 5670 569 5738 κελευόμενοι,
604 5670 851 5722 ἐκλιπεῖν
882 5669 1044 5722 αὐτὸν
1093 5670 1150 5721 ὲν
1196 5668 1566 5737 Θεσσαλονίκῃ
1609 5684 1772 5734 στρα-

179 5763 508 5830 τευόμενον,
546 5761 683 5814 ἀλλὰ
719 5761 896 5815 καίτοι
955 5760 1169 5813 πολλῶν
1192 5760 1454 5813 κινδύνων
1484 5761 1772 5829 περισχόν-

183 5872 327 5917 των,
360 5854 509 5923 ὅμως
562 5853 686 5925 ἄχρι
721 5853 988 5923 Βερῤοίας
1016 5851 1236 5905 εἵποντο
1276 5851 1594 5922 προθύμως.
1631 5852 1706 5904 Δι’
1736 5850 1770 5904 ἃ

1875 4653 2104 4719 pedibus
2134 4652 2283 4705 abire
2336 4653 2555 4707 domum
2634 4656 2838 4721 voluit;
2892 4658 3017 4726 equi
3086 4675 3324 4729 namque
3371 4662 3441 4715 ab

1871 4741 2115 4794 exercitu
2149 4743 2343 4810 dilcpti
2372 4753 2568 4807 erant;
2611 4746 2871 4814 reliquam
2914 4749 3229 4813 colluviem,
3284 4751 3444 4822 bajuo

1873 4833 2047 4886 lorum
2104 4835 2359 4886 nimirum
2436 4851 2498 4889 ac
2560 4836 2856 4901 fossorum,
2920 4839 3132 4909 longius
3166 4841 3235 4894 ab
3282 4842 3437 4906 urbe,

1868 4925 2019 4993 jussu
2050 4925 2393 4990 imperatoris
2425 4927 2739 4989 abductam,
2778 4945 2845 4983 ne
2877 4946 2906 4982 a
2942 4930 3189 4985 barbaris
3234 4934 3437 5002 spolia-

1876 5025 2082 5076 rcntar,
2152 5015 2347 5067 milites
2386 5017 2742 5070 dimiserunt.
2801 5018 2937 5071 Cum
3002 5030 3183 5072 autem
3238 5032 3293 5073 et
3343 5022 3443 5073 tri-

1872 5108 2018 5173 ginta
2052 5106 2170 5157 illos
2207 5106 2505 5160 honorifice
2532 5109 2693 5161 vellet
2744 5108 3045 5173 dimittere,
3100 5125 3158 5162 se
3214 5112 3438 5164 retineri

1874 5208 2221 5266 rogaverunt,
2251 5215 2317 5251 ne
2336 5201 2476 5267 apud
2508 5200 2749 5264 ipsorum
2778 5200 3078 5267 principem
3107 5216 3201 5267 per
3224 5202 3438 5255 calum-

1875 5290 2017 5341 niam
2067 5300 2474 5352 accnsarcntnr,
2538 5306 2767 5358 seseque
2825 5292 3069 5344 volentes
3128 5307 3250 5345 cum
3304 5294 3440 5347 urbe

1876 5379 2164 5433 tradidisse
2204 5381 2541 5433 viderentur.
2592 5380 2759 5434 Paulo
2794 5392 2917 5451 post
2949 5382 3036 5435 alii
3081 5385 3296 5451 quidem
3339 5386 3441 5439 do-

1877 5486 1991 5524 mos
2043 5488 2171 5525 suas
2220 5473 2567 5535 imperatoris
2602 5474 2865 5540 permissu
2916 5483 3229 5541 petiverunt
3274 5475 3439 5539 ;aliis

1876 5566 1997 5634 fuga
2026 5566 2268 5632 placuit;
2298 5566 2543 5618 nonnulli
2592 5565 3033 5619 Thessalonicam
3082 5566 3257 5629 ducti,
3316 5568 3445 5622 inde

1876 5659 2191 5729 fugiebant;
2231 5673 2333 5710 nec
2376 5659 2521 5711 enim
2562 5661 2614 5711 in
2664 5659 2988 5711 carceribus
3033 5659 3444 5712 concludeban-

1879 5761 1985 5815 tur,
2014 5753 2107 5806 sed
2142 5752 2195 5804 in
2228 5752 2575 5805 monasteriis
2612 5752 2731 5804 sine
2784 5751 3016 5804 vintulis
3054 5750 3444 5804 custodieban-

1880 5857 1987 5901 tur.
2030 5845 2180 5899 Talia
2239 5845 2378 5915 apud
2434 5846 2748 5899 Berrboeam
2804 5844 3135 5905 acciderunt,
3199 5842 3445 5895 feliciore
