4226 6444
281 406 391 477 149

1446 415 1979 480 IIISTORIARUM
2022 419 2249 481 LIBER
2289 421 2380 482 IV.

3428 419 3524 482 150

279 523 416 574 εἴων
459 522 551 575 καὶ
583 520 692 575 τῶν
719 520 1147 592 ’περικειμένων
1200 524 1400 593 κωμῶν
1448 527 1647 595 πολλὴν
1702 528 1850 582 λείαν
1883 534 1920 588 Α

1883 534 1920 588 Α
1955 529 2321 597 perfodientes
2367 537 2655 597 penetrant
2690 548 2702 584 :
2736 531 3067 602 contigitque
3114 531 3253 585 intra
3302 533 3520 586 domum

278 615 507 679 ἄγοντες
524 614 795 682 ἐπανῆκον
833 615 1096 683 Ῥωμαῖοί
1123 632 1179 666 τε
1212 618 1307 667 καὶ
1336 617 1600 686 βάρϐαροι
1620 620 1837 689 ὁμοίως.

282 704 516 756 Ἔπειτα
545 706 836 776 ἐγγύτερον
871 705 1176 774 γενόμενοι,
1210 710 1688 776 παρεσκευάζοντο
1714 711 1847 777 πρὸς

278 795 381 861 τὴν
402 795 778 865 τειχομαχίαν.
805 798 866 848 Οἱ
896 796 986 848 ἐπὶ
1016 799 1115 864 τῆς
1162 798 1267 863 ἔξω
1306 799 1360 851 δὲ
1398 798 1631 865 Σερϐίων
1666 817 1845 851 συνοι-

279 886 431 946 κίας,
472 887 571 954 τήν
614 903 672 939 τε
730 886 996 955 βασιλέως
1050 888 1347 952 δεδοικότες
1376 890 1582 956 ἔξοδον,
1618 892 1847 943 καὶτῶν

280 977 569 1045 Τριϐαλῶν
611 978 690 1040 είς
726 978 824 1047 τὴν
860 980 1012 1032 πόλιν
1064 982 1123 1033 οὐ
1174 983 1643 1052 προσδεχομένων,
1672 985 1848 1048 ἄλλως

278 1084 341 1118 τε
394 1068 486 1119 καὶ
542 1068 608 1120 τὰ
667 1069 929 1139 βασιλέως
984 1072 1185 1140 μᾶλλον
1258 1075 1549 1144 ᾑρημένοι,
1598 1079 1749 1144 κοινῇ
1791 1093 1848 1129 τε

280 1160 486 1221 πάντες
548 1161 613 1212 ἐκ
655 1162 1001 1231 συνθήματος
1051 1167 1437 1235 προσεχώρουν
1480 1168 1723 1236 βασιλεῖ,
1757 1172 1850 1224 καὶ

278 1250 382 1315 τὴν
441 1252 703 1317 στρατιὰν
765 1252 1029 1321 ἐδέχοντο.
1079 1256 1171 1307 καὶ
1215 1256 1449 1320 ἐξένιζον
1486 1260 1577 1311 ἐπὶ
1628 1260 1733 1311 τῶν
1770 1262 1848 1313 οἰ-

280 1340 444 1393 κιῶν.
479 1342 541 1394 Οί
580 1342 635 1394 δὲ
663 1342 810 1396 ἔνδον
875 1346 968 1397 καὶ
1010 1349 1163 1401 αὐτοὶ
1211 1348 1308 1418 μὲν
1340 1350 1404 1403 τὰ
1451 1351 1712 1420 βασιλέως
1744 1355 1848 1423 μά-

283 1430 447 1483 λιστα
481 1434 713 1502 ᾑροῦντο
737 1475 752 1500 ,
793 1439 1069 1506 ἐχομένων
1117 1442 1172 1494 δὲ
1223 1442 1329 1494 τῶν
1381 1444 1583 1497 παίδων
1619 1446 1851 1498 καὶτῶν

282 1526 613 1592 γυναικῶν,
662 1527 978 1594 ἀναγκαίως
1048 1533 1340 1602 προσεῖχον
1406 1535 1712 1602 Τριϐαλοίς.
1758 1539 1851 1601 Εἰς

281 1615 478 1685 τρίτην
500 1617 556 1669 δὲ
581 1618 795 1687 ἡμέραν
835 1627 1396 1694 παρασκευασάμενοι
1438 1630 1848 1699 ἐτειχομάχουν,

279 1707 381 1759 καὶ
425 1710 532 1761 τῶν
562 1712 846 1781 ἐγχωρίων
886 1717 1122 1783 μάλιστα
1173 1720 1552 1788 ἐφελκομένων
1576 1762 1592 1785 ,
1633 1728 1726 1775 καὶ
1753 1725 1852 1777 οὐκ

280 1801 549 1856 ἀδύνατον
580 1807 1070 1879 ἐπαγγελλομένων
1108 1812 1205 1881 τὴν
1242 1814 1571 1882 παράληψιν.
1618 1817 1770 1870 Ἐπεὶ
1796 1818 1852 1870 δὲ

281 1889 347 1940 οὖ
398 1894 739 1961 πανταχόθεν
793 1897 922 1966 ἐξῆν
970 1899 1373 1967 προσϐάλλειν,
1407 1904 1734 1973 ἀποκρότων
1776 1908 1853 1970 ὡς

280 1980 635 2035 ἐπι-πλεῖστον
677 1987 773 2038 καὶ
818 1988 1071 2058 σκληρῶν
1114 1991 1224 2042 τῶν
1269 1992 1452 2045 τόπων
1508 1996 1697 2059 ὄντων,
1726 1996 1854 2049 ἔνθα

285 2071 535 2139 μάλιστα
569 2074 697 2144 ἐξῆν
731 2079 1085 2147 προσϐαίνειν
1128 2082 1189 2134 τὸ
1235 2086 1528 2155 κράτιστον
1566 2086 1674 2139 τῶν
1701 2088 1854 2151 τοξο-

280 2164 396 2216 τῶν
452 2166 762 2236 ἐπιστήσας
816 2173 844 2223 ό
896 2172 1187 2241 βασιλεὺς,
1228 2175 1448 2228 ἐκέλευε
1507 2179 1618 2241 τοῖς
1680 2180 1855 2245 τόξοις

282 2256 551 2324 χρῆσθαι,
590 2262 686 2312 καὶ
724 2262 999 2331 ἀνείργειν
1052 2267 1176 2327 τοὺς
1220 2266 1621 2335 ἀμυνομένους.
1671 2272 1854 2324 Ἀλλοι

281 2346 344 2399 δὲ
374 2348 607 2414 ἀσπίδας
640 2351 960 2420 ὑποδύντες,
1000 2356 1370 2426 προσέϐαλλόν
1398 2376 1455 2411 τε
1488 2363 1597 2423 τοῖς
1628 2362 1854 2433 τείχεσι.

279 2438 385 2491 καὶ
413 2437 723 2509 διώρυττον.
759 2443 956 2513 Ἔτυχε
989 2443 1044 2496 δὲ
1073 2443 1131 2496 τὸ
1165 2445 1459 2514 διόρυγμα,
1494 2449 1643 2511 ἐντὸς
1680 2452 1855 2514 οἰκίας

280 2524 428 2581 εἶναι
468 2530 634 2599 κενῆς
684 2532 1019 2603 ἀνθρώπων·
1054 2537 1174 2588 ἐπεὶ
1216 2537 1274 2589 δὲ
1331 2539 1431 2607 ἤδη
1484 2539 1815 2610 διορώρνκτο
1840 2582 1854 2607 ,

281 2622 382 2672 καὶ
430 2620 657 2689 ἔμελλον
716 2625 947 2679 εἰσιέναι
983 2666 998 2692 ,
1053 2629 1085 2696 ἡ
1135 2628 1232 2696 τῆς
1296 2631 1473 2693 οἰκίας
1521 2633 1857 2696 δεσπόζουσα

282 2708 507 2779 ἐκείνης
554 2713 696 2766 κατὰ
754 2715 925 2784 τύχην
989 2717 1329 2783 εἰσελθοῦσα,
1372 2723 1463 2773 καὶ
1494 2722 1857 2794 ἁλισκομένην

280 2800 385 2869 τὴν
412 2803 565 2854 πόλιν
594 2804 927 2876 αἰσθομένη,
963 2807 1058 2879 βοῇ
1089 2826 1148 2861 τε
1182 2812 1406 2881 ἐχρῆτο,
1442 2815 1534 2866 καὶ
1576 2818 1856 2870 συνεκάλει

282 2894 415 2954 τοὺς
445 2895 843 2963 ἀμυνομένους.
879 2900 940 2952 Ol
986 2900 1041 2953 δὲ
1092 2902 1349 2971 παρῆσαν
1399 2902 1518 2972 ἅμα
1567 2904 1645 2975 τῷ
1680 2907 1860 2960 αἰσθέ-

283 2984 443 3046 σθαι,
497 2987 759 3050 καὶτοὺς
803 2989 1186 3058 διορύττοντας
1237 2992 1560 3062 βάλλοντες,
1618 2997 1860 3063 ἀςίστων

280 3075 398 3127 τῶν
429 3078 647 3147 τειχῶν.
674 3080 824 3150 ’Ἅμα
868 3082 925 3134 δὲ
958 3084 1050 3137 καὶ
1082 3084 1304 3153 ὄμϐρων
1340 3087 1622 3155 ραγδαίων
1668 3090 1860 3160 ἐπενη-

1958 621 2227 674 moenibus
2261 621 2575 682 harrentem.
2608 622 2919 675 hominibus
2950 638 3167 675 vacuam
3201 622 3393 679 veniri.
3432 637 3527 689 per

1954 724 2113 777 quam
2145 726 2269 764 cum
2319 725 2378 764 se
2430 711 2483 764 in
2519 711 2705 764 urbem
2742 711 3035 764 immissuri
3066 721 3269 774 essent,
3306 713 3525 764 domina

1954 800 2146 854 domus
2169 818 2295 855 casu
2314 803 2575 872 ingressa,
2598 804 2961 872 oppidumque
2986 813 3197 871 captum
3215 803 3523 861 advertens.

1956 889 2096 943 elato
2123 891 2357 945 clamore
2391 902 2793 961 propugnantes
2830 903 3112 946 convocat.
3146 891 3223 945 l.li
3252 892 3524 959 extemplo

1958 992 2271 1046 accurrunt,
2303 981 2680 1052 fodientesque
2722 985 2917 1049 iaculis
2949 999 2976 1036 a
3030 999 3183 1036 muro
3225 983 3524 1050 depellunt.

1957 1071 2200 1141 Cumque
2255 1072 2308 1125 in
2367 1074 2483 1142 ipso
2531 1075 2871 1143 potissimum
2938 1074 3152 1128 fervore
3209 1072 3526 1127 certaminis

1960 1163 2134 1218 imber
2159 1164 2383 1218 effusius
2412 1164 2651 1230 caderet,
2681 1180 2874 1220 manus
2904 1166 2990 1218 illa
3023 1181 3050 1219 a
3083 1180 3259 1233 pugna
3293 1164 3523 1222 destitit.

1961 1263 2121 1323 atque
2171 1256 2226 1309 in
2276 1267 2453 1311 castra
2499 1256 2741 1319 recessit,
2792 1255 3011 1326 quando
3063 1256 3223 1308 simul
3267 1256 3525 1307 adversus

1959 1330 2185 1401 imbrem
2274 1358 2327 1402 et
2379 1349 2588 1402 hostem
2639 1347 2902 1402 dimicare
2954 1362 3063 1401 non
3115 1354 3355 1414 poterat,
3412 1354 3527 1397 tuto

1957 1451 2118 1505 supra
2147 1451 2335 1494 muros
2366 1446 2619 1500 stantem,
2646 1451 2770 1489 cum
2814 1437 2913 1506 ipsi
2947 1437 3258 1490 fallentibus
3289 1435 3528 1503 vestigiis

1960 1526 2117 1581 toties
2142 1526 2195 1579 itt
2220 1526 2389 1581 lutum
2413 1527 2839 1597 prolaberentur.
2865 1527 3158 1595 Imperator
3181 1541 3395 1594 quoque
3418 1525 3530 1593 pri-

1962 1633 2109 1672 mum
2146 1619 2403 1687 impetum
2437 1618 2600 1674 fuisse
2640 1619 2852 1673 irritum
2877 1633 3126 1679 cernens,
3148 1629 3200 1670 et
3228 1617 3392 1671 armis
3411 1616 3525 1686 cogi

1961 1725 2120 1780 posse
2156 1709 2472 1781 desperans,
2497 1722 2551 1766 et
2575 1722 2791 1781 propter
2827 1711 3054 1764 imbrem
3098 1719 3259 1777 atque
3292 1709 3527 1762 hiemem

1958 1804 2275 1858 continuare
2296 1803 2633 1858 obsidionem
2653 1819 2761 1857 non
2782 1802 2986 1864 valens,
3006 1802 3314 1855 Berrhteam
3334 1801 3531 1868 rediit;

1953 1910 2114 1964 quem
2140 1895 2437 1951 suburbani
2465 1894 2777 1951 Serviorum
2813 1894 3070 1964 praecipui
3104 1909 3291 1946 otnnes
3334 1902 3484 1961 przett
3506 1907 3533 1945 r

1958 2004 2179 2058 paucos,
2236 2004 2358 2043 cum
2414 1989 2597 2044 liberis
2641 1999 2695 2043 et
2736 1989 3019 2052 uxoribus,
3071 1989 3134 2041 de
3183 1986 3531 2039 fat-uitalibus

1955 2085 2068 2138 suis
2090 2097 2197 2137 non
2216 2083 2333 2151 plus
2352 2082 2634 2147 habentes,
2653 2096 2814 2150 quam
2852 2089 3134 2149 asportare
3171 2092 3352 2132 secum
3383 2085 3532 2144 pute-

1956 2184 2098 2237 rant,
2120 2175 2289 2229 secuti
2308 2182 2456 2228 sunt.
2488 2174 2672 2243 Neque
2699 2174 2750 2227 id
2776 2172 3049 2227 faciebant
3065 2174 3388 2245 ohamorem
3406 2182 3532 2237 erga

1956 2268 2335 2338 imperatorem
2371 2268 2763 2330 tantummodo,
2779 2268 3022 2335 sedquod
3036 2267 3198 2319 etiam
3217 2280 3244 2317 a
3259 2262 3529 2325 Triballis,

1956 2361 1999 2415 si
2053 2363 2134 2417 eis
2194 2362 2428 2430 amplius
2460 2362 2771 2425 subessent,
2814 2359 3139 2413 defectionis
3163 2372 3275 2411 sua:
3309 2354 3531 2424 przetnia

1958 2469 2146 2522 parum
2172 2454 2315 2507 bona
2333 2452 2743 2522 exspectabant.
2764 2451 2957 2505 Adhuc
2999 2460 3191 2519 agente
3234 2448 3375 2517 apud
3397 2446 3531 2501 Ber-

1957 2546 2161 2599 rhmam
2187 2546 2511 2614 imperatore
2529 2561 2594 2599 ex
2612 2543 2967 2599 nobilissimis
2986 2542 3234 2601 urbibus,
3253 2556 3371 2608 qure
3393 2539 3535 2592 anti-

1958 2637 2140 2705 quitus
2155 2636 2411 2691 Romanis
2429 2636 2937 2706 parebant.jamque
2953 2633 3043 2686 ditt
3058 2630 3312 2684 Triballis
3328 2628 3534 2683 servies

1959 2735 2099 2787 rant,
2120 2726 2407 2783 veniebant
2423 2725 2515 2796 qui
2534 2725 2668 2781 clam
2687 2726 3151 2794 colloquerentur,
3171 2731 3531 2791 rogaremque

1960 2817 2025 2870 ad
2048 2832 2104 2871 se
2132 2819 2365 2881 veniret,
2388 2817 2577 2887 ejectis
2594 2817 2851 2871 Triballis
2870 2818 3018 2870 illum
3036 2825 3402 2884 suscepturos.
3424 2813 3533 2869 Nec

1961 2926 2026 2965 ex
2041 2910 2160 2965 aliis
2179 2910 2439 2965 duntaxat
2457 2911 2701 2976 urbibus,
2722 2910 3083 2964 verumetiam
3102 2925 3165 2963 ex
3183 2909 3295 2977 ipsa
3316 2907 3532 2975 Scopia,

1962 3020 2080 3074 qttte
2102 3002 2277 3059 Cralis
2314 3004 2458 3074 regia
2481 3013 2719 3073 putatur,
2739 3020 2901 3073 quam
2927 3002 3156 3057 Michael
3178 3018 3242 3055 ex
3268 3002 3530 3055 Palmoloo

1963 3095 2043 3164 gis
2085 3097 2291 3164 primus
2341 3097 2633 3164 imperator
2657 3111 2686 3149 a
2712 3096 2953 3151 Romano
2981 3096 3210 3165 imperio
3234 3095 3534 3161 separavit,

282 3168 571 3267 verpe-va
624 3172 680 3223 ὲν
715 3172 850 3241 αὐτῇ
889 3174 1123 3241 μάλιστα
1167 3175 1268 3244 τῆς
1318 3179 1494 3247 μάχης
1522 3182 1587 3249 τῇ
1621 3181 1792 3250 ἀκμῇ,
1887 3210 1929 3267 C

1887 3210 1929 3267 ο
1965 3188 2120 3258 legati
2154 3190 2329 3258 palam
2374 3189 2525 3242 urbis
2554 3188 2773 3242 nomine
2811 3198 3101 3248 venerunt,
3132 3202 3253 3239 eum
3287 3188 3351 3239 ad
3384 3202 3441 3240 se
3477 3188 3530 3240 in

281 3275 347 3311 τε
386 3260 520 3331 ἀλλη
556 3264 785 3333 στρατιὰ
843 3265 1122 3320 ἐπέπαυτο
1160 3270 1256 3320 καὶ
1296 3269 1563 3340 ἀνεχώρει
1614 3274 1750 3340 πρὸς
1802 3275 1858 3327 τὸ

286 3352 677 3419 στρατόπεδον·
714 3356 775 3407 οὐ
828 3356 1104 3428 δυναμένη
1165 3359 1301 3429 πρός
1346 3378 1404 3413 τε
1443 3362 1681 3433 ὄμϐρους
1724 3365 1859 3434 ὁμοῦ

281 3446 385 3495 καὶ
427 3444 720 3513 πολεμίους
758 3446 1029 3516 μάχεσθαι
1064 3450 1322 3518 ἀσφαλῶς
1352 3454 1591 3517 ἑστῶτας
1625 3458 1715 3509 ἐπὶ
1752 3456 1862 3510 τῶν

280 3538 506 3607 τειχῶν,
570 3540 726 3593 αὐτοὶ
776 3542 1219 3606 διολισθαίνοντες
1282 3546 1349 3598 τὰ
1399 3547 1566 3601 πολλᾶ
1610 3552 1745 3619 πρὸς
1770 3554 1862 3605 τὸν

282 3628 485 3693 πηλόν.
522 3630 631 3683 Καὶ
658 3633 685 3683 ὁ
723 3631 974 3700 βασιλεὺς
1002 3636 1123 3687 ἐπεὶ
1161 3635 1495 3707 διημάρτανε
1526 3639 1624 3709 τῆς
1654 3641 1861 3705 πόλεως

287 3718 429 3785 πρὸς
482 3720 583 3789 τὴν
615 3723 837 3792 πρώτην
883 3725 1251 3796 ἐπιχείρησιν,
1282 3728 1399 3779 τότε
1432 3728 1714 3797 βιάζεσθαι
1751 3735 1861 3797 τοῖς

282 3812 481 3874 ὅπλοις
514 3812 808 3880 ἀπογνοὺς,
843 3816 939 3869 καὶ
988 3816 1123 3886 πρὸς
1162 3818 1223 3870 τὸ
1268 3819 1576 3890 πολιορκεῖν
1610 3821 1698 3875 διὰ
1734 3826 1862 3888 τοὺς

280 3904 529 3974 ὄμϐρους
593 3908 688 3958 καὶ
741 3907 832 3959 τὸν
888 3902 1133 3979 χειμῶνα
1175 3912 1450 3975 ἀδυνάτως
1495 3914 1652 3983 ἔχων,
1705 3913 1861 3980 αὖθις

279 3996 622 4065 ἀνέστρεψεν
669 4000 747 4062 είς
780 3999 1061 4068 Βέρῤοιαν·
1100 4003 1325 4056 εἵποντο
1354 4005 1409 4057 δὲ
1446 4008 1538 4057 καὶ
1580 4008 1627 4059 οί
1666 4009 1729 4061 ἐκ
1759 4009 1861 4078 τῆς

280 4088 394 4152 ἔξω
429 4089 671 4159 Σερϐίων
730 4092 1007 4157 συνοικίας
1063 4094 1201 4164 πλὴν
1256 4096 1453 4162 ὀλίγων
1487 4100 1705 4163 πάντες,
1747 4103 1861 4156 ὅσοι

288 4181 534 4248 μάλιστα
598 4184 653 4234 ἐν
695 4181 842 4253 λόγῳ
896 4180 1034 4254 ἦσαν
1066 4186 1183 4254 ἃμα
1234 4189 1448 4254 γυναιξὶ
1497 4192 1593 4241 καὶ
1631 4192 1860 4258 τέκνοις,

284 4278 449 4345 ὀλίγα
486 4277 702 4347 ἔχοντες
729 4282 792 4331 ἐκ
826 4283 925 4347 τῆς
970 4281 1181 4343 οὐσίας,
1215 4283 1314 4335 ὃσα
1359 4283 1545 4352 φέρειν
1591 4280 1729 4355 ἦσαν
1772 4286 1863 4339 δυ·-

288 4368 447 4421 νστοί
471 4385 484 4397 ο
518 4370 580 4421 οὐ
616 4370 779 4438 μόνον
809 4371 896 4423 διὰ
927 4370 1026 4440 τὴν
1057 4371 1194 4439 πρὸς
1224 4373 1450 4438 βασιλέα
1482 4372 1716 4439 εὖνοιαν,
1746 4376 1860 4429 ἀλλ’

284 4458 373 4511 ὃτι
430 4460 523 4511 καὶ
571 4461 634 4511 ἐκ
677 4459 961 4528 Τριϐαλῶν
1017 4461 1169 4514 οὐδὲν
1223 4462 1310 4515 διὰ
1370 4464 1465 4530 τὴν
1522 4465 1862 4520 ἀποστασίαν

287 4552 526 4622 ᾖλπισαν
576 4553 833 4615 ἐπιεικὲς,
880 4555 929 4605 εἰ
972 4551 1215 4620 γένοιντο
1268 4553 1355 4605 ἐπ’
1397 4557 1604 4618 αὐτοῖς.
1642 4558 1762 4609 Ἐτι
1802 4556 1855 4609 δὲ
1886 4535 1938 4594 Β

285 4646 345 4696 ὲν
384 4644 622 4714 Βερροία
670 4643 932 4713 βασιλέως
957 4644 1346 4715 διατρίϐοντος,
1380 4648 1445 4699 ἐκ
1482 4648 1588 4698 τῶν
1622 4648 1855 4716 μάλιστα

287 4738 584 4803 ἐπισήμων
623 4736 831 4787 πόλεων
879 4735 938 4788 αἱ
982 4735 1270 4804 Ῥωμαίων
1326 4737 1423 4806 μὲν
1459 4733 1600 4807 ἦσαν
1626 4740 1857 4808 ὑπήκοοι

288 4828 351 4878 τὸ
386 4829 639 4896 ἀρχαῖον,
683 4828 875 4896 χρόνον
922 4827 979 4880 δὲ
1022 4826 1343 4881 ὲδούλευσαν
1380 4830 1478 4882 οὐκ
1519 4829 1698 4897 ὀλίγον
1730 4831 1857 4899 Τρι-

288 4920 519 4983 ϐαλοῖς,
570 4916 703 4991 ἧκον
748 4920 1120 4991 διαλεγόμενοι
1181 4922 1362 4991 κρύφα
1392 4961 1406 4984 ,
1467 4924 1559 4976 καὶ
1616 4924 1860 4993 δεόμενοι

288 5013 447 5080 ἣκειν
505 5011 637 5082 παρ’
690 5010 884 5073 αὐτοὺς
918 5050 933 5073 ,
997 5011 1071 5075 ὡς
1122 5013 1481 5082 είσδεξόμενοι
1532 5014 1855 5075 ἐκϐαλόντες

289 5105 722 5177 Τριϐαλούς.ζοὑ
759 5106 919 5174 μόνον
951 5104 1004 5157 δὲ
1032 5106 1096 5157 ἐκ
1118 5107 1223 5158 τῶν
1258 5106 1451 5168 ἄλλων,
1489 5107 1624 5160 ἀλλὰ
1677 5110 1769 5161 καὶ
1794 5109 1852 5172 ἐξ

290 5200 458 5267 αὐτῆς
516 5197 837 5267 Σκοπιᾶς,ἣ
877 5197 1023 5249 δοκεῖ
1050 5197 1295 5265 βασίλεια
1342 5200 1532 5269 Κράλη
1572 5195 1708 5252 εἷναι
1745 5202 1853 5253 ἀπὸ

287 5292 381 5345 τοῦ
417 5290 685 5361 βασιλέως
708 5290 801 5342 τοῦ
833 5290 1051 5359 πρώτου
1080 5290 1189 5341 τῶν
1214 5291 1591 5357 Παλαιολόγων
1634 5292 1852 5361 Μιχαὴλ

284 5388 386 5453 τῆς
444 5383 732 5453 Ῥωμαίων
763 5383 937 5452 ἀρχῆς
969 5382 1384 5451 ἐκτετμημένη,
1419 5382 1677 5453 πρέσϐεις
1716 5378 1853 5453 ἧκον

288 5471 599 5539 ἀναφανδὸν
632 5470 738 5522 ἀπὸ
772 5471 868 5538 τῆς
892 5470 1100 5534 πόλεως
1130 5474 1281 5539 κοινῇ
1314 5472 1537 5540 βασιλέα
1562 5472 1852 5537 καλοῦντες

279 5560 443 5629 ἣκειν
504 5560 593 5612 ἐπ’
644 5559 860 5622 αὐτοὺς,
907 5560 982 5620 ὡς
1042 5559 1456 5629 παραδώσοντες
1514 5562 1611 5630 τὴν
1664 5564 1851 5618 πόλιν.

295 5649 359 5703 σο
386 5650 611 5722 Κράλης
638 5653 745 5719 γὰρ
770 5651 861 5703 ἐπὶ
883 5650 1112 5715 Παίονας
1141 5650 1570 5721 ἐστρατευμένος
1615 5652 1756 5716 τότε,
1779 5653 1855 5714 ὡς

281 5742 521 5796 traiecto
548 5741 773 5812 βασιλέα
802 5745 1045 5808 ἐπιόντα,
1097 5744 1275 5797 καίτοι
1306 5744 1561 5815 στρατιὰν
1591 5745 1849 5816 πλείστην

282 5837 423 5908 περὶ
443 5836 609 5891 αὐτὸν
638 5835 1003 5908 ᾑθροισμένην
1029 5836 1188 5907 ἔχων,
1209 5836 1685 5892 ἀντικαθίστασθαι
1715 5840 1848 5907 πρδς

1964 3282 2293 3336 deditionem
2322 3282 2666 3351 accipiendos
2700 3281 3014 3334 invitantes.
3049 3279 3212 3348 779
3241 3277 3369 3330 Nam
3402 3277 3534 3331 Cra-

1963 3374 2063 3432 les.
2106 3375 2195 3443 qui
2230 3382 2357 3428 tunc
2402 3374 2453 3428 in
2503 3372 2725 3428 Paeonas
2758 3382 3020 3436 moverat,
3060 3382 3115 3424 ut
3148 3374 3530 3439 imperatorem

1963 3467 2287 3521 adventasse
2326 3468 2554 3529 audivit,
2592 3482 2899 3536 quanquam
2942 3468 3167 3519 haberet
3217 3465 3402 3533 mpias
3448 3463 3533 3515 in-

1963 3567 2171 3628 gentes,
2211 3574 2316 3611 non
2363 3573 2422 3612 se
2474 3558 2545 3611 illi
2593 3558 2826 3611 audebat
2870 3572 3191 3625 opponere:
3225 3555 3318 3609 sed
3346 3552 3531 3607 omnia

1962 3648 2168 3703 ducens
2221 3649 2275 3703 in
2328 3648 2564 3703 minimis
2613 3647 2920 3702 conflictum
2965 3647 3182 3700 volebat
3231 3645 3528 3699 declinare.

1963 3739 2118 3794 Unde
2146 3739 2307 3793 etiam
2346 3754 2467 3794 cum
2505 3737 2712 3808 Scopite
2745 3738 2893 3793 cives
2925 3738 3191 3808 legatione
3226 3736 3389 3789 missa
3432 3735 3535 3788 im-

1964 3842 2268 3903 peratorem
2301 3831 2513 3886 Infestis
2543 3831 2711 3901 signis
2738 3830 2802 3884 ad
2829 3846 2888 3884 se
2914 3830 3135 3883 tendere
3164 3829 3531 3887 nuntiassent.

1963 3925 2333 3992 auxiliumque
2384 3923 2790 3992 poposcissent,
2833 3922 3067 3992 primum
3117 3920 3333 3988 quidem
3378 3932 3531 3985 spem

1965 4012 2219 4075 faciebat,
2267 4014 2309 4067 si
2366 4013 2592 4066 Romani
2644 4013 2791 4079 ipsos
2838 4012 3203 4065 adorirentur.
3244 4008 3314 4063 Ut
3348 4016 3533 4061 autem

1964 4104 2106 4158 fama
2131 4104 2197 4158 de
2222 4104 2641 4157 adventantibus
2671 4103 2931 4157 Romanis
2975 4100 3330 4168 barbarisque
3358 4100 3536 4152 incre-

1965 4196 2101 4259 httit,
2137 4205 2508 4263 terroremque
2543 4193 2861 4263 duplicavit,
2890 4192 3182 4246 manifeste
3213 4206 3367 4260 opem
3406 4190 3537 4243 Sco-

1963 4286 2245 4355 pionsihtts
2274 4284 2512 4352 negavit,
2567 4284 2810 4346 hortans,
2844 4291 2902 4335 ut
2928 4283 3248 4349 semetipsos
3279 4294 3375 4348 pro
3404 4278 3536 4331 viri-

1962 4376 2066 4430 bus
2095 4375 2464 4439 defensarent,
2502 4390 2559 4429 se
2593 4375 2648 4427 in
2676 4373 2962 4444 praesentia
2990 4372 3058 4426 ad
3083 4387 3177 4426 eos
3213 4371 3396 4424 venire
3428 4384 3535 4422 non

1963 4485 2144 4539 posse.
2176 4469 2254 4522 llli
2288 4468 2564 4523 communi
2612 4468 2840 4523 consilio
2871 4483 3078 4535 magnae
3112 4463 3396 4518 dementia:
3444 4462 3538 4515 tri-

1965 4563 2237 4616 buendum
2298 4572 2636 4624 statuentes,
2698 4558 2802 4613 illis
2856 4559 3141 4619 resistere,
3207 4556 3535 4624 quibuscum

1969 4666 2156 4703 eorum
2210 4652 2461 4719 princeps
2509 4665 2632 4706 cum
2687 4659 2835 4702 tanto
2883 4650 3128 4702 exercitu
3178 4646 3379 4699 bellare
3431 4660 3537 4696 ttott

1973 4743 2218 4806 auderet,
2248 4741 2314 4795 ad
2360 4742 2743 4811 imperatorem
2791 4739 3014 4805 adeunt,
3048 4739 3331 4803 urbisque.
3378 4743 3535 4787 ante-

1973 4847 2133 4900 quam
2187 4831 2406 4886 dttriora
2460 4831 2849 4900 experiantur,
2923 4828 3253 4883 deditionem
3309 4826 3535 4878 faciunt.

1974 4922 2319 4976 Postmodum
2363 4921 2550 4975 sedato
2592 4921 2783 4975 timore
2813 4921 2867 4974 in
2895 4920 3156 4991 judicium
3197 4934 3224 4969 a
3266 4917 3420 4971 Crale
3445 4930 3540 4969 vo—

1971 5012 2099 5072 cati,
2130 5021 2183 5064 et
2226 5011 2545 5065 defectionis
2589 5011 2847 5073 accusati,
2890 5008 3043 5063 facile
3089 5010 3293 5062 crimen
3337 5006 3539 5060 refuta-

1973 5109 2128 5166 runt,
2182 5102 2589 5172 archiepiscopo
2636 5118 2825 5156 eorum
2876 5110 3268 5171 cognoscente,
3305 5100 3394 5165 qui
3443 5113 3538 5151 eos

1972 5194 2104 5247 nihil
2150 5194 2411 5248 adversus
2454 5196 2764 5263 a-quitatem
2801 5192 3093 5261 patravisse
3142 5188 3535 5261 pronuntiavit,

1971 5286 2015 5339 si
2043 5286 2196 5339 Crale
2227 5286 2445 5340 nolente
2473 5300 2811 5348 succurrere,
2843 5283 2935 5337 sed
2966 5285 3217 5336 hortante
3245 5292 3299 5335 ut
3331 5280 3540 5349 seipsos

1972 5388 2274 5439 tuerentur,
2309 5378 2379 5429 illi
2414 5376 2705 5446 prudenter
2752 5376 2851 5430 sibi
2898 5390 2960 5428 ac
2998 5372 3313 5427 salutariter
3341 5382 3541 5424 consu~

1969 5470 2174 5534 lentes,
2232 5469 2627 5537 potentiordms
2679 5484 2868 5537 parere
2922 5464 3326 5523 constituerint.
3383 5461 3537 5515 Adeo

1970 5570 2098 5616 tunc
2140 5577 2327 5615 omnes
2362 5562 2517 5613 urbes
2546 5562 2826 5629 perculsm,
2853 5560 3013 5625 ultro,
3049 5558 3359 5628 priusquam
3400 5552 3536 5607 diri-

1967 5665 2244 5725 perentur,
2297 5655 2641 5724 imperatoris
2687 5668 2808 5707 esse
2854 5652 3165 5722 cupiebant.
3218 5648 3326 5702 Nec
3372 5648 3538 5701 urbes

1966 5750 2173 5810 solum,
2224 5748 2315 5800 sed
2364 5746 2522 5800 etiam
2576 5745 2939 5799 Triballorum
2991 5741 3389 5814 potentissitt‘d,
3439 5739 3533 5809 qui

1967 5850 2122 5896 antea
2159 5841 2468 5909 imperatori
2505 5840 2731 5894 fuissent
2760 5840 2941 5904 amici,
2996 5848 3049 5893 et
3090 5839 3138 5893 ei
3170 5838 3393 5891 subesse
3420 5850 3538 5887 nta-
