4226 6444
204 450 308 514 153

1362 450 1895 510 IIIS'I‘URHMUM
1940 454 2161 512 LIBER
2206 456 2276 513 iV

3356 454 3455 521 154

204 561 567 630 στρατόπεδον
600 562 734 630 “Pb;
786 561 1030 631 βασι-λίαν
1077 564 1272 631 ὅρκους
1323 562 1420 631 μὲν
1486 564 1775 631 παρείχετο
1807 568 1844 622 Α

1807 568 1844 622 A
1882 579 1988 632 tur,
2018 577 2111 621 aut
2140 570 2257 635 ipse
2292 567 2605 632 praesidium
2658 567 2914 630 inducat;
2952 582 3077 621 suas
3099 570 3243 619 enim
3274 566 3446 618 lacu.-

204 652 303 703 ἐπὶ
329 652 408 721 τῷ
442 651 652 721 βασιλεῖ
684 670 745 705 τε
791 654 953 706 αὑτὸν
983 656 1340 723 προσχωρεῖν,
1372 654 1467 707 καὶ
1494 655 1553 706 τὸ
1600 654 1769 723 φρού-

208 761 325 811 ριον
357 744 706 813 παραδιδόναι
728 761 743 776 ’
776 745 943 798 ἐδεῖτο
966 746 1022 797 δὲ
1048 745 1122 816 μὴ
1161 750 1222 798 τὸ
1272 744 1365 798 νῦν
1394 744 1514 814 ἔχον
1547 746 1579 815 ἢ
1611 746 1773 797 αὐτὸν

203 840 459 905 είσιέναι,
517 839 549 906 ἢ
584 841 829 909 φρουρὰν
880 841 1124 907 είσέιγειν
1150 856 1163 871 ·
1197 842 1293 909 τήν
1326 856 1383 892 τε
1434 840 1541 909 γὰρ
1587 840 1773 892 οὐσίαν

204 931 358 998 αᾷτῴ
384 930 643 999 πλείστην
671 928 837 985 οὖσαν
860 936 954 985 καὶ
977 932 1431 1001 διεσκεδασμένην
1457 932 1773 985 ἀπολεῖσθαι

204 1024 313 1074 ὑπι.
349 1024 635 1092 Τριϐαλῶν
676 1024 1130 1095 διαρπασθεῖσαν,
1162 1027 1255 1078 καὶ
1314 1025 1441 1085 τοὺς
1494 1027 1775 1091 συγγενεῖς

207 1114 362 1182 αὐτῷ
399 1118 492 1167 καὶ
544 1116 777 1178 οίκείους
846 1117 1069 1185 Κραλην
1100 1118 1271 1186 ἄρδην
1328 1116 1641 1184 διαφθερεῖν
1691 1114 1778 1166 διὰ

206 1206 308 1271 τὴν
360 1205 496 1273 πρὸς
533 1206 695 1258 αὐτὸν
725 1206 1024 1276 ἀπέχθειαν
1050 1225 1064 1238 υ
1099 1208 1234 1260 ἀλλὰ
1292 1207 1681 1279 περιμείναντα
1713 1207 1777 1273 ἡ-

211 1297 393 1365 μέρας
430 1299 840 1363 πεντεκαίδεκα,
874 1301 1032 1368 ἄχρις
1074 1301 1139 1352 ἂν
1170 1301 1403 1361 οἰκείους
1433 1317 1491 1351 τε
1518 1305 1611 1353 καὶ
1643 1300 1779 1367 χρή-

209 1408 368 1457 ματα
411 1391 856 1461 μεταπέμψηται,
889 1392 1031 1445 οὕτω
1062 1395 1120 1447 τδ
1177 1393 1436 1462 φρούριον
1486 1392 1779 1459 παραλαμ-

205 1483 419 1538 ϐάνειν.
459 1486 684 1547 Τούτοις
726 1487 825 1553 μὲν
854 1485 947 1539 οὖν
1006 1488 1033 1539 ὀ
1069 1486 1322 1555 βασιλεὺς
1377 1485 1644 1549 πεισθεὶς,
1684 1485 1779 1537 καὶ

203 1574 410 1643 ὅρκους
444 1577 536 1627 ἐπὶ
567 1580 680 1638 τοῖς
733 1578 1051 1645 εἰρημένοις
1101 1577 1307 1630 ἐκείνου
1339 1575 1775 1645 παρασχομένου,

206 1666 549 1733 ἀνέστρεφεν
603 1668 680 1728 εἰς
711 1666 1133 1740 Θεσσαλονίκην.
1170 1666 1370 1728 Βὲλκος
1404 1666 1461 1718 δὲ
1514 1664 1583 1717 τὰ
1629 1664 1779 1732 ὀμω-

211 1757 465 1822 μοσμένα
500 1756 662 1824 δῆθεν
688 1757 1004 1826 ἐκπληρῶν,
1044 1758 1171 1819 τούς
1199 1775 1259 1809 τε
1289 1757 1518 1817 οἰκείους
1556 1758 1623 1809 ὲκ
1650 1757 1781 1824 Τρι-

203 1846 390 1899 ϐαλιῦν
424 1849 828 1916 μετεπέμπετο,
862 1851 956 1901 καὶ
990 1849 1316 1917 βοσκήματα
1361 1849 1452 1900 καὶ
1479 1847 1576 1917 τὴν
1616 1845 1783 1914 ἄλλην

204 1941 533 2009 περιουσίαν
564 1939 781 2009 ἔπεμπέ
847 1956 907 1990 τε
960 1939 1053 1991 καὶ
1108 1940 1185 2000 είς
1237 1936 1633 2003 Θεσσαλονίκην
1687 1934 1785 1987 οὐκ

202 2033 369 2101 ὀλίγα
429 2033 627 2101 δεῖγμα
678 2033 778 2100 τῆς
837 2031 972 2101 πρὸς
1016 2030 1241 2099 βασιλέα
1287 2030 1498 2092 εὐνοίας
1545 2028 1637 2081 καὶ
1686 2029 1787 2095 τῆς

206 2124 466 2192 φυλακῆς
498 2124 607 2175 τῶν
650 2122 956 2192 συνθηκῶν.
1010 2123 1236 2192 Κράλης
1266 2122 1321 2175 δὲ
1366 2122 1466 2191 ήδη
1502 2120 1786 2187 πεπυσμέ-

200 2234 322 2277 νος.
351 2217 428 2277 ὼς
458 2219 489 2283 ἡ
524 2218 620 2285 μὲν
642 2218 707 2270 ὲκ
730 2216 826 2282 τῆς
851 2217 1082 2284 ἠπείρου
1110 2212 1336 2284 στρατιᾶ
1358 2215 1452 2267 καὶ
1478 2213 1784 2281 Ῥωμαίων,

201 2307 307 2357 καὶ
340 2305 633 2374 βαρϐάρων
665 2306 902 2374 τοσαύτη
934 2301 1066 2359 οὖσα
1115 2305 1498 2374 ἀναστρέψειε,
1536 2302 1789 2371 βασιλεὺς

198 2390 263 2442 δὲ
290 2394 417 2453 ταῖς
447 2393 703 2461 τριήρεσι
747 2391 941 2458 μόναις
974 2392 1068 2443 καὶ
1115 2391 1415 2460 βαρϐάροις
1463 2389 1648 2452 πεζοῖς
1674 2386 1787 2438 ὀλί-

200 2500 332 2550 γοις
369 2484 673 2550 ἀφιγμένος
720 2486 800 2545 είς
832 2483 1234 2552 Θεσσαλονίκην
1264 2483 1527 2552 Βέρροιάν
1560 2497 1619 2533 τε
1654 2474 1788 2545 εἷλε,

202 2578 310 2628 καὶ
344 2577 640 2639 Ἔδεσσαν,
676 2576 771 2627 καὶ
800 2576 965 2636 ἀλλας
1001 2575 1260 2644 πολίχνας
1298 2576 1399 2626 οὐκ
1428 2574 1637 2637 ὀλίγας,
1669 2572 1793 2624 ἀνε-

202 2661 461 2731 θάρσησέ
488 2678 573 2725 τε,
611 2662 706 2713 καὶ
747 2662 1008 2731 στρατιὰν
1032 2660 1319 2715 ἀναλαϐὼν
1346 2661 1405 2711 οὐ
1434 2661 1635 2729 πολλὴν
1670 2660 1787 2729 μὲν,

204 2753 353 2806 πολὺ
387 2753 446 2805 δὲ
474 2754 619 2821 ὅμως
672 2752 1047 2822 ὑπερέχουσαν
1094 2752 1192 2819 τῆς
1251 2750 1538 2820 βασιλέως,
1591 2751 1791 2820 ἤλαυνε

212 2845 431 2913 σπουδῇ
468 2845 561 2896 ἐπὶ
592 2843 1016 2911 Θεσσαλονίκην.
1075 2844 1184 2896 Καὶ
1216 2841 1416 2904 Βέλκος
1448 2841 1547 2910 μὲν
1594 2841 1795 2893 αὐτίκα

209 2936 315 2988 ὑπ’
350 2938 561 2987 ἐκεῖνον
597 2931 686 3005 ἦν,
728 2940 823 2987 καὶ
867 2934 1328 3003 συνεστρατεύετο
1383 2933 1520 3001 μετά
1560 2932 1668 2985 τῶν
1701 2934 1793 2985 ὑπ’

206 3026 407 3087 αὑτὸν,
432 3026 543 3077 τῶν
566 3028 697 3095 πρὸς
725 3026 941 3096 βασιλέα
966 3025 1250 3095 συνθηκῶν
1302 3027 1395 3078 καὶ
1418 3026 1596 3093 ὅρκων
1620 3025 1795 3091 ἀμνη-

211 3119 489 3187 μονήσας.
527 3116 748 3186 Κράλης
775 3116 831 3169 δὲ
856 3118 1020 3183 ἐγγὺς
1050 3117 1341 3183 γενόμενος
1364 3114 1793 3183 Θεσσαλονίκης,

1883 670 2021 715 tates
2059 672 2113 714 et
2144 661 2429 722 maximas,
2458 670 2512 713 et
2534 660 2668 713 locis
2696 660 2997 727 disjunctas
3022 659 3275 711 Tribaliis
3310 659 3451 710 diri-

1880 754 2160 823 pientihus
2208 754 2560 814 amissurum,
2613 760 2667 804 et
2710 752 2923 805 Cralem
2972 752 3099 805 odio
3165 751 3447 803 incensum

1880 856 2139 913 cognatos
2164 854 2325 913 atque
2376 834 2705 897 domesticos
2735 858 2863 896 suos
2917 844 3159 896 fuimlitus
3203 842 3449 911 pCl‘dllll-

1883 950 2039 997 rum;
2096 934 2189 986 sed
2243 943 2564 1001 exspectato
2601 934 2689 987 die
2739 934 2932 1001 quinto
2987 934 3234 995 decimo,
3276 933 3452 986 dnucc

1884 1026 2217 1095 propinquos
2246 1034 2301 1078 et
2326 1040 2459 1092 opes
2480 1041 2604 1079 suas
2627 1027 2929 1094 collegerit,
2961 1027 3040 1080 sic
3067 1027 3284 1080 demum
3317 1026 3445 1079 illud

1885 1128 2135 1186 occupet.
2189 1118 2285 1171 His
2331 1118 2651 1186 imperator,
2683 1121 2993 1188 jnramento
3029 1121 3331 1189 prmscrtim
3364 1138 3453 1173 ac-

1885 1210 2135 1271 cedente,
2178 1224 2490 1277 persuasus,
2516 1209 2962 1264 Thessalonicam
3002 1212 3219 1279 repetit.
3250 1211 3450 1264 Bessus

1885 1305 2063 1370 jurata
2123 1314 2448 1367 exsequens,
2480 1310 2535 1352 et
2559 1300 2892 1368 propinquos
2919 1315 2982 1353 ac
3012 1314 3205 1367 pecora
3258 1316 3451 1368 resque

1886 1393 2022 1447 alias
2046 1407 2075 1447 e
2098 1392 2356 1445 Triballis
2383 1406 2605 1459 cogens,
2631 1390 3080 1444 Thessalonicam
3118 1406 3222 1443 non
3258 1405 3450 1459 pauca,

1888 1505 1999 1543 sua:
2035 1490 2086 1540 in
2120 1487 2503 1555 imperatorem
2533 1483 2915 1553 propensionis
2966 1484 3217 1552 pactique
3248 1482 3450 1536 servati

1889 1581 2151 1635 iudicium
2182 1580 2368 1633 mittit.
2400 1578 2588 1633 Crales
2630 1586 2689 1629 ut
2718 1577 2933 1645 accepit
2962 1585 3171 1628 tantum
3203 1592 3232 1630 e
3255 1576 3451 1628 Roma-

1890 1673 1976 1726 nis
2012 1680 2176 1740 atque
2214 1670 2465 1724 barbaris
2505 1670 2794 1724 collectum
2836 1670 3137 1723 exercitum
3197 1682 3227 1721 e
3278 1667 3453 1721 conti-

1890 1772 2052 1818 nente
2088 1777 2393 1823 reversum,
2424 1772 2477 1814 et
2509 1762 2893 1829 imperatorem
2933 1760 3252 1814 triremibus
3287 1761 3416 1813 solis
3438 1800 3453 1820 ,

1891 1870 2015 1909 cum
2045 1853 2298 1909 barbaris
2326 1852 2604 1921 peditibus
2629 1866 2737 1903 non
2774 1853 2844 1904 ita
2879 1850 3066 1903 multis
3104 1849 3457 1903 Thessaloni-

1888 1962 2004 2002 cam
2040 1943 2346 2013 profectum
2369 1982 2383 2006 ,
2424 1943 2847 2010 Berrhmamque
2880 1942 3037 2011 781
3069 1950 3124 1995 et
3154 1939 3411 1993 Edessam
3440 1980 3455 1997 .

1888 2046 1943 2092 et
1970 2035 2077 2093 alia
2108 2034 2365 2103 oppidula
2393 2033 2675 2102 complura
2693 2034 2902 2100 cepisse
2932 2033 3065 2105 (l3),
3096 2044 3215 2085 sese
3251 2030 3458 2083 contir-

1892 2143 2067 2193 mans,
2099 2142 2224 2181 cum
2256 2124 2429 2193 c0piis
2474 2140 2581 2177 non
2617 2124 2851 2191 magnis,
2884 2122 3251 2192 imperatoriis
3282 2132 3459 2175 tamen

1891 2222 2055 2289 longe
2091 2216 2396 2287 majoribus
2420 2216 2862 2269 Thessalonicam
2891 2214 3199 2269 contendit.
3224 2214 3291 2266 Et
3332 2214 3461 2266 Bes-

1891 2326 1986 2366 sus
2010 2309 2231 2378 quidem
2265 2321 2389 2360 cum
2423 2306 2683 2358 militibus
2723 2305 2859 2365 suis,
2887 2317 3174 2371 pactorum
3226 2313 3282 2356 et
3306 2303 3431 2370 jura

1892 2398 2063 2455 menti
2100 2399 2329 2462 oblitus,
2362 2398 2547 2451 statim
2574 2395 2647 2448 illi
2677 2410 2735 2449 se
2774 2394 2972 2464 jungit.
3016 2393 3204 2449 Crales
3227 2394 3460 2447 Thessa-

1892 2492 2085 2547 lonica:
2120 2490 2591 2560 appropinquans,
2624 2488 2955 2556 legationem
2988 2486 3054 2541 ad
3075 2487 3459 2555 imperatorem

1893 2584 2079 2651 mittit,
2111 2585 2268 2652 eique
2295 2582 2563 2647 ingratum
2583 2580 2825 2633 animum
2850 2578 3167 2647 exprobrat,
3189 2577 3332 2646 quod
3367 2593 3461 2630 ac-

1893 2689 2178 2747 ceptorum
2221 2673 2611 2729 beneﬁciorum
2647 2674 2953 2733 immemor,
3008 2678 3261 2738 tempore
3308 2667 3463 2736 adju-

1892 2774 2057 2821 vante
2088 2764 2253 2819 urbes
2300 2778 2427 2817 suas
2471 2761 2821 2830 oppugnarit,
2856 2761 3159 2830 ejectisque
3198 2757 3467 2825 praesidiis

1895 2861 2219 2928 occuparit,
2267 2867 2323 2911 et
2372 2854 2727 2909 facultatibus
2773 2868 2883 2906 non
2920 2850 3151 2904 modicis
3196 2850 3463 2916 Spoliarit,

1898 2960 2061 3002 secus
2081 2958 2242 3014 quam
2282 2940 2559 2997 debuerit.
2592 2939 2857 2993 Debuisse
2877 2946 3056 2991 autem
3082 2937 3466 2990 recordantem

1898 3052 1996 3092 sua
2052 3036 2247 3089 merita
2296 3041 2704 3088 sacrosanctam
2766 3044 2986 3083 servare
3035 3028 3355 3083 amicitiam.
3401 3025 3468 3079 Et

1899 3128 2025 3200 quia
2059 3136 2251 3181 contra
2300 3124 2382 3177 fas
2404 3123 2610 3191 egerit,
2648 3136 2705 3175 se
2737 3121 2887 3174 illum
2917 3119 3339 3188 reprehendere,
3364 3132 3465 3185 pu-

208 3208 525 3277 πρεσϐείαν
562 3208 779 3276 ἔπεμπε
832 3209 970 3275 πρὸς
1024 3206 1268 3277 βασιλέα,
1304 3208 1396 3260 καὶ
1450 3207 1640 3276 πρῶτα
1700 3207 1867 3297 μὲνρ

1795 3228 1867 3297 ‘C
1901 3235 2127 3293 tareque
2175 3220 2570 3289 reprehensum
2605 3217 2668 3270 iri
2702 3216 2769 3271 ab
2803 3216 3082 3270 omnibus.
3110 3215 3307 3268 Verum
3338 3214 3464 3281 quia

207 3299 467 3363 ὠνείδιζε
491 3299 593 3370 τὴν
620 3302 698 3362 εἰς
724 3300 887 3353 αὑτὸν
918 3299 1333 3369 ἀγνωμοσύνην,
1368 3301 1453 3352 ὅτι
1479 3299 1799 3368 ἁμνημονήυ

210 3408 319 3452 σας
345 3386 423 3445 ὦν
452 3388 511 3445 εὖ
551 3391 641 3444 ὑπ’
666 3390 833 3444 αὐτοῦ
868 3392 1133 3460 πρότερον
1158 3390 1444 3453 πεπόνθει,
1474 3390 1672 3460 καιροῦ
1702 3406 1793 3442 τυ-

212 3483 336 3553 χὼν
384 3483 556 3535 αὑτοῦ
588 3485 705 3547 ταῖς
752 3483 976 3535 πόλεσιν
1021 3480 1494 3552 ἐπιστρατεύσειε,
1530 3482 1622 3535 καὶ
1673 3482 1798 3545 τοὺς

218 3574 611 3643 φρουροῦντας
669 3575 969 3644 κατασχοίη
1026 3574 1298 3639 ἐκϐαλὼν,
1349 3576 1441 3627 καὶ
1497 3574 1798 3643 χρημάτων

218 3666 659 3734 ἀποστερήσειεν
685 3666 785 3719 οὐκ
815 3666 1037 3734 ὀλίγων,
1059 3666 1095 3720 δι
1123 3668 1223 3719 οὐκ
1246 3665 1415 3736 ἐχρῆν
1444 3668 1639 3731 ποιεῖν,
1664 3663 1799 3718 ἀλλὰ

211 3758 333 3809 τῶν
360 3759 445 3819 εἱς
494 3757 658 3811 αὐτὸν
703 3761 1089 3827 γεγενημένων
1123 3756 1669 3827 ἀπομνημονεύοντα,
1700 3756 1800 3825 τὴν

218 3846 419 3913 φιλίαν
470 3846 759 3911 διασώζειν
815 3850 953 3918 πρὸς
997 3850 1179 3903 αὐτόν.
1221 3850 1377 3902 Ἐπεὶ
1422 3849 1477 3902 δὲ
1509 3848 1545 3903 ἀ
1580 3850 1654 3919 μὴ
1689 3847 1797 3900 ἔδει

213 3941 509 4007 εῖργαστο,
572 3943 901 4009 κατηγορεῖν
954 3942 1055 4009 μὲν
1104 3940 1288 4007 αὐτὸν,
1334 3940 1542 3993 οἴεσθαι
1597 3939 1653 3991 δὲ
1705 3939 1799 3991 καὶ

214 4030 405 4081 πάντα
448 4028 690 4082 ὁντινοῦν
716 4044 730 4059 ·
759 4030 1086 4083 ἀναλύεσθαι
1139 4030 1197 4083 δὲ
1230 4032 1400 4085 ὄντων
1428 4032 1536 4084 τῶν
1566 4046 1798 4098 γεγενη-

218 4118 432 4187 μένων,
471 4118 760 4188 βούλεσθαι
807 4121 1044 4190 μάλιστα
1074 4122 1258 4184 αὑτὸν,
1305 4123 1359 4173 εί
1400 4138 1466 4187 γε
1510 4122 1605 4174 καὶ
1649 4120 1799 4188 αὐτῷ

212 4209 439 4274 δοκοίη,
488 4210 739 4280 ἀλλήλοις
774 4212 1070 4275 συνελθεῖν,
1117 4215 1212 4265 καὶ
1258 4212 1635 4280 διαλεχθέντας
1672 4212 1802 4281 περὶ

211 4296 333 4350 τῶν
356 4296 634 4365 διαφορῶν
689 4297 993 4366 συμϐάσεις
1049 4298 1263 4365 θέσθαι,
1294 4300 1511 4353 καὶτὸν
1565 4299 1800 4367 πόλεμον

215 4383 591 4449 καταθέσθαι,
633 4384 1121 4453 ἀνανεωσαμένους
1160 4387 1257 4449 τὰς
1304 4387 1535 4448 σπονδὰς
1577 4388 1671 4441 καὶ
1701 4387 1800 4455 τὴν

213 4474 476 4543 εἰρήνην.
510 4474 747 4527 Τοιαῦτα
783 4476 882 4545 μὲν
923 4476 1258 4546 ἐπρέσϐευεν
1288 4479 1315 4529 ὁ
1348 4469 1595 4554 Κράληέ,
1646 4478 1800 4545 βασι-

1899 3316 2178 3387 prasterita
2218 3312 2420 3382 corrigi
2454 3318 2768 3379 nequeant,
2801 3308 2940 3361 velle
2972 3321 3053 3370 se,
3087 3305 3133 3359 si
3176 3305 3317 3359 idem
3365 3303 3466 3371 ipsi

1902 3408 2135 3478 placeat,
2194 3420 2316 3459 cum
2358 3418 2429 3458 eo
2458 3400 2741 3470 congredi,
2793 3397 3220 3468 disceptatisque
3248 3404 3471 3449 contro-

1900 3497 2100 3553 versiis
2126 3494 2331 3565 pacisci
2360 3534 2375 3558 ,
2411 3502 2466 3546 et
2509 3491 2653 3546 bello
2692 3490 2874 3544 valere
2905 3490 3078 3559 jusso,
3115 3484 3291 3540 ﬁedus
3319 3482 3471 3553 pacis

1902 3600 2197 3642 renovare.
2238 3582 2361 3637 Haac
2386 3583 2438 3635 in
2464 3580 2733 3651 legatione
2770 3578 2975 3641 Crales,
3006 3590 3127 3645 qua:
3152 3572 3468 3641 imperatori

1899 3676 2207 3747 gratissima
2236 3673 2488 3727 accidere
2526 3687 2539 3722 :
2577 3670 2944 3738 pradixusque
2971 3666 3257 3721 amborum
3280 3664 3473 3715 volun-

1900 3779 2011 3823 tate
2044 3767 2161 3820 dies
2188 3803 2202 3828 ,
2232 3779 2342 3833 quo
2373 3760 2755 3823 convenirent,
2787 3775 2853 3813 ac
2897 3756 3187 3813 dissidium
3227 3754 3335 3807 icto
3367 3752 3470 3807 [ως

1901 3856 2030 3911 dere
2063 3858 2485 3920 componerent.
2511 3847 2742 3914 Jamque
2780 3846 2899 3898 dies
2926 3842 3229 3912 praeﬁnitus
3261 3840 3326 3893 ad
3356 3840 3472 3893 col-

1900 3945 2146 4015 loquium
2182 3942 2392 4003 aderat,
2418 3954 2541 3993 cum
2575 3936 2737 3990 ambo
2774 3936 3135 4003 imperatores
3204 3940 3259 3985 et
3296 3930 3471 3985 comi-

1903 4046 1986 4090 tes
2016 4034 2208 4088 armati
2241 4038 2467 4085 eaeunt.
2500 4027 2690 4082 Crales
2743 4025 2999 4079 similiter
3034 4038 3159 4076 cum
3196 4019 3479 4090 stipatori-

1902 4128 2005 4181 bus
2035 4124 2150 4180 suis
2180 4130 2423 4176 armatus
2448 4120 2513 4172 ad
2544 4119 2737 4170 urbctn
2768 4113 3216 4169 Thessalonicam
3274 4120 3330 4165 et
3371 4109 3474 4162 im-

1902 4225 2191 4287 peratores
2248 4212 2480 4266 accedit.
2541 4207 2645 4262 Ubi
2702 4207 2843 4260 inter
2896 4219 2954 4258 se
3013 4203 3472 4264 consalutarunt,

1898 4309 2089 4365 Crales
2136 4306 2283 4375 prior
2316 4304 2415 4357 fari
2470 4300 2661 4368 incipit
2691 4318 2707 4351 :
2732 4298 2957 4366 Iniquus
2981 4310 3042 4349 es
3073 4296 3129 4349 in
3165 4310 3271 4356 me,
3306 4293 3476 4360 impe-

1900 4408 2072 4461 rator,
2106 4411 2229 4449 cum
2252 4394 2396 4447 bellu
2425 4410 2451 4442 ιι
2492 4390 2625 4443 mihi
2660 4388 2814 4441 facis.
2844 4387 2958 4455 Ego
2980 4400 3113 4438 vero
3134 4384 3211 4437 sic
3234 4382 3474 4435 arbitra-

1903 4492 2020 4550 bar,
2041 4504 2154 4541 rem
2180 4500 2299 4540 esse
2328 4482 2529 4536 nullam
2552 4521 2565 4545 ,
2613 4495 2733 4545 qua:
2752 4479 2992 4533 alienant
3032 4486 3087 4529 et
3122 4475 3391 4543 ingratum
3422 4484 3474 4527 te

215 4563 304 4619 λεῖ
337 4565 607 4632 τεοὲδόκιι
634 4566 905 4635 βέλτιστα,
936 4568 1033 4621 καὶ
1053 4569 1338 4622 συνέθεντο
1360 4571 1575 4640 ἡμέραν
1601 4569 1796 4639 ῥητὴν,
1829 4572 1872 4627 D

1829 4572 1872 4627 Ι)
1902 4580 2130 4635 reddere
2183 4586 2383 4646 posset.
2412 4574 2531 4629 Scis
2560 4570 2726 4634 enim,
2780 4578 2837 4621 ut
2877 4582 3035 4622 nemo
3095 4565 3311 4628 melius,
3340 4580 3476 4632 quo-

212 4659 283 4711 iv
393 4659 505 4711 ἔδει
546 4659 871 4729 γινομένους
899 4662 956 4712 ὲν
981 4661 1163 4728 ταυτῷ
1192 4661 1344 4713 λύειν
1386 4664 1484 4722 τὰς
1513 4662 1796 4731 διαφορὰς,

216 4750 466 4812 σπονδὰς
499 4749 781 4815 θεμένους.
822 4751 1157 4821 Ἐπιστάσης
1206 4768 1265 4804 τε
1301 4752 1401 4821 τῆς
1437 4752 1798 4821 προθεσμίας,

212 4843 275 4896 οῑ
307 4859 369 4895 τε
400 4841 646 4911 βασιλεῖς
678 4843 983 4913 ἀμφότεροι
1031 4844 1262 4914 ἐξῄεσαν
1307 4845 1664 4912 ὡπλισμένοι,
1707 4847 1801 4898 καὶ

214 4936 269 4987 ol
303 4934 578 4994 συνόντες.
612 4935 836 5004 Κράλης
875 4952 935 4988 τε
974 4937 1175 5004 ὁμοίως
1212 4940 1352 5005 μετὰ
1394 4938 1505 4990 τῶν
1539 4940 1669 5007 περὶ
1701 4940 1799 4990 αύ-

211 5026 315 5079 τδν
344 5024 685 5093 ὠπλισμένοι
708 5024 862 5086 ὀντες
892 5022 1024 5097 ἧκον
1045 5028 1213 5095 ἐγγὺς
1247 5028 1673 5098 Θεσσαλονίκης,
1704 5030 1801 5081 καὶ

216 5117 554 5186 συνεγένετο
585 5119 701 5180 τοῖς
766 5118 1046 5186 βασιλεῦσι
1069 5136 1084 5149 ο
1132 5122 1272 5189 μετὰ
1302 5121 1360 5173 δὲ
1387 5122 1486 5191 τὴν
1528 5123 1801 5190 προσαγό-

218 5224 416 5277 ρευσιν
485 5211 515 5261 ὀ
545 5208 768 5277 Κράλης
795 5210 1011 5279 πρῶτος
1046 5212 1251 5280 ἥπτετο
1275 5213 1411 5280 πρὸς
1439 5213 1666 5281 βασιλέα
1703 5213 1788 5266 λό-

213 5317 348 5369 γου,
363 5299 621 5366 Ἀδικεῖς,
638 5300 827 5363 εἰπὼν,
845 5296 891 5355 ὦ
911 5302 1151 5371 βασιλεῦ,
1181 5304 1418 5372 πολέμου
1444 5304 1647 5373 ἄρχων.
1666 5305 1804 5370 Ἐγὼ

213 5394 279 5447 δὲ
315 5392 481 5460 ᾡμην
507 5386 647 5444 εἶναι
677 5393 843 5461 μηδὲν
872 5396 979 5446 τῶν
1006 5396 1195 5459 ὄντων,
1220 5397 1246 5448 ὃ
1294 5412 1352 5448 σε
1389 5398 1524 5466 πρὸς
1555 5396 1653 5464 ἐμὲ
1683 5398 1800 5448 πεῖ-

218 5500 320 5536 σαι
356 5483 645 5551 δυνήσεται
703 5485 1059 5554 ἀγνωμονεῖν.
1114 5482 1291 5540 Οἶσθα
1336 5488 1444 5557 γὰρ
1494 5489 1657 5549 αὐτὸς
1695 5488 1804 5539 τῶν

1906 4672 2069 4726 modo
2098 4661 2371 4722 hostiliter
2398 4666 2465 4719 ab
2498 4664 2849 4733 homophylis
2883 4669 3250 4728 oppugnatus,
3282 4667 3337 4710 et
3366 4656 3477 4709 Ro-

1906 4776 2187 4815 manoram
2230 4759 2431 4812 ﬁnibus
2452 4766 2677 4810 exactus
2715 4751 3203 4824 (injuste'quidem,
3226 4750 3350 4817 quis
3378 4764 3475 4800 ne-

1905 4852 2032 4921 gat?
2066 4849 2158 4903 sed
2212 4856 2391 4899 tamen
2446 4844 2695 4910 exactus)
2750 4842 2814 4894 ad
2850 4855 2950 4895 nos
2990 4838 3304 4906 confugeris
3336 4853 3350 4888 :
3381 4836 3472 4903 qui

1905 4955 2083 5009 neque
2122 4936 2448 4991 beneﬁcium
2476 4934 2695 5002 aliquod
2726 4932 2820 4986 tibi
2855 4930 3219 4993 debebamus,
3248 4942 3350 4980 nec
3382 4933 3473 4977 tua

1906 5032 2105 5101 injuria
2134 5029 2472 5083 dolebamus.
2499 5026 2603 5081 Sed
2644 5027 2687 5078 si
2726 5040 2855 5077 vera
2910 5022 3140 5077 dicenda
3170 5029 3317 5085 sunt,
3351 5018 3469 5071 dis-

1908 5123 2122 5177 cordias
2183 5120 2238 5172 in
2304 5120 2425 5171 loco
2482 5117 2843 5172 beatitudinis
2874 5114 3312 5173 numerabamus,
3350 5124 3472 5162 cum

1911 5214 2038 5267 inde
2073 5226 2160 5264 res
2187 5220 2383 5264 nostra:
2408 5209 2548 5263 bene
2576 5209 2863 5263 haberent.
2890 5208 2986 5261 Αει
3017 5220 3138 5274 ego,
3169 5216 3475 5272 quanquam

1912 5306 2098 5358 hostes
2147 5301 2221 5355 tui
2256 5301 2449 5355 crebro
2484 5300 2785 5369 legationes
2834 5298 3136 5359 mitterent,
3188 5292 3474 5362 pecuniam

1908 5404 1963 5449 et
1993 5394 2181 5447 urbem
2210 5406 2319 5443 non
2356 5405 2517 5444 unam
2538 5389 2837 5451 oﬁ‘errent,
2884 5385 3209 5455 imperiique
3247 5379 3475 5434 ltuiuaui

1914 5498 2124 5557 partem
2164 5500 2269 5537 non
2300 5484 2579 5537 minimam
2622 5480 3107 5550 parvipeuderent,
3145 5476 3189 5530 si
3228 5489 3313 5527 me
3347 5473 3477 5525 ami-

1506 5630 1719 5690 Jacobi
1754 5631 2016 5691 Pontani
2054 5636 2240 5690 nota).

297 5769 598 5845 (i3)Al_’ost
631 5773 744 5845 haec
769 5774 930 5827 verba
969 5784 1051 5829 est
1084 5777 1135 5829 in
1173 5777 1359 5830 codice
1391 5777 1578 5832 (Στῖρι-ο
1606 5778 1795 5831 lacuna
1840 5792 1975 5845 pene
2012 5777 2173 5830 unius
2208 5788 2416 5829 versus.
2456 5771 2719 5827 Videntur
2777 5779 2953 5824 tamen
3028 5762 3188 5819 verba
3244 5776 3476 5829 sequen-

217 5840 299 5894 tia
330 5840 675 5914 ἀνεθάρσησέ
701 5859 782 5910 τε,
810 5855 917 5900 ctc.
952 5846 1227 5903 coha'rcrc
1253 5864 1375 5901 cum
1399 5848 1801 5915 superioribus.
