4226 6444
764 426 864 489 155

1926 430 2250 490 JOANNIS
2291 434 2820 494 l'.:\.\"i'.-\CUZE.\'I

3907 438 4012 504 156

761 556 884 593 cum
918 549 1079 607 atque
1109 538 1319 592 socimu
1358 540 1830 605 nanciscerentur,
1878 551 1928 595 et
1962 557 2124 595 unam
2162 544 2333 597 solam
2365 550 2415 604 Α

2382 550 2415 604 Α
2442 545 2612 598 ἄλλων
2649 548 2870 614 μᾶλλον,
2927 547 2999 608 ώς
3037 547 3363 617 πολεμηθεὶς
3400 550 3503 602 ὑπὸ
3550 550 3657 604 τῶν
3699 553 4013 621 ὁμοφύλων,

763 646 861 700 pro
903 630 988 685 his
1022 633 1281 685 omnibus
1334 632 1563 700 gratiam
1616 642 1870 703 peterent
1908 645 1963 687 ut
1999 645 2048 688 te
2088 636 2333 690 \inctum

764 715 868 766 illis
902 715 1267 777 Iransdcrem,
1334 724 1428 768 aut
1470 716 1585 784 ipse
1637 719 1999 771 constrictum
2055 731 2335 785 tenerem,

764 800 936 851 nihilo
965 802 1389 856 minusimmaui
1424 804 1690 873 pecunias.
1720 814 1775 859 et
1811 816 1890 859 tot
1924 808 2166 876 oppidis,
2200 818 2338 861 tam-

763 907 869 958 que
904 894 1120 960 amplae.
1162 902 1216 947 et
1254 896 1414 947 cultae
1449 895 1654 969 regioni
1690 898 2155 952 necessitudinem
2193 910 2338 953 tuam

766 980 1051 1047 auteposui
1090 998 1100 1033 :
1142 997 1243 1035 nec
1282 991 1489 1035 tantum
1541 984 1686 1052 quod
1734 983 1995 1038 facillime
2046 997 2291 1054 poteram
2325 1028 2339 1050 ,

766 1070 1017 1124 hostibus
1069 1087 1175 1125 non
1230 1072 1445 1141 prodidi
1505 1073 1672 1141 (haud
1727 1077 1872 1128 enim
1938 1075 2035 1129 tibi
2085 1077 2343 1129 mensoria

766 1161 970 1213 excidit
1004 1162 1091 1215 ille
1129 1172 1303 1216 status
1340 1166 1512 1231 tuus),
1551 1165 1711 1233 782
1748 1165 1842 1219 sed
1871 1166 2055 1228 etiam,
2092 1168 2237 1236 quod
2290 1168 2343 1221 in

769 1268 853 1304 mc
885 1250 1025 1316 fuit,
1086 1254 1208 1318 bis,
1268 1266 1457 1325 terque
1496 1257 1700 1310 auxilia
1756 1272 1874 1311 mea
1938 1258 2033 1311 tibi
2097 1259 2340 1329 adjuuxi.

770 1345 1011 1407 Quorum
1048 1347 1293 1400 omnium
1321 1347 1701 1401 existimabam
1735 1357 1785 1401 te
1838 1356 2103 1417 perpetuo
2141 1365 2347 1403 memo-

771 1451 910 1500 rem,
958 1452 1236 1505 nunquam
1267 1453 1332 1492 eo
1361 1453 1773 1508 progressurum
1799 1480 1811 1502 ,
1851 1451 1909 1494 ut
1956 1444 2208 1509 quamvis
2235 1460 2331 1512 po-

775 1534 916 1588 tens,
949 1524 1113 1577 urbes
1147 1540 1296 1579 meas
1326 1525 1614 1594 alliigeres.
1649 1526 1727 1578 Tu
1755 1537 1963 1590 autem,
1995 1531 2138 1597 quod
2176 1546 2345 1600 appa-

774 1626 877 1678 ret,
927 1631 1119 1669 eorum
1142 1619 1387 1670 omnium
1424 1618 1598 1687 posita
1632 1621 1895 1673 memoria
1922 1661 1935 1684 ,
1982 1637 2126 1675 nunc
2152 1623 2349 1677 barba-

777 1718 865 1755 ros
893 1704 943 1756 in
980 1720 1088 1770 me,
1132 1715 1189 1759 ut
1223 1706 1275 1759 in
1306 1706 1516 1759 hostem
1552 1706 2033 1775 injuriosissimum
2077 1710 2254 1766 ducis.
2283 1711 2349 1767 Et

782 1795 1002 1847 urbium
1041 1795 1261 1863 quidem
1310 1794 1446 1850 alias
1496 1796 1662 1849 armis
1720 1796 1952 1864 cepisti,
1984 1797 2114 1853 alias
2142 1798 2267 1852 dolo
2296 1810 2349 1854 et

776 1882 1013 1945 insidiis,
1048 1883 1360 1950 aliquantas
1386 1882 1552 1937 etiam
1598 1890 1747 1935 metu
1785 1882 2076 1951 subegisti.
2110 1883 2346 1938 Militum
2384 1880 2422 1935 Β

780 1991 915 2029 vero
941 1976 1447 2045 praesidiariorum,
1476 1976 1570 2045 qui
1602 1976 1655 2028 in
1684 1991 1901 2044 quaque
1942 1978 2143 2045 reperti
2185 1988 2348 2043 sunt,

778 2074 945 2130 atque
983 2062 1249 2117 nobilium
1285 2061 1602 2124 multorum,
1631 2063 1828 2129 partim
1864 2078 2041 2132 pugna
2079 2064 2349 2131 occidisti,

777 2151 975 2219 partim
1024 2151 1078 2204 in
1112 2152 1435 2205 servitutem
1497 2150 1795 2218 redegiSti,
1832 2162 1887 2205 et
1932 2149 2240 2207 libertatem
2272 2156 2351 2209 eis

780 2252 1101 2305 corporum,
1136 2236 1357 2305 quando
1402 2235 1499 2290 tibi
1532 2237 1713 2301 libuit,
1749 2236 2070 2306 praebuisti,
2106 2254 2211 2293 non
2242 2255 2353 2293 ma-

780 2328 859 2393 gis
886 2326 1308 2380 manumissione
1331 2340 1423 2379 eos
1440 2327 1766 2391 exhilarans,
1802 2344 1963 2397 quam
2000 2329 2128 2383 dum
2166 2344 2353 2384 servos

783 2419 1012 2479 laceres,
1043 2417 1467 2471 contristaveras
1504 2435 1517 2471 :
1553 2418 1697 2486 quod
1721 2435 1827 2473 non
1861 2421 1931 2473 ita
1964 2421 2348 2489 ipsisjucunila

781 2513 926 2559 esset
966 2516 1087 2574 post
1118 2508 1436 2561 servitutem
1468 2508 1717 2573 libertas,
1759 2526 1919 2579 quam
1963 2512 2137 2565 tristis
2175 2514 2354 2566 fuerat

784 2595 1022 2649 liln-rtati
1074 2597 1324 2666 imposita
1370 2599 1626 2654 servitus.
1664 2601 1952 2655 Pecuniam
1982 2619 2198 2672 quoque
2229 2604 2350 2656 inli-

783 2688 953 2740 nitam
1039 2696 1093 2741 et
1152 2704 1349 2757 pecora
1409 2691 1827 2745 innumerabilia
1878 2694 2167 2748 abstulisti.
2225 2694 2354 2759 Quae

784 2778 965 2830 omnia
1006 2793 1090 2832 me
1145 2781 1483 2844 excruciant,
1530 2782 1848 2852 faciuntque
1900 2794 1956 2836 ut
2002 2785 2354 2839 vehementer

785 2867 1059 2935 ingratum
1092 2879 1142 2922 te
1170 2879 1224 2922 et
1262 2869 1504 2939 iniquum
1527 2871 1789 2940 judicent.
1824 2871 2019 2927 Verum
2052 2876 2351 2942 enimvero,

787 2960 998 3012 tametsi
1056 2960 1151 3012 abs
1196 2969 1245 3013 te
1284 2961 1443 3015 laesus
1481 2961 1678 3024 tOties,
1730 2977 1837 3015 non
1872 2965 2040 3018 hostis
2090 2964 2226 3027 tibi,
2261 2966 2352 3019 sed

784 3051 995 3104 amicus
1022 3060 1077 3104 et
1097 3052 1279 3105 socius
1301 3068 1420 3106 esse
1445 3053 1587 3117 volo,
1627 3053 1854 3121 perinde
1902 3066 1960 3107 ut
1997 3055 2231 3110 antehac
2260 3073 2274 3109 :
2302 3068 2356 3110 et

786 3142 998 3204 hortor,
1051 3152 1109 3195 ut
1155 3142 1384 3211 abjectis
1428 3143 1547 3196 istis
1588 3143 2012 3211 cogitationibus
2056 3145 2356 3199 humilibus

789 3234 1026 3301 priorem
1065 3234 1357 3287 amicitiam
1409 3242 1462 3286 ct
1512 3233 1688 3288 foedus
1745 3250 1955 3288 mecum
2012 3250 2260 3297 renoves,
2298 3245 2352 3290 et

791 3334 1020 3391 uterque
1046 3339 1167 3392 qua:
1198 3324 1381 3390 habet,
1415 3323 1667 3379 retineat.
1697 3323 1849 3389 Quod
1877 3326 1917 3378 si
1950 3340 2089 3394 aegre
2122 3326 2218 3380 tibi
2249 3336 2349 3391 est,

793 3428 877 3467 me
910 3429 997 3482 qui
1022 3428 1129 3484 que
1156 3416 1464 3483 portionem
1500 3416 1734 3485 aliquam
1762 3417 1827 3469 de
1850 3416 2094 3469 Romano
2126 3416 2353 3485 imperio

789 3505 1025 3557 ablatam
1064 3506 1365 3573 possidere,
1391 3516 1449 3560 at
1489 3506 1619 3559 illud
1658 3506 1864 3574 cogites
1886 3506 2066 3569 velim,
2096 3517 2146 3561 te
2184 3507 2354 3561 multo

790 3596 1107 3664 ampliorem
1153 3597 1377 3661 habere,
1427 3597 1723 3651 detractam
1764 3613 1831 3651 ex
1880 3612 1942 3649 ea
1977 3612 2096 3666 qua:
2129 3599 2354 3654 alterius

790 3696 913 3739 erat
952 3688 1173 3756 propria
1211 3705 1226 3742 :
1261 3688 1462 3757 quibus
1501 3695 1794 3755 utrumque
1841 3696 2157 3740 contentum
2199 3703 2350 3751 esse,

791 3788 840 3832 et
872 3778 1012 3833 facto
1046 3778 1253 3833 fcedere
1274 3794 1461 3848 pacem
1497 3780 1703 3849 agitare
1737 3793 1834 3847 par
1849 3786 1949 3833 est.
1979 3777 2071 3832 Sin
2100 3779 2199 3833 ista
2225 3794 2356 3833 con-

793 3868 928 3922 d.tio
966 3878 1016 3923 te
1061 3884 1168 3923 non
1199 3871 1467 3933 delectat,
1523 3870 1648 3923 vide
1677 3884 1768 3933 ne,
1815 3878 2175 3938 praeterquam
2208 3871 2352 3937 quod

791 3960 927 4013 nihil
950 3959 1189 4029 proficis,
1216 3962 1381 4015 etiam
1408 3960 1752 4029 inexplebilis
1778 3960 2018 4013 avaritia:
2068 3968 2121 4012 et
2160 3959 2355 4029 ingrati

793 4052 960 4106 animi
990 4067 1116 4122 erga
1172 4054 1376 4106 amicos
1416 4067 1477 4105 ac
1512 4052 1647 4105 bene
1680 4052 1905 4104 meritos
1943 4050 2146 4103 crimen
2175 4050 2359 4104 incur-

796 4160 900 4196 ras.
922 4143 1043 4198 Hzrc
1061 4145 1248 4198 Crales
1263 4144 1329 4197 ad
1360 4144 1747 4212 imperatorem
1767 4143 1953 4196 multis
1979 4142 2355 4211 praesentibus.

795 4233 1100 4302 Imperator
1124 4233 1443 4302 aliquandiu
1470 4233 1658 4291 silens.
1697 4233 1752 4284 in
1788 4232 1900 4285 hme
1933 4230 2096 4284 verba
2129 4244 2358 4297 respon-

794 4341 912 4380 sinn
946 4326 1180 4379 reddidit
1215 4342 1227 4379 :
1256 4324 1402 4378 Nihil
1426 4340 1579 4393 atque
1612 4323 1895 4376 hominum
1934 4322 2055 4375 vitae
2083 4321 2193 4390 jam
2231 4318 2357 4373 inde

794 4420 862 4471 ab
894 4419 1051 4471 initio
1075 4418 1271 4472 obesse
1291 4418 1506 4485 Opinor,
1539 4430 1718 4485 neque
1742 4414 1887 4467 aliud
1912 4429 2103 4483 magna
2130 4410 2354 4465 dissidia

794 4520 849 4562 rt
887 4510 1025 4562 bella
1050 4511 1235 4579 gravia
1268 4509 1540 4577 peperisse
1566 4549 1579 4573 ,
1611 4523 1773 4577 quam
1805 4505 1950 4575 quod
1982 4504 2356 4571 unusquisque

793 4602 898 4653 sibi
943 4609 999 4654 et
1027 4600 1145 4653 aliis
1168 4600 1308 4653 haud
1340 4601 1519 4669 justus
1535 4609 1616 4653 est
1642 4599 1870 4659 arbiter,
1900 4596 1992 4650 sed
2015 4594 2116 4649 sibi
2142 4594 2361 4663 quidem

791 4692 875 4744 vel
925 4691 1237 4759 turpissima
1266 4691 1585 4758 frequenter
1623 4688 1875 4758 ignoscit,
1920 4686 1988 4740 ab
2024 4684 2148 4738 aliis
2178 4693 2359 4738 autem

795 4781 958 4833 etiam
988 4796 1086 4849 pro
1128 4781 1509 4834 minutissimis
1540 4780 1753 4833 delictis
1784 4791 1972 4847 poenas
2004 4776 2178 4844 poscit
2206 4789 2363 4828 acer-

797 4874 1069 4927 bissimas.
1121 4874 1299 4942 Atque
1344 4873 1446 4927 hoc
1491 4883 1613 4938 est,
1659 4870 1804 4940 quod
1850 4869 2014 4921 vitam
2068 4867 2361 4919 humanam

797 4972 1083 5031 tantopere
1132 4963 1479 5031 perturbavit
1505 4973 1669 5031 atque
1700 4957 2042 5031 permiscuit,
2073 4971 2174 5009 nec
2206 4954 2361 5008 urbi-

798 5054 904 5106 bus
939 5062 1147 5106 tantum
1230 5069 1292 5107 ac
1331 5054 1586 5108 domibus
1623 5052 1860 5122 ingentia
1908 5048 2250 5103 incommoda
2284 5048 2364 5099 in-

799 5143 945 5205 tulit,
974 5144 1070 5196 sed
1111 5153 1168 5197 et
1209 5154 1318 5198 tota
1364 5145 1594 5214 imperia
1646 5140 2052 5213 pessumdedit,
2105 5153 2226 5191 cum
2272 5147 2364 5190 aut

798 5235 1019 5301 quidam
1060 5235 1402 5289 insaturabili
1457 5236 1760 5303 cupiditate
1804 5234 1944 5287 bello
1992 5247 2086 5301 per
2116 5230 2269 5283 nefas
2299 5229 2364 5280 il-

796 5326 907 5378 lato
961 5325 1097 5379 alios
1163 5336 1437 5389 evertunt,
1502 5336 1596 5380 aut
1648 5327 1714 5379 ab
1764 5325 1886 5378 aliis
1937 5322 2133 5391 quibus
2193 5318 2361 5387 iniqui

799 5415 1037 5481 fuerant,
1067 5417 1214 5486 juste
1243 5433 1305 5471 ac
1339 5418 1566 5471 honeste
1602 5433 1659 5470 se
1703 5413 2365 5471 ulciscentibasevertun-

803 5514 914 5565 tur,
946 5506 1089 5573 quod
1118 5514 1173 5559 et
1211 5506 1307 5559 tibi
1344 5509 1503 5560 modo
1533 5506 1826 5576 contigisse
1854 5504 2111 5558 arbitror.
2137 5499 2190 5552 Si
2216 5499 2361 5551 enim

801 5610 1016 5663 aequum
1080 5606 1135 5650 et
1195 5598 1397 5650 bonum
1430 5598 1591 5667 733
1635 5608 1684 5651 te
1736 5599 1787 5650 in
1845 5602 2033 5647 nostra
2080 5590 2363 5643 amborum

802 5700 969 5739 eausa
1000 5687 1237 5755 judicent
1289 5690 1656 5757 prtESllllSSBS,
1695 5705 1801 5742 non
1837 5696 1893 5739 tu
1929 5693 2116 5739 contra
2172 5680 2348 5735 fcedus

808 5786 861 5830 et
908 5776 1218 5845 juratncnta
1266 5789 1345 5833 tot
1393 5781 1607 5849 Oppidis
1656 5781 2023 5833 Romanorum
2063 5776 2351 5845 incubans,

807 5863 941 5919 nihil
971 5873 1021 5920 tc
1060 5881 1260 5920 novum
1298 5868 1584 5924 admittere
1618 5868 1923 5924 censuisscs
1963 5903 1974 5927 ι
2016 5880 2113 5919 “CC
2138 5882 2240 5934 ηιο,
2270 5869 2363 5935 (Illi

2444 640 2535 689 καὶ
2584 638 2684 705 τῆς
2722 638 3008 706 Ῥωμαίων
3046 640 3145 707 γῆς
3199 640 3489 704 ἀπελαθεὶς
3538 643 3762 710 (ἀδίκως
3794 645 3917 711 μὲν,
3952 646 4016 697 οὐ

2442 729 2548 794 γὰρ
2579 728 2643 780 ἂν
2663 730 2953 799 ἀρνηθείην
2976 730 3083 782 οὐδ’
3110 732 3295 797 αὐτὸς,
3321 734 3467 802 ὅμως
3496 735 3540 786 δ’
3560 733 3653 789 οὖν
3674 737 4013 805 ἀπελαθεὶς),

2442 815 2573 888 ἧκες
2605 821 2733 889 παρ’
2764 822 2928 889 ἡμεῖς,
2966 821 3077 872 οὔτ’
3105 823 3338 890 ἀμοιϐὰς
3368 842 3449 877 σοι
3482 829 3765 896 προτέρων
3793 828 4015 897 εὐεργε-

2445 912 2576 963 σιῶν
2606 911 2939 978 ὀφείλοντας,
2967 910 3077 964 οὔτ’
3116 916 3559 980 ἀγανακτοῦντας
3603 920 3740 991 ὑπὲρ
3772 920 3862 971 σοῦ
3900 920 4017 972 ἀει-

2445 1007 2731 1074 κουμένου,
2781 1007 2895 1061 ἀλλ’
2927 1009 2974 1060 εί
2995 1009 3074 1062 δεῖ
3101 1009 3339 1077 τάληθὲς
3372 1014 3565 1070 εἰπεῖν,
3603 1015 3694 1064 καὶ
3728 1016 3827 1082 τὴν
3859 1014 4016 1080 ὑμῶν

2447 1100 2583 1166 πρὸς
2607 1099 3166 1170 ἀλλήλονςιδιαφοραν
3201 1105 3257 1155 ἐν
3301 1102 3556 1171 εὐτυχίας
3596 1106 3752 1171 μέρει
3798 1104 4013 1168 λογιζο-

2449 1189 2641 1256 μένους
2667 1190 2741 1257 τῷ
2764 1191 2833 1242 τὰ
2870 1193 2973 1242 eam
3011 1192 3070 1244 εὖ
3100 1193 3362 1247 τίθεσθαι.
3442 1195 3581 1259 Ἐγὼ
3611 1196 3664 1246 δὲ
3696 1197 3875 1246 καίτοι
3908 1196 4016 1246 τών

2450 1283 2530 1332 σοι
2582 1282 2963 1349 πολεμούντων
3006 1285 3203 1347 πολλὰς
3252 1286 3546 1355 πρεσϐείας
3604 1287 4012 1354 πεποιημένων,

2448 1373 2541 1423 καὶ
2568 1376 2821 1441 χρῆματα
2866 1376 3278 1444 παρεχομένων,
3311 1380 3402 1429 καὶ
3436 1379 3620 1440 πόλεις
3665 1377 3888 1443 πολλὰς,
3924 1379 4017 1429 καὶ

2448 1466 2545 1531 τῆς
2615 1466 2898 1535 Ῥωμαίων
2959 1468 3254 1536 ἡγεμονίας
3314 1472 3623 1539 ἀπόμοιραν
3675 1470 4017 1536 προϊεμένων

2449 1560 2547 1610 οὐκ
2592 1559 2796 1626 ὀλίγην,
2857 1559 2949 1610 καὶ
3022 1560 3173 1627 φίλον
3219 1562 3382 1630 ἔχειν,
3431 1562 3523 1613 καὶ
3571 1561 3857 1629 σύμμαχον
3913 1563 4021 1613 ὑπ-

2453 1652 2834 1718 ισχνουμένων,
2859 1654 2949 1703 καὶ
2990 1653 3119 1720 μίαν
3152 1652 3353 1704 τούτων
3383 1654 3638 1705 ἀπάντων
3668 1654 3826 1721 χάριν
3853 1652 4019 1704 ἀπαι-

2449 1743 2688 1794 τούντων
2717 1744 2776 1795 τὸ
2815 1745 2871 1795 σὲ
2916 1744 3201 1813 δεσμώτην
3244 1748 3568 1814 παρασχεῖν,
3603 1746 3634 1814 ἢ
3673 1744 3832 1796 αὑτὸν
3859 1745 4017 1795 κατέ‹

2457 1853 2572 1905 χειν
2609 1835 2960 1897 συλλαϐόντα,
3011 1838 3109 1890 οὐκ
3170 1838 3411 1907 ἠθέλησα
3476 1839 3677 1899 αὐτός’
3722 1836 3859 1889 ἀλλὰ
3926 1834 4021 1887 καὶ

2455 1930 2754 1997 χρημάτων
2783 1928 3012 1991 πολλῶν,
3040 1929 3133 1980 καὶ⁵
3164 1929 3372 1982 πόλεων
3399 1928 3688 1988 τοσούτων,
3716 1927 3811 1979 καὶ
3836 1926 4018 1994 χώρας

2455 2020 2653 2088 πολλῆς
2720 2021 2812 2071 καὶ
2848 2019 3079 2087 ἀγαθῆς,
3130 2018 3225 2089 τὴν
3278 2020 3375 2089 σὴν
3418 2020 3612 2087 φιλίαν
3663 2017 4021 2087 προειλόμην,

2454 2113 2548 2164 καὶ
2579 2111 2636 2163 οὐ
2683 2112 2841 2179 μόνον
2878 2112 2937 2164 οὐ
2970 2112 3283 2181 προδέδωκα
3322 2114 3430 2164 τοῖς
3462 2110 3769 2177 πολεμίοις,
3842 2109 4019 2160 καίτοι

2456 2203 2626 2273 ῥᾷστά
2658 2220 2718 2269 γε
2769 2203 3084 2272 δυναμενος’
3125 2204 3182 2254 οὐ
3219 2204 3323 2273 γὰρ
3357 2202 3464 2255 οὐδ’
3515 2203 3676 2263 αὐτὸς
3709 2202 3925 2268 ἀγνοεῖς
3964 2200 4021 2252 ἐν

2453 2291 2595 2351 ὅτοις
2626 2286 2767 2360 ἦσθα
2790 2292 2911 2343 τότε
2938 2309 2949 2321 ·
2989 2292 3123 2344 ἀλλά
3157 2292 3251 2344 καὶ
3276 2294 3333 2344 τό
3374 2308 3438 2358 γε
3485 2294 3564 2355 είς
3595 2292 3693 2360 ἐμὲ
3732 2288 3894 2362 ἧκον,
3926 2290 4021 2343 καὶ

2451 2382 2552 2444 δὶς,
2583 2385 2674 2435 καὶ
2706 2385 2824 2452 τρὶς
2874 2385 2964 2435 ἐπὶ
3012 2385 3303 2455 συμμαχία
3340 2385 3697 2454 παρεσχόμην
3733 2383 4019 2452 στρατιάν.

2451 2471 2552 2526 Ὧν
2604 2476 2850 2543 ἐνόμιζον
2880 2478 3134 2530 ἁπάντων
3169 2477 3517 2545 μεμνημένον
3580 2477 3841 2528 οὐδέποτε
3896 2475 4023 2542 βου-

2454 2567 2739 2639 λήσεσθαι,
2774 2569 2875 2622 κᾶν
2923 2570 3225 2639 δυνήσηται
3260 2570 3493 2638 μεγάλα,
3541 2570 3638 2630 τὰς
3674 2568 3767 2621 ὑπ’
3810 2569 3909 2636 ἐμὲ
3937 2584 4025 2618 τε·

2454 2659 2650 2720 λούσας
2676 2660 2850 2722 πόλεις
2880 2662 3220 2727 κακουργεῖν.
3258 2661 3328 2712 Σὺ
3360 2660 3423 2717 δ’,
3447 2660 3517 2722 ὡς
3565 2660 3761 2719 ἔοικεν,
3798 2659 4022 2709 ἐκείνων

2455 2752 2708 2805 ἁπάντων
2734 2751 3177 2819 ἐπιλελησμένος,
3206 2752 3361 2820 ἥκεις
3387 2751 3480 2802 νῦν
3507 2750 3818 2819 βαρϐάρους
3852 2750 4022 2815 ἄγων,

2455 2845 2529 2905 ώς
2583 2844 2674 2894 ἐπὶ
2731 2841 2990 2908 πολέμιον
3022 2841 3117 2894 καὶ
3175 2842 3241 2893 τὰ
3280 2843 3512 2908 μέγιστα
3544 2841 3865 2910 ἠδικηκότα.
3918 2841 4026 2890 Καὶ

2456 2936 2660 2997 πόλεις,
2685 2934 2780 2998 τὰς
2818 2935 2915 3003 μὲν
2968 2937 3078 2995 τοῖς
3103 2933 3289 2998 ὅπλοις
3321 2930 3485 2999 εἷλες,
3520 2934 3709 3002 ἐτέρας
3736 2934 3789 2986 δὲ
3821 2935 4021 3003 κλοπῇ,

2455 3027 2554 3078 οὐκ
2590 3026 2778 3093 ὀλίγας
2814 3026 2867 3079 δὲ
2900 3030 2995 3081 καὶ
3036 3027 3137 3080 ὑπὸ
3170 3027 3322 3089 δέους
3377 3026 3875 3096 προσχωρησάσας.
3917 3026 4025 3077 Καὶ

2457 3120 2583 3181 τοὺς
2634 3118 2980 3180 ἐνοικοῦντας
3038 3118 3398 3185 στρατιώτας,
3432 3119 3524 3171 καὶ
3577 3117 3686 3169 τῶν
3740 3118 4027 3184 ἐπιφανῶν

2382 3218 2422 3273 C
2460 3211 2709 3271 πολλοὺς.
2742 3211 2867 3271 τοὺς
2934 3210 3028 3277 μὲν
3093 3211 3425 3272 ἀπέκτεινας
3464 3209 3608 3261 κατὰ
3670 3209 3771 3271 τὰς
3823 3210 4023 3277 μάχας,

2458 3303 2583 3363 τοὺς
2632 3301 2683 3352 δὲ
2719 3301 2910 3362 ἄλλους
2948 3300 3368 3370 ἀνδραποδίσας,
3411 3303 3469 3353 ἐν
3511 3300 3831 3368 εὑεργεσῖας
3870 3301 4025 3369 μέρει

2453 3397 2554 3463 τὴν
2590 3392 2906 3462 ἐλευθερίαν
2930 3395 3036 3446 τῶν
3072 3393 3359 3461 σωμάτων,
3393 3394 3480 3446 ὅτε
3518 3410 3601 3445 σοι
3635 3392 3845 3461 βέλτιον
3874 3392 4025 3459 ἐφαί-

2455 3503 2601 3549 νετο,
2638 3486 2924 3555 παρείχου,
2956 3486 3016 3538 οὐ
3053 3486 3254 3554 μᾶλλον
3274 3485 3495 3553 ἣδεσθαι
3528 3485 3695 3537 ποιῶν
3725 3486 4023 3553 τυγχάνον-

2455 3594 2554 3639 τας
2579 3577 2912 3645 ἐλευθερίας,
2944 3577 2977 3647 ἢ
3014 3576 3136 3629 ὅσον
3167 3574 3749 3646 ἐξανδραποδιζόμενος
3779 3575 4022 3635 ὲλύπεις.

2460 3666 2776 3736 Χρημάτων
2806 3684 2865 3719 τε
2920 3668 3303 3736 ἀπεστέρησας
3343 3668 3438 3719 καὶ
3486 3666 3871 3736 βοσκημάτων,
3908 3666 4025 3718 οὐδὲ

2461 3761 2804 3829 ἀριθμητῶν.
2841 3762 2907 3813 Ἀ
2957 3760 3135 3814 πάντα
3183 3759 3443 3829 ἄχθεσθαι
3485 3760 3649 3821 ποιεῖ,
3682 3759 3776 3811 καὶ
3824 3758 4027 3826 πολλήν

2464 3868 2556 3903 σου
2594 3852 2918 3920 κατηγορεῖν
2942 3849 3335 3921 ἀγνωμοσύνην
3378 3850 3581 3919 ι”Ομως
3612 3850 3819 3919 μέντοι,
3849 3849 4030 3902 καίτοι

2459 3941 2697 3995 τοσαῦτα
2758 3942 2860 3993 ὑπὸ
2912 3940 3004 3993 σοῦ
3061 3941 3419 4010 ἠδικημένος,
3476 3940 3536 3992 οὐ
3575 3939 3856 4008 πολέμιος,
3897 3937 4031 3991 ἀλλά

2459 4032 2610 4101 φίλος
2641 4032 2733 4085 καὶ
2758 4032 3066 4099 σύμμαχος,
3101 4031 3288 4099 ὥσπερ
3322 4032 3416 4083 καὶ
3452 4032 3724 4099 πρότερον
3759 4029 4031 4098 αἱροῦμαι

2459 4122 2598 4178 εἶναι
2642 4124 2752 4188 σός.
2801 4124 2911 4177 Καὶ
2941 4125 3119 4175 πᾶσαν
3162 4122 3500 4192 ἀποθέμενον
3539 4120 3791 4189 παραινῶ
3834 4138 4031 4190 μικρο-

2458 4215 2677 4285 ψυχίαν,
2711 4214 2809 4284 τὴν
2842 4212 3109 4283 προτέραν
3140 4213 3323 4279 φιλίαν
3380 4211 3474 4263 καὶ
3502 4212 3598 4272 τὰς
3626 4208 3865 4269 σπονδὰς
3898 4210 4032 4261 ἀνα-

2460 4305 2733 4368 νεοῦσθαι,
2765 4304 2987 4373 ἔχοντας
3010 4303 3043 4356 ἃ
3072 4303 3266 4371 ἔχομεν
3294 4301 3572 4372 ἑκάτερον.
3608 4300 3668 4353 El
3698 4299 3753 4352 δέ
3777 4317 3833 4350 σε
3870 4300 4035 4351 λυπεῖ

2461 4398 2521 4451 τὸ
2542 4397 2635 4450 καὶ
2658 4395 2821 4449 αὑτὸν
2848 4395 2910 4446 ὲκ
2931 4393 3327 4463 τῆςῬωμαίων
3352 4392 3650 4460 ἡγεμονίας
3683 4390 3883 4458 μοῖράν
3908 4407 4032 4443 τινα

2466 4487 2854 4559 παρῃρημένον
2881 4486 3047 4554 ἔχειν,
3079 4485 3195 4537 ἀλλ’
3229 4486 3406 4537 ἐκεῖνο
3432 4484 3633 4535 ἐννοεῖν
3667 4481 3794 4550 χρὴ,
3824 4482 3900 4541 ὠς
3935 4483 4032 4533 αὑ-

2468 4582 2559 4641 τὸς
2590 4579 2735 4649 ἔχεις
2766 4576 3165 4630 πολλαπλάσιον
3201 4576 3377 4627 λαϐὼν
3412 4577 3477 4626 ὲκ
3518 4574 3619 4642 τῆς
3651 4573 3821 4641 αὐτῆς
3856 4574 4035 4642 ἑτέρῳ

2470 4671 2849 4741 προσηκούσης
2870 4686 2882 4699 ·
2911 4664 2992 4731 οἷς
3036 4668 3315 4737 προσῆκον
3347 4667 3568 4735 ἀγαπᾷν
3614 4667 3902 4734 ἑκάτερον,
3940 4666 4034 4717 καὶ

2467 4764 2699 4826 σπονδὰς
2733 4762 3015 4829 θεμένους,
3052 4764 3277 4831 εἰρήνην
3313 4761 3486 4826 ἄγειν.
3544 4760 3601 4810 Εί
3647 4759 3704 4809 δὲ
3740 4758 3814 4827 μὴ
3854 4758 4034 4810 ταῦτα

2465 4860 2593 4926 φίλα
2632 4874 2711 4908 σοι
2745 4856 2910 4918 δοκεῖ,
2942 4855 3043 4924 ὅρα
3071 4854 3143 4922 μή
3186 4869 3270 4903 σοι
3308 4851 3442 4920 πρὸς
3473 4849 3549 4919 τῷ
3580 4849 3745 4918 μηδὲν
3771 4849 3941 4901 πλέον
3972 4851 4034 4919 η-

2465 4947 2705 5011 νυκέναι,
2739 4946 2830 4998 καὶ
2856 4943 3163 5013 ἀπληστίας
3219 4943 3313 4996 καὶ
3362 4942 3688 5012 ἀχαριστίας
3727 4943 3861 5011 πρὸς
3906 4945 4035 5005 τοὺς

2464 5039 2647 5107 φίλους
2707 5036 2955 5097 καὶτοὺς
3003 5028 3060 5087 εὖ
3118 5032 3488 5099 πεποιηκότας
3537 5030 3791 5098 ἔγκλημα
3829 5034 4035 5099 προσέο

2470 5147 2610 5182 σται.
2643 5126 2877 5181 Τοιαῦτα
2912 5128 3007 5195 μὲν
3036 5127 3061 5177 ό
3093 5125 3315 5193 Κράλης
3339 5122 3606 5192 διειλέχθη
3638 5123 3775 5191 πρὸς
3801 5121 4032 5189 βασιλέα

2466 5221 2674 5273 πολλῶν
2702 5218 3004 5288 παρόντων.
3040 5214 3304 5277 Βασιλεὺς
3331 5215 3388 5267 δὲ
3420 5213 3660 5283 ἐπισχὼν
3687 5213 3906 5282 μικρὸν,
3930 5229 4035 5263 τοι·

2466 5315 2635 5382 αὐτην
2661 5313 2794 5381 πρὸς
2828 5312 3049 5381 Κράλην
3074 5312 3368 5379 ἐποιήσατο
3400 5310 3714 5375 ἀπολογίαν.
3747 5307 3918 5359 Οὐδὲν
3942 5306 4035 5358 οὖ-

2466 5425 2567 5470 τως
2630 5409 2810 5475 οἴομαι
2868 5402 3225 5473 λυμαίνεσθαι
3282 5402 3359 5471 τῷ
3403 5401 3501 5471 βίῳ
3550 5399 3659 5452 τῶν
3723 5399 4031 5468 ἀνθρώπων

2466 5497 2700 5566 ὲξαρχῆς
2740 5496 2858 5548 οὐδὲ
2891 5493 3088 5562 μᾶλλον
3119 5492 3290 5544 αἴτιον
3328 5491 3435 5543 τῶν
3471 5490 3722 5556 μεγάλων
3752 5488 4032 5556 διαπορῶν

2467 5591 2561 5643 καὶ
2595 5591 2702 5640 τῶν
2727 5588 2978 5655 πολέμων
3003 5583 3352 5653 γεγενῆσθαι,
3381 5582 3413 5652 ἥ
3452 5582 3511 5632 τὸ
3538 5581 3611 5648 μὴ
3642 5579 3870 5639 δικαίως
3893 5579 4031 5629 Ξκα-

2469 5699 2591 5735 στον
2622 5678 2798 5747 ἐαυτῷ
2829 5694 2886 5730 τε
2921 5676 3014 5728 καὶ
3040 5676 3149 5736 τοῖς
3188 5672 3367 5735 ἀλλοις
3395 5674 3605 5741 διαιτᾷν
3634 5688 3647 5702 ·
3684 5670 3800 5722 ἀλλ’
3848 5669 4031 5739 ἑαυτῷ

2473 5775 2568 5842 μὲν
2606 5772 2697 5825 καὶ
2727 5774 2792 5824 τὰ
2825 5768 3151 5823 ἀτοπώτατα
3179 5767 3438 5825 πολλάκις
3470 5765 3793 5835 συγχωρεῖν,
3828 5762 3957 5822 τοὺς
3985 5759 4031 5811 δ’

2470 5866 2660 5927 ἄλλονς
2695 5866 2786 5917 καὶ
2840 5864 2976 5933 ὑπὲρ
3022 5861 3128 5914 τῶν
3158 5861 3452 5928 ἐλαχίστων
3487 5859 3747 5929 μεγίστας
3776 5854 4031 5909 ἀπαιτεῖν
