4226 6444
210 442 309 508 15¹1

1366 448 1903 512 HISTORIARUM
1945 449 2174 509 LIBER
2216 449 2313 509 IV.

3371 450 3472 516 158

206 555 462 619 εὐθύνας.
492 555 604 610 Καὶ
650 553 809 609 τοῦτό
841 558 1010 619 ἐστιν,
1038 557 1067 610 δ
1096 557 1298 626 πολλῆς
1328 559 1653 627 ἐμπέπληκε
1698 554 1789 607 τὸν
1822 560 1864 612 Λ

1822 560 1864 612 Λ
1895 566 1959 606 ex
1995 552 2182 606 multis
2213 566 2388 621 pauca
2433 551 2614 621 recepi
2640 592 2654 615 ,
2689 559 2748 607 ut
2792 551 3104 623 improbum
3162 552 3467 620 ingratum—

207 648 321 717 βίον
346 649 615 719 ταραχῆς,
649 650 743 701 καὶ
773 649 833 701 οὐ
875 650 1065 703 πόλεσι
1101 651 1261 718 μόνον
1298 652 1395 703 καὶ
1444 650 1645 711 οἰκίαις
1688 664 1783 717 με-

203 741 379 805 γάλας
430 741 792 810 ἐνειργάσατο
826 743 1135 811 συμφορὰς,
1168 742 1307 797 ἀλλὰ
1342 742 1437 795 καὶ
1487 741 1618 804 ὅλας
1670 742 1783 793 διέ-

204 832 431 899 φθειρεν
463 832 783 901 ἡγεμονίας,
815 833 847 902 ἢ
880 832 1080 896 αὐτούς
1130 852 1283 895 τινας
1329 834 1421 887 ὑπ’
1475 833 1782 902 ἀπληστίας

204 923 429 992 ἐτέρους
462 923 890 992 δαφθείραντας
919 926 1173 995 πολέμων
1208 925 1479 993 ἄρχοντας
1500 924 1722 986 ἀδίκων,
1750 923 1781 991 ἢ

199 1014 305 1065 ὑπὸ
362 1014 470 1065 τῶν
525 1015 898 1083 ἀδικουμένων
931 1016 1352 1085 διαφθαρέντας,
1411 1015 1636 1075 δικαίως
1685 1015 1781 1066 καὶ

198 1106 385 1168 καλῶς
417 1109 817 1174 ἀμυνομένων·
860 1109 999 1177 ὅπερ
1043 1109 1229 1178 οἴομαι
1286 1110 1381 1161 καλ⁵
1442 1107 1526 1161 σοὶ
1578 1107 1784 1176 συμϐε-

197 1191 433 1258 ϐηκέναι
473 1191 589 1247 νῦν.
633 1194 696 1247 Εἰ
754 1196 861 1263 γὰρ
894 1196 1123 1259 δικαίως
1178 1199 1273 1251 καὶ
1308 1197 1489 1259 καλῶς
1544 1197 1668 1264 ἐμοί
1720 1212 1779 1248 τε

198 1284 296 1333 καὶ
356 1283 539 1351 σαυτῷ
592 1286 815 1355 διῄτεις,
842 1288 942 1340 οὐκ
980 1288 1045 1340 ἂν
1080 1289 1145 1340 σὺ
1184 1290 1306 1356 μὲν,
1347 1289 1656 1349 ὲκσπόνδως
1687 1289 1780 1339 καὶ

198 1374 352 1442 παρὰ
406 1377 532 1437 τοὺς
590 1378 788 1447 ὅρκους
838 1381 1111 1443 τοσαύτας
1160 1381 1300 1449 ἔχων
1342 1381 1629 1448 Ῥωμαίων
1683 1381 1781 1433 πό-

195 1466 331 1531 λεις,
383 1468 567 1524 καινὸν
606 1470 715 1539 ᾤου
773 1472 939 1540 μηδὲν
964 1475 1164 1536 ποιεῖν,
1186 1475 1284 1542 ἐμὲ
1329 1474 1372 1528 δ’
1405 1476 1487 1527 δτι
1519 1476 1581 1527 ὲκ
1642 1475 1776 1527 πολ-

195 1559 308 1610 λῶν
338 1561 615 1613 ἀπέλαϐον
646 1562 824 1629 ὀλίγα,
851 1564 1073 1627 ἐδίωκες
1098 1566 1490 1634 ἀγνωμοσύνης
1526 1565 1619 1619 καὶ
1639 1567 1777 1633 ἀχα-

197 1652 438 1719 ριστίας,
484 1653 576 1705 καὶ
605 1653 667 1707 τδ
694 1655 901 1709 τούτων
948 1656 1029 1709 ἔτι
1091 1656 1567 1728 θαυμασιώτερον,
1597 1659 1775 1727 ἀπλη-

194 1744 372 1804 στίας.
430 1745 523 1807 Ὣς
555 1746 654 1814 μὲν
680 1743 775 1799 οὖν
803 1748 907 1799 ὑπὸ
947 1748 1057 1800 τῶν
1099 1750 1390 1818 ὁμοφύλων
1445 1749 1775 1819 πολεμηθεὶς

190 1829 423 1892 ἀδίκως,
450 1833 668 1901 καὶτῆς
708 1834 997 1904 Ῥωμαίων
1045 1840 1148 1906 γῆς
1175 1838 1491 1902 ἀπελαθεὶς,
1540 1841 1674 1909 πρὸς
1711 1840 1771 1893 σὲ

196 1923 465 1990 ἀφῖγμαι,
506 1924 734 1987 πολλοὺς
765 1926 913 1993 ἄγων
940 1928 1174 1981 καὶτῶν
1229 1931 1466 1996 οἰκείων,
1518 1933 1614 1984 καὶ
1662 1933 1772 1986 τῶν

188 2013 384 2079 φίλων,
429 2016 521 2067 καὶ
544 2018 808 2085 χρήματα
848 2018 949 2070 οὐκ
980 2019 1156 2086 ὀλίγα,
1206 2022 1300 2074 καὶ
1333 2023 1408 2085 ὡς
1451 2024 1616 2087 αὐτὸς
1648 2022 1771 2078 οὔτε

194 2104 506 2173 χρημάτων
542 2107 812 2179 ἐπιθυμίᾳ
840 2109 1111 2164 τοσούτων
1135 2111 1305 2166 ὄντων
1335 2113 1443 2166 τῶν
1462 2131 1522 2168 τε
1547 2116 1678 2185 παρ’
1713 2117 1771 2169 ὲ-

190 2197 315 2261 μοὶ,
386 2199 483 2249 καὶ
539 2198 647 2251 τῶν
687 2200 792 2253 ὑπὸ
846 2200 954 2253 τῶν
1016 2204 1291 2272 πολεμίων
1350 2208 1767 2276 παρεχομένων,

184 2284 316 2337 οὕτε
346 2288 558 2341 πόλεων
591 2289 683 2343 καὶ
738 2289 926 2362 χώρας
967 2295 1237 2361 τοσαύτης
1294 2298 1637 2364 προῖεμένων
1676 2299 1771 2353 ἐπὶ

183 2378 264 2446 τῷ
294 2380 487 2442 κακῶς
522 2383 698 2435 ποιεῖν
722 2382 848 2451 ἐμὲ,
893 2384 1104 2447 οὐδενος
1141 2386 1403 2457 ἡττήθης,
1465 2387 1600 2439 ἀλλὰ
1630 2387 1768 2441 πάν-

182 2487 297 2523 των
331 2470 435 2541 τὴν
466 2472 547 2534 εἰς
569 2473 670 2541 ἐμὲ
717 2474 899 2541 φιλίαν
935 2474 1273 2544 προῦθηκας,
1328 2478 1425 2530 οὐκ
1479 2478 1545 2531 ἂν
1598 2480 1768 2548 ἀρνη-

183 2560 343 2627 θείην
381 2561 490 2613 οὐδ’
520 2562 703 2625 αὑτός·
730 2563 979 2633 ἀδικοίην
1010 2565 1118 2635 γὰρ
1145 2566 1210 2619 ἂν
1244 2568 1313 2619 τὰ
1349 2566 1584 2635 μέγιστα
1620 2567 1681 2620 σέ
1707 2584 1767 2620 τε

184 2652 397 2719 δμοίως
430 2656 523 2705 καὶ
559 2655 686 2717 τοὺς
712 2654 933 2719 ἄλλους,
970 2652 1052 2720 οἷς
1082 2657 1212 2726 ὲξῆν
1262 2659 1530 2723 τοιούτοις
1583 2678 1765 2731 παρα-

180 2742 447 2811 δείγμασι
473 2743 658 2806 καλοῖς
684 2746 990 2816 χρωμένοις
1022 2751 1112 2801 ἐπὶ
1142 2749 1201 2801 τὸ
1230 2750 1297 2802 τὰ
1347 2751 1541 2819 βελτίω
1596 2751 1767 2821 πράτ-

179 2849 302 2887 τειν
329 2835 754 2906 προθυμεῖσθαι.
791 2839 864 2889 Τὸ
898 2840 1007 2909 γὰρ
1041 2841 1224 2911 μηδὲν,
1277 2842 1466 2911 ὣσπερ
1505 2844 1641 2913 ἔφης
1672 2845 1767 2897 καὶ

179 2925 374 2992 αὐτὸς,
418 2927 552 2995 πρὸς
578 2929 845 2982 ἀντίδοσιν
898 2931 1147 2995 εύποιῖας
1200 2935 1612 3000 προοφείλοντα,
1671 2935 1766 2989 καὶ

182 3016 336 3069 κατά
381 3018 668 3086 συμφορὰς
706 3020 1145 3089 εἰσδεδεγμένον,
1177 3023 1367 3075 ἔπειτα
1399 3026 1523 3093 μήτ’
1554 3026 1765 3078 οἴκοθεν

177 3108 497 3178 ὁρμηθῆναι
534 3110 670 3179 πρὸς
700 3112 1037 3178 πλεονεξίαν,
1070 3114 1198 3184 μήθ’
1233 3115 1319 3167 ὑπ’
1354 3116 1529 3168 ἄλλων
1577 3119 1765 3185 ἐναγό-

1897 658 2026 712 que,
2070 644 2292 713 etquod
2332 644 2421 698 his
2465 643 2775 700 mirabilius
2804 654 2921 707 est,
2960 659 3189 699 avarum
3242 657 3468 698 accusa-

1892 735 2087 789 visses.
2121 735 2203 789 Me
2235 735 2402 805 igitur
2432 750 2461 788 a
2490 734 2706 790 civibus
2741 737 2876 789 meis
2927 737 3071 791 bello
3119 735 3375 805 petitum,
3415 745 3471 788 et

1894 826 2143 880 Romano
2183 828 2300 882 solo
2336 828 2576 897 pulsum,
2611 842 2738 882 cum
2783 830 3113 884 necessariis
3148 836 3205 882 et
3234 827 3464 889 amicis,

1887 929 1943 973 et
1974 920 2208 988 pecunia
2262 920 2431 973 multa
2488 920 2554 973 ad
2608 930 2658 973 te
2708 921 2946 984 venisse,
2990 930 3042 974 te
3073 934 3251 988 neque
3277 933 3465 971 amore

1885 1004 2153 1070 peeuniee,
2192 1018 2352 1071 quam
2380 1016 2480 1069 ego
2507 1012 2562 1056 et
2598 1003 2784 1057 hostes
2822 1012 2933 1056 tam
2976 1002 3234 1073 grandem
3260 1001 3463 1053 offere-

1884 1085 2097 1150 bamus,
2133 1100 2316 1153 neque
2350 1084 2575 1137 urbibus
2629 1096 2685 1141 et
2715 1086 2938 1155 regione
2962 1126 2977 1151 ,
3015 1084 3218 1155 quibus
3246 1082 3341 1135 tibi
3372 1098 3461 1135 ce-

1884 1169 2138 1234 debatur,
2192 1178 2253 1221 ut
2300 1168 2433 1221 mihi
2471 1168 2855 1229 malefaceres,
2892 1179 2964 1232 te,
3024 1170 3270 1236 inquam,
3305 1166 3460 1220 nullo

1886 1256 2079 1306 horum
2119 1252 2325 1306 victum
2356 1267 2497 1315 esse,
2531 1250 2625 1305 sed
2655 1253 2913 1306 omnibus
2952 1253 3250 1305 amicitiam
3282 1265 3458 1303 meam

1882 1336 2208 1405 praetulisse,
2236 1351 2337 1389 nec
2373 1335 2486 1404 ipse
2516 1336 2833 1404 negaverim
2864 1353 2878 1398 ;
2940 1348 3123 1389 essem
3154 1333 3301 1387 enim
3330 1333 3460 1386 inte

1880 1431 1935 1474 et
1966 1421 2126 1481 alios,
2152 1422 2242 1489 qui
2278 1428 2387 1473 tam
2417 1418 2652 1487 egregiis
2683 1418 2948 1486 exemplis
2978 1417 3044 1470 ad
3077 1419 3339 1469 virtutem
3377 1417 3463 1468 in-

1879 1503 2038 1556 citari
2093 1512 2367 1571 poterant,
2405 1499 2826 1570 injustissimus.
2860 1500 2995 1553 Nam
3029 1498 3178 1567 quod
3218 1499 3452 1561 nullum,

1878 1595 1941 1641 ut
1989 1586 2216 1649 aiebas,
2252 1584 2584 1639 beneﬁcium
2629 1584 2765 1638 mihi
2824 1582 3077 1645 debens,
3122 1583 3175 1634 in
3218 1596 3336 1635 mea
3369 1596 3457 1634 me

1877 1670 2193 1724 calamitate
2244 1668 2555 1737 excepisti,
2615 1681 2798 1735 neque
2865 1674 3055 1734 tuopte
3108 1664 3332 1733 ingenio
3387 1662 3455 1717 ad

1878 1762 2166 1816 commoda
2204 1771 2295 1815 tua
2339 1775 2405 1813 ex
2458 1772 2546 1812 me
2605 1754 2978 1826 comparanda
3038 1755 3306 1823 impulsus
3355 1770 3454 1817 es,

1876 1866 2057 1919 neque
2086 1852 2156 1905 ab
2206 1851 2315 1904 alio
2371 1848 2654 1910 inductus,
2686 1855 2781 1900 aut
2815 1854 3038 1900 coactus
3081 1844 3313 1913 injuste,
3357 1852 3455 1897 aut

1879 1940 2101 2010 indigne
2141 1940 2194 1993 in
2232 1954 2319 1993 me
2354 1936 2681 1993 consuluisti
2712 1953 2725 1989 :
2754 1936 2849 1990 sed
2886 1934 3144 1989 omnibus
3170 1934 3299 1999 illis,
3328 1948 3452 2003 qua:

1873 2033 1939 2086 ad
1975 2031 2345 2101 principatum
2387 2026 2835 2098 ampliﬁcandum
2870 2026 3154 2095 pertinere
3183 2025 3451 2080 videban-

1875 2134 1984 2191 tur,
2019 2124 2362 2179 honestatem
2389 2132 2553 2191 atque
2596 2119 2867 2190 justitiam
2899 2118 3286 2187 anteposuisti,
3334 2119 3451 2172 haec

1874 2226 1927 2272 te
1960 2231 2071 2270 non
2107 2215 2272 2269 modo
2328 2214 2547 2269 excelso
2607 2212 2820 2277 animo,
2862 2221 2921 2267 et
2962 2210 3162 2265 ardore
3210 2208 3447 2278 quodam

1870 2306 2197 2363 immortalis
2229 2306 2418 2375 gloriae
2444 2303 2755 2375 praeditum,
2794 2303 2893 2359 sed
2926 2310 2983 2357 et
3011 2302 3217 2357 bonum
3241 2300 3442 2363 virum,

1871 2397 2230 2467 intelligentia
2302 2404 2655 2466 prazstantem
2710 2402 3025 2459 testantur,
3078 2401 3136 2447 et
3198 2391 3269 2446 ob
3328 2390 3447 2444 hmc

1869 2489 2056 2543 omnia
2089 2503 2190 2558 ego
2240 2486 2337 2541 tibi
2374 2487 2577 2541 multas
2609 2485 2813 2555 gratias
2854 2484 2981 2555 jure
3024 2483 3227 2538 debere
3270 2481 3447 2537 conﬁ-

1871 2592 1989 2636 teor
2021 2596 2036 2635 :
2072 2595 2183 2634 non
2215 2579 2391 2633 solum
2422 2577 2569 2646 quod
2611 2575 2749 2630 nihil
2782 2576 3066 2641 nocueris,
3099 2590 3223 2630 cum
3260 2573 3314 2627 id
3363 2572 3445 2627 fa-

1867 2673 2070 2729 cillime
2110 2684 2322 2742 posses,
2348 2668 2444 2722 sed
2470 2668 2637 2721 etiam
2663 2666 2809 2735 quod
2855 2666 3051 2737 majori
3086 2680 3171 2719 me
3211 2665 3442 2729 honore,

1867 2782 2031 2839 quam
2063 2763 2301 2818 amicum
2333 2757 2726 2815 cumulaveris.
2762 2758 2957 2812 Ferme
2986 2756 3156 2818 enim,
3197 2755 3443 2824 quandiu

1866 2870 2049 2914 tecum
2077 2853 2213 2915 vixi,
2248 2864 2340 2908 tuo
2369 2850 2678 2920 principatu
2715 2847 2851 2901 mihi
2888 2846 3125 2909 cessisti,
3160 2860 3271 2899 non
3326 2846 3443 2915 ipse

1868 2948 2133 3002 duntaxat
2163 2943 2372 3011 priores
2398 2938 2529 2993 mihi
2578 2937 2833 2991 deferens
2854 2976 2870 3001 ,
2922 2935 3020 2990 sed
3077 2944 3131 2989 et
3163 2935 3442 3004 subjectos

1867 3045 1991 3091 tuos
2017 3046 2208 3088 omnes
2233 3070 2247 3094 ,
2287 3040 2548 3097 tanquam
2580 3026 2625 3079 si
2682 3039 2877 3079 eorum
2928 3038 3025 3078 rex
3057 3038 3253 3087 essem,
3304 3024 3440 3077 mihi

1866 3128 2263 3195 obtemperare,
2289 3119 2547 3184 omnique
2581 3116 2933 3171 veneratione
3004 3121 3064 3167 et
3109 3112 3318 3166 honore
3352 3127 3440 3166 me

182 3216 371 3268 μενον,
418 3202 514 3254 καὶ
550 3203 1133 3272 καταναγκαζόμενον,
1178 3206 1308 3275 μήτ’
1351 3207 1562 3273 ἄδικον,
1629 3208 1754 3277 μήτ’
1783 3214 1827 3272 C

1783 3214 1827 3272 C
1861 3217 2118 3292 prosequi
2186 3213 2529 3285 praacipiens.
2608 3207 2851 3273 Quorum
2909 3203 3084 3275 gratia
3142 3202 3438 3271 ampliores

177 3290 421 3355 ἀγεννὲς
461 3290 852 3359 βουλεύσασθαι
882 3297 1011 3365 περὶ
1036 3296 1156 3365 ἐμὲ,
1187 3297 1323 3350 ἀλλὰ
1352 3303 1568 3352 πάντων
1612 3299 1756 3351 ὲκεί-

177 3398 291 3433 νων
354 3381 466 3433 τῶν
519 3382 822 3437 δοκούντων
874 3386 1012 3455 πρὸς
1058 3388 1156 3457 τὴν
1214 3389 1387 3458 ἀρχὴν
1438 3390 1759 3457 λυσιτελεῖν,

176 3473 281 3540 τὴν
312 3471 411 3523 τοῦ
441 3473 607 3526 καλοῦ
629 3475 724 3527 καὶ
775 3475 983 3530 δικαίου
1015 3478 1227 3548 αἵρεσιν
1253 3483 1453 3548 προῖκα
1485 3482 1761 3552 προτιμῆ-

178 3580 298 3627 σαι,
324 3565 385 3617 ού
422 3565 833 3636 μεγαλοψυχίαν
896 3569 1059 3637 μόνον
1107 3571 1202 3624 καὶ
1241 3572 1574 3641 φιλοτιμίαν,
1624 3574 1761 3628 ἀλλά

175 3656 294 3707 καὶ
317 3655 673 3726 δικαιοσύνην
764 3660 859 3712 καὶ
896 3659 1179 3713 εὐϐουλίαν
1228 3667 1637 3731 συμμαρτυρεῖ,
1667 3665 1761 3718 καὶ

177 3745 388 3797 τούτων
449 3745 705 3800 ἀπάντων
741 3748 852 3816 ἐγώ
909 3767 992 3804 σοι
1016 3750 1216 3815 πολλὰς
1251 3753 1489 3818 ὀφείλειν
1550 3755 1758 3819 δίκαιος

176 3830 325 3887 εἶναι
353 3836 586 3905 χάριτας
608 3840 877 3907 ὀμολογιῖν
914 3843 973 3894 ού
1021 3843 1182 3911 μόνον
1224 3843 1311 3896 διὶι
1345 3845 1405 3898 τὸ
1443 3847 1609 3914 μηδὲν
1639 3848 1759 3915 ηδι-

177 3926 418 3992 κηκέναι
472 3930 705 3997 μάλιστα
737 3931 1056 4001 δυνάμενον,
1118 3933 1342 3987 ἀλλ’ὅτι
1404 3937 1499 3989 καὶ
1526 3936 1624 4006 τὴν
1678 3939 1758 3999 είς

174 4018 279 4084 ἐμὲ
315 4020 485 4088 τιμὴν
523 4022 713 4089 μείζω,
749 4022 781 4092 ἢ
846 4024 980 4091 πρὸς
1027 4023 1181 4092 φίλον
1225 4026 1505 4091 ἐπεδείξω.
1564 4031 1757 4097 Σχεδὸν

174 4109 291 4177 γὰρ
334 4111 470 4179 παρ’
519 4112 643 4164 ὅσον
676 4115 866 4183 χρόιον
923 4118 1007 4169 σοὶ
1042 4117 1227 4184 συνῆν,
1271 4118 1369 4186 τῆς
1395 4120 1567 4188 ἀρχῆς
1636 4123 1759 4189 ἐμοὶ

174 4200 277 4269 τῆς
305 4203 409 4269 σῆς
450 4203 692 4274 ἐξέστης,
735 4206 832 4257 οὐκ
884 4208 1047 4269 αὐτὸς
1100 4210 1261 4276 μόνον
1317 4210 1425 4261 τῶν
1477 4214 1756 4279 πρωτείων

176 4294 264 4346 ἀεὶ
300 4296 675 4365 παραχωρῶν,
707 4296 841 4349 ἀλλά
875 4298 1119 4361 καὶτοὺς
1161 4300 1437 4367 ὑπηκόους
1487 4304 1753 4367 ἅπαντας,

175 4385 251 4446 ὡς
298 4385 481 4437 αὐτῶν
512 4385 848 4454 βασιλεύοντι
895 4389 1182 4457 προσέχειν
1214 4390 1473 4453 κελεύων,
1523 4396 1618 4445 καὶ
1649 4395 1757 4446 πᾶμ

176 4492 277 4527 σαν
299 4475 439 4528 αἰδῶ
462 4478 720 4544 παρέλειν
766 4479 861 4530 καὶ
888 4480 1077 4548 τιμήν.
1114 4479 1195 4532 Δι’
1224 4481 1257 4534 ἀ
1292 4498 1373 4535 σοι
1407 4478 1497 4534 καὶ
1530 4484 1749 4550 μείζους

1867 3312 1989 3378 tibi,
2014 3323 2177 3378 quam
2208 3320 2307 3376 pro
2339 3303 2515 3357 salute
2567 3310 2623 3354 et
2653 3296 3031 3352 incolumitate
3077 3309 3197 3348 mea
3247 3293 3347 3347 abs
3383 3303 3435 3347 te

1863 3407 2191 3461 conservata
2228 3398 2431 3468 gratias
2468 3408 2587 3461 ago.
2617 3391 2757 3446 Tum
2799 3388 3072 3458 siquidem
3105 3386 3203 3441 abs
3230 3396 3283 3439 te
3314 3400 3435 3439 ser-

1864 3506 2045 3559 vatus,
2089 3492 2316 3547 omnino
2355 3486 2572 3541 tandem
2604 3482 2899 3553 aliquando
2930 3480 3034 3534 hac
3075 3480 3199 3533 luce
3242 3477 3436 3532 defun-

1859 3604 1981 3658 gar:
2006 3586 2182 3638 honor
2211 3588 2415 3641 autem,
2442 3588 2552 3644 quo
2575 3588 2660 3627 me
2702 3568 3095 3631 cohonestasti,
3120 3568 3285 3621 etiam
3310 3573 3434 3636 post

1861 3681 1970 3734 fata
2001 3687 2264 3736 manens,
2303 3685 2401 3739 per
2432 3682 2527 3722 ora
2559 3674 2906 3734 posterorum
2938 3661 3212 3716 volitabit.
3238 3658 3431 3727 Neque

1860 3784 1990 3824 vero
2020 3776 2072 3820 te
2097 3775 2307 3819 tantum
2338 3760 2421 3813 his
2452 3761 2515 3812 de
2543 3756 2747 3821 causis,
2770 3754 2866 3809 sed
2892 3762 2949 3807 et
2968 3752 3253 3824 conjugem
3281 3762 3429 3807 tuam

1857 3862 1983 3931 jure
2028 3855 2288 3910 laudibus
2320 3847 2671 3908 eelebrarim,
2728 3859 2850 3913 qum
2904 3850 3123 3897 tuorum
3169 3855 3295 3910 erga
3340 3855 3430 3894 me

1861 3948 2258 4006 beneﬁciorum
2293 3956 2457 3996 causa
2485 3938 2759 4007 praecipua
2791 3933 2916 3988 fuit.
2950 3934 3071 4002 Ipsa
3116 3935 3261 3985 enim
3296 3946 3431 3985 con-

1859 4040 2044 4094 silium
2077 4035 2250 4097 dedit,
2284 4032 2399 4101 ipsa
2429 4028 2528 4084 tibi
2580 4018 2817 4094 aliisque
2850 4021 3170 4092 proceribus
3201 4032 3428 4090 perma-

1858 4130 1927 4184 sit
1954 4143 2021 4182 ne
2046 4124 2178 4198 quid
2208 4122 2479 4178 sordidius
2502 4115 2939 4178 committeretis,
2976 4127 3111 4165 neve
3141 4110 3426 4181 praeunium

1857 4219 2078 4287 aliquod
2108 4218 2493 4282 exspectantes
2518 4247 2534 4273 ,
2579 4206 2675 4260 sed
2709 4204 2877 4274 gratis
2909 4215 3160 4270 prorsus,
3188 4210 3243 4253 et
3276 4199 3427 4253 laudi

1857 4306 2012 4360 vobis
2056 4303 2297 4358 studium
2333 4301 2388 4353 in
2438 4312 2524 4351 me
2577 4305 2818 4349 vestrum
2878 4291 3160 4351 ducentes,
3195 4287 3426 4342 beneﬁci

1857 4398 2084 4462 essetis,
2133 4396 2237 4449 hoc
2275 4405 2443 4446 unum
2474 4390 2526 4443 in
2560 4385 2725 4440 lucris
2772 4380 3023 4437 maximis
3059 4380 3411 4448 deputantes,

1853 4484 1997 4553 justa
2055 4489 2110 4532 et
2156 4480 2380 4531 honesta
2441 4469 2764 4526 consectari.
2834 4465 3115 4532 Principes
3142 4478 3313 4531 porro
3341 4463 3419 4516 tui

174 4564 295 4619 οἶδα
350 4568 602 4635 χάριτας,
648 4569 679 4639 ἢ
712 4546 1019 4639 σωτηρίας(
1057 4570 1189 4624 Τότε
1243 4573 1343 4641 μὲν
1382 4574 1488 4644 γὰρ
1524 4546 1741 4641 σωθεὶς,
1774 4546 1825 4607 υ

1774 4546 2040 4625 "omnes
2093 4577 2147 4623 et
2198 4567 2423 4627 milites,
2468 4578 2574 4617 non
2630 4568 2839 4614 tantum
2862 4556 2990 4625 quia
3023 4564 3077 4608 tu
3123 4554 3196 4608 ita
3229 4555 3419 4618 velles,

175 4659 397 4718 πάντως
429 4658 654 4727 ὕστερον
692 4658 1151 4731 ἀποθανοῦμανή
1182 4662 1316 4732 τιμὴ
1366 4664 1422 4716 δὲ
1467 4667 1561 4718 καὶ
1621 4667 1756 4733 μετὰ

172 4750 438 4819 τελευτὴν
475 4750 753 4818 διαμενεῖ,
782 4750 889 4802 ὑπὸ
910 4753 1129 4805 πάντων
1162 4753 1393 4823 ᾁδομένη
1421 4757 1512 4807 καὶ
1539 4756 1647 4808 τῶν
1675 4758 1755 4819 εἰς

177 4843 407 4912 ὕστερον
460 4843 755 4909 ἐσομένων.
821 4844 896 4896 Οὐ
960 4846 1020 4896 σὲ
1062 4845 1120 4898 δὲ
1171 4847 1330 4915 μόνον
1394 4850 1486 4900 ἐπὶ
1544 4849 1753 4912 τούτοις

172 4933 381 4995 δίκαιος
408 4931 476 4984 ἂν
513 4933 630 5002 είην
655 4934 920 4999 ἐπαινεῖν,
951 4934 1085 4988 ἀλλά
1110 4937 1206 4989 καὶ
1239 4938 1339 5008 τὴν
1379 4939 1474 5008 σὴν
1519 4944 1752 5007 γυναῖκα

174 5024 414 5090 μάλιστα
448 5024 773 5093 αἰτιωτάτην
807 5023 1067 5092 ὀφθεῖσαν
1087 5026 1199 5079 τῶν
1222 5029 1610 5099 γεγενημένων
1668 5033 1749 5092 εἰς

173 5116 293 5181 ἐμέο
322 5117 463 5186 αὐτὴ
481 5116 590 5185 γὰρ
608 5119 702 5169 καὶ
734 5117 1094 5171 ἐϐουλεύσατο
1121 5123 1212 5171 καὶ
1236 5120 1422 5173 ἔπεισέ
1440 5139 1499 5174 τε
1520 5124 1748 5190 ὁμοίως,

180 5210 275 5259 καὶ
338 5207 474 5268 τοὺς
543 5206 732 5270 ἄλλους
789 5210 913 5272 τοὺς
968 5211 1027 5264 ὲν
1066 5211 1231 5277 τέλει,
1300 5212 1374 5282 μὴ
1405 5215 1749 5281 μικρολογεῖν

176 5299 299 5367 μηδ’
321 5294 464 5351 εἶναι
533 5299 766 5367 ἀγαθοὺς
824 5301 1164 5371 ἐπὶ-μισθῷ,
1213 5303 1348 5358 ἀλλὰ
1403 5308 1603 5372 προῖκα
1655 5308 1749 5357 καὶ

175 5390 315 5442 κατὰ
384 5390 723 5459 φιλοτιμίαν,
799 5392 1055 5461 μέγιστον
1120 5394 1312 5462 κέρδος
1404 5396 1535 5448 αὐτὸ
1593 5397 1747 5449 τοῦτο

172 5480 538 5548 ἡγουμένους,
567 5481 627 5533 τὸ
655 5484 723 5535 τὰ
755 5482 897 5534 καλά
934 5484 1028 5537 καὶ
1055 5484 1241 5538 δίκαια
1274 5486 1562 5555 αἱρεῖσθαι·
1612 5488 1745 5539 οἵτε

174 5572 231 5621 ἒν
260 5572 407 5624 τέλει
436 5573 660 5637 πάντες,
691 5574 787 5627 καὶ
816 5577 847 5643 ή
874 5576 1008 5645 άλλη
1058 5578 1305 5645 στρατιὰ,
1363 5578 1422 5630 ού
1466 5578 1551 5630 διὰ
1591 5579 1650 5630 τὸ
1686 5580 1744 5631 σὲ

176 5660 461 5729 βούλεσθαι
510 5665 670 5733 μόνον
728 5666 822 5719 καὶ
870 5667 1138 5729 κελεύειν,
1185 5669 1321 5721 ἀλλά
1388 5672 1483 5722 καὶ
1532 5671 1741 5722 οἴκοθεν

172 5754 518 5824 ὡρμημένοι,
580 5758 822 5827 μεγάλην
862 5760 1203 5824 ἐπεδείξαντο
1265 5762 1370 5828 τὴν
1438 5762 1739 5814 ἐπιείκειαν

177 5845 268 5897 καὶ
283 5846 383 5914 τὴν
412 5846 837 5920 εὐγνωμοσύνην
864 5852 941 5915 είς
968 5852 1088 5921 ἐμέ.
1128 5847 1225 5906 Ὧν
1258 5855 1514 5908 ἁπάντων
1578 5855 1735 5918 αὐτὸς

1859 4665 2040 4731 itaque
2069 4658 2381 4719 mandares,
2414 4652 2578 4726 784
2627 4654 2720 4705 sed
2768 4656 2964 4719 sponte
3044 4655 3100 4699 et
3140 4646 3421 4702 voluntate

1854 4757 2024 4809 libera
2056 4754 2450 4806 humanitatem
2506 4744 2914 4809 candoremque
2940 4738 3199 4793 eximium
3226 4738 3422 4792 adver-

1854 4862 1948 4903 sus
1973 4862 2056 4901 me
2083 4847 2450 4899 declararunt.
2500 4840 2608 4895 Pro
2636 4836 2841 4907 quibus
2866 4843 2921 4887 et
2952 4833 3065 4901 ipse
3100 4833 3301 4900 gratias
3320 4833 3418 4886 de-

1852 4939 1978 4999 beo,
2017 4947 2073 4991 ct
2102 4949 2336 5002 quorum
2358 4946 2520 4985 aures
2539 4930 2623 4984 vel
2653 4943 2777 4982 sero
2802 4942 2865 5009 ea
2893 4925 3132 4978 narratio
3155 4925 3416 4993 tetigerit,

1852 5029 1975 5083 illos
2012 5026 2409 5096 praedicabunt.
2447 5023 2589 5089 Quid
2625 5031 2709 5077 est
2759 5022 2926 5091 igitur
2956 5021 3101 5090 quod
3136 5020 3292 5083 dicis,
3330 5033 3417 5071 me

1853 5127 1932 5172 tot
1982 5116 2304 5170 meritorum
2350 5114 2731 5167 immemorem
2756 5153 2771 5175 ,
2807 5115 2925 5169 sine
2978 5116 3083 5168 ulla
3120 5126 3283 5169 causa
3321 5125 3418 5161 vo-

1850 5212 2018 5265 luisse
2055 5209 2196 5262 bello
2236 5217 2286 5262 te
2321 5207 2588 5259 lacessere
2611 5245 2626 5269 ,
2662 5214 2770 5257 tam
2820 5204 2960 5256 male
2993 5210 3415 5270 reSpondentem

1851 5306 1959 5360 tuis
1990 5300 2336 5359 benefactis?
2366 5299 2530 5368 Atqui
2564 5299 2726 5368 longe
2760 5298 2902 5352 foret
2932 5299 3412 5362 absurdissimum,

1846 5399 2029 5467 lingua
2075 5396 2295 5465 quidem
2338 5394 2417 5447 sic
2448 5391 2657 5461 prolixe
2688 5392 2889 5459 gratias
2920 5405 3079 5458 agere
3130 5391 3267 5444 bene
3302 5405 3413 5442 me-

1849 5490 2119 5551 rentibus,
2154 5502 2255 5540 nec
2290 5485 2452 5538 tacita
2489 5484 2628 5537 velle
2662 5481 2862 5535 habere
2891 5482 3108 5545 merita,
3142 5496 3200 5535 re
3224 5490 3409 5536 autem

1846 5580 2116 5639 ingratum
2146 5591 2287 5639 esse,
2314 5574 2599 5642 viderique
2633 5572 2737 5627 sibi
2774 5575 3005 5627 maxime
3031 5577 3366 5628 contrarium
3391 5590 3405 5626 :

1844 5686 2007 5739 quem
2049 5684 2224 5737 neque
2261 5669 2313 5720 in
2349 5667 2471 5719 illos
2500 5666 2591 5735 qui
2636 5681 2722 5719 me
2771 5665 3123 5719 vehementer
3156 5666 3403 5719 otfende-

1844 5773 1965 5817 rant
2024 5771 2077 5816 et
2108 5762 2160 5815 in
2216 5761 2467 5815 miserias
2494 5760 2990 5830 praecipitaverant,
3047 5774 3283 5828 unquam
3314 5757 3400 5811 tali

1843 5856 2026 5909 animo
2056 5852 2221 5907 fuisse
2251 5862 2483 5920 constat,
2523 5854 2615 5909 sed
2649 5861 2705 5910 et
2749 5850 2963 5909 dissidii
2996 5850 3179 5923 hujus,
3211 5864 3267 5909 et
3313 5867 3405 5908 ar-
