4226 6444
737 439 838 506 159
1926 449 2244 508 JOANXIS
2285 448 2384 504 CA4

2451 446 2808 505 I‘ACLTZEN'I
3879 437 3980 503 160

735 568 948 608 mormn
993 554 1220 608 istorum
1271 570 1461 608 causas
1501 555 1570 608 ab
1604 555 1761 610 initio
1801 571 1974 625 uSque
2015 572 2162 610 nunc
2197 554 2298 622 ipsi
2335 562 2373 612 Λ

2451 570 2461 599 ε
2493 553 2721 622 χάριτας
2751 551 2966 619 ὀςείλω,
2995 551 3088 603 καὶ
3134 551 3183 603 οἱ
3213 550 3360 605 ἄλλοι
3401 549 3780 604 ἐπαινέσονται
3836 549 3984 609 ὅσοις

734 646 1069 713 praebuistis,
1103 646 1154 699 id
1185 647 1327 715 quod
1361 647 1525 701 rebus
1555 649 1934 724 demonstrare
1957 647 2302 702 conlcmlam.

737 738 807 793 Ut
838 740 984 791 enim
1023 739 1154 790 mihi
1194 739 1339 806 apud
1372 754 1470 792 vos
1497 740 1798 793 diversanli
1843 755 2008 808 super
2047 740 2308 792 societate

738 830 917 880 visum
954 838 1035 881 est
1070 829 1248 885 fmdus
1283 833 1495 882 sancire
1525 870 1538 892 ,
1583 840 1637 883 et
1668 831 1747 884 sic
1803 824 2312 884 invicem’commo-

737 916 868 969 dare
905 917 1114 980 conari,
1149 930 1201 972 tu
1229 919 1495 972 mercedis
1525 921 1846 973 societatem
1908 921 2075 973 multa
2112 919 2311 988 oppida

737 1016 794 1060 et
843 1007 1121 1075 regionem
1171 1009 1400 1062 Bernuini
1441 1010 1782 1077 principatus
1815 1011 2092 1078 propriam
2130 1019 2316 1076 postu-

738 1097 912 1152 labas.
951 1099 1063 1167 Ego
1097 1116 1227 1152 vero
1257 1115 1359 1154 nec
1386 1101 1818 1170 abiectissimum
1863 1100 2084 1170 quidem
2119 1100 2316 1154 castel-

740 1190 854 1242 lum
909 1190 1007 1244 tibi
1059 1191 1421 1259 spondebant,
1476 1192 1835 1260 volebamque
1887 1190 2149 1244 auxilium
2194 1206 2316 1244 csse

742 1283 1062 1348 gratuitum.
1125 1285 1241 1336 Non
1277 1285 1424 1337 enim
1475 1285 1633 1338 vobis
1675 1285 1934 1337 duntaxa'
1989 1283 2314 1351 indignum,

745 1373 1014 1428 illiberale
1071 1385 1125 1428 et
1156 1375 1473 1442 pudendum
1509 1391 1631 1429 esse
1663 1389 2032 1442 sumnmpere,
2061 1389 2168 1428 non
2204 1374 2318 1442 glo-

746 1465 838 1518 riae
889 1476 942 1518 et
969 1466 1226 1520 amicitia:
1261 1468 1433 1556 gratip
1464 1512 1478 1531 ,
1516 1471 1608 1521 sed
1638 1466 1891 1521 mercede
1937 1466 2140 1520 servire
2174 1483 2188 1518 :
2228 1480 2319 1518 ve-

747 1567 868 1604 rum
909 1556 1074 1607 etiam
1135 1556 1267 1608 mihi
1321 1566 1428 1608 tam
1494 1557 1833 1626 impossibila
1885 1557 2028 1610 factu
2084 1571 2226 1617 esse,
2261 1565 2320 1608 ut

747 1643 882 1697 nihil
913 1647 1106 1714 magis,
1141 1656 1365 1715 propter
1398 1663 1573 1701 meam
1655 1660 1712 1703 et
1751 1663 1943 1702 eorum
1981 1649 2074 1715 qui
2110 1662 2196 1700 me
2232 1662 2319 1700 se-

746 1745 1050 1803 querentur
1077 1738 1304 1790 salutem
1350 1738 1628 1793 Romanos
1655 1741 1915 1808 prodere,
1958 1737 2212 1806 quamvis
2243 1737 2321 1790 illi

750 1831 802 1883 in
861 1845 944 1883 me
997 1845 1146 1882 arma
1182 1829 1437 1897 improbe
1478 1830 1781 1884 movissent
1827 1846 1840 1882 :
1875 1829 2321 1899 quandoquidem

757 1935 864 1974 non
897 1920 1019 1973 illos
1053 1919 1322 1973 servitute
1354 1932 1615 1986 mactare,
1649 1921 1743 1975 sed
1777 1922 1845 1975 ab
1873 1937 2065 1976 eorum
2097 1921 2326 1975 cervici-

753 2012 859 2065 bus
897 2013 1095 2066 hostile
1129 2013 1414 2066 servitutis
1442 2014 1632 2083 jugum
1687 2013 1950 2082 dejicere,
1996 2014 2104 2084 jam
2139 2016 2265 2074 inde
2297 2036 2325 2075 a

761 2105 1036 2172 principio
1100 2107 1286 2158 nervis
1342 2105 1600 2158 omnibus
1667 2106 1975 2170 contendo,
2033 2110 2327 2178 statimque

754 2210 932 2246 meam
965 2195 1292 2248 sententiam
1326 2195 1555 2262 aperui,
1594 2205 1676 2257 ut,
1713 2197 1756 2249 si
1795 2197 2100 2262 videretur,
2134 2203 2326 2255 amici-

752 2289 842 2339 tize
872 2293 1080 2339 tantmn
1143 2297 1197 2340 et
1231 2288 1456 2341 honoris
1482 2288 1804 2356 amplissimi
1843 2305 2005 2343 causa
2034 2306 2192 2359 opem
2222 2294 2330 2348 fer-

756 2392 846 2430 res
879 2395 893 2430 :
926 2377 1010 2430 sin
1067 2379 1269 2444 minus,
1329 2395 1414 2433 me
1457 2388 1635 2432 tamen
1693 2381 1829 2434 nihil
1877 2383 1946 2435 ab
1991 2384 2328 2452 ingenuitate

754 2469 1061 2523 abhorrens
1115 2472 1568 2539 commissurum,
1622 2489 1799 2542 neque
1839 2475 1988 2530 cives
2029 2492 2181 2531 meos
2219 2477 2329 2529 Ilo-

755 2575 948 2616 manos
983 2562 1357 2632 proditurum,
1394 2565 1484 2618 sed
1527 2580 1651 2619 cum
1686 2565 1874 2621 liberis
1920 2575 1975 2620 et
2011 2568 2332 2638 propinqui-

757 2664 868 2709 tate
909 2656 1222 2724 conjunctis
1252 2658 1580 2711 moriturmn
1620 2659 1803 2723 potius
1826 2699 1840 2723 ,
1895 2675 2057 2728 quam
2091 2661 2161 2714 ob
2192 2679 2331 2730 prai-

757 2756 968 2800 sentem
1000 2748 1293 2800 utilitatem
1316 2757 1520 2802 eterna
1553 2750 1839 2804 dedecoris
1877 2761 2230 2805 monumenta
2262 2752 2329 2806 ad

757 2845 1008 2904 posteros
1041 2837 1318 2893 Romanos
1350 2839 1694 2895 relicturum.
1719 2841 1851 2905 Quae
1882 2852 1937 2894 tu
1962 2857 2180 2911 quoque
2205 2859 2328 2896 cum

757 2928 986 2998 conjuge
1041 2929 1478 2999 proceribusque
1512 2931 2037 3002 consultandojusla
2079 2941 2135 2987 et
2194 2935 2332 2988 utri-

761 3033 868 3084 que
928 3029 1174 3072 nostrum
1213 3020 1425 3074 laudem
1463 3037 1573 3075 non
1623 3023 1905 3077 minimam
1973 3024 2330 3081 conciliatura

755 3110 1069 3179 judicabas,
1113 3113 1406 3182 ftedusque
1447 3115 1844 3183 percussimus,
1876 3126 1932 3170 et
1987 3130 2328 3173 sacramenta

2414 645 2493 706 εἰς
2522 645 2690 707 ἀκοὰς
2727 645 2977 712 ἀφίξεται
3007 643 3100 695 καὶ
3141 643 3278 710 μετὰ
3309 642 3502 712 χρόνον
3532 641 3594 693 τὸ
3620 639 3890 709 διήγημα.
3913 640 3986 690 Τί

2412 732 2502 788 οῦν
2528 735 2674 788 ἐστιν
2709 738 2900 796 εἰπεῖν,
2929 737 3009 788 ὅτι
3042 736 3153 787 τῶν
3177 735 3444 788 τοσούτων
3475 732 3694 801 ἀγαθῶν
3715 733 3987 800 ἀμνήμων

2413 825 2522 894 ἐγὼ
2554 830 2935 896 γεγενημένος,
2976 828 3033 892 ἐξ
3058 829 3316 896 οὐδεμιᾶς
3340 827 3516 890 αἰτίας
3551 827 3777 894 εἱλόμην
3827 825 3990 876 πολε-

2418 921 2562 984 μεῖν,
2604 920 2696 970 καὶ
2727 922 2913 980 κακοῖς
2943 920 3267 988 ἀμείϐεσθαι
3315 924 3439 984 τοὺς
3498 925 3986 994 εύηργετηκόταςς

2415 1009 2639 1061 Πάντων
2674 1011 2772 1078 μέν
2803 1011 2850 1062 τ’
2881 1010 2946 1061 ἂν
2970 1011 3053 1079 εἴη
3077 1011 3453 1077 ἀτοπώτατον,
3486 1013 3701 1084 γλώττῃ
3756 1018 3854 1082 μὲν
3904 1017 3993 1067 οῦ·-

2415 1117 2522 1161 τως
2562 1101 2758 1153 εἰδέναι
2784 1102 2945 1169 χάριν
2968 1104 3079 1162 τοῖς
3102 1103 3524 1172 εὐπεποιηκόσι,
3585 1107 3680 1158 καὶ
3733 1107 3806 1176 μὴ
3857 1124 3990 1169 συγ-

2417 1189 2683 1258 κρύπτειν
2709 1190 2984 1257 αἱρεῖσθαι
3015 1191 3251 1257 τάγαθὰ,
3295 1191 3477 1259 ἔργοις
3527 1195 3583 1247 δὲ
3644 1196 3987 1263 ἀχαριστεῖν,

2420 1280 2514 1331 καὶ
2538 1279 2717 1349 ἐαυτῷ
2767 1282 3054 1349 φαίνεσθαι
3108 1283 3524 1345 ἐναντιώτατον,
3584 1284 3641 1346 ὃς
3698 1286 3815 1338 οὐδὲ
3857 1288 3994 1356 πρθις

2420 1372 2543 1430 τοὺς
2573 1369 2743 1420 πολλὰ
2784 1371 3316 1440 προσκεκρουκότας,
3350 1375 3443 1425 καὶ
3471 1374 3722 1438 μεγάλων
3756 1390 3993 1442 γεγενη-

2424 1462 2617 1530 μένους
2658 1462 2860 1519 αἰτίους
2894 1464 3210 1532 συμφορῶν,
3256 1463 3514 1531 τοιαύτην
3551 1463 3808 1516 οὐδέποτε
3860 1465 3997 1530 γνώ-

2426 1567 2532 1620 μην
2557 1550 2742 1619 ὥφθην
2771 1552 2930 1620 ἔχων·
2968 1553 3100 1604 ἀλλὰ
3153 1556 3244 1605 καὶ
3295 1555 3392 1622 τῆς
3425 1556 3673 1622 τοιαύτης
3710 1556 3995 1624 διαφορᾶς,

2425 1642 2516 1694 καὶ
2553 1641 2646 1693 τοῦ
2684 1642 3044 1711 κεκινημένου
3075 1643 3208 1712 πρὶς
3239 1645 3384 1712 ἡμᾶς
3414 1647 3530 1696 νυνὶ
3566 1645 3805 1713 πολέμου
3839 1647 3993 1697 αὐτοὶ

2424 1732 2524 1794 τὰς
2558 1734 2735 1795 αἰτίας
2761 1735 3016 1804 ὲξαρχῆς,
3045 1736 3137 1787 καὶ
3184 1736 3309 1803 ἄχρι
3362 1737 3456 1790 νῦν
3529 1739 3858 1807 παρέχεσθε,
3904 1740 3999 1791 καὶ

2425 1821 2580 1872 τοῦτο
2611 1821 2949 1890 πειράσομαι
2981 1826 3152 1876 ποιεῖν
3178 1825 3242 1877 ἐκ
3285 1825 3394 1876 τῶν
3437 1828 3778 1893 πραγμάτων
3842 1830 4001 1896 ἐναρ-

2427 1914 2543 1982 γές.
2609 1914 2696 1977 Ὠς
2754 1915 2859 1983 γὰρ
2918 1916 3246 1984 διατρίϐοντί
3292 1935 3379 1986 μοι
3436 1919 3565 1986 παρ’
3619 1921 3748 1987 ὑμῖν
3824 1919 4002 1972 ἐδόκει

2432 2005 2660 2067 σπονδὰς
2723 2009 2814 2059 καὶ
2864 2007 3064 2075 ὅρκους
3095 2008 3188 2060 ἐπὶ
3240 2011 3531 2079 συμμαχία
3581 2009 3849 2074 τίθεσθαι,
3909 2012 4002 2062 καὶ

2428 2095 2569 2150 οὕτω
2596 2097 2932 2168 παρέχεσθαι
2964 2100 3259 2168 πειρᾶσθαι
3325 2099 3422 2169 τὴν
3471 2100 3759 2168 ὠφέλειαν,
3810 2102 3874 2154 σὺ
3905 2103 4004 2171 μὲν

2434 2189 2623 2256 μισθὸν
2673 2190 2768 2256 τῆς
2797 2192 3112 2258 συμμαχίας
3176 2191 3326 2260 ﬁta;
3377 2191 3557 2252 πόλεις
3635 2191 3834 2254 πολλὰς
3911 2196 4007 2246 καὶ

2430 2280 2614 2346 χώραν
2670 2283 2734 2348 τῇ
2785 2279 3072 2348 Ῥωμαίων
3109 2283 3497 2350 προσήκουσαν
3537 2283 3810 2352 ἡγεμονία
3836 2299 3851 2313 ·
3890 2282 4004 2345 ἐγὼ

2431 2371 2486 2422 δὲ
2513 2370 2620 2422 οὐδ’
2645 2371 2761 2432 ὲνος
2793 2370 2901 2422 τῶν
2928 2371 3279 2438 φαυλοτάτων
3312 2372 3454 2427 τινὸς
3507 2374 3772 2442 φρουρίου
3832 2390 4008 2443 παρε-

2431 2462 2669 2531 χώρουν·
2695 2463 2811 2516 ἀλλ’
2840 2463 3025 2532 ἠξίουν
3049 2467 3251 2533 προῖκα
3303 2464 3542 2533 βοηθεῖν.
3580 2467 3656 2517 Οὐ
3714 2465 3824 2534 γὰρ
3875 2467 4008 2534 ὑμῖν

2432 2551 2571 2607 εἶναι
2623 2559 2782 2624 μόνον
2810 2558 3034 2623 ἀγεννὲς
3065 2558 3158 2608 καὶ
3212 2557 3579 2625 ἀνελεύθερον,
3631 2560 3726 2610 καὶ
3785 2559 4009 2623 ἀδοξίαν

2433 2648 2890 2719 προστριϐόμενον
2921 2649 3142 2718 πολλὴν,
3177 2651 3250 2720 μὴ
3279 2649 3367 2702 διὰ
3400 2650 3712 2719 φιλοτιμίαν
3761 2653 3862 2703 καὶ
3915 2668 4012 2718 φι-

2433 2741 2576 2802 λίαν,
2631 2741 2765 2794 ἀλλὰ
2815 2741 2991 2810 μισθῷ
3036 2741 3332 2803 δουλεύειν,
3376 2741 3512 2793 ἀλλᾶ
3559 2745 3652 2794 καὶ
3716 2743 3839 2811 ἐμοὶ
3901 2744 4013 2797 τῶν

2435 2831 2653 2884 πάντων
2687 2831 3113 2896 ἁδυνατὼτατον,
3183 2832 3284 2884 διὰ
3311 2831 3408 2902 τὴν
3475 2833 3716 2900 ἐμαυτοῦ
3765 2837 3864 2887 καὶ
3898 2834 4013 2887 τῶν

2438 2923 2707 2975 συνόντων
2758 2923 3027 2991 σωτηρίαν
3081 2923 3511 2994 καταπροΐεσθαι
3577 2924 3908 2993 Ῥωμαίους,
3960 2927 4012 2977 εἰ

2436 3013 2530 3065 καὶ
2557 3012 2999 3080 ἀγνωμονοῦντες
3031 3013 3252 3077 ἐκεῖνοι,
3301 3015 3392 3066 τὸν
3422 3015 3657 3082 πόλεμον
3681 3015 4013 3083 κεκινήκασι

2435 3103 2526 3155 τὸν
2557 3105 2694 3172 πρὸς
2729 3105 2847 3171 ἐμέ·
2872 3105 2932 3156 ού
2965 3105 3070 3174 γὰρ
3103 3104 3489 3170 καταδουλοῦν,
3523 3105 3638 3160 ἀλλ’
3687 3106 4016 3176 ἐλευθεροῦν

758 3207 1138 3275 concepimus,
1174 3218 1232 3262 ut
1272 3211 1568 3264 amicitiam
1620 3221 1677 3266 et
1727 3215 2044 3269 societatem
2084 3216 2137 3269 in
2181 3207 2384 3272 omniC

2451 3198 2543 3250 ὶπὸ
2583 3199 2694 3250 τῶν
2733 3199 3007 3267 πολεμίων
3038 3199 3238 3269 μᾶλλον
3295 3201 3530 3271 ὲξαρχῆς
3565 3218 3623 3254 τε
3675 3201 3861 3266 εὐθὺς,
3911 3204 4012 3255 καὶ

760 3297 872 3350 vita
901 3297 1209 3352 coleremus
1233 3339 1248 3362 ,
1281 3299 1528 3368 alterque
1563 3301 1819 3364 alterum,
1857 3311 1914 3355 ut
1943 3305 2174 3358 maxime
2207 3320 2336 3375 pos-

761 3398 868 3451 set,
907 3387 959 3439 in
1007 3395 1254 3457 tempore
1300 3391 1604 3459 adjuvaret.
1641 3391 1854 3460 Oppida
1884 3409 2016 3448 vero
2069 3404 2126 3450 et
2159 3397 2334 3466 regio-

763 3493 887 3531 nem
946 3477 1270 3542 Romanam,
1324 3492 1587 3549 quantam
1639 3482 1957 3537 Andronico
2005 3485 2333 3555 imperatore

764 3567 944 3622 adhuc
966 3570 1266 3637 superstite
1299 3580 1354 3624 tu
1389 3573 1524 3639 ipse,
1555 3581 1648 3627 aut
1681 3575 1914 3643 majores
1938 3576 2016 3628 tui
2057 3576 2336 3644 prioribus

765 3660 1194 3730 imperatoribus
1231 3665 1632 3732 abstulissent,
1677 3667 1838 3736 785
1892 3677 2095 3723 tantam
2143 3685 2336 3728 secure

767 3761 984 3808 teneres
1019 3771 1034 3808 ε
1067 3771 1166 3809 nec
1196 3766 1496 3825 propterea
1520 3773 1620 3827 ego
1645 3774 1794 3813 arma
1826 3774 2123 3827 sumerem,
2147 3779 2338 3833 quam-
2373 3774 2384 3782 ’

765 3843 848 3896 vis
881 3858 944 3898 ea
983 3860 1197 3914 possem
1237 3847 1334 3901 tibi
1378 3849 1618 3918 eripere.
1664 3850 1906 3907 Relictas
1967 3869 2142 3922 usque
2185 3856 2252 3909 ad
2285 3856 2337 3909 id

768 3941 983 4003 tempus
1007 3936 1191 4003 urbes,
1212 3938 1364 3992 nullo
1391 3939 1572 4002 modo,
1595 3955 1773 4009 neque
1794 3950 1936 4005 arte,
1969 3952 2064 3996 aut
2084 3944 2339 3998 machina

769 4023 876 4078 ulla
910 4024 1131 4080 auferre
1166 4028 1408 4083 niterere
1440 4047 1453 4082 :
1491 4030 1585 4084 sed
1642 4031 1804 4106 mihi,
1844 4031 1912 4086 ad
1968 4036 2338 4103 recuperatio-

767 4129 892 4168 nem
951 4117 1184 4172 Romani
1246 4118 1633 4188 principatus,
1693 4137 1795 4191 pro
1851 4122 2107 4179 facultate
2150 4133 2340 4178 contra

769 4205 1116 4263 adversarios
1173 4225 1326 4266 meos
1386 4211 1656 4267 dimicans
1704 4227 1935 4268 navares
1968 4229 2193 4284 operam
2231 4232 2244 4280 ;
2286 4225 2342 4270 et

770 4307 961 4368 captas
995 4299 1241 4368 quidem,
1277 4309 1370 4355 aut
1398 4301 1614 4356 deditas
1644 4317 1732 4357 me
1761 4315 2027 4373 praesente
2056 4320 2155 4374 ego
2177 4305 2342 4360 hahe-

770 4403 888 4441 rem
909 4389 1026 4444 sine
1049 4393 1428 4447 controversia
1451 4411 1464 4446 :
1492 4394 1576 4447 sin
1607 4395 1954 4465 contingeret
1987 4411 2070 4450 me
2092 4396 2338 4464 absente,

771 4490 866 4535 aut
908 4482 1086 4552 ipsum
1120 4492 1171 4538 te
1197 4523 1212 4548 ,
1245 4493 1342 4538 aut
1386 4485 1740 4556 dynastarum
1773 4497 1993 4541 tuorum
2031 4489 2339 4558 quempiam

2441 3290 2567 3358 ἇχρι
2622 3289 2718 3343 νῦν
2789 3291 3025 3358 μάλιστα
3087 3291 3323 3361 σπουδὴν
3387 3290 3670 3360 ποιοῦμαι,
3730 3291 3901 3355 εὐθύς
3956 3309 4018 3345 τε

2439 3382 2843 3450 ἁπεφαινόμην,
2881 3382 2957 3444 ὡς
2984 3383 3033 3434 εί
3086 3383 3184 3451 μὲν
3237 3382 3421 3452 δοκοίη
3468 3383 3555 3435 διὰ
3614 3383 3800 3450 φιλίαν
3843 3383 4016 3453 μόνην

2441 3471 2890 3542 καιφιλοτιμίαν
2916 3471 3150 3542 βοηθεῖν·
3221 3475 3270 3526 εί
3316 3473 3372 3526 δὲ
3421 3474 3517 3543 μὴ,
3570 3474 3688 3525 ἀλλ’
3720 3474 3893 3527 αὐτόν
3953 3492 4019 3541 γε

2442 3561 2888 3632 καταπράξεσθαι
2942 3564 3296 3634 ἀνελεύθερον
3336 3565 3511 3626 οὐδὲν,
3569 3566 3691 3617 οὐδὲ
3741 3565 4019 3634 προδότην

2444 3650 2730 3718 φανεῖσθαι
2788 3650 3072 3720 Ῥωμαίων
3126 3651 3234 3704 τῶν
3272 3652 3584 3722 ὁμοφύλων·
3639 3653 3758 3706 ἀλλ’
3782 3654 4022 3725 αἱρήσει

2447 3741 2572 3794 σθαι
2603 3740 2802 3809 μᾶλλον
2830 3740 2990 3805 αὐτὸς
3025 3743 3382 3808 ἀπόλλυσθαι,
3445 3745 3540 3798 καὶ
3570 3746 3736 3798 τέκνα
3789 3748 3886 3799 καὶ
3944 3751 4024 3800 oi-

2445 3829 2645 3890 κείους,
2679 3829 2827 3898 ἣδιὰ
2875 3831 2971 3899 τὴν
3003 3832 3062 3884 ὲν
3120 3831 3198 3900 τῷ
3229 3833 3459 3901 παρόντι
3519 3835 3708 3903 χρείαν
3797 3837 4023 3901 ἀδοξίας

2443 3921 2746 3990 ἀείμνηστα
2781 3924 3020 3991 μνημεῖα
3063 3925 3171 3986 τοῖς
3198 3925 3480 3978 εἰσέπειτα
3523 3926 3822 3996 Ῥωμαίοις
3855 3946 4026 3982 κατα-

2445 4013 2680 4068 λείπειν.
2718 4014 2784 4064 Ἀ
2813 4012 2989 4066 ἐδόκει
3022 4013 3116 4066 καὶ
3150 4015 3233 4066 σοὶ
3285 4017 3423 4084 μετὰ
3467 4018 3729 4084 γυναικὸς
3767 4019 4026 4087 βουλευο-

2450 4105 2595 4175 μένῳ
2628 4105 2722 4158 καὶ⁴
2748 4105 2856 4158 τῶν
2879 4107 2936 4157 έν
2967 4105 3110 4159 τέλει
3161 4105 3349 4162 δίκαιά
3369 4125 3428 4161 τε
3480 4104 3645 4175 εἶναι,
3690 4114 3786 4163 καὶ
3817 4112 4026 4179 πολλὴν

2447 4195 2663 4248 οἴσοντα
2729 4196 3041 4266 φιλοτιμίαν
3075 4197 3272 4267 ὲμοίτε
3325 4198 3530 4269 ὁμοίως
3585 4201 3683 4254 καὶ
3731 4203 3883 4270 ὑμῖν
3931 4207 4028 4258 καὶ

2452 4285 2792 4353 συνεθέμεθα
2820 4285 2919 4349 τὰς
2961 4287 3217 4350 σπονδὰς,
3252 4287 3495 4350 καὶτοὺς
3522 4290 3724 4359 ὅρκους
3757 4292 3854 4344 ἐπὶ
3905 4293 4030 4344 τού-

2448 4393 2581 4441 τοις,
2644 4375 2783 4428 ὦστε
2827 4376 3014 4444 φίλους
3040 4376 3294 4447 ἀλλήλοις
3349 4373 3489 4432 εἶναι
3549 4381 3644 4433 καὶ
3695 4384 4030 4452 συμμάχους

2449 4465 2539 4519 διὰ
2571 4465 2708 4536 βίου,
2740 4467 2832 4519 καὶ
2863 4465 3086 4534 βοηθεῖν.
3104 4466 3363 4537 ἑκάτερον
3385 4467 3670 4537 ὲτέρῳ,ὡς
3697 4469 3763 4522 ἂν
3790 4473 4031 4538 μάλιστα

771 4574 964 4628 urbem
1001 4575 1240 4645 aliquam
1291 4577 1665 4632 Romanorum
1716 4589 1811 4633 aut
1861 4556 2215 4649 proditione,—
2251 4556 2384 4635 aut]

2452 4559 2567 4628 ἔχοι
2637 4558 2910 4629 καλούσης
2962 4560 3169 4631 χρείας·
3225 4561 3407 4624 πόλεις
3462 4562 3642 4615 δὲκαὶ
3688 4563 3878 4634 χώραν
3931 4567 4032 4636 τὴν

771 4663 1087 4725 obsidione,
1112 4674 1207 4719 aut
1237 4667 1514 4734 corruptis
1545 4666 1836 4736 largitione
1856 4667 2092 4733 civibus,
2128 4678 2222 4723 aut
2242 4670 2348 4724 alia

770 4753 1006 4822 quadam
1047 4755 1256 4807 ratione
1287 4769 1584 4823 occupare,
1620 4756 1755 4809 mihi
1777 4758 2183 4822 restitueretur,
2220 4759 2348 4812 nul-

773 4843 974 4912 lusque
1011 4845 1270 4898 obtentus
1305 4845 1372 4898 ad
1407 4845 1578 4899 ullum
1619 4845 1904 4900 auferendi
1952 4847 2172 4900 modum
2203 4845 2351 4901 suffi-

774 4944 948 4990 ceret.
979 4935 1158 5005 Atque
1210 4935 1352 4991 istuc
1385 4935 1619 5005 probare
1646 4937 1930 4992 evidenter
1959 4938 2088 4993 licet
2108 4955 2174 4993 ex
2200 4939 2354 5010 jura-

774 5026 977 5080 mentis
1011 5026 1065 5079 in
1102 5027 1312 5081 tabulas
1344 5027 1554 5090 relatis,
1592 5029 1796 5098 quibus
1831 5037 1961 5084 tunc
1991 5029 2170 5084 fmdus
2208 5030 2353 5084 inter

781 5131 885 5171 nos
908 5117 1076 5172 ictum
1104 5120 1356 5185 sanxisti,
1397 5122 1766 5189 praesentibus
1790 5122 2206 5192 archiepiscOpo
2235 5133 2351 5188 tuo,

779 5213 832 5258 et
881 5204 950 5257 iis
993 5205 1086 5274 qui
1139 5221 1286 5259 nunc
1333 5221 1518 5261 coram
1568 5208 1788 5272 adsunt,
1827 5209 2174 5277 principibus
2223 5209 2351 5264 tuis.

773 5292 1202 5351 Consideremus
1229 5297 1438 5366 itaque,
1469 5307 1588 5352 uler
1617 5301 1928 5370 juramenta
1961 5301 2062 5354 ista
2094 5302 2349 5365 servarit,

777 5401 976 5456 egone,
1015 5403 1178 5457 quem
1212 5399 1268 5442 tu
1297 5399 1460 5445 tanta:
1491 5391 1854 5459 improbitatis
1908 5399 1964 5445 ct
1995 5401 2102 5446 tam
2130 5394 2356 5462 ingrata:

777 5477 1082 5533 voluntatis
1110 5489 1279 5547 atque
1311 5483 1536 5536 sceleris
1577 5483 1630 5543 in
1676 5484 1881 5539 amicos
1902 5525 1916 5549 ,
1946 5494 2002 5538 et
2031 5484 2356 5538 insatiabilis

777 5569 1063 5638 cujusdam
1116 5571 1437 5640 cupiditatis
1481 5590 1706 5630 accusas
1745 5594 1758 5629 :
1794 5591 1860 5629 an
1894 5583 1974 5638 tu,
2013 5578 2106 5645 qui
2138 5577 2352 5631 scilicet

781 5661 1024 5714 alienum
1051 5662 1188 5716 nihil
1221 5665 1594 5734 concupiscis,
1624 5667 1715 5721 sed
1755 5667 2051 5721 amicitiam
2095 5678 2356 5721 constan-

784 5765 866 5806 tcr
894 5754 1052 5820 colis,
1087 5764 1139 5809 et
1179 5758 1333 5824 quasi
1370 5758 1648 5827 quoddam
1677 5759 1802 5813 vita:
1826 5759 2138 5812 institutum
2162 5768 2316 5814 tenes
2341 5799 2354 5822 ,

783 5854 843 5899 ut
879 5861 986 5900 non
1022 5846 1180 5905 facile
1212 5866 1335 5904 cum
1373 5861 1618 5922 tempore
1649 5850 2024 5918 commuteris,
2053 5864 2232 5921 neque
2265 5865 2355 5907 sc-

2450 4652 2556 4704 ΰπδ
2605 4651 2918 4722 Ῥωμαίοις,
2953 4653 3085 4721 ὅσης
3115 4651 3217 4720 μὲν
3257 4653 3417 4716 αὐτὸς
3449 4653 3716 4722 βασιλέως
3755 4655 3836 4707 ἔτι
3873 4673 4036 4726 περι-

2449 4743 2603 4807 ὁντος
2637 4743 2979 4812 Ἀνδρονίκου
3024 4743 3057 4813 ἢ
3089 4744 3138 4795 oi
3190 4743 3451 4812 πρόγονοι
3509 4744 3801 4812 ἀφείλοντο
3835 4749 3904 4800 ἐκ
3922 4749 4034 4800 τῶν

2453 4837 2735 4908 προτέρων
2802 4835 3087 4905 βασιλέων,
3128 4835 3337 4903 ταύτην
3384 4835 3529 4903 ἔχειν
3585 4836 3877 4904 ἀσφαλῶς,
3937 4838 4035 4890 καὶ

2456 4926 2661 4996 μηδένα
2688 4925 2923 4994 πόλεμον
2949 4923 3046 4992 ἐμὲ
3074 4925 3244 4976 κινεῖν
3274 4927 3402 4993 περὶ
3431 4924 3626 4994 αὐτῆς,
3651 4924 3757 4978 κᾶν
3777 4925 4035 4997 δύνωμαι

2453 5016 2824 5087 ἀφαιρεῖσθαι·
2853 5015 2951 5077 τὰς
2984 5013 3064 5067 ἑτι
3103 5013 3163 5066 ’δὲ
3216 5013 3654 5083 ὑπολειπομένας
3707 5017 3840 5086 ἄχρι
3889 5019 4034 5082 τότε,

2457 5109 2649 5179 μηδενὶ
2677 5108 2862 5176 τρόπῳ
2894 5107 3032 5177 μήτε
3073 5106 3259 5176 τέχνη,
3305 5107 3446 5176 μήτε
3500 5111 3724 5178 μηχανῇ
3789 5111 4038 5182 μηδεμιᾷ

2455 5198 2753 5269 πειρᾶσθαι
2800 5197 3181 5267 ἀφαιρεῖσθαι,
3241 5196 3355 5249 ἀλλ’
3389 5198 3518 5266 ἐμοὶ
3604 5199 3706 5266 τὴν
3740 5197 4037 5267 Ῥωμαίων

2455 5292 2757 5362 ἡγεμονίαν
2785 5289 3270 5359 συγκατακτᾶσθαι
3315 5289 3444 5360 ἄχρι
3491 5290 3586 5342 καὶ
3643 5291 3743 5342 τοῦ
3804 5292 4037 5345 δυνατοῦ

2457 5384 2798 5454 πολεμοῦντα
2865 5385 2980 5446 τοῖς
3044 5384 3172 5452 ἐμοὶ
3225 5384 3614 5451 ἀνθεστηκόσι,
3656 5384 3754 5436 καὶ
3800 5386 3903 5449 τὰς
3943 5387 4040 5455 μὲν

2456 5475 2841 5545 ἁλισκομένας,
2875 5475 2907 5544 ἢ
2939 5474 3332 5544 προχωρούσας
3363 5472 3498 5542 ἐμοῦ
3552 5475 3851 5544 παρόντος,
3910 5477 4043 5530 ταύ-

2457 5584 2555 5628 τας
2580 5567 2728 5634 ἔχειν
2755 5566 2854 5636 ἐμὲ
2887 5563 3300 5627 ἀνενδοιάστως.
3353 5565 3416 5618 Ei
3477 5566 3535 5618 δέ
3593 5581 3726 5619 ποτε
3784 5568 4036 5639 συμϐαίη

2459 5659 2554 5711 καὶ
2619 5659 2867 5723 ἀπόντος,
2925 5655 2958 5726 ἢ
3017 5656 3198 5720 αὑτὸν,
3233 5655 3402 5726 ἢτῶν
3456 5656 3562 5710 ὑπὸ
3619 5657 3681 5710 σὲ
3733 5659 4042 5714 τελούντων

2461 5751 2708 5804 δυνατῶν
2747 5767 2889 5816 τινα,
2924 5750 3079 5802 πόλιν
3115 5751 3408 5820 κατασχεῖν
3433 5749 3681 5817 ὑπήκοον
3715 5749 4038 5820 Ῥωμαίοις,

2460 5846 2492 5916 ἢ
2553 5845 2833 5916 προδοσίᾳ,
2889 5843 2921 5913 ἦ
2985 5843 3292 5914 πολιορκίᾳ,
3358 5842 3391 5912 ἢ
3450 5842 3852 5915 διαφθείραντα
3909 5844 4040 5909 τεὺς
