4226 6444
185 440 285 506 161

1338 438 1886 504 HISTORIARUM
1927 443 2156 504 LIBER
2208 444 2304 503 IV.

3362 449 3462 514 162

170 554 320 608 ἐνξον
342 553 639 622 χρήμασιν,
667 550 908 622 ῆτρόπῳ
934 549 997 619 δή
1027 567 1133 603 τινι
1167 549 1362 621 ἑτέρῳ,
1400 553 1583 616 πασας
1638 555 1775 624 ἐμοὶ

1888 556 1992 610 mel
2017 556 2239 613 decreta
2271 571 2368 629 per
2402 555 2676 612 ueritatem
2705 563 2994 611 retractes.
3024 554 3291 625 Equidem
3325 559 3459 612 mihi

171 646 508 709 ἀποδιδόναι,
533 648 628 700 καὶ
658 644 933 715 μηδεμίαν
952 645 1231 713 πρόφασιν
1259 645 1452 716 ἀρκεῖν
1472 646 1565 696 ἐπὶ
1594 646 1764 714 μηδε-

175 758 234 805 μι
247 742 308 800 i;
348 738 740 807 ἀποστερήσει,
770 737 862 789 καὶ
879 735 1086 789 τούτων
1099 735 1182 800 Ξξε
1194 736 1605 804 στινιαπόδειξιν
1622 753 1698 790 πα
1711 754 1772 806 pr

171 832 320 899 ἐχειν
340 830 550 898 ἐναργῆ
694 828 809 881 τῶν
875 829 1368 898 ἐγγράφωνὸρκων
1388 829 1636 892 τουτωνὶ,
1677 829 1773 894 οὒς

172 925 423 992 ἐποιήσω
445 923 566 975 τότε
605 922 737 991 πρὸς
767 920 864 989 ἐμὲ
894 922 952 974 ἐν
1006 924 1126 983 ταῖς
1179 919 1478 990 συνθήκαις
1505 924 1774 990 παρόντος

175 1013 616 1082 ἀρχιεπισκόπου
640 1009 734 1062 τού
762 1011 878 1073 σου,
907 1011 1001 1062 καὶ
1018 1009 1123 1062 τῶν
1145 1008 1262 1061 νυνὶ
1282 1012 1567 1078 παρόντων
1583 1007 1772 1066 ἐνθᾶδε

174 1112 408 1158 τουτωνὶ
437 1104 546 1156 τῶν
569 1103 674 1155 ύπδ
704 1103 758 1156 σέ
777 1102 1077 1171 ἐπιιιςανῶν.
1101 1101 1436 1171 Σκεψώμεθα
1453 1103 1517 1172 δὴ
1538 1103 1633 1157 οὖν
1651 1105 1776 1158 ὁπό-

176 1217 335 1268 τερος
354 1199 600 1266 ἐνέμεινε
622 1198 730 1259 τοῖς
749 1198 932 1266 ὅρκοις
951 1197 1185 1258 τούτοις⁸
1216 1191 1302 1266 ἆρ’
1324 1197 1350 1248 ὁ
1375 1194 1578 1267 πολλὴν
1599 1198 1777 1263 ἀγνω.

178 1291 420 1360 μοσύνην
442 1289 537 1341 καὶ
557 1289 880 1358 ἀχαριστίαν
898 1287 1372 1357 κατηγορούμενος
1394 1286 1526 1354 ἐγὼ,
1555 1291 1648 1342 καὶ
1677 1308 1775 1342 κα-

176 1385 271 1446 κός
299 1400 366 1435 πε
380 1383 432 1452 pi
458 1384 590 1445 τοὺς
611 1383 821 1450 φίλους,
848 1383 938 1436 καί
963 1383 1269 1451 ἀπληστίας
1283 1383 1442 1455 δίκην
1468 1385 1705 1450 φεύγων,
1742 1387 1772 1457 ἢ

181 1478 244 1529 σὺ
276 1475 447 1542 ὀστῶν
470 1475 768 1542 ἀλλοτρίων
814 1474 1041 1542 μηδενὸς
1060 1474 1363 1542 ἐπιθυμῶν,
1402 1475 1538 1527 ἀλλὰ
1561 1476 1775 1544 βέϐαιος

176 1585 243 1620 πε
255 1569 310 1634 ρὶ
329 1571 456 1631 τοὶς
477 1568 688 1634 πίλους,
705 1568 797 1618 καὶ
815 1568 1002 1636 ὥσπερ
1026 1568 1303 1620 πολιτείαν
1322 1567 1408 1622 δια
1430 1569 1545 1636 βίου
1574 1568 1775 1637 μετιὼν

176 1661 236 1709 τὸ
259 1660 338 1728 μὴ
367 1657 922 1726 συμμεταϐἁλλεσθαι
946 1658 1265 1728 ῥαδίωςτοῖς
1284 1663 1517 1728 καιροῖς,
1543 1662 1677 1727 μηδὲ
1709 1664 1776 1714 τὰ

178 1751 420 1814 εἰσάπαξ
459 1749 811 1819 ἐψηφισμένα
840 1751 1058 1818 τρόπων
1083 1750 1303 1820 εὐκολία
1327 1751 1582 1805 διαλύων.
1625 1754 1778 1822 Ἐμοὶ

181 1844 283 1911 μὲν
309 1843 480 1907 δοκεῖ,
515 1843 641 1911 μήτ’
670 1841 926 1911 εὐορκίας
959 1841 1057 1910 ἐμὲ
1105 1843 1200 1895 καὶ
1236 1841 1588 1913 βεϐαιότητος
1648 1845 1777 1915 περὶ

178 1934 308 1994 τοὺς
344 1933 554 2001 φίλους,
592 1933 688 1984 και
735 1931 1152 2003 εὐγνωμοσύνης
1185 1935 1349 2003 μηδὲν
1367 1935 1561 2004 δεῖγμα
1597 1953 1775 2007 παρα-
1807 1907 1853 1965 Β

178 2025 417 2089 λείπειν,
458 2025 596 2094 μήτε
671 2024 730 2076 σὲ
779 2023 1084 2092 ἀπληστίας
1115 2068 1130 2091 ,
1191 2027 1284 2079 καὶ
1335 2028 1639 2097 ἐπιορκίας,
1683 2031 1776 2082 καὶ

181 2120 313 2184 περὶ
376 2119 505 2180 τους
547 2117 735 2185 ςίλους
791 2116 1175 2181 ἀπιστίαςιὼς
1233 2119 1340 2190 γὰρ
1397 2123 1666 2190 ἐγενόμην
1716 2125 1775 2174 ἐν

177 2208 443 2278 Βερῤοίᾳ,
479 2209 570 2260 καί
605 2225 750 2272 τινες
782 2209 1034 2279 πολίχναι
1067 2213 1453 2281 προσεχώρουν
1487 2213 1614 2281 περὶ
1674 2215 1774 2266 αἱ..

177 2293 281 2362 τὴν
311 2295 406 2345 καὶ
442 2295 727 2355 Θετταλία,
763 2297 870 2363 ἐγὼ
905 2298 1003 2366 μὲν
1033 2299 1096 2350 ἐκ
1129 2300 1238 2352 τῶν
1285 2302 1514 2355 ἐνόντων
1542 2302 1777 2372 ἐπειρῶ-

181 2404 294 2456 μην
328 2386 523 2451 αὔξειν
547 2387 642 2457 τήν
674 2389 870 2458 ἀρχὴν,
907 2390 1000 2442 καὶ
1035 2384 1295 2460 στρατιὰν
1328 2393 1602 2463 ἠθροικὼς
1642 2397 1774 2464 ὅσην

186 2480 432 2548 μάλιστα
465 2479 615 2548 ἐξῆν,
648 2479 787 2550 ἔχων
822 2482 914 2534 καὶ
950 2481 1267 2552 Γερμανοὺς
1298 2488 1424 2549 τοὺς
1471 2488 1619 2556 παρὰ
1653 2487 1770 2555 σού,

182 2562 321 2638 ἧκον
358 2571 440 2632 εἰς
473 2571 880 2642 Θεσσαλονίκην
915 2573 1020 2625 ὑπὸ
1055 2574 1164 2627 τῶν
1204 2577 1372 2646 φίλων
1411 2580 1773 2650 κεκλημένος.

181 2659 252 2711 ΣΞ)
286 2660 342 2713 δὲ
378 2661 577 2715 αύτίκα
629 2661 1009 2726 ἐπεϐούλευες,
1077 2667 1349 2736 μηδεμίαν
1405 2672 1580 2723 αἰτίαν
1639 2673 1777 2741 μηδὲ

182 2745 466 2814 πρόςξασιν
496 2749 631 2817 πρὶς
681 2750 770 2802 τον
801 2751 1036 2821 πόλεμον
1071 2759 1502 2827 παρασχομένῳ,
1545 2762 1779 2822 καὶτοῖς

179 2857 237 2892 τε
268 2839 724 2892 θεσσαλονικεύσι
749 2841 1130 2906 συνεϐούλευες
1165 2846 1485 2910 ἐπεξιέναι,”
1533 2851 1621 2901 καὶ
1649 2850 1780 2918 Γερ-

183 2931 393 2999 μανοὺς
409 2931 533 2993 τοὺς
553 2931 677 2993 σοὺς
695 2931 960 2985 ἀνεκαλοῦ
985 2934 1268 3003 ἀπ’,αύτῆς
1289 2940 1385 3004 τῆς
1417 2941 1782 3004 παρατάξεως

184 3023 371 3092 σχεδόν
393 3039 408 3053 ·
432 3023 465 3076 Ξι
508 3019 646 3076 εἶναι
676 3023 1102 3092 πολεμιωτάτου,
1123 3028 1169 3080 εἰ
1196 3027 1271 3098 μή
1303 3030 1452 3097 σύγε,
1477 3033 1640 3086 ἀλλὀἱ
1677 3052 1781 3089 πα-

183 3117 373 3185 ρόντες
441 3116 678 3180 ἅπαντες
725 3119 929 3188 ἐροῦσι.
962 3121 1380 3192 Ἀναστρὲφοντι
1433 3125 1488 3178 δὲ
1547 3127 1776 3196 ἐκεῖθεν,

751 3210 830 3231 1—!
852 3211 939 3231 _‘_..
966 3210 1009 3231 ἰ
1034 3211 1054 3226 ν

182 3207 452 3278 στρατιὰν
476 3208 726 3277 ἔπεμψας
747 3210 939 3263 ἐπἰτὸν
966 3210 1166 3276 Ἀξειον
1197 3213 1512 3268 κωλύουσαν
1538 3219 1672 3288 πρὸς
1692 3220 1782 3274 τὸν

1881 647 2069 703 videor
2117 649 2327 704 nullum
2389 649 2673 720 religionis
2702 691 2717 716 ,
2760 649 3086 704 constantiae
3113 687 3130 715 ,
3193 651 3464 718 :rquitatis

1881 753 2082 796 munus
2123 756 2250 813 erga
2287 742 2497 796 amicos
2551 742 2976 810 praetermisisse
3015 761 3028 796 :
3060 755 3244 810 neque
3274 742 3459 796 arari.

1879 833 1967 887 tia:
1996 849 2153 895 mete,
2203 833 2432 904 perjurii
2466 842 2520 889 et
2560 834 2900 888 inﬁdelitatis
2933 835 2986 888 in
3012 835 3237 889 eosdem
3287 834 3460 889 ullum

1878 935 2262 994 argumentum
2305 935 2506 980 exstat.
2542 925 2676 981 Cum
2703 925 2850 979 enim
2881 925 3156 981 Berrhmae
3187 941 3460 986 versarer,

1880 1017 2155 1086 urbesque
2202 1017 2446 1071 finitima:
2481 1018 2728 1088 quanlant
2784 1017 2849 1070 ad
2915 1033 3000 1072 me
3057 1017 3458 1081 desciscerent,

1878 1123 1979 1177 ego
2013 1106 2273 1178 quideun,’
2299 1118 2358 1162 ut
2389 1125 2476 1162 res
2509 1109 2739 1172 ferebat,
2775 1124 2976 1178 angere
3024 1108 3318 1175 imperium
3370 1125 3463 1162 eu-

1880 1197 2073 1260 nabar.
2105 1210 2161 1254 et
2193 1200 2438 1254 collectis
2468 1209 2701 1268 quantas
2735 1210 2982 1265 poteram
3018 1199 3218 1268 copiis,
3254 1199 3464 1252 habens

1878 1299 1934 1343 et
1961 1291 2268 1345 Germanos
2327 1291 2424 1345 abs
2476 1303 2525 1345 te
2578 1292 2712 1345 mihi
2750 1293 2968 1354 missos,
3007 1293 3462 1347 Thessalonicam

1881 1381 2190 1434 amicorum
2236 1381 2508 1437 aceersitu
2567 1382 2711 1434 veni.
2761 1381 2840 1436 Tu
2882 1398 3006 1435 mox
3066 1381 3214 1434 nulla
3253 1398 3460 1444 causa.

1883 1471 2030 1525 nulla
2090 1474 2382 1527 occasione
2432 1490 2461 1528 a
2521 1490 2606 1528 me
2665 1475 2890 1543 pra-hita
2947 1474 3082 1528 mihi
3132 1475 3462 1539 insidiatus,

1881 1562 2489 1627 TliesSaloniccnsilms,
2546 1574 2604 1617 ut
2636 1564 2689 1616 iu
2725 1579 2811 1616 me
2848 1565 3023 1623 irent,
3059 1571 3255 1617 auctor
3287 1562 3462 1628 fuisti,

1882 1651 2299 1722 Germanosque
2328 1664 2452 1706 tuos
2476 1668 2542 1706 ex
2575 1653 2690 1721 ipsa
2712 1655 3112 1720 propemodum
3150 1653 3266 1706 acie
3302 1669 3464 1706 revo-

1885 1746 2044 1799 casti.
2077 1746 2208 1812 Qua:
2243 1746 2490 1816 profecto
2525 1745 2988 1813 importuniSsinii
3025 1747 3198 1799 hOstis
3229 1761 3374 1809 esse,
3416 1747 3459 1800 si

1885 1844 1940 1888 tu
1972 1852 2080 1890 non
2131 1837 2304 1904 dicas,
2362 1849 2416 1891 at
2456 1838 2643 1892 dicent
2676 1848 2946 1908 quotquot
3005 1838 3092 1890 hic
3125 1849 3325 1892 astant.
3383 1839 3463 1892 Me

1882 1938 2067 1981 autem
2102 1927 2231 1982 inde
2263 1940 2636 1983 revertentem
2669 1970 2682 1992 ,
2739 1947 2962 1984 manum
2999 1931 3065 1982 ad
3123 1932 3320 1984 Axium
3357 1931 3461 1982 ilu-

1881 2035 2028 2084 men,
2066 2021 2299 2075 transitu
2338 2037 2421 2076 me
2473 2023 2885 2092 prohibiturum
2921 2023 3138 2085 misisti,
3170 2035 3223 2077 et
3254 2034 3460 2076 tantum

1881 2126 2002 2163 non.
2045 2120 2138 2164 tua
2198 2111 2314 2181 ipse
2366 2127 2530 2166 manu
2595 2112 2850 2166 hostibus
2906 2129 2992 2166 nte
3045 2114 3342 2166 tradidisii.
3390 2113 3462 2165 I-o

1880 2203 2028 2256 enim
2067 2204 2412 2259 necessitatis
2449 2205 2683 2274 adegisti
2717 2247 2729 2268 ,
2791 2215 2848 2259 ut
2889 2205 2994 2259 nisi
3034 2207 3177 2261 Deus
3229 2207 3464 2276 desuper

1879 2309 2099 2347 manum
2131 2309 2283 2348 suam
2318 2294 2385 2349 ad
2416 2294 2620 2349 ﬂunien
2654 2297 3041 2365 trajiciendum
3078 2299 3417 2352 cxtemlisset
3447 2351 3460 2371 ν

1879 2400 1908 2438 a
1941 2384 2294 2441 circumfusis
2325 2387 2492 2441 simul
2519 2387 2786 2442 Romanis
2837 2399 3003 2456 atque
3037 2389 3286 2442 barbaris
3314 2391 3460 2443 nulia

1878 2492 2002 2531 cum
2055 2485 2244 2531 nostra
2281 2477 2454 2547 gloria
2488 2478 2708 2532 delendi
2764 2478 3036 2533 fuerimus
3081 2495 3095 2533 :
3145 2481 3312 2550 786
3355 2491 3460 2534 tam

1880 2568 2142 2636 prazclare
2179 2577 2234 2622 tu
2278 2568 2703 2638 jusjurandum,
2744 2569 2910 2639 idque
2951 2573 3002 2623 in
3037 2570 3250 2624 litteras
3287 2587 3464 2640 nuper

1883 2661 2118 2714 relatum
2153 2663 2479 2731 prastitisti.
2527 2661 2638 2716 Nec
2679 2662 3042 2717 clandestinis
3078 2663 3296 2717 insidiis
3327 2679 3463 2716 con-

1882 2761 2085 2815 tentus,
2119 2755 2283 2807 etiam
2308 2754 2651 2822 Apoeauchi,
2674 2754 2914 2808 hominis
2957 2753 3204 2818 ventosi,
3240 2753 3465 2821 ﬁgmen-

1883 2846 1954 2899 tis
1984 2845 2241 2909 credens,
2273 2855 2330 2900 et
2353 2846 2590 2914 pecunia
2615 2845 2683 2900 ab
2718 2846 2833 2910 illo,
2864 2854 2924 2899 ut
2948 2845 3190 2908 aiebant,
3215 2856 3460 2914 accepta,

1886 2939 2099 2994 hostem
2132 2953 2220 2993 me
2253 2939 2430 3008 palam
2475 2939 2792 3005 declarasti,
2821 2955 2982 3008 quem
3021 2938 3075 2992 in
3101 2939 3464 3008 jurejurando

1884 3031 2096 3084 socium
2129 3043 2350 3099 semper
2407 3039 2571 3100 atque
2604 3031 2842 3086 amicum
2879 3031 3200 3086 habiturum
3232 3041 3296 3085 .te
3323 3031 3465 3085 scri-

1887 3119 1992 3173 bis.
2027 3119 2153 3175 llaec
2183 3120 2278 3190 qui
2319 3119 2506 3184 faciat,
2556 3137 2656 3176 nec
2708 3131 2762 3176 ιιι
2819 3137 2968 3187 eum,
3018 3122 3236 3191 Opinor,
3267 3124 3464 3192 juratis

1887 3221 2036 3267 stare
2084 3212 2461 3268 aﬂirmaveris.
2519 3215 2749 3286 Insuper
2788 3215 2999 3270 litteras
3032 3215 3310 3279 mittebas,
3339 3217 3464 3285 qui-

184 3303 381 3367 πόρον,
403 3301 498 3355 καὶ
528 3304 811 3373 μονονουχὶ
832 3305 944 3369 τοῖς
967 3305 1248 3376 πολεμίοις
1267 3309 1580 3382 αὐτοχειρία
1607 3330 1778 3381 παρε-

1890 3303 1993 3359 bus
2046 3319 2236 3374 pacem
2294 3314 2351 3360 et
2395 3307 2698 3362 amicitiam
2734 3317 2923 3377 aperte
2968 3308 3351 3374 renuntiabas,
3409 3319 3465 3363 et

177 3391 341 3455 δίδως
367 3409 380 3421 ·
410 3393 472 3455 ἐς
500 3395 768 3465 τοσαύτην
813 3397 922 3465 γὰρ
968 3399 1312 3468 κατέστησας
1338 3402 1609 3471 ἀνάγκην,
1635 3405 1776 3459 ὥστε

182 3486 230 3534 εἰ
259 3483 338 3553 μὴ
359 3484 494 3547 Θεὸς
527 3485 732 3539 ἄνωθεν
765 3487 1033 3559 ὑπερέσχε
1071 3493 1226 3561 χεῖρα
1253 3493 1388 3562 πρὸς
1421 3495 1516 3562 τὴν
1534 3496 1778 3550 διάϐασιν

182 3575 279 3626 τοῦ
337 3577 612 3647 ποταμοῦ,
663 3580 978 3650 ἀπωλόμεθ’
1001 3583 1067 3636 ἂν
1135 3585 1338 3649 πάντες
1407 3588 1619 3651 ἀκλεῶς
1674 3591 1778 3642 ὑπὸ

188 3665 601 3738 περιχυθέντων
640 3669 776 3739 όμού
826 3671 1115 3740 Ῥωμαίων
1148 3675 1242 3727 κα)⁵
1271 3676 1587 3747 βαρϐάρων.
1618 3680 1776 3733 Οὕτω

189 3762 322 3822 τοὺς
347 3763 548 3830 ὅρκους
572 3761 901 3833 διετήρησας
930 3765 1197 3836 ἀκριϐῶς,
1240 3769 1336 3821 καὶ
1380 3769 1551 3823 ταῦτα
1575 3772 1633 3824 ού
1672 3773 1777 3842 πρὸ

186 3846 386 3904 πολλοῦ
421 3851 513 3904 τοῦ
543 3853 734 3923 χρόνου
757 3857 1200 3924 γεγραμμένους.
1236 3858 1310 3910 Ού
1359 3859 1466 3928 μὴν
1501 3862 1778 3930 ἠρκέσθης

186 3942 420 4010 ἀφανῶς
473 3943 844 3998 ἐπιϐουλεύειν
882 3948 1063 4014 μόνον,
1118 3948 1234 4000 ἀλλ’
1275 3948 1617 4021 Ἀποκαύχου
1669 3955 1779 4015 τοῖς

191 4036 432 4103 κόμποις
501 4036 737 4100 καὶτοῖς
766 4038 1045 4108 πλάσμασι
1086 4043 1350 4110 πεισθεὶς,
1405 4047 1665 4114 χρήματα
1695 4063 1774 4108 τε,

188 4127 264 4190 ὼς
327 4126 572 4194 ἐλέγετο,
629 4130 987 4200 παρ’ἐκείνου
1053 4133 1312 4204 εἰληφὼς,
1364 4137 1618 4205 πολέμιον
1678 4137 1777 4204 ἐμὲ

188 4218 452 4286 ἐψηφίσω
481 4223 753 4289 φανερῶς,
809 4223 866 4277 ὃν
927 4227 984 4279 ἐν
1015 4229 1128 4288 τοῖς
1182 4229 1367 4296 ὅρκοις
1408 4230 1640 4298 γράφεις
1691 4231 1780 4282 διὰ

190 4312 310 4380 βίου
350 4310 650 4383 σύμμαχον
683 4317 775 4367 καὶ
802 4316 954 4384 φίλον
979 4317 1142 4383 ἕξειν·
1208 4320 1316 4372 οὐδ’
1351 4320 1512 4380 αὐτὸς
1569 4322 1656 4382 ἂν,
1704 4317 1780 4374 οἷ-

191 4423 315 4473 μαι,
366 4407 536 4476 φαίης
567 4407 834 4477 εύορκείνο
869 4409 960 4462 καὶ
1008 4409 1313 4481 γράμματα
1362 4411 1606 4485 ἔπεμπες
1657 4414 1779 4479 ἐμοὶ

187 4500 287 4565 τὴν
318 4498 550 4567 εἰρήνην
604 4500 703 4550 καὶ
747 4500 846 4569 τὴν
895 4501 1212 4570 συμμαχίαν
1263 4504 1515 4574 φανερῶς
1565 4508 1779 4573 ἀπαγο-

1882 3398 2088 3454 bellum
2143 3415 2253 3454 non
2303 3410 2453 3466 ante,
2489 3416 2586 3470 pro
2620 3417 2774 3456 more
2804 3444 2819 3466 ,
2854 3403 3123 3457 indictum
3174 3403 3468 3458 denuntia-un

1883 3488 1980 3544 bas
2014 3507 2028 3544 :
2057 3505 2196 3559 quas
2226 3500 2280 3545 et
2330 3491 2386 3544 in
2418 3491 2564 3546 hunc
2616 3508 2792 3562 usque
2823 3493 2969 3548 diem
3010 3510 3039 3548 a
3089 3510 3173 3548 me
3218 3505 3464 3550 servatas

1882 3580 2072 3636 videre
2098 3581 2245 3637 licet.
2271 3582 2351 3636 Ex
2377 3582 2474 3638 illo
2505 3599 2591 3638 me
2617 3593 2674 3638 et
2707 3585 3017 3640 manifestis
3046 3587 3234 3648 armis,
3280 3595 3336 3641 et
3374 3602 3467 3642 oc-

1883 3671 2058 3725 cultis
2089 3671 2306 3726 insidiis
2339 3682 2526 3739 petere
2557 3688 2662 3727 non
2691 3675 2938 3729 cessasti.
2967 3675 3102 3729 Nam
3131 3675 3466 3744 etDidymo-

1883 3763 2096 3817 tichum
2153 3779 2278 3818 cum
2315 3763 2544 3820 Amurio
2578 3781 2890 3831 reversum,
2947 3778 3240 3837 postquam
3283 3769 3371 3823 ille.
3412 3771 3466 3824 in

1882 3856 2068 3910 Asiam
2091 3857 2453 3927 renavigavit,
2483 3867 2544 3912 ut
2577 3859 2907 3927 Apocaucho
2933 3860 3203 3929 promissa
3232 3861 3464 3925 faceres,

1883 3949 2058 4002 robur
2090 3951 2371 4005 exercitus
2421 3952 2476 4004 in
2517 3966 2604 4006 me
2653 3952 2897 4016 duxisti;
2935 3962 2994 4008 et
3043 3969 3216 4022 usque
3243 3953 3467 4026 Mygdo-

1882 4041 2029 4095 niam
2081 4041 2260 4109 palam
2322 4042 2500 4098 hostis
2530 4057 2686 4098 meus
2717 4043 3021 4098 tetendisti.
3059 4044 3242 4100 Persis
3283 4056 3466 4100 autem

1882 4135 2159 4202 peditibus
2189 4137 2632 4202 occurrentibus,
2669 4151 2904 4206 quorum
2923 4151 3087 4192 naves
3117 4136 3321 4192 Latinae
3367 4139 3466 4192 tri-

1885 4241 2067 4281 remes
2103 4227 2485 4290 incenderant,
2518 4238 2575 4282 ct
2619 4228 2838 4298 egregie
2887 4229 3078 4282 attrito
3107 4230 3175 4281 ab
3198 4229 3281 4283 eis
3310 4244 3468 4284 σεεμ

1884 4320 2022 4385 citu,
2050 4336 2216 4389 quem
2247 4330 2439 4374 contra
2469 4321 2616 4389 ipsos
2650 4320 2935 4384 mittebas,
2975 4320 3090 4389 ipse
3113 4336 3333 4389 quoque
3367 4323 3468 4374 im-

1885 4413 2102 4482 provisa
2135 4427 2194 4468 re
2223 4415 2511 4482 perculsus
2534 4452 2546 4475 ,
2582 4414 2635 4466 in
2668 4421 2816 4467 tuam
2843 4415 3186 4482 provinciam
3211 4411 3421 4466 rediisti
3450 4429 3462 4464 :

1883 4513 1939 4556 et
1997 4503 2301 4557 Manuelem
2360 4504 2645 4572 despotam
2691 4504 2860 4557 lilium
2897 4519 3103 4569 meum,
3156 4519 3318 4572 quem
3363 4519 3466 4573 ego

191 4589 448 4656 ρεύοντα,
478 4590 571 4642 καὶ
600 4590 836 4661 πόλεμον
870 4593 1310 4659 καταγγέλλοντα
1353 4596 1690 4664 ἀκήρυκτον·
1741 4596 1776 4649 ἃ

1886 4593 2180 4656 Berrhaaze,
2211 4592 2711 4663 oppidulorumque
2735 4595 2968 4648 aliorum
2990 4594 3306 4664 praelectum
3335 4595 3468 4648 reli-

190 4681 287 4732 καὶ
326 4679 428 4733 νῦν
474 4680 683 4746 ἔξεστιν
717 4683 850 4752 όρᾷν
907 4683 989 4747 εἰς
1043 4683 1207 4756 δεῦρο
1267 4685 1606 4739 διασωθέντα
1637 4688 1781 4758 παρ’

191 4773 332 4842 ἐμοί.
365 4773 480 4827 Καὶ
506 4772 565 4837 ἐξ
606 4773 818 4827 ἐκείνου
854 4776 914 4828 ού
949 4777 1186 4840 διέλιπες
1215 4779 1467 4846 φανερῶς
1524 4797 1582 4831 τε
1623 4781 1781 4832 πολε-

192 4866 333 4934 μῶν,
375 4869 472 4920 καὶ
504 4865 728 4934 ὰῳανῶς
781 4867 1168 4922 ἐπιϐουλεύων.
1205 4869 1358 4937 Ἐμοί
1421 4887 1480 4922 τε
1517 4870 1625 4940 γὰρ
1692 4872 1773 4934 εἰς

188 4958 582 5028 Διδυμότειχον
611 4959 944 5026 ἐπανήκοντι
977 4960 1112 5028 μετὰ
1148 4962 1377 5032 Ἀμοὺρ,
1419 4964 1541 5016 ἐπεὶ
1572 4965 1779 5028 ἐκεῖνος

187 5050 252 5121 ἦν
283 5056 366 5117 εἰς
425 5053 523 5121 τὴν
571 5051 775 5114 Ἀσίαν,
814 5053 912 5122 τὴν
977 5053 1273 5122 ὑπόσχεσιν
1317 5055 1640 5126 Ἀποκαύχῳ
1691 5058 1779 5110 ἐκ·

193 5146 451 5216 πληρῶν,
509 5145 567 5198 τὸ
592 5144 878 5212 κράτιστον
906 5144 1004 5208 τῆς
1037 5146 1294 5213 στρατιᾶς
1343 5146 1483 5217 ἔχων
1513 5148 1782 5217 ἐπεστρά-

186 5252 363 5298 τευες·
388 5236 484 5287 κει.)⁸
519 5233 788 5304 προῆλθες
817 5237 943 5304 ἄχρι
965 5234 1295 5302 Μυγδονίας,
1325 5237 1572 5305 φανερῶς
1609 5237 1779 5292 ἐπιὼν

187 5327 335 5396 ἐμοί.
373 5325 603 5396 Περσῶν
631 5325 687 5378 δὲ
726 5325 906 5389 πεζῶν
955 5327 1378 5396 περιτυχόντων,
1415 5321 1488 5380 ῶν
1520 5329 1620 5391 τὰς
1645 5330 1777 5393 ναῦς

187 5421 238 5473 αί
312 5417 608 5472 Λατινικαὶ
663 5418 969 5487 ἐνέπρησαν
1031 5421 1298 5490 τριήρεις,
1348 5421 1442 5474 καὶ
1491 5423 1662 5475 πολλὰ
1714 5427 1776 5493 τῇ

189 5511 425 5581 στρατιᾷ
451 5511 871 5581 λυμηναμένων,
897 5512 965 5580 ἢν
999 5511 1246 5579 ἔπεμπες
1296 5511 1383 5567 ἐπ’
1415 5515 1635 5579 αύτούς,
1659 5517 1783 5568 ἀνε-

188 5600 395 5670 χώρεις
447 5599 544 5653 καὶ
594 5600 761 5662 αὐτὸς
789 5601 866 5663 είς
901 5600 1000 5668 τὴν
1035 5601 1211 5653 οἰκίαν
1248 5601 1476 5670 πληγεὶς
1507 5604 1778 5668 ἀπροσδοο

189 5691 408 5754 κήτοις,
481 5689 579 5739 καὶ
631 5685 890 5754 Μανουὴλ
935 5685 1200 5756 δεσπότην
1226 5675 1341 5743 τὸδ’
1369 5689 1482 5740 υἱὸν
1529 5690 1620 5741 ἐπὶ
1680 5690 1781 5758 τῆς

191 5778 468 5847 Βερροίας
540 5777 644 5848 τὴν
694 5777 891 5848 ἀρχὴν,
933 5779 1030 5832 καὶ
1091 5779 1198 5832 τῶν
1261 5781 1438 5834 ἄλλοιν
1493 5783 1782 5853 πολιχνίων

193 5868 694 5939 καταλελειμμένον
721 5870 812 5922 ὑπ’
847 5870 1002 5940 ἐμοῦ,
1040 5873 1290 5940 φανερῶς
1314 5891 1370 5927 τε
1418 5876 1770 5943 ἐπολιόρκεες

1884 4700 2148 4754 queram,
2207 4686 2383 4754 palam
2440 4685 2733 4744 obsedisti.
2773 4701 2876 4739 nec
2907 4687 3059 4740 cives
3091 4686 3325 4754 pecunia
3373 4685 3468 4739 de-

1884 4789 2118 4843 pravare
2141 4776 2398 4837 omisisti,
2431 4775 2608 4829 donec
2641 4776 2747 4830 illis
2773 4791 3000 4831 exosum
3039 4777 3092 4829 in
3125 4775 3464 4830 Thessaliam

1884 4867 2164 4935 expulisti.
2210 4867 2289 4920 Tu
2348 4882 2478 4921 vero
2531 4867 2726 4920 urbem
2779 4867 3109 4936 occupabas,
3166 4875 3220 4922 et
3255 4867 3464 4938 Pheras

1885 4958 2143 5012 similiter
2171 4959 2332 5027 longo
2365 4968 2613 5026 tempore
2655 4959 2914 5012 obsidens
2941 5001 2953 5023 ,
2982 4975 3106 5013 cum
3141 4972 3192 5014 te
3223 4974 3461 5027 orarem,

1880 5050 2289 5119 jurantenlique
2381 5051 2956 5113 commonelaccrem,
3016 5052 3460 5122 quandoquidem

1886 5143 2037 5198 (ιιιίὶιί
2079 5142 2221 5196 bello
2253 5141 2550 5204 distentus,
2602 5143 2668 5196 ad
2711 5145 2880 5198 urbes
2907 5144 3027 5198 illas
3057 5144 3320 5200 accedere
3350 5160 3462 5202 non

1887 5247 2131 5306 poteram
2159 5275 2174 5296 ,
2203 5235 2355 5289 auris
2386 5234 2750 5303 discerpenda
2787 5253 2904 5291 mea
2937 5238 3104 5291 verba
3147 5238 3406 5295 tradebas
3445 5257 3460 5293 :

1887 5339 1941 5382 et
1968 5336 2210 5396 egestate
2263 5327 2389 5380 illos
2445 5327 2877 5396 obsessioneque
2911 5329 3128 5384 assidua
3159 5345 3418 5400 premens
3442 5374 3458 5398 ,

1889 5430 2164 5490 postremo
2183 5420 2349 5473 etiam
2380 5420 2451 5475 ibi
2485 5421 2702 5475 civibus
2725 5421 3001 5488 primariis
3035 5425 3267 5491 pecunia
3293 5431 3464 5480 trans-

1890 5512 2085 5565 \‘Cl'silll
2155 5511 2314 5575 actis,
2346 5511 2535 5564 urbem
2566 5511 2630 5563 ad
2661 5521 2710 5564 te
2740 5511 2970 5565 allexisti
2999 5529 3012 5566 :
3039 5525 3092 5565 et
3112 5515 3461 5580 postmodum

1888 5617 2082 5670 magno
2143 5603 2406 5682 equitum
2439 5601 2794 5670 peditumque
2857 5619 3087 5656 numero
3121 5604 3460 5660 Thessaliam

1885 5704 1938 5748 et
1971 5696 2331 5748 Acarnaniam
2387 5695 2756 5749 Romanorum
2807 5697 3116 5763 provincias
3175 5698 3460 5765 invasisti,

1887 5800 1948 5840 ac
2011 5785 2423 5839 memorabilem
2474 5786 2625 5839 illam
2682 5788 3044 5842 calamitatem
3101 5789 3371 5857 invexisti,
3400 5803 3463 5846 ut

1886 5878 2199 5931 Acarnanes
2238 5877 2310 5931 ob
2359 5877 2761 5933 intolerandam
2800 5878 2996 5933 famem
3041 5881 3107 5934 ad
3160 5882 3460 5937 maritimas
