4226 6444
841 505 938 566 16¹ί

1995 481 2319 548 JOANNIS
2359 468 2888 538 CANTACUZENI

3978 455 4083 520 168

836 623 916 676 sio
950 619 1046 671 fuit
1072 634 1082 667 ε
1114 614 1201 667 cui
1235 627 1358 665 cum
1385 609 1471 662 ille
1497 619 1774 677 opponere
1803 602 1940 658 nihil
1970 606 2161 672 posset
2185 594 2410 667 (quippe
2440 592 2485 649 Α

2440 592 2485 649 Α
2515 585 2772 652 ἐγκαλεῖν
2801 582 2829 635 ό
2857 578 3085 650 Κράλης
3130 575 3430 646 ἐπεχείρει,
3483 572 3851 643 ἀπεκρίνατοο
3882 573 3911 625 ὸ
3943 573 4100 642 Κρά-

835 727 996 781 quem
1043 706 1363 775 injuriarum
1449 711 1612 768 atque
1662 695 1904 767 perﬁdia:
1933 689 2268 747 conscientia
2311 687 2407 741 sti-

836 800 1092 862 mularet)
1143 793 1364 864 paulum
1422 786 1729 843 conticuit:
1782 783 1977 839 deinde
2023 781 2408 850 imperatorem

839 890 1095 959 rogavit,
1133 886 1207 939 uti
1262 881 1588 936 secedentcs
1631 879 1699 932 de
1733 873 2108 931 controversia
2160 885 2256 926 sua
2291 869 2410 922 sine

840 980 1067 1034 arbitris
1096 975 1562 1040 colloquerentur.
1597 966 1824 1042 Annuit,
1869 963 2156 1019 secedunt.
2183 960 2260 1014 lbi
2296 967 2410 1012 tum

840 1071 1028 1125 Crales
1051 1064 1324 1122 conﬁteri.
1353 1077 1409 1116 se
1439 1060 1595 1113 [idem
1628 1073 1818 1126 parum
1858 1068 2101 1112 sanctam
2132 1049 2412 1123 habuisse,

842 1171 1144 1226 contraque
1189 1154 1369 1210 fcedus
1418 1149 1796 1204 Romanorum
1829 1145 2026 1214 oppida
2057 1157 2352 1211 occupasse
2398 1158 2411 1194 :

845 1270 943 1306 nec
982 1262 1160 1302 tamen
1211 1247 1276 1298 ad
1306 1241 1646 1297 reddendum
1700 1237 2064 1308 propendere,
2105 1233 2198 1288 sed
2234 1247 2414 1296 orare,

844 1344 1038 1395 collata
1087 1342 1138 1392 in
1181 1354 1239 1391 se.
1277 1335 1544 1390 henclicia
1582 1331 1724 1400 apud
1758 1330 2002 1382 animum
2051 1326 2419 1385 recoleret,et

850 1438 987 1488 hanc
1042 1431 1144 1484 sibi
1197 1430 1425 1499 gratiam
1478 1424 1850 1494 persolveret,
1883 1431 1945 1474 ut
1990 1418 2258 1473 ambobus
2290 1414 2421 1468 reti-

849 1524 1110 1578 neutihus
1163 1519 1308 1588 quod
1351 1517 1641 1577 haberent,
1676 1515 1747 1568 ita
1803 1512 2020 1565 demmn
2073 1507 2251 1562 fmdus
2300 1505 2424 1559 feri-

856 1625 997 1670 rent.
1051 1614 1189 1667 Cum
1240 1610 1374 1664 nihil
1427 1614 1511 1662 vel
1571 1605 1856 1660 minimum
1907 1600 2329 1660 concederetur,
2364 1612 2423 1651 re

853 1706 1198 1775 imperfecta,
1237 1701 1424 1755 Crales
1458 1701 1511 1752 in
1545 1706 1747 1758 castra,
1785 1695 2083 1762 imperator
2141 1691 2194 1744 in
2231 1687 2422 1743 urbem

854 1799 1038 1853 rediit.
1072 1793 1345 1849 Postridie
1379 1792 1585 1853 denuo,
1618 1799 1675 1842 ut
1716 1789 1856 1841 inter
1891 1801 1948 1839 se
1977 1782 2202 1853 polliciti
2225 1792 2381 1836 erant
2407 1820 2422 1845 ,

854 1890 1213 1950 conveniunt,
1243 1887 1552 1951 eademque
1620 1883 1907 1943 iterantur,
1961 1887 2014 1932 et
2050 1891 2226 1943 neque.
2259 1875 2428 1942 impc-

857 1991 1005 2036 rator
1059 1979 1127 2032 de
1186 1975 1512 2045 repetitione
1573 1973 1789 2025 urbium
1841 1976 2232 2036 occupaturum
2270 1963 2429 2031 quid-

856 2088 1018 2142 quam
1051 2070 1358 2132 remittere,
1401 2081 1576 2134 ncque
1627 2063 1813 2117 Crales
1839 2077 1933 2115 eas
1974 2059 2222 2118 reddere,
2253 2073 2432 2126 quan-

858 2181 1022 2237 quam
1051 2163 1285 2224 diceret,
1313 2168 1521 2212 tantum
1554 2172 1611 2210 se
1646 2155 1896 2208 timorem
1931 2149 2281 2218 imperatoris
2301 2163 2434 2202 con-

860 2257 1092 2324 cepisse,
1127 2261 1188 2306 ut
1237 2253 1400 2305 etiam
1453 2248 1495 2300 si
1553 2262 1650 2315 per
1709 2243 1982 2300 somnium
2021 2256 2147 2296 eum
2179 2240 2431 2304 videret,

862 2349 1048 2403 statim
1085 2342 1597 2413 expergisceretur:
1637 2344 1713 2400 ct,
1742 2336 1784 2388 si
1817 2335 1882 2388 de.
1920 2335 2062 2388 bello
2090 2348 2212 2387 cum
2247 2347 2312 2385 eo
2341 2347 2434 2400 ge-

863 2439 1034 2494 remlo
1095 2436 1382 2504 cogitaret,
1444 2439 1736 2498 antequam
1801 2442 1992 2480 somno
2033 2425 2434 2494 consopiretur,

865 2545 975 2599 pra:
1008 2535 1152 2579 metu
1207 2521 1370 2576 anxio
1419 2528 1635 2573 noctem
1676 2517 1946 2569 insomnia
1981 2514 2292 2569 traducere.
2327 2512 2437 2566 Nc-

866 2639 972 2692 que
1005 2634 1134 2674 vero
1163 2616 1414 2670 morbum
1451 2613 1664 2666 celabat
1693 2627 1850 2665 suum
1883 2626 1896 2662 :
1923 2609 2054 2677 quin
2088 2609 2261 2676 palam
2291 2606 2435 2675 apud

869 2717 1166 2773 RoInanOS,
1195 2719 1248 2763 et
1275 2706 1547 2761 Triballos
1578 2703 1871 2766 narrabat,
1914 2716 1972 2754 se
2009 2701 2061 2753 in
2105 2699 2250 2752 omni
2281 2707 2437 2752 ante-

869 2816 988 2859 acta
1025 2803 1132 2855 vita
1163 2799 1372 2853 nullum
1415 2795 1644 2865 perinde
1679 2794 1988 2852 mortalem,
2021 2801 2081 2843 ιιι
2107 2791 2436 2843 Cantaenze-

873 2909 1004 2948 num
1043 2889 1314 2950 timuisse,
1358 2885 1773 2951 horrttisseque.
1835 2882 1901 2934 Et
1947 2881 1998 2932 in
2055 2880 2142 2932 illa
2184 2893 2444 2946 congres-

871 2984 1025 3037 sione
1059 2984 1340 3048 qumrente
1374 2975 1724 3042 imperatore,
1770 2971 1900 3040 quid
1930 2971 1998 3022 ita
2024 2969 2239 3022 tandem
2279 2968 2446 3021 dede-

876 3091 974 3130 cus
999 3082 1207 3124 tantum
1232 3067 1610 3127 conscivissct,
1631 3064 1759 3116 dum
1785 3066 1832 3116 in
1858 3061 2443 3115 scnatumVenetorum

879 3181 935 3218 se
962 3163 1258 3230 allegisset,
1337 3157 1430 3226 qui
1468 3157 1643 3222 majus
1691 3162 1747 3207 et
1803 3153 2089 3215 illustrius,
2124 3165 2284 3218 quam
2321 3149 2445 3219 ipsi,

2513 676 2610 745 λης
2635 674 2689 727 δέ
2723 673 3001 726 ἀντειπεῖν
3050 670 3152 722 οὑκ
3181 667 3320 738 ἔχων
3364 665 3502 736 πρὸς
3525 664 3701 729 οὑδέν,
3737 663 3958 734 συνῄδει
3984 664 4101 733 γὰρ

2515 767 2664 835 αὑτῷ
2696 767 2790 818 καὶ
2811 763 3051 826 ἀδικίαν,
3079 761 3176 815 καὶ
3201 758 3514 830 παράϐασιν
3551 756 3658 810 τῶν
3677 757 3880 825 ὅρκων,
3911 755 4099 823 ὀλίγον

2514 860 2712 927 ἐπέσχε
2767 856 3076 924 σιωπήσας.
3135 853 3370 905 Ἔπειτα
3432 848 3605 900 ἐδεῖτο
3659 846 3950 916 βασιλέως,
3993 846 4102 899 τῶν

2515 952 2692 1008 ἄλλων
2723 949 3069 1009 ἀποστάντας
3123 945 3272 1015 μόνοι
3332 941 3674 1010 διαλέγεσθαι
3729 941 3812 1010 ἐφ’
3870 941 4105 1001 ἐαυτοῦς

2517 1043 2784 1115 περὶτῶν
2837 1038 3138 1109 διαφορῶν.
3185 1035 3341 1088 Ἰ-Ῐπεὶ
3394 1036 3450 1086 δέ
3503 1034 3748 1086 ἐπείθετο
3781 1035 3809 1085 ό
3849 1032 4105 1102 βασιλεὺς

2519 1139 2615 1190 καὶ
2645 1133 2942 1202 ἀφίσταντο
2977 1131 3085 1182 τῶν
3136 1128 3334 1190 ἄλλων,
3359 1126 3638 1194 ἐπιορκεῖν
3699 1124 3796 1193 μὲν
3826 1126 3851 1176 ό
3883 1122 4106 1191 Κράὶης

2520 1226 2812 1294 ὡμολόγει,
2846 1222 2937 1275 καὶ
2962 1220 3361 1290 παρασπονδεῖν
3388 1217 3486 1280 τὰς
3526 1216 3816 1285 Ῥωμαίων
3850 1215 4104 1282 κατέχων

2522 1318 2708 1380 πόλεις
2786 1316 2886 1368 ούκ
2937 1312 3192 1366 ἐϐούλετο
3237 1311 3294 1363 δέ
3343 1308 3694 1363 ἀποδιδόναι·
3760 1306 3874 1358 ἀλλ’
3936 1306 4107 1356 ἐδεῖτο

2526 1411 2796 1483 βασιλέως
2834 1406 2942 1460 τῶν
2992 1406 3073 1467 είς
3130 1401 3295 1456 αὑτὸν
3338 1399 3722 1470 γεγενημένων
3774 1399 4110 1464 ἀπομνημο-

2529 1501 2778 1566 νεύοντα,
2817 1497 3021 1566 ταύτην
3049 1495 3148 1564 τὴν
3175 1494 3338 1562 χάριν
3370 1490 3726 1554 καταθέσθαι,
3772 1490 3834 1540 τὸ
3879 1488 4107 1558 ἔχοντας

2529 1595 2814 1659 ἑκάτερον,
2849 1591 2885 1644 ἃ
2921 1590 3137 1660 ἔχουσιν
3169 1584 3321 1654 ἐντῷ
3357 1586 3611 1654 παρόντι,
3651 1581 3898 1635 τίθεσθαι
3953 1600 4113 1634 σπονο

2529 1687 2649 1749 δὰς.
2687 1681 2964 1744 Βασιλέως
2994 1680 3050 1731 δὲ
3080 1677 3200 1732 οὑδὲ
3225 1676 3333 1730 τῶν
3362 1675 3716 1743 φαυλοτάτων
3746 1673 3965 1736 οὐδενὸς
4004 1690 4108 1724 πα-

2536 1775 2936 1848 ραχωροῦντος,
2985 1771 3309 1839 διελύθησαν
3348 1768 3679 1836 ἀσύμϐατοι.
3724 1768 3835 1819 Καὶ
3884 1767 4110 1836 Κράλης

2539 1873 2635 1942 μὲν
2659 1871 2738 1931 είς
2770 1869 2830 1919 τδ
2863 1865 3250 1935 στρατόπεδον,
3289 1861 3540 1932 βασιλεὺς
3584 1859 3641 1912 δὲ
3687 1860 3766 1920 είς
3815 1857 3916 1925 τὴν
3959 1857 4111 1908 πόλιν

2535 1962 2862 2029 ἐπανῆλθον,
2896 1961 2974 2020 εἰς
2999 1958 3095 2028 τὴν
3125 1955 3424 2024 ὑστεραίαν
3464 1953 3619 2015 αὖθις
3652 1950 4113 2017 ἐπαγγειλάμενοι

2533 2055 2784 2124 ἀλλήλοις
2817 2051 3105 2118 συντυχεῖν
3138 2065 3151 2078 ο
3189 2047 3284 2100 καὶ
3309 2048 3366 2101 ἐς
3396 2045 3495 2114 τὴν
3527 2041 3816 2112 ὑστεραίαν
3840 2037 4116 2092 συνελθόν-

2533 2166 2644 2208 τες,
2678 2147 2872 2213 λόγους
2929 2140 3213 2195 ἐποιοῦντο
3258 2136 3525 2209 περὶτῶν
3561 2135 3785 2203 ὁμοίων,
3848 2132 3946 2182 καὶ
3990 2129 4113 2182 οὗτε

2535 2241 2790 2310 βασιλεὺς
2833 2237 2964 2305 περὶ
3014 2234 3126 2288 τῶν
3174 2231 3558 2300 κατεχομένων
3617 2227 3850 2279 ἐνεδίδου
3883 2224 4114 2282 πόλεων,

2503 2333 2691 2418 .000‘6
2715 2331 2938 2402 Κράλης
2966 2328 3232 2397 ὑπέμενεν
3263 2323 3614 2392 ἀφίστασθαι,
3667 2322 3844 2375 καίτοι
3873 2334 3935 2387 γε
3969 2317 4118 2380 ἔλεγε

2537 2426 2782 2495 Κράλης,
2823 2426 2880 2486 ἐς
2923 2420 3178 2474 τοσοῦτον
3223 2418 3378 2479 δέους
3409 2415 3546 2484 πρὸς
3579 2412 3803 2481 βασιλέα
3851 2407 4118 2462 καθεστά-

2536 2535 2645 2578 ναι,
2687 2519 2761 2577 ὡς
2791 2516 2887 2566 καὶ
2914 2518 2972 2567 ἐν
3001 2513 3232 2580 ὀνείροις
3283 2510 3336 2562 εί
3383 2525 3516 2560 ποτε
3555 2507 3685 2575 ὀρᾷν
3727 2502 4000 2572 συμϐαίη,
4025 2498 4116 2552 τοῦ

2539 2607 2709 2659 ὕπνου
2742 2602 3081 2673 ἀφίστασθαι
3109 2599 3327 2663 αὐτίκα,
3381 2598 3476 2650 καὶ
3495 2597 3624 2666 πρὶν
3651 2595 3923 2662 ληφθῆναι
3949 2591 4118 2659 ὕπνῳ,

2539 2696 2745 2749 ἄῦπνον
2799 2690 3257 2761 διανυκτερεύειν,
3313 2689 3360 2740 εί
3405 2687 3672 2753 λογίζοιτο
3723 2683 3853 2752 περὶ
3911 2682 4121 2733 ἐκείνου

2549 2792 2696 2850 ὅπως
2729 2787 2836 2856 χρὴ
2873 2785 3000 2838 πολε
3013 2786 3158 2851 μεῖν,
3197 2783 3254 2833 ἐν
3274 2781 3495 2849 ἀπόροις
3521 2779 3621 2831 ὑπὸ
3645 2777 3792 2837 δέους
3820 2773 4121 2834 καθεστώς.

2546 2881 2618 2932 Οὐ
2661 2879 2759 2948 μὲν
2785 2878 2906 2931 οὑδέ
2937 2876 3076 2943 πρὸς
3119 2877 3244 2936 τοὺς
3271 2873 3374 2937 ἐξω
3398 2873 3460 2924 τὸ
3491 2871 3659 2932 πάθος
3690 2867 4082 2935 ἀπεκρύπτετο
4105 2906 4118 2928 ,

2545 2971 2658 3024 ἀλλ’
2686 2967 2988 3036 ἀναφανδὸν
3035 2965 3125 3018 καὶ
3161 2965 3297 3036 πρὸς
3332 2961 3641 3033 Τριϐαλοὺς
3670 2961 3764 3012 καὶ
3804 2958 4121 3027 Ῥωμαίους

2545 3061 2673 3122 τοὺς
2711 3058 2992 3121 συνόντας,
3038 3056 3242 3127 μηδένα
3287 3053 3591 3123 ἀνθρώπων
3631 3051 3781 3117 ἐλεγε
3833 3049 3922 3102 διὰ
3985 3049 4124 3117 βίου,

2553 3152 2690 3222 μήτε
2730 3150 2997 3220 πρότερον
3032 3147 3162 3217 μήθ’
3185 3145 3412 3214 ὕστερον
3448 3143 3636 3210 ὥσπερ
3663 3139 4127 3208 Kay-tamab,ro

879 3253 1172 3324 imperium
1205 3251 1453 3309 haberet,
1488 3247 1789 3315 respondit,
1849 3247 1966 3314 eius
2011 3253 2157 3296 metu
2193 3243 2444 3296 adactum
2475 3268 2516 3327 ο

2475 3268 2516 3327 C
2550 3242 2642 3295 τὸν
2675 3240 2902 3311 βασιλέα
2935 3235 3313 3306 ἐκπεπλῆχθαι
3342 3234 3435 3287 καὶ
3465 3232 3773 3285 δεδοικέναι.
3807 3230 3920 3282 Καὶ
3958 3235 4016 3282 ἐν
4055 3231 4123 3297 τῇ

881 3345 933 3397 id
988 3344 1180 3396 fecisse
1221 3359 1233 3394 :
1263 3350 1313 3394 ct
1349 3340 1547 3409 adjecit
1571 3379 1585 3402 ,
1623 3338 1757 3390 nibtl
1792 3337 2013 3394 mirum.
2048 3333 2193 3401 quod
2249 3347 2307 3386 se
2339 3332 2447 3385 huc

882 3434 1190 3490 demisisset
1217 3473 1230 3497 ,
1268 3433 1466 3485 mirum
1503 3431 1670 3499 magis
1703 3444 1808 3481 non
1852 3427 2014 3479 vilius
2060 3434 2221 3494 atque
2252 3424 2447 3493 despe-

883 3528 1028 3581 ctius
1056 3524 1261 3591 aliquid
1293 3538 1507 3576 ausum.
1539 3522 1605 3573 At
1638 3521 1783 3573 enim
1811 3533 1932 3570 cum
1960 3517 2050 3569 tali
2087 3516 2284 3568 timore
2303 3513 2449 3568 labo-

889 3627 1057 3679 raret,
1109 3631 1209 3668 nec
1257 3630 1379 3668 eum
1433 3611 1709 3681 propalam
1767 3606 2013 3662 confiteri
2063 3605 2451 3669 erubesceret,

889 3704 1062 3757 nihilo
1102 3702 1282 3755 minus
1329 3700 1493 3753 urbes
1527 3698 1756 3751 reddere
1788 3696 2132 3750 detrectabat
2163 3712 2178 3748 :
2204 3694 2453 3764 rogabat-

889 3813 1019 3866 que.
1054 3797 1131 3848 uti
1167 3803 1374 3848 tantum
1423 3791 1601 3846 fmdus
1650 3791 1842 3855 iceret,
1875 3797 2164 3842 contentus
2197 3786 2455 3841 Berrhma

891 3891 1177 3949 duntaxat,
1209 3897 1262 3940 ct
1287 3885 1512 3949 Edessa,
1545 3883 1713 3952 790
1742 3883 2110 3950 castellisque,
2141 3889 2197 3936 et
2226 3881 2460 3950 oppidu-

893 3981 959 4034 lis
984 3980 1129 4043 aliis,
1156 3992 1277 4046 qua?
1309 3976 1374 4028 ad
1412 3991 1536 4030 eum
1572 3975 1923 4027 deiecissem.
1967 3972 2030 4024 Et
2076 3973 2290 4042 juratus
2315 3971 2461 4026 aﬂir—

899 4073 1100 4136 mabat,
1137 4085 1246 4122 non
1283 4083 1340 4123 se
1368 4068 1533 4121 urch
1561 4065 1836 4134 cupidinis
1857 4065 2036 4133 potius
2053 4078 2214 4132 quam
2238 4062 2462 4132 pudoris

897 4179 1026 4234 ergo
1051 4162 1313 4216 atl‘ectare
1347 4177 1360 4214 :
1396 4174 1558 4228 quem
1593 4158 1858 4227 pudorem
1887 4173 1996 4209 non
2029 4155 2172 4226 apud
2201 4155 2463 4210 domesti-

899 4273 994 4312 cos
1042 4255 1235 4318 modo,
1285 4252 1377 4306 sed
1417 4253 1555 4304 alios
1593 4265 1810 4319 quoque
1844 4249 2160 4316 ubicunque
2210 4248 2466 4318 dynastas

899 4347 998 4400 sibi
1023 4344 1273 4408 incutiat,
1312 4342 1356 4395 si
1388 4352 1535 4394 metu
1579 4337 1929 4407 imperatoris
1975 4336 2112 4391 adeo
2136 4336 2159 4407 ξ
2183 4335 2468 4406 perculsus

903 4438 1259 4506 dejectnsque
1286 4432 1575 4493 videatur,
1607 4437 1666 4482 ut
1696 4437 1773 4483 tot
1801 4428 2000 4498 oppida
2026 4427 2143 4482 sine
2172 4442 2347 4497 pugna
2371 4425 2469 4480 de-

904 4539 1070 4591 serat,
1109 4543 1228 4596 quae
1263 4531 1388 4594 post
1445 4531 1649 4575 tantam
1690 4522 1990 4589 impensam
2037 4519 2243 4572 tamdiu
2287 4532 2473 4588 posse-

2552 3333 2814 3405 συνουσίᾳ
2847 3331 2906 3383 δέ
2959 3331 3170 3399 ἐκείνῃ,
3205 3327 3465 3398 ἐρομένου
3501 3325 3783 3394 βασιλέως,
3815 3325 3940 3374 ὅτου
3969 3322 4129 3390 χάριν

2549 3421 2826 3490 τοσαύτην
2878 3419 3224 3488 ὑπομείνειεν
3283 3416 3548 3486 αίσχύνην
3597 3416 3706 3475 τοῖς
3730 3414 3828 3480 τῆς
3875 3409 4131 3471 Βενετίας

2556 3512 2870 3582 βουλευταῖς
2902 3508 3314 3578 συγκαταλέξας
3346 3507 3560 3571 ἐαυτὸν,
3602 3504 3820 3574 μείζονα
3850 3503 3944 3554 καὶ
3975 3518 4134 3571 περι-

2555 3607 2900 3675 φανεστέραν
2934 3603 3268 3673 συμπάντων
3313 3601 3535 3652 ἐκείνων
3564 3599 3702 3667 ἔχων
3726 3596 3890 3658 αὑτὸς
3931 3596 4133 3675 ἀρχῇν,

2554 3669 2643 3748 διὰ
2677 3695 2767 3747 τὸν
2799 3669 3024 3746 ’ἐκείνου
3059 3691 3227 3760 φόϐον
3262 3687 3618 3756 ἀπεκρίνατο.
3655 3687 3763 3738 Καὶ
3795 3669 4134 3752 προσετίθει,

2561 3785 2729 3856 μηδὲν
2761 3780 2903 3837 εἶναι
2939 3782 3277 3851 θαυμαστὸν,
3312 3783 3360 3834 εἰ
3381 3779 3605 3833 τοιαῦτα
3630 3777 3942 3846 ὑπομείνειε
3963 3789 3978 3804 ·
4012 3775 4137 3826 τοὺ·

2566 3877 2784 3930 ναντίον
2845 3875 2944 3944 μὲν
2996 3869 3109 3937 οὖν,
3144 3874 3228 3926 ὅτι
3265 3872 3341 3942 μὴ
3392 3871 3484 3923 καὶ
3542 3869 3676 3939 πρός
3733 3884 3786 3920 τι
3827 3869 4014 3936 χεῖρον
4043 3864 4139 3918 καὶ

2563 3968 2742 4038 πολλῷ
2771 3967 3102 4037 φαυλότερον
3132 3964 3426 4034 ἐξετράπη.
3460 3964 3674 4031 Καιπερ
3721 3959 3777 4011 δὲ
3803 3959 3948 4010 οὑτω
3985 3958 4136 4019 δέους

2564 4058 2724 4129 ἔχων,
2756 4059 2851 4111 καὶ
2877 4057 2997 4109 οὑδέ
3028 4056 3166 4127 πρὸς
3192 4055 3394 4116 πάντας
3419 4052 3804 4121 αἰσχυνόμενος
3829 4050 4138 4118 ὁμολογεῖν,

2565 4149 2712 4216 ὅμως
2772 4144 3108 4214 ἀφίστασθαι
3171 4143 3278 4195 τῶν
3335 4142 3546 4193 πόλεων
3595 4140 3693 4192 οὑκ
3754 4138 3989 4208 ἤθελεν·
4023 4135 4139 4191 ἀλλ’

2567 4238 2740 4289 ἐδεῖτο
2778 4237 2938 4305 μόνον
2977 4234 3246 4303 βασιλέως
3275 4233 3472 4302 χωρεῖν
3504 4231 3638 4297 πρὸς
3678 4229 3775 4292 τὰς
3810 4230 4139 4298 συμϐάσεις,

2570 4331 2830 4398 Βέῤῥοιαν
2874 4328 3044 4396 μόνην
3083 4327 3297 4395 ἔχοντα,
3326 4326 3419 4376 καὶ
3457 4323 3736 4386 Ἔδεσσαν,
3769 4321 3867 4373 καὶ
3897 4321 3970 4372 τὰ
4007 4319 4141 4374 ἄλλα

2571 4418 2831 4488 φρούρια,
2890 4417 2984 4470 καὶ
3039 4415 3135 4477 τὰς
3193 4413 3472 4482 πολίχνας,
3504 4413 3624 4464 ὅσαι
3686 4407 4138 4480 προσεχώρησαν.

2585 4510 2920 4580 ’ἰσχυρίζετο
2971 4508 3029 4560 δέ
3081 4505 3175 4560 καὶ
3202 4507 3398 4574 ὅρκους
3447 4505 3560 4565 τοῖς
3591 4502 3768 4568 λόγοις
3802 4499 4140 4571 προστιθεῖς,

907 4618 1071 4682 derit,
1124 4629 1468 4686 quorumque
1500 4627 1660 4664 causa
1691 4627 1812 4664 cmn
1843 4611 2086 4664 exercitu
2121 4617 2198 4664 ιοι
2251 4611 2467 4664 labores
2503 4609 2543 4664 D
2573 4618 2576 4642 ¹

2503 4609 2543 4664 ο
2573 4595 2644 4658 ὼς
2678 4597 2739 4649 ού
2774 4594 3086 4657 πλεονεξίας
3117 4593 3339 4663 μᾶλλον,
3369 4592 3400 4661 ἣ
3425 4591 3683 4661 αἰσχύνης
3719 4591 3883 4642 ἕνεκα
3909 4589 4023 4641 τῶν
4050 4590 4145 4641 πό-

909 4718 963 4760 et
999 4706 1321 4759 discrimina
1378 4701 1685 4771 pertulerit.
1736 4701 2168 4754 Obstinationem
2217 4699 2316 4752 viri
2355 4715 2471 4753 cer-

914 4814 1050 4851 nens
1106 4797 1438 4864 imperator,
1475 4792 1574 4844 lllei
1630 4790 1852 4859 quidem
1904 4790 2161 4844 candoris
2208 4803 2338 4858 erga
2382 4799 2470 4851 te,

915 4888 1092 4956 inquit
1121 4927 1136 4948 ,
1165 4894 1217 4938 et
1250 4887 1397 4953 quod
1433 4884 1641 4936 nullum
1685 4897 1926 4948 unquam
1976 4880 2136 4934 amici
2168 4880 2400 4934 oﬂicium
2444 4893 2473 4931 a

917 4991 1001 5028 me
1040 4970 1342 5026 desiderari
1375 4983 1564 5038 passus
1608 4968 1748 5030 sim,
1792 4982 1915 5020 cum
1953 4969 2318 5035 praateritum,
2361 4974 2474 5019 tum

919 5062 1151 5114 tnaxime
1186 5072 1425 5125 prmsens
1456 5065 1669 5122 tempus
1705 5055 1902 5106 idoneo
1927 5061 2152 5119 possunt
2180 5067 2300 5106 esse
2325 5052 2478 5106 testi-

919 5153 1123 5206 monio.
1182 5149 1317 5214 Quia
1383 5147 1518 5199 nihil
1571 5147 1666 5200 tibi
1727 5145 1901 5200 facere
1955 5145 2280 5210 allubescit,
2331 5143 2475 5214 quod

917 5245 1124 5314 justum
1146 5243 1548 5307 honestumque
1577 5239 1667 5301 sit,
1707 5238 1893 5291 venire
1928 5253 2010 5291 me
2042 5237 2106 5291 ad
2139 5252 2286 5290 arma
2317 5251 2480 5306 Opor-

926 5335 1082 5395 tebit,
1117 5333 1265 5384 feras
1301 5329 1640 5389 imitantem,
1675 5342 1793 5394 qua:
1822 5336 2138 5379 venatorum
2164 5326 2358 5396 jaculis
2383 5340 2481 5392 ap-

925 5427 1131 5495 petita,
1162 5434 1216 5476 et
1240 5438 1336 5490 per
1363 5420 1526 5474 silvas
1550 5419 1782 5487 agitatae,
1817 5419 2052 5486 primum
2088 5418 2308 5487 quidem
2341 5417 2481 5488 iugi-

928 5524 1048 5578 unt,
1075 5523 1132 5567 et
1165 5521 1441 5566 certamen
1484 5525 1606 5561 cum
1657 5508 1968 5561 hominibus
2003 5520 2262 5576 quantum
2297 5509 2483 5562 valent

929 5606 1192 5667 devitant,
1240 5602 1305 5656 ad
1350 5600 1728 5654 necessitatem
1768 5609 1948 5652 autem
1981 5598 2233 5658 redactae,
2266 5599 2483 5666 pericu-

932 5696 1090 5762 loque
1116 5695 1223 5762 jam
1261 5690 1542 5760 proximat,
1571 5703 1628 5742 se
1662 5697 1988 5742 convertunt
2021 5706 2033 5741 :
2067 5698 2120 5741 et
2145 5688 2274 5741 dum
2312 5687 2480 5742 vitam

933 5801 1086 5839 suam
1137 5779 1612 5837 vehementissime
1651 5780 1972 5845 detendunt,
2033 5779 2136 5848 ipsi
2177 5779 2301 5832 vita:
2335 5780 2486 5832 nullo

937 5880 1098 5935 modo
1152 5887 1400 5950 parcunt.
1431 5874 1577 5930 Idem
1611 5889 1741 5930 sane
1772 5887 1879 5943 ego
1910 5887 2057 5928 nunc
2083 5870 2299 5928 faciam.
2341 5871 2485 5927 Nihil

2577 4690 2714 4740 λεων
2750 4689 3108 4740 ἀντιποιοῖτο·
3146 4685 3497 4754 αἰσχύνεσθαι
3519 4685 3625 4754 γὰρ
3654 4683 3714 4734 οὑ
3748 4683 3879 4744 τοὺς
3910 4683 4146 4742 οίκείους

2581 4784 2762 4849 μόνον,
2803 4780 2940 4832 ἀλλὰ
2978 4779 3221 4838 καὶτοὺς
3252 4776 3442 4836 ἄλλους
3482 4774 3814 4842 ὁπουδήποτε
3848 4773 4142 4835 δυνάστας,

2578 4874 2626 4923 εί
2653 4870 2904 4940 φαίνοντο
2955 4869 3208 4922 τοσοῦτον
3253 4867 3556 4934 ἡττημένος
3592 4863 3725 4934 πρὸς
3755 4863 3843 4916 τὸν
3880 4863 4146 4933 βασιλέως

2579 4963 2765 5030 φόϐον,
2819 4963 2962 5014 ὥστε
3007 4958 3275 5011 τοσούτων
3307 4956 3512 5008 πόλεων
3543 4957 3741 5025 ἀμαχεῖ
3768 4957 4144 5024 παραχωρεῖν,

2579 5052 2643 5115 ἃς
2670 5054 2762 5104 ἐπὶ
2789 5051 3046 5104 τοσοῦτον
3088 5049 3277 5118 χρόνον
3304 5047 3603 5117 κτώμενος,
3641 5046 3899 5116 χρήματα
3930 5063 3992 5098 τε
4018 5047 4149 5098 ἀνα.

2582 5144 2746 5196 λώκει
2774 5145 3021 5207 πλεῖστα,
3056 5141 3149 5194 καὶ
3182 5139 3468 5203 τοσούτους
3501 5140 3692 5199 πόνους
3742 5141 3834 5190 καὶ
3867 5138 4149 5200 κινδύνους

2583 5236 2990 5304 ὑπομεμενήκει
3026 5233 3165 5303 μετά
3191 5233 3286 5302 τῆς
3312 5233 3586 5301 στρατιᾶς.
3625 5229 3884 5291 Βασιλεὺς
3917 5228 3976 5281 δὲ
4032 5229 4151 5280 ἐπεὶ

2585 5327 2729 5397 ἐώρα
2764 5327 3090 5395 ἀσυμϐάτως
3126 5324 3339 5393 ἔχοντα,
3380 5324 3490 5392 Τὴν
3521 5323 3617 5391 μὲν
3642 5321 3798 5391 ἐμὴν,
3828 5315 3980 5383 εἷπε,
4017 5322 4151 5386 πρὸς

2588 5419 2646 5470 σέ
2680 5418 3120 5487 εὐγνωμοσύνην,
3177 5417 3271 5469 καὶ
3300 5416 3373 5478 ὡς
3425 5415 3574 5467 οὐδὲν
3623 5413 3729 5466 τῶν
3765 5413 3904 5480 φίλῳ
3940 5429 4149 5482 προση-

2588 5510 2814 5573 κόντων,
2854 5507 2976 5560 οὔτε
3008 5508 3293 5578 πρότερον,
3329 5505 3440 5559 οὗθ’
3489 5505 3714 5574 ὕστερον
3753 5503 4026 5569 ἐνέλιπον,
4063 5505 4152 5558 καὶ

2589 5603 2615 5654 ὁ
2652 5599 2936 5668 παρελθὼν
2993 5599 3089 5669 μὲν
3141 5600 3353 5668 χρόνος,
3385 5599 3482 5667 οὑχ
3508 5598 3706 5666 ἥκιστα
3740 5596 3796 5649 δέ
3828 5598 3922 5649 καὶ
3964 5599 3993 5650 ό
4037 5598 4151 5650 νυνὶ

2590 5691 2781 5762 παρὼν
2815 5691 3110 5760 ἀξιόχρεως
3137 5706 3202 5740 συ
3217 5691 3574 5759 μμαρτυρεῖν.
3607 5686 3706 5740 Σοῦ
3736 5686 3791 5739 δὲ
3828 5687 4000 5757 μηδὲν
4034 5688 4153 5741 ἐθέ-

2591 5781 2771 5843 λοντος
2807 5781 2912 5831 τῶν
2939 5779 3162 5832 δικαίων
3200 5779 3372 5830 ποιεῖν
3416 5778 3509 5830 καὶ
3533 5777 3940 5848 προσηκόντων,
3979 5779 4150 5847 ἀνάγ-

2594 5893 2663 5946 κη
2697 5874 2832 5945 πρδς
2868 5871 2957 5926 τὸν
3005 5871 3235 5941 πόλεμον
3278 5871 3495 5941 χωρεῖν,
3549 5868 3745 5924 ταυτὸν
3794 5868 3909 5932 τοῖς
3943 5868 4152 5937 θηρίοις
