4226 6444
278 409 376 472 169

1428 407 1964 468 HISTORIARUM
2014 407 2238 465 Lllliﬁlt
2287 410 2378 468 IV.

3412 406 3511 466 170

272 524 568 593 πάσχοντα,
599 525 691 577 καὶ
711 524 1014 595 γὰρὲκεῖνα
1050 521 1369 593 βαλλόμενα.
1412 524 1499 573 καὶ
1519 523 1641 574 ἐλαύ
1677 525 1843 589 opisve
1874 525 1914 577 Α

1836 538 1843 570 ι
1874 525 1914 577 Α
1948 521 2094 571 enim
2132 522 2311 574 llllllltS
2347 518 2631 587 cupiebam
2658 534 2819 586 quam
2851 518 3060 571 ht-llote
3090 522 3337 587 persequi
3367 540 3379 573 :
3412 537 3505 577 seu

276 618 385 671 ὑπὸ
435 620 543 671 τῶν
598 618 903 687 θηρευτῶν,
939 619 1129 687 πρῶτα
1162 618 1261 687 μὲν
1296 617 1585 684 φεύγουσι,
1622 616 1714 666 καὶ
1744 615 1839 681 τὴν

278 712 416 776 πρὸς
471 709 791 779 ἀνθρώπους
841 710 1018 779 μάχην
1053 711 1157 777 ὅση
1188 709 1420 777 δύναμις
1476 708 1837 760 ἐκκῖἱνουτῑιν.

288 802 539 855 Ἐπειδὰν
576 802 630 853 δὲ
660 802 740 864 είς
766 802 1013 870 ἀνάγκην
1045 800 1384 865 καταστῶσι,
1412 800 1504 852 καὶ
1533 799 1624 852 τὸν
1667 798 1843 850 κίνδυ-

271 914 365 948 νον
394 895 687 948 αἴσθωνται
718 892 1081 962 ἐφεστηκότα,
1122 891 1467 960 στρεφόμενα
1518 891 1837 959 ἀμύνονται,

268 989 368 1040 καὶ
392 988 533 1040 οὕτω
566 986 705 1054 μετά
736 985 1120 1054 σφοδρότητος,
1154 984 1230 1046 ὡς
1250 985 1347 1054 τῆς
1381 983 1647 1052 σφετέρας
1689 983 1843 1048 ἀφει-

268 1081 378 1131 δεῖν
415 1080 729 1132 παντάπασι
791 1076 956 1143 ζωῆς.
1017 1073 1188 1126 Τοῦτο
1246 1074 1309 1138 δὴ
1364 1075 1456 1126 καὶ
1510 1072 1672 1132 αὐτὸς
1726 1073 1843 1127 νυνὶ

272 1173 519 1238 ποιήσω·
550 1172 787 1239 μάλιστα
846 1171 947 1238 μὲν
989 1170 1100 1240 γὰρ
1134 1168 1438 1238 ἐϐουλόμην
1493 1166 1569 1236 μὴ
1604 1166 1841 1235 πόλεμον

270 1265 442 1314 κινεῖν
476 1262 613 1330 πρὸς
656 1262 737 1325 σὲ,
795 1260 929 1314 ἀλλά
978 1260 1131 1329 φίλον
1186 1260 1279 1314 καὶ
1337 1262 1626 1328 σύμμαχον
1672 1258 1837 1327 ἔχειν,

272 1352 463 1420 ὥσπερ
492 1352 722 1416 δίκαιον,
767 1350 860 1404 καὶ
888 1350 997 1401 τῶν
1042 1348 1410 1420 ὑπηργμένων
1444 1346 1686 1414 ἀγαθῶν,
1775 1348 1841 1401 ἂν

274 1447 511 1515 μάλιστα
544 1444 833 1512 δυναίμην,
882 1444 1117 1496 ἐκτίνειν
1175 1441 1431 1510 ἀμοιϐάς.
1482 1440 1637 1494 Ἐπεὶ
1669 1442 1711 1494 δ’
1745 1441 1841 1493 αὑ-

272 1537 364 1597 τὸς
389 1537 498 1588 τῶν
531 1536 759 1588 δικαίων
815 1535 1019 1604 ᾕρησαι
1083 1535 1259 1588 ποιεῖν
1311 1531 1491 1611 ρύδὲν,
1555 1532 1675 1585 οὐδὲ
1732 1532 1840 1584 τῶν

280 1627 577 1695 Ῥωμαίοις
608 1625 813 1678 πόλεων
848 1624 1202 1692 ἀφίστασθαι,
1231 1622 1295 1685 ἃς
1325 1624 1467 1692 ἔχεις
1502 1624 1703 1683 ἀδίκως
1739 1640 1840 1675 κα-

266 1718 509 1786 τασχὼν,
557 1718 773 1784 ἀνάγκη
828 1717 923 1768 καὶ
976 1715 1139 1767 αὐτὸν
1182 1713 1217 1767 ὃ.
1264 1715 1471 1783 νομίζω
1536 1715 1840 1782 συμφέρειν

278 1809 595 1876 Ῥωμαίοις,
630 1809 915 1875 πράττειν,
941 1806 1035 1857 καὶ
1059 1804 1134 1875 μὴ
1168 1807 1435 1875 περιορᾷν
1467 1804 1665 1865 ἀδίκως
1699 1804 1840 1857 οὕτω

268 1882 781 1957 καταδουλωθέντας
806 1896 848 1947 Τ
856 1896 1132 1966 ριϐαλοῖς’
1165 1893 1303 1946 ἀλλὰ
1334 1892 1427 1946 νῦν
1470 1895 1570 1963 μὲν
1600 1895 1719 1947 ἐπεὶ
1766 1896 1841 1964 μὴ

267 1990 367 2042 καὶ
404 1991 436 2057 ή
474 1989 972 2058 παρεσκευασμένη
1004 1988 1240 2056 στρατιὰ
1272 1988 1491 2055 ἀφῖκτο,
1524 1990 1601 2050 εἰς
1634 1990 1839 2052 Βυζάν-

267 2092 385 2133 τιον
406 2082 500 2132 καὶ
527 2081 686 2141 αὐτὸς
716 2080 1173 2146 ἐπανελεύσομαι,
1204 2080 1298 2131 καὶ
1338 2081 1840 2149 παρασκευασάμε-

268 2191 359 2234 νος
388 2172 482 2225 τοῦ
505 2170 796 2242 χειμῶνος,
819 2171 935 2242 ἅμα
957 2167 1052 2241 ἦρι
1071 2173 1146 2234 ὡς
1173 2173 1407 2242 μάλιστα
1431 2173 1538 2243 ἔχω
1562 2175 1698 2241 μετά
1720 2173 1845 2225 πολ-

267 2265 367 2329 λῆς
417 2264 723 2334 δυνάμεως,
764 2266 860 2316 καὶ
894 2264 1139 2336 μεγάλης
1184 2267 1283 2335 τῆς
1326 2266 1679 2336 παρασκευῆς
1716 2267 1843 2333 ὑμῖν

268 2357 679 2427 ἐπιστρατεύσω
700 2374 712 2387 ·
732 2356 957 2428 γνώμην
977 2358 1140 2427 ἔχων,
1171 2357 1246 2421 ὡς
1276 2358 1309 2427 ἢ
1346 2361 1649 2427 μαχόμενος
1669 2361 1844 2410 πεσεῖ-

271 2448 482 2519 σθαι,ῆ
527 2451 662 2518 πρὸς
692 2449 769 2517 τῷ
813 2448 1117 2519 Ῥωμαίους
1160 2449 1503 2519 δλευθεροῦν,
1539 2454 1631 2504 καὶ
1681 2451 1845 2503 αὐτὸν

269 2544 365 2595 καὶ
413 2542 689 2610 ὑπηκόους
737 2540 1310 2611 ἐξανδραποδίζεσθαι,
1366 2543 1458 2594 καὶ
1510 2541 1844 2611 διαφθείρειν

268 2634 365 2687 καὶ
412 2631 887 2687 καταδουλοῦσθαι.
922 2636 987 2686 Ἀ
1017 2634 1197 2687 εἰδότα
1243 2633 1338 2686 καὶ
1374 2632 1535 2686 αὐτὸν
1557 2634 1630 2695 ὡς
1650 2636 1843 2703 ἀληθῆ,

270 2726 789 2798 παρασκευάζεσθαι
836 2725 913 2790 ὡς
955 2726 1349 2796 ἀμυνούμενον,
1388 2726 1503 2778 ’καὶ
1549 2726 1847 2792 διαγωνού-

276 2835 439 2887 μενον
474 2816 737 2884 περὶτῶν
760 2817 918 2869 ὅλων.
953 2815 1176 2886 Κρὰλης
1205 2815 1261 2869 δὲ
1295 2814 1535 2876 ἀκούσας
1587 2814 1845 2883 βασιλέως

268 2908 447 2972 οὕτως
486 2908 759 2978 ὲμϐριθῶς
823 2907 1199 2976 διειλεγμένου
1253 2909 1381 2977 περὶ
1432 2907 1526 2959 τοῦ
1583 2907 1842 2973 πολέμου.

271 3003 370 3054 καὶ
400 3000 540 3071 δρῶν
569 2999 908 3069 ἀμετάθετον
940 2999 1039 3067 τὴν
1068 2996 1294 3067 γνώμην
1326 2999 1543 3069 ἔχοντα,
1567 3002 1662 3051 καὶ
1692 2998 1846 3066 γενδ·

275 3109 439 3161 μενος
472 3091 749 3162 περιδεὴς,
772 3091 942 3143 ἐδεῖτο
958 3090 1222 3160 βασιλέως
1251 3092 1325 3160 μὴ
1353 3091 1497 3144 οὕτω
1520 3092 1656 3161 πρὸς
1676 3093 1845 3160 ὀργὴν

270 3184 368 3233 ἐπὶ
401 3183 495 3235 τὸν
516 3182 756 3251 πόλεμον
784 3181 1111 3245 ἐξάπτεσθαι
1133 3197 1145 3209 ·
1169 3182 1304 3233 ἀλλὰ
1329 3181 1482 3235 λύσιν
1502 3184 1621 3234 τινὰ
1638 3184 1846 3252 ἐξευρί-

272 3291 429 3327 σκειν
452 3273 562 3327 τῶν
594 3273 803 3338 κακῶν,
829 3273 951 3326 ὅθεν
985 3274 1013 3325 ὃ
1036 3291 1095 3326 τε
1124 3274 1361 3342 πόλεμος
1385 3275 1840 3345 καταλυθήσεται,

266 3365 367 3418 καὶ
400 3363 524 3433 μηδ’
548 3364 709 3426 αὐτὸς
760 3364 1080 3417 παντάπασι
1105 3364 1272 3432 μηδὲν
1295 3364 1405 3417 τῶν
1432 3381 1492 3416 τε
1521 3366 1720 3429 πόνων,
1751 3366 1845 3418 καὶ

266 3455 382 3509 τῶν
427 3457 709 3519 κινδύνων,
739 3448 815 3509 ὧν
856 3455 1119 3523 ὑπέμεινε
1162 3454 1262 3517 τὰς
1314 3456 1498 3518 πόλεις
1536 3458 1839 3525 κτώμενος,

270 3542 558 3595 ἀπόναιτο.
603 3542 903 3611 Ἐπέτρεπὲ
930 3558 984 3594 τε
1012 3543 1189 3595 πάντα
1225 3541 1459 3610 βασιλεῖ,
1497 3544 1592 3593 καὶ
1629 3544 1842 3594 συνετί-

271 3635 398 3689 θετο
428 3636 678 3705 στέργειν
705 3636 837 3698 πᾶν,
862 3636 890 3687 ὃ
917 3651 970 3686 τι
992 3634 1058 3687 ἂν
1081 3633 1231 3703 αὐτῷ
1272 3634 1456 3702 δοκοίη
1490 3633 1721 3702 βέλτιον,
1750 3635 1844 3713 καὶ,

268 3725 585 3779 λυσιτελοῦν
615 3726 920 3791 ἑκατέροις.
947 3725 1206 3788 Βασιλεὺς
1237 3724 1293 3777 δὲ
1321 3727 1381 3777 τό
1403 3741 1474 3783 τε.
1494 3726 1674 3778 πάντα
1697 3716 1843 3794 ἔχειν

267 3819 415 3889 ὁρῶν
439 3813 972 3889 ἀπονητιὶιὰδύνατον,
1000 3820 1095 3871 καὶ
1110 3820 1169 3871 τὸ
1193 3817 1356 3872 τινῶν
1374 3818 1845 3887 ἀποστερούμενον

269 3908 474 3976 ὀλίγων
507 3906 580 3976 μὴ
610 3905 1114 3975 συγκατατίθεσθαι
1142 3909 1274 3976 πρὸς
1298 3906 1397 3976 τὴν
1431 3909 1680 3978 εἰρήνην,
1710 3907 1846 3961 ἀλλὰ

271 4001 411 4068 περὶ
459 3998 567 4050 τῶν
606 3999 743 4051 ὅλων
773 3996 1198 4051 διακινδυνεύειν
1231 3995 1517 4066 βούλεσθαι
1563 3998 1845 4062 ἀϐουλίας,

271 4090 475 4161 ἀδήλου
506 4088 738 4158 μάλιστα
769 4088 863 4142 τοῦ
906 4089 1192 4158 μέλλοντος
1226 4089 1400 4154 ὄντος,
1430 4090 1525 4141 καὶ
1554 4089 1650 4142 τοῦ
1684 4090 1846 4142 πολέ-

274 4198 383 4250 μου
412 4180 614 4242 πολλὰς
643 4181 702 4232 ὲν
725 4179 799 4250 τῷ
826 4179 1032 4251 μεταξὺ
1064 4179 1363 4250 δυναμένου
1394 4180 1646 4251 δέχεσθαι
1678 4198 1848 4250 μεταο

272 4272 461 4338 ϐολάς,
487 4271 662 4335 ἄλλως
688 4272 736 4324 θ’
764 4274 844 4325 ὅτι
876 4273 971 4325 καὶ
1010 4273 1323 4342 βαρϐάρους
1363 4273 1590 4341 ἔμελλεν
1622 4276 1848 4341 ἐπάγειν

273 4362 700 4433 ἐνθυμούμενος,
721 4361 770 4415 οἳ
791 4362 1020 4416 πλεῖστα
1041 4364 1137 4415 καὶ
1167 4362 1474 4432 Ῥωμαίους
1492 4362 1845 4432 βλάπτουσιν,

271 4450 353 4513 οἷς
384 4452 601 4507 δοκοῦσι
636 4456 965 4523 συμμαχεῖν,
999 4458 1092 4506 καὶ
1125 4455 1225 4522 τὴν
1254 4454 1519 4523 ἐσομένην
1553 4452 1844 4524 Τριϐαλῶν

1946 619 2003 661 ut
2032 627 2245 677 :rqutlttl
2277 621 2417 673 erat,
2451 612 2685 662 amicum
2716 622 2769 664 et
2803 614 3012 664 socium
3037 610 3261 673 habere,
3296 613 3511 680 tuisque

1943 703 2151 755 meritis
2208 704 2352 755 ultro
2410 702 2540 754 mihi
2603 704 2893 769 prasstitis,
2948 712 3181 769 quantas
3247 706 3511 760 maximas

1944 809 2190 861 possem,
2260 793 2463 863 gratias
2516 794 2742 847 referre.
2813 794 3083 859 Quoniam
3134 801 3315 847 tamen
3373 797 3508 849 nihil

1945 894 2178 947 rectum,
2206 901 2267 938 ac
2296 886 2527 953 probum
2563 902 2744 954 agerc,
2778 902 2954 953 neque
3002 888 3071 940 ab
3102 887 3332 946 urbibus
3375 874 3511 957 quas

1944 986 2134 1027 contra
2179 975 2261 1027 las
2301 984 2597 1043 Occupatas
2632 975 2841 1028 retines
2876 975 3158 1031 discedere
3190 977 3509 1041 dCCTBVisll,

1943 1080 2081 1131 opus
2112 1074 2195 1117 est
2224 1073 2279 1117 et
2306 1080 2389 1115 me
2414 1064 2657 1133 aggredi,
2698 1081 2819 1133 quae
2850 1082 2912 1117 ex
2948 1067 3316 1120 ltmnanorutn
3344 1084 3477 1136 rcpu

1944 1156 2084 1208 blit'a
2114 1158 2230 1209 fore
2263 1156 2463 1216 sentio,
2497 1165 2552 1208 et
2582 1169 2840 1209 excutere
2867 1159 3058 1225 jngntn
3084 1200 3098 1219 .
3144 1162 3287 1227 quod
3318 1176 3510 1213 eorum

1942 1250 2251 1302 cervicibus
2282 1249 2509 1302 Triballi
2561 1265 2657 1315 per
2692 1248 2844 1301 nefas
2893 1251 3272 1317 injunxerunt.
3312 1250 3511 1304 Verum

1944 1355 2091 1392 nunc
2121 1340 2344 1407 quidem
2367 1357 2502 1409 cum
2556 1341 2782 1409 insuper
2816 1344 3137 1409 conscripta:
3164 1345 3333 1411 Copiae
3373 1362 3513 1405 non-

1944 1430 2073 1482 dum
2122 1431 2345 1497 adsint,
2400 1434 2717 1502 Byzantium
2774 1444 3038 1493 revertar.
3101 1437 3514 1504 instructusque

1945 1522 2192 1576 hibernis
2234 1526 2536 1589 mensibus,
2572 1528 2747 1593 primo
2787 1544 2914 1580 vere
2954 1545 3078 1581 cum
3103 1544 3267 1596 quam
3306 1531 3510 1598 ingenti

1946 1626 2135 1681 potero
2196 1616 2468 1672 exercitu.
2512 1632 2819 1684 magnoque
2865 1630 3127 1685 apparatu
3175 1623 3226 1672 in
3258 1635 3353 1673 vos
3402 1638 3537 1675 tno-.

1944 1708 2085 1757 veho
2117 1723 2127 1757 :
2160 1720 2220 1758 ea
2258 1716 2439 1759 mente
2470 1716 2527 1759 ut
2556 1718 2648 1759 aut
2686 1708 2986 1774 pratliamlo
3019 1712 3337 1763 occumbam
3362 1754 3375 1771 ,
3421 1722 3517 1765 aut

1949 1807 2142 1864 prta-ter
2184 1798 2493 1851 libertatem
2525 1816 2641 1851 mea
2674 1814 2839 1866 opera
2882 1801 3145 1855 [torminis
3179 1804 3511 1868 restitutam,

1878 1882 1915 1934 B
1948 1898 2107 1958 teque
2146 1891 2515 1958 populumque
2556 1902 2705 1943 tuum
2736 1892 2980 1945 aedibus
3011 1908 3070 1944 ac
3100 1896 3353 1948 servituti
3389 1898 3517 1949 sul.-

1939 1983 2148 2052 jiciam.
2182 1984 2248 2036 Et
2273 2000 2395 2036 cum
2426 1996 2479 2035 ιιι
2515 1999 2735 2053 quoque
2764 1986 2906 2039 scias
2937 2003 3021 2041 me
3058 2003 3184 2041 vcra
3233 1989 3406 2058 loqui,
3449 1994 3513 2044 ail

1948 2073 2336 2137 resistendum,
2374 2085 2429 2127 et
2458 2076 2851 2133 dect-.rtanrlum
2892 2081 2957 2131 de
3000 2096 3211 2133 summa
3250 2099 3429 2135 rerum
3465 2095 3516 2136 ti:

1945 2180 2224 2232 compara.
2268 2165 2474 2231 Crales,
2511 2168 2712 2220 auditis
2750 2178 2854 2220 lunt
2910 2174 3147 2237 gratiter
3184 2188 3244 2223 ac
3275 2175 3417 2225 serio
3448 2177 3515 2228 de

1946 2259 2090 2312 bello
2120 2259 2300 2322 dictis,
2330 2275 2453 2312 cum
2486 2261 2826 2315 voluntatem
2861 2264 3209 2331 imperatoris
3254 2267 3515 2319 immuta-

1945 2350 2109 2404 bilem
2135 2349 2366 2414 videret,
2396 2350 2688 2405 admodum
2725 2354 3109 2419 extimescens,
3167 2360 3516 2424 precabatur.

1946 2457 2013 2495 ne
2047 2441 2127 2495 sic
2160 2441 2334 2496 iratus
2378 2443 2444 2496 ad
2476 2458 2625 2497 arma
2675 2443 2944 2509 ferveret;
2977 2448 3106 2514 quin
3152 2450 3334 2515 potius
3374 2450 3515 2502 viam

1945 2532 2184 2601 aliquam
2214 2532 2270 2586 in
2313 2533 2398 2588 his
2428 2534 2582 2588 malis
2619 2536 2903 2602 inveniret,
2934 2554 3039 2608 qua
3073 2553 3127 2595 et
3160 2540 3302 2595 bello
3331 2557 3521 2611 super.

1947 2625 2255 2690 sederctur;
2286 2627 2442 2696 791
2490 2629 2605 2697 ipse
2626 2638 2743 2697 'pro
2772 2629 3078 2691 laboribus,
3108 2642 3273 2702 atque
3304 2640 3522 2703 pericu-

1947 2716 2037 2779 lis,
2079 2732 2199 2785 qtue
2227 2719 2457 2773 urbibus
2490 2720 2846 2789 acquirendis
2881 2725 3208 2787 tolerasset,
3258 2744 3365 2782 non
3403 2746 3520 2783 om-

1949 2808 2080 2861 nino
2113 2809 2248 2862 nihil
2298 2811 2571 2879 reciperet
2609 2829 2621 2864 :
2655 2827 2877 2881 remque
2924 2824 3088 2868 totam
3130 2818 3248 2886 ejus
3286 2820 3521 2874 arbitrio

1947 2902 2334 2967 permittebat,
2374 2906 2515 2972 atqui
2577 2904 2817 2974 bonique
2869 2918 2929 2961 se
2989 2908 3258 2962 factmum
3293 2914 3521 2979 promit-

1952 3004 2093 3056 tens,
2126 2994 2394 3063 quidquid
2429 2995 2545 3063 ipse
2583 2996 2834 3064 utrisque
2866 2998 3063 3051 melius
3089 3040 3103 3063 ,
3145 3004 3521 3056 commodius-

1946 3092 2053 3145 que
2086 3077 2332 3131 futurum
2365 3079 2688 3148 judicasset.
2738 3080 3061 3149 imperator.
3122 3083 3435 3154 intelligens
3467 3100 3521 3142 et

1951 3169 2135 3222 omnia
2200 3172 2339 3224 citra
2389 3171 2738 3235 molestiam,
2794 3172 3150 3243 laboremque
3180 3177 3367 3232 haberi
3411 3196 3519 3233 non

1948 3276 2130 3331 posse,
2161 3270 2217 3315 ct
2270 3261 2460 3330 paucis
2502 3263 2830 3331 quibusdam
2883 3266 3155 3332 privatum
3204 3270 3320 3335 paci
3357 3286 3521 3337 repu-

1946 3366 2145 3421 gnare,
2182 3368 2245 3407 ac
2275 3354 2341 3406 de
2389 3368 2605 3408 summa
2632 3354 2817 3423 jacere
2850 3355 3022 3409 aleam
3057 3357 3213 3421 velle,
3246 3361 3521 3415 dementis

1946 3459 2086 3505 esse,
2123 3458 2247 3497 cum
2276 3444 2462 3499 futura
2514 3445 2885 3501 incertissima
2922 3450 3055 3508 sint,
3090 3457 3146 3502 et
3180 3465 3405 3519 anceps,
3455 3468 3521 3506 ac

1946 3537 2112 3590 dubia
2148 3538 2364 3592 fortuna
2400 3538 2527 3593 belli
2560 3556 2573 3592 :
2617 3539 2684 3592 ad
2736 3540 2849 3593 haec
2882 3541 3143 3595 barbaros
3168 3556 3228 3596 se
3270 3543 3523 3598 introdu-

1944 3639 2161 3682 cturum
2194 3630 2463 3700 cogitans,
2499 3632 2592 3700 qui
2628 3640 2684 3686 et
2726 3633 3008 3693 Romanis,
3040 3650 3279 3703 quorum
3323 3638 3523 3691 viden-

1949 3728 2039 3773 tur
2067 3719 2226 3787 socii,
2290 3721 2588 3789 pluritnum
2632 3731 2899 3787 noceant;
2940 3732 2997 3776 et
3032 3724 3401 3779 Triballorum
3440 3726 3523 3780 fu-

1951 3819 2127 3865 turam
2159 3812 2394 3876 cladem,
2420 3813 2620 3878 caedes,
2646 3815 2946 3869 servitutes
2974 3815 3066 3880 (de
3104 3819 3306 3886 quibus
3346 3835 3525 3888 quan-

1949 3918 2111 3969 quam
2134 3904 2402 3969 hostibus,
2422 3904 2806 3972 nihilominus,
2829 3914 2888 3961 ut
2917 3907 3010 3961 Dei
3037 3909 3216 3962 cultor
3235 3922 3381 3974 erat,
3417 3913 3525 3964 sol-

1950 3982 2180 4059 licitus",
2212 3993 2426 4049 Cralem
2445 3995 2781 4060 compellans
2806 4002 2904 4061 att,
2930 3998 3243 4066 veritatem,
3279 4011 3335 4057 et
3356 4006 3524 4071 justi-

1954 4085 2110 4146 tiam,
2152 4095 2202 4138 et
2237 4086 2384 4153 quod
2413 4086 2841 4153 qnilibetbonus
2870 4091 3175 4145 aestimator
3193 4092 3403 4147 calculo
3423 4109 3525 4148 suo

1953 4177 2292 4245 approbarit.
2322 4177 2459 4231 nihil
2504 4193 2623 4232 esse
2657 4179 2835 4244 aliud,
2870 4196 3032 4249 quam
3086 4183 3345 4237 Romanis
3373 4187 3524 4239 urbi-

1952 4267 2052 4321 bus
2081 4270 2396 4337 jnramento
2422 4271 2839 4338 comprehensis
2874 4288 2932 4326 se
2952 4274 3229 4328 abdicare.
3252 4277 3523 4330 ceterum

1952 4358 2084 4426 quia
2120 4360 2295 4427 ipsum
2350 4369 2637 4429 tantopere
2689 4363 2921 4416 urbibus
2961 4363 3268 4419 inescatum
3304 4370 3524 4430 videat.

1953 4462 2007 4505 et
2038 4453 2393 4506 arbitrantem
2431 4453 2552 4508 vita:
2578 4464 2789 4522 partem
2818 4471 2928 4510 non
2950 4458 3237 4527 modicam
3262 4477 3384 4514 cum
3422 4464 3527 4518 illis

273 4546 507 4615 φθορὰν,
537 4546 631 4597 καὶ
652 4545 776 4607 τοὺς
812 4547 1026 4614 φόνους,
1054 4546 1150 4597 καὶ
1176 4546 1305 4607 τοὺς
1349 4546 1845 4617 ἀνδραποδισμοὺς,
1882 4561 1925 4616 ι)

1882 4561 1925 4616 ι)
1957 4544 2314 4604 amissurum,
2351 4545 2609 4613 iniuriam
2660 4547 2886 4615 quidem
2931 4549 3195 4607 Romanis
3228 4570 3286 4608 se
3317 4555 3526 4624 irroga‘

274 4631 351 4689 ὧν
390 4636 637 4706 ὲκήδετο,
675 4637 766 4689 καί
811 4653 894 4688 τοι
929 4636 1204 4706 πολεμίων
1244 4635 1416 4689 ϐντων
1450 4637 1541 4690 διά
1575 4639 1673 4707 τὴν
1713 4639 1849 4707 θρη-

276 4730 491 4793 σκείαν,
522 4729 582 4781 τὸ
616 4729 713 4796 μὲν
742 4727 940 4797 ἀληθὲς
968 4723 1113 4793 εἷπε,
1149 4728 1244 4781 καὶ
1271 4728 1502 4795 δίκαιον,
1535 4731 1671 4798 πρδς
1704 4730 1852 4798 Κρά·

272 4818 400 4887 λην,
430 4824 524 4873 καὶ
568 4820 597 4871 ὃ
640 4821 747 4881 πᾶς
787 4819 1038 4873 ὁστισοῦν
1084 4820 1150 4873 ἂν
1181 4820 1576 4891 ὲπιψηφίσαιτο
1623 4822 1849 4884 δικαίως

272 4910 520 4973 διαιτῶν,
549 4912 697 4965 οὐδὲν
726 4907 867 4964 εἶναι
891 4913 1103 4980 ἕτερον,
1126 4913 1160 4983 ἢ
1192 4912 1509 4978 ἐξίστασθαι
1548 4914 1849 4983 Ῥωμαίοις

272 5007 386 5056 τῶν
414 5003 621 5056 πόλεων
644 5004 754 5056 τῶν
777 5006 888 5066 τοῖς
917 5006 1103 5076 ὅρκοις
1134 5006 1637 5076 περιειλημμένων.
1691 5008 1847 5061 Ἐπεὶ

276 5097 323 5149 δ’
373 5097 539 5151 αὐτὸν
558 5098 659 5168 ὁρᾷ
693 5097 834 5150 πάνυ
879 5098 1271 5167 περιεχόμενον
1319 5100 1428 5153 τῶν
1474 5101 1703 5166 πόλεων,
1752 5103 1850 5155 καὶ

276 5188 381 5257 τῆς
409 5187 559 5252 ζωῆς
609 5188 670 5240 οὺ
705 5187 899 5256 μικρὸν
940 5189 1106 5258 μέρος
1137 5189 1442 5257 ἡγούμενον
1481 5192 1849 5263 ἀφαιρεθήσε-

281 5279 429 5341 σθαι,
458 5279 509 5331 el
553 5277 759 5332 τούτων
786 5280 1212 5351 ἀποστερηθείη,
1243 5281 1529 5349 ἀδικήσειν
1562 5284 1661 5351 μεν
1719 5283 1852 5336 Ῥω-

285 5368 510 5440 μαίους,
536 5369 675 5437 πλὴν
721 5370 1031 5433 διελόμενον
1077 5372 1175 5433 es;
1227 5371 1412 5434 πόλεις
1460 5372 1536 5434 ὡς
1585 5374 1652 5426 ἂν
1701 5375 1849 5444 αὐτῷ

281 5462 491 5531 δοκοίη,
523 5464 617 5515 καὶ
642 5464 1117 5533 παραχωρήσαντα
1158 5464 1299 5516 ὅσων
1322 5464 1387 5515 ἀν
1416 5463 1613 5528 ἐθέλοι,
1647 5466 1697 5517 εί
1751 5467 1851 5534 μὲν

282 5552 437 5622 αὺτῷ
464 5553 668 5623 δοκοίη,
699 5555 793 5607 καὶ
820 5555 1063 5607 πείθοιτο
1086 5554 1250 5607 αὑτοῦ
1285 5558 1348 5625 τῇ
1383 5555 1571 5627 ψήφῳ,
1602 5556 1848 5611 τίθεσθαι

285 5646 514 5714 εἰρήνην
536 5646 628 5696 ἰπὶ
655 5648 866 5709 τούτοις
902 5651 993 5699 καί
1022 5647 1254 5710 σπονδάς
1275 5665 1288 5678 ·
1318 5651 1365 5700 εἰ
1395 5647 1449 5699 δὲ
1479 5650 1554 5719 μὴ
1581 5649 1848 5717 βούλοιτο,

283 5736 487 5800 ὶξείναι
508 5733 663 5797 αὖθις
685 5738 944 5806 πολεμεῖν
966 5738 1063 5800 τὰς
1082 5741 1261 5803 πάσας
1286 5740 1482 5809 ἔχοντι.
1513 5742 1627 5794 Καὶ
1649 5743 1845 5797 αὐτίκα

296 5825 655 5894 Ἀκαρνανίαν
690 5825 788 5895 μὲν
815 5827 910 5879 καὶ
935 5826 1252 5888 Θετταλίαν,
1291 5827 1491 5897 Σέρϐιά
1522 5846 1579 5882 τε
1632 5831 1724 5885 καὶ
1752 5834 1849 5895 τὰς

604 5924 874 5983 ΡΑτιιοι..
921 5926 1037 5985 Gn.
1078 5922 1275 5984 CLIV.

1958 4645 2164 4696 turum,
2192 4646 2570 4692 verumtamen
2601 4639 2811 4708 judicio
2835 4657 2937 4695 suo
2974 4644 3137 4697 urbes
3171 4648 3525 4713 partiturum.

1953 4735 2011 4779 et
2039 4741 2321 4780 cessurum
2348 4767 2364 4791 ,
2400 4737 2534 4797 quot
2585 4730 2689 4783 sibi
2724 4734 3013 4798 placuerit.
3044 4738 3088 4788 si
3130 4736 3206 4789 illi
3239 4738 3406 4792 etiam
3451 4743 3528 4794 vi-

1954 4816 2173 4878 deatur.
2207 4828 2263 4873 et
2285 4835 2396 4873 suae
2432 4828 2539 4875 stet
2576 4824 2895 4887 sententias,-
2924 4841 3114 4893 pacem
3139 4844 3307 4897 super
3334 4832 3441 4896 his,
3473 4850 3529 4888 et

1958 4906 2137 4963 [trdus
2161 4909 2493 4965 faciendum.
2533 4912 2590 4967 Si
2618 4927 2857 4979 recuset,
2894 4918 3060 4972 licere
3113 4918 3191 4973 illi
3226 4936 3287 4975 se
3336 4939 3530 4978 omnes

1956 5000 2250 5055 habentem
2315 5002 2383 5057 de
2432 5005 2645 5071 integro
2705 5008 2878 5062 armis
2929 5010 3243 5074 lacessere,
3292 5022 3346 5066 et
3405 5032 3529 5070 mox

1952 5093 2335 5162 Acarnaniam,
2373 5097 2714 5155 Thessaliam
2743 5142 2757 5167 ,
2802 5103 3012 5166 Servia,
3059 5117 3117 5159 et
3148 5107 3292 5161 intra
3333 5108 3433 5164 has
3463 5116 3528 5164 atl

1954 5206 2104 5245 mare
2137 5192 2271 5246 sitas
2297 5231 2312 5257 ,
2350 5202 2406 5247 et
2457 5194 2773 5251 Berrhream
2809 5215 2933 5253 cum
2988 5201 3217 5265 Edessa,
3269 5203 3530 5274 Gynazco-

1955 5294 2220 5348 castrum,
2255 5294 2311 5337 et
2340 5284 2683 5355 Mygdoniam
2707 5328 2720 5349 .
2747 5305 2873 5344 cum
2929 5294 3248 5349 instauratis
3286 5297 3504 5364 oppidis

1952 5381 2009 5427 et
2046 5372 2255 5427 circum
2288 5375 2631 5446 Strymonem
2692 5380 2874 5446 vicos,
2928 5399 3102 5452 usque
3149 5384 3215 5437 ad
3257 5388 3525 5442 terminos

1955 5464 2281 5528 Pherarum,
2317 5475 2371 5520 et
2398 5469 2723 5525 Tantessani
2754 5482 2969 5527 montes
2998 5477 3299 5543 appellatos
3326 5479 3528 5533 Itoma-

1954 5556 2044 5611 nis
2071 5556 2345 5611 attribuit.
2378 5558 2604 5624 Zichna,
2635 5562 2862 5627 Pheras,
2910 5564 3235 5621 Melenicum
3256 5609 3271 5633 ,
3316 5568 3529 5623 Strom-

1955 5648 2180 5709 bitzam,
2230 5648 2567 5715 Castoriam,
2626 5653 2873 5723 aliosque
2933 5656 3107 5722 vicos,
3155 5668 3211 5711 et
3267 5660 3528 5726 oppidula

1956 5738 2303 5794 Macedonica
2326 5780 2341 5805 ,
2370 5757 2495 5811 qua:
2544 5754 2696 5799 extra
2724 5745 2903 5801 dictos
2952 5761 3166 5804 montes
3188 5761 3366 5811 erant,
3396 5751 3530 5805 Cra-

1956 5830 2063 5886 lcm
2094 5835 2333 5888 retinere
2365 5835 2555 5903 voluit,
2584 5846 2640 5891 et
2686 5854 2853 5908 super
2900 5841 2986 5897 bis
3044 5840 3242 5907 [(BdUS,
3294 5842 3527 5899 societa-

3184 5943 3221 6000 6
