4218 6446
237 428 342 491 173

1415 415 1952 482 IllSTORIAltUM
1998 417 2228 477 LIBER
2272 416 2365 477 IV.

3392 416 3491 479 1⁵14

233 547 547 613 ὑστεραίαν
568 542 950 610 ἐξελεύσεσοαι
1003 543 1138 611 πρὶς
1168 542 1370 610 μάχην.
1396 538 1620 607 Κράλης
1645 536 1698 587 δὲ
1728 534 1817 585 καὶ

1924 538 2185 592 astantes,
2239 532 2284 583 si
2339 529 2559 597 quando
2615 528 2922 595 cmerserit,
2976 529 3174 583 iterum
3216 530 3321 585 sub
3350 546 3492 601 aqua

229 634 397 693 αὐτὸς
427 632 888 699 παρεσκευάζετο,
930 630 1024 683 καὶ
1074 626 1514 700 παραθαρρύνων
1578 624 1700 684 τοὺς
1742 622 1815 673 οἰ-

233 727 421 787 κεέους
463 725 600 792 πρὸς
635 726 726 777 τὸν
761 724 1026 792 βασιλέως
1052 723 1291 790 πόλεμον
1318 737 1331 751 ο
1384 719 1445 772 οὐ
1499 718 1605 788 χρὴ
1652 719 1814 771 δεδοι-

235 820 419 881 κέναι,
452 820 655 885 ἔφασκε
674 858 689 881 ,
723 816 1180 886 Καντακουζηνδν
1208 816 1299 866 τὸν
1325 813 1550 879 βασιλέα
1573 813 1732 881 ἄχρις
1751 810 1819 862 ἂν

236 911 346 963 ὑπὸ
375 912 483 963 τῶν
523 912 742 963 οἰκείων
804 908 1149 977 τεολεμῆται⁹
1215 906 1354 957 ἀλλὰ
1402 904 1624 973 βεδαίας
1672 903 1815 970 ἔχειν

238 1002 464 1062 ἐλπίδας
489 1002 580 1053 τοῦ
610 1000 980 1069 περιέσεσθαι,
1010 1000 1103 1050 καὶ
1126 999 1224 1059 τὰς
1278 995 1638 1066 ήρπασμένας
1681 992 1815 1044 Ῥω-

242 1094 420 1160 μαίων
473 1093 653 1153 πόλεις
709 1089 958 1152 καθέξειν
1033 1086 1312 1155 ἀσφαλῶς.
1384 1084 1651 1138 Ἐοικέναι
1706 1082 1814 1151 γὰρ

236 1185 477 1251 ἔφασκεν
507 1186 731 1247 ἐκεῖνον,
763 1184 819 1235 ἐν
849 1182 1036 1234 ὕδασιν
1081 1178 1356 1248 ἀνθρώπῳ
1407 1175 1811 1229 καταδεδαπτι-

237 1277 447 1343 σξιένῳ,
476 1279 599 1335 τοὺς
617 1277 851 1339 οἰκείους
872 1277 928 1327 δὲ
956 1273 1288 1343 ἐφεστῶτας,
1322 1272 1376 1324 εῖ
1397 1288 1527 1324 ποτε
1557 1268 1809 1338 δυνηθείη

235 1373 536 1439 ἀνακύψαι,
612 1371 899 1432 πιέζοντας
958 1366 1114 1431 αὖθις
1180 1365 1635 1428 καταϐαπτίζειν,
1716 1366 1808 1417 καὶ

240 1464 372 1532 μήθ’
411 1461 586 1529 ἐαυτῷ
610 1463 903 1529 χρήσιμον,
938 1462 1063 1529 μήτ’
1109 1460 1353 1520 ἐκείνολς
1404 1457 1651 1523 γίνεσθαι
1688 1457 1808 1525 ὲᾷν·

235 1555 304 1606 ἂν
338 1555 438 1622 μέν
481 1572 565 1606 τοι
614 1554 721 1604 τῶν
776 1554 915 1605 οἴκοι
949 1552 1220 1619 διαφορῶν
1277 1566 1405 1601 ποτε
1446 1547 1808 1614 ἀπαλλαγείη,

231 1647 343 1699 τότ’
380 1648 479 1715 ήδη
510 1647 728 1699 πάντων
752 1644 901 1713 αύτῷ
930 1643 1239 1708 ἐξίστασθαι
1264 1643 1513 1702 ἑκόντας.
1559 1642 1653 1694 καὶ
1678 1640 1808 1693 πολ-

232 1734 335 1803 λὴν
365 1735 621 1802 πρόνοιαν
652 1733 923 1786 ποιεῖσθαι
943 1732 1096 1798 φίλον
1117 1731 1279 1800 ἔχειν.
1299 1730 1813 1784 Ἀντιιιατξίστασθαι

232 1823 345 1891 γὰρ
372 1822 507 1888 πρὸς
528 1822 786 1890 πόλεμον,
818 1822 884 1874 ἂν
924 1822 1034 1874 τῶν
1078 1822 1218 1873 οἴκοι
1262 1821 1543 1891 δυσχερῶν
1569 1821 1813 1873 ἀπαλλα-

232 1916 382 1982 γείη.
415 1914 531 1967 οὔτ’
554 1914 717 1967 αὐτὸν
748 1914 1047 1966 λυσιτελεῖν
1104 1913 1383 1982 ἡγεῖσθαι,
1426 1912 1537 1966 οὔτ’
1579 1914 1810 1976 ἐκείνοις

234 2006 834 2073 συμϐουλεύειν.οὖτω
884 2006 1037 2075 μένὸ
1068 2005 1285 2075 Κράλης
1338 2006 1399 2058 οὐ
1453 2008 1519 2075 τῇ
1573 2006 1813 2075 σφετέρᾳ

236 2101 442 2169 μᾶλλον
471 2101 695 2171 θαρρῶν
721 2101 975 2169 δυνάμει,
1018 2098 1051 2168 ἦ
1087 2101 1208 2161 ταῖς
1264 2098 1658 2168 διχοστασίαις,
1722 2098 1814 2150 καὶ

230 2193 524 2261 διαφοραῖς
573 2190 883 2260 Ῥωμαίων,
916 2187 1074 2252 αὖθις
1103 2190 1332 2260 ὥρμητο
1367 2190 1503 2261 πρὸς
1550 2191 1811 2257 πόλεμον,

233 2282 328 2334 καὶ
358 2282 415 2341 ἐς
436 2283 537 2349 τὴν
571 2280 866 2349 ὑστεραίαν
902 2281 1019 2349 ἅμα
1052 2280 1127 2350 ἕῳ
1168 2281 1438 2346 συντάξας
1473 2282 1567 2334 ἐπὶ
1598 2282 1809 2349 φάὶαγ-

233 2387 339 2436 γαε
373 2370 473 2439 τὴν
508 2370 792 2441 στρατιὰν.
821 2370 1019 2440 ἐχώρει
1040 2370 1178 2441 πρὸς
1208 2371 1613 2442 Θεσσαλονίκην
1632 2374 1695 2425 ἐκ
1716 2372 1811 2425 τοῦ

235 2461 627 2530 στρατοπέδου.
662 2460 768 2514 Καὶ
796 2463 823 2513 ό
850 2461 1105 2529 βασιλεὺς
1134 2460 1338 2529 ὁμοίως
1389 2464 1489 2533 τήν
1520 2479 1576 2514 τε
1617 2463 1811 2530 πεζὴν,

236 2555 333 2605 καὶ
386 2553 620 2624 ἱππικήν
671 2554 904 2623 δύναμιν
968 2554 1434 2626 ἀντιπαρέταττεν
1483 2555 1806 2622 ἐξαγαγών·

232 2646 518 2715 οἰδέτερος
545 2648 600 2700 δὲ
624 2648 902 2718 ἐπεχείρει
930 2649 1170 2717 πολέμου
1196 2651 1409 2719 ἄρχειν,
1439 2650 1553 2703 ἀλλ’
1579 2649 1813 2701 ἐπιπολὺ

234 2739 583 2808 ἀτρεμοῦντα
611 2739 1033 2793 ἀντικαῦίστατο
1066 2740 1317 2808 ἀλλήλοις
1349 2742 1415 2793 τὰ
1450 2740 1809 2810 στρατόπεδα,

237 2830 457 2899 Κράλης
487 2830 544 2882 δέ
604 2832 739 2897 πρὸς
797 2830 1022 2899 βασιλέα
1074 2832 1321 2901 πέμψας,
1378 2833 1529 2903 ῆτὴν
1585 2834 1811 2902 εἰρήνην

236 2922 479 2987 ἔφασκεν
506 2922 801 2990 αἱρεῖσθαι,
836 2923 903 2975 ἂν
925 2924 1084 2993 ἐθέλῃ
1107 2924 1333 2993 ἔχοντας
1366 2924 1401 2977 ἃ
1447 2926 1663 2993 ἔχουσιν
1686 2924 1815 2976 ἑ.ίά-

236 3012 479 3083 τερον,ή
516 3013 590 3081 μὴ
645 3011 883 3081 μέλλειν,
919 3012 1035 3065 ἀλλ’
1084 3015 1275 3082 ἄρχειν
1309 3012 1608 3082 συμῦολῆς.
1647 3014 1815 3069 Βασι-

238 3105 365 3168 λεὺς
389 3106 446 3159 δὲ
473 3107 541 3159 τὰ
572 3108 638 3176 τῇ
666 3107 967 3177 προτεραίᾳ
1012 3107 1303 3176 εἰρημένα,
1348 3110 1443 3159 καὶ
1490 3106 1646 3169 αὖθις
1678 3105 1815 3174 ἐφα-

1920 620 2259 689 deprimunt.
2290 629 2345 672 et
2377 636 2553 689 neque
2588 620 2726 682 sibi,
2777 636 2955 689 neque
2985 621 3119 689 ipsis
3147 623 3491 677 commodare

1920 714 2132 765 sinunt.
2170 712 2265 766 Sin
2312 714 2629 768 domesticis
2668 714 2997 778 discordiis,
3036 730 3101 769 ac
3128 715 3368 769 dissidiis
3400 717 3497 769 ali-

1918 809 2136 873 quando
2161 808 2457 874 expeditus
2486 808 2671 869 fuerit,
2706 816 2819 861 tum
2864 810 2973 877 jam
3007 810 3265 864 omnibus
3291 810 3363 863 illi
3402 826 3493 864 ce-

1917 898 2156 950 dendum
2185 899 2198 950 l
2228 900 2442 962 benter,
2465 900 2921 968 atnbiendatnque
2947 901 3195 955 studiose
3221 902 3339 972 ejus
3359 904 3497 955 ami—

1918 988 2121 1040 citiam.
2159 989 2295 1042 Nam
2330 1002 2442 1043 tum
2468 990 2545 1043 illi
2572 991 2741 1044 armis
2770 992 3069 1053 adversari,
3097 1007 3199 1045 nec
3224 1008 3281 1045 se
3303 1004 3496 1061 putare

1919 1079 2252 1141 conducere,
2287 1095 2387 1133 nec
2429 1081 2561 1149 ipsis
2593 1082 2698 1135 hoc
2744 1082 2995 1137 suadere.
3037 1084 3129 1137 Sic
3167 1083 3358 1138 Crales
3386 1100 3494 1137 non

1918 1186 2015 1224 sua
2053 1171 2225 1240 magis
2251 1174 2515 1240 potentia,
2552 1190 2713 1243 quam
2747 1176 3130 1242 seditionibus,
3176 1192 3241 1231 ac
3288 1178 3499 1233 dissen-

1920 1266 2171 1319 sionibus
2212 1267 2583 1320 Romanorum
2612 1269 2853 1324 conlisus
2880 1309 2893 1330 .
2945 1270 3013 1321 de
3046 1270 3258 1340 integro
3291 1272 3495 1326 bellum

1920 1358 2293 1426 pat'turiebat,
2328 1371 2381 1414 et
2416 1360 2506 1414 die
2556 1362 2728 1414 altero
2759 1364 2933 1430 prima
2977 1364 3098 1417 luce
3141 1380 3237 1432 per
3275 1365 3500 1433 phalan-

1918 1462 2012 1516 gas
2065 1449 2334 1517 diSposito
2387 1452 2630 1505 exercitu
2665 1491 2679 1513 ,
2710 1462 2765 1505 et
2822 1454 3019 1506 castris
3053 1453 3496 1508 Thessalonicam

1918 1540 2251 1609 procedebat
2288 1561 2299 1594 :
2334 1542 2701 1613 similiterque
2749 1543 3049 1613 imperator
3084 1547 3369 1615 pedestres
3392 1589 3404 1608 ,
3442 1558 3501 1602 et

1915 1644 2200 1701 equestres
2240 1636 2427 1702 copias
2460 1637 2699 1691 edocens
2727 1678 2740 1696 .
2795 1638 2847 1691 in
2882 1638 2997 1691 acie.
3026 1638 3259 1693 adversa
3286 1642 3498 1694 consti-

1921 1725 2131 1778 tuebat.
2154 1724 2360 1779 Neuter
2393 1734 2575 1780 autem
2606 1729 2852 1795 pra‘lium
2882 1730 3224 1792 ordicbatur,
3256 1731 3501 1783 stabant-

1917 1830 2026 1883 que
2057 1815 2184 1879 diu,
2234 1832 2339 1872 nec
2378 1833 2437 1872 se
2495 1819 2774 1872 exercitus
2824 1822 3266 1875 commovebant.
3307 1822 3498 1877 Crates

1920 1906 2140 1960 tandem
2169 1909 2494 1976 imperatori
2534 1912 2777 1970 nuntiat.
2816 1924 2908 1966 aut
2937 1929 3128 1983 pacem
3160 1931 3499 1983 componen-

1918 1997 2063 2062 dam,
2098 1998 2141 2052 si
2177 2010 2475 2069 utrumque
2502 2003 2743 2056 retinere
2785 2004 2950 2068 velit,
3003 2020 3124 2073 qua:
3158 2005 3357 2066 labet;
3405 2017 3497 2059 ant

1917 2092 2035 2146 sine
2074 2106 2226 2145 mora
2266 2106 2503 2161 pugnam
2542 2092 2938 2161 incipiendam.
2974 2095 3311 2150 Renuntiare
3339 2097 3499 2166 jubet

1916 2185 2243 2254 imperator,
2270 2200 2327 2240 se
2370 2184 2632 2239 hesterno
2660 2186 2749 2239 die.
2786 2197 2941 2257 pacta
2978 2188 3241 2256 prazferre
3272 2200 3327 2243 et
3359 2192 3498 2245 ami-

1917 2292 2039 2331 cum
2093 2278 2270 2347 ipsum
2303 2291 2467 2346 quam
2541 2281 2752 2332 hostem
2786 2279 2980 2343 malle,
3041 2281 3086 2334 si
3126 2282 3295 2335 urbes
3332 2284 3493 2337 resti—

1918 2370 2104 2423 tuerit.
2144 2368 2239 2423 Siu
2284 2369 2486 2423 bellum
2547 2371 2596 2423 ei
2642 2376 2887 2440 optatius
2930 2373 3025 2435 sit,
3088 2373 3240 2441 prior
3270 2375 3493 2441 paulum

1918 2476 2264 2529 progressus,
2302 2477 2496 2529 pugna:
2520 2461 2613 2515 det
2655 2460 2920 2515 initium:
2954 2471 3067 2515 tum
3107 2466 3254 2516 enim
3298 2479 3356 2519 se
3386 2480 3496 2519 non

1918 2551 2292 2605 utconﬂictus
2317 2562 2621 2617 auctorem,
2658 2554 2752 2607 sed
2789 2563 2848 2607 ut
2880 2554 2964 2608 sui
2997 2555 3345 2610 defensorem
3384 2558 3499 2610 ala-

1917 2643 2087 2698 criter
2116 2643 2529 2709 dimicaturum,
2563 2647 2735 2699 Deum
2784 2657 2950 2717 atque
2996 2649 3253 2703 homines
3292 2661 3499 2705 testan—

1921 2746 2049 2796 tem,
2078 2750 2185 2788 non
2225 2751 2283 2790 se
2312 2738 2468 2802 dare,
2511 2738 2603 2792 sed
2659 2738 2934 2808 accipere,
2972 2754 3037 2795 ac
3083 2743 3297 2810 perpeti
3353 2743 3497 2814 inju-

1918 2826 2052 2879 riam
2091 2845 2104 2880 :
2139 2842 2321 2895 neque
2379 2828 2542 2882 ﬁdem
2581 2829 2855 2898 frangere,
2900 2840 2956 2884 et
2991 2832 3133 2886 male
3188 2835 3389 2888 mereri
3426 2835 3494 2889 de

1918 2919 2123 2981 amico,
2157 2920 2250 2973 sed
2288 2922 2676 2976 necessitatem
2710 2938 2738 2976 a
2772 2939 2829 2977 se
2860 2924 3191 2994 exprimere,
3224 2942 3345 2993 qua:
3379 2927 3497 2996 ipse

1918 3012 2079 3066 nolit.
2110 3010 2263 3077 Quod
2297 3012 2340 3066 si
2376 3012 2533 3083 prior
2562 3014 2651 3068 ille
2682 3030 2741 3069 se
2787 3017 3043 3081 moverit,
3080 3033 3183 3072 nec
3213 3019 3329 3089 ipse
3358 3034 3496 3074 con-

1920 3114 2002 3159 tra
2056 3105 2375 3174 gradiatur,
2436 3105 2724 3161 victoriam
2772 3108 2877 3163 sibi
2936 3110 3093 3179 quasi
3154 3110 3221 3164 de
3266 3111 3497 3181 fugitivo

241 3213 377 3249 οιεν
424 3197 720 3267 αἱρεῖσθαι,
751 3200 845 3253 καὶ
878 3197 1032 3265 φίλον
1063 3198 1278 3250 ἐθέλειν
1343 3198 1544 3266 μᾶλλον
1578 3198 1744 3267 ἔχειν,
1780 3198 1811 3269 ἦ

1922 3196 2136 3250 habent.
2174 3195 2267 3250 llis
2299 3198 2539 3265 acceptis
2568 3238 2583 3261 ,
2619 3198 2806 3253 Crales
2832 3214 2932 3253 nec
2962 3214 3020 3253 se
3049 3216 3243 3270 pugnae
3272 3202 3495 3257 avidum

238 3289 528 3358 πολέμιον,
553 3291 648 3353 τὰς
711 3292 897 3353 πόλεις
938 3289 1240 3342 ἀποδόντα·
1300 3289 1366 3341 ἂν
1413 3290 1458 3340 δ’
1520 3290 1681 3350 αὐτὸς
1724 3292 1813 3343 τόν

238 3380 481 3447 πόλεμον
532 3381 762 3449 αἱροῖτο,
796 3380 1014 3450 πρῶτον
1045 3378 1248 3448 μᾶλλον
1273 3378 1439 3430 αὑτὸν
1467 3377 1657 3449 ἄρχειν
1675 3395 1738 3430 συ
1748 3396 1814 3446 μ-

238 3472 404 3540 ϐολῆς
438 3472 641 3540 μικρὸν
674 3472 979 3541 προδόντα,
1036 3470 1112 3532 ὡς
1168 3468 1312 3523 οὕτω
1378 3470 1471 3523 καὶ
1524 3470 1687 3522 αὑτὸν
1736 3468 1812 3532 ὡς

236 3563 607 3632 ἀμυνόμενον,
640 3565 737 3615 Ital.
765 3565 865 3616 οὐκ
887 3566 1125 3632 ἀρχοντα
1156 3562 1403 3631 πολέμου
1466 3560 1811 3631 ἀγωνιούμε-

238 3673 329 3707 νον
366 3655 685 3724 προθύμως.
732 3655 1284 3724 Ἐπιμαρτυρόμενον
1339 3654 1435 3706 καὶ
1487 3652 1812 3720 ἀνθρώπους

239 3748 336 3799 καὶ
367 3749 511 3809 θεὸν,
540 3748 616 3811 ὡς
644 3748 744 3800 οὐκ
800 3750 995 3811 ἀδικεῖ,
1045 3747 1180 3799 ἀλλά
1238 3745 1447 3815 μᾶλλον
1508 3745 1811 3797 ἀδικεῖται(

237 3840 361 3893 οὐδὲ
386 3841 659 3908 ἐπιορκεῖ,
691 3841 783 3892 καὶ
808 3839 978 3902 κακὸς
1032 3835 1172 3892 εἶναι
1233 3838 1482 3909 βούλεται
1544 3840 1671 3907 περὶ
1721 3839 1813 3890 τὸν

240 3934 418 3999 φίλον,
447 3930 799 4001 ἀλλ’ἀνάγκῃ
830 3931 913 3998 ἐφ’
938 3930 973 3983 ἃ.
1022 3930 1098 4001 μὴ
1132 3930 1379 3999 βούλοιτο
1419 3932 1609 3999 χωρεῖ.
1649 3930 1746 3981 Ἂν
1769 3929 1811 3981 δ’

238 4022 410 4076 αὐτοῦ
428 4022 749 4091 κινουμένου
767 4022 1005 4092 πρώτου,
1030 4022 1260 4091 ἔφασκε,
1295 4023 1371 4091 μὴ
1400 4021 1463 4073 τὸ
1496 4022 1814 4090 στράτευμα

239 4114 527 4184 ἀντεπάγῃ
557 4113 653 4165 καὶ
682 4115 868 4177 αὐτὸς,
903 4115 1003 4184 τὴν
1038 4113 1196 4183 νίκην
1259 4116 1467 4167 ἐκεῖνον
1514 4114 1678 4183 ἔχειν,
1742 4114 1817 4176 ώς

238 4202 412 4257 αὐτοῦ
456 4204 970 4274 φυγομαχήσαντος.
1026 4204 1245 4273 Κράλης
1313 4203 1369 4255 δέ
1430 4206 1552 4255 ἐπεὶ
1589 4201 1819 4255 ἐπύθετο

237 4298 367 4360 τοὺς
400 4296 667 4365 βασιλέως
712 4296 925 4363 λόγους,
987 4296 1209 4366 πέμψας
1232 4292 1410 4359 αὖθις,
1446 4297 1652 4364 ἔφασκε
1689 4294 1815 4365 μηδ’

241 4388 410 4441 αὐτὸν
461 4387 747 4456 βούλεσθαι
796 4388 891 4458 τὴν
926 4389 1137 4457 μάχην·
1166 4388 1233 4440 ἂν
1290 4388 1347 4439 δέ
1386 4389 1629 4455 φαίνοιτο
1655 4387 1820 4439 κινῶν

241 4481 341 4542 τὰς
367 4481 657 4549 φάλαγγας
685 4481 826 4550 μετά
865 4481 1089 4550 μικρὸν,
1148 4481 1224 4550 μὴ
1278 4479 1519 4550 νομίζειν
1581 4482 1813 4544 ἐπιέναι,

240 4567 363 4621 ἀλλ’
396 4568 744 4638 ἀναχώρησιν
770 4564 914 4623 εἶναι
941 4572 1040 4639 τὴν
1074 4572 1291 4640 κίνησιν
1328 4573 1462 4639 πρὸς
1486 4572 1547 4622 τὸ
1590 4572 1814 4639 στρατὸ-

240 4659 429 4713 πεδον.
472 4660 709 4714 Τοιαῦτα
738 4662 766 4713 ὀ
796 4660 1017 4732 Κράλης
1084 4658 1204 4714 εἷπε
1232 4677 1248 4693 ο
1287 4666 1380 4714 καὶ
1431 4665 1568 4730 μετὰ
1620 4662 1815 4731 μικρὸν

240 4751 594 4821 ἀναστρέψας
650 4748 805 4817 αὖθις
858 4753 1116 4823 ηὐλίσατο
1160 4753 1298 4824 πρὸς
1344 4752 1405 4805 τδ
1456 4752 1816 4823 στρατόπεδον

240 4844 343 4915 τὴν
371 4844 563 4900 νύκτα.
598 4844 708 4897 Καὶ
734 4843 987 4913 βασιλεὺς
1008 4844 1210 4913 ὁμοίως
1237 4844 1558 4915 εἰσήλαυνεν
1610 4844 1690 4905 είς
1718 4842 1816 4913 τήν

244 4933 405 4985 πόλιν
436 4931 574 5001 μετά
598 4932 698 5001 τῆς
724 4935 1009 5003 στρατιᾶς.
1052 4934 1272 5003 Κράλης
1304 4934 1359 4986 δὲ
1416 4938 1497 4997 εἰς
1536 4936 1631 5005 τὴν
1660 4935 1816 4986 ὑστε-

248 5024 411 5092 ραίαν
430 5023 732 5085 διαδάςτδν
766 5023 991 5089 ’Δξειὸν,
1022 5024 1092 5076 τὰ
1153 5025 1280 5094 περὶ
1340 5026 1603 5078 Ἔδεσσαν
1660 5025 1817 5078 κατέ-

244 5113 450 5181 δραμε,
504 5112 597 5163 καὶ
657 5114 1402 5183 περιστρατοπεδευσάμενος
1480 5114 1813 5183 ἐπολιόρκει.

246 5203 516 5267 Βασιλεύς
537 5220 594 5254 τε
626 5204 747 5257 ἐπεὶ
780 5204 856 5274 μὴ
884 5204 1058 5257 ἐδόκει
1086 5205 1164 5257 ἔτι
1204 5206 1421 5273 μέλλειν
1461 5206 1520 5256 ἐν
1548 5204 1819 5257 Θεσσαλο-

248 5296 396 5365 νίκῃ,
426 5296 686 5363 πράττειν
711 5298 820 5365 γὰρ
848 5297 929 5351 ἔτι
970 5296 1250 5363 ἀξιόλογον
1290 5296 1444 5349 οὐδὲν
1496 5296 1645 5363 ἐξῆν,
1682 5312 1819 5365 παρ-

248 5386 599 5451 εσκευάζετο,
629 5387 702 5449 ὼς
731 5391 810 5450 εἰς
832 5386 1126 5450 Βυζάντιον
1146 5387 1569 5457 πλευσούμενος.
1593 5386 1818 5439 Μέλλων

249 5479 307 5532 δὲ
334 5480 593 5547 ἀπαερειν
626 5478 749 5549 ήδη,
779 5478 948 5531 πολλὰ
989 5479 1197 5548 βασιλεῖ
1223 5479 1302 5548 τῷ
1326 5479 1432 5548 νέῳ
1458 5480 1585 5549 περὶ
1608 5478 1701 5531 τοῦ
1744 5480 1817 5547 μὴ

251 5566 534 5619 πείθεσθαι
559 5569 792 5637 παρήνει
813 5569 1025 5639 Κράλῃ.
1063 5569 1219 5621 Ἦδει
1246 5569 1355 5637 γὰρ
1394 5570 1816 5638 ἐπιχειρήσαντα

255 5660 479 5723 ἐκεῖνον,
535 5659 692 5721 αὖθις
717 5660 807 5712 τὸν
848 5660 983 5730 πρὸς
1037 5659 1301 5728 ἀλλήλους
1350 5660 1590 5729 πόλεμον
1650 5662 1819 5711 κινεῖν

262 5749 569 5817 Ῥωμαίων,
604 5752 671 5803 ἶν’
696 5752 847 5821 αὑτῷ
884 5750 977 5822 ἐξῇ
1008 5754 1105 5815 τάς
1159 5752 1341 5816 πόλεις
1391 5752 1556 5823 ἔχειν,
1598 5753 1821 5805 ἐκείνων

255 5842 669 5908 ἀπολουμένων
699 5848 833 5913 πρὸς
861 5846 1148 5916 ἀλλήλους,
1186 5846 1281 5900 καὶ
1321 5845 1673 5899 συνεϐούλευε
1722 5860 1820 5914 φυ-

1843 4523 1893 4582 D

1920 3301 2042 3340 esse
2072 3286 2231 3339 dixit.
2262 3285 2317 3339 Si
2342 3286 2642 3355 phalangas
2662 3287 2827 3357 paulo
2859 3297 2979 3357 post
3008 3290 3214 3343 moveri
3250 3288 3453 3343 viderit
3476 3329 3494 3353 ,

1919 3391 1989 3431 ne
2018 3386 2176 3446 putet
2208 3386 2417 3431 motum
2451 3376 2606 3431 illum
2635 3378 2718 3431 sui
2758 3378 3078 3442 invadendi,
3109 3380 3202 3433 sed
3235 3381 3286 3434 iu
3315 3393 3496 3435 casrra

1920 3470 2238 3523 revertendi
2272 3484 2437 3522 causa
2479 3469 2770 3524 exsistere.
2822 3470 2948 3525 llaec
2999 3469 3206 3525 Crales.
3254 3471 3369 3525 Nec
3398 3472 3495 3525 ditt

1918 3570 2043 3629 post
2068 3560 2125 3613 in
2164 3569 2339 3615 castra
2382 3576 2440 3614 se
2476 3561 2770 3629 recipiens.
2808 3561 2881 3615 ibi
2916 3563 3283 3632 pernoctavit.
3318 3563 3496 3633 lmpeo

1919 3664 2070 3706 rator
2102 3667 2323 3720 quoque
2378 3668 2502 3706 cum
2533 3652 2860 3708 cohortibus
2892 3654 3009 3708 suis
3050 3655 3242 3708 urbem
3287 3655 3498 3723 repeti-

1920 3747 2017 3798 vit.
2067 3746 2255 3798 Crates
2309 3744 2447 3798 Axio
2503 3751 2849 3809 transmisso,
2880 3753 2937 3799 et
2975 3745 3241 3802 ﬁnitimos
3279 3747 3500 3801 Edessa:

1920 3837 2069 3890 locos
2102 3835 2471 3903 deprmdatus,
2511 3836 2686 3905 ipsam
2720 3838 2978 3893 obsidere
3021 3839 3281 3893 instituit.
3323 3840 3503 3907 Impe-

1922 3938 2069 3981 rator
2122 3942 2245 3980 cum
2313 3926 2526 3981 diutius
2582 3928 2990 3984 Thessalonica:
3043 3932 3501 3985 commorandum

1924 4036 2032 4073 non
2068 4026 2309 4088 putaret,
2338 4021 2484 4089 quod
2532 4022 2669 4075 nihil
2702 4022 3061 4077 memorabile
3102 4024 3375 4092 agendum
3408 4039 3504 4079 re-

1925 4118 2118 4172 staret,
2150 4111 2473 4179 Byzantium
2504 4112 2908 4181 navigationem
2940 4114 3317 4182 comparabat.
3338 4114 3503 4184 794

1924 4200 2282 4254 Discessurus
2314 4241 2327 4261 ,
2366 4201 2643 4266 iuniorem
2705 4203 3097 4270 imperatorem
3149 4206 3415 4272 majorem
3444 4205 3502 4258 in

1923 4292 2147 4346 modum
2196 4292 2543 4357 hortabatur,
2605 4308 2673 4346 ne
2726 4293 2873 4347 Crali
2929 4294 3143 4349 ﬁderet.
3196 4296 3313 4350 Jam
3351 4297 3501 4351 enim

1926 4400 2121 4439 rursus
2152 4400 2468 4455 aggressum
2507 4386 2649 4439 bello
2694 4388 2842 4440 civili
2879 4387 3156 4442 Romanos
3191 4390 3501 4458 implicare,

1927 4486 1988 4530 ut
2020 4478 2086 4531 iis
2132 4478 2277 4532 inter
2325 4493 2385 4531 se
2418 4478 2850 4544 dimicantibus,
2890 4483 3007 4549 ipse
3054 4481 3221 4535 urbes
3255 4484 3359 4536 sibi
3405 4483 3503 4536 ha-

1926 4570 2071 4632 heat,
2114 4582 2169 4624 et
2226 4572 2485 4624 monebat
2534 4582 2751 4625 caveret
2817 4572 3067 4637 insidias,
3106 4589 3228 4642 qua:
3267 4590 3374 4628 non
3414 4591 3501 4630 res

1921 4675 2152 4729 parvas.
2191 4661 2289 4715 sed
2340 4662 2636 4730 imperium
2676 4665 2851 4731 ipsqu
2902 4665 3232 4734 attingerent
3282 4683 3297 4722 :
3354 4667 3499 4722 unde

1920 4768 2030 4807 non
2062 4753 2129 4808 ad
2158 4754 2335 4822 ipsum
2375 4754 2667 4816 duntaxat,
2710 4757 2803 4809 sed
2842 4756 2908 4809 ad
2946 4758 3083 4810 alios
3128 4774 3352 4828 quoque
3385 4759 3498 4812 Ro-

1922 4859 2115 4898 manos
2174 4843 2454 4899 calamitas
2511 4845 2872 4900 redundaret.
2936 4846 3177 4902 Tametsi
3238 4850 3284 4903 is
3346 4850 3497 4904 aliud

1920 4950 2083 5002 quam
2110 4950 2197 4988 res
2221 4943 2306 4988 est
2340 4936 2602 5004 loquens,
2626 4948 2681 4990 et
2713 4939 2987 4991 mentiens
3019 4977 3034 5001 ,
3070 4938 3236 5003 dicat,
3267 4940 3499 5010 impigre

1921 5043 1980 5079 se
2016 5027 2193 5095 ipsum
2249 5027 2591 5096 adiuturum,
2649 5045 2758 5097 quo
2800 5040 3088 5096 paternum
3123 5033 3417 5100 imperium
3467 5052 3497 5087 α

1927 5128 2150 5187 raptore
2200 5131 2527 5188 recuperet,
2568 5136 2808 5189 eumque
2860 5122 3199 5176 ulciscatur:
3232 5140 3355 5177 cum
3392 5126 3499 5179 du-

1920 5209 2149 5273 bitctur,
2189 5225 2256 5262 an
2282 5224 2386 5263 non
2422 5210 2596 5263 solum
2636 5212 2686 5264 ei
2718 5212 3007 5281 imperium
3057 5230 3167 5268 non
3209 5216 3500 5270 restitutur-

1922 5317 2037 5363 rus.
2070 5302 2214 5370 quod
2277 5310 2455 5354 tamen
2491 5302 2835 5369 polliceatur,
2880 5304 2974 5357 sed
3018 5306 3185 5358 etiam
3221 5308 3344 5360 vita:
3379 5310 3499 5376 ejus

1927 5393 2153 5448 insidias
2192 5394 2569 5447 instructurus
2612 5395 2701 5447 sit.
2752 5396 2964 5449 Nullam
2997 5397 3047 5451 ei
3093 5397 3252 5452 fidem
3300 5399 3497 5453 horum

1923 5485 2254 5545 commodet,
2295 5494 2560 5553 certoque
2600 5486 2757 5547 sciat,
2793 5488 2977 5541 omnia
3037 5488 3152 5543 [nec
3197 5490 3500 5544 artificiose

1922 5578 2101 5640 strui,
2141 5587 2199 5629 u'.
2236 5578 2420 5645 potius
2480 5578 2598 5646 ipse
2632 5580 2778 5648 qttod
2834 5580 3105 5649 reliquum
3146 5592 3233 5636 est
3280 5583 3495 5652 imperii

1923 5682 2118 5725 secure
2168 5667 2415 5722 devoret.
2470 5668 2525 5722 Si
2572 5671 2774 5737 Spretis
2828 5672 3297 5728 admonitionibus
3348 5674 3489 5728 Crai-

1923 5757 2241 5819 crediderit,
2279 5767 2408 5813 tunc
2437 5760 2784 5829 cogniturum
2819 5777 2940 5815 esse
2962 5802 2977 5825 ,
3018 5776 3281 5831 quantum
3310 5764 3497 5821 damni

1927 5848 2142 5912 tecerit,
2185 5850 2407 5918 quando
2440 5866 2542 5906 nec
2574 5851 2674 5923 ipsi
2703 5892 2716 5915 ,
2750 5867 2847 5906 nec
2890 5854 3015 5908 aliis
3049 5856 3215 5910 ullum
3260 5857 3499 5913 fructum
