4218 6446
278 438 372 500 l‘l'i

1468 433 2005 505 HISTORIARUM
2046 436 2274 496 LIBER
2318 412 2408 499 1v.

3424 447 3520 510 I78

271 556 611 624 διαρπάζειν.
648 558 1094 630 Καὶέπόρθησάν
1123 577 1182 611 τε
1238 561 1331 612 καὶ
1385 560 1698 629 ἐνέπρησαν
1746 558 1845 618 τας

1916 592 1921 609 .
1951 553 2254 620 potentiam
2286 555 2529 618 evenire,
2565 571 2726 625 quam
2757 557 2899 626 quod
2930 558 3149 628 ipsimet
3179 562 3356 617 nolint
3386 579 3517 619 ava-

272 646 477 708 οίκίας,
508 648 619 700 τῶν
649 649 947 718 οἰκητόρων
975 650 1031 703 δὲ
1060 651 1119 704 τὸ
1176 652 1274 720 μὲν
1302 651 1550 704 πλεῖστον
1584 652 1675 703 καὶ
1714 652 1841 719 ἄρι-

274 753 398 789 στον
423 738 650 806 ἐξήλασε
670 741 876 808 γυμνὸν
908 740 1139 810 μάλιστα
1166 746 1222 795 ἐν
1247 745 1399 813 ἀκμῇ
1432 742 1529 815 τοῦ
1550 743 1841 813 χειμῶνος,

286 830 619 901 Ὶανουαρίου
664 833 789 902 ἄρτι
857 834 1167 903 ἱσταμένου,
1245 837 1339 889 καὶ
1388 836 1843 906 διεσκεδάσθησαν

273 920 420 972 κατά
452 921 743 993 Βέρῤοιαν,
769 925 864 977 καὶ
894 924 994 988 τὰς
1017 925 1179 987 ἄλλας
1204 926 1409 989 πόλεις.
1465 927 1522 978 '0
1554 927 1610 979 δὲ
1640 928 1842 995 ἄπορος

274 1013 593 1066 παντάπασι
622 1015 1019 1070 καταλέλειπτο
1081 1018 1200 1070 ἐκεῖ
1231 1021 1324 1073 ἐπὶ
1355 1019 1455 1077 τὰς
1488 1018 1845 1084 ὑπολειπομέ-

272 1118 372 1162 νας
406 1104 742 1171 καταφυγὼν
771 1106 971 1170 οἰκίας.
1008 1108 1180 1172 Αὐτὸς
1221 1110 1275 1163 δὲ
1336 1112 1458 1163 ἐπεὶ
1493 1110 1587 1164 καὶ
1633 1111 1843 1180 χειμὼν

272 1192 565 1259 ἐπεγένετο
596 1196 857 1262 ἐξαίσιος,
897 1201 1139 1271 φρουρὰν
1174 1204 1266 1255 ἐπὶ
1294 1204 1392 1271 τὴν
1421 1204 1717 1272 ἀκρόπολιν
1744 1222 1845 1258 κα·

272 1286 544 1351 ταλιπὼν,
577 1290 714 1358 πρὸς
766 1292 863 1361 τὴν
920 1293 1098 1345 οἰκίαν
1151 1295 1435 1365 ἀνεχώρει.
1486 1296 1735 1365 Ἐλέγετο
1787 1298 1843 1350 δὲ

273 1378 379 1429 ὑπὸ
416 1380 684 1447 χειμῶνος
709 1382 1054 1451 στρατιώτας
1087 1402 1165 1446 τε,
1215 1386 1447 1438 καὶτῶν
1498 1389 1845 1457 σκευοφόρων

270 1471 587 1538 ὑποζυγίων
636 1474 865 1528 πλεῖστα
922 1477 1001 1545 τῷ
1068 1480 1414 1548 στρατοπέδῳ
1466 1481 1842 1533 ἐναποθανεῖν.

268 1560 535 1625 Βασιλεὺς
564 1562 620 1616 δέ
662 1566 746 1626 είς
797 1566 1093 1627 Βυζάντιον
1152 1570 1467 1622 ἐπανελθὼν
1514 1573 1846 1624 ἐπυνθάνετο

268 1671 336 1704 πε
350 1654 401 1720 pl.
435 1654 528 1705 τοῦ
558 1656 763 1707 Μυσῶν
783 1655 1046 1724 βασιλέως
1090 1659 1467 1730 Ἀλεξάνδρου,
1504 1663 1585 1714 ὅτι
1618 1663 1844 1715 πλεῖστα

268 1743 470 1796 ἀνιιῖντο
495 1744 581 1797 διά
611 1745 711 1812 τὴν
741 1746 850 1798 τῶν
880 1747 1170 1817 βαρϐάρων
1201 1749 1387 1815 ἔφοδον
1438 1752 1845 1821 ἀπροσδόκητον

270 1838 670 1906 γεγενημένην,
708 1839 805 1889 καὶ
839 1839 1075 1906 μέγιστα
1110 1840 1442 1894 κακώσασαν
1476 1844 1575 1911 τὴν
1614 1844 1717 1912 γῆν
1747 1845 1843 1897 αὖ·

268 1925 386 1980 τοῦ.
437 1927 763 1980 Ὑπὼπτευε
788 1930 843 1982 δέ
874 1929 973 1982 οὐκ
1018 1930 1109 1997 ἀφ’
1138 1932 1345 1985 ἑαυτῶν
1370 1934 1497 1998 τοὺς
1534 1935 1843 2005 βαρϐάρους

270 2017 540 2081 ἐπελθεῖν,
572 2019 707 2071 ἀλλά
746 2021 1010 2090 βασιλέως
1067 2024 1403 2093 πέμψαντος,
1425 2025 1453 2078 ὃ
1487 2028 1580 2079 καὶ
1611 2029 1844 2097 μάὶιστα

270 2106 425 2174 ἡνία,
450 2108 534 2160 ὅτι
566 2109 843 2178 μηδεμίαν
868 2111 1144 2180 πρόφασιν
1174 2114 1341 2167 αὑτοῦ
1394 2115 1528 2184 πρὸς
1564 2118 1655 2169 τὸν
1690 2120 1848 2171 πόλε-

271 2215 375 2264 μον
408 2203 827 2269 παρεσχημένου
874 2201 1090 2271 βασιλεῖ
1122 2208 1521 2275 παρασπονδῶν
1542 2210 1845 2275 αὑτὸς,κα-

270 2291 385 2351 κῶς
412 2294 687 2363 ποιεῖτὴν
713 2280 916 2366 χὼρᾶν.
954 2296 1184 2365 Πέμψας
1219 2299 1274 2350 δὲ
1324 2301 1351 2352 ὁ
1408 2300 1661 2369 βασιλεὺς
1719 2319 1851 2372 πρε-

274 2380 463 2435 σϐείαν
498 2385 634 2453 πρὸς
672 2387 855 2452 αὑτὸν,
884 2388 1078 2459 πρῶτα
1116 2390 1215 2457 μὲν
1240 2390 1370 2459 περὶ
1404 2393 1514 2445 τῶν
1553 2393 1849 2463 βαρϐάρων

272 2473 373 2542 τῆς
405 2476 598 2541 ἐφόδου
634 2478 974 2546 ἀπελογεῖτο,
1008 2482 1084 2551 μὴ
1120 2484 1261 2536 κατα
1292 2485 1517 2555 γνώμην
1545 2488 1723 2539 ἐκεῖνο
1757 2508 1846 2557 γε-

272 2566 565 2634 γενῆσθαι,
592 2569 710 2623 ἀλλ’
739 2572 939 2636 αὐτους
972 2575 1067 2643 ἀφ’
1094 2576 1303 2629 ἑαυτῶν
1365 2581 1577 2647 μεγάλα
1608 2584 1847 2653 δυναμέ-

275 2679 426 2724 νους,
460 2663 594 2717 ἄττα
622 2666 686 2718 ἂν
707 2668 836 2737 δοκῇ
874 2673 1069 2725 ποιεῖν.
1106 2672 1279 2724 Τοῦτο
1320 2674 1375 2728 δὲ
1419 2676 1755 2745 συμϐαίνειν,
1787 2680 1846 2732 οὐ

281 2753 485 2820 μᾶλλον
500 2755 587 2809 διὰ
609 2758 709 2825 τὴν
734 2759 958 2813 ἐκείνων
987 2762 1238 2833 δύναμιν,
1274 2765 1304 2832 ἦ
1338 2767 1422 2821 διά
1456 2770 1515 2820 τὸ
1550 2770 1623 2839 μὴ
1654 2773 1847 2834 αὐτοὺς

277 2846 486 2898 ἐθέλειν
518 2851 614 2916 τῆς
645 2852 958 2917 πλεονεξίας
983 2856 1352 2923 ἀποστάντας,
1414 2862 1509 2915 καὶ
1535 2864 1639 2916 τῶν
1696 2865 1851 2917 ἀλλο-

276 2939 445 3006 τρίων
476 2940 574 3010 τῆς
605 2944 926 3013 ἐπιθυμίας,
982 2949 1236 3017 ἀλλήλοις
1292 2954 1389 3023 ὅση
1450 2955 1679 3027 δύναμις
1732 2964 1850 3013 ἐπι-

281 3034 500 3099 μαλεῖν,
535 3035 626 3084 καὶ
657 3036 926 3104 ἀνείργειν
954 3042 1080 3102 τοὺς
1107 3041 1421 3113 βαρϐάρους
1486 3052 1658 3118 ῥᾷστα
1684 3052 1847 3105 δυνα-

283 3124 505 3189 μένους,
534 3128 580 3177 εί
610 3132 1053 3198 συμφωνήσαιεν.
1090 3135 1153 3186 El
1188 3136 1297 3207 γὰρ
1340 3135 1588 3192 ἐϐούλετό
1625 3144 1846 3215 Κράλης

1953 642 2099 709 ritia,
2136 655 2192 699 et
2227 645 2562 714 appetitione
2591 663 2773 702 rerum
2806 650 3108 705 alienarum
3146 651 3475 710 desistentes
3496 699 3510 721 ,

1949 749 2050 802 pro
2083 736 2225 790 virili
2274 738 2467 807 iuvare
2515 748 2787 801 mutuum,
2828 750 2883 794 et
2918 757 3173 798 coercere
3218 744 3513 813 barbaros,

1950 825 2097 892 quod
2156 826 2317 881 facile
2348 840 2599 896 possent,
2657 830 2703 883 si
2739 834 3141 898 conspirarent.
3194 834 3409 889 Etenim
3465 840 3511 892 si

1946 912 2135 968 Crales
2176 928 2398 985 ereptas
2454 920 2620 974 urbes
2669 920 2979 984 restituere,
3013 932 3067 975 et
3100 933 3159 977 ut
3194 925 3473 994 iuraverat
3499 965 3513 987 ,

1947 1020 2282 1062 conservare
2302 1010 2572 1079 justitiam
2601 1014 2888 1078 voluisset,
2916 1030 3022 1069 non
3062 1016 3165 1071 sibi
3194 1018 3512 1074 societatem

1948 1098 2307 1154 barbarorum
2378 1104 2766 1171 requirendam
2825 1107 3028 1173 fuisse,
3088 1123 3229 1177 quos
3278 1110 3514 1178 pessime

1948 1189 2129 1245 oderit
2160 1209 2173 1244 :
2208 1195 2527 1249 necessario
2555 1206 2736 1251 autem
2768 1198 2835 1251 iis
2875 1201 2977 1263 uti,
3002 1216 3111 1269 quo
3136 1211 3191 1256 et
3223 1204 3512 1271 praesentia

1949 1288 2189 1348 tueatur,
2218 1294 2274 1337 et
2305 1285 2555 1355 abrepta,
2587 1288 2631 1341 si
2664 1290 2855 1357 possit,
2890 1302 3199 1360 recnperet.
3232 1295 3515 1349 Adversus

1953 1371 2168 1427 Cralem
2204 1376 2369 1445 igitur
2424 1392 2483 1431 se
2538 1378 2809 1435 facturum
2834 1424 2847 1443 ,
2881 1383 3027 1445 quod
3062 1383 3114 1437 in
3152 1387 3337 1452 primis
3369 1403 3514 1441 com-

1947 1464 2301 1520 modaturum
2332 1467 2585 1524 videatur
2618 1489 2632 1525 :
2663 1472 2763 1541 ipsi
2804 1485 2983 1529 autem
3016 1490 3073 1531 se
3103 1475 3205 1529 hoc
3234 1477 3361 1530 dare
3386 1493 3513 1530 con-

1947 1557 2075 1619 silii,
2108 1558 2185 1611 uti
2235 1558 2301 1611 ad
2332 1559 2596 1615 barbaros
2635 1562 2690 1615 in
2745 1564 3035 1619 Thraciam
3077 1568 3227 1621 nullo
3252 1580 3419 1631 metu,
3453 1584 3515 1620 ac

1946 1663 2048 1716 pro
2085 1648 2318 1703 libidine
2354 1651 2690 1719 trajicientes
2725 1655 3097 1723 prohibendos
3118 1697 3131 1718 ,
3159 1673 3341 1710 set-um
3373 1659 3516 1713 vires

1950 1739 2269 1807 conjungat.
2308 1738 2419 1794 lloc
2450 1740 2563 1794 ﬁeri
2593 1758 2774 1811 posse.
2812 1745 2856 1797 si
2904 1749 3150 1814 pecunia:
3183 1749 3248 1801 ad
3284 1765 3515 1817 appara-

1948 1836 2063 1881 tum
2117 1830 2423 1883 triremium
2459 1832 2772 1887 eonstitutte
2804 1836 3113 1903 pendantur
3145 1856 3157 1890 :
3191 1838 3357 1909 796
3401 1839 3508 1892 sibi

1949 1920 2167 1973 navales
2198 1922 2387 1989 copias
2421 1938 2530 1977 non
2569 1923 2789 1981 deesse:
2826 1927 3015 1981 deesse
3042 1936 3223 1982 autem
3256 1929 3513 1998 pretium,

1949 2011 2094 2067 unde
2141 2013 2404 2067 alimenta
2450 2015 2867 2083 provideantur;
2899 2019 3045 2087 quod
3088 2020 3129 2073 si
3184 2020 3273 2073 ille
3306 2036 3404 2088 pro
3441 2021 3517 2074 fa-

1948 2101 2152 2156 cultate
2186 2113 2397 2173 eroget,
2433 2105 2685 2161 triremes
2724 2107 2778 2161 in
2809 2107 3218 2178 Hellespontum
3245 2110 3517 2165 deductu-

1950 2208 2093 2258 rum,
2130 2209 2251 2263 qua:
2283 2210 2406 2249 oras
2450 2199 2985 2267 praeternavigando,
3043 2202 3306 2256 barbaros
3369 2204 3519 2272 traji-

1949 2301 2115 2351 cere,
2174 2302 2237 2341 ac
2293 2303 2492 2343 nocere
2544 2291 2848 2345 continenti
2902 2308 3011 2346 non
3070 2294 3273 2347 sinant.
3306 2294 3371 2348 Et
3413 2294 3519 2347 hoc

1950 2376 2115 2430 modo
2165 2394 2357 2432 eorum
2414 2380 2734 2435 vexationes
2787 2382 2952 2436 licere
2996 2382 3255 2452 effugere.
3313 2384 3515 2449 Quodsi

1949 2467 2137 2523 Crales
2170 2478 2427 2537 praestare
2462 2487 2519 2525 se
2556 2472 2841 2540 ainbobus,
2868 2473 3083 2543 qualem
3118 2474 3298 2541 decet,
3332 2476 3520 2529 nolue-

1916 2562 2028 2614 ‘rit
2089 2562 2361 2629 (constare
2418 2564 2564 2617 enim
2616 2565 2739 2628 sibi,
2788 2580 2915 2619 eum
2949 2581 3165 2635 quoque
3216 2567 3403 2621 laesum
3450 2567 3518 2621 ab

1952 2653 2047 2706 illo
2073 2653 2354 2723 graviter),
2387 2654 2429 2717 si
2465 2670 2704 2723 praesens
2729 2672 2854 2711 eum
2882 2658 3038 2727 copia
3065 2658 3131 2711 ad
3163 2659 3399 2712 oﬂieium
3427 2675 3519 2713 co-

1952 2758 2081 2812 gere
2119 2745 2463 2812 nequiverit,
2496 2757 2625 2800 tunc
2658 2757 2714 2801 et
2752 2748 3109 2803 barbarorum
3143 2765 3244 2819 ope
3276 2765 3475 2805 usuros
3501 2790 3516 2813 ,

1956 2835 2178 2904 trajecta
2236 2851 2428 2890 eorum
2517 2838 2841 2893 auctoritate
2902 2849 3048 2894 tanta
3111 2841 3516 2905 multitudine,

1954 2935 2211 2993 quantam
2263 2927 2467 2983 ducere
2520 2944 2849 2999 quocunque
2910 2931 3189 2985 voluerint
3222 2951 3235 2986 :
3266 2942 3321 2986 et
3350 2934 3422 2987 ita
3465 2934 3519 2986 in

1957 3018 2141 3071 hostes
2198 3033 2401 3087 paucos
2449 3021 2723 3091 intrepide
2774 3022 2920 3077 facto
2955 3024 3183 3093 impetu,
3232 3026 3312 3080 eis
3354 3027 3517 3079 vitam

1954 3120 2331 3190 adempturos.
2371 3121 2495 3177 Haec
2547 3123 2649 3178 fuit
2710 3125 3000 3195 legationis
3033 3129 3323 3183 sententia.
3381 3129 3517 3201 Regi

282 3213 383 3274 τας
410 3215 771 3283 ἡρπασμένας
802 3221 985 3282 πόλεις
1019 3224 1349 3293 ἀποδιδόναι,
1412 3232 1507 3284 καὶ
1560 3234 1625 3286 τά
1668 3234 1850 3289 δίκαια

1916 3236 1921 3287 ς
1956 3212 2265 3267 cohortatio
2297 3213 2645 3283 imperatoris
2684 3217 2799 3271 visa
2833 3226 2919 3271 est
2968 3218 3355 3283 conducibilis,
3408 3222 3520 3275 rei-

282 3307 462 3355 ποιεῖν
495 3308 636 3359 κατὰ
669 3309 794 3371 τοὺς
821 3311 1041 3381 ὅρκους,
1064 3317 1166 3369 οὐκ
1205 3318 1271 3372 ἂν
1304 3322 1454 3392 αὐτῷ
1494 3323 1680 3393 ἐδέησε
1707 3327 1846 3397 βαρ-

281 3394 469 3461 ϐάρων
505 3399 640 3466 πρὸς
673 3399 769 3470 τὴν
820 3405 1133 3475 συμμαχίαν
1166 3409 1385 3462 πάντων
1429 3412 1662 3478 μάλιστα
1714 3417 1847 3468 ἀπε-

284 3489 430 3555 χθῶς
466 3494 602 3561 πρὸς
629 3494 821 3558 αὐτοὺς
843 3497 1178 3569 διακειμένῳ
1198 3518 1213 3531 ·
1249 3504 1461 3573 ἀνάγκῃ
1481 3507 1533 3557 δὲ
1558 3507 1846 3576 χρωμένῳ,

287 3582 376 3633 ῖνα
400 3583 467 3635 τά
496 3602 553 3637 τε
594 3586 722 3638 ὅντα
748 3588 1026 3654 διασώζοι,
1061 3593 1156 3644 καὶ
1180 3593 1261 3645 ,τά
1308 3596 1656 3664 ἡρπασμένα,
1685 3601 1731 3651 εί
1761 3600 1851 3652 δύ-

284 3688 461 3736 ναιτο,
496 3674 838 3729 ἀνακαλοῖτο.
872 3678 1015 3748 Πρὸς
1062 3679 1162 3748 μὲν
1196 3681 1288 3734 οὖν
1319 3686 1543 3747 ἐκεῖνον,
1582 3688 1848 3757 ποιήσειν,

282 3764 310 3815 ὅ
332 3781 387 3816 τι
422 3764 490 3817 ἄν
506 3766 635 3835 δοκῇ
671 3769 907 3835 μάλιστα
930 3771 1253 3827 λυσιτελεῖν.
1299 3774 1455 3844 Αὐτῷ
1492 3777 1548 3829 δὲ
1609 3780 1851 3847 συμϐου-

283 3854 483 3919 λεύειν,
526 3859 873 3925 συναίρεσθαι
940 3860 1090 3931 αὑτῷ
1120 3865 1254 3931 πρὸς
1319 3865 1378 3917 τὸ
1430 3867 1663 3919 κωλύειν
1723 3871 1851 3932 τοὺς

285 3942 603 4011 βαρϐάρους
623 3944 810 4007 ἀδεῶς,
847 3946 974 3998 ὅταν
1000 3947 1131 4018 δοκῇ
1159 3951 1294 4017 πρὸς
1326 3952 1424 4021 τὴν
1487 3954 1708 4024 Θράκην
1742 3974 1848 4008 πε-

287 4032 598 4099 ραιοῦσἾαι.
632 4033 800 4086 Τοῦτο
845 4036 888 4086 δ’
924 4036 992 4089 ἂν
1045 4039 1278 4105 γένοιτο,
1318 4044 1365 4092 εἰ
1402 4048 1659 4112 χρήματα
1716 4065 1850 4116 παρα

282 4122 464 4191 έλοιτο
498 4126 672 4179 τακτά
694 4128 829 4197 πρὶς
854 4128 960 4181 τῶν
994 4132 1264 4199 τριήρεων
1317 4136 1417 4201 τὴν
1469 4143 1848 4208 παρασκευήν.

284 4216 466 4269 Αὐτὸν
495 4218 596 4287 μὲν
622 4217 731 4289 γὰρ
790 4222 1041 4290 εὐπορεῖν
1074 4223 1172 4292 τῆς
1236 4230 1496 4295 ναυτικῆς
1552 4229 1849 4298 δυνάμεως

284 4310 498 4364 δεῖσθαι
525 4312 579 4363 δέ
609 4314 909 4381 χρημάτων
937 4314 994 4377 ἐξ
1014 4308 1089 4367 ὧν
1124 4317 1191 4369 ἂν
1241 4320 1478 4389 τραφείη
1505 4337 1518 4350 ’
1553 4316 1627 4375 ὧν
1678 4325 1727 4374 εί
1760 4326 1853 4376 καὶ

283 4401 449 4461 αὐτὸς
476 4403 817 4470 παράσχοιτο
842 4402 938 4453 ὅσα
988 4403 1215 4468 δυνατὰ,
1270 4408 1516 4475 τριήρεις
1568 4412 1851 4481 ἐπιστήσει

283 4494 429 4545 κατά
455 4492 549 4543 τὸν
618 4492 1051 4562 Ἑλλήσποντον·
1116 4496 1173 4548 αϊ
1228 4500 1673 4566 παραπλέουσαι,
1750 4506 1850 4556 οὐκ

1954 3316 2062 3370 que
2097 3302 2347 3371 gerendae
2383 3304 2699 3358 societatem
2735 3315 2929 3375 pactus
2977 3316 3081 3361 est.
3112 3308 3307 3362 Evenit
3335 3319 3516 3363 autem

1954 3391 2239 3460 quiddam,
2277 3391 2423 3461 quod
2464 3392 2516 3446 ei
2567 3392 2635 3446 ad
2674 3393 2778 3447 hoc
2824 3394 3009 3463 operis
3044 3396 3255 3450 animos
3287 3395 3519 3450 addidit.

1955 3483 2091 3538 Cum
2124 3485 2269 3538 enim
2304 3484 2558 3549 Trinobi,
2588 3486 2682 3540 ubi
2719 3486 2879 3541 sedes
2931 3487 3031 3551 illi,
3084 3488 3297 3556 publica
3333 3488 3521 3542 laetitia

1954 3576 2074 3631 dies
2100 3576 2279 3631 festus
2304 3587 2580 3645 ageretur,
2609 3576 2943 3647 plurimique
2994 3579 3254 3633 mortales
3299 3580 3522 3633 aliunde

1955 3669 2406 3733 concurrissent,
2447 3672 2575 3723 dum
2626 3686 2723 3737 per
2758 3686 2852 3725 eos
2883 3671 3101 3737 transit,
3128 3671 3320 3741 legatis
3346 3671 3521 3741 impe-

1958 3762 2156 3815 ratoris
2186 3761 2683 3830 prosequentibus,
2715 3776 2908 3815 Otones
2933 3801 2947 3826 ,
2984 3776 3080 3815 sua
3106 3764 3311 3831 quique
3337 3763 3523 3832 lingua

1957 3850 2352 3911 acclamarunt,
2382 3849 2767 3905 Cantacuzeno
2807 3851 3223 3921 gratiﬁcandnm
3280 3868 3377 3921 per
3408 3868 3526 3907 om-

1956 3940 2067 4001 nia,
2100 3952 2155 3994 et
2182 3941 2515 3995 omnimodis
2539 3956 2725 4010 pacem
2744 3957 2867 3996 cum
2891 3958 2957 4001 eo
2988 3942 3380 3996 conﬁciendam
3409 3963 3421 3996 :
3455 3959 3523 3997 ne

1958 4033 2003 4086 si
2036 4032 2083 4085 is
2111 4032 2179 4085 ad
2213 4032 2414 4085 bellum
2462 4033 2727 4098 irritetur,
2782 4034 2882 4102 ipsi
2928 4034 3283 4087 barbarorum
3330 4035 3523 4103 gladiis

1959 4123 2257 4186 intereant,
2292 4132 2347 4176 et
2371 4126 2600 4176 orabant
2623 4125 2733 4178 voti
2754 4133 3029 4193 compotes
3051 4125 3187 4179 ﬁeri.
3216 4125 3523 4179 Alexandro

1957 4222 2141 4267 autem
2192 4215 2398 4284 legatos
2434 4216 2812 4286 interrogante
2833 4256 2848 4279 ,
2880 4216 3075 4286 ecquid
3108 4217 3293 4271 audita
3325 4219 3526 4272 intelli-

1957 4316 2186 4375 gerent,
2225 4322 2348 4360 cum
2384 4317 2701 4377 negassent,
2746 4307 2931 4363 Graece
2970 4308 3078 4363 illis
3131 4309 3522 4378 interpretatus

1958 4407 2082 4458 est,
2141 4397 2439 4466 populique
2494 4398 2817 4467 petitionem
2871 4414 2970 4468 pro
3022 4402 3251 4470 augurio
3286 4404 3522 4457 maxime

1962 4489 2174 4550 habuit,
2209 4489 2346 4541 bene
2387 4489 2521 4557 ipsis
2571 4505 2685 4543 rem
2716 4506 3098 4560 processuram
3133 4511 3145 4545 :
3186 4495 3329 4560 quod
3358 4496 3521 4547 etiam

280 4584 513 4636 ἐάσουσι
540 4584 668 4646 τοὺς
726 4584 1037 4655 βαρϐάρους
1093 4591 1523 4660 περαιουμένους
1574 4593 1853 4663 βλάπτειν.

1916 4590 1992 4641 )a
2038 4586 2255 4634 nemine
2292 4582 2676 4651 interrogatus,
2704 4597 2824 4651 quae
2880 4584 2986 4637 sibi
3022 4585 3367 4653 expedirent,
3397 4602 3524 4639 sua-

280 4675 397 4727 Καὶ
442 4674 636 4727 τοῦτον
666 4675 759 4728 τὸν
815 4677 1021 4745 τρόπον
1074 4680 1173 4747 τῆς
1236 4682 1461 4735 ἐκείνων
1511 4685 1855 4756 ἀπηλλάχθαι

282 4772 583 4835 περιέσται
604 4767 831 4837 βλάϐης.
874 4771 973 4822 Ἂν
1005 4770 1059 4823 δὲ
1097 4772 1172 4842 μὴ
1203 4774 1425 4843 Κράλης
1481 4774 1643 4849 ἐθέλῃ
1686 4782 1857 4833 ποιεῖν

278 4858 353 4908 τά
383 4856 579 4909 δίκαια
613 4857 746 4926 πρὸς
780 4859 1149 4929 ἀμφοτέρους,
1180 4864 1378 4915 εἰδέναι
1410 4865 1519 4933 γὰρ
1557 4868 1648 4917 καὶ
1695 4869 1857 4919 αὐτὶν

284 4948 386 4999 ὑπ’
422 4947 643 4999 ἐκείνου
692 4948 1046 5019 ἀδικούμενον
1094 4953 1156 5004 οὐ
1216 4956 1393 5022 μικρά
1436 4973 1578 5017 τινα.
1613 4959 1661 5010 εί
1706 4958 1778 5026 μὴ
1824 4960 1853 5025 ἡ

284 5038 552 5108 παροῦσα
574 5038 805 5107 δύναμις
837 5041 1064 5110 ἐξαρκεῖ
1094 5043 1299 5095 ἐκεῖνον
1323 5048 1760 5114 καταναγκάζειν
1791 5048 1858 5099 τά

280 5133 484 5185 δέοντα
516 5132 711 5195 ποιεῖν,
746 5132 863 5183 τότε
903 5135 1211 5202 χρήσεσθαι
1238 5138 1332 5189 καὶ
1382 5140 1494 5199 τοῖς
1558 5138 1859 5207 βαρϐάροις

275 5222 585 5283 τοσούτους
621 5222 713 5272 ὑπ’
746 5221 921 5274 αὐτῶν
954 5227 1408 5293 περαιουμένους,
1437 5227 1590 5286 ὅσους
1629 5227 1857 5294 ἄγεσθαι

279 5306 345 5364 οἵ
371 5311 443 5365 ἂν
473 5311 725 5373 ἐθέλωσι,
758 5312 853 5363 καὶ
898 5313 972 5379 μὴ
1000 5314 1225 5376 πολλοὺς
1254 5314 1442 5378 ὄντας,
1496 5317 1699 5387 ἀφοϐία
1735 5318 1858 5385 τρέο

279 5402 499 5456 πεσθαι
528 5402 623 5453 ἐπὶ
657 5404 796 5469 cupi;
849 5403 942 5455 κα)⁸
976 5403 1334 5472 διαφθείρειν.
1392 5405 1631 5458 Τοιαῦτα
1693 5408 1789 5475 μὲν
1832 5410 1859 5459 ὁ

278 5493 559 5562 βασιλεὺς
592 5494 728 5562 πρὸς
752 5493 843 5545 τὸν
915 5493 1267 5564 Ἀλέξανδρον
1308 5496 1691 5565 ἐπρεσϐεύετο.
1751 5498 1859 5551 Καὶ

274 5580 473 5634 ἐδόκει
510 5582 750 5649 κάκείνῳ
808 5584 839 5651 ἡ
876 5581 1141 5651 βασιλέως
1186 5585 1508 5654 παραίνεσις
1541 5587 1859 5651 λυσιτελεῖν,

276 5676 390 5727 καὶ
420 5674 731 5725 συνετίθετο
763 5676 897 5743 προς
925 5676 1023 5743 τὴν
1059 5677 1261 5745 πρᾶξιν
1282 5694 1296 5709 ⁴
1333 5680 1549 5746 συμϐὰν
1582 5680 1636 5731 δέ
1662 5697 1713 5732 τι
1769 5683 1862 5734 καὶ

273 5766 564 5831 τοιοῦτον,
599 5767 881 5837 ἐπέρρωσε
917 5768 1117 5837 μᾶλλον
1150 5770 1283 5837 πρὸς
1316 5771 1373 5823 τὸ
1402 5771 1584 5839 ἔργον.
1634 5772 1863 5841 Ἐορτῆς

274 5860 409 5939 γάρ
433 5877 575 5922 τινος
602 5860 868 5927 δημοσίας
925 5861 1202 5931 ἀγομένης
1233 5864 1292 5916 ἑν
1339 5863 1582 5933 Τρινόϐῳ
1616 5866 1720 5925 τοῖς
1763 5866 1862 5917 αὺ-

1960 4674 2146 4737 sisset,
2180 4676 2477 4742 statimque
2501 4682 2556 4727 et
2597 4673 2712 4742 ipse
2735 4676 2921 4743 petitis
2945 4675 3294 4745 suffragatus,
3320 4677 3526 4746 legatos

1960 4766 2191 4821 dimisit.
2243 4765 2567 4833 Imperator,
2604 4780 2945 4835 cognoscens
2966 4766 3339 4821 Alexandrum
3393 4767 3527 4819 bor-

1963 4858 2157 4912 tatioui
2210 4873 2321 4912 suae
2367 4857 2640 4927 benignas
2682 4874 2842 4912 aures
2875 4859 3275 4922 commodasse,
3306 4869 3362 4913 et
3390 4860 3527 4913 velle

1962 4950 2253 5020 pecuniam
2302 4948 2368 5001 ad
2407 4959 2724 5017 apparatum
2756 4949 3026 5013 conferre,
3081 4951 3405 5005 mirabiliter
3430 4968 3528 5021 ga-

1961 5043 2112 5095 visus
2146 5048 2252 5106 est,
2285 5050 2439 5093 ratus
2485 5054 2546 5093 se
2578 5054 2737 5107 posse
2776 5041 3039 5095 barbaros
3088 5043 3388 5110 reprimere
3411 5083 3424 5107 ,
3459 5058 3526 5096 nc

1961 5135 2262 5197 Romanos,
2295 5132 2359 5185 Et
2394 5130 2591 5185 Marsos
2634 5132 2963 5186 incursando
2997 5143 3294 5194 vastarent,
3327 5143 3382 5186 et
3429 5149 3525 5185 ae-

1960 5222 2105 5291 cingi
2134 5221 2199 5274 ad
2234 5221 2634 5289 expeditionem
2664 5222 2909 5275 navalem
2955 5222 3201 5275 barbaris
3232 5223 3529 5290 prohiben-

1964 5313 2049 5368 dis
2091 5312 2414 5373 constituit,
2466 5311 2768 5379 navaleque
2803 5313 2854 5363 in
2905 5311 3230 5380 Heptasealo
3281 5311 3529 5379 plurilms

1963 5407 2121 5459 annis
2152 5406 2267 5459 luto
2300 5404 2501 5458 ibidem
2538 5412 2864 5473 exaggerato
2891 5445 2905 5469 ,
2962 5414 3020 5457 ut
3054 5405 3363 5457 onerariam
3399 5420 3523 5457 eum

1964 5512 2131 5551 onere
2173 5496 2317 5550 haud
2360 5495 2648 5550 commode
2708 5502 2896 5563 posset
2943 5496 3233 5563 excipere,
3263 5495 3355 5547 illo
3384 5510 3526 5547 anno

1964 5588 2288 5658 expurgavit
2324 5604 2338 5639 :
2368 5588 2659 5656 potuitque
2689 5601 2942 5656 magnum
2967 5629 2980 5648 ,
3024 5595 3078 5639 et
3110 5585 3315 5638 civitati
3349 5584 3527 5637 utilis-

1968 5683 2167 5736 simum
2201 5696 2339 5749 opus
2378 5682 2554 5735 multo
2585 5680 2771 5735 labore
2795 5720 2810 5745 ,
2847 5681 3130 5749 multoque
3159 5694 3266 5732 tere
3300 5677 3529 5731 feliciter

1968 5771 2259 5827 conﬁcere.
2286 5771 2553 5827 Caeterum
2576 5772 2726 5826 Moesi
2744 5772 3011 5841 promissa
3037 5771 3179 5824 venti
3203 5778 3525 5838 rapuerunt;

1971 5880 2078 5919 non
2104 5864 2193 5918 diu
2226 5865 2371 5918 enim
2403 5874 2521 5932 post
2551 5880 2645 5933 per
2670 5863 2876 5933 legatos
2908 5863 2974 5918 de
3011 5862 3238 5933 pecunia
3266 5858 3528 5916 collatitia
