4218 6446
259 435 357 505 181

1416 453 1461 511 Ι]
1480 454 1951 515 ΙδἹὈΙὶΙΑῐῖΙΜῘ
1989 459 2211 518 LIBER
2255 462 2351 523 IV.

3395 468 3501 533 182'

260 557 646 625 μετεπέμπετο
680 561 968 630 ἀρχιῖρέας
1001 566 1310 634 γράμμασι,
1345 569 1437 619 καὶ
1478 570 1569 621 τὶν
1619 573 1825 625 θεσσσι-
1856 575 1895 631 Λ

1856 575 1895 631 Λ
1929 573 2105 628 civilis
2135 576 2476 637 resederunt,
2510 580 2671 634 totius
2709 582 2817 651 jam
2871 596 3096 652 compos
3122 583 3356 652 imperii,
3401 600 3495 637 ue-

258 648 481 719 λονίκης
510 650 810 722 Γρηγόριον
849 654 939 706 τὸν
984 658 1270 727 Παλαμᾶν,
1305 660 1397 712 καί
1446 680 1523 715 τοι
1580 664 1825 732 βασιλεὺς

257 738 423 801 εὐθὺς
448 739 683 811 ὲξαρχῆς
750 748 886 812 μετά
934 748 994 800 τὸ
1033 750 1338 804 πεπαῦσθαι
1370 755 1461 805 τὸν
1510 756 1827 822 συγγενικὸν

257 832 514 902 πόλεμον,
548 837 640 887 καὶ
682 839 861 892 πᾶσαν
898 840 1150 910 ὑπἀὐτῷ
1186 842 1284 908 τὴν
1318 844 1603 913 Ῥωμαίων
1628 847 1829 915 ὴγεμου

256 923 382 974 νίαν
452 926 795 995 γεγενῆσθαι,
854 930 1146 998 ἀναγκαῖον
1224 933 1424 1002 οἰηθεὶς
1488 936 1677 1006 ὥσπερ
1734 937 1831 999 τὰς

256 1014 533 1078 κοσμικὰς
558 1016 873 1085 διαφθορὰς,
898 1018 1039 1071 οὕτω
1057 1021 1119 1091 δὴ
1144 1023 1233 1074 καὶ
1263 1024 1359 1088 τὰς
1394 1026 1489 1094 τῆς
1506 1026 1832 1095 Ἐκκλησίας

255 1101 552 1189 παύεσθαι,
604 1106 697 1158 τὸν
736 1108 1041 1164 ’Λκίνδυνον
1087 1114 1385 1185 Γρηγόριον
1418 1119 1497 1169 ἔτι
1554 1121 1827 1189 περιόντα,

254 1188 312 1249 ὅς
336 1205 422 1251 τις
440 1190 542 1260 τῆς
559 1194 814 1266 τοιαύτης
842 1199 1144 1278 διαφθορᾶς
1163 1208 1297 1272 μετά
1318 1205 1576 1276 Βαρλαάμ
1607 1188 1834 1278 μάλιστα

255 1283 523 1352 προέστη,
552 1288 647 1358 οὐχ
680 1274 1006 1355 ἂπαξξάλλά
1035 1297 1124 1346 καὶ
1153 1274 1409 1361 πολλάκις
1434 1274 1832 1371 μετεπέμψατο,

258 1372 359 1422 καὶ
389 1374 604 1428 ἐκέλευε
632 1378 741 1430 τῶν
763 1382 1299 1455 ἀντικαθισταμένων
1345 1391 1645 1457 ἀναφανδὸν
1702 1412 1834 1447 κατ·-

256 1471 502 1535 ηγορεῖν,
536 1473 590 1523 ετ
616 1490 664 1525 τι
688 1473 823 1544 ἔχοι.
857 1479 1107 1533 Μάλιστα
1140 1483 1246 1553 γὰρ
1304 1485 1484 1547 αὐτὸν,
1515 1491 1593 1549 εἰς
1649 1488 1837 1555 λόγους

259 1556 511 1626 ἀλλήλοις
529 1563 790 1618 ἐλθόντων
808 1568 912 1621 τῶν
942 1572 1123 1640 μερῶν
1154 1573 1433 1641 βούλεσθαι
1466 1578 1659 1633 εἰδέναι
1678 1582 1841 1651 τάλη-

256 1646 373 1711 θὲς,
405 1653 471 1702 ὲκ
510 1654 619 1706 τῶν
678 1658 815 1725 πρὸς
862 1660 1123 1730 ἀλλήλους
1179 1665 1497 1734 ἀλτιλογιῶν
1556 1673 1838 1740 γινομένου

255 1738 547 1807 ἐναργοῦς..
586 1743 885 1812 ’Λκίνδυνος
914 1753 1040 1822 γὰρ,
1062 1755 1219 1817 αὐτὸς
1246 1756 1343 1825 μὲν
1369 1738 1839 1829 παῤῥησιάξεσθαι

256 1830 361 1881 οὐκ
384 1830 629 1903 ὲθάρῤει,
689 1838 909 1908 ἐτέρους
963 1843 1018 1894 δέ
1077 1862 1229 1908 τινας
1284 1852 1659 1919 προσπέμπων
1712 1855 1837 1915 τοὺς

258 1918 411 1989 οὐτῴ
444 1926 774 1994 φρονοῦντας
828 1931 935 1996 ἴσα,
1001 1933 1209 2003 βασιλεῖ
1259 1939 1326 1990 δι’
1387 1918 1543 2009 δχλου
1592 1945 1833 2010 γίνεσθαι

258 2012 583 2077 παρέπειθε,
621 2019 717 2070 καὶ
746 2019 845 2091 τὴν
867 2023 1020 2093 δίκην
1069 2028 1395 2093 ἐξαιτεῖσθαι
1419 2032 1493 2093 ὠς
1551 2036 1834 2107 ἀδικουμέ-

256 2116 433 2199 γους..
475 2107 568 2158 καὶ
622 2110 951 2184 διαστροφὴν
1011 2120 1444 2189 ἐγκαλουμένους
1502 2126 1608 2180 τῶν
1660 2129 1834 2199 ὀρθῶν

256 2188 569 2260 δογμάτων,
593 2198 703 2251 τῶν
719 2218 785 2253 πε
797 2204 848 2272 ρὶ
872 2207 1134 2275 Παλαμᾶν
1158 2212 1356 2278 μᾶλλον
1373 2218 1625 2268 τοιούτων
1642 2219 1832 2285 ὄντων,

254 2282 355 2333 καὶ
383 2283 606 2339 δικαίων
640 2290 974 2354 ἐξωθεῖσθαι.
1013 2298 1091 2351 Δι’
1120 2302 1153 2352 ἃ
1191 2304 1217 2353 ὁ
1264 2303 1537 2372 βασιλεὺς,
1597 2282 1835 2364 Ἀκινδύἐ

256 2388 336 2475 νιρ
367 2375 596 2475 ’μᾶλλον
645 2385 956 2455 παρρησίας
981 2392 1275 2461 μετεδίδου,
1338 2398 1431 2451 καὶ
1489 2401 1703 2454 ἐκέλευε
1757 2405 1831 2475 μὴ

254 2464 423 2559 αύτὸν
453 2474 847 2542 κρυπτόμενον,
883 2478 948 2531 δι’
984 2482 1185 2552 ἑτέρων
1210 2484 1304 2556 τὴν
1332 2490 1594 2559 διαφορὰν
1635 2464 1829 2546 ἀνακιί

255 2558 372 2608 νεῖν
393 2574 407 2588 ο
443 2559 559 2612 ἀλλ’
587 2565 748 2617 αὑτὸν
788 2570 846 2621 ἐν
880 2574 1097 2643 φανερῷ
1129 2579 1241 2639 τοῖς
1293 2580 1556 2642 ἐναντίοις
1610 2583 1835 2637 avum"

254 2652 556 2719 ταστάντα,
622 2659 654 2725 ἢ
712 2664 869 2731 νικᾷν
928 2665 989 2716 ἂν
1064 2670 1323 2740 φαίνηται
1412 2674 1612 2741 μᾶλλον
1671 2677 1832 2739 αὐτὸς

256 2744 622 2816 εὐσεϐέστερα
663 2754 1001 2821 πρεσϐεύων,
1033 2758 1063 2826 ἢ
1102 2761 1413 2830 ἡττώμενος
1467 2766 1829 2834 διορθοῦσθαι,

255 2837 351 2888 καὶ
387 2837 462 2907 μὴ
485 2840 879 2913 ἀναισχυντεῖν,
913 2848 1001 2915 ἐφ’
1029 2846 1108 2913 οἷς
1175 2855 1335 2916 αὐτὸς
1374 2857 1547 2910 ἀδικεῖ
1604 2861 1829 2930 μᾶλλον,

261 2926 475 3019 έτέροις
526 2931 624 3001 τὴν
678 2940 1035 3011 παρατροπὴν
1094 2944 1195 3012 τῆς
1246 2948 1503 3016 ἀληθείας
1560 2926 1826 3019 ἐγκαλῶνῖ

271 3018 585 3085 Ἀκίνδυνος
622 3024 677 3076 δὲ
710 3028 1145 3100 ἀπηγγελμένων
1190 3038 1339 3106 αὑτῷ
1400 3040 1506 3092 τῶν
1562 3018 1828 3110 βασιλέως

259 3107 457 3176 λόγων,
492 3115 726 3182 μάλιστα
752 3119 850 3187 μὲν
876 3122 1080 3191 ἔφασκε
1115 3127 1396 3195 βούλεσθαι
1450 3136 1831 3195 ἀντικαθίστα-

1930 668 2225 721 cessarium
2284 680 2542 737 reputans
2589 674 2864 740 quomodo
2910 675 3141 737 civiles,
3196 677 3276 730 sic
3328 678 3491 729 etiam

1932 760 2328 815 ecclesiasticas
2384 763 2576 818 sedare
2657 766 2783 820 lites
2853 778 3015 837 atque
3069 769 3496 828 controversias.-

1933 850 2253 920 Gregorium
2267 854 2611 926 Acindynum
2628 858 2808 912 adhuc
2823 862 3169 928 superstitem
3196 862 3361 931 798
3381 863 3495 930 (qui

1934 954 2055 993 cum
2107 941 2388 997 Barlaamo
2442 946 2570 1001 huic
2602 946 2829 1003 dtssidio
2881 962 3071 1005 auctor
3138 964 3194 1006 et
3237 963 3501 1020 patronus

1934 1030 2090 1097 fuit),
2127 1047 2234 1085 non
2263 1034 2452 1100 semel,
2486 1038 2579 1091 sed
2606 1041 2805 1108 sa‘pius
2835 1042 3140 1107 advocavit,
3170 1052 3226 1096 et
3244 1045 3501 1097 adversm-

1934 1123 2066 1187 rios,
2102 1124 2171 1177 'si
2226 1125 2355 1193 quid
2409 1127 2653 1191 haberet,
2719 1132 3006 1187 manifeste
3063 1148 3189 1188 reos
3242 1150 3501 1202 peragere

1930 1212 2097 1282 jussit
2132 1228 2147 1264 :
2190 1215 2421 1268 maxime
2453 1217 2599 1270 enim
2646 1233 2725 1280 se,
2764 1223 3011 1288 partibus
3044 1223 3500 1291 disceptantibua,

1935 1301 2222 1357 veritatem
2267 1320 2333 1359 ex
2385 1316 2572 1360 mutua
2610 1311 2959 1366 contentione
3001 1314 3309 1367 elucentem
3365 1315 3502 1366 velle

1939 1409 2287 1463 cognoscere.
2316 1398 2632 1470 Acindynus
2668 1401 2939 1470 siquidem
2990 1406 3103 1472 ipse
3136 1405 3310 1459 libere
3353 1405 3501 1474 loqui

1941 1501 2051 1540 non
2077 1487 2333 1553 audebat,
2366 1490 2460 1543 sed
2517 1492 2654 1547 alios
2688 1494 2953 1562 quosdam
3003 1495 3190 1549 farinae
3231 1512 3343 1549 sua:
3372 1497 3505 1549 alleo

1942 1590 2094 1643 gans,
2129 1578 2396 1633 suadebat
2424 1584 2505 1634 eis
2553 1585 2825 1650 nequiter,
2863 1595 2921 1638 ut
2964 1586 3348 1654 imperatorem
3385 1593 3504 1638 tur-

1942 1665 2160 1735 barent,
2199 1677 2253 1722 et
2308 1670 2581 1724 actionem
2628 1682 2884 1743 tanquam
2928 1677 3060 1736 laesi,
3107 1678 3282 1745 deque
3314 1693 3506 1731 corru-

1945 1760 2084 1826 ptela
2120 1769 2389 1814 rectorum
2430 1763 2740 1832 dogmatum
2791 1766 2925 1819 falso
2969 1770 3204 1821 accusati
3259 1770 3506 1836 postula-

1946 1862 2086 1916 rent,
2142 1868 2263 1908 cum
2316 1858 2497 1924 potius
2546 1860 2677 1912 socii
2728 1860 2956 1914 Palamae
3008 1862 3141 1915 tales
3186 1869 3393 1926 essent,
3451 1872 3507 1915 et

1937 1944 2203 2011 proscribi
2240 1957 2601 2002 mererentur.
2631 1950 2895 2015 Quocirca
2922 1953 3222 2021 imperator
3244 1954 3504 2022 majorem

1935 2031 2221 2104 Acindyno
2268 2035 2575 2092 libertatem
2628 2040 2996 2109 impertiebat,
3044 2042 3272 2096 hortans
3327 2058 3394 2097 ne
3447 2058 3505 2096 se

1933 2126 2250 2190 occultaret,
2291 2138 2385 2181 aut
2417 2144 2512 2197 per
2538 2130 2672 2184 alios
2707 2135 3113 2189 controversias
3155 2137 3448 2190 suscitaret
3488 2153 3501 2189 :

1933 2218 2028 2271 sed
2076 2218 2249 2287 palam
2297 2235 2360 2274 ac
2410 2236 2506 2288 per
2560 2237 2617 2277 se
2685 2223 3019 2278 adversariis
3074 2226 3356 2290 resistens,
3412 2236 3505 2281 aut

1934 2312 2197 2375 vinceret,
2224 2313 2268 2367 si
2300 2313 2471 2383 magis
2507 2315 2766 2381 pietatem
2816 2316 2931 2383 ipse
2963 2316 3142 2370 colere
3179 2317 3460 2371 videretur
3488 2336 3503 2371 :

1935 2413 2027 2459 aut
2060 2406 2236 2460 victus
2263 2407 2630 2476 corrigeretur
2667 2425 2679 2460 :
2712 2424 2850 2463 neve
2899 2410 3249 2478 impudenter
3296 2420 3503 2480 ageret,

1935 2496 2056 2557 aliis
2088 2495 2482 2550 dissensionem
2519 2513 2547 2551 a
2593 2498 2820 2552 veritate
2865 2500 3229 2567 exprobrans,
3280 2515 3404 2553 cum
3448 2500 3504 2553 in

1934 2602 2000 2641 eo
2032 2586 2259 2655 ipsemet
2294 2588 2475 2643 scelus
2508 2590 2844 2644 admitteret.
2900 2590 2994 2645 llle
3040 2590 3225 2645 verbis
3272 2591 3508 2660 impera-

1936 2678 2068 2732 toris
2118 2677 2221 2731 sibi
2277 2680 2603 2733 renuntiatis
2653 2694 2955 2751 percupere
3017 2699 3074 2737 se
3134 2685 3272 2739 dixit
3329 2687 3503 2757 palam

1936 2773 2266 2840 respondere
2321 2773 2683 2838 adversariis;
2732 2777 2926 2831 timere
2963 2789 3167 2843 autem,
3209 2798 3277 2836 ne
3324 2784 3367 2836 si
3403 2800 3504 2851 l-u-

1935 2861 2078 2915 blico
2112 2876 2168 2918 se
2203 2862 2410 2929 credat,
2448 2878 2636 2932 ρωπος
2670 2874 2990 2933 reposcatur
3023 2884 3234 2933 eorum,
3282 2871 3333 2923 in
3386 2873 3508 2939 qui-

1935 2954 2038 3008 bus
2067 2955 2389 3023 patriarchm
2426 2956 2623 3010 Joanni
2669 2957 2799 3013 belli
2846 2969 3091 3028 tempore
3132 2962 3501 3027 subserviens,

1938 3045 2322 3113 imperatorem
2359 3045 2677 3101 oii'enderit.
2713 3048 3017 3115 Imperator
3052 3053 3235 3104 statim
3266 3053 3504 3108 edictum

1934 3139 2209 3205 proponit,
2242 3147 2301 3190 ut
2327 3138 2645 3209 Acindynus
2675 3140 2809 3193 nihil
2842 3142 3036 3196 durius
3082 3144 3403 3207 formidans,
3439 3147 3506 3199 dc

266 3201 390 3255 σθαι
439 3209 553 3271 τοῖς
612 3211 979 3280 ἀντιλέγουσι.
1030 3220 1333 3276 Δεδοικέναι
1383 3224 1438 3277 δὲ
1479 3228 1553 3295 μὴ
1600 3234 1830 3301 φανερὸς
1859 3246 1906 3299 c

1859 3246 1906 3299 c
1942 3228 2211 3296 dogmatis
2236 3244 2356 3297 qua}
2383 3245 2511 3283 vera
2559 3239 2734 3299 putet,
2770 3233 2906 3286 citra
2946 3243 3150 3287 metum
3198 3248 3503 3305 expromat.

262 3301 577 3365 γενόμενος,
611 3305 764 3367 δίκας
811 3309 1108 3381 ἀπαιτῆται
1140 3306 1209 3364 ιῖιν
1234 3316 1325 3368 καὶ
1356 3318 1516 3380 αὐτὸς
1571 3322 1718 3389 παρά
1741 3325 1828 3376 τὸν

258 3389 355 3440 τοῦ
388 3390 626 3461 πολέμου
663 3398 851 3465 χρόνον
882 3401 956 3469 τῷ
989 3404 1290 3476 πατριάρχῃ
1335 3408 1553 3480 Ἰωάννῃ
1586 3415 1829 3481 συναιρό-

262 3498 424 3550 μενος
474 3488 841 3558 προσέκρουσε
882 3494 1014 3564 πρὸς
1075 3497 1315 3564 βασιλέα.
1355 3502 1461 3553 Καὶ
1508 3506 1534 3555 ὀ
1578 3505 1829 3576 βασιλεὺς

258 3575 458 3627 αὐτίκα
479 3576 753 3647 θέσπισμα
784 3580 1031 3649 ὲξετὶθει,
1057 3585 1194 3638 ὥστε
1223 3590 1493 3659 μηδεμίαν
1528 3575 1829 3647 Ἀίκίνδυνον

260 3659 471 3731 βλάϐην
490 3664 817 3734 ὑφορᾶσθαι,
832 3669 965 3722 ἀλλὰ
986 3676 1267 3747 παρρησία
1286 3680 1412 3747 περὶ
1427 3680 1531 3731 τῶν
1548 3681 1830 3752 δογμάτων

262 3750 445 3817 λέγειν
483 3755 580 3805 ὅσα
607 3756 775 3810 οἴεται
808 3754 943 3812 εἶναι
989 3762 1181 3833 ἀληθῆ.
1242 3767 1298 3817 ὐ
1324 3767 1379 3819 δὲ
1410 3770 1502 3821 καὶ
1538 3750 1673 3839 μετά
1734 3774 1830 3842 τὴν

260 3842 534 3911 τοσαύτην
565 3845 747 3899 ἄδειαν
773 3850 971 3917 μᾶλλον
996 3853 1205 3925 ἀφανὴς
1236 3852 1321 3926 ἦν,
1374 3859 1467 3911 καὶ
1524 3862 1613 3913 τὸν
1670 3864 1831 3931 ζόφον

260 3932 543 4000 ᾑρημένος
602 3937 731 4007 ἄχρι
782 3940 1063 4012 τελευτῆς,
1125 3947 1217 3998 καὶ
1272 3949 1412 4017 μετὰ
1464 3950 1561 4021 τὴν
1622 3954 1829 4007 ἐκείνου

257 4025 538 4095 τελευτὴν,
576 4029 629 4081 οἵ
645 4047 704 4081 τε
742 4034 1004 4105 πρότερον
1045 4039 1109 4090 τὰ
1144 4038 1228 4090 ἴσα
1258 4042 1542 4111 ᾑρημένοι,
1588 4045 1830 4111 διαδεξά-

263 4131 421 4182 μενοι
447 4120 544 4186 τὴν
573 4120 857 4191 διαφοράν,
882 4126 959 4177 ἔτι
989 4145 1046 4179 τε
1068 4130 1096 4180 ό
1126 4129 1221 4198 τῆς
1262 4133 1523 4201 Ἐφεσίων
1551 4137 1829 4207 πρόεδρος,

261 4208 361 4259 καὶ
408 4208 557 4262 ἄλλοι
620 4213 735 4267 ὅσοι
785 4216 1170 4285 αἱρεθήσεσθαι
1236 4222 1543 4288 ἐλπίζοντες
1580 4227 1672 4280 ἐπὶ
1722 4229 1831 4284 τῶν

260 4304 679 4372 πατριάρχικῶν
699 4306 906 4375 θρόνων
921 4312 1262 4379 ἠγανάκτουν
1295 4318 1381 4369 διὰ
1399 4318 1495 4388 τὴν
1511 4320 1828 4390 ἀποτυχίαν,

261 4393 629 4461 προσθέμενοι
661 4399 910 4466 ἐκείνοις,
943 4404 1033 4455 καί
1059 4422 1138 4458 τοι
1170 4408 1431 4478 Βαρλαάμ
1478 4428 1539 4478 τε
1586 4415 1831 4483 καταψη-

258 4480 559 4549 φισάμενοι
598 4486 696 4555 τὴν
732 4487 929 4559 ἀρχὴν,
986 4494 1078 4543 καὶ
1124 4493 1347 4564 ὕστερον
1398 4498 1537 4550 κατὰ
1584 4500 1829 4554 Ἰωάννου

1936 3318 2300 3374 Nihilominus
2368 3320 2478 3382 ille,
2512 3322 2678 3373 ctiam
2714 3330 2861 3376 tanta
2915 3323 3169 3379 libertate
3219 3342 3500 3389 concessa,

1941 3423 1997 3461 sc
2038 3410 2307 3469 occulere.
2341 3419 2395 3463 et
2427 3411 2481 3463 in
2527 3410 2750 3466 latebris
2784 3427 2954 3481 usque
2994 3414 3057 3466 ad
3106 3415 3315 3468 obitum
3368 3418 3505 3471 deii-

1941 3508 2170 3556 tescere.
2234 3500 2363 3554 Post
2387 3501 2625 3556 hominis
2679 3503 2887 3557 obitum
2940 3507 3057 3574 ejus
3112 3517 3272 3560 secta:
3315 3508 3506 3563 aliines

1938 3590 2226 3644 dissidium
2275 3594 2611 3661 excipientes
2666 3594 3069 3664 (Ephesiorum
3121 3600 3384 3665 antistite,
3449 3610 3506 3654 et

1938 3681 2061 3734 aliis
2089 3683 2179 3749 qui
2210 3698 2265 3737 se
2298 3683 2495 3736 throno
2521 3685 2887 3752 patriarchico
2918 3701 3080 3754 quem
3124 3702 3502 3757 speraverant.

1939 3774 2210 3827 excidisse
2288 3774 2731 3842 indignabantur,
2791 3780 3202 3842 accedentibus,
3255 3783 3506 3849 quamvis

1939 3861 2281 3915 Barlaamum
2342 3878 2371 3916 a
2429 3865 2700 3933 principio
2768 3867 3143 3934 damnassent,
3208 3880 3507 3939 posteaque

1940 3962 2126 4007 contra
2155 3954 2416 4008 Joannem
2465 3957 2852 4025 patriarcham,
2908 3970 2964 4013 et
3017 3961 3355 4030 Acindynum
3399 3962 3505 4016 fre-

1943 4045 2229 4110 muissent,
2261 4057 2315 4100 et
2357 4048 2613 4102 omnibus
2647 4050 2874 4103 calculis
2908 4051 3059 4103 illum
3108 4053 3174 4105 de
3202 4053 3373 4120 gradu
3407 4054 3505 4107 de-

1945 4136 2275 4197 turbassent,
2330 4137 2400 4190 ob
2458 4137 2562 4192 hoc
2620 4140 2819 4201 solum,
2880 4141 3025 4209 quod
3090 4142 3357 4197 Barlaami
3450 4156 3507 4199 et

1940 4226 2204 4295 Acindyni
2236 4226 2540 4280 doctrinam
2575 4227 2982 4300 admiraretur)
3010 4235 3509 4302 tumultuahautur,

1940 4327 1995 4371 ct
2049 4316 2346 4371 Ecclesiam
2402 4319 2859 4384 criminabantur,
2918 4323 3065 4390 quod
3120 4324 3186 4377 de
3241 4326 3509 4394 dogmatis

1943 4407 2088 4471 ﬁdei,
2119 4425 2238 4477 qua:
2277 4410 2508 4478 theologi
2538 4426 2645 4463 non
2680 4411 3051 4475 tradidissent,
3091 4414 3206 4482 ipsa
3232 4426 3287 4469 et
3337 4419 3507 4471 honov

1942 4499 2092 4552 rilice
2125 4500 2370 4562 sentiret,
2398 4509 2452 4553 et
2482 4499 2618 4554 alios
2653 4501 2895 4555 doceret.
2944 4503 3154 4557 Idcirco
3186 4506 3508 4575 imperator,

254 4573 355 4623 τοῦ
377 4577 849 4646 πατριάρχου,καὶ
883 4582 1191 4639 Ἀκινδύνου
1233 4588 1563 4652 πνεύσαντες
1581 4592 1827 4660 σφοδρὸν,
1859 4586 1911 4645 D

1859 4586 2123 4645 Dcnacta
2148 4592 2375 4662 synodo,
2424 4592 2675 4657 dogmata
2727 4595 2777 4646 in
2843 4585 3283 4663 disquisitionem
3331 4600 3508 4652 addu-

257 4667 361 4718 καὶ
386 4666 587 4735 ψήφοις
611 4670 849 4736 ἁπάσαις
882 4676 1086 4727 ἐκεῖνον
1134 4676 1453 4742 κλθελόντες
1505 4679 1603 4748 τῆς
1656 4683 1831 4750 ἀρχῆς

257 4756 331 4808 δι’
360 4758 516 4809 οὐδὲν
546 4757 752 4829 ἕτερον,
791 4762 907 4831 ῆτὸ
946 4764 1016 4815 τὰ
1050 4764 1312 4835 Βαρλαάμ
1368 4771 1461 4821 καὶ
1520 4769 1831 4822 Ἀκινδύνου

258 4849 769 4917 πεπρεσϐευκέναι,
823 4854 1116 4923 ἐθορύϐουν
1164 4873 1221 4908 τε
1292 4858 1517 4927 ὕστερον
1582 4862 1677 4913 καὶ
1736 4864 1835 4931 τῆς

273 4943 610 5016 Ἐκκλησίας
636 4947 994 5017 κατηγόρουν,
1024 4949 1098 5011 ὡς
1124 4953 1272 5022 παρὰ
1297 4954 1404 5005 τῶν
1438 4955 1702 5022 θεολόγων
1736 4955 1836 5026 τὴν

261 5040 572 5109 παράδοσιν
625 5043 755 5110 περί
807 5040 918 5092 τῶν
968 5042 1069 5109 τῆς
1125 5044 1359 5107 πίστεως
1409 5047 1693 5115 δογμάτων
1742 5050 1836 5100 καὶ

260 5131 699 5201 πρεσῦευούσης,
737 5133 833 5185 καὶ
866 5135 990 5195 τοὺς
1020 5134 1210 5198 ἄλλους
1244 5137 1622 5207 διδασκούσης.
1654 5138 1730 5189 Δι’
1755 5137 1790 5190 ὃ.
1810 5140 1837 5189 ό

265 5224 525 5295 βασιλεὺς
578 5223 731 5293 ᾠήθη
786 5226 897 5277 δεῖν
964 5228 1178 5279 σύνοδον
1248 5228 1528 5299 ἁθροίσας,
1593 5230 1838 5294 ἐξέτασιν

261 5315 540 5369 ποιεῖσθαι
589 5316 725 5388 ῖπερῖ
763 5317 871 5370 τῶν
914 5317 1016 5387 τῆς
1063 5320 1295 5382 πίστεως
1342 5322 1645 5391 δογμάτων.
1686 5323 1839 5374 Ἐπεὶ

259 5412 324 5463 δὲ
360 5409 618 5478 συνῆλθον
646 5409 695 5463 οἱ
726 5410 1084 5481 ἑκασταχόθεν
1110 5413 1409 5480 προστάται
1457 5414 1561 5466 τῶν
1608 5416 1839 5486 Ἐκκλη-

264 5503 404 5554 σιῶν
432 5503 757 5571 ἀμφοτέρων
793 5502 899 5554 τῶν
930 5503 1112 5572 μερῶν
1141 5504 1445 5573 γενομένων
1468 5508 1524 5558 ὲν
1555 5506 1839 5575 βασιλείοις

262 5597 382 5651 τοῖς
416 5593 525 5646 τῶν
547 5595 869 5665 Βλαχερνῶν
906 5595 1239 5665 λεγομένοις,
1282 5596 1375 5648 καὶ
1430 5596 1691 5665 βασιλέως
1743 5596 1839 5651 τοῦ

264 5686 725 5757 Καντακουζηνοῦ
747 5687 1029 5754 παρόντος,
1049 5687 1140 5741 καὶ
1157 5687 1266 5740 τῶν
1288 5688 1344 5741 ὲν
1371 5687 1513 5740 τέλει
1554 5688 1842 5759 Ῥωμαίων

266 5780 379 5832 τῶν
408 5780 640 5848 μάλιστα
663 5781 967 5850 ἐπιφανῶν,
1006 5781 1097 5833 ἐπὶ
1148 5781 1439 5848 τέσσαρσιν
1468 5779 1703 5849 ἡμέραις
1736 5782 1843 5833 τῶν

260 5872 797 5944 ἀμφισϐητουμένων
863 5875 962 5944 τὴν
1018 5872 1263 5939 ἐξέτασιν
1321 5873 1659 5943 ἐποιήσαντο.
1699 5875 1841 5927 Ὅσα

1939 4681 2108 4734 cenda
2151 4682 2381 4733 censuit.
2418 4680 2535 4747 _llbi
2584 4682 2948 4751 undequaque
3007 4686 3371 4740 Ecclesiarum
3426 4706 3511 4742 re-

1938 4783 2116 4826 ctores
2168 4782 2563 4833 convenerunt,
2628 4783 2681 4828 et
2737 4785 2966 4843 utraque
3045 4794 3172 4845 pars
3245 4779 3400 4833 aﬂuit
3454 4784 3508 4834 in

1939 4865 2135 4931 palatio
2181 4864 2233 4917 in
2281 4864 2600 4920 Blachernis
2637 4882 2757 4934 quae
2801 4867 3080 4931 dicuntur,
3133 4871 3289 4926 aﬂ'uit
3343 4874 3509 4927 etiam

1938 4956 2356 5010 Cantacuzenus
2392 4957 2710 5024 imperator,
2752 4967 2807 5012 et
2842 4960 2908 5011 de
2942 4962 3231 5015 nobilitate
3266 4964 3509 5018 Romana

1942 5046 2296 5099 illustrissimi
2323 5046 2548 5115 quique,
2578 5047 2742 5116 799
2788 5049 2955 5117 inque
3005 5055 3507 5107 controversiarum

1939 5140 2241 5207 qurestione
2268 5139 2386 5192 dies
2417 5149 2652 5206 quatuor
2693 5144 3003 5211 consumpti
3054 5153 3200 5197 sunt.
3250 5144 3508 5209 Qua-nam

1941 5232 2105 5299 igitur
2134 5230 2205 5282 ihi
2238 5230 2618 5284 altercationes
2646 5232 2957 5285 exstiterint
2980 5234 3511 5289 Palamze'fhcssalo-

1941 5323 2179 5377 nicensis
2230 5324 2471 5391 episconi
2523 5325 2667 5393 (cum
2704 5339 2769 5378 eo
2813 5325 2961 5379 enim
3005 5327 3345 5393 potissinmm
3392 5343 3513 5381 cere

1944 5422 2121 5467 tamen
2153 5415 2288 5480 erat)
2319 5423 2374 5467 et
2404 5414 2900 5481 Acindynianorum
2951 5418 3204 5485 (quorum
3254 5417 3431 5487 capita
3458 5428 3513 5473 et

1942 5506 2282 5575 antesignani
2316 5506 2537 5574 Ephesi,
2572 5516 2627 5560 et
2660 5506 2797 5561 (ὶοηί
2831 5510 3213 5577 metropolitae,
3242 5509 3512 5578 Grcgoms

1943 5597 2073 5653 item
2132 5607 2185 5651 et
2223 5597 2421 5651 Dexius
2454 5597 2634 5667 erant)
2667 5613 3100 5655 commemorare
3147 5603 3245 5655 hec
3273 5602 3392 5656 loco
3423 5617 3514 5656 sn-

1943 5703 2343 5758 pervacaneum
2385 5698 2551 5743 esset.
2608 5687 2664 5743 Si
2713 5690 2870 5759 cujus
2925 5707 2989 5744 ea
3041 5706 3203 5746 nosse
3256 5693 3510 5757 interest,

1947 5793 2154 5835 tomum
2190 5795 2355 5850 super
2383 5780 2486 5834 hoc
2520 5781 2918 5851 conscriptum,
2943 5791 2999 5837 et
3026 5783 3304 5853 sigillatim
3327 5788 3517 5837 omnia

1949 5880 2287 5927 recusantem
2368 5871 2509 5940 legat
2583 5870 2747 5937 licet,
2816 5883 2895 5927 sat
2962 5887 3239 5944 superque
3326 5874 3523 5925 oninia
