4218 6446
700 429 800 493 I83

1870 436 2114 496 JOANN
2129 441 2140 495 Ξ
2154 438 2193 495 S
2241 437 2764 500 CANTACUZENI

3835 444 3934 510 l8!

690 547 884 603 discet.
919 545 1054 602 Illud
1086 551 1469 606 tantummodo
1492 551 1618 606 huic
1644 552 1888 608 historia:
1922 555 2270 608 inserendum

2380 556 2476 621 μὲν
2502 556 2593 609 οὖν
2625 557 2874 626 ἀλλήλοις
2909 556 3178 616 ἀντεῖπον,
3240 554 3502 622 Παλαμᾶς
3533 573 3590 607 τε
3616 556 3642 608 6
3677 555 3945 609 Θεσσαλοο

693 641 972 705 duximus,
1018 641 1288 713 Acindyni
1318 652 1647 708 sectatores,
1679 646 1831 713 quasi
1876 649 1928 698 iu
1963 646 2081 714 ipso
2106 646 2270 708 furto,

687 742 750 786 ut
779 731 1007 797 dicitur,
1047 751 1172 789 eum
1213 735 1500 792 Barlaamo
1531 737 1598 792 de
1639 737 1894 792 Ecclesia:
1925 737 2272 808 dogmatibus

689 837 884 892 sapere
943 823 1316 894 deprehensos
1374 827 1564 883 fuisse.
1635 827 1976 896 Quapropter
2028 829 2271 903 synodus

689 914 890 982 Ephesi
942 924 997 968 et
1062 915 1198 970 Gani
1254 917 1542 988 episcopos
1587 918 1779 973 ordine
1828 920 2128 974 movendos
2157 920 2254 973 de-

689 1009 865 1062 crevit
896 1025 910 1062 :
943 1008 1291 1063 Barlaamum
1329 1025 1479 1075 vero,
1508 1020 1564 1064 et
1593 1010 1934 1081 Acindynum
1963 1028 1992 1066 a
2042 1011 2268 1079 reliquo

693 1099 950 1154 Ecclesia:
1009 1116 1262 1170 corpore,
1319 1112 1378 1154 ut
1430 1102 1674 1157 membra
1718 1105 1908 1157 morbo
1956 1104 2248 1158 insanabili

692 1190 914 1255 inlecta,
964 1193 1276 1261 nulliusque
1325 1195 1686 1249 correctionis
1736 1205 1858 1263 post
1898 1207 2126 1249 mortem
2175 1212 2266 1250 ca-

688 1281 866 1348 pacia,
898 1282 1186 1336 manifeste
1217 1286 1538 1349 amputavit.
1587 1284 1641 1338 Si
1672 1286 1796 1354 quis
1845 1295 2028 1339 autem
2073 1301 2264 1340 eorum

689 1373 900 1427 nefaria
935 1375 1215 1443 impietate
1263 1375 1516 1430 damnata
1551 1377 1616 1430 ad
1649 1387 1848 1433 rectam
1879 1379 2137 1432 semitam
2176 1396 2266 1434 re-

689 1465 869 1528 diens,
931 1466 1302 1535 incorruptam
1340 1469 1599 1522 Ecclesiae
1652 1469 1959 1522 doctrinam
2022 1473 2266 1542 comple-

688 1564 952 1618 cteretur,
1007 1570 1131 1608 eum
1192 1556 1259 1608 ab
1327 1557 1567 1610 Ecclesia
1621 1559 2060 1627 suscipiendum,
2112 1570 2264 1613 etut

690 1644 937 1700 membro
987 1645 1251 1714 legitimo,
1300 1647 1419 1701 sine
1469 1647 1573 1700 ulla
1620 1646 2026 1716 praiteritorum
2077 1667 2264 1721 repre-

694 1737 982 1800 hensione,
1015 1746 1125 1805 {aut
1153 1739 1581 1806 exprobratione
1628 1741 2026 1808 providendum
2086 1751 2262 1797 statu-

688 1833 874 1879 erunt.
903 1824 1004 1891 Qui
1034 1843 1206 1896 usque
1236 1829 1300 1882 ad
1338 1837 1640 1882 extremum
1668 1829 1922 1897 spiritum
1953 1830 2261 1885 obstinatus

690 1927 983 1978 maneret,
1037 1917 1229 1970 iisdem
1282 1917 1492 1984 prenis,
1543 1917 1747 1986 quibus
1827 1919 2141 1975 Barlaamus
2206 1933 2262 1978 et

693 2005 1040 2077 Acindynus,
1078 2008 1426 2064 multaretur.
1467 2008 1916 2066 Secundumhzec
1940 2022 2119 2067 tomus
2151 2022 2261 2067 ter-

690 2098 801 2152 tius
872 2096 1090 2152 duobus
1133 2098 1408 2166 prioribus
1448 2110 1531 2155 est
1560 2099 1798 2155 additus.
1831 2101 1966 2154 Nam
2013 2103 2102 2156 ille
2142 2113 2264 2171 post

687 2189 920 2243 Joannis
953 2191 1278 2259 patriarchze
1329 2192 1733 2247 abdicationem
1774 2197 2123 2264 conscriptus
2151 2200 2262 2266 (cui

689 2279 854 2334 etiam
931 2280 1243 2349 patriarcha
1326 2279 1829 2352 Hierosolymorum
1911 2286 2261 2356 subscripsit)

690 2371 959 2426 Barlaami
1003 2379 1061 2425 et
1108 2371 1373 2443 Acindyni
1422 2373 1743 2428 sceleratam
1794 2374 2132 2444 impietatem
2208 2359 2280 2432 et.

691 2477 1083 2532 germanorum
1164 2463 1477 2533 dogmatnm
1559 2467 1969 2533 corruptionem
2061 2469 2265 2538 detegit

691 2555 880 2623 (quam
917 2553 988 2607 ob
1019 2569 1236 2608 causam
1279 2565 1334 2608 ct
1381 2555 1618 2609 Joannes
1653 2558 1966 2626 patriarcha
1997 2561 2127 2614 sede
2168 2576 2262 2614 sua

695 2644 956 2712 depulsus
991 2657 1095 2709 est,
1143 2646 1286 2714 quod
1347 2647 1605 2700 nimirum
1649 2664 1772 2702 cum
1819 2649 2098 2704 Barlaamo
2136 2666 2266 2705 scn-

696 2734 871 2804 tiret),
902 2745 956 2789 et
1004 2736 1233 2804 primus,
1287 2748 1409 2805 post
1452 2737 1898 2806 dijuilieationcm
1966 2741 2263 2797 Andronici

690 2825 926 2894 junioris
985 2827 1328 2894 imperatoris
1381 2829 1736 2897 compositus,
1789 2830 2008 2898 quando
2059 2841 2116 2884 et
2174 2849 2266 2898 pa-

696 2917 934 2970 triarcha
957 2917 1192 2972 Joannes
1223 2918 1431 2988 synodo
1463 2918 1810 2986 praesidebat.
1863 2937 2024 2989 quem
2065 2933 2120 2975 et
2151 2924 2266 2992 ipse

695 3022 856 3060 manu
893 3024 990 3062 sua
1037 3008 1400 3077 subsignaiit,
1430 3025 1535 3061 non
1584 3009 1762 3062 solum
1816 3009 2157 3066 Barlaamum
2210 3024 2266 3068 et

696 3099 1061 3169 Acindynum,
1098 3106 1156 3151 ut
1201 3099 1433 3169 iniustos
1486 3100 1878 3154 monachorum
1914 3113 2266 3160 accusatores

2373 653 2549 719 νίκης,
2575 649 2710 719 πρὸς
2733 651 2939 702 ἐκεῖνον
2971 647 3079 716 γὰρ
3110 647 3346 716 μάλιστα
3376 649 3403 700 6
3435 647 3590 714 λόγος
3619 643 3710 716 ἦν,
3746 647 3837 700 καὶ
3891 650 3942 700 ot

2371 741 2439 792 τὰ
2498 739 2804 792 Ἀκινδύνου
2865 739 3150 810 ᾑρημένοι,
3206 731 3282 791 ὧν
3325 733 3395 806 ἦν
3443 736 3756 805 κεφάλαιον,
3805 737 3833 789 ὃ
3885 753 3943 788 τε

2383 832 2608 900 Ἐφέσου
2652 833 2747 886 καὶ
2769 833 2795 883 6
2835 831 3038 884 Γαύνου
3069 829 3485 900 μητροπολῐται,
3510 829 3605 882 καὶ
3634 828 3943 898 Γρηγορᾶς,

2372 923 2463 974 καὶ
2490 921 2690 987 Δεξιδς,
2714 922 2812 973 οὐκ
2841 923 3137 989 ἀναγκαῖον
3157 920 3479 990 διηγεῖσθαι.
3509 921 3571 972 El
3598 921 3707 988 γάρ
3747 937 3826 988 τῳ
3873 920 3944 971 τὰ

2370 1012 2591 1065 τοιαῦτα
2617 1011 2896 1082 προῦργου
2931 1012 3139 1081 μαθεῖν,
3168 1010 3245 1078 τῷ
3276 1011 3402 1081 περὶ
3441 1010 3647 1063 τούτων
3696 1027 3945 1080 γεγραμ-

2373 1105 2518 1171 μένῳ
2538 1104 2708 1172 τόμῳ,
2727 1104 2868 1156 κατὰ
2889 1104 3054 1172 μέρος
3071 1103 3285 1156 ἅπαντα
3300 1102 3638 1170 διηγουμένῳ
3651 1101 3946 1169 ἐντυχόντι,

2371 1197 2549 1249 πάντα
2598 1197 2841 1268 ἀκριδῶς
2863 1197 3057 1250 ειδέναι
3113 1197 3423 1265 περιέσται.
3465 1196 3671 1247 Ἐκεῖνο
3701 1194 3755 1248 δὲ
3789 1195 3948 1260 μόνον

2367 1288 2662 1355 ἀναγκαῖον
2691 1283 2830 1341 εἶναι
2868 1287 3191 1356 ἡγησάμεθα
3224 1286 3577 1357 προσκεῖσθαι
3610 1288 3676 1355 τῇ
3711 1285 3945 1355 ἱστορίᾳ,

2368 1381 2443 1444 ὡς
2469 1380 2714 1434 ἑάλωσαν
2736 1381 2823 1433 ἐπ’
2841 1380 3144 1450 αὐτοφώρῳ
3171 1381 3220 1431 οἱ
3242 1379 3308 1432 τὰ
3347 1377 3657 1434 Ἀκινδύνου
3679 1376 3947 1446 ᾑρημένοι

2366 1472 2461 1534 τὰς
2487 1473 2607 1532 ἴσας
2630 1473 2784 1538 δόξας
2821 1473 3083 1543 Βαρλαὰμ
3119 1471 3252 1540 περὶ
3287 1470 3394 1522 τῶν
3425 1471 3711 1537 δογμάτων
3732 1472 3949 1537 ἔχοντες

2366 1563 2462 1628 τῆς
2503 1561 2849 1629 Ἐκκλησίας.
2884 1565 2974 1615 Διὸ
3011 1563 3116 1612 τῶν
3173 1560 3603 1629 μὲντὰρχιερέων
3659 1561 3690 1625 ἡ
3734 1559 3950 1618 σύνοδος

2380 1652 2604 1716 Ἐφέσου
2640 1653 2732 1704 καὶ
2763 1653 2963 1704 Γάννου
3014 1650 3334 1720 καθαίρεσιν
3380 1649 3650 1712 κατέγνω.
3687 1647 3948 1715 Βαρλαάμ

2368 1761 2426 1794 τε
2475 1744 2784 1796 ’Δκινδύνου
2811 1743 3108 1813 διαρρήδην
3145 1742 3428 1812 χωρισμὸν
3460 1740 3570 1792 ἀπο
3628 1739 3721 1790 τοῦ
3759 1738 3948 1788 λοιποῦ

2365 1836 2459 1902 τῆς
2477 1835 2800 1900 Ἐκκλησίας
2817 1834 3088 1903 σώματος,
3101 1835 3175 1896 ὼς
3193 1833 3326 1902 μέλη
3347 1831 3674 1895 νενοσηκότα
3692 1831 3944 1893 ἀνιάτως,

2367 1929 2462 1981 καὶ
2488 1928 2757 1997 μηδεμίαν
2785 1928 2920 1995 μετὰ
2950 1925 3208 1995 τελευτὴν
3231 1925 3515 1994 διόρθωσιν
3565 1923 3945 1992 ἐπιδεχόμενοι.

2366 2021 2486 2072 Τῶν
2511 2020 2554 2072 δ’
2586 2020 2782 2084 ἄλλων,
2817 2020 2864 2071 εἰ
2889 2021 2961 2088 μή
2994 2035 3077 2085 τις
3134 2017 3468 2087 ἐπιστρέψας
3527 2017 3786 2081 σύνθηται
3836 2017 3948 2076 τοῖς

2364 2111 2665 2176 ὑγιαίνουσι
2686 2109 3125 2179 τῆςἙκκλησίας
3156 2110 3443 2176 δόγμασιν,
3476 2109 3704 2159 ἐκείνων
3750 2107 3947 2169 πολλὴν

2365 2200 2619 2253 ἀσέϐειαν
2648 2199 2970 2266 καταγνοὺς,
3004 2198 3253 2265 δέχεσθαι
3276 2197 3716 2265 τὴνἝκκλησίαν
3742 2195 3834 2248 καὶ
3866 2195 3942 2257 ὡς

2364 2292 2564 2344 οἰκείου
2636 2291 2829 2358 μέλους
2880 2292 3128 2358 προνοεῖν
3184 2289 3368 2358 μηδὲν,
3428 2293 3563 2357 μήτε
3608 2286 3947 2353 ἐγκαλοῦσαν

2364 2382 2472 2433 τῶν
2509 2383 2814 2451 προτέρων,
2873 2383 3009 2451 μήτε
3047 2381 3430 2444 ὀνειδίζουσαν.
3470 2382 3531 2432 Et
3574 2379 3630 2430 δέ
3675 2396 3756 2440 τις
3794 2378 3945 2446 μένοι

2367 2473 2453 2525 διὰ
2484 2472 2670 2535 τέλους
2698 2473 3046 2541 ἀδιόρθωτος,
3084 2475 3196 2534 τοῖς
3243 2473 3422 2534 αὐτοῖς
3473 2469 3768 2537 ἐπιτιμίοις
3816 2468 3948 2520 ὑπο-

2366 2563 2581 2612 κεῖσθαι
2616 2561 2880 2630 Βαρλαὰμ
2937 2561 3032 2613 καὶ
3103 2560 3394 2626 ’Δκινδύνῳ
3451 2559 3544 2611 καὶ
3595 2560 3686 2609 ἐπὶ
3735 2558 3948 2618 τούτοις

2367 2655 2584 2720 ἐγένετο
2609 2654 2774 2721 τόμος
2803 2653 2985 2720 τρίτος
3018 2652 3110 2705 ἐπὶ
3137 2652 3255 2704 δυσὶ
3278 2653 3389 2712 τοίς
3419 2652 3684 2719 πρότερον
3715 2666 3947 2716 γεγενη-

2374 2743 2579 2812 μένοις·
2620 2743 2646 2794 ὂ
2682 2759 2740 2794 τε
2794 2743 2903 2812 γὰρ
2942 2742 3036 2794 ἐπὶ
3088 2741 3408 2809 καθαιρέσει
3463 2740 3804 2808 πατριάρχου
3853 2736 3946 2787 τοῦ

2382 2827 2622 2879 Ἰωάννου
2647 2829 3028 2896 γεγενημένος,
3065 2828 3125 2880 δν
3171 2829 3266 2880 καὶ
3315 2829 3343 2880 6
3372 2827 3483 2879 τῶν
3547 2827 3946 2896 Ἱεροσολύμων

2369 2922 2714 2988 πατριάρχης
2744 2919 3123 2988 ὐπογέγραφε,
3159 2918 3359 2986 πολλὴν
3389 2919 3644 2972 ἀσέϐειαν
3668 2917 3939 2986 Βαρλαὰμ

2372 3009 2463 3063 καὶ
2506 3009 2812 3061 Ἀκινδύνου
2845 3009 3160 3078 κατηγορεῖ,
3193 3007 3288 3060 καὶ
3313 3006 3421 3059 τῶν
3445 3007 3622 3074 ὀρθῶν
3641 3006 3938 3075 δογμάτων

2369 3102 2716 3182 διαστροφὴν,
2753 3100 2820 3153 δι’
2848 3099 2882 3154 ἃ
2916 3100 3009 3152 καὶ
3036 3099 3379 3169 πατριάρχης
3423 3101 3450 3151 6
3491 3099 3745 3163 Ἰωάννης
3780 3098 3949 3168 καθῃ-

696 3189 940 3254 damnat,
1000 3188 1094 3242 sed
1127 3198 1181 3241 et
1231 3189 1274 3242 si
1308 3190 1432 3258 quis
1472 3190 1636 3254 alius,
1684 3190 1885 3259 inquit,
1921 3193 2200 3262 quippiam
2237 3213 2265 3249 a

2379 3192 2530 3262 ρέθη,
2564 3191 2640 3253 ὡς
2673 3191 2846 3244 ταυτὰ
2871 3192 3148 3260 φρονήσας
3183 3189 3468 3259 Βαρλάὰμ,
3515 3192 3610 3242 καὶ
3659 3193 3686 3242 6
3715 3191 3947 3259 πρώτως

699 3280 980 3336 Barlaamo
1035 3281 1348 3350 blaspheme
1415 3289 1470 3333 et
1525 3281 1780 3336 haeretica
1834 3291 2024 3336 contra
2075 3301 2261 3339 mona-

696 3372 851 3435 chos,
882 3373 990 3425 imo
1019 3386 1148 3426 vero
1178 3382 1368 3426 contra
1419 3372 1717 3427 Ecclesiam
1758 3375 1928 3441 ipsam
1963 3376 2260 3440 dictorum,

695 3465 1094 3531 scriptorumve
1165 3480 1385 3518 rursum
1454 3467 1734 3521 monachis
1803 3467 2106 3534 objeccrit,
2170 3480 2263 3522 aut

697 3555 922 3609 omnino
954 3556 1006 3608 in
1041 3557 1241 3609 talibus
1280 3571 1375 3611 eos
1419 3558 1822 3625 perstrinxerit,
1861 3565 2050 3614 eadem
2103 3575 2261 3628 pii-ua

697 3663 724 3699 a
777 3655 960 3701 nostra
1015 3647 1395 3702 medircritate
1428 3650 1738 3713 damnatur,
1796 3660 1960 3718 atque
1994 3666 2023 3704 a
2075 3662 2260 3704 sancta

701 3737 792 3789 ltei
821 3737 1089 3792 catholica
1120 3747 1202 3793 -et
1228 3738 1528 3806 apostolica
1563 3740 1828 3806 Ecclesia,
1858 3750 1913 3795 et
1956 3742 2261 3795 orthodoxa

695 3827 1133 3884 Christianorum
1166 3839 1308 3884 cmtu
1336 3831 1499 3883 etiam
1526 3832 1640 3898 ipse
1670 3833 2068 3886 exterminatur.r
2101 3843 2262 3901 atque

698 3918 1035 3988 praeciditur.
1077 3921 1242 3989 800
1278 3921 1367 3974 Sic
1397 3925 1579 3989 itaque
1605 3932 1658 3974 et
1690 3925 1884 3976 tertius
1923 3932 2101 3976 tomus
2125 3923 2264 3977 duos

699 4009 1072 4079 praecedentes
1143 4025 1485 4078 consequens
1542 4011 1715 4065 factus
1769 4024 1890 4071 est,
1963 4014 2264 4081 eademque

699 4110 888 4153 contra
946 4097 1215 4152 Barlaami
1274 4110 1328 4153 et
1375 4100 1640 4170 Acindyni
1690 4117 1950 4170 sequaces
1996 4104 2259 4157 decreta:

700 4191 787 4243 cui
813 4189 1069 4245 Callistus
1107 4192 1420 4260 patriarcha
1451 4207 1574 4245 cum
1601 4195 1876 4262 episcopis
1903 4195 2262 4263 subscripsit;

699 4293 755 4336 et
786 4291 912 4336 ante
963 4298 1057 4337 eos
1101 4284 1517 4338 Cantacuzeuus
1566 4285 1882 4354 imperator,
1929 4285 2129 4340 deinde
2174 4287 2265 4340 Jo-

701 4389 870 4428 annes
896 4374 1243 4444 Paluculogus
1269 4375 1567 4444 imperator
1593 4377 1804 4446 junior,
1847 4378 2098 4432 Ecclesia:
2141 4395 2265 4433 cuu-

701 4481 844 4529 cors,
907 4476 962 4520 ct
1015 4468 1131 4536 ipse
1198 4467 1418 4520 rubrica
1484 4467 1842 4536 subsignavit.
1912 4470 2263 4524 Discussione

2371 3285 2460 3336 ἐπὶ
2485 3286 2550 3352 τῇ
2601 3282 2892 3348 διαγνώσει
2950 3281 3213 3352 βασιλέως
3286 3282 3625 3349 Ἀνδρονίκου
3676 3279 3769 3333 τοῦ
3822 3281 3945 3334 νέου

2371 3373 2761 3440 γεγενημένος,
2788 3373 2949 3440 ἡνίκα
2985 3373 3129 3425 καὶὸ
3166 3373 3514 3442 πατριάρχης
3552 3373 3803 3440 Ἰωάννης
3843 3370 3946 3440 τῆς

2373 3464 2600 3516 συνόδου
2637 3464 2948 3533 προστάτης
2978 3461 3066 3532 ἦν,
3103 3464 3160 3514 ὃν
3191 3467 3284 3515 καὶ
3331 3465 3492 3526 αὐτὸς
3549 3465 3944 3534 ὑπεςημήνατο

2369 3554 2557 3620 χερσὶν
2590 3552 2844 3616 οἰκείαις,
2869 3553 2930 3604 οὐ
2967 3552 3127 3620 μόνον
3160 3551 3424 3620 Βαρλαὰμ
3477 3555 3570 3605 καὶ
3632 3552 3944 3604 Ἀκινδύνου

2371 3642 2830 3711 καταψηφίζεται,
2891 3642 2965 3704 ὡς
3017 3641 3214 3703 ἀείκως
3269 3641 3737 3711 κατηγορηκότων
3815 3643 3926 3694 τῶν

2374 3734 2621 3802 μοιαχών
2683 3732 2818 3787 ἀλλὰ
2867 3733 3038 3785 καὶέἷ
3097 3751 3200 3795 τις,
3252 3736 3437 3802 φησιν,
3495 3733 3680 3799 ἕτερός
3731 3750 3781 3784 τι
3835 3732 3945 3785 τῶν

2372 3823 2477 3876 ὑπὸ
2508 3824 2599 3875 τοῦ
2624 3824 2892 3892 Βαρλαὰμ
2921 3823 3276 3891 βλασφήμως,
3308 3826 3400 3876 καὶ
3452 3824 3754 3888 κακοδόξως
3802 3827 3946 3876 κατὰ

2371 3911 2479 3964 τῶν
2506 3913 2777 3980 μοναχῶν,
2805 3912 3003 3980 μᾶλλον
3035 3913 3090 3965 δὲ
3116 3917 3252 3967 κατὰ
3271 3916 3368 3984 τῆς
3387 3916 3714 3984 Ἐκκλησίας
3759 3915 3934 3983 αὐτῆς

2374 4004 2736 4071 λαληθέντων,
2793 4004 2825 4074 ἢ
2885 4008 3312 4074 συγγραφέντων
3372 4009 3566 4076 φανείη
3623 4007 3783 4060 πάλιν
3837 4009 3948 4060 τῶν

2376 4097 2649 4164 μοναχῶν,
2734 4096 3079 4164 κατηγορῶν,
3143 4097 3174 4166 ἢ
3233 4097 3365 4159 ὅλως
3429 4101 3486 4149 ἐν
3546 4101 3655 4156 τοῖς
3681 4099 3949 4160 τοιούτοις

2372 4189 2805 4257 καθαπτόμενος,
2833 4192 2897 4259 τῇ
2933 4191 3065 4259 αὐτῇ
3127 4191 3397 4262 καταδίκῃ
3446 4192 3597 4260 παρὰ
3646 4191 3744 4259 τῆς
3788 4194 3948 4261 ἡμῶν

2375 4281 2720 4350 μετριότητος
2743 4279 3231 4346 καθυποϐἅι.λ.εται,
3256 4281 3350 4333 καλ⁵
3393 4283 3775 4351 ἀποκήρυκτος
3794 4282 3948 4335 ἔσται

2373 4371 2466 4423 καὶ⁵
2498 4371 2658 4434 αὐτὸς
2689 4373 2781 4424 καὶ
2813 4373 3281 4441 ἀποτετμημένος,
3318 4373 3413 4424 καὶ
3468 4377 3566 4441 τῆς
3634 4375 3792 4440 ἁγίας
3853 4373 3948 4426 τοῦ

2373 4463 2608 4532 Χριστοῦ
2637 4462 2932 4531 καθολικῆς
2970 4467 3064 4517 καὶ
3089 4463 3450 4533 ἀποστολικῆς
3469 4465 3819 4532 Ἐκκλησίας,
3853 4467 3951 4518 καὶ

701 4559 1014 4626 dogmatum
1074 4557 1292 4625 penitus
1350 4559 1616 4621 absoluta,
1653 4570 1710 4612 ct
1757 4569 1904 4612 tomo
1943 4560 2102 4629 plane
2150 4561 2256 4631 jam

2366 4553 2458 4606 τοῦ
2489 4553 2768 4622 ὀρθοδὸξου
2817 4555 2924 4606 τῶν
2987 4554 3328 4624 Χριστιανῶν
3387 4556 3752 4623 συστήματος.
3792 4555 3949 4608 Οὕτω

700 4649 964 4720 perfecto,
1007 4648 1230 4702 CalliSIo
1264 4649 1570 4716 patriarcha
1607 4649 1662 4700 in
1694 4648 1895 4716 templo
1927 4648 2125 4702 divinas
2168 4651 2264 4702 Sa-

701 4742 940 4806 pientim,
994 4757 1116 4794 cum
1167 4741 1396 4809 reliquis
1451 4741 1722 4810 episcopis
1769 4740 1946 4794 Missa:
1997 4741 2264 4795 sacriﬁcio

702 4834 984 4901 fungente,
1009 4832 1427 4888 Cantacuzenus
1457 4834 1604 4887 omni
1657 4832 2013 4902 imperatorio
2070 4842 2263 4886 ornatu

697 4925 970 4989 excultus,
1022 4926 1162 4978 intra
1223 4925 1401 4994 adyta,
1452 4922 1780 4992 patriarchae
1807 4924 2126 4992 reliquoque
2154 4924 2268 4991 epi-

699 5032 990 5086 scoporum
1023 5017 1204 5070 ordini
1233 5028 1438 5071 tomum
1472 5015 1716 5070 tradidit.
1753 5016 1946 5069 Postea
1995 5015 2263 5068 Barlaami

699 5120 754 5164 et
787 5107 1053 5179 Acindyni
1086 5108 1342 5178 discipuli
1392 5109 1460 5162 ab
1502 5109 1829 5176 imperatore
1866 5118 1921 5160 et
1959 5107 2265 5175 patriarcha

695 5203 831 5271 jussi
865 5213 993 5255 sunt
1022 5201 1089 5254 de
1141 5200 1411 5270 dogmatis
1450 5200 1585 5252 nihil
1623 5215 1798 5267 neque
1832 5200 2034 5256 dicere.
2087 5215 2264 5268 neque

701 5290 943 5342 scribere
973 5306 985 5341 :
1017 5304 1084 5342 ne
1108 5289 1443 5342 sinceriores
1470 5288 1586 5341 suis
1614 5289 1844 5342 fallaciis
1869 5298 2260 5356 pervertere-ut.

702 5379 906 5432 llorum
940 5380 1031 5434 alii
1064 5379 1386 5433 obedientcs
1425 5380 1802 5446 quiescebant,
1829 5381 1920 5432 alii
1950 5389 2127 5433 tacere
2155 5397 2261 5433 non

703 5479 978 5536 poterant,
1005 5469 1097 5521 sed
1135 5484 1258 5522 cum
1308 5484 1458 5528 rore,
1497 5479 1608 5520 tum
1647 5469 1866 5537 scriptis
1915 5469 2260 5530 disserendo,

702 5560 888 5625 plures
917 5560 1142 5626 insuper
1168 5558 1537 5625 deprarahant
1571 5576 1583 5610 :
1616 5573 1784 5626 quare
1825 5568 1878 5611 et
1921 5575 2142 5613 carcere
2197 5559 2265 5612 ab

702 5653 1034 5715 imperatore
1081 5650 1251 5715 puniti
1287 5661 1432 5710 sunt,
1477 5666 1636 5718 quem
1689 5651 1751 5702 ad
1793 5660 2006 5718 tempus
2059 5651 2266 5703 habita-

701 5749 850 5795 runt.
885 5741 1086 5795 Eorum
1127 5743 1446 5797 illustriores
1483 5743 1536 5795 in
1591 5743 1706 5796 suis
1762 5744 2000 5810 ipsorum
2052 5743 2264 5795 :cdibus

700 5833 1093 5897 attinebantur,
1146 5851 1210 5887 ne
1260 5851 1382 5888 cum
1432 5834 1535 5888 illis
1592 5835 1757 5888 verba
1814 5837 2123 5888 miscerent.
2185 5835 2258 5888 lla

2374 4646 2473 4715 μὲν
2496 4646 2590 4698 καὶ
2612 4648 2638 4698 6
2667 4648 2846 4714 τρίτος
2868 4647 3030 4711 τόμος
3055 4647 3348 4707 ἀκόλουθος
3370 4649 3483 4708 τοίς
3510 4648 3632 4698 δυσὶ
3660 4646 3949 4713 προτέροις

2369 4740 2630 4806 ἐγεγόνει,
2657 4738 2752 4790 καὶ
2769 4741 2835 4790 τὰ
2866 4737 3004 4789 αὐτὰ
3031 4737 3443 4804 κατεψηφίσατο
3459 4737 3566 4788 τῶν
3586 4736 3654 4787 τὰ
3678 4735 3946 4806 Βαρλαᾶμ

2368 4831 2462 4882 καὶ
2502 4830 2808 4883 Ἀκινδύνου
2829 4830 3136 4899 ᾑρημένωνο
3169 4830 3226 4880 ὃν
3258 4830 3602 4898 πατριάρχης
3645 4845 3704 4881 τε
3736 4830 3765 4880 6
3800 4830 3946 4882 Κάλ-

2368 4921 2545 4982 λιστος
2571 4925 2704 4988 μετὲι
2733 4921 2841 4972 τῶν
2863 4919 3161 4989 ἀρχιερέων
3186 4919 3556 4988 ὐπογέγραιξε.
3577 4920 3669 4971 καὶ
3686 4917 3944 4986 βασιλεὺς

2367 5012 2472 5078 πρὸ
2530 5012 2708 5064 αὐτῶν
2754 5012 2781 5063 6
2838 5010 3327 5080 Καντακουζηνὸ;,
3389 5011 3612 5080 ὕστερον
3658 5010 3717 5064 δὲ
3768 5013 3862 5064 καὶ
3913 5014 3943 5065 6

2370 5104 2730 5171 Παλαιολόγος
2805 5103 3057 5170 Ἰωάννης
3116 5102 3366 5170 βασιλεὺς
3397 5103 3424 5154 6
3477 5103 3614 5164 νέος,
3649 5100 3944 5173 σύμψηφος

2375 5196 2657 5261 γενόμενος
2702 5197 2767 5263 τῇ
2787 5193 3103 5262 Ἐκκλησία,
3132 5193 3380 5262 ὲρυθροίς
3419 5191 3512 5244 καὶ
3545 5193 3703 5254 αὐτὸς
3763 5195 3944 5262 γρὰμ·

2370 5304 2530 5354 μασιν
2559 5287 2967 5355 ὑπεσημήνατο.
3017 5285 3169 5336 Ἐπεὶ
3197 5284 3253 5337 δὲ
3310 5285 3487 5337 πάντα
3540 5282 3651 5350 είχε
3686 5284 3837 5344 τέλος
3877 5284 3945 5336 τὰ

2369 5379 2495 5446 περὶ
2557 5379 2653 5446 τὴν
2710 5379 2956 5442 ἐξέτασιν
3016 5378 3126 5429 τῶν
3183 5377 3488 5443 δογμάτων,
3549 5378 3642 5428 καὶ
3686 5377 3713 5428 6
3777 5375 3944 5443 τόμος

2365 5469 2576 5530 οὐδενὸς
2605 5469 2791 5533 ἐδεῖτο,
2812 5469 2888 5521 ἔτι
2929 5468 3227 5522 Καλλίστου
3257 5470 3349 5519 τοῦ
3390 5469 3736 5536 Πατρ;άρχου
3771 5471 3828 5519 ὲν
3862 5467 3942 5535 τῷ

2366 5561 2471 5628 νεῷ
2530 5562 2624 5628 τῆς
2652 5561 2745 5613 τοῦ
2800 5561 2934 5612 Θεοῦ
2970 5560 3160 5626 σοφίας
3215 5562 3312 5628 τὴν
3378 5561 3528 5612 θείαν
3565 5559 3940 5620 ἐπιτελοῦντος

2369 5654 2759 5718 μυσταγωγίαν
2826 5653 2964 5716 μετὰ
3016 5651 3122 5701 τῶν
3184 5651 3384 5701 λοιπῶν
3455 5648 3783 5716 ἀρχιερέων,
3844 5651 3937 5698 καὶ

2369 5743 2616 5808 βασιλεὺς
2650 5743 2676 5793 ὁ
2721 5740 3386 5810 Καντακουξηνδς’πᾶςαν
3415 5739 3610 5808 σκευὴν
3654 5739 3937 5807 βασιλικὴν

2367 5836 2535 5896 ἐνδίαςτ
2578 5836 2666 5887 καὶ
2703 5836 2808 5886 τῶν
2843 5833 3046 5887 ἀδύτων
3079 5836 3224 5894 ἐντὸς
3281 5834 3589 5901 γενόμενος,
3625 5831 3936 5901 πατριάρχῃ
