4218 6446
731 435 826 497 187

1851 434 2173 495 JOANNIS
2210 437 2718 499 CANTACUZENI

3862 434 3959 500 188

724 545 898 611 ipsum
927 560 1019 611 per
1048 559 1104 597 se
1134 541 1442 611 deprimch
1466 552 1630 612 atque
1650 553 1901 601 evertere
1932 562 2041 601 non
2088 548 2286 616 potuit,
2323 552 2363 603 Δ

2323 552 2363 603 Α
2392 548 2440 599 δ’
2479 550 2662 619 εὐνοίᾳ
2696 549 2791 620 τὴν
2815 551 3075 619 ἀλήθειαν
3114 549 3517 620 παραφθείρας.
3553 552 3645 600 καὶ
3681 552 3821 602 κατὰ
3847 552 3953 601 1:5.-

722 638 1146 704 l‘alamhgornnr
1203 637 1588 704 imperatorum
1636 638 1835 692 bellum
1887 649 2133 693 mutuum
2196 656 2291 707 pro

722 736 1044 791 argumento
1094 740 1337 789 sumens,
1388 734 1443 777 et
1491 726 1688 794 partim
1747 730 2053 797 ignorantia
2107 746 2289 783 rerum

722 823 1023 881 geslartml,
1060 817 1255 881 partim
1289 819 1462 884 gratia
1488 827 1744 885 corrupta
1782 820 2039 882 veritate,
2073 836 2137 874 ac
2166 820 2291 874 totis

725 905 937 957 viribus
969 906 1115 957 velut
1159 906 1209 957 in
1251 905 1429 959 fabula
1480 908 1944 964 comminiscenda
1998 914 2289 977 mentiens,

726 996 922 1047 deinde
975 996 1167 1051 ordine
1216 999 1282 1052 ad
1332 1000 1552 1062 bellum,
1595 1000 1739 1068 quod
1793 1012 1975 1057 nostra
2028 1006 2290 1059 memoria

726 1095 912 1141 contra
984 1085 1428 1141 Cantaeuzennrn
1504 1091 1802 1145 excitatum
1878 1102 1963 1146 est
2036 1109 2291 1162 progres-

725 1190 812 1225 sus
852 1175 986 1243 (ll).
1021 1188 1130 1229 tum
1175 1179 1278 1231 alia
1324 1180 1607 1248 complura
1649 1184 1862 1236 crimini
1915 1186 2023 1249 dat,
2056 1186 2293 1239 servitu-

724 1277 826 1329 tes,
888 1270 1078 1328 caedes,
1138 1271 1551 1335 trucidationes,
1607 1274 2010 1342 populationes,
2064 1287 2118 1331 et
2143 1295 2287 1346 qum-

724 1373 938 1425 Cttnqtte
974 1358 1237 1416 Boiiianis
1282 1379 1376 1431 per
1415 1364 1467 1417 id
1523 1366 1723 1419 nellum
1776 1368 2023 1422 luctuosa
2085 1371 2292 1424 incide-

722 1458 870 1510 runt,
904 1449 992 1502 illa
1029 1453 1305 1505 ascribens
1339 1471 1352 1506 :
1385 1463 1497 1507 tum
1545 1457 1615 1509 ob
1651 1474 1895 1512 amorem
1947 1460 2287 1527 dominandi,

724 1538 1132 1609 inzperialisqne
1194 1542 1392 1611 fastigii
1425 1548 1739 1615 cupidinem
1768 1551 2028 1603 malorum
2075 1554 2287 1607 illorntn

724 1631 923 1682 nzdlazn
980 1634 1196 1687 duxisse
1266 1638 1532 1690 rationem
1592 1638 1843 1692 atlirmat.
1913 1642 2043 1695 Illud
2106 1654 2286 1699 auten

722 1718 1161 1776 Canlacuzenum
1198 1735 1322 1778 ante
1353 1728 1456 1781 alia
1500 1729 1739 1793 vellicat,
1769 1740 1822 1784 et
1874 1748 1969 1785 eor
1998 1735 2118 1802 ejus
2160 1738 2286 1798 nrit,

724 1808 868 1873 quod
905 1813 1185 1875 mentitur,
1214 1829 1337 1866 eum
1391 1816 1570 1870 adhuc
1602 1818 1814 1872 vivente
1846 1821 2159 1875 Andronico
2188 1825 2288 1875 im-

724 1901 863 1967 perii
919 1903 1146 1956 Romani
1208 1905 1382 1976 {longe
1439 1911 1988 1976 appetentissimum,
2047 1932 2170 1967 cu;n
2237 1917 2287 1968 id
2329 1891 2365 1942 υ

725 1995 939 2062 assequi
970 2011 1076 2049 non
1106 2007 1314 2065 posset,
1340 2001 1502 2068 302
1555 2002 1621 2055 ad
1669 2007 1968 2061 monachos
2002 2008 2054 2062 in
2110 2020 2290 2065 ειεοιι-[θ

725 2084 888 2147 Atho,
917 2086 1007 2155 qui
1048 2088 1147 2141 viri
1205 2090 1376 2145 sancti
1450 2102 1505 2144 et
1551 2109 1579 2147 a
1622 2094 1729 2149 Deo
1775 2098 1935 2151 adlati
1980 2100 2291 2155 futurorum

726 2178 1142 2245 praesensionem
1176 2181 1785 2251 haberejudicabantur
1812 2190 2116 2258 profectum
2150 2211 2289 2259 esse,

726 2266 793 2319 de
820 2270 1038 2330 futuris.
1070 2282 1124 2325 et
1155 2289 1222 2327 an
1258 2274 1326 2329 ad
1373 2292 1433 2331 se
1479 2278 1787 2334 Romanum
1846 2283 2134 2351 imperium
2173 2304 2294 2356 per-

727 2371 1014 2417 venturum
1047 2377 1212 2431 esset,
1256 2379 1761 2437 percunctaturum.
1813 2375 1941 2428 Post
1990 2378 2055 2431 ad
2104 2396 2289 2433 mona-

729 2457 1232 2525 rhosfconversns,
1287 2464 1474 2518 multis
1528 2474 1581 2520 et
1636 2467 1837 2521 acriter
1898 2468 1951 2523 in
2004 2487 2120 2531 eos,
2185 2489 2291 2527 non

730 2551 904 2602 solum
961 2562 1019 2604 ut
1076 2554 1130 2606 in
1178 2554 1528 2611 Massalianos
1593 2568 1647 2613 ct
1701 2575 1868 2626 prave
1919 2562 1983 2615 de
2032 2564 2295 2629 religione

729 2642 1049 2708 sentientes,
1085 2644 1179 2698 sed
1234 2646 1397 2699 etiam
1452 2657 1510 2701 ut
1562 2651 1798 2718 crapula:
1867 2668 1931 2707 ac
1984 2653 2296 2710 vinolentize

731 2732 945 2786 deditos
992 2734 1289 2789 invehitur.
1329 2736 1635 2791 Comedunt
1684 2740 1850 2807 enim,
1909 2743 2107 2810 inquit,
2151 2744 2298 2812 plus-

730 2838 893 2890 quam
942 2839 1104 2888 snes,
1160 2837 1214 2879 et
1248 2828 1442 2882 bibunt
1492 2830 1775 2899 plusquam
1827 2833 2125 2901 elephanti.
2188 2836 2292 2891 Ubi

732 2924 913 2967 autem
968 2916 1290 2971 ebrietatem
1350 2920 1571 2974 nimiam
1625 2922 2042 2987 edormierunt,
2098 2942 2295 2981 arcana

736 3004 828 3057 Dei
865 3020 921 3059 se
958 3008 1098 3061 sr-ire
1132 3010 1490 3073 contendunt,
1520 3021 1572 3065 et
1608 3027 1867 3081 responsa
1902 3016 2093 3069 edunt.
2134 3017 2296 3071 Deni-

732 3111 839 3164 que
873 3097 1103 3151 aliormn
1139 3102 1501 3167 quorumdam
1528 3119 1623 3157 eos
1668 3104 1969 3168 insimulat,
2006 3124 2125 3176 quae
2156 3126 2294 3178 prze-

2396 654 2493 691 σαν
2525 638 2779 701 ἐξουσίαν
2802 640 2991 708 ὥσπερ
3042 642 3098 691 ἐν
3129 640 3405 709 πλάσματι
3442 642 3952 709 καταψευτάμενος,

2395 729 2582 782 ἔπειτα
2611 731 2704 783 καὶ
2728 732 2849 784 καθ’
2888 730 3079 800 εἱρμὸν
3104 731 3195 782 ἐπὶ
3228 732 3317 783 τὸν
3344 731 3427 798 ἐφ’
3460 732 3612 800 ἡμῶν
3645 733 3777 800 πρὸς
3808 733 3957 783 Καν-

2393 822 2724 889 τακουζηνὺν
2779 823 3006 892 προῖὼν,
3059 822 3234 875 πολλὰ
3290 822 3390 890 μὲν
3437 822 3603 874 αὐτοῦ
3662 823 3754 874 καὶ
3817 823 3957 875 ἄλλα

2394 915 2716 981 κατηγορεῖ,
2743 914 3213 983 ἀνδραποδισμοὺς
3241 915 3335 967 καὶ
3361 914 3573 979 φόνους,
3603 915 3697 966 καὶ
3722 916 3954 981 σφαγὰς,

2396 1004 2491 1055 καὶ
2521 1002 2835 1073 λεηλασίας,
2873 1005 2967 1060 καὶ
3003 1007 3104 1059 ὅσα
3134 1004 3371 1075 δυσχερῆ
3399 1007 3457 1057 ὲν
3486 1006 3564 1074 τῷ
3593 1005 3686 1058 τοῦ
3718 1005 3955 1071 πολέμου

2394 1094 2569 1162 χρόνῳ
2622 1094 2996 1161 συμπέπτωκε
3058 1095 3373 1165 Ῥωμαίοις,
3403 1096 3554 1165 αὐτῷ
3588 1098 3918 1164 προσάπτων
3941 1116 3955 1129 ·

2393 1186 2487 1236 καὶ
2520 1185 2603 1238 διὰ
2639 1187 2951 1256 φιλαρχίαν,
3004 1190 3100 1241 καὶ
3135 1189 3299 1258 τιμῆς
3332 1187 3620 1255 βασιλικῆς
3654 1190 3952 1255 ὲπιθυμίαν

2394 1273 2504 1324 τῶν
2536 1274 2725 1328 δεινῶν
2756 1278 2988 1330 ἐκείνων
3004 1278 3196 1330 οὐδένα
3222 1279 3395 1347 λέγων
3420 1281 3749 1345 πεποιῆσθαι
3774 1282 3951 1347 λόγον.

2398 1365 2461 1416 '0
2486 1366 2541 1417 δὲ
2577 1366 2814 1435 μάλιστα
2850 1368 3018 1421 αὐτοῦ
3057 1368 3421 1433 καθάπτεται,
3467 1372 3561 1423 καὶ
3593 1372 3666 1433 ὡς
3706 1373 3957 1424 ἐπιπλεῖ-

2393 1473 2516 1509 στον
2549 1457 2838 1527 διατρίϐει,
2871 1460 3043 1513 ἐκεῖνό
3073 1463 3241 1525 ἐστιν,
3263 1462 3345 1514 ὅτι
3368 1463 3643 1529 περιόντες
3663 1482 3718 1515 τε
3742 1464 3823 1515 ἔτι
3846 1464 3955 1530 βα-

2394 1545 2585 1609 σιλέως
2626 1548 2992 1617 Ἃνδρονίκου,
3025 1551 3125 1617 τῆς
3168 1550 3458 1620 Ῥωμαίων
3492 1554 3770 1623 βασιλείας
3814 1556 3953 1622 ἐρῶν

2394 1639 2708 1707 ὐπεριρυῶς,
2742 1643 2836 1693 καὶ
2879 1643 2951 1711 μὴ
3013 1642 3312 1712 δυνάμενος
3341 1648 3543 1713 τυχεῖν,
3597 1648 3690 1697 ἐπὶ
3738 1652 3863 1705 τοὺς
3896 1650 3951 1698 ἐν

2396 1730 2542 1799 Ἀθῳ
2608 1734 2878 1801 μοναχοὺς
2932 1734 3228 1798 δοκοῦντας
3284 1738 3478 1806 ἀρετῆς
3534 1741 3954 1799 άντιποιεῐσὲαι,

2394 1821 2483 1871 καὶ
2541 1822 2815 1890 μυστήρια
2849 1823 2983 1875 Θεοῦ
3038 1824 3235 1878 εἰδέναι
3292 1828 3567 1896 ὲιροίτησε,
3623 1831 3955 1897 πευσόμενος

2397 1910 2525 1978 περὶ
2554 1919 2661 1961 τῶν
2690 1913 3016 1978 μελλόντων,
3052 1914 3144 1966 καὶ
3175 1915 3225 1966 εξ
3266 1914 3401 1983 πρὸς
3438 1917 3599 1968 αὐτὸν
3632 1921 3662 1985 ἡ
3707 1918 3956 1987 βασιλεία

2408 2002 2691 2072 Ῥωμαίων
2725 2004 2866 2074 ἥξει.
2904 2005 3140 2059 Ἔπειτα
3174 2008 3265 2059 ἐπὶ
3297 2008 3422 2070 τοὺς
3457 2011 3720 2078 μοναχοὺς
3751 2012 3955 2079 τραπόο

2398 2113 2579 2166 μενος,
2613 2099 2782 2151 πολλὰ
2814 2100 2906 2152 καὶ
2950 2099 3095 2152 δεινὰ
3140 2104 3455 2169 κατηγορεῖ’
3514 2103 3574 2154 οὐ
3612 2104 3768 2171 μόνον
3803 2105 3949 2158 Μασ-

2398 2192 2710 2259 σαλιανοὺς,
2736 2195 2831 2247 καὶ
2866 2194 2997 2265 περὶ¹
3048 2195 3118 2248 τὰ
3146 2196 3282 2264 ὀρθὰ
3331 2197 3576 2265 δόγματα
3616 2200 3955 2269 διεφθαρμέ-

2397 2300 2519 2345 νους
2554 2284 2749 2351 λέγων,
2778 2284 2913 2336 ἀλλὰ
2943 2284 3038 2339 καὶ
3077 2287 3207 2355 περὶ⁵
3247 2289 3445 2350 πότους
3485 2288 3578 2341 καὶ
3612 2290 3956 2355 οἰνοφλυγίας

2395 2375 2653 2442 ἀκρατεῖς
2684 2394 2694 2404 ·
2714 2375 2983 2427 Ἐσθίουσι
3041 2376 3172 2443 γὰρ,
3216 2379 3401 2446 φησὶν,
3433 2380 3570 2448 ὑπὲρ
3601 2382 3837 2448 χοίρους,
3864 2384 3957 2433 καὶ

2396 2467 2639 2519 πίνουσιν
2670 2468 2808 2538 ὑπὲρ
2860 2469 3183 2536 ἐλέφαντας.
3230 2470 3481 2525 Ἐπειδὰν
3529 2472 3586 2523 δὲ
3642 2475 3957 2542 ἀνανήψωσι

2394 2558 2494 2625 τῆς
2525 2558 2724 2627 πολλῆς
2776 2559 2965 2628 μέθης,
3023 2562 3296 2631 μυστήρια
3348 2563 3481 2615 Θεοῦ
3514 2563 3709 2616 εἰδέναι
3761 2565 3961 2617 δια.τεὶ-

2398 2667 2599 2713 νονται,
2620 2655 2713 2703 καὶ
2749 2652 2877 2720 περὶ
2907 2652 3212 2720 μελλόντων
3231 2655 3658 2724 προφητεύουσα
3684 2656 3791 2707 Καὶ
3816 2657 3953 2724 ἔτερ

2398 2741 2534 2793 ἅττα
2567 2742 2949 2812 κατηγόρηκεν
2986 2744 3232 2808 ἐκείνων,
3267 2738 3342 2797 ὧν
3366 2747 3475 2803 πᾶς
3498 2762 3583 2804 τις
3608 2744 3671 2797 ἂν
3692 2746 3960 2813 ἀπέσχετο

2397 2830 2536 2897 πλὴν
2572 2830 2758 2883 αὐτοῦ.
2829 2831 3061 2883 Ἔπειτα
3095 2831 3500 2900 διηγησάμενος
3550 2833 3617 2885 τὰ
3677 2833 3818 2884 κατὰ
3871 2834 3963 2882 τὸν

2400 2918 2635 2988 πόλεμον
2692 2920 2930 2987 μάλιστα
2966 2921 3323 2988 φιλοψευδὼς,
3378 2923 3473 2973 καὶ
3501 2923 3791 2989 γενόμενος
3839 2923 3895 2973 ἐν
3918 2916 3960 2987 ᾧ

2399 3008 2467 3061 τὰ
2505 3009 2644 3061 κατὰ
2700 3009 2799 3077 τῆς
2832 3010 3160 3078 Ἑκκλησίας
3218 3011 3314 3081 τὴν
3348 3011 3610 3081 διαφορὰν
3656 3012 3959 3081 διηγεῖσθαι

2400 3098 2613 3164 ἔμελλε,
2646 3100 2968 3164 κακοδοξίαν
3033 3100 3298 3168 βασιλέως
3353 3105 3665 3171 κατηγορεῖ,
3716 3103 3809 3154 καὶ
3855 3105 3960 3154 τῶν

735 3198 817 3240 ter
851 3187 1025 3256 ipsum
1079 3192 1376 3255 nemojllis
1422 3193 1765 3249 iutentasset.
1807 3196 2011 3253 Deinde
2055 3215 2178 3252 eum
2229 3202 2296 3255 de
2329 3214 2369 3269 ο

2294 3229 2296 3249 ς
2329 3214 2369 3269 C
2405 3190 2647 3258 πατρίων
2674 3188 2931 3256 ἀθέτησιν
2993 3188 3300 3258 δογμάτων.
3344 3191 3419 3242 Δι’
3447 3190 3482 3243 ἃ
3517 3190 3635 3243 οὐδὲ
3668 3192 3766 3259 τὴν
3804 3191 3960 3255 δίκην

732 3279 878 3333 bello
938 3280 1165 3334 mirifice
1228 3283 1542 3337 mentiendo
1600 3296 1898 3350 narrasset,
1954 3289 2175 3357 jamque
2238 3305 2304 3341 eo

731 3374 1097 3439 pervenisset,
1133 3380 1189 3425 ut
1220 3372 1288 3425 ab
1312 3372 1554 3428 Ecclesia
1585 3374 1986 3431 dissensionem
2042 3395 2305 3448 quorum-

730 3460 860 3514 dam
888 3472 1206 3531 exponeret,
1250 3465 1364 3533 ipse
1409 3464 1587 3530 docet,
1621 3482 1729 3536 quo
1785 3478 1945 3537 pacto
2006 3469 2305 3538 imperator

733 3552 788 3604 in
824 3551 981 3605 ﬁdem
1018 3553 1375 3607 orthodoxam
1412 3555 1674 3617 olIendat,
1723 3566 1778 3611 et
1808 3558 2057 3627 dogmata
2125 3563 2297 3628 patria

734 3644 1025 3697 convellat.
1067 3643 1244 3708 Quare
1291 3659 1392 3699 nec
1436 3646 1704 3715 judicium
1761 3648 1954 3702 abillo
1998 3650 2300 3718 iudicatum

735 3737 1129 3805 approbatione
1177 3736 1401 3806 dignum
1451 3748 1628 3807 putat,
1684 3750 1745 3794 ut
1779 3740 1872 3808 qui
1920 3741 2152 3796 Palamaz
2201 3743 2298 3796 ad-

742 3830 963 3893 haereat,
997 3827 1355 3898 eamdemque
1381 3828 1645 3885 doctrinae
1678 3832 2091 3900 perversitatem
2140 3835 2301 3889 colat.

740 3920 871 3988 Quae
932 3936 1054 3975 eum
1104 3920 1323 3990 legisset
1377 3921 1794 3977 Cantaeuzenus
1860 3924 2159 3992 imperator
2224 3928 2303 3998 (in

740 4028 932 4066 manus
951 4015 1095 4065 enim
1122 4014 1241 4082 ejus
1269 4020 1582 4077 veneruntl,
1616 4014 1685 4067 de
1702 4016 2052 4070 accusatione
2081 4017 2300 4085 quidem

738 4100 869 4153 tomi
926 4100 1136 4153 nullum
1184 4096 1253 4155 se
1305 4102 1534 4153 verbum
1592 4102 1868 4156 dicturum
1925 4105 2020 4167 ait,
2070 4121 2192 4161 cum
2246 4109 2305 4162 ris

737 4203 909 4245 semet
936 4192 1074 4245 tueri
1106 4192 1338 4246 maxime
1364 4192 1554 4260 possit.
1602 4191 1657 4246 Si
1693 4208 1929 4263 namque
1980 4211 2047 4249 ex
2089 4210 2154 4250 eo
2187 4200 2305 4268 ejus

737 4285 1008 4340 rectitude
1034 4296 1089 4339 et
1116 4286 1317 4339 veritas
1347 4285 1775 4349 demonstratur,
1802 4290 1929 4356 quia
1966 4294 2169 4347 sanctis
2202 4293 2301 4346 Pa-

739 4378 940 4439 tribus,
977 4387 1031 4431 et
1065 4378 1230 4432 editis
1253 4391 1282 4429 a
1328 4377 1500 4431 sacris
1523 4387 1683 4430 antea
1712 4378 1932 4447 synodis
1957 4380 2023 4433 de
2048 4396 2301 4450 germana

740 4470 845 4524 lide
894 4468 1382 4524 conStitntionibus
1422 4476 1789 4522 consentanea
1839 4469 2100 4537 loquitur,
2154 4480 2209 4525 et
2260 4473 2306 4525 is

2406 3277 2575 3328 οῐεται
2604 3276 2715 3327 δεῖν
2745 3280 2995 3345 στέργειν
3051 3277 3151 3345 τὴν
3189 3276 3318 3346 παρ’
3346 3278 3555 3330 ἐκείνου
3593 3274 3959 3338 δικασθεῖσαν,

2406 3369 2480 3430 ὡς
2517 3369 2981 3438 ὲκδεδιῃτημὲνην
3018 3369 3106 3421 διὰ
3128 3369 3186 3421 τὸ
3210 3371 3414 3422 ἐκεῖνον
3440 3373 3671 3440 Παλαμᾷ
3707 3358 3962 3440 προσκεῖ-

2409 3460 2552 3523 σθαι,
2609 3460 2704 3513 καὶ
2753 3461 2851 3527 τὴν
2917 3459 3039 3524 ίσην
3088 3463 3143 3512 ὲν
3183 3463 3297 3522 τοῖς
3338 3461 3573 3531 δόγμασι
3633 3462 3965 3531 διαστροιεὴν

2406 3554 2666 3623 ᾑρῆσθαι.
2706 3554 2772 3604 "A
2812 3552 2936 3604 ἐπεὶ⁸
2959 3553 3166 3620 ἀνέγνω
3197 3553 3471 3622 βασιλεὺς,
3520 3549 3620 3623 ἧκε
3660 3555 3765 3623 γὰρ
3816 3555 3964 3622 αὐτῷ

2407 3646 2485 3706 είς
2511 3647 2721 3714 χεῖρας,
2763 3645 2891 3713 περὶ
2964 3642 3064 3711 μὲν
3115 3643 3213 3695 τοῦ
3273 3645 3442 3711 τόμου
3500 3645 3596 3712 τῆς
3640 3646 3967 3711 κατηγορίας

2405 3734 2594 3787 οὐδένα
2644 3732 2975 3800 ποιήσεσθαι
3009 3733 3167 3799 λόγον
3214 3728 3388 3799 εἶπεν,
3424 3734 3565 3803 ὑπὲρ
3598 3734 3791 3786 ἑαυτοῦ
3833 3737 3967 3786 ἁπο-

2404 3826 2681 3893 λογεῖσθαι
2711 3825 3013 3894 δυναμένου
3059 3826 3317 3893 μάλιστα.
3349 3826 3411 3878 Εἰ
3468 3828 3574 3895 γὰρ
3615 3826 3823 3877 ἐκείνου
3870 3828 3967 3892 τῆς

2402 3916 2694 3986 ὀρθότητος
2743 3918 2834 3969 καὶ
2881 3918 2979 3985 τῆς
3022 3917 3281 3986 ἀληθείας
3332 3916 3507 3987 σαφὴς
3567 3917 3840 3981 ἀπόδειξις
3909 3918 3968 3969 τὸ

2404 4011 2516 4071 τοῖς
2549 4009 2726 4076 ἁγίοις
2793 4010 3065 4077 σύμφωνα
3121 4010 3305 4077 λέγειν
3340 4009 3637 4076 θεολόγοις,
3694 4008 3793 4061 καὶ
3856 4012 3970 4070 τοῖς

2407 4100 2509 4152 ὐπὸ
2538 4099 2698 4153 θείων
2725 4100 2990 4170 πρότερον
3014 4099 3248 4152 συνόδων
3276 4100 3523 4169 περὶτῆς
3542 4099 3709 4168 ὀρθῆς
3734 4100 3971 4162 πίστεως

2407 4191 2843 4262 κεκυρωμένοις,
2878 4191 3039 4243 τοῦτο
3059 4191 3103 4244 δ’
3128 4191 3322 4259 ἐκείνῳ
3352 4191 3714 4253 σπουδάζεται
3746 4190 3974 4243 διαπανο

2404 4280 2515 4345 τὸς,
2545 4282 2637 4332 καὶ
2657 4280 2857 4349 πολλὴν
2881 4280 3071 4332 τούτου
3094 4280 3187 4333 τοῦ
3215 4280 3415 4350 μέρους
3434 4281 3689 4350 πρόνοιαν
3711 4284 3970 4343 ποιεῖται,

2407 4372 2603 4442 ἑτέρας
2633 4356 2962 4436 ἀποδείξεως
2992 4373 3092 4425 οὐκ
3127 4372 3193 4425 ἂν
3218 4372 3434 4442 δεηθείη
3461 4373 3588 4443 περὶ
3624 4372 3851 4436 ἑαυτοῦ,
3877 4375 3976 4441 τῆς

2410 4468 2723 4534 προσούσης
2758 4466 3121 4535 ἐξαρκούσης.
3158 4466 3485 4534 Ἀξιόχρεως
3514 4465 3561 4517 δ’
3592 4464 3658 4517 ἂν
3698 4465 3808 4532 εἴη,
3833 4467 3927 4518 καὶ
3949 4468 3976 4517 ό

738 4564 853 4618 haec
881 4577 1095 4630 semper
1127 4560 1332 4623 studet,
1367 4560 1529 4628 eique
1567 4560 1646 4613 rei
1692 4558 1982 4625 diligenter
2013 4563 2298 4631 prospicit.
2339 4545 2380 4599 ί)

2339 4545 2380 4599 Ι)
2411 4557 2735 4625 κατηγορῶν
2758 4558 2938 4620 αὐτὸς,
2971 4559 3028 4608 ιν
3056 4555 3238 4617 ἄλλοις
3271 4554 3437 4609 αὐτοῦ
3478 4557 3878 4625 συγγράμμασι
3909 4556 3976 4606 τὰ

736 4654 839 4707 alia
855 4651 1176 4722 probatione
1192 4666 1328 4718 Opus
1351 4666 1454 4703 non
1476 4658 1579 4715 est,
1600 4666 1723 4705 eum
1745 4652 1831 4705 illa
1855 4652 2105 4716 snllieiat,
2131 4672 2293 4724 quam

736 4745 1069 4814 suppeditat.
1097 4742 1240 4807 Quin
1289 4751 1345 4795 et
1395 4741 1509 4809 ipse
1547 4752 1831 4795 accusator
1864 4743 2020 4797 testis
2066 4746 2302 4799 idoneus

741 4838 926 4900 fuerit,
978 4834 1071 4903 qui
1125 4835 1178 4887 in
1219 4833 1342 4887 aliis
1392 4834 1610 4901 scriptis
1662 4833 1775 4887 suis
1816 4850 1981 4902 prava
2036 4837 2302 4891 Barlaami

740 4930 993 4999 dogmata
1048 4926 1326 4980 liberrime
1392 4926 1686 4993 vituperat,
1744 4928 1962 4995 quando
2026 4938 2298 4981 mortuum

739 5013 1118 5070 Andronicum
1158 5011 1428 5081 iuniorem
1459 5012 1765 5067 lamentans
1789 5014 1923 5083 (15),
1949 5016 2091 5069 inter
2106 5027 2302 5071 caetera

738 5106 988 5162 encomia
1044 5106 1122 5158 sic
1175 5103 1436 5173 praedicat
1468 5121 1480 5156 :
1512 5103 1663 5157 Sacri
1727 5104 1977 5159 Ecclesiae
2012 5106 2294 5175 praesides,

739 5198 1009 5260 fervidum
1055 5204 1373 5259 amatorem,
1431 5204 1485 5248 et
1528 5203 1762 5249 tutorem
1803 5197 2153 5267 dogmatum;
2200 5202 2294 5267 qui

742 5281 797 5341 in
835 5288 1118 5341 montibus
1189 5293 1245 5341 et
1296 5285 1598 5352 speluncis;
1629 5285 1907 5351 habitatis,
1958 5299 2154 5342 vestra:
2201 5290 2311 5343 cla-

742 5379 998 5433 ritudinis
1046 5386 1101 5432 et
1121 5376 1306 5445 gloriae
1323 5376 1664 5431 defensorem
1714 5393 1776 5431 ac
1800 5388 2259 5448 propugnatorem
2288 5397 2303 5444 ;

742 5486 1024 5527 sacrorum
1062 5468 1518 5524 monasteriorum
1570 5468 1964 5533 moderatores,
2006 5472 2173 5525 vestri
2227 5486 2314 5525 ro-

2405 4649 2669 4716 Βαρλαέιμ
2729 4648 3049 4718 διεφθορότα
3098 4648 3341 4716 δόγματα
3398 4647 3662 4712 κακίζων,
3691 4647 3787 4699 καὶ
3847 4648 3976 4715 ὅλην

2405 4741 2653 4808 γλῶτταν
2683 4740 2961 4808 ἐπαφιεὶς,
3016 4740 3177 4809 ἡνίκα
3202 4740 3431 4807 βασιλέα
3461 4740 3553 4792 τὸν
3583 4740 3703 4791 νέον
3752 4740 3976 4809 Ἀνδρό-

2407 4847 2555 4882 νικον
2612 4828 3066 4898 τετελευτηκότα]
3113 4828 3388 4898 μονῳδῶν,
3445 4827 3582 4896 πρὸς
3632 4829 3747 4889 τοῖς
3793 4828 3976 4892 ἄλλοις

2408 4921 2705 4989 ἐγκωμίοις
2739 4920 2843 4973 καὶ
2875 4921 3033 4972 τοῦτο
3082 4920 3350 4972 τέθεικενο
3389 4918 3800 4986 ΟἱἘκκλησίας
3844 4919 3979 4988 ἱεροὶ

2409 5017 2744 5081 προστάται,
2802 5014 3078 5084 ζητήσατε
3131 5014 3223 5066 τὸν
3272 5012 3537 5082 διάπυρον
3601 5013 3972 5078 σπουδαστὴν,

2409 5106 2502 5155 καὶ
2557 5105 2899 5173 συλλήπτορα
2932 5106 3040 5157 τῶν
3073 5105 3361 5173 δογμάτων
3395 5120 3409 5136 ο
3472 5104 3523 5155 ol
3576 5101 3826 5171 ἆννδρεσι
3882 5104 3976 5155 καὶ⁵

2414 5196 2725 5266 σπηλαίοις,
2754 5198 2847 5249 τὸν
2883 5196 3151 5266 πρόϐολον
3197 5198 3290 5248 καὶ
3316 5195 3693 5265 προασπιστὴν
3718 5193 3818 5262 τῆς
3840 5194 3976 5262 ὑμε-

2412 5290 2577 5357 τέρας
2618 5288 2873 5350 εὐκλείας
2906 5291 2998 5339 καὶ
3034 5287 3212 5356 δόξης.
3249 5288 3312 5339 Οἱ
3372 5287 3483 5339 τῶν
3510 5286 3670 5339 θείων
3728 5288 3979 5354 ἁσκητη-

2415 5383 2545 5449 ρίων
2568 5381 2861 5449 ἡγήτορες,
2894 5380 2993 5449 τὴν
3018 5380 3119 5448 τῆς
3141 5380 3413 5448 ὑμετέρας
3444 5378 3626 5448 ίσχύος
3650 5378 3975 5447 ἀκρόπολιν.

2420 5462 2718 5540 Μνήσθητε
2757 5472 2884 5533 τοὺς
2950 5471 3088 5541 ὑπὲρ
3148 5470 3301 5540 ὑμῶν
3349 5468 3696 5532 τελευταίους
3760 5470 3999 5536 ἀγῶνας

2004 5607 2217 5667 Jacobi
2248 5604 2508 5666 Pontani
2546 5614 2727 5667 notes.

821 5712 930 5768 (lli
963 5711 1081 5765 Non
1112 5717 1328 5788 exstant
1360 5710 1478 5763 lucc
1502 5709 1706 5779 scripta
1727 5710 2000 5778 Gregorae,
2030 5717 2085 5788 et
2108 5706 2305 5763 Canta-

750 5797 1012 5833 (‘ll'll‘lllllll
1047 5782 1201 5834 valde
1230 5788 1669 5841 eommoverunt,‘
1696 5789 1755 5832 ut
1781 5794 1867 5833 res
1896 5794 2021 5830 suas
2050 5782 2184 5844 ipse,
2222 5789 2303 5832 ut-

752 5862 877 5921 pote
919 5852 1121 5915 verius,
1152 5852 1444 5915 sincerius,
1476 5850 1917 5919 exploratiusque
1950 5849 2228 5903 scriberet.

2492 5708 2604 5773 (lii)
2638 5707 2812 5777 Legat
2844 5707 2938 5776 qui
2972 5707 3227 5771 voluerit,
3262 5706 3435 5760 exstat
3464 5704 3610 5759 enim
3643 5704 3751 5777 lib._
3772 5721 3837 5760 x:
3874 5705 3985 5759 Nos

2413 5793 2534 5830 vero
2557 5775 2801 5830 victorias
2822 5775 3157 5839 cantaturos,
3186 5787 3233 5829 ct
3260 5777 3474 5830 laudum
3490 5775 3783 5847 spectacula
3802 5793 3985 5829 sacra-

2417 5848 2609 5901 tissimi
2650 5850 3001 5915 imperatoris,
3035 5858 3141 5902 etc.
