4218 6446
239 356 342 421 189

1365 369 1903 430 HISTORIARUM
1944 372 2169 436 LIBER
2214 377 2314 440 IV.

3396 383 3499 448 I90

233 470 427 533 αυτοῦ,
455 470 571 534 πῶς
600 474 975 542 πεπονηκότος
1005 474 1105 545 ἤδη
1137 475 1395 542 καθάπαξ
1424 478 1519 531 τοῦ
1552 479 1789 549 σώματος

1914 481 2067 538 boris
2097 501 2280 541 arcem
2311 487 2645 544 desiderate.
2675 488 3008 544 Mementote
3056 504 3348 560 supremos
3377 494 3497 565 ejus

232 561 297 611 ἐκ
336 579 394 614 τε
433 563 541 615 τῶν
581 564 896 632 πολεμικῶν
956 566 1312 636 τραυμάτων,
1350 570 1413 621 εκ
1465 587 1525 622 τε
1558 571 1666 623 τῶν
1719 572 1806 624 ία-

231 655 449 722 τρικῶν
508 657 824 726 καυτήρων.
880 658 993 711 Καὶ
1048 660 1188 730 πρὸς
1241 661 1474 715 θάνατον
1551 663 1806 717 ἐντεῦθεν

229 744 614 810 ἐλαυνόμενος,
664 748 1044 819 κατεφρόνησέ
1070 767 1127 803 τε
1156 751 1251 803 τοῦ
1277 752 1548 822 σώματος,
1582 756 1675 808 καὶ
1702 754 1805 823 τῆς

227 835 428 888 ἑαυτοῦ
459 836 606 907 ζωῆς
657 840 981 910 ἀφειδήσας,
1027 843 1328 912 προθύμως
1372 848 1464 898 ἐπὶ
1511 849 1573 899 τὸ
1627 848 1800 918 βῆμα,

225 925 323 975 καὶ
364 927 487 987 τοὺς
532 929 857 997 ἱεροφάντας
886 924 1011 1001 ἧκε,
1049 934 1145 987 καὶ
1190 935 1252 986 οὐ
1292 936 1560 1005 πρότερον
1592 938 1803 989 ἐκεῖθεν

223 1012 531 1081 ἀπήλλαξε,
599 1018 729 1085 πρὶν
790 1020 919 1082 τοὺς
986 1020 1142 1089 ὑμῶν
1216 1024 1501 1091 ὑϐριστὰς,
1576 1027 1668 1079 καὶ
1730 1027 1801 1079 τά

222 1103 457 1157 ἐκείνων
517 1108 842 1179 διεφθορότα
889 1110 1158 1181 δόγματα,
1214 1116 1312 1169 καὶ
1382 1117 1799 1187 παρέγγραπτα

116 1248 123 1252 ⁴
222 1195 322 1263 τῆς
340 1196 666 1266 Ἑκκλησίας
707 1204 944 1269 ναυάγια
1002 1207 1292 1276 συντρῖψαι
1353 1226 1436 1274 τε,
1501 1210 1599 1262 καὶ
1655 1210 1800 1273 ὅλοις

222 1288 409 1343 δοῦναι
439 1292 646 1359 φθορᾶς
671 1296 766 1347 καὶ
817 1297 1098 1362 ἀπωλείας
1151 1300 1334 1369 βυθοῖς
1367 1318 1425 1354 τε
1446 1302 1538 1355 καὶ
1564 1302 1793 1371 κύμασι.

222 1381 471 1437 Τοιαῦτα
525 1387 623 1439 καὶ
676 1388 841 1451 αὑτὸς
881 1392 1011 1460 πρὶν
1063 1392 1433 1463 διαφθαρῆναι
1487 1396 1587 1458 τὰς
1636 1395 1793 1460 δόξας

222 1467 341 1543 εἶχε
378 1477 506 1544 περὶ
543 1477 656 1530 τῶν
687 1480 996 1545 δογμάτων.
1033 1485 1108 1536 Οὑ
1142 1487 1252 1554 γὰρ
1286 1486 1439 1539 ἐστιν
1486 1489 1685 1551 εἰπεῖν,
1721 1491 1794 1552 ὡς

219 1563 387 1634 ἕτερα
429 1568 524 1635 μὲν
553 1563 692 1638 ἦσαν
725 1563 801 1622 ὧν
832 1574 1086 1638 κατέγνω
1124 1574 1378 1642 βασιλεὺς
1412 1579 1672 1642 δικάζων,
1704 1579 1797 1632 καὶ

217 1654 525 1726 διαφθορὰν
557 1661 997 1729 κατεψηφίσατο.
1022 1666 1117 1718 καὶ
1152 1684 1225 1718 πα
1237 1669 1517 1739 ρατροπὴν
1540 1670 1636 1738 τῆς
1660 1671 1793 1739 ἀλη-

219 1745 374 1810 θείας
396 1764 413 1781 ο
446 1749 609 1817 ἕτερα
639 1752 682 1802 δ’
714 1756 739 1805 ὁ
774 1755 860 1805 ἐπ’
890 1757 1028 1825 ἐμοῦ
1060 1764 1432 1829 γεγενημένος
1465 1764 1629 1831 τόμος
1668 1765 1793 1832 ἐξή-

1917 588 2018 642 pro
2054 576 2210 630 vobis
2242 592 2466 643 agones,
2500 580 2779 647 quomodo
2804 580 3095 636 debllitato
3135 585 3247 652 jam
3280 586 3501 653 penitus

1918 673 2035 719 toto
2064 682 2295 736 corpore
2324 668 2620 724 hostilibus
2656 668 3002 736 vulneribus,
3040 672 3497 744 medicorumque

1913 757 2245 825 ustionibus,
2274 769 2329 814 et
2371 760 2497 815 inde
2546 760 2611 813 ad
2651 770 2881 815 mortem
2931 762 3211 826 tendente,
3253 778 3315 816 se
3365 779 3497 817 con-

1914 851 2221 918 tempserit,
2257 852 2491 921 vitaeque
2541 852 2686 906 haud
2740 853 3070 920 pepercerit,
3121 854 3382 908 alacriter
3429 857 3496 909 ad

1912 943 2149 997 tribunal
2185 953 2240 998 et
2275 959 2554 999 sacrorum
2590 944 2868 999 antistites
2889 950 3100 1002 venerit
3131 986 3146 1009 .
3194 963 3297 1003 nec
3343 949 3498 1016 prius

1910 1036 2037 1090 inde
2070 1036 2294 1103 abierit,
2325 1052 2490 1106 quam
2540 1040 2907 1093 insectatores
2940 1048 3173 1101 vestros.
3204 1050 3262 1095 et
3291 1041 3495 1110 depra-

1906 1139 2031 1183 vata
2064 1129 2283 1183 illorum
2334 1130 2610 1200 dogmata,
2662 1141 2719 1188 et
2775 1133 2999 1187 inducta
3032 1132 3293 1188 Ecclesia
3361 1148 3498 1187 nau-

1906 1219 2075 1288 fragia
2136 1221 2496 1284 contriverit,
2541 1230 2595 1276 et
2657 1222 2782 1278 imis
2837 1224 3169 1293 perditionis
3226 1226 3495 1294 exiliique

1906 1310 2169 1365 ﬂuctibus
2238 1312 2473 1366 dederit.
2532 1313 2699 1383 803
2761 1314 2911 1370 Talis
2968 1317 3101 1370 item
3172 1316 3295 1385 ejus
3356 1315 3490 1379 fuit,

1906 1403 2228 1472 priusquam
2281 1413 2716 1472 perverteretur,
2750 1405 2818 1459 de
2873 1405 3146 1475 dogmatis
3197 1408 3492 1462 sententia.

1904 1494 2023 1548 Non
2060 1494 2207 1549 enim
2234 1494 2343 1549 dici
2370 1503 2574 1565 potest,
2603 1497 2709 1552 alia
2736 1497 2929 1565 fuisse,
2976 1514 3098 1566 quae
3122 1500 3333 1569 judicio
3367 1515 3491 1564 suo,

1908 1593 1965 1637 ut
1996 1584 2445 1653 depravationem
2480 1601 2543 1641 ac
2566 1588 2867 1655 perniciem
2908 1589 3181 1651 veritatis,
3226 1590 3490 1644 condem-

1906 1674 2052 1730 navit
2086 1674 2382 1743 imperator
2406 1693 2421 1730 :
2446 1676 2552 1729 alia
2577 1686 2785 1731 tomum
2811 1679 2912 1733 sub
2935 1694 3022 1733 me
3045 1679 3356 1734 confectum
3379 1680 3489 1750 (l6)

1904 1782 1968 1821 cx
2030 1767 2276 1820 Ecclesia
2338 1768 2660 1822 exturbasse
2715 1771 3002 1835 (adversus
3054 1788 3218 1840 quem
3273 1782 3489 1826 tomum

216 1837 350 1889 λασι⁹
404 1841 874 1913 τῆςἘκκλησίας,
917 1849 1041 1901 καθ’
1087 1844 1148 1903 οὗ
1179 1853 1276 1919 τὴν
1308 1853 1631 1922 θαυμαστὴν
1671 1861 1769 1909 ἐπε

1901 1858 2099 1911 mirum
2131 1866 2215 1911 est
2240 1868 2503 1925 quantum
2560 1831 2729 1913 studii
2765 1831 3138 1932 adhibuerit),
3172 1864 3266 1919 sed
3297 1865 3489 1919 eadem

216 1928 434 1994 δέξατο
463 1936 720 2004 σπουδὴν.
750 1937 885 1991 ἀλλά
910 1942 1082 1995 ταυτά
1111 1946 1473 1999 παντάπασιν.
1522 1948 1795 2013 Ὡσαύτως

215 2021 271 2072 δὲ
298 2024 397 2074 καὶ
438 2029 570 2095 περὶ
603 2028 712 2080 τῶν
734 2031 971 2103 ἐν.¹’Δθῳ
1001 2035 1176 2101 ἁγίων
1215 2034 1288 2090 ὧν
1320 2042 1490 2106 μέθας
1515 2045 1607 2094 καὶ
1635 2044 1794 2112 ἀδδη-

216 2116 422 2182 φαγίας
450 2120 874 2186 καταψεύδεται,
898 2125 993 2178 τοῦ
1026 2128 1142 2194 βίου
1174 2128 1558 2200 λαμπρότερον
1589 2137 1792 2198 παντὸς

215 2208 397 2273 φωτός
438 2209 536 2278 τὴν
586 2213 815 2266 ἐκείνων
859 2218 1086 2288 ἀρετὴν,
1135 2222 1229 2273 καὶ
1283 2224 1599 2295 οἰκειότητα
1654 2228 1792 2297 πρὸς

212 2299 349 2352 Θεὸν
386 2300 668 2367 ποιοῦντος
724 2308 953 2378 ἐναργῆ.
1013 2310 1279 2366 Τοσοῦτον
1325 2316 1435 2387 γὰρ
1486 2317 1792 2388 ἀπέσχοντο

214 2394 388 2464 μέθης
416 2399 511 2449 καὶ
541 2400 856 2471 κραιπάλης
889 2401 978 2455 διὰ
1010 2403 1151 2472 βίου,
1182 2406 1308 2459 ὅσον
1339 2410 1602 2478 ἀληθείας
1629 2415 1656 2465 ὁ
1684 2429 1790 2466 καο

208 2490 481 2559 τηγορῶν.
543 2490 803 2561 Ἕλληνες
865 2496 963 2562 μὲν
1017 2494 1109 2550 οὖν
1193 2517 1357 2568 φασιν
1432 2503 1489 2554 ὲν
1549 2503 1784 2571 μύθοις,

215 2579 494 2634 ’Δτλαντά
518 2599 640 2635 τινα
662 2583 773 2636 τῶν
794 2586 933 2653 μετά
963 2589 1175 2657 Κρόνου
1198 2591 1336 2644 θεῶν
1365 2593 1787 2663 καθῃρημένων,

211 2670 424 2741 ταύτην
450 2673 556 2725 ὑπὸ
589 2674 698 2727 τῶν
726 2676 1017 2744 ἀρξάντων
1037 2683 1136 2749 τὴν
1169 2682 1325 2754 δίκην
1376 2686 1787 2756 κατεψηφίσθαι

208 2763 337 2827 τοὺς
360 2768 460 2834 τῆς
481 2767 584 2834 γῆς
606 2767 819 2837 ἀνέχειν
844 2771 1052 2835 χιόνας,
1098 2774 1173 2836 ὡς
1200 2775 1263 2829 ἂν
1289 2778 1530 2841 πιέζοιτο
1547 2782 1787 2852 τοσούτῳ

210 2854 398 2923 βάρει.
444 2856 585 2921 Ἐγὼ
614 2856 671 2908 δὲ
708 2859 934 2923 τούτους
974 2864 1142 2932 φαίην
1173 2865 1238 2918 ἂν
1279 2867 1375 2918 καὶ
1405 2869 1501 2936 τῆς
1526 2869 1786 2939 ἀληθείας

212 2946 345 3014 ἐμοὶ
373 2948 905 3017 συμμαρτυρούσης,
924 2953 1131 3023 ταύτην
1152 2954 1251 3023 τὴν
1274 2957 1440 3027 τιμὴν
1457 2958 1666 3028 λαχεῖν,
1690 2960 1785 3013 τοῦ

208 3036 330 3106 βίου
361 3039 464 3105 τῆς
497 3039 699 3108 πολλῆς
754 3043 1075 3112 φιλοσοφίας
1143 3047 1305 3101 ἕνεκα
1337 3051 1490 3119 παρὰ
1523 3051 1687 3113 Θεοῦ,
1724 3054 1785 3105 τὸ

1900 1947 2265 2016 penitissime.
2294 1948 2437 2003 Idem
2472 1958 2523 2003 ct
2551 1949 2618 2005 de
2649 1953 2857 2007 sanctis
2886 1954 2938 2007 in
2982 1965 3167 2009 monte
3215 1955 3361 2009 Atho
3387 1956 3488 2009 ba-

1901 2038 2164 2100 bendum,
2198 2054 2337 2108 quos
2370 2042 2704 2098 temulentia:
2744 2060 2808 2098 ac
2854 2048 3067 2100 ventris
3107 2049 3241 2101 vitio
3271 2048 3488 2102 deditos

1894 2131 2155 2197 mentius,
2194 2133 2414 2201 quando
2435 2133 2545 2188 vita
2609 2146 2665 2189 et
2704 2152 2886 2191 mores
2921 2138 3068 2191 omni
3121 2138 3244 2194 luce
3278 2140 3484 2195 clarius

1897 2223 2120 2277 illorum
2149 2223 2410 2277 virtutem
2458 2234 2511 2277 et
2544 2241 2670 2279 cum
2715 2226 2826 2282 Deo
2857 2228 3304 2298 conjunctionem
3350 2244 3485 2299 pro-

1894 2314 2051 2369 dunt.
2087 2313 2321 2369 Tantum
2352 2315 2499 2369 enim
2534 2331 2753 2387 semper
2774 2333 2805 2371 a
2830 2319 3133 2372 vinolentia
3169 2329 3225 2375 et
3251 2320 3482 2388 crapula

1893 2407 2211 2467 abluerunt,
2272 2416 2536 2473 quantum
2602 2416 2892 2462 accusator
2941 2410 3254 2464 averitate.
3305 2409 3481 2464 (ἔπειτθί

1892 2500 2209 2555 fabulantur
2256 2500 2530 2554 Atlantem
2560 2500 2879 2571 quemdam,
2925 2500 3033 2555 diis
3054 2517 3180 2556 cum
3241 2500 3481 2556 Saturno

1888 2602 2031 2657 cmlo
2066 2602 2238 2671 pulsis
2269 2602 2406 2669 (l7),
2443 2602 2543 2657 hac
2576 2619 2735 2673 pruna
2765 2620 2792 2657 a
2819 2603 3165 2674 principibus
3199 2606 3476 2674 punitum,

1891 2703 1953 2749 ut
2005 2704 2164 2747 terra
2211 2693 2496 2747 columnas
2529 2695 2850 2760 sustineret,
2879 2705 3044 2766 atque
3098 2698 3171 2752 ita
3218 2698 3479 2766 ponderis

1889 2786 2142 2840 vastitate
2177 2795 2542 2854 premeretur.
2571 2786 2735 2856 Atqui
2772 2802 2896 2858 ego,
2939 2789 3169 2843 veritate
3207 2789 3341 2842 mihi
3391 2801 3480 2842 at-

1891 2887 2147 2939 testante.
2206 2879 2371 2932 hosce
2425 2879 2677 2933 homines
2733 2880 2844 2934 vita
2904 2882 3115 2949 puriter
3174 2882 3477 2936 admodum

1888 2970 2103 3039 agenda
2140 2970 2287 3025 hunc
2317 2971 2583 3025 honorem
2611 2987 2640 3025 a
2685 2971 2794 3025 Deo
2831 2974 3093 3041 consequi
3128 2971 3384 3035 dixerim,
3418 2979 3480 3025 ut

1890 3071 2158 3114 terrarum
2189 3061 2403 3123 orbem,
2437 3063 2558 3129 ejus
2587 3077 2790 3115 numen
2829 3062 3091 3129 precibus
3137 3062 3211 3114 illi
3261 3062 3477 3129 placan-

208 3128 309 3197 τὴν
343 3129 449 3198 γῆν
474 3130 708 3200 ἀνέχειν,
742 3134 928 3202 εὐχαῖς
961 3137 1304 3206 ἱλεουμένους
1354 3144 1492 3213 αὐτῇ
1525 3144 1581 3196 τὸ
1609 3146 1784 3201 Θείον.

1898 3163 1998 3213 tes,
2041 3151 2269 3207 fulciant
2297 3166 2359 3205 ac
2424 3128 2757 3207 sustentem.
2797 3153 2877 3207 Me
2929 3165 3135 3218 autem,
3173 3153 3474 3207 etiamnum

213 3222 339 3275 Ὀτι
380 3222 425 3275 δ’
458 3224 621 3287 αὐτὸς
683 3226 742 3279 ὲν
767 3229 956 3291 αὐτοῖς
1005 3231 1320 3301 γενόμενος,
1378 3235 1455 3288 ἔτι
1517 3236 1784 3306 βασιλέως

208 3314 516 3384 περιόντος,
558 3318 690 3385 περὶ
728 3319 825 3388 τῆς
893 3318 1181 3391 Ῥωμαίων
1242 3325 1521 3394 βασιλείας
1572 3349 1785 3403 προφη-

206 3406 387 3458 τεύειν
441 3406 690 3476 ἐδεόμην,
728 3411 775 3460 εἰ
804 3410 923 3479 ἥξει
956 3414 1092 3481 πρὸς
1121 3414 1244 3483 ἐμὲ,
1276 3416 1527 3484 ψεύδεται
1568 3422 1780 3487 σαφῶς.

207 3495 317 3548 Καὶ
351 3496 539 3549 τούτου
596 3514 658 3565 γε
712 3499 987 3567 ἀπόδειξις
1047 3506 1441 3578 ὲναργεστάτη,
1476 3510 1574 3579 οὐχ
1619 3508 1783 3584 ἦττον

216 3589 318 3656 μὲν
349 3588 446 3640 καὶ
480 3590 626 3644 τοῦτ’
656 3592 787 3644 αὐτὸ
831 3593 891 3645 τὸ
924 3597 1129 3649 ἐκεῖνον
1177 3598 1407 3654 τοιαῦτα
1442 3603 1625 3671 λέγειν
1650 3606 1787 3673 ψευ-

209 3679 463 3749 δόμενον,
494 3680 569 3744 ὡς
599 3683 666 3735 τὰ
694 3684 865 3737 πολλά
911 3687 1005 3738 καὶ
1054 3689 1181 3758 περὶ
1231 3692 1424 3755 τᾶλλα,
1481 3694 1673 3767 ὥσπερ
1720 3698 1785 3770 δὴ

210 3773 306 3825 καὶ
338 3773 467 3841 περὶ
497 3771 688 3827 τοῦτο·
750 3776 986 3845 μάλιστα
1042 3779 1099 3832 δὲ
1150 3782 1244 3833 καὶ
1283 3785 1456 3838 Ἀννα
1497 3788 1529 3856 ὴ
1576 3788 1786 3857 βασιλὶς

207 3865 423 3936 τάληθῆ
458 3871 953 3938 συμμαρτυρήσειε
1010 3871 1229 3926 πάντων
1276 3877 1515 3943 μάλιστα
1560 3881 1684 3947 ἐμοὶ
1716 3883 1787 3935 τὰ

205 3958 439 4012 τοιαῦτα.
472 3961 766 4015 συνειδυῖα.
809 3964 921 4034 Οὐχ
954 3961 1117 4036 ἦττον
1167 3968 1276 4037 γὰρ
1334 3970 1366 4039 ἧ
1405 3970 1663 4039 βασιλεὺς
1693 3978 1787 4029 καὶ

206 4050 347 4119 αὑτὴ
400 4051 525 4103 τότε
578 4050 675 4104 τοῦ
730 4054 800 4106 τὰ
846 4054 1249 4126 βεϐουλευμένα
1305 4060 1640 4130 ὑπερθέσθαι
1694 4081 1786 4134 μοι

205 4140 430 4207 ἐγένετο
461 4142 763 4211 αίτιωτάτη
790 4157 805 4173 ⁶
829 4143 889 4197 οὺ
919 4144 1028 4216 γὰρ
1060 4145 1249 4217 ὥσπερ
1276 4149 1486 4214 ἐκεῖνος
1520 4152 1787 4222 κατεψεὺο

208 4247 365 4293 σατο,
409 4232 501 4283 ἐπὶ
527 4233 864 4303 προφητείας
902 4230 1040 4307 ἧκον
1069 4238 1177 4306 ἐγὼ
1205 4241 1323 4291 τότε
1358 4243 1450 4294 καὶ
1480 4244 1786 4313 μελλόντων

204 4321 515 4386 ἀποϐάσεις
547 4324 639 4375 ἰπὶ
668 4326 794 4387 τοὺς
834 4328 892 4379 ὲν
955 4329 1109 4392 Ἀθῳ
1144 4331 1415 4400 μοναχούς
1444 4349 1457 4362 ’
1506 4334 1642 4388 ἀλλὰ
1680 4338 1786 4405 μά·

205 4414 367 4465 λιστα
407 4414 508 4483 μὶν
554 4415 879 4486 δεησόμενος
917 4421 1139 4472 ἐκείνων
1174 4422 1315 4492 ὑπὲρ
1366 4423 1466 4492 τῆς
1521 4425 1786 4495 βασιλέως

1888 3246 2014 3297 vivo
2044 3243 2362 3297 Andronico
2412 3243 2761 3311 imperatore,
2796 3245 2860 3297 ad
2908 3260 3003 3298 eos
3050 3244 3375 3312 profectum,
3407 3244 3474 3299 de

1889 3334 2119 3403 imperio
2151 3335 2420 3394 Romano.
2454 3343 2513 3387 ut
2564 3334 2699 3387 mihi
2730 3335 3184 3398 vaticinarentur,
3232 3350 3470 3403 rogasse,

1891 3424 2091 3493 ecquid
2132 3424 2199 3477 ad
2236 3439 2321 3477 me
2370 3435 2665 3477 venturum
2714 3434 2882 3486 esset,
2917 3435 3105 3493 aperte
3158 3425 3420 3479 mentitur
3455 3441 3471 3477 ι

1887 3531 2053 3586 quem
2100 3515 2202 3568 hoc
2238 3514 2415 3583 ipsum
2448 3514 2671 3567 mentiri
2719 3516 3028 3569 certissima
3081 3515 3169 3569 illa
3223 3516 3475 3584 probatio

1887 3615 1993 3667 est.
2025 3607 2173 3675 quod
2209 3606 2369 3660 toties
2406 3606 2573 3661 etiam
2624 3607 2677 3660 in
2725 3607 2848 3660 aliis
2898 3607 3118 3662 mentiri
3161 3610 3474 3661 consuevit.

1888 3700 1946 3754 lu
1980 3698 2173 3766 primis
2203 3705 2385 3751 autem
2418 3707 2477 3754 et
2504 3698 2658 3752 Anna
2717 3698 3060 3766 imperatrix.
3114 3712 3306 3753 eorum
3354 3713 3476 3753 om-

1890 3788 2043 3843 nium
2078 3788 2214 3843 mihi
2245 3789 2492 3854 conscia,
2523 3790 2740 3844 veritati
2773 3789 3149 3845 testimonium
3174 3790 3476 3860 impertiet.

1889 3881 2008 3936 Non
2040 3881 2188 3934 enim
2224 3882 2408 3935 minus
2436 3882 2527 3934 illa
2561 3895 2671 3944 tne,
2699 3895 2864 3950 quam
2904 3880 3206 3950 imperator
3230 3896 3477 3936 commo-

1887 3973 1990 4035 vit,
2026 3983 2086 4027 ut
2111 3973 2413 4027 deliberata
2436 3972 2490 4026 in
2532 3972 2681 4026 aliud
2734 3982 2952 4040 tempus
3007 3973 3317 4028 diﬂ‘errem.
3352 3975 3474 4029 Non

1888 4079 2010 4131 ego,
2060 4073 2119 4117 ut
2165 4064 2255 4117 ille
2308 4063 2544 4117 mendax
2599 4064 2695 4126 ait,
2752 4072 2883 4116 tunc
2938 4062 3005 4117 ad
3063 4064 3370 4119 monachos
3420 4066 3476 4121 in

1888 4153 2030 4208 Atho
2067 4162 2253 4207 monte
2278 4152 2524 4217 discessi,
2553 4162 2614 4207 ut
2643 4152 2859 4206 futuros
2894 4161 3129 4206 eventus
3177 4167 3244 4206 ex
3277 4168 3475 4209 eorum

1888 4243 2343 4315 prazdictionibus
2369 4242 2630 4297 elicerem
2671 4259 2686 4295 :
2716 4241 2813 4297 sed
2859 4251 2986 4295 ante
3019 4242 3225 4304 omnia,
3261 4249 3323 4294 ut
3366 4243 3475 4295 im-

1891 4338 2163 4407 peratoris
2189 4335 2586 4396 valetudinem,
2613 4349 2719 4403 qua
2765 4334 2819 4387 in
2848 4333 2959 4387 vita
3010 4334 3147 4388 nihil
3200 4334 3474 4387 habebam

1892 4430 2089 4484 melius
2112 4443 2174 4482 ae
2198 4427 2516 4497 pretiosius.
2544 4441 2736 4480 eorum
2761 4427 2903 4480 votis
2929 4425 3297 4494 precibusque
3326 4440 3480 4479 com-

204 4504 447 4569 ὑγιείας,
475 4500 543 4575 ἦς
570 4506 726 4559 οὐδὲν
756 4509 879 4578 ἐμοὶ
904 4511 1133 4577 βέλτιον,
1184 4514 1308 4565 οὕτε
1344 4516 1676 4585 τιμιώτερον
1722 4521 1782 4572 ἐν

1896 4519 2238 4582 mendarem;
2260 4518 2484 4577 item,ut
2499 4514 2816 4570 earumdem
2836 4530 2937 4593 pro
2952 4530 3034 4568 me
3050 4515 3481 4582 supplicationes

204 4594 307 4664 βίῳ
345 4591 439 4665 ἦν.
478 4596 713 4651 Ἔπειτα
748 4602 841 4653 καὶ
879 4602 940 4652 τὸ
995 4601 1151 4655 Θεῖον
1196 4605 1354 4658 ἵλεων
1407 4608 1593 4675 εὐχαῖς
1657 4610 1783 4678 ἐμοὶ

1896 4620 2254 4679 mpetrarem,
2272 4607 2386 4676 qui,
2407 4606 2551 4676 quod
2576 4606 2736 4660 toties
2772 4605 2939 4659 Deum
2956 4605 3328 4670 oll‘endissem,
3356 4621 3481 4674 per-

204 4684 389 4734 ποιεῖν
422 4682 596 4736 πολλά
645 4689 1120 4756 προσκεκρουκότα.
1156 4690 1214 4741 ὲν
1273 4692 1348 4761 τῷ
1381 4693 1502 4763 βίῳ,
1559 4697 1652 4748 καὶ
1686 4697 1785 4767 τὴν

1896 4708 2221 4754 )etratorum
2274 4697 2567 4766 supplicia,
2600 4704 2722 4765 post
2768 4696 2976 4750 obitum
3009 4696 3207 4750 luenda
3233 4732 3252 4761 ,
3306 4694 3479 4764 perti-

202 4777 386 4829 ὲκιισε
441 4776 552 4828 τῶν
604 4778 790 4830 ινθάδε
823 4777 1172 4848 βεσιωμένων
1234 4783 1467 4853 εὐθύνην
1499 4785 1781 4843 δεδοικότι.

1898 4804 2204 4845 neseerem.
2227 4788 2306 4842 Ad
2328 4788 2444 4841 hinc
2463 4802 2586 4843 cum
2615 4787 2799 4841 animo
2823 4787 3061 4850 sederet,
3086 4795 3207 4856 post
3230 4786 3480 4839 humanm

203 4866 350 4936 Πρὸς
380 4866 600 4930 τούτοις
631 4869 685 4921 δὲ
711 4871 833 4921 ἐπεὶ
882 4873 1051 4924 ἐδόκει
1092 4874 1184 4925 καὶ
1216 4876 1323 4926 τῶν
1350 4878 1442 4928 τοῦ
1477 4877 1592 4945 βίου
1623 4878 1783 4948 θορύ-

1896 4880 2081 4946 ;loriae,
2102 4877 2399 4940 felicitatis,
2420 4892 2484 4931 ac
2538 4876 2861 4931 deliciarum
2888 4877 3196 4931 satietatem
3218 4891 3246 4928 a
3274 4875 3482 4928 tumul-

204 4953 321 5005 ὕων
355 4954 689 5023 ἀναχωρεῖν,
720 4958 800 5019 είς
846 4957 1006 5027 κόρον
1064 4959 1439 5013 ἀπολαύσειντι
1477 4965 1568 5016 καὶ
1623 4966 1783 5037 δόξης

1896 4972 2039 5029 tibus
2061 4970 2339 5036 recedere,
2358 4977 2616 5040 praestare
2637 4968 2943 5039 cogitabam
2965 4969 3128 5024 alicui
3147 4968 3478 5023 monastario

1475 5075 1690 5138 Jacobi
1726 5080 1991 5144 Pontani
2028 5091 2216 5144 notae.

549 5164 869 5255 ἰείη-τέρψει,
892 5168 1064 5255 hujus
1088 5171 1329 5226 historiae
1354 5178 1796 5255 parentemCan-
1899 5252 1910 5255 _
1974 5186 2086 5255 (l7)
2118 5183 2530 5255 llancfabulam
2563 5202 2829 5255 nusquam
2867 5186 2990 5248 legi.
3026 5185 3175 5240 Atlas
3203 5196 3286 5241 est
3319 5203 3477 5245 mons

205 5243 909 5326 tacthenum‘ipsissimum
957 5253 1103 5326 esse,
1160 5257 1285 5323 cum
1319 5243 1529 5326 oblitus
1565 5250 1647 5302 sui
1682 5252 1793 5317 pri-
1897 5252 1953 5326 in
1994 5243 2342 5326 Mauritania,
2400 5255 2560 5323 cujus
2614 5243 2800 5309 vertex
2849 5243 3076 5326 propter
3124 5243 3472 5326 altitudinem

210 5317 916 5394 prgam—personamiponat.
951 5311 1046 5394 su'b
1070 5327 1195 5394 .me,
1233 5313 1434 5381 inquit,
1477 5314 1529 5369 id
1563 5311 1792 5381 estfme
1891 5311 2649 5394 videturctelum'attingere.
2680 5326 2745 5378 Et
2776 5311 3028 5393 quoniam
3067 5325 3233 5389 Atlas,
3266 5328 3359 5393 qui
3392 5311 3473 5382 ibi

210 5379 950 5464 imperatores?preside.
1002 5379 1428 5464 Infra‘rumrsum,
1479 5401 1561 5464 me
1588 5379 1789 5464 autem,
1894 5393 2362 5464 regnavit,rernm
2383 5379 3471 5464 astronomicarumfuitstudios'issimus,

205 5443 654 5527 etcaaliqu‘oties
680 5443 777 5514 per
810 5457 992 5527 toturn
1017 5460 1201 5527 caput:
1239 5443 1441 5506 Tamen
1490 5455 1544 5508 in
1582 5455 1688 5513 line
1720 5443 1788 5513 ad
1891 5443 2060 5515 da‘t’n—s
2103 5443 3471 5527 é’i‘sim‘i’iiiéiiih'é'inﬁmi;Tanais;

205 5512 705 5595 diuiitttllationem
736 5520 900 5595 redit,
942 5512 1150 5595 dicetis,
1187 5520 1303 5575 haec
1341 5512 1788 5595 proise_respon-i

206 5580 360 5662 disse
386 5579 1037 5662 Qantacuzenum,_lectis
1063 5579 1322 5662 Gregora‘.
1341 5579 1573 5662 scriptis
1602 5579 1677 5651 de
1698 5579 1788 5662 's'é,

205 5662 265 5706 et
293 5652 505 5707 dixisse
523 5656 633 5733 jam
662 5658 1010 5733 monachum.
1034 5673 1156 5733 cap.
1180 5652 1279 5733 ΞΒ,
1310 5676 1420 5730 quo
1442 5652 1624 5733 etjam
1653 5652 1789 5721 teni;

205 5734 346 5790 pore
376 5736 443 5777 ex
472 5726 927 5782 antecedentibus
966 5729 1262 5786 verisimile
1283 5726 1366 5787 est
1403 5732 1469 5787 ad
1503 5726 1785 5793 historiam

209 5793 559 5847 scribendam
595 5810 912 5864 aggressum
945 5799 1132 5853 fuisse.

1889 5531 2097 5604 ctelum
2124 5532 2724 5604 sustinerediceretur.
2749 5533 2847 5588 Cui
2874 5548 3171 5604 parumper
3198 5536 3469 5590 successit

1887 5598 1944 5654 in
1978 5616 2051 5673 eo
2085 5617 2254 5656 onere
2283 5602 2610 5658 sustinendo
2634 5598 2917 5667 Hercules,
2948 5598 3367 5673 quia'nimirnm
3390 5605 3465 5659 ab

1886 5669 2081 5725 eodem
2112 5673 2333 5726 Atlante
2368 5686 2457 5728 res
2486 5674 2764 5740 caelestes,
2798 5669 3195 5743 stellarumque
3219 5673 3463 5734 rationes

1887 5748 1943 5794 et
1976 5752 2156 5796 motus
2193 5743 2406 5797 didicit.
