4218 6446
723 381 816 444 191

1925 377 2249 439 JOANNIS
2289 375 2817 439 CANTACUZENI

3864 371 3969 438 192

721 513 807 550 me
835 495 1090 548 mandare
1117 535 1131 558 ,
1177 495 1367 564 ibique
1416 493 1689 562 reliquum
1722 505 1990 546 annorum
2039 504 2288 544 meorum
2324 489 2368 549 Α

2324 489 2368 549 Α
2403 489 2775 559 ἀνθρωπίνης,
2804 488 2896 540 καὶ
2952 485 3253 556 εὐημερίας
3281 484 3377 539 καὶ
3428 485 3666 556 τρυφῆς,
3702 488 3968 540 ἐσκεπτὸ-

723 589 792 642 ab
833 586 1091 641 inanibus
1121 585 1314 639 mundi
1347 583 1861 653 perturbationibus
1883 623 1897 647 ,
1945 583 2291 652 strepituque

724 686 1031 740 remotum,
1081 678 1135 730 in
1186 676 1584 744 tranquillitate
1632 688 1979 729 consumere.
2041 673 2294 729 Placebat

723 778 908 822 autem
933 769 1105 837 magis
1137 765 1421 834 Bat0peilii
1462 765 1884 820 monasterium.
1919 763 2151 834 Moxque
2176 778 2296 818 mo-

726 861 920 914 nachis
965 859 1073 912 illis
1126 857 1254 912 dato
1286 868 1514 929 argento
1549 856 1792 926 praecipi,
1825 856 2102 910 domicilia
2153 855 2290 908 mihi

728 947 1098 1003 construenda
1145 948 1396 1002 locarent
1426 988 1438 1007 ,
1475 962 1595 1015 quae
1648 960 1822 1014 usque
1877 961 2022 999 nune
2052 952 2288 1003 exstant.

730 1041 1155 1108 veritatemque,
1193 1055 1299 1106 qua
1341 1039 1476 1092 nihil
1533 1039 1654 1092 colo
1686 1037 1968 1100 sanclius,
2025 1043 2293 1089 testantur

724 1132 1052 1185 clarissime.
1111 1131 1278 1202 804
1311 1130 1422 1184 Cur
1478 1139 1662 1183 autent
1720 1146 1828 1183 non
1871 1129 1980 1182 illic
2035 1126 2290 1180 monachi

726 1221 972 1274 habitmu
1006 1221 1234 1274 indutus
1266 1220 1560 1273 manserim
1586 1261 1598 1281 ,
1648 1219 1741 1273 sed
1777 1219 1843 1270 ad
1895 1217 2290 1284 imperatorum

727 1314 1190 1381 negotiorumque
1254 1313 1526 1366 tumultus
1592 1310 1900 1371 redierim,
1965 1322 2067 1360 nee
2140 1322 2294 1360 amor

726 1405 917 1457 mundi
951 1404 1003 1456 in
1041 1418 1203 1457 causa
1240 1401 1342 1456 fuit
1369 1443 1383 1465 ,
1437 1416 1538 1454 nec
1590 1400 1656 1453 ad
1697 1414 1784 1452 res
1831 1398 2100 1450 humanas
2131 1396 2292 1449 laude

725 1495 918 1563 dignas
955 1503 1144 1562 torpor
1171 1494 1417 1562 quidam,
1459 1492 1550 1544 sed
1587 1492 1884 1558 imperator
1930 1490 2046 1556 ipse
2096 1490 2294 1540 immo-

723 1585 846 1638 diee
889 1584 1020 1636 mihi
1076 1583 1294 1646 aﬂixus,
1327 1592 1382 1636 et
1427 1581 1518 1650 qui
1573 1583 1690 1634 sine
1724 1595 1812 1633 me
1867 1579 2034 1632 vitam
2074 1580 2176 1632 sibi
2215 1583 2295 1634 in-

724 1692 975 1736 suavem.
1010 1685 1175 1745 atque
1206 1675 1464 1729 acerbam
1502 1683 1734 1742 putaret.
1771 1673 1838 1728 Ut
1865 1675 2012 1726 enim
2047 1672 2296 1726 sciscita-

725 1775 847 1828 tus,
903 1766 1034 1835 quid
1078 1781 1165 1819 me
1200 1765 1345 1819 Atho
1377 1764 1719 1828 adduxisset,
1747 1777 1966 1816 causam
2003 1763 2291 1831 percepit,

2398 599 2504 652 μην
2530 583 2588 633 ἐν
2617 581 2724 633 τίνι
2771 579 2883 632 τῶν
2918 576 3360 648 φροντιστηρίων
3401 577 3612 648 βέλτιον
3643 581 3838 643 οίκεῖν,
3869 580 3968 633 καὶ

2393 673 2484 724 τὸν
2513 671 2792 724 ἐπίλοιπον
2827 670 2939 740 βίον
2985 673 3042 724 ἐν
3099 669 3374 740 ἀταραξίᾳ
3427 669 3665 722 διανύειν
3710 670 3818 723 τῶν
3866 670 3966 723 τοῦ

2397 761 2512 830 βίου
2571 761 2820 830 ματαίων
2873 762 3188 813 ἀποστάντα
3244 760 3490 829 θορύϐων
3530 763 3626 814 καὶ
3678 765 3965 832 ταραχῶν.

2394 853 2504 906 Καὶ
2555 852 2731 905 ἐδόκει
2804 853 2864 904 τὸ
2896 851 3222 903 Βατοπεδίου
3245 851 3630 921 αἱρετώτερον,
3667 853 3866 906 αὐτίκα
3901 871 3962 906 τε

2392 945 2502 1004 τοῖς
2527 945 2705 996 ἐκεῖσε
2733 941 2986 1012 μοναχοῖς
3014 942 3289 1004 ἐκέλευον,
3313 941 3652 1012 ἀναλώματα
3679 945 3965 1014 παρέχων,

2393 1036 2645 1103 οἰκήσεις
2677 1036 2798 1102 ἐμοὶ
2832 1039 3032 1099 ποιεῖν,
3062 1033 3117 1086 αἲ
3147 1035 3243 1087 καὶ
3271 1035 3350 1096 είς
3379 1033 3542 1104 δεῦρο
3574 1035 3969 1101 διασώζονται,

2395 1126 2668 1190 ἀπόδειξις
2706 1123 2943 1195 ἐναργὴς
2981 1126 3082 1194 τῆς
3145 1126 3280 1196 παρ’
3339 1127 3466 1196 ἐμοὶ
3513 1127 3969 1198 πρεσϐευομένης

2395 1215 2670 1286 ἀληθείας,
2702 1216 2796 1266 τοῦ
2827 1214 2884 1266 δὲ
2914 1214 2987 1285 μὴ
3012 1215 3133 1267 τότε
3162 1214 3333 1267 αίτιον
3362 1216 3479 1267 ἐκεῖ
3503 1217 3965 1284 καταλειφθῆναι,

2395 1308 2490 1358 καὶ
2556 1306 2741 1374 σχῆμα
2781 1305 3033 1374 μοναχῶν
3063 1305 3376 1370 ἀναλαϐεῖν,
3438 1305 3553 1359 ἀλλ’
3608 1307 3764 1370 αὖθις
3823 1314 3966 1380 πρὸς

2399 1396 2626 1468 βασιλέα
2657 1396 2750 1448 καὶ
2765 1395 2860 1448 τὸν
2889 1395 3117 1465 θόρυϐον
3140 1397 3248 1448 τῶν
3271 1397 3614 1465 πραγμάτων
3636 1400 3962 1469 ἐπανήκειν,

2394 1486 2506 1539 οὗθ’
2529 1488 2562 1556 ἠ
2584 1483 2913 1554 φιλοκοσμία
2941 1479 3029 1553 ἦν,
3064 1484 3178 1537 οὗθ’
3205 1487 3238 1555 ή
3272 1485 3513 1556 ῥᾳθυμία
3539 1488 3668 1556 περὶ
3688 1489 3755 1540 τά
3781 1489 3923 1541 καλά
3949 1506 3964 1520 ·

2394 1578 2531 1632 ἀλλὰ
2558 1577 2811 1646 βασιλεὺς
2862 1574 3026 1638 αὐτὸς
3057 1575 3278 1638 ἀτόπως
3327 1577 3665 1645 ἐξεχόμενος,
3717 1581 3812 1631 καὶ
3841 1579 3966 1630 οὐδὲ

2397 1669 2592 1740 βιωτὸν
2637 1667 2939 1738 ἡγούμενος
2969 1666 3118 1736 αὑτῷ
3146 1667 3238 1719 τὸν
3275 1666 3389 1736 βίον
3431 1668 3565 1736 ἐμοῦ
3593 1668 3960 1738 διεστηκότος.

2407 1764 2497 1826 Ὠς
2527 1761 2635 1832 γὰρ
2672 1760 3005 1814 ἐπυνθάνετο
3040 1759 3136 1828 τὴν
3163 1759 3363 1825 αίτίαν,
3386 1761 3419 1820 ἥ
3463 1778 3526 1829 με
3553 1761 3677 1827 ἄγει
3709 1763 3843 1831 πρὸς
3873 1762 3967 1813 τὸν

723 1871 944 1925 nempe,
966 1856 1242 1910 liberandi
1279 1872 1364 1911 me
1393 1873 1420 1908 a
1455 1855 1601 1908 curis
1625 1863 1680 1908 et
1714 1854 2060 1920 negotiorum
2093 1854 2288 1916 turbis,
2327 1826 2366 1882 Β

2327 1826 2366 1882 Β
2399 1826 2569 1913 Ἀθω,
2594 1826 2687 1904 καὶ
2704 1852 2802 1920 τῆς
2826 1853 2882 1902 ἐν
2905 1850 3006 1920 βίῳ
3030 1826 3370 1919 φιλοσοφίας,
3428 1826 3625 1920 ἤκουεν
3667 1826 3964 1921 ἐπίθυμίαν

723 1945 959 2012 vitzeque
1001 1947 1326 1998 innocenter
1385 1941 1679 1995 actitanda:
1727 1940 2063 1995 desiderium
2093 1982 2107 2004 ,
2159 1942 2294 1995 ami-

727 2035 911 2087 citiam
950 2049 977 2085 a
1011 2048 1094 2085 me
1126 2048 1455 2102 magnopere
1497 2031 1751 2084 violatam
1794 2040 2128 2098 conquestus
2172 2041 2291 2096 est,

733 2122 880 2192 quod
912 2124 1123 2190 privata
1165 2132 1382 2177 sectans
1427 2121 1710 2176 commoda
1735 2159 1748 2179 ,
1805 2119 2021 2188 publica
2059 2121 2294 2189 neglige-

729 2229 846 2268 rem
886 2224 981 2268 :ct
1013 2214 1190 2282 ipsum
1225 2213 1403 2266 solum
1439 2213 1490 2265 in
1528 2221 1674 2265 tanta
1697 2210 2120 2277 occupationum
2155 2209 2296 2262 mul-

728 2303 986 2364 titudine,
1032 2304 1393 2371 molestiaque
1422 2302 1735 2355 destituens
1761 2342 1774 2364 ,
1832 2303 1945 2370 ipse
1981 2301 2241 2371 secedere
2274 2341 2288 2363 ,

729 2404 787 2450 et
829 2395 1128 2465 tranquillo
1181 2397 1293 2448 otio
1334 2393 1540 2464 perfrui
1589 2394 1882 2447 meditarer
1914 2410 1928 2447 :
1960 2409 2294 2462 erumpens-

729 2503 836 2555 que
863 2488 917 2540 in
956 2502 1042 2541 me
1096 2486 1437 2540 stomachum
1471 2527 1484 2548 ,
1540 2487 1883 2554 prepositum
1922 2501 2104 2538 meum
2153 2486 2294 2552 inju-

732 2577 892 2642 riam,
933 2587 988 2632 et
1012 2578 1266 2630 amicitia:
1302 2591 1410 2630 sua:
1439 2586 1810 2644 contemptum
1842 2577 2163 2644 appellabat.
2211 2577 2291 2630 Mc

727 2681 915 2723 autem
976 2669 1321 2731 allirmante,
1383 2669 1618 2722 animam
1674 2684 1864 2722 curare
1913 2669 2185 2733 voluisse,
2237 2678 2294 2723 et

729 2775 950 2829 aequum
987 2770 1267 2826 censente,
1296 2760 1434 2813 nihil
1472 2762 1572 2813 hoc
1600 2776 1708 2812 uno
1735 2761 2082 2828 prarstautius
2100 2761 2290 2814 existi-

731 2853 906 2916 mari,
956 2852 1236 2921 magisque
1277 2852 1454 2920 ipsum
1493 2852 1741 2920 iniquum
1796 2867 1914 2905 esse
1941 2893 1954 2915 ,
2017 2853 2061 2904 si
2110 2867 2192 2906 me
2225 2868 2292 2905 eo

732 2945 1165 3006 incumbentem,
1203 2951 1259 2995 ct
1288 2942 1572 2994 honestam
1608 2943 1846 3010 aliquam
1878 2944 2290 3012 responsionem

731 3041 875 3109 apud
909 3040 1254 3095 formidabile
1305 3040 1436 3093 illud
1494 3041 1586 3094 Dei
1638 3041 1875 3093 tribunal
1910 3057 2007 3108 pro
2039 3042 2293 3095 admissis

2397 1943 2763 2012 καὶθορύϐων
2817 1943 2912 1996 καὶ
2963 1945 3312 2013 πραγμάτων
3371 1943 3716 2011 ἀπαλλαγῆς,
3766 1943 3966 2014 πολλὴν

2396 2037 2619 2107 ἀφιλίαν
2677 2036 3004 2106 κατηγόρει,
3069 2037 3152 2090 ὅτι
3211 2037 3278 2090 τὰ
3333 2037 3600 2091 δοκοῦντα
3659 2038 3966 2092 λυσιτελεῖν

2395 2131 2576 2198 ζητῶν
2632 2129 2758 2201 ἰδίᾳ,
2799 2129 2908 2182 τῶν
2945 2129 3138 2181 κοινῶν
3185 2130 3506 2194 καταμελῶ,
3541 2131 3636 2183 καὶ
3667 2132 3830 2200 μόνον
3871 2151 3968 2186 22-

2395 2222 2670 2276 ταλείπων
2726 2221 2821 2274 ἐπὶ
2877 2221 3131 2275 τοσοῦτον
3181 2223 3527 2293 πραγμάτιον
3581 2223 3761 2293 ὄχλον,
3799 2224 3964 2289 αὐτὸς

2398 2312 2663 2382 βούλομαι
2713 2313 3040 2381 ἀναχωρεῖν,
3078 2312 3174 2364 καὶ⁵
3221 2312 3520 2366 ἀπολαύειν
3565 2315 3666 2383 τῆς
3702 2315 3961 2385 γαλήνης.

2407 2403 2737 2470 Ἦγανάκτει
2772 2419 2852 2463 τε,
2882 2403 2978 2454 καὶ
3023 2401 3240 2454 ἀδικίαν
3278 2403 3340 2455 τὸ
3394 2405 3628 2472 πρᾶγμα
3674 2405 3958 2468 ἀπεκάλει,

2394 2495 2486 2546 καὶ
2539 2494 2639 2562 τῆς
2669 2493 2803 2563 πρὸς
2852 2493 3012 2546 αὑτὸν
3045 2493 3307 2563 ἀθέτησιν
3342 2496 3544 2562 φιλίας.
3593 2496 3762 2564 Ἐμοῦ
3797 2496 3850 2547 δὲ
3905 2499 3967 2546 τὸ

2396 2585 2526 2655 περὶ
2559 2584 2735 2655 ψυχῆς
2781 2583 2872 2636 τὸν
2923 2585 3080 2652 λόγον
3123 2585 3457 2654 πεποιῆσθαι
3518 2586 3959 2655 ἰσχυριζομένου,

2395 2679 2490 2731 καὶ
2548 2676 2716 2745 μηδὲν
2769 2675 3052 2740 ἀξιοῦντος
3106 2675 3360 2745 ἡγεῖσθαι
3401 2677 3816 2746 προτιμότερον,
3871 2679 3964 2729 καὶ

2398 2768 2602 2838 μᾶλλον
2651 2768 2862 2819 ἐκεῖνον
2914 2767 3338 2830 ἀποδεικνύντος
3393 2769 3626 2833 ἀδικεῖν,
3678 2770 3726 2820 εί
3781 2768 3964 2837 βουλο-

2397 2861 2541 2930 μένῳ
2565 2859 2771 2929 ταύτης
2801 2861 3058 2931 πρόνοιαν
3113 2860 3408 2923 ποιεῖσθαι,
3435 2861 3530 2914 καί
3565 2880 3685 2914 τινα
3730 2863 3964 2932 εὐπρόσ-

2395 2971 2546 3006 ωπον
2619 2951 2919 3019 ἀπολογίαν
2943 2953 3033 3004 ἐπὶ
3055 2951 3150 3005 τοῦ
3182 2952 3419 3023 φοϐεροῦ
3446 2954 3660 3006 ἐκείνου
3686 2953 3960 3023 βήματος.

2395 3041 2478 3110 ἐφ’
2512 3036 2592 3103 οἷς
2630 3042 3052 3110 προσκέκρουκα
3078 3039 3198 3110 Θεῷ
3231 3041 3477 3111 πορίζειν
3533 3041 3774 3111 ἐμαυτῷ,
3803 3042 3963 3103 αὐτὸς

730 3133 1017 3201 acquirere
1062 3132 1399 3185 laborantem
1443 3132 1738 3200 prohibere
1793 3143 2102 3192 conaretur.
2143 3142 2294 3201 pest-
2324 3171 2362 3227 ε

2293 3168 2362 3227 ηε
2396 3136 2639 3203 φαίνοιτο
2695 3133 2940 3197 κωλύων,
2995 3134 3119 3186 ἐπεὶ
3171 3133 3246 3204 μὴ
3281 3133 3492 3186 πείθειν
3533 3135 3744 3196 ἐκεῖνος
3792 3131 3959 3202 εἶχεν,

732 3239 898 3292 quam
929 3223 1177 3276 animum
1211 3238 1392 3276 meum
1447 3225 1665 3276 llectere
1716 3223 1989 3292 nequivit,
2020 3234 2074 3279 ct
2100 3226 2153 3278 in
2201 3243 2292 3280 su-

732 3324 920 3384 scepto
951 3314 1183 3368 consilio
1213 3313 1562 3367 obﬁrmatum
1592 3315 1748 3378 vidit,
1777 3315 2071 3384 Augustam
2101 3318 2294 3370 ascivit

730 3407 956 3460 sociam.
987 3405 1116 3460 lmle
1148 3405 1310 3458 ambo
1342 3406 1528 3459 multis
1559 3408 1745 3461 verbis
1760 3415 1815 3460 et
1845 3409 2180 3475 argumentis
2208 3424 2293 3462 me

730 3498 1106 3565 pervicerunt,
1154 3513 1223 3550 ne
1263 3506 1377 3550 tum
1423 3497 1568 3566 quod
1619 3499 1906 3566 cupiebam
1941 3515 2290 3568 exsequerer.

732 3592 1056 3658 Quanquam
1089 3590 1284 3657 (amica
1321 3591 1466 3643 enim
1500 3591 1728 3659 veritas)
1754 3606 1854 3643 nec
1890 3592 2025 3659 ipse,
2053 3592 2153 3644 etsi
2191 3593 2295 3645 im-

732 3696 901 3750 pense
947 3681 1222 3746 volebam,
1260 3691 1484 3751 propter
1523 3681 2026 3751 eonjunctissimam
2059 3680 2296 3735 familia-

731 3772 951 3824 ritatem
986 3771 1055 3824 ab
1101 3770 1435 3839 imperatore
1480 3772 1720 3840 separari
1775 3782 2040 3840 poteram.
2067 3772 2174 3826 Nec
2215 3782 2296 3827 ta-

732 3875 856 3914 men
884 3861 952 3913 ab
984 3876 1046 3914 ca
1086 3869 1269 3914 mente
1322 3878 1551 3930 prorsus
1593 3862 1858 3923 discessi,
1887 3863 1979 3918 sed
2024 3872 2133 3916 tum
2169 3867 2294 3933 qui-

731 3951 881 4014 dem,
908 3967 1013 4020 pro
1043 3967 1111 4006 eo
1159 3967 1220 4004 ac
1251 3952 1328 4004 illi
1379 3951 1653 4019 petebant,
1689 3951 1990 4005 rediturum
2032 3968 2116 4005 me
2167 3968 2297 4021 pro-

737 4040 902 4102 misi,
935 4051 992 4093 et
1031 4039 1122 4092 ubi
1181 4049 1400 4093 sanctos
1437 4040 1558 4092 illos
1590 4039 1892 4103 allocutus,
1923 4039 2096 4100 eﬂ‘eci,
2134 4051 2192 4093 ut
2241 4042 2294 4094 in

736 4131 1038 4199 llatopedio
1072 4131 1446 4186 habitaculum
1484 4133 1618 4185 mihi
1661 4143 2088 4197 construeretur.
2123 4135 2297 4190 Thes-

737 4223 1035 4276 salonicam
1092 4221 1159 4274 ad
1213 4221 1600 4289 imperatorem
1652 4222 1812 4276 redii.
1845 4224 1974 4277 Erat
2024 4235 2206 4276 autem
2242 4225 2295 4278 in

736 4315 924 4367 animo
959 4313 1125 4366 rebus
1154 4313 1289 4366 meis
1316 4313 1453 4367 bene
1476 4313 1794 4381 compositis
1817 4314 2034 4374 reverti,
2068 4326 2123 4368 et
2155 4316 2298 4368 inter

737 4404 1038 4457 monachos
1095 4404 1216 4456 illos
1271 4403 1459 4456 eadem
1517 4404 1641 4458 vita:
1697 4404 1987 4466 instituta,
2043 4405 2297 4474 legesque

2397 3227 2512 3280 ἀλλ’
2535 3225 2770 3296 ἰσχυρῶς
2793 3226 3048 3294 ἐχόμενον
3067 3225 3211 3296 ἐώρα
3233 3225 3341 3278 τῶν
3357 3229 3641 3296 προτέρων
3661 3225 3965 3294 λογισμῶν,

2396 3318 2490 3368 καὶ
2523 3315 2747 3384 βασιλίδι
2781 3318 2844 3384 τῇ
2873 3317 3091 3383 γυναικὶ
3121 3320 3472 3387 χρησάμενος
3498 3317 3796 3396 συμμάχῳ,
3821 3317 3970 3369 ἔπει-

2398 3425 2495 3461 σαν
2512 3408 2676 3476 ἄμφω
2688 3407 2900 3470 πολλοῖς
2926 3409 3254 3478 χρησάμενοι
3275 3409 3450 3475 Λόγοις
3470 3411 3562 3461 καὶ
3589 3410 3965 3479 παραινέσεσι,

2401 3501 2476 3571 μὴ
2504 3501 2563 3552 τὸ
2596 3500 2689 3552 νῦν
2715 3499 2837 3569 ἔχον
2861 3500 3126 3569 πράττειν
3155 3498 3222 3552 τὰ
3253 3503 3392 3552 κατά
3424 3501 3671 3570 γνώμην.
3723 3502 3880 3553 Φίλον
3910 3503 3967 3555 δὲ

2398 3591 2653 3660 τάληθὲς,
2683 3591 2793 3643 οὐδ’
2823 3591 2990 3644 αὑτὸν
3029 3590 3330 3660 δυνάμενον
3368 3590 3657 3661 διαστῆναι
3700 3592 3966 3661 βασιλέως

2400 3684 2505 3737 ὑπὸ
2537 3684 2638 3752 τῆς
2671 3682 2850 3751 ἄκρας
2879 3681 3190 3750 συνηθείας,
3234 3683 3329 3735 καί
3372 3700 3453 3734 τοι
3510 3684 3747 3750 μάλιστα
3779 3685 3969 3753 βουλό-

2403 3792 2585 3844 μενον,
2643 3774 2702 3826 οὑ
2739 3774 2847 3843 μὴν
2907 3773 3227 3825 παντάπασι
3265 3775 3375 3825 τῶν
3424 3773 3702 3844 λογισμῶν
3740 3778 3969 3830 ἐκείνων

2398 3864 2742 3933 ἀπεσχόμην,
2779 3862 2915 3914 ἀλλά
2945 3861 3065 3914 τότε
3095 3861 3192 3929 μὲν
3227 3859 3382 3923 αὖθις
3410 3863 3768 3932 ἀναστρέφειν
3797 3865 3970 3934 Em”-

2399 3957 2692 4024 γελλόμην,
2726 3953 2913 4022 ὥσπερ
2939 3951 3140 4005 ἐκεῖνοί
3194 3969 3256 4019 γε
3315 3952 3525 4018 ἠξίουν.
3563 3954 3670 4004 Καὶ
3705 3954 3968 4024 ἀνέστρε-

2399 4065 2499 4116 φον
2553 4048 2609 4098 ἐν
2659 4045 3033 4115 Θεσσαλςνίκῃ
3077 4044 3212 4112 πρὸς
3269 4044 3515 4107 ἐκείνους
3549 4044 3687 4111 μετά
3717 4045 3779 4098 τὸ
3838 4047 3968 4110 τοὺς

2401 4138 2591 4205 ἀγί,υς
2626 4138 2869 4199 ἐκείνους
2915 4137 3256 4202 προσειπεῖν,
3314 4135 3410 4187 καὶ
3449 4136 3549 4204 τὴν
3572 4135 3870 4206 δεξομένην
3911 4137 3968 4190 ἐν

2400 4229 2611 4298 ὑστέρῳ
2633 4228 2848 4296 οἴκησιν
2893 4225 3297 4296 οἰκοδομεῖσθαι
3330 4228 3388 4277 ἐν
3446 4225 3763 4296 Βατοπεδίῳ
3789 4244 3972 4296 παρα-

2403 4319 2689 4380 σκευάσαι,
2720 4317 2946 4386 γνώμην
2995 4318 3051 4369 δὲ
3080 4313 3253 4387 εἶχον,
3282 4317 3357 4379 ὡς
3385 4311 3443 4370 εὖ
3491 4316 3807 4386 διαθέμενος
3855 4320 3971 4381 τοῖς

2400 4409 2468 4460 τὰ
2509 4409 2631 4461 κατ’
2688 4407 2811 4476 ἐμὲ,
2865 4403 3026 4465 αὖθις
3095 4407 3406 4476 ἐπανήξων,
3453 4407 3546 4459 καῖ
3605 4406 3970 4474 συνεσόμενος

733 4495 1004 4565 proﬁteri.
1039 4493 1197 4548 Brevi
1238 4494 1527 4547 intervallo
1583 4496 1909 4562 imperatore
1959 4497 2288 4551 mortalitate
2329 4509 2369 4563 ο

2329 4509 2369 4563 ι)
2400 4500 2574 4550 ἐκεῖσε
2601 4499 2851 4566 μοναχοῖς
2876 4496 2964 4549 τὸν
2986 4497 3099 4548 ἴσον
3123 4496 3233 4563 βίον
3250 4495 3503 4562 ἐλόμενος
3533 4496 3736 4557 αὐτοῖς.
3773 4495 3970 4566 Ὀλίγῳ

737 4586 1050 4653 perfuncto,
1085 4585 1214 4652 quia
1245 4583 1389 4637 aliud
1427 4599 1532 4637 non
1568 4584 1787 4646 licebat,
1823 4593 1932 4639 tota
1967 4587 2208 4641 rectionc
2243 4587 2297 4641 in

737 4677 998 4728 humeros
1031 4690 1181 4727 lucos
1203 4675 1483 4734 translata,
1518 4675 1768 4727 detentus
1795 4690 1914 4728 sum
1962 4677 2125 4730 etiam
2159 4677 2302 4730 invi-

741 4777 849 4819 tus.
882 4767 1017 4818 Cum
1052 4772 1231 4816 autem
1270 4764 1615 4833 sycophanta:
1650 4764 1727 4817 illi
1781 4765 1982 4818 bellum
2037 4767 2300 4821 suscitas-

739 4865 886 4920 sent,
919 4865 970 4909 et
1007 4871 1092 4909 me
1120 4871 1379 4924 meosque
1411 4855 1549 4909 adeo
1598 4856 1652 4909 in
1697 4871 1968 4910 summum
2002 4859 2297 4913 discrimen

741 4947 1124 5017 coniecissent,
1155 4962 1261 5000 non
1290 4962 1420 5001 tuere
1449 4948 1652 5014 potius,
1683 4958 1845 5015 quam
1869 4950 2112 5002 omnium
2140 4952 2297 5004 saluti

741 5039 1133 5103 consulturus,
1171 5038 1555 5106 imperatorem
1593 5038 1896 5091 llomanum
1943 5038 2056 5092 ﬁeri
2093 5057 2178 5094 me
2208 5057 2302 5094 su-

743 5130 934 5193 stinui,
968 5138 1287 5197 tantumque
1317 5128 1581 5181 malorum
1622 5144 1848 5185 examen
1883 5129 2087 5183 tamdiu
2128 5147 2302 5199 oppu-

740 5230 937 5289 gnatus
971 5221 1224 5274 toleravi.
1276 5221 1426 5286 Quod
1461 5236 1580 5274 cum
1612 5222 1681 5274 ita
1709 5221 1800 5286 sit,
1836 5222 2106 5291 Gregoras
2154 5240 2300 5277 men-

742 5312 876 5364 titur
915 5327 978 5364 ea
1035 5312 1528 5381 impudentissime,
1562 5329 1680 5380 quae
1718 5329 1824 5366 non
1861 5314 2084 5367 refutari
2119 5315 2297 5378 modo,

739 5403 833 5456 sed
889 5402 1144 5456 facillime
1200 5403 1424 5456 refutari
1478 5414 1698 5470 queant.
1734 5404 1895 5472 805
1925 5404 2076 5469 Quod
2139 5422 2301 5474 porro

741 5510 826 5548 me
877 5494 1122 5562 partibus
1154 5493 1384 5547 Palama:
1425 5493 1744 5558 addictum,
1800 5495 2052 5565 injustam
2112 5498 2301 5552 tulisse

743 5585 1092 5647 sententiam,
1131 5585 1230 5650 ait,
1260 5597 1423 5654 atque
1456 5584 1578 5637 ideo
1602 5601 1702 5639 nec
1741 5601 1795 5639 se
1821 5587 2142 5654 parituram,
2174 5603 2298 5642 cum

739 5675 955 5742 judicio
998 5675 1434 5743 disceptantibus
1470 5675 1612 5729 idem
1646 5687 1699 5729 et
1745 5677 1932 5746 judex,
1964 5689 2018 5730 et
2043 5679 2300 5732 adversa-

743 5765 858 5822 rius
889 5766 1049 5820 fuerit
1075 5808 1087 5832 ,
1146 5767 1296 5821 nullo
1343 5767 1560 5836 negotio
1591 5769 1710 5837 ejus
1743 5770 2033 5823 vanitatem
2069 5769 2293 5823 demon-

2404 4592 2460 4644 δὲ
2489 4589 2716 4658 ὕστερον
2738 4589 3187 4657 τετελευτηκότος
3215 4587 3506 4655 βασιλέως,
3554 4588 3676 4640 ἐπεὶ
3706 4587 3971 4658 πράττειν

2405 4683 2606 4751 ἑτέρως
2663 4683 2765 4735 οὐκ
2819 4683 2907 4733 ἐπ’
2965 4681 3062 4749 ἐμὲ
3132 4678 3610 4747 καταλειφθείσης,
3670 4683 3762 4732 καὶ
3820 4680 3971 4732 ἄκων

2403 4775 2551 4843 ἐξῆν,
2639 4774 2736 4842 τῆς
2810 4773 2938 4840 ὅλης
3025 4772 3348 4840 διοικήσεως
3425 4774 3534 4823 τῶν
3618 4755 3971 4841 πραγμάτων

2403 4866 2770 4934 κατεσχόμην,
2798 4864 2906 4915 τῶν
2936 4861 3287 4929 συκοφαντῶν
3318 4861 3373 4914 δὲ
3417 4863 3640 4914 ἐκείνων
3685 4864 3776 4914 τὸν
3809 4865 3972 4915 πόλε-

2409 4973 2508 5024 μον
2566 4953 2956 5020 κεκινηκότων,
3005 4953 3095 5004 καὶ
3146 4951 3236 5003 τὸν
3275 4953 3403 5021 περὶ
3450 4952 3543 5003 τοῦ
3597 4954 3694 5022 ζῇν
3723 4954 3972 5006 κίνδυνον

2404 5047 2523 5115 ἐμοί
2547 5063 2602 5096 τε
2678 5046 2770 5097 καὶ
2800 5047 2910 5104 τοῖς
2948 5043 3197 5094 συνοῦσιν
3220 5041 3392 5104 οὕτως
3420 5042 3614 5110 ἀθρόον
3637 5045 3970 5111 ἐπενεγκόνο

2404 5153 2534 5199 τισιν,
2566 5137 2627 5188 οὐ
2662 5139 2756 5203 τῆς
2783 5132 3022 5203 ἐμαυτοῦ
3057 5134 3259 5201 μᾶλλον
3299 5133 3330 5203 ἢ
3365 5133 3475 5186 τῶν
3523 5134 3662 5187 ὅλων
3691 5137 3971 5205 σωτηρίας

2403 5227 2564 5279 ἓνεκα
2606 5226 2665 5277 τί)
2729 5225 2980 5294 βασιλεὺς
3023 5221 3309 5290 Ῥωμαίων
3375 5225 3602 5295 εἱλόμην
3652 5222 3818 5290 εἶναι,
3875 5229 3971 5295 καὶ

2404 5317 2660 5369 τοσοῦτον
2749 5315 3020 5383 ὑπέμεινα
3124 5315 3313 5367 κακῶν
3401 5317 3590 5386 ἐσμὸν,
3673 5319 3972 5388 ἀνημέρως

2403 5407 2542 5458 οὕτω
2614 5405 2944 5473 πολεμηθεὶς
3017 5405 3108 5456 ἐπὶ
3169 5405 3425 5458 τοσοῦτον
3497 5407 3711 5477 χρόνον.
3792 5411 3875 5461 Δι’
3930 5409 3970 5465 ἃ.

2407 5498 2643 5565 μάλιστα
2711 5496 2968 5564 oausam
3044 5495 3332 5566 Γρηγορᾶς
3398 5497 3506 5549 οὐκ
3576 5499 3970 5567 ἀνετέλεγκτα,

2403 5589 2538 5642 ἀλλὰ
2629 5589 2846 5640 πάντων
2949 5587 3186 5657 μάλιστα
3283 5589 3740 5656 εύελεγκτνῖτατα.
3843 5594 3971 5647 Ὀτι

2402 5678 2456 5731 δέ
2528 5678 2591 5744 μέ
2655 5694 2784 5746 φησι
2849 5678 2913 5745 τῇ
2988 5678 3257 5746 ῐιαλαμᾶ,
3319 5681 3715 5750 προσκείμενον
3788 5685 3974 5754 μερίδι

2405 5771 2588 5828 ἄδικον
2615 5770 2792 5846 ψῆφον
2824 5770 3137 5834 ἐπενεγκεῖν
3160 5811 3173 5832 ,
3206 5772 3295 5824 κα).
3330 5772 3416 5826 διὰ
3455 5774 3611 5829 τοῦτο
3651 5777 3775 5832 μηδ’
3805 5779 3974 5834 αὑτὸν
