4218 6446
784 433 887 495 195

1940 428 2261 488 JOANNIS
2301 430 2824 493 CANTACUZENI

3928 438 4033 505 196

779 538 1079 608 diseipulos
1102 538 1308 603 inveni,
1337 553 1568 607 quorum
1600 535 1795 606 placita
1818 551 1941 588 cum
1974 537 2201 589 veritate
2237 552 2339 604 pu-
2377 546 2418 596 Α

2453 542 2697 604 καὶτοὺς
2733 544 2799 595 τὰ
2835 544 2919 594 ἶσα
2968 544 3279 612 ᾑρημένους
3304 586 3316 607 ,
3349 548 3459 609 τοῖς
3490 547 3698 614 ἁγίοις,
3731 548 3825 601 καὶ
3857 547 4035 601 θεολό-

781 634 1025 704 gnantia,
1054 644 1109 685 ct
1146 634 1343 700 pietate
1376 630 1498 683 fidei
1527 644 1555 682 a
1586 628 1791 683 sanctis
1819 627 2075 681 Patribus
2111 627 2348 691 tradite,

780 742 900 781 esse
949 726 1223 781 contraria
1253 766 1267 791 ,
1297 723 1498 777 licebat
1531 723 1694 777 etiam
1746 719 2019 789 magistris
2071 719 2352 788 prioribus

782 818 945 871 tomis
999 818 1229 870 discere.
1284 814 1468 868 Nihilo
1509 815 1687 867 minus
1727 829 1851 867 eum
1906 812 2242 880 praescriptis
2281 812 2350 865 ab

783 910 1040 963 Eeclesiw
1073 906 1392 959 doctoribus
1428 907 1576 959 velut
1607 903 1913 957 canonibus
1948 919 2010 956 ea
2042 918 2350 972 comparas-

783 1017 988 1063 semns,
1031 999 1256 1052 minime
1290 999 1513 1051 dubiam
1540 998 1696 1065 plane
1727 997 2170 1065 depravationem
2208 996 2351 1048 vidi-

782 1106 923 1141 mus.
966 1087 1233 1151 Quoeirea
1267 1085 1538 1154 episeOpis
1581 1086 1837 1137 omnibus
1878 1084 2345 1151 approbantibus,

782 1178 902 1229 illos
942 1177 1161 1245 quidem
1195 1184 1251 1227 ut
1297 1186 1440 1226 recte
1486 1175 1787 1228 sentientes
1820 1172 2049 1237 absolvi,
2082 1173 2179 1224 hos
2217 1188 2348 1225 eon-

778 1269 1027 1322 demnavi
1064 1288 1074 1322 :
1120 1283 1183 1319 ae
1214 1266 1280 1318 de
1307 1276 1525 1324 caetero,
1566 1276 1623 1316 ut
1658 1281 1873 1333 acquum
1916 1276 2067 1325 erat,
2122 1264 2346 1317 victori-

778 1360 883 1414 bus
927 1360 1074 1413 omni
1126 1359 1343 1411 ratione
1402 1358 1703 1425 adjutoretn
1750 1371 1835 1409 me
1870 1356 2076 1423 pra'bui
2103 1395 2117 1418 ,
2150 1357 2343 1419 vietis,

777 1454 978 1506 amissa
1010 1452 1189 1505 fronte
1235 1466 1335 1504 nec
1368 1450 1431 1502 ad
1467 1449 1751 1502 veritatem
1788 1448 1991 1512 redire,
2029 1462 2129 1501 nec
2157 1447 2345 1516 quies-

776 1560 903 1598 cere
935 1543 1269 1603 volentibus.
1306 1559 1406 1595 nec
1437 1558 1531 1593 sua
1564 1551 1773 1595 tantmn
1809 1544 2051 1611 pernicie
2075 1546 2345 1599 contentis

776 1636 871 1689 sed
906 1634 969 1687 ad
1000 1634 1141 1687 idem
1192 1633 1516 1685 barathrum
1554 1642 1609 1685 et
1650 1632 1784 1687 alios
1818 1634 2192 1700 illicientibus,
2226 1635 2344 1689 sine

778 1729 887 1781 ulla
921 1726 1250 1781 verecundia
1311 1725 1727 1779 contumeliosis
1756 1766 1771 1788 ,
1819 1737 1872 1780 et
1915 1743 2077 1795 supra
2126 1742 2341 1781 omnem

778 1817 997 1871 modum
1029 1817 1442 1886 impudentibus
1474 1817 1547 1883 (id
1571 1816 1716 1884 quod
1745 1833 1772 1869 a
1800 1817 2073 1885 principio
2104 1818 2342 1870 inimici:

778 1909 1051 1973 veritatis,
1080 1918 1130 1962 et
1160 1908 1417 1962 Eetlesize
1448 1907 1698 1960 hostibus
1722 1907 1774 1961 in
1804 1922 1955 1961 more
1985 1907 2107 1977 luit)
2131 1922 2345 1977 pmnam

778 2004 1019 2057 debitam
1061 2000 1268 2066 innixi;
1330 2001 1438 2053 imo
1490 2000 1777 2055 enimvero
1824 2000 2094 2053 minorem
2137 1999 2342 2061 debita.

777 2112 957 2165 neque
996 2094 1144 2148 enim
1172 2105 1231 2147 ut
1258 2093 1335 2147 illi
1362 2094 1562 2145 malum
1587 2091 1732 2161 quod
1784 2090 2159 2155 merebantur,
2198 2091 2346 2145 acci-

777 2197 1001 2258 perent,
1033 2186 1129 2241 sed
1167 2201 1235 2239 nc
1266 2194 1490 2255 possent
1544 2184 1749 2237 malum
1789 2183 1919 2238 dare
1966 2183 2342 2252 providebam.

775 2281 873 2332 Est
932 2288 1115 2331 autem
1144 2317 1157 2340 ,
1200 2276 1417 2344 Opinor,
1450 2273 1537 2327 lex
1571 2282 1627 2326 et
1671 2273 1725 2326 in
1767 2272 1889 2327 aliis
1935 2272 2061 2326 vitae
2095 2273 2346 2326 humana:

777 2367 1039 2437 publicis.
1083 2366 1422 2435 privatisque
1453 2363 1784 2417 criminibus
1810 2403 1826 2429 ,
1862 2363 2126 2434 judieem,
2164 2363 2348 2432 prius-

775 2478 936 2531 quam
964 2459 1267 2526 litigatores
1297 2472 1515 2510 causam
1555 2455 1767 2516 dicant,
1809 2456 2026 2508 nullum
2064 2455 2344 2517 damnare,

776 2552 880 2606 nisi
910 2552 977 2604 ab
1008 2551 1185 2604 otlieio
1216 2549 1343 2602 velit
1367 2548 1688 2603 discedere:
1724 2547 1927 2600 auditis
1962 2557 2143 2600 autem
2176 2547 2346 2600 utris-

788 2662 894 2714 que
936 2643 1201 2713 partibus,
1261 2649 1315 2695 et
1382 2640 1448 2693 ad
1490 2639 1715 2692 alteram
1754 2636 2079 2706 respiciente
2116 2638 2348 2691 victoria

778 2734 946 2803 (quod
982 2732 1210 2785 omnino
1247 2728 1490 2797 oportet)
1524 2738 1577 2780 ct
1605 2727 1779 2795 ipsum
1818 2726 1884 2779 ad
1915 2725 2230 2779 validiorem
2260 2740 2350 2779 ae-

781 2828 1003 2888 cedere,
1033 2824 1291 2891 illamque
1325 2822 1507 2881 aliam,
1539 2835 1657 2887 qua:
1688 2820 1898 2872 lmserst
1924 2858 1937 2879 ,
1993 2820 2057 2871 ad
2112 2818 2346 2871 oﬂieium

777 2916 1130 2984 compellere.
1166 2913 1281 2967 Non
1305 2912 1473 2983 igitur
1518 2910 1756 2978 iniurius
1787 2910 2022 2978 quilibet
2055 2922 2347 2979 propterea

777 3018 971 3062 contra
1010 3008 1251 3075 indicem
1303 3004 1563 3072 excipiet,
1598 3020 1837 3072 eumque
1868 3018 1966 3072 pro
2000 3002 2200 3072 injuste
2235 3012 2347 3056 tta-

778 3103 961 3166 dueel,
996 3101 1122 3168 qu’a
1165 3114 1221 3150 se
1255 3096 1321 3150 ad
1362 3096 1546 3149 violati
1587 3105 1771 3164 partes
1816 3094 2154 3164 adjunxerit.
2188 3095 2343 3159 Quod

2457 648 2572 697 γοις
2620 634 2804 700 ἄκρως
2854 635 3302 703 συμφωνοῦντας,
3352 637 3472 689 κατ’
3530 639 3674 704 ἴχνος
3727 640 4032 706 ἑπομένους

2454 721 2722 790 φανερῶς,
2764 722 3049 793 Γρηγορᾶν
3088 724 3144 776 δὲ
3179 726 3272 776 καὶ
3316 727 3441 786 τοὺς
3476 726 3665 787 ἄλλους
3717 726 3764 777 οἳ
3802 728 4031 778 ἀντικα-

2455 811 2729 870 θίσταντο,
2767 818 2832 865 τά
2877 815 3162 883 Ιὶαρλαάμ,
3213 816 3308 868 καὶ
3350 816 3658 869 Ἀκινδύνου
3706 818 4031 880 δοξάζοντας

2452 903 2903 974 ἀπαραποιήτως,
2936 904 2971 958 ἃ
2999 907 3081 958 ὅτι
3114 906 3214 975 τῆς
3245 907 3502 977 ἀληθείας
3539 908 3767 976 ἔκφυλα,
3803 910 3900 961 καὶ
3929 909 4031 976 τῆς

2454 996 2578 1063 περὶ
2609 997 2705 1063 τῆς
2736 997 2994 1060 εὐσεϐοῦς
3026 1000 3131 1051 ὑπὸ
3163 1000 3270 1051 τῶν
3296 1000 3469 1067 ἁγίων
3501 1004 3753 1069 πατέρων
3791 1002 4032 1070 παραδο-

2453 1085 2639 1155 θείσης
2662 1089 2893 1149 πίστεως
2919 1089 3157 1152 ἐναντία,
3180 1089 3307 1157 ἐξῆν
3339 1092 3438 1160 μὲν
3466 1094 3559 1144 καὶ
3591 1095 3702 1154 τοῖς
3736 1094 4029 1160 προτέροις

2449 1177 2635 1245 τὸμοις
2688 1179 2989 1247 χρήσασθαι
3036 1181 3400 1244 δ’δασκάλοις.
3455 1183 3529 1234 Οὐ
3597 1184 3700 1253 μὴν
3751 1183 3888 1235 ἀλλά
3936 1187 4029 1235 καὶ

2450 1268 2599 1320 αὐτοὶ
2621 1272 2727 1331 τοῖς
2754 1271 2855 1322 ὑπὸ
2889 1270 2996 1323 τῶν
3022 1271 3356 1326 διδασκάλων
3380 1274 3475 1341 τῆς
3493 1274 3820 1341 Ἐκκλησίας
3850 1290 4029 1342 παρα-

2450 1360 2704 1423 δοθεῖσιν,
2734 1361 2919 1429 ὥσπερ
2943 1364 3128 1415 κανόσι
3162 1365 3526 1433 παραθέντες,
3554 1366 3655 1432 τὴ)
3686 1365 4025 1434 διαστρσφὴν

2449 1451 2683 1519 εὕρομεν
2703 1455 2848 1520 σαφῆ
2865 1455 2957 1507 καὶ
2976 1454 3238 1523 καθαρὰν,
3254 1451 3313 1507 οὗ
3327 1456 3409 1507 Eva
3420 1475 3488 1507 κα
3511 1457 3603 1507 καὶ
3625 1456 3907 1517 auch.le
3920 1456 4027 1508 τῶν

2450 1545 2627 1597 ἄλλων
2655 1546 2907 1598 ἀπάντων
2932 1548 3229 1617 ἀρχιερέων
3252 1548 3856 1615 συνεπιψηφιζομένων,
3885 1547 4030 1599 ἐκεί-

2449 1654 2572 1698 νους
2600 1637 2697 1705 μὲν
2721 1637 2793 1699 ὡς
2817 1636 2989 1706 ὀρθῶς
3023 1639 3355 1707 φρονοῦντας
3382 1639 3701 1697 ἐδικαίωσα,
3728 1640 3933 1691 τούτων
3971 1637 4027 1689 δὲ

2450 1726 2934 1797 κατεψηφισάμην,
2968 1728 3028 1780 τὸ
3070 1728 3125 1780 δὲ
3174 1728 3300 1796 ἑξῆς
3329 1728 3517 1795 ὥσπερ
3547 1724 3612 1799 ἦν
3651 1730 3880 1787 δίκαιον,
3913 1730 4028 1790 τοῖς

2451 1816 2551 1884 μὲν
2580 1821 2908 1887 νενικηκόσι,
2936 1821 3118 1873 πάντα
3149 1820 3349 1890 τρόπον
3376 1821 3749 1889 ἐπεκούρησα,
3784 1824 3897 1881 τοῖς
3926 1823 4029 1888 ητ-

2448 1909 2703 1977 τημένοις
2757 1910 2813 1961 δὲ
2861 1911 3298 1981 ἀναισχυντοῦσι,
3348 1913 3443 1963 καὶ
3498 1914 3622 1981 μήτ’
3674 1913 4029 1981 ἐπιστρέφειν

2450 2001 2586 2069 πρὶς
2632 2001 2731 2070 τὴν
2784 2001 3041 2071 ἀλήθειαν
3104 2003 3563 2073 βεϐουλημένοις,
3614 2006 3752 2073 μήτε
3796 2002 4029 2072 ⁴ἡσυχίαν

2449 2096 2624 2163 ἄγειν,
2664 2098 2729 2165 τῇ
2774 2098 3012 2166 σφετέρα
3049 2097 3208 2165 μόνον
3256 2098 3544 2160 ἀγαπῶσιν
3570 2097 3839 2165 ἀπωλείᾳ,
3893 2096 4029 2149 ἀλλὰ

2449 2188 2585 2255 πρδς
2617 2188 2677 2239 τὸ
2710 2189 2822 2240 ἴσον
2864 2188 3138 2258 βάραθρον
3159 2229 3172 2251 ,
3209 2192 3303 2243 καὶ
3334 2189 3525 2251 ἄλλους
3558 2188 3985 2257 ικκαλουμένοις
4008 2228 4023 2250 ,

2449 2280 2707 2348 καὶπρὸς
2740 2278 2925 2349 ὕϐρεις
2968 2281 3239 2349 χωροῦσιν
3277 2281 3743 2349 ἀνερυθριάστως,
3791 2281 3885 2334 καὶ
3921 2282 4030 2332 πᾶ·

2450 2385 2549 2422 σαν
2578 2369 2878 2441 ὑπερϐολὴν
2902 2370 3291 2440 ἀναισχυντίας
3314 2370 3803 2438 ἐπιδεικνυμένοις,
3836 2370 4028 2437 ὥσπερ

2450 2460 2565 2521 ιθος
2601 2460 2834 2531 ἐξαρχῆς
2856 2463 2965 2523 τοῖς
2995 2462 3205 2531 ὲχῦροῖ,
3234 2461 3331 2529 τῆς
3355 2461 3635 2529 ἀληθείας,
3662 2461 3757 2513 καὶ
3787 2459 4027 2527 τῆςἝκ-

2450 2552 2678 2623 κλησίας
2710 2552 3008 2622 πολεμίου,
3040 2554 3133 2604 καὶ
3170 2553 3323 2617 δίκην
3354 2553 3452 2622 τὴν
3487 2555 3870 2623 προσήκουσαν
3901 2551 4029 2603 ἐπέ-

2452 2645 2627 2711 εηκα·
2682 2643 2881 2711 μᾶλλον
2926 2644 2981 2696 δὲ
3033 2642 3250 2712 καὶτῆς
3298 2644 3454 2709 ἀξίας
3485 2644 3818 2695 ἀποδένιυσαν
3863 2642 4023 2707 πολὺ,

2450 2735 2569 2786 οὐδὲ
2629 2735 2735 2803 γὰρ
2789 2734 2880 2785 τοῦ
2930 2734 3115 2797 κακῶς
3173 2735 3414 2796 ἐκείνους
3478 2736 3709 2802 πάσχειν
3764 2735 4027 2802 πρόνοιαν

2451 2825 2819 2894 ἐποιησάμην,
2855 2825 2990 2878 ἀλλά
3043 2826 3136 2877 τοῦ
3173 2827 3247 2895 μὴ
3290 2826 3550 2879 δυνάσθαι
3597 2827 3783 2889 κακῶς
3829 2832 4022 2881 ποιεῖν.

2454 2918 2609 2968 Ἔστι
2648 2916 2728 2980 δὲ,
2756 2910 2937 2984 οἶμαι,
2969 2918 3133 2984 νόμος
3166 2918 3259 2969 καὶ
3291 2918 3383 2968 ἐπὶ
3416 2917 3521 2968 τῶν
3551 2916 3724 2969 ἄλλων
3755 2917 3861 2969 τῶν
3896 2917 4026 2987 βιω-

2448 3011 2637 3071 τικῶν,
2668 3011 2757 3061 καὶ
2788 3008 3084 3078 δημοσίων,
3120 3010 3213 3059 καὶ
3246 3008 3389 3060 ἰδίων
3420 3009 3802 3077 ἐγκλημάτων,
3828 3015 3916 3061 τἰν
3946 3009 4024 3061 δι-

2450 3101 2657 3171 καστὴν
2683 3102 2811 3170 πρὶν
2845 3101 2942 3169 μὲν
2967 3101 3044 3161 είς
3079 3100 3267 3167 λόγους
3293 3100 3755 3167 ἀντικαταστῆναι
3785 3102 3906 3162 τοὺς
3931 3100 4028 3153 ἀλ-

777 3194 1047 3262 Gregoras
1077 3208 1224 3244 nunc
1257 3189 1479 3251 faciens,
1517 3203 1623 3241 non
1657 3187 1827 3257 magis
1866 3186 2159 3253 mendacii,
2182 3204 2343 3255 quam
2373 3203 2415 3259 ο

2452 3193 2629 3260 λήλοις
2658 3190 3103 3259 διαφερομένους,
3139 3190 3365 3259 μηδενὸς
3395 3190 3867 3260 καταψηφίζεσθαι
3892 3192 4027 3260 ἐρή-

778 3284 1029 3337 amentia
1076 3291 1132 3334 et
1182 3277 1551 3348 improbitatis
1604 3276 1919 3345 opinionem
1967 3276 2340 3343 consequitur.

777 3376 931 3441 Quod
980 3384 1162 3428 autem
1197 3372 1497 3441 legitimum
1547 3369 1613 3423 de
1648 3370 1878 3422 veritate
1926 3382 2146 3421 sensum
2200 3367 2344 3421 inse

779 3465 1063 3533 corrumpi
1126 3478 1318 3533 passus
1349 3503 1362 3523 ,
1417 3470 1472 3515 et
1506 3460 1680 3530 patria
1710 3459 1874 3528 307
1910 3459 2107 3527 pietate
2132 3459 2343 3526 ejurata

782 3556 1142 3611 transversim
1180 3564 1390 3623 raptus,
1419 3568 1446 3605 a
1490 3554 1802 3613 liarlaanto,
1828 3561 1880 3604 et
1918 3551 2205 3620 Aeindyno
2236 3551 2345 3605 lue-

780 3646 988 3709 rctieis,
1026 3652 1251 3713 propter
1284 3640 1693 3710 improbitatem
1730 3655 1909 3703 suam,
1945 3649 2000 3691 et
2034 3639 2337 3692 lrustratio-

781 3754 904 3791 nem
955 3751 1147 3790 eorum
1186 3750 1305 3803 qua:
1336 3741 1689 3802 speraverat,
1726 3745 1829 3784 nec
1868 3731 1969 3801 ipsi
2011 3729 2206 3783 anima:
2235 3744 2347 3783 sum

784 3826 1032 3899 pepercit
1061 3868 1076 3891 ,
1140 3834 1199 3878 ttt
1234 3826 1595 3878 ulcisceretur
1655 3824 2055 3885 tantummodo,
2091 3838 2119 3875 a
2147 3821 2347 3890 quibus

781 3937 840 3974 se
874 3921 1066 3973 laesum
1102 3926 1275 3987 putat,
1314 3915 1447 3968 milti
1474 3914 1667 3968 eadem
1693 3914 1904 3983 objicit,
1959 3914 2145 3967 mirari
2186 3928 2347 3967 nemo

781 4012 964 4065 debet.
995 4009 1095 4072 Qui
1124 4022 1358 4075 namque
1384 4005 1552 4059 Demn
1586 4004 1761 4073 ipsum
1800 4020 1908 4057 non
1937 4014 2017 4058 est
2043 4005 2313 4058 reveritus
2333 4042 2348 4067 ,

782 4099 877 4154 sed
925 4110 1151 4167 pr0pter
1209 4096 1395 4149 odium
1447 4112 1607 4150 suum
1655 4095 1708 4148 in
1763 4096 2028 4163 quosdam
2088 4096 2349 4150 adversus

781 4191 939 4244 illtttn
978 4187 1269 4241 mendacia
1300 4186 1467 4240 multa
1505 4185 1720 4248 elludit,
1749 4187 1907 4256 longe
1938 4188 2119 4240 minus
2150 4187 2217 4241 ab
2248 4188 2349 4240 itu-

784 4286 1058 4342 peratore,
1100 4274 1402 4343 praesertim
1450 4289 1575 4327 cum
1608 4273 1656 4327 ei
1684 4288 1804 4327 eum
1849 4273 2095 4328 oll‘eeisse
2136 4274 2350 4329 videre-

785 4375 899 4427 tur,
934 4374 1244 4431 temperare
1281 4363 1475 4416 voluit.
1528 4364 1718 4417 l’ictati
1755 4372 1934 4417 autem
1969 4380 2101 4417 mea:
2126 4404 2140 4425 .
2186 4374 2238 4418 ct
2294 4364 2347 4417 in

784 4472 937 4519 vera,
970 4464 1136 4524 atque
1174 4454 1317 4506 avita
1356 4454 1616 4521 religione
1656 4454 1981 4507 constantiae
2022 4465 2131 4508 tota
2163 4456 2347 4509 Eccle-

785 4547 887 4608 sia.
929 4544 1098 4615 gratia
1137 4544 1228 4597 Dei
1262 4543 1315 4596 in
1372 4544 1598 4596 veritate
1638 4544 1873 4597 stabilita
1899 4586 1912 4607 ,
1954 4553 2007 4597 et
2035 4545 2347 4612 apostolicis
2382 4536 2423 4586 υ

786 4635 1173 4691 traditionibus
1204 4635 1397 4689 sedulo
1435 4634 1730 4699 iuba-rens,
1771 4637 2142 4688 testimonium
2176 4636 2349 4700 dabit,

787 4741 889 4779 nec
918 4724 1100 4779 minus
1121 4725 1237 4794 ipse
1269 4723 1565 4792 Gregoras,
1606 4731 1891 4777 accusator
1922 4738 2096 4787 meus,
2119 4725 2210 4791 qui
2240 4732 2354 4777 toto

787 4816 915 4870 belli
951 4824 1194 4884 tempore
1240 4829 1348 4868 non
1390 4814 1567 4868 solum
1617 4814 1685 4868 de
1732 4812 1986 4867 laudibus
2020 4816 2154 4869 meis
2187 4814 2355 4868 multa

790 4904 1058 4959 disseruit
1093 4904 1229 4974 (l8),
1270 4902 1365 4957 sed
1399 4903 1566 4957 etiam
1621 4903 2001 4959 benevolentia
2030 4904 2263 4973 quadam
2300 4905 2356 4957 in

790 5014 913 5062 me,
970 5012 1087 5051 mea
1151 5010 1312 5051 causa
1373 5006 1615 5050 extrema
1660 4996 1870 5065 perpeti
1925 5005 2145 5064 paratus
2198 4996 2344 5060 fuit,

786 5088 1003 5159 quando
1035 5088 1225 5143 eadem
1277 5087 1601 5152 sentiebant,
1630 5102 1751 5156 qua:
1797 5086 1958 5140 hodie
1983 5085 2180 5141 sentio.
2211 5086 2348 5141 Nam

789 5180 1192 5234 damnationem
1232 5176 1663 5248 Barlaami,’qua
1695 5180 1847 5233 illum
1897 5178 2048 5234 feriit
2077 5178 2351 5233 Androni-

789 5286 889 5324 cus
920 5270 1237 5339 imperator,
1295 5272 1410 5339 ipse
1435 5270 1769 5340 approbavi,
1804 5280 1857 5325 et
1895 5279 2017 5339 post
2060 5271 2179 5341 ejus
2208 5287 2354 5325 mor-

790 5374 897 5415 tem
952 5377 1167 5416 rursum
1221 5362 1557 5432 Aeindynum
1606 5362 1893 5427 damnavi,
1925 5362 2132 5416 Joanne
2189 5364 2355 5432 patrio

788 5456 954 5507 areha
987 5456 1256 5525 synodum
1292 5467 1629 5508 eonvoeante
1650 5494 1663 5519 ,
1699 5465 1753 5507 et
1783 5454 2159 5508 stomachante
2192 5455 2358 5509 vehe-

2449 3299 2576 3352 μην,
2617 3285 2666 3335 εἰ
2728 3283 2802 3352 μὴ
2861 3282 3103 3350 βούλοιτο
3144 3282 3446 3352 ἐκδιαιτᾷν·
3494 3282 3713 3333 ἐπειδὰν
3747 3282 3803 3334 δὶ
3834 3283 4027 3350 ἥκοιεν

2448 3374 2528 3435 είς
2555 3373 2767 3440 λόγους,
2790 3374 2883 3424 καὶ
2906 3375 2939 3443 ἡ
2960 3373 3081 3441 νίκη
3102 3374 3345 3442 χωρησοι
3369 3372 3503 3441 πρὸς
3529 3374 3620 3425 τὸν
3643 3373 3850 3441 ἕτερον,
3876 3375 4027 3425 πᾶσα

2447 3467 2554 3534 γὰρ
2585 3467 2796 3535 ἀνάγκη
2847 3469 2938 3518 καὶ
2978 3465 3140 3517 αὑτὸν
3182 3464 3257 3534 τῷ
3303 3464 3361 3516 τὸ
3411 3465 3576 3517 πλέον
3632 3464 3812 3534 ἔχοντι
3858 3482 4029 3535 προσ-

2446 3559 2713 3624 τίθεσθαι,
2742 3559 2834 3611 καὶ
2862 3558 3293 3626 καταναγκάζειν
3321 3559 3409 3610 τὸν
3436 3558 3726 3611 ἀδικοῦντα
3746 3558 3814 3611 τὰ
3837 3559 4026 3611 δίκαια

2450 3652 2643 3712 ποιεῖν,
2683 3650 2742 3702 οὐ
2775 3651 2839 3718 δὴ
2869 3650 2955 3702 διὰ
2986 3650 3144 3702 τοῦτο
3175 3651 3283 3713 πᾶς
3311 3667 3395 3713 τις
3425 3650 3629 3703 ἀδικῶν
3657 3650 4024 3719 παραγράψεο

2448 3758 2539 3792 ται
2591 3739 2682 3793 τὸν
2714 3741 2995 3811 δικαστὴν,
3046 3743 3141 3793 καὶ
3181 3741 3398 3795 ἀδικίαν
3440 3741 3783 3805 ὲπικαλέσει,
3824 3742 3907 3794 ὅτι
3947 3742 4025 3811 τῷ

2448 3832 2764 3903 ἡδικημένῳ
2793 3834 3121 3904 προσετέθη.
3159 3834 3226 3887 ’Δ
3257 3834 3545 3905 Γρηγορᾶς
3576 3836 3692 3887 vuv‘t
3724 3835 3919 3899 ποιῶν,
3960 3835 4022 3887 οὐ

2454 3926 2655 3992 μᾶλλον
2683 3925 3057 3993 ψευδολογίας.
3095 3926 3126 3995 ἢ
3158 3926 3368 3990 ἀνοίας,
3401 3928 3495 3980 καὶ
3530 3926 3831 3995 μοχθηρίας
3865 3926 4025 3990 δόξαν

2449 4018 2805 4085 ἀποφέρεται.
2827 4018 2950 4068 Ὀτι
2972 4017 3015 4068 δ’
3044 4017 3204 4079 αὐτὸς
3228 4018 3325 4086 τὴν
3351 4017 3687 4087 διαστροφὴν
3711 4016 3902 4070 παθὼν
3925 4016 4027 4083 τῆς

2450 4111 2727 4177 ἀληθείας,
2761 4110 2854 4162 καὶ
2885 4108 2982 4178 τὴν
3015 4110 3245 4179 πάτριον
3271 4109 3557 4161 εὐσέϐειαν
3593 4110 4024 4177 ἐξομοσάμενος,

2449 4200 2544 4252 καὶ
2600 4197 2962 4267 συναπαχθεὶς
3020 4200 3134 4260 τοίς
3189 4199 3485 4268 αἱρετικοίς
3549 4199 3874 4267 Ἀκινδύνῳ,
3931 4200 4027 4252 καὶ

2451 4290 2715 4360 Βαρλαὰμ
2739 4290 2842 4342 ὑπὸ
2868 4288 3168 4359 μοχθηρίας
3188 4289 3423 4357 τρόπων,
3447 4290 3542 4341 καὶ
3566 4290 3891 4359 ἀποτυχίας,
3921 4283 4027 4343 ὧν·

2451 4400 2555 4451 περ
2578 4383 2825 4452 ἡλπισεν,
2858 4381 3161 4450 ἀφειδήσας
3189 4382 3285 4434 καὶ
3303 4380 3485 4450 ψυχῆς
3517 4382 3712 4451 αὐτῆς,
3746 4384 3833 4432 ἵνα
3864 4384 4025 4445 μόνον

2454 4473 2731 4543 ἀμύνηται
2775 4474 2902 4534 τοὺς
2940 4471 3200 4536 δόξαντας
3239 4472 3623 4543 λελυπηκέναι,
3667 4474 3789 4541 ὲμοὶ
3822 4475 3889 4525 τὰ
3934 4475 4026 4527 ἶσα

2451 4563 2696 4629 ἐγκαλεῖ,
2731 4564 3063 4632 ⁸,θαυμαστὸν
3106 4564 3277 4617 οὐδέν.
3328 4566 3424 4626 ’ος
3468 4564 3578 4633 γὰρ
3617 4565 3718 4617 οὐκ
3763 4565 4026 4634 ἐφείσατο

2450 4657 2586 4708 Θεοῦ
2608 4696 2624 4719 ,
2657 4656 2793 4709 ἀλλά
2837 4656 2925 4708 διά
2956 4656 3056 4725 τὴν
3095 4657 3230 4725 πρός
3275 4672 3432 4718 τινας
3478 4657 3777 4725 ἀπέχθειαν
3807 4658 4021 4710 ὶκείνου

2449 4748 2622 4816 ψευδῆ
2670 4748 2839 4799 πολλὰ
2874 4749 3126 4811 κατεῖπε,
3162 4748 3321 4817 σχολῇ
3358 4747 3409 4815 γ’
3444 4748 3511 4800 ἂν
3556 4749 3829 4817 ἀπέσχετο
3872 4749 4024 4819 βασι-

2452 4838 2611 4902 λέως,
2640 4839 2735 4891 καὶ
2763 4837 2938 4890 ταῦτα
2965 4839 3213 4903 δόξαντος
3248 4838 3635 4907 λελυπηκέναι,
3666 4839 3750 4893 δτι
3786 4838 3833 4892 δ’
3865 4840 4024 4891 εὐσεο

2455 4930 2551 4999 ϐὴς
2585 4929 2693 4997 ἐγὼ
2725 4928 2941 4996 καὶτῆς
2968 4928 3155 4998 ὀρθῆς,
3183 4928 3277 4981 καὶ
3313 4930 3544 4999 πατρίου
3574 4928 3731 4998 δόξης
3764 4930 4023 4999 ἐξεχόμε-

2457 5039 2544 5083 νος
2570 5021 2834 5092 ἀκριϐῶς,
2864 5022 2958 5074 καὶ
2984 5022 3132 5074 πᾶσα
3166 5020 3263 5089 μιν
3293 5018 3449 5089 ὴτῶν
3474 5019 3771 5088 όρθοδόξων
3788 5020 4024 5089 Ἐκκλη-

2458 5113 2548 5164 σία
2569 5113 3071 5180 συμμαρτυρήσειε,
3097 5109 3279 5179 χάριτι
3297 5107 3430 5159 Θεοῦ
3453 5106 3686 5177 βεϐαίως
3705 5110 4024 5177 ήδρασμὲνη

2452 5221 2516 5255 πε
2528 5206 2578 5274 ρί
2601 5204 2697 5271 τὴν
2721 5202 3001 5271 ἀλήθειαν,
3028 5202 3121 5254 καὶ
3141 5200 3246 5251 τῶν
3272 5200 3645 5253 ἀποστολικῶν
3667 5202 4025 5270 παραδόσεων

2452 5298 2684 5364 ἐχομένη
2712 5293 2953 5363 ἀκριϐῶς
2974 5310 2989 5325 ·
3019 5294 3117 5361 οὐχ
3146 5288 3309 5360 ἧττον
3335 5291 3393 5344 δὲ
3419 5292 3513 5344 καὶ
3539 5292 3827 5361 Γρηγορᾶς
3859 5295 4025 5357 αὐτὸς

2451 5390 2478 5440 ὁ
2507 5388 2622 5438 νυνὶ
2658 5385 2883 5437 τοιαῦτα
2916 5384 3186 5451 ἐγκαλῶν,
3222 5384 3372 5453 παρὰ
3402 5383 3578 5436 πάντα
3607 5384 3700 5437 τὸν
3733 5384 3830 5436 τοῦ
3864 5387 4025 5438 πολέ-

2459 5493 2561 5545 μου
2592 5482 2781 5527 νοξινον
2825 5475 2888 5527 οὐ
2922 5475 3080 5527 ιιόνον
3108 5472 3363 5542 ἐγκώμια
3400 5472 3569 5526 πολλά
3599 5472 3814 5537 διεξιὼν
3859 5475 4018 5544 ἐμοῦ,

2030 5638 2244 5699 Jacobi
2282 5636 2542 5698 Pontani
2580 5644 2761 5696 notm.

861 5786 968 5847 (18)
1008 5783 1189 5849 Elegia
1224 5783 1310 5835 illa
1342 5782 1503 5835 simul
1532 5796 1640 5835 uno
1665 5783 1785 5836 loco
1822 5791 1943 5851 post
1974 5782 2151 5837 Vitam
2207 5781 2593 5847 Cantacuzeni,
2618 5797 2681 5835 ex
2724 5781 2962 5851 Gregora
3001 5781 3575 5849 eollecta,posuimus.
3594 5780 3803 5835 Bellum
3837 5792 4021 5834 autem

792 5856 1062 5922 intelligit,
1096 5855 1237 5922 quod
1269 5853 1612 5907 Andronicus
1656 5867 1828 5923 nepos
1866 5868 1989 5908 eum
2024 5866 2127 5907 avo
2157 5854 2346 5920 gessit.
