4218 6446
158 408 260 475 201

1296 398 1835 465 IllSTORlARUM
1878 401 2107 460 LIBER
2149 402 2247 461 IV.

3304 406 3409 471 202

159 520 375 572 Γαλατᾶ
397 517 600 589 ὁμοίως
630 516 850 583 είὸἇτες,
878 514 951 579 ὡς
983 515 1031 568 οἱ
1059 514 1311 583 πολέμιοι
1338 514 1491 581 σφίσι
1523 510 1731 562 δέονται
1764 552 1768 562 .

1839 509 2021 561 omnia
2082 525 2148 562 cx
2194 510 2315 577 ejus
2371 508 2638 562 arbitratu
2698 510 2938 564 facturos
3010 512 3409 583 diligenterque

169 612 437 681 ιξειιιίλέως
494 611 825 679 συμμαχεῖν,
881 606 1177 677 πρεσϐείας
1209 606 1305 657 καὶ
1346 601 1501 656 αὐτοὶ
1542 599 1739 669 συχνὰς

170 703 514 770 ποιούμενοι,
549 701 760 753 ἐδέοντο
796 698 869 769 μὴ
911 698 1053 765 σφᾶς
1093 694 1354 764 περιιδεῖν
1380 708 1392 721 ·
1440 687 1577 743 ἀλλὰ
1609 704 1743 755 συγ-

164 795 393 864 γνώμην
421 810 477 846 τε
512 795 797 863 παρέχειν,
831 792 884 843 εί
911 809 961 842 τι
994 790 1259 860 πρότερον
1289 783 1739 855 ὴγνωμονήκασι,

164 889 259 939 καὶ
280 886 377 937 νῦν
406 888 479 956 μὴ
522 887 834 955 συμμαχεῖν
867 885 978 945 τοῖς
1010 880 1309 950 πολεμίοις,
1345 871 1746 946 ὲπηγγέλλοντό

162 996 224 1029 τε
265 979 513 1040 εἰσαῦθις
554 978 827 1048 μηδέποτε
876 974 1316 1045 ἀγνωμονήσειν,
1379 968 1517 1023 ἀλλὰ
1566 966 1743 1021 πάντα

170 1072 421 1139 ποιήσειν
472 1071 541 1121 τὰ
590 1070 732 1121 κατὰ
786 1066 1014 1137 γνώμην
1073 1064 1304 1135 βασιλεῖ,
1339 1063 1431 1115 καὶ
1474 1056 1744 1113 δουλεύειν

165 1160 436 1229 ἀκριὸὠ,·
470 1159 588 1228 ἅμα
611 1161 665 1212 δὲ
688 1161 782 1211 καὶ
808 1160 1069 1228 χρήματα
1091 1155 1415 1225 παρείχοντο
1446 1151 1546 1204 οὐκ
1572 1150 1749 1216 ὀλίγα.

173 1253 440 1313 Βασιλεὺς
470 1251 527 1302 δέ
585 1251 646 1303 τὸ
680 1251 777 1320 μὲν
809 1250 883 1319 μὴ
914 1248 1246 1318 πολεμήσειν
1291 1241 1676 1314 ἐπηγγέλλετο,
1706 1242 1753 1291 εἰ

171 1344 241 1395 τὰ
272 1340 724 1410 ἐπαγγελλόμενα
762 1340 854 1392 καὶ
912 1340 1067 1391 αὐτοὶ
1113 1335 1288 1405 ἀληθῆ
1317 1332 1411 1386 ἐπὶ
1440 1331 1548 1383 τῶν
1578 1331 1754 1399 Εργων

170 1434 549 1495 ἁποδείξαιεν’
601 1435 667 1486 τὰ
727 1432 785 1484 δὲ
832 1434 1093 1501 χρήματα
1133 1429 1234 1481 οὐκ
1283 1424 1612 1492 ἐλάμϐανεν,
1656 1420 1757 1474 οὐκ

174 1525 330 1592 αὐτῷ
360 1526 671 1593 πρέπουσαν
701 1524 944 1591 οἰόμενος
970 1520 1230 1588 εἶναιτὴν
1259 1517 1613 1587 μικρολογίαν
1636 1513 1757 1565 οὐδὲ

172 1616 356 1667 δοκεῖν
390 1617 481 1668 ἐπὶ
514 1618 759 1685 χρήμασι
785 1615 851 1666 τὰ
879 1616 1033 1683 κοινῇ
1064 1609 1448 1664 λυσιτελοῦντα
1473 1605 1759 1676 προΐεσθαι

184 1710 585 1777 Ῥωμαίοις.οἱ
607 1712 667 1761 ἐκ
697 1710 947 1771 Βενετίας
976 1708 1031 1759 δέ
1048 1706 1120 1770 ὡς
1148 1705 1397 1777 βασιλεὺς
1427 1700 1759 1771 ἀσυμϐάτως

174 1802 289 1871 ἔχει
326 1806 662 1869 συνορῶντες
693 1802 827 1871 πρὸς
865 1800 1081 1863 αὐτούς·
1121 1800 1239 1853 οὐδὲ
1268 1798 1378 1866 γὰρ
1409 1795 1577 1866 ᾤοντο
1607 1794 1760 1847 οὐδὲν

174 1895 340 1959 λόγου
394 1894 542 1958 ἄξιον
595 1894 748 1945 αὐτοὶ
799 1891 1123 1961 δυνήσεσθαι
1162 1892 1235 1960 μὴ
1287 1889 1554 1959 βασιλέως
1604 1905 1761 1940 συνε-

175 1989 535 2053 φαπτομένου
575 1986 707 2055 πρὸς
740 1986 829 2036 τὸν
866 1986 1128 2054 πόλεμον,
1162 1982 1313 2035 δεινὰ
1348 1982 1447 2051 μὲν
1479 1980 1761 2035 ἐποιοῦντο

176 2080 277 2130 καὶ
308 2080 652 2147 ἠγανάκτουν
672 2093 688 2106 ·
716 2076 964 2146 φανερῶς
991 2077 1178 2145 μέντοι
1218 2077 1389 2128 κινεῖν
1442 2074 1577 2143 πρὸς
1607 2071 1763 2142 βασι-

178 2172 282 2222 λέα
307 2172 547 2238 πόλεμον
576 2171 900 2241 ὡρμημένοι
923 2169 1021 2222 οὐκ
1048 2168 1353 2236 ἐφαίνοντο,
1386 2165 1502 2219 ἀλλ’
1531 2164 1765 2232 ὑποψίας

185 2267 457 2330 παρεῖχον
516 2263 716 2329 μόνον·
765 2262 821 2312 αί
852 2259 961 2329 γὰρ
1014 2259 1149 2329 πρὸς
1218 2258 1530 2328 Ῥωμαίους
1582 2257 1765 2317 αὐτοῖς

182 2356 418 2407 σπονδαὶ
471 2354 558 2407 ἐπ’
590 2354 754 2423 ἐξόδῳ
799 2353 991 2422 ἔτυχον
1022 2349 1178 2405 οὖσαι
1224 2353 1366 2404 τότε.
1403 2352 1628 2420 Ἔχουσι
1660 2349 1766 2418 γὰρ

184 2448 329 2516 πρὸς
381 2448 687 2515 Ῥωμαίους
718 2448 778 2499 ού
808 2446 1100 2516 διηνεκεῖς,
1142 2444 1257 2499 ἀλλ’
1290 2442 1379 2497 ἐπ’
1406 2443 1550 2495 ἔτεσι
1587 2444 1766 2511 ῥητοῖς

181 2540 297 2590 ἀπὸ
350 2539 458 2591 τῶν
518 2539 736 2607 Μιχαὴλ
791 2538 884 2589 τοῦ
942 2539 1161 2605 πρώτου
1212 2535 1321 2588 τῶν
1376 2533 1763 2600 Παλαιολόγων

189 2632 458 2701 βασιλέως
486 2634 692 2702 χρόνων
713 2647 724 2659 ο
754 2632 975 2684 ἐπειδὰν
996 2630 1053 2682 δέ
1090 2633 1149 2683 ἐν
1181 2630 1345 2699 ἐξόδῳ
1377 2630 1434 2680 al
1458 2626 1765 2695 συμὸέισεις

189 2732 486 2792 γένωνται,
523 2724 1093 2795 ἔξεστινόποτερῳοῦν
1126 2724 1368 2790 πόλεμον
1404 2723 1453 2773 εἰ
1507 2719 1769 2791 βούλοιτο,

196 2818 400 2868 κινεῖν.
458 2816 517 2867 Εἰ
547 2816 590 2868 δ’
620 2817 901 2885 ἑκατέροις
940 2815 1235 2867 λυσιτελεῖν
1272 2814 1450 2883 δοκοίη
1493 2813 1694 2882 μᾶλλον
1740 2813 1772 2880 ἡ

192 2909 414 2978 εἰρήνη.
473 2906 627 2970 αὖθις
681 2910 776 2968 τὰς
858 2909 1089 2971 σπονδὰς
1153 2908 1457 2972 ἀνανεοῦσι,
1508 2911 1601 2960 καὶ
1647 2906 1772 2967 τοὺς

190 3002 415 3065 ὅρκους.
454 3000 828 3070 Ἐπεκράτησε
854 3001 909 3053 δέ
936 3003 1088 3069 παρὰ
1133 2999 1428 3069 Ῥωμαίοις
1458 3000 1684 3061 καὶτοῖς
1711 3001 1773 3051 ἐκ

194 3093 457 3155 Βενετίας
508 3094 755 3155 Λατίνοις
811 3094 870 3145 τὸ
918 3092 1161 3146 τοιοῦτον
1224 3093 1344 3155 ἔθος
1404 3095 1466 3143 ὲκ
1517 3091 1775 3159 τοιαύτης

200 3182 446 3251 μάλιστα
479 3183 678 3245 αἰτίας.
728 3184 993 3244 Βασιλεὺς
1040 3184 1067 3234 ὁ
1114 3184 1328 3254 πρῶτος
1385 3183 1624 3253 Μιχαὴλ,
1654 3185 1775 3235 ἐπεὶ

196 3275 498 3337 Βυζάντιον
551 3276 861 3328 ἀνεσώσατο
904 3275 1225 3345 Ῥωμαίοις,
1260 3278 1352 3329 καὶ
1389 3275 1633 3347 Θρᾴκην,
1682 3278 1778 3328 καί

196 3367 569 3428 Μακεδονίαν,
621 3370 716 3421 καὶ
767 3369 866 3435 τὴν
906 3369 1073 3437 ἄλλην
1121 3368 1339 3421 ἃπασαν
1367 3370 1609 3439 ἐσιτέραν
1649 3369 1777 3436 ἑξή-

200 3476 374 3510 κοντα
403 3461 570 3528 ὀλῖγῳ
597 3459 768 3511 πλείω
798 3460 894 3529 Ετη
917 3459 1276 3513 δουλεύσαντι
1311 3462 1582 3521 Λατίνοις,
1612 3461 1778 3523 πεζὴν

206 3552 310 3620 μὲν
343 3552 437 3604 καὶ
470 3552 698 3621 ἱππικὴν
730 3552 961 3620 δύναμιν
1008 3552 1253 3621 μεγάλην
1288 3550 1400 3622 εἶχε
1432 3554 1526 3604 καὶ
1554 3554 1780 3621 ἀξιόμα-

204 3662 304 3712 χον
360 3644 494 3713 πρὸς
579 3646 788 3707 πάντας
852 3645 1162 3713 πολεμίους,
1214 3644 1473 3713 ναυτικὴν
1525 3646 1581 3696 δὲ
1630 3644 1780 3696 οὔπω

200 3735 481 3803 τοσαύτην
515 3737 1033 3805 παρεσκευασμένος
1068 3731 1157 3806 ἦν,
1197 3736 1326 3804 ὅσην
1361 3733 1621 3803 ὕστερονο
1658 3736 1779 3787 ὅθεν

203 3830 304 3881 καὶ
337 3831 462 3891 τοὺς
497 3828 1079 3897 Θαλασσοκρατοῧντας
1112 3826 1322 3890 ἐδεδίει,
1356 3827 1449 3878 καὶ
1482 3825 1781 3895 ἐθεράπευε

202 3920 283 3987 τῷ
314 3920 496 3991 καιρῷ
532 3923 872 3991 προσήκοντα
904 3921 1075 3972 ποιῶν
1097 3935 1109 3948 ⁸
1169 3920 1371 3987 δεῖ-,σαν
1413 3921 1597 3987 μέντοι
1646 3920 1783 3987 πρὸς

203 4014 479 4073 ἑκάστους
508 4013 751 4063 τίΘεσΟαι
778 4013 1032 4074 σπονδὰς,
1063 4014 1175 4073 τοῖς
1203 4014 1299 4079 μὲν
1322 4010 1501 4074 ἄλλοις
1522 4013 1636 4064 ὅσοι
1663 4010 1780 4064 κατ’

205 4106 489 4173 ἐμπορίαν
518 4107 595 4165 εἰς
628 4104 939 4167 Βυζάντιον,
974 4102 1005 4172 ἢ
1040 4104 1231 4171 ἐτέρας
1262 4103 1564 4171 παραλίους
1600 4102 1781 4163 πόλεις

209 4198 528 4264 Ῥωμαίους
572 4196 845 4259 ὑπηκόους
899 4193 1293 4257 καταπλέουσι,
1342 4195 1541 4262 φόρους
1591 4192 1781 4246 ἔταττε

202 4290 299 4341 καὶ
354 4286 622 4355 ἀργύριον
677 4285 839 4356 ῥητὸν
885 4286 962 4353 τῷ
1017 4285 1297 4354 δημοσίῳ·
1363 4285 1457 4336 καὶ
1504 4285 1784 4336 ἐπείθοντο

201 4379 469 4431 ἀδύνατοι
501 4376 652 4439 ὄντες
675 4376 979 4444 ἀντιλέγειν
1002 4392 1014 4405 ⁸
1055 4376 1184 4446 ἄχρι
1217 4377 1324 4445 γὰρ
1355 4376 1450 4427 καὶ
1481 4374 1577 4427 νῦν
1612 4376 1785 4446 παρέο

202 4487 400 4539 χονται
423 4470 549 4529 τοὺς
584 4468 780 4537 φόρους
804 4486 815 4499 ·
848 4468 897 4519 οί
929 4468 991 4518 ἐκ
1027 4466 1276 4528 Βενετίας
1308 4466 1361 4518 δὲ
1393 4467 1483 4519 καὶ
1518 4466 1783 4529 Γιννούας

207 4562 357 4627 μέγα
398 4560 709 4627 δυνάμενοι,
755 4558 850 4609 καὶ
892 4558 981 4608 τὸν
1027 4557 1233 4621 Ἰόνιον,
1268 4560 1363 4609 καὶ
1397 4559 1644 4624 Αἰγαῖον.
1688 4558 1783 4611 καὶ

201 4656 295 4706 τὸν
332 4652 607 4716 Εὔξεινον,
640 4649 845 4711 στόλοις
876 4649 1129 4717 μεγάλοις
1159 4650 1589 4717 παραπλέοντες,
1616 4645 1690 4703 ὧν
1718 4651 1785 4704 τὰ

202 4745 456 4815 παράλια
521 4744 699 4796 πάντα
771 4743 1028 4811 μάλιστα,
1096 4743 1128 4811 ἢ
1191 4743 1261 4795 τὰ
1326 4742 1497 4795 πλείω
1567 4744 1785 4813 ὑπήκοα

211 4836 519 4906 Ῥωμαίοις
536 4836 656 4888 τότε
677 4830 841 4905 ἦσαν,
858 4837 958 4887 οὐκ
976 4835 1256 4888 ἐπείθοντο
1276 4836 1532 4906 παρέχειν
1551 4836 1749 4904 φόρους
1768 4850 1784 4866 ο

206 4930 321 4982 ἀλλ’
345 4928 537 4991 ἠξίουν
559 4928 615 4980 ἐν
638 4928 803 4979 πᾶσιν
828 4926 1113 4997 ἐμπορίοις
1132 4928 1230 4997 τὴν
1254 4927 1517 4997 βασιλέως
1535 4928 1786 4984 ἀτέλειαν

204 5021 586 5092 καρποῦσθαι.
620 5020 883 5084 Βασιλεὺς
914 5021 970 5073 δὲ
1000 5022 1118 5073 τότε
1144 5022 1356 5074 πείθειν
1383 5022 1481 5074 οὐκ
1501 5022 1663 5090 ἔχων,
1693 5022 1789 5075 καὶ

207 5114 501 5184 βιάζεσθαι
554 5114 665 5174 τοῖς
698 5114 884 5175 ὅπλοις
922 5114 995 5183 μὴ
1050 5112 1368 5181 δυνάμενος,
1422 5117 1533 5175 τοῖς
1588 5115 1686 5183 μὲν
1722 5115 1787 5167 ἐκ

206 5205 479 5266 Γεννούας
526 5203 679 5256 ἔθετο
713 5206 947 5267 σπονδὰς
984 5205 1249 5275 διηνεκεῖς
1304 5206 1395 5257 ἐπὶ
1431 5206 1507 5275 τῷ
1542 5206 1787 5268 ἐκείνους

207 5298 307 5365 μέν
372 5293 518 5348 εἷναι
566 5294 779 5357 ἀτελεῖς
834 5299 1181 5350 παντάπασιν
1235 5299 1291 5348 ἐν
1342 5299 1542 5359 πάσαις
1574 5297 1789 5359 πόλεσι,

206 5394 298 5443 καὶ
359 5390 674 5457 ἐμπορίοις,
729 5390 764 5441 ἃ
815 5391 952 5442 είσιν
1000 5390 1218 5458 ὑπήκοα
1285 5388 1569 5458 Ῥωμαίων
1618 5405 1790 5440 κατα-

208 5481 473 5533 πλέουσιν
494 5494 506 5508 ·
534 5481 730 5541 αὐτοὺς
757 5480 813 5531 δέ
836 5497 961 5533 τινα
986 5480 1188 5549 τρόπον
1207 5482 1309 5533 ὑπὸ
1338 5481 1565 5549 βασιλέα
1590 5481 1788 5545 τελεῖν,

208 5574 461 5641 τριήρεις
494 5587 550 5623 τε
587 5572 850 5641 παρέχειν
902 5574 1045 5624 κατὰ
1103 5574 1443 5642 συμμαχίαν,
1495 5575 1543 5624 εί
1591 5571 1787 5636 δέοιτο,

213 5666 560 5730 πεντήκοντα
582 5662 1026 5732 ἐφωπλισμένας,
1071 5662 1334 5733 βασιλέως
1358 5665 1517 5733 μόνου
1541 5663 1789 5727 ναύταις,

213 5752 594 5814 καΓόπλίταις
627 5754 818 5823 μισθὸν
846 5757 1199 5825 παρέχοντος.
1234 5756 1296 5808 El
1329 5756 1385 5807 δὲ
1417 5756 1588 5809 κενῶν
1616 5756 1793 5809 δέοιτο

211 5847 507 5916 τριήρεων,
532 5846 627 5908 τὰς
664 5847 786 5907 ἴσας
812 5848 1073 5915 παρέχειν
1104 5850 1237 5915 μετὰ
1268 5847 1376 5901 τῶν
1410 5847 1588 5901 ὃπλων
1616 5848 1791 5917 μόνων

459 5941 735 6001 Pauor“
773 5946 885 6000 ﬁn.
928 5939 1120 6000 CLIV.

1849 600 2163 667 parituros;
2221 602 2383 655 simul
2420 602 2710 670 pecuniam
2763 602 3037 671 ingentem
3085 604 3409 659 offerebant.

1849 690 2152 759 Imperator
2196 694 2363 745 armis
2417 710 2474 746 se
2536 704 2964 761 temperaturum
3015 697 3318 764 spondere,
3369 703 3413 754 si

1849 804 2014 859 opere
2067 792 2185 861 ipso
2233 792 2633 860 promissorum
2692 794 2979 847 veritatem
3032 795 3415 850 confirment;

1852 881 2139 950 pecuniam
2169 881 2487 950 repudiare,
2545 893 2697 935 ratus
2758 898 2892 936 non.
2929 898 2988 937 se
3036 884 3237 939 decere
3277 886 3417 939 hanc

1858 972 2220 1027 humilitatem
2255 974 2444 1036 animi,
2504 990 2683 1043 neque
2727 973 2901 1028 videri
2948 975 3175 1044 pecunia
3224 977 3422 1031 delini-

1857 1076 1993 1134 tum,
2036 1082 2324 1120 commune
2362 1067 2733 1120 Romanorum
2768 1068 3203 1121 emolumentum
3241 1070 3293 1121 in
3331 1086 3427 1121 ex-

1862 1159 2054 1213 tremis
2077 1174 2304 1227 ponere.
2329 1158 2497 1227 810
2526 1160 2714 1213 Veneti
2746 1176 2869 1214 eum
2894 1177 2924 1215 a
2952 1161 3217 1215 societate
3242 1176 3424 1216 secum

1857 1249 2184 1318 paciscenda
2216 1250 2604 1303 abhorrentem
2641 1251 2891 1318 experti,
2930 1253 3187 1321 quoniam
3220 1252 3457 1320 absque.

1862 1343 1980 1410 ipso
2038 1342 2173 1396 nihil
2233 1343 2507 1411 egregium
2576 1357 2634 1397 se
2689 1342 2983 1397 effecturos
3036 1344 3426 1413 opinabantur,

1864 1434 2105 1502 graviter
2135 1434 2188 1488 id
2213 1445 2376 1503 atque
2407 1435 2629 1504 indigne
2674 1434 2925 1491 ferebant
2955 1452 2969 1489 :
3000 1448 3054 1490 et
3086 1452 3210 1489 cum
3246 1453 3434 1507 aperte

1873 1523 2077 1576 bellum
2113 1523 2375 1578 adversus
2409 1524 2562 1577 illum
2594 1525 2777 1578 moliri
2821 1540 2928 1578 non
2960 1525 3299 1589 viderentur,
3340 1542 3437 1579 su-

1862 1614 2162 1683 spicionem
2202 1624 2379 1667 tamen
2426 1615 2779 1682 przebebant;
2815 1632 2937 1668 nam
2964 1616 3144 1670 foedus
3172 1634 3295 1671 eum
3335 1619 3439 1670 lto-

1867 1706 2046 1759 manis
2073 1716 2186 1759 tum
2218 1706 2556 1776 exspirabat.
2588 1707 2744 1772 Quod
2778 1710 2998 1778 quidem
3023 1726 3130 1763 non
3148 1722 3438 1772 aeternum,

1865 1800 1958 1853 sed
1993 1798 2060 1852 ad
2096 1814 2271 1853 annos
2304 1800 2603 1868 prteﬁnitos
2650 1816 2713 1854 ac
2756 1812 2939 1858 certos
2987 1802 3212 1867 habent,
3243 1818 3271 1855 a
3306 1812 3443 1855 tem-

1864 1890 2092 1959 poribus
2148 1892 2434 1947 Michaelis
2487 1894 2650 1963 primi
2708 1894 2999 1964 l’alaeologi
3054 1896 3441 1964 imperatoris,

1865 1981 2067 2050 quibus
2110 1986 2426 2046 transactis,
2487 1986 2682 2038 utrivis
2708 1988 2846 2056 parti
2876 1986 3075 2040 bellum
3102 2001 3319 2039 morere
3356 1986 3441 2038 iu-

1867 2084 2081 2144 tegrum
2113 2086 2220 2129 est.
2254 2074 2345 2129 Sin
2383 2076 2602 2144 utrique
2635 2078 2771 2144 parti
2803 2094 2905 2145 pax
2941 2078 3127 2132 utilior
3158 2085 3436 2146 appareat,

1868 2166 2050 2221 foedus
2080 2167 2263 2220 denuo
2296 2168 2565 2220 sancitur.
2601 2168 2674 2221 Ea
2701 2170 3047 2223 consuetudo
3073 2170 3216 2223 inter
3244 2172 3443 2223 Itoma-

1870 2274 1969 2310 nos
1999 2274 2061 2310 ae
2096 2258 2333 2312 Venetos
2366 2259 2496 2311 hinc
2527 2259 2873 2325 potissimum
2910 2263 3171 2317 manavit.
3215 2260 3442 2315 Michael

1870 2350 2169 2418 imperator
2199 2349 2491 2421 Byzantio,
2523 2348 2776 2417 Thracia,
2816 2349 3152 2414 Macedonia,
3189 2359 3301 2404 toto
3333 2352 3436 2405 0c-

1870 2441 2089 2495 cidente
2138 2444 2279 2510 (qua:
2326 2442 2490 2511 paulo
2533 2444 2773 2510 amplius
2805 2445 3082 2513 sexaginta
3130 2460 3307 2499 annos
3342 2446 3445 2500 sub

1876 2534 2089 2589 ditione
2143 2534 2464 2589 Latinorum
2504 2534 2758 2605 fuerant)
2794 2538 3041 2591 Romano
3075 2537 3309 2607 imperio
3357 2553 3449 2592 re-

1874 2625 2195 2696 euperatis,
2229 2628 2420 2697 copias
2472 2629 2695 2696 quidem
2748 2630 3033 2698 pedeStres
3080 2642 3135 2685 et
3162 2640 3450 2701 equestres

1876 2735 1984 2773 non
2040 2720 2310 2789 exiguas,
2367 2728 2422 2773 et
2458 2720 2746 2784 quibusvis
2787 2720 3037 2775 hostibus
3093 2722 3451 2792 opponendas

1878 2814 2137 2878 habebat,
2165 2815 2397 2868 classem
2425 2814 2666 2867 nondum
2705 2824 2933 2878 tantam,
2970 2825 3227 2884 quantam
3264 2824 3451 2886 postea

1876 2903 2168 2959 aedificavit
2215 2922 2227 2956 :
2280 2902 2424 2956 unde
2468 2912 2523 2956 et.
2567 2902 2734 2957 maris
2769 2903 3022 2958 dominos
3080 2905 3339 2969 timebat;
3399 2915 3454 2959 ct

1882 3000 2117 3067 tempori
2145 3011 2203 3051 se
2235 2994 2674 3054 accommodans.
2698 2994 2892 3050 ofﬁciis
2921 3011 3016 3050 eos
3041 2996 3451 3051 demerebatur.

1873 3089 2008 3145 Cum
2041 3099 2222 3143 autem
2276 3088 2455 3142 fcedus
2509 3087 2688 3143 facere
2740 3104 2864 3141 cum
2894 3089 3124 3159 singulis
3154 3100 3454 3160 oporteret,

1882 3182 2007 3236 aliis
2076 3182 2299 3248 quidem
2355 3192 2636 3235 merratus
2698 3196 2860 3235 causa
2911 3182 3230 3252 Byzantith
3283 3191 3337 3237 et
3388 3186 3454 3237 ad

1886 3278 2025 3331 alias
2067 3275 2237 3330 urbes
2268 3276 2651 3330 Romanorum
2687 3276 2991 3330 maritimas
3014 3319 3028 3343 ,
3071 3277 3455 3347 navigantibus

1886 3370 2152 3440 portoria,
2189 3378 2244 3423 et
2280 3370 2572 3439 pecuniam
2624 3381 2829 3424 certam
2881 3370 3077 3424 aerario
3114 3369 3457 3425 inferendam

1887 3460 2148 3528 imposuit
2185 3477 2195 3513 :
2234 3460 2326 3528 qui
2363 3459 2509 3529 quod
2541 3460 2700 3513 aliter
2733 3475 2841 3513 non
2887 3468 3129 3529 possent,
3166 3461 3457 3529 parebant,

1887 3563 1943 3607 et
1972 3568 2144 3619 usque
2172 3552 2332 3606 hodie
2367 3552 2595 3621 vectigal
2622 3551 2891 3620 pendunt.
2936 3549 3128 3605 Veneti
3163 3563 3345 3607 autem
3402 3563 3459 3607 et

1887 3644 2230 3705 Genuenses,
2259 3643 2384 3696 freti
2410 3643 2656 3712 potentia
2681 3659 2801 3707 sua,
2836 3652 2891 3697 et
2926 3644 3163 3710 Ionium,
3192 3644 3457 3714 IEgzeum,

1889 3734 2162 3788 Euxinum
2198 3733 2371 3787 maria
2415 3733 2626 3803 magnis
2684 3733 2955 3787 classibus
2984 3734 3462 3804 circumuaxigan-

1894 3835 1973 3880 tes
2008 3826 2095 3894 (ad
2127 3840 2364 3894 quorum
2387 3824 2575 3878 littora
2613 3825 2779 3878 urbes
2816 3842 2953 3894 pene
2984 3840 3196 3891 omnes,
3226 3836 3320 3879 aut
3354 3828 3461 3880 sal-

1893 3930 1999 3973 tem
2036 3917 2271 3987 plurima
2305 3933 2430 3987 pars
2481 3927 2610 3971 tunc
2645 3918 2905 3972 Romanis
2950 3920 3233 3984 suberat),
3265 3921 3457 3989 hujus-

1892 4008 2040 4062 modi
2070 4009 2379 4077 portorium
2413 4010 2628 4063 solvere
2660 4010 3058 4073 detrectabant,
3091 4012 3458 4080 volebautquc

1891 4117 1990 4170 per
2018 4102 2202 4155 omnia
2222 4102 2469 4167 emporia
2501 4103 2905 4157 immunitatem
2941 4102 3044 4158 sibi
3081 4105 3328 4160 concedi.
3360 4107 3465 4159 lm-

1892 4202 2149 4263 perator,
2203 4194 2465 4261 quoniam
2505 4194 2628 4247 illos
2677 4205 2807 4247 tunc
2858 4211 2960 4249 nec
3006 4196 3186 4250 verbis
3218 4213 3464 4259 movere,

1892 4298 1994 4339 nec
2025 4285 2194 4338 armis
2228 4300 2426 4354 cogere
2450 4286 2690 4350 valebat,
2720 4302 2844 4338 cum
2867 4286 3253 4343 Gcnuensihus
3284 4289 3466 4345 fuadus

1892 4384 2220 4445 perpetuum
2264 4377 2558 4444 percussit,
2617 4385 2676 4429 ut
2704 4386 2887 4431 essent
2931 4380 3150 4448 quidem
3197 4397 3293 4451 per
3334 4384 3458 4436 ιιιιί-

1900 4482 2093 4521 versas
2163 4468 2328 4522 urbes
2374 4476 2430 4523 et
2482 4469 2728 4533 emporia
2764 4470 3135 4525 Romanorum
3196 4473 3469 4530 immunes

1810 4582 1862 4641 D
1893 4564 2115 4629 penitus
2154 4578 2166 4614 :
2202 4562 2387 4630 aliquo
2414 4571 2596 4615 tamen
2651 4562 2814 4615 modo
2862 4564 3179 4631 imperatori
3230 4568 3467 4637 subjice—

1892 4662 2108 4714 rentur,
2154 4660 2253 4715 et,
2305 4652 2348 4704 si
2390 4666 2531 4719 Opus
2571 4650 2753 4716 foret,
2814 4654 3173 4710 subsidiarias
3208 4657 3465 4714 triremes

1890 4750 2131 4798 armatas
2155 4743 2551 4814 quinquaginta
2582 4746 2888 4813 mitterent,
2920 4747 3251 4815 imperatore
3283 4753 3458 4806 solum

1892 4836 2129 4906 remiges
2177 4845 2232 4890 et
2266 4836 2542 4905 stipendia
2580 4836 2633 4890 in
2684 4838 2913 4891 militem
2945 4840 3357 4908 suppeditante.
3403 4843 3458 4897 Si

1892 4927 2086 4982 vacuis
2106 4938 2313 4995 egeret,
2346 4927 2570 4981 totidem
2610 4943 2864 4991 numero,
2905 4937 3117 4981 tantum
3144 4947 3266 4983 cum
3297 4934 3467 4986 armis

1893 5029 1949 5073 et
1986 5018 2260 5088 praefectis
2314 5019 2661 5087 prmherent,
2699 5028 2754 5072 et
2789 5033 2899 5086 quo
2936 5019 3198 5075 bellatum
3240 5022 3465 5090 proﬁci-

1891 5120 2155 5174 sceretur,
2181 5125 2248 5164 eo
2266 5112 3018 5181 sequerentur,eosdemque
3048 5129 3232 5167 secum
3254 5115 3462 5170 amicos

1892 5221 1955 5259 ac
1999 5204 2179 5259 socios
2223 5205 2491 5259 colerent.
2541 5205 2678 5259 Cum
2714 5205 2974 5272 Venetis,
3007 5209 3135 5276 quia
3164 5210 3460 5265 convenire

1894 5296 2034 5350 nihil
2068 5302 2303 5365 poterat,
2346 5296 2529 5364 pretio
2554 5297 2894 5352 contendere
2925 5299 3217 5367 cogitabat.
3261 5300 3459 5354 Verum

1893 5390 2037 5443 bello
2066 5388 2173 5441 alio
2206 5388 2413 5454 majore
2445 5388 2758 5458 ingruente,
2780 5406 2809 5442 a
2841 5404 2988 5456 rege.
3021 5391 3265 5456 inquam,
3296 5390 3465 5445 Fran-

1893 5483 1991 5535 cia:
2026 5480 2224 5534 Carolo
2276 5480 2439 5550 811
2481 5480 2923 5551 (exspectabatur
2981 5481 3124 5533 enim
3174 5496 3297 5533 cum
3362 5498 3463 5549 po-

1896 5570 2031 5623 tenti
2059 5570 2231 5623 classe
2264 5569 2584 5639 Byzantium
2616 5580 2928 5641 venturus),
2961 5580 3015 5624 et
3048 5580 3273 5639 parante
3304 5588 3362 5625 se
3394 5573 3461 5626 ad

1894 5663 2140 5717 navalem
2199 5678 2434 5731 pugnam
2509 5663 2841 5732 imperatore
2877 5703 2891 5725 ,
2957 5663 3159 5731 placuit
3206 5664 3259 5717 in
3293 5679 3469 5719 annos

1897 5766 2078 5810 ct-rtos
2109 5770 2233 5808 cum
2267 5754 2492 5810 Venetis
2524 5755 2776 5808 inducias
2809 5756 3033 5823 pacisci,
3086 5767 3147 5808 ut
3173 5756 3215 5809 si
3242 5755 3467 5825 quando

1900 5848 2046 5904 bello
2101 5856 2296 5902 contra
2327 5846 2584 5902 Carolum
2618 5846 3035 5918 defungeretur,
3088 5854 3324 5902 exeunte
3366 5845 3469 5903 fce-

2994 5942 3031 5999 7
