4218 6446
813 421 917 485 903

2004 422 2327 482 JOANNIS
2365 420 2890 482 CANTACUZENI

3950 429 4055 490 204

816 537 968 594 dere.
1006 546 1297 588 adversum
1333 532 1455 587 illos
1488 540 1763 586 lortunam
1818 530 2069 585 bellicam
2102 532 2382 600 expcrire-
2417 537 2461 591 Α

2417 537 2461 591 Α
2493 531 2586 582 καὶ
2615 531 2912 600 ἀρχόντων,
2949 532 3257 601 συμμαχεῖν
3286 549 3342 584 τε
3376 532 3588 602 βασιλεῖ
3616 533 3737 586 καθ’
3774 536 3959 587 ὁποίου
3991 541 4054 591 ἀν

819 637 928 680 tur.
962 627 1141 693 Atque
1170 624 1274 678 ba‘c
1317 624 1383 677 ab
1418 624 1528 676 illis
1565 624 1906 693 temporibus
1956 623 2118 675 ducta
2153 637 2387 676 consue-

820 716 1036 781 tudine,
1074 715 1266 769 Veneti
1300 730 1425 768 cum
1465 714 1726 768 Romanis
1776 714 2115 768 fmderantur
2145 730 2160 768 :
2194 728 2255 767 ea
2287 714 2390 769 fa;—

818 801 977 862 dcra,
1020 818 1145 856 eum
1188 801 1462 856 terminus
1503 803 1809 867 advenerit,
1847 813 2195 857 renovantur.
2236 803 2390 869 Quod

818 893 865 945 si
914 893 1197 947 alterutris
1230 892 1433 947 bellum
1494 894 1765 958 arriserit,
1818 894 1955 948 citra
1993 896 2205 949 crimen
2238 895 2388 949 licet.

828 984 969 1052 Ergo
995 983 1048 1035 in
1081 982 1232 1037 exitu
1270 983 1492 1038 hederis
1518 997 1642 1036 cum
1672 983 1913 1048 Venetis,
1948 993 2005 1037 ut
2030 983 2349 1038 dicebamus
2374 1022 2391 1048 ,

817 1076 911 1128 ubi
976 1075 1365 1144 imperatorem
1426 1074 1491 1127 ad
1546 1075 1850 1128 coeundam
1882 1074 2007 1128 belli
2063 1076 2385 1129 societatem

817 1166 1093 1221 adducere
1148 1166 1560 1235 nequiverunt,
1595 1167 1771 1237 palam
1801 1166 2022 1235 quidem
2052 1181 2199 1219 arma
2242 1166 2388 1220 haud

816 1261 1232 1324 denuntiantes,
1264 1258 1588 1329 praefectum
1620 1274 1869 1321 suorum,
1897 1258 1990 1327 qui
2018 1258 2258 1329 Byzantii
2291 1258 2388 1311 ha-

815 1352 1092 1415 bitabant,
1129 1352 1181 1406 in
1214 1353 1470 1406 triremes
1505 1351 1839 1419 accipientes
1868 1358 2239 1413 recesserunt,
2263 1365 2387 1404 cum

815 1443 1077 1510 Opinione
1107 1483 1122 1507 ,
1188 1442 1231 1497 si
1274 1442 1619 1496 occasionem
1688 1440 2164 1505 nanciscerentur,
2208 1453 2266 1495 se
2322 1440 2390 1495 de

817 1533 1153 1602 imperatore
1206 1532 1443 1585 ulturos.

2490 638 2622 673 ποτε
2660 624 2871 693 πολεμῇ
2898 640 2909 652 ·
2964 625 3057 677 καὶ
3090 625 3276 692 φίλους
3308 620 3449 677 εἶναι
3481 621 3659 689 αὖθις,
3713 625 3805 679 καὶ
3840 628 4060 696 συμμά-

2488 730 2639 783 χους,
2670 709 2749 775 οἷς
2774 714 2840 767 ἀν
2868 716 3074 778 ἐκεῖνος
3108 717 3286 781 φίλοις
3314 716 3514 787 χρῷτο.
3552 718 3679 780 Τοῖς
3706 720 3769 771 ἐκ
3801 717 4057 781 Βενετίας

2485 803 2542 855 δέ
2572 803 2904 873 ἀσυμϐάτως
2934 800 3071 875 εἶχε,
3099 808 3189 858 καὶ
3234 807 3490 859 ἐϐούλετο
3519 808 3797 877 πολεμεῖν.
3836 808 4058 879 Ἑτὲρου

2486 893 2542 946 δὲ
2572 895 2808 964 πολέμου
2846 895 3093 965 μείζονος
3128 886 3483 967 ἐπικειμένου
3513 898 3605 951 τοῦ
3642 900 3811 968 ρηγὺς
3845 902 4062 971 Καρού-

2486 986 2602 1050 λου,
2658 986 3026 1056 προσεδοκᾶτο
3078 990 3186 1059 γάρ
3217 991 3424 1053 ἐκεῖνος
3461 991 3632 1060 στόλῳ
3667 991 3889 1061 μεγάλῳ
3938 998 4061 1044 ἐπι-

2488 1079 2742 1131 πλεύσειν
2777 1078 3116 1144 Βυζαντίοις,
3151 1080 3245 1133 καὶ
3287 1080 3849 1150 παρασκευαζομένου
3898 1081 4057 1149 βασι-

2484 1166 2622 1230 λέως
2666 1167 2797 1237 πρὸς
2826 1167 3134 1237 ναυμαχίαν
3186 1168 3274 1221 ἐπ’
3306 1170 3538 1234 ἐκεῖνον,
3576 1171 3751 1223 ἐδόκει
3790 1172 3902 1224 δεῖν
3932 1172 4064 1222 ἀνα-

2486 1259 2668 1328 κωχάς
2702 1259 2838 1330 πρὸς
2888 1260 3014 1321 τοὺς
3049 1261 3113 1312 ἐκ
3154 1260 3409 1323 Βενετίας
3464 1262 3729 1327 τίθεσθαι,
3764 1265 3858 1315 καὶ
3910 1262 4063 1313 ἔθετο

2487 1348 2573 1400 ἐπ’
2615 1348 2760 1400 ἐτεσι
2794 1350 3001 1419 ῥητοῖς,
3040 1348 3107 1402 ἶν’
3142 1348 3197 1401 εῐ
3229 1365 3363 1401 ποτε
3390 1349 3735 1417 ἀπαλλαγείη
3786 1350 3880 1401 τοῦ
3926 1349 4062 1416 πρὸς

2490 1439 2771 1510 Κάρουλον
2799 1442 3055 1509 πολέμου,
3086 1440 3233 1509 ἐξείη
3258 1438 3515 1509 πολεμεῖν
3541 1442 3745 1503 αὺτοῖς,
3767 1440 3877 1493 τῶν
3905 1458 4065 1491 σπον-

2487 1532 2592 1585 δῶν
2623 1530 2956 1603 ἐξηκουσῶν.
2987 1532 3061 1585 Τδ
3094 1532 3158 1601 δὴ
3206 1532 3448 1584 τοιοῦτον
3472 1532 3529 1597 ἐξ
3569 1534 3775 1585 ἐκείνου
3810 1532 3936 1602 ἄχρι
3970 1531 4065 1582 νῦν

816 1629 1188 1697 ἐπικρατῆσαν
1206 1627 1345 1692 ἔθος,
1370 1628 1461 1681 τὶν
1480 1631 1594 1681 ἴσον
1612 1628 1811 1697 τρόπον
1840 1628 1896 1681 αἱ
1920 1628 2056 1700 πρὸς
2096 1627 2404 1697 Ῥωμαίους
2434 1628 2619 1691 αὐτοῖς
2644 1630 2885 1697 γίνονται
2926 1628 3171 1682 σπονδαί.
3193 1628 3446 1682 Ἐπειδὰν
3473 1629 3527 1681 δὲ
3549 1632 3757 1698 ἥκωσιν
3793 1630 3871 1690 είς
3888 1628 4064 1692 τέλος,

814 1725 1167 1778 ἀνανεοῦνται
1201 1720 1376 1789 αὖθις.
1418 1726 1480 1777 Ei
1531 1726 1587 1777 δὲ
1657 1725 1839 1793 δοκοίη
1882 1725 2094 1794 θατέρῳ
2167 1726 2448 1793 πολεμεῖν,
2487 1725 2666 1790 ἔξεστι
2709 1725 2874 1795 μηδὲν
2912 1724 3324 1795 ἐγκαλουμένῳ.
3392 1724 3483 1779 Ἐν
3522 1724 3685 1795 ἐξόδῳ
3722 1724 3903 1777 τοίνυν
3954 1724 4067 1774 τῶν

812 1817 948 1885 προς
965 1819 1089 1881 τοὺς
1111 1820 1174 1869 ἐκ
1206 1816 1455 1878 Βενετίας
1479 1816 1739 1880 σπονδῶν,
1781 1816 1969 1885 ῶσπερ
1998 1816 2226 1887 ἔφημεν,
2272 1816 2469 1881 οὐσῶν,
2509 1817 2633 1868 ἐπεὶ
2686 1817 2761 1885 μὴ
2820 1816 3042 1884 βασιλέα
3094 1814 3304 1869 πείθειν
3355 1815 3501 1887 εἶχον
3539 1819 3845 1888 συμμαχεῖν
3879 1817 4068 1875 αὐτοῖς

816 1912 906 1963 ἐπὶ
956 1914 1078 1973 τοὺς
1144 1910 1455 1979 πολεμίους,
1508 1911 1752 1979 φανερῶς
1806 1910 1906 1981 μὲν
1940 1912 2000 1964 οὐ
2072 1911 2443 1981 κατήγγελλον
2475 1911 2566 1964 τὸν
2620 1912 2887 1981 πόλεμον*
2946 1911 3038 1965 τὸν
3096 1911 3153 1964 δὲ
3208 1912 3447 1983 ἄρχοντα
3492 1914 3600 1967 τῶν
3657 1918 3715 1967 ἐν
3787 1912 4071 1980 Βυζαντίῳ

815 2008 1107 2060 οἰκούντων
1144 2006 1401 2076 ὑπηκόων
1434 2008 1614 2069 αὐτοῖς
1670 2010 1725 2058 ὲν
1788 2010 1906 2071 ταῖς
1972 2012 2257 2078 τριήρεσιν
2319 2006 2702 2072 ἀναλαβόντες,
2740 2005 3085 2076 ἀπεχώρουν·
3118 2006 3343 2077 δόκησιν
3383 2006 3437 2059 δέ
3488 2009 3750 2077 παρεῖχον
3794 2008 3869 2070 ὡς
3925 2009 4070 2076 ἀμυ-

817 2103 1030 2156 νοῦνται
1059 2101 1285 2171 βασιλέα
1322 2102 1412 2153 τοῦ
1450 2103 1523 2170 μὴ
1553 2104 1888 2169 συμμαχεῖν,
1926 2104 2127 2153 εἴποτε
2160 2103 2408 2157 λάϐοιντο
2446 2100 2661 2171 καιροῦ.

2207 2234 2432 2290 CAPUT
2473 2233 2658 2291 XXVI.

792 2328 1041 2399 _Galata'i
1069 2336 1341 2381 notantur.
1375 2327 1484 2399 Mos
1516 2327 2030 2382 aneaa'moniorum
2061 2328 2332 2399 superbus.
2356 2329 2581 2383 Gulattei
2616 2344 2805 2383 saxum
2833 2345 2861 2383 e
2883 2326 3124 2383 machina
3158 2326 3471 2399 Bysantium
3499 2326 3709 2399 Jaciuut
3742 2325 3841 2399 bis,
3875 2324 4065 2399 quibus

885 2399 1078 2452 bellum
1114 2399 1386 2451 indicitur.
1430 2397 1606 2451 Veneti
1640 2407 1974 2460 revocantur,
2010 2395 2135 2451 cuni
2154 2398 2337 2467 quibus
2384 2400 2549 2451 initur
2581 2402 2824 2453 societas.
2854 2400 3030 2453 Causa
3070 2399 3191 2451 belli
3230 2398 3424 2467 Venetis
3460 2406 3505 2448 et
3533 2395 3901 2467 Genuensibus.
3949 2396 4067 2450 Ga-

888 2470 1013 2522 latre
1042 2470 1256 2521 obsidio.
1310 2468 1515 2522 Nicolui
1568 2467 1747 2521 Pisnni
1800 2469 2033 2536 prtefecti
2086 2464 2269 2520 classis
2318 2466 2528 2521 Veneta:
2580 2469 2830 2521 audacia.
2888 2468 3011 2520 Tres
3051 2469 3305 2521 machina:
3340 2466 3539 2531 frustra
3596 2466 3770 2534 fat-tte.
3833 2464 4067 2518 Nuntius

893 2540 1110 2593 Venetus
1141 2539 1203 2589 de
1227 2539 1561 2607 septuaginta
1606 2539 1900 2591 triremibus
1939 2538 2286 2591 Genuensium
2324 2539 2825 2606 supervenientibus.
2872 2538 3061 2606 Pepuli
3118 2537 3403 2590 Genuensis
3437 2546 3622 2589 contra
3669 2538 3945 2605 optimates
3983 2546 4071 2587 tu-

886 2609 1105 2662 multus.
1165 2606 1551 2661 Dentocratiam
1604 2612 1829 2675 quierit;
1887 2608 2227 2673 optimatibus
2316 2613 2511 2673 atriam
2564 2612 2887 2676 honoresque
2938 2610 3199 2670 restituit,
3257 2624 3479 2672 quarunt
3534 2608 3822 2673 sumptibus
3878 2606 4067 2659 classis

886 2680 1152 2728 mdificata
1190 2688 1371 2728 contra
1404 2679 1767 2728 imperatorem
1795 2680 2037 2728 mittitur.
2080 2677 2234 2728 Duris
2270 2625 2450 2728 ϐειιειί
2484 2681 2713 2728 ianavia.
2738 2676 2924 2728 Puana
2958 2678 3026 2728 ad
3056 2677 3325 2728 Calntam.
3358 2676 3703 2728 Turchaniota
3737 2675 4065 2728 vulneratus.

885 2680 1152 2747 mdificata
1190 2688 1371 2731 contra
1404 2679 1767 2745 imperatorem
1795 2680 2037 2730 mittitur.
2080 2677 2234 2747 Duris

886 2750 1187 2817 Imperator
1240 2747 1552 2817 Byzantium
1602 2748 1889 2816 frustratus
1950 2747 2101 2802 redit.

884 2830 1144 2872 servatur.

890 2938 1155 2999 Galatmi,
1220 2944 1509 2991 cernentes
1568 2933 1722 2987 abire
1780 2934 2019 2988 Venetos
2053 2974 2069 2998 ,
2130 2943 2184 2987 et
2249 2934 2383 2989 falso
2420 2942 2457 2996 Β

820 3030 1217 3093 existimantes,
1243 3042 1353 3082 non
1390 3028 1443 3081 in
1480 3028 1720 3097 ipsorum
1746 3028 1973 3097 gratiam
2001 3029 2387 3097 imperatorem

821 3120 1086 3174 auxilium
1120 3119 1439 3187 denegasse,
1470 3116 1565 3170 sed
1601 3118 1803 3187 potius,
1855 3133 1978 3173 cum
2015 3134 2207 3187 ntagna
2237 3134 2385 3188 qua:-

821 3215 946 3262 ttam
981 3210 1122 3262 inter
1148 3223 1205 3262 se
1240 3216 1613 3275 reposcerent,
1641 3209 1937 3262 convenire
1967 3224 2071 3264 non
2098 3210 2341 3279 potuisse
2369 3226 2384 3267 :

822 3318 945 3357 cum
970 3301 1173 3369 alioqui
1206 3299 1369 3354 etiam
1404 3298 1543 3352 bene
1587 3299 1799 3353 meritis
1826 3314 2042 3368 semper
2079 3300 2219 3353 male
2261 3316 2388 3368 gra-

824 3398 956 3449 tiam
992 3392 1198 3447 rel'erre
1246 3390 1667 3445 consuevissent
1700 3391 2000 3461 (quomodo
2034 3392 2161 3445 olim
2215 3390 2388 3447 Lace-

822 3488 1125 3542 tlrcmonios
1151 3485 1347 3540 fecisse
1384 3483 1580 3554 fertur)
1617 3484 1754 3555 (9.0),
1785 3501 1851 3539 ne
1882 3484 2046 3540 ullius
2069 3501 2229 3555 egere
2252 3502 2388 3542 neve

826 3579 920 3632 ulli
977 3577 1176 3632 cedere
1214 3576 1564 3639 viderentur,
1611 3590 1723 3644 pra:
1754 3575 1923 3628 nimio
1957 3574 2099 3630 fastu
2148 3584 2204 3631 et
2238 3592 2391 3630 arro-

824 3670 1029 3735 gantia,
1071 3667 1323 3733 meridie,
1360 3667 1507 3720 nulla
1539 3681 1597 3721 re
1654 3666 1721 3719 ab
1776 3667 2110 3736 imperatore
2146 3667 2387 3733 irritati,

828 3763 1065 3831 lapidem
1106 3770 1383 3814 tormento
1415 3758 1735 3829 Byzantium
1760 3773 1857 3829 per
1892 3759 2200 3812 machinam
2232 3759 2391 3827 jacuo

826 3854 915 3907 lati
956 3864 1109 3907 sunt.
1147 3854 1267 3917 Quo
1299 3852 1519 3919 cognito
1545 3850 1843 3919 imperator
1869 3850 1931 3902 ad
1963 3865 2153 3902 eorum
2189 3850 2390 3918 princi-

828 3961 947 4014 pem
977 3953 1031 3998 et
1077 3952 1323 3997 senatum
1375 3942 1543 3995 mittit
1578 3951 2017 4010 percunctatum,
2066 3956 2236 4009 quare
2270 3940 2390 3994 bel-

825 4040 934 4089 lum
984 4036 1347 4101 inceptarcnt.
1400 4033 1482 4087 llli
1511 4032 1713 4086 factum
1746 4033 1997 4102 ignorare
2024 4032 2304 4096 simulant,
2337 4042 2392 4085 et

825 4143 1044 4181 causam
1103 4126 1364 4180 facinoris
1420 4135 1526 4179 tam
1593 4126 1879 4180 insolentis
1917 4127 2256 4181 macbinario
2298 4130 2393 4182 tri-

828 4223 1023 4272 buunt.
1063 4217 1201 4271 Tum
1246 4218 1409 4287 legati
1443 4218 1495 4270 in
1532 4218 1683 4269 illum
1734 4226 1788 4271 et
1819 4217 2172 4272 administros
2200 4233 2388 4272 exem-

2314 2677 2450 2730 eneti
2484 2681 2713 2747 ignavia.
2738 2675 2924 2748 Pugna
2958 2678 3026 2730 ad
3056 2677 3325 2732 Caietam.
3358 2676 3703 2748 Tarchoniota
3737 2675 4065 2748 vulneratus.

2175 2746 2397 2801 Venetus
2450 2745 2676 2815 rediens,
2734 2748 2789 2800 in
2824 2745 3134 2803 'Genuenses
3184 2748 3386 2800 incidit.
3439 2746 3501 2799 In
3556 2745 3806 2799 Eubaaam
3859 2746 4066 2814 fugiens

2564 2934 2625 2985 Οἱ
2652 2934 2709 2984 ἐν
2741 2932 2957 3005 rem;
2980 2933 3053 2997 δὲ,
3078 2933 3311 3003 ὁρῶντες
3335 2932 3577 2995 ἐκείνους
3608 2933 4060 3003 ἀποχωροῦντας,

2490 3026 2587 3077 οὐκ
2628 3025 2887 3095 ἐνόμισαν
2927 3030 3065 3094 ὅπερ
3098 3021 3187 3095 ἦν,
3220 3025 3295 3088 ὼς
3328 3025 3463 3094 πρὶς
3500 3024 3597 3095 τὴν
3634 3026 3859 3077 ἐκείνων
3902 3028 4065 3093 χάριν

2487 3117 2919 3186 ἀπαγορεύσειεν
2958 3120 3143 3181 αὐτοῖς
3188 3119 3215 3169 ὁ
3262 3098 3514 3188 βέισιλεὺς
3558 3118 3657 3172 τὴν
3702 3118 4060 3187 συμμαχίαν·

2488 3206 2601 3262 ἀλλ’
2629 3208 2798 3279 ᾤοντο
2832 3210 3040 3281 μεγάλα
3062 3211 3182 3264 τινὰ
3212 3210 3476 3279 ἀλλήλους
3509 3212 3778 3275 ἀπαιτεῖν,
3813 3211 3881 3262 δι’
3915 3212 4063 3280 ἅπερ

2490 3299 2815 3368 ἀσυμϐάτως
2864 3301 3183 3369 ἐσχηκέναι,
3230 3300 3404 3363 ἄλλως
3431 3316 3489 3351 τε
3547 3302 3639 3353 καὶ
3682 3302 3804 3363 τοὺς
3838 3302 4066 3369 εὐεργε-

2489 3390 2713 3453 τοῦντας
2764 3392 2851 3444 ἀεὶ
2903 3394 3091 3454 κακοῖς
3141 3377 3466 3462 ἀμείϐεσθαι
3527 3392 3803 3458 εἰωθότες,
3866 3392 4061 3463 ὥσπερ

2490 3480 2615 3543 τοὺς
2666 3482 2832 3535 πάλαι
2866 3483 3330 3553 Λακεδαιμονίους
3367 3484 3639 3551 λέγουσιν,
3694 3486 3779 3537 ἴ-.α
3832 3485 4067 3554 μηδενος

2489 3573 2686 3626 δοκῶσι
2716 3574 2919 3628 δεῖσθαι
2947 3576 3070 3646 μηδ’
3093 3576 3290 3646 ἥττους
3318 3574 3457 3630 εἶναι
3490 3580 3735 3649 μηδενὺς,
3769 3580 3859 3631 ὑπ’
3884 3580 4066 3651 ἄκρας

2491 3666 2780 3730 αὐθαδείας
2813 3669 2906 3721 καὶ
2941 3672 3286 3739 φυσήματος,
3314 3672 3370 3722 ἐν
3400 3672 3579 3741 ἡμέρᾳ
3608 3676 3747 3744 μέσῃ
3776 3673 3862 3725 καὶ
3895 3672 4063 3740 μηδε-

2492 3760 2621 3828 μίαν
2651 3760 2831 3820 αὐτοῖς
2848 3762 3027 3813 αἰτίαν
3055 3762 3292 3831 πολέμου
3323 3768 3740 3832 παρεσχημένου
3770 3764 4063 3833 βασιλέως,

2489 3852 2634 3903 λίθον
2673 3852 2891 3921 ἀφῆκαν
2938 3854 3030 3904 ἐπὶ
3073 3854 3131 3905 τὸ
3178 3854 3470 3915 Βυζάντιον
3504 3855 3591 3906 διὰ
3636 3854 3731 3916 τῆς
3785 3856 4062 3923 μηχανῆς.

2501 3941 2654 3995 Ἐπεὶ
2686 3942 2741 3993 δέ
2771 3942 2999 3994 ἐπύθετο
3049 3943 3109 3995 τὸ
3150 3943 3364 4013 συμϐὰν
3394 3946 3420 3995 ὁ
3469 3943 3736 4012 βασιλεὺς,
3786 3946 3926 4010 πρὸς
3970 3948 4065 3997 τὸν

2490 4034 2715 4087 ἐκείνων
2744 4034 2980 4104 ἄρχοντα
3016 4036 3238 4105 πέμψας
3262 4038 3355 4089 καὶ
3384 4036 3482 4105 τὴν
3510 4036 3729 4106 βουλὴν,
3758 4037 3854 4105 τὴν
3880 4040 4062 4090 αἰτίαν

2491 4125 2841 4190 ἐπυνθάνετο,
2890 4127 2957 4180 δι’
2996 4129 3063 4199 ἢν
3095 4127 3355 4197 ἄρχονται
3400 4129 3661 4196 πολέμου.
3715 4129 3973 4190 Ἐκείνιυν
4006 4132 4064 4183 δὲ

2494 4216 2932 4286 ὑποκρινομὲνων
2966 4219 3206 4286 ἀγνοεῖν,
3240 4220 3333 4273 καὶ
3358 4222 3455 4289 τὴν
3487 4221 3666 4274 αἰτίαν
3700 4220 3799 4289 τῆς
3830 4223 4065 4285 ἀτοπίας

826 4309 975 4378 plum
1033 4307 1119 4361 edi
1182 4275 1385 4361 instant
1436 4307 1577 4376 (ﬁeri
1628 4307 1773 4361 enim
1829 4307 2151 4377 neutiquam
2191 4275 2461 4377 posse,C

2416 4275 2461 4337 Ο
2494 4309 2570 4377 τῷ
2601 4310 2691 4361 ἐπὶ
2722 4310 2820 4378 τῆς
2860 4312 3105 4380 μηχανῆς
3154 4310 3520 4364 ἀνατιθέντων
3566 4315 3906 4382 τεταγμένῳ,
3941 4316 4066 4367 ἐκέ-

826 4402 957 4469 quin
986 4400 1191 4453 multos
1223 4399 1508 4466 adjutores
1541 4399 1854 4469 habuerit),
1888 4401 1968 4453 sic
2006 4401 2151 4454 enim
2187 4402 2293 4455 sibi
2321 4403 2389 4455 ab

829 4493 1162 4560 imperatore
1196 4491 1534 4544 mandatum.
1579 4489 1803 4543 Calatini
1839 4505 1895 4545 se
1927 4490 2171 4545 facturos
2206 4491 2389 4547 statim

828 4582 1179 4649 pollicentur.
1236 4580 1507 4637 Postridie
1563 4596 1719 4635 mane
1770 4581 1919 4635 aliud
1963 4596 2153 4637 saxum
2188 4583 2393 4654 Byzan-

829 4675 963 4728 tium
1019 4674 1251 4744 jaeiunt.
1288 4674 1452 4743 812
1499 4673 1637 4727 Tum
1673 4683 1935 4743 reputans
1971 4674 2286 4744 imperator,
2336 4687 2392 4731 et

827 4781 1053 4834 scopum
1089 4776 1341 4835 tangens,
1380 4775 1605 4835 propter
1641 4781 1917 4820 recessum
1951 4766 2286 4821 Venetorum
2337 4768 2390 4821 in

830 4857 971 4909 banc
1005 4856 1397 4910 confidentiam
1429 4866 1485 4911 et
1519 4857 1983 4926 contemptionem
2025 4860 2297 4928 erupisse,
2333 4869 2392 4914 ιιι

834 4949 1036 5002 bellum
1067 4948 1383 5012 ordiantur,
1409 4948 1543 5017 ipsis
1572 4952 1835 5003 continuo
1864 4964 1960 5019 per
1990 4948 2390 5007 internuntium

829 5038 1035 5092 bellum
1070 5037 1287 5102 indicit,
1310 5038 1529 5108 jubens.
1555 5039 1750 5093 diebus
1780 5047 1924 5101 octo,
1958 5055 2097 5108 quos
2128 5042 2394 5097 haberent

830 5144 954 5182 cum
992 5129 1275 5194 Romanis,
1331 5139 1657 5184 mercatura:
1689 5130 2087 5198 contractibus,
2124 5147 2186 5186 ac
2214 5133 2391 5187 nomi-

830 5220 995 5275 nibus
1028 5221 1220 5275 aliisve
1275 5236 1396 5290 quae
1436 5221 1659 5289 praetexi
1699 5231 1922 5291 possent
1950 5224 2291 5292 compositis,
2325 5225 2392 5279 ad

830 5312 1191 5381 praeliandum
1239 5324 1553 5367 occurrant.
1614 5312 1819 5367 Deinde
1865 5315 2101 5369 Venetos
2136 5327 2390 5380 revocat,

830 5400 925 5469 qui
978 5401 1161 5456 statim
1192 5401 1495 5473 gaudentes
1524 5412 1897 5460 revertuntur.
1930 5406 2067 5459 Cum
2104 5407 2187 5461 bis
2217 5409 2391 5463 socie-

2495 4400 2649 4452 λευον
2674 4401 2721 4452 οἱ
2750 4399 3007 4468 πρέσϐεις
3038 4402 3242 4455 ἐκεῖνόν
3276 4419 3336 4455 τε
3370 4404 3463 4456 καὶ
3498 4406 3622 4466 τοὺς
3649 4406 4070 4474 συναραμένους

2497 4492 2779 4555 κολάζειν⁸
2832 4493 3095 4549 ἀδύνατον
3146 4494 3255 4562 γὰρ
3313 4496 3387 4565 μὴ
3444 4497 3539 4549 καὶ
3594 4498 3805 4559 πολλοῖς
3853 4498 4066 4569 ἑτέροις

2496 4582 2731 4652 χρῆσθαι
2767 4587 3082 4654 συνεργοῖς*
3134 4584 3276 4637 οὕτω
3322 4586 3430 4655 γὰρ
3484 4582 3552 4657 ἦν
3598 4586 3781 4648 αὐτοῖς
3830 4605 4067 4658 προστε-

2499 4676 2769 4744 ταγμένον
2811 4678 2915 4729 ὑπ’)
2949 4676 3235 4745 βασιλέως.
3272 4679 3333 4730 Οἱ
3375 4680 3433 4731 δὲ
3486 4679 3891 4748 ἐπηγγέλλοντο
3930 4700 4067 4751 προη

2497 4766 2704 4836 θύμως.
2755 4769 2841 4832 Ἐς
2877 4769 2975 4839 τὴν
3025 4770 3316 4839 ὑστεραίαν
3355 4769 3411 4822 δὲ
3474 4770 3589 4839 ἅμα
3634 4772 3708 4841 ἒῳ
3766 4774 3861 4825 καὶ
3918 4773 4071 4827 λίθον

2496 4857 2683 4928 ἕτερον
2720 4859 2812 4910 ἐπὶ
2846 4859 3139 4923 Βυζάντιον
3167 4861 3409 4929 ἀφῆκαν.
3463 4861 3707 4931 Νομίσας
3750 4864 3796 4916 δ’
3829 4865 3969 4935 ὅπερ
4000 4862 4070 4935 ἦν

2496 4955 2524 5007 ὁ
2555 4955 2828 5024 βασιλεὺς,
2858 4955 2933 5020 ὡς
2962 4957 3047 5010 διὰ
3078 4958 3138 5010 τὸ
3173 4958 3297 5021 τοὺς
3326 4960 3391 5011 ἐκ
3421 4956 3673 5020 Βενετίας
3709 4960 4070 5029 ἀνακεχωρη-

2498 5047 2675 5111 κέναι,
2709 5049 3108 5117 θρασυνθέντες
3147 5047 3303 5102 αὐτοὶ
3332 5048 3740 5119 περιφρονοῦσι,
3779 5051 3874 5101 καὶ
3907 5049 4071 5102 πολέ-

2502 5156 2602 5209 μου
2648 5140 2930 5209 ἄρχουσιν,
2963 5141 3148 5203 αὐτοῖς
3200 5141 3299 5209 μὲν
3331 5142 3531 5193 αὐτίκα
3567 5140 3803 5203 πόλεμον
3858 5140 4073 5210 κατήγ-

2497 5231 2653 5298 γελλε
2687 5231 2926 5301 πέμψας,
2964 5234 3056 5284 καὶ
3088 5231 3339 5284 ἐκέλευεν
3369 5231 3607 5301 ἡμέραις
3639 5231 3782 5282 ὀκτὼ
3807 5230 4070 5283 διαλυσα-

2501 5320 2717 5388 μένους,
2750 5320 2851 5371 ὅσα
2892 5320 3029 5389 πρὸς
3072 5320 3381 5389 Ῥωμαίους
3417 5320 3603 5390 ἔχουσι
3638 5318 3940 5387 συμϐόλαια
3975 5321 4070 5373 ἐπ’

2497 5412 2787 5482 ἐμπορίας,
2816 5413 2849 5484 ἢ
2881 5413 3039 5483 χρέα,
3079 5410 3113 5482 ἢ
3148 5413 3341 5483 ἐτέρας
3372 5413 3521 5476 τινὰς
3555 5411 3876 5481 προφάσεις,
3908 5410 4071 5466 καθί-

2062 5525 2274 5585 Jacobi
2308 5530 2571 5591 Pontani
2608 5540 2790 5594 notae.

901 5620 1013 5689 (20)
1048 5622 1192 5676 Bona
1235 5623 1373 5678 facta
1424 5625 1562 5678 male
1611 5622 1767 5677 iactis
1800 5638 2185 5689 compcnsasse
2220 5624 2392 5679 Lace-

830 5690 1150 5763 daemonios,
1201 5696 1361 5761 vulgo
1415 5705 1602 5747 notum
1637 5707 1755 5745 esse
1795 5694 1889 5747 ait.
1930 5690 2237 5747 llerotlotus
2267 5697 2389 5763 qui-

832 5761 981 5842 dem,
1034 5762 1263 5843 loquens
1304 5764 1370 5843 de
1401 5762 1867 5843 LacedaemoniisL
1900 5775 2024 5817 ante
2059 5761 2386 5843 Lycurgum,

831 5831 1029 5897 inquit,
1067 5834 1522 5903 Κακονομώτατοι
1549 5830 1688 5902 ἦσαν
1726 5832 1911 5901 σχεδὸν
1946 5830 2160 5887 πάντων
2200 5830 2388 5903 Ἐλλή-

2505 5646 2613 5681 νων
2663 5631 2803 5684 κατά
2853 5648 2911 5683 τε
2978 5628 3416 5698 σφέαςαύτοὺς,
3470 5628 3564 5683 καὶ
3603 5628 3799 5694 ξένοισι
3847 5628 4071 5695 ἀπρόσ-

2495 5715 2698 5765 μικτοι,
2747 5716 2808 5752 ex
2858 5702 3094 5754 omnibus
3140 5699 3331 5755 σταλείς
3364 5700 3520 5767 fuisse
3551 5699 3876 5768 pravissimis
3902 5700 4069 5752 mori-

2492 5769 2604 5889 ῗιιὶ,
2640 5786 2734 5849 pec
2772 5770 2850 5823 vel
2881 5773 3016 5824 inter
3044 5786 3118 5838 se,
3174 5770 3251 5823 vel
3282 5785 3399 5821 cum
3431 5771 3640 5824 advenis
3688 5769 4067 5823 commercium

2509 5854 2558 5889 ιιι
2601 5855 2752 5889 uisse.

2509 5854 2752 5892 mouisse.
