4218 6446
213 405 325 472 213

1351 412 1897 474 HISTORIAMde
1940 417 2167 476 LIBER
2212 418 2309 477 ιν.

3370 418 3473 480 214

217 526 444 579 ϐάλλειν
490 544 550 580 τε
598 526 817 580 ἐκέλευε
868 530 933 599 τῇ
997 531 1248 599 στρατιᾷ,
1315 534 1409 583 καὶ
1480 534 1545 601 τῇ
1606 537 1799 603 τάφρῳ

1902 538 2220 591 continente
2259 536 2465 590 crebris
2500 550 2620 589 eam
2655 534 3110 603 impressionihus
3149 533 3475 599 lacessebat,

217 616 510 685 ἐμβάλλειν
542 619 639 681 τὰς
688 618 925 689 ἀμάξας,
958 620 1029 684 ὡς
1060 622 1123 675 ἂν
1153 623 1267 685 τοῖς
1311 622 1517 691 τείχεσι
1547 624 1643 687 τάς
1676 625 1793 677 κλί-

219 726 400 776 μακας
432 709 685 781 ἐρείσωσι
717 713 980 783 διαῦατῆς
1032 715 1427 785 γεγενημένης.
1462 716 1573 769 Kal.
1608 718 1796 770 ἐνέϐα-

216 798 309 852 λον
342 799 403 851 οὐ
431 800 632 865 πάσας.
669 804 788 856 Ἔτι
818 805 875 857 δὲ
914 809 1026 868 τοῖς
1067 807 1430 876 στρατιώταις
1464 810 1591 879 περὶ
1620 809 1793 863 ταῦτα

215 888 636 960 ἠσχολημένοις,
673 896 720 946 oi
754 898 812 946 ἐν
847 896 1065 967 Γαλατᾷ
1095 898 1192 969 τὴν
1224 901 1287 951 ἐκ
1319 900 1589 970 Θαλάττης
1614 903 1797 971 μάχην

216 981 754 1054 ἀποσκευασάμενοι,
786 988 936 1041 ἔθεον
968 992 1062 1043 ἐπὶ
1100 990 1157 1043 τὸ
1194 992 1433 1059 μάλιστα
1465 994 1659 1047 πονοῦν
1690 994 1798 1047 τῶν

218 1074 363 1125 κατὰ
387 1076 485 1152 τῂν
520 1078 746 1148 ἤπειρον
772 1081 989 1149 τειχῶν,
1020 1084 1113 1136 καὶ
1140 1084 1240 1148 τὰς
1278 1085 1453 1149 πύλας
1491 1087 1799 1151 διανοίξαν-

216 1180 312 1226 τες
344 1166 638 1235 ἐξεχέοντο,
677 1173 770 1225 καὶ
812 1173 921 1243 πῦρ
969 1176 1185 1230 ἐνίεσαν
1218 1180 1284 1248 τῇ
1319 1177 1440 1248 ὕλῃ,
1473 1180 1566 1232 καὶ
1618 1182 1799 1234 πᾶσαν

222 1256 559 1323 κατέφλεξαν
615 1261 805 1326 αὐταῖς
858 1267 1135 1335 ἀμάξαις·
1165 1271 1578 1340 ἐτραυμάτισαν
1611 1272 1669 1325 δὲ
1709 1273 1804 1325 καὶ

221 1346 333 1441 ἀπὸ
367 1350 474 1401 τῶν
498 1353 696 1420 τειχῶν
724 1354 1007 1423 βάλλοντες
1037 1360 1264 1424 πολλοὺς
1284 1363 1603 1432 ἀνθρώπους
1621 1379 1678 1416 τε
1710 1366 1805 1416 καὶ

1905 629 2150 696 nihilque
2179 628 2246 681 ad
2292 626 2603 696 oppidanos
2626 626 2943 696 :dlngendos
3001 626 3475 694 praetermittebat,

1907 736 2010 775 nec
2040 736 2170 776 sane
2195 720 2547 775 mediocriter
2577 719 2701 772 illos
2741 720 2991 773 vexabat.
3015 717 3274 772 Nicolaus
3301 718 3474 772 Vene-

1907 815 2013 868 tias
2067 828 2287 867 cursum
2329 823 2539 874 tenens,
2574 812 2626 864 in
2689 812 2924 864 hostium
2961 811 3189 865 classem
3231 808 3478 872 devenit,

1906 921 2068 974 quam
2100 904 2458 975 prasentiens
2481 918 2749 957 summam
2778 902 2831 957 in
2851 901 3107 969 fugiendo
3140 899 3479 954 celeritatem

1907 997 2179 1062 adhibuit,
2229 1006 2286 1051 et
2336 998 2522 1050 hostes
2579 996 2936 1064 insequentes
2998 993 3286 1062 ell‘ugiens,
3335 991 3483 1061 apud

1905 1090 2128 1144 Eubmne
2182 1088 2456 1156 quoddam
2514 1087 2858 1156 Oppidulum,
2896 1085 3117 1141 Venetis
3144 1083 3482 1149 subjectum,

1909 1180 2183 1239 triremes,
2214 1177 2364 1231 nulla
2392 1176 2612 1240 amissa,
2642 1178 2878 1231 servavit
2916 1195 2929 1231 :
2957 1178 3250 1245 ipsumque
3276 1182 3484 1227 tutatus

1908 1279 2011 1332 est,
2039 1268 2186 1338 quod
2237 1269 2341 1323 levi
2385 1269 2604 1338 negotio
2634 1268 2952 1324 Geuuenses
2985 1268 3280 1337 cepissent,
3309 1264 3362 1319 ni
3389 1264 3483 1319 ille

1913 1358 2166 1414 intrando
2192 1360 2597 1414 antevenisset.

226 1444 453 1503 ιππους,
486 1442 584 1493 οὐκ
616 1442 872 1508 ἐλάττους
904 1448 962 1501 δὲ
989 1450 1082 1502 καὶ
1124 1452 1305 1504 αὐτῶν
1357 1453 1900 1523 ἐτραυματίσθησαν.
1942 1451 2000 1505 '0
2032 1450 2288 1520 βασιλεὺς
2339 1450 2397 1502 δὲ
2449 1451 2550 1519 ήδη
2600 1450 2699 1520 τὴν
2761 1451 3107 1521 ἐπιχείρησιν
3157 1448 3300 1519 ὁρῶν
3356 1446 3484 1499 ἁδύ-

221 1544 408 1593 νατονν
462 1534 641 1586 καίτοι
713 1537 807 1588 καὶ
860 1542 1125 1609 πρότερον
1172 1542 1351 1607 εἰδὼς,
1400 1545 1658 1614 ἀπήγαγε
1714 1548 1810 1615 τὴν
1870 1544 2153 1615 στρατιὰν,
2205 1544 2297 1596 καὶ
2359 1542 2455 1610 τὴν
2503 1542 2602 1612 μὲν
2656 1542 2825 1612 πεζὴν
2882 1543 3137 1595 ἐκέλευεν
3174 1543 3482 1610 ἀναχωρεῖν

224 1624 451 1689 αὐτίκα,
487 1629 648 1692 αὐτὸς
682 1631 739 1683 δὲ
773 1632 870 1703 τὴν
913 1634 1074 1687 ἵππον
1106 1634 1245 1704 ἔχων
1294 1636 1513 1702 ἔμεινεν
1558 1640 1651 1691 ἐπι
1698 1637 1791 1691 τοῦ
1834 1637 2199 1708 στρατοπέδου
2224 1636 2322 1688 καὶ
2360 1635 2619 1704 ηὐλίσατο
2684 1636 2781 1703 τὴν
2842 1636 3036 1689 νύκτα.
3074 1636 3171 1698 Εἰς
3196 1635 3294 1703 τὴν
3324 1634 3486 1685 ὐστε-

226 1720 390 1785 ραίαν
414 1721 470 1774 δέ
504 1723 858 1797 ὡπλισμένην
891 1730 1115 1798 ἀγαγὼν
1146 1732 1245 1801 τὴν
1278 1735 1559 1802 στρατιάν,
1596 1734 1794 1804 εστησε
1838 1735 1943 1805 πρὸ
1970 1733 2079 1787 τῶν
2119 1732 2336 1785 Γαλατᾶ
2369 1733 2554 1785 πυλῶν
2615 1731 2896 1797 ἐφικανδν,
2935 1729 3108 1790 οὐδεὶς
3142 1728 3197 1779 δὲ
3236 1726 3485 1780 Λατίνων

225 1813 655 1883 ἀντεπεξῆλθεν,
684 1819 805 1873 οὐδὲ
838 1820 988 1889 βέλος
1042 1824 1256 1893 ἀφῆκεν
1311 1826 1642 1889 ἐπάὐτούς.
1691 1826 1932 1880 Ἐκεῖθεν
2000 1825 2056 1879 δὲ
2103 1825 2226 1879 ἐπεὶ
2258 1825 2446 1895 μηδεὶς
2515 1822 2862 1893 ἀντεπεξῄει,
2911 1822 2987 1884 εἰς
3049 1819 3343 1881 Βυζάντιον
3366 1819 3490 1870 ἀνέ-

226 1922 454 1975 στρεφε.
488 1909 755 1973 Νικόλαος
788 1912 844 1965 δὲ
899 1916 926 1967 ό
955 1915 1417 1973 τῶνεΒενετικῶν
1469 1920 1654 1991 ἄρχων
1704 1920 1800 1989 τὴν
1840 1917 2016 1971 αἰτίαν
2055 1918 2422 1989 ἀποκρύψας,
2476 1918 2543 1969 δι’
2609 1918 2675 1986 ἣν
2740 1915 2843 1984 τῆς
2889 1931 2949 1966 τε
3003 1913 3183 1982 μάχης
3218 1911 3489 1979 ἀπέσχετο

226 2000 571 2066 παντάπασι,
601 2008 695 2057 καὶ
720 2006 963 2075 βούλοιτο
1023 2013 1349 2083 ἀναχωρεῖν,
1394 2015 1558 2083 μόνον
1598 2016 1656 2069 δὲ
1716 2013 1876 2068 τοῦτο
1915 2014 2106 2077 εἰπὼν,
2138 2013 2215 2077 ὡς
2246 2014 2397 2081 παρὰ
2432 2014 2528 2083 τῆς
2563 2010 2779 2082 βουλῆς,
2838 2010 2928 2062 καὶ
2961 2006 3056 2061 τοῦ
3105 2004 3298 2065 δουκδς
3354 2005 3495 2054 dno-

227 2097 420 2150 πλέειν
452 2098 793 2170 κελευσθείη,
843 2103 980 2173 πρὸς
1012 2104 1269 2159 Βενετίαν
1298 2108 1579 2178 ἀπεχώρει
1611 2108 2038 2177 συνταξάμενος,
2101 2109 2195 2160 τὸν
2232 2109 2369 2179 πρὸς
2423 2107 2547 2169 τοὺς
2614 2106 2678 2157 ἐκ
2730 2102 2994 2164 Γεννούας
3042 2100 3279 2167 πόλεμον
3346 2100 3491 2167 μόνῳ

230 2193 451 2279 βασιλεῖ
484 2197 823 2262 καταλιπὼν,
852 2198 909 2261 ὃς
942 2200 1195 2270 τριήρεσί
1250 2219 1308 2255 τε
1367 2205 1432 2255 ἐκ
1486 2203 1754 2275 θαλάττης
1802 2204 2115 2274 ἐπολιόρκει
2150 2205 2271 2265 ταῖς
2333 2202 2536 2265 ίδίαις,
2593 2200 2686 2253 καὶ
2726 2201 2790 2252 ἐκ
2842 2198 2943 2266 τῆς
3001 2196 3229 2265 ἠπείρου
3287 2194 3489 2263 συχνὰς

228 2285 470 2339 ἐποιεῖτο
514 2285 613 2349 τὰς
657 2287 880 2354 ἐφόδους
910 2289 1145 2359 πέμπων
1206 2293 1489 2362 στρατιὰν,
1540 2294 1635 2346 καὶ
1692 2294 1871 2348 πάντα
1911 2293 2178 2364 ἔπραττεν
2230 2293 2290 2358 ἐξ
2328 2290 2403 2347 ὧν
2462 2291 2705 2353 ἐκείνους
2742 2289 2972 2358 πάσχειν
3005 2282 3072 2357 ἦν
3120 2285 3331 2347 κακῶς,
3396 2290 3495 2340 καὶ

231 2377 505 2433 ε6λαπτεν
535 2382 595 2433 οὐ
632 2381 827 2448 μέτρια
856 2383 997 2436 τινά.
1018 2382 1363 2447 Νικόλαοςδέ
1393 2386 1529 2455 πρὸς
1552 2384 1805 2439 Βενετίαν
1843 2385 2155 2451 ἀποπλέων,
2180 2385 2257 2454 τῷ
2289 2383 2403 2437 τῶν
2433 2382 2708 2451 πολεμίων
2750 2379 2923 2449 στόλῳ
2986 2378 3298 2447 περιέτυχε,
3360 2392 3493 2443 προ-

231 2472 561 2540 αισθόμενος
589 2473 667 2537 δὲ,
705 2474 935 2543 ἔφευγεν
978 2468 1011 2548 ᾖ
1060 2475 1259 2545 τάχους
1322 2473 1469 2548 εἶχεν
1492 2518 1508 2543 ,
1582 2478 1879 2533 ἐπεδίωκόν
1914 2496 1973 2532 τε
1998 2480 2047 2533 οἱ
2085 2479 2360 2548 πολέμιοι,
2388 2475 2602 2545 φθάσας
2634 2473 2692 2526 δέ
2722 2472 2921 2533 αὐτοὺς
2951 2471 3086 2541 πρὸς
3110 2472 3174 2539 τῇ
3223 2466 3363 2521 κατᾶ
3393 2467 3493 2534 τὴν

235 2565 474 2618 Εὐὸοιαν
526 2565 773 2637 πολίχνῃ,
804 2566 841 2636 ἢ
906 2567 1093 2630 αὐτοῖς
1134 2568 1283 2621 ἐστιν
1337 2569 1598 2639 ὑπήκοος,
1651 2570 1750 2632 τάς
1786 2587 1845 2622 τε
1885 2573 2129 2641 τριήρεις
2171 2569 2432 2621 διέσωσεν
2484 2566 2742 2635 οὐδεμίαν
2777 2563 3085 2629 ἀπολέσας’
3142 2562 3236 2614 καὶ
3309 2577 3496 2628 περιε-

236 2666 435 2729 ποίησε
466 2660 562 2732 τὴν
613 2663 893 2733 πολίχνην,
949 2666 1125 2735 ῥᾷστα
1173 2663 1241 2718 ἂν
1295 2666 1599 2720 ἑαλωκυῖαν
1644 2668 1692 2720 εί
1728 2665 1803 2737 μὴ
1843 2666 2150 2735 φθάσαντες
2185 2665 2338 2720 αὐτοὶ
2360 2663 2634 2734 εἰσῆλθον.

1630 2828 1853 2886 CAPUT
1892 2827 2104 2883 XXVII.

237 2939 351 3024 Per
389 2942 609 3024 inciditis
665 2945 921 3024 quosdam
956 2949 1272 3024 pervertitur
1311 2950 1511 3024 junior
1544 2953 1853 3019 imperator.
2080 2950 2274 3024 bellum
2308 2950 2723 3024 redintegratur.
2759 2945 2966 3024 ﬁcosa:
3014 2944 3228 2997 illorum
3260 2944 3495 3024 ululetq-

312 3012 511 3094 lentim.
549 3012 879 3094 Simplicitas
936 3012 985 3094 et
1028 3019 1250 3094 candor
1272 3012 1540 3094 junioris
1602 3012 1959 3094 imperatoris.
2016 3023 2343 3075 Andronicus
2400 3012 2596 3073 Ασαὶιεσ
2656 3016 2929 3094 malevolis
2962 3023 3252 3083 suspectus,
3311 3013 3372 3065 ab
3424 3013 3495 3094 eis

311 3083 784 3159 decipiturfraude
811 3087 1129 3159 admirabili.
1166 3099 1221 3141 ut
1265 3082 1586 3159 Byzantium
1623 3082 1876 3144 discedat.
1912 3091 2310 3143 Cantacuzcnus
2347 3092 2580 3142 adversis
2628 3089 2825 3159 nuntiis
2862 3082 3123 3159 tristatus,
3168 3094 3387 3159 matrem
3428 3082 3496 3133 ad

311 3152 495 3231 ﬁli‘mrt‘
518 3154 614 3207 sibi
638 3156 1085 3231 reconciliandam
1114 3160 1292 3225 mittit,
1311 3152 1464 3229 "quod
1494 3160 1712 3230 feliciter
1748 3170 1986 3231 prwstat.
2018 3161 2227 3216 Cralem
2252 3174 2457 3230 quoque
2482 3170 2528 3213 et
2555 3158 2857 3215 Cralwnam
2878 3156 3201 3210 severissime
3226 3155 3494 3224 objurgat,

310 3232 363 3273 et
393 3221 585 3277 bellum
618 3223 851 3293 depellit.

330 3337 419 3389 Ἐν
453 3338 663 3402 τούτοις
693 3340 749 3393 δὲ
780 3343 887 3396 τῶν
915 3346 1257 3415 πραγμάτων
1299 3346 1488 3412 ὄντων,
1522 3350 1615 3402 καὶ
1650 3352 1677 3402 ὁ
1708 3350 1807 3404 τῶν

1993 3351 2107 3405 Hoc
2142 3367 2322 3405 rerum
2349 3360 2491 3406 statu
2516 3349 2680 3403 etiam
2706 3347 2912 3402 bellum
2935 3346 3080 3400 inter
3136 3345 3497 3413 imperatores

241 3427 511 3491 βασιλέων
537 3432 771 3501 πόλεμος
787 3434 940 3499 αὖθις
957 3437 1174 3507 ἤρχετο.
1197 3441 1291 3492 καὶ
1314 3440 1618 3509 ἐλάμϐανεν
1643 3442 1823 3506 αἰτίας

244 3520 307 3571 οὐ
348 3523 571 3591 μικράς.
610 3524 673 3577 Ol
718 3526 827 3594 γὰρ
868 3530 927 3579 ἐν
959 3527 1327 3603 Θεσσαλονίκῃ
1368 3532 1507 3600 μετὰ
1555 3532 1826 3601 βασιλέως

245 3613 696 3685 ὑπολελειμμένοι
726 3618 819 3673 τοῦ
851 3620 972 3673 νέου
1024 3621 1291 3687 Ἰωάννου,
1324 3624 1424 3677 οὐκ
1450 3623 1680 3694 ἠγάπων
1710 3628 1825 3688 τοῖς

245 3705 538 3771 παροῦσιν,
596 3709 735 3762 ἀλλὰ
767 3713 1055 3783 νεωτέροις
1093 3714 1433 3784 ἐπεχείρουν,
1468 3718 1562 3769 καὶ
1599 3716 1823 3786 βασιλέα

246 3798 340 3849 τὸν
388 3799 510 3851 νέον
556 3800 917 3871 ἐξεπολέμουν
949 3804 1160 3874 βασιλεῖ
1201 3804 1279 3875 τῷ
1332 3806 1608 3877 κηδεστῇ·
1643 3808 1823 3861 καίτοι

248 3892 297 3941 ol
322 3890 526 3959 πολλῆς
558 3893 844 3962 εὐμενείας
866 3896 1013 3965 παρὰ
1034 3896 1479 3965 Καντακουξηνῷ
1509 3898 1585 3966 τῷ
1615 3898 1827 3966 βασιλεῖ

244 3982 635 4050 τυγχάνοντες,
689 3985 923 4038 καὶτῶν
979 3986 1149 4039 εὐνων
1196 3990 1289 4039 καὶ
1337 3988 1556 4040 οἰκείων
1585 3989 1825 4057 μάλιστα

247 4074 538 4139 δοκοῦντες
576 4072 735 4130 εἶναι.
794 4079 1043 4145 Ἐφασαν
1110 4079 1215 4148 γάρ
1289 4081 1620 4146 ἀγανακτεῖν
1686 4082 1825 4152 ὑπὲρ

250 4166 419 4219 αὐτοῦ
480 4168 854 4236 ἀδικουμένου,
908 4170 1001 4222 καὶ
1054 4170 1152 4240 τῆς
1215 4171 1474 4241 πατρῴας
1528 4174 1827 4242 ἡγεμονίας

252 4260 759 4329 ἀποστερουμένου.
791 4261 899 4313 Καὶ
932 4262 1041 4332 γάρ
1089 4262 1151 4314 οὐ
1195 4262 1354 4316 τοῦτο
1408 4264 1567 4332 μόνον
1598 4261 1735 4317 εἶναι
1767 4266 1828 4318 τὸ

251 4352 447 4417 δεινὸν,
477 4353 559 4405 ὅτι
591 4352 888 4421 σύμπασαν
920 4356 1122 4417 ἐκεῖνος
1153 4354 1292 4424 ἔχων
1320 4354 1418 4424 τὴν
1451 4355 1626 4427 ἀρχὴν
1654 4357 1829 4427 ὄνομα

255 4446 421 4513 μόνον
458 4444 735 4515 βασιλείας
764 4446 1154 4499 καταλέλοιπεν
1185 4441 1334 4517 αὐτῷ
1362 4448 1517 4502 κενὸν
1562 4452 1827 4520 πραγμά·

252 4555 384 4602 των,
417 4537 556 4591 ἀλλὰ
592 4541 685 4591 καὶ
718 4536 908 4609 ὥσπερ
959 4538 1255 4607 ὑπερορίαν
1284 4538 1829 4609 καταψηφισάμενος,

253 4627 483 4695 ἀγαγὼν
510 4630 569 4680 ἐν
605 4628 788 4694 μέσοις
824 4628 1126 4695 πολεμίοις,
1150 4630 1539 4684 καταλέλοιπεν
1570 4632 1831 4701 οὐδεμιᾶς

253 4718 515 4790 προνοίας
569 4719 831 4787 ἀξιώσας,
886 4719 1073 4789 ὥσπερ
1120 4720 1486 4790 ἐπηγγέλλετο
1538 4721 1825 4793 ἀπαίρων’

252 4813 395 4866 ἀλλά
424 4812 696 4880 πολέμους
745 4812 1239 4882 προφασιζόμενος,
1269 4812 1368 4884 τὴν
1410 4812 1701 4884 Ῥωμαίων
1733 4816 1831 4869 κά-

254 4909 419 4979 θηται
447 4908 604 4971 αὐτὸς
632 4911 929 4979 ήγεμονίαν
952 4907 1114 4977 ἔχων,
1151 4908 1315 4962 αὐτὸν
1342 4910 1402 4963 δὲ
1430 4909 1620 4982 ὥσπερ
1640 4928 1693 4963 τι
1723 4910 1830 4965 τῶν

254 5003 551 5072 ἀχρήστων
588 5003 835 5071 προεῖτο,
864 5001 899 5070 ἢ
927 5001 1032 5053 ὐπὸ
1076 4999 1365 5070 Τριδαλῶν
1395 5002 1830 5073 ἐκπολιορκηθη-

256 5091 557 5162 σὸμενον.ἢ
578 5092 1044 5162 προδοθησόμενον
1070 5092 1161 5161 ὑφ’
1177 5091 1349 5156 οὕτως
1365 5094 1607 5148 ἀτάκτου
1628 5096 1827 5164 δήμου,

255 5188 354 5239 καὶ
403 5185 713 5252 τολμῶντος
756 5184 934 5237 πάντα
994 5185 1261 5254 εὐχερῶς.
1316 5187 1384 5238 Ἀ
1428 5188 1533 5256 χρὴ
1595 5188 1829 5258 συνορᾷν

256 5279 445 5341 αὐτὸν,
477 5279 570 5330 καὶ
597 5280 839 5340 σκοπεῖν,
865 5279 1014 5340 ὅπως
1037 5278 1137 5345 τῆς
1160 5277 1421 5348 πατρῴας
1458 5275 1613 5341 αὖθις
1638 5282 1835 5352 ἐγκρα-

254 5372 357 5440 τὴς
380 5372 592 5439 γένοιτο
622 5372 795 5440 ἀρχῆς
849 5372 1021 5441 ῥᾷστά
1057 5388 1119 5438 γε
1146 5372 1461 5441 δυνάμενος.
1515 5374 1742 5444 Κράλης
1770 5392 1831 5427 τε

257 5465 372 5531 γάρ
393 5463 623 5531 δυνάμει
659 5463 808 5535 πάσῃ
862 5463 1122 5534 βοηθήσει
1168 5466 1225 5516 ἐν
1258 5465 1370 5527 τοῖς
1402 5464 1836 5534 πολεμιωτάτοις

257 5556 471 5610 ἐκεῖνον
494 5556 663 5621 ἄγων,
686 5556 778 5609 καὶ
805 5553 1200 5624 βουλησόμενος
1230 5555 1380 5625 αὐτῷ
1407 5557 1642 5625 μάλιστα
1661 5559 1836 5611 συναί·

261 5646 480 5718 ρεσθαι,
506 5647 601 5698 καὶ
644 5646 792 5699 αὐτοὶ
828 5646 967 5715 ὑπὲρ
1003 5645 1170 5698 αὐτοῦ
1197 5646 1376 5700 πάντα
1412 5648 1656 5702 κίνδυνον
1704 5649 1837 5702 ὐπο-

266 5737 516 5808 μενοῦσι,
552 5739 647 5790 καὶ
692 5737 989 5808 προθύμως
1033 5736 1521 5805 συναγωνιοῦνται,
1580 5741 1673 5792 καὶ
1711 5743 1840 5808 χρή-

268 5846 423 5900 μασι,
458 5829 549 5881 καὶ
572 5827 758 5882 ὅπλοις
788 5829 883 5881 καὶ
918 5827 1155 5897 σώμασι,
1189 5828 1278 5882 καὶ
1301 5832 1374 5900 μὴ
1394 5834 1678 5885 κατοκνεῖν
1703 5833 1837 5899 πρὸς

1928 3459 1994 3498 ex
2044 3443 2226 3497 causis
2282 3458 2389 3496 non
2448 3441 2665 3495 levibus
2713 3437 3021 3493 recruduit.
3052 3434 3157 3501 Qui
3191 3436 3339 3489 enim
3373 3450 3496 3489 cum

1925 3532 2135 3587 Joanne
2162 3532 2499 3601 imperatore
2520 3528 2925 3585 Thessalonica:
2944 3534 3338 3591 remanserant,
3367 3540 3503 3594 prte-

1929 3624 2177 3679 sentibus
2230 3638 2341 3677 non
2413 3622 2692 3687 contenti,
2753 3636 2895 3675 nova
2959 3618 3376 3682 moliebantur,
3446 3626 3503 3673 et

1925 3716 2196 3773 Joannem
2236 3716 2303 3770 ad
2332 3730 2482 3769 arma
2516 3729 2710 3769 socero
2754 3713 3041 3768 inferenda
3087 3710 3457 3765 sollicitabant
3484 3749 3498 3772 ,

1927 3821 2239 3877 quanquam
2292 3805 2457 3859 iidem
2492 3805 2631 3874 apud
2663 3804 3109 3859 Cantaeuzenum
3142 3800 3368 3870 gratiosi
3401 3799 3503 3853 ad-

1927 3898 2177 3963 modum,
2222 3896 2386 3966 eique
2434 3894 2752 3949 amicissimi
2787 3910 2850 3948 ac
2882 3892 3298 3947 familiarissimi
3346 3893 3502 3947 vide-

1929 4001 2144 4044 rentur.
2186 3988 2419 4043 Aiebant
2471 3987 2642 4050 enim,
2706 3987 2995 4039 molestum
3066 3985 3169 4039 sibi
3224 3986 3500 4049 accidere,

1928 4081 2074 4153 quod
2102 4091 2328 4152 paterno
2355 4077 2640 4135 fraudatus
2688 4077 2917 4147 imperio
2952 4088 3059 4130 tam
3098 4076 3300 4147 iniuste
3329 4077 3505 4131 habe-

1931 4182 2106 4227 retur.
2165 4171 2381 4225 Etenim
2423 4186 2531 4225 non
2562 4170 2667 4224 hoc
2698 4169 2875 4223 solum
2907 4183 3027 4222 esse
3054 4168 3326 4238 iniquum,
3357 4168 3503 4236 quod

1930 4266 2025 4321 ille
2079 4274 2254 4319 totum
2304 4264 2409 4318 sibi
2455 4263 2730 4318 asciscens
2792 4262 3106 4329 imperium,
3153 4260 3506 4330 imperatoris

1930 4358 2257 4412 vocabulum
2300 4357 2463 4411 inane
2485 4371 2547 4409 ac
2573 4355 2780 4409 nudum
2817 4368 3044 4422 prorsus
3084 4354 3132 4406 ei
3162 4353 3500 4422 reliquisset,

1932 4450 2028 4504 sed
2073 4448 2219 4519 quod
2280 4448 2445 4503 etiam
2499 4446 2655 4516 quasi
2698 4444 2890 4499 exsilio
2945 4444 3276 4509 damnasset,
3331 4443 3508 4499 abdu-

1932 4554 2191 4612 ctumque
2221 4543 2278 4596 in
2303 4541 2501 4596 mediis
2525 4538 2779 4593 hostibus
2810 4537 3169 4601 deseruisset,
3195 4538 3342 4590 nulla
3373 4553 3507 4593 cura

1933 4634 2199 4699 adhibita,
2254 4632 2717 4704 quemadmodum
2764 4629 3056 4684 discedens
3112 4630 3505 4698 promisisset:

1858 4692 1902 4753 ο
1938 4729 2030 4785 sed
2066 4728 2332 4782 bellorum
2379 4739 2574 4779 causas
2618 4721 3001 4791 contingendo,
3032 4722 3148 4791 ipse
3199 4721 3507 4775 Romanum

1942 4832 2137 4876 tenens
2187 4818 2555 4890 principatum
2618 4815 2859 4875 sederet,
2889 4828 3019 4867 eum
3055 4828 3208 4878 vero,
3237 4822 3295 4867 ut
3335 4816 3515 4869 homi-

1937 4930 2062 4969 nem
2119 4912 2323 4967 nullius
2388 4908 2551 4977 frugi,
2585 4917 2677 4962 aut
2704 4922 2733 4961 a
2759 4906 3014 4960 Triballis
3062 4908 3508 4975 expugnandum,

1939 5017 2033 5063 aut
2084 5023 2113 5061 a
2168 5015 2277 5059 tam
2339 5002 2654 5057 turbulento
2717 5008 2773 5054 et
2826 5000 2889 5053 ad
2958 5014 3175 5052 omnem
3222 4998 3509 5053 audaciam

1939 5096 2207 5168 prmeipiti
2240 5095 2443 5165 pepulo
2478 5092 2821 5162 prodendum
2854 5091 3137 5161 abjicerct.
3174 5090 3304 5155 Qum
3334 5092 3513 5144 anim-

1936 5188 2266 5244 advertenda
2324 5184 2453 5247 sint,
2509 5191 2565 5235 et
2616 5180 3104 5240 considerantium,
3165 5195 3274 5247 quo
3348 5191 3508 5248 pacto

1936 5281 2202 5349 majorum
2265 5289 2487 5329 suorum
2546 5272 2836 5341 imperium
2892 5278 3219 5336 recuperet,
3277 5271 3334 5322 in
3400 5286 3511 5337 quo
3561 5256 3573 5271 ’

1938 5373 2157 5441 quidem
2209 5369 2357 5423 nulla
2398 5367 2469 5421 sit
2507 5367 2690 5419 l'utura
2741 5362 3050 5417 difﬁcultas.
3086 5360 3300 5416 Cralem
3363 5366 3509 5415 enim

1936 5464 2319 5520 Cantaeuzeno
2355 5458 2812 5519 infensissimum,
2854 5466 2964 5509 tcta
2998 5456 3239 5523 potentia
3274 5455 3511 5508 libenter

1942 5555 2148 5609 anxilio
2193 5565 2603 5606 succursurum.
2634 5548 2705 5603 Se
2736 5563 2952 5617 quoque
2984 5548 3234 5616 quamvis
3283 5547 3514 5600 dimicu-

1941 5645 2148 5700 tionem
2205 5641 2400 5711 capitis
2451 5640 2571 5707 ejus
2632 5654 2797 5693 causa
2858 5638 3083 5691 ruinime
3139 5646 3510 5703 recusaturos,

1942 5734 2248 5804 rupideque
2284 5746 2386 5783 una
2426 5741 2479 5783 et
2538 5728 2803 5797 pecuniis,
2835 5737 2891 5781 et
2949 5726 3136 5790 armis,
3169 5735 3225 5779 ct
3265 5728 3514 5793 corpori-

1945 5830 2042 5884 bus
2092 5834 2409 5882 certaturos.
2472 5823 2840 5877 Ilortahantur
2883 5820 3130 5890 proinde,
3167 5835 3232 5874 ne
3280 5820 3345 5873 ad
3400 5835 3514 5873 rem
