4218 6446
728 401 836 463 S215

1932 412 2254 473 JDANNIS
2296 415 2820 479 CAN'I‘ACUZENI

3891 428 3999 495 216

726 514 949 585 aggredi
990 525 1318 570 moraretur.
1350 516 1647 576 inducebat
1679 531 1860 576 autem
1901 525 2023 579 illos
2058 527 2124 580 ad
2150 542 2295 580 arma

2408 529 2505 598 τὴν
2557 533 2898 601 ἐπιχείρησιν
2958 551 3258 605 παρῃνουν.
3338 537 3622 607 Ἐνήγοντο
3666 539 3724 592 δὲ
3789 542 3997 597 ἐκεῖνοι

720 608 889 677 818
938 608 1084 663 inter
1125 610 1484 678 imperatores
1541 612 1897 669 instauranda
1952 632 2058 670 non
2113 633 2305 687 parum

718 701 996 755 vitiositas
1056 710 1111 755 et
1141 702 1407 771 nequitia,
1439 720 1547 774 qlia
1588 706 1672 759 vel
1703 706 1769 760 ad
1804 707 2023 762 infanda
2066 711 2305 780 prompti

720 791 1060 855 ferebantur,
1099 795 1287 862 potius
1346 807 1524 849 tamen
1576 798 1840 864 promissa
1873 815 1901 853 a
1934 798 2094 855 Crale
2134 816 2308 870 pecu-

718 888 827 947 nia,
855 887 896 939 si
926 887 1124 940 bellum
1146 888 1290 940 inter
1322 888 1598 944 Romanos
1620 893 1818 944 iterum
1850 891 2302 955 inﬂammassent,

716 993 908 1031 eorum
942 980 1158 1033 animos
1200 980 1615 1043 deprwavcrat.
1657 981 1865 1048 Quibus
1897 984 2082 1053 junior
2131 984 2305 1051 impeo

716 1076 886 1133 rator,
920 1078 1107 1137 utpote
1152 1069 1469 1125 calliditatis
1517 1083 1573 1125 et
1624 1088 1940 1127 sermonum
1974 1084 2139 1142 atque
2182 1088 2302 1127 mo-

716 1174 838 1210 rum
873 1160 1202 1227 (orruptela:
1246 1162 1473 1216 omnino
1516 1162 1740 1232 ignarus
1798 1174 1852 1217 et
1881 1164 2220 1233 inexpertus,
2250 1174 2305 1219 ct

715 1263 868 1317 a-qua
910 1248 1301 1322 fructuosziqne
1352 1253 1611 1315 suaderi,-
1644 1269 1707 1306 ac
1736 1254 1841 1308 sibi
1879 1254 2090 1309 studeri
2130 1264 2299 1317 ratus,

718 1342 1165 1411 obtemperavit:
1215 1355 1269 1399 et
1332 1346 1573 1412 profecto
1628 1347 2061 1410 inimicissimos,
2096 1348 2301 1417 quique

715 1434 787 1488 ob
836 1436 941 1489 vile
978 1436 1261 1497 lucellum,
1296 1448 1349 1490 et
1403 1453 1630 1505 parvum
1684 1441 2070 1507 compendiqu
2120 1441 2297 1510 ipsum

713 1540 837 1579 cum
876 1527 1137 1579 universo
1190 1526 1421 1595 imperio
1470 1528 1855 1597 prodiderunt,
1892 1545 1993 1599 pro
2031 1533 2301 1586 amicimi—

716 1618 819 1669 Inis
850 1617 1041 1672 habuit
1072 1636 1084 1670 :
1122 1618 1451 1687 «ptibuScum
1505 1620 1811 1675 deliberare
1853 1622 2041 1691 cepit,
2070 1622 2215 1678 unde
2246 1636 2300 1678 et

714 1712 991 1778 quomodo
1043 1709 1243 1767 bellum
1292 1722 1484 1764 contra
1523 1728 1777 1766 socerum
1816 1715 2146 1768 institueret.
2180 1716 2218 1767 P
2243 1732 2302 1768 a-

712 1803 828 1855 cuit
864 1803 1054 1871 igitur,
1086 1802 1407 1871 priusquam
1434 1805 1684 1858 consulta
1708 1816 2049 1869 emanarent,
2076 1808 2293 1861 Andro-

714 1901 899 1949 nicum
949 1897 1183 1949 Asanent
1242 1895 1692 1951 Thessalonicam
1757 1900 2070 1963 removeri,
2132 1916 2294 1970 quem

712 1991 1045 2042 acerrimum
1077 1988 1194 2042 fore
1218 1989 1617 2054 adversarium,
1655 2007 1758 2046 nec
1788 1993 1965 2046 solum
1998 1994 2204 2059 alioqui
2237 2010 2295 2049 se

712 2083 1120 2149 oppesiturum,
1169 2081 1261 2135 sed
1297 2092 1351 2135 et
1382 2084 1656 2151 juniorem
1684 2086 2069 2153 imperatorem
2106 2090 2295 2141 admo-

710 2175 959 2227 niturum
1002 2174 1361 2239 verebantur,
1392 2177 1467 2229 uti
1495 2187 1697 2231 conatu
1734 2188 1842 2232 tam
1883 2179 2022 2232 male
2044 2181 2293 2235 oniinato

709 2268 1023 2331 desisteret,
1053 2283 1187 2323 neve
1234 2268 1525 2339 imperium
1564 2270 1745 2340 (cujus
1780 2273 1940 2341 paulo
1974 2283 2098 2340 post
2139 2274 2291 2329 futu-

710 2378 808 2415 rus
871 2362 943 2417 sit
994 2363 1272 2427 dominus,
1324 2362 1369 2416 si
1418 2378 1546 2433 erga
1596 2379 1849 2418 socerum
1902 2366 2290 2436 imperatorem

712 2454 882 2522 probe
934 2464 989 2506 et
1038 2453 1272 2507 candide
1328 2469 1387 2509 se
1436 2454 1689 2524 gesserit)
1746 2456 1928 2509 sciens
1982 2472 2045 2510 ac
2103 2458 2293 2512 volens

710 2544 1114 2613 pessunnlaret.
1149 2544 1293 2611 Ergo
1324 2560 1451 2598 eum
1496 2560 1619 2599 cum
1663 2545 2016 2600 simulatione
2039 2550 2293 2603 amicitia:

711 2637 1000 2701 adeuntes,
1047 2646 1457 2691 sacramentum
1518 2637 1724 2691 silentii
1786 2638 2029 2707 exigunt,
2058 2641 2291 2709 iunioris

712 2726 1067 2795 imperatoris
1137 2726 1510 2781 secretissima
1580 2727 1971 2795 patel‘acturos.
2032 2729 2132 2785 Ubi
2185 2732 2291 2785 ﬁde

705 2818 943 2886 jurantis
1017 2826 1239 2885 accepta
1309 2820 1428 2872 ausi
1482 2830 1608 2873 sunt
1668 2822 1876 2881 lidere,
1937 2837 2063 2876 cum
2133 2821 2292 2878 Crale

710 2911 915 2963 lia-llum
972 2927 1164 2965 socero
1239 2911 1583 2965 inferendum
1656 2914 1972 2983 pepigisse,
2044 2916 2291 2986 nihilque

708 3003 885 3071 pactis
913 3012 966 3057 et
991 3003 1274 3057 conventis
1296 3005 1487 3058 deesse
1524 3014 1773 3069 narrant,
1809 3006 2133 3077 Cralemque
2168 3024 2291 3078 pro-

708 3095 1038 3164 penitissimo
1057 3094 1240 3149 studio
1266 3107 1322 3149 et
1345 3096 1629 3151 alacritate
1658 3098 1975 3166 imperatori
1995 3101 2292 3170 opitulatu-

2413 622 2547 692 πρὸς
2572 624 2633 675 τὸ
2657 627 2827 677 κινεῖν
2848 626 2956 677 τῶν
2982 626 3249 695 βασιλέων
3279 628 3417 698 πρὸς
3440 630 3705 699 ἀλλήλους
3752 632 3999 702 πόλεμον

2410 713 2508 782 οὐχ
2564 710 2726 785 ἦττον
2756 717 2856 783 μὲν
2895 716 2991 770 καὶ
3018 719 3240 787 τρόπων
3295 721 3615 789 φαυλότητι,
3655 725 3751 775 καὶ
3790 725 4001 794 μοχθη-

2412 804 2524 873 ρία,
2624 806 2715 857 καὶ
2743 804 2879 876 πρὸς
2924 807 2990 859 τὰ
3027 808 3284 876 αἴσχιστα
3314 809 3572 878 ἐξήγοντο
3596 812 3853 880 ἑτοίμως,
3890 816 3998 880 μά-

2408 897 2564 949 λιστα
2600 897 2654 949 δὲ
2687 898 2780 950 καὶ
2818 900 3064 968 χρήμασι
3096 898 3477 971 διεφθάρησαν
3510 901 3645 969 πρὸς
3698 902 3919 971 Κραλη,
3948 905 3999 955 εί

2406 990 2499 1041 τὸν
2527 991 2663 1057 πρὸς
2693 989 3266 1060 ἀλλήλουςῬωμαίων
3297 988 3455 1055 αὖθις
3492 993 3734 1062 πόλεμον
3766 996 3994 1047 κινοῖεν.

2408 1072 2502 1140 Οἷς
2530 1079 2558 1129 ὁ
2600 1077 2720 1140 νέος
2770 1077 3045 1148 βασιλεὺς,
3100 1077 3199 1132 ἀτε
3232 1078 3297 1150 δὴ
3335 1080 3473 1149 πρὸς
3507 1082 3871 1150 πανουργίας,
3901 1084 3997 1133 καὶ

2406 1166 2705 1237 διαφθορὰς
2730 1170 2824 1221 καὶ
2845 1168 2994 1237 βίων,
3024 1169 3121 1221 καὶ
3156 1170 3331 1236 λόγων
3364 1172 3717 1224 παντάπασιν
3748 1172 3999 1240 ἀπείρως

2406 1259 2565 1326 ἔχων,
2599 1261 2695 1314 καὶ
2744 1260 2928 1312 δίκαια
2964 1260 3336 1329 βουλεύεσθαι,
3375 1264 3472 1315 καὶ
3514 1265 3873 1333 συμφέροντα
3902 1282 3997 1316 νο-

2408 1348 2595 1416 μίτας,
2621 1349 2717 1402 καὶ
2744 1350 2843 1418 τὴν
2876 1350 3114 1419 σπουδὴν
3140 1351 3282 1419 ὑπὲρ
3316 1351 3481 1403 αὑτοῦ
3512 1352 3812 1412 ποιεῖσθαι,
3844 1350 3997 1402 ἐπεί-

2405 1439 2529 1491 θετό
2565 1456 2648 1505 τε,
2682 1441 2774 1491 καὶ
2808 1442 2866 1491 ἐν
2892 1440 3007 1503 τοῖς
3044 1438 3278 1506 μάλιστα
3304 1440 3414 1491 τῶν
3440 1439 3611 1507 φίλων
3645 1437 3838 1490 ἔταττε
3865 1438 3995 1499 τοὺς

2406 1531 2852 1599 πολεμιωτάτους
2882 1531 2957 1593 ὡς
2987 1530 3228 1601 ἀληθῶς.
3260 1530 3354 1582 καὶ
3383 1529 3608 1598 κέρδους
3637 1527 3865 1599 praepeti,
3900 1528 3997 1579 καί

2401 1624 2688 1692 λήμματος
2732 1621 2892 1675 αὐτόν
2918 1640 2998 1687 τε,
3035 1622 3127 1675 καὶ
3161 1623 3462 1691 σύμπασαν
3517 1621 3818 1689 ἡγεμονίαν
3851 1635 3996 1687 προ-

2402 1714 2667 1779 διδόντας,
2734 1715 2828 1768 καὶ
2878 1714 3176 1767 ἐσκέπτετο
3212 1717 3310 1767 σὺν
3363 1715 3549 1774 αὐτοῖς
3574 1753 3589 1776 ,
3646 1713 3769 1765 ὅθεν
3800 1729 3862 1763 τε
3896 1713 3994 1763 καὶ

2402 1809 2548 1869 ὅπως
2586 1808 2679 1859 τὸν
2712 1808 2846 1877 πρὸς
2882 1807 3108 1877 βασιλέα
3146 1808 3237 1860 τὸν
3274 1807 3540 1876 κηδεστὴν
3580 1806 3822 1873 πόλεμον
3855 1806 3993 1857 ἀνα-

2401 1902 2598 1971 κινοίη.
2640 1900 2847 1954 Ἐδόκει
2882 1899 2946 1969 δὴ
2978 1901 3113 1952 δεῖν’
3142 1901 3270 1969 πρὶν
3331 1901 3579 1951 ἔκπυστα
3622 1896 3881 1964 γενέσθαι
3914 1896 3985 1948 τά

2400 1993 2820 2064 βεϐουλευμένα,
2892 1993 3127 2063 Ἀσάνην
3194 1995 3287 2047 τὸν
3341 1992 3681 2059 ’Λνδρόνικον
3744 1991 3987 2059 ἀφιστᾷν

2396 2085 2827 2151 Θεσσαλονίκης·
2862 2086 3189 2138 ὑπώπτευον
3224 2086 3333 2154 γὰρ
3381 2086 3593 2137 ἐκεῖνον
3626 2084 3695 2136 τὰ
3746 2084 3987 2153 μέγιστα

2397 2176 2841 2242 ἐναντιώσεσθαι,
2913 2177 2973 2229 οὐ
3046 2175 3213 2245 μόνον.
3266 2175 3793 2244 ἁντικαθιστάμενον
3844 2176 3986 2244 προς

2394 2269 2583 2333 τᾶλλα,
2617 2269 2754 2322 ἀλλά
2800 2269 2892 2321 καὶ
2919 2268 3131 2338 βασιλεῖ
3175 2267 3252 2337 τῷ
3310 2268 3417 2337 νέῳ
3446 2266 3826 2337 παραινοῦντα
3871 2267 3985 2318 τῶν

2396 2361 2617 2414 ἀτόπων
2667 2359 2971 2430 ἀπέχεσθαι
3024 2360 3454 2429 ἐπιχειρήσεων,
3495 2360 3589 2412 καὶ
3628 2359 3703 2427 μὴ
3731 2357 3981 2423 διαφθεί-

2399 2470 2512 2523 ρειν
2541 2454 2639 2521 τὴν
2688 2452 2989 2520 ἠγεμονίαν
3046 2452 3247 2517 ἐκοντὶ,
3288 2444 3355 2521 ἧς
3389 2450 3566 2502 ἔσοιτο
3598 2449 3789 2518 κύριος
3834 2449 3983 2517 μετά

2398 2544 2591 2613 μικρὸν
2620 2547 2669 2596 εἰ
2700 2544 2837 2613 πρὸς
2871 2543 3097 2612 βασιλέα
3126 2545 3217 2596 τον
3255 2543 3524 2613 κηδεστὴν
3558 2543 3976 2610 εὐγνωμονοίη,

2396 2638 2489 2690 καὶ
2517 2635 2907 2705 προσελθόντες
2942 2639 2998 2687 ἐν
3034 2635 3390 2706 πρασχὴςητι
3425 2635 3607 2703 φιλίας
3638 2636 3831 2702 πρῶτα
3873 2636 3978 2702 μὲν

2392 2729 2587 2798 ὅρκους
2623 2727 2892 2799 ἀπῄτουν,
2931 2728 3073 2781 ὥστε
3126 2728 3468 2796 καταδήλους
3503 2728 3576 2797 μὴ
3609 2730 3809 2790 ποιεῖν,
3850 2729 3981 2795 μέλ-ι

2393 2821 2583 2883 λοντας
2642 2819 3007 2873 ἐκκαλύπτειν
3051 2819 3117 2871 τὰ
3157 2819 3393 2888 μάλιστα
3423 2820 3719 2890 ἀπόρρητα
3755 2818 3834 2888 τῷ
3864 2822 3972 2886 ’δέ-ιι
4006 2804 4015 2811 ’

2395 2914 2623 2985 βασιλεῖ.
2657 2915 2893 2966 Ἔπειτα
2928 2913 3052 2964 ἐπεὶ
3097 2911 3407 2981 ἐλάμϐανον
3438 2912 3535 2974 τὰς
3574 2911 3811 2975 πίστεις,
3875 2912 3976 2964 καὶ

2390 3004 2531 3079 ἦσαν
2562 3008 2619 3058 ἐν
2651 3004 2977 3076 πεποιθήσει
3007 3004 3191 3075 δῆθεν,
3236 3004 3460 3073 βασιλέα
3506 3004 3598 3057 τὸν
3630 3006 3751 3057 νέον
3782 3004 3976 3070 ἔλεγον

2396 3099 2687 3153 συνθέσθαι
2722 3100 2919 3169 Κρόιλῃ
2950 3099 3044 3151 ἐπὶ⁵
3069 3098 3145 3167 τῷ
3175 3098 3412 3168 πόλεμον
3449 3100 3621 3151 κινεῖν
3644 3099 3785 3151 κατά
3820 3099 3980 3168 βασι-

708 3204 848 3241 rttm.
870 3186 1006 3241 Cum
1038 3197 1219 3242 autem
1250 3188 1295 3241 is
1325 3190 1407 3241 vir
1438 3188 1503 3242 ad
1538 3203 1622 3243 res
1645 3190 2043 3255 perturbandas
2070 3208 2133 3248 ac
2167 3210 2262 3263 per

2399 3193 2535 3255 λέως
2562 3191 2669 3244 τοῦ
2691 3188 2978 3261 κηδεστοῦ,
3012 3189 3107 3243 καὶ
3135 3189 3350 3253 οὐδενὸς
3383 3189 3467 3243 ἔτι
3498 3189 3668 3242 ἐνδεῖν
3713 3190 3848 3261 πρὸς
3874 3191 3978 3252 τὰς

706 3282 1011 3337 miscendas
1029 3283 1100 3336 sit
1120 3282 1483 3352 appositus,et
1508 3282 1624 3336 foro
1649 3284 1721 3335 uti
1747 3284 1980 3349 noverit,
2002 3286 2166 3339 etiam
2188 3287 2290 3341 hoc

705 3374 857 3427 vafre
908 3374 1271 3444 excogitasse,
1306 3390 1416 3443 quo
1471 3374 1835 3443 imperatores
1881 3390 1910 3429 a
1942 3378 2289 3433 resarcienda

706 3469 999 3523 concordia
1034 3468 1330 3522 alieniores
1384 3468 1593 3528 reddat,
1636 3480 1692 3521 ut
1730 3470 1905 3537 ipsum
1937 3470 2146 3524 obsidis
2170 3472 2288 3526 loco

705 3562 978 3630 accipiat;
1015 3561 1278 3616 simulare
1326 3564 1494 3626 enim,
1533 3580 1642 3618 non
1685 3578 1742 3617 se
1771 3563 1939 3619 fidere
1970 3564 2286 3634 imperatori

701 3660 936 3727 juniori,
965 3675 1032 3712 ne
1055 3659 1192 3713 forte
1227 3660 1515 3725 exercitui,
1555 3676 1714 3729 quem
1749 3659 1819 3714 sit
1844 3659 2126 3729 suppetias
2158 3660 2289 3713 mis-

706 3767 889 3807 surus.
930 3749 1244 3812 insidietur,
1288 3766 1526 3819 cumque
1564 3753 1863 3821 composita
1919 3767 2041 3805 cum
2086 3748 2288 3806 Cauta:

706 3858 916 3896 cuzcno
948 3846 1329 3897 controversia
1371 3843 1676 3913 disperdat.
1714 3842 1795 3898 Ob
1822 3844 1927 3898 hoc
1961 3853 2019 3897 ttt
2052 3843 2284 3898 Asanem

704 3934 951 3988 obsident
984 3934 1241 4003 accipiat,
1294 3935 1687 4005 imperatorem
1748 3950 1963 4003 urgere.
1998 3934 2101 4000 Qui
2152 3952 2290 4003 quu-

706 4028 854 4081 niam
906 4026 1107 4081 bellum
1161 4042 1384 4082 movere
1445 4029 1721 4092 statuerit,
1761 4027 2107 4097 maximeque
2162 4028 2286 4081 Tri-

706 4122 977 4175 ballorum
1029 4119 1296 4173 auxilium
1338 4129 1582 4190 expetat,
1638 4121 1950 4175 necessario
2000 4120 2281 4174 annuisse.

706 4215 837 4281 Qua:
876 4214 1260 4284 perpendenda
1287 4216 1418 4277 sint,
1443 4222 1497 4268 et
1525 4214 2152 4275 inveniendamacbina,
2178 4228 2285 4279 qua

704 4308 809 4363 sibi
870 4318 925 4361 ct
986 4306 1242 4377 prmsenti
1272 4322 1456 4361 rerum
1513 4305 1816 4360 conditioni
1871 4305 2146 4360 consulat.
2195 4303 2285 4359 Sic

706 4401 783 4454 i.|i
838 4399 1181 4469 probabilem
1239 4398 1487 4453 fraudem
1548 4398 2117 4453 nexuerunt.Asancs
2156 4396 2284 4466 quia

706 4491 1029 4558 imposturre
1086 4488 1250 4558 hujus
1302 4497 1421 4541 erat
1481 4488 1704 4541 nescius
1742 4489 1925 4557 (uorat
1980 4488 2129 4541 enim
2188 4501 2283 4541 eos

2396 3285 2721 3355 συμϐάσεις.
2785 3283 3007 3354 Κραλην
3064 3283 3121 3336 δὲ
3163 3282 3556 3353 προθυμότατα
3615 3282 3714 3352 μὲν
3765 3283 3977 3335 ἐθέλειν

2396 3377 2608 3448 βασιλεῖ
2639 3377 2716 3447 τῷ
2746 3377 2851 3445 νέῳ
2878 3377 3212 3446 συμμαχεῖν,
3263 3376 3359 3429 καὶ
3408 3378 3591 3429 πᾶσαν
3627 3376 3771 3444 ὑπὲρ
3803 3374 3974 3427 αὐτο-3

2393 3472 2485 3541 καὶ
2522 3470 2755 3539 σπουδὴν
2778 3467 3182 3529 ἐνδείκνυσθαι,
3213 3469 3305 3521 καὶ
3348 3468 3678 3539 προθυμίαν,
3705 3469 3883 3522 δεινὴν
3915 3470 3975 3520 δὲ

2391 3562 2517 3615 ὄντα
2550 3561 2889 3631 ταράξαικαὶ
2922 3560 3152 3630 συγχέαι
3177 3562 3503 3631 πράγματα,
3529 3564 3625 3613 καὶ
3654 3561 3972 3630 χρήσασθαι

2393 3654 2779 3724 προσηκόντως
2813 3654 2925 3716 τοῖς
2954 3655 3169 3723 καιροῖς
3209 3655 3304 3707 καὶ
3333 3653 3477 3706 τοῦτ’
3527 3652 3974 3721 ἐπινενοηκέναι,

2392 3746 2457 3798 ἶν’
2484 3744 2815 3814 ἀσυμϐάτως
2865 3744 3065 3813 μᾶλλον
3098 3743 3244 3814 ἔχειν
3290 3747 3693 3815 παρασκευάσῃ
3718 3746 3845 3806 τοὺς
3880 3744 3978 3811 βα·-

2393 3839 2595 3903 σιλέας,
2636 3838 2695 3890 τὸ
2730 3838 2787 3889 σὲ
2815 3836 3122 3906 βούλεσθαι,
3155 3837 3345 3907 ὥσπερ
3375 3839 3585 3909 ὅμηρον
3615 3837 3807 3890 λαϐεῖν
3828 3854 3845 3870 ο
3879 3839 3975 3889 καὶ

2392 3931 2687 3982 σκέπτεται
2740 3929 2899 3998 δῆθεν
2956 3932 3208 3983 ἀπιστεῖν
3247 3928 3324 3998 τῷ
3381 3931 3487 4001 νέῳ
3538 3930 3751 3999 βασιλεί
3786 3928 3864 3999 μὴ
3904 3932 3971 3998 τῇ

2391 4024 2621 4093 στρατιᾷ
2648 4021 3046 4085 ἐπιϐουλεύσει,
3089 4022 3155 4092 ἢν
3205 4020 3435 4093 παρέξει
3471 4022 3971 4091 συμμαχήσουσαν,

2391 4115 2483 4166 καὶ
2516 4114 2795 4183 διαφθερεῖ
2850 4114 2947 4176 τὰς
2978 4114 3239 4185 διαφορὰς
3268 4113 3667 4183 διαλυσάμενος
3699 4113 3838 4181 πρὸς
3865 4114 3967 4181 βα-

2393 4208 2563 4269 σιλέα,
2590 4201 2664 4260 ὧν
2697 4208 2864 4258 ἕνεκα
2894 4206 3215 4275 ἐγκείμενος
3239 4205 3453 4276 βασιλεῖ
3469 4206 3546 4273 τῷ
3570 4205 3674 4273 νέῳ
3697 4205 3755 4257 σὲ
3782 4205 3972 4257 λαϐεῖν

2389 4302 2547 4355 αίτεῖ.
2582 4299 2843 4362 Βασιλεὺς
2873 4298 2914 4350 δ’
2935 4298 3057 4350 ἐπεὶ
3092 4297 3236 4366 ἔγνω
3257 4298 3348 4349 τὸν
3374 4298 3612 4366 πόλεμον
3639 4298 3835 4359 κινεῖν,
3869 4298 3972 4365 μά-

2388 4394 2545 4446 λιστα
2576 4396 2639 4462 τῇ
2674 4392 2960 4463 Τριϐαλῶν
3007 4390 3307 4463 προσέχειν
3362 4392 3671 4460 συμμαχίᾳ,
3714 4390 3971 4442 συνέθετο

2390 4487 2445 4552 ἐξ
2477 4487 2723 4554 ἀνάγκης
2770 4484 3059 4538 ἐκδιδόναι.
3110 4485 3179 4537 Ἀ
3234 4482 3568 4537 σκέπτεσθαι
3614 4483 3816 4552 χρεὼν,
3873 4485 3969 4533 καὶ

706 4580 939 4635 antehac
966 4580 1350 4635 Cantacuzeno
1376 4578 1798 4645 deditissimus‘,
1827 4590 1883 4634 et
1906 4580 2032 4648 quia
2064 4579 2287 4648 insuper

2399 4576 2647 4646 μηχανήν
2682 4592 2803 4628 τινα
2844 4575 3203 4645 ἐξευρίσκειν,
3254 4574 3312 4639 ἐξ
3345 4569 3412 4646 ἧς
3472 4574 3635 4637 αὐτός
3684 4591 3742 4626 τε
3776 4577 3871 4626 καὶ
3901 4575 3970 4626 τὰ

707 4689 871 4726 aures
904 4672 1023 4740 ejus
1051 4671 1368 4725 rumoribus
1398 4670 1465 4724 de
1516 4669 1682 4728 bello.
1714 4669 1861 4739 quod
1891 4670 2079 4739 junior
2110 4669 2287 4737 impe-

707 4773 855 4817 rator
910 4763 961 4815 in
994 4777 1248 4814 socerum
1302 4760 1625 4826 parturirct,
1690 4761 1936 4829 undique
1988 4761 2289 4815 circumso—

705 4855 936 4917 nabant,
968 4853 1133 4906 dictis
1197 4852 1358 4906 ﬁdem
1408 4851 1815 4915 commodabat,
1869 4860 1925 4905 et
1984 4850 2288 4919 angebatur

706 4961 1041 5014 magnopere
1080 4986 1093 5005 ,
1167 4944 1484 5012 amplasque
1552 4942 1684 5012 ipsis
1752 4943 1820 4997 de
1902 4940 2286 4997 benevolentia

703 5035 871 5105 819
893 5051 1019 5104 erga
1040 5035 1425 5104 imperatorem
1447 5032 1891 5088 Cantacuzenum
1921 5046 1975 5087 et
2001 5048 2059 5087 se
2087 5037 2289 5103 gratias

705 5144 893 5198 agens,
928 5127 1150 5180 modum
1179 5127 1391 5193 orabat,
1416 5142 1523 5195 quo
1549 5127 1963 5181 imminentibus
1982 5142 2101 5181 sese
2131 5126 2288 5180 malis

705 5217 962 5283 eriperet.
1022 5215 1100 5267 Illi
1145 5213 1434 5277 affirmare,
1469 5215 1604 5268 nihil
1652 5216 1843 5269 utilius
1888 5231 2051 5284 quam
2110 5216 2287 5270 celer-

709 5307 846 5357 rime
882 5304 1199 5374 Byzantium
1233 5305 1539 5369 discedere,
1568 5316 1625 5358 ut
1659 5306 1755 5373 qui
1791 5305 1863 5358 ita
1890 5317 1944 5358 ct
1977 5305 2285 5374 periculum

705 5396 997 5466 effugeret,
1020 5406 1075 5450 et
1108 5398 1427 5465 imperatori
1456 5398 1586 5466 quid
1617 5407 1894 5467 ageretur,
1927 5409 2232 5465 exponeret
2270 5417 2282 5453 :

705 5505 816 5556 quo
844 5490 889 5542 is
914 5488 1079 5541 rebus
1101 5489 1421 5543 nutantibus
1439 5492 1765 5544 maturrime
1787 5499 2158 5554 succurreret,
2184 5506 2286 5543 nec

710 5579 873 5635 ullam
914 5580 1201 5648 segnitiem
1262 5580 1642 5634 tarditatcmve
1679 5579 2019 5634 admitteret.
2059 5578 2282 5644 Quodsi

703 5679 891 5747 junior
932 5678 1231 5746 imperator
1263 5694 1388 5731 eunt
1436 5678 1677 5733 retinere
1708 5685 2027 5741 conaretur,
2078 5692 2134 5731 se
2163 5676 2284 5729 abi-

710 5783 823 5824 tnnt
881 5771 1115 5826 ﬁdeliter
1156 5782 1469 5835 curaturos,
1504 5772 1789 5826 hortantes
1836 5771 2016 5840 ipsum
2054 5778 2107 5823 et
2159 5785 2283 5822 sna-

707 5867 921 5931 dentes,
952 5879 1016 5917 nc
1046 5864 1175 5933 quid
1210 5879 1304 5933 per
1329 5865 1436 5918 vim
1471 5872 1614 5935 agat,
1656 5880 1793 5919 neve
1826 5862 2153 5932 profectioni
2184 5861 2280 5916 9"-

2394 4669 2639 4739 παρόντα
2666 4667 2972 4736 πράγματα
3023 4665 3443 4736 διασωθήσεται.
3488 4666 3717 4718 Ἐκεῖνοι
3748 4666 3852 4734 μὲν
3876 4660 3971 4718 οἷν

2391 4761 2533 4815 οὕτω
2557 4760 2789 4829 πιθανὴν
2824 4758 3299 4826 συσκευασάμενοι
3320 4756 3596 4826 προσῆγον
3626 4756 3724 4826 τὴν
3749 4757 3973 4808 ἐπιϐου-

2392 4852 2510 4922 λήν.
2554 4852 2783 4920 ’Δσάνης
2812 4848 2868 4902 δέ
2923 4848 3197 4917 ἀγνοήσας
3255 4846 3356 4915 τὴν
3401 4846 3659 4915 ἀπάτηνσ
3712 4845 3830 4915 ⁴ᾔδει
3861 4847 3971 4915 γάρ

2392 4946 2634 5005 ἐκείνους
2664 4942 2931 5013 πρότερον
2960 4941 3029 4992 τὰ
3062 4937 3523 5009 Καντακουζηνοῦ
3575 4938 3670 4990 τοῦ
3702 4937 3972 5009 βασιλέως

2395 5038 2596 5108 μᾶλλον
2630 5035 2941 5108 ᾑρημένους
2964 5048 2978 5062 '
3012 5031 3186 5094 ἄλλως
3204 5030 3250 5083 θ’
3270 5032 3350 5084 ὅτι
3374 5031 3468 5083 καὶ
3494 5031 3679 5099 φῆμαι
3701 5030 3971 5085 πάντοθεν

2391 5127 2769 5194 προσέπιπτον
2819 5123 2989 5193 αὐτῷ,
3050 5124 3145 5177 καὶ
3198 5122 3503 5192 βασιλεὺςό
3544 5124 3659 5184 νέος
3697 5123 3971 5190 ἐμηνύετο

2391 5218 2627 5286 πόλεμον
2681 5215 2967 5285 βούλεσθαι
3021 5217 3194 5267 κινεῖν
3254 5215 3392 5283 πρὸς
3444 5199 3670 5282 βασίλέα
3733 5214 3827 5267 τὸν
3864 5234 3969 5283 κη-

2389 5313 2614 5379 δεστὴν,
2664 5309 2917 5361 ἐπίστευέ
2950 5323 3009 5359 τε
3057 5307 3169 5369 τοῖς
3217 5305 3551 5373 εἰρημένοις,
3582 5306 3679 5357 καὶ
3714 5306 3969 5373 σφοδρῶς

2391 5403 2735 5475 ἐθορυϐεῖτο·
2805 5402 2967 5470 χάριν
3028 5400 3084 5452 δὲ
3155 5399 3358 5469 πολλὴν
3418 5397 3703 5466 ὁμολογῶν
3779 5400 3968 5457 αὐτοῖς

2389 5497 2489 5563 τῆς
2515 5498 2594 5556 εἰς
2628 5493 2852 5561 βασιλέα
2901 5490 2996 5543 καὶ
3042 5489 3207 5542 αὑτὸν
3263 5488 3497 5554 εὐνοίας,
3544 5488 3737 5541 ἒπειτα
3792 5490 3968 5542 ἐδεῖτο

2392 5588 2483 5639 καὶ
2509 5587 2713 5656 τρόπον
2744 5582 3061 5646 ὑποθέσθαι,
3096 5576 3154 5633 οἷ
3178 5582 3525 5651 τραπόμενος
3550 5581 3618 5634 τὰ
3651 5581 3967 5651 προσδοκώ-

2391 5693 2528 5745 μενα
2561 5672 2887 5742 ἐκφεύξεται
2918 5672 3084 5724 κακά.
3120 5672 3183 5723 Οἱ
3228 5670 3271 5722 δ’
3312 5671 3467 5723 ούδέν
3500 5671 3713 5739 ἔφασαν
3748 5670 3965 5724 λυσιτε-

2387 5770 2680 5836 λέστερον,
2734 5768 2767 5835 ἢ
2822 5768 3051 5836 τάχιστα
3108 5764 3367 5834 ἀπαίρειν
3421 5764 3500 5827 είς
3540 5764 3859 5830 Βυζάντιον,
3888 5764 3963 5828 ὡς

2388 5861 2501 5932 ἅμα
2552 5877 2612 5912 τε
2673 5862 2731 5912 ὲν
2779 5858 2956 5928 τούτῳ
3015 5857 3418 5929 ὲκφευξόμενον
3450 5859 3539 5910 τὸν
3572 5857 3839 5926 κίνδυνον,
3871 5859 3964 5910 καὶ
