4218 6446
241 414 348 478 ΞΠ

1385 431 1933 502 ΠίδῚῸΙῖἱΛῐὶῐῗΜ
1984 445 2210 509 LIBER
2257 451 2351 512 IV.

3391 466 3497 530 218

240 535 457 603 βασιλεῖ
506 532 820 602 δηλώσοντα
874 538 1146 607 περὶτῶν
1197 547 1609 613 πραττομένων,
1645 548 1712 601 ἶν’
1741 551 1797 601 αἰ

242 622 609 644 _n!”_,--_\,
690 627 782 644 ,‘h
962 632 974 644 ο
1055 633 1075 644 ιι
1246 632 1347 644 ι-.-
1481 636 1492 644 .
1579 638 1597 644 ,ι
1648 639 1693 644 --

1931 568 2202 611 versetur.
2232 558 2347 616 iloc
2376 563 2537 617 modo
2566 566 2733 621 Asaui
2768 570 3167 640 imposuerunt,
3205 576 3297 644 qui
3334 575 3497 630 minis

236 622 509 691 σθόμῖνος
538 624 630 677 τὸν
665 627 908 681 κίνδυνον
960 632 1164 693 ἐκεῖνος
1187 674 1201 695 ,
1234 632 1415 698 οξεῖαν
1444 636 1539 707 τὴν
1573 638 1821 709 βοήθειαν

237 718 469 779 ποιοῖτο,
500 717 594 768 καὶ
628 717 703 788 μὴ
738 720 1052 790 παρέργως,
1084 724 1218 792 μηδὲ
1250 725 1537 794 ῥᾳθύμως,
1575 731 1820 798 οἰόμενος

237 807 504 879 κινδύνων
535 808 639 872 ἔξω
675 811 740 863 τὰ
774 813 900 881 τῇδε
961 816 1263 884 πράγματα
1292 817 1538 871 ἑστάναι.
1573 821 1674 874 Ἢν
1717 823 1761 875 δ’
1793 826 1820 876 ό

236 902 359 963 νέος
401 901 656 970 βασιλεὺς
696 904 946 975 ἐπιχειρῇ
1007 910 1283 976 κατέγειν,
1310 910 1425 960 ἀλλ’
1456 912 1650 975 αὐτοὺς
1689 931 1821 984 συμ-

241 992 476 1061 πράξειν
528 998 595 1048 τὰ
642 997 877 1066 μέγιστα
927 999 1061 1068 πρὸς
1098 1000 1197 1069 τὴν
1248 1003 1582 1072 ἀποδημίαν,
1618 1022 1820 1075 παραι-

236 1087 470 1147 νοῦντας
502 1085 651 1156 αὑτῷ
685 1089 778 1140 καὶ
818 1088 1103 1150 πείθοντας
1132 1092 1298 1162 μηδὲν
1332 1094 1466 1163 πρὸς
1496 1094 1617 1163 βίαν
1649 1097 1818 1166 πράτο

233 1191 375 1240 τειν,
410 1177 537 1244 μηδ’
565 1177 879 1230 ἐνίστασθαι
911 1180 1047 1249 πρὸς
1075 1182 1174 1251 τὴν
1204 1184 1407 1254 ὁρμήν.
1443 1186 1679 1240 Τοιαῦτα
1719 1188 1816 1256 μὲν

236 1266 444 1319 ἐκεῖνοι
489 1267 718 1321 ἔπεισαν
756 1268 1202 1340 ἐξαπατήσαντες
1229 1290 1243 1304 ’
1291 1276 1524 1344 Ἀσάνης
1560 1278 1637 1341 δὲ,
1694 1283 1816 1333 ἐπεὶ

232 1360 474 1428 τριήρης
530 1364 1031 1431 παρεσκευασμένη
1086 1364 1275 1434 ἔτυχεν
1337 1369 1491 1432 ἐκεῖ,
1529 1369 1709 1433 δείσας
1750 1372 1816 1423 τά

233 1451 605 1520 ἡπειλημένα,
635 1452 909 1506 ἀπέπλεεν
940 1458 1019 1516 εἰς
1048 1455 1364 1521 Βυζάντιον,
1394 1461 1486 1511 καὶ
1511 1462 1814 1528 ἀπήγγειλε

234 1540 451 1610 βασιλεῖ
493 1545 597 1596 ὅσα
651 1544 781 1615 παρ’
832 1547 1056 1599 ἐκείνων
1109 1548 1368 1615 πύθοιτο,
1420 1552 1728 1621 ἰσχυρίζετό
1755 1571 1815 1605 τε

230 1635 306 1697 ὡς
352 1635 608 1704 βασιλεὺς
665 1641 692 1690 ό
738 1640 857 1701 νέος
918 1641 1052 1709 πρὸς
1084 1641 1174 1693 τὸν
1224 1644 1464 1713 πόλεμον
1510 1647 1812 1717 ἐκτραπείη

233 1730 507 1798 φανερῶς.
549 1731 778 1785 Ἐκεῖνοι
834 1733 890 1785 δὲ
944 1737 993 1786 οἱ
1032 1737 1366 1804 πράττοντες
1398 1737 1490 1789 τὸν
1551 1740 1810 1807 πόλεμον,

231 1824 359 1876 ἐπεὶ
398 1824 627 1895 Ἀσάνης
660 1825 959 1895 ἀπεχώρει,
986 1828 1189 1895 πολλῆς
1221 1829 1604 1899 ἐπιλαϐόμενοι
1632 1831 1814 1894 ἀδείας

233 1918 490 1971 πείθουσι
532 1920 625 1971 τὸν
681 1921 799 1972 νέον
852 1920 1076 1989 βασιλέα
1126 1923 1431 1991 πρεσϐείαν
1477 1926 1812 1995 ποιήσασθαι

230 2015 373 2081 πρὸς
419 2014 665 2083 Κράλην.
714 2012 773 2065 Ὀ
829 2012 874 2065 δ’
906 2015 1123 2082 ἐδέχετο
1159 2016 1433 2082 ἀσμένως,
1467 2017 1562 2069 καὶ
1598 2017 1811 2085 μεγάλα

228 2102 648 2169 ἐπηγγέλλετο,
703 2105 797 2156 καὶ
857 2106 1090 2175 στρατιᾷ
1142 2106 1655 2175 ἐπαγγελλόμενος,
1718 2109 1810 2160 καὶ

227 2193 507 2263 χρήμασι,
536 2197 629 2248 καὶ
679 2194 833 2266 πάσῃ
879 2197 1109 2264 δυνάμει
1142 2187 1435 2267 βοηθήσειν
1464 2199 1556 2252 ἐπὶ
1583 2198 1808 2268 βασιλέα

224 2290 321 2355 τον
369 2286 661 2356 κηδεστήν,
711 2291 807 2342 καὶ
866 2288 964 2359 τὴν
1013 2290 1381 2361 ἀφῃρημένην
1430 2290 1807 2345 ἀνασώσεσθαι

224 2375 429 2443 ἀρχὴν,
458 2374 696 2444 ἔπραττέ
746 2393 805 2428 τε
862 2378 1041 2429 πάντα
1079 2378 1175 2430 καὶ
1226 2379 1492 2443 ὑπετίθει,
1538 2381 1640 2433 ὅσα
1670 2379 1807 2450 ᾤετο

225 2467 321 2516 τὸν
357 2466 489 2535 πρὸς
523 2466 788 2535 ἀλλήλους
823 2468 932 2519 τῶν
966 2468 1237 2541 βασιλέων
1270 2470 1510 2540 πόλεμον
1544 2475 1807 2540 τηρήσειν

222 2560 449 2614 ἄλυτον·
478 2562 781 2631 συμϐάσεις
816 2565 1083 2633 πρότερον
1114 2568 1248 2636 πρὸς
1291 2565 1516 2635 βασιλέα
1555 2569 1802 2636 θέμενος,

222 2654 290 2717 ἃς
330 2655 548 2722 ἐνόμιζε
601 2657 837 2724 μάλιστα
872 2657 1022 2728 αὑτῷ
1074 2659 1211 2727 πρὸς
1241 2659 1340 2729 τὴν
1374 2659 1551 2731 ἀρχὴν
1589 2661 1804 2714 λυσιτεο

224 2745 362 2799 λείν.
408 2748 669 2809 Βασιλεὺς
733 2748 791 2801 δὲ
826 2748 852 2799 ό
890 2748 1340 2819 Καντακουζηνὸς
1386 2751 1537 2804 δεινά
1572 2753 1805 2805 ἐποιεῖτο

222 2841 292 2891 τά
327 2839 810 2908 ἀπαγγελλόμενα·
840 2840 1110 2910 ἐμηνύετο
1154 2840 1264 2911 γὰρ
1296 2843 1448 2913 παρά
1494 2845 1603 2896 τῶν
1631 2845 1803 2915 φίλων

222 2929 413 2997 κρύφα
442 2932 738 3001 ὁσημέραι,
775 2934 866 2984 καὶ
890 2932 997 2985 δεῖν
1029 2932 1167 3002 ᾠετο
1192 2936 1311 2987 ἐκεῖ
1332 2941 1800 3006 παραγενόμενον,

220 3021 466 3074 διαλύειν
504 3026 601 3085 τὰς
643 3023 730 3076 ἐπ’
767 3024 931 3078 αὐτὸν
977 3025 1287 3087 συστάσεις.
1343 3027 1452 3080 Τοῦ
1504 3027 1801 3081 Λατινικοῢ

218 3116 276 3168 δὲ
334 3118 455 3169 τότε
532 3116 883 3185 ἀκμάζοντος
947 3120 1187 3189 πολέμου
1221 3161 1236 3185 ,
1286 3118 1399 3173 οὔτ’
1467 3123 1802 3187 ἀφίστασθαι

220 3209 373 3276 ἐξῆν,
411 3209 526 3263 οὗθ’
560 3212 755 3278 ἑτέραν
783 3211 1017 3283 δύναμιν
1076 3214 1540 3283 παρασκευάζεινν
1576 3216 1651 3277 ὡς
1701 3217 1797 3286 τῆς

220 3304 759 3373 παρεσκευασμένης
815 3306 1128 3372 ἀναγκαίως
1208 3307 1343 3373 πρὸς
1400 3307 1491 3359 τὸν
1564 3308 1800 3379 πόλεμον

219 3394 623 3464 κατεχομένης.
659 3395 813 3448 Ἐπεὶ
865 3395 919 3448 δὲ
959 3398 1122 3449 αὐτὸν
1172 3400 1264 3450 ἐπὶ
1299 3398 1641 3453 Μακεδονίαν
1672 3402 1801 3453 ἀδυ-

218 3489 397 3550 νάτως
449 3487 635 3540 πλέειν
692 3487 884 3557 ἔχοντα
935 3491 1106 3560 ἐώρα,
1151 3492 1353 3543 Ἀνναν
1401 3491 1501 3561 τὴν
1557 3494 1801 3562 βασιλίδα

216 3580 440 3649 ἔπεμπε
517 3583 650 3651 πρὸς
726 3585 814 3635 τὸν
853 3583 981 3636 Δυἱὸν
1016 3624 1031 3648 ,
1076 3583 1152 3645 ὡς
1200 3584 1497 3638 πείσουσαν
1565 3586 1802 3656 ἀποσχέ-

219 3674 349 3726 σθαι
392 3673 501 3726 τῶν
564 3676 781 3728 ἀτόπων
809 3715 824 3739 ,
870 3678 964 3729 καὶ
1013 3676 1403 3740 διαλλάξουσαν
1459 3678 1644 3749 αὐτῷ,
1703 3680 1802 3731 οὐκ

216 3768 435 3832 ἀγνοεῖν
482 3766 723 3836 φαμένης
785 3769 923 3838 πρὸς
959 3770 1176 3837 εκείνην
1242 3767 1355 3822 οὔτ’
1416 3770 1629 3840 αὐτὴν.
1686 3771 1800 3824 οὗθ’

215 3860 413 3929 ἕτερον
444 3860 631 3913 οὐδένα
677 3860 804 3913 οἴων
837 3863 1023 3914 κακῶν
1066 3862 1263 3924 αἴτιος.
1309 3864 1404 3915 καὶ
1446 3863 1744 3934 συμφορῶν
1774 3866 1802 3916 ό

221 3953 549 4021 συγγενικὸς
587 3954 826 4023 κατέστη
886 3954 1123 4023 πόλεμος
1184 3956 1485 4025 Ῥωμαίοις
1514 3995 1529 4019 ,
1586 3957 1644 4007 οὐ
1687 3957 1801 4019 τοῖς

217 4045 553 4115 ἀρχομένοις
594 4046 791 4115 μόνον,
826 4046 962 4099 ἀλλά
994 4049 1086 4098 καὶ
1133 4048 1245 4109 τοῖς
1293 4049 1557 4117 ἄρχουσιν
1594 4047 1797 4108 αὐτοῖς.

216 4133 295 4191 Οὗ
331 4137 732 4199 καταλυθέντος
798 4136 886 4205 διὰ
948 4138 1166 4209 χρόνου,
1215 4138 1454 4191 καὶτῶν
1512 4155 1571 4191 τε
1607 4139 1800 4190 κοινῶν

215 4230 315 4281 καὶ
350 4228 643 4283 ἰδιωτικῶν
674 4227 1017 4297 πραγμάτων
1064 4228 1285 4281 πάντων
1336 4228 1473 4297 πρὸς
1500 4228 1561 4279 τὸ
1594 4227 1801 4297 βέλτιον

219 4319 619 4387 μεταδιδόντων
680 4320 950 4389 βάσκανός
999 4336 1084 4382 τις
1150 4319 1365 4388 δαίμων
1414 4321 1648 4387 ἠρεμεῖν
1700 4320 1799 4371 οὐκ

214 4414 406 4466 εἴασεν
436 4427 451 4441 ⁸
491 4412 609 4466 ἀλλ’
645 4411 802 4475 αὖθις
847 4412 1080 4482 φθόρους
1131 4411 1609 4481 ἀνθρώπους,,καὶ
1642 4429 1802 4464 συκο-

216 4509 427 4576 φάντας
462 4491 798 4575 ἀναστήσας,
844 4506 940 4559 καὶ
972 4506 1175 4576 τρόπον
1203 4506 1358 4557 οὐδὲν
1392 4504 1622 4574 ἄμεινον
1654 4522 1798 4573 φαυ-

1923 649 2242 715 exterritus,
2293 665 2349 710 et
2391 655 2671 712 triremem
2727 660 2799 714 ibi
2837 673 3083 731 paratam
3139 677 3353 728 nactus.
3390 670 3496 736 By.-

1923 742 2164 796 zantium
2197 745 2383 809 solvit,
2440 758 2496 802 ct
2527 749 2911 809 Cautacuzeuo
2950 757 3271 826 imperatori
3309 762 3494 815 audita

1928 837 2224 903 nuntiavit,
2282 840 2555 909 juniorem
2606 846 2893 901 manifeste
2949 848 3150 903 bellqu
3189 853 3369 905 moliri
3409 869 3498 905 as-

1921 943 2204 985 severans.
2241 932 2492 988 Discessu
2534 937 2728 991 Asanis
2758 940 2884 993 belli
2930 942 3348 1005 sollicitatores,
3385 946 3499 997 lar.

1919 1037 2039 1090 gam
2086 1025 2233 1078 nacti
2272 1025 2571 1091 licentiam,
2618 1031 2827 1101 juniori
2876 1034 3199 1104 imperatori
3244 1046 3498 1092 auctores

1922 1112 2081 1177 ﬁunt,
2118 1114 2199 1168 uti
2232 1117 2560 1185 legationem
2589 1123 2656 1175 ad
2694 1121 2912 1177 Cralem
2959 1127 3160 1182 mittat.
3194 1128 3371 1193 Quam
3406 1130 3497 1182 ille

1920 1203 2096 1258 libens
2125 1206 2367 1275 admisit,
2424 1210 2920 1285 imperatoremque
2957 1217 3218 1272 adversus
3240 1235 3493 1273 socerum

1918 1296 2110 1363 copiis,
2139 1300 2392 1366 pecunia,
2448 1303 2634 1357 nervis
2676 1307 2930 1361 omnibus
2964 1308 3303 1375 adjuturum,
3333 1321 3497 1379 atque

1917 1386 2208 1455 imperium
2264 1393 2647 1449 restituturum
2714 1399 3000 1465 magniﬁce
3044 1400 3358 1469 spOpoudit,
3414 1401 3493 1454 lav

1918 1486 2118 1544 t'toque
2149 1479 2372 1547 foedere,
2405 1485 2550 1552 quod
2577 1485 2653 1539 illi
2693 1486 2757 1539 ad
2783 1502 2903 1541 eam
2928 1505 3040 1542 rem
3062 1491 3334 1559 imprimis
3381 1490 3501 1544 fru-

1918 1581 2171 1624 ctuosum
2225 1572 2339 1626 fore
2364 1575 2697 1642 conﬁdebat,
2731 1578 2880 1643 fecit,
2915 1596 2977 1635 ac
3007 1584 3271 1652 suggessit
3306 1584 3496 1637 omnia

1916 1676 2037 1728 qua:
2088 1662 2154 1715 ad
2202 1679 2355 1718 arma
2414 1665 2560 1719 iutcr
2614 1667 2989 1737 imperatores.
3035 1673 3229 1725 alenda
3261 1674 3497 1727 valitura

1922 1754 2181 1809 credidit.
2231 1754 2327 1809 llis
2386 1759 2617 1820 nuntiis,
2655 1776 2792 1828 quos
2843 1763 2911 1816 ab
2958 1764 3150 1818 amicis
3184 1766 3496 1819 clanculum

1920 1846 2166 1912 quotidie
2215 1848 2540 1917 accipiebat,
2592 1850 2834 1919 graviter
2882 1866 3189 1909 conuuotus
3216 1856 3498 1911 Cautacu-

1920 1953 2110 2001 zcnus,
2152 1940 2216 1991 ad
2248 1940 2710 2007 eousmratioucm
2748 1943 3120 2013 dissipaudam
3146 1962 3211 2001 eo
3237 1948 3340 2001 sibi
3370 1966 3498 2017 pro-

1917 2030 2273 2085 ﬁciscendum
2303 2032 2671 2088 existimabat.
2705 2035 2905 2090 Verum
2944 2039 3071 2106 quia
3116 2050 3245 2094 tunc
3289 2041 3495 2096 bellum

1914 2122 2166 2177 Latinum
2208 2126 2490 2194 llagrabat,
2541 2143 2643 2181 nec
2696 2141 2893 2185 abesse
2942 2132 3162 2196 licebat,
3202 2150 3304 2189 nec
3350 2136 3491 2189 alias

1917 2218 2269 2272 conscribere
2302 2218 2509 2288 cepias,
2541 2236 2667 2274 cum
2710 2235 2766 2276 et
2797 2224 3125 2293 conscripue
3175 2225 3243 2279 ad
3288 2227 3490 2280 bellum

1906 2310 2018 2379 jam
2089 2310 2297 2364 dictum
2364 2313 2678 2368 necessario
2753 2315 3146 2371 retinerentur.
3221 2318 3491 2383 Quoniam

1912 2400 2078 2469 igitur
2121 2401 2365 2467 videbat,
2397 2419 2455 2458 se
2492 2405 2841 2473 navigatione
2872 2407 2924 2460 in
2980 2408 3353 2464 Macedoniam
3404 2429 3497 2466 ex-

1908 2493 2076 2558 cludi,
2106 2493 2317 2548 Annam
2345 2496 2749 2564 imperatrieem
2783 2500 2847 2552 ad
2887 2499 3054 2554 ﬁlium
3085 2501 3305 2572 legavit,
3335 2506 3494 2574 cujus

1908 2590 2092 2641 oratio
2122 2586 2275 2641 illum
2318 2587 2389 2641 ab
2427 2588 2703 2643 indecenti
2752 2592 2996 2646 facinore
3032 2595 3393 2658 abstractum,
3428 2598 3492 2651 in

1908 2678 2257 2733 concordiam
2301 2695 2487 2734 secum
2538 2681 2864 2750 reduceret;
2909 2700 3073 2755 quam
3118 2688 3190 2740 ita
3227 2698 3312 2742 est
3360 2689 3499 2743 allo-

1904 2757 2069 2826 cutus
2105 2791 2118 2827 ι
2144 2771 2254 2827 Nec
2289 2782 2367 2838 tu,
2391 2789 2493 2827 nec
2523 2773 2667 2830 alius
2707 2776 2999 2845 quisquam
3029 2779 3264 2847 ignorat,
3290 2782 3489 2850 quales

1906 2878 2254 2936 quantasque
2279 2867 2619 2923 calamitates
2639 2868 2844 2923 bellum
2882 2871 3045 2925 civile
3083 2872 3345 2927 Romanis
3381 2890 3497 2929 non

1907 2957 2174 3024 subjectis
2200 2962 2388 3023 modo,
2432 2976 2623 3015 verum
2664 2964 2829 3016 etiam
2866 2965 3211 3032 principibus
3242 2966 3375 3033 ipsis
3406 2977 3493 3020 at-

1906 3049 2124 3103 tulerit.
2153 3050 2273 3115 Quo
2326 3051 2543 3105 tandem
2599 3053 2895 3122 aliquando
2939 3055 3115 3118 linito,
3171 3067 3225 3111 et
3262 3060 3499 3124 publicis

1905 3140 2242 3207 privatisque
2291 3142 2456 3197 rebus
2504 3146 2762 3199 omnibus
2792 3149 2905 3214 jam
2959 3149 3155 3201 melius
3191 3150 3485 3212 euntibus,

1854 3232 2208 3309 .cujuspiam
2269 3233 2534 3289 daemonis
2597 3236 2843 3301 invidia,
2896 3239 3069 3292 otium
3138 3248 3193 3293 et
3244 3242 3489 3309 quietem

1908 3323 2049 3377 hanc
2085 3323 2448 3392 perturbavit,
2482 3340 2813 3394 rursumque
2848 3328 3099 3383 homines
3140 3330 3407 3399 impuros,
3434 3344 3489 3386 et

1904 3416 2365 3484 sycopltantas,et
2393 3418 2633 3486 nequitia
2658 3420 2791 3471 nihil
2821 3420 3100 3488 prioribus
3122 3422 3489 3477 concedente.

1903 3510 2169 3571 excitans,
2202 3509 2405 3563 bellum
2435 3510 2634 3565 sazvius
2659 3525 3011 3567 commovere
3047 3515 3339 3569 annititur.
3381 3513 3485 3567 lm-

1904 3607 2217 3661 peratorem
2248 3603 2395 3655 enim
2430 3603 2604 3656 ﬁlium
2640 3614 2793 3657 tuum
2827 3606 3134 3660 mendaciis
3167 3618 3484 3672 onerantes,

1904 3698 2068 3757 atque
2102 3690 2433 3754 utjuvenem
2460 3693 2640 3754 dolos,
2666 3704 2721 3747 et
2762 3696 3016 3759 astutias,
3039 3705 3095 3751 et
3130 3695 3183 3748 in
3212 3696 3487 3750 utrumvis

1906 3780 2275 3834 humanorum
2300 3780 2464 3851 820
2502 3783 2851 3852 ingeniorum
2888 3786 3315 3841 mutabilitatem
3361 3804 3463 3841 nec

1906 3873 2037 3928 dum
2079 3886 2465 3944 agnoscentem
2498 3877 2956 3947 deeipientes,‘eo
2988 3881 3210 3949 penitus
3235 3883 3465 3952 perpule

1904 3976 2056 4029 runt,
2095 3978 2154 4021 ut
2186 3968 2291 4021 sibi
2330 3978 2589 4038 tanquam
2629 3972 2845 4036 amicis,
2897 3982 2953 4026 et
2978 3974 3098 4040 ejus
3142 3988 3305 4028 causa
3337 3975 3461 4028 solli

1904 4054 2050 4119 citis,
2085 4064 2309 4125 totoque
2361 4065 2584 4124 pectore
2629 4058 2695 4111 ad
2752 4070 3044 4126 paternum
3102 4064 3396 4130 imperium
3435 4062 3487 4116 ei

1904 4147 2348 4215 recuperandum
2370 4148 2822 4203 incumbentibus
2848 4151 3211 4220 obsequatur,
3239 4167 3366 4206 cum
3389 4167 3487 4219 pro

1902 4245 2054 4291 certo
2086 4250 2141 4291 et
2186 4238 2290 4307 ipsi
2322 4253 2377 4293 et
2408 4240 2673 4295 Romanis
2709 4242 2989 4296 universis
3023 4243 3210 4309 hostes
3255 4246 3369 4299 sint
3398 4246 3487 4299 in.

1905 4328 2211 4392 lestissimi,
2263 4346 2349 4385 me
2407 4341 2591 4385 autem
2654 4334 3033 4389 insidiatorem
3068 4344 3233 4404 atque
3273 4336 3486 4390 hostem

1902 4422 2090 4483 ducat,
2129 4424 2223 4491 qui
2275 4438 2341 4476 ex
2386 4426 2573 4478 animo
2629 4430 2809 4495 ipsum
2860 4428 3029 4497 diligo
3072 4441 3129 4483 et
3180 4430 3318 4483 nihil
3374 4448 3485 4484 non

1906 4522 2079 4574 tento,
2107 4529 2218 4582 quo
2253 4531 2360 4567 non
2400 4523 2611 4569 tantum
2649 4527 2941 4586 paternum
2970 4520 3366 4589 principatum.
3390 4523 3485 4577 sed

212 4600 400 4670 λότητι
446 4599 829 4668 διακειμένους
887 4597 1000 4650 τῶν
1040 4599 1344 4668 προτέρων,
1406 4596 1793 4667 χαλεπώτερον

1900 4616 1955 4663 et
2006 4611 2269 4678 majorem
2323 4625 2387 4665 ac
2437 4611 2719 4664 meliorem
2776 4612 2993 4675 habeat,
3058 4624 3325 4684 quantum
3368 4616 3484 4670 ﬁeri

214 4694 454 4761 πόλεμον
508 4694 788 4745 ἀνακινεῖν
848 4693 1137 4761 ἐπιχειρεῖ.
1219 4690 1456 4743 Βασιλέα
1538 4691 1650 4761 γὰρ
1701 4692 1794 4743 τὸν

212 4785 331 4839 υἱὸν
373 4785 547 4838 πολλά
572 4785 1080 4854 καταψευσάμενοι,
1114 4784 1209 4838 καὶ
1242 4784 1663 4855 παραγαγόντες
1705 4778 1794 4836 οἷα

212 4878 357 4944 νέον,
393 4882 487 4930 καὶ
516 4877 627 4930 τῶν
653 4877 1027 4949 πανουργιῶν,
1058 4878 1153 4931 καὶ
1180 4877 1293 4930 τῶν
1327 4878 1518 4943 δόλων,
1552 4878 1645 4930 καὶ
1686 4877 1795 4929 τῶν

210 4974 299 5042 ἐφ’
351 4972 596 5041 ἑκάτερα
656 4970 977 5041 μεταϐολῶν
1036 4971 1146 5023 τῶν
1194 4970 1501 5040 ἀνθρώπων
1561 4969 1793 5038 ἄπειρον

210 5064 594 5128 παντάπασιν,
636 5063 864 5117 ἔπεισαν
895 5065 1183 5135 προσέχειν
1235 5064 1439 5132 σφίσιν,
1470 5064 1544 5126 ὠς
1576 5063 1792 5132 φιλοῦσι

210 5161 302 5213 καὶ
331 5158 681 5228 κηδομένοις,
713 5158 808 5209 καὶ
852 5158 1030 5210 πάντα
1058 5156 1392 5226 πράττουσιν
1429 5156 1568 5227 ὑπὲρ
1603 5157 1790 5219 αὐτοῦ,

209 5252 360 5313 ὅπως
382 5250 486 5317 τὴν
513 5247 772 5319 naqu'nv
800 5248 1190 5303 ἀνασώσωνται
1216 5249 1391 5319 ἀρχὴν
1420 5248 1792 5317 δυσμενέστα-

206 5362 288 5397 τοι
341 5342 418 5404 ὡς
482 5340 701 5409 ἀληθῶς
757 5342 950 5411 ἐκείνῳ
1006 5358 1066 5393 τε
1121 5342 1217 5394 καὶ
1282 5342 1418 5393 πᾶσι
1490 5340 1792 5410 Ῥωμαίοις

206 5439 383 5500 ὄντες,
413 5438 513 5503 tu}
545 5435 602 5488 δὲ
653 5434 943 5488 ἐπίϐουλον
974 5436 1249 5505 ἡγεῖσθαι,
1280 5435 1375 5487 καί
1409 5435 1669 5504 πολέμιον
1702 5434 1792 5485 τὸν

209 5533 281 5592 ῶς
318 5527 543 5597 ἀληθῶς
575 5528 855 5596 φιλοῦντα,
894 5531 989 5582 καὶ
1021 5529 1203 5581 πάντα
1240 5530 1789 5599 πραγματευόμενον,

208 5623 307 5691 οὐχ
336 5620 482 5672 ῶστε
519 5620 681 5689 μόνον
712 5619 809 5690 τὴν
832 5620 1093 5691 πατρῴαν
1119 5620 1415 5690 ἡγεμονίαν
1446 5620 1611 5691 ἔχειν,
1641 5621 1782 5673 ἀλλὰ

210 5714 301 5765 καὶ
340 5711 539 5780 μείζω,
577 5710 671 5764 καὶ
698 5709 919 5778 βελτίω,
968 5712 1034 5764 ἂν
1084 5712 1201 5782 ἐξῇ.
1259 5712 1370 5765 Καὶ
1417 5714 1655 5781 πολέμου
1687 5714 1790 5783 ἤδη

208 5799 341 5870 ἦρξε
370 5803 679 5871 συμϐάσεις
706 5802 938 5872 θέμενος
965 5803 1103 5871 πρὸς
1130 5801 1354 5873 Κράλην
1384 5803 1476 5856 ἐπὶ
1510 5803 1587 5871 τῷ
1625 5821 1791 5873 στρα-

211 5897 333 5952 τιάν
373 5896 591 5951 ἐκεῖθεν
649 5896 828 5952 λαϐὼν
874 5896 1218 5969 Τριϐαλικὴν
1270 5898 1391 5968 ἐμοὶ
1437 5897 1666 5967 ἐτά-ίειν
1699 5917 1710 5929 ·
1756 5899 1787 5953 ἆ

1898 4700 2093 4768 possit.
2127 4700 2300 4754 Etiam
2333 4701 2538 4753 bellum
2574 4702 2731 4767 texit,
2765 4702 2970 4759 {cedere
2997 4720 3120 4759 cum
3138 4705 3297 4760 Crale
3326 4707 3483 4772 inito,

1899 4801 1961 4845 ut
2006 4791 2075 4844 ab
2134 4806 2201 4845 eo
2231 4791 2480 4846 'I‘riballo
2520 4792 2696 4847 milite
2748 4804 2997 4864 accepto,
3044 4797 3099 4851 in
3145 4813 3231 4851 me
3266 4798 3431 4852 ducat
3468 4818 3483 4854 :

1896 4898 2061 4953 quam
2099 4898 2200 4953 ego
2257 4900 2373 4938 rem
2422 4901 2524 4940 nec
2568 4885 2670 4950 illi,
2715 4901 2820 4939 nec
2869 4887 3129 4950 subditis,
3173 4903 3277 4944 nec
3324 4892 3483 4945 nobis

1896 4979 2240 5048 profuturam
2278 4997 2541 5051 auguror.
2573 4981 2704 5047 Quae
2742 4982 2926 5051 itaque
2963 4984 3289 5053 impendent
3320 4988 3484 5055 mala,

1896 5072 2037 5125 adeo
2070 5073 2384 5141 perniciosa
2416 5082 2566 5138 sunt,
2603 5085 2657 5127 et
2686 5089 2749 5128 ea
2781 5075 2947 5127 alium
2976 5084 3175 5142 praeter
3203 5093 3304 5131 nos
3331 5078 3482 5132 facil-

1895 5164 2024 5219 lime
2049 5180 2205 5234 posse
2232 5165 2509 5233 depellere
2542 5181 2653 5220 non
2679 5167 2936 5221 arbitror.
2957 5167 3189 5234 Quodsi,
3220 5180 3480 5238 prreterea

1897 5256 2100 5309 bellum
2132 5256 2237 5309 hoc
2268 5257 2525 5311 Latinum
2579 5273 2665 5311 me
2710 5274 2817 5311 non
2854 5266 3094 5329 urgeret,
3130 5277 3255 5314 cum
3310 5265 3479 5317 armis

1895 5348 2363 5415 supervenissent,
2414 5349 2962 5418 conjuratiouemque
3007 5351 3168 5405 istam
3202 5370 3309 5407 non
3345 5370 3480 5408 con-

1895 5448 2086 5508 spectu
2146 5448 2399 5504 tantum,
2429 5442 2523 5494 sed
2582 5441 2696 5494 sola
2742 5443 3028 5497 auditione
3071 5445 3340 5500 adventus
3370 5449 3475 5502 tnei

1895 5531 2046 5584 nullo
2082 5531 2269 5585 labore
2319 5531 2742 5588 disturbassem.
2800 5532 2909 5588 Nec
2952 5534 3097 5590 enim
3149 5539 3478 5606 potuissent,

1893 5625 2046 5692 quin,
2088 5633 2145 5677 ut
2178 5624 2355 5689 aiunt,
2387 5625 2498 5678 orci
2538 5625 2747 5692 galeam
2790 5626 2984 5686 induti,
3036 5628 3157 5681 vita:
3197 5630 3481 5685 servandae

1891 5714 2032 5770 elabi
2067 5726 2424 5769 conarentur.
2475 5715 2614 5781 Quia
2651 5732 2781 5771 vero
2812 5717 3037 5771 instanti
3071 5735 3263 5787 pugnae
3305 5720 3480 5773 inter-

1892 5821 2013 5861 esse
2056 5821 2143 5861 me
2176 5822 2502 5876 przesentem
2534 5818 2772 5877 oportet,
2812 5825 2909 5876 par
2961 5818 3068 5872 est,
3101 5820 3152 5864 te
3187 5810 3479 5865 Thcssaio-

1894 5900 2073 5956 nicam
2132 5902 2499 5971 navigantem,
2549 5902 2739 5958 sedare
2798 5902 2938 5959 hanc
2987 5902 3342 5970 discordiam,
3415 5915 3471 5960 ct
