4218 6446
734 449 841 513 219

1894 458 2142 521 ῙΟΛΝΝ
2161 462 2225 521 lS
2266 463 2797 527 CANTACUZENI

728 566 881 634 quod
907 576 1031 621 ante
1062 566 1208 624 fores
1230 578 1334 634 cst,
1373 571 1573 625 bellum
1620 575 1920 643 reprimere
1957 577 2089 631 :ubi
2137 577 2309 631 filium

2415 577 2525 631 οὔτ’
2561 581 2755 648 ἐκείνῳ
2798 582 2981 649 οἴομαι
3047 582 3464 651 λυσιτελήσειν,
3520 582 3646 636 οὔτε
3690 585 3799 647 τοῖς
3853 587 4001 656 ὑπη-

731 659 1007 727 docueris,
1040 676 1203 731 quam
1234 663 1441 717 fatuum
1470 665 1559 729 sit,
1591 682 1715 720 eum
1758 668 2129 739 principatum
2160 671 2307 725 ultro

729 762 968 818 vastare,
1006 756 1161 824 cujus
1200 758 1604 824 possessionem
1634 758 1771 813 citra
1798 762 1967 815 ullum
2003 773 2307 823 certamen,

732 846 978 914 citraque
1023 848 1330 902 molestiam
1392 848 1544 902 brevi
1606 849 1861 905 aditurus
1917 853 1988 906 sit
2044 854 2191 923 (nam
2254 853 2310 907 tti

736 938 938 992 beiinm
991 948 1184 991 contra
1230 939 1506 994 Triballos
1562 954 1803 1010 cmptum
1836 957 2001 1010 esset,
2050 955 2105 999 et
2162 960 2311 999 nunc

730 1030 983 1089 Latinum
1021 1032 1163 1087 istuc
1197 1035 1430 1089 invitum
1482 1052 1567 1091 tne
1609 1050 1955 1106 occupasset,
1990 1041 2202 1110 pridem
2259 1041 2309 1097 ei

728 1125 945 1176 clavum
1002 1124 1219 1193 imperii
1269 1126 1641 1193 tradidissem,
1709 1146 1773 1184 ac
1827 1132 1971 1186 inter
2008 1134 2310 1187 monachos

731 1213 1010 1280 professus
1039 1229 1215 1268 essem
1248 1235 1259 1271 :
1286 1216 1526 1286 id-qnod
1557 1220 1699 1274 haud
1734 1222 1805 1275 ita
1842 1223 2002 1292 longo
2024 1234 2147 1290 post
2176 1234 2310 1278 tem-

730 1321 863 1370 pore
899 1305 1077 1359 facere
1103 1306 1300 1360 iterum
1332 1319 1557 1377 paratus
1593 1312 1763 1381 sum),
1790 1312 2089 1370 seditiosos
2122 1327 2306 1371 autem

730 1396 877 1457 illos,
908 1399 1298 1466 communique
1327 1399 1705 1455 Romanorum
1741 1416 1950 1472 pestem
1995 1406 2306 1472 molientes,

728 1505 756 1538 a
812 1487 1076 1542 meditato
1116 1492 1349 1554 scelere,
1393 1503 1449 1547 et
1501 1493 1901 1563 increpatione,
1950 1506 2006 1551 et
2069 1499 2310 1554 horribi-

728 1581 874 1634 lihus
912 1581 1097 1644 minis,
1134 1592 1189 1636 et
1223 1584 1370 1638 omni
1425 1586 1644 1641 demum
1689 1588 1903 1644 ratione
1930 1606 2164 1646 avocare
2194 1603 2307 1647 stu-

731 1672 936 1725 dui-ris.
974 1671 1099 1727 llaec
1139 1674 1204 1727 ad
1260 1676 1472 1729 Annam
1528 1683 1833 1748 Augustam
1889 1682 2306 1740 Cantacuzettus

731 1762 1055 1831 imperator,
1088 1766 1285 1833 quibus
1310 1782 1430 1820 eatn
1466 1779 1732 1834 moveret,
1762 1780 1821 1824 ut
1858 1771 2303 1829 Thessalonicam

730 1854 1017 1924 navigans,
1078 1859 1369 1912 excitatam
1434 1858 1763 1915 seditionem
1829 1863 1882 1916 in
1945 1866 2305 1934 tranquillum

2413 669 2581 735 κόοις,
2625 668 2741 721 οὗθ’
2774 673 2927 740 ἡμῖν.
2992 673 3071 724 Tit
3108 673 3208 741 μὲν
3251 668 3344 726 οὖν
3394 673 3820 742 προσδοκώμενα
3851 676 4003 727 δεινά

2411 761 2557 814 οὓτω
2589 762 2825 831 χαλεπά·
2863 765 3048 831 οἴομαι
3094 763 3149 816 δὲ
3192 765 3382 817 οὐδένα
3409 766 3599 833 ἕτερον
3633 766 3808 819 ταῦτα
3836 768 4007 837 δυνη-

2413 853 2603 905 σεσθαι
2663 849 2838 925 ῥᾷστα
2888 854 3257 926 δια)ύσειν,ἢ
3320 859 3487 926 ἡμᾶς.
3543 859 3606 910 Et
3658 860 3756 927 μὲν
3796 858 3891 911 οὖν
3925 859 4002 929 μὴ

2411 947 2438 998 6
2474 947 2667 1017 παρὼν
2697 950 2880 1001 οὑτοσὶ
2903 950 3193 1011 Λατινικὸς
3224 949 3457 1019 πόλεμος
3484 950 3710 1002 ἄκουσιν
3742 950 4003 1002 ἐπέκειτο

2411 1042 2568 1111 ἡμῖν,
2590 1042 2766 1111 ῥᾷστα
2798 1041 2865 1095 ἂν
2910 1040 3074 1104 αύτδς
3105 1040 3333 1093 διέλυσά
3385 1041 3481 1102 τὰς
3514 1042 3803 1103 συστάσεις
3834 1042 4001 1093 ἐπελ-

2413 1133 2542 1197 θὼν,
2579 1135 2678 1203 οὐχ
2711 1135 2795 1186 ὅτι
2841 1151 2921 1200 ,γε
2969 1133 3158 1202 ὀφθεὶς
3209 1135 3324 1196 τοῖς
3378 1132 3824 1187 ὲπιίῖουλεύουσιν
3858 1133 4005 1187 ὲκεί-

2412 1244 2544 1293 νοιε,
2582 1228 2794 1280 καὶτὸν
2828 1226 3069 1296 πόλεμον
3103 1227 3366 1289 κινοῦσιν,
3400 1226 3537 1280 ἀλλὰ
3579 1227 3673 1277 καὶ
3707 1227 4001 1287 άκουσΟέις

2415 1319 2578 1386 μόνον
2608 1318 2691 1371 ὅτι
2732 1319 2823 1371 ἐπ’
2853 1319 3052 1379 αὐτοὺς
3088 1317 3324 1387 βαδίζειν
3356 1317 3648 1388 ὥρμημαι.
3681 1318 3755 1368 υύ
3787 1320 3898 1388 γὰρ
3934 1318 4001 1370 ἂν

2412 1409 2712 1478 ὑπέμειναν
2750 1409 2825 1480 μὴ
2851 1408 2971 1478 ούχὶ
3001 1412 3193 1478 κυνῆν,
3231 1409 3258 1461 ὅ
3292 1425 3481 1475 φασιν,
3523 1408 3650 1479 ᾅδου
3678 1408 4001 1490 ὑποδύντες,

2410 1502 2815 1571 διαδιδράσκειν
2866 1502 2960 1555 τὸν
3022 1502 3271 1554 κίνδυνον
3341 1502 3667 1571 πειρᾶσθαι.
3725 1500 3884 1553 Ἐπεὶ
3954 1502 3999 1553 δ’

2411 1594 2663 1663 ἀνάγκην
2723 1594 2835 1664 ἔχω
2875 1594 3015 1665 πρὸς
3049 1593 3151 1662 τὴν
3208 1592 3775 1663 παρασκευαζομένην
3836 1592 4001 1655 αὐτὸς

2413 1692 2673 1758 παρεῖναι
2713 1688 2918 1757 μάχην,
2956 1688 3077 1740 δέον
3109 1687 3281 1757 αὐτὴν
3312 1688 3391 1749 εἰς
3426 1685 3836 1754 Θεσσαλονίκην
3864 1685 4002 1737 ἀπο-

2414 1782 2730 1835 πλεύσασαν
2758 1781 3000 1834 διαλύειν
3039 1781 3139 1844 τὰς
3170 1780 3461 1849 διαφορὰς,
3510 1780 3606 1833 καὶ
3650 1779 3742 1832 τὸν
3772 1778 4005 1847 προσῦο-

2412 1870 2659 1941 κώμενυν
2707 1871 2946 1940 πόλεμον
3003 1868 3226 1932 παύειν,
3251 1870 3543 1933 διδάξασαν
3597 1868 3698 1938 μὲν
3742 1868 3833 1920 τὸν
3863 1869 4000 1929 υἱον,

730 1947 1027 2014 redigeret.
1091 1950 1263 2015 Quem
1321 1952 1409 2005 illa
1461 1952 1701 2022 primum
1740 1954 1941 2010 leniter
1992 1932 2305 2029 objhrgare,

2415 1932 2522 2029 Etth
2561 1961 2800 2032 χαλεπὸν
2843 1932 2941 2030 τὴν
2973 1959 3272 2030 ἠγεμονίαν
3319 1932 3484 2013 αὐτὸν
3525 1932 3722 2013 ἐκδντα
3760 1955 4005 2024 διαφθεί-

728 2039 874 2107 quod
918 2041 1123 2107 optime
1173 2045 1418 2098 monenti
1459 2060 1521 2099 ac
1554 2049 1787 2118 roganti,
1819 2066 1886 2103 ne
1918 2050 2087 2105 filiuni
2129 2055 2312 2108 adhuc

730 2131 1137 2187 adolescentem
1177 2136 1582 2191 Thessalonicae
1615 2142 1972 2210 relinqueret,
2020 2145 2113 2213 qui
2169 2147 2311 2201 dolis

729 2222 875 2291 capi,
909 2236 962 2277 et
985 2228 1342 2281 transversim
1380 2230 1464 2297 agi
1518 2231 1678 2285 facile
1726 2244 1932 2301 posset,
1966 2235 2132 2305 idque
2164 2237 2311 2293 inter

735 2312 1174 2381 intprobissitnos
1204 2318 1327 2372 illos
1361 2321 1572 2387 vivens,
1624 2323 1718 2391 qui
1751 2325 1835 2377 vel
1864 2326 2305 2395 callidissimum,

737 2415 793 2459 ct
835 2422 1025 2461 eorum
1061 2412 1332 2471 versutias
1383 2429 1447 2468 ac
1490 2416 1718 2471 technas
1760 2418 1919 2491 longa
1966 2424 2311 2492 experientia

737 2497 983 2563 docttttn,
1016 2501 1299 2559 fraudibus
1331 2516 1385 2561 ct
1431 2506 1824 2566 blandimentis
1845 2515 1961 2568 suis
2005 2516 2309 2583 irtetirent,

733 2604 843 2642 non
888 2593 1189 2659 paruisset.
1245 2595 1515 2662 Quoniam
1566 2610 1750 2655 autem
1806 2604 1921 2658 lnee
1979 2617 2085 2660 tam
2124 2609 2310 2678 inique

733 2693 1050 2752 comparata
1080 2687 1210 2751 sint,
1233 2698 1283 2741 ct
1308 2706 1427 2759 qua:
1454 2710 1560 2745 non
1585 2696 1985 2765 conducerent,
2015 2703 2312 2768 prwvalue-

732 2775 863 2842 rint,
902 2778 1062 2847 321
1096 2780 1336 2836 libenter
1363 2783 1427 2837 ad
1461 2784 1633 2838 [ilium
1668 2788 2065 2856 profecturam,
2116 2804 2168 2847 et
2193 2810 2312 2849 ont-

731 2868 821 2920 nia
856 2868 955 2924 isza
980 2871 1190 2937 odiosa,
1221 2889 1346 2928 cum
1380 2875 1435 2929 in
1462 2889 1821 2947 conspectum
1854 2884 2085 2949 venerit,
2118 2902 2147 2940 c
2199 2904 2312 2941 nte-

731 2958 824 3012 die
855 2960 1217 3016 snblaturam.
1253 2965 1314 3019 Ei
1337 2969 1637 3035 imperator
1670 2973 1952 3026 triremem
1981 2975 2309 3031 instructam

731 3051 1005 3107 attribuit.
1034 3054 1167 3117 Qum
1190 3054 1635 3113 Thessalonicam
1673 3061 1915 3131 ingressa
1952 3064 2155 3119 bellum
2196 3070 2306 3139 jatn

732 3141 897 3209 plane
950 3144 1167 3200 fervens
1223 3147 1434 3204 invenit
1493 3169 1506 3204 :
1572 3154 1757 3207 omnia
1814 3156 2086 3226 siquidem
2147 3171 2308 3229 pacta

733 3231 1190 3305 conditionesque
1222 3253 1345 3291 cum
1367 3237 1525 3296 Crale
1558 3250 1864 3309 transactae,
1902 3249 2105 3316 quibus
2139 3254 2312 3322 impe-

734 3331 972 3377 ratorem
1035 3327 1310 3397 iuniorem
1360 3331 1670 3402 adjuvaret,
1734 3336 1961 3406 ipseque
2007 3340 2199 3398 Crales
2257 3356 2313 3401 et

736 3432 861 3470 uxor
899 3434 1069 3488 prope
1114 3421 1561 3479 Thessalonicam
1626 3430 1940 3498 tendentes,
1989 3434 2310 3492 intestinum

737 3509 1113 3565 Romanorum
1147 3515 1546 3581 hcllnm,unde
1597 3525 1921 3590 cetnpendia
1970 3541 2066 3581 sua
2121 3544 2315 3598 spera-

735 3600 890 3665 bant,
925 3618 1027 3656 nec
1050 3606 1245 3675 exigua
1276 3609 1561 3677 urgebant.
1612 3611 2057 3671 Cantacuzenutn
2112 3621 2316 3690 quippe

737 3694 1028 3757 timebant,
1047 3709 1095 3749 et
1126 3698 1328 3752 ardens
1360 3702 1602 3755 studium
1626 3705 2041 3773 etgajuniorem
2077 3710 2317 3779 impera-

740 3800 912 3842 torem
952 3805 1063 3858 ιιι-ω
1094 3806 1153 3845 se
1210 3790 1483 3857 ferebant,
1521 3798 1807 3864 cupientes
1838 3799 1915 3853 illi
1945 3816 2012 3855 ex
2059 3802 2162 3857 hoc
2194 3820 2318 3873 per-

737 3895 960 3934 suasum
1008 3898 1065 3936 se
1096 3898 1222 3937 eum
1273 3901 1479 3951 amare,
1507 3899 1561 3941 et
1591 3890 1710 3959 ejus
1736 3891 1947 3959 injurias
1970 3894 2318 3953 vindicanda:

738 3985 869 4022 cura
901 3969 1063 4035 aﬂiei,
1097 3988 1220 4026 cum
1260 3986 1440 4029 tamen
1473 3979 1814 4033 contrarium
1840 3983 2086 4047 omnino,
2111 3995 2165 4039 et
2191 3988 2318 4056 qui-

739 4063 861 4115 dem
893 4079 1001 4115 non
1033 4065 1276 4134 segniter
1315 4068 1580 4125 facerent.
1616 4071 1831 4126 Etenim
1867 4090 1966 4143 pro
2005 4078 2217 4146 magnis
2263 4089 2320 4134 et

744 4155 951 4219 inuitis,
987 4172 1109 4225 qua:
1165 4158 1529 4225 abstulerant,
1559 4163 1687 4215 vilia
1732 4165 1979 4234 quindam
2005 4168 2320 4239 nulliusque

740 4245 901 4311 pretii
954 4247 1344 4302 restituebant.
1404 4248 1532 4304 llaec
1579 4251 1746 4321 igitur
1792 4254 1976 4308 omnia
2005 4257 2157 4324 quasi
2194 4274 2321 4311 ara-

744 4336 1031 4391 neolorunt
1076 4353 1242 4407 Opera
1298 4340 1410 4411 (26)
1458 4341 1700 4397 adventu
1763 4347 2164 4416 praesentiaque
2223 4363 2320 4405 sua

744 4436 1065 4503 imperatrix
1095 4436 1332 4507 disjccit.
1372 4437 1502 4491 Nam
1538 4439 1733 4503 filium,
1761 4440 2102 4509 quicdccuit,
2134 4443 2323 4499 admo-

744 4529 883 4589 nuit,
914 4543 1155 4595 eunique
1198 4528 1371 4594 flexit,
1406 4529 1553 4595 quod
1604 4537 1860 4585 "arentes
1913 4531 2186 4587 honorare
2217 4535 2323 4589 sci-

2416 2074 2555 2128 ρειν,
2615 2051 2681 2127 ἦς
2730 2055 2869 2124 μετὰ
2929 2054 3127 2124 μικρὸν
3192 2053 3352 2107 ἔσται
3410 2052 3602 2123 κύριος
3665 2051 3827 2111 αὐτὸς
3869 2049 3999 2102 ἄνευ

2416 2151 2676 2220 πολέμων
2700 2150 2796 2203 καὶ
2834 2147 3205 2219 πραγμάτων.
3240 2146 3411 2209 Αὐτὸς
3441 2146 3551 2216 γὰρ
3589 2145 3638 2197 εἰ
3681 2144 3756 2214 μὴ
3795 2144 3821 2194 6
3862 2141 4003 2212 πρδς

2415 2243 2725 2311 Τριϐαλοὺς
2766 2234 3006 2312 πόλεμος
3044 2239 3321 2309 κεκίνητο,
3356 2240 3451 2292 καλ
3490 2239 3585 2292 νῦν
3636 2239 3663 2292 6
3706 2236 4003 2297 Λατινικὺς

2413 2337 2601 2391 οὑτοσὶ
2630 2334 2901 2398 ἀκουσίως
2936 2332 3205 2397 ἐπελθὼν,
3240 2332 3412 2385 πάλαι
3456 2331 3521 2385 ἂν
3552 2332 3749 2400 ἐκείνῳ
3786 2328 4001 2409 ἐνεχεί-

2418 2447 2546 2500 ρισα
2581 2429 2648 2482 τὰ
2685 2428 2993 2498 πράγματα
3044 2426 3296 2497 μοναχῶν
3340 2424 3529 2495 σχῆμα
3566 2422 3772 2486 ὑποδὺς
3813 2419 4000 2483 αύτὸς·

2412 2516 2602 2585 ὥσπερ
2656 2517 2749 2569 καὶ
2804 2516 2999 2585 μικρὸν
3054 2515 3211 2577 αὖθις
3262 2514 3489 2583 ὕστερον
3518 2513 4002 2582 παρεσκεύασμαι

2416 2610 2611 2663 ποιεῖν’
2637 2609 2765 2671 τοὺς
2800 2608 2856 2660 δὲ
2893 2607 3232 2670 στασιαστὰς
3256 2608 3526 2671 ἐκείνους,
3560 2606 3656 2659 καὶ
3688 2605 3789 2675 τὴν
3811 2603 4002 2673 κοινὴν

2426 2701 2718 2771 Ῥωμαίων
2775 2702 3070 2771 δυστυχίαν
3126 2702 3468 2772 πράττοντας
3517 2701 4002 2770 ἐπιπλήττουσαν,

2413 2795 2507 2846 καὶ
2559 2792 2894 2846 άπειλοῦσαν
2940 2792 3008 2844 τὰ
3057 2792 3364 2856 δεινότατα,
3428 2794 3520 2845 καὶ
3569 2793 3749 2845 πάντα
3796 2791 4002 2853 τρόπον

2415 2887 2769 2956 πειρωμένην
2799 2884 3041 2954 ἀφιστᾷν
3095 2886 3191 2952 τῆς
3241 2885 3568 2955 μοχθηρίας.
3610 2884 3848 2938 Τοιαῦτα
3901 2881 4002 2951 μὲν

2414 2978 2870 3048 Κανταιιουζηνδς
2904 2980 2932 3031 6
2974 2979 3235 3050 βασιλεὺς
3276 2984 3414 3050 πρὸς
3451 2980 3653 3030 ’Λνναν
3681 2978 3778 3047 τὴν
3838 2976 3998 3045 βασι-

2412 3070 2533 3123 λίδα
2578 3068 2890 3140 διειλέχθη,
2934 3072 3138 3124 πείθων
3198 3071 3337 3141 πρὸς
3402 3069 3809 3138 Θεσσαλονίκην
3861 3068 4003 3120 ἀπο-

2413 3162 2600 3214 πλέειν
2628 3163 2719 3214 ἐπὶ
2755 3161 2831 3231 τῷ
2870 3163 2970 3232 τὴν
3000 3164 3335 3232 κινουμένην
3369 3164 3470 3231 ἤδη
3507 3164 3697 3215 στάσιν
3735 3162 4001 3214 διαλύειν

2339 3283 2380 3338 C
2413 3256 2446 3325 ἡ
2500 3255 2581 3320 δὲ’
2636 3255 2830 3324 πρῶτα
2878 3255 2980 3324 μὲν
3021 3256 3209 3325 ἡρέμα
3246 3254 3562 3324 καθήπτετο
3601 3251 3891 3323 βασιλέως,
3925 3252 4004 3315 ὡς

2414 3348 2474 3399 ού
2505 3347 2833 3417 πειθομένου
2892 3348 2959 3400 τὰ
3000 3347 3257 3417 βέλτιστα
3317 3346 3722 3416 παραινούσης,
3762 3346 3855 3397 καὶ
3882 3345 4005 3397 δεο-

2420 3442 2589 3512 μένης
2654 3441 2729 3511 μὴ
2770 3440 3125 3493 καταλείπειν
3166 3441 3225 3492 ὲν
3270 3437 3646 3508 Θεσσαλονίκῃ
3699 3437 3859 3504 μόνον
3910 3434 4003 3487 τὸν

2417 3534 2539 3586 υίὺν
2573 3531 2654 3584 ἔτι
2692 3533 2812 3585 νέον
2855 3532 3007 3593 ὂντα,
3049 3532 3143 3583 καὶ
3195 3530 3394 3601 ῥαδίως
3448 3529 3747 3597 δυνάμενον
3797 3526 4006 3591 ἐξαπα-

2419 3625 2637 3690 τᾶσθαι,
2670 3624 2765 3676 καὶ
2796 3622 3089 3691 ἐξάγεσθαι
3125 3623 3220 3675 τοῦ
3271 3623 3521 3693 μετρόυ,
3558 3622 3656 3673 καὶ
3687 3618 3862 3671 ταῦτα
3887 3621 4006 3679 τοῖς

2419 3716 2815 3784 πονηροτάτοις
2851 3714 3305 3786 συνδιατρίϐοντα
3341 3713 3605 3777 ἐκείνοις,
3659 3710 3709 3762 οἳ
3757 3709 3861 3763 xiv
3909 3709 4007 3761 καὶ

2418 3808 2514 3860 τοῦ
2585 3808 2895 3860 δεινοτάτου
2952 3807 3358 3875 περιγένοιντο,
3414 3804 3507 3859 καὶ
3566 3804 3769 3872 πολλὴν
3805 3805 4007 3871 πεῖραν

2420 3899 2527 3951 τῶν
2556 3896 2909 3967 πανουργιῶν
2959 3897 3161 3963 αὐτῶν,
3195 3898 3291 3950 καὶ
3330 3896 3441 3949 τῶν
3482 3896 3652 3949 δόλων
3706 3893 4008 3964 ἐσχηκότος

2422 3989 2647 4049 πολλαῖς
2680 3989 2922 4051 ἀπάταις
2972 3987 3273 4058 χρώμενοι,
3307 3988 3404 4040 καὶ
3454 3986 3793 4048 κολακείαις.
3850 3986 4009 4038 Ἐπεὶ

2420 4082 2466 4135 δ’
2518 4081 2660 4134 οὕτω
2709 4081 3148 4150 συνεσκευάσθη,
3210 4081 3305 4133 καὶ
3359 4079 3427 4133 τὰ
3491 4080 3565 4150 μὴ
3619 4078 4011 4133 λυσιτελοῦντα

2422 4174 2763 4243 αἱρετώτερα
2811 4174 3028 4243 ὲφάνη,’
3055 4171 3362 4242 Προούμως
3397 4170 3490 4223 ἐπὶ
3545 4171 3638 4222 τὸν
3670 4169 3787 4222 υἱὸν
3834 4168 4007 4221 πλευ-

2424 4265 2651 4335 σοῧμαι,
2682 4259 2829 4331 εἶπε,
2866 4264 2960 4317 καλ⁸
2993 4265 3172 4320 πάντα
3207 4263 3449 4318 διαλύσω
3470 4262 3539 4315 τὰ
3564 4261 3802 4332 δυσχερῆ
3827 4260 4012 4330 ὀφθεί-

2424 4376 2513 4423 σα,
2570 4358 2665 4411 καὶ
2713 4360 2740 4411 6
2802 4357 3064 4424 βασιλεὺς
3117 4357 3243 4409 ἐπεὶ
3278 4355 3553 4421 ἐπείθετο,
3579 4355 3832 4425 τριήρεις
3870 4370 4014 4421 παρ·

2423 4453 2613 4522 ἐσχετο
2658 4454 2721 4504 ὲκ
2775 4450 2884 4503 τῶν
2918 4451 3356 4520 ἑφοπλισμένων,
3417 4448 3511 4501 καὶ
3564 4444 3870 4500 κατέπλεεν
3929 4448 4013 4509 εἰς

2424 4544 2852 4613 Θεσσαλονίκην.
2887 4543 3161 4613 Γενομένη
3209 4541 3265 4595 δὲ
3328 4542 3469 4605 ἐκεῖ,
3528 4539 3620 4592 τόν
3658 4555 3718 4591 τε
3774 4538 4015 4607 πόλεμον

745 4628 846 4684 ret,
882 4629 937 4673 et
977 4620 1203 4674 obedire
1245 4622 1298 4674 in
1337 4622 1615 4685 omnibus,
1658 4640 1779 4692 qua:
1829 4641 2043 4679 summa
2101 4627 2317 4681 illorutn

2428 4636 2648 4705 εὖρισκε
2695 4634 2971 4705 λαμπρῶς
3024 4633 3332 4702 ἐξαφθέντα
3382 4633 3507 4703 ἤδη.
3561 4631 3741 4683 Πᾶσαι
3794 4629 3908 4700 γάρ
3957 4631 4014 4682 αἱ

740 4710 987 4763 eharitas
1016 4711 1232 4766 suadet.
1265 4712 1321 4765 in
1356 4712 1614 4768 factiosos
1663 4726 1847 4769 autem
1883 4717 1961 4771 ira
2004 4718 2320 4774 ferveseens

741 4820 839 4857 cos
868 4804 1175 4869 territabat,
1210 4814 1267 4859 et
1295 4806 1701 4860 dirissitnorum
1730 4809 2131 4878 suppliciorum
2174 4826 2324 4864 com-

749 4898 1148 4952 minationibus
1199 4899 1479 4953 abstinere
1523 4900 1751 4968 cogehat
1785 4917 1814 4954 a
1847 4901 2088 4958 facinore
2120 4904 2324 4973 impro-

746 4989 993 5044 bissimo.
1030 4989 1113 5045 Ad
1165 4990 1281 5045 haec
1330 4994 1396 5044 ad
1432 4992 1649 5046 Cralem
1686 5008 1932 5061 egressa.
1985 5010 2222 5065 eumque
2270 5005 2324 5050 et

743 5099 976 5136 uxorum
1041 5083 1229 5142 allata.
1275 5084 1518 5137 ostendit
1567 5099 1662 5138 eos
1724 5096 1920 5139 contra
1974 5087 2065 5154 jus
2129 5090 2322 5157 fasque

744 5191 929 5244 agere,
960 5174 1186 5229 fulmina
1213 5175 1579 5244 cmlestesqne
1610 5175 1796 5245 plagas
1814 5180 1967 5231 velut
1998 5178 2282 5233 intentans
2308 5196 2322 5233 :

747 5267 873 5334 quia
923 5278 1289 5336 praeterquam
1346 5268 1494 5337 quod
1547 5268 1823 5323 Romanos
1876 5272 2132 5341 perjuriis
2187 5274 2323 5339 suis,

745 5360 1161 5430 fmilerihusque
1198 5361 1468 5415 violandis
1496 5362 1956 5427 totieslandercnt,
1977 5367 2141 5419 etiam
2169 5365 2329 5421 bellis

745 5451 1005 5506 civilibus
1030 5468 1126 5507 eos
1146 5454 1577 5520 committerent,
1599 5454 1799 5522 quibus
1821 5456 2027 5510 mutuis
2053 5458 2327 5529 stragibus

2430 4725 2567 4794 πρὸς
2612 4724 2840 4795 Κράλην
2892 4724 3197 4793 συμϐάσεις
3230 4724 3646 4794 ἀπηρτισμέναι
3696 4718 3841 4793 ἦσαν
3868 4764 3884 4788 ,
3925 4720 4014 4790 ἐφ’

2424 4812 2511 4880 αἷς
2542 4817 2649 4870 ἔδει
2691 4819 3005 4887 συμμαχεῖν
3067 4816 3145 4885 τῷ
3194 4815 3299 4886 νέῳ
3352 4816 3583 4885 βασιλεῖ,
3638 4816 3735 4868 καὶ
3780 4811 4015 4881 Κράλης

2427 4910 2590 4971 αὐτὸς
2628 4911 2769 4979 μετὰ
2826 4908 2925 4978 τῆς
2961 4907 3221 4977 γυναικὸς
3266 4907 3436 4974 ἐγγὺς
3482 4904 4015 4977 ἐστρατοπεδεύοντο

2430 5002 2836 5069 Θεσσαλονίκης
2885 5000 2977 5052 τὸν
3032 4998 3168 5068 πρὸς
3223 4997 3487 5068 ἀλλήλους
3544 4997 3653 5049 τῶν
3716 4996 4011 5067 Ῥωμαίων

2428 5093 2666 5163 πόλεμον
2706 5092 3144 5154 ἐπισπεύδοντες.
3182 5090 3329 5143 Πάνυ
3373 5090 3482 5161 γὰρ
3512 5088 3685 5142 ἐδόκει
3714 5089 3869 5155 σφίσι
3915 5088 4011 5140 λυ-

2430 5182 3147 5253 σιτελείνΚαντακουζηνδν
3204 5181 3297 5234 τὸν
3356 5181 3582 5249 βασιλέα
3628 5180 3850 5241 δεδιόσι,
3908 5181 4010 5234 καὶ

2433 5276 2674 5345 μεγάλας
2708 5273 3053 5339 ἐπεδείξαντο
3085 5274 3221 5345 πρὸς
3256 5273 3485 5343 βασιλέα
3508 5272 3600 5326 τὸν
3633 5274 3753 5327 νέον
3781 5272 3882 5336 τὰς
3922 5291 4013 5341 φι-

2429 5366 2701 5435 λοτιμίας,
2729 5365 3044 5437 βουλόμενοι
3069 5363 3277 5418 πείθειν
3312 5365 3479 5420 αὑτὸν
3536 5366 3601 5417 ὲκ
3654 5364 3873 5430 τούτου,
3934 5365 4011 5427 ὡς

2432 5456 2646 5525 φιλοῦσί
2677 5474 2737 5510 τε
2794 5457 2890 5510 καὶ
2932 5456 3190 5528 κήδονται
3224 5454 3393 5509 αὑτοῦ
3440 5453 3827 5525 ἀδικουμένου,
3885 5454 4014 5511 τοὺς

1990 5575 2207 5636 Jacobi
2243 5576 2506 5636 l’ontaui
2548 5582 2740 5639 notia.

833 5701 942 5770 (9.0)
977 5700 1221 5756 Alterum
1255 5702 1566 5771 exemplum
1601 5712 1861 5757 materna:
1892 5703 2237 5758 auctoritatis
2272 5706 2326 5759 in

756 5773 1023 5829 filiumin
1076 5774 1217 5826 viain
1271 5772 1664 5827 reducendum.
1718 5774 1889 5840 Supra
1922 5790 2043 5843 cap.
2074 5774 2127 5839 8,
2174 5776 2328 5829 It'cae

763 5859 987 5911 quoque
1013 5860 1145 5897 uxor
1169 5844 1561 5903 fiantacuzeni,
1596 5844 1846 5897 Matthmo
1876 5846 2008 5904 lilio,
2045 5848 2325 5913 proprium

759 5916 869 5969 srbi
909 5915 1272 5984 principatum
1304 5915 1615 5979 meditanti,
1648 5914 1871 5969 tnciiora
1894 5916 2006 5971 solo
2032 5927 2324 5974 conspectu

2437 5715 2491 5762 ct
2521 5706 2691 5761 verbo
2722 5705 2889 5780 unico
2912 5703 3206 5780 persuasit.
3238 5700 3409 5780 Major
3437 5711 3617 5754 tamen
3648 5697 3817 5780 hujus
3837 5698 4009 5777 Atina:

2440 5780 2493 5831 in
2509 5778 2722 5832 Joanne
2747 5777 2857 5830 lilio
2876 5774 3223 5829 emendando
3241 5774 3421 5827 elucet
3447 5774 3783 5836 auctoritas;
3806 5774 4011 5839 quippe

2439 5848 2668 5915 legitimi
2705 5844 3057 5917 imperatoris
3095 5843 3355 5914 legitima:
3387 5842 3597 5896 matris.

3893 469 4086 535 230'
