4218 6446
743 315 849 378 9.23

1921 315 2236 376 JOANNIS
2281 321 2319 374 tl
2348 318 2809 380 \X'I‘ACUZENI

3882 318 4006 380 ΕΞιέ

746 455 1116 514 amiserimus,
1184 467 1288 506 non
1327 450 1545 504 aliunde
1599 452 1972 522 redintegrare
2025 466 2312 504 numerum
2350 451 2390 506 A

2421 457 2796 526 ἀποθνήσκειν
2828 457 2985 525 ἡμῶν
3017 475 3074 510 τε
3107 459 3201 511 καὶ
3238 459 3344 511 τῶν
3381 459 3677 528 πολεμίων.
3713 457 3856 521 Τοὺς
3888 460 4006 526 μὲν

746 544 956 605 licebit,
1001 542 1390 608 eontiugetque
1429 541 1571 594 vires
1607 550 1823 594 nostras
1858 540 2144 600 infirmari,
2178 555 2317 608 quas

749 640 802 690 in
859 636 1054 706 primis
1087 633 1261 688 sah'as
1293 643 1348 686 et
1404 634 1668 701 integras,
1713 649 1837 686 cum
1870 642 2019 686 tanto
2044 633 2317 686 Humano-

748 747 870 784 rum
913 729 1094 789 simul,
1133 736 1188 781 et
1238 725 1652 788 Catalanorum,
1693 726 2135 793 Venetorumque
2164 738 2318 778 exer-

752 821 863 873 citu
899 826 1236 887 pugnaturos
1269 831 1592 870 conservare
1626 831 1848 870 necesse
1904 825 2006 869 est.
2056 816 2181 869 Hzee
2213 816 2320 867 dux

751 911 911 964 simul
948 910 1264 978 prudenter,
1322 920 1376 964 et
1434 927 1499 964 ex
1552 927 1651 964 usu
1690 911 2043 980 imperatorio
2097 910 2321 964 ratioci-

749 1011 916 1054 natus
944 1001 1248 1055 disserebat
1273 1017 1288 1054 :
1325 1002 1484 1056 simul
1512 1002 1881 1056 Romanorum
1915 1002 2078 1055 rebus
2102 1010 2325 1070 propter

756 1095 1220 1154 tiantaeuzenum,
1285 1094 1372 1146 cui
1429 1103 1546 1147 erat
1612 1094 1844 1156 amicus,
1897 1093 2325 1148 detrimentosus

758 1200 878 1239 esse
909 1184 1152 1240 nolebat.
1178 1187 1253 1240 Ae
1286 1185 1534 1254 Paganus
1566 1187 1786 1255 quidem
1809 1201 1936 1240 suos
1970 1187 2117 1241 hisce
2145 1186 2327 1240 verbis

757 1293 785 1328 a
822 1292 1000 1344 pugna
1034 1293 1155 1330 cum
1190 1277 1647 1332 lleracleensibus
1699 1280 1980 1333 deterrere
2020 1279 2325 1341 laborabat,

754 1368 918 1436 823
965 1385 1064 1422 nec
1097 1369 1485 1436 persuadebat,
1533 1369 1676 1437 quod
1712 1370 1816 1424 sibi
1853 1371 2036 1439 cupita
2069 1371 2326 1440 denegari

759 1475 1102 1528 concoquere
1135 1476 1241 1514 non
1271 1470 1542 1531 poterant.
1569 1461 1834 1516 Martinus
1859 1477 1990 1516 vero
2015 1463 2328 1525 Ntemorus,

758 1560 814 1603 et
868 1551 982 1617 ipse
1033 1551 1275 1605 triremis
1321 1553 1607 1620 praefectus
1666 1555 1718 1608 in
1772 1555 2008 1607 medium
2053 1554 2327 1620 prodiens,

760 1643 954 1695 ducem
1001 1643 1247 1710 iniquum
1289 1659 1352 1697 ac
1383 1645 1717 1710 proditorem
1751 1660 1871 1700 esse
1898 1645 2144 1698 omnium
2181 1645 2333 1698 testi-

769 1734 1051 1788 ficabatur.
1101 1735 1332 1788 Tantum
1384 1737 1584 1804 quippe
1644 1746 1998 1804 apparatum,
2047 1745 2332 1804 tantosque

769 1836 1018 1894 sumptus
1055 1842 1160 1880 non
1199 1828 1300 1880 alia
1337 1828 1404 1881 de
1441 1844 1601 1883 causa
1639 1829 1830 1886 factos.
1865 1844 2027 1898 quam
2064 1839 2121 1882 ut
2155 1829 2324 1883 bosti-

773 1918 870 1970 bus
913 1917 1107 1972 damna
1154 1919 1430 1972 all'errent.
1464 1921 1532 1973 At
1576 1935 1719 1973 nunc
1749 1923 1967 1989 quando
2015 1919 2326 1974 Heracleam

770 2009 937 2061 armis
998 2010 1440 2064 commodissime
1483 2011 1762 2070 obtinere.
1836 2020 1892 2064 et
1959 2011 2328 2064 Romanorum

771 2099 1068 2161 potentiam
1101 2100 1446 2164 labefactare,
1475 2112 1529 2154 et
1559 2102 1658 2155 sibi
1691 2101 1946 2170 prodesse
1972 2117 2134 2171 quam
2164 2102 2330 2171 pluri-

771 2204 918 2241 mum
948 2201 1190 2257 possent,
1221 2191 1599 2260 intempestiva
1635 2195 1750 2261 ejus
1783 2209 1906 2260 erga
1944 2193 2328 2260 imperatorem

769 2282 1148 2338 benevolentia
1181 2284 1429 2351 impediri
1457 2301 1470 2340 :
1503 2285 1900 2354 mandabatque
1938 2285 2153 2347 scribae,
2186 2285 2329 2340 dicta

772 2377 822 2429 in
873 2377 1081 2430 tabulas
1130 2377 1379 2442 referret,
1426 2387 1483 2431 ut
1530 2395 1655 2433 eum
1693 2378 1840 2432 domi
1878 2378 2019 2445 apud
2069 2377 2329 2446 populum

770 2482 833 2520 ac
859 2467 1055 2520 ducem
1087 2469 1385 2537 majestatis
1421 2485 1569 2522 reum
1613 2478 1986 2522 accusaturus.
2015 2468 2328 2538 Hujusmodi

774 2556 948 2610 minas
997 2557 1260 2612 Martinus
1292 2559 1550 2624 jactabat.
1591 2560 1841 2627 Pagauus
1885 2569 2133 2612 metuens
2167 2573 2234 2611 ne
2267 2559 2332 2611 ad

779 2648 1034 2716 populum
1068 2665 1194 2702 reus
1224 2651 1442 2712 citatus,
1476 2649 1868 2718 eimvictnsquc
1900 2651 2079 2717 capite
2115 2649 2334 2717 punire-

779 2749 886 2800 tur,
920 2744 1377 2810 oppugnationem
1401 2741 1662 2806 indulget,
1685 2741 2082 2809 eoniestimque
2113 2739 2337 2794 classia-

779 2829 842 2883 rii
867 2844 988 2882 cum
1018 2831 1186 2882 armis
1225 2846 1280 2884 se
1326 2831 1637 2884 triremibus
1660 2839 2007 2899 expromunt,
2035 2830 2338 2898 urbemque

777 2921 1182 2982 circumdantes
1215 2937 1528 2990 oppugnare
1571 2923 1849 2975 insistunt.
1899 2921 2146 2990 Cumque
2197 2922 2335 2975 muri

781 3028 971 3066 versus
1027 3013 1401 3066 continentem
1468 3014 1655 3067 multis
1721 3013 1856 3068 locis
1915 3013 2098 3068 faciles
2156 3023 2340 3067 essent

779 3114 1045 3172 occupatu
1096 3105 1225 3174 (non
1287 3107 1432 3158 enim
1495 3120 1825 3174 quemquam
1895 3119 1963 3157 ex
2024 3103 2340 3158 continente
2373 3126 2410 3177 (ι

783 3202 1097 3251 invasurum
1146 3199 1452 3267 putabant),
1499 3209 1554 3252 et
1601 3199 1749 3251 cives
1795 3210 2056 3264 pranerea
2111 3197 2346 3250 inermes

781 3300 942 3356 atque
994 3288 1278 3358 imparati,
1336 3299 1391 3343 et
1431 3289 1496 3342 ad
1549 3289 1909 3343 resistendum
1965 3289 2130 3343 tantis
2175 3287 2348 3356 copiis

785 3377 1008 3442 infirmi,
1049 3380 1097 3432 vi
1140 3388 1194 3433 et
1240 3379 1443 3433 virtute
1484 3379 1822 3442 Latinorum,
1874 3394 2184 3448 quanquam
2231 3379 2348 3448 ipso

783 3472 1207 3538 mipugnationis
1247 3481 1490 3540 tempore
1540 3471 1794 3534 Byzantio
1839 3470 2188 3539 equestribus
2238 3478 2351 3523 tur-

791 3561 890 3614 mis
937 3561 1004 3614 ab
1043 3563 1373 3630 imperatore
1423 3563 1671 3617 subsidia
1723 3563 2092 3629 venientibus,
2134 3571 2350 3629 captum

787 3663 872 3706 est
901 3654 1186 3724 oppidum.
1216 3656 1609 3725 Suspicabatur
1637 3657 1782 3710 enim
1817 3656 1869 3710 id
1915 3655 2061 3725 quod
2105 3655 2352 3709 futurum

790 3755 925 3806 erat,
967 3745 1058 3798 ubi
1091 3746 1318 3800 classem
1367 3747 1684 3802 Heracleam
1730 3749 2013 3817 appulsam
2064 3747 2352 3802 intellexit.

791 3838 932 3901 Quin
977 3849 1031 3892 et
1079 3839 1423 3906 Niccpliorus
1451 3841 1676 3908 despota
1716 3855 1884 3910 gener
1933 3840 2150 3894 urbium
2181 3839 2357 3892 Thra-

794 3932 999 3984 ciarum
1060 3933 1124 3984 ad
1182 3932 1589 4000 llellespontmu
1643 3933 1952 4000 praefectus,
2009 3941 2063 3984 et
2146 3930 2358 3985 Manuel

797 4025 1002 4078 Λςιιηρε
1046 4024 1292 4092 deSpota,
1332 4027 1517 4079 lrencs
1569 4025 1933 4093 impcratricis
1979 4023 2167 4085 frater,
2203 4023 2360 4092 Byzia

800 4130 994 4168 manus
1031 4117 1325 4170 auxiliares
1353 4116 1660 4170 mittebant.
1697 4115 1801 4170 Sed
1839 4115 1966 4182 quia
2001 4114 2052 4167 iu
2082 4103 2202 4183 ip‘so
2226 4115 2363 4168 arti-

798 4205 922 4257 culo
993 4205 1363 4258 dimicationis
1435 4207 1758 4269 veniebant,
1812 4205 2012 4258 frustra
2071 4211 2360 4257 venerunt.

803 4296 1154 4351 lixstantibus
1185 4297 1329 4348 enim
1380 4297 1558 4350 adhuc
1603 4306 1728 4349 ante
1761 4305 1947 4364 portas
1977 4296 2128 4348 urbis
2163 4295 2361 4349 aedium

800 4389 1104 4456 parietinis,
1130 4388 1305 4441 Latini
1335 4388 1443 4441 illic
1484 4387 1668 4441 florem
1697 4403 1921 4442 suorum
1953 4387 2359 4457 sagittariorum

2367 1777 2404 1829 li

2419 548 2528 614 γὰρ
2558 551 2605 599 οἱ
2644 550 2902 610 πεσόντες
2934 549 3380 618 παραϐλάῖζκουσιν
3425 551 3596 610 οὐδὲν.
3639 551 3864 618 ἑτέρους
3897 550 3958 601 δυ
3979 576 4010 588 -

2423 640 2689 708 ναμένους
2731 641 2793 692 ἐκ
2817 643 2924 693 τῶν
2963 642 3137 694 ἄλλων
3166 642 3320 708 ἄγειν
3367 643 3579 695 πόλεων
3611 644 3706 695 καὶ
3739 642 4007 702 πλείους,

2421 734 2516 784 καὶ
2559 731 2819 800 βελτίους.
2857 732 2974 799 Ἐφ’
3008 735 3163 802 ἡμῶν
3210 735 3264 786 δὲ
3296 736 3392 803 οὐχ
3450 737 3476 787 ὁ
3533 737 3646 796 ἴσος
3693 735 3853 801 λόγος
3879 749 3896 767 ⁸
3929 733 4005 785 ἂν

2422 823 2530 892 γάρ
2565 822 2931 890 ἀποϐάλωμεν
2955 840 3106 884 τινας
3129 822 3237 874 τῶν
3263 823 3453 882 ὄντων,
3487 824 3704 892 ἐτέρους
3737 822 4009 874 ἀντεισά-

2423 931 2540 980 γειν
2570 914 2784 978 ἐξέσται
2815 913 3139 982 οὐδαμόθεν,
3187 915 3284 967 καὶ
3337 913 3676 982 συμϐήσεται
3725 914 3859 982 ἡμῖν
3896 914 4007 978 τὴν

2423 1005 2652 1073 δύναμιν
2680 1003 3076 1073 ἀσθενεστέραν
3105 999 3261 1057 εῖναι.
3299 1007 3364 1075 ἣν
3396 1005 3476 1056 δεῖ
3501 1004 3795 1070 φυλάττειν
3849 1004 4010 1054 σώαν

2429 1099 2685 1166 μάλιστα,
2720 1098 2814 1149 καὶ
2842 1097 3062 1150 ἄθικτον
3095 1097 3388 1166 μέλλοντας
3422 1096 3558 1160 πρὸς
3603 1094 3838 1161 δύναμιν
3871 1110 4010 1144 τοσ-

2427 1191 2602 1259 αύτην
2644 1189 2933 1257 Ῥωμαίων
2967 1187 3124 1258 ὁμοῦ,
3158 1189 3252 1240 καὶ
3288 1186 3630 1251 Κατελάνων,
3664 1187 3757 1238 καὶ
3806 1185 3906 1253 τὴν
3933 1185 4007 1235 ἐκ

2429 1281 2687 1342 Πενετίας
2722 1279 3020 1348 μάχεσθαι.
3055 1278 3243 1331 Ταῦτα
3279 1278 3335 1331 δὲ
3370 1278 3551 1345 ἔλεγεν
3588 1280 3614 1330 ὁ
3667 1279 4004 1345 στρατηγὸς,

2431 1373 2549 1442 ἅμα
2603 1371 2701 1440 μὲν
2734 1373 2827 1423 καὶ
2875 1371 3179 1438 σώφρονος,
3215 1372 3308 1423 καλ⁵
3339 1369 3528 1439 ἄρχειν
3578 1369 3844 1436 ἐμπείρου
3909 1384 4010 1418 κε-

2432 1464 2712 1533 χρημένος
2749 1463 3052 1530 λογισμοῖς,
3106 1463 3221 1530 ἅμα
3249 1462 3304 1513 δὲ
3338 1462 3432 1514 καὶ
3491 1461 3560 1512 τὰ
3613 1459 3898 1526 Ῥωμαίων
3940 1457 4007 1508 οὐ

2435 1555 2758 1622 βουλόμενος
2783 1553 2986 1606 κακοῦν
3014 1553 3100 1605 διά
3133 1554 3232 1621 τὴν
3265 1554 3399 1622 προς
3432 1551 3890 1618 Καντακουζηνὸν
3908 1549 4006 1600 τὸν

2437 1646 2655 1716 βασιλέα
2689 1645 2902 1698 εὔνοιαν
2936 1661 2951 1676 ο
2976 1639 3043 1714 ἦν
3074 1644 3182 1713 γὰρ
3203 1644 3311 1697 τῶν
3361 1645 3548 1712 φίλων.
3585 1643 3839 1708 Παγανὴς
3905 1643 4008 1709 μὲν

2435 1735 2526 1793 οὖν
2579 1739 2723 1791 οὕτω
2785 1739 2998 1791 πείθειν
3053 1738 3313 1805 ἐπειρᾶτο
3341 1736 3405 1789 τὸ
3450 1736 3811 1804 στρατόπεδον
3863 1735 4008 1787 ἀπέ-

2435 1832 2743 1900 χεσθαιτῆς
2800 1831 2937 1898 προς
2996 1829 3380 1897 Ἡρακλεώτας
3439 1828 3617 1894 μάχης
3656 1843 3670 1859 ο
3708 1827 3759 1878 οἱ
3808 1825 3852 1876 δ’
3903 1825 4007 1876 οὐκ

2437 1912 2740 1979 ἐπείθοντο,
2767 1920 2884 1971 ἀλλ’
2913 1918 3262 1987 ἠγανάκτουν
3311 1916 3670 1982 κωλυόμενοι.
3729 1915 4008 1981 Μαρτῖνος

2435 2015 2489 2068 δὲ
2519 2014 2784 2083 Ντεμόρω
2835 2027 3106 2081 τριηρεως
3156 2011 3342 2079 ἄρχων
3369 2008 3464 2061 καὶ
3493 2008 3673 2071 αὐτὸς,
3703 2007 3780 2066 εἰς
3807 2007 4009 2075 μέσους

2439 2106 2749 2174 παρελθὼν,
2813 2106 3158 2173 ἐμαρτύρετο
3234 2102 3463 2163 ἀδικεῖν,
3547 2117 3642 2152 και
3691 2099 4009 2168 προδιδόναι

2439 2201 2578 2266 σφᾶς
2601 2197 2690 2250 τὸν
2725 2195 3055 2264 στρατηγόν.
3090 2194 3202 2262 Τὴν
3240 2194 3338 2263 μὲν
3361 2193 3470 2261 γὰρ
3522 2190 3788 2260 τοσαύτην
3825 2208 4006 2258 παρα-

2440 2289 2662 2356 σκευὴν,
2695 2287 2791 2340 καὶ
2827 2287 2926 2356 τὴν
2955 2286 3226 2353 δαπάνην,
3287 2282 3500 2346 οὐδενὸς
3547 2283 3734 2352 ἑτέρου
3779 2281 4010 2347 γεγενῆ-

2441 2381 2586 2442 σθαι,
2618 2380 2822 2448 ῆὸπως
2865 2378 3178 2430 κακώσουσι
3225 2375 3294 2428 τὰ
3339 2375 3630 2442 πολεμίων.
3665 2376 3800 2427 Νυνὶ
3840 2375 3893 2426 δὲ
3917 2374 4004 2425 δυ-

2440 2473 2708 2540 νσμένιυς
2743 2470 2974 2540 μάλιστα
2999 2469 3098 2536 τὴν
3131 2469 3460 2537 Ἡράκλειαν
3481 2469 3661 2528 ὅπλοις
3688 2470 4008 2535 κατασχεῖν,

2443 2565 2537 2616 καὶ
2571 2562 2636 2613 τά
2661 2578 2717 2612 τε
2779 2559 3069 2627 Ῥωμαίων
3111 2558 3469 2626 διαφθείρειν,
3529 2559 3622 2609 καὶ
3683 2558 3879 2619 αὐτοὺς
3939 2559 4004 2608 τὶ

2447 2654 2681 2719 μέγιστα
2710 2650 3063 2718 ὠφελεῖσθαι,
3094 2649 3182 2702 διά
3230 2649 3329 2717 τὴν
3370 2649 3504 2716 πρὸς
3538 2649 3758 2714 βασιλέα
3796 2647 4008 2699 εὔνοιαν

2444 2743 2751 2797 γωλύεσθαι
2777 2741 2881 2794 ὑπὸ
2908 2740 2997 2792 τοῦ
3031 2739 3366 2809 στρατηγοῦ,
3393 2741 3610 2791 ἐκέλευέ
3631 2757 3685 2790 τε
3710 2740 3801 2790 τὸν
3828 2755 4010 2804 γραμ-

2449 2835 2626 2904 ματέα
2651 2834 2718 2884 τὰ
2769 2832 3036 2900 είρημένα
3094 2831 3350 2900 γράφειν,
3405 2830 3478 2885 ὡς
3533 2825 3627 2882 ἐπὶ
3682 2829 3774 2881 τοῦ
3833 2830 4007 2897 δήμου

2450 2929 2619 2996 σφῶν,
2672 2925 2768 2977 καὶ
2807 2923 2902 2976 τοῦ
2949 2924 3138 2987 δουκθις
3181 2923 3525 2992 γραφόμενος
3576 2923 3664 2974 τὸν
3706 2924 4011 2989 στρατηγδν

2449 3019 2746 3089 ἠδικηκότα
2779 3017 3036 3086 δημοσίᾳ.
3095 3015 3332 3068 Τοιαῦτα
3396 3017 3492 3081 μὲν
3539 3015 3806 3081 ἠπείλησε
3856 3015 4014 3082 Μαρ-

2447 3112 2611 3166 τῖνος.
2642 3108 2834 3168 Δείσας
2859 3106 2916 3159 δὲ
2951 3109 2977 3158 ὁ
3018 3107 3322 3175 στρατηγὸς
3351 3107 3424 3174 μὴ
3453 3107 3547 3158 ἐπὶ
3582 3106 3676 3159 τοῦ
3707 3107 3882 3172 δήμου
3920 3123 4014 3156 κα·

2449 3199 2776 3269 τηγορηθεὶς
2805 3198 3113 3268 ἁλίσκηται,
3144 3199 3238 3250 καὶ
3291 3197 3444 3259 δίκας
3497 3197 3595 3260 τὰς
3634 3198 3868 3266 ἐσχάτας
3916 3194 4011 3263 δῷ,

2449 3293 2620 3361 ἐφῆκε
2658 3293 2756 3360 τὴν
2786 3290 3164 3359 τειχομαχίαν,
3195 3290 3287 3341 καὶ
3328 3289 3528 3340 αὐτίκα
3575 3290 3682 3341 πᾶν
3718 3289 3778 3340 τὸ
3845 3289 4004 3354 arpi.

2450 3400 2624 3452 τευμα
2656 3383 2762 3433 τῶν
2809 3383 3083 3451 τριήρεων
3116 3381 3353 3450 ἐξεχεῖτο
3385 3381 3756 3450 ὡπλισμένον,
3793 3381 3888 3432 καὶ
3919 3398 4018 3430 πε-

2455 3475 2731 3544 ρισχόντες
2756 3473 2852 3542 τὴν
2885 3472 3040 3524 πόλιν
3066 3473 3455 3541 ἐτειχομάχουν
3480 3489 3496 3506 ο
3560 3473 3802 3540 πολλαχῆ
3829 3472 3883 3523 δὲ
3909 3471 4016 3522 τῶν

2454 3564 2589 3632 πρὸς
2614 3567 2712 3631 τὴν
2747 3564 2976 3634 ἤπειρον
3035 3564 3229 3631 τειχῶν
3273 3565 3444 3617 ὄντων
3475 3564 3785 3616 εὖαλὼτων·
3823 3564 3884 3614 οὑ
3909 3564 4019 3631 γὰρ

2455 3656 2693 3724 ἣλπισαν
2752 3653 3112 3722 ἐπιθήσεσθαι
3167 3655 3290 3707 τινὰ
3345 3656 3410 3707 ἐκ
3453 3654 3553 3722 τῆς
3600 3653 3858 3722 ἠπείρου,
3929 3655 4022 3706 καὶ

2456 3749 2562 3801 τῶν
2609 3747 2842 3800 πολιτῶν
2873 3747 3113 3808 ἀόπλων,
3151 3749 3249 3800 καὶ
3280 3745 3706 3816 ἀπαρασκεύων,
3755 3747 3851 3797 καὶ
3885 3747 4022 3812 πρὸς

2458 3840 2732 3908 τοσαύτην
2761 3838 2992 3905 δύναμιν
3019 3837 3294 3907 ἀντισχεῖν
3307 3838 3365 3889 οὐ
3385 3836 3742 3904 δυνηθέντων,
3771 3836 4024 3905 ἡλίσκετο

2458 3931 2683 4000 ἡπόλις
2740 3931 2852 3990 τοῖς
2907 3927 3158 3989 Λατίνοις
3214 3926 3589 3995 κατακράτος·
3653 3928 3834 3979 καίτοι
3894 3926 4024 3994 παρ’

2461 4019 2633 4088 αὐτὴν
2665 4018 2762 4086 τὴν
2789 4018 2922 4086 πρὸς
2948 4019 3018 4070 τὰ
3055 4019 3210 4084 τείχη
3242 4015 3568 4083 προσϐολὴν,
3619 4015 3682 4067 ἐκ
3708 4033 3766 4066 τε
3821 4015 4026 4079 Βυζαν-

2461 4113 2580 4162 τίου
2608 4111 2838 4178 στρατια
2876 4109 3087 4161 ἱππέων
3129 4103 3284 4179 ἦκεν,
3314 4107 3382 4176 ἢν
3420 4107 3665 4173 ἔπεμψεν
3699 4107 3725 4154 ὁ
3768 4105 4026 4173 βασιλεὺς

2466 4202 2605 4270 ὑπὲρ
2641 4203 2738 4267 τῆς
2804 4200 3012 4261 πόλεως
3049 4200 3453 4267 ἀμυνουμένην.
3520 4195 3875 4248 Ύπώπτευσε
3922 4198 4028 4264 γὰρ

2463 4294 2524 4346 τὸ
2559 4293 2752 4362 μέλλον
2775 4331 2790 4354 ,
2825 4292 2900 4352 ὡς
2934 4289 3164 4342 ἐπύθετο
3196 4288 3286 4340 τὸν
3310 4289 3496 4341 στόλον
3529 4289 3666 4357 πρὸς
3698 4288 4028 4355 Ἡρακλείαν

2467 4385 2800 4451 κατάραντα.
2824 4381 2928 4434 Καὶ
2943 4381 3256 4450 Νικηφόρος
3277 4381 3565 4447 δεσπότης,
3588 4382 3614 4430 ὁ
3639 4377 3730 4430 τοῦ
3761 4380 4029 4447 βασιλέως

801 4482 1134 4534 ειιιιῑοοιιτοηι
1175 4498 1188 4533 :
1223 4481 1313 4548 qui
1358 4483 1574 4548 equites
1616 4480 1880 4546 tantisper
1923 4479 1990 4531 ab
2021 4477 2174 4532 urbis
2211 4476 2362 4530 aditu
2398 4470 2410 4523 1

2421 4469 2733 4543 )γαμ6ρὸ;,
2763 4473 2871 4526 τῶν
2917 4473 3060 4524 κατά
3119 4470 3211 4523 τῖον
3285 4471 3678 4539 Ἑλλήσποντον
3728 4472 4029 4540 Θρᾳκικῶν

801 4572 1160 4631 distinebant,
1191 4569 1368 4638 quoad
1402 4586 1430 4622 a
1452 4569 1678 4635 reliquis
1703 4577 2015 4636 caperetur.
2037 4566 2363 4621 Heracleen-

800 4680 912 4724 ses,
949 4671 1006 4716 ut
1044 4677 1101 4716 se
1127 4671 1316 4730 captos
1367 4660 1646 4718 viderunt,
1692 4659 1902 4714 Latinis
1932 4659 2125 4712 domos
2163 4658 2366 4726 praeda-

806 4767 918 4807 tum
968 4752 1445 4813 concursantibus,
1500 4767 1606 4805 una
1656 4750 1810 4804 urbis
1861 4751 2071 4816 portula
2122 4758 2362 4803 reserata

803 4847 1080 4906 exierunt,
1126 4843 1414 4911 multique,
1445 4842 1512 4896 de
1557 4840 1710 4908 plebe
1737 4841 2063 4910 pra-sertim,
2098 4839 2164 4894 ad
2209 4839 2367 4908 equi-

807 4945 977 4988 tatum
1023 4934 1293 5004 fugientes
1343 4932 1540 4986 servati
1587 4941 1736 4996 sunt,
1806 4947 1929 4984 eum
1975 4929 2155 4984 Latini
2213 4939 2367 4984 extra

807 5027 1000 5079 urbem
1043 5034 1266 5093 propter
1295 5022 1518 5077 eosdem
1554 5023 1767 5089 equites
1807 5020 2026 5090 insequi
2065 5036 2170 5074 non
2203 5021 2370 5075 aude—

811 5126 951 5172 rent.
975 5116 1276 5185 Optimates
1307 5114 1650 5184 potissimum
1688 5113 1739 5166 in
1772 5122 2095 5182 potestatem
2125 5113 2367 5177 adducti,

813 5225 935 5263 cum
992 5207 1272 5272 uxoribus,
1329 5215 1384 5261 et
1435 5207 1644 5269 liberis,
1698 5214 1757 5260 et
1805 5220 1987 5258 rerum
2038 5203 2214 5272 copiis
2261 5219 2369 5258 non

817 5301 1065 5354 modicis.
1115 5298 1370 5352 Heraclea
1404 5298 1674 5367 siquidem
1718 5312 1747 5350 a
1788 5294 2127 5364 temporibus
2156 5294 2372 5348 Andro-

816 5390 923 5446 nici
965 5406 1029 5442 ex
1058 5388 1372 5457 Patreologis
1407 5389 1563 5455 primi
1600 5387 1762 5456 hujus
1793 5385 2029 5439 nominis
2068 5391 2373 5454 expugnata

821 5497 1096 5551 nunquam
1129 5482 1323 5534 fuerat.
1353 5479 1526 5532 Latini
1566 5478 1744 5546 praeda
1774 5475 1934 5538 facta,
1971 5487 2153 5544 portas
2183 5490 2376 5529 omnes

821 5590 1006 5629 \crsus
1049 5574 1416 5626 continentem
1451 5572 1857 5625 obstruxerunt.
1909 5568 2110 5622 Deinde
2162 5568 2378 5621 selectis

823 5668 1094 5740 primariis
1157 5666 1367 5722 civibus
1431 5682 1492 5719 ac
1551 5664 1796 5727 feminis,
1848 5661 2014 5732 824
2065 5659 2376 5727 relictisque

825 5760 1159 5823 triremibus,
1187 5771 1316 5828 quot
1351 5758 1469 5812 urbi
1502 5757 1712 5812 tuenda:
1745 5757 1875 5812 satis
1898 5754 2010 5808 fore
2037 5751 2374 5824 judicabant,

2472 4565 2678 4616 πόλεων
2723 4564 2925 4634 ἄρχων,
2957 4558 3060 4632 ἧκε
3111 4562 3248 4629 μετὰ
3302 4563 3560 4632 στρατιᾶς
3623 4560 4034 4631 Ἡρακλεώταις

2475 4656 2776 4726 βοηθήσων,
2805 4656 2897 4707 καὶ
2936 4657 3000 4706 ἐκ
3026 4653 3237 4716 Βυζύτ,ς
3263 4655 3290 4705 ό
3319 4653 3419 4719 τῆς
3472 4652 3740 4722 βασιλίδος
3793 4652 4033 4721 Εἰρήνης

2475 4746 2700 4813 ἀδελφὸς
2738 4745 2971 4813 Ἀσάνης
3000 4741 3267 4809 δεσπότης
3290 4742 3317 4792 ὁ
3346 4741 3624 4810 Μανουὴλ,
3675 4741 3893 4809 ἔπεμπε
3941 4741 4036 4792 καὶ

2473 4838 2634 4900 αὐτὸς
2667 4836 2926 4906 στρατιὰν
2947 4837 3082 4903 πρὸς
3122 4832 3459 4900 συμμαχίαν.
3498 4833 3741 4900 ’Ὠνησαν
3783 4831 3839 4884 δὲ
3886 4833 4037 4884 οὐδὲν

2473 4927 2754 4996 ἐπάὐτὴν
2785 4926 2884 4994 τῆς
2930 4926 3109 4993 μάχης
3159 4923 3257 4982 τὴν
3306 4923 3491 4991 ἀκμὴν
3543 4921 3813 4984 ἐλθόντες.
3857 4923 4036 4990 Ἐρει-

2477 5020 2617 5072 πίων
2645 5018 2752 5084 γὰρ
2781 5018 2844 5068 ὲκ
2875 5014 2973 5083 τῆς
3022 5013 3296 5082 προτέρας
3325 5011 3598 5074 συνοικίας
3633 5012 3742 5081 πρὸ
3793 5011 3906 5064 τῶν
3943 5015 4042 5081 τῆς

2479 5111 2686 5170 πόλεως
2745 5105 2930 5160 πυλῶν
2970 5104 3134 5157 τινῶν
3166 5103 3642 5172 περισωζομένων,
3706 5101 3946 5154 ἐνταῦθα
3992 5105 4040 5155 οἱ

2479 5201 2694 5255 Λατῖνοι
2717 5197 2775 5248 τὸ
2807 5195 3097 5264 κράτιστον
3127 5193 3394 5257 τάξαντες
3428 5192 3538 5242 τῶν
3595 5193 3874 5260 σφετέρων
3893 5193 4042 5254 τοξο-

2479 5294 2610 5354 τῶν,
2643 5292 2906 5358 ἀπεῖργον
2943 5286 3072 5348 τοὺς
3109 5286 3307 5342 ἱππέας
3348 5285 3423 5352 μὴ
3486 5283 3747 5352 παριέναι
3797 5285 3880 5346 ei;
3944 5285 4041 5354 τὴν

2484 5385 2636 5438 πόλιν
2665 5384 2822 5450 ἄχρις
2860 5372 2921 5431 οὗ
2966 5378 3070 5430 ὑπὸ
3103 5377 3211 5429 τῶν
3245 5375 3539 5427 ἐπιλοίπων
3608 5374 3752 5426 taxo)
3804 5374 4045 5443 μαχομέ-

2482 5495 2609 5529 νων.
2657 5472 3038 5541 Ἡρακλεῶται
3099 5469 3153 5521 δὲ
3191 5469 3314 5520 ἐπεὶ
3359 5466 3653 5536 ᾐσθάνοντο
3717 5465 4041 5530 ἐαλωκότες,

2485 5568 2570 5633 ἐφ’
2609 5563 2867 5633 ἁρπαγὴν
2891 5561 2999 5612 τῶν
3061 5558 3308 5612 Λατίνων
3334 5557 3467 5627 πρὸς
3493 5558 3588 5618 τὰς
3613 5555 3792 5617 οἰκίας
3842 5572 4045 5624 τραπο·

2490 5659 2688 5719 μένων,
2726 5652 2922 5704 πυλίδα
2951 5651 3050 5717 τῆς
3105 5649 3314 5710 πόλεως
3347 5649 3478 5716 μίαν
3507 5647 3898 5711 ὃιανοίξαντες,
3931 5648 4043 5711 ἐξε-

2489 5747 2719 5818 χσῖιρονν,
2752 5742 2842 5796 καὶ
2872 5739 3212 5808 διεσώθησαν
3245 5738 3426 5790 πολλοὶ
3456 5737 3684 5807 μάλιστα
3732 5736 3826 5789 τοῦ
3870 5737 4042 5806 δῆμον
