4218 6446
156 422 270 483 Ξὲῖδ

1306 416 1855 475 llloTOliiAilUM
1904 415 2137 473 LIBER
2178 415 2273 476 IV.

3324 412 3431 478 226

162 537 305 607 πρὸς
356 536 416 588 τὸ
462 535 712 598 ίππικδνς
760 533 865 587 τῶν
919 532 1172 585 Λατίνων
1232 512 1336 594 ἔξω
1391 531 1495 598 τῆς
1548 530 1752 592 πόλεως

1857 540 1912 583 et
1952 529 2004 581 in
2049 537 2276 582 ea-teras
2322 527 2554 596 captivis
2604 528 2875 596 impositis
2920 528 3163 584 Galalam
3217 533 3439 603 naviga-

162 630 487 682 ἐπιδιώκειν
520 630 579 681 οὐ
634 626 961 696 τολμώντων
1003 625 1091 677 διὰ
1146 626 1274 687 τοὺς
1312 624 1533 685 ἱππέας.
1586 623 1660 674 Τὸ
1692 621 1748 675 δὲ

162 722 395 789 ἄριστον
422 722 518 789 τῆς
547 722 753 783 πόλεως
791 721 1028 790 μάλιστα
1070 720 1236 780 ἑάλω,
1266 718 1389 769 ὅσον
1415 716 1743 785 ὲννγυναιξὲ,

161 815 261 866 καὶ
292 817 551 879 παιδίοις,
575 816 669 867 καὶ
708 815 1012 883 χρημάτων
1074 812 1208 865 πολύ
1246 829 1298 863 τι
1356 810 1581 879 πλῆθος.
1636 804 1750 861 Ἶιν

160 908 274 972 γάρ
318 907 618 975 Ἡράκλεια
668 909 733 961 ἐκ
788 907 897 959 τῶν
972 905 1315 974 ’Λνδρονίκου
1376 904 1471 957 τοῦ
1529 907 1747 971 πρώτου

162 1000 275 1050 τῶν
312 998 700 1065 Ιίαλαιολὸγων
756 997 1027 1066 βασιλέως
1078 997 1308 1065 χρόνων,
1351 995 1607 1047 οὐδέποτε
1659 994 1747 1044 ὑπ’

163 1074 381 1150 magis;
445 1090 739 1141 ἑαλωκυῖα.
799 1089 1019 1140 Λατῖνοι
1072 1087 1130 1137 δὲ
1181 1087 1300 1137 ἐπεὶ
1360 1086 1428 1137 τά
1488 1088 1750 1154 χρήματα

163 1179 501 1247 διήρπασαν,
543 1182 639 1241 τὰς
676 1180 774 1247 μὲν
801 1180 939 1246 πρὸς
966 1181 1065 1245 τὴν
1104 1178 1335 1257 ἡπειροσν
1383 1176 1751 1245 ἀπῳκοδόμη-

166 1290 267 1324 σαν
321 1275 502 1334 πάσας
554 1273 752 1332 πύλας.
793 1269 1023 1323 Ἔπειτα
1054 1273 1161 1322 τῶν
1194 1270 1430 1322 πολιτῶν
1472 1268 1748 1331 ἀπολεξά·

169 1380 325 1432 μενοι
368 1365 496 1424 τοὺς
534 1363 816 1429 ἀρίστους,
882 1364 978 1413 καὶ
1034 1361 1254 1428 ἄνδρας,
1318 1362 1411 1411 καὶ
1462 1362 1745 1425 γυναῖκας,

163 1459 416 1526 τριήρεις
452 1473 509 1507 τε
534 1455 954 1519 καταλιπόντες,
992 1456 1088 1506 ὅσα
1142 1453 1313 1523 ᾤοντο
1339 1454 1594 1521 ἀρκέσειν
1618 1452 1750 1518 πρὸς

168 1550 419 1618 φρουράν
446 1550 512 1617 τῇ
540 1548 713 1609 πόλει,
749 1550 867 1609 ταῖς
898 1546 1086 1608 ἄλλαις
1150 1547 1229 1606 είς
1274 1545 1523 1596 Γαλατᾶν
1564 1540 1748 1612 ἦλθον,

165 1642 384 1710 ἔχοντες
416 1642 541 1703 τοὺς
598 1638 1001 1709 αίχμαλώτους.
1043 1639 1184 1708 Σίτῳ
1214 1638 1269 1690 δὲ
1317 1637 1544 1700 καὶτοῖς
1570 1636 1749 1699 ἄλλοις

165 1736 521 1803 ἐπιτηδείοις,
556 1734 655 1785 ὅσα
710 1734 783 1802 μὴ
837 1732 1113 1784 ἁνάλωντο
1162 1732 1303 1783 κατά
1368 1730 1467 1798 τὴν
1524 1730 1749 1791 ἅλωσιν,

164 1828 471 1895 ἐχρήσαντο
502 1826 645 1878 κατά
671 1826 760 1877 τὸν
791 1822 883 1877 τοῦ
915 1824 1156 1890 πολέμου
1191 1823 1384 1891 χρόνον
1415 1823 1517 1875 οὐκ
1567 1822 1748 1890 ὀλίγον

166 1919 575 1989 γεγενημένον·
613 1918 640 1970 ὃ
666 1917 758 1970 καὶ
816 1915 1052 1984 μάλιστα
1076 1915 1175 1985 τὴν
1221 1914 1503 1984 διατριϐὴν
1565 1916 1748 1977 αὐτοῖς

164 2012 382 2065 ἄλυπον
414 2011 701 2079 ἐποίησεν,
754 2005 967 2059 ἐκεῖθεν
1006 2006 1075 2057 τά
1120 2006 1406 2076 ἐπιτήδεια
1454 2006 1750 2074 ποριζομέ-

165 2122 300 2159 νοιε.
356 2103 619 2164 Βασιλεὺς
650 2102 706 2155 δὲ
743 2100 840 2155 τοῦ
883 2101 1072 2154 στόλου
1108 2100 1383 2163 ἐπιόντος,
1416 2100 1655 2162 ὁλκάδας
1690 2116 1751 2151 τε

165 2198 367 2259 πάσας,
394 2197 488 2248 καὶ
517 2195 615 2257 τὰς
649 2196 922 2263 τριήρεις,
970 2194 1027 2247 αἳ
1080 2194 1219 2263 πρὸς
1268 2195 1365 2263 τὴν
1429 2193 1751 2263 πολιορκίαν

164 2284 309 2360 ἦσαν
338 2288 688 2357 ὡπλισμέναι
717 2286 939 2340 Γαλατᾶ
967 2287 1105 2357 πρὸς
1137 2286 1216 2356 τῷ
1271 2289 1328 2339 ἐν
1389 2285 1751 2358 Ἐπτασκάλῳ

167 2381 383 2451 νεωρίῳ
412 2382 667 2433 ἐκέλευεν
692 2380 959 2445 εἰσάγειν,
988 2379 1253 2450 πρότερον
1277 2379 1468 2449 ὥσπερ
1500 2380 1751 2449 ἐφθημεν

166 2476 421 2537 εἰπόντες
476 2473 950 2543 ἐκκεκαθαρμένῳ
982 2473 1074 2525 ὑπ’
1106 2472 1272 2525 αὐτοῦ
1336 2474 1430 2526 καὶ
1467 2474 1750 2543 δυναμένῳ

167 2569 226 2618 οὐ
260 2566 360 2629 τὰς
392 2564 558 2627 οὔσας
595 2566 776 2635 μόνον,
803 2564 940 2617 ἀλλὰ
965 2564 1184 2627 πλείους
1232 2565 1489 2633 δέχεσθαι
1532 2566 1747 2635 ἐτέρας.

167 2656 241 2713 OB
285 2660 350 2729 δὴ
384 2661 545 2713 ἕνεκα
600 2658 932 2723 Βυζαντίους
966 2657 1227 2727 βλάπτειν
1284 2660 1440 2711 οὐδὲν
1486 2659 1751 2728 ἠδύναντο

170 2754 415 2805 Λατῖνοι.
450 2751 713 2812 Βασιλεὺς
752 2750 807 2801 δὲ
868 2752 960 2801 καὶ
996 2749 1129 2818 πρὶν
1186 2749 1277 2801 τὸν
1328 2750 1512 2801 στύλον
1569 2750 1747 2819 ἥκειν,

168 2844 263 2894 καὶ
297 2842 437 2909 μετᾶ
472 2841 651 2900 τοῦτο,
693 2840 801 2891 τῶν
832 2839 1062 2892 δεόντων
1104 2840 1318 2902 οὐδενος
1350 2841 1544 2909 ἠμέλει
1568 2856 1579 2870 ·
1614 2843 1751 2895 ἀλλὰ

167 2936 234 2985 τά
253 2950 313 2984 τε
354 2931 489 2998 πρὸς
517 2934 585 3001 τῇ
616 2931 865 3002 θαλάσσῃ
915 2932 1066 3000 τείχη
1140 2932 1347 3001 ἄριστα
1382 2934 1746 3000 ἐπεσκεύασε,

167 3022 235 3074 τά
270 3038 327 3073 τε
360 3025 712 3089 πεπονηκότα
742 3018 1157 3088 ἀνακτώμενος,
1182 3023 1275 3075 καὶ
1323 3024 1439 3084 τοῖς
1473 3023 1748 3077 ἐνδέουσιν

171 3112 303 3181 ὕψος
340 3111 695 3177 προστιθείς⁶
750 3110 845 3163 καὶ
885 3111 948 3162 ἐκ
973 3110 1081 3162 τῶν
1108 3112 1368 3179 Εὑγενίου
1402 3113 1747 3184 πυλῶνγᾶχρι

1858 632 2007 676 runt.
2040 622 2271 675 Annona
2298 630 2479 675 autem
2524 630 2579 675 et
2609 621 2819 689 reliquo
2849 621 3018 686 victu,
3048 638 3437 694 quemcunque

1854 726 2011 782 rapta
2055 714 2193 767 urbe
2242 714 2587 772 invenerant.
2623 730 2719 781 per
2758 724 2974 783 tempus
3006 716 3131 769 belli
3178 733 3284 771 non
3314 721 3434 773 exi-

1852 823 2017 874 guum
2055 807 2139 859 usi
2189 815 2317 860 sunt
2350 824 2361 858 :
2399 804 2448 858 id
2493 806 2639 873 quod
2675 807 2725 859 in
2758 807 2847 859 illa
2893 808 3256 862 diuturnitate
3292 810 3438 863 leva-

1854 905 2043 947 mento
2089 910 2151 947 ac
2203 895 2398 948 solatio
2446 895 2686 946 masimo
2738 894 2861 949 fuit.
2906 898 3209 965 Imperator
3249 899 3433 954 hostili

1852 988 2027 1040 classe
2078 986 2446 1050 adventante,
2493 987 2775 1040 onerarias
2817 1003 3012 1041 omnes
3057 1000 3114 1044 et
3159 993 3436 1059 triremes,

1853 1093 1974 1144 qum
2009 1078 2074 1131 ad
2119 1078 2366 1130 Ga'atam
2403 1076 2827 1145 Oppugnandam
2867 1078 3011 1146 apud
3049 1079 3435 1149 lleptascalntn

1852 1170 1906 1221 in
1946 1169 2124 1222 navali
2166 1170 2364 1236 (prius,
2401 1178 2460 1221 ut
2501 1170 2876 1232 nu-ruinimus,
2909 1170 2977 1223 ab
3021 1186 3077 1225 se
3122 1184 3434 1241 repurgato,

1855 1278 1953 1315 nec
2004 1262 2219 1315 illarum
2278 1262 2464 1324 modo,
2513 1261 2610 1314 sed
2659 1262 2900 1330 plurium
2946 1280 3168 1335 quoque
3213 1268 3433 1322 navium

1853 1355 2065 1422 capaci)
2118 1359 2403 1407 instructa:
2448 1354 2692 1416 stabant,
2746 1354 2939 1409 deduci
2975 1357 3160 1425 jussit.
3207 1359 3439 1429 l‘roptcr

1854 1446 1999 1515 quod
2034 1445 2213 1500 Latini
2245 1444 2523 1515 Byzantiis
2555 1462 2755 1501 nocere
2788 1448 2923 1501 nihil
2953 1460 3227 1518 poterant.
3268 1452 3439 1509 Ροιϊο

1854 1555 1979 1593 cum
2026 1549 2173 1601 ante,
2215 1547 2328 1591 tum
2376 1548 2498 1607 post
2532 1540 2831 1596 adventum
2876 1544 3091 1605 classis,
3127 1545 3261 1599 nihil
3288 1549 3437 1616 quod

1856 1648 1944 1687 res
1990 1631 2317 1699 postularet,
2353 1632 2560 1693 omisit.
2595 1635 2689 1688 sed
2732 1644 2788 1689 et
2841 1652 3029 1690 muros
3060 1653 3252 1693 versus
3287 1654 3439 1693 mare

1856 1724 2187 1778 instauravit
2235 1725 2465 1791 optime,
2519 1741 2625 1794 qua
2674 1727 2971 1781 admodum
3018 1731 3278 1786 ruinosos
3312 1732 3435 1786 reti-

1854 1820 2026 1884 ciens,
2059 1835 2167 1888 qua
2209 1819 2535 1874 humiliores
2569 1820 2737 1875 altius
2772 1822 3080 1888 extollens;
3114 1834 3170 1879 et
3205 1841 3234 1879 a
3283 1837 3439 1895 porta

1854 1912 2084 1983 Engenii
2144 1928 2319 1982 usque
2384 1913 2449 1967 ad
2517 1914 2752 1981 ligneam
2799 1932 2921 1984 qua:
2956 1916 3183 1981 dicitur,
3236 1919 3439 1975 fossam

1854 2004 2179 2073 profundam
2244 2004 2638 2068 circumduxit,
2703 2008 2961 2062 omnibus
3015 2010 3237 2065 familiis
3294 2013 3438 2067 intra

1851 2097 2053 2152 muenia
2086 2097 2454 2166 commigrare
2483 2099 2680 2168 jussis,
2712 2111 2768 2155 et
2800 2117 2922 2169 qua:
2953 2114 3110 2157 erant
3136 2120 3233 2173 per
3270 2106 3440 2160 Thra-

1850 2188 2014 2249 ciam,
2061 2188 2254 2256 copias
2312 2205 2423 2243 non
2489 2206 2685 2258 parvas
2740 2194 3080 2249 accersivit:
3137 2198 3438 2267 omniaque

1850 2278 2072 2333 demunt
2108 2280 2173 2333 ad
2205 2279 2452 2343 Latinos,
2488 2283 2532 2336 si
2582 2283 2930 2349 invaderent,
2978 2288 3248 2343 arcendos
3282 2304 3437 2342 com-

1850 2376 2062 2442 paravit
2109 2372 2399 2429 Martinus.
2440 2375 2735 2430 Ntemorus
2788 2377 2958 2440 duci,
3008 2390 3061 2432 et
3115 2382 3438 2437 trierarchis

1852 2482 2073 2519 rursum
2125 2466 2382 2531 suadere,
2436 2470 2703 2523 tentanda
2747 2470 2992 2543 Byzantii
3040 2476 3261 2529 muenia.
3320 2477 3433 2528 Dux

1851 2569 2045 2628 aperte
2068 2575 2397 2629 repugnare,
2425 2577 2488 2614 ac
2514 2562 2722 2624 dicere,
2754 2564 3049 2619 Martinam
3084 2569 3278 2622 inutile
3304 2569 3437 2623 dare

1852 2654 2181 2718 consilium;
2225 2653 2516 2724 Byzantios
2547 2656 2695 2709 enim
2729 2658 3072 2724 potentiores
3102 2675 3226 2715 esse
3265 2658 3437 2715 Hera-

1852 2745 2187 2799 cleensibus.
2223 2744 2551 2813 Quanquam
2590 2747 2634 2800 si
2671 2748 2897 2813 auxilia,
2935 2750 3135 2819 inquit,
3172 2768 3293 2821 qua:
3329 2754 3438 2808 illis

1853 2838 2172 2903 veniebant,
2208 2838 2478 2892 accedere
2520 2821 2855 2907 potuissent,
2888 2857 2997 2895 non
3030 2844 3209 2897 solum
3242 2847 3435 2900 urbem

1854 2929 2114 2982 invictam
2162 2939 2500 2995 servassent,
2543 2930 2637 2985 sed
2690 2940 2745 2985 et
2798 2948 2896 2989 nos
2943 2936 3326 3004 compluribus
3373 2954 3437 2994 ac

1852 3018 2086 3074 fortibus
2134 3019 2267 3073 viris
2315 3022 2624 3075 orhasseut.
2678 3022 2747 3074 At
2804 3024 3081 3093 Byzantiis
3134 3042 3222 3080 res
3276 3028 3436 3097 longe

1851 3126 2032 3173 secus,
2064 3112 2155 3179 qui
2191 3127 2396 3177 muros,
2435 3122 2493 3165 ut
2523 3113 2834 3178 cernimus,
2863 3117 3080 3185 egregie
3127 3118 3438 3175 refecerunt

170 3206 267 3272 τῆς
304 3204 525 3270 ξυλίνης
567 3203 871 3272 λεγομένης
931 3202 1129 3271 πύλης,
1180 3203 1387 3272 τάφρον
1448 3204 1745 3273 περιήλασε

1855 3221 1918 3255 ac
1978 3203 2378 3267 instaurarunt,
2426 3214 2483 3258 et
2532 3204 2672 3259 nihil
2731 3208 3125 3276 requisitornnt
3182 3214 3439 3283 neglexe-

174 3297 423 3365 βαθεῖαν,
448 3296 631 3357 πάσας
653 3295 751 3357 τὰς
783 3295 962 3357 οἰκίας
998 3294 1265 3357 κελεύσας
1320 3295 1565 3361 εἰσάγειν
1600 3296 1750 3357 ἐντὸς

172 3386 400 3455 τειχῶν·
434 3388 529 3439 καὶ
562 3387 663 3453 τὴν
685 3387 749 3437 ἐκ
774 3385 874 3454 τῆς
914 3384 1139 3453 Θράκης
1194 3385 1458 3452 στρατιάν
1515 3401 1752 3451 μετεκα-

172 3480 316 3531 λεῐτο
336 3478 502 3531 οὖσαν
534 3478 635 3531 οὐκ
666 3477 878 3545 ὀλίγην,
912 3477 1007 3529 καὶ
1034 3477 1211 3531 πάντα
1279 3478 1746 3545 παρεσκευάζετο,

169 3574 243 3636 ὡς
264 3574 329 3644 ἢν
372 3571 597 3622 ἐπίωσιν
622 3570 670 3622 οί
702 3570 923 3620 Λατῖνοι
968 3568 1369 3636 ἀμυνούμενος,
1405 3566 1671 3636 ὶιαρτίνος
1694 3566 1749 3619 δὲ

172 3665 443 3733 Ντεμόρω
474 3659 630 3723 αὖθις
656 3660 734 3729 τῷ
760 3660 1055 3729 στρατηγῷ
1086 3659 1256 3725 σφῶν,
1286 3659 1376 3711 καὶ
1444 3661 1557 3721 τοῖς
1599 3674 1753 3727 τρη-

177 3757 406 3824 ράρχαις
440 3753 821 3813 συνεϐούλευε,
881 3752 975 3803 καὶ
1036 3751 1143 3802 τῶν
1207 3751 1504 3815 Βυζαντίου
1558 3752 1752 3819 τειχῶν

172 3845 611 3913 ἀποπειρᾶσθαι.
650 3842 900 3897 Ἀντεῖπε
935 3842 988 3893 δὲ
1022 3843 1049 3893 ὁ
1082 3845 1387 3913 στρατηγὸς
1421 3844 1751 3910 ἀναφανδὸν,

174 3937 471 4005 ἀλυσιτελῆ
525 3935 879 4004 βουλεύεσθαι
936 3934 1108 3986 είπὼν
1173 3937 1468 4005 Μαρτῖνον·
1520 3937 1579 3987 ού
1644 3938 1752 4004 γάρ

172 4034 369 4099 ὁμοίαν
390 4031 533 4098 ἔχειν
560 4029 789 4097 δύναμιν
815 4028 1142 4089 Βυζαντίους
1172 4032 1283 4089 τοῖς
1320 4029 1751 4097 Ἡρακλεώταις.

174 4122 376 4176 Καίτοι
410 4138 470 4187 γε
502 4121 549 4172 εί
579 4120 673 4171 καὶ
700 4120 834 4187 πρὸς
872 4118 1197 4186 Ἡράκλειαν
1225 4120 1256 4188 ἡ
1286 4119 1379 4169 ἐπὶ
1435 4120 1753 4187 συμμαχίαν

172 4215 455 4283 ἀφιγμένη
506 4212 737 4280 δύναμις
800 4210 1035 4280 ἐδυνήθη
1097 4210 1411 4279 παρελθεῖν,
1474 4212 1533 4261 οὐ
1595 4212 1752 4278 μόνον

172 4310 453 4362 ἀνάλωτον
489 4305 704 4373 ἐκείνην
731 4303 1073 4371 διετήρησεν,
1111 4303 1245 4355 ἀλλὰ
1300 4305 1392 4355 κα)¹
1448 4304 1593 4371 ἡμᾶς
1632 4304 1754 4354 πολ-

171 4404 305 4461 λῶν,
337 4399 435 4451 καὶ
468 4397 687 4465 ἀγαθῶν
716 4398 1093 4465 ἀπεστέρησεν
1119 4396 1183 4449 ἂν
1235 4396 1447 4465 ἀνδρῶν
1506 4396 1584 4448 Τὰ
1649 4396 1754 4448 Βυ-

174 4495 409 4557 ζαντίων
440 4491 494 4542 δὲ
520 4492 579 4542 ού
609 4490 853 4550 τοιαῦτα,
884 4488 1018 4541 ἀλλὰ
1057 4490 1124 4541 τά
1159 4506 1215 4540 τε
1259 4491 1434 4557 τείχη,
1486 4489 1561 4553 ὡς
1618 4491 1756 4559 ὀρῶ-

1857 3302 2005 3357 rnnt,
2067 3294 2594 3365 multitudinemque
2642 3297 2891 3365 peditum
2950 3310 3007 3354 et
3058 3302 3307 3371 equitum
3367 3304 3436 3359 ad

1854 3384 2232 3439 defensionem
2292 3388 2719 3457 providerunt:
2777 3391 2983 3460 quibus
3055 3395 3220 3448 etiam
3282 3397 3437 3451 nullo

1856 3494 2014 3531 muro
2067 3480 2238 3547 septis
2287 3494 2408 3533 sese
2463 3495 2743 3549 opponere
2793 3482 3013 3538 difﬁcile
3064 3495 3169 3539 est.
3229 3486 3438 3542 Prteter

1855 3572 1971 3625 haec
2008 3575 2191 3624 omnia
2232 3572 2388 3626 adest
2440 3572 2555 3642 ipse
2592 3573 2911 3643 imperator,
2948 3592 3113 3645 quem
3148 3580 3438 3645 prudentia

1854 3672 1911 3716 et
1956 3663 2359 3719 exercitatione
2415 3663 2742 3719 bellicarum
2802 3668 3003 3721 artium
3062 3670 3199 3723 nulli
3248 3682 3435 3726 nostra

1853 3761 2013 3806 artate
2054 3754 2358 3807 secundum
2393 3757 2729 3825 accepimus.
2761 3758 2871 3827 Ego
2904 3760 2985 3814 sic
3012 3762 3292 3827 existimo,
3325 3780 3435 3819 non

1855 3860 1976 3898 esse
2012 3848 2303 3913 sapientis,
2357 3848 2409 3900 in
2457 3851 2595 3903 mala
2644 3863 2772 3905 ante
2819 3854 3010 3907 oculos
3060 3856 3237 3923 posita
3289 3859 3438 3913 nulla

1856 3954 1953 4005 spe
2001 3939 2233 4009 alicujus
2259 3942 2616 3996 emolumenti
2658 3960 2843 4009 ruere,
2904 3947 3001 4000 sed
3036 3948 3177 4001 vires
3209 3964 3338 4005 suas
3386 3952 3439 4004 in

1856 4037 2227 4097 opportunttm
2288 4040 2529 4100 tempus,
2576 4042 2631 4087 et
2681 4035 2746 4088 ad
2808 4037 2969 4101 paulo
3023 4048 3145 4107 post
3197 4041 3437 4094 fntnratn

1859 4121 2153 4174 utilitatem
2211 4137 2517 4177 reservare.
2567 4124 2694 4178 llrec
2756 4126 2865 4179 dux
2919 4137 2975 4181 et
3021 4130 3136 4197 ipse
3183 4132 3440 4199 (περι-ἀπο

1858 4212 2142 4275 ριιιιειιὺιιι,
2175 4223 2230 4266 et
2256 4214 2381 4266 aliis
2409 4218 2738 4281 sententiam
2783 4234 2938 4272 suam
2977 4221 3262 4288 probabat,
3298 4222 3441 4275 Mar-

1859 4306 1972 4357 tino
2007 4316 2258 4372 excepto,
2286 4305 2378 4373 qui
2419 4308 2554 4359 nihil
2600 4323 2707 4361 non
2748 4308 3003 4375 faciebat,
3038 4322 3093 4365 et
3138 4314 3340 4368 milites
3371 4317 3437 4368 ad

1857 4411 2090 4464 pugnam
2139 4397 2389 4458 irritatis,
2445 4400 2604 4452 facile
2640 4415 2669 4452 a
2727 4411 2832 4454 tam
2884 4404 3070 4457 tuultis
3116 4404 3438 4475 Byzantium

1858 4488 2145 4541 subactum
2179 4489 2241 4541 iri
2278 4488 2589 4544 dictitabat.
2621 4490 2691 4543 At
2723 4490 2975 4561 Paganus
3006 4511 3062 4548 re
3090 4496 3205 4565 ipsa
3237 4500 3431 4552 volens

174 4602 301 4654 μεν,
338 4584 535 4651 ἄριστα
564 4581 961 4642 ἐπεσκεύαστο,
997 4582 1090 4632 καὶ
1139 4582 1291 4633 οὐδὲν
1341 4582 1591 4651 ἠμελήθη
1639 4582 1751 4633 τῶν

1858 4580 2171 4640 ostendere,
2224 4582 2514 4635 Martinam
2566 4583 2818 4652 imperite
2876 4597 3044 4654 atque
3099 4590 3442 4645 confidenter

171 4680 431 4739 δεόντων,
464 4678 559 4729 καὶ
590 4676 795 4745 πλῆθος
849 4676 1083 4728 ὁπλιτῶν
1131 4692 1190 4728 τε
1228 4679 1321 4731 καὶ
1384 4678 1596 4730 ἱππέων
1646 4679 1754 4729 τῶν

174 4771 575 4838 ἀμυνουμένων
619 4767 1040 4838 παρεσκεύαστο
1066 4784 1080 4798 ο
1113 4761 1193 4830 οἷς
1247 4769 1340 4820 καὶ
1368 4770 1537 4838 χωρίς
1558 4770 1755 4837 τειχῶν

176 4863 343 4930 ἔργον
374 4860 442 4929 ἦν
466 4858 957 4912 ἀντικαθίστασθαι
988 4858 1122 4928 πρὸς
1159 4860 1360 4931 μάχην.
1408 4860 1529 4912 Ἐπὶ
1546 4861 1755 4923 τούτοις

174 4954 227 5006 δὲ
260 4955 423 5014 πᾶσι,
461 4952 696 5020 πάρεστι
726 4952 821 5004 καὶ
856 4952 1114 5017 βασιλεὺς
1165 4952 1223 5003 ὃν
1284 4954 1555 5021 ἀκούομεν
1606 4955 1755 5007 συνέ-

180 5045 321 5105 σεώς
358 5060 416 5095 τε
454 5043 546 5094 καὶ
588 5043 885 5111 ἐμπειρίας
944 5043 1045 5110 τῆς
1100 5044 1235 5111 πρὸς
1292 5044 1751 5113 τοὺςεπολέμους,

174 5135 392 5195 οιδενὸς
420 5132 851 5200 ἀπολειπόμενον
873 5133 981 5186 τῶν
1006 5134 1127 5186 καθ’
1162 5136 1329 5204 ἡμᾶς,
1356 5134 1507 5203 οὺ¹δὴ
1539 5150 1746 5203 σωφροι

179 5228 422 5280 νούντων
455 5222 764 5292 ἀνθρώπων
793 5228 869 5287 εἲς
930 5221 1206 5295 προῦπτον
1268 5226 1757 5295 κίνδυνσνέμὸάλ-
1802 5220 1805 5223 ’

177 5320 290 5373 λειν
319 5321 549 5383 ἐαυτοὶις
582 5319 667 5372 ἐπ’
692 5318 906 5379 οὐδενός
939 5335 1085 5380 τινος
1112 5318 1287 5370 ἐλπίδι
1340 5319 1591 5387 κέρδους
1622 5319 1757 5371 ἀλλὰ

178 5412 470 5475 διασώζειν
510 5411 609 5479 τὴν
657 5409 887 5476 δύναμιν
947 5410 1256 5478 ἐπικαίρως
1310 5410 1477 5478 ὀλίγῳ
1531 5409 1756 5480 ὕστερον

180 5503 464 5574 χρησίμην
498 5502 789 5569 ἐσομένην.
818 5502 1059 5574 ,Τοιαῦτα
1091 5502 1189 5570 μὲν
1229 5503 1255 5553 ὁ
1302 5502 1608 5571 στρατηγὸς
1659 5504 1756 5552 αὺ-

180 5596 266 5657 τός
298 5612 356 5646 τε
380 5593 521 5663 ᾤετο
546 5592 870 5655 λυσιτελεῖν,
902 5594 995 5645 καὶ
1023 5594 1146 5655 τοὺς
1171 5593 1298 5649 ἄλλο
1310 5613 1363 5654 υς
1388 5594 1597 5659 ἔπειθε,
1617 5594 1755 5666 πλὴν

180 5686 460 5755 Μαρτίνου
483 5700 497 5713 ’
533 5686 739 5747 ἐκεῖνος
775 5685 881 5754 γὰρ
908 5685 1089 5737 πάντα
1121 5686 1381 5754 ἔπραττε,
1420 5687 1514 5737 καὶ
1564 5685 1756 5755 παρώ-

184 5776 303 5840 ξυνε
337 5776 480 5846 πρὸς
503 5779 690 5847 μάχην
725 5778 785 5829 τὸ
840 5778 1231 5847 στρατόπεδον,
1290 5778 1481 5847 ῥᾳδίαν
1537 5776 1756 5831 ἔσεσθαι

183 5872 409 5939 φάσκων
441 5869 628 5934 αὐτοῖς
661 5870 781 5924 οὖσι
813 5870 1153 5942 τηλικούτοις
1183 5870 1283 5941 τὴν
1316 5869 1629 5941 παράληψιν
1660 5870 1754 5923 τοῦ

1856 4671 2319 4739 Oppugnationem
2360 4688 2579 4741 urgere,
2627 4674 2895 4728 militibus
2948 4676 3145 4741 edixit,
3180 4694 3331 4731 artua
3382 4689 3443 4734 ut

1856 4762 2151 4830 pugnaturi
2178 4775 2458 4830 caperent.
2479 4764 2641 4833 825
2665 4766 2924 4834 Capiunt,
2960 4772 3438 4842 praeter-navigant,

1856 4853 2004 4907 vires
2063 4853 2434 4908 Romanorum
2503 4858 2830 4924 explorant,
2884 4858 3010 4911 duci
3069 4863 3440 4929 astipulantur

1858 4962 2049 4999 omnes
2080 4962 2189 4999 non
2228 4962 2348 4999 esse
2392 4948 2745 5016 pugnandum
2778 4951 3043 5005 adversus
3090 4961 3293 5007 tantam
3340 4972 3441 5024 po-

1860 5040 2111 5100 tentiam,
2138 5048 2191 5093 et
2218 5039 2512 5092 Martinam
2540 5058 2638 5109 pro
2668 5044 2955 5111 insigniter
2979 5047 3151 5100 stulto
3182 5050 3442 5101 condent-

1858 5140 2012 5185 nant.
2076 5130 2141 5184 Ut
2200 5133 2437 5199 primum
2500 5134 2645 5186 enim
2701 5134 3023 5189 Getmenses
3076 5155 3103 5190 a
3158 5151 3318 5206 portu
3381 5155 3439 5194 se

1859 5235 2170 5283 moverunt.
2205 5242 2312 5277 non
2340 5227 2514 5279 solum
2553 5243 2649 5295 per
2690 5230 2891 5283 mmuia
2934 5247 3123 5299 magna
3161 5231 3437 5286 liomano-

1858 5333 1977 5370 runt
2008 5318 2316 5383 ftequentia
2354 5320 2404 5369 in
2432 5320 2597 5371 armis
2629 5336 2923 5389 conspecta
2956 5334 3062 5387 est,
3096 5334 3152 5376 nt
3186 5342 3294 5393 pra:
3329 5326 3433 5379 luci

1856 5410 2103 5478 angustia
2137 5424 2193 5461 se
2240 5397 2603 5476 comprimete
2641 5412 2978 5468 viderentur.
3028 5417 3120 5465 sed
3168 5416 3331 5466 etiam
3366 5415 3435 5468 ad

1859 5516 2007 5552 mare
2064 5512 2191 5553 ante
2244 5515 2448 5563 muros,
2497 5517 2525 5553 a
2584 5513 2737 5570 porta
2788 5503 3101 5571 Eugeaiana
3144 5520 3315 5571 usque
3366 5506 3434 5559 ad

1856 5592 2113 5661 ligneam,
2144 5602 2199 5645 et
2236 5593 2286 5645 in
2328 5608 2431 5645 una
2469 5595 2733 5664 phalange
2774 5611 2880 5648 non
2916 5597 3071 5663 pauci
3109 5599 3343 5665 equites,
3379 5610 3436 5653 et

1856 5686 2037 5753 gravis
2093 5700 2155 5737 ac
2198 5685 2332 5737 levis
2377 5698 2669 5739 armatura:
2713 5688 2868 5741 ntulti
2910 5692 3124 5742 stabant
3158 5691 3430 5758 dispositi.

1858 5778 2042 5845 Itaque
2075 5776 2395 5832 Latinorum
2435 5777 2543 5833 dux
2598 5780 2785 5835 subito
2827 5791 3130 5850 revertens,
3165 5798 3332 5837 naves
3378 5782 3434 5837 in

1858 5882 2013 5941 portu
2040 5872 2357 5926 constituit.
