4218 6446
218 394 330 459 2‘29

1326 402 1375 460 ‘il
1392 401 1642 461 lS'l'Olll
1661 408 1699 461 Α
1713 404 1879 464 RUM
1923 405 1989 465 Ll
2006 405 2152 467 BER
2196 407 2299 470 ΠΤ.

3377 415 3482 480 230

214 508 373 558 αὐτοὶ
435 507 534 577 μὲν
590 508 742 560 οὐδὲν
801 508 1273 579 ὠφεληθησονῑαι,
1336 512 1489 563 πόλιν
1543 511 1599 564 δὲ
1656 508 1786 565 οὖτα

1904 512 2054 580 dine,
2086 526 2141 571 et
2197 527 2501 572 exemtum
2542 533 2604 571 ex
2661 519 2894 587 pecunia
2951 537 3057 575 non
3110 538 3300 593 parum
3343 525 3482 580 lucri

215 596 412 663 καλὴν,
450 600 934 669 κατεσκαμμένην,
985 600 1081 654 καὶ
1125 602 1379 669 ἀοίητον
1428 602 1798 669 ἀποδείξουσι,

216 693 486 758 μνημεῖον
544 692 812 760 ἐσομένην
851 695 963 754 τοῖς
1022 694 1104 756 είς
1148 693 1373 763 ὕστερον
1418 696 1802 765 παραπλέουσι

212 781 315 851 τῆς
346 782 530 834 αὐτῶν
562 784 981 853 ἀγνωμοσύνης,
1020 787 1116 839 καὶ
1153 786 1250 855 τῆς
1279 786 1637 857 ἀφιλοτιμίας
1671 789 1801 858 περὶ

214 874 280 924 τι
338 876 504 939 καλὰ,
551 874 689 928 ἀλλὰ
729 880 829 945 τῆς
875 877 1147 946 τοσαύτης
1190 879 1370 930 αὐτῶν
1412 880 1800 950 κακοπραγίας

212 964 365 1016 ἔλεόν
415 983 538 1019 τινα
590 966 881 1031 λαδὸντας,
932 968 1227 1036 φείσασθαι
1283 970 1382 1040 τῆς
1444 971 1649 1033 πόλεως
1707 973 1801 1024 ἐπὶ

210 1062 462 1126 χρήμασι
512 1062 720 1128 ῥητοῖς.
770 1059 957 1113 Ταῦτα
1015 1060 1071 1112 δὲ
1122 1063 1318 1124 αὐτοὺς
1373 1064 1660 1116 ἀποτίσειν
1719 1066 1799 1125 είς

213 1150 525 1212 Βυζάντιον.
546 1151 835 1218 ἀχθέντας,
875 1154 920 1203 οἱ
954 1151 1053 1218 μὲν
1079 1151 1172 1203 οὖν
1200 1153 1425 1205 τοιαῦτα
1454 1154 1667 1205 ἐδέοντο
1704 1153 1798 1207 τοῦ

211 1244 549 1311 στρατηγοῦ.
586 1245 824 1307 Ἐκεῖνος
856 1246 911 1297 δὲ
1100 1247 1199 1315 μὲν
1230 1248 1321 1298 καὶ
1359 1245 1794 1315 φιλανθρωπίας,

208 1337 306 1386 καὶ
369 1338 710 1405 ἡμερότητος
753 1337 913 1400 δόξαν
976 1337 1386 1404 ἀπενέγκασθαι
1445 1337 1509 1389 ἂν
1567 1338 1795 1406 οἰηθεὶς,

208 1427 329 1494 ἅμα
374 1428 430 1479 δὲ
481 1428 575 1481 καὶ
616 1427 715 1497 τὴν
766 1431 1028 1495 στρατιὰν
1074 1428 1529 1497 ὠφεληθήσεσθαι
1579 1431 1641 1481 ὲκ
1687 1430 1796 1482 τῶν

205 1519 511 1586 χρημάτων
561 1519 661 1571 οὐκ
692 1519 851 1586 ὀλίγα
874 1536 886 1550 ⁸
926 1521 1190 1590 πλείστης
1227 1523 1337 1590 γὰρ
1367 1521 1580 1573 ἐδέοντο
1621 1523 1794 1575 δαπάο

210 1627 306 1677 νης
333 1611 416 1677 ἐφ’
448 1610 591 1663 οὕτω
635 1612 979 1681 χρονιζούσῃ,
1024 1614 1117 1664 καὶ
1171 1614 1382 1683 μεγάλῃ
1439 1616 1792 1684 παρασκευῇ,

209 1702 483 1764 ἐπείθετο,
536 1705 631 1756 καὶ
687 1705 945 1757 συνέθετο
1001 1706 1095 1757 ἐπὶ
1159 1708 1403 1773 χρήμασι
1457 1708 1641 1776 ῥητοῖς
1695 1707 1795 1775 τὴν

206 1797 363 1851 πόλιν
397 1800 643 1851 ἐκλιπεῖν
674 1801 1019 1866 παντάπασι,
1054 1802 1148 1853 καὶ
1180 1804 1344 1864 σῖτον,
1380 1802 1471 1852 καὶ
1499 1800 1597 1870 τὴν
1623 1800 1792 1870 ἄλλην

205 1892 432 1943 ἃπασαν
478 1891 577 1963 τὴν
627 1892 906 1962 ἄχρηστον
937 1893 1120 1954 αὐτοῖς
1161 1893 1498 1962 ἀποσκευήν.
1538 1891 1792 1962 Ὅμηρόν

204 1982 560 2048 τετλαϐὁντες
600 1986 730 2047 τοὺς
762 1986 1026 2054 ἀρίστους
1073 1984 1182 2037 τῶν
1211 1985 1447 2038 πολιτῶν
1478 1985 1573 2037 ἐπὶ
1610 1986 1689 2054 τῷ
1723 1985 1793 2039 τὰ

202 2078 473 2146 χρήματα
536 2076 869 2145 ἀποδοῦναι,
920 2080 1198 2150 ἐπανῆκον
1250 2083 1331 2143 είς
1395 2080 1647 2132 Γαλατᾶν
1702 2080 1792 2133 τὸν

203 2171 367 2224 ἄλλον
419 2173 616 2243 δῆμον,
664 2174 758 2226 καὶ
809 2173 908 2244 τὴν
964 2174 1121 2226 πόλιν
1178 2176 1514 2237 ἐκλιπόντες.
1559 2176 1789 2229 Ἔπειτα

202 2264 350 2327 τινὲς
392 2264 501 2317 τῶν
558 2266 944 2330 Σωςοπολιτῶν
990 2266 1096 2319 ὑπὸ
1143 2267 1252 2320 τῶν
1294 2268 1545 2321 Λατίνων
1578 2269 1658 2331 είς
1689 2270 1789 2322 Βυ-

202 2355 426 2418 ζάντιον
456 2356 630 2411 ἐλθεῖν
656 2359 1075 2426 ἐπιτραπέντες,
1104 2359 1201 2411 καί⁸
1237 2359 1376 2431 ὑπὲρ
1420 2361 1571 2428 σφῶν
1603 2378 1662 2414 τε
1696 2362 1788 2414 καὶ

202 2448 303 2516 τῆς
336 2450 504 2519 ἄλλης
544 2451 751 2510 πόλεως
789 2453 940 2522 παρα
982 2452 1291 2516 Βυζαντίων
1321 2454 1583 2523 χρήματα
1608 2455 1790 2508 δανει-

203 2540 458 2605 σάμενοι,
508 2541 777 2593 ἀπέδοσαν
823 2543 1077 2605 Λατίνοις
1134 2543 1201 2596 τὰ
1269 2545 1647 2613 ὑπεσχημένα,
1694 2546 1789 2598 καὶ

200 2630 345 2697 πρὸς
395 2627 494 2695 τὴν
550 2630 783 2701 πατρίδα
833 2632 1129 2703 ἐπανῆκον.
1184 2632 1579 2697 Ἡρακλεωτῶν
1629 2634 1685 2687 δὲ
1738 2634 1809 2710 οἱ,

200 2718 443 2788 ἄριστοι,
485 2722 580 2773 καὶ
630 2724 843 2792 ἄνδρες,
896 2726 989 2776 καὶ
1031 2728 1309 2790 γυναῖκες,
1352 2726 1594 2778 ἐδέδεντο
1632 2727 1785 2795 παρὰ

202 2810 481 2871 Λατίνοις,
534 2812 629 2863 καὶ
695 2815 950 2881 χρήματα
1011 2815 1103 2865 ἐπὶ
1161 2814 1314 2866 λύσει
1369 2815 1701 2885 ἁπητοῦντο,
1753 2817 1787 2870 ἂ

200 2902 504 2969 οὐδαμόθεν
535 2899 604 2973 ἦν
640 2905 899 2970 ἐκτίνειν,
932 2906 1039 2958 τῶν
1069 2923 1127 2959 τε
1169 2907 1391 2959 οἰκείων
1429 2908 1649 2961 πάντων
1681 2910 1787 2962 ὑπὸ

199 2992 313 3045 τῶν
350 2993 626 3062 πολεμίων
658 2996 1099 3067 διεφθαρμένων,
1134 3000 1229 3051 καὶ
1258 2999 1365 3051 τῶν
1407 2999 1580 3067 φίλων
1627 3002 1784 3071 ἐξαρ-

200 3088 433 3151 κοῦντος
469 3091 606 3159 πρὸς
641 3092 961 3161 ἐπικουρίαν
992 3093 1205 3154 οὐδενός
1232 3108 1246 3124 ο
1282 3095 1483 3163 ἤρκεσε
1516 3095 1573 3147 δὲ
1601 3096 1787 3159 αὐτοῖς

201 3182 327 3233 ἀντὶ
380 3182 603 3234 πάντων
649 3184 781 3252 πρὸς
833 3184 986 3237 λύσιν
1030 3186 1129 3253 τῆς
1182 3185 1451 3252 τοσαύτης
1499 3204 1782 3255 κακοπρα-
1813 3215 1857 3274 C

199 3270 351 3333 γίας,
387 3272 637 3336 Φιλόθεςς
686 3277 712 3325 ὁ
762 3275 862 3340 τῆς
916 3276 1038 3327 κατ’
1093 3277 1289 3339 αὐτοὺς
1344 3278 1646 3347 ἐκκλησίας
1682 3279 1782 3349 τὴν

199 3363 385 3430 ἀρχὴν
422 3364 931 3434 ἐγκεχειρισμένος.
968 3369 1201 3439 Προνοία
1229 3370 1337 3439 γὰρ
1372 3370 1506 3423 Θεοῦ
1556 3373 1657 3439 τῆς
1690 3372 1785 3425 πό-

200 3464 343 3513 λεως
371 3454 536 3521 ἡνίκα
584 3455 841 3523 ἡλίσκετο
892 3459 1213 3527 ἀποδημῶν,
1247 3461 1313 3512 τὰ
1358 3463 1589 3530 μέγιστα
1626 3480 1783 3517 συνε-

198 3540 398 3594 εὰλετο
429 3544 565 3611 πρὸς
610 3548 709 3612 τὴν
750 3546 1065 3618 ἐλευθερίαν
1092 3552 1200 3612 τ’,ῖς
1235 3552 1478 3614 πολίταις
1504 3568 1515 3581 ·
1554 3549 1642 3606 οἷα
1672 3556 1781 3626 γὰρ

198 3634 368 3695 καλὸς
408 3635 615 3704 ποιμὴν
642 3637 742 3705 τὴν
772 3637 952 3707 ψυχὴν
993 3639 1190 3708 ἔθηκεν
1232 3641 1372 3711 ὑπὲρ
1409 3642 1501 3693 τοῦ
1526 3644 1779 3713 ποιμνίου

197 3726 343 3777 κατα
368 3727 429 3777 τὸ
466 3727 668 3795 λόγιον,
701 3730 799 3798 οὐχ
844 3730 992 3796 ἅπαξ
1039 3733 1159 3785 οὐδὲ
1189 3733 1289 3796 δὶς,
1331 3738 1424 3787 καὶ
1470 3740 1614 3805 τρὶς,
1644 3737 1780 3792 ἀλλὰ

196 3818 292 3869 καὶ
353 3818 637 3883 πολλάκις.
674 3822 844 3874 Φόϐου
903 3824 1014 3893 γὰρ
1079 3827 1278 3887 παντὸς
1329 3830 1776 3899 καταφρονήσας,

195 3911 292 3961 καὶ
346 3910 592 3963 κινδύνου
650 3911 743 3965 τοῦ
793 3915 901 3967 ἀπὸ
950 3916 1061 3967 τῶν
1111 3918 1403 3985 πολεμίων,
1446 3920 1779 3990 αὐτόκλητος

192 4001 550 4071 καθημέραν,
599 4005 676 4065 ὡς
717 4006 890 4057 εἰπεῖν
940 4008 1269 4076 ἐπεραιοῦτο
1320 4011 1455 4080 πρὸς
1507 4013 1775 4079 Γαλατᾶν,

192 4094 289 4145 καὶ
344 4094 456 4155 τοῖς
510 4097 803 4164 κατέχουσι
846 4098 972 4159 τοὺς
1024 4099 1409 4168 αἰχμαλώτους
1443 4104 1775 4173 διαλεγόμε-

191 4202 305 4246 νος,
338 4180 405 4255 ἦν
453 4186 509 4238 δὲ
566 4188 667 4239 οὐκ
724 4188 833 4241 ἀπὸ
885 4190 993 4242 τῶν
1048 4195 1266 4260 τρόπων
1301 4194 1485 4262 μόνον,
1532 4196 1625 4248 καὶ
1676 4198 1775 4266 τῆς

187 4274 397 4342 ἀρετῆς
440 4276 720 4344 αἰδέσιμος
765 4280 792 4331 ὀ
828 4281 988 4348 ἀνὴρ,
1021 4282 1157 4334 ἀλλὰ
1200 4286 1294 4335 καὶ
1347 4286 1541 4351 σοφίας
1590 4288 1775 4357 ἄκρως

189 4365 597 4433 ἐπειλημμένος
640 4367 738 4435 τῆς
785 4384 842 4421 τε
892 4369 1015 4435 ἔξω,
1050 4371 1146 4423 καὶ
1190 4371 1290 4441 τῆς
1323 4374 1445 4425 καθ’
1474 4374 1645 4444 ἡμᾶς,
1678 4376 1774 4429 καὶ

190 4458 425 4518 πιθανὸς
460 4458 595 4525 πρὸς
635 4461 729 4521 τὰς
773 4462 1010 4530 ὁμιλίας,
1048 4464 1141 4515 καὶ
1191 4464 1521 4529 ὁιδακτικὸς,
1553 4468 1771 4524 ἔπειθεν

1903 602 2205 658 relaturum
2251 607 2576 662 existimans
2626 607 2825 678 (multo
2866 626 3101 682 namque
3149 626 3373 684 sumptu
3425 617 3480 671 in

1905 702 2009 747 tam
2046 710 2242 764 magno
2271 711 2335 752 ac
2380 698 2644 755 diuturno
2674 713 2937 771 apparatu
2967 719 3107 773 opus
3138 705 3308 775 erat),
3355 723 3480 776 pre-

1902 785 2061 840 cibus
2085 786 2339 855 inﬂexus,
2366 801 2685 861 certamque
2713 795 2998 861 pecuniam
3025 806 3237 864 pactus.
3261 800 3479 865 urbem,

1901 874 2241 932 frumentum
2274 888 2325 933 et
2368 882 2633 950 reliquam
2677 898 2897 939 onmem
2922 888 3344 957 supellectilem,
3373 892 3478 946 sibi

1904 966 2155 1023 inutilem
2188 973 2436 1037 omnino,
2468 977 2790 1031 relicturum
2827 980 3101 1049 promisit.
3144 981 3283 1037 Tum
3316 985 3481 1040 vades

1907 1060 2203 1117 solutionis
2248 1065 2522 1130 primores
2562 1070 2717 1123 urbis
2751 1072 2972 1141 accipit,
3006 1088 3180 1143 eaque
3220 1090 3284 1128 ac
3322 1077 3479 1146 plebe

1900 1151 2145 1219 dimissa,
2177 1156 2424 1212 Calatam
2455 1161 2607 1215 abiit.
2645 1163 2838 1217 Postea
2867 1168 3116 1220 nonnulli
3157 1168 3476 1237 Byzantium

1900 1240 2000 1302 ire,
2032 1259 2094 1297 ac
2137 1263 2234 1314 pro
2277 1263 2336 1302 se
2384 1260 2605 1320 totaque
2651 1254 2787 1307 urbe
2828 1270 2856 1307 a
2896 1254 3172 1326 Byzantiis
3212 1261 3475 1328 pecunias

1901 1336 2141 1388 mutuari
2180 1339 2431 1405 permissi
2472 1352 2617 1404 sunt,
2649 1360 2813 1413 quam
2841 1343 3054 1400 Latinis
3080 1348 3476 1417 dependentes,

1899 1426 2172 1495 ﬁlemque
2205 1446 2357 1483 suam
2412 1432 2732 1497 liberanti-8,
2782 1438 2834 1491 in
2872 1440 3106 1506 patriam
3149 1456 3342 1496 omnes
3395 1459 3483 1497 re-

1896 1527 2208 1574 verterant.
2273 1522 2577 1591 Optimates
2629 1537 2812 1579 autem
2873 1528 3320 1585 lleraclcrnsium
3372 1532 3478 1586 viri

1897 1610 2270 1679 mulieresque
2334 1631 2362 1668 a
2424 1614 2632 1671 Latinis
2696 1619 2749 1672 in
2811 1619 3048 1676 vinculis
3101 1608 3469 1691 habebantur,

1899 1699 2245 1770 pretiumque
2277 1719 2376 1773 pro
2402 1705 2655 1760 libertate
2692 1709 3045 1778 exigebatur,
3070 1718 3214 1782 quod
3252 1716 3469 1771 solvere

1898 1794 2218 1861 neutiquam
2255 1805 2528 1864 poterint,
2569 1813 2693 1853 eum
2724 1817 2845 1868 qua:
2879 1801 3323 1860 fuissenteorum
3347 1824 3478 1877 pro-

1825 1870 1864 1922 Β
1899 1883 2038 1951 pria,
2074 1900 2137 1939 ea
2172 1888 2425 1943 universa
2456 1890 2646 1945 hostes
2682 1892 3059 1961 ab~tulissent,
3090 1907 3145 1951 et
3181 1899 3248 1953 de
3280 1901 3477 1958 amicis

1892 1977 1982 2045 Opi
2026 1977 2267 2033 ferenda:
2297 1981 2481 2035 nullus
2526 1983 2824 2039 sufﬁceret.
2860 1987 2963 2039 Pro
2997 1989 3258 2046 omnibus
3288 2002 3471 2049 autem

1893 2071 1959 2125 ad
1990 2071 2375 2141 depulsionem
2424 2085 2586 2131 tautae
2624 2080 2955 2135 calamitatis
2998 2083 3239 2152 suffecit,
3274 2088 3475 2142 miriti-

1889 2177 2066 2230 eeque
2100 2164 2165 2217 ad
2206 2168 2639 2235 recuperandam
2683 2170 2993 2226 libertatem
3029 2176 3233 2243 profuit
3270 2177 3471 2233 Philo-

1895 2254 2057 2308 theus
2085 2272 2273 2310 eorum
2321 2259 2634 2329 episcopus,
2670 2264 2764 2331 qui
2790 2264 3057 2320 divinitus
3082 2268 3297 2335 aberat,
3343 2285 3469 2324 cum

1894 2348 2027 2403 urbs
2079 2359 2391 2417 caperetur.
2454 2352 2590 2407 Nam
2650 2364 2710 2408 ut
2768 2355 2947 2411 bonus
2994 2370 3181 2427 pastor
3233 2362 3471 2418 animam

1891 2454 2045 2494 suam
2073 2442 2308 2511 ponebat
2334 2460 2430 2511 pro
2454 2446 2651 2500 ovibus
2681 2448 2819 2513 suis,
2852 2460 2906 2502 ut
2938 2464 3021 2505 ea
3044 2451 3095 2505 in
3124 2454 3328 2508 sanctis
3352 2453 3394 2507 L
3423 2462 3475 2507 t-

1893 2534 2046 2598 teris,
2079 2549 2255 2602 neque
2294 2534 2347 2588 id
2386 2540 2578 2601 semel,
2606 2540 2828 2607 iterum,
2866 2558 2930 2596 ae
2967 2545 3221 2610 tertium,
3250 2547 3344 2601 sed
3377 2562 3476 2601 sa:-

1891 2624 2037 2693 pius.
2059 2624 2219 2681 Omni
2252 2629 2400 2681 enim
2456 2632 2655 2686 timore
2698 2635 3062 2705 periculoque
3108 2638 3176 2691 ab
3222 2639 3474 2694 hostibus

1889 2727 2240 2787 contempto,
2295 2722 2437 2773 ultro
2488 2725 2735 2791 quotidie
2780 2728 3180 2796 propemodum
3218 2730 3468 2788 Galatatn

1891 2811 2199 2879 nauigabat,
2235 2822 2290 2865 et
2325 2830 2449 2866 cum
2485 2814 2550 2867 iis
2583 2818 2674 2883 qui
2711 2821 2957 2886 captivos
2986 2822 3264 2887 tenebant,
3290 2823 3471 2879 disse-

1891 2914 2019 2951 rens
2051 2907 2191 2959 (erat
2234 2912 2415 2956 autem
2458 2920 2565 2957 non
2610 2907 2771 2959 modo
2805 2910 2888 2962 vir
2940 2910 3254 2979 singularis,
3292 2923 3348 2968 et
3398 2918 3471 2971 ob

1888 2989 2314 3043 sanctimoniam
2367 2996 2716 3061 venerabilis,
2755 2999 2849 3052 sed
2898 3002 3064 3053 etiam
3107 3016 3464 3058 externarum

1887 3090 1944 3134 et
1996 3092 2310 3137 uestrarum
2372 3084 2792 3156 disciplinarum
2853 3093 3242 3163 peritissimus,
3294 3106 3348 3150 et
3410 3098 3466 3153 in

1889 3187 2187 3239 congresm
2220 3175 2285 3227 ad
2333 3176 2628 3232 dicendum
2661 3195 2724 3234 ac
2761 3186 3205 3251 persuadendum
3247 3190 3465 3245 valebat

1889 3266 2153 3335 egregie),
2186 3278 2396 3322 tantum
2425 3270 2637 3338 effecit,
2671 3282 2731 3327 ut
2768 3276 2983 3329 modico
3024 3280 3201 3347 pretio
3243 3297 3339 3336 eos
3384 3284 3470 3337 di-

1890 3359 2109 3411 mittere
2144 3374 2253 3412 non
2288 3373 2629 3416 recusarent.
2661 3366 2797 3431 Quia
2837 3378 3016 3422 tamen
3051 3387 3149 3427 nec
3185 3376 3462 3429 modicum

1885 3449 2108 3519 quidem
2136 3452 2266 3505 illud
2297 3454 2512 3509 eitibus
2538 3458 2885 3525 suppetebat,
2911 3461 3075 3531 827
3110 3464 3224 3532 ipse
3252 3465 3466 3523 Latinis

1885 3555 2080 3610 sponte
2108 3558 2167 3596 se
2201 3546 2488 3614 obligavit,
2527 3548 2667 3602 intra
2705 3552 2823 3605 dies
2850 3556 3147 3619 ;:rt{'littitOS
3180 3558 3310 3612 illud
3340 3562 3462 3615 auri

1883 3632 2217 3687 soluturum.
2250 3634 2341 3689 Sic
2377 3637 2450 3689 illi
2492 3639 2615 3707 ejus
2647 3640 2751 3694 fide
2803 3644 3013 3697 dimissi
3055 3662 3083 3697 a
3132 3650 3465 3718 propinquis

1882 3733 1937 3777 et
1968 3725 2184 3791 amicis,
2231 3728 2377 3796 quod
2409 3731 2685 3785 Solverent
2719 3736 3109 3803 corrogabant.
3144 3738 3320 3808 Atque
3358 3742 3463 3797 hoc

1882 3816 2075 3870 eodem
2126 3819 2290 3873 modo
2323 3820 2581 3881 faciebat.
2619 3824 2796 3878 donec
2839 3841 3032 3881 onmes
3063 3830 3299 3885 vinculis
3328 3834 3464 3887 libe-

1883 3918 2079 3962 rasset.
2128 3910 2437 3968 Tenuiores
2488 3926 2670 3970 autem
2727 3928 2783 3971 et
2822 3921 3174 3977 obscuriores
3214 3928 3462 3993 captivos
3519 3936 3537 3947 "

1882 4001 2001 4054 sine
2032 4002 2172 4072 lytro
2207 4006 2514 4068 obtinebat,
2555 4010 2701 4077 quod
2734 4010 2909 4064 Latini
2944 4014 3065 4082 ejus
3100 4016 3357 4069 virtutem
3395 4034 3460 4074 ac

1882 4104 2191 4163 promptam
2239 4112 2336 4165 pro
2381 4114 2541 4168 grege
2582 4116 2683 4154 suo
2736 4103 3075 4160 voluntatem
3114 4110 3463 4177 susiiicerent

1880 4199 1944 4237 ae
1980 4196 2390 4244 revererentur.
2420 4189 2583 4243 Novit
2607 4193 2753 4245 enim
2792 4196 2981 4271 \ictus'
2998 4200 3309 4255 cultoribus
3339 4206 3460 4257 suis

1879 4278 2211 4347 etiamame
2246 4281 2454 4344 hostes,
2501 4287 2860 4351 quantumvis
2896 4288 3185 4358 Barbaros,
3218 4294 3461 4351 admira-

1879 4370 2083 4423 tionem
2114 4374 2431 4437 eonciliare,
2472 4377 2674 4430 nedum
2704 4382 2844 4447 apud
2882 4382 3215 4439 domesticos
3238 4397 3294 4441 et
3322 4389 3458 4442 ami-

1878 4475 1990 4515 ους.
2021 4462 2143 4515 Post
2170 4463 2283 4517 haec
2316 4474 2367 4518 et
2395 4469 2527 4520 urbe
2550 4483 2581 4521 τι
2604 4467 2817 4524 Latinis
2844 4486 3130 4542 occupata,
3159 4488 3215 4530 et
3240 4479 3457 4534 civibus

188 4548 288 4600 ἐπὶ
324 4548 568 4618 μετρίοις
596 4551 813 4620 λύτροις
848 4554 1084 4621 ἀφιέναι.
1120 4555 1239 4606 Τῶν
1282 4557 1518 4610 πολιτῶν
1548 4559 1624 4625 δὲ,
1651 4561 1771 4613 οὐδὲ

1882 4544 1939 4606 ad
1980 4570 2149 4608 unum
2184 4558 2470 4625 pristinam
2502 4560 2810 4616 libertatem
2847 4567 3092 4634 adeptis,
3138 4579 3192 4623 et
3228 4587 3459 4640 rongre-

184 4639 297 4691 τῶν
344 4640 545 4706 ὀλίγων
604 4642 832 4695 ἐκείνων
884 4645 1285 4713 εὐπορούντων,
1346 4649 1510 4710 αὐτὸς
1564 4650 1771 4719 ἐγγύας

186 4732 425 4799 παρεῖχε
476 4734 587 4793 τοῖς
652 4734 923 4799 Λατίνοις,
988 4737 1063 4798 ὡς
1121 4735 1283 4797 αὐτὸς
1333 4738 1661 4809 καταθησων
1712 4742 1771 4794 τὸ

184 4823 418 4889 χρυσίον
454 4824 543 4875 ἐπὶ
569 4826 765 4893 ῥηταῖς
793 4827 1047 4896 ἡμέραις.
1083 4828 1191 4880 Καὶ
1230 4828 1375 4881 οὕτω
1404 4834 1769 4900 τυγχάνοντες

182 4913 373 4975 ἀδείας
422 4916 474 4965 οἱ
513 4917 749 4979 πολῖται,
799 4918 868 4969 τὰ
922 4919 1184 4987 χρήματα
1231 4923 1651 4991 συνεπορίζοντο
1706 4927 1770 4978 ἐκ

182 5005 295 5056 τῶν
326 5005 569 5068 οἰκείων,
614 5008 708 5059 καὶ
761 5008 869 5061 τῶν
920 5010 1112 5076 φίλων,
1160 5014 1255 5063 καὶ
1314 5015 1601 5068 ἀπεδίδουν
1655 5019 1768 5079 τοῖς

182 5089 463 5150 Λατίνοις.
498 5090 609 5143 Καὶ
660 5092 804 5144 τοῦτ’
835 5093 1009 5144 ἐποίει
1060 5094 1151 5144 τὸν
1203 5096 1316 5147 ῑσον
1358 5100 1580 5168 τρόπον,
1609 5099 1769 5169 ἄχρις

180 5175 244 5234 οὗ
294 5181 512 5244 πάντας
542 5183 651 5233 τῶν
699 5183 915 5253 δεσμῶν
958 5184 1262 5254 ἀπήλλαξε,
1292 5189 1417 5250 τοὺς
1463 5190 1769 5257 ἀφανεστέ-

184 5291 314 5343 pou;
346 5274 402 5326 δὲ
434 5274 538 5325 τῶν
569 5274 956 5344 αἰχμαλώτων,
990 5279 1083 5330 καὶ
1118 5277 1246 5330 ἄνευ
1289 5279 1500 5350 λύτρων
1547 5281 1768 5334 ἔπεισεν

181 5367 409 5432 ἀφεῖναι
456 5366 581 5428 τοὺς
631 5366 898 5428 Λατίνους
932 5368 1279 5432 αἰδεσθέντας
1313 5370 1479 5423 αὑτοῦ
1513 5372 1612 5442 τὴν
1640 5374 1768 5438 ἀρε-

180 5460 302 5527 τὴν,
348 5459 444 5509 καὶ
470 5465 569 5525 την
614 5458 757 5528 ὑπὲρ
809 5459 904 5512 τοῦ
944 5465 1199 5529 ποιμνίου
1259 5464 1594 5533 προθυμίαν.
1643 5462 1766 5519 Οῐδε

181 5552 293 5620 γὰρ
341 5552 374 5620 ή
421 5550 591 5620 ἀρετὴ
632 5553 755 5613 τοὺς
805 5553 1089 5621 μετιόντας
1130 5555 1191 5607 οὐ
1240 5557 1391 5627 παρὰ
1425 5560 1537 5620 τοῖς
1587 5558 1765 5626 φίλοις

184 5644 351 5711 μόνον
388 5646 483 5695 καὶ
521 5645 767 5707 οἰκείοις,
804 5646 940 5699 ἀλλὰ
988 5650 1081 5700 καὶ
1125 5650 1274 5718 παρὰ
1314 5652 1426 5713 τοῖς
1456 5651 1761 5720 πολεμίοις,

181 5731 285 5785 κᾶν
343 5731 581 5803 τύχωσιν
630 5733 781 5798 ὄντες
826 5734 1093 5807 βάρϐαροι
1143 5737 1521 5809 θαυμάζεσθαι
1579 5758 1762 5811 παρα-

187 5824 500 5889 σκευάζειν.
527 5826 680 5882 Μετὰ
712 5826 870 5881 τοῦτο
911 5828 990 5897 δέ,
1024 5831 1144 5883 ἐπεὶ
1174 5832 1209 5901 ἢ
1242 5850 1297 5885 τε
1334 5833 1485 5899 πόλις
1519 5834 1621 5888 ὑπὸ
1651 5836 1760 5889 τῶν

1874 4648 2037 4715 gatis,
2066 4647 2160 4715 qui
2217 4647 2449 4717 dispersi
2498 4663 2675 4718 erant,
2712 4663 2769 4708 ut
2808 4656 2874 4709 de
2921 4659 3134 4728 integro
3173 4661 3456 4719 habitare-

1875 4748 1984 4801 tur,
2014 4738 2196 4794 effecit
2223 4757 2237 4804 ;
2269 4755 2333 4794 ac
2364 4743 2555 4796 multis
2583 4748 2766 4801 verbis
2803 4763 2898 4801 eos
2939 4750 3189 4805 hortatus
3232 4766 3335 4817 est,
3377 4775 3447 4811 ne

1875 4833 2135 4897 prtesenti
2184 4847 2431 4886 :erunma
2489 4836 2688 4891 animis
2733 4838 3143 4909 frangerentur,
3186 4850 3279 4899 se.l
3333 4863 3454 4902 eam

1874 4922 1999 4976 vita:
2039 4922 2092 4975 in
2142 4933 2427 4991 posterum
2468 4929 2689 4996 agendae
2722 4929 3120 4987 documentum
3163 4937 3451 5004 ducerent,

1872 5012 2220 5081 navabatque
2272 5016 2486 5069 utiiiter
2537 5032 2761 5086 operam
2812 5038 2912 5091 pro
2978 5025 3119 5079 virili
3173 5045 3293 5090 :ua,
3343 5046 3452 5083 non

1872 5104 2046 5156 solum
2077 5120 2227 5157 saeta
2258 5121 2403 5171 vasa,
2436 5107 2628 5175 libros,
2656 5111 2919 5182 imagines
2959 5130 3024 5168 ex
3059 5118 3302 5186 Byzantii
3337 5139 3453 5173 ino-

1873 5196 2128 5251 nasteriis
2166 5200 2543 5269 conquirens,
2600 5204 2716 5273 ipse
2759 5221 2824 5259 eo
2866 5208 3180 5276 profectus,
3233 5212 3449 5281 singula

1873 5287 2140 5355 rogitans,
2181 5292 2258 5343 uti
2308 5293 2542 5348 miseros
2580 5296 2872 5366 iuvarent,
2908 5314 3173 5368 quantum
3227 5312 3451 5371 possent

1876 5382 2081 5447 (omnia
2113 5377 2388 5448 siquidem
2421 5398 2451 5436 a
2503 5383 2716 5438 Latinis
2758 5389 3037 5442 devastata
3082 5402 3241 5444 er.mt
3289 5394 3443 5460 peni-

1873 5469 2004 5533 tus),
2040 5471 2134 5523 sed
2169 5481 2223 5525 et
2260 5472 2650 5542 imperatorem
2686 5477 2900 5539 orabat,
2944 5491 3003 5533 ut
3042 5481 3325 5551 vectigalia
3363 5500 3451 5537 re-

1870 5562 2138 5617 mitteret.
2190 5564 2292 5630 Qui
2333 5578 2529 5637 suopte
2573 5570 2795 5639 ingenio
2825 5590 2888 5626 ac
2928 5590 3024 5641 per
3067 5590 3125 5627 se
3169 5577 3234 5629 ad
3277 5578 3447 5631 bene-

1869 5653 2177 5708 faciendum
2232 5658 2536 5725 proclivis,
2591 5669 2649 5714 et
2702 5672 2831 5716 tunc
2886 5664 3170 5719 civitatum
3228 5669 3447 5724 casibus

1871 5757 2177 5813 permotus,
2212 5765 2323 5804 non
2372 5750 2830 5809 lleracleensibus
2881 5758 3079 5823 solum,
3140 5762 3232 5814 sed
3276 5763 3444 5816 etiam

1873 5836 2280 5910 Soznpolitanis
2322 5859 2541 5900 omnem
2581 5848 2913 5903 tributorum
2965 5854 3053 5922 pu!
3080 5854 3307 5907 lic-orum
3348 5855 3452 5909 im—
