4218 6446
200 425 302 491 231

1370 417 1902 482 HISTORIARUM
1944 414 2171 478 LIBER
2216 416 2308 475 ιν.

3339 425 3443 485 238

202 550 322 599 πεῖν
354 545 451 609 τὰς
474 543 626 606 ναῦς,
651 544 743 596 καὶ
773 543 1077 613 χρήσασθαι
1112 542 1256 611 φυγῇ
1288 543 1423 609 πρὸς
1461 541 1753 609 σωτηρίαν.
1783 536 1809 594 ί

1804 536 1833 593 ὶ
1860 534 2121 602 fugiendo
2145 533 2545 599 relinquerent.
2564 531 2863 600 lmperator
2880 545 3071 587 eorum
3089 534 3377 603 ignaviam,
3391 547 3447 593 et

201 639 468 706 Τοιαύτην
519 638 578 691 δέ
631 636 908 705 περιφανῆ
964 636 1057 688 καὶ
1111 635 1421 703 Θαυμασίαν
1484 636 1672 703 νίκην,
1722 637 1756 702 ἡ

200 730 460 797 ἀνανδρία
497 728 768 782 Νικολάου
806 728 1079 797 διέφθειρε
1112 729 1205 780 καὶ
1247 726 1499 794 ἀτολμία.
1540 727 1603 779 EE
1653 726 1759 794 γὰρ

198 820 442 872 ἐπείθετο
473 819 680 888 βασιλεῖ
703 817 1123 886 συμϐουλεύοντι
1156 819 1269 878 τοῖς
1300 817 1577 885 πολεμίοις
1602 818 1762 868 ἐπελ-

199 911 311 961 θεῖν
345 910 485 962 κατά
513 913 611 975 τὴν
654 909 972 976 ὑστεραίαν,
1010 907 1162 960 οὐδὲν
1195 909 1261 959 ἂν
1306 908 1533 970 ἐκώλυε,
1568 908 1666 969 τάς
1703 924 1759 958 τε

197 999 325 1059 ναῦς
378 999 486 1050 τῶν
542 999 815 1066 πολεμίων
876 998 1062 1050 λαϐεῖν
1120 997 1358 1059 ἁπάσας,
1413 998 1509 1049 καὶ
1563 998 1757 1057 αὐτοὺς

196 1088 479 1158 πολιορκίᾳ
508 1087 841 1155 διαφθείρειν
872 1090 967 1141 καὶ
994 1089 1158 1158 λιμῷ,
1198 1088 1333 1140 Ὑπὸ
1360 1086 1562 1148 δειλίας
1596 1086 1653 1138 δὲ
1698 1087 1758 1138 τὸ

196 1174 453 1237 τρόπαιον
507 1174 702 1242 στῆσαι
770 1176 1058 1243 μονονουχὶ
1120 1174 1440 1228 καταλιπὼν
1509 1176 1587 1235 είς
1641 1192 1759 1226 τινα

195 1262 408 1328 λιμένα,
447 1260 574 1333 ἦλθε
612 1266 755 1317 κατὰ
792 1265 852 1317 τὸ
908 1267 1111 1328 στενὸν,
1170 1267 1423 1335 Θεραπέα
1483 1281 1759 1334 προσαγο-

200 1356 493 1421 ρευόμενον
524 1356 827 1423 ἐγχωρίως.
860 1358 1113 1424 Παγανὴς
1142 1356 1199 1408 δὲ
1236 1358 1262 1408 ὁ
1294 1357 1401 1408 τῶν
1434 1357 1760 1409 Γεννουῖτῶν

200 1444 524 1508 στρατηγὸς,
572 1444 761 1495 οὐδένα
800 1445 1025 1497 ἐπιόντα
1074 1445 1333 1513 πολέμιον
1369 1445 1533 1514 ὁρῶν,
1589 1462 1761 1513 παρε-

194 1534 347 1584 κάλει
381 1534 477 1599 τὴν
524 1534 785 1603 στρατιὰν
832 1535 1117 1603 ἐμϐαίνειν
1163 1535 1317 1597 αὖθις
1350 1537 1431 1598 είς
1463 1535 1561 1597 τὰς
1607 1516 1759 1598 νᾶῦς,

195 1627 287 1673 καὶ
330 1626 403 1691 μὴ
454 1625 705 1677 τοσοῦτον
756 1627 1211 1695 καταπεπλῆχθαι
1260 1629 1388 1688 τοὺς
1439 1627 1757 1694 πολεμίους,

192 1713 331 1764 ῶστε
386 1716 480 1765 καὶ
522 1716 765 1778 ἀπόντας
806 1717 1063 1786 ὀρρωδεῖν
1092 1722 1185 1770 καὶ
1216 1720 1439 1785 φεύγειν
1477 1720 1753 1784 ἀγεννῶς·

194 1802 329 1852 ἀλλα
355 1802 452 1854 νῦν
480 1805 579 1871 μὲν
613 1806 888 1872 ἐμϐάντας
923 1809 1001 1867 εἰς
1031 1807 1127 1869 τὰς
1176 1808 1304 1869 ναῦς
1335 1808 1628 1876 καθῆσθαι,
1668 1808 1755 1859 ἴνα

196 1889 269 1957 μὴ
353 1892 667 1943 παντάπασι
744 1893 947 1945 δοκοῖεν
1017 1895 1483 1963 ἀπηγορευκέναι.
1546 1897 1641 1947 Ἂν
1721 1878 1768 1946 δ’

192 1980 448 2041 ἐπιόντας
501 1983 662 2034 ἴδοιεν
705 1984 829 2044 τοὺς
884 1984 1198 2053 πολεμίους,
1235 1985 1342 2038 οὐδ’
1376 1988 1541 2037 αὐτόν
1585 1984 1759 2037 κωλύ-

194 2089 311 2124 σειν
356 2074 623 2135 σὼςεσθαι
670 2074 997 2143 γενομένους
1037 2077 1187 2140 ἐντος
1226 2079 1443 2147 τειχῶν.
1476 2078 1634 2132 Οὕτω
1662 2078 1759 2147 μὲν

194 2164 351 2226 αὖθις
416 2166 625 2228 ἔπειθε,
678 2169 773 2217 καὶ
831 2167 1115 2236 εἰσήγοντο
1170 2170 1226 2218 ἐν
1281 2174 1401 2230 ταῖς
1455 2168 1755 2237 τριήρεσιν,

193 2257 507 2326 ὡρμίσαντό
554 2274 613 2308 τε
656 2256 765 2325 πρὸ
813 2256 908 2307 τοῦ
953 2259 1212 2327 φρουρίου
1272 2258 1496 2327 γνώμην
1545 2260 1759 2330 ἔχοντες

193 2348 266 2407 ὼς
324 2349 390 2414 ἣν
443 2347 647 2399 ἐπίοιεν
703 2347 750 2399 οί
814 2347 1101 2415 πολέμιοι,
1159 2348 1218 2398 οὐ
1279 2350 1757 2418 ναυμαχήσοντες,

191 2437 330 2488 ἀλλά
385 2438 751 2505 προησόμενοι
826 2438 936 2498 τοῖς
1008 2438 1284 2504 πολεμίοις
1341 2438 1437 2499 τάς
1492 2440 1757 2508 τριήρεις.

194 2525 461 2587 Βασιλεὺς
527 2525 583 2577 δὲ
641 2525 737 2593 τὴν
811 2525 1079 2590 ἀτολμίαν
1154 2525 1247 2577 καὶ
1316 2526 1604 2578 ἀσθένειαν
1663 2529 1761 2579 οὐκ

194 2618 410 2685 ἀγνοῶν
475 2618 581 2670 τῶν
650 2618 956 2687 πολεμίων,
1022 2619 1254 2687 πέμπων
1332 2635 1389 2669 τε
1461 2618 1761 2688 παρεκάλει

192 2714 285 2764 τὸν
325 2711 589 2763 Νικόλαον
637 2712 729 2763 ἐπὶ
795 2712 920 2771 τοὺς
988 2711 1277 2778 πολεμίους
1350 2710 1505 2778 ἥκειν
1584 2711 1757 2772 αὖθις,

192 2804 270 2863 ὡς
350 2803 619 2869 ἀναιμωτὶ
670 2804 801 2869 ’τῆς
857 2802 1012 2870 νίκης
1072 2802 1363 2869 ἐσομένης,
1436 2802 1528 2853 καὶ
1600 2802 1759 2863 αὐτὸς

192 2896 488 2961 γενόμενος
522 2894 656 2961 πρὸς
718 2891 795 2961 τῷ
864 2892 1044 2962 λιμένι
1096 2886 1139 2959 ᾧ
1185 2892 1495 2961 ὠρμίςετο,
1558 2892 1764 2943 πείθειν

190 2986 491 3053 ἐπεχείρει,
542 2986 639 3052 τὴν
670 2986 952 3037 ἀσθένειαν
1019 2983 1128 3036 τῶν
1198 2983 1470 3051 πολεμίων
1525 2982 1764 3034 ἐκδιδάσ-

192 3096 329 3129 κων.
413 3076 469 3126 '0
521 3076 564 3127 δ’
629 3077 894 3145 ἀήττητος
953 3071 1019 3146 ἦν
1088 3075 1222 3144 πρὸς
1280 3076 1455 3126 πᾶσαν
1520 3074 1765 3141 ἀιάγκην

191 3172 290 3237 τὴν
350 3170 413 3219 ἐκ
460 3168 665 3234 λόγων·
723 3168 859 3219 ἀλλὰ
902 3167 1062 3219 τοῦτο
1118 3168 1277 3235 μόνον
1326 3166 1569 3230 ἐσκόπει,
1617 3168 1765 3229 ὅπως

198 3262 276 3327 μὴ
335 3257 491 3320 αὖθις
548 3257 833 3326 συμμίξειε
867 3260 976 3320 τοῖς
1023 3256 1317 3323 πολεμίοις,
1363 3256 1460 3325 τῆς
1502 3257 1761 3323 ἀτολμίας

190 3351 251 3401 δὲ
306 3351 404 3400 καὶ
438 3347 768 3414 φαυλότητος
809 3345 998 3414 ὥσπερ
1037 3346 1407 3414 προκάλυμμα
1446 3345 1541 3396 καὶ
1592 3346 1759 3412 τραῦ-

193 3443 272 3509 μά
317 3457 369 3491 τι
416 3441 608 3508 μικρὶν
651 3435 815 3506 εἶχεν,
856 3437 883 3489 ὃ
912 3438 1049 3491 κατὰ
1076 3438 1173 3505 τὴν
1217 3439 1394 3505 μάχην
1432 3438 1763 3506 ἐτραυματί-

193 3534 318 3600 σθη.
360 3532 617 3592 Βασιλεὺς
646 3532 700 3581 οὲ
732 3532 918 3594 ἠνιᾶτο
949 3531 1043 3598 μὲν
1072 3530 1172 3582 οὐκ
1218 3530 1481 3591 ἀνεκτῶς,
1520 3532 1607 3581 καὶ
1634 3530 1753 3598 ώρο
1808 3574 1809 3577 η

191 3623 381 3687 γίξετο
431 3619 687 3686 τοιαύτης
721 3620 871 3685 νίκης
900 3617 1273 3685 ἀπολλυμένης
1326 3619 1428 3669 ὑπὸ
1465 3619 1757 3681 Νικολάου,

193 3712 406 3762 πείθειν
435 3710 489 3762 δὲ
518 3712 615 3760 οἰκ
639 3706 751 3776 εἶχε
789 3708 955 3759 πολλὰ
987 3708 1335 3775 παρακαλῶν.
1368 3708 1477 3777 Οὐχ
1522 3705 1681 3778 ἧττον
1706 3710 1760 3761 δὲ

193 3821 268 3855 κα
334 3806 360 3853 ο
389 3803 495 3853 τῶν
529 3802 853 3853 Κατελάνων
904 3800 1197 3867 ὴγανάκτει
1246 3801 1465 3867 ἡγεμὼν
1521 3803 1761 3868 συνορῶν

192 3896 326 3945 οἴων
358 3891 463 3943 ὑπὸ
494 3889 586 3941 τοῦ
624 3890 979 3959 συνάρχοντος
1005 3889 1277 3959 τροπαίων
1310 3889 1761 3955 ἀποστεροῦνται,

192 3982 405 4047 ἔφασκέ
436 3998 496 4033 τε
528 3982 663 4049 προς
711 3981 929 4048 βασιλέα
961 3982 1204 4049 ἀνάγκην
1232 3981 1375 4045 ἔχειν
1404 3981 1632 4032 ἕπεσθαι
1660 3982 1759 4032 Νι-

196 4074 408 4140 κολάῳ,
446 4073 540 4122 καὶ
575 4072 737 4139 μηδὲν
768 4071 794 4122 ὃ
829 4073 901 4138 μὴ
937 4071 1173 4137 κάκείνῳ
1203 4070 1344 4121 δοκεῖ
1371 4070 1564 4132 ἐξεῖναι
1596 4071 1765 4138 πράτ-

194 4179 332 4213 τειν.
372 4160 527 4211 Οὕτω
573 4164 679 4227 γξρ
712 4155 847 4210 εἶναι
900 4158 1369 4226 προστεταγμένον
1421 4158 1565 4225 αὐτῷ
1614 4159 1762 4225 παρὰ

198 4252 373 4318 ῥηγνὺς
402 4249 497 4300 τοῦ
532 4250 680 4315 σφῶν
704 4248 985 4301 δεσπότου.
1021 4248 1082 4299 Et
1107 4248 1161 4299 δέ
1196 4250 1270 4317 μὴ
1296 4248 1494 4316 ταύτην
1523 4244 1633 4317 εἶχε
1664 4249 1762 4317 τὴν

196 4342 474 4407 ἀνάγκην,
514 4341 612 4389 οὐκ
665 4340 729 4390 ἀν
777 4338 965 4407 ἐδεήθη
1002 4338 1269 4389 Νικολάου
1303 4339 1439 4407 πρὸς
1490 4338 1585 4407 τὴν
1623 4340 1761 4390 κατά

197 4433 311 4483 τῶν
348 4429 615 4497 πολεμίων
658 4428 840 4496 ἕςοδον
871 4444 885 4457 ο
920 4427 1032 4479 ἀλλ’
1075 4430 1188 4493 ἆμα
1218 4430 1337 4489 ταῖς
1373 4429 1633 4495 βασιλέως
1672 4430 1764 4497 μό-

1868 625 2299 678 imbecillitatem
2319 639 2425 676 non
2451 623 2797 689 ignoraus,ad
2814 623 3097 678 Nicolaum
3117 627 3443 692 tnittit,lior-

1864 723 2008 767 tatur
2052 714 2236 768 hostes
2287 727 2504 765 rursum
2534 712 2771 775 invadat,
2790 714 3442 771 victoriamincruentam

1863 805 2000 857 fore.
2026 805 2185 873 831
2221 802 2363 869 Quin
2391 804 2623 870 ipsemet
2662 803 2727 855 ad
2762 816 3001 871 portum,
3037 822 3198 874 quem
3238 807 3327 861 ille
3360 818 3441 862 te-

1863 896 2046 957 nebat,
2074 893 2374 961 profectus,
2406 892 2628 953 fractas,
2661 901 2716 945 et
2742 892 3053 949 debilitatas
3082 896 3322 950 hostium
3359 898 3441 950 vi-

1864 998 1950 1035 res
1974 983 2379 1053 demonstrans,
2408 997 2475 1035 eo
2506 982 2654 1034 illum
2682 983 2987 1049 perducere
3010 985 3305 1040 nitebatur.
3331 986 3437 1041 Sed

1864 1074 2013 1126 nulla
2068 1083 2187 1126 erat
2243 1083 2349 1125 tam
2412 1073 2638 1126 evidens
2684 1088 2745 1126 ac
2796 1075 3104 1129 necessaria
3165 1079 3436 1143 probatio.

1864 1178 1983 1229 qure
2013 1163 2291 1216 hominem
2326 1164 2682 1216 convinceret
2713 1184 2725 1217 :
2763 1166 2918 1232 cujus
2947 1168 3204 1235 cogitatio
3235 1168 3287 1221 in
3331 1169 3437 1222 hoc

1866 1255 2041 1317 solum
2084 1255 2533 1317 consumebatur,
2567 1258 2842 1322 quomodo
2882 1257 3194 1312 conﬂictum
3231 1262 3434 1329 eifuge~

1866 1356 1971 1407 ret,
1999 1347 2231 1401 imbellis
2254 1356 2308 1399 et
2329 1346 2491 1399 alieni
2516 1349 2680 1400 animi
2715 1350 2797 1402 sui
2817 1350 2963 1403 velut
2994 1352 3263 1419 quoddam
3281 1368 3434 1405 mau-

1867 1437 2054 1491 tellum
2096 1436 2349 1490 habentis
2398 1439 2805 1501 vuluusculum,
2841 1441 2982 1509 quod
3026 1442 3080 1495 in
3135 1443 3436 1495 certamine

1864 1536 2173 1596 acceperat.
2205 1526 2506 1596 Imperator
2528 1529 2859 1582 intolerabili
2895 1531 3101 1584 dolore.
3130 1540 3185 1585 et
3216 1532 3436 1585 iracun-

1865 1618 1953 1671 dia
1979 1617 2355 1683 exardescere,
2402 1628 2509 1671 tam
2548 1620 2861 1687 praclarum
2895 1620 3181 1675 victoriam
3216 1638 3308 1689 per
3342 1624 3438 1676 Ni-

1863 1712 2079 1765 colaum
2137 1713 2333 1774 amitti,
2401 1727 2562 1779 quem
2600 1713 2876 1780 precibus,
2938 1714 3191 1781 quamvis
3224 1715 3432 1777 multis,

1865 1817 2177 1871 expugnare
2204 1818 2312 1855 non
2347 1803 2637 1870 potuisset.
2662 1803 2772 1857 Nec
2805 1805 2985 1856 minor
3014 1815 3131 1858 erat
3160 1806 3314 1859 ducis
3333 1805 3438 1860 Ca-

1804 1876 1843 1929 B
1874 1893 2172 1946 talanorum
2217 1892 2537 1960 indignatio,
2582 1894 2725 1959 quod
2776 1895 2977 1947 talibus
3016 1897 3232 1963 tropaeis
3263 1910 3289 1948 a
3326 1900 3436 1949 col-

1864 1983 1978 2052 lega
2015 1986 2324 2052 privaretur
2351 2003 2361 2036 :
2393 1984 2716 2052 dicebatque
2746 1985 3084 2053 imperatori,
3114 1989 3230 2053 cogi
3256 2003 3313 2043 se
3337 1989 3430 2042 Ni-

1862 2075 2075 2127 colaum
2107 2074 2286 2141 sequi,
2314 2089 2415 2127 nec
2449 2089 2607 2141 posse
2637 2075 2935 2142 quidquam
2981 2079 3158 2128 lat-ere
3192 2080 3282 2131 iilo
3320 2096 3427 2132 non

1864 2162 2147 2234 probante.
2177 2162 2264 2216 Sic
2290 2163 2435 2215 enim
2465 2162 2569 2216 sibi
2599 2180 2628 2216 a
2656 2179 2777 2232 rege
2809 2180 2909 2217 suo
2938 2165 3280 2234 imperatum.
3302 2169 3432 2234 Quae

1852 2232 2164 2307 'necessitas
2190 2254 2295 2307 nisi
2334 2253 2754 2318 intercessisset,
2788 2255 3011 2308 Nieolao
3037 2259 3100 2309 ad
3132 2258 3315 2312 hostes
3340 2274 3433 2327 ag-

1860 2343 2196 2411 grediundos
2239 2359 2375 2412 Opus
2423 2360 2533 2397 non
2570 2344 2759 2406 fuisse,
2790 2346 3032 2400 voluisse
3064 2363 3122 2400 se
3167 2366 3271 2402 una
3304 2366 3428 2405 cum

1862 2435 2232 2502 imperatoriis
2274 2443 2486 2488 tantum
2524 2435 2844 2491 triremibus
2889 2438 2940 2491 in
2984 2456 3080 2493 eos
3123 2442 3427 2507 incurrere,

1861 2535 1917 2579 et
1945 2526 2186 2580 secundo
2210 2538 2379 2581 marte
2408 2543 2520 2581 rem
2550 2544 2760 2595 gerere,
2798 2545 3023 2583 suorum
3065 2533 3349 2597 virilitate,
3377 2546 3433 2589 et

1864 2618 2233 2671 Romanorum
2264 2619 2466 2672 virtute
2490 2619 2778 2682 conﬁsum,
2815 2635 2952 2689 quos
2978 2622 3431 2687 animosissimos,

1864 2707 2118 2776 belloque
2146 2707 2630 2761 exercitatissimos
2651 2708 2952 2777 judicabat.
2990 2711 3244 2765 Sentieus
3272 2714 3434 2781 igitur

1867 2797 2166 2863 imperator
2202 2812 2389 2863 pugna:
2420 2797 2661 2859 avidum,
2693 2802 2935 2852 currenti
2964 2802 3142 2854 calcar
3167 2804 3339 2863 addit.
3378 2818 3436 2858 et

1864 2887 2145 2941 Nicolaum
2186 2876 2368 2940 denuo
2413 2888 2633 2942 [lectcre
2668 2900 2923 2942 attentat.
2968 2894 3216 2960 (Latiique
3271 2897 3432 2948 etiam

1867 2979 2251 3032 Catalanorum
2284 2978 2479 3031 ductor
2512 2979 2858 3045 imperatoris
2885 2984 3212 3035 sententiain
3246 2984 3433 3039 lauda-

1870 3082 1969 3130 ret,
2033 3081 2357 3138 rogaretque
2412 3082 2471 3121 ut
2509 3074 2650 3123 bene
2706 3071 2958 3124 suadenti
3008 3073 3431 3138 obsecundaret,

1871 3162 1959 3215 ille
1997 3161 2173 3214 cuivis
2220 3163 2461 3213 sermoni
2500 3161 2701 3228 potius,
2746 3178 2908 3229 quam
2952 3164 3019 3215 de
3061 3180 3237 3233 pugna
3272 3182 3434 3221 aures

1869 3250 2185 3312 adhibebat,
2218 3250 2507 3318 palamque
2537 3251 2871 3314 detrectans,
2915 3253 2991 3305 sic
3031 3254 3240 3308 otiosus
3269 3259 3433 3325 paulo

1868 3342 1992 3409 plus
2023 3342 2372 3410 trigintadies
2392 3342 2745 3408 transigebat.
2774 3344 3011 3398 Catalani
3047 3346 3200 3399 linito
3226 3351 3433 3416 praelin,

1871 3432 2205 3495 vulneratos,
2231 3442 2499 3499 quotquot
2529 3442 2704 3491 erant,
2741 3444 2792 3486 et
2818 3451 2991 3501 zcgros
3023 3438 3289 3504 plurimos
3324 3450 3434 3493 sta-

1871 3526 1966 3575 tim
2036 3525 2351 3592 Byzantium
2411 3523 2776 3586 deduxerunt,
2834 3542 2972 3593 quos
3026 3527 3266 3598 Byzantii
3298 3533 3434 3586 mira

1872 3614 2210 3667 humanitate
2246 3625 2599 3682 exceperunt,
2644 3626 2697 3667 et
2744 3620 2902 3679 lamc,
2938 3634 3000 3670 ac
3036 3618 3235 3685 frigore
3274 3638 3435 3689 pu‘ne

1876 3713 2138 3766 mortuos,
2185 3704 2445 3773 singulari
2483 3704 2819 3773 benignitate
2846 3719 3198 3774 curaverunt,
3233 3726 3437 3780 suppe-

1872 3795 2060 3849 ditatis
2093 3795 2416 3849 necessariis
2471 3795 2821 3850 indumentis.
2862 3808 2917 3850 et
2955 3799 3172 3854 auxiliis
3196 3802 3261 3855 ad
3293 3806 3433 3857 sani-

1874 3898 2038 3940 tatem
2067 3886 2343 3948 omnihus,
2368 3886 2457 3953 qui
2486 3900 2591 3937 non
2620 3887 2727 3955 jam
2750 3888 2981 3941 conferti
3012 3904 3074 3941 ac
3100 3893 3293 3958 perditi
3333 3895 3435 3949 ibi-

1872 3978 1995 4030 dem
2023 3977 2533 4045 exstinguebantur.
2567 3976 2770 4031 Nicolai
2795 3995 2923 4033 vero
2953 3992 3153 4035 tantatn
3184 3984 3436 4040 inhuma-

1874 4070 2122 4130 nitatem,
2197 4068 2689 4136 crudelitatemque
2774 4069 3225 4139 detestabantur,
3288 4079 3434 4145 quod

1874 4159 2173 4211 exercitum
2225 4157 2421 4210 robore
2468 4157 2773 4220 ﬂorentem,
2837 4176 3015 4228 pugna
3068 4164 3432 4231 IritESsimum,

1872 4262 1929 4302 et
1980 4264 2007 4302 a
2046 4250 2159 4303 suis
2204 4248 2532 4303 strenuitate
2574 4249 2871 4318 plurimum
2916 4252 3258 4309 diiIerentem
3311 4274 3435 4312 cum

1874 4340 2289 4408 absumpsisset,
2343 4340 2491 4392 velut
2552 4341 2859 4393 voluntaria
2909 4358 3047 4395 'eum
3107 4346 3444 4414 negligentia.

1873 4440 2208 4490 enervasset,
2240 4445 2300 4481 ac
2329 4429 2675 4497 perdidisset.
2703 4430 2805 4484 Per
2832 4441 3072 4486 aestatem
3109 4436 3254 4488 enim
3282 4452 3311 4491 e
3338 4452 3435 4492 sua

204 4538 325 4583 ναις
379 4520 445 4571 ἀν
506 4519 823 4587 ἐπεχείρησε
862 4521 955 4571 καὶ
988 4516 1315 4585 κατώρθωσε
1361 4518 1420 4569 τὸ
1474 4520 1651 4588 ἔργον,
1702 4518 1809 4589 τῇ]

1804 4518 2099 4591 Dregione
2162 4521 2413 4588 profecti,
2469 4522 2786 4591 opinatique
2842 4524 2990 4579 brevi
3038 4538 3279 4596 tempore
3343 4541 3439 4584 aut

198 4629 258 4663 τε
305 4611 418 4661 τῶν
456 4610 731 4677 σφετέρων
779 4608 1036 4676 εὐτολμίᾳ
1091 4607 1389 4671 πεποιθὼς,
1431 4610 1523 4661 καὶ
1573 4611 1762 4676 ἀρετῇ,

198 4720 296 4753 και
356 4703 424 4769 τῇ
514 4700 837 4767 Ῥωμαίωνο
895 4698 1274 4766 εὐτολμότατοι
1326 4698 1433 4766 γὰρ
1492 4698 1767 4768 ἐφάνησαν

201 4792 355 4860 αὐτῷ
433 4790 527 4843 καὶ
582 4791 965 4858 ἐμπειρότατοι
1020 4789 1158 4840 κατά
1222 4789 1317 4857 τὴν
1388 4789 1585 4857 μάχην.
1674 4790 1767 4840 Ai-

204 4886 475 4951 σθόμενος
508 4881 561 4933 δέ
588 4884 613 4934 ὁ
643 4881 916 4945 βασιλεὺς,
947 4880 1041 4930 καὶ
1070 4880 1229 4931 αὑτὸν
1261 4879 1587 4948 ὡρμημένον
1636 4879 1771 4945 πρὸς

201 4975 303 5043 τὴν
340 4974 546 5042 μάχην,
591 4972 784 5041 μᾶλλόν
830 4987 887 5022 τε
936 4972 1214 5041 ἐπέρρωσε
1265 4970 1444 5036 λόγοις
1492 4969 1773 5037 παρακλη-

204 5068 407 5128 τικοίς,
458 5064 551 5114 καὶ
582 5061 841 5115 Νικόλαον
902 5060 1055 5123 αὖθις
1090 5060 1359 5130 ἐπεχείρει
1392 5058 1622 5123 πείθειν,
1676 5059 1771 5109 καὶ

203 5156 302 5208 τοῦ
332 5154 662 5208 Κατελάνων
691 5154 948 5222 ἄρχοντος
982 5151 1078 5221 τὴν
1127 5152 1352 5219 γνώμην
1400 5148 1769 5211 ἐπαινοῦντος,

204 5248 304 5299 καὶ
331 5245 591 5313 δεομένου
620 5242 901 5295 πείθεσθαι
936 5242 1015 5311 τῷ
1053 5240 1260 5310 βασιλεῖ
1288 5240 1356 5291 τὰ
1407 5238 1599 5308 βελτίω
1630 5255 1772 5307 συμ-

208 5336 550 5389 ϐουλεύοντι.
594 5334 651 5387 '0
683 5334 740 5386 δὲ
770 5335 903 5386 πᾶσι
938 5334 1114 5400 λόγοις
1168 5332 1386 5400 μᾶλλον,
1423 5331 1455 5398 ἢ
1505 5330 1615 5391 τοῖς
1646 5332 1776 5399 περὶ⁵

212 5428 403 5496 μάχης
438 5426 661 5495 ὑπεῖχεν
727 5426 892 5487 ἀκοάς
923 5439 951 5501 °_
978 5423 1092 5476 ἀλλ’
1153 5423 1466 5491 ἀπηγόρευε
1503 5422 1774 5489 φανερῶς,

206 5520 303 5569 καί
344 5518 609 5583 διήγαγεν
639 5514 808 5577 οὕτως
843 5514 1139 5583 ἀπρακτῶν
1187 5513 1352 5580 ὁλίγω
1382 5511 1602 5573 πλείους
1632 5513 1778 5579 ἠμε-

210 5610 323 5676 ρῶν
358 5607 677 5674 τριάκοντα.
740 5605 1040 5657 Κατελάνοι
1074 5603 1128 5655 δὲ
1156 5602 1317 5662 εὐθὺς
1378 5599 1517 5669 μετά
1546 5599 1642 5668 τὴν
1675 5600 1779 5667 μά-

210 5715 341 5765 χην,
375 5698 507 5756 τούς
544 5712 602 5746 τε
627 5696 989 5765 τραυματίας,
1024 5696 1139 5746 ὅσοι
1164 5690 1322 5763 ἦσαν,
1356 5693 1451 5743 καὶ
1482 5691 1607 5752 τοὺς
1635 5707 1781 5743 νενο-

211 5790 476 5853 σηκότας,
510 5786 859 5855 παμπόλλους
897 5786 1078 5850 ὄντας,
1115 5785 1318 5854 ἠγαγον
1352 5783 1429 5844 είς
1466 5780 1778 5843 Βυζάντιον.

1874 4625 2111 4664 caesurus
2140 4610 2377 4674 hostem,
2416 4612 2459 4665 si
2515 4612 2568 4664 iu
2598 4627 2723 4665 eum
2765 4614 3092 4681 inciderent,
3143 4627 3237 4670 aut
3264 4620 3331 4674 ab
3372 4637 3447 4673 eo

1873 4715 2071 4754 caesum
2108 4700 2172 4752 iri
2194 4699 2308 4769 (tali
2340 4700 2539 4768 quippe
2564 4703 3079 4769 spiritumilitatum
3116 4707 3311 4775 ibant),
3342 4726 3436 4763 nc—

1873 4808 1977 4859 que
2017 4800 2198 4845 vestes
2237 4806 2449 4845 crassas
2491 4792 2558 4845 ad
2604 4792 2775 4858 frigus
2822 4790 3047 4849 hiberna
3089 4801 3435 4867 expeditione

1876 4878 2301 4942 defendendum,
2331 4895 2507 4947 neque
2541 4893 2904 4937 commeatum
2937 4885 3294 4942 sufﬁcientem
3328 4892 3434 4945 sibi

1876 4972 2249 5041 providerant,
2314 4971 2406 5025 sed
2461 4973 2681 5025 tenuius
2735 4974 2805 5026 ab
2863 4986 3095 5044 utroque
3158 4979 3433 5044 instructi,

1880 5078 2029 5115 mare
2067 5061 2521 5117 conscenderant.
2557 5062 2720 5131 832
2761 5063 3038 5118 Nicolaum
3078 5076 3257 5121 autem
3303 5079 3438 5122 tem-

1878 5167 1980 5220 pus
2014 5151 2151 5204 male
2198 5150 2484 5213 ferentem,
2520 5152 2834 5220 insulasque
2858 5154 3435 5223 circumuavigantem,

1879 5249 1933 5293 et
1958 5254 2066 5308 prae
2093 5239 2303 5308 ignavia
2339 5254 2571 5307 pugnam
2597 5239 2950 5302 devitantem,
2982 5256 3105 5293 cum
3141 5243 3441 5309 impensius

1879 5340 2117 5389 orantes,
2148 5329 2398 5383 obtinere
2438 5330 2505 5383 ah
2528 5343 2594 5382 eo
2632 5330 2946 5396 nequirent,
2979 5341 3037 5383 ut
3067 5332 3215 5399 ipsos
3258 5332 3311 5383 in
3351 5336 3443 5384 lio-

1879 5430 2040 5483 stem,
2074 5418 2283 5472 validos
2314 5420 2495 5472 adhuc
2527 5428 2580 5471 et
2632 5419 2895 5486 vigentes,
2939 5420 3163 5474 duceret
3216 5421 3351 5489 (qui.
3378 5438 3445 5489 pe

1879 5526 2029 5579 spem
2078 5511 2238 5578 longe
2276 5512 2653 5578 superaturos)
2700 5523 2755 5564 et
2794 5512 3051 5564 alimenta
3101 5513 3210 5581 jam
3252 5514 3444 5565 deesse

1882 5601 2207 5669 inciperent,
2239 5600 2328 5653 ille
2360 5600 2688 5653 necessitate
2720 5601 3446 5668 constrictus,metuensque

1882 5707 1949 5746 ne
1982 5706 2089 5760 pra:
2120 5699 2356 5759 egestate
2390 5690 2680 5743 interirent
2715 5705 2961 5759 prorsus,
3013 5693 3176 5760 jussit
3222 5693 3443 5758 cuique,

1886 5791 1940 5836 et
1972 5782 2151 5847 militi,
2195 5790 2247 5836 et
2281 5780 2471 5849 remigi
2508 5779 2793 5835 dimidium
2829 5781 3145 5836 alimentum
3190 5780 3448 5850 praeberi,
