4218 6446
261 410 372 476 269

1402 422 1945 489 HISTORIA!th!
1997 421 2222 480 LIBER
2282 421 2380 479 ιν.

3385 422 3492 485 250

263 545 392 584 ποτε
417 529 851 598 ἀγνωμονήσει-ι,
889 529 1121 598 ἄρχοντί
1165 549 1223 583 τε
1263 531 1510 600 δ.³χεσθαι
1556 537 1621 604 τῇ
1672 535 1826 586 πόλει
1858 540 1900 591 Α

1824 573 1826 581 .
1858 540 1900 591 Α
1929 534 2244 587 Ceuuenscs
2281 533 2424 587 bello
2455 531 2724 598 amictatl,
2746 532 2955 604 abjecta
2983 530 3490 603 pristiuajactantia

265 623 396 688 παρ’
429 622 662 683 ἐκείνου,
697 622 789 672 καὶ
843 623 942 689 τὴν
973 621 1246 674 πολιτείαν
1291 623 1542 688 καθάπαξ
1591 626 1828 692 μεταδα-

265 715 479 774 λόντας,
508 714 598 764 ὑπ’
622 713 828 766 ἐκείνου
861 714 1086 779 ἄγεσθαι
1116 716 1225 784 ὅπῃ
1254 715 1318 766 ἂν
1339 716 1488 781 δοκῇ.
1536 717 1695 769 Οὕτω
1733 717 1828 784 μὲν

263 800 357 856 οὖν
392 808 437 855 oi
492 807 550 855 ἐν
610 804 843 872 Γεννούα
900 806 1219 867 πιεσθέντες
1273 805 1376 857 ὑπὸ
1417 806 1509 857 τοῦ
1565 807 1827 874 πολέμου,

262 897 529 960 πράττειν
559 895 983 962 ἡναγκάσθησαν
1013 898 1208 962 ἀγεννῆ
1239 897 1331 948 καὶ
1366 897 1712 964 ἀνελεύθερα,
1738 897 1828 947 τὸν

267 987 537 1053 πρότερον
571 985 802 1050 κόμπον,
837 986 928 1036 καὶ
957 985 1017 1035 τὸ
1057 985 1283 1053 φύσημα
1317 986 1704 1044 ἀποϐαλόντες.
1734 986 1829 1037 καὶ

264 1077 486 1142 Σίμωνα
539 1077 943 1144 Μπουκανέγρα
991 1077 1080 1127 τὸν
1116 1077 1265 1143 σφῶν
1299 1077 1535 1146 ἄρχοντα
1587 1075 1828 1144 παραλύ-

267 1181 462 1224 σαντες
496 1165 594 1231 τῆς
649 1165 846 1232 ἀρχῆς,
903 1166 1137 1233 ἄρχοντα
1187 1169 1252 1233 τῇ
1301 1168 1450 1218 πόλει
1500 1167 1830 1233 είσεδέχοντο

264 1255 418 1320 παρὰ
474 1253 566 1304 τνιῦ
622 1254 729 1304 τῶν
799 1255 1144 1306 Μεδεοὶάνων
1194 1255 1478 1310 δεσπότου.
1524 1255 1602 1307 -Ὀ
1657 1254 1702 1307 δ’
1753 1254 1828 1315 ὡς

264 1345 487 1396 οίκείων
515 1345 611 1412 ἠδη
641 1344 900 1413 πρόνοιαν
935 1345 1280 1413 ποιούμενος,
1308 1347 1456 1398 σῖτόν
1490 1363 1549 1397 τε
1581 1345 1830 1413 ἀφθόνως

264 1432 544 1499 ἐχορήγει,
586 1435 680 1485 καὶ
707 1435 774 1485 τὰ
807 1434 939 1487 ἄλλα
982 1435 1284 1502 ἐπιτήδεια.
1322 1436 1427 1486 Καὶ
1471 1437 1728 1504 χρήματα
1771 1436 1830 1496 ἐς

263 1524 361 1574 τοῦ
394 1525 634 1590 πολέμου
680 1525 778 1593 τὴν
808 1527 1163 1595 παρασκευὴν
1197 1529 1290 1578 καὶ
1331 1527 1576 1588 ὁπλίτας.
1611 1525 1828 1579 ἐκέλευέ

261 1632 322 1665 τε
376 1615 530 1677 αὖθις
588 1619 833 1686 τριήρεις
875 1617 1117 1686 πληροῦν
1168 1617 1310 1669 κατὰ
1358 1619 1467 1670 τῶν
1527 1617 1824 1683 πολεμίων.

275 1706 430 1757 Ἐπεὶ
461 1705 517 1757 δὲ
548 1709 574 1756 ό
606 1705 791 1767 στὸλτς
829 1707 1268 1775 παρεσκεύαστο.
1292 1706 1383 1760 τὸν
1414 1708 1671 1776 Παγανὴν
1702 1707 1829 1759 trti-

263 1813 472 1861 στησαν
504 1791 658 1857 αὖθις
704 1799 1030 1867 στρατηγὸν,
1096 1798 1378 1850 ⁹Δντωνίου
1415 1797 1615 1864 πολλὴν
1656 1815 1822 1849 κατα-

261 1888 487 1953 γνόντες
515 1889 775 1957 ἀπειρίαν
807 1894 936 1959 περὶ
975 1889 1328 1959 στρατηγίας.
1358 1889 1464 1941 Καὶ
1501 1889 1548 1941 οἱ
1575 1890 1636 1941 ὲκ
1667 1889 1826 1940 Βενε-

260 1978 386 2038 τίας
437 1979 512 2040 ὼς
582 1981 844 2032 ἐπύθοντο
897 1981 1022 2043 τοὺς
1086 1980 1378 2048 πολεμίους
1439 1979 1596 2042 αὖθις
1656 1980 1828 2049 στόλῳ

260 2071 516 2130 ἐπιόντας
552 2070 954 2141 ἀντεπεξῄεσαν
1002 2071 1096 2123 καὶ
1147 2071 1301 2124 αὐτοὶ
1348 2068 1613 2124 Νικολάου
1658 2087 1827 2141 στρα-

259 2162 594 2229 τηγοῦντος·
633 2163 962 2230 ἐπαρθέντες
1021 2163 1079 2215 δὲ
1132 2165 1197 2233 τῇ
1246 2162 1485 2232 προτέρα
1533 2161 1679 2232 νίκῃ,
1734 2161 1828 2215 καὶ

259 2255 362 2322 τῆς
397 2255 724 2309 Κατελάνων
750 2255 1070 2324 συμμαχίας
1091 2254 1486 2325 ἀμελήσαντες,
1517 2254 1706 2322 ὥσπερ
1733 2256 1828 2308 καὶ

262 2348 530 2415 πρότερον
548 2347 644 2413 τῆς
668 2346 951 2416 βασιλέως.
998 2347 1563 2415 κατεναυμαχήθησαν
1594 2346 1696 2397 ὑπὸ
1717 2343 1826 2397 τῶν

263 2438 578 2490 ἀντιπάλων
619 2437 755 2504 πρὸς
783 2440 850 2507 τῇ
886 2436 1139 2508 Μεθώνῃ,
1172 2436 1389 2498 καὶτὰς
1423 2452 1480 2488 τε
1521 2435 1651 2498 ναῦς
1687 2434 1828 2488 ἀπά-

265 2544 367 2588 σας
424 2527 474 2579 οί
521 2533 585 2580 εκ
641 2528 904 2592 Γεννούας
958 2528 1149 2582 ἔλαϐον
1190 2528 1298 2580 τῶν
1357 2527 1632 2594 πολεμίων
1688 2525 1829 2596 πλὴν

261 2613 483 2676 ὀλίγων,
519 2615 612 2664 καὶ
657 2615 744 2665 τὸν
784 2615 1084 2683 στρατηγὸν
1118 2615 1460 2684 αίχμάλωτον
1483 2629 1496 2642 ·
1548 2615 1603 2675 ὃς
1639 2615 1731 2667 καὶ
1768 2615 1828 2666 εν

265 2704 500 2771 ιἐννοῦᾳ
542 2706 861 2774 ἐτελεύτησε
912 2707 1286 2774 δεσμωτήριον
1339 2705 1526 2759 οἰκῶν.
1565 2706 1722 2758 Μετά
1770 2705 1828 2757 δὲ

262 2795 368 2860 τὴν
402 2795 616 2866 πληγὴν
651 2797 868 2860 ἐκεῖνοι,
895 2799 989 2850 καὶ
1023 2798 1072 2850 oi
1107 2799 1170 2849 εκ
1205 2797 1482 2860 Βενετίας,
1512 2795 1828 2860 ἀτονοῦντες

267 2887 406 2956 πρὸς
442 2888 532 2940 τὸν
567 2888 825 2956 πόλεμον.
877 2888 1372 2958 διεπρεσϐεύσαντο
1417 2889 1669 2958 ἀλλήλοις
1700 2890 1829 2958 περὶ

263 2976 496 3045 εἰρῄνης
535 2978 627 3029 καὶ
657 2977 962 3028 κατέλυσαν
999 2976 1090 3027 τὸν
1122 2977 1377 3043 πόλεμον,
1420 2976 1624 3044 μικρᾶς
1664 2975 1829 3028 ἕνεκα

263 3067 449 3128 αἰτίας
476 3067 647 3134 μέγαν
688 3067 1076 3135 γεγενημένον,
1109 3069 1203 3118 καὶ
1253 3066 1323 3118 τὰ
1372 3066 1603 3133 μέγιστα
1639 3065 1830 3118 ἐκατέ-

1928 627 2281 694 depositaque
2337 625 2613 692 superbia,
2670 640 2782 679 rem
2837 639 2940 679 nec
2991 625 3322 692 ingenuam,
3389 639 3493 680 nec

1930 715 2207 768 Iiheralcm
2239 715 2527 769 admittere
2554 715 2817 784 compulsi
2848 723 2996 779 sunt,
3018 723 3075 768 et
3105 713 3313 767 Simoni
3349 715 3492 769 Buc-

1929 825 2172 876 canegra-
2209 810 2332 862 duci
2377 823 2476 862 suo
2511 809 2772 877 abrogato
2798 809 3145 877 magistratu,
3173 806 3486 875 przet'ectum

1929 913 1957 950 a
2015 898 2496 952 Mediolauensium
2558 898 2783 951 domino
2840 905 3190 965 receperunt.
3237 895 3381 960 Qui,
3433 903 3495 947 ut

1929 990 2042 1041 suis
2060 990 2192 1058 jam,
2228 989 2543 1058 providens,
2573 989 2850 1042 frumenta
2873 997 2929 1041 et
2963 988 3229 1055 reliquum
3261 986 3491 1047 victum,

1930 1079 2212 1148 pecuniam
2244 1095 2460 1147 quoque
2515 1078 2569 1132 in
2605 1087 2924 1146 apparatum
2962 1077 3110 1136 belli.
3160 1084 3215 1129 et
3262 1076 3491 1129 militem

1927 1169 2308 1235 suppeditabat
2363 1169 2952 1237 aﬂ'atim,jubehatque
3008 1167 3190 1220 denuo
3241 1166 3494 1218 triremes

1929 1270 2121 1312 contra
2146 1259 2330 1312 hostes
2364 1261 2584 1313 instrui.
2615 1260 2807 1313 Parata
2837 1260 3030 1320 classe,
3063 1258 3334 1326 Pagannm
3361 1270 3491 1307 rur-

1929 1365 2022 1402 sus
2078 1349 2274 1401 ducem
2329 1361 2554 1412 creant,
2615 1349 2839 1403 Antonii
2899 1350 3177 1402 exercitus
3232 1345 3494 1400 ductandi

1929 1442 2178 1494 daumata
2209 1440 2449 1495 inscitia.
2487 1441 2677 1494 Veneti
2726 1453 2786 1494 ut
2831 1440 3070 1493 hostium
3108 1439 3335 1490 classem
3369 1453 3494 1488 rur-

1928 1550 2022 1588 sus
2072 1534 2362 1587 adventare
2396 1532 2715 1592 audierunt,
2774 1541 2964 1584 contra
3016 1540 3070 1582 et
3121 1528 3222 1597 ipsi
3273 1525 3525 1579 Nieolao’

1929 1626 2068 1678 duce
2099 1626 2386 1687 navigant;
2440 1624 2681 1692 elatique
2740 1623 3082 1691 praecedente
3137 1621 3389 1680 victoria,
3439 1625 3499 1671 et

1929 1717 2187 1769 socio-tate
2233 1714 2616 1768 Catalanorum
2662 1715 2746 1781 (ut
2781 1721 2938 1765 antea
2989 1708 3361 1778 imperatoris)
3397 1724 3495 1761 ne-

1930 1806 2120 1874 glecta,
2150 1805 2324 1857 navali
2367 1803 2668 1858 certamine
2713 1803 2781 1856 ab
2824 1801 3154 1856 adversariis
3191 1814 3355 1866 prope
3384 1796 3495 1849 Me-

1932 1899 2130 1950 thonen
2164 1895 2428 1964 superati,
2470 1906 2776 1961 eorumque
2813 1907 2978 1945 naves
3018 1889 3206 1959 paucis
3235 1887 3492 1954 demptis,

1931 2005 2033 2042 una
2065 2002 2188 2041 cum
2219 1986 2357 2040 duce
2388 2001 2418 2039 a
2460 1983 2847 2039 Genuensibus
2904 1992 3076 2050 capta!
3125 1986 3250 2032 sunt
3297 1993 3312 2030 :
3349 1986 3404 2030 et
3452 1977 3499 2030 is

1927 2078 2272 2150 postmodum
2300 2077 2503 2132 Genua:
2528 2075 2584 2130 in
2611 2089 2833 2129 carcere
2848 2073 2991 2127 diem
3017 2081 3350 2141 postremum
3365 2083 3497 2121 eoa-

1927 2171 2077 2224 fecit.
2133 2169 2261 2223 Post
2293 2168 2435 2221 hanc
2479 2167 2690 2236 plagam
2739 2165 2839 2234 ipsi
2885 2173 2942 2219 et
2994 2163 3182 2217 Veneti
3232 2162 3298 2214 ad
3343 2173 3496 2214 arma

1929 2269 2233 2331 torpentes,
2273 2260 2417 2313 inter
2445 2272 2504 2312 sc
2556 2257 2759 2327 legatos
2788 2257 2855 2310 de
2887 2270 3019 2325 pace
3060 2255 3349 2312 miserunt.
3384 2250 3498 2304 bel-

1927 2349 2148 2417 lumque
2177 2363 2242 2402 ex
2277 2362 2438 2416 parva
2472 2361 2635 2400 causa
2671 2355 2956 2414 tantopere
2992 2354 3237 2406 auctum,
3265 2352 3319 2395 et
3354 2340 3497 2394 utri.

1927 2457 2034 2510 que
2083 2439 2222 2509 parti
2285 2449 2394 2492 tam
2450 2437 2925 2498 detrimentosum,
2961 2436 3144 2489 valere
3189 2436 3494 2502 jusserunt.

1928 2535 2069 2590 Pace
2116 2532 2347 2596 ﬁrmata,
2384 2546 2509 2587 cum
2536 2531 2672 2586 nihil
2717 2532 2826 2600 jam
2891 2533 3300 2598 exspectaretur
3346 2524 3494 2585 mali,

1931 2623 2211 2693 indignum
2238 2622 2338 2676 rati
2362 2622 2703 2682 Genuenses,
2733 2620 2866 2673 nihil
2893 2619 3118 2672 sceleris
3165 2627 3356 2670 contra
3402 2615 3499 2668 be-

1930 2714 2226 2770 nemeritos
2252 2710 2574 2775 machinari,
2598 2711 2767 2781 838
2803 2709 3040 2778 primum
3075 2705 3295 2777 quidem
3332 2703 3500 2771 Paga—

1929 2820 2061 2860 uum
2112 2803 2330 2867 ducem,
2360 2810 2591 2871 utraque
2623 2798 2971 2870 expeditione
3023 2799 3379 2859 illustratum,
3438 2793 3495 2847 in

1929 2905 2253 2965 perpetuum
2306 2893 2560 2949 exsilium
2589 2892 2838 2959 ejiciunt,
2864 2900 2920 2944 et
2950 2905 3074 2945 cum
3108 2903 3177 2943 eo
3207 2888 3502 2956 optimates

1931 3001 2141 3049 omnes,
2183 3000 2305 3039 cum
2340 2993 2518 3038 tamen
2553 2983 2686 3037 nihil
2724 2991 2870 3037 esset
2913 2980 3062 3050 quod
3111 2980 3193 3034 eis
3250 2975 3499 3032 criminis

1932 3079 2050 3133 loco
2079 3078 2401 3148 objicerent.
2434 3077 2623 3130 Postea
2649 3076 2816 3130 etiam
2858 3090 2887 3128 a
2922 3071 3310 3128 Mediolanensi
3345 3070 3501 3138 prin-

268 3176 396 3227 peu;
426 3158 720 3225 βλάψαντα.
758 3159 911 3210 Ἐπεὶ
933 3158 988 3210 δὲ
1017 3159 1204 3227 είρήνη
1236 3152 1322 3226 ἦν,
1358 3158 1448 3208 καὶ
1482 3155 1654 3209 δεινὸν
1679 3155 1830 3208 οὐδὲν
1859 3170 1901 3228 C
1932 3196 1934 3211 .

1859 3170 1901 3228 C
1932 3169 2051 3238 cipe
2081 3167 2364 3225 deticiunt.
2395 3175 2449 3219 et
2481 3165 2549 3219 ab
2584 3165 2677 3220 illo
2721 3164 2827 3218 sibi
2875 3164 3235 3218 constitutum
3271 3158 3500 3230 prmfec-

266 3250 662 3312 προσεδοκᾶτο,
689 3249 908 3313 ἀνάξιον
959 3244 1098 3300 εἶναι
1147 3246 1297 3315 σφῶν
1328 3248 1626 3315 ἡγούμενοι
1671 3247 1721 3298 οί
1774 3247 1829 3297 ὲν

266 3343 307 3394 Γ
312 3343 508 3412 swqu
529 3343 692 3411 μηδὲν
715 3343 1054 3408 ἀγνωμονεῖν
1072 3357 1136 3392 πε
1145 3345 1200 3409 pi.
1225 3340 1348 3401 τοὺς
1367 3339 1827 3408 εὐηργετηκότας,

266 3433 467 3502 πρῶτα
517 3433 615 3501 μεν
666 3432 919 3500 Παγανὴν
960 3431 1050 3484 τὸν
1103 3430 1408 3499 στρατηγὸν
1451 3431 1705 3498 λαμπρὸν
1735 3445 1830 3494 γει

263 3521 566 3588 γενημέκιον
617 3521 674 3571 ιν
704 3522 824 3581 ταῖς
867 3521 1228 3591 στρατηγίαις
1257 3521 1599 3588 ἀμφοτέραις
1641 3518 1832 3588 ἐξήλα-

265 3627 370 3662 σαν
401 3611 500 3679 τῆς
541 3611 769 3674 πόλεως,
810 3609 1100 3677 ἀειφυγίαν
1128 3610 1577 3673 κατακρίναντες,
1609 3608 1704 3660 καὶ
1733 3608 1829 3660 σὺν

263 3702 467 3769 ἐκείνῳ
499 3703 707 3765 πάντας
749 3701 875 3764 τοὺς
911 3701 1166 3771 ἀρίστους
1195 3701 1344 3752 οὐδὲν
1396 3701 1616 3768 ἔχοντας
1661 3700 1830 3766 ἐγκα-

261 3795 402 3848 λεῖν.
437 3794 668 3848 Ἔπειτα
700 3797 794 3846 καὶ
825 3793 918 3846 τοῦ
946 3792 1291 3845 Μεδιολάνων
1317 3793 1610 3860 ἀφίσταντο
1636 3790 1830 3843 δεσπό-

262 3904 384 3947 του,
417 3889 509 3938 καὶ
537 3884 978 3954 Μπουκανόγραν
1011 3883 1167 3946 αὗθις
1197 3882 1286 3936 τὸν
1318 3884 1557 3952 Σίμωνα,
1595 3883 1830 3950 ἄρχοντα

261 3980 376 4030 τῶν
426 3978 767 4047 πραγμάτων
791 3975 1209 4041 ἀποδείξαντες,
1264 3975 1373 4027 τῶν
1433 3973 1564 4042 παρ’
1619 3974 1827 4026 ἐκείνου

261 4070 586 4123 καθεστῶτα
637 4067 905 4138 ἐξήλασαν
951 4068 1194 4134 ἀτίμως·
1249 4068 1342 4120 καὶ
1395 4066 1584 4118 τοῦτον
1630 4065 1830 4134 τρόπον

261 4164 477 4214 ἐκεῖνον
503 4161 596 4227 τῆς
631 4160 830 4226 πολλῆς
857 4160 986 4227 περὶ
1023 4157 1222 4220 αὐτοὺς
1257 4157 1565 4225 ἠμείψαντο
1594 4156 1830 4224 κηδεμο-

259 4258 408 4315 νίας.
451 4253 511 4303 Ὀ
545 4251 641 4319 μὲν
670 4245 763 4302 οὖν
810 4249 920 4302 τῶν
955 4248 1202 4302 Λατίνων
1249 4249 1384 4317 πρὸς
1430 4246 1694 4314 ἀλλήλους
1735 4245 1831 4296 καὶ

262 4345 407 4412 πρὸς
446 4340 758 4408 Ῥωμαίους
783 4337 1017 4407 πόλεμος
1046 4337 1275 4390 ἐνταῦθα
1307 4336 1646 4403 ἐτελεύτησε.
1675 4333 1833 4386 Βασι-

258 4438 388 4495 λεὺς
416 4434 472 4486 δὲ
512 4435 540 4485 ὁ
578 4431 957 4496 Παλαιολόγος,
997 4428 1264 4496 βασιλίδος
1293 4429 1390 4496 τῆς
1423 4426 1630 4497 μητρὸς
1670 4425 1830 4494 μάλι-

1932 3270 2069 3323 ιυιη,
2127 3273 2316 3312 rursus
2380 3257 2657 3312 Simonem
2712 3256 3116 3324 Buccanegram
3179 3251 3498 3321 reipubliczu

1929 3349 2476 3418 caputdesignantes.
2501 3362 2625 3401 cum
2660 3346 2957 3416 ignominia
2986 3344 3304 3411 expellunt;
3335 3351 3499 3410 atque

1930 3439 2035 3493 isto
2072 3435 2232 3490 modo
2271 3434 2545 3504 egregiam
2577 3435 2697 3503 ejus
2730 3449 2828 3503 pro
2880 3434 3015 3501 ipsis
3069 3430 3498 3485 sollicitudinem

1927 3541 2226 3594 curamque
2271 3534 2646 3592 compensant.
2697 3522 3020 3576 Latinorum
3058 3520 3221 3590 igitur
3266 3519 3408 3572 inter
3441 3534 3500 3572 se

1927 3626 1982 3672 et
2018 3632 2141 3670 cum
2177 3617 2436 3670 Romanis
2486 3616 2687 3669 bellum
2737 3615 2810 3668 ita
2843 3613 3026 3667 desiit.
3073 3612 3372 3681 Imperator
3403 3625 3500 3663 auo

1930 3719 2038 3762 tem
2087 3708 2449 3776 Palzeologus,
2500 3707 2736 3775 impulsu
2768 3705 2960 3759 matris
3017 3703 3388 3776 potissimum,
3434 3717 3500 3756 ea

1929 3797 2334 3852 Thessalonica:
2364 3797 2577 3860 relicta,
2610 3794 2814 3850 Ennm
2845 3795 3017 3859 venit,
3047 3794 3172 3847 inde
3205 3809 3302 3862 per
3326 3791 3500 3845 Thra-

1927 3884 2064 3938 ciam
2097 3883 2410 3952 Byzantlum
2432 3882 2497 3935 ad
2533 3897 2783 3936 socerum
2809 3882 3174 3951 profecturus.
3202 3880 3304 3946 Qui
3335 3880 3506 3950 Didy.

1930 3973 2155 4026 motichi
2206 3982 2363 4025 erant
2396 3973 2635 4040 prmfecti
2681 3972 2970 4034 Arseuius,
3008 3987 3241 4039 magnus
3278 3970 3505 4039 pappias

1930 4062 2241 4131 Zamplaco,
2275 4061 2642 4115 Tarchaniota
2682 4070 3074 4131 protostrator,
3107 4060 3365 4128 suspicati
3411 4060 3501 4112 Di-

1929 4151 2244 4222 dymoticho
2302 4152 2705 4216 transiturum,
2765 4166 3034 4205 memores
3101 4149 3504 4204 Thessalonica!

1924 4244 2062 4298 facti
2107 4243 2176 4296 ab
2202 4257 2269 4297 eo
2297 4258 2422 4297 cum
2466 4242 2623 4297 Crale
2657 4243 2882 4298 imiteris
2913 4243 2982 4297 de
3010 4243 3290 4302 societate.
3323 4252 3378 4294 et
3405 4257 3504 4297 eos

1931 4336 2130 4390 bellum
2162 4334 2426 4389 adversus
2456 4335 2898 4389 Cantacuzenum
2933 4335 3229 4403 pepigisse,
3255 4348 3501 4388 commu-

1932 4425 2075 4480 niter
2108 4424 2268 4478 veriti
2305 4434 2455 4485 sunt,
2486 4440 2554 4477 ne
2582 4424 2624 4477 si
2657 4439 2781 4477 eum
2822 4424 3272 4484 intromitterent,
3301 4431 3502 4491 przeter

261 4545 368 4578 στα
399 4523 697 4591 ἐναγούσης
721 4517 883 4590 ἦλθεν
924 4525 1004 4583 εἰς
1051 4517 1208 4572 Αἶνον
1240 4521 1298 4573 ἐν
1341 4518 1706 4587 Θεσσαλονίκῃ
1736 4516 1832 4585 τὴν
1864 4525 1905 4580 Γ

1864 4525 1905 4580 Γ
1932 4512 2296 4569 Cantacuzeni
2329 4513 2665 4567 voluntatem
2709 4523 2954 4582 agerent,
2988 4527 3224 4579 eumque
3251 4513 3316 4564 ad
3365 4511 3499 4564 iram

260 4616 484 4682 μητέρα
513 4611 852 4673 καταλιπὼν,
892 4611 966 4673 ὡς
999 4611 1207 4662 ὲκείθεν
1245 4609 1332 4675 διὰ
1367 4610 1463 4679 τῆς
1493 4608 1721 4678 Θρᾴκης
1745 4609 1825 4666 εἰς

257 4703 563 4762 Βυζάντιον
604 4698 928 4766 ἀφιξόμενος
970 4698 1104 4765 πρὶς
1152 4695 1376 4766 βασιλέα
1415 4697 1506 4746 τὶν
1538 4694 1826 4764 κηδεστήν.

257 4798 325 4846 ⁶¹ί
352 4797 408 4846 δὲ
436 4795 494 4844 εν
521 4790 885 4859 Διδυμοτείχῳ
916 4788 1198 4859 ἄρχοντες,
1232 4789 1506 4859 ’Δρσένιός
1537 4804 1617 4851 τε,
1656 4788 1827 4855 μέγας

255 4887 479 4945 παπίας
505 4887 532 4935 ὁ
573 4880 979 4950 Τζαμπλάκων,
1014 4881 1107 4932 καὶ
1150 4885 1591 4950 πρωτοστρατωρ
1628 4881 1654 4930 ό
1680 4877 1826 4944 Ταρ-

257 4974 594 5044 χανειὼτης,
622 4970 1060 5033 ὑποπτεύσαντες
1088 4969 1174 5022 διὰ
1198 4969 1580 5038 Διδυμοτείχου
1604 4966 1826 5037 βασιλέα

252 5069 352 5119 τὸν
379 5064 746 5130 Παλαιολόγον
788 5062 1078 5131 παρελθεῖν
1115 5062 1201 5121 ἂν,
1237 5063 1336 5112 οὐκ
1382 5059 1602 5128 ἀνήκοοί
1637 5075 1692 5110 τε
1717 5056 1827 5108 τῶν

255 5159 319 5210 ἐν
353 5155 727 5222 Θεσσαλονίκῃ
771 5152 1158 5222 γεγενημένων
1199 5151 1333 5218 πρὸς
1377 5151 1601 5218 Κράλην
1630 5147 1704 5216 τῷ
1734 5147 1828 5214 βα-

257 5249 405 5301 σιλεῖ
457 5245 785 5314 συμϐάσεων
833 5245 964 5308 περὶ
1010 5243 1327 5310 συμμαχίας
1384 5240 1559 5302 ὄντες,
1610 5241 1704 5290 καὶ
1751 5239 1826 5300 ὡς

255 5343 419 5407 κοινῇ
479 5336 764 5390 συνέθεντο
806 5336 942 5398 πρὸς
985 5332 1438 5400 Καντακουζηνὸν
1485 5330 1826 5398 τὸνβασιλέα

256 5435 506 5500 πόλεμον
537 5433 706 5483 κινεῖν
731 5429 962 5492 ἔδεισαν,
1005 5427 1078 5496 μὴ
1130 5426 1494 5492 είςδεξάμενοι
1566 5427 1629 5492 τῇ
1673 5424 1824 5474 πῦλει

257 5526 341 5596 μὴ
374 5524 519 5576 κατὰ
547 5521 770 5590 γνώμην
823 5522 1100 5588 πράττωσι
1155 5518 1364 5587 βασιλεί
1398 5517 1472 5584 τῷ
1514 5518 1825 5568 Καντακου-

252 5616 434 5686 (qua,
467 5616 576 5668 ,καὶ
608 5613 741 5681 πρὸς
770 5611 941 5681 ὀργὴν
969 5610 1312 5680 διερεθίσωσι
1347 5607 1630 5667 δοκοῦντες
1656 5609 1826 5672 ἀγνω-

255 5709 450 5776 μονεῖν
519 5705 644 5774 περὶ
699 5704 860 5757 αὑτὸν
924 5702 1020 5755 καὶ
1074 5704 1196 5763 ,τοῖς
1257 5702 1473 5753 ἐναντία
1530 5699 1822 5765 πράττουσι

256 5795 658 5875 προστίθεσθαι
711 5795 1074 5875 ἀφιατᾲμενοι
1118 5793 1299 5847 αὐτοῦ.
1353 5794 1458 5844 Και
1491 5791 1820 5859 πέμψαντες,

1929 4614 2292 4672 provocarent
2326 4621 2340 4657 :
2373 4615 2434 4658 nt
2476 4605 2567 4673 qui
2594 4619 2621 4656 a
2668 4619 2726 4657 se
2773 4603 2979 4656 nefarie
3010 4604 3377 4657 desciscentes
3407 4605 3504 4656 ad-

1927 4697 2182 4749 versaria:
2225 4693 2448 4748 factioni
2505 4693 2974 4747 adhazrescerent.
3002 4693 3367 4758 Quamobrem
3423 4692 3504 4746 in-

1929 4797 2259 4856 terrogatum
2284 4786 2530 4843 mittunt.
2551 4801 2662 4853 quo
2687 4793 2846 4852 pacto
2874 4799 2932 4838 se
2957 4799 3084 4851 erga
3119 4786 3502 4852 imperatorem

1925 4880 2195 4950 juniorem
2231 4887 2442 4947 gerant.
2480 4876 2795 4945 Respondet
2821 4877 2928 4930 ille.
2956 4875 3415 4942 quemadmodum
3443 4889 3502 4928 se

1926 4986 2111 5039 gerere
2149 4969 2371 5023 deceret
2403 4968 2637 5021 famulos
2676 4981 2805 5033 erga
2843 4966 3147 5028 dominum,
3181 4975 3235 5018 et
3277 4980 3499 5018 omnem

1925 5063 1976 5116 ei
2023 5062 2232 5114 aditum
2278 5060 2514 5115 liberum
2548 5058 2982 5118 concedendum.
3020 5057 3501 5124 obediendmnque

1929 5163 1986 5206 ut
2021 5152 2351 5220 imperatori,
2381 5166 2490 5204 non
2514 5151 2581 5204 ab
2613 5151 2744 5219 ipsis
2779 5149 2960 5212 modo,
2987 5149 3080 5204 sed
3115 5149 3183 5202 ab
3216 5149 3340 5200 aliis
3369 5149 3496 5201 item

1927 5243 2238 5298 civitatibus
2265 5242 2555 5295 universis.
2595 5242 2780 5308 Itaque
2808 5240 2951 5292 Ᾱίιιυ
2978 5241 3285 5292 venientem
3308 5239 3492 5292 liben-

1929 5342 2010 5385 ter
2052 5338 2398 5396 acceperunt.
2448 5329 2583 5383 Cum
2643 5331 2839 5383 diebus
2893 5330 3082 5397 paucis
3131 5327 3496 5397 Didymotichi

1927 5422 2280 5479 substitisset,
2330 5421 2456 5475 inde
2511 5421 2829 5490 Byzantium
2878 5419 3180 5472 discessit:
3229 5418 3320 5470 ubi
3370 5432 3495 5470 cum

1929 5529 2124 5565 socero
2161 5517 2507 5577 imperatore,
2556 5513 2694 5565 bello
2727 5511 2922 5564 Latino
2967 5521 3093 5563 tunc
3125 5511 3355 5562 maxime
3390 5509 3498 5560 fer-

1927 5613 2106 5663 vente,
2149 5602 2356 5656 diutius
2383 5603 2537 5655 vixit.
2582 5603 3015 5662 Cantacuzenus,
3065 5600 3208 5654 haud
3252 5599 3491 5658 nescius,

1929 5700 2068 5748 int-ar
2127 5694 2432 5746 Malthmum
2496 5694 2663 5746 ﬁlium
2714 5705 2768 5749 et
2813 5708 3072 5763 generum
3155 5690 3494 5745 intercedere

1929 5788 2235 5845 dissidiuut.
2299 5784 2448 5837 illum
2500 5802 2717 5854 quoque.
2764 5784 3180 5848 accersendum,
3220 5792 3275 5836 ct
3318 5781 3489 5839 eden-
