  <div class='ocr_page' id='page_1' title='image "/cluster/home/n/w/nwhite01/storage/ocr_20150623/154/nnc1.0046980970/135.png"; bbox 0 0 4218 6446; ppageno 0'>
   <div class='ocr_carea' id='block_1_1' title="bbox 704 354 819 417">
    <p class='ocr_par' dir='ltr' id='par_1_1' title="bbox 704 354 819 417">
     <span class='ocr_line' id='line_1_1' title="bbox 704 354 819 417; baseline 0 0"><span class='ocrx_word' id='word_1_1' title='bbox 704 354 819 417; x_wconf 65' lang='lat'><strong>25-5</strong></span> 
     </span>
    </p>
   </div>
   <div class='ocr_carea' id='block_1_2' title="bbox 1905 336 2779 404">
    <p class='ocr_par' dir='ltr' id='par_1_2' title="bbox 1905 336 2779 404">
     <span class='ocr_line' id='line_1_2' title="bbox 1905 336 2779 404; baseline -0.007 0"><span class='ocrx_word' id='word_1_2' title='bbox 1905 338 2144 404; x_wconf 68' lang='lat' dir='ltr'><strong>JOANN</strong></span> <span class='ocrx_word' id='word_1_3' title='bbox 2157 336 2226 396; x_wconf 86' lang='lat' dir='ltr'><strong>lS</strong></span> <span class='ocrx_word' id='word_1_4' title='bbox 2263 336 2779 400; x_wconf 74' lang='lat' dir='ltr'><strong>CANTACUZENI</strong></span> 
     </span>
    </p>
   </div>
   <div class='ocr_carea' id='block_1_3' title="bbox 3828 339 3941 403">
    <p class='ocr_par' dir='ltr' id='par_1_3' title="bbox 3828 339 3941 403">
     <span class='ocr_line' id='line_1_3' title="bbox 3828 339 3941 403; baseline 0.018 -2"><span class='ocrx_word' id='word_1_5' title='bbox 3828 339 3941 403; x_wconf 75' lang='lat'><strong>256</strong></span> 
     </span>
    </p>
   </div>
   <div class='ocr_carea' id='block_1_4' title="bbox 704 449 2370 525">
    <p class='ocr_par' dir='ltr' id='par_1_4' title="bbox 704 449 2370 522">
     <span class='ocr_line' id='line_1_4' title="bbox 704 449 2370 522; baseline -0.011 -3"><span class='ocrx_word' id='word_1_6' title='bbox 704 482 807 519; x_wconf 83' lang='lat' dir='ltr'><strong>nus</strong></span> <span class='ocrx_word' id='word_1_7' title='bbox 838 463 1044 517; x_wconf 74' lang='lat' dir='ltr'><strong>nefarie</strong></span> <span class='ocrx_word' id='word_1_8' title='bbox 1091 462 1329 518; x_wconf 70' lang='lat' dir='ltr'><strong>ablatum</strong></span> <span class='ocrx_word' id='word_1_9' title='bbox 1369 458 1469 513; x_wconf 87' lang='lat' dir='ltr'><strong>sibi</strong></span> <span class='ocrx_word' id='word_1_10' title='bbox 1518 457 1736 517; x_wconf 78' lang='lat' dir='ltr'><strong>habent,</strong></span> <span class='ocrx_word' id='word_1_11' title='bbox 1771 456 1925 522; x_wconf 84' lang='lat' dir='ltr'><strong>cujus</strong></span> <span class='ocrx_word' id='word_1_12' title='bbox 1973 452 2260 508; x_wconf 47' lang='lat' dir='ltr'><strong>lnsidiato‘</strong></span> <span class='ocrx_word' id='word_1_13' title='bbox 2288 449 2370 507; x_wconf 65' lang='grc' dir='ltr'><strong>Δί</strong></span> 
     </span>
    </p>
   </div>
   <div class='ocr_carea' id='block_1_5' title="bbox 2271 449 3937 525">
    <p class='ocr_par' dir='ltr' id='par_1_5' title="bbox 2288 449 3937 525">
     <span class='ocr_line' id='line_1_5' title="bbox 2288 449 3937 525; baseline 0.003 -23"><span class='ocrx_word' id='word_1_14' title='bbox 2288 449 2339 507; x_wconf 81' lang='grc' dir='ltr'><strong>Δ</strong></span> <span class='ocrx_word' id='word_1_15' title='bbox 2365 450 2547 519; x_wconf 75' lang='grc' dir='ltr'>τρῴαν</span> <span class='ocrx_word' id='word_1_16' title='bbox 2576 451 2959 516; x_wconf 76' lang='grc' dir='ltr'>ἀνασώζεσῦαι</span> <span class='ocrx_word' id='word_1_17' title='bbox 2996 453 3189 525; x_wconf 60' lang='grc' dir='ltr'>ἀρχὴν,</span> <span class='ocrx_word' id='word_1_18' title='bbox 3235 453 3435 517; x_wconf 79' lang='grc' dir='ltr'><strong>ἀδίκως</strong></span> <span class='ocrx_word' id='word_1_19' title='bbox 3469 454 3575 509; x_wconf 74' lang='grc' dir='ltr'>ὑπὸ</span> <span class='ocrx_word' id='word_1_20' title='bbox 3616 455 3937 509; x_wconf 74' lang='grc' dir='ltr'>Καντακουο</span> 
     </span>
    </p>
   </div>
   <div class='ocr_carea' id='block_1_6' title="bbox 707 542 2261 621">
    <p class='ocr_par' dir='ltr' id='par_1_6' title="bbox 707 542 2261 621">
     <span class='ocr_line' id='line_1_6' title="bbox 707 542 2261 621; baseline -0.008 -14"><span class='ocrx_word' id='word_1_21' title='bbox 707 572 840 618; x_wconf 83' lang='lat' dir='ltr'><strong>rem,</strong></span> <span class='ocrx_word' id='word_1_22' title='bbox 879 563 1324 621; x_wconf 65' lang='lat' dir='ltr'><strong>cttptatoruiiqne</strong></span> <span class='ocrx_word' id='word_1_23' title='bbox 1353 550 1521 602; x_wconf 82' lang='lat' dir='ltr'><strong>lilium</strong></span> <span class='ocrx_word' id='word_1_24' title='bbox 1573 548 1891 607; x_wconf 87' lang='lat' dir='ltr'><strong>instituerit,</strong></span> <span class='ocrx_word' id='word_1_25' title='bbox 1922 545 2063 597; x_wconf 89' lang='lat' dir='ltr'><strong>haud</strong></span> <span class='ocrx_word' id='word_1_26' title='bbox 2112 542 2261 595; x_wconf 87' lang='lat' dir='ltr'><strong>labo-</strong></span> 
     </span>
    </p>
   </div>
   <div class='ocr_carea' id='block_1_7' title="bbox 708 635 2265 711">
    <p class='ocr_par' dir='ltr' id='par_1_7' title="bbox 708 635 2265 711">
     <span class='ocr_line' id='line_1_7' title="bbox 708 635 2265 711; baseline -0.006 -17"><span class='ocrx_word' id='word_1_27' title='bbox 708 644 851 695; x_wconf 89' lang='lat' dir='ltr'><strong>riose</strong></span> <span class='ocrx_word' id='word_1_28' title='bbox 895 641 1207 711; x_wconf 86' lang='lat' dir='ltr'><strong>recuperari</strong></span> <span class='ocrx_word' id='word_1_29' title='bbox 1245 655 1425 707; x_wconf 82' lang='lat' dir='ltr'><strong>posse.</strong></span> <span class='ocrx_word' id='word_1_30' title='bbox 1470 639 1602 692; x_wconf 83' lang='lat' dir='ltr'><strong>Nam</strong></span> <span class='ocrx_word' id='word_1_31' title='bbox 1642 638 1716 690; x_wconf 74' lang='lat' dir='ltr'><strong>illi</strong></span> <span class='ocrx_word' id='word_1_32' title='bbox 1756 635 2085 697; x_wconf 75' lang='lat' dir='ltr'><strong>provinciam</strong></span> <span class='ocrx_word' id='word_1_33' title='bbox 2117 647 2265 686; x_wconf 90' lang='lat' dir='ltr'><strong>com-</strong></span> 
     </span>
    </p>
   </div>
   <div class='ocr_carea' id='block_1_8' title="bbox 709 724 2264 794">
    <p class='ocr_par' dir='ltr' id='par_1_8' title="bbox 709 724 2264 794">
     <span class='ocr_line' id='line_1_8' title="bbox 709 724 2264 794; baseline -0.003 -10"><span class='ocrx_word' id='word_1_34' title='bbox 709 733 926 785; x_wconf 87' lang='lat' dir='ltr'><strong>tnittere</strong></span> <span class='ocrx_word' id='word_1_35' title='bbox 953 735 1050 793; x_wconf 86' lang='lat' dir='ltr'><strong>sic,</strong></span> <span class='ocrx_word' id='word_1_36' title='bbox 1090 742 1147 782; x_wconf 88' lang='lat' dir='ltr'><strong>ut</strong></span> <span class='ocrx_word' id='word_1_37' title='bbox 1177 730 1383 782; x_wconf 84' lang='lat' dir='ltr'><strong>referre</strong></span> <span class='ocrx_word' id='word_1_38' title='bbox 1422 730 1664 782; x_wconf 84' lang='lat' dir='ltr'><strong>rationes</strong></span> <span class='ocrx_word' id='word_1_39' title='bbox 1701 743 1805 779; x_wconf 90' lang='lat' dir='ltr'><strong>non</strong></span> <span class='ocrx_word' id='word_1_40' title='bbox 1839 734 2085 794; x_wconf 86' lang='lat' dir='ltr'><strong>cogatur,</strong></span> <span class='ocrx_word' id='word_1_41' title='bbox 2116 724 2264 779; x_wconf 90' lang='lat' dir='ltr'><strong>aliud</strong></span> 
     </span>
    </p>
   </div>
   <div class='ocr_carea' id='block_1_9' title="bbox 710 816 2266 887">
    <p class='ocr_par' dir='ltr' id='par_1_9' title="bbox 710 816 2266 887">
     <span class='ocr_line' id='line_1_9' title="bbox 710 816 2266 887; baseline -0.003 -14"><span class='ocrx_word' id='word_1_42' title='bbox 710 824 843 875; x_wconf 84' lang='lat' dir='ltr'><strong>nihil</strong></span> <span class='ocrx_word' id='word_1_43' title='bbox 875 822 1031 882; x_wconf 77' lang='lat' dir='ltr'><strong>velle,</strong></span> <span class='ocrx_word' id='word_1_44' title='bbox 1078 836 1238 887; x_wconf 89' lang='lat' dir='ltr'><strong>quam</strong></span> <span class='ocrx_word' id='word_1_45' title='bbox 1293 819 1471 886; x_wconf 89' lang='lat' dir='ltr'><strong>ipsum</strong></span> <span class='ocrx_word' id='word_1_46' title='bbox 1520 832 1734 886; x_wconf 88' lang='lat' dir='ltr'><strong>quoque</strong></span> <span class='ocrx_word' id='word_1_47' title='bbox 1782 816 1960 883; x_wconf 89' lang='lat' dir='ltr'><strong>aliqua</strong></span> <span class='ocrx_word' id='word_1_48' title='bbox 2012 830 2076 867; x_wconf 75' lang='lat' dir='ltr'><strong>ex</strong></span> <span class='ocrx_word' id='word_1_49' title='bbox 2115 825 2266 884; x_wconf 86' lang='lat' dir='ltr'><strong>parte</strong></span> 
     </span>
    </p>
   </div>
   <div class='ocr_carea' id='block_1_10' title="bbox 710 906 2267 983">
    <p class='ocr_par' dir='ltr' id='par_1_10' title="bbox 710 906 2267 983">
     <span class='ocr_line' id='line_1_10' title="bbox 710 906 2267 983; baseline -0.005 -17"><span class='ocrx_word' id='word_1_50' title='bbox 710 915 1088 983; x_wconf 79' lang='lat' dir='ltr'><strong>itnpcratorettt</strong></span> <span class='ocrx_word' id='word_1_51' title='bbox 1137 928 1255 965; x_wconf 86' lang='lat' dir='ltr'><strong>esse</strong></span> <span class='ocrx_word' id='word_1_52' title='bbox 1286 928 1298 964; x_wconf 90' lang='lat'>:</span> <span class='ocrx_word' id='word_1_53' title='bbox 1333 911 1802 976; x_wconf 83' lang='lat' dir='ltr'><strong>atltnoncbantque</strong></span> <span class='ocrx_word' id='word_1_54' title='bbox 1868 923 1935 961; x_wconf 89' lang='lat' dir='ltr'><strong>nc</strong></span> <span class='ocrx_word' id='word_1_55' title='bbox 1982 906 2267 975; x_wconf 81' lang='lat' dir='ltr'><strong>antagoni-</strong></span> 
     </span>
    </p>
   </div>
   <div class='ocr_carea' id='block_1_11' title="bbox 710 997 2266 1067">
    <p class='ocr_par' dir='ltr' id='par_1_11' title="bbox 710 997 2266 1067">
     <span class='ocr_line' id='line_1_11' title="bbox 710 997 2266 1067; baseline -0.003 -12"><span class='ocrx_word' id='word_1_56' title='bbox 710 1015 843 1056; x_wconf 87' lang='lat' dir='ltr'><strong>stam</strong></span> <span class='ocrx_word' id='word_1_57' title='bbox 882 1005 1225 1055; x_wconf 82' lang='lat' dir='ltr'><strong>corroborari</strong></span> <span class='ocrx_word' id='word_1_58' title='bbox 1290 1003 1515 1060; x_wconf 87' lang='lat' dir='ltr'><strong>sineret,</strong></span> <span class='ocrx_word' id='word_1_59' title='bbox 1570 1000 1662 1053; x_wconf 87' lang='lat' dir='ltr'><strong>sed</strong></span> <span class='ocrx_word' id='word_1_60' title='bbox 1700 1016 1729 1052; x_wconf 91' lang='lat' dir='ltr'><strong>a</strong></span> <span class='ocrx_word' id='word_1_61' title='bbox 1779 998 2043 1067; x_wconf 87' lang='lat' dir='ltr'><strong>principio</strong></span> <span class='ocrx_word' id='word_1_62' title='bbox 2085 997 2266 1051; x_wconf 89' lang='lat' dir='ltr'><strong>statim</strong></span> 
     </span>
    </p>
   </div>
   <div class='ocr_carea' id='block_1_12' title="bbox 710 1090 2265 1159">
    <p class='ocr_par' dir='ltr' id='par_1_12' title="bbox 710 1090 2265 1159">
     <span class='ocr_line' id='line_1_12' title="bbox 710 1090 2265 1159; baseline -0.003 -16"><span class='ocrx_word' id='word_1_63' title='bbox 710 1095 1117 1159; x_wconf 77' lang='lat' dir='ltr'><strong>comprimeret.</strong></span> <span class='ocrx_word' id='word_1_64' title='bbox 1155 1093 1360 1155; x_wconf 80' lang='lat' dir='ltr'><strong>Quibus</strong></span> <span class='ocrx_word' id='word_1_65' title='bbox 1391 1092 1709 1144; x_wconf 73' lang='lat' dir='ltr'><strong>auscultans</strong></span> <span class='ocrx_word' id='word_1_66' title='bbox 1733 1129 1747 1151; x_wconf 85' lang='lat'><strong>,</strong></span> <span class='ocrx_word' id='word_1_67' title='bbox 1801 1092 1853 1143; x_wconf 93' lang='lat' dir='ltr'><strong>in</strong></span> <span class='ocrx_word' id='word_1_68' title='bbox 1882 1090 2079 1142; x_wconf 88' lang='lat' dir='ltr'><strong>bellum</strong></span> <span class='ocrx_word' id='word_1_69' title='bbox 2107 1105 2265 1157; x_wconf 82' lang='lat' dir='ltr'><strong>aper--</strong></span> 
     </span>
    </p>
   </div>
   <div class='ocr_carea' id='block_1_13' title="bbox 712 1179 2267 1249">
    <p class='ocr_par' dir='ltr' id='par_1_13' title="bbox 712 1179 2267 1249">
     <span class='ocr_line' id='line_1_13' title="bbox 712 1179 2267 1249; baseline -0.001 -16"><span class='ocrx_word' id='word_1_70' title='bbox 712 1192 822 1233; x_wconf 84' lang='lat' dir='ltr'><strong>tuin</strong></span> <span class='ocrx_word' id='word_1_71' title='bbox 854 1185 1055 1249; x_wconf 87' lang='lat' dir='ltr'><strong>erupit.</strong></span> <span class='ocrx_word' id='word_1_72' title='bbox 1108 1184 1224 1234; x_wconf 79' lang='lat' dir='ltr'><strong>Mox</strong></span> <span class='ocrx_word' id='word_1_73' title='bbox 1275 1182 1424 1235; x_wconf 90' lang='lat' dir='ltr'><strong>enim</strong></span> <span class='ocrx_word' id='word_1_74' title='bbox 1457 1181 1726 1249; x_wconf 75' lang='lat' dir='ltr'><strong>quidquid</strong></span> <span class='ocrx_word' id='word_1_75' title='bbox 1777 1190 1894 1234; x_wconf 89' lang='lat' dir='ltr'><strong>erat</strong></span> <span class='ocrx_word' id='word_1_76' title='bbox 1946 1180 2179 1232; x_wconf 84' lang='lat' dir='ltr'><strong>militum</strong></span> <span class='ocrx_word' id='word_1_77' title='bbox 2214 1179 2267 1231; x_wconf 91' lang='lat' dir='ltr'><strong>in</strong></span> 
     </span>
    </p>
   </div>
   <div class='ocr_carea' id='block_1_14' title="bbox 714 1271 2268 1340">
    <p class='ocr_par' dir='ltr' id='par_1_14' title="bbox 714 1271 2268 1340">
     <span class='ocr_line' id='line_1_14' title="bbox 714 1271 2268 1340; baseline -0.001 -17"><span class='ocrx_word' id='word_1_78' title='bbox 714 1274 942 1325; x_wconf 80' lang='lat' dir='ltr'><strong>urbibus</strong></span> <span class='ocrx_word' id='word_1_79' title='bbox 972 1288 1108 1340; x_wconf 86' lang='lat' dir='ltr'><strong>quas</strong></span> <span class='ocrx_word' id='word_1_80' title='bbox 1142 1273 1381 1336; x_wconf 87' lang='lat' dir='ltr'><strong>tenebat,</strong></span> <span class='ocrx_word' id='word_1_81' title='bbox 1413 1273 1744 1326; x_wconf 90' lang='lat' dir='ltr'><strong>contrahens</strong></span> <span class='ocrx_word' id='word_1_82' title='bbox 1770 1313 1782 1335; x_wconf 91' lang='lat'><strong>,</strong></span> <span class='ocrx_word' id='word_1_83' title='bbox 1815 1282 1871 1323; x_wconf 89' lang='lat' dir='ltr'><strong>et</strong></span> <span class='ocrx_word' id='word_1_84' title='bbox 1898 1287 2022 1323; x_wconf 91' lang='lat' dir='ltr'><strong>cum</strong></span> <span class='ocrx_word' id='word_1_85' title='bbox 2060 1271 2128 1324; x_wconf 89' lang='lat' dir='ltr'><strong>iis</strong></span> <span class='ocrx_word' id='word_1_86' title='bbox 2169 1286 2268 1339; x_wconf 88' lang='lat' dir='ltr'><strong>op-</strong></span> 
     </span>
    </p>
   </div>
   <div class='ocr_carea' id='block_1_15' title="bbox 714 1362 2268 1429">
    <p class='ocr_par' dir='ltr' id='par_1_15' title="bbox 714 1362 2268 1429">
     <span class='ocr_line' id='line_1_15' title="bbox 714 1362 2268 1429; baseline -0.001 -16"><span class='ocrx_word' id='word_1_87' title='bbox 714 1364 837 1426; x_wconf 80' lang='lat' dir='ltr'><strong>pida</strong></span> <span class='ocrx_word' id='word_1_88' title='bbox 881 1366 1058 1415; x_wconf 81' lang='lat' dir='ltr'><strong>soeeri</strong></span> <span class='ocrx_word' id='word_1_89' title='bbox 1090 1364 1376 1426; x_wconf 68' lang='lat' dir='ltr'><strong>invadens,</strong></span> <span class='ocrx_word' id='word_1_90' title='bbox 1413 1380 1519 1416; x_wconf 86' lang='lat' dir='ltr'><strong>non</strong></span> <span class='ocrx_word' id='word_1_91' title='bbox 1557 1377 1744 1429; x_wconf 88' lang='lat' dir='ltr'><strong>pauca,</strong></span> <span class='ocrx_word' id='word_1_92' title='bbox 1776 1363 2028 1415; x_wconf 84' lang='lat' dir='ltr'><strong>omnibus</strong></span> <span class='ocrx_word' id='word_1_93' title='bbox 2055 1362 2118 1415; x_wconf 85' lang='lat' dir='ltr'><strong>ad</strong></span> <span class='ocrx_word' id='word_1_94' title='bbox 2144 1376 2268 1415; x_wconf 90' lang='lat' dir='ltr'><strong>cum</strong></span> 
     </span>
    </p>
   </div>
   <div class='ocr_carea' id='block_1_16' title="bbox 712 1451 2272 1517">
    <p class='ocr_par' dir='ltr' id='par_1_16' title="bbox 712 1451 2272 1517">
     <span class='ocr_line' id='line_1_16' title="bbox 712 1451 2272 1517; baseline 0 -15"><span class='ocrx_word' id='word_1_95' title='bbox 712 1453 949 1503; x_wconf 84' lang='lat' dir='ltr'><strong>libenter</strong></span> <span class='ocrx_word' id='word_1_96' title='bbox 997 1452 1399 1513; x_wconf 78' lang='lat' dir='ltr'><strong>deﬁcientibus,</strong></span> <span class='ocrx_word' id='word_1_97' title='bbox 1455 1461 1508 1505; x_wconf 89' lang='lat' dir='ltr'><strong>et</strong></span> <span class='ocrx_word' id='word_1_98' title='bbox 1560 1452 1863 1504; x_wconf 86' lang='lat' dir='ltr'><strong>mutatione</strong></span> <span class='ocrx_word' id='word_1_99' title='bbox 1899 1451 2105 1504; x_wconf 88' lang='lat' dir='ltr'><strong>domini</strong></span> <span class='ocrx_word' id='word_1_100' title='bbox 2138 1465 2272 1517; x_wconf 83' lang='lat' dir='ltr'><strong>gau-</strong></span> 
     </span>
    </p>
   </div>
   <div class='ocr_carea' id='block_1_17' title="bbox 714 1540 2268 1608">
    <p class='ocr_par' dir='ltr' id='par_1_17' title="bbox 714 1540 2268 1608">
     <span class='ocr_line' id='line_1_17' title="bbox 714 1540 2268 1608; baseline 0.002 -19"><span class='ocrx_word' id='word_1_101' title='bbox 714 1542 994 1601; x_wconf 85' lang='lat' dir='ltr'><strong>dentibus,</strong></span> <span class='ocrx_word' id='word_1_102' title='bbox 1026 1557 1136 1595; x_wconf 68' lang='lat' dir='ltr'><strong>suae</strong></span> <span class='ocrx_word' id='word_1_103' title='bbox 1171 1541 1454 1608; x_wconf 78' lang='lat' dir='ltr'><strong>potestatis</strong></span> <span class='ocrx_word' id='word_1_104' title='bbox 1481 1541 1629 1594; x_wconf 79' lang='lat' dir='ltr'><strong>fecit.</strong></span> <span class='ocrx_word' id='word_1_105' title='bbox 1661 1540 1864 1593; x_wconf 80' lang='lat' dir='ltr'><strong>Deinde</strong></span> <span class='ocrx_word' id='word_1_106' title='bbox 1899 1550 1954 1592; x_wconf 83' lang='lat' dir='ltr'><strong>et</strong></span> <span class='ocrx_word' id='word_1_107' title='bbox 1978 1540 2268 1593; x_wconf 82' lang='lat' dir='ltr'><strong>Persarum</strong></span> 
     </span>
    </p>
   </div>
   <div class='ocr_carea' id='block_1_18' title="bbox 715 1631 2269 1699">
    <p class='ocr_par' dir='ltr' id='par_1_18' title="bbox 715 1631 2269 1699">
     <span class='ocr_line' id='line_1_18' title="bbox 715 1631 2269 1699; baseline 0.001 -19"><span class='ocrx_word' id='word_1_108' title='bbox 715 1633 978 1681; x_wconf 66' lang='lat' dir='ltr'><strong>advocato</strong></span> <span class='ocrx_word' id='word_1_109' title='bbox 1004 1632 1245 1695; x_wconf 75' lang='lat' dir='ltr'><strong>auxilio,</strong></span> <span class='ocrx_word' id='word_1_110' title='bbox 1297 1631 1390 1699; x_wconf 87' lang='lat' dir='ltr'><strong>qui</strong></span> <span class='ocrx_word' id='word_1_111' title='bbox 1453 1631 1603 1698; x_wconf 91' lang='lat' dir='ltr'><strong>prius</strong></span> <span class='ocrx_word' id='word_1_112' title='bbox 1660 1632 1944 1683; x_wconf 83' lang='lat' dir='ltr'><strong>castellum</strong></span> <span class='ocrx_word' id='word_1_113' title='bbox 1997 1631 2269 1699; x_wconf 77' lang='lat' dir='ltr'><strong>quoddam</strong></span> 
     </span>
    </p>
   </div>
   <div class='ocr_carea' id='block_1_19' title="bbox 717 1719 2272 1791">
    <p class='ocr_par' dir='ltr' id='par_1_19' title="bbox 717 1719 2272 1791">
     <span class='ocr_line' id='line_1_19' title="bbox 717 1719 2272 1791; baseline 0.002 -22"><span class='ocrx_word' id='word_1_114' title='bbox 717 1719 962 1773; x_wconf 47' lang='lat' dir='ltr'><strong>Thracia)</strong></span> <span class='ocrx_word' id='word_1_115' title='bbox 988 1761 1000 1782; x_wconf 83' lang='lat'><strong>,</strong></span> <span class='ocrx_word' id='word_1_116' title='bbox 1034 1721 1272 1791; x_wconf 71' lang='lat' dir='ltr'><strong>Zynipen</strong></span> <span class='ocrx_word' id='word_1_117' title='bbox 1302 1724 1522 1775; x_wconf 87' lang='lat' dir='ltr'><strong>nomine</strong></span> <span class='ocrx_word' id='word_1_118' title='bbox 1545 1762 1559 1785; x_wconf 89' lang='lat'><strong>,</strong></span> <span class='ocrx_word' id='word_1_119' title='bbox 1586 1730 1919 1789; x_wconf 82' lang='lat' dir='ltr'><strong>occuparant</strong></span> <span class='ocrx_word' id='word_1_120' title='bbox 1944 1761 1960 1782; x_wconf 87' lang='lat'><strong>,</strong></span> <span class='ocrx_word' id='word_1_121' title='bbox 1999 1721 2051 1773; x_wconf 91' lang='lat' dir='ltr'><strong>in</strong></span> <span class='ocrx_word' id='word_1_122' title='bbox 2083 1721 2272 1789; x_wconf 86' lang='lat' dir='ltr'><strong>conju-</strong></span> 
     </span>
    </p>
   </div>
   <div class='ocr_carea' id='block_1_20' title="bbox 2367 542 3939 616">
    <p class='ocr_par' dir='ltr' id='par_1_20' title="bbox 2367 542 3939 616">
     <span class='ocr_line' id='line_1_20' title="bbox 2367 542 3939 616; baseline 0.003 -25"><span class='ocrx_word' id='word_1_123' title='bbox 2367 542 2530 611; x_wconf 80' lang='grc' dir='ltr'>ζηνοῦ</span> <span class='ocrx_word' id='word_1_124' title='bbox 2561 543 2655 595; x_wconf 82' lang='grc' dir='ltr'>τοῦ</span> <span class='ocrx_word' id='word_1_125' title='bbox 2686 545 2951 612; x_wconf 84' lang='grc' dir='ltr'>βασιλέως</span> <span class='ocrx_word' id='word_1_126' title='bbox 2979 547 3364 616; x_wconf 79' lang='grc' dir='ltr'><strong>ἀφῃρημένην,</strong></span> <span class='ocrx_word' id='word_1_127' title='bbox 3394 547 3489 600; x_wconf 78' lang='grc' dir='ltr'><strong>καὶ</strong></span> <span class='ocrx_word' id='word_1_128' title='bbox 3512 546 3676 600; x_wconf 80' lang='grc' dir='ltr'>αὑτοῦ</span> <span class='ocrx_word' id='word_1_129' title='bbox 3695 564 3753 598; x_wconf 84' lang='grc' dir='ltr'><strong>τε</strong></span> <span class='ocrx_word' id='word_1_130' title='bbox 3782 547 3939 616; x_wconf 73' lang='grc' dir='ltr'>έχον-</span> 
     </span>
    </p>
   </div>
   <div class='ocr_carea' id='block_1_21' title="bbox 2367 632 3936 704">
    <p class='ocr_par' dir='ltr' id='par_1_21' title="bbox 2367 632 3936 704">
     <span class='ocr_line' id='line_1_21' title="bbox 2367 632 3936 704; baseline 0.001 -20"><span class='ocrx_word' id='word_1_131' title='bbox 2367 649 2480 695; x_wconf 87' lang='grc' dir='ltr'>τος,</span> <span class='ocrx_word' id='word_1_132' title='bbox 2516 634 2609 687; x_wconf 67' lang='grc' dir='ltr'><strong>καὶ</strong></span> <span class='ocrx_word' id='word_1_133' title='bbox 2631 632 2722 685; x_wconf 81' lang='grc' dir='ltr'>τὸν</span> <span class='ocrx_word' id='word_1_134' title='bbox 2755 635 2868 686; x_wconf 82' lang='grc' dir='ltr'>υἱὸν</span> <span class='ocrx_word' id='word_1_135' title='bbox 2899 635 3122 704; x_wconf 79' lang='grc' dir='ltr'>ἔφεδρον</span> <span class='ocrx_word' id='word_1_136' title='bbox 3157 634 3546 697; x_wconf 79' lang='grc' dir='ltr'>καθιστῶντος.</span> <span class='ocrx_word' id='word_1_137' title='bbox 3579 636 3651 687; x_wconf 85' lang='grc' dir='ltr'><strong>Τὸ</strong></span> <span class='ocrx_word' id='word_1_138' title='bbox 3683 637 3795 702; x_wconf 82' lang='grc' dir='ltr'><strong>γὰρ</strong></span> <span class='ocrx_word' id='word_1_139' title='bbox 3840 637 3936 687; x_wconf 82' lang='grc' dir='ltr'><strong>ἁν-</strong></span> 
     </span>
    </p>
   </div>
   <div class='ocr_carea' id='block_1_22' title="bbox 2369 721 3937 794">
    <p class='ocr_par' dir='ltr' id='par_1_22' title="bbox 2369 721 3937 794">
     <span class='ocr_line' id='line_1_22' title="bbox 2369 721 3937 794; baseline 0.003 -22"><span class='ocrx_word' id='word_1_140' title='bbox 2369 721 2671 776; x_wconf 75' lang='grc' dir='ltr'>υπεὺὒυνον</span> <span class='ocrx_word' id='word_1_141' title='bbox 2713 725 2859 792; x_wconf 74' lang='grc' dir='ltr'><strong>αὐτῷ</strong></span> <span class='ocrx_word' id='word_1_142' title='bbox 2888 727 3149 794; x_wconf 84' lang='grc' dir='ltr'>παρέχειν</span> <span class='ocrx_word' id='word_1_143' title='bbox 3179 727 3278 794; x_wconf 82' lang='grc' dir='ltr'>τὴν</span> <span class='ocrx_word' id='word_1_144' title='bbox 3303 727 3500 794; x_wconf 81' lang='grc' dir='ltr'>ἀρχὴν,</span> <span class='ocrx_word' id='word_1_145' title='bbox 3527 730 3583 778; x_wconf 86' lang='grc' dir='ltr'><strong>τί</strong></span> <span class='ocrx_word' id='word_1_146' title='bbox 3627 726 3757 778; x_wconf 76' lang='grc' dir='ltr'>ἄλλο</span> <span class='ocrx_word' id='word_1_147' title='bbox 3798 721 3937 777; x_wconf 81' lang='grc' dir='ltr'>εἶναι</span> 
     </span>
    </p>
   </div>
   <div class='ocr_carea' id='block_1_23' title="bbox 2367 810 3937 885">
    <p class='ocr_par' dir='ltr' id='par_1_23' title="bbox 2367 810 3937 885">
     <span class='ocr_line' id='line_1_23' title="bbox 2367 810 3937 885; baseline 0.003 -21"><span class='ocrx_word' id='word_1_148' title='bbox 2367 811 2399 879; x_wconf 78' lang='grc' dir='ltr'>ἢ</span> <span class='ocrx_word' id='word_1_149' title='bbox 2434 810 2658 879; x_wconf 71' lang='grc' dir='ltr'>βασιλέα</span> <span class='ocrx_word' id='word_1_150' title='bbox 2693 817 2789 866; x_wconf 71' lang='grc' dir='ltr'>καὶ</span> <span class='ocrx_word' id='word_1_151' title='bbox 2836 816 2998 868; x_wconf 73' lang='grc' dir='ltr'>αὐτὸν</span> <span class='ocrx_word' id='word_1_152' title='bbox 3032 820 3089 867; x_wconf 79' lang='grc' dir='ltr'><strong>ἐν</strong></span> <span class='ocrx_word' id='word_1_153' title='bbox 3140 817 3295 883; x_wconf 81' lang='grc' dir='ltr'><strong>μέρει</strong></span> <span class='ocrx_word' id='word_1_154' title='bbox 3330 812 3494 868; x_wconf 81' lang='grc' dir='ltr'>εἶναι.</span> <span class='ocrx_word' id='word_1_155' title='bbox 3547 816 3832 885; x_wconf 79' lang='grc' dir='ltr'>Παρῄνουν</span> <span class='ocrx_word' id='word_1_156' title='bbox 3877 833 3937 868; x_wconf 76' lang='grc' dir='ltr'><strong>τε</strong></span> 
     </span>
    </p>
   </div>
   <div class='ocr_carea' id='block_1_24' title="bbox 2370 900 3940 971">
    <p class='ocr_par' dir='ltr' id='par_1_24' title="bbox 2370 900 3940 971">
     <span class='ocr_line' id='line_1_24' title="bbox 2370 900 3940 971; baseline 0.003 -19"><span class='ocrx_word' id='word_1_157' title='bbox 2370 900 2444 971; x_wconf 86' lang='grc' dir='ltr'><strong>μὴ</strong></span> <span class='ocrx_word' id='word_1_158' title='bbox 2474 902 2565 953; x_wconf 74' lang='grc' dir='ltr'>τὸν</span> <span class='ocrx_word' id='word_1_159' title='bbox 2593 903 3001 971; x_wconf 75' lang='grc' dir='ltr'>ἀνταγωνιστὴν</span> <span class='ocrx_word' id='word_1_160' title='bbox 3047 908 3141 971; x_wconf 72' lang='grc' dir='ltr'>ὲᾷν</span> <span class='ocrx_word' id='word_1_161' title='bbox 3168 906 3516 968; x_wconf 69' lang='grc' dir='ltr'>αὐξάνεσθαι,</span> <span class='ocrx_word' id='word_1_162' title='bbox 3550 907 3687 959; x_wconf 77' lang='grc' dir='ltr'><strong>ἀλλά</strong></span> <span class='ocrx_word' id='word_1_163' title='bbox 3743 906 3940 958; x_wconf 79' lang='grc' dir='ltr'>καθαι-</span> 
     </span>
    </p>
   </div>
   <div class='ocr_carea' id='block_1_25' title="bbox 2370 990 3937 1063">
    <p class='ocr_par' dir='ltr' id='par_1_25' title="bbox 2370 990 3937 1063">
     <span class='ocr_line' id='line_1_25' title="bbox 2370 990 3937 1063; baseline 0.004 -23"><span class='ocrx_word' id='word_1_164' title='bbox 2370 993 2485 1055; x_wconf 72' lang='grc' dir='ltr'>ρεῖν</span> <span class='ocrx_word' id='word_1_165' title='bbox 2537 990 2695 1053; x_wconf 71' lang='grc' dir='ltr'>εὐθὺς</span> <span class='ocrx_word' id='word_1_166' title='bbox 2726 992 2984 1060; x_wconf 76' lang='grc' dir='ltr'>ὲξιρχῆς.</span> <span class='ocrx_word' id='word_1_167' title='bbox 3045 991 3138 1056; x_wconf 78' lang='grc' dir='ltr'><strong>Οἷς</strong></span> <span class='ocrx_word' id='word_1_168' title='bbox 3192 994 3530 1061; x_wconf 77' lang='grc' dir='ltr'><strong>πειθόμενος,</strong></span> <span class='ocrx_word' id='word_1_169' title='bbox 3566 996 3817 1063; x_wconf 72' lang='grc' dir='ltr'>φανερῶς</span> <span class='ocrx_word' id='word_1_170' title='bbox 3854 995 3937 1058; x_wconf 70' lang='grc' dir='ltr'><strong>ἐξ·</strong></span> 
     </span>
    </p>
   </div>
   <div class='ocr_carea' id='block_1_26' title="bbox 2370 1079 3938 1152">
    <p class='ocr_par' dir='ltr' id='par_1_26' title="bbox 2370 1079 3938 1152">
     <span class='ocr_line' id='line_1_26' title="bbox 2370 1079 3938 1152; baseline 0.004 -23"><span class='ocrx_word' id='word_1_171' title='bbox 2370 1080 2566 1147; x_wconf 84' lang='grc' dir='ltr'>ήνεγκε</span> <span class='ocrx_word' id='word_1_172' title='bbox 2594 1082 2683 1131; x_wconf 75' lang='grc' dir='ltr'>τὸν</span> <span class='ocrx_word' id='word_1_173' title='bbox 2702 1081 2953 1149; x_wconf 68' lang='grc' dir='ltr'>πόλεμον,</span> <span class='ocrx_word' id='word_1_174' title='bbox 2982 1083 3176 1135; x_wconf 66' lang='grc' dir='ltr'>αὐτίκα</span> <span class='ocrx_word' id='word_1_175' title='bbox 3201 1086 3308 1152; x_wconf 78' lang='grc' dir='ltr'><strong>γὰρ</strong></span> <span class='ocrx_word' id='word_1_176' title='bbox 3331 1084 3427 1150; x_wconf 86' lang='grc' dir='ltr'><strong>ὅση</strong></span> <span class='ocrx_word' id='word_1_177' title='bbox 3450 1079 3539 1149; x_wconf 74' lang='grc' dir='ltr'><strong>ἦν,</strong></span> <span class='ocrx_word' id='word_1_178' title='bbox 3576 1086 3692 1145; x_wconf 82' lang='grc' dir='ltr'>ταῖς</span> <span class='ocrx_word' id='word_1_179' title='bbox 3718 1087 3938 1136; x_wconf 76' lang='grc' dir='ltr'>πόλεσιν</span> 
     </span>
    </p>
   </div>
   <div class='ocr_carea' id='block_1_27' title="bbox 2369 1162 3937 1241">
    <p class='ocr_par' dir='ltr' id='par_1_27' title="bbox 2369 1162 3937 1241">
     <span class='ocr_line' id='line_1_27' title="bbox 2369 1162 3937 1241; baseline 0.004 -22"><span class='ocrx_word' id='word_1_180' title='bbox 2369 1162 2442 1219; x_wconf 81' lang='grc' dir='ltr'>ὧν</span> <span class='ocrx_word' id='word_1_181' title='bbox 2472 1162 2607 1237; x_wconf 82' lang='grc' dir='ltr'>ἦρχε</span> <span class='ocrx_word' id='word_1_182' title='bbox 2636 1169 2896 1237; x_wconf 84' lang='grc' dir='ltr'>στρατιὰν</span> <span class='ocrx_word' id='word_1_183' title='bbox 2934 1172 3325 1239; x_wconf 74' lang='grc' dir='ltr'>συνηθροοκὼς,</span> <span class='ocrx_word' id='word_1_184' title='bbox 3366 1175 3771 1241; x_wconf 69' lang='grc' dir='ltr'>ἐπεστράτευσε</span> <span class='ocrx_word' id='word_1_185' title='bbox 3816 1179 3937 1238; x_wconf 87' lang='grc' dir='ltr'>ταῖς</span> 
     </span>
    </p>
   </div>
   <div class='ocr_carea' id='block_1_28' title="bbox 2371 1258 3938 1334">
    <p class='ocr_par' dir='ltr' id='par_1_28' title="bbox 2371 1258 3938 1334">
     <span class='ocr_line' id='line_1_28' title="bbox 2371 1258 3938 1334; baseline 0.006 -25"><span class='ocrx_word' id='word_1_186' title='bbox 2371 1258 2557 1309; x_wconf 80' lang='grc' dir='ltr'>πόλεσι</span> <span class='ocrx_word' id='word_1_187' title='bbox 2592 1262 2709 1320; x_wconf 86' lang='grc' dir='ltr'>ταῖς</span> <span class='ocrx_word' id='word_1_188' title='bbox 2738 1259 2961 1326; x_wconf 79' lang='grc' dir='ltr'>βασιλεῖ</span> <span class='ocrx_word' id='word_1_189' title='bbox 2993 1262 3070 1329; x_wconf 81' lang='grc' dir='ltr'>τῷ</span> <span class='ocrx_word' id='word_1_190' title='bbox 3117 1263 3354 1332; x_wconf 70' lang='grc' dir='ltr'>κηδεστῇ</span> <span class='ocrx_word' id='word_1_191' title='bbox 3400 1265 3810 1334; x_wconf 62' lang='grc' dir='ltr'>ὑποκειμέναις,</span> <span class='ocrx_word' id='word_1_192' title='bbox 3845 1270 3938 1318; x_wconf 71' lang='grc' dir='ltr'><strong>καὶ</strong></span> 
     </span>
    </p>
   </div>
   <div class='ocr_carea' id='block_1_29' title="bbox 2371 1349 3938 1425">
    <p class='ocr_par' dir='ltr' id='par_1_29' title="bbox 2371 1349 3938 1425">
     <span class='ocr_line' id='line_1_29' title="bbox 2371 1349 3938 1425; baseline 0.006 -25"><span class='ocrx_word' id='word_1_193' title='bbox 2371 1349 2743 1419; x_wconf 76' lang='grc' dir='ltr'>ὑπεποιήσατο</span> <span class='ocrx_word' id='word_1_194' title='bbox 2766 1353 2864 1403; x_wconf 77' lang='grc' dir='ltr'><strong>οὐκ</strong></span> <span class='ocrx_word' id='word_1_195' title='bbox 2887 1353 3097 1419; x_wconf 81' lang='grc' dir='ltr'>ὀλίγας,</span> <span class='ocrx_word' id='word_1_196' title='bbox 3124 1356 3341 1407; x_wconf 79' lang='grc' dir='ltr'>πάντων</span> <span class='ocrx_word' id='word_1_197' title='bbox 3366 1357 3662 1424; x_wconf 78' lang='grc' dir='ltr'>προῡὺμως</span> <span class='ocrx_word' id='word_1_198' title='bbox 3684 1374 3938 1425; x_wconf 83' lang='grc' dir='ltr'>προσχω-</span> 
     </span>
    </p>
   </div>
   <div class='ocr_carea' id='block_1_30' title="bbox 2372 1440 3940 1515">
    <p class='ocr_par' dir='ltr' id='par_1_30' title="bbox 2372 1440 3940 1515">
     <span class='ocr_line' id='line_1_30' title="bbox 2372 1440 3940 1515; baseline 0.005 -23"><span class='ocrx_word' id='word_1_199' title='bbox 2372 1440 2629 1507; x_wconf 73' lang='grc' dir='ltr'>ρούντων,</span> <span class='ocrx_word' id='word_1_200' title='bbox 2664 1442 2756 1493; x_wconf 70' lang='grc' dir='ltr'>καὶ</span> <span class='ocrx_word' id='word_1_201' title='bbox 2795 1442 2930 1504; x_wconf 60' lang='grc' dir='ltr'>πρὸς</span> <span class='ocrx_word' id='word_1_202' title='bbox 2982 1446 3082 1514; x_wconf 78' lang='grc' dir='ltr'><strong>τὴν</strong></span> <span class='ocrx_word' id='word_1_203' title='bbox 3124 1446 3429 1515; x_wconf 74' lang='grc' dir='ltr'>μεταϐολὴν</span> <span class='ocrx_word' id='word_1_204' title='bbox 3484 1449 3649 1513; x_wconf 75' lang='grc' dir='ltr'>ἡδέως</span> <span class='ocrx_word' id='word_1_205' title='bbox 3704 1449 3940 1500; x_wconf 76' lang='grc' dir='ltr'>διατιθε-</span> 
     </span>
    </p>
   </div>
   <div class='ocr_carea' id='block_1_31' title="bbox 2374 1531 3941 1608">
    <p class='ocr_par' dir='ltr' id='par_1_31' title="bbox 2374 1531 3941 1608">
     <span class='ocr_line' id='line_1_31' title="bbox 2374 1531 3941 1608; baseline 0.006 -27"><span class='ocrx_word' id='word_1_206' title='bbox 2374 1531 2575 1598; x_wconf 79' lang='grc' dir='ltr'>μένων.</span> <span class='ocrx_word' id='word_1_207' title='bbox 2625 1534 2781 1585; x_wconf 80' lang='grc' dir='ltr'>Μετά</span> <span class='ocrx_word' id='word_1_208' title='bbox 2835 1534 2991 1586; x_wconf 75' lang='grc' dir='ltr'>τοῦτο</span> <span class='ocrx_word' id='word_1_209' title='bbox 3050 1536 3105 1586; x_wconf 72' lang='grc' dir='ltr'>δὲ</span> <span class='ocrx_word' id='word_1_210' title='bbox 3161 1538 3254 1588; x_wconf 75' lang='grc' dir='ltr'><strong>καὶ</strong></span> <span class='ocrx_word' id='word_1_211' title='bbox 3291 1539 3610 1603; x_wconf 71' lang='grc' dir='ltr'><strong>συμμαχίαν</strong></span> <span class='ocrx_word' id='word_1_212' title='bbox 3658 1541 3941 1608; x_wconf 76' lang='grc' dir='ltr'>Περσικὴν</span> 
     </span>
    </p>
   </div>
   <div class='ocr_carea' id='block_1_32' title="bbox 2375 1623 3942 1697">
    <p class='ocr_par' dir='ltr' id='par_1_32' title="bbox 2375 1623 3942 1697">
     <span class='ocr_line' id='line_1_32' title="bbox 2375 1623 3942 1697; baseline 0.006 -26"><span class='ocrx_word' id='word_1_213' title='bbox 2375 1623 2869 1690; x_wconf 64' lang='grc' dir='ltr'>μεταπεμψάμενος</span> <span class='ocrx_word' id='word_1_214' title='bbox 2893 1626 3011 1676; x_wconf 80' lang='grc' dir='ltr'>τότε</span> <span class='ocrx_word' id='word_1_215' title='bbox 3038 1626 3253 1693; x_wconf 77' lang='grc' dir='ltr'>πρῶτον</span> <span class='ocrx_word' id='word_1_216' title='bbox 3280 1628 3539 1697; x_wconf 73' lang='grc' dir='ltr'>φρούριόν</span> <span class='ocrx_word' id='word_1_217' title='bbox 3570 1646 3619 1679; x_wconf 91' lang='grc' dir='ltr'><strong>τι</strong></span> <span class='ocrx_word' id='word_1_218' title='bbox 3661 1633 3802 1681; x_wconf 86' lang='grc' dir='ltr'>κατά</span> <span class='ocrx_word' id='word_1_219' title='bbox 3839 1631 3942 1697; x_wconf 71' lang='grc' dir='ltr'><strong>τὴν</strong></span> 
     </span>
    </p>
   </div>
   <div class='ocr_carea' id='block_1_33' title="bbox 2373 1710 3942 1789">
    <p class='ocr_par' dir='ltr' id='par_1_33' title="bbox 2373 1710 3942 1789">
     <span class='ocr_line' id='line_1_33' title="bbox 2373 1710 3942 1789; baseline 0.01 -30"><span class='ocrx_word' id='word_1_220' title='bbox 2373 1710 2594 1780; x_wconf 74' lang='grc' dir='ltr'>Θρᾴκην</span> <span class='ocrx_word' id='word_1_221' title='bbox 2648 1714 2918 1782; x_wconf 72' lang='grc' dir='ltr'>Τζύμπην</span> <span class='ocrx_word' id='word_1_222' title='bbox 2965 1718 3345 1785; x_wconf 67' lang='grc' dir='ltr'><strong>κατασχόντων</strong></span> <span class='ocrx_word' id='word_1_223' title='bbox 3398 1722 3942 1789; x_wconf 77' lang='grc' dir='ltr'><strong>προσαγορευόμενον</strong></span> 
     </span>
    </p>
   </div>
   <div class='ocr_carea' id='block_1_34' title="bbox 715 1783 2381 1881">
    <p class='ocr_par' dir='ltr' id='par_1_34' title="bbox 715 1783 2381 1880">
     <span class='ocr_line' id='line_1_34' title="bbox 715 1783 2381 1880; baseline 0.001 -19"><span class='ocrx_word' id='word_1_224' title='bbox 715 1812 799 1878; x_wconf 76' lang='lat' dir='ltr'><strong>gis</strong></span> <span class='ocrx_word' id='word_1_225' title='bbox 826 1827 936 1864; x_wconf 78' lang='lat' dir='ltr'><strong>sua:</strong></span> <span class='ocrx_word' id='word_1_226' title='bbox 968 1812 1188 1865; x_wconf 81' lang='lat' dir='ltr'><strong>fratrem</strong></span> <span class='ocrx_word' id='word_1_227' title='bbox 1222 1828 1444 1880; x_wconf 81' lang='lat' dir='ltr'><strong>prorsus</strong></span> <span class='ocrx_word' id='word_1_228' title='bbox 1480 1813 1750 1864; x_wconf 80' lang='lat' dir='ltr'><strong>insontem</strong></span> <span class='ocrx_word' id='word_1_229' title='bbox 1788 1813 1957 1865; x_wconf 81' lang='lat' dir='ltr'><strong>movit</strong></span> <span class='ocrx_word' id='word_1_230' title='bbox 1989 1830 2001 1865; x_wconf 92' lang='lat'>:</span> <span class='ocrx_word' id='word_1_231' title='bbox 2033 1828 2094 1865; x_wconf 85' lang='lat' dir='ltr'><strong>ac</strong></span> <span class='ocrx_word' id='word_1_232' title='bbox 2120 1812 2271 1879; x_wconf 86' lang='lat' dir='ltr'><strong>prius</strong></span> <span class='ocrx_word' id='word_1_233' title='bbox 2303 1783 2345 1838; x_wconf 74' lang='grc' dir='ltr'><strong><em>Β</em></strong></span> <span class='ocrx_word' id='word_1_234' title='bbox 2376 1819 2381 1832; x_wconf 87' lang='grc'><em>⁴</em></span> 
     </span>
    </p>
   </div>
   <div class='ocr_carea' id='block_1_35' title="bbox 2277 1783 3943 1881">
    <p class='ocr_par' dir='ltr' id='par_1_35' title="bbox 2303 1783 3943 1881">
     <span class='ocr_line' id='line_1_35' title="bbox 2303 1783 3943 1881; baseline 0.009 -31"><span class='ocrx_word' id='word_1_235' title='bbox 2303 1783 2345 1838; x_wconf 76' lang='grc' dir='ltr'><strong><em>Β</em></strong></span> <span class='ocrx_word' id='word_1_236' title='bbox 2376 1800 2453 1869; x_wconf 76' lang='grc' dir='ltr'>τῷ</span> <span class='ocrx_word' id='word_1_237' title='bbox 2480 1802 2737 1869; x_wconf 73' lang='grc' dir='ltr'>γυναικὸς</span> <span class='ocrx_word' id='word_1_238' title='bbox 2771 1783 3205 1871; x_wconf 69' lang='grc' dir='ltr'><strong>ἐπεστράτευσεν</strong></span> <span class='ocrx_word' id='word_1_239' title='bbox 3239 1783 3455 1877; x_wconf 60' lang='grc' dir='ltr'>ἀδελφιῖι</span> <span class='ocrx_word' id='word_1_240' title='bbox 3499 1783 3790 1879; x_wconf 40' lang='grc' dir='ltr'>μηδεμίαν-</span> <span class='ocrx_word' id='word_1_241' title='bbox 3809 1813 3943 1881; x_wconf 82' lang='grc' dir='ltr'>πρό-</span> 
     </span>
    </p>
   </div>
   <div class='ocr_carea' id='block_1_36' title="bbox 720 1902 2271 1972">
    <p class='ocr_par' dir='ltr' id='par_1_36' title="bbox 720 1902 2271 1972">
     <span class='ocr_line' id='line_1_36' title="bbox 720 1902 2271 1972; baseline 0.001 -20"><span class='ocrx_word' id='word_1_242' title='bbox 720 1904 883 1956; x_wconf 85' lang='lat' dir='ltr'><strong>nrbes</strong></span> <span class='ocrx_word' id='word_1_243' title='bbox 923 1904 1041 1972; x_wconf 85' lang='lat' dir='ltr'><strong>ejus</strong></span> <span class='ocrx_word' id='word_1_244' title='bbox 1099 1920 1205 1956; x_wconf 90' lang='lat' dir='ltr'><strong>non</strong></span> <span class='ocrx_word' id='word_1_245' title='bbox 1238 1903 1408 1957; x_wconf 85' lang='lat' dir='ltr'><strong>invite</strong></span> <span class='ocrx_word' id='word_1_246' title='bbox 1467 1919 1524 1957; x_wconf 87' lang='lat' dir='ltr'><strong>se</strong></span> <span class='ocrx_word' id='word_1_247' title='bbox 1568 1902 1869 1965; x_wconf 87' lang='lat' dir='ltr'><strong>dedentes.</strong></span> <span class='ocrx_word' id='word_1_248' title='bbox 1921 1905 2085 1971; x_wconf 90' lang='lat' dir='ltr'><strong>cepit.</strong></span> <span class='ocrx_word' id='word_1_249' title='bbox 2132 1904 2271 1955; x_wconf 92' lang='lat' dir='ltr'><strong>&#39;l‘nm</strong></span> 
     </span>
    </p>
   </div>
   <div class='ocr_carea' id='block_1_37' title="bbox 718 1991 2275 2060">
    <p class='ocr_par' dir='ltr' id='par_1_37' title="bbox 718 1991 2275 2060">
     <span class='ocr_line' id='line_1_37' title="bbox 718 1991 2275 2060; baseline -0.001 -17"><span class='ocrx_word' id='word_1_250' title='bbox 718 1992 1124 2059; x_wconf 76' lang='lat' dir='ltr'><strong>Adrianupolim</strong></span> <span class='ocrx_word' id='word_1_251' title='bbox 1152 1992 1391 2046; x_wconf 78' lang='lat' dir='ltr'><strong>venienti</strong></span> <span class='ocrx_word' id='word_1_252' title='bbox 1415 2007 1604 2045; x_wconf 88' lang='lat' dir='ltr'><strong>omnes</strong></span> <span class='ocrx_word' id='word_1_253' title='bbox 1639 2002 1806 2060; x_wconf 70' lang='lat' dir='ltr'><strong>portae</strong></span> <span class='ocrx_word' id='word_1_254' title='bbox 1835 2006 1863 2044; x_wconf 87' lang='lat' dir='ltr'><strong>a</strong></span> <span class='ocrx_word' id='word_1_255' title='bbox 1894 1991 2091 2059; x_wconf 88' lang='lat' dir='ltr'><strong>populo</strong></span> <span class='ocrx_word' id='word_1_256' title='bbox 2119 2005 2275 2059; x_wconf 90' lang='lat' dir='ltr'><strong>aper-</strong></span> 
     </span>
    </p>
   </div>
   <div class='ocr_carea' id='block_1_38' title="bbox 719 2081 2273 2149">
    <p class='ocr_par' dir='ltr' id='par_1_38' title="bbox 719 2081 2273 2149">
     <span class='ocr_line' id='line_1_38' title="bbox 719 2081 2273 2149; baseline 0.001 -18"><span class='ocrx_word' id='word_1_257' title='bbox 719 2091 784 2132; x_wconf 73' lang='lat' dir='ltr'><strong>tu:</strong></span> <span class='ocrx_word' id='word_1_258' title='bbox 843 2090 988 2134; x_wconf 89' lang='lat' dir='ltr'><strong>sunt.</strong></span> <span class='ocrx_word' id='word_1_259' title='bbox 1021 2082 1306 2135; x_wconf 67' lang='lat' dir='ltr'><strong>Matthmus</strong></span> <span class='ocrx_word' id='word_1_260' title='bbox 1356 2081 1722 2149; x_wconf 85' lang='lat' dir='ltr'><strong>Nicephorum</strong></span> <span class='ocrx_word' id='word_1_261' title='bbox 1754 2082 2273 2145; x_wconf 85' lang='lat' dir='ltr'><strong>sebastocratorem,</strong></span> 
     </span>
    </p>
   </div>
   <div class='ocr_carea' id='block_1_39' title="bbox 715 2170 2272 2239">
    <p class='ocr_par' dir='ltr' id='par_1_39' title="bbox 715 2170 2272 2239">
     <span class='ocr_line' id='line_1_39' title="bbox 715 2170 2272 2239; baseline 0 -16"><span class='ocrx_word' id='word_1_262' title='bbox 715 2171 1154 2225; x_wconf 81' lang='lat' dir='ltr'><strong>Cantaeuzenum</strong></span> <span class='ocrx_word' id='word_1_263' title='bbox 1186 2182 1457 2239; x_wconf 88' lang='lat' dir='ltr'><strong>patruum,</strong></span> <span class='ocrx_word' id='word_1_264' title='bbox 1489 2181 1545 2225; x_wconf 88' lang='lat' dir='ltr'><strong>et</strong></span> <span class='ocrx_word' id='word_1_265' title='bbox 1575 2173 1711 2225; x_wconf 84' lang='lat' dir='ltr'><strong>alios</strong></span> <span class='ocrx_word' id='word_1_266' title='bbox 1738 2171 2003 2239; x_wconf 85' lang='lat' dir='ltr'><strong>quosdam</strong></span> <span class='ocrx_word' id='word_1_267' title='bbox 2034 2170 2272 2239; x_wconf 84' lang='lat' dir='ltr'><strong>optima-</strong></span> 
     </span>
    </p>
   </div>
   <div class='ocr_carea' id='block_1_40' title="bbox 719 2262 2270 2331">
    <p class='ocr_par' dir='ltr' id='par_1_40' title="bbox 719 2262 2270 2331">
     <span class='ocr_line' id='line_1_40' title="bbox 719 2262 2270 2331; baseline 0.001 -20"><span class='ocrx_word' id='word_1_268' title='bbox 719 2269 799 2313; x_wconf 84' lang='lat' dir='ltr'><strong>tes</strong></span> <span class='ocrx_word' id='word_1_269' title='bbox 827 2276 1009 2314; x_wconf 81' lang='lat' dir='ltr'><strong>secum</strong></span> <span class='ocrx_word' id='word_1_270' title='bbox 1061 2262 1268 2315; x_wconf 90' lang='lat' dir='ltr'><strong>habens</strong></span> <span class='ocrx_word' id='word_1_271' title='bbox 1288 2302 1303 2321; x_wconf 81' lang='lat'><strong>.</strong></span> <span class='ocrx_word' id='word_1_272' title='bbox 1335 2277 1515 2316; x_wconf 78' lang='lat' dir='ltr'><strong>ari-em</strong></span> <span class='ocrx_word' id='word_1_273' title='bbox 1535 2303 1550 2326; x_wconf 93' lang='lat'><strong>,</strong></span> <span class='ocrx_word' id='word_1_274' title='bbox 1595 2263 1681 2316; x_wconf 87' lang='lat' dir='ltr'><strong>eui</strong></span> <span class='ocrx_word' id='word_1_275' title='bbox 1712 2262 1865 2331; x_wconf 84' lang='lat' dir='ltr'><strong>prius</strong></span> <span class='ocrx_word' id='word_1_276' title='bbox 1910 2270 2270 2315; x_wconf 84' lang='lat' dir='ltr'><strong>commeatum</strong></span> 
     </span>
    </p>
   </div>
   <div class='ocr_carea' id='block_1_41' title="bbox 719 2351 2273 2421">
    <p class='ocr_par' dir='ltr' id='par_1_41' title="bbox 719 2351 2273 2421">
     <span class='ocr_line' id='line_1_41' title="bbox 719 2351 2273 2421; baseline 0.002 -19"><span class='ocrx_word' id='word_1_277' title='bbox 719 2351 1090 2417; x_wconf 85' lang='lat' dir='ltr'><strong>imposuerat,</strong></span> <span class='ocrx_word' id='word_1_278' title='bbox 1126 2367 1437 2421; x_wconf 87' lang='lat' dir='ltr'><strong>quamque,</strong></span> <span class='ocrx_word' id='word_1_279' title='bbox 1496 2362 1554 2405; x_wconf 85' lang='lat' dir='ltr'><strong>ut</strong></span> <span class='ocrx_word' id='word_1_280' title='bbox 1604 2352 1796 2416; x_wconf 81' lang='lat' dir='ltr'><strong>licuit,</strong></span> <span class='ocrx_word' id='word_1_281' title='bbox 1862 2351 2273 2421; x_wconf 79' lang='lat' dir='ltr'><strong>diligentissime</strong></span> 
     </span>
    </p>
   </div>
   <div class='ocr_carea' id='block_1_42' title="bbox 717 2441 2275 2510">
    <p class='ocr_par' dir='ltr' id='par_1_42' title="bbox 717 2441 2275 2510">
     <span class='ocr_line' id='line_1_42' title="bbox 717 2441 2275 2510; baseline 0.001 -19"><span class='ocrx_word' id='word_1_282' title='bbox 717 2444 1171 2496; x_wconf 74' lang='lat' dir='ltr'><strong>eunnnunirerat.</strong></span> <span class='ocrx_word' id='word_1_283' title='bbox 1215 2443 1449 2504; x_wconf 80' lang='lat' dir='ltr'><strong>insedit,</strong></span> <span class='ocrx_word' id='word_1_284' title='bbox 1486 2444 1759 2510; x_wconf 86' lang='lat' dir='ltr'><strong>missoque</strong></span> <span class='ocrx_word' id='word_1_285' title='bbox 1792 2441 1858 2495; x_wconf 89' lang='lat' dir='ltr'><strong>ad</strong></span> <span class='ocrx_word' id='word_1_286' title='bbox 1892 2451 2100 2508; x_wconf 85' lang='lat' dir='ltr'><strong>patrem</strong></span> <span class='ocrx_word' id='word_1_287' title='bbox 2134 2457 2275 2493; x_wconf 78' lang='lat' dir='ltr'><strong>nun-</strong></span> 
     </span>
    </p>
   </div>
   <div class='ocr_carea' id='block_1_43' title="bbox 723 2530 2273 2601">
    <p class='ocr_par' dir='ltr' id='par_1_43' title="bbox 723 2530 2273 2601">
     <span class='ocr_line' id='line_1_43' title="bbox 723 2530 2273 2601; baseline 0.003 -22"><span class='ocrx_word' id='word_1_288' title='bbox 723 2531 817 2591; x_wconf 86' lang='lat' dir='ltr'><strong>tio,</strong></span> <span class='ocrx_word' id='word_1_289' title='bbox 850 2548 907 2582; x_wconf 87' lang='lat' dir='ltr'><strong>se</strong></span> <span class='ocrx_word' id='word_1_290' title='bbox 937 2548 965 2584; x_wconf 91' lang='lat' dir='ltr'><strong>a</strong></span> <span class='ocrx_word' id='word_1_291' title='bbox 998 2548 1198 2600; x_wconf 78' lang='lat' dir='ltr'><strong>genero</strong></span> <span class='ocrx_word' id='word_1_292' title='bbox 1250 2533 1420 2601; x_wconf 78' lang='lat' dir='ltr'><strong>ipsius</strong></span> <span class='ocrx_word' id='word_1_293' title='bbox 1454 2531 1741 2585; x_wconf 87' lang='lat' dir='ltr'><strong>obsidione</strong></span> <span class='ocrx_word' id='word_1_294' title='bbox 1784 2531 1968 2584; x_wconf 87' lang='lat' dir='ltr'><strong>vallari</strong></span> <span class='ocrx_word' id='word_1_295' title='bbox 2000 2530 2273 2600; x_wconf 78' lang='lat' dir='ltr'><strong>signiﬁca-</strong></span> 
     </span>
    </p>
   </div>
   <div class='ocr_carea' id='block_1_44' title="bbox 720 2620 2274 2690">
    <p class='ocr_par' dir='ltr' id='par_1_44' title="bbox 720 2620 2274 2690">
     <span class='ocr_line' id='line_1_44' title="bbox 720 2620 2274 2690; baseline 0.002 -19"><span class='ocrx_word' id='word_1_296' title='bbox 720 2621 814 2673; x_wconf 57' lang='lat' dir='ltr'><strong>\‘it.</strong></span> <span class='ocrx_word' id='word_1_297' title='bbox 878 2621 1181 2690; x_wconf 83' lang='lat' dir='ltr'><strong>imperator</strong></span> <span class='ocrx_word' id='word_1_298' title='bbox 1232 2632 1412 2675; x_wconf 84' lang='lat' dir='ltr'><strong>autent</strong></span> <span class='ocrx_word' id='word_1_299' title='bbox 1473 2623 1803 2689; x_wconf 67' lang='lat' dir='ltr'><strong>Palaeologus</strong></span> <span class='ocrx_word' id='word_1_300' title='bbox 1860 2637 1979 2675; x_wconf 89' lang='lat' dir='ltr'><strong>eam</strong></span> <span class='ocrx_word' id='word_1_301' title='bbox 2026 2620 2274 2690; x_wconf 86' lang='lat' dir='ltr'><strong>quotidie</strong></span> 
     </span>
    </p>
   </div>
   <div class='ocr_carea' id='block_1_45' title="bbox 719 2710 2275 2779">
    <p class='ocr_par' dir='ltr' id='par_1_45' title="bbox 719 2710 2275 2779">
     <span class='ocr_line' id='line_1_45' title="bbox 719 2710 2275 2779; baseline 0.001 -18"><span class='ocrx_word' id='word_1_302' title='bbox 719 2726 929 2762; x_wconf 74' lang='lat' dir='ltr'><strong>summa</strong></span> <span class='ocrx_word' id='word_1_303' title='bbox 963 2726 1084 2778; x_wconf 75' lang='lat' dir='ltr'><strong>ape,</strong></span> <span class='ocrx_word' id='word_1_304' title='bbox 1124 2711 1550 2764; x_wconf 86' lang='lat' dir='ltr'><strong>succedentibus</strong></span> <span class='ocrx_word' id='word_1_305' title='bbox 1604 2711 1835 2764; x_wconf 73' lang='lat' dir='ltr'><strong>invicem</strong></span> <span class='ocrx_word' id='word_1_306' title='bbox 1873 2710 2138 2764; x_wconf 89' lang='lat' dir='ltr'><strong>militibus</strong></span> <span class='ocrx_word' id='word_1_307' title='bbox 2177 2725 2275 2779; x_wconf 87' lang='lat' dir='ltr'><strong>op-</strong></span> 
     </span>
    </p>
   </div>
   <div class='ocr_carea' id='block_1_46' title="bbox 722 2799 2278 2870">
    <p class='ocr_par' dir='ltr' id='par_1_46' title="bbox 722 2799 2278 2870">
     <span class='ocr_line' id='line_1_46' title="bbox 722 2799 2278 2870; baseline 0.003 -21"><span class='ocrx_word' id='word_1_308' title='bbox 722 2803 1017 2868; x_wconf 84' lang='lat' dir='ltr'><strong>pugnabat.</strong></span> <span class='ocrx_word' id='word_1_309' title='bbox 1057 2799 1365 2854; x_wconf 78' lang='lat' dir='ltr'><strong>Maturabat</strong></span> <span class='ocrx_word' id='word_1_310' title='bbox 1395 2801 1564 2862; x_wconf 87' lang='lat' dir='ltr'><strong>enim,</strong></span> <span class='ocrx_word' id='word_1_311' title='bbox 1598 2802 1914 2870; x_wconf 77' lang='lat' dir='ltr'><strong>priusquam</strong></span> <span class='ocrx_word' id='word_1_312' title='bbox 1940 2815 2096 2853; x_wconf 82' lang='lat' dir='ltr'><strong>socer</strong></span> <span class='ocrx_word' id='word_1_313' title='bbox 2127 2799 2278 2853; x_wconf 76' lang='lat' dir='ltr'><strong>reni-</strong></span> 
     </span>
    </p>
   </div>
   <div class='ocr_carea' id='block_1_47' title="bbox 721 2887 2277 2959">
    <p class='ocr_par' dir='ltr' id='par_1_47' title="bbox 721 2887 2277 2959">
     <span class='ocr_line' id='line_1_47' title="bbox 721 2887 2277 2959; baseline -0.001 -19"><span class='ocrx_word' id='word_1_314' title='bbox 721 2898 831 2947; x_wconf 86' lang='lat' dir='ltr'><strong>ret.</strong></span> <span class='ocrx_word' id='word_1_315' title='bbox 880 2904 999 2941; x_wconf 89' lang='lat' dir='ltr'><strong>eam</strong></span> <span class='ocrx_word' id='word_1_316' title='bbox 1050 2890 1324 2959; x_wconf 81' lang='lat' dir='ltr'><strong>subigere.</strong></span> <span class='ocrx_word' id='word_1_317' title='bbox 1361 2889 1744 2941; x_wconf 79' lang='lat' dir='ltr'><strong>Verumtamen</strong></span> <span class='ocrx_word' id='word_1_318' title='bbox 1788 2888 1884 2956; x_wconf 89' lang='lat' dir='ltr'><strong>qui</strong></span> <span class='ocrx_word' id='word_1_319' title='bbox 1938 2887 2085 2940; x_wconf 81' lang='lat' dir='ltr'><strong>intus</strong></span> <span class='ocrx_word' id='word_1_320' title='bbox 2115 2894 2277 2939; x_wconf 85' lang='lat' dir='ltr'><strong>erant</strong></span> 
     </span>
    </p>
   </div>
   <div class='ocr_carea' id='block_1_48' title="bbox 724 2976 2275 3049">
    <p class='ocr_par' dir='ltr' id='par_1_48' title="bbox 724 2976 2275 3049">
     <span class='ocr_line' id='line_1_48' title="bbox 724 2976 2275 3049; baseline -0.001 -17"><span class='ocrx_word' id='word_1_321' title='bbox 724 2982 939 3033; x_wconf 77' lang='lat' dir='ltr'><strong>fortiter</strong></span> <span class='ocrx_word' id='word_1_322' title='bbox 996 2997 1091 3048; x_wconf 91' lang='lat' dir='ltr'><strong>pro</strong></span> <span class='ocrx_word' id='word_1_323' title='bbox 1132 2998 1193 3035; x_wconf 90' lang='lat' dir='ltr'><strong>ea</strong></span> <span class='ocrx_word' id='word_1_324' title='bbox 1252 2981 1771 3049; x_wconf 73' lang='lat' dir='ltr'><strong>proliugnantibus,</strong></span> <span class='ocrx_word' id='word_1_325' title='bbox 1820 2989 1874 3033; x_wconf 89' lang='lat' dir='ltr'><strong>ct</strong></span> <span class='ocrx_word' id='word_1_326' title='bbox 1932 2976 2275 3031; x_wconf 84' lang='lat' dir='ltr'><strong>obsidionem</strong></span> 
     </span>
    </p>
   </div>
   <div class='ocr_carea' id='block_1_49' title="bbox 724 3069 2277 3139">
    <p class='ocr_par' dir='ltr' id='par_1_49' title="bbox 724 3069 2277 3139">
     <span class='ocr_line' id='line_1_49' title="bbox 724 3069 2277 3139; baseline 0.001 -20"><span class='ocrx_word' id='word_1_327' title='bbox 724 3072 1147 3138; x_wconf 71' lang='lat' dir='ltr'><strong>perferentibus,</strong></span> <span class='ocrx_word' id='word_1_328' title='bbox 1183 3073 1457 3127; x_wconf 84' lang='lat' dir='ltr'><strong>incassum</strong></span> <span class='ocrx_word' id='word_1_329' title='bbox 1486 3071 1784 3124; x_wconf 86' lang='lat' dir='ltr'><strong>laborabat.</strong></span> <span class='ocrx_word' id='word_1_330' title='bbox 1819 3070 2055 3139; x_wconf 81' lang='lat' dir='ltr'><strong>Populos</strong></span> <span class='ocrx_word' id='word_1_331' title='bbox 2085 3069 2277 3122; x_wconf 79' lang='lat' dir='ltr'><strong>Adria-</strong></span> 
     </span>
    </p>
   </div>
   <div class='ocr_carea' id='block_1_50' title="bbox 725 3161 2279 3231">
    <p class='ocr_par' dir='ltr' id='par_1_50' title="bbox 725 3161 2279 3231">
     <span class='ocr_line' id='line_1_50' title="bbox 725 3161 2279 3231; baseline -0.002 -15"><span class='ocrx_word' id='word_1_332' title='bbox 725 3163 1070 3231; x_wconf 82' lang='lat' dir='ltr'><strong>nopolitanus</strong></span> <span class='ocrx_word' id='word_1_333' title='bbox 1128 3182 1234 3218; x_wconf 88' lang='lat' dir='ltr'><strong>tton</strong></span> <span class='ocrx_word' id='word_1_334' title='bbox 1287 3166 1458 3217; x_wconf 87' lang='lat' dir='ltr'><strong>solum</strong></span> <span class='ocrx_word' id='word_1_335' title='bbox 1507 3164 1741 3217; x_wconf 79' lang='lat' dir='ltr'><strong>assiduis</strong></span> <span class='ocrx_word' id='word_1_336' title='bbox 1786 3161 2279 3231; x_wconf 82' lang='lat' dir='ltr'><strong>Oppugnationibus</strong></span> 
     </span>
    </p>
   </div>
   <div class='ocr_carea' id='block_1_51' title="bbox 726 3252 2278 3325">
    <p class='ocr_par' dir='ltr' id='par_1_51' title="bbox 726 3252 2278 3325">
     <span class='ocr_line' id='line_1_51' title="bbox 726 3252 2278 3325; baseline -0.002 -18"><span class='ocrx_word' id='word_1_337' title='bbox 726 3255 1072 3325; x_wconf 85' lang='lat' dir='ltr'><strong>imperatoris</strong></span> <span class='ocrx_word' id='word_1_338' title='bbox 1102 3254 1211 3308; x_wconf 87' lang='lat' dir='ltr'><strong>lilio</strong></span> <span class='ocrx_word' id='word_1_339' title='bbox 1260 3254 1543 3308; x_wconf 77' lang='lat' dir='ltr'><strong>inStabat:</strong></span> <span class='ocrx_word' id='word_1_340' title='bbox 1582 3254 1675 3307; x_wconf 90' lang='lat' dir='ltr'><strong>scd</strong></span> <span class='ocrx_word' id='word_1_341' title='bbox 1734 3262 1789 3305; x_wconf 90' lang='lat' dir='ltr'><strong>et</strong></span> <span class='ocrx_word' id='word_1_342' title='bbox 1849 3252 2100 3305; x_wconf 80' lang='lat' dir='ltr'><strong>comitiis</strong></span> <span class='ocrx_word' id='word_1_343' title='bbox 2129 3252 2278 3305; x_wconf 93' lang='lat' dir='ltr'><strong>illum</strong></span> 
     </span>
    </p>
   </div>
   <div class='ocr_carea' id='block_1_52' title="bbox 725 3342 2277 3413">
    <p class='ocr_par' dir='ltr' id='par_1_52' title="bbox 725 3342 2277 3413">
     <span class='ocr_line' id='line_1_52' title="bbox 725 3342 2277 3413; baseline -0.002 -16"><span class='ocrx_word' id='word_1_344' title='bbox 725 3356 779 3398; x_wconf 81' lang='lat' dir='ltr'><strong>et</strong></span> <span class='ocrx_word' id='word_1_345' title='bbox 805 3346 1048 3400; x_wconf 88' lang='lat' dir='ltr'><strong>dicteriis</strong></span> <span class='ocrx_word' id='word_1_346' title='bbox 1074 3346 1466 3399; x_wconf 85' lang='lat' dir='ltr'><strong>contumeliose</strong></span> <span class='ocrx_word' id='word_1_347' title='bbox 1504 3345 1812 3413; x_wconf 86' lang='lat' dir='ltr'><strong>appetebat.</strong></span> <span class='ocrx_word' id='word_1_348' title='bbox 1848 3342 2077 3407; x_wconf 79' lang='lat' dir='ltr'><strong>Quidam</strong></span> <span class='ocrx_word' id='word_1_349' title='bbox 2113 3343 2277 3395; x_wconf 89' lang='lat' dir='ltr'><strong>etiam</strong></span> 
     </span>
    </p>
   </div>
   <div class='ocr_carea' id='block_1_53' title="bbox 727 3432 2282 3488">
    <p class='ocr_par' dir='ltr' id='par_1_53' title="bbox 727 3432 2282 3488">
     <span class='ocr_line' id='line_1_53' title="bbox 727 3432 2282 3488; baseline -0.001 -2"><span class='ocrx_word' id='word_1_350' title='bbox 727 3435 778 3486; x_wconf 90' lang='lat' dir='ltr'><strong>in</strong></span> <span class='ocrx_word' id='word_1_351' title='bbox 817 3436 965 3487; x_wconf 81' lang='lat' dir='ltr'><strong>illum</strong></span> <span class='ocrx_word' id='word_1_352' title='bbox 1004 3434 1507 3488; x_wconf 78' lang='lat' dir='ltr'><strong>ntalevolentissitni</strong></span> <span class='ocrx_word' id='word_1_353' title='bbox 1554 3433 1804 3487; x_wconf 87' lang='lat' dir='ltr'><strong>acerbius</strong></span> <span class='ocrx_word' id='word_1_354' title='bbox 1841 3433 1889 3486; x_wconf 90' lang='lat' dir='ltr'><strong>ei</strong></span> <span class='ocrx_word' id='word_1_355' title='bbox 1932 3441 1988 3485; x_wconf 87' lang='lat' dir='ltr'><strong>et</strong></span> <span class='ocrx_word' id='word_1_356' title='bbox 2042 3432 2282 3485; x_wconf 78' lang='lat' dir='ltr'><strong>illibera-</strong></span> 
     </span>
    </p>
   </div>
   <div class='ocr_carea' id='block_1_54' title="bbox 728 3521 2282 3579">
    <p class='ocr_par' dir='ltr' id='par_1_54' title="bbox 728 3521 2282 3579">
     <span class='ocr_line' id='line_1_54' title="bbox 728 3521 2282 3579; baseline -0.001 -3"><span class='ocrx_word' id='word_1_357' title='bbox 728 3526 833 3577; x_wconf 83' lang='lat' dir='ltr'><strong>lins</strong></span> <span class='ocrx_word' id='word_1_358' title='bbox 868 3525 1283 3579; x_wconf 71' lang='lat' dir='ltr'><strong>maledici-bant.</strong></span> <span class='ocrx_word' id='word_1_359' title='bbox 1328 3524 1742 3578; x_wconf 85' lang='lat' dir='ltr'><strong>Cantacuzcnus</strong></span> <span class='ocrx_word' id='word_1_360' title='bbox 1797 3523 1887 3576; x_wconf 89' lang='lat' dir='ltr'><strong>ubi</strong></span> <span class='ocrx_word' id='word_1_361' title='bbox 1922 3524 2093 3576; x_wconf 82' lang='lat' dir='ltr'><strong>lilium</strong></span> <span class='ocrx_word' id='word_1_362' title='bbox 2133 3521 2282 3575; x_wconf 86' lang='lat' dir='ltr'><strong>obsi-</strong></span> 
     </span>
    </p>
   </div>
   <div class='ocr_carea' id='block_1_55' title="bbox 727 3614 2279 3684">
    <p class='ocr_par' dir='ltr' id='par_1_55' title="bbox 727 3614 2279 3684">
     <span class='ocr_line' id='line_1_55' title="bbox 727 3614 2279 3684; baseline 0 -17"><span class='ocrx_word' id='word_1_363' title='bbox 727 3618 842 3669; x_wconf 86' lang='lat' dir='ltr'><strong>deri</strong></span> <span class='ocrx_word' id='word_1_364' title='bbox 879 3616 1164 3680; x_wconf 73' lang='lat' dir='ltr'><strong>intellexit,</strong></span> <span class='ocrx_word' id='word_1_365' title='bbox 1194 3619 1304 3683; x_wconf 87' lang='lat' dir='ltr'><strong>jam</strong></span> <span class='ocrx_word' id='word_1_366' title='bbox 1341 3627 1467 3669; x_wconf 86' lang='lat' dir='ltr'><strong>ante.</strong></span> <span class='ocrx_word' id='word_1_367' title='bbox 1497 3616 1561 3669; x_wconf 86' lang='lat' dir='ltr'><strong>ad</strong></span> <span class='ocrx_word' id='word_1_368' title='bbox 1598 3616 1702 3668; x_wconf 87' lang='lat' dir='ltr'><strong>iter</strong></span> <span class='ocrx_word' id='word_1_369' title='bbox 1730 3625 1973 3684; x_wconf 86' lang='lat' dir='ltr'><strong>paratus,</strong></span> <span class='ocrx_word' id='word_1_370' title='bbox 2008 3614 2279 3667; x_wconf 82' lang='lat' dir='ltr'><strong>Adriano-</strong></span> 
     </span>
    </p>
   </div>
   <div class='ocr_carea' id='block_1_56' title="bbox 727 3705 2280 3774">
    <p class='ocr_par' dir='ltr' id='par_1_56' title="bbox 727 3705 2280 3774">
     <span class='ocr_line' id='line_1_56' title="bbox 727 3705 2280 3774; baseline -0.002 -16"><span class='ocrx_word' id='word_1_371' title='bbox 727 3707 890 3772; x_wconf 87' lang='lat' dir='ltr'><strong>polim</strong></span> <span class='ocrx_word' id='word_1_372' title='bbox 923 3723 1139 3759; x_wconf 89' lang='lat' dir='ltr'><strong>manum</strong></span> <span class='ocrx_word' id='word_1_373' title='bbox 1174 3707 1578 3769; x_wconf 75' lang='lat' dir='ltr'><strong>Romanorum,</strong></span> <span class='ocrx_word' id='word_1_374' title='bbox 1621 3706 1674 3758; x_wconf 93' lang='lat' dir='ltr'><strong>in</strong></span> <span class='ocrx_word' id='word_1_375' title='bbox 1725 3706 1925 3774; x_wconf 90' lang='lat' dir='ltr'><strong>quibus</strong></span> <span class='ocrx_word' id='word_1_376' title='bbox 1956 3705 2005 3757; x_wconf 85' lang='lat' dir='ltr'><strong>ei</strong></span> <span class='ocrx_word' id='word_1_377' title='bbox 2047 3706 2280 3757; x_wconf 80' lang='lat' dir='ltr'><strong>maxima</strong></span> 
     </span>
    </p>
   </div>
   <div class='ocr_carea' id='block_1_57' title="bbox 729 3797 2283 3866">
    <p class='ocr_par' dir='ltr' id='par_1_57' title="bbox 729 3797 2283 3866">
     <span class='ocr_line' id='line_1_57' title="bbox 729 3797 2283 3866; baseline 0.001 -16"><span class='ocrx_word' id='word_1_378' title='bbox 729 3799 921 3850; x_wconf 86' lang='lat' dir='ltr'><strong>lidueia</strong></span> <span class='ocrx_word' id='word_1_379' title='bbox 949 3838 961 3856; x_wconf 88' lang='lat'><strong>.</strong></span> <span class='ocrx_word' id='word_1_380' title='bbox 1016 3809 1067 3851; x_wconf 90' lang='lat' dir='ltr'><strong>et</strong></span> <span class='ocrx_word' id='word_1_381' title='bbox 1104 3799 1294 3851; x_wconf 81' lang='lat' dir='ltr'><strong>l’ersas</strong></span> <span class='ocrx_word' id='word_1_382' title='bbox 1332 3813 1553 3866; x_wconf 79' lang='lat' dir='ltr'><strong>paucos,</strong></span> <span class='ocrx_word' id='word_1_383' title='bbox 1584 3814 1723 3866; x_wconf 90' lang='lat' dir='ltr'><strong>quos</strong></span> <span class='ocrx_word' id='word_1_384' title='bbox 1756 3798 1965 3866; x_wconf 81' lang='lat' dir='ltr'><strong>roganti</strong></span> <span class='ocrx_word' id='word_1_385' title='bbox 2003 3797 2283 3852; x_wconf 77' lang='lat' dir='ltr'><strong>Orchanes</strong></span> 
     </span>
    </p>
   </div>
   <div class='ocr_carea' id='block_1_58' title="bbox 726 3888 2282 3957">
    <p class='ocr_par' dir='ltr' id='par_1_58' title="bbox 726 3888 2282 3957">
     <span class='ocr_line' id='line_1_58' title="bbox 726 3888 2282 3957; baseline 0.002 -17"><span class='ocrx_word' id='word_1_386' title='bbox 726 3905 891 3957; x_wconf 68' lang='lat' dir='ltr'><strong>gener</strong></span> <span class='ocrx_word' id='word_1_387' title='bbox 918 3893 1172 3953; x_wconf 80' lang='lat' dir='ltr'><strong>miserat,</strong></span> <span class='ocrx_word' id='word_1_388' title='bbox 1203 3905 1265 3943; x_wconf 86' lang='lat' dir='ltr'><strong>ac</strong></span> <span class='ocrx_word' id='word_1_389' title='bbox 1288 3901 1485 3957; x_wconf 59' lang='lat' dir='ltr'><strong>prieter</strong></span> <span class='ocrx_word' id='word_1_390' title='bbox 1522 3890 1619 3941; x_wconf 89' lang='lat' dir='ltr'><strong>bos</strong></span> <span class='ocrx_word' id='word_1_391' title='bbox 1658 3889 1938 3942; x_wconf 86' lang='lat' dir='ltr'><strong>cohortem</strong></span> <span class='ocrx_word' id='word_1_392' title='bbox 1978 3905 2043 3943; x_wconf 76' lang='lat' dir='ltr'><strong>ex</strong></span> <span class='ocrx_word' id='word_1_393' title='bbox 2073 3888 2282 3943; x_wconf 86' lang='lat' dir='ltr'><strong>Catala-</strong></span> 
     </span>
    </p>
   </div>
   <div class='ocr_carea' id='block_1_59' title="bbox 726 3979 2287 4049">
    <p class='ocr_par' dir='ltr' id='par_1_59' title="bbox 726 3979 2287 4049">
     <span class='ocr_line' id='line_1_59' title="bbox 726 3979 2287 4049; baseline 0.001 -19"><span class='ocrx_word' id='word_1_394' title='bbox 726 3979 845 4031; x_wconf 84' lang='lat' dir='ltr'><strong>nis.</strong></span> <span class='ocrx_word' id='word_1_395' title='bbox 898 3980 988 4046; x_wconf 90' lang='lat' dir='ltr'><strong>qui</strong></span> <span class='ocrx_word' id='word_1_396' title='bbox 1027 3994 1089 4031; x_wconf 78' lang='lat' dir='ltr'><strong>ex</strong></span> <span class='ocrx_word' id='word_1_397' title='bbox 1124 3979 1439 4032; x_wconf 87' lang='lat' dir='ltr'><strong>triremibus</strong></span> <span class='ocrx_word' id='word_1_398' title='bbox 1488 3979 1726 4049; x_wconf 67' lang='lat' dir='ltr'><strong>Byzantii</strong></span> <span class='ocrx_word' id='word_1_399' title='bbox 1776 3988 2168 4045; x_wconf 84' lang='lat' dir='ltr'><strong>remanserant,</strong></span> <span class='ocrx_word' id='word_1_400' title='bbox 2199 3995 2287 4033; x_wconf 86' lang='lat' dir='ltr'><strong>se-</strong></span> 
     </span>
    </p>
   </div>
   <div class='ocr_carea' id='block_1_60' title="bbox 726 4069 2289 4138">
    <p class='ocr_par' dir='ltr' id='par_1_60' title="bbox 726 4069 2289 4138">
     <span class='ocr_line' id='line_1_60' title="bbox 726 4069 2289 4138; baseline 0.003 -17"><span class='ocrx_word' id='word_1_401' title='bbox 726 4085 849 4121; x_wconf 89' lang='lat' dir='ltr'><strong>cum</strong></span> <span class='ocrx_word' id='word_1_402' title='bbox 887 4069 1093 4123; x_wconf 87' lang='lat' dir='ltr'><strong>habens</strong></span> <span class='ocrx_word' id='word_1_403' title='bbox 1125 4070 1381 4123; x_wconf 87' lang='lat' dir='ltr'><strong>accnrrit.</strong></span> <span class='ocrx_word' id='word_1_404' title='bbox 1416 4070 1772 4138; x_wconf 65' lang='lat' dir='ltr'><strong>Palieulugus,</strong></span> <span class='ocrx_word' id='word_1_405' title='bbox 1817 4084 2066 4127; x_wconf 87' lang='lat' dir='ltr'><strong>socerum</strong></span> <span class='ocrx_word' id='word_1_406' title='bbox 2094 4072 2289 4125; x_wconf 79' lang='lat' dir='ltr'><strong>adver-</strong></span> 
     </span>
    </p>
   </div>
   <div class='ocr_carea' id='block_1_61' title="bbox 726 4158 2281 4229">
    <p class='ocr_par' dir='ltr' id='par_1_61' title="bbox 726 4158 2281 4229">
     <span class='ocr_line' id='line_1_61' title="bbox 726 4158 2281 4229; baseline 0.003 -20"><span class='ocrx_word' id='word_1_407' title='bbox 726 4175 821 4210; x_wconf 76' lang='lat' dir='ltr'><strong>sos</strong></span> <span class='ocrx_word' id='word_1_408' title='bbox 872 4173 927 4211; x_wconf 87' lang='lat' dir='ltr'><strong>se</strong></span> <span class='ocrx_word' id='word_1_409' title='bbox 976 4158 1232 4211; x_wconf 81' lang='lat' dir='ltr'><strong>infestum</strong></span> <span class='ocrx_word' id='word_1_410' title='bbox 1264 4160 1448 4213; x_wconf 80' lang='lat' dir='ltr'><strong>venire</strong></span> <span class='ocrx_word' id='word_1_411' title='bbox 1504 4174 1867 4227; x_wconf 85' lang='lat' dir='ltr'><strong>cognoscens,</strong></span> <span class='ocrx_word' id='word_1_412' title='bbox 1902 4176 2025 4216; x_wconf 90' lang='lat' dir='ltr'><strong>cum</strong></span> <span class='ocrx_word' id='word_1_413' title='bbox 2079 4177 2175 4229; x_wconf 87' lang='lat' dir='ltr'><strong>par</strong></span> <span class='ocrx_word' id='word_1_414' title='bbox 2215 4159 2281 4215; x_wconf 92' lang='lat' dir='ltr'><strong>ad</strong></span> 
     </span>
    </p>
   </div>
   <div class='ocr_carea' id='block_1_62' title="bbox 726 4250 2277 4320">
    <p class='ocr_par' dir='ltr' id='par_1_62' title="bbox 726 4250 2277 4320">
     <span class='ocr_line' id='line_1_62' title="bbox 726 4250 2277 4320; baseline 0.005 -22"><span class='ocrx_word' id='word_1_415' title='bbox 726 4264 959 4317; x_wconf 80' lang='lat' dir='ltr'><strong>pugnam</strong></span> <span class='ocrx_word' id='word_1_416' title='bbox 989 4264 1096 4302; x_wconf 92' lang='lat' dir='ltr'><strong>non</strong></span> <span class='ocrx_word' id='word_1_417' title='bbox 1128 4260 1293 4311; x_wconf 87' lang='lat' dir='ltr'><strong>esset,</strong></span> <span class='ocrx_word' id='word_1_418' title='bbox 1324 4250 1486 4320; x_wconf 70' lang='grc'><strong>842</strong></span> <span class='ocrx_word' id='word_1_419' title='bbox 1513 4262 1569 4304; x_wconf 92' lang='lat' dir='ltr'><strong>et</strong></span> <span class='ocrx_word' id='word_1_420' title='bbox 1594 4267 1689 4303; x_wconf 75' lang='lat' dir='ltr'><strong>arx</strong></span> <span class='ocrx_word' id='word_1_421' title='bbox 1725 4253 1992 4305; x_wconf 88' lang='lat' dir='ltr'><strong>acerrime</strong></span> <span class='ocrx_word' id='word_1_422' title='bbox 2022 4252 2277 4305; x_wconf 78' lang='lat' dir='ltr'><strong>defende-</strong></span> 
     </span>
    </p>
   </div>
   <div class='ocr_carea' id='block_1_63' title="bbox 727 4332 2280 4410">
    <p class='ocr_par' dir='ltr' id='par_1_63' title="bbox 727 4332 2280 4410">
     <span class='ocr_line' id='line_1_63' title="bbox 727 4332 2280 4410; baseline 0.003 -21"><span class='ocrx_word' id='word_1_423' title='bbox 727 4349 898 4400; x_wconf 86' lang='lat' dir='ltr'><strong>retur,</strong></span> <span class='ocrx_word' id='word_1_424' title='bbox 942 4332 1265 4407; x_wconf 78' lang='lat' dir='ltr'><strong>titneretquc</strong></span> <span class='ocrx_word' id='word_1_425' title='bbox 1306 4356 1372 4394; x_wconf 90' lang='lat' dir='ltr'><strong>ne</strong></span> <span class='ocrx_word' id='word_1_426' title='bbox 1422 4341 1672 4409; x_wconf 88' lang='lat' dir='ltr'><strong>protinus</strong></span> <span class='ocrx_word' id='word_1_427' title='bbox 1726 4342 1858 4397; x_wconf 86' lang='lat' dir='ltr'><strong>urbs</strong></span> <span class='ocrx_word' id='word_1_428' title='bbox 1896 4352 2280 4410; x_wconf 86' lang='lat' dir='ltr'><strong>occuparetur,</strong></span> 
     </span>
    </p>
   </div>
   <div class='ocr_carea' id='block_1_64' title="bbox 2376 1894 3943 1967">
    <p class='ocr_par' dir='ltr' id='par_1_64' title="bbox 2376 1894 3943 1967">
     <span class='ocr_line' id='line_1_64' title="bbox 2376 1894 3943 1967; baseline 0.008 -24"><span class='ocrx_word' id='word_1_429' title='bbox 2376 1906 2543 1959; x_wconf 71' lang='grc' dir='ltr'>φασιν</span> <span class='ocrx_word' id='word_1_430' title='bbox 2574 1894 2977 1963; x_wconf 80' lang='grc' dir='ltr'><strong>παρεσχημένῳ</strong></span> <span class='ocrx_word' id='word_1_431' title='bbox 3006 1897 3141 1963; x_wconf 63' lang='grc' dir='ltr'>πρὸς</span> <span class='ocrx_word' id='word_1_432' title='bbox 3190 1899 3280 1949; x_wconf 83' lang='grc' dir='ltr'>τὸν</span> <span class='ocrx_word' id='word_1_433' title='bbox 3323 1900 3575 1967; x_wconf 82' lang='grc' dir='ltr'>πόλεμον.</span> <span class='ocrx_word' id='word_1_434' title='bbox 3614 1902 3722 1953; x_wconf 77' lang='grc' dir='ltr'><strong>Καὶ</strong></span> <span class='ocrx_word' id='word_1_435' title='bbox 3753 1902 3849 1964; x_wconf 78' lang='grc' dir='ltr'><strong>τας</strong></span> <span class='ocrx_word' id='word_1_436' title='bbox 3878 1920 3943 1955; x_wconf 82' lang='grc' dir='ltr'><strong>τε</strong></span> 
     </span>
    </p>
   </div>
   <div class='ocr_carea' id='block_1_65' title="bbox 2374 1980 3944 2061">
    <p class='ocr_par' dir='ltr' id='par_1_65' title="bbox 2374 1980 3944 2061">
     <span class='ocr_line' id='line_1_65' title="bbox 2374 1980 3944 2061; baseline 0.008 -28"><span class='ocrx_word' id='word_1_437' title='bbox 2374 1983 2632 2050; x_wconf 74' lang='grc' dir='ltr'><strong>πολίχνας</strong></span> <span class='ocrx_word' id='word_1_438' title='bbox 2668 1980 2777 2036; x_wconf 73' lang='grc' dir='ltr'>εἷλε</span> <span class='ocrx_word' id='word_1_439' title='bbox 2824 1986 3087 2055; x_wconf 81' lang='grc' dir='ltr'>πρότερον</span> <span class='ocrx_word' id='word_1_440' title='bbox 3115 1982 3189 2039; x_wconf 78' lang='grc' dir='ltr'>ὧν</span> <span class='ocrx_word' id='word_1_441' title='bbox 3221 1984 3390 2058; x_wconf 72' lang='grc' dir='ltr'>ἦρχεν</span> <span class='ocrx_word' id='word_1_442' title='bbox 3424 1991 3654 2059; x_wconf 75' lang='grc' dir='ltr'>ἑτοίμως</span> <span class='ocrx_word' id='word_1_443' title='bbox 3689 2008 3944 2061; x_wconf 76' lang='grc' dir='ltr'>προσχω-</span> 
     </span>
    </p>
   </div>
   <div class='ocr_carea' id='block_1_66' title="bbox 2376 2074 3943 2151">
    <p class='ocr_par' dir='ltr' id='par_1_66' title="bbox 2376 2074 3943 2151">
     <span class='ocr_line' id='line_1_66' title="bbox 2376 2074 3943 2151; baseline 0.006 -24"><span class='ocrx_word' id='word_1_444' title='bbox 2376 2074 2593 2142; x_wconf 83' lang='grc' dir='ltr'>ρούσας.</span> <span class='ocrx_word' id='word_1_445' title='bbox 2636 2077 2864 2129; x_wconf 85' lang='grc' dir='ltr'>Ἔπειτα</span> <span class='ocrx_word' id='word_1_446' title='bbox 2923 2079 3014 2131; x_wconf 81' lang='grc' dir='ltr'><strong>καὶ</strong></span> <span class='ocrx_word' id='word_1_447' title='bbox 3062 2079 3161 2148; x_wconf 78' lang='grc' dir='ltr'>τὴν</span> <span class='ocrx_word' id='word_1_448' title='bbox 3206 2081 3488 2147; x_wconf 79' lang='grc' dir='ltr'>Ἀδριανοῦ</span> <span class='ocrx_word' id='word_1_449' title='bbox 3541 2083 3731 2145; x_wconf 71' lang='grc' dir='ltr'>ἐλθὼν,</span> <span class='ocrx_word' id='word_1_450' title='bbox 3769 2085 3943 2151; x_wconf 80' lang='grc' dir='ltr'>ἡδέως</span> 
     </span>
    </p>
   </div>
   <div class='ocr_carea' id='block_1_67' title="bbox 2373 2163 3938 2237">
    <p class='ocr_par' dir='ltr' id='par_1_67' title="bbox 2373 2163 3938 2237">
     <span class='ocr_line' id='line_1_67' title="bbox 2373 2163 3938 2237; baseline 0.008 -21"><span class='ocrx_word' id='word_1_451' title='bbox 2373 2163 2466 2217; x_wconf 81' lang='grc' dir='ltr'>τοῦ</span> <span class='ocrx_word' id='word_1_452' title='bbox 2487 2164 2548 2231; x_wconf 87' lang='grc' dir='ltr'>δή</span> <span class='ocrx_word' id='word_1_453' title='bbox 2559 2183 2659 2233; x_wconf 86' lang='grc' dir='ltr'><strong>μου</strong></span> <span class='ocrx_word' id='word_1_454' title='bbox 2686 2166 3106 2237; x_wconf 76' lang='grc' dir='ltr'><strong>ὑποδεχομένου,</strong></span> <span class='ocrx_word' id='word_1_455' title='bbox 3136 2173 3227 2223; x_wconf 72' lang='grc' dir='ltr'><strong>καί</strong></span> <span class='ocrx_word' id='word_1_456' title='bbox 3252 2173 3432 2224; x_wconf 71' lang='grc' dir='ltr'>πᾶσαν</span> <span class='ocrx_word' id='word_1_457' title='bbox 3450 2173 3689 2235; x_wconf 74' lang='grc' dir='ltr'><strong>ἀνιέντος</strong></span> <span class='ocrx_word' id='word_1_458' title='bbox 3712 2176 3938 2228; x_wconf 70' lang='grc' dir='ltr'>εἴσοδον.</span> 
     </span>
    </p>
   </div>
   <div class='ocr_carea' id='block_1_68' title="bbox 2374 2256 3944 2334">
    <p class='ocr_par' dir='ltr' id='par_1_68' title="bbox 2374 2256 3944 2334">
     <span class='ocr_line' id='line_1_68' title="bbox 2374 2256 3944 2334; baseline 0.004 -23"><span class='ocrx_word' id='word_1_459' title='bbox 2374 2256 2647 2319; x_wconf 81' lang='grc' dir='ltr'>Ματοαῖος</span> <span class='ocrx_word' id='word_1_460' title='bbox 2692 2259 2748 2311; x_wconf 81' lang='grc' dir='ltr'>δὲ</span> <span class='ocrx_word' id='word_1_461' title='bbox 2798 2261 2825 2310; x_wconf 98' lang='lat'><strong>6</strong></span> <span class='ocrx_word' id='word_1_462' title='bbox 2861 2262 2955 2313; x_wconf 78' lang='grc' dir='ltr'>τοῦ</span> <span class='ocrx_word' id='word_1_463' title='bbox 2993 2262 3255 2330; x_wconf 80' lang='grc' dir='ltr'>βασιλέως</span> <span class='ocrx_word' id='word_1_464' title='bbox 3308 2264 3421 2325; x_wconf 72' lang='grc' dir='ltr'>υίὸς</span> <span class='ocrx_word' id='word_1_465' title='bbox 3453 2264 3770 2334; x_wconf 73' lang='grc' dir='ltr'><strong>Νικηφόρον</strong></span> <span class='ocrx_word' id='word_1_466' title='bbox 3804 2266 3944 2334; x_wconf 75' lang='grc' dir='ltr'>ἔχων</span> 
     </span>
    </p>
   </div>
   <div class='ocr_carea' id='block_1_69' title="bbox 2376 2348 3944 2421">
    <p class='ocr_par' dir='ltr' id='par_1_69' title="bbox 2376 2348 3944 2421">
     <span class='ocr_line' id='line_1_69' title="bbox 2376 2348 3944 2421; baseline 0.006 -21"><span class='ocrx_word' id='word_1_467' title='bbox 2376 2348 2852 2419; x_wconf 75' lang='grc' dir='ltr'>σεόαστοκρατορα</span> <span class='ocrx_word' id='word_1_468' title='bbox 2885 2353 3341 2421; x_wconf 69' lang='grc' dir='ltr'>Καντακουζηνδν</span> <span class='ocrx_word' id='word_1_469' title='bbox 3374 2354 3465 2406; x_wconf 80' lang='grc' dir='ltr'><strong>τὸν</strong></span> <span class='ocrx_word' id='word_1_470' title='bbox 3495 2355 3635 2407; x_wconf 83' lang='grc' dir='ltr'>θεῖον</span> <span class='ocrx_word' id='word_1_471' title='bbox 3685 2358 3778 2409; x_wconf 69' lang='grc' dir='ltr'><strong>καὶ</strong></span> <span class='ocrx_word' id='word_1_472' title='bbox 3814 2358 3944 2409; x_wconf 81' lang='grc' dir='ltr'>έτέ-</span> 
     </span>
    </p>
   </div>
   <div class='ocr_carea' id='block_1_70' title="bbox 2378 2438 3942 2512">
    <p class='ocr_par' dir='ltr' id='par_1_70' title="bbox 2378 2438 3942 2512">
     <span class='ocr_line' id='line_1_70' title="bbox 2378 2438 3942 2512; baseline 0.007 -24"><span class='ocrx_word' id='word_1_473' title='bbox 2378 2452 2502 2503; x_wconf 90' lang='grc' dir='ltr'>ρους</span> <span class='ocrx_word' id='word_1_474' title='bbox 2544 2438 2651 2490; x_wconf 85' lang='grc' dir='ltr'>τῶν</span> <span class='ocrx_word' id='word_1_475' title='bbox 2695 2442 2824 2507; x_wconf 72' lang='grc' dir='ltr'>περὶ</span> <span class='ocrx_word' id='word_1_476' title='bbox 2874 2441 3035 2493; x_wconf 75' lang='grc' dir='ltr'>αὐτὸν</span> <span class='ocrx_word' id='word_1_477' title='bbox 3077 2444 3354 2509; x_wconf 76' lang='grc' dir='ltr'>ἀρίστους,</span> <span class='ocrx_word' id='word_1_478' title='bbox 3404 2443 3499 2510; x_wconf 80' lang='grc' dir='ltr'><strong>τὴν</strong></span> <span class='ocrx_word' id='word_1_479' title='bbox 3552 2444 3730 2512; x_wconf 79' lang='grc' dir='ltr'>ἄκραν</span> <span class='ocrx_word' id='word_1_480' title='bbox 3764 2444 3942 2499; x_wconf 78' lang='grc' dir='ltr'>έλῡὼν</span> 
     </span>
    </p>
   </div>
   <div class='ocr_carea' id='block_1_71' title="bbox 2376 2524 3944 2602">
    <p class='ocr_par' dir='ltr' id='par_1_71' title="bbox 2376 2524 3944 2602">
     <span class='ocr_line' id='line_1_71' title="bbox 2376 2524 3944 2602; baseline 0.005 -23"><span class='ocrx_word' id='word_1_481' title='bbox 2376 2527 2663 2596; x_wconf 86' lang='grc' dir='ltr'>κατέσχεν,</span> <span class='ocrx_word' id='word_1_482' title='bbox 2697 2524 2766 2597; x_wconf 82' lang='grc' dir='ltr'><strong>ἦν</strong></span> <span class='ocrx_word' id='word_1_483' title='bbox 2797 2531 2908 2598; x_wconf 69' lang='grc' dir='ltr'><strong>γὰρ</strong></span> <span class='ocrx_word' id='word_1_484' title='bbox 2939 2533 3201 2600; x_wconf 64' lang='grc' dir='ltr'>πρότερον</span> <span class='ocrx_word' id='word_1_485' title='bbox 3248 2534 3315 2585; x_wconf 77' lang='grc' dir='ltr'>τά</span> <span class='ocrx_word' id='word_1_486' title='bbox 3357 2549 3414 2584; x_wconf 88' lang='grc' dir='ltr'><strong>τε</strong></span> <span class='ocrx_word' id='word_1_487' title='bbox 3464 2535 3746 2602; x_wconf 76' lang='grc' dir='ltr'>ἐπιτήδεια</span> <span class='ocrx_word' id='word_1_488' title='bbox 3790 2536 3944 2588; x_wconf 74' lang='grc' dir='ltr'><strong>ἐνθέ-</strong></span> 
     </span>
    </p>
   </div>
   <div class='ocr_carea' id='block_1_72' title="bbox 2379 2618 3943 2693">
    <p class='ocr_par' dir='ltr' id='par_1_72' title="bbox 2379 2618 3943 2693">
     <span class='ocr_line' id='line_1_72' title="bbox 2379 2618 3943 2693; baseline 0.006 -25"><span class='ocrx_word' id='word_1_489' title='bbox 2379 2633 2538 2686; x_wconf 84' lang='grc' dir='ltr'>μενος</span> <span class='ocrx_word' id='word_1_490' title='bbox 2570 2619 2663 2670; x_wconf 70' lang='grc' dir='ltr'><strong>καὶ</strong></span> <span class='ocrx_word' id='word_1_491' title='bbox 2688 2618 2853 2671; x_wconf 85' lang='grc' dir='ltr'>τάλλα</span> <span class='ocrx_word' id='word_1_492' title='bbox 2882 2622 3355 2690; x_wconf 70' lang='grc' dir='ltr'>ἐπεσκευασμένος</span> <span class='ocrx_word' id='word_1_493' title='bbox 3398 2624 3577 2685; x_wconf 83' lang='grc' dir='ltr'>καλῶς</span> <span class='ocrx_word' id='word_1_494' title='bbox 3602 2625 3675 2686; x_wconf 84' lang='grc' dir='ltr'><strong>ὡς</strong></span> <span class='ocrx_word' id='word_1_495' title='bbox 3706 2626 3943 2693; x_wconf 73' lang='grc' dir='ltr'>μάλιστα</span> 
     </span>
    </p>
   </div>
   <div class='ocr_carea' id='block_1_73' title="bbox 2375 2709 3941 2787">
    <p class='ocr_par' dir='ltr' id='par_1_73' title="bbox 2375 2709 3941 2787">
     <span class='ocr_line' id='line_1_73' title="bbox 2375 2709 3941 2787; baseline 0.005 -26"><span class='ocrx_word' id='word_1_496' title='bbox 2375 2709 2525 2778; x_wconf 74' lang='grc' dir='ltr'>ἐνῆν.</span> <span class='ocrx_word' id='word_1_497' title='bbox 2560 2710 2817 2778; x_wconf 85' lang='grc' dir='ltr'>Ἐπεμπέ</span> <span class='ocrx_word' id='word_1_498' title='bbox 2854 2727 2913 2763; x_wconf 85' lang='grc' dir='ltr'>τε</span> <span class='ocrx_word' id='word_1_499' title='bbox 2965 2713 3060 2763; x_wconf 76' lang='grc' dir='ltr'>καὶ</span> <span class='ocrx_word' id='word_1_500' title='bbox 3111 2713 3246 2781; x_wconf 81' lang='grc' dir='ltr'>πρὸς</span> <span class='ocrx_word' id='word_1_501' title='bbox 3299 2714 3522 2783; x_wconf 84' lang='grc' dir='ltr'>βασιλέα</span> <span class='ocrx_word' id='word_1_502' title='bbox 3574 2717 3665 2767; x_wconf 85' lang='grc' dir='ltr'><strong>τὸν</strong></span> <span class='ocrx_word' id='word_1_503' title='bbox 3708 2720 3941 2787; x_wconf 78' lang='grc' dir='ltr'>πατέρα,</span> 
     </span>
    </p>
   </div>
   <div class='ocr_carea' id='block_1_74' title="bbox 2376 2801 3943 2877">
    <p class='ocr_par' dir='ltr' id='par_1_74' title="bbox 2376 2801 3943 2877">
     <span class='ocr_line' id='line_1_74' title="bbox 2376 2801 3943 2877; baseline 0.003 -23"><span class='ocrx_word' id='word_1_504' title='bbox 2376 2801 2499 2863; x_wconf 78' lang='grc' dir='ltr'>τοὺς</span> <span class='ocrx_word' id='word_1_505' title='bbox 2552 2801 2895 2872; x_wconf 78' lang='grc' dir='ltr'>δηλώσοντας</span> <span class='ocrx_word' id='word_1_506' title='bbox 2941 2802 3021 2855; x_wconf 79' lang='grc' dir='ltr'>ὅτι</span> <span class='ocrx_word' id='word_1_507' title='bbox 3072 2804 3175 2857; x_wconf 81' lang='grc' dir='ltr'>ὑπὸ</span> <span class='ocrx_word' id='word_1_508' title='bbox 3229 2805 3494 2873; x_wconf 84' lang='grc' dir='ltr'>βασιλέως</span> <span class='ocrx_word' id='word_1_509' title='bbox 3544 2807 3638 2860; x_wconf 82' lang='grc' dir='ltr'>τοῦ</span> <span class='ocrx_word' id='word_1_510' title='bbox 3688 2806 3943 2877; x_wconf 73' lang='grc' dir='ltr'>γαμϐροῦ</span> 
     </span>
    </p>
   </div>
   <div class='ocr_carea' id='block_1_75' title="bbox 2377 2894 3944 2969">
    <p class='ocr_par' dir='ltr' id='par_1_75' title="bbox 2377 2894 3944 2969">
     <span class='ocr_line' id='line_1_75' title="bbox 2377 2894 3944 2969; baseline 0.003 -23"><span class='ocrx_word' id='word_1_511' title='bbox 2377 2894 2741 2965; x_wconf 74' lang='grc' dir='ltr'>πολιορκοῖτο.</span> <span class='ocrx_word' id='word_1_512' title='bbox 2773 2895 3031 2959; x_wconf 82' lang='grc' dir='ltr'>Βασιλεὺς</span> <span class='ocrx_word' id='word_1_513' title='bbox 3055 2898 3112 2950; x_wconf 72' lang='grc' dir='ltr'>δὲ</span> <span class='ocrx_word' id='word_1_514' title='bbox 3140 2897 3168 2949; x_wconf 88' lang='lat'><strong>6</strong></span> <span class='ocrx_word' id='word_1_515' title='bbox 3189 2898 3305 2961; x_wconf 90' lang='grc' dir='ltr'>νέος</span> <span class='ocrx_word' id='word_1_516' title='bbox 3327 2899 3445 2951; x_wconf 64' lang='grc' dir='ltr'>ἐπεὶ</span> <span class='ocrx_word' id='word_1_517' title='bbox 3478 2900 3573 2969; x_wconf 78' lang='grc' dir='ltr'>τὴν</span> <span class='ocrx_word' id='word_1_518' title='bbox 3597 2900 3749 2951; x_wconf 88' lang='grc' dir='ltr'>πόλιν</span> <span class='ocrx_word' id='word_1_519' title='bbox 3774 2895 3944 2969; x_wconf 72' lang='grc' dir='ltr'>εἶχεν,</span> 
     </span>
    </p>
   </div>
   <div class='ocr_carea' id='block_1_76' title="bbox 2378 2983 3946 3057">
    <p class='ocr_par' dir='ltr' id='par_1_76' title="bbox 2378 2983 3946 3057">
     <span class='ocr_line' id='line_1_76' title="bbox 2378 2983 3946 3057; baseline 0.003 -20"><span class='ocrx_word' id='word_1_520' title='bbox 2378 2983 2528 3051; x_wconf 79' lang='grc' dir='ltr'><strong>ἄγων</strong></span> <span class='ocrx_word' id='word_1_521' title='bbox 2561 2984 2654 3036; x_wconf 77' lang='grc' dir='ltr'>τὸν</span> <span class='ocrx_word' id='word_1_522' title='bbox 2703 2985 2899 3054; x_wconf 81' lang='grc' dir='ltr'>δῆμον,</span> <span class='ocrx_word' id='word_1_523' title='bbox 2956 2987 3050 3038; x_wconf 73' lang='grc' dir='ltr'><strong>καὶ</strong></span> <span class='ocrx_word' id='word_1_524' title='bbox 3098 2985 3196 3055; x_wconf 81' lang='grc' dir='ltr'><strong>τὴν</strong></span> <span class='ocrx_word' id='word_1_525' title='bbox 3236 2988 3508 3056; x_wconf 77' lang='grc' dir='ltr'><strong>ἑπομένην</strong></span> <span class='ocrx_word' id='word_1_526' title='bbox 3546 2990 3831 3057; x_wconf 69' lang='grc' dir='ltr'>στρατιὰν,</span> <span class='ocrx_word' id='word_1_527' title='bbox 3852 2991 3946 3042; x_wconf 82' lang='grc' dir='ltr'>τὸν</span> 
     </span>
    </p>
   </div>
   <div class='ocr_carea' id='block_1_77' title="bbox 2380 3076 3945 3148">
    <p class='ocr_par' dir='ltr' id='par_1_77' title="bbox 2380 3076 3945 3148">
     <span class='ocr_line' id='line_1_77' title="bbox 2380 3076 3945 3148; baseline 0.003 -19"><span class='ocrx_word' id='word_1_528' title='bbox 2380 3076 2636 3144; x_wconf 77' lang='grc' dir='ltr'>γυναικὸς</span> <span class='ocrx_word' id='word_1_529' title='bbox 2664 3077 2892 3144; x_wconf 77' lang='grc' dir='ltr'>ἀδελφὸν</span> <span class='ocrx_word' id='word_1_530' title='bbox 2942 3078 3251 3146; x_wconf 72' lang='grc' dir='ltr'>ἐπολιόρκει</span> <span class='ocrx_word' id='word_1_531' title='bbox 3293 3079 3428 3147; x_wconf 70' lang='grc' dir='ltr'>πρὸς</span> <span class='ocrx_word' id='word_1_532' title='bbox 3481 3078 3581 3148; x_wconf 84' lang='grc' dir='ltr'><strong>τὴν</strong></span> <span class='ocrx_word' id='word_1_533' title='bbox 3613 3080 3813 3147; x_wconf 76' lang='grc' dir='ltr'>ἄκραν,</span> <span class='ocrx_word' id='word_1_534' title='bbox 3851 3082 3945 3133; x_wconf 81' lang='grc' dir='ltr'><strong>καὶ</strong></span> 
     </span>
    </p>
   </div>
   <div class='ocr_carea' id='block_1_78' title="bbox 2380 3166 3944 3237">
    <p class='ocr_par' dir='ltr' id='par_1_78' title="bbox 2380 3166 3944 3237">
     <span class='ocr_line' id='line_1_78' title="bbox 2380 3166 3944 3237; baseline 0.002 -19"><span class='ocrx_word' id='word_1_535' title='bbox 2380 3166 2737 3236; x_wconf 77' lang='grc' dir='ltr'>τειχομαχίας</span> <span class='ocrx_word' id='word_1_536' title='bbox 2787 3168 3024 3219; x_wconf 70' lang='grc' dir='ltr'>ἐποιεῖτο</span> <span class='ocrx_word' id='word_1_537' title='bbox 3071 3168 3394 3237; x_wconf 76' lang='grc' dir='ltr'>καθημέραν</span> <span class='ocrx_word' id='word_1_538' title='bbox 3429 3169 3848 3236; x_wconf 71' lang='grc' dir='ltr'>καρτερωτάτας</span> <span class='ocrx_word' id='word_1_539' title='bbox 3880 3172 3944 3221; x_wconf 75' lang='grc' dir='ltr'><strong>ἐκ</strong></span> 
     </span>
    </p>
   </div>
   <div class='ocr_carea' id='block_1_79' title="bbox 2380 3256 3945 3328">
    <p class='ocr_par' dir='ltr' id='par_1_79' title="bbox 2380 3256 3945 3328">
     <span class='ocr_line' id='line_1_79' title="bbox 2380 3256 3945 3328; baseline 0.001 -20"><span class='ocrx_word' id='word_1_540' title='bbox 2380 3256 2647 3325; x_wconf 87' lang='grc' dir='ltr'>διαδοχῆς.</span> <span class='ocrx_word' id='word_1_541' title='bbox 2690 3256 2958 3310; x_wconf 79' lang='grc' dir='ltr'>Ἐσπευδε</span> <span class='ocrx_word' id='word_1_542' title='bbox 3014 3260 3123 3327; x_wconf 69' lang='grc' dir='ltr'><strong>γὰρ</strong></span> <span class='ocrx_word' id='word_1_543' title='bbox 3181 3261 3310 3328; x_wconf 72' lang='grc' dir='ltr'>πρὶν</span> <span class='ocrx_word' id='word_1_544' title='bbox 3370 3258 3597 3328; x_wconf 84' lang='grc' dir='ltr'>βασιλέα</span> <span class='ocrx_word' id='word_1_545' title='bbox 3651 3260 3808 3327; x_wconf 71' lang='grc' dir='ltr'>ἣκειν</span> <span class='ocrx_word' id='word_1_546' title='bbox 3853 3259 3945 3312; x_wconf 81' lang='grc' dir='ltr'><strong>τὸν</strong></span> 
     </span>
    </p>
   </div>
   <div class='ocr_carea' id='block_1_80' title="bbox 2381 3346 3945 3419">
    <p class='ocr_par' dir='ltr' id='par_1_80' title="bbox 2381 3346 3945 3419">
     <span class='ocr_line' id='line_1_80' title="bbox 2381 3346 3945 3419; baseline 0.003 -22"><span class='ocrx_word' id='word_1_547' title='bbox 2381 3346 2648 3414; x_wconf 76' lang='grc' dir='ltr'>κηδεστὴν</span> <span class='ocrx_word' id='word_1_548' title='bbox 2706 3347 3160 3415; x_wconf 79' lang='grc' dir='ltr'>παραστήσασθαι</span> <span class='ocrx_word' id='word_1_549' title='bbox 3212 3348 3311 3417; x_wconf 80' lang='grc' dir='ltr'><strong>τὴν</strong></span> <span class='ocrx_word' id='word_1_550' title='bbox 3362 3348 3558 3419; x_wconf 82' lang='grc' dir='ltr'>ἀκραν.</span> <span class='ocrx_word' id='word_1_551' title='bbox 3620 3348 3829 3401; x_wconf 81' lang='grc' dir='ltr'>Ἀνύειν</span> <span class='ocrx_word' id='word_1_552' title='bbox 3886 3349 3945 3402; x_wconf 58' lang='grc' dir='ltr'>δὴ</span> 
     </span>
    </p>
   </div>
   <div class='ocr_carea' id='block_1_81' title="bbox 2381 3433 3947 3504">
    <p class='ocr_par' dir='ltr' id='par_1_81' title="bbox 2381 3433 3947 3504">
     <span class='ocr_line' id='line_1_81' title="bbox 2381 3433 3947 3504; baseline 0.001 -18"><span class='ocrx_word' id='word_1_553' title='bbox 2381 3433 2645 3502; x_wconf 69' lang='grc' dir='ltr'>ἠδύναντο</span> <span class='ocrx_word' id='word_1_554' title='bbox 2679 3435 2830 3487; x_wconf 73' lang='grc' dir='ltr'>οὐδὲν</span> <span class='ocrx_word' id='word_1_555' title='bbox 2860 3436 2968 3487; x_wconf 73' lang='grc' dir='ltr'>τῶν</span> <span class='ocrx_word' id='word_1_556' title='bbox 3011 3435 3156 3487; x_wconf 79' lang='grc' dir='ltr'>ἔνδον</span> <span class='ocrx_word' id='word_1_557' title='bbox 3191 3436 3438 3504; x_wconf 74' lang='grc' dir='ltr'>εὐψύχως</span> <span class='ocrx_word' id='word_1_558' title='bbox 3472 3434 3827 3504; x_wconf 83' lang='grc' dir='ltr'>ἀμυνομένων</span> <span class='ocrx_word' id='word_1_559' title='bbox 3852 3437 3947 3489; x_wconf 78' lang='grc' dir='ltr'><strong>καὶ</strong></span> 
     </span>
    </p>
   </div>
   <div class='ocr_carea' id='block_1_82' title="bbox 2384 3525 3949 3595">
    <p class='ocr_par' dir='ltr' id='par_1_82' title="bbox 2384 3525 3949 3595">
     <span class='ocr_line' id='line_1_82' title="bbox 2384 3525 3949 3595; baseline 0.001 -20"><span class='ocrx_word' id='word_1_560' title='bbox 2384 3525 2522 3590; x_wconf 73' lang='grc' dir='ltr'>πρὸς</span> <span class='ocrx_word' id='word_1_561' title='bbox 2551 3525 2650 3592; x_wconf 79' lang='grc' dir='ltr'>τὴν</span> <span class='ocrx_word' id='word_1_562' title='bbox 2682 3525 3000 3593; x_wconf 83' lang='grc' dir='ltr'>πολιορκίαν</span> <span class='ocrx_word' id='word_1_563' title='bbox 3035 3525 3464 3595; x_wconf 79' lang='grc' dir='ltr'>καρτερούντων.</span> <span class='ocrx_word' id='word_1_564' title='bbox 3510 3525 3949 3589; x_wconf 75' lang='grc' dir='ltr'>’Δδριανουπολιο</span> 
     </span>
    </p>
   </div>
   <div class='ocr_carea' id='block_1_83' title="bbox 2380 3613 3947 3684">
    <p class='ocr_par' dir='ltr' id='par_1_83' title="bbox 2380 3613 3947 3684">
     <span class='ocr_line' id='line_1_83' title="bbox 2380 3613 3947 3684; baseline 0 -18"><span class='ocrx_word' id='word_1_565' title='bbox 2380 3613 2492 3666; x_wconf 86' lang='grc' dir='ltr'>τῶν</span> <span class='ocrx_word' id='word_1_566' title='bbox 2538 3613 2594 3666; x_wconf 74' lang='grc' dir='ltr'>δὲ</span> <span class='ocrx_word' id='word_1_567' title='bbox 2634 3616 2661 3667; x_wconf 91' lang='lat'><strong>6</strong></span> <span class='ocrx_word' id='word_1_568' title='bbox 2703 3615 2909 3683; x_wconf 78' lang='grc' dir='ltr'>δῆμος,</span> <span class='ocrx_word' id='word_1_569' title='bbox 2960 3616 3021 3668; x_wconf 80' lang='grc' dir='ltr'>οὐ</span> <span class='ocrx_word' id='word_1_570' title='bbox 3084 3617 3244 3684; x_wconf 81' lang='grc' dir='ltr'>μόνον</span> <span class='ocrx_word' id='word_1_571' title='bbox 3293 3614 3635 3684; x_wconf 83' lang='grc' dir='ltr'>τειχομαχῶν</span> <span class='ocrx_word' id='word_1_572' title='bbox 3675 3615 3947 3684; x_wconf 77' lang='grc' dir='ltr'>ὁσημέραι</span> 
     </span>
    </p>
   </div>
   <div class='ocr_carea' id='block_1_84' title="bbox 2382 3701 3948 3775">
    <p class='ocr_par' dir='ltr' id='par_1_84' title="bbox 2382 3701 3948 3775">
     <span class='ocr_line' id='line_1_84' title="bbox 2382 3701 3948 3775; baseline 0 -20"><span class='ocrx_word' id='word_1_573' title='bbox 2382 3703 2619 3774; x_wconf 77' lang='grc' dir='ltr'>λυπηρὸς</span> <span class='ocrx_word' id='word_1_574' title='bbox 2649 3704 2725 3773; x_wconf 85' lang='grc' dir='ltr'>τῷ</span> <span class='ocrx_word' id='word_1_575' title='bbox 2755 3704 3017 3775; x_wconf 84' lang='grc' dir='ltr'>βασιλέως</span> <span class='ocrx_word' id='word_1_576' title='bbox 3045 3701 3113 3774; x_wconf 83' lang='grc' dir='ltr'><strong>ἦν</strong></span> <span class='ocrx_word' id='word_1_577' title='bbox 3134 3704 3258 3773; x_wconf 82' lang='grc' dir='ltr'><strong>υίῷ,</strong></span> <span class='ocrx_word' id='word_1_578' title='bbox 3284 3704 3420 3758; x_wconf 86' lang='grc' dir='ltr'><strong>ἀλλά</strong></span> <span class='ocrx_word' id='word_1_579' title='bbox 3449 3706 3545 3757; x_wconf 67' lang='grc' dir='ltr'><strong>καλ⁵</strong></span> <span class='ocrx_word' id='word_1_580' title='bbox 3566 3705 3948 3759; x_wconf 82' lang='grc' dir='ltr'>ἀποσκώπτων</span> 
     </span>
    </p>
   </div>
   <div class='ocr_carea' id='block_1_85' title="bbox 2385 3796 3947 3865">
    <p class='ocr_par' dir='ltr' id='par_1_85' title="bbox 2385 3796 3947 3865">
     <span class='ocr_line' id='line_1_85' title="bbox 2385 3796 3947 3865; baseline -0.001 -17"><span class='ocrx_word' id='word_1_581' title='bbox 2385 3797 2459 3856; x_wconf 83' lang='grc' dir='ltr'><strong>είς</strong></span> <span class='ocrx_word' id='word_1_582' title='bbox 2494 3799 2720 3858; x_wconf 72' lang='grc' dir='ltr'>ἐκεῖνον,</span> <span class='ocrx_word' id='word_1_583' title='bbox 2764 3798 2855 3848; x_wconf 75' lang='grc' dir='ltr'>καὶ</span> <span class='ocrx_word' id='word_1_584' title='bbox 2892 3796 3027 3864; x_wconf 73' lang='grc' dir='ltr'>πρὸς</span> <span class='ocrx_word' id='word_1_585' title='bbox 3071 3796 3229 3865; x_wconf 70' lang='grc' dir='ltr'>ὕϐριν</span> <span class='ocrx_word' id='word_1_586' title='bbox 3262 3797 3729 3865; x_wconf 80' lang='grc' dir='ltr'>προσφερόμενος.</span> <span class='ocrx_word' id='word_1_587' title='bbox 3775 3797 3947 3848; x_wconf 79' lang='grc' dir='ltr'>Ἔνιοι</span> 
     </span>
    </p>
   </div>
   <div class='ocr_carea' id='block_1_86' title="bbox 2384 3881 3949 3957">
    <p class='ocr_par' dir='ltr' id='par_1_86' title="bbox 2384 3881 3949 3957">
     <span class='ocr_line' id='line_1_86' title="bbox 2384 3881 3949 3957; baseline -0.001 -18"><span class='ocrx_word' id='word_1_588' title='bbox 2384 3886 2441 3939; x_wconf 73' lang='grc' dir='ltr'>δὲ</span> <span class='ocrx_word' id='word_1_589' title='bbox 2471 3888 2650 3939; x_wconf 81' lang='grc' dir='ltr'>αὐτῶν</span> <span class='ocrx_word' id='word_1_590' title='bbox 2682 3888 2797 3939; x_wconf 80' lang='grc' dir='ltr'>ὅσοι</span> <span class='ocrx_word' id='word_1_591' title='bbox 2854 3886 2946 3939; x_wconf 68' lang='grc' dir='ltr'>καὶ</span> <span class='ocrx_word' id='word_1_592' title='bbox 3005 3887 3241 3954; x_wconf 76' lang='grc' dir='ltr'>μάλιστα</span> <span class='ocrx_word' id='word_1_593' title='bbox 3275 3886 3485 3950; x_wconf 76' lang='grc' dir='ltr'>δύτνως</span> <span class='ocrx_word' id='word_1_594' title='bbox 3513 3881 3682 3957; x_wconf 74' lang='grc' dir='ltr'>εἶχον,</span> <span class='ocrx_word' id='word_1_595' title='bbox 3714 3886 3808 3940; x_wconf 83' lang='grc' dir='ltr'><strong>καὶ</strong></span> <span class='ocrx_word' id='word_1_596' title='bbox 3855 3904 3949 3938; x_wconf 82' lang='grc' dir='ltr'>πι-</span> 
     </span>
    </p>
   </div>
   <div class='ocr_carea' id='block_1_87' title="bbox 2385 3976 3951 4049">
    <p class='ocr_par' dir='ltr' id='par_1_87' title="bbox 2385 3976 3951 4049">
     <span class='ocr_line' id='line_1_87' title="bbox 2385 3976 3951 4049; baseline 0.001 -19"><span class='ocrx_word' id='word_1_597' title='bbox 2385 3977 2531 4046; x_wconf 81' lang='grc' dir='ltr'>κρῶς</span> <span class='ocrx_word' id='word_1_598' title='bbox 2559 3977 2941 4046; x_wconf 76' lang='grc' dir='ltr'>ἐλοιδοροῦντο,</span> <span class='ocrx_word' id='word_1_599' title='bbox 2988 3979 3084 4032; x_wconf 79' lang='grc' dir='ltr'><strong>καὶ</strong></span> <span class='ocrx_word' id='word_1_600' title='bbox 3135 3978 3272 4047; x_wconf 76' lang='grc' dir='ltr'>πρὸς</span> <span class='ocrx_word' id='word_1_601' title='bbox 3337 3976 3523 4049; x_wconf 78' lang='grc' dir='ltr'>ὕϐρεις</span> <span class='ocrx_word' id='word_1_602' title='bbox 3595 3979 3951 4048; x_wconf 77' lang='grc' dir='ltr'>έξετρέποντο</span> 
     </span>
    </p>
   </div>
   <div class='ocr_carea' id='block_1_88' title="bbox 2385 4070 3951 4141">
    <p class='ocr_par' dir='ltr' id='par_1_88' title="bbox 2385 4070 3951 4141">
     <span class='ocr_line' id='line_1_88' title="bbox 2385 4070 3951 4141; baseline -0.001 -18"><span class='ocrx_word' id='word_1_603' title='bbox 2385 4070 2798 4137; x_wconf 76' lang='grc' dir='ltr'>ἀνελευθέρους.</span> <span class='ocrx_word' id='word_1_604' title='bbox 2832 4071 3286 4140; x_wconf 73' lang='grc' dir='ltr'>Καντακουζηνὺς</span> <span class='ocrx_word' id='word_1_605' title='bbox 3333 4071 3389 4124; x_wconf 69' lang='grc' dir='ltr'>δὲ</span> <span class='ocrx_word' id='word_1_606' title='bbox 3434 4073 3462 4124; x_wconf 89' lang='lat'><strong>6</strong></span> <span class='ocrx_word' id='word_1_607' title='bbox 3516 4070 3793 4141; x_wconf 75' lang='grc' dir='ltr'>βασιλεὺς,</span> <span class='ocrx_word' id='word_1_608' title='bbox 3829 4073 3951 4123; x_wconf 66' lang='lat' dir='ltr'><strong>tusi</strong></span> 
     </span>
    </p>
   </div>
   <div class='ocr_carea' id='block_1_89' title="bbox 2386 4160 3952 4233">
    <p class='ocr_par' dir='ltr' id='par_1_89' title="bbox 2386 4160 3952 4233">
     <span class='ocr_line' id='line_1_89' title="bbox 2386 4160 3952 4233; baseline -0.001 -20"><span class='ocrx_word' id='word_1_609' title='bbox 2386 4160 2610 4213; x_wconf 77' lang='grc' dir='ltr'>πύθοιτο</span> <span class='ocrx_word' id='word_1_610' title='bbox 2650 4161 3106 4229; x_wconf 75' lang='grc' dir='ltr'>πολιορκούμενον</span> <span class='ocrx_word' id='word_1_611' title='bbox 3163 4162 3254 4212; x_wconf 82' lang='grc' dir='ltr'>τὸν</span> <span class='ocrx_word' id='word_1_612' title='bbox 3322 4161 3460 4225; x_wconf 84' lang='grc' dir='ltr'>υίδν,</span> <span class='ocrx_word' id='word_1_613' title='bbox 3522 4162 3617 4215; x_wconf 70' lang='grc' dir='ltr'>καὶ</span> <span class='ocrx_word' id='word_1_614' title='bbox 3683 4163 3952 4233; x_wconf 84' lang='grc' dir='ltr'>πρότερον</span> 
     </span>
    </p>
   </div>
   <div class='ocr_carea' id='block_1_90' title="bbox 2387 4249 3951 4320">
    <p class='ocr_par' dir='ltr' id='par_1_90' title="bbox 2387 4249 3951 4320">
     <span class='ocr_line' id='line_1_90' title="bbox 2387 4249 3951 4320; baseline 0.001 -19"><span class='ocrx_word' id='word_1_615' title='bbox 2387 4252 2907 4320; x_wconf 84' lang='grc' dir='ltr'>παρεσκευασμένος</span> <span class='ocrx_word' id='word_1_616' title='bbox 2953 4252 3029 4305; x_wconf 81' lang='grc' dir='ltr'><strong>ὢν</strong></span> <span class='ocrx_word' id='word_1_617' title='bbox 3072 4250 3163 4303; x_wconf 74' lang='grc' dir='ltr'><strong>ἐπὶ</strong></span> <span class='ocrx_word' id='word_1_618' title='bbox 3194 4252 3292 4318; x_wconf 79' lang='grc' dir='ltr'><strong>τὴν</strong></span> <span class='ocrx_word' id='word_1_619' title='bbox 3340 4249 3539 4315; x_wconf 70' lang='grc' dir='ltr'>ἔξοδον,</span> <span class='ocrx_word' id='word_1_620' title='bbox 3581 4250 3779 4319; x_wconf 70' lang='grc' dir='ltr'>ἐχώρει</span> <span class='ocrx_word' id='word_1_621' title='bbox 3808 4252 3951 4303; x_wconf 75' lang='grc' dir='ltr'><strong>κατά</strong></span> 
     </span>
    </p>
   </div>
   <div class='ocr_carea' id='block_1_91' title="bbox 2385 4339 3951 4410">
    <p class='ocr_par' dir='ltr' id='par_1_91' title="bbox 2385 4339 3951 4410">
     <span class='ocr_line' id='line_1_91' title="bbox 2385 4339 3951 4410; baseline 0.002 -18"><span class='ocrx_word' id='word_1_622' title='bbox 2385 4339 2549 4409; x_wconf 84' lang='grc' dir='ltr'>τάχος</span> <span class='ocrx_word' id='word_1_623' title='bbox 2600 4341 2693 4392; x_wconf 70' lang='grc' dir='ltr'><strong>ἐπὶ</strong></span> <span class='ocrx_word' id='word_1_624' title='bbox 2740 4342 2837 4409; x_wconf 80' lang='grc' dir='ltr'><strong>τὴν</strong></span> <span class='ocrx_word' id='word_1_625' title='bbox 2881 4339 3197 4409; x_wconf 69' lang='grc' dir='ltr'>Ἀδριανοῦ·</span> <span class='ocrx_word' id='word_1_626' title='bbox 3250 4340 3510 4407; x_wconf 82' lang='grc' dir='ltr'>στρατιάν</span> <span class='ocrx_word' id='word_1_627' title='bbox 3556 4356 3617 4391; x_wconf 88' lang='grc' dir='ltr'><strong>τε</strong></span> <span class='ocrx_word' id='word_1_628' title='bbox 3662 4340 3951 4410; x_wconf 82' lang='grc' dir='ltr'>Ῥωμαίων</span> 
     </span>
    </p>
   </div>
   <div class='ocr_carea' id='block_1_92' title="bbox 730 4424 2396 4507">
    <p class='ocr_par' dir='ltr' id='par_1_92' title="bbox 730 4429 2396 4507">
     <span class='ocr_line' id='line_1_92' title="bbox 730 4429 2396 4507; baseline 0.005 -31"><span class='ocrx_word' id='word_1_629' title='bbox 730 4429 900 4496; x_wconf 84' lang='lat' dir='ltr'><strong>pridie</strong></span> <span class='ocrx_word' id='word_1_630' title='bbox 930 4446 990 4482; x_wconf 91' lang='lat' dir='ltr'><strong>ea</strong></span> <span class='ocrx_word' id='word_1_631' title='bbox 1039 4430 1222 4484; x_wconf 87' lang='lat' dir='ltr'><strong>relicta</strong></span> <span class='ocrx_word' id='word_1_632' title='bbox 1254 4431 1679 4484; x_wconf 86' lang='lat' dir='ltr'><strong>Zcrnomianum</strong></span> <span class='ocrx_word' id='word_1_633' title='bbox 1724 4431 1935 4494; x_wconf 87' lang='lat' dir='ltr'><strong>abiens,</strong></span> <span class='ocrx_word' id='word_1_634' title='bbox 1971 4448 2000 4486; x_wconf 86' lang='lat' dir='ltr'><strong>a</strong></span> <span class='ocrx_word' id='word_1_635' title='bbox 2026 4433 2284 4501; x_wconf 73' lang='lat' dir='ltr'><strong>praefecto</strong></span> <span class='ocrx_word' id='word_1_636' title='bbox 2318 4452 2358 4507; x_wconf 77' lang='grc' dir='ltr'><strong>υ</strong></span> <span class='ocrx_word' id='word_1_637' title='bbox 2388 4434 2396 4484; x_wconf 78' lang='lat' dir='ltr'><strong>i</strong></span> 
     </span>
    </p>
   </div>
   <div class='ocr_carea' id='block_1_93' title="bbox 2284 4424 3950 4507">
    <p class='ocr_par' dir='ltr' id='par_1_93' title="bbox 2318 4424 3950 4507">
     <span class='ocr_line' id='line_1_93' title="bbox 2318 4424 3950 4507; baseline -0.002 -22"><span class='ocrx_word' id='word_1_638' title='bbox 2318 4452 2358 4507; x_wconf 76' lang='grc' dir='ltr'><strong>υ</strong></span> <span class='ocrx_word' id='word_1_639' title='bbox 2388 4432 2535 4497; x_wconf 77' lang='grc' dir='ltr'>ἄγων</span> <span class='ocrx_word' id='word_1_640' title='bbox 2563 4424 2642 4491; x_wconf 82' lang='grc' dir='ltr'><strong>οἷς</strong></span> <span class='ocrx_word' id='word_1_641' title='bbox 2672 4430 2908 4500; x_wconf 82' lang='grc' dir='ltr'>μάλιστα</span> <span class='ocrx_word' id='word_1_642' title='bbox 2939 4430 3187 4499; x_wconf 69' lang='grc' dir='ltr'>ἐθάρρει,</span> <span class='ocrx_word' id='word_1_643' title='bbox 3218 4430 3311 4480; x_wconf 74' lang='grc' dir='ltr'><strong>καὶ</strong></span> <span class='ocrx_word' id='word_1_644' title='bbox 3357 4427 3632 4498; x_wconf 78' lang='grc' dir='ltr'><strong>Περσικὴν</strong></span> <span class='ocrx_word' id='word_1_645' title='bbox 3663 4429 3855 4499; x_wconf 84' lang='grc' dir='ltr'>ὀλίγην</span> <span class='ocrx_word' id='word_1_646' title='bbox 3884 4432 3950 4500; x_wconf 71' lang='grc' dir='ltr'><strong>ἣν</strong></span> 
     </span>
    </p>
   </div>
   <div class='ocr_carea' id='block_1_94' title="bbox 728 4519 2286 4592">
    <p class='ocr_par' dir='ltr' id='par_1_94' title="bbox 728 4519 2286 4592">
     <span class='ocr_line' id='line_1_94' title="bbox 728 4519 2286 4592; baseline 0.006 -22"><span class='ocrx_word' id='word_1_647' title='bbox 728 4519 1047 4572; x_wconf 87' lang='lat' dir='ltr'><strong>transditam</strong></span> <span class='ocrx_word' id='word_1_648' title='bbox 1098 4521 1357 4575; x_wconf 90' lang='lat' dir='ltr'><strong>obtinuit.</strong></span> <span class='ocrx_word' id='word_1_649' title='bbox 1412 4522 1541 4575; x_wconf 89' lang='lat' dir='ltr'><strong>Inde</strong></span> <span class='ocrx_word' id='word_1_650' title='bbox 1595 4522 2069 4592; x_wconf 72' lang='lat' dir='ltr'><strong>Didymotichutu,</strong></span> <span class='ocrx_word' id='word_1_651' title='bbox 2108 4524 2286 4579; x_wconf 87' lang='lat' dir='ltr'><strong>Persis</strong></span> 
     </span>
    </p>
   </div>
   <div class='ocr_carea' id='block_1_95' title="bbox 726 4609 2283 4679">
    <p class='ocr_par' dir='ltr' id='par_1_95' title="bbox 726 4609 2283 4679">
     <span class='ocr_line' id='line_1_95' title="bbox 726 4609 2283 4679; baseline 0.006 -18"><span class='ocrx_word' id='word_1_652' title='bbox 726 4609 1076 4676; x_wconf 78' lang='lat' dir='ltr'><strong>Adrianopoli</strong></span> <span class='ocrx_word' id='word_1_653' title='bbox 1108 4651 1121 4675; x_wconf 92' lang='lat'><strong>,</strong></span> <span class='ocrx_word' id='word_1_654' title='bbox 1187 4626 1284 4664; x_wconf 88' lang='lat' dir='ltr'><strong>nec</strong></span> <span class='ocrx_word' id='word_1_655' title='bbox 1334 4612 1521 4679; x_wconf 89' lang='lat' dir='ltr'><strong>paucis</strong></span> <span class='ocrx_word' id='word_1_656' title='bbox 1574 4613 1940 4666; x_wconf 79' lang='lat' dir='ltr'><strong>Romanorum</strong></span> <span class='ocrx_word' id='word_1_657' title='bbox 1978 4613 2042 4666; x_wconf 90' lang='lat' dir='ltr'><strong>ad</strong></span> <span class='ocrx_word' id='word_1_658' title='bbox 2092 4615 2283 4670; x_wconf 82' lang='lat' dir='ltr'><strong>urbem</strong></span> 
     </span>
    </p>
   </div>
   <div class='ocr_carea' id='block_1_96' title="bbox 727 4698 2289 4772">
    <p class='ocr_par' dir='ltr' id='par_1_96' title="bbox 727 4698 2289 4772">
     <span class='ocr_line' id='line_1_96' title="bbox 727 4698 2289 4772; baseline 0.006 -23"><span class='ocrx_word' id='word_1_659' title='bbox 727 4698 1139 4751; x_wconf 66' lang='lat' dir='ltr'><strong>custodiendam</strong></span> <span class='ocrx_word' id='word_1_660' title='bbox 1177 4702 1404 4766; x_wconf 90' lang='lat' dir='ltr'><strong>relictis,</strong></span> <span class='ocrx_word' id='word_1_661' title='bbox 1436 4702 1714 4757; x_wconf 89' lang='lat' dir='ltr'><strong>discessit.</strong></span> <span class='ocrx_word' id='word_1_662' title='bbox 1748 4704 1843 4756; x_wconf 90' lang='lat' dir='ltr'><strong>Die</strong></span> <span class='ocrx_word' id='word_1_663' title='bbox 1869 4705 2116 4772; x_wconf 86' lang='lat' dir='ltr'><strong>sequenti</strong></span> <span class='ocrx_word' id='word_1_664' title='bbox 2150 4706 2289 4759; x_wconf 85' lang='lat' dir='ltr'><strong>Can-</strong></span> 
     </span>
    </p>
   </div>
   <div class='ocr_carea' id='block_1_97' title="bbox 729 4793 2285 4864">
    <p class='ocr_par' dir='ltr' id='par_1_97' title="bbox 729 4793 2285 4864">
     <span class='ocr_line' id='line_1_97' title="bbox 729 4793 2285 4864; baseline 0.007 -25"><span class='ocrx_word' id='word_1_665' title='bbox 729 4799 1022 4841; x_wconf 80' lang='lat' dir='ltr'><strong>t:-cnzcnns</strong></span> <span class='ocrx_word' id='word_1_666' title='bbox 1057 4806 1119 4843; x_wconf 87' lang='lat' dir='ltr'><strong>eo</strong></span> <span class='ocrx_word' id='word_1_667' title='bbox 1149 4793 1372 4845; x_wconf 79' lang='lat' dir='ltr'><strong>veniens</strong></span> <span class='ocrx_word' id='word_1_668' title='bbox 1394 4832 1408 4854; x_wconf 89' lang='lat'><strong>,</strong></span> <span class='ocrx_word' id='word_1_669' title='bbox 1457 4808 1578 4846; x_wconf 89' lang='lat' dir='ltr'><strong>cttm</strong></span> <span class='ocrx_word' id='word_1_670' title='bbox 1631 4794 1877 4848; x_wconf 87' lang='lat' dir='ltr'><strong>audisset</strong></span> <span class='ocrx_word' id='word_1_671' title='bbox 1933 4809 2194 4864; x_wconf 81' lang='lat' dir='ltr'><strong>generum</strong></span> <span class='ocrx_word' id='word_1_672' title='bbox 2227 4812 2285 4850; x_wconf 89' lang='lat' dir='ltr'><strong>se</strong></span> 
     </span>
    </p>
   </div>
   <div class='ocr_carea' id='block_1_98' title="bbox 730 4881 2285 4951">
    <p class='ocr_par' dir='ltr' id='par_1_98' title="bbox 730 4881 2285 4951">
     <span class='ocr_line' id='line_1_98' title="bbox 730 4881 2285 4951; baseline 0.008 -24"><span class='ocrx_word' id='word_1_673' title='bbox 730 4881 1085 4948; x_wconf 78' lang='lat' dir='ltr'><strong>proripuisse,</strong></span> <span class='ocrx_word' id='word_1_674' title='bbox 1121 4899 1215 4951; x_wconf 86' lang='lat' dir='ltr'><strong>per</strong></span> <span class='ocrx_word' id='word_1_675' title='bbox 1244 4883 1660 4937; x_wconf 82' lang='lat' dir='ltr'><strong>caduceatorem</strong></span> <span class='ocrx_word' id='word_1_676' title='bbox 1701 4884 1848 4939; x_wconf 80' lang='lat' dir='ltr'><strong>cives</strong></span> <span class='ocrx_word' id='word_1_677' title='bbox 1879 4886 2128 4943; x_wconf 88' lang='lat' dir='ltr'><strong>hortatus</strong></span> <span class='ocrx_word' id='word_1_678' title='bbox 2178 4896 2285 4951; x_wconf 81' lang='lat' dir='ltr'><strong>est,</strong></span> 
     </span>
    </p>
   </div>
   <div class='ocr_carea' id='block_1_99' title="bbox 732 4970 2287 5043">
    <p class='ocr_par' dir='ltr' id='par_1_99' title="bbox 732 4970 2287 5043">
     <span class='ocr_line' id='line_1_99' title="bbox 732 4970 2287 5043; baseline 0.01 -25"><span class='ocrx_word' id='word_1_679' title='bbox 732 4971 807 5021; x_wconf 90' lang='lat' dir='ltr'><strong>uti</strong></span> <span class='ocrx_word' id='word_1_680' title='bbox 837 4970 902 5022; x_wconf 88' lang='lat' dir='ltr'><strong>ad</strong></span> <span class='ocrx_word' id='word_1_681' title='bbox 929 4986 987 5024; x_wconf 90' lang='lat' dir='ltr'><strong>sc</strong></span> <span class='ocrx_word' id='word_1_682' title='bbox 1019 4973 1313 5026; x_wconf 88' lang='lat' dir='ltr'><strong>transirent</strong></span> <span class='ocrx_word' id='word_1_683' title='bbox 1338 5012 1353 5034; x_wconf 85' lang='lat'><strong>,</strong></span> <span class='ocrx_word' id='word_1_684' title='bbox 1388 4975 1689 5043; x_wconf 88' lang='lat' dir='ltr'><strong>urbemque</strong></span> <span class='ocrx_word' id='word_1_685' title='bbox 1739 4975 2023 5029; x_wconf 85' lang='lat' dir='ltr'><strong>dederent.</strong></span> <span class='ocrx_word' id='word_1_686' title='bbox 2056 4976 2190 5033; x_wconf 81' lang='lat' dir='ltr'><strong>Nam</strong></span> <span class='ocrx_word' id='word_1_687' title='bbox 2221 4992 2287 5033; x_wconf 75' lang='lat' dir='ltr'><strong>ex</strong></span> 
     </span>
    </p>
   </div>
   <div class='ocr_carea' id='block_1_100' title="bbox 732 5060 2287 5135">
    <p class='ocr_par' dir='ltr' id='par_1_100' title="bbox 732 5060 2287 5135">
     <span class='ocr_line' id='line_1_100' title="bbox 732 5060 2287 5135; baseline 0.005 -24"><span class='ocrx_word' id='word_1_688' title='bbox 732 5060 935 5127; x_wconf 84' lang='lat' dir='ltr'><strong>impetu</strong></span> <span class='ocrx_word' id='word_1_689' title='bbox 963 5062 1128 5113; x_wconf 88' lang='lat' dir='ltr'><strong>anitni</strong></span> <span class='ocrx_word' id='word_1_690' title='bbox 1171 5063 1593 5128; x_wconf 86' lang='lat' dir='ltr'><strong>inconsiderato,</strong></span> <span class='ocrx_word' id='word_1_691' title='bbox 1622 5075 1677 5118; x_wconf 89' lang='lat' dir='ltr'><strong>et</strong></span> <span class='ocrx_word' id='word_1_692' title='bbox 1711 5068 1929 5119; x_wconf 76' lang='lat' dir='ltr'><strong>vesania</strong></span> <span class='ocrx_word' id='word_1_693' title='bbox 1972 5081 2066 5135; x_wconf 87' lang='lat' dir='ltr'><strong>per</strong></span> <span class='ocrx_word' id='word_1_694' title='bbox 2098 5083 2154 5119; x_wconf 89' lang='lat' dir='ltr'><strong>se</strong></span> <span class='ocrx_word' id='word_1_695' title='bbox 2184 5070 2287 5120; x_wconf 89' lang='lat' dir='ltr'><strong>im-</strong></span> 
     </span>
    </p>
   </div>
   <div class='ocr_carea' id='block_1_101' title="bbox 732 5154 2289 5223">
    <p class='ocr_par' dir='ltr' id='par_1_101' title="bbox 732 5154 2289 5223">
     <span class='ocr_line' id='line_1_101' title="bbox 732 5154 2289 5223; baseline 0.007 -23"><span class='ocrx_word' id='word_1_696' title='bbox 732 5162 1039 5220; x_wconf 78' lang='lat' dir='ltr'><strong>peratorem</strong></span> <span class='ocrx_word' id='word_1_697' title='bbox 1077 5154 1324 5221; x_wconf 72' lang='lat' dir='ltr'><strong>ingressu</strong></span> <span class='ocrx_word' id='word_1_698' title='bbox 1356 5157 1729 5223; x_wconf 86' lang='lat' dir='ltr'><strong>prohibituros</strong></span> <span class='ocrx_word' id='word_1_699' title='bbox 1755 5157 2025 5219; x_wconf 87' lang='lat' dir='ltr'><strong>arbitrati,</strong></span> <span class='ocrx_word' id='word_1_700' title='bbox 2045 5159 2136 5211; x_wconf 90' lang='lat' dir='ltr'><strong>alii</strong></span> <span class='ocrx_word' id='word_1_701' title='bbox 2163 5168 2289 5213; x_wconf 87' lang='lat' dir='ltr'><strong>ante</strong></span> 
     </span>
    </p>
   </div>
   <div class='ocr_carea' id='block_1_102' title="bbox 736 5244 2290 5313">
    <p class='ocr_par' dir='ltr' id='par_1_102' title="bbox 736 5244 2290 5313">
     <span class='ocr_line' id='line_1_102' title="bbox 736 5244 2290 5313; baseline 0.007 -23"><span class='ocrx_word' id='word_1_702' title='bbox 736 5253 915 5308; x_wconf 85' lang='lat' dir='ltr'><strong>portas</strong></span> <span class='ocrx_word' id='word_1_703' title='bbox 943 5244 1137 5295; x_wconf 85' lang='lat' dir='ltr'><strong>armati</strong></span> <span class='ocrx_word' id='word_1_704' title='bbox 1171 5245 1385 5297; x_wconf 86' lang='lat' dir='ltr'><strong>stabant</strong></span> <span class='ocrx_word' id='word_1_705' title='bbox 1411 5245 1714 5313; x_wconf 87' lang='lat' dir='ltr'><strong>dispertitis</strong></span> <span class='ocrx_word' id='word_1_706' title='bbox 1748 5247 2057 5310; x_wconf 87' lang='lat' dir='ltr'><strong>ordinibus,</strong></span> <span class='ocrx_word' id='word_1_707' title='bbox 2082 5246 2290 5301; x_wconf 83' lang='lat' dir='ltr'><strong>admix-</strong></span> 
     </span>
    </p>
   </div>
   <div class='ocr_carea' id='block_1_103' title="bbox 731 5334 2288 5407">
    <p class='ocr_par' dir='ltr' id='par_1_103' title="bbox 731 5334 2288 5407">
     <span class='ocr_line' id='line_1_103' title="bbox 731 5334 2288 5407; baseline 0.003 -20"><span class='ocrx_word' id='word_1_708' title='bbox 731 5338 831 5387; x_wconf 63' lang='lat' dir='ltr'><strong>stis</strong></span> <span class='ocrx_word' id='word_1_709' title='bbox 852 5334 1013 5386; x_wconf 90' lang='lat' dir='ltr'><strong>ctiam</strong></span> <span class='ocrx_word' id='word_1_710' title='bbox 1052 5336 1231 5389; x_wconf 84' lang='lat' dir='ltr'><strong>Persis</strong></span> <span class='ocrx_word' id='word_1_711' title='bbox 1270 5338 1432 5390; x_wconf 83' lang='lat' dir='ltr'><strong>sociis</strong></span> <span class='ocrx_word' id='word_1_712' title='bbox 1472 5339 1568 5389; x_wconf 86' lang='lat' dir='ltr'><strong>:in</strong></span> <span class='ocrx_word' id='word_1_713' title='bbox 1604 5339 1776 5391; x_wconf 86' lang='lat' dir='ltr'><strong>ntnris</strong></span> <span class='ocrx_word' id='word_1_714' title='bbox 1815 5352 1995 5394; x_wconf 89' lang='lat' dir='ltr'><strong>autem</strong></span> <span class='ocrx_word' id='word_1_715' title='bbox 2027 5340 2288 5407; x_wconf 78' lang='lat' dir='ltr'><strong>sagittarii</strong></span> 
     </span>
    </p>
   </div>
   <div class='ocr_carea' id='block_1_104' title="bbox 732 5425 2287 5496">
    <p class='ocr_par' dir='ltr' id='par_1_104' title="bbox 732 5425 2287 5496">
     <span class='ocr_line' id='line_1_104' title="bbox 732 5425 2287 5496; baseline 0.004 -21"><span class='ocrx_word' id='word_1_716' title='bbox 732 5425 1007 5491; x_wconf 77' lang='lat' dir='ltr'><strong>dispositi,</strong></span> <span class='ocrx_word' id='word_1_717' title='bbox 1042 5438 1095 5479; x_wconf 88' lang='lat' dir='ltr'><strong>et</strong></span> <span class='ocrx_word' id='word_1_718' title='bbox 1128 5428 1455 5496; x_wconf 87' lang='lat' dir='ltr'><strong>imperatore</strong></span> <span class='ocrx_word' id='word_1_719' title='bbox 1496 5430 1744 5482; x_wconf 90' lang='lat' dir='ltr'><strong>hortante</strong></span> <span class='ocrx_word' id='word_1_720' title='bbox 1777 5430 1850 5481; x_wconf 91' lang='lat' dir='ltr'><strong>uti</strong></span> <span class='ocrx_word' id='word_1_721' title='bbox 1883 5444 1940 5481; x_wconf 91' lang='lat' dir='ltr'><strong>se</strong></span> <span class='ocrx_word' id='word_1_722' title='bbox 1983 5429 2247 5481; x_wconf 88' lang='lat' dir='ltr'><strong>dederent</strong></span> <span class='ocrx_word' id='word_1_723' title='bbox 2273 5469 2287 5492; x_wconf 83' lang='lat'><strong>,</strong></span> 
     </span>
    </p>
   </div>
   <div class='ocr_carea' id='block_1_105' title="bbox 737 5516 2290 5588">
    <p class='ocr_par' dir='ltr' id='par_1_105' title="bbox 737 5516 2290 5588">
     <span class='ocr_line' id='line_1_105' title="bbox 737 5516 2290 5588; baseline 0.005 -24"><span class='ocrx_word' id='word_1_724' title='bbox 737 5526 944 5567; x_wconf 86' lang='lat' dir='ltr'><strong>tantum</strong></span> <span class='ocrx_word' id='word_1_725' title='bbox 1006 5516 1160 5568; x_wconf 83' lang='lat' dir='ltr'><strong>abest</strong></span> <span class='ocrx_word' id='word_1_726' title='bbox 1208 5527 1262 5569; x_wconf 93' lang='lat' dir='ltr'><strong>ut</strong></span> <span class='ocrx_word' id='word_1_727' title='bbox 1311 5529 1585 5586; x_wconf 88' lang='lat' dir='ltr'><strong>parerent,</strong></span> <span class='ocrx_word' id='word_1_728' title='bbox 1621 5529 1675 5569; x_wconf 89' lang='lat' dir='ltr'><strong>ot</strong></span> <span class='ocrx_word' id='word_1_729' title='bbox 1712 5529 1765 5570; x_wconf 88' lang='lat' dir='ltr'><strong>et</strong></span> <span class='ocrx_word' id='word_1_730' title='bbox 1812 5535 2044 5587; x_wconf 80' lang='lat' dir='ltr'><strong>pugnant</strong></span> <span class='ocrx_word' id='word_1_731' title='bbox 2080 5518 2290 5588; x_wconf 87' lang='lat' dir='ltr'><strong>sagittis</strong></span> 
     </span>
    </p>
   </div>
   <div class='ocr_carea' id='block_1_106' title="bbox 732 5604 2292 5677">
    <p class='ocr_par' dir='ltr' id='par_1_106' title="bbox 732 5604 2292 5677">
     <span class='ocr_line' id='line_1_106' title="bbox 732 5604 2292 5677; baseline 0.006 -23"><span class='ocrx_word' id='word_1_732' title='bbox 732 5604 999 5673; x_wconf 76' lang='lat' dir='ltr'><strong>jariendis</strong></span> <span class='ocrx_word' id='word_1_733' title='bbox 1048 5607 1381 5661; x_wconf 78' lang='lat' dir='ltr'><strong>ordirentur.</strong></span> <span class='ocrx_word' id='word_1_734' title='bbox 1424 5607 1668 5662; x_wconf 80' lang='lat' dir='ltr'><strong>Cernetis</strong></span> <span class='ocrx_word' id='word_1_735' title='bbox 1704 5609 1997 5677; x_wconf 87' lang='lat' dir='ltr'><strong>imperator</strong></span> <span class='ocrx_word' id='word_1_736' title='bbox 2028 5612 2292 5664; x_wconf 79' lang='lat' dir='ltr'><strong>adversus</strong></span> 
     </span>
    </p>
   </div>
   <div class='ocr_carea' id='block_1_107' title="bbox 732 5700 2288 5773">
    <p class='ocr_par' dir='ltr' id='par_1_107' title="bbox 732 5700 2288 5773">
     <span class='ocr_line' id='line_1_107' title="bbox 732 5700 2288 5773; baseline 0.003 -23"><span class='ocrx_word' id='word_1_737' title='bbox 732 5702 870 5752; x_wconf 73' lang='lat' dir='ltr'><strong>adeo</strong></span> <span class='ocrx_word' id='word_1_738' title='bbox 902 5700 1151 5769; x_wconf 81' lang='lat' dir='ltr'><strong>stupidus</strong></span> <span class='ocrx_word' id='word_1_739' title='bbox 1185 5702 1354 5755; x_wconf 79' lang='lat' dir='ltr'><strong>armis</strong></span> <span class='ocrx_word' id='word_1_740' title='bbox 1381 5717 1517 5771; x_wconf 85' lang='lat' dir='ltr'><strong>opus</strong></span> <span class='ocrx_word' id='word_1_741' title='bbox 1544 5716 1689 5768; x_wconf 73' lang='lat' dir='ltr'><strong>CSse,</strong></span> <span class='ocrx_word' id='word_1_742' title='bbox 1720 5701 1935 5773; x_wconf 73' lang='lat' dir='ltr'><strong>signum</strong></span> <span class='ocrx_word' id='word_1_743' title='bbox 1968 5717 2158 5772; x_wconf 68' lang='lat' dir='ltr'><strong>pugna:</strong></span> <span class='ocrx_word' id='word_1_744' title='bbox 2182 5702 2288 5767; x_wconf 84' lang='lat' dir='ltr'><strong>dat,</strong></span> 
     </span>
    </p>
   </div>
   <div class='ocr_carea' id='block_1_108' title="bbox 2398 4518 3951 4589">
    <p class='ocr_par' dir='ltr' id='par_1_108' title="bbox 2398 4518 3951 4589">
     <span class='ocr_line' id='line_1_108' title="bbox 2398 4518 3951 4589; baseline -0.001 -16"><span class='ocrx_word' id='word_1_745' title='bbox 2398 4520 2662 4589; x_wconf 78' lang='grc' dir='ltr'>Ὀρχάνης</span> <span class='ocrx_word' id='word_1_746' title='bbox 2696 4522 2723 4571; x_wconf 91' lang='lat'><strong>6</strong></span> <span class='ocrx_word' id='word_1_747' title='bbox 2750 4519 2997 4587; x_wconf 71' lang='grc' dir='ltr'>γαμϐρὸς</span> <span class='ocrx_word' id='word_1_748' title='bbox 3021 4518 3322 4587; x_wconf 86' lang='grc' dir='ltr'>παρέσχετο</span> <span class='ocrx_word' id='word_1_749' title='bbox 3347 4518 3650 4587; x_wconf 75' lang='grc' dir='ltr'>αἰτήσαντι.</span> <span class='ocrx_word' id='word_1_750' title='bbox 3668 4518 3791 4571; x_wconf 71' lang='grc' dir='ltr'><strong>Ἐπὶ</strong></span> <span class='ocrx_word' id='word_1_751' title='bbox 3823 4523 3951 4571; x_wconf 77' lang='grc' dir='ltr'>του-</span> 
     </span>
    </p>
   </div>
   <div class='ocr_carea' id='block_1_109' title="bbox 2385 4607 3952 4678">
    <p class='ocr_par' dir='ltr' id='par_1_109' title="bbox 2385 4607 3952 4678">
     <span class='ocr_line' id='line_1_109' title="bbox 2385 4607 3952 4678; baseline 0 -17"><span class='ocrx_word' id='word_1_752' title='bbox 2385 4626 2498 4672; x_wconf 84' lang='grc' dir='ltr'>τοις</span> <span class='ocrx_word' id='word_1_753' title='bbox 2540 4610 2596 4662; x_wconf 79' lang='grc' dir='ltr'>δὲ</span> <span class='ocrx_word' id='word_1_754' title='bbox 2624 4609 2715 4662; x_wconf 80' lang='grc' dir='ltr'>καὶ</span> <span class='ocrx_word' id='word_1_755' title='bbox 2747 4609 2899 4678; x_wconf 84' lang='grc' dir='ltr'>λόχον</span> <span class='ocrx_word' id='word_1_756' title='bbox 2925 4611 2987 4660; x_wconf 82' lang='grc' dir='ltr'>ἐκ</span> <span class='ocrx_word' id='word_1_757' title='bbox 3020 4608 3367 4673; x_wconf 80' lang='grc' dir='ltr'>Κατελάνων,</span> <span class='ocrx_word' id='word_1_758' title='bbox 3398 4607 3447 4660; x_wconf 87' lang='grc' dir='ltr'><strong>οἶ</strong></span> <span class='ocrx_word' id='word_1_759' title='bbox 3474 4607 3853 4671; x_wconf 83' lang='grc' dir='ltr'>ὑπελείποντο,</span> <span class='ocrx_word' id='word_1_760' title='bbox 3894 4612 3952 4661; x_wconf 80' lang='grc' dir='ltr'><strong>ἐν</strong></span> 
     </span>
    </p>
   </div>
   <div class='ocr_carea' id='block_1_110' title="bbox 2387 4701 3951 4771">
    <p class='ocr_par' dir='ltr' id='par_1_110' title="bbox 2387 4701 3951 4771">
     <span class='ocr_line' id='line_1_110' title="bbox 2387 4701 3951 4771; baseline -0.003 -14"><span class='ocrx_word' id='word_1_761' title='bbox 2387 4702 2663 4771; x_wconf 73' lang='grc' dir='ltr'>Βυζαντίῳ</span> <span class='ocrx_word' id='word_1_762' title='bbox 2693 4703 2800 4755; x_wconf 80' lang='grc' dir='ltr'>ἀπὸ</span> <span class='ocrx_word' id='word_1_763' title='bbox 2829 4702 2937 4755; x_wconf 77' lang='grc' dir='ltr'><strong>τῶν</strong></span> <span class='ocrx_word' id='word_1_764' title='bbox 2969 4703 3260 4771; x_wconf 78' lang='grc' dir='ltr'>τριήρεων.</span> <span class='ocrx_word' id='word_1_765' title='bbox 3319 4701 3581 4763; x_wconf 78' lang='grc' dir='ltr'>Βασιλεὺς</span> <span class='ocrx_word' id='word_1_766' title='bbox 3634 4701 3689 4753; x_wconf 75' lang='grc' dir='ltr'>δὲ</span> <span class='ocrx_word' id='word_1_767' title='bbox 3738 4703 3765 4752; x_wconf 85' lang='grc' dir='ltr'><strong>ό</strong></span> <span class='ocrx_word' id='word_1_768' title='bbox 3804 4701 3951 4764; x_wconf 84' lang='grc' dir='ltr'>νέος,</span> 
     </span>
    </p>
   </div>
   <div class='ocr_carea' id='block_1_111' title="bbox 2389 4792 3950 4861">
    <p class='ocr_par' dir='ltr' id='par_1_111' title="bbox 2389 4792 3950 4861">
     <span class='ocr_line' id='line_1_111' title="bbox 2389 4792 3950 4861; baseline -0.003 -13"><span class='ocrx_word' id='word_1_769' title='bbox 2389 4797 2510 4849; x_wconf 68' lang='grc' dir='ltr'>ἐπεὶ</span> <span class='ocrx_word' id='word_1_770' title='bbox 2564 4796 2786 4851; x_wconf 76' lang='grc' dir='ltr'>πύθοιτο</span> <span class='ocrx_word' id='word_1_771' title='bbox 2846 4795 3067 4859; x_wconf 76' lang='grc' dir='ltr'>βασιλέα</span> <span class='ocrx_word' id='word_1_772' title='bbox 3123 4796 3171 4846; x_wconf 77' lang='grc' dir='ltr'>οἱ</span> <span class='ocrx_word' id='word_1_773' title='bbox 3228 4793 3449 4846; x_wconf 82' lang='grc' dir='ltr'>ἐπιόντα</span> <span class='ocrx_word' id='word_1_774' title='bbox 3510 4795 3603 4845; x_wconf 82' lang='grc' dir='ltr'>τὸν</span> <span class='ocrx_word' id='word_1_775' title='bbox 3660 4792 3950 4861; x_wconf 75' lang='grc' dir='ltr'>κηδεστὴν,</span> 
     </span>
    </p>
   </div>
   <div class='ocr_carea' id='block_1_112' title="bbox 2387 4880 3953 4951">
    <p class='ocr_par' dir='ltr' id='par_1_112' title="bbox 2387 4880 3953 4951">
     <span class='ocr_line' id='line_1_112' title="bbox 2387 4880 3953 4951; baseline -0.001 -15"><span class='ocrx_word' id='word_1_776' title='bbox 2387 4884 2559 4945; x_wconf 78' lang='grc' dir='ltr'>ἄλλως</span> <span class='ocrx_word' id='word_1_777' title='bbox 2589 4901 2646 4935; x_wconf 80' lang='grc' dir='ltr'><strong>τε</strong></span> <span class='ocrx_word' id='word_1_778' title='bbox 2676 4884 2775 4935; x_wconf 73' lang='grc' dir='ltr'><strong>οὐκ</strong></span> <span class='ocrx_word' id='word_1_779' title='bbox 2807 4884 3100 4951; x_wconf 78' lang='grc' dir='ltr'>ἀξιόμαχος</span> <span class='ocrx_word' id='word_1_780' title='bbox 3122 4880 3217 4947; x_wconf 81' lang='grc' dir='ltr'><strong>ὣν,</strong></span> <span class='ocrx_word' id='word_1_781' title='bbox 3250 4883 3343 4933; x_wconf 73' lang='grc' dir='ltr'><strong>καὶ</strong></span> <span class='ocrx_word' id='word_1_782' title='bbox 3374 4881 3470 4950; x_wconf 81' lang='grc' dir='ltr'>τῆς</span> <span class='ocrx_word' id='word_1_783' title='bbox 3504 4881 3680 4949; x_wconf 74' lang='grc' dir='ltr'>ἄκρας</span> <span class='ocrx_word' id='word_1_784' title='bbox 3715 4881 3953 4947; x_wconf 77' lang='grc' dir='ltr'>μάλιστα</span> 
     </span>
    </p>
   </div>
   <div class='ocr_carea' id='block_1_113' title="bbox 2388 4969 3955 5042">
    <p class='ocr_par' dir='ltr' id='par_1_113' title="bbox 2388 4969 3955 5042">
     <span class='ocr_line' id='line_1_113' title="bbox 2388 4969 3955 5042; baseline -0.002 -18"><span class='ocrx_word' id='word_1_785' title='bbox 2388 4973 2781 5042; x_wconf 83' lang='grc' dir='ltr'>κατεχομένης,</span> <span class='ocrx_word' id='word_1_786' title='bbox 2816 4972 2998 5034; x_wconf 80' lang='grc' dir='ltr'>δείσας</span> <span class='ocrx_word' id='word_1_787' title='bbox 3042 4971 3116 5039; x_wconf 81' lang='grc' dir='ltr'>μὴ</span> <span class='ocrx_word' id='word_1_788' title='bbox 3167 4969 3393 5024; x_wconf 81' lang='grc' dir='ltr'>αὐτόθεν</span> <span class='ocrx_word' id='word_1_789' title='bbox 3443 4969 3643 5039; x_wconf 74' lang='grc' dir='ltr'>ῥᾳδίως</span> <span class='ocrx_word' id='word_1_790' title='bbox 3675 4969 3955 5022; x_wconf 86' lang='grc' dir='ltr'>ἁλίσκοιτο</span> 
     </span>
    </p>
   </div>
   <div class='ocr_carea' id='block_1_114' title="bbox 2391 5058 3955 5135">
    <p class='ocr_par' dir='ltr' id='par_1_114' title="bbox 2391 5058 3955 5135">
     <span class='ocr_line' id='line_1_114' title="bbox 2391 5058 3955 5135; baseline -0.002 -20"><span class='ocrx_word' id='word_1_791' title='bbox 2391 5067 2423 5130; x_wconf 74' lang='grc' dir='ltr'><strong>ἡ</strong></span> <span class='ocrx_word' id='word_1_792' title='bbox 2456 5066 2628 5127; x_wconf 80' lang='grc' dir='ltr'>πόλις,</span> <span class='ocrx_word' id='word_1_793' title='bbox 2674 5065 2939 5131; x_wconf 82' lang='grc' dir='ltr'>πρότερον</span> <span class='ocrx_word' id='word_1_794' title='bbox 2973 5064 3158 5132; x_wconf 73' lang='grc' dir='ltr'>ἡμέρᾳ</span> <span class='ocrx_word' id='word_1_795' title='bbox 3193 5062 3292 5135; x_wconf 74' lang='grc' dir='ltr'>μιᾷ</span> <span class='ocrx_word' id='word_1_796' title='bbox 3346 5058 3677 5118; x_wconf 82' lang='grc' dir='ltr'>καταλιπὼν,</span> <span class='ocrx_word' id='word_1_797' title='bbox 3723 5064 3801 5120; x_wconf 84' lang='grc' dir='ltr'>εἰς</span> <span class='ocrx_word' id='word_1_798' title='bbox 3853 5061 3955 5129; x_wconf 74' lang='grc' dir='ltr'>τὴν</span> 
     </span>
    </p>
   </div>
   <div class='ocr_carea' id='block_1_115' title="bbox 2390 5150 3955 5225">
    <p class='ocr_par' dir='ltr' id='par_1_115' title="bbox 2390 5150 3955 5225">
     <span class='ocr_line' id='line_1_115' title="bbox 2390 5150 3955 5225; baseline -0.004 -16"><span class='ocrx_word' id='word_1_799' title='bbox 2390 5155 2796 5225; x_wconf 73' lang='grc' dir='ltr'>Τξερνομιάνου</span> <span class='ocrx_word' id='word_1_800' title='bbox 2821 5150 2945 5225; x_wconf 78' lang='grc' dir='ltr'>ἧκε,</span> <span class='ocrx_word' id='word_1_801' title='bbox 2979 5156 3072 5207; x_wconf 78' lang='grc' dir='ltr'><strong>καὶ</strong></span> <span class='ocrx_word' id='word_1_802' title='bbox 3097 5153 3327 5222; x_wconf 84' lang='grc' dir='ltr'>κατέσχε</span> <span class='ocrx_word' id='word_1_803' title='bbox 3359 5152 3452 5205; x_wconf 73' lang='grc' dir='ltr'>τοῦ</span> <span class='ocrx_word' id='word_1_804' title='bbox 3486 5152 3745 5220; x_wconf 76' lang='grc' dir='ltr'>ἄρχοντος</span> <span class='ocrx_word' id='word_1_805' title='bbox 3775 5168 3955 5219; x_wconf 81' lang='grc' dir='ltr'>παραο</span> 
     </span>
    </p>
   </div>
   <div class='ocr_carea' id='block_1_116' title="bbox 2391 5240 3955 5313">
    <p class='ocr_par' dir='ltr' id='par_1_116' title="bbox 2391 5240 3955 5313">
     <span class='ocr_line' id='line_1_116' title="bbox 2391 5240 3955 5313; baseline -0.003 -16"><span class='ocrx_word' id='word_1_806' title='bbox 2391 5246 2590 5307; x_wconf 84' lang='grc' dir='ltr'>δόντος.</span> <span class='ocrx_word' id='word_1_807' title='bbox 2634 5247 2875 5298; x_wconf 83' lang='grc' dir='ltr'><strong>Ἐκεῖθεν</strong></span> <span class='ocrx_word' id='word_1_808' title='bbox 2917 5245 2973 5301; x_wconf 65' lang='grc' dir='ltr'>δὲ</span> <span class='ocrx_word' id='word_1_809' title='bbox 3024 5247 3100 5306; x_wconf 85' lang='grc' dir='ltr'><strong>είς</strong></span> <span class='ocrx_word' id='word_1_810' title='bbox 3144 5243 3527 5313; x_wconf 83' lang='grc' dir='ltr'>Διδυμότειχον</span> <span class='ocrx_word' id='word_1_811' title='bbox 3562 5240 3860 5310; x_wconf 73' lang='grc' dir='ltr'>ἀπεχώρει.</span> <span class='ocrx_word' id='word_1_812' title='bbox 3893 5242 3955 5293; x_wconf 85' lang='grc' dir='ltr'><strong>τό</strong></span> 
     </span>
    </p>
   </div>
   <div class='ocr_carea' id='block_1_117' title="bbox 2389 5326 3954 5405">
    <p class='ocr_par' dir='ltr' id='par_1_117' title="bbox 2389 5326 3954 5405">
     <span class='ocr_line' id='line_1_117' title="bbox 2389 5326 3954 5405; baseline -0.006 -17"><span class='ocrx_word' id='word_1_813' title='bbox 2389 5352 2447 5389; x_wconf 80' lang='grc' dir='ltr'>τε</span> <span class='ocrx_word' id='word_1_814' title='bbox 2483 5335 2751 5405; x_wconf 65' lang='grc' dir='ltr'>Περσικὸν</span> <span class='ocrx_word' id='word_1_815' title='bbox 2782 5331 3093 5386; x_wconf 80' lang='grc' dir='ltr'>καταλιπὼν</span> <span class='ocrx_word' id='word_1_816' title='bbox 3145 5333 3201 5383; x_wconf 73' lang='grc' dir='ltr'><strong>ἐν</strong></span> <span class='ocrx_word' id='word_1_817' title='bbox 3246 5334 3310 5400; x_wconf 81' lang='grc' dir='ltr'>τῇ</span> <span class='ocrx_word' id='word_1_818' title='bbox 3354 5328 3632 5399; x_wconf 83' lang='grc' dir='ltr'>Ἀδριανοῦ</span> <span class='ocrx_word' id='word_1_819' title='bbox 3675 5329 3770 5380; x_wconf 72' lang='grc' dir='ltr'><strong>καὶ</strong></span> <span class='ocrx_word' id='word_1_820' title='bbox 3812 5326 3954 5380; x_wconf 81' lang='grc' dir='ltr'><strong>Ῥω-</strong></span> 
     </span>
    </p>
   </div>
   <div class='ocr_carea' id='block_1_118' title="bbox 2396 5416 3952 5494">
    <p class='ocr_par' dir='ltr' id='par_1_118' title="bbox 2396 5416 3952 5494">
     <span class='ocr_line' id='line_1_118' title="bbox 2396 5416 3952 5494; baseline -0.004 -17"><span class='ocrx_word' id='word_1_821' title='bbox 2396 5427 2588 5494; x_wconf 84' lang='grc' dir='ltr'>μαίους</span> <span class='ocrx_word' id='word_1_822' title='bbox 2611 5424 2710 5476; x_wconf 78' lang='grc' dir='ltr'>οὐκ</span> <span class='ocrx_word' id='word_1_823' title='bbox 2740 5424 2952 5490; x_wconf 77' lang='grc' dir='ltr'>ὀλίγους</span> <span class='ocrx_word' id='word_1_824' title='bbox 2989 5423 3244 5491; x_wconf 77' lang='grc' dir='ltr'>φρουρεῖν</span> <span class='ocrx_word' id='word_1_825' title='bbox 3267 5422 3363 5487; x_wconf 82' lang='grc' dir='ltr'>τὴν</span> <span class='ocrx_word' id='word_1_826' title='bbox 3399 5419 3552 5471; x_wconf 86' lang='grc' dir='ltr'>πόλιν</span> <span class='ocrx_word' id='word_1_827' title='bbox 3587 5416 3952 5486; x_wconf 84' lang='grc' dir='ltr'>στρατιώτας.</span> 
     </span>
    </p>
   </div>
   <div class='ocr_carea' id='block_1_119' title="bbox 2394 5506 3957 5584">
    <p class='ocr_par' dir='ltr' id='par_1_119' title="bbox 2394 5506 3957 5584">
     <span class='ocr_line' id='line_1_119' title="bbox 2394 5506 3957 5584; baseline -0.006 -15"><span class='ocrx_word' id='word_1_828' title='bbox 2394 5516 2489 5578; x_wconf 72' lang='grc' dir='ltr'>Εἰς</span> <span class='ocrx_word' id='word_1_829' title='bbox 2541 5514 2638 5584; x_wconf 83' lang='grc' dir='ltr'><strong>τὴν</strong></span> <span class='ocrx_word' id='word_1_830' title='bbox 2694 5514 2989 5580; x_wconf 82' lang='grc' dir='ltr'>ὑστεραίαν</span> <span class='ocrx_word' id='word_1_831' title='bbox 3039 5512 3096 5563; x_wconf 72' lang='grc' dir='ltr'>δὲ</span> <span class='ocrx_word' id='word_1_832' title='bbox 3150 5508 3595 5575; x_wconf 74' lang='grc' dir='ltr'>Καντακουζηνδς</span> <span class='ocrx_word' id='word_1_833' title='bbox 3628 5508 3656 5559; x_wconf 86' lang='lat'><strong>6</strong></span> <span class='ocrx_word' id='word_1_834' title='bbox 3700 5506 3957 5575; x_wconf 65' lang='grc' dir='ltr'>βασιλεὺς</span> 
     </span>
    </p>
   </div>
   <div class='ocr_carea' id='block_1_120' title="bbox 2394 5597 3957 5676">
    <p class='ocr_par' dir='ltr' id='par_1_120' title="bbox 2394 5597 3957 5676">
     <span class='ocr_line' id='line_1_120' title="bbox 2394 5597 3957 5676; baseline -0.006 -18"><span class='ocrx_word' id='word_1_835' title='bbox 2394 5608 2687 5674; x_wconf 79' lang='grc' dir='ltr'>γενόμενος</span> <span class='ocrx_word' id='word_1_836' title='bbox 2738 5608 2795 5657; x_wconf 70' lang='grc' dir='ltr'>έν</span> <span class='ocrx_word' id='word_1_837' title='bbox 2853 5600 3149 5673; x_wconf 76' lang='grc' dir='ltr'>Ἀδριανοῦ,</span> <span class='ocrx_word' id='word_1_838' title='bbox 3194 5601 3314 5652; x_wconf 65' lang='grc' dir='ltr'>ἐπεὶ</span> <span class='ocrx_word' id='word_1_839' title='bbox 3350 5599 3573 5652; x_wconf 79' lang='grc' dir='ltr'>πύθοιτο</span> <span class='ocrx_word' id='word_1_840' title='bbox 3606 5597 3831 5666; x_wconf 88' lang='grc' dir='ltr'>βασιλέα</span> <span class='ocrx_word' id='word_1_841' title='bbox 3862 5598 3957 5676; x_wconf 76' lang='grc' dir='ltr'>τὸν</span> 
     </span>
    </p>
   </div>
   <div class='ocr_carea' id='block_1_121' title="bbox 2397 5686 3954 5770">
    <p class='ocr_par' dir='ltr' id='par_1_121' title="bbox 2397 5686 3954 5770">
     <span class='ocr_line' id='line_1_121' title="bbox 2397 5686 3954 5770; baseline -0.004 -19"><span class='ocrx_word' id='word_1_842' title='bbox 2397 5698 2646 5770; x_wconf 64' lang='grc' dir='ltr'>γαμδρίιν</span> <span class='ocrx_word' id='word_1_843' title='bbox 2707 5693 3212 5767; x_wconf 76' lang='grc' dir='ltr'>ἀνακεχωρηκότα,</span> <span class='ocrx_word' id='word_1_844' title='bbox 3267 5689 3483 5761; x_wconf 71' lang='grc' dir='ltr'>πέμψας</span> <span class='ocrx_word' id='word_1_845' title='bbox 3539 5686 3772 5762; x_wconf 71' lang='grc' dir='ltr'>παρῄνει</span> <span class='ocrx_word' id='word_1_846' title='bbox 3822 5688 3954 5758; x_wconf 74' lang='grc' dir='ltr'>τοὺς</span> 
     </span>
    </p>
   </div>
  </div>
