4218 6446
222 398 330 461 257

1349 389 1885 452 IllSTORlARUM
1930 389 2155 449 LIBER
2205 390 2302 449 ιν.

3358 384 3463 446 258

233 508 459 567 πολίτας
494 500 835 574 προσχωρεῖν
872 496 1017 564 αὐτῷ
1051 498 1145 550 καὶ
1195 496 1293 567 τὴν
1330 499 1485 550 πόλιν
1519 496 1809 564 παραδιδὸ-
1837 500 1879 554 Α

1799 522 1809 532 -
1837 500 1879 554 Α
1914 496 2319 563 confestimque
2348 494 2587 547 Catalaui
2636 509 2732 563 per
2765 509 2942 547 arcem
2977 500 3119 545 intra
3158 496 3354 548 mmnia
3380 495 3465 546 \i-

230 618 342 653 ναι.
387 597 509 665 Ὑφ’
542 593 722 663 ὁρμῆς
750 592 859 660 γάρ
884 590 1078 657 ἀλόγου
1118 589 1211 641 καὶ
1246 585 1626 657 παραπληξῖας
1649 588 1799 637 ἀντι-

233 690 459 756 σχήσειν
493 684 770 751 οίηοέντες
813 680 949 748 πρὸς
982 677 1207 745 βασιλέα
1241 678 1382 729 κατά
1418 680 1577 743 σφᾶς,
1611 677 1656 726 ci
1703 674 1801 741 μὲν

234 776 343 845 πρὸ
375 774 486 825 τῶν
514 770 696 822 πυλῶν
722 766 1056 835 ὠπλισμένοι
1091 764 1624 833 ἀντιπαρετάττοντο
1655 763 1802 830 ἕχον..

234 882 327 925 τες
377 864 469 913 καὶ
500 861 710 927 Πέρσας
754 858 881 918 τοὺς
929 855 1282 923 συμμάχους*
1326 855 1415 904 ἐπὶ
1459 853 1569 904 τῶν
1607 852 1803 920 τειχῶν

232 957 290 1009 δὲ
328 955 389 1006 τδ
427 951 712 1020 γυμνικὸν,
751 947 844 1000 καὶ
872 946 1131 1015 βασιλέως
1185 942 1577 1011 παραινοῦντος
1631 959 1802 1009 προσ·

238 1047 460 1115 χωρεῖν,
509 1042 570 1093 οὐ
626 1040 786 1109 μόνον
839 1037 939 1088 οὐκ
988 1035 1287 1093 ἐπείθοντο.
1326 1035 1460 1085 ἀλλᾶ
1513 1036 1607 1084 καὶ
1638 1029 1806 1102 ἦρχον

241 1138 446 1203 μάλης,
476 1130 752 1201 χρώμενοι
782 1128 1034 1191 τοξείαις.
1082 1125 1252 1194 Ὀρῶν
1276 1127 1330 1177 δὲ
1378 1126 1405 1175 ὁ
1448 1123 1697 1193 βασιλεὺς
1731 1123 1805 1184 ὡς

238 1227 422 1280 ὅπλων
454 1223 611 1292 χρεία
650 1221 784 1289 πρὸς
828 1220 1000 1279 οὕτως
1029 1213 1510 1284 ἀναισθητοῦντας,
1559 1215 1806 1281 σύνθημα

242 1316 415 1368 ἐδίδου
456 1315 637 1382 μάχης
689 1313 802 1373 τοῖς
855 1308 1158 1377 σφετέροις.
1217 1306 1325 1357 Καὶ
1384 1306 1580 1357 αὐτίκα
1644 1305 1694 1355 οἵ
1750 1321 1806 1357 τε

240 1405 544 1459 Κατε).άνοι
578 1403 663 1454 διά
692 1404 790 1469 τῆς
822 1402 998 1469 ἀκρας
1024 1394 1165 1467 ἦσαν
1192 1397 1341 1458 ἐντὸς
1370 1397 1586 1464 τειχῶν.
1620 1396 1711 1447 καὶ
1749 1397 1807 1446 τὸ

242 1500 370 1551 ἄλλο
400 1501 720 1562 στράτευμα
771 1493 898 1552 τοὺς
954 1490 1059 1553 ἔξω
1108 1492 1624 1556 παρατεταγμένους
1660 1487 1809 1555 ἐτρέ-

238 1591 380 1657 ψατο
412 1586 670 1639 ἐπελθόν·
710 1586 804 1636 καὶ
857 1583 1109 1650 ἡλίσκετο
1161 1582 1193 1649 ἡ
1250 1580 1403 1639 πόλις
1444 1578 1804 1645 ἑκατέρωθεν.

243 1678 451 1742 Πέρσαι
502 1674 555 1724 δὲ
608 1674 658 1722 οῖ
702 1671 979 1739 σύμμαχοι
1019 1667 1273 1727 ἐκείνοις,
1317 1665 1654 1733 συνορῶντες
1708 1664 1808 1733 ἠδη

241 1766 581 1834 ἡττημένους
610 1763 769 1822 ὅσους
808 1754 998 1811 οἷοίτε
1036 1752 1175 1826 ἦσαν
1200 1755 1311 1807 τῶν
1365 1756 1514 1821 σφίσι
1559 1770 1811 1805 συντετα-

1910 596 2110 640 suntur
2148 604 2161 639 :
2195 586 2397 654 quique
2423 586 2604 639 adhuc
2648 584 2784 638 foris
2806 596 2922 638 crat
2968 585 3263 647 exercitus,
3294 587 3463 638 aciem

1907 676 1975 729 de
2002 692 2110 743 qua
2137 674 2379 727 diximus
2410 675 2655 736 adortus,
2690 674 2940 741 dissipat,
2972 686 3024 726 et
3051 675 3102 726 in
3136 674 3315 739 fugam
3348 690 3467 725 vor-

1908 767 2005 828 tit;
2042 767 2112 819 ita
2143 768 2273 818 urbs
2305 766 2561 834 utrinque
2601 764 2835 832 capitur.
2859 764 2996 817 Tum
3024 765 3220 824 Perstc,
3245 765 3463 816 illorum

1912 854 2071 914 socii,
2103 868 2160 906 se
2189 855 2295 921 jam
2349 854 2516 905 victos
2546 852 2902 920 aspicientes,
2951 861 3218 918 quotquot
3247 868 3309 903 ex
3351 852 3468 902 acie.

1912 958 2096 995 secum
2130 957 2319 1009 rapere
2344 951 2614 1009 poterant,
2645 956 2766 993 cum
2802 941 2866 991 iis
2893 942 2956 990 ad
2998 941 3382 1007 imperatorem
3410 956 3468 991 se

1913 1032 2225 1085 conferunt.
2268 1032 2384 1084 Mox
2411 1034 2501 1099 qui
2540 1049 2661 1083 cum
2687 1046 2753 1083 co
2786 1040 2939 1083 erant
2966 1034 3164 1083 cursim
3186 1032 3470 1099 insequen-

1916 1133 2019 1181 tes.
2054 1123 2261 1191 aliquot
2286 1125 2351 1175 de
2374 1122 2585 1174 castoris
2620 1121 2795 1189 (pauci
2828 1122 2973 1173 cnitn
3011 1122 3191 1187 erant)
3224 1123 3467 1188 capiunt.

1914 1213 2382 1281 Adriauopolitaui
2446 1227 2700 1280 quoque,
2761 1214 3077 1280 quicunque
3128 1213 3248 1281 ejus
3300 1213 3466 1263 lilium

1916 1305 2220 1357 maledictis
2268 1304 2606 1355 incesserant
2635 1341 2649 1359 ,
2699 1300 3012 1370 diifugiunt,
3048 1313 3372 1358 metuentes.
3402 1320 3467 1356 ne

1913 1393 2091 1446 scelus
2151 1408 2308 1443 suum
2373 1393 2608 1460 piarent.
2667 1391 2836 1444 l’orro
2884 1393 3117 1458 populus
3158 1408 3466 1459 quanquam

1916 1484 2094 1535 victus
2117 1523 2130 1544 ,
2161 1491 2214 1535 et
2243 1483 2428 1541 miser,
2463 1496 2529 1534 ne
2564 1483 2644 1535 sic
2682 1490 2857 1535 tamen
2889 1496 2917 1533 a
2954 1497 3050 1533 sua
3084 1498 3207 1549 erga
3244 1484 3476 1549 impera-

1916 1583 2089 1626 torem
2135 1574 2471 1638 malignitate
2523 1582 2843 1640 temperat:
2903 1573 2997 1625 sed
3049 1572 3186 1624 intra
3242 1574 3472 1634 urbem,

1917 1674 2184 1732 quotquot
2220 1680 2325 1716 non
2358 1671 2515 1715 erant
2562 1663 2744 1730 capti,
2796 1660 3104 1715 firmissima
3142 1664 3274 1716 ιυιτί
3311 1682 3477 1717 οιϊιι-

1919 1764 2065 1823 pata,
2097 1770 2312 1823 unaque
2352 1754 2655 1822 platearum
2691 1753 2898 1822 magnis
2952 1755 3196 1808 trabibus
3223 1756 3473 1823 ObSt'pla,

244 1855 465 1921 γμένων
489 1890 503 1911 ,
542 1849 989 1919 συναρπάσαντες
1012 1884 1028 1909 ,
1099 1844 1527 1914 προσεχώρησαν
1584 1842 1817 1908 βασιλεῖ.
1847 1832 1895 1892 Β

1809 1832 1895 1894 »Β
1925 1846 2306 1915 imperatorios
2345 1846 2667 1914 ingruentes
2723 1846 3009 1898 arcebant.
3056 1847 3157 1911 Qui
3214 1849 3475 1901 malleolis

243 1946 455 1997 Αὐτίκα
498 1943 552 1994 δὲ
588 1942 681 1993 καὶ
710 1942 758 1993 oi
791 1940 930 2009 μετά
968 1936 1064 1988 τοῦ
1096 1934 1356 2005 βασιλέως
1395 1933 1808 2002 ἐπιδραμόντες,

240 2033 389 2087 εἷλον
422 2034 481 2085 οὐ
523 2030 787 2094 πολλούς’
824 2026 962 2099 ἦσαν
988 2031 1096 2097 γὰρ
1142 2027 1310 2094 ὀλίγοι
1354 2027 1445 2078 κα)⁸
1484 2027 1651 2078 αὐτοι·
1689 2026 1811 2076 Διει-

236 2127 529 2193 δίδρασκον
579 2124 635 2176 δὲ
677 2122 772 2174 καὶ
837 2116 1355 2187 Ἀδριανουπολιτῶν
1408 2117 1521 2168 ὅσοι
1578 2114 1811 2183 μάλιστα

239 2217 432 2278 κακῶς
483 2216 570 2266 τὸν
624 2213 888 2283 βασιλέως
945 2211 1131 2276 ἔλεγον
1165 2210 1277 2261 υίδν
1328 2207 1805 2277 πολιορκούμενον,

238 2305 515 2367 δείσαντες
546 2304 621 2373 μὴ
646 2304 742 2370 τῆς
768 2299 1164 2369 ἀγνωμοσύνης
1190 2297 1323 2351 δῶσι
1344 2296 1521 2359 δίκας.
1557 2296 1615 2350 Ὀ
1640 2296 1811 2365 δῆμος

235 2396 300 2449 δὲ
332 2395 439 2447 οὐδ’
470 2396 611 2447 οὕτω
642 2396 843 2460 καὶπερ
872 2391 1193 2459 ἡττημένος,
1237 2392 1330 2443 καὶ
1356 2391 1807 2459 κακοπραγήσας,

236 2487 423 2555 ὑφῆκε
468 2485 567 2553 τῆς
614 2484 748 2553 πρὸς
806 2481 1028 2551 βασιλέα
1081 2482 1437 2548 δυσμενείας·
1497 2481 1609 2533 ἀλλ’
1653 2480 1803 2532 ἔνδον

236 2578 521 2643 γενόμενοι
562 2575 662 2643 τῆς
716 2575 923 2635 πόλεως
974 2574 1088 2625 ὅσοι
1142 2573 1216 2642 μὴ
1256 2572 1523 2636 ἑάλωσαν,
1580 2573 1676 2624 καὶ
1721 2571 1813 2623 τὶν

242 2668 666 2736 καρτερώτατον
697 2666 805 2718 τῶν
859 2664 1082 2733 πύργων
1141 2664 1527 2731 κατασχόντες,
1567 2662 1695 2730 μίαν
1753 2677 1810 2713 τε

240 2758 355 2810 τῶν
384 2758 588 2823 ἀγυιῶν
622 2757 797 2818 δοκοῖς
852 2753 1273 2823 συμφράξαντες
1341 2752 1627 2822 μεγάλαις,
1675 2751 1812 2821 ἠμύ-

242 2867 404 2903 νοντο
429 2850 661 2911 ἑστῶτες
694 2848 945 2909 ἐπιόντας
989 2848 1114 2908 τοὺς
1148 2846 1477 2916 βασιλικούς.
1506 2848 1568 2899 Oi
1608 2846 1653 2899 δ’
1680 2848 1813 2900 ivit-

244 2955 349 2991 σαν
400 2938 511 3009 πῦρ
566 2940 705 2991 κατά
763 2938 871 2991 τῶν
924 2938 1133 2996 οίκιὼν,
1184 2939 1291 2991 Καὶ
1334 2939 1428 2990 σὺν
1459 2936 1605 3007 πόνῳ
1635 2936 1812 2989 οὐδενὶ

242 3028 624 3099 περιεγίνοντο
654 3027 762 3080 τῶν
795 3029 1289 3098 ἀντιτεταγμένων.
1322 3028 1671 3098 Τραπόμενοι
1703 3026 1811 3095 γάρ

241 3122 469 3184 αὐτίκα,
523 3121 573 3173 oi
632 3120 733 3189 μὲν
790 3122 846 3172 έν
899 3119 1112 3181 ἀδύτοις
1161 3121 1634 3189 κατεκρὺπτοντο,
1683 3117 1808 3169 οίδ⁹

242 3211 491 3262 ῖκέτευον
518 3209 575 3260 έν
623 3206 887 3274 ίεροῐς.Ἦ
920 3206 1149 3274 στρατιά
1188 3206 1245 3259 δέ
1291 3205 1566 3272 διεπόρθει
1608 3209 1705 3268 τάς
1736 3206 1810 3257 oi-

242 3301 394 3362 κίας.
451 3300 544 3352 καὶ
597 3298 907 3368 διήρπασαν
958 3298 1025 3350 τά
1092 3297 1238 3350 δντα.
1277 3296 1535 3350 Ἀπέθανε
1578 3297 1674 3365 μέν
1727 3313 1808 3349 τοι

241 3391 366 3444 κατ’
396 3390 615 3458 ἐκείνην
674 3388 776 3458 τὴν
831 3386 1007 3456 μάχην
1044 3387 1162 3439 οὐδὲ
1216 3380 1315 3449 εἷς,
1369 3387 1701 3456 τραυματίαι
1753 3385 1809 3438 δὲ

240 3485 496 3551 ἐγένοντο
528 3480 691 3541 τινές.
735 3479 961 3530 Ἔπειτα
991 3477 1065 3539 ὡς
1106 3477 1201 3545 ἤδη
1234 3476 1407 3528 πάντα
1437 3477 1631 3545 εἴχετο,
1665 3478 1722 3528 τό
1750 3490 1808 3528 τε

244 3572 361 3643 πῦρ
385 3570 635 3625 έκέλευεν
663 3570 691 3621 δ
736 3567 987 3638 βασιλεὺς
1019 3566 1326 3629 σϐεννύναι,
1371 3567 1464 3619 καὶ
1512 3566 1809 3634 ἀπέχεσθαι

238 3665 344 3733 τῆς
372 3663 624 3733 ἀρπαγῆς
644 3660 769 3722 τοὺς
801 3659 1157 3727 στρατιώτας,
1186 3658 1281 3709 καὶ
1308 3656 1432 3719 τοὺς
1458 3658 1673 3726 κυρίους
1702 3658 1810 3709 τῶν

238 3755 438 3809 οἰκιῶν
468 3754 538 3807 τά
566 3750 1001 3818 ὕπο).ελειμμένα
1033 3749 1195 3816 ἔχειν,
1221 3750 1317 3801 καὶ
1352 3747 1555 3817 μηδένα
1583 3748 1806 3802 ἀδικεῖν.

245 3842 316 3895 Oi
354 3842 457 3910 μέν
501 3857 582 3892 τοι
620 3837 1136 3908 ἀνδραποδισθέντες
1189 3836 1293 3886 ὑπὸ
1336 3835 1443 3887 τῶν
1494 3835 1805 3906 βαρϐάρων,

242 3934 304 3983 έν
339 3930 549 3998 ὀλίγαις
593 3932 824 4000 ἡμέραις
857 3928 958 3979 ὑπὸ
987 3927 1093 3978 τῶν
1120 3927 1337 3978 οἰκείων
1379 3927 1653 3995 χρήμασιν
1688 3924 1807 3977 ἐλύ-

242 4023 443 4093 θησαν.
476 4023 551 4075 Οὑ
584 4024 693 4090 γάρ
726 4021 872 4073 πᾶσα
903 4021 935 4088 ὴ
964 4018 1117 4079 πόλις
1144 4016 1477 4086 διηρπάσθη,
1518 4016 1638 4069 οὐδὲ
1674 4036 1808 4069 παν-

241 4118 490 4168 τάπασιν
513 4129 528 4144 ·
555 4113 671 4166 ἀλλ’
702 4114 828 4164 ὅσον
860 4113 914 4163 έν
945 4110 1192 4172 έπίπλοις
1220 4105 1289 4179 ἦν
1322 4110 1414 4161 καὶ
1452 4109 1666 4162 σκεύεσι
1699 4112 1807 4173 τοῖς

244 4206 391 4257 κατα
434 4204 531 4275 τὴν
569 4202 769 4264 οἰκίαν,
824 4200 858 4253 ἀ
903 4203 950 4253 oi
989 4200 1319 4268 στρατιῶται
1357 4198 1510 4261 αὖθις
1551 4200 1809 4253 ἀπέδοντο

242 4294 469 4355 εὑώνως
521 4295 632 4356 τοῖς
661 4293 890 4360 κυρίοις,
941 4291 1035 4345 καὶ
1086 4290 1320 4360 μάλιστα
1377 4291 1429 4343 oi
1487 4290 1805 4353 Κατελάνοι,

242 4383 296 4436 οῖ
363 4382 535 4433 πλείω
590 4398 648 4434 τε
710 4382 1018 4449 διήρπασαν
1078 4380 1189 4433 τῶν
1250 4379 1449 4444 ἀλλων,
1509 4383 1601 4434 καὶ
1634 4380 1807 4449 ἀχρη-

1917 1938 1970 1992 in
2006 1947 2147 1991 tecta
2182 1936 2481 2005 conjectis,
2527 1936 2663 1988 citra
2700 1936 2947 1989 laborem
2980 1936 3325 1991 adversarios
3358 1940 3473 1989 \iu-

1914 2028 2133 2081 cebant.
2170 2027 2321 2079 Illico
2359 2041 2590 2092 namque
2629 2026 2680 2078 in
2732 2026 2912 2095 fugam
2960 2029 3235 2091 conversi,
3274 2029 3362 2082 alii
3417 2047 3473 2081 se

1912 2118 1966 2173 in
2025 2119 2263 2172 latebras
2310 2118 2639 2182 condebant,
2682 2119 2773 2173 alii
2826 2118 2893 2172 ad
2948 2120 3147 2188 templa
3197 2122 3474 2189 supplices

1916 2188 2329 2278 confugiebant.
2363 2210 2560 2265 Milites
2598 2226 2729 2265 vero
2767 2211 2957 2267 domos
3005 2188 3335 2281 diripit-bant
3361 2253 3374 2274 ,
3410 2230 3472 2265 ac.

1913 2302 2231 2356 diruebaot.
2270 2303 2342 2357 Ea
2375 2319 2554 2372 pugna
2586 2303 2854 2357 vulnerati
2888 2313 3017 2357 sunt
3054 2305 3282 2373 aliquot,
3310 2321 3472 2358 nemo

1911 2390 2131 2445 cecidit.
2178 2391 2314 2446 Cum
2377 2391 2491 2459 jam
2543 2375 2726 2446 omnia
2778 2404 3134 2457 tenerentur,
3173 2394 3472 2462 imperatur

1913 2478 2091 2547 ignem
2154 2479 2443 2549 restingui,
2496 2481 2697 2534 milites
2724 2497 2753 2535 a
2784 2481 2834 2534 vi
2860 2492 2915 2533 et
2943 2480 3343 2551 direptionibus
3371 2485 3472 2537 ab-

1914 2571 2155 2632 stinere,
2190 2580 2244 2624 et
2284 2571 2535 2625 dominos
2569 2574 2766 2627 :edium
2820 2574 3028 2643 reliqua
3086 2576 3190 2628 sibi
3234 2578 3471 2631 retinere

1906 2661 2096 2730 jussit.
2131 2661 2290 2729 Capti
2326 2679 2352 2713 a
2387 2662 2646 2717 Barbaris
2686 2663 2879 2718 diebus
2912 2666 3099 2734 paucis
3134 2668 3472 2736 propinquo-

1911 2768 2031 2806 rum
2063 2752 2293 2821 pecunia
2326 2753 2591 2823 redempti
2627 2765 2787 2821 sunt;
2834 2771 2933 2811 nec
2963 2757 3109 2811 enim
3139 2767 3249 2812 tota
3298 2761 3429 2814 urbs
3451 2799 3469 2824 ,

1912 2859 2013 2898 nec
2092 2843 2297 2912 ubique
2381 2845 2595 2914 direpta
2666 2846 2821 2908 fuit.
2877 2847 2975 2901 sed
3043 2864 3131 2902 res
3190 2848 3472 2906 familiaris

1909 2935 2200 3000 duntaxat,
2236 2952 2400 3005 quam
2458 2937 2659 2991 milites
2694 2937 2942 3006 patribus
2983 2938 3214 2995 familias
3275 2943 3472 2998 tolera-

1914 3030 2009 3084 bili
2049 3032 2225 3101 pretio
2264 3033 2620 3087 reddiderunt
2675 3048 2692 3087 :
2744 3041 2800 3087 et
2831 3032 3078 3087 Catalani
3124 3035 3470 3103 praesertim,

1912 3122 2009 3189 qui
2043 3132 2099 3174 et
2132 3138 2241 3188 pra:
2268 3124 2392 3177 aliis
2426 3123 2594 3177 multa
2626 3134 2935 3191 rapuerant,
2969 3134 3024 3178 et
3050 3124 3176 3185 sibi,
3210 3133 3265 3177 ut
3308 3140 3468 3193 pere-

1911 3214 2102 3281 grinis,
2144 3222 2197 3267 et
2231 3213 2435 3284 absque
2466 3216 2605 3279 lare,
2630 3214 2841 3269 inutilia
2872 3214 3275 3269 existimabant.
3305 3215 3468 3287 843

1914 3303 2008 3358 His
2040 3304 2197 3367 actis,
2231 3305 2529 3375 imperator
2555 3304 2964 3360 Cantaeuzenus
2981 3306 3327 3376 Adrianopoli
3357 3324 3471 3361 ma-

1915 3408 2096 3456 nens.
2161 3393 2323 3448 urbes
2372 3410 2494 3463 qua:
2551 3393 2617 3447 ad
2660 3394 3018 3465 Palaeologum
3080 3396 3465 3465 imperatorem

1911 3484 2256 3539 desciverant
2282 3527 2297 3549 ,
2328 3501 2572 3554 quasque
2607 3485 2655 3539 ei
2709 3500 2815 3539 non
2848 3485 3131 3540 addixerat
3162 3488 3294 3554 (illis
3317 3488 3466 3542 enim

1911 3576 2265 3644 parcendum,
2307 3592 2483 3645 neque
2512 3577 2577 3630 ad
2605 3593 2662 3631 se
2688 3578 3020 3631 revocandas
3044 3579 3312 3647 putabat),
3333 3580 3467 3634 Inis-

1909 3666 1987 3720 sis
2044 3666 2219 3735 copiis
2246 3667 2561 3721 incursavit.
2615 3668 2671 3721 In
2709 3668 2900 3736 primis
2945 3676 3125 3722 autem
3156 3669 3470 3722 Zeruomia-

1909 3772 2105 3811 nenses
2156 3758 2595 3825 populationibus
2627 3758 2899 3812 infestavit
2927 3776 2940 3813 :
2968 3759 3144 3813 donec
3190 3760 3358 3813 attriti
3404 3778 3463 3814 se

1911 3845 2213 3913 urbemque
2247 3847 2369 3913 ejus
2408 3845 2663 3915 potestati
2702 3847 3001 3900 traderent.
3036 3849 3169 3902 Nam
3209 3848 3286 3902 illi
3317 3850 3468 3902 nulla

1912 3936 2133 4006 impulsi
2186 3940 2535 4001 necessitate,
2565 3940 2870 3994 temeritate
2904 3941 3160 4008 quadam,
3187 3942 3466 3995 conliden-

1912 4027 1985 4081 tia
2043 4036 2098 4081 et
2150 4026 2358 4081 insania
2400 4043 2507 4082 non
2535 4031 2697 4084 modo
2726 4030 3107 4096 desciverant;
3141 4032 3235 4085 sed
3270 4033 3473 4086 litteris

1909 4132 2128 4186 quoque
2145 4119 2413 4173 necseilli
2447 4118 2937 4189 obtemperaturos,
2976 4139 3075 4177 nec
3110 4140 3210 4191 pro
3233 4124 3469 4192 impera-

1911 4215 2026 4259 tore
2043 4206 2325 4273 agnituros
2343 4208 2780 4264 ostettderant.Si
2802 4211 2929 4278 quid
2952 4221 3139 4264 contra
3153 4228 3249 4265 eos
3264 4223 3473 4280 posset,

1910 4312 1976 4349 ne
1995 4297 2293 4350 omitteret.
2310 4298 2490 4364 Quare
2505 4300 2583 4353 ira
2609 4301 2866 4368 percitus,
2884 4318 2978 4370 pro
2996 4303 3271 4356 dementia
3291 4305 3344 4357 in
3376 4320 3472 4356 eos

1910 4384 2218 4438 vindicavit.
2243 4385 2677 4455 Didymoticbum
2694 4404 2868 4457 neque
2883 4392 3182 4443 exercitum
3202 4393 3469 4458 admovit,

244 4491 353 4525 στα
426 4473 605 4534 αὐτοῖς
669 4471 898 4539 ἡγοῦντο
963 4468 1133 4534 ξένοις
1214 4468 1332 4522 οὖσι
1405 4472 1500 4524 καὶ
1576 4471 1804 4531 ἀοίκοις.
1841 4477 1883 4532 1)

1841 4477 1883 4532 D
1912 4489 2087 4543 neque
2104 4475 2213 4528 ullo
2233 4476 2497 4529 maleficio
2511 4478 2716 4539 nocuit,
2737 4479 2880 4547 quod
2896 4480 3165 4548 iuniorem
3184 4482 3251 4533 im
3261 4499 3321 4550 pe
3332 4498 3471 4536 rato-

242 4565 405 4618 Μετά
434 4562 590 4613 τοῦτο
634 4561 690 4613 δὲ
745 4560 995 4629 βασιλεὺς
1054 4561 1151 4628 μὲν
1196 4562 1225 4611 δ
1262 4560 1707 4629 Καντακουξηνδς
1750 4561 1807 4613 έν

256 4653 544 4722 Ἀδριανοῦ
599 4653 692 4714 τὰς
741 4652 1213 4721 προσχωρησάσας
1256 4653 1386 4721 πρὸς
1439 4653 1665 4721 βασιλέα
1716 4656 1807 4707 τὸν

242 4747 370 4799 νέον
396 4745 577 4806 πόλεις
610 4745 812 4797 έκάκου
848 4745 1084 4811 πέμπων
1115 4743 1397 4813 στρατιάν,
1431 4745 1551 4796 δσαι
1602 4745 1676 4815 μὴ
1714 4746 1808 4798 ὑπ’

239 4836 461 4889 εκείνου
507 4834 901 4903 παρεδόθησαν.
945 4833 1211 4896 Ἐκείναις
1252 4833 1358 4902 γὰρ
1390 4835 1489 4886 οὐκ
1536 4833 1671 4904 ᾣετο
1698 4835 1808 4888 δεῖν

241 4925 695 4994 ιπιστρατεύειν,
748 4924 858 4977 οὐδ’
904 4922 1291 4976 ἀνακαλεῖσθαι
1344 4924 1807 4993 παραδεδομέναις

242 5020 343 5071 ὑπ’
371 5016 541 5071 αὑτοῦ
570 5017 705 5086 πρὸς
733 5017 823 5068 τὸν
870 5014 1140 5084 γαμϐρόν.
1186 5013 1432 5068 Μάλιστα
1474 5015 1518 5067 δ’
1558 5017 1805 5068 ἐκάκωσε

238 5110 346 5177 τὴν
392 5105 799 5175 Τζερνομιάνου
832 5108 918 5157 καί
967 5104 1214 5170 έξεπίεσε
1272 5103 1605 5172 λεηλασίαις,
1645 5104 1803 5175 ἄχρις

238 5217 305 5252 ου
357 5199 499 5265 σφᾶς
552 5196 878 5264 παρέδοσαν,
929 5197 1023 5249 καὶ
1085 5194 1182 5263 τὴν
1215 5193 1370 5247 πόλιν
1441 5195 1803 5262 έκτριϐέντες.

251 5289 488 5342 Ἐκεῖνοι
527 5287 634 5354 κὰρ
686 5284 779 5338 ὑπ’
825 5284 1083 5346 ἀϐουλίας
1123 5288 1219 5337 καὶ
1261 5284 1437 5352 ὁρμῆς
1488 5284 1803 5354 ἐμπλήκτου

240 5382 341 5431 καὶ
374 5376 680 5446 παραϐολου
725 5377 996 5443 μηδεμιᾶς
1047 5376 1292 5443 ἀνάγκης
1326 5372 1491 5441 οὔσης
1523 5374 1622 5427 οὐκ
1668 5375 1803 5427 ἀπέ-

240 5484 454 5535 στησαν
485 5468 667 5537 μόνον,
702 5466 838 5520 ἀλλά
865 5466 958 5518 καὶ⁵
983 5466 1306 5534 γράμμασιν
1335 5464 1555 5533 ἐδήλουν
1590 5464 1667 5526 ὡς
1689 5464 1803 5518 οὔθ’

236 5560 563 5615 ὑπείκουσιν
591 5558 760 5627 αὐτῷ,
789 5556 913 5610 οὔτε
948 5557 1172 5626 βασιλέα
1219 5558 1457 5609 οῖονται*
1510 5557 1625 5609 ἀλλ’
1669 5558 1720 5609 εί
1754 5575 1805 5611 τι

234 5651 457 5705 δύναιτο
485 5648 624 5717 πρὸς
669 5647 867 5703 αὐτοὺς
899 5646 1123 5715 μηδενὸς
1168 5644 1521 5714 καταμελεῖν.
1564 5646 1675 5713 Ἐφ’
1720 5642 1802 5709 οἷς

233 5744 375 5811 ὁρτῇ
407 5740 733 5810 φερόμενος,
768 5735 1010 5806 ἠμύνατο
1035 5734 1196 5801 ἀξίως
1223 5736 1318 5805 τῆς
1346 5736 1798 5808 παραφροσινης.

1911 4580 2023 4617 rem
2046 4565 2203 4619 valde
2226 4566 2494 4632 diligeret.
2514 4568 2647 4621 Nam
2662 4579 2715 4622 et
2733 4570 2875 4623 bello
2890 4579 2995 4623 tam
3013 4574 3321 4636 manifesto,
3341 4592 3473 4628 cun-

1908 4655 2131 4711 siliariis
2166 4658 2441 4726 praecipue
2477 4660 2691 4727 culpam
2742 4663 3054 4717 tribuebat:
3086 4675 3139 4719 et
3168 4668 3311 4735 quod
3345 4685 3471 4737 age-

1907 4746 2089 4810 batur,
2150 4762 2259 4801 non
2316 4748 2601 4816 probabat.
2644 4751 2718 4805 De
2772 4755 3137 4821 propensione
3181 4774 3309 4809 vero
3341 4777 3470 4827 erga

1908 4853 2167 4906 generum
2236 4852 2303 4891 eo
2356 4853 2529 4908 usque
2566 4842 2700 4895 nihil
2760 4842 3119 4901 diminuebat.
3175 4848 3472 4916 lmperator

1902 4929 2089 4998 iunior
2119 4928 2220 4982 sibi
2259 4945 2478 4998 quoque
2502 4947 2609 4984 non
2635 4932 2845 4996 deerat,
2881 4937 2974 4988 sed
3012 4937 3175 4991 urbes
3198 4940 3469 4994 Cantatu-

1906 5018 2027 5071 zeni
2062 5020 2364 5087 premebat,
2387 5030 2443 5074 et
2480 5037 2509 5074 a
2542 5021 2698 5078 Crale
2723 5039 2787 5077 ex
2825 5037 2984 5095 pacto
3017 5030 3277 5084 auxilium
3316 5045 3471 5101 pete-

1908 5106 2039 5162 bat:
2077 5108 2170 5176 qui
2218 5109 2355 5162 nihil
2403 5121 2693 5167 cunctatus
2731 5115 3108 5182 promittebat,
3139 5120 3181 5173 si
3225 5124 3468 5175 obsidem

1906 5198 2011 5251 sibi
2044 5198 2265 5252 fratrem
2298 5200 2474 5253 daret.
2509 5200 2808 5271 Imperator
2836 5208 2952 5259 sine
2985 5224 3134 5262 mora
3163 5212 3464 5266 Manuclcm

1906 5289 2191 5358 despotam
2218 5291 2281 5343 ad
2308 5289 2520 5344 Cralem
2546 5308 2645 5359 pro
2668 5294 2857 5349 obside
2883 5300 3153 5364 proficisci
3181 5304 3361 5371 jussit.
3393 5307 3471 5359 lio

1909 5388 2129 5447 recepto
2192 5394 2388 5447 agmen
2444 5382 2767 5436 instructum
2805 5386 3061 5453 mittitur,
3101 5393 3346 5458 equitmu
3380 5411 3467 5448 se-

1908 5481 2053 5539 ptem
2087 5469 2277 5531 millia,
2315 5486 2454 5539 quos
2483 5470 2792 5528 Cosmitzus
2820 5475 3160 5533 Borilobices
3179 5521 3194 5544 ,
3230 5498 3371 5538 unus
3398 5487 3467 5540 de

1907 5558 2266 5613 nobilissimis
2288 5561 2680 5628 'l‘riballorum,
2705 5564 2957 5620 ducebat.
2983 5570 3289 5627 Alexander
3314 5576 3466 5641 item,

1910 5648 2201 5702 Moesorum
2258 5664 2381 5714 rex,
2436 5661 2658 5719 rogatus
2686 5653 2991 5707 subsidium
3023 5656 3172 5710 misit
3204 5676 3216 5710 :
3252 5674 3469 5727 semper

1907 5736 2055 5793 enim
2099 5737 2149 5793 ei
2195 5749 2484 5809 suspectus
2513 5753 2629 5796 erat
2659 5742 3110 5822 Cantacuzcnns,
3156 5752 3311 5820 quasi
3344 5752 3471 5809 l’er-
