4218 6446
200 478 315 540 269

1364 467 1901 530 ΙλΠΞΤΟῐὶιΑΒυΜ
1946 465 2173 525 LIBER
2219 468 2308 527 IV.

3327 485 3431 546 270

199 590 373 657 τάχος
418 586 502 639 ἐπ’
540 585 746 637 ἐκεῖνον
779 583 885 654 ⁸ᾔει,
926 582 1019 635 καὶ
1045 582 1204 642 αὐτὸς
1252 581 1511 651 στρατιάν
1536 597 1591 631 τε
1618 579 1765 646 ἄγων
1798 585 1839 636 Α

1798 585 1839 636 Α
1870 576 1990 630 dem
2039 577 2252 647 imperii
2306 578 2530 633 Romani
2572 580 2847 639 declarare
2892 591 3164 655 statuerit,
3195 610 3292 651 cur
3325 616 3432 653 non

195 682 307 730 οὐκ
342 678 550 744 ὀλίγην.
589 674 682 726 καὶ
720 675 997 726 Ματθαῖον
1050 672 1417 741 συνεπόμενον
1475 672 1613 739 ἔχων
1676 671 1769 721 τδν

200 769 346 821 υἱόν.
381 763 610 817 Βασιλέα
653 764 750 831 μὲν
798 758 891 816 οὖν
941 763 1037 831 οὐχ
1089 756 1216 832 εὗρε
1239 761 1328 814 τὸν
1376 761 1645 830 γαμϐρὸν,
1693 761 1769 818 είς

199 858 435 910 Τένεδον
464 856 602 907 κατά
653 858 815 923 ταχος
848 854 1137 922 ἁπηρκότα
1172 855 1263 905 καὶ
1286 851 1467 915 αὐτὸν,
1505 850 1770 917 σῦγχυσιν

200 949 264 1001 δὲ
331 950 424 999 καὶ
465 948 704 1017 ταραχὴν
740 949 837 998 οὐκ
879 944 1064 1013 ὀλίγην
1109 948 1165 995 ἐν
1196 946 1305 1005 τοῖς
1330 941 1770 1010 ἐπιφανεστέροις

206 1040 455 1108 μάλιστα
472 1040 869 1109 ὲγηγερμένην.
907 1038 999 1101 Εἰς
1028 1037 1215 1108 τρίτην
1246 1036 1352 1105 γὰρ
1378 1036 1588 1104 ἡμέραν
1636 1034 1772 1102 μετὰ

199 1134 309 1200 τὴν
342 1132 637 1199 ἐπιδημίαν
682 1132 881 1190 πάντες
917 1127 980 1181 ἐκ
1010 1129 1139 1180 συνθ
1154 1131 1171 1173 ἕ
1189 1142 1354 1195 ματος
1402 1128 1684 1194 γενόμενοι
1714 1126 1771 1175 ὲν

202 1222 529 1289 βασιλείοις,
576 1224 789 1288 ἀγνοεῖν
844 1221 1052 1289 ἔφασαν
1118 1220 1252 1289 πρὸς
1312 1218 1553 1287 βασιλέα,
1626 1218 1653 1269 ὃ
1718 1233 1771 1268 τι

198 1314 453 1381 βούλοιτο
491 1314 637 1382 αὐτῷ
677 1316 708 1382 ὴ
756 1316 885 1383 προς
912 1312 1161 1365 τοσοῦτον
1210 1312 1293 1379 ἐφ’
1319 1313 1552 1380 ἑκάτερα
1605 1309 1768 1380 ῥοπὴ,

194 1408 345 1459 ὥστε
384 1409 506 1475 μηδ’
539 1407 733 1466 αὐτοὺς
758 1408 956 1458 εἰδέναι
988 1406 1131 1473 ἔχειν
1158 1407 1407 1472 ὁποτέρῳ
1427 1403 1767 1471 πρόσθοιντο.

195 1501 263 1551 Εἰ
294 1500 397 1564 μὲν
443 1500 550 1566 γάρ
606 1501 668 1551 ἐκ
700 1500 904 1567 τρόπου
966 1503 1164 1560 παντῆς
1222 1496 1445 1566 βασιλέα
1503 1496 1592 1546 τὶν
1656 1494 1771 1546 νέον

209 1589 472 1657 Ἰωάννην
506 1589 710 1656 ἔγνωκε
742 1588 1075 1656 κληρονόμον
1106 1586 1481 1639 ἀποδεικνύειν
1508 1585 1603 1652 τῆς
1639 1585 1774 1635 Ῥω-

200 1678 386 1745 μαίων
433 1679 756 1745 ἡγεμονίας,
818 1678 869 1728 τί
927 1679 999 1746 μὴ
1065 1680 1158 1731 καὶ
1228 1678 1408 1738 αὐτοῖς
1476 1674 1773 1744 κατάδηλον

195 1770 373 1829 ποιεῖ,
414 1768 553 1820 ὥστε
608 1768 745 1836 μήτε
785 1767 1057 1834 πολεμεῖν,
1104 1766 1238 1817 ἀλλὰ
1295 1768 1387 1816 καὶ
1443 1763 1769 1827 θεραπεύειν

198 1860 502 1925 μέλλοντας
520 1858 683 1926 ὀλίγῳ
708 1858 931 1927 ὕστερον
961 1854 1097 1910 εἶναι
1127 1855 1217 1909 ὑπ’
1248 1856 1451 1907 ἐκεῖνον
1476 1872 1490 1919 ;
1525 1854 1773 1921 Ἀνόητον

1875 671 1975 721 hoc
2019 670 2148 738 ipsis
2186 671 2427 734 aperiat?
2468 687 2577 741 quo
2622 689 2726 727 non
2761 678 2920 730 modo
2967 677 3132 738 a’rm’s
3165 697 3287 741 eum
3325 707 3431 746 ηοη

1873 772 2288 831 persequantur,
2331 764 2423 817 sed
2470 765 2634 818 etiam
2696 768 2902 834 (utpote
2947 788 3050 828 non
3096 776 3268 831 multo
3313 792 3435 846 post

1876 856 1927 906 in
1993 855 2108 923 ejus
2159 865 2427 922 potestate
2471 855 2675 925 futuri)
2721 862 2996 929 obsequiis
3038 868 3238 923 colant.
3290 872 3435 925 Stul-

1874 951 1986 996 tum
2010 945 2175 1007 enim,
2194 954 2243 998 et
2272 945 2752 1003 insolentissimum
2775 967 2916 1017 esse,
2942 967 3127 1010 contra
3150 959 3429 1016 domiumn

1874 1037 2224 1103 insolescere,
2266 1047 2320 1092 et
2363 1040 2480 1108 ejus
2515 1040 2698 1095 hostes
2728 1044 2935 1103 videri;
2972 1058 3256 1117 propterea
3287 1054 3431 1119 quod

1873 1126 1991 1194 ipso
2030 1142 2156 1179 eum
2194 1129 2503 1195 adjuvante,
2548 1143 2603 1186 et
2647 1134 2876 1202 imperio
2908 1139 3052 1191 ultro
3085 1143 3313 1196 cedente
3340 1160 3436 1195 no-

1872 1231 1999 1268 cere
2034 1216 2083 1269 ei
2116 1233 2222 1269 nou
2267 1227 2544 1286 poterunt,
2581 1223 2678 1275 sibi
2727 1225 2857 1292 ipsis
2897 1238 3099 1287 autem.
3143 1230 3351 1295 liberis,
3385 1246 3439 1287 ct

1874 1307 2197 1377 propinquis
2238 1310 2532 1371 nocebunt,
2580 1314 2810 1368 maxime
2860 1318 3040 1372 hostes
3074 1321 3221 1377 illius
3258 1325 3435 1378 mani-

1873 1400 2099 1459 festat-ii.
2137 1400 2224 1454 cui
2262 1401 2425 1454 velint
2465 1403 2640 1456 nolint
2680 1405 2906 1461 subesse
2943 1408 3165 1466 debent.
3206 1413 3357 1477 Quod
3389 1418 3434 1469 si

1872 1508 1996 1545 cum
2046 1493 2326 1545 inimicum
2375 1493 2566 1556 ducat,
2617 1496 2868 1565 ipsosque
2915 1500 3175 1569 impigros
3228 1504 3436 1560 militiae

1875 1584 2054 1635 socios
2094 1579 2290 1635 habere
2335 1584 2625 1648 desideret,
2658 1600 2793 1652 opus
2812 1602 2932 1643 esse
2966 1599 3023 1643 ut
3045 1607 3193 1660 spem
3227 1594 3435 1650 ﬁrmam

1876 1673 1930 1725 in
1977 1681 2251 1739 posterum
2283 1670 2464 1734 iaciat,
2499 1689 2604 1741 qua
2638 1675 2744 1728 uixi
2775 1677 2927 1730 illum
2980 1680 3208 1737 fidenter
3245 1700 3438 1754 aggre-

1875 1760 2112 1813 diantur.
2152 1760 2299 1813 lianc
2345 1762 2480 1823 fore,
2519 1762 2561 1815 si
2599 1763 2907 1819 Malthzeum
2939 1769 3107 1823 lilium
3143 1773 3438 1842 imperato-

1879 1867 1990 1905 rem
2020 1851 2267 1919 designet
2301 1852 2431 1922 (59).
2465 1852 2553 1908 Sic
2593 1855 2740 1908 enim
2787 1856 3179 1917 dubitationem
3220 1879 3436 1920 onmem

194 1953 313 2021 γάρ
345 1952 409 2003 Ξν
446 1951 552 2015 εἴη,
585 1950 677 2000 καὶ
709 1949 814 2001 τῶν
840 1948 1220 2008 ἀτοπωτάτων,
1254 1947 1585 2013 ἀγνωμονεῖν
1635 1944 1770 2014 πρὸς
1809 1912 1845 1967 Β

1809 1912 1845 1967 θ
1877 1942 2256 2010 deposituros,
2302 1954 2357 1997 et
2419 1944 2673 1999 alacriter
2718 1949 2992 2016 juniorem
3056 1953 3436 2023 imperatorem

193 2041 296 2092 τὸν
347 2042 639 2110 δεσπότην.
703 2042 793 2093 καὶ
847 2041 1142 2108 πολεμίους
1217 2037 1524 2107 φαίνεσθαι,
1577 2037 1636 2100 ἐξ
1694 2031 1769 2089 ὧν

194 2133 415 2183 ἐκεῖνον
459 2133 559 2199 μὲν
602 2131 663 2182 ού
694 2131 1010 2199 δυνήσονται
1041 2127 1348 2197 διαφθερεῖν
1373 2126 1533 2178 αὑτοῦ
1584 2142 1772 2178 συναι-

200 2224 465 2291 ρομένου.
525 2222 618 2275 καὶ
672 2221 768 2291 τῆς
821 2221 997 2291 ἀρχῆς
1053 2217 1511 2289 παραχωροῦήιτος
1568 2215 1768 2279 ἑκοντὶ,

200 2314 351 2378 σφᾶς
381 2314 435 2365 δὲ
465 2315 657 2365 αὐτοὺς
685 2315 777 2366 καὶ
799 2315 983 2371 τέκνα,
1021 2312 1114 2362 καὶ⁸
1137 2311 1372 2371 οἰκείους
1409 2308 1668 2377 βλάψουσι
1702 2310 1771 2359 τά

198 2402 466 2469 μέγιστα,
498 2400 742 2470 πολέμιοι
787 2399 1174 2465 ἁναφανέντες,
1208 2392 1250 2465 ᾧ
1304 2396 1577 2449 δουλεύειν
1613 2396 1766 2459 ἕξουα

203 2510 296 2544 σιν
348 2494 614 2561 ἀνάγκην.
673 2493 734 2544 Εἰ
791 2492 1025 2553 δἀὐτός
1076 2508 1134 2543 τε
1208 2488 1464 2559 πολέμιον
1526 2490 1768 2557 ἡγεῖται,

199 2582 497 2644 κάκείνους
552 2582 844 2651 προθύμως
885 2580 1131 2649 βούλεται
1171 2580 1539 2648 συμπολεμεῖν
1594 2576 1766 2646 αὐτῷ,

198 2675 400 2727 ἐλπίδα
441 2672 562 2725 τινὰ
600 2673 821 2739 βεὸαίαν
853 2672 969 2725 δέον
1029 2670 1163 2736 πρὸς
1225 2669 1292 2721 τὰ
1333 2670 1589 2738 μέλλοντα
1630 2684 1772 2735 παρ-

200 2758 492 2833 ἐλεσθαιῇ
542 2764 853 2821 πεισθέντες
908 2761 1101 2828 ἐκείνῳ
1139 2760 1510 2827 πολεμήσουσι
1560 2756 1769 2826 προθύα

205 2871 348 2922 μως.
378 2853 523 2919 Αὕτη
580 2853 623 2903 δ’
661 2852 725 2902 ἂν
758 2852 841 2918 εἴη
896 2850 953 2900 τὸ
1018 2849 1293 2900 Ματθαῖον
1339 2849 1428 2897 τὸν
1483 2847 1596 2898 υἱὸν
1641 2847 1775 2897 ἀπο-

200 2943 476 2994 δεικνύειν
543 2940 789 3009 βασιλέα,
859 2936 933 2999 ὡς
989 2936 1130 2989 οὕτω
1186 2938 1364 2988 πᾶσαν
1439 2935 1771 3003 ἀμφιϐολίαν

201 3033 654 3102 ἀποϐησομένων.
694 3032 785 3083 καὶ
812 3029 1106 3099 προθύμως
1152 3026 1229 3096 τῷ
1283 3027 1387 3095 νέῳ
1420 3025 1626 3095 βασιλεῖ
1669 3041 1772 3077 πο-

200 3126 583 3194 λεμησόντων,
633 3124 820 3175 ἐλπίδα
855 3121 1079 3189 βεϐαίαν
1138 3119 1237 3189 ἤδη
1279 3119 1652 3187 κεκτημένων,
1693 3119 1768 3180 ὡς

204 3216 238 3284 ἦ
277 3218 646 3286 κρατήσαντες
704 3214 812 3265 τῶν
869 3212 1138 3281 πολεμίων
1190 3211 1276 3262 διά
1338 3210 1452 3279 βίου
1520 3211 1767 3279 βασιλέας

206 3308 377 3358 αὐτὸν
402 3307 583 3369 ἕξουσι
615 3304 704 3356 καὶ
733 3305 824 3355 τὸν
851 3304 984 3355 υἱόν·
1013 3303 1045 3371 ἦ
1079 3301 1173 3354 καὶ
1200 3301 1354 3352 αὐτοὶ
1383 3302 1770 3370 κρατηθέντων

206 3396 772 3465 συνδιι.φῢαρήσονται
835 3392 1032 3448 αὐτῶν.
1088 3394 1149 3445 Οἱ
1218 3392 1317 3461 μὲν
1348 3408 1437 3443 ουν
1513 3393 1570 3443 ὲν
1627 3393 1770 3444 τέλει

202 3488 431 3541 τοιαῦτα
459 3484 634 3539 εἷπον.
677 3487 935 3544 Βασιλεὺς
974 3485 1052 3547 δὲ,
1084 3485 1194 3553 Τὴν
1226 3484 1322 3552 μὲν
1353 3483 1574 3547 ἀξίωσιν
1599 3484 1771 3551 ὑμῶν,

202 3582 282 3641 ὡς
323 3580 508 3631 δικαία
526 3597 609 3645 τε,
649 3576 795 3641 εἶπε,
829 3578 924 3630 καὶ
948 3579 1073 3629 νοῦν
1104 3577 1321 3645 ἔχουσα,
1359 3577 1452 3628 καὶ
1481 3578 1773 3641 ἀναγκαῖον

204 3672 412 3726 εἰδέναι
446 3671 552 3741 ὅτῳ
588 3669 990 3741 προσθεμένους
1038 3667 1149 3739 χρὴ
1174 3667 1343 3737 ἑτέρῳ
1366 3666 1640 3733 πολεμεῖν,
1673 3666 1791 3718 οὐκ

204 3766 276 3815 ἂν
296 3764 592 3833 ἀρνηθείην
611 3763 715 3815 οὐδ’
748 3761 928 3823 αὐτός.
953 3761 1053 3811 Τὸν
1095 3761 1194 3829 μὲν
1226 3760 1331 3828 γὰρ
1372 3760 1526 3811 ἄλλον
1558 3756 1775 3811 ἅπαντα

203 3855 425 3923 χρόνον,
472 3854 630 3913 εὐθὺς
662 3853 797 3920 μετὰ
825 3854 885 3903 τὸ
935 3853 1081 3917 ἡμᾶς
1138 3851 1246 3901 τῶν
1295 3849 1575 3916 πολεμίων
1615 3864 1769 3915 περι-

203 3945 566 4013 γεγενῆσθαι,
604 3942 1029 3996 καταλελυκέναι
1062 3958 1118 3993 τε
1151 3941 1240 3993 τὸν
1286 3942 1521 4007 πόλεμον
1562 3940 1773 4008 συμϐά-

204 4053 321 4098 σεις
354 4036 617 4101 θεμένους
650 4035 783 4103 πρὸς
841 4034 1044 4085 Ἀνναν
1073 4032 1170 4099 τὴν
1201 4031 1469 4099 βασιλίδα,
1498 4030 1593 4082 καὶ
1626 4031 1775 4098 βασι-

202 4126 306 4176 λέα
340 4126 431 4175 τὸν
459 4126 589 4192 ὲμὺν
618 4123 888 4192 γαμὸρὸν,
951 4122 1111 4184 αὐτὸς
1156 4120 1463 4189 ἠνάγκαζον
1508 4121 1652 4187 ὑμᾶς
1695 4121 1776 4173 δε-

208 4217 423 4284 σπότην
448 4217 676 4274 ἐκεῖνον,
708 4216 797 4266 καὶ
832 4213 1054 4280 βασιλέα
1088 4214 1175 4263 καὶ
1213 4213 1432 4275 εἰδέναι,
1485 4212 1581 4264 καὶ
1615 4213 1766 4279 νομί-

201 4304 347 4368 (cur
375 4308 468 4355 καὶ
501 4304 601 4356 οὑκ
639 4305 694 4355 ἐν
727 4305 1022 4374 ἀπορρήτῳ
1078 4302 1256 4371 μόνον,
1336 4302 1472 4354 ἀλλὰ
1523 4302 1616 4354 καὶ
1679 4304 1774 4353 ἐπὶ

203 4393 425 4445 πολλῶν
469 4394 731 4456 πολλάκις
757 4394 845 4443 τὸν
892 4394 1011 4445 νέον
1072 4393 1294 4460 βασιλέα
1337 4394 1432 4445 καὶ
1468 4391 1767 4460 περιόντος,

200 4488 302 4536 καὶ
340 4484 479 4552 μετὰ
522 4484 619 4553 τὴν
672 4483 932 4552 τελευτὴν
987 4484 1122 4549 ἐμοῦ
1173 4487 1270 4552 τῆς
1331 4483 1620 4551 Ῥωμαίων
1654 4484 1771 4534 διά-

1874 2046 2321 2104 oppugnaturos;
2363 2050 2457 2103 spe
2482 2038 2592 2105 jam
2637 2049 2783 2094 certa
2828 2042 3108 2109 subnixos,
3151 2057 3246 2101 aut
3281 2049 3439 2105 victis

1873 2127 2124 2181 hostibus
2171 2128 2348 2195 ipsum
2382 2142 2503 2180 cum
2532 2128 2663 2191 lilio,
2689 2134 2865 2199 quoad
2909 2135 3168 2199 vixerint,
3202 2140 3439 2209 impera-

1871 2227 2022 2286 tores
2059 2219 2383 2273 habituros:
2417 2229 2508 2303 aut
2552 2220 2595 2273 si
2644 2222 2743 2291 ipsi
2797 2224 3103 2291 vincantur,
3132 2244 3255 2284 cum
3307 2233 3438 2301 ipsis

1872 2313 2032 2367 simul
2082 2312 2399 2367 morituros.
2454 2312 2740 2369 Hactenus
2768 2316 3045 2373 nobilitas.
3082 2318 3215 2377 Tum
3269 2323 3440 2395 impr-

1873 2412 2021 2458 rator
2046 2405 2125 2458 sic
2150 2413 2339 2458 contra
2372 2405 2515 2459 fatus
2544 2418 2626 2459 est
2658 2423 2671 2460 :
2698 2407 3022 2463 Petitiouem
3058 2426 3291 2468 vestram
3316 2432 3437 2472 esse

1865 2494 2092 2564 justam,
2118 2500 2173 2547 et
2203 2508 2326 2546 cum
2354 2494 2564 2563 ratione
2596 2496 3055 2563 consentientem,
3087 2515 3151 2555 ac
3176 2518 3272 2556 vos
3298 2506 3436 2559 scire

1870 2595 2147 2654 oportere,
2185 2585 2291 2638 utri
2330 2584 2572 2639 faventes
2624 2587 2675 2639 in
2719 2587 2950 2642 alterum
2999 2606 3147 2647 arma
3186 2601 3435 2660 vertatis,

1872 2693 1973 2731 nec
2019 2691 2118 2746 ego
2165 2676 2376 2731 inficias
2425 2677 2635 2731 iverim.
2680 2677 2813 2732 Nam
2845 2680 3007 2735 simul
3041 2699 3103 2737 ac
3151 2684 3438 2743 debellatis

1874 2769 2126 2822 hostibus
2176 2768 2375 2822 bellum
2428 2768 2731 2836 posuimus.
2771 2779 2826 2825 et
2873 2770 3053 2828 ftedus
3103 2790 3227 2831 cum
3280 2782 3434 2835 Anna

1874 2861 2243 2930 imperatrice,
2293 2876 2597 2929 generoque
2643 2876 2762 2915 meo
2813 2862 3140 2931 imperatore
3188 2870 3435 2935 fecimus,

1874 2952 1990 3019 ipse
2025 2950 2281 3019 cogebant
2314 2965 2407 3002 vos
2450 2950 2734 3004 dominum
2780 2950 2955 3016 illum,
2995 2954 3160 3024 850
3190 2967 3243 3011 et
3266 2959 3437 3029 ίηινρ-

1876 3053 2110 3094 ratorem
2154 3042 2313 3098 scire.
2357 3050 2519 3108 atque
2568 3055 2862 3109 agnoscere
2900 3060 2913 3094 :
2960 3058 3061 3098 nec
3113 3047 3168 3100 in
3222 3064 3437 3105 secreto

1874 3131 2073 3194 solum,
2106 3129 2201 3183 sed
2254 3130 2439 3182 multis
2474 3144 2616 3197 saepe
2657 3128 3028 3195 audientibus,
3076 3132 3433 3209 Palaeol0gum

1873 3224 2167 3290 superstite
2211 3236 2315 3284 me,
2358 3231 2412 3274 et
2465 3231 2585 3288 post
2627 3220 2839 3274 obitum
2871 3237 3046 3276 meum
3096 3226 3150 3279 in
3192 3227 3436 3285 Romano

1879 3314 2107 3381 imperio
2154 3325 2519 3366 successorem
2564 3310 2879 3378 profitebar.
2907 3310 3060 3369 Nunc
3094 3316 3209 3383 ipsa
3252 3333 3432 3374 rerum

1881 3400 2122 3455 conditio
2157 3411 2211 3455 et
2241 3416 2325 3454 me
2363 3401 2524 3454 aliter
2561 3400 2738 3454 facere
2775 3404 3056 3471 compulit,
3089 3422 3249 3474 quam
3290 3411 3435 3463 vole-

1880 3492 2023 3553 bam,
2081 3501 2134 3543 et
2186 3505 2283 3543 vos
2342 3500 2766 3543 consentaneum
2817 3504 2920 3556 est,
2969 3494 3095 3548 inde
3140 3499 3432 3551 admodum

1877 3580 2164 3647 perplexos
2200 3577 2335 3630 ﬁeri.
2368 3578 2422 3630 Si
2460 3578 2627 3644 igitur
2652 3578 2717 3631 de
2746 3578 2866 3632 lana
2905 3583 3123 3648 caprina
3155 3598 3431 3654 ageretur,

1877 3685 1987 3723 non
2035 3680 2179 3723 esset
2227 3669 2443 3722 ditIicile
2495 3686 2547 3721 ιιι
2601 3686 2835 3737 pra-setis
2882 3673 3154 3743 proloqui,
3194 3681 3337 3746 quod
3382 3683 3434 3735 in

1880 3770 2115 3816 mentem
2162 3760 2412 3814 veniret:
2448 3760 2541 3827 qui
2590 3774 2696 3811 non
2743 3776 2995 3833 maguum
3048 3766 3436 3824 detrimentum

1880 3862 2201 3922 sequeretur
2233 3868 2297 3904 ex
2330 3866 2394 3904 co
2425 3852 2571 3920 quod
2610 3854 2919 3906 inconsulto
2952 3865 3006 3907 et
3038 3856 3438 3915 inconsiderate

1880 3958 2000 4011 quac
2034 3942 2089 3994 in
2124 3942 2347 3994 buccam
2380 3941 2679 4005 venissent,
2713 3942 3088 3997 cﬂutivissem.
3131 3946 3267 4011 Quia
3312 3967 3440 4004 vero

1880 4035 1948 4088 de
1995 4034 2063 4088 iis
2116 4034 2347 4102 agimus,
2398 4049 2521 4100 qua:
2564 4034 2706 4101 apud
2756 4048 2856 4087 nos
2908 4037 3127 4091 maximi
3181 4046 3438 4097 momenti

1881 4136 2009 4180 sunt
2051 4126 2214 4194 (quid
2261 4128 2408 4179 enim
2458 4124 2686 4192 imperio
2734 4127 2906 4196 majus
2949 4128 3129 4196 (40)?)
3181 4146 3239 4185 re
3291 4134 3439 4200 prius

1882 4219 2112 4269 multum
2153 4230 2217 4268 ac
2263 4229 2407 4281 saspe
2451 4216 2768 4283 ponderata,
2814 4217 2893 4269 sic
2923 4218 3139 4271 demum
3169 4226 3311 4289 apud
3343 4239 3441 4278 vos

1880 4324 2000 4377 quae
2030 4305 2416 4370 conducibilia,
2440 4317 2493 4360 et
2515 4306 2656 4375 justa
2697 4308 3089 4373 existimemus,
3127 4311 3440 4370 disserenda

1881 4408 2029 4453 sunt.
2072 4399 2256 4466 Neque
2288 4398 2391 4451 hoc
2437 4407 2668 4459 tantum,
2714 4398 2808 4452 sed
2860 4411 2913 4451 et
2947 4400 3072 4468 ipsi,
3106 4412 3217 4455 tum
3256 4420 3352 4471 per
3381 4424 3440 4460 se

1884 4486 2280 4552 unusquisque,
2311 4494 2423 4536 tum
2467 4500 2656 4538 munes
2687 4490 3050 4541 conumtniter
3095 4505 3152 4544 re
3185 4506 3441 4549 accurate

198 4575 363 4642 δοχον
406 4575 676 4643 βασιλείας
706 4574 921 4626 ἔσεσθαι
974 4574 1399 4642 ἀπεφθεγγόμην
1423 4589 1435 4601 ’
1462 4573 1579 4624 νυνὶ
1606 4573 1648 4623 δ’
1679 4572 1776 4624 αὐ·
1805 4608 1853 4664 D

1805 4608 1853 4664 υ
1881 4591 2128 4637 excussa,
2160 4589 2223 4628 ac
2253 4590 2515 4643 perpensa
2546 4577 2623 4628 sic
2659 4579 2957 4644 comparati
2988 4588 3185 4645 estote,
3223 4592 3281 4635 ut
3318 4600 3442 4637 sen-

198 4670 271 4716 11
302 4667 370 4716 τὰ
406 4668 701 4733 πράγματα
753 4667 851 4733 ἐμέ
886 4682 943 4717 τε
970 4667 1283 4733 ηνάχκασαν
1339 4666 1538 4732 ὲτέιιως
1603 4666 1774 4732 πράτ-

198 4774 339 4818 τειν,
370 4759 403 4826 ἢ
444 4759 519 4815 ὡς
554 4759 883 4827 ἠϐουλόμην,
913 4763 1004 4809 καὶ
1054 4759 1179 4825 ὑμῖν
1211 4758 1355 4817 εἰκὸς
1392 4755 1629 4825 μεγάλας
1676 4759 1772 4818 τὰς

200 4847 439 4913 ἀπορίας
488 4847 760 4912 εμποιείν.
818 4845 877 4895 Εἰ
908 4845 1007 4912 μὲν
1038 4840 1128 4894 οὖν
1176 4844 1300 4912 περί
1346 4862 1502 4897 τινων
1542 4847 1771 4899 οᾲδένων
1807 4834 1813 4839 ’

199 4940 297 4988 καὶ
352 4937 848 5005 εὐκαταφρονήτων
903 4935 1109 5000 ολόγο;
1146 4930 1232 5003 ἦν,
1292 4936 1442 4987 οὐδὲν
1485 4932 1553 5007 ἧν
1611 4938 1770 5004 ἔργον

1882 4665 2106 4716 tentiam
2139 4664 2395 4732 quisque,
2438 4681 2600 4732 quam
2656 4666 2819 4719 rebus
2864 4667 3121 4722 ltottiauis
3170 4672 3437 4737 universe,

1878 4762 1935 4807 et
1991 4751 2147 4804 vobis
2202 4752 2403 4821 cuique
2454 4770 2698 4807 seorsum
2748 4756 3084 4821 profuturam
3146 4766 3439 4828 putaverit,

1877 4845 2213 4913 pronuntiet.
2247 4844 2323 4897 Ita
2354 4859 2668 4912 responsum
2695 4847 2759 4898 ad
2789 4848 3108 4914 petitionem
3140 4851 3439 4907 nobilitatis

1878 4938 2124 5000 dilatum,
2156 4946 2210 4990 et
2234 4946 2535 4990 conventus
2573 4936 2831 4991 dimissus
2862 4953 2965 4993 est.

199 5028 537 5095 φθέγγεσθαι
591 5028 683 5077 νυν
738 5028 795 5079 τὸ
850 5028 1154 5096 παραστάν,
1204 5028 1279 5091 ὡς
1329 5029 1512 5098 ὀλίγης
1563 5030 1759 5100 βλάὗης
1799 5032 2061 5100 ἐσομένης
2128 5032 2193 5082 ὲκ
2245 5030 2335 5081 τοῦ
2390 5030 2465 5098 μὴ
2520 5032 2637 5099 μετ’
2690 5032 3011 5097 εὐϐουλίας,
3078 5036 3192 5088 ἀλλ’
3251 5038 3442 5106 ἀπερι-

200 5126 459 5182 σκέπτως
499 5120 833 5188 φθέγξασθαι
896 5123 957 5172 τὸ
1023 5126 1324 5193 προστυχόν
1367 5142 1380 5156 ·
1439 5127 1560 5176 ἐπεὶ
1590 5126 1644 5176 δὲ
1686 5126 1813 5196 περὶ
1844 5128 1951 5178 τῶν
2003 5126 2131 5193 παρ’
2163 5126 2294 5194 ἡμῖν
2329 5128 2621 5193 μεγίστων,
2652 5126 2703 5176 τί
2732 5127 2838 5195 γὰρ
2863 5126 2927 5179 ἂν
2954 5126 3038 5195 εἴη
3067 5128 3249 5195 μεῖζον
3278 5147 3292 5190 ς
3323 5130 3441 5182 δέον

202 5220 476 5287 πρότερον
512 5216 677 5268 πολλὰ
744 5216 1001 5278 πολλάκις
1052 5216 1443 5285 σκεψαμένους,
1499 5218 1642 5272 οὓτω
1701 5221 1837 5286 πρὸς
1874 5220 2013 5287 ὑμᾶς
2083 5219 2217 5271 ἆττα
2278 5216 2343 5269 ἂν
2403 5216 2674 5285 λυσιτελῇ,
2740 5218 2834 5268 καὶ
2897 5218 3075 5271 δίκαια
3135 5222 3441 5289 νομίζωμεν

197 5311 487 5375 διεξιέναι.
517 5308 591 5359 Οὐ
635 5308 742 5376 μὴν
793 5308 932 5360 ἀλλά
991 5311 1083 5360 καὶ
1154 5310 1308 5376 ὑμεῖς
1384 5310 1559 5373 αὐτοὶ,
1611 5312 1708 5364 mi.
1746 5308 1852 5381 ἰδίᾳ
1891 5312 2140 5374 ἕκαστος,
2173 5308 2265 5360 καὶ
2318 5309 2516 5370 πάντες
2579 5309 2729 5375 κοινῇ
2791 5309 2919 5375 περὶ
2971 5310 3065 5361 τοῦ
3121 5312 3439 5380 πράγματος

198 5404 405 5473 πολλὴν
428 5400 694 5465 ἐξέτασιν,
722 5400 814 5451 καὶ
882 5398 1112 5468 βάσανον
1165 5401 1519 5469 ποιούμενοι,
1580 5401 1720 5454 οὕτω
1787 5404 2304 5473 παρασκευάσασθε,
2372 5400 2447 5462 ὡς
2528 5401 2751 5470 γνώμην
2806 5401 3035 5465 ἕκαστος
3086 5405 3333 5456 εἰσοὶσων
3371 5406 3435 5474 ἢ.

1464 5534 1675 5593 Jacobi
1716 5536 1980 5596 Pontaui
2016 5542 2201 5595 notm.

269 5645 387 5714 (59)
420 5642 568 5694 Idem
604 5654 767 5708 supra
794 5639 1091 5714 gpefebatur
1122 5637 1224 5691 hoc
1253 5637 1415 5696 libro,
1445 5650 1492 5690 ei
1524 5638 1774 5714 negabat.

199 5710 303 5770 Hie
331 5715 494 5766 aliter
522 5720 719 5771 sentit;
756 5711 887 5764 nihil
924 5719 1124 5766 tamen.
1159 5718 1216 5759 ιιι
1245 5724 1297 5759 ιιι
1333 5723 1391 5760 re
1420 5710 1638 5760 maximi
1665 5724 1777 5760 ιιιυ-

212 5786 415 5839 menti.
452 5791 657 5832 temere
688 5782 1034 5832 statuendum
1076 5787 1297 5836 ceuset._

275 5855 391 5923 (δυ)
424 5852 504 5904 Ad
531 5849 805 5903 Nicoclem
839 5848 1129 5909 Isocrates,
1155 5846 1400 5914 βασιλεία
1431 5846 1538 5900 τῶν
1567 5847 1775 5916 ἀνθρω-

1887 5640 2056 5690 πίνων
2110 5639 2451 5706 πραγμάτων
2528 5637 2783 5705 μέγιστόν
2838 5637 2993 5696 ἐστι,
3052 5637 3143 5687 καὶ
3197 5635 3440 5698 πλείονος

1888 5710 2138 5777 πρννλας
2169 5712 2457 5775 ὃεόμενον;
2486 5708 2719 5777 Regium:
2753 5717 2823 5759 cal
2854 5722 3113 5757 Minimum
3146 5723 3316 5758 rerum
3343 5711 3441 5758 Im~

1886 5796 2189 5843 ιιιιιιιιιιηιιιι,
2227 5779 2583 5846 ιιιιι]οι·ιήι.7ιιε
2619 5779 3001 5847 prouidentiam
3036 5778 3288 5843 postulat.
