4218 6446
234 422 342 483 273

1402 430 1938 491 IIISTORIARUM
1978 433 2203 492 LillEll
2255 436 2346 495 ιν.

3369 438 3472 500 ΞΗ

236 533 397 583 θεῖον
432 534 522 585 τδν
558 537 671 589 υἱὸν
720 538 1100 594 ἀποδεικνύειν
1158 544 1400 612 βασιλέα.
1445 543 1708 605 Βασιλεὺς
1761 542 1806 595 δ’
1839 547 1879 601 Α

1801 544 1806 563 ’
1839 547 1879 601 Α
1912 544 2086 597 solum
2114 560 2366 599 sermone
2398 545 2465 599 de
2500 544 2692 599 iisdem
2735 547 2877 599 d0cti
2918 561 3060 616 saepe
3110 547 3334 609 fuerint.
3378 551 3467 603 sed

236 627 362 677 ἐπεὶ
390 626 465 695 μὴ
492 627 589 697 τὴν
622 628 907 699 διάσκεψιν
939 628 1086 703 εἶχεν
1122 634 1201 687 ἔτι
1258 634 1657 689 ἀναϐάλλεσθαι
1689 635 1802 704 (£5-

235 719 398 786 ἢρκει
439 719 547 788 γὰρ
571 722 597 772 ὁ
635 723 823 791 χρόνος
848 726 941 793 τῆς
981 726 1295 795 ἀναϐολῆς),
1324 729 1419 780 καὶ
1468 729 1568 796 τὴν
1618 728 1807 781 στάσιν

234 808 642 879 αὐξανομένην,
706 814 799 865 καὶ
851 815 1170 886 προσθήκην
1237 819 1323 869 ἀεὶ
1417 819 1806 886 λαμϐάνουσαν

236 900 409 969 ἐώρα,
447 907 721 967 καταστάς
762 906 840 969 είς
868 907 1086 974 μέσους,
1111 909 1257 975 ἔλεξε
1312 912 1510 965 τοιάδε.
1570 910 1642 963 Τὸ
1678 916 1808 983 περὶ

236 990 346 1041 τῶν
374 991 555 1043 αὐτῶν
584 994 672 1045 ἀεὶ
698 995 975 1060 διεξιέναι,
1005 1000 1099 1051 καὶ
1122 1000 1442 1053 ἀποκναίειν
1478 1002 1603 1063 τοὺς
1645 1002 1810 1055 ἀκού-

233 1098 398 1144 οντας
461 1084 539 1153 τῷ
603 1086 937 1154 καινολογεῖν
1002 1091 1353 1144 παντάπασιν
1402 1095 1642 1145 ἐναντίον
1723 1094 1804 1159 ὃν,

231 1171 436 1236 ὁμοίως
474 1173 587 1243 ἔχει
619 1176 859 1246 μέμψιν,
890 1179 1063 1241 ἄλλως
1088 1179 1133 1231 θ’
1158 1182 1283 1233 ὅταν
1324 1184 1371 1233 οἱ
1409 1183 1702 1245 ἀκούοντες
1743 1184 1805 1236 οὐ

234 1263 417 1329 λόγοις
451 1257 556 1317 ὦσι
590 1268 752 1334 μόνον
782 1270 1043 1333 πολλάκις
1085 1273 1216 1341 περὶ
1264 1272 1373 1325 τῶν
1429 1274 1612 1327 αὐτῶν
1660 1276 1803 1328 δεδι-

230 1354 513 1420 δαγμένοι,
546 1357 681 1409 ἀλλά
711 1360 804 1410 καὶ
830 1362 941 1422 τοῖς
970 1361 1292 1430 πράγμασιν
1324 1363 1507 1426 αὐτοῖς
1561 1382 1806 1435 παρηκο-

231 1444 564 1515 λουθηκότες
596 1448 655 1512 ἐξ
685 1444 760 1501 ὧν
799 1453 1067 1520 ἐσχήκασι
1096 1452 1243 1523 σαφῆ
1280 1456 1370 1506 καὶ
1423 1458 1664 1524 φανερὰν
1708 1457 1805 1527 τὴν

233 1532 515 1595 ἀπόδειξιν
544 1534 651 1584 τῶν
681 1534 1012 1603 λεγομένων.
1047 1537 1137 1599 Ὠς
1160 1538 1260 1605 μὲν
1276 1537 1368 1590 οὖν
1400 1538 1599 1601 ἀδίκως
1628 1558 1798 1592 πεπο-

234 1623 489 1692 ὶέμημαι
519 1626 657 1694 μετά
685 1628 785 1695 τὴν
813 1628 1075 1696 βασιλέως
1096 1630 1389 1699 στελευτὴν,
1421 1633 1539 1695 ζκαὶ
1576 1632 1794 1703 πολλὰς⁸

239 1716 339 1766 καὶ
379 1718 723 1780 παντοδαπὰς
768 1720 1037 1788 ὑπέμεινα
1087 1721 1187 1781 τὰς
1215 1720 1553 1790 δυσχερείας,
1588 1723 1805 1787 καὶτὰς

235 1809 554 1875 ἐπιϐουλὰς,
593 1812 690 1864 καὶ
716 1813 841 1875 τοὺς
870 1814 1171 1876 κινδύνους,
1195 1815 1288 1867 καὶ
1314 1817 1386 1877 ὡς
1404 1815 1540 1883 μετὰ
1573 1815 1667 1884 τὴν
1685 1832 1804 1869 τοσ⁶

234 1900 413 1967 αὐτην
460 1902 572 1955 τῶν
617 1904 809 1957 δεινῶν
862 1907 1151 1975 ἐπιφορὰν,
1193 1913 1287 1965 καὶ
1353 1907 1447 1960 τοῦ
1496 1910 1803 1977 κρείττονος

238 1998 652 2065 συναιρομένου,
683 1999 805 2060 τοὺς
829 1999 1312 2069 ἀντιτεταγμένους
1348 2001 1672 2070 σύμπαντας
1710 2019 1805 2055 κε-

236 2090 552 2157 κρατηκὼς.
578 2089 639 2141 οὐ
655 2092 769 2151 τοῖς
781 2090 915 2153 ίσοις
938 2091 1281 2160 ἠμειψάμην,
1297 2092 1411 2145 ἀλλ’
1429 2092 1806 2161 ὲφιλονείκησα

239 2183 425 2234 πᾶσαν
448 2182 753 2251 ὑπερϐολὴν
791 2184 1102 2249 προσθεῖναι
1152 2188 1216 2254 τῇ
1256 2185 1653 2253 μεγαλοψυχία,
1713 2188 1807 2238 καὶ

236 2276 316 2336 t’o;
390 2275 449 2327 οὐ
532 2275 709 2327 πάντα
771 2276 938 2328 τᾶλλα
1003 2278 1265 2344 προείμαι
1322 2277 1481 2344 μόνον
1544 2278 1804 2347 εὐχερῶς,

237 2366 378 2417 ἀλλά
421 2366 516 2418 καὶ
549 2365 741 2433 αὐτὴν,
769 2365 908 2432 ὑπὲρ
937 2360 1003 2435 ἧς
1035 2365 1251 2417 ἐδόκουν
1311 2366 1377 2417 τά
1409 2366 1559 2419 δεινὰ
1598 2367 1807 2435 ὑπομε-

242 2456 545 2527 μῖιηκέναι
570 2456 846 2527 βασιλείαν
898 2458 1037 2527 (ἴστε
1071 2458 1179 2527 γὰρ
1242 2459 1412 2527 δήπου
1469 2459 1807 2527 σύμπαντεςθ

238 2549 319 2613 ὡς
343 2551 442 2619 τήν
471 2566 528 2601 τε
558 2550 722 2602 παῖδα
756 2550 852 2619 τὴν
899 2550 1036 2619 ἐμὴν
1077 2549 1349 2619 συνῴκισα
1400 2551 1476 2621 τῷ
1516 2552 1620 2617 νέορ
1652 2552 1808 2620 βασι·

239 2644 347 2708 λεί,
403 2643 497 2696 καὶ
522 2646 622 2713 τῆς
649 2642 823 2712 ἀρχῆς
879 2643 1158 2711 μετέδωκα
1214 2642 1397 2705 εὐθὺς,
1431 2643 1522 2695 καὶ
1558 2642 1809 2711 βασιλίδα

239 2739 345 2805 τὴν
383 2736 598 2805 μητέρα
627 2739 725 2804 τῆς
760 2736 1031 2805 προτέρας
1062 2735 1242 2803 δόξης,
1281 2736 1375 2786 καὶ
1406 2735 1498 2787 τοῦ
1522 2730 1664 2788 εἶναι
1715 2738 1811 2789 κα)⁸

241 2828 607 2894 ὀνομάζεσθαι
639 2826 926 2894 Ῥωμαίων
957 2826 1207 2879 δεσπότιν
1236 2826 1587 2895 ἁπεστέρησα
1608 2826 1809 2891 οὐδὲν),

243 2916 518 2984 παρήσειν
552 2932 641 2982 μοι
665 2914 827 2975 δοκῶ,
868 2916 1087 2968 πάντων
1144 2914 1300 2984 ὑμῶν
1330 2915 1641 2983 σαφέστατα
1674 2916 1811 2967 £166-

240 3024 374 3067 των,
416 3007 509 3057 καὶ
553 3004 811 3073 οὐδεμιᾶς
856 3004 1125 3074 δεομένων
1185 3007 1311 3074 περὶ
1361 3006 1531 3058 ταῦτα
1590 3006 1813 3058 ἀποδεί-

243 3099 382 3161 ξεως
414 3111 429 3126 ·
464 3098 545 3148 ὅτι
573 3096 632 3149 δὲ
665 3098 803 3165 μετά
832 3098 956 3159 τοὺς
986 3098 1203 3167 ὅρκους,
1250 3098 1344 3149 καὶ
1377 3098 1477 3158 τὰς
1506 3097 1809 3165 συμϐάσεις

1906 633 2071 689 rebus
2126 636 2255 703 ipsis
2288 651 2506 704 quoque
2560 651 2625 690 ea
2666 639 3059 705 compererint,
3098 654 3218 705 quze
3267 652 3470 693 certam

1906 740 1969 778 ac
2000 726 2342 779 manifestam
2382 727 2535 780 urbis
2568 727 3129 782 ﬁdenteoneiliarunt.
3170 729 3252 783 Mc
3282 729 3467 798 igitur,

1910 818 2238 884 imperatore
2283 816 2598 870 Andronico
2628 829 2848 871 mortuo
2876 819 3090 886 injuste,
3134 829 3193 871 ut
3238 819 3469 882 hostem,

1907 918 2298 975 Oppugnatum,
2338 909 2673 976 multosque,
2712 920 2768 963 et
2796 910 2978 962 varios
3006 924 3188 973 casus,
3222 909 3468 972 insidias,

1910 997 2152 1065 pericula
2188 998 2447 1061 subiisse,
2470 1009 2526 1051 et
2553 1008 2671 1067 post
2704 1010 2883 1053 tantos
2905 1000 3171 1053 malorum
3200 1000 3469 1059 turbines,

1909 1087 2126 1140 nemine
2149 1088 2475 1156 opitulante,
2520 1088 2869 1143 adversarios
2905 1090 3131 1150 vicisse,
3186 1106 3287 1144 nec
3323 1092 3470 1158 paria

1909 1177 2162 1230 retulisse
2196 1196 2209 1230 :
2243 1178 2337 1231 sed
2391 1178 2541 1232 omni
2600 1179 2810 1232 ratione
2843 1181 3272 1248 magnitudinem
3302 1183 3469 1235 animi

1907 1282 2235 1336 exaggerare
2273 1269 2569 1335 studuisse,
2603 1279 2659 1323 et
2686 1286 2795 1324 non
2824 1271 3000 1325 solum
3036 1282 3231 1326 caetera
3264 1274 3469 1337 omnia,

1908 1360 2002 1413 sed
2033 1370 2087 1413 et
2124 1360 2325 1427 ipsum,
2362 1378 2457 1430 pro
2490 1379 2599 1431 quo
2632 1364 2849 1418 infanda
2898 1380 3191 1434 perpessus
3225 1366 3468 1431 videbar,

1912 1448 2201 1514 imperium
2236 1450 2528 1517 reliquisse
2558 1453 2745 1519 (scitis
2774 1455 2920 1507 enim
2956 1456 3219 1509 nimirum
3254 1472 3468 1516 omnes.

1905 1538 2070 1607 852
2106 1541 2379 1609 quomodo
2409 1553 2463 1594 et
2494 1543 2597 1595 tilia
2635 1558 2752 1596 mea
2773 1546 2980 1612 juniori
3009 1546 3324 1616 imperatori
3356 1550 3473 1603 cel-

1906 1629 2104 1695 locala,
2139 1631 2401 1698 collegam
2437 1648 2619 1685 meum
2648 1636 2834 1687 statim
2870 1636 3023 1690 illum
3052 1640 3376 1706 eooptarim.
3419 1650 3474 1692 et

1906 1719 2200 1788 Augustam
2227 1724 2347 1791 ejus
2370 1736 2599 1777 matrem
2631 1726 2799 1794 priori
2822 1729 3207 1796 appellatione,
3248 1740 3304 1783 ut
3327 1740 3475 1784 esset

1909 1813 2187 1876 videlicet,
2213 1814 2561 1869 etdieeretur
2588 1817 2959 1871 Romanorum
2982 1819 3225 1883 domina,
3252 1822 3474 1888 penitus

1913 1921 2018 1960 non
2047 1906 2436 1975 privaverim);
2477 1907 2613 1971 haec,
2661 1907 2903 1977 inquam,
2944 1911 3161 1965 silentio
3195 1913 3475 1977 praeterire

1906 1997 2039 2050 mihi
2072 2006 2281 2051 certum
2309 2006 2411 2062 est,
2464 1998 2683 2067 quando
2716 2016 2874 2054 nemo
2902 2011 3140 2055 vestrum
3177 2003 3352 2067 adest,
3385 2004 3471 2056 cui

1905 2105 1967 2143 ea
2014 2105 2124 2141 non
2175 2089 2285 2142 sint
2336 2090 2639 2151 notissima,
2695 2099 2754 2141 ut
2784 2092 3012 2158 proinde
3055 2108 3083 2145 a
3134 2108 3220 2145 me
3268 2094 3472 2146 nullam

1908 2179 2283 2247 probationem
2316 2182 2620 2248 requirant.
2650 2182 2806 2246 Quod
2838 2194 3021 2236 autem
3058 2195 3178 2253 post
3202 2187 3473 2239 sancitum

1908 2270 2085 2325 foedus
2117 2286 2307 2325 eorum
2347 2272 2663 2340 dignitatem
2689 2275 2838 2328 cordi
2867 2275 3174 2337 habuerim,
3206 2286 3261 2329 et
3290 2277 3473 2329 omnia

1909 2364 1961 2417 in
1994 2380 2089 2418 eos
2119 2364 2319 2427 ofﬁcia,
2364 2379 2639 2433 onmeque
2678 2366 3073 2419 benevolentiae
3104 2383 3305 2420 munus
3344 2382 3476 2420 con-

1910 2455 2150 2520 tulerim,
2182 2470 2281 2508 nec
2305 2455 2469 2508 ullam
2500 2471 2737 2524 unquam
2764 2458 2815 2509 in
2838 2458 2949 2511 ullo
2977 2446 3100 2511 belli
3131 2459 3474 2512 occasionem

1908 2546 2303 2615 suppeditarim
2315 2586 2329 2609 ,
2348 2560 2495 2601 nunc
2513 2547 2799 2601 evidenter
2814 2548 3057 2602 conabor
3072 2549 3470 2603 demonstrare.

1908 2636 2171 2689 Protinus
2193 2636 2364 2698 enim,
2402 2646 2461 2689 ut
2490 2636 2696 2688 bellum
2726 2639 3070 2705 εοηειιρίιιιηι
3100 2647 3203 2703 est,
3241 2640 3475 2707 quibus-

1911 2728 2035 2781 dam
2074 2728 2219 2781 inter
2248 2742 2347 2782 vos
2375 2728 2763 2783 illustrissimis
2804 2729 2853 2781 id
2886 2746 3028 2798 aegre
3065 2732 3389 2789 ferentibus.
3421 2741 3477 2785 et

1906 2818 2111 2888 juniori
2144 2818 2465 2887 imperatori
2498 2819 2872 2873 obedientiam
2918 2822 3106 2889 jurare
3159 2822 3471 2876 detrectan-

1912 2910 2080 2974 tibus,
2109 2925 2378 2979 graveque
2402 2919 2458 2963 et
2501 2924 2797 2965 onerosum
2842 2912 2961 2966 fore
2993 2914 3475 2977 ratiocinantibus,

1911 3002 2004 3070 qui
2036 3017 2159 3055 cum
2195 3003 2324 3055 totis
2359 3002 2570 3056 viribus
2603 3002 2669 3055 ad
2707 3018 2834 3058 eum
2863 3004 3010 3058 diem
3044 3004 3475 3075 belligerasseut,

1911 3094 1960 3146 ei
1990 3094 2102 3162 jam
2130 3094 2301 3156 victo,
2339 3102 2399 3147 ut
2434 3104 2745 3161 appareret,
2781 3110 2999 3149 rursum
3030 3111 3089 3150 se
3117 3097 3376 3162 subdere,
3413 3113 3477 3152 ac

242 3184 457 3246 οὐδενὸς
477 3185 729 3253 ἠμέλησα
751 3185 860 3237 τῶν
878 3185 1230 3254 καθηκόντων
1263 3186 1399 3255 πρὸς
1421 3188 1638 3247 αὐτοὺς,
1675 3186 1810 3240 ἀλλά
1842 3223 1884 3279 C

1842 3223 1884 3279 ε
1917 3180 2209 3249 subjicere,
2269 3190 2326 3234 et
2373 3182 2691 3245 orantibus,
2742 3198 2810 3237 ne
2860 3184 2951 3236 tali
3000 3200 3097 3239 eos
3146 3188 3476 3243 necessitate

246 3280 433 3330 πᾶσαν
460 3275 827 3345 ἐπεδειξάμην
881 3277 975 3328 καὶ
1038 3276 1273 3347 σπουδὴν
1297 3279 1391 3329 καὶ
1440 3277 1676 3340 εὔνοιαν,
1713 3282 1809 3331 καὶ

243 3368 507 3436 οὐδεμίαν
530 3368 705 3420 οὐδενί
737 3384 867 3420 ποτε
895 3369 1165 3436 πρόφασιν
1196 3369 1378 3429 αὐτοῖς
1400 3368 1638 3437 πολέμου
1669 3387 1813 3437 παρα

242 3460 629 3530 εσχόμην,νῦν
661 3461 863 3527 ἐναργῆ
899 3460 1222 3529 πειράσομαι
1260 3461 1359 3529 τὴν
1392 3460 1668 3525 ἀπόδειξιν
1714 3462 1812 3529 τὴν

243 3557 311 3605 ἐκ
335 3553 442 3604 τῶν
477 3553 651 3619 λόγων
681 3551 1093 3621 παρασχέσθαι.
1129 3553 1301 3616 Εὐθὺς
1330 3570 1387 3605 τε
1412 3540 1518 3622 γάρ
1556 3557 1689 3623 μετά
1718 3554 1811 3607 τοῦ

243 3645 485 3713 πολέμου
516 3644 614 3714 τὴν
636 3643 931 3697 κατάλυσιν
951 3643 1113 3695 τινῶν
1138 3644 1247 3696 τῶν
1297 3644 1428 3715 παρ’
1460 3647 1588 3714 ὑμῖν
1652 3646 1811 3715 μάλι-

245 3756 352 3790 στα
384 3737 663 3807 έπιφανῶν
688 3735 1253 3803 δυσανασχετούντων,
1318 3739 1410 3790 καὶ
1439 3739 1809 3807 ἀναινομένων

242 3838 442 3903 ὅρκους
467 3835 557 3884 ἐπὶ
587 3830 799 3900 δουλείᾳ
826 3827 1163 3899 παρέχεσθαι
1198 3828 1276 3897 τῷ
1306 3831 1411 3899 νέῳ
1447 3828 1680 3899 βασιλεῖ,
1717 3830 1811 3883 καὶ

247 3928 390 3995 βαρὺ
420 3928 514 3980 καὶ
569 3926 804 3993 ἐπαχθὲς
862 3925 1249 3994 λογιζομένων,
1299 3918 1344 3993 ᾧ
1394 3924 1541 3993 πάσῃ
1586 3923 1813 3992 δυνάμει

246 4018 697 4086 πεπολεμήκασιν
731 4019 860 4086 ἄχρι
893 4018 1037 4076 τότε,
1088 4015 1264 4084 τούτῳ
1317 4015 1458 4084 μετά
1515 4014 1575 4067 τὸ
1632 4014 1811 4067 δοκεῖν

248 4110 655 4181 κεκρατηκέναι
684 4106 845 4171 αὖθις
873 4110 1102 4171 ἑαυτοὺς
1134 4109 1385 4174 ὑπάγειν,
1417 4107 1511 4159 καὶ
1541 4106 1811 4160 καταδου-

244 4200 395 4263 λοῦν,
428 4203 522 4252 καὶ
552 4200 626 4271 μὴ
643 4200 845 4268 ταύτην
870 4200 1170 4253 ἐπιτιθέναι
1220 4198 1317 4268 τὴν
1378 4199 1646 4269 ἀνάγκην,
1695 4199 1810 4252 ἀλλ’

243 4298 374 4363 ἐμοὶ
424 4294 569 4364 μόνῳ
626 4294 726 4361 τὴν
775 4291 1019 4344 δουλείαν
1064 4291 1305 4360 ὀφείλειν
1357 4292 1651 4360 δεομένων,
1712 4294 1813 4346 οὐκ

251 4387 490 4456 ᾑθέλησα
525 4384 706 4449 αὐτὸς,
740 4384 853 4436 ἀλλ’
884 4384 1047 4438 αὑτοῦ
1077 4400 1136 4435 τε
1166 4383 1330 4436 ἕνεκα
1360 4383 1454 4436 τοῦ
1504 4384 1695 4447 καλοῦ,
1721 4387 1814 4438 καλ⁵

255 4478 344 4529 τοῦ
380 4476 592 4529 δικαίου
652 4475 746 4527 καὶ
778 4475 879 4543 τῆς
915 4477 993 4536 είς
1046 4473 1268 4542 βασιλέα
1291 4475 1381 4527 τὸν
1431 4474 1676 4545 γαμϐρὸν
1718 4477 1813 4528 εὖ·

1918 3274 2376 3342 coustringerem,
2421 3273 2516 3327 sed
2550 3274 2684 3327 mihi
2713 3274 2815 3328 soli
2847 3275 3244 3341 subiectionem
3274 3277 3474 3333 debere

1916 3364 2177 3426 sinerem,
2234 3379 2335 3432 ego
2381 3364 2556 3427 nolui,
2608 3374 2665 3418 et
2717 3381 2905 3421 amore
2959 3367 3262 3422 honestatis
3310 3378 3476 3437 atque

1909 3455 2159 3525 justitiaz,
2186 3464 2242 3508 et
2266 3455 2438 3523 ipsius
2462 3455 2809 3525 imperatoris
2828 3458 3016 3526 generi
3040 3460 3144 3513 mei
3172 3460 3479 3513 exantlatns

1915 3545 1981 3596 ab
2010 3544 2079 3597 iis
2110 3559 2229 3597 mea
2262 3559 2427 3597 causa
2454 3544 2695 3608 labores,
2730 3545 2874 3598 adita
2904 3545 3247 3609 discrimina,
3269 3555 3325 3601 et
3356 3548 3478 3601 (lin-

1918 3646 2134 3689 turnam
2158 3651 2374 3699 eorum,
2398 3636 2888 3705 incredibilemque
2908 3638 3273 3693 calamitatem
3299 3641 3480 3708 parvi—

1914 3728 2180 3799 pendens,
2235 3727 2408 3782 libere
2471 3727 2733 3797 denegavi
2786 3747 2799 3781 :
2850 3738 2906 3782 et
2948 3730 3125 3784 solum
3167 3731 3475 3785 Romanum

1917 3831 2127 3875 vertere
2152 3822 2311 3892 jussi,
2363 3822 2470 3877 nisi
2500 3822 2665 3877 etiam
2700 3822 2809 3877 illis
2842 3833 3245 3877 sacramentum
3277 3822 3481 3875 vellent

1916 3914 2116 3979 dicere,
2140 3923 2199 3970 et
2228 3915 2454 3969 subesse
2485 3916 2744 3983 perfecte,
2776 3912 3238 3983 quemadmodum
3265 3920 3324 3963 ut
3347 3912 3479 3965 mibi

1916 4007 2228 4071 subessent,
2260 4006 2454 4061 decere
2479 4006 2911 4058 arbitrarentur.
2943 4004 3057 4057 lino
3082 4019 3212 4057 vero
3238 4004 3329 4057 illo
3360 4019 3482 4071 per-

1916 4100 2134 4162 fectius,
2184 4099 2330 4162 quod
2387 4098 2519 4151 mihi
2570 4112 2679 4150 non
2726 4104 2854 4157 stat,
2907 4095 3199 4164 imperium
3247 4094 3300 4147 in
3343 4093 3483 4146 ﬁlios

1919 4191 2290 4245 transmittere
2323 4206 2338 4243 :
2366 4190 2459 4244 sed
2494 4189 2647 4243 illum
2682 4188 2953 4241 [Heredem
3005 4186 3338 4253 relinquere,
3386 4185 3480 4253 qui

1920 4283 1970 4336 id
2019 4282 2085 4336 ad
2138 4292 2298 4337 natos
2347 4297 2413 4335 ac
2461 4289 2689 4349 nepotes
2722 4279 3074 4332 transmittat.
3126 4277 3264 4331 lluic
3295 4287 3485 4346 postu-

1918 4370 2105 4423 lationi
2144 4386 2302 4433 mea},
2352 4385 2663 4439 quanquam
2716 4367 2895 4430 inviti,
2933 4369 3301 4435 obsequentes
3337 4368 3483 4434 jura-

1922 4468 2141 4513 verunt.
2164 4461 2399 4518 Rursus.
2449 4474 2572 4512 cum
2606 4458 2831 4526 quidam
2860 4455 2928 4510 de
2958 4455 3223 4510 studiosis
3248 4456 3484 4524 impera-

256 4568 426 4630 θοίας,
455 4567 581 4628 τοὺς
607 4564 831 4627 πολλοὺς
879 4564 1018 4631 ὑπὲρ
1056 4564 1191 4633 ἐμοῦ
1210 4566 1402 4625 πόνους
1428 4565 1520 4616 καὶ
1541 4565 1815 4627 κινδύνους
1846 4587 1893 4645 D

1813 4584 1815 4592 ι
1846 4587 1893 4645 D
1925 4551 2076 4603 tricis
2103 4565 2283 4604 rerum
2318 4564 2583 4602 novarum
2610 4548 2793 4616 cupidi
2830 4548 2975 4601 inter
3005 4562 3063 4600 se
3104 4547 3244 4615 pacti
3269 4556 3479 4607 essent,

168 4666 173 4669 ’
250 4659 478 4711 ἐκείνων
526 4657 819 4728 ὑπεριδὼν,
872 4657 966 4710 καὶ
1012 4659 1110 4725 τῆς
1165 4657 1259 4710 ἐπὶ
1319 4655 1571 4708 τοσοῦτον
1626 4657 1814 4727 χρόνον

250 4748 538 4818 ἀμυθήτου
561 4747 964 4815 κακοπραγίας,
1021 4748 1344 4816 ἀπειπάμην
1400 4748 1668 4815 φανερῶς,
1722 4750 1815 4800 καὶ

248 4844 352 4910 τῆς
393 4839 679 4908 Ῥωμαίων
718 4839 894 4907 ἀρχῆς
932 4839 1179 4891 ἐκέλευον
1239 4840 1571 4907 ἀναχωρεῖν,
1629 4839 1682 4890 εί
1740 4837 1816 4907 μὴ

252 4926 532 4997 βούλοιντο
562 4927 654 4978 καὶ
681 4924 988 4996 βασιλεῖτῷ
1016 4926 1124 4994 νέῳ
1178 4927 1512 4997 παρέχεσθαι
1546 4927 1671 4989 τοὺς
1725 4927 1819 4996 ὅρ-

251 5035 409 5081 κους,
453 5018 549 5069 καὶ
575 5015 846 5069 δουλεύειν
883 5016 1146 5086 ἀκριϐῶς,
1176 5015 1367 5087 ὥσπερ
1410 5016 1613 5069 οἴονται
1650 5018 1821 5085 κάμοὶ

252 5108 581 5179 προσήκεινο
619 5108 811 5171 ἐκείνῳ
862 5107 920 5160 δὲ
969 5108 1061 5159 καὶ
1100 5108 1322 5176 μᾶλλον,
1368 5108 1491 5160 ὅσον
1544 5109 1668 5177 ἐμοὶ
1725 5108 1821 5176 μὲν

253 5198 359 5250 οὐκ
391 5198 472 5257 εἰς
520 5197 646 5257 τοὺς
676 5196 866 5255 παῖδας
893 5194 1167 5263 ἔγνωσται
1200 5195 1545 5272 διαϐιϐάζειν
1576 5197 1675 5265 τὴν
1703 5197 1805 5263 ἀρ-

257 5294 385 5357 χὴν,
412 5286 528 5339 ἀλλ’
561 5287 769 5339 ἐκεῖνον
821 5286 1175 5338 καταλείπειν
1226 5286 1585 5357 κληρονόμον,
1625 5285 1821 5351 ἐκείνῳ

256 5378 318 5430 δὲ
340 5379 422 5438 είς
445 5377 661 5442 ⁴ιιαῑδας,
692 5377 785 5429 καὶ
830 5377 1022 5437 παῖδας
1058 5377 1261 5430 παίδων
1288 5376 1632 5445 διαϐήσεται,
1670 5376 1704 5428 δι
1731 5377 1824 5427 καὶ

258 5469 534 5535 ἔπραττον
662 5467 914 5520 ἐκέλευον
953 5467 1136 5531 αὐτὸς,
1188 5467 1285 5519 καὶ
1332 5469 1655 5538 παρείχοντο
1700 5469 1825 5529 τοὺς

255 5558 459 5625 ὅρκους
483 5554 573 5608 ὑπ’
608 5556 876 5625 ἀνάγκης.
908 5553 1073 5617 Αὖθις
1095 5557 1151 5609 δὲ
1180 5558 1287 5610 τῶν
1342 5558 1572 5627 βασιλίδι
1621 5574 1823 5627 προσε-

259 5641 470 5717 χόντων
511 5648 878 5717 τραπομένων
926 5649 1093 5700 τινῶν
1124 5651 1204 5711 εἰς
1264 5651 1682 5718 νεωτερισμοὺς,
1733 5649 1827 5700 καὶ

261 5738 611 5807 συνθεμένων
641 5738 826 5809 ἀπάτῃ
860 5742 1321 5811 συναρπάσαντας
1371 5742 1459 5793 τδν
1494 5740 1613 5793 νέον
1674 5741 1828 5807 βασι-

260 5830 380 5897 λέα,
405 5828 705 5885 διαϐαίνειν
734 5832 824 5883 ἐπὶ
864 5831 1129 5896 Γαλατᾶν,
1164 5832 1256 5883 καὶ
1296 5832 1531 5899 πῷλεμον
1590 5832 1826 5901 ἐγείρειν

1923 4658 2017 4710 per
2069 4641 2312 4694 fraudem
2369 4641 2597 4709 adrepto
2656 4655 2843 4693 secum
2885 4640 3104 4709 iuniore
3151 4639 3482 4706 imperatore

1918 4732 2158 4787 Galatam
2193 4741 2397 4800 petere,
2447 4741 2502 4785 et
2549 4732 2692 4784 unde
2742 4731 2886 4784 unde
2916 4740 3199 4785 contracto
3231 4729 3478 4783 exercitu

1920 4822 2124 4877 bellum
2165 4832 2354 4875 contra
2410 4836 2493 4874 me
2543 4822 2849 4883 concitare,
2906 4821 2981 4874 illi
3033 4820 3256 4889 quidem
3288 4824 3486 4890 depre-

1922 4916 2104 4978 hensi,
2161 4913 2466 4968 mercedem
2521 4913 2744 4968 sceleris
2810 4913 2893 4966 sui
2940 4920 3324 4980 susceperunt.
3380 4912 3481 4977 Qui

1926 5023 2056 5061 vero
2100 5007 2301 5059 animis
2351 5020 2542 5073 parum
2603 5004 2779 5071 aequis
2826 5003 3145 5071 imperatori
3199 5001 3482 5069 suberant,

1931 5096 2083 5149 velut
2130 5094 2381 5148 idoneam
2424 5108 2643 5145 causam
2692 5095 2859 5155 naCIi,
2909 5096 3091 5145 denuo
3125 5091 3483 5160 jurisjurandi

1925 5188 2193 5256 religione
2210 5184 2417 5239 absolvi
2442 5184 2808 5253 postularunt,
2835 5194 2890 5238 et
2920 5185 3098 5237 facere
3128 5198 3303 5251 posse,
3338 5183 3483 5250 quod

1925 5298 1991 5335 ex
2026 5295 2082 5333 re
2108 5296 2207 5333 sua
2230 5279 2530 5332 videretur.
2567 5277 2680 5346 Ego
2732 5291 2859 5329 vero
2896 5276 2965 5329 ad
3007 5276 3123 5329 haec
3154 5272 3355 5327 surdus
3387 5274 3490 5325 iiu-

1930 5382 2231 5441 peratorem
2258 5380 2314 5423 et
2342 5380 2596 5433 matrem,
2650 5377 2909 5436 tanquam
2964 5366 3199 5429 nescios,
3249 5382 3370 5433 qua:
3412 5366 3486 5417 illi

1930 5462 2188 5516 novitatis
2226 5460 2453 5514 consilia
2481 5467 2805 5528 coquerent,
2861 5458 3010 5511 omni
3044 5458 3203 5526 Culpa
3236 5458 3485 5518 liberavi,

1929 5564 1982 5608 et
2011 5550 2446 5622 postulatoribus
2497 5549 2754 5619 praecepi,
2789 5560 2847 5603 ut
2889 5565 2947 5603 se
2977 5549 3349 5609 continerent,
3390 5564 3490 5600 nec

1932 5646 2237 5699 Romanum
2286 5642 2577 5710 imperium
2632 5640 2699 5696 de
2736 5643 2949 5710 integro
2997 5638 3257 5693 :erumnis
3300 5655 3493 5691 ειιιιιιιο

1933 5736 2081 5791 laudi
2113 5743 2433 5804 praetextum
2461 5744 2789 5802 quaererent.
2836 5735 2971 5788 Cum
3002 5748 3101 5786 nec
3147 5733 3226 5786 sic
3267 5730 3491 5798 quidem

1934 5826 2270 5886 desinerent,
2310 5826 2402 5879 sed
2445 5825 2693 5879 Mattltaro
2720 5825 2829 5879 lilio
2860 5841 2981 5879 meo
3011 5824 3238 5891 decepto
3268 5837 3493 5889 νει-διισ-
