4218 6446
744 413 852 477 975

1915 436 2235 498 JOANNIS
2273 439 2791 504 CANTACUZEVI

3876 443 3987 502 276

745 541 966 593 sissent,
1001 534 1056 589 ut
1085 535 1249 607 853
1282 543 1567 609 occupatis
1602 544 1931 611 quibusdam
1962 550 2213 613 urbibus,
2258 567 2287 603 e

2420 554 2625 624 ἐπ’ἑμὲ
2663 557 2888 627 δύναμιν
2933 565 3460 633 σ-αμποριζομένους,
3506 563 3628 615 ὅθεν
3662 562 3728 614 ἂν
3757 560 3881 627 ἐξῆ,
3930 563 3984 611 οἱ

747 632 901 687 ιιηιῐῑθ
930 628 1163 691 quadam
1200 628 1269 681 de
1301 638 1416 682 toto
1455 633 1686 701 imperio
1733 637 1945 701 avulsa,
1984 653 2142 692 suum
2203 641 2309 693 sibi

745 709 1111 779 principatum
1167 717 1483 772 institueret
1512 737 1523 772 :
1552 736 1651 774 nec
1696 726 1870 777 amori
1910 738 2137 794 paterno
2182 743 2310 782 suc-

742 803 930 859 cubui.
959 820 1057 859 nec
1087 806 1355 863 dissolute
1410 821 1464 865 ct
1491 814 1795 870 oscitanter
1830 800 1882 869 in
1933 819 2035 872 hoc
2066 822 2307 889 negotio,

741 888 905 961 quasi
927 898 1159 963 minuto,
1187 916 1286 954 nec
1313 904 1583 971 singulari
1638 922 1769 960 cura
1822 909 1989 977 digno
2026 928 2109 964 me
2138 912 2306 981 gessi,

739 985 836 1038 sed
865 991 1198 1045 onmimodis
1239 994 1540 1060 elaboravi,
1602 1009 1660 1052 ut
1694 999 1862 1053 tilium
1916 1017 1944 1055 a
1982 1005 2173 1072 emptis
2203 1005 2309 1057 illi-

740 1079 864 1131 citis
894 1080 1247 1143 abducerem.
1277 1095 1335 1140 et
1368 1089 1533 1142 missa
1569 1092 1794 1161 insuper
1847 1094 1969 1162 ejus
2017 1109 2211 1159 matre,
2249 1104 2309 1149 ut

740 1168 899 1221 nevis
926 1170 1092 1225 rebus
1126 1178 1516 1243 supersedens,
1547 1182 1703 1241 mihi.
1761 1192 1817 1236 et
1844 1200 2043 1249 genero
2073 1186 2309 1254 impera-

740 1260 844 1310 tori
876 1274 935 1312 se
968 1270 1087 1315 tuto
1122 1266 1442 1334 subjiceret,
1504 1272 1726 1337 perfeci.
1785 1276 1961 1342 Atque
1997 1276 2304 1329 istiusmodi

736 1351 1022 1417 complura
1055 1369 1141 1407 me
1173 1372 1393 1424 semper
1423 1361 1762 1426 pnestitisse,
1816 1364 1908 1431 qui
1940 1364 2304 1432 indag-n'erit,

738 1444 1003 1497 “veniet.
1033 1445 1108 1497 Ex
1135 1447 1335 1513 quibus
1357 1450 1661 1505 clarissime
1690 1454 1879 1520 liquet,
1909 1470 1993 1507 tne
2020 1471 2116 1507 nec
2141 1450 2303 1517 facto,

736 1545 841 1585 :iec
894 1536 1229 1603 cogitatione
1276 1555 1506 1604 ausum,
1568 1544 1713 1595 unde
1760 1548 2031 1614 quispiam
2088 1549 2300 1615 epinari

736 1634 924 1688 queat,
969 1643 1055 1679 me
1088 1629 1241 1681 illum
1273 1631 1503 1698 imperio
1534 1634 1775 1701 spoliare
1802 1638 1963 1698 velle,
2011 1639 2140 1706 quin
2171 1655 2303 1693 con-

738 1718 968 1768 trarium
1005 1721 1210 1786 potius,
1238 1736 1437 1790 nempe
1472 1740 1557 1777 nte
1612 1727 1662 1778 id
1717 1742 1899 1794 agere,
1958 1740 2015 1781 ut
2064 1729 2302 1797 idipsum

736 1803 815 1855 illi
851 1805 991 1858 bene
1027 1822 1308 1873 securum,
1356 1828 1419 1865 ac
1463 1814 1658 1866 stabile
1695 1824 2033 1881 permaneat.
2090 1820 2159 1872 At
2212 1820 2303 1875 ille

2421 645 2538 713 μὲν,
2593 649 2953 717 φωραθέντες,
2991 653 3177 706 ἔδοσαν
3233 656 3335 723 τῆς
3398 654 3739 720 κακουργίας
3802 652 3991 719 δίκην

2415 739 2609 791 ἐκεῖνοι
2666 740 2720 792 δὲ
2775 743 2825 792 οἱ
2877 744 3087 812 βαρέως
3145 747 3402 815 φέροντες
3449 745 3546 814 τὴν
3611 744 3717 795 ὑπὸ
3774 743 3998 811 βασιλεῖ

2414 826 2671 891 δουλείαν,
2725 830 2909 900 ῶσπερ
2940 834 3159 900 εὐλόγου
3194 836 3518 902 προφάσεως
3551 833 3991 899 εὐπορήσαντες,

2412 916 2565 982 αὖθις
2600 921 2781 990 ἠξίουν
2822 926 2894 993 μὴ
2926 927 3209 995 ἐνέχεσθαι
3244 930 3355 988 τοῖς
3419 929 3626 994 ὅρκοις.
3688 924 3808 976 ἀλλ’
3841 926 3985 976 ἀπο-

2412 1009 2661 1063 λελύσθαι
2692 1012 2791 1080 τῆς
2815 1013 3081 1083 ἀνάγκης,
3117 1016 3209 1066 καὶ
3264 1016 3545 1081 πράττειν,
3577 1015 3604 1065 ὃ
3641 1032 3691 1065 τι
3728 1014 3794 1066 ἂν
3852 1014 3991 1083 δοκῇ

2413 1105 2711 1171 συμφέρειν
2760 1105 2959 1172 σφίσιν.
3016 1106 3159 1172 Ἐγὼ
3218 1108 3272 1158 δὲ
3337 1106 3444 1157 οὐδ’
3470 1106 3661 1172 ἄκροις
3734 1105 3850 1156 ὠσὶ
3896 1106 3991 1156 τον

2408 1194 2565 1260 λόγον
2590 1198 2914 1267 ἠνεσχόμην,
2952 1198 3084 1251 ἀλλὰ
3120 1199 3338 1266 βασιλέα
3384 1198 3480 1267 μὲν
3504 1201 3597 1251 καὶ
3638 1199 3737 1267 τὴν
3769 1198 3993 1266 μητέρα

2410 1287 2591 1353 ἠξίουν
2627 1289 2904 1356 ἐνέχεσθαι
2958 1291 3197 1359 μηδεμιᾷ
3248 1293 3455 1358 γραφῇ,
3519 1290 3615 1342 ἆτε
3675 1289 3991 1348 συνειδότας

2410 1382 2521 1440 τοῖς
2602 1381 2953 1444 νεωτερίσασι
3028 1380 3213 1449 μηδὲν,
3296 1381 3538 1443 ἐκείνους
3608 1380 3665 1432 δὲ
3724 1380 3991 1432 ἐκέλευον

2409 1468 2655 1537 ἠρεμεῖν,
2688 1470 2778 1519 καὶ
2843 1469 2917 1538 μὴ
2982 1471 3252 1539 πρόφασιν
3332 1470 3520 1539 ζητεῖν
3596 1472 3654 1536 ἐξ
3701 1466 3771 1541 ἦς
3824 1470 3987 1531 αὖθις

2408 1558 2504 1625 τὴν
2611 1558 2893 1625 Ῥωμαίων
2981 1562 3315 1629 ὲμπλήσουσι
3428 1560 3642 1613 πολλῶν
3742 1561 3937 1612 κακῶν
3970 1596 3988 1614 .

2422 1649 2673 1701 Ἐκείνιον
2750 1650 2807 1703 δὲ
2894 1650 3003 1704 οὐδ’
3078 1651 3218 1705 οὕτω
3316 1653 3742 1719 πεπεισμένων,
3837 1652 3980 1703 ἀλλὰ

2406 1737 2682 1790 Ματοαῖον
2748 1738 3167 1809 ἑξηπατηκότων
3229 1742 3319 1794 τὸν
3358 1742 3490 1810 ὲμδν
3543 1742 3683 1804 υἱὸν,
3745 1742 3846 1793 καὶ
3883 1760 3987 1793 πε-

2409 1830 2673 1881 πεικότων
2727 1830 2863 1882 ίδίαν
2922 1831 3290 1900 συστήσασθαι
3338 1833 3514 1903 ἀρχὴν
3564 1832 3753 1892 πόλεις
3815 1848 3990 1883 κατα·

736 1911 1082 1965 nequaquam
1133 1917 1319 1969 parem
1375 1904 1509 1956 mihi
1570 1906 1813 1957 animum
1863 1923 2147 1963 remensus
2198 1922 2281 1963 est

2412 1921 2602 1988 σχόντα
2653 1922 2825 1985 τινας,
2866 1924 2957 1973 καὶ
3018 1923 3201 1992 χώραν
3245 1923 3660 1992 ἀποτεμόμενον
3698 1925 3801 1990 τῆς
3854 1923 3988 1991 ὅλης

734 1990 870 2043 Nam
904 1991 1310 2048 Thessalonica!
1343 2011 1370 2048 a
1407 2012 1490 2049 me
1524 1997 1774 2058 relictus.
1827 2009 1883 2053 ut
1918 2002 2033 2070 ejus
2064 2002 2304 2055 civitatis

732 2090 939 2159 custos,
963 2084 1139 2138 donec
1168 2097 1390 2155 paratus
1410 2098 1465 2140 et
1490 2088 1790 2144 instructus
1814 2092 2070 2154 redirem,
2104 2094 2303 2147 malum

734 2176 1018 2227 custodem
1050 2178 1181 2245 egit.
1222 2177 1504 2245 Siquidem
1550 2180 1867 2234 hominibus
1914 2183 2198 2249 improbis,
2243 2199 2304 2238 ac

735 2262 994 2328 nefariis,
1038 2278 1092 2318 et
1139 2267 1320 2321 lucelli
1378 2270 1551 2336 gratia
1602 2286 1707 2321 non
1754 2271 1931 2323 solum
1986 2272 2301 2326 universum

733 2352 1043 2407 Romanum
1074 2356 1389 2423 imperium,
1454 2359 1550 2412 sed
1612 2360 1789 2427 ipsum
1839 2376 2077 2429 quoque,
2126 2364 2211 2415 cui
2249 2364 2301 2417 in

736 2449 837 2501 hoc
895 2448 1180 2503 retinendo
1225 2450 1447 2504 Studere
1519 2451 1853 2505 videbantur
1911 2454 2296 2522 prodentibus,

733 2541 1072 2605 auscultans,
1102 2542 1234 2594 mihi
1268 2557 1375 2595 non
1402 2543 1815 2597 dissimulanter
1838 2546 2041 2599 bellum
2078 2548 2299 2602 intulit:

731 2630 828 2699 qui
862 2631 1000 2684 nihil
1035 2646 1143 2685 non
1178 2632 1466 2696 faciebam,
1522 2649 1632 2702 quo
1658 2636 1949 2702 imperium
1987 2639 2034 2689 ei
2068 2637 2298 2698 beatius,

732 2734 897 2789 atque
931 2724 1097 2777 latius
1123 2724 1431 2787 redderem,
1481 2736 1751 2793 ruptoque
1778 2727 1921 2793 quod
1967 2742 2179 2780 mecum
2219 2728 2305 2781 in-

732 2816 1052 2869 tercedebat
1088 2816 1297 2869 {uidere
1322 2857 1335 2879 ,
1397 2831 1519 2868 cum
1572 2816 1730 2870 Crale
1772 2818 2088 2871 societatem
2115 2832 2305 2886 pactus

728 2919 833 2969 est,
885 2917 1093 2962 tantum
1142 2917 1198 2961 ut
1246 2923 1331 2962 me
1387 2909 1469 2961 Sui
1514 2908 1953 2961 amantissimum
2005 2912 2299 2966 cruciaret.

732 3003 808 3057 lbi
844 3014 956 3055 tum
980 3018 1081 3071 ego
1115 3017 1222 3055 non
1258 3001 1442 3053 statim
1474 3001 1537 3052 ad
1585 2990 1962 3053 ulciscendum
2002 3003 2299 3066 insurrexi,

728 3111 907 3165 neque
942 3110 1122 3149 meum
1154 3108 1282 3163 erga
1332 3092 1486 3144 illum
1523 3108 1765 3146 amorem
1802 3093 2051 3147 funditus
2078 3093 2251 3162 abjeci
2285 3110 2298 3145 :

2392 2012 2719 2079 ιήγεμονίας,
2752 2011 2865 2063 οὔτ’
2894 2012 3131 2065 ὲνέδωκα
3164 2013 3252 2066 διὰ
3281 2014 3342 2066 τὸ
3370 2015 3505 2083 πρὸς
3538 2016 3633 2068 τὸν
3665 2016 3832 2066 παῖδα
3869 2016 3991 2084 φὲλ-

2406 2118 2568 2171 τρον,
2615 2102 2725 2154 οὔτ’
2779 2103 2994 2172 ἀμελῶς
3052 2108 3143 2158 καὶ
3204 2106 3462 2175 ῥᾳθύμως
3522 2102 3668 2173 εἶχον
3721 2107 3855 2174 περῖ
3919 2108 3987 2158 τὰ

2406 2193 2651 2255 τοιαῦτα,
2679 2195 2755 2256 ὡς
2788 2196 2987 2265 μικρᾶς
3032 2197 3124 2248 καὶ
3152 2198 3250 2263 τῆς
3282 2197 3554 2265 τυχούσης
3593 2197 3718 2259 ἄξια
3756 2198 3987 2265 φροντί-

2405 2285 2514 2346 δος·
2560 2285 2696 2337 ἀλλὰ
2734 2288 2913 2340 πᾶσαν
2945 2289 3199 2356 πρόνοιαν
3250 2289 3547 2357 ἐποιούμην
3591 2290 3832 2355 ἀπάγειν
3874 2290 3985 2340 τῶν

2406 2376 2622 2428 ἀτόπων
2668 2378 2758 2427 τὶν
2791 2377 2924 2438 υίὸν,
2969 2378 3060 2429 καὶ
3110 2377 3329 2445 πέμψας
3373 2378 3620 2447 βασιλίδα
3677 2380 3777 2448 τὴν
3815 2379 3985 2430 αὑτοῦ

2409 2469 2638 2537 μητέρα,
2671 2468 2743 2535 μὴ
2770 2467 2992 2519 τοιαῦτα
3022 2469 3235 2537 ἔπειθον
3259 2469 3626 2538 νεωτερίζειν.
3660 2470 3780 2521 ἀλλ’
3808 2472 3987 2536 ἀσφα-

2404 2559 2510 2619 λῶς
2540 2560 2659 2626 ἐμοί
2696 2576 2775 2622 τε,
2808 2560 2900 2611 καὶ
2928 2560 3139 2629 βασιλεῖ
3164 2561 3432 2613 δουλεύειν
3465 2562 3543 2631 τῷ
3570 2561 3834 2631 γαμϐρῷ.
3874 2564 3985 2614 Καὶ

2404 2652 2575 2703 πολλὰ
2614 2651 2833 2703 τοιαῦτα
2863 2654 2928 2705 ἄν
2982 2669 3065 2714 τις
3123 2652 3391 2717 ἐξετάζων
3422 2653 3573 2723 εὖροι
3628 2655 3717 2707 διὰ
3775 2655 3986 2715 παντὸς

2404 2744 2527 2811 ἐμοὶ
2557 2742 2649 2795 τοῦ
2677 2743 2871 2811 χρόνου
2904 2744 3288 2812 πεπραγμένα.
3332 2744 3421 2807 Ἐξ
3455 2741 3528 2796 ὧν
3572 2745 3697 2796 ἔστι
3741 2745 3983 2813 μάλιστα

2406 2834 2805 2901 ἐναργεστάτην
2836 2834 3108 2896 ἀπόδειξιν
3137 2835 3323 2886 λαὸεῖν
3361 2833 3455 2886 τοῦ
3504 2835 3671 2903 μηδὲν
3703 2835 3807 2902 ἐμὲ
3844 2838 3984 2902 μήτε

2407 2925 2768 2994 πεπραχέναι,
2805 2926 2939 2992 μήτε
2985 2924 3382 2992 διανενοῆσθαι,
3421 2924 3481 2987 ἐξ
3526 2918 3602 2976 ὧν
3636 2924 3702 2977 ἄν
3748 2941 3837 2975 τις
3867 2925 3985 2989 οἰη-

2406 3016 2526 3083 θείη
2579 3015 2677 3083 τὴν
2723 3015 3009 3084 Ῥωμαίων
3058 3015 3352 3084 ἠγεμονίαν
3402 3017 3612 3067 ἐκεῖνον
3687 3014 3983 3083 βούλεσθαι

2407 3109 2750 3174 ἀποστερεῖν,
2800 3108 3098 3159 τούναντίον
3135 3106 3231 3175 μὲν
3261 3106 3353 3160 οὖν
3379 3109 3525 3161 ἆπαν
3570 3108 3755 3160 πάντα
3799 3109 3986 3176 πρατ-

727 3190 821 3243 sed
855 3188 1069 3258 culpam
1102 3203 1322 3241 omnem
1369 3189 1421 3241 in
1468 3185 1799 3254 impulsores
1832 3185 2046 3252 conieci
2082 3202 2093 3237 :
2126 3187 2173 3239 ei
2205 3200 2292 3238 au-

2406 3216 2540 3262 τειν,
2582 3199 2640 3262 ἐξ
2689 3192 2761 3250 ὧν
2818 3197 3045 3266 βεδαίως
3105 3197 3247 3267 ἔχειν
3303 3198 3609 3267 περιέσται.
3683 3198 3829 3250 Ἀλλ’
3884 3198 3986 3265 οὐχ

728 3292 839 3335 tem
900 3297 1006 3333 non
1072 3281 1144 3333 ob
1204 3289 1421 3334 aetatem
1485 3277 1671 3339 modo,
1730 3276 2013 3330 hominum
2067 3292 2299 3345 nequam

729 3372 995 3441 strophis,
1030 3380 1083 3424 et
1118 3370 1405 3424 fraudibus
1446 3369 1601 3422 valde
1636 3379 2026 3437 opportunam,
2076 3369 2191 3429 sed,
2244 3377 2304 3421 ut

728 3474 918 3511 verum
946 3456 1150 3521 dicam,
1181 3457 1451 3511 charitate
1487 3458 1687 3521 victus,
1737 3457 1965 3509 omnino
2016 3460 2305 3524 ignoscen-

728 3550 858 3603 dum
885 3548 1070 3618 putavi
1106 3565 1119 3601 :
1150 3548 1437 3616 legataque
1480 3549 1601 3616 ejus
1642 3557 1819 3601 matre
1855 3549 2058 3600 tentavi
2095 3548 2300 3611 omnia,

724 3656 835 3710 quo
859 3641 1013 3695 illum
1060 3656 1089 3693 a
1126 3639 1417 3694 conatibus
1466 3654 1657 3707 parum
1710 3638 2081 3692 laudabiltbus
2122 3651 2300 3694 retra.

727 3735 934 3795 herent,
986 3740 1041 3785 et
1104 3731 1158 3785 in
1192 3731 1433 3800 priorem
1466 3745 1552 3784 me
1600 3730 1898 3784 amicitiam
1953 3731 2299 3785 reducerem.

724 3824 880 3891 Quod
910 3822 1131 3893 quidem
1168 3824 1286 3889 illa,
1337 3833 1398 3877 ut
1430 3822 1641 3887 decuit,
1689 3832 1744 3876 et
1780 3838 1889 3892 quo
1923 3822 2117 3891 spiritu
2154 3823 2300 3876 illam

725 3919 929 3982 decuit,
978 3917 1233 3973 eﬂectum
1286 3917 1456 3971 dedit.
1520 3915 1624 3970 Ubi
1672 3927 1858 3985 postea
1907 3917 2140 3985 rogavit,
2193 3916 2301 3969 sibi

727 4011 894 4065 urbes
934 4009 1189 4079 privatim
1222 4008 1587 4077 possidendas
1646 4006 1872 4059 attribui
1929 4017 2065 4075 quot
2114 4006 2298 4063 vellet.

726 4117 960 4172 quarum
992 4100 1416 4171 gubernationis
1468 4097 1677 4151 nullam
1715 4113 1743 4149 a
1777 4113 1862 4151 me
1892 4099 2156 4150 rationem
2204 4113 2301 4164 po-

725 4201 995 4254 sceretur,
1028 4190 1329 4245 arbitratus
1355 4205 1477 4243 sum
1520 4204 1688 4257 parva
1720 4188 1874 4241 illum
1911 4188 2299 4256 magnifacere,

728 4298 829 4338 nec
864 4284 914 4336 id
944 4298 1007 4335 ex
1038 4282 1305 4350 dignitate
1329 4295 1449 4339 sua,
1487 4280 1617 4332 dum
1649 4279 1793 4331 haud
1826 4278 1985 4347 longo
2015 4287 2130 4345 post
2168 4286 2302 4331 tem-

728 4390 860 4443 pore
897 4375 1284 4427 universorum
1354 4370 1616 4424 dominus
1662 4370 1901 4426 futurus.
1945 4368 2131 4435 paucis
2176 4377 2301 4421 ante

730 4477 946 4536 tempus
976 4465 1295 4533 imperitare
1327 4464 1779 4529 concupisceret.
1843 4459 2049 4512 Tamen
2085 4459 2302 4527 cupidi-

2404 3292 2603 3360 ὁμοίως
2636 3289 2793 3359 ὤφθη
2828 3290 3075 3349 κακεῖνος
3112 3290 3237 3357 ἐμοὶ
3287 3290 3386 3357 τὴν
3436 3291 3558 3358 ἴσην
3591 3288 3814 3342 εὔνοιαν
3865 3291 3983 3341 δια·

2407 3383 2614 3447 σώζων.
2661 3382 2798 3433 Ἀλλ’
2829 3381 2919 3432 ἐπὶ
2963 3379 3360 3449 Θεσσαλονίκην
3411 3381 3504 3433 ὑπ’
3538 3381 3674 3449 ἐμοῦ
3725 3382 3989 3433 καταλει-

2406 3477 2580 3544 φθεὶς,
2616 3474 2692 3537 ὡς
2753 3473 2819 3527 τὰ
2851 3476 3025 3525 ἐκεῖσε
3079 3473 3378 3542 πράγματα
3421 3473 3771 3540 διαφυλάξων
3815 3474 3984 3543 ἄχρις

2404 3564 2656 3635 ἐπανήξω
2708 3566 3290 3634 παρασκευασάμενος,
3323 3564 3422 3617 οὐκ
3462 3564 3735 3633 ἐφύλαξεν
3786 3566 3984 3635 ῶσπερ

2404 3662 2532 3713 ἔδει.
2569 3659 2889 3727 Πειθόμενος
2943 3658 3050 3729 γὰρ
3084 3656 3394 3727 ἀνθρώποις
3431 3658 3667 3724 φαύλοις
3704 3661 3803 3710 καὶ
3831 3660 3986 3726 διεφ-

2406 3751 2607 3819 θορόσι,
2642 3749 2729 3801 καὶ
2761 3748 2980 3816 κέρδους
3014 3748 3175 3799 ἕνεκα
3209 3747 3407 3816 μικροῦ
3437 3749 3499 3799 ού
3538 3750 3842 3815 σύμπασαν
3881 3752 3981 3816 μό-

2403 3862 2492 3895 νον
2522 3841 2618 3909 τὴν
2662 3839 2945 3907 Ῥωμαίων
2974 3836 3288 3906 ἡγεμονίαν,
3336 3837 3472 3889 ἀλλὰ
3505 3840 3599 3890 καὶ
3630 3840 3798 3892 αὐτὸν
3838 3842 3984 3910 ὑπὲρ

2402 3927 2463 3986 οὗ
2506 3933 2672 3984 ταῦτα
2722 3931 2981 4000 πράττειν
3025 3930 3241 3982 ἐδόκουν
3288 3931 3654 3999 προϊεμένων,
3707 3933 3838 4000 ἐμοὶ
3882 3935 3982 4001 μὲν

2404 4026 2635 4091 πόλεμον
2679 4022 2847 4091 ἧρατο
2880 4020 3147 4091 φανερῶς,
3194 4021 3252 4083 ὃς
3283 4023 3462 4075 πάντα
3522 4022 3799 4089 ἔπραττον
3830 4024 3983 4085 ὅπως

2404 4113 2551 4182 αύτῷ
2602 4110 2793 4180 βελτίω
2836 4113 2927 4162 καὶ
2986 4111 3157 4177 μείζω
3206 4113 3420 4181 ποιήσω
3473 4115 3570 4183 τὴν
3603 4114 3802 4183 ἀρχὴν,
3842 4114 3982 4183 πρὸς

2404 4201 2624 4270 Κρὰλην
2657 4200 2709 4251 δὲ
2746 4198 2951 4251 ἐτίθετο
2984 4198 3232 4262 σπονδὰς,
3253 4199 3346 4251 καὶ
3366 4202 3707 4268 συμμαχίαν,
3743 4200 3841 4252 καλ
3870 4200 3982 4251 τῶν

2403 4294 2570 4347 ὄντων
2620 4293 3001 4358 ἀφιστάμενος,
3051 4292 3191 4345 ῶστε
3245 4292 3404 4359 μόνον
3452 4292 3699 4361 λυπηρὸς
3733 4293 3861 4361 ἐμοὶ
3900 4291 3981 4359 τῷ

2404 4388 2543 4437 πάνυ
2573 4383 2801 4451 μάλιστα
2833 4380 3072 4449 φιλοῦντι
3111 4381 3420 4447 φαίνεσθαι.
3462 4381 3610 4448 Ἐγὼ
3638 4382 3693 4434 δὲ
3740 4384 3844 4434 οὐκ
3890 4382 3983 4433 εύ-

2404 4475 2497 4527 Ob:
2544 4474 2677 4542 πρὸς
2723 4472 2931 4540 ἄμυναν
2962 4473 3289 4540 ἐτρεπόμην.
3329 4473 3575 4526 οὐδὲτοῦ
3628 4475 3759 4541 περὶ
3813 4475 3980 4527 αὐτὸν

729 4560 823 4612 tati
848 4556 1069 4627 juvenis
1096 4552 1515 4623 gratificandqu
1546 4552 1775 4611 ducens,
1834 4551 1959 4603 dedi
1992 4550 2209 4613 lubens,
2242 4556 2292 4601 et

2405 4564 2628 4631 φίλτρου
2658 4561 2717 4613 τὸ
2753 4561 3013 4629 παράπαν
3038 4561 3187 4613 οὐδὲν
3220 4560 3483 4631 ὑφῄρουν·
3512 4563 3654 4615 ἀλλὰ
3691 4564 3821 4626 τοὺς
3877 4565 3979 4633 μὲν

730 4648 957 4703 honoris
984 4660 1149 4700 causa
1178 4645 1620 4714 Didymotichum
1669 4642 1867 4712 adjeci,
1899 4643 2089 4695 urbem
2130 4640 2299 4707 aequi-

728 4739 1026 4810 parandam
1084 4737 1247 4801 aliis,
1309 4751 1447 4805 quas
1500 4735 1741 4803 petebat,
1801 4735 1963 4787 simul
2018 4734 2295 4793 omnibus,

723 4829 1192 4903 quemadmodum
1229 4828 1329 4897 ipsi
1353 4827 1524 4898 probe
1550 4827 1741 4879 nostis.
1778 4823 1945 4894 854
1980 4824 2295 4893 Byzantium

724 4941 847 4978 tum
887 4923 1146 4986 venisset,
1177 4934 1523 4989 quaecunque
1599 4934 1666 4971 ex
1716 4917 1837 4986 ejus
1882 4916 2060 4970 olIicio
2090 4926 2295 4981 essent,

721 5016 1006 5077 admonui,
1041 5014 1307 5082 suasique
1337 5021 1395 5064 ut
1425 5011 1557 5064 mihi
1584 5025 1694 5078 quo
1716 5008 2033 5063 amiciorem
2069 5008 2297 5062 haberet

723 5111 1028 5172 neminem,
1062 5107 1413 5176 conjunctus,
1439 5100 1728 5169 capitalem
1786 5100 2068 5152 inimicum
2106 5113 2295 5152 nume-

719 5210 890 5265 raret,
944 5199 1037 5268 qui
1070 5213 1231 5252 secus
1262 5213 1346 5249 me
1388 5193 1642 5247 allectum
1679 5192 1753 5245 illi
1790 5190 2117 5259 persuadere
2161 5190 2298 5241 nite-

722 5303 921 5348 retur:
960 5291 1180 5362 quando
1222 5288 1391 5342 animi
1418 5286 1526 5339 mei
1570 5283 1933 5338 sincerissimi
1971 5290 2293 5350 argumenta

715 5404 784 5442 ex
837 5386 996 5441 factis
1068 5383 1207 5453 ipsis
1265 5382 1461 5451 quavis
1524 5376 1773 5432 oratione
1829 5376 1893 5429 ad
1950 5374 2291 5443 probandum

716 5477 1057 5533 firmioribus
1096 5481 1403 5530 exstarent.
1457 5473 1536 5523 lta
1564 5468 1807 5539 gaudens
1851 5465 2173 5535 gaudentem
2225 5463 2291 5516 ad

715 5572 1058 5641 provinciam
1113 5583 1267 5622 suam
1316 5565 1497 5629 emisi,
1555 5573 1611 5617 et
1645 5575 1871 5615 uxorem
1928 5574 2103 5612 meam
2138 5556 2289 5624 sequi

709 5666 886 5735 jussi;
918 5680 1095 5733 usque
1130 5662 1268 5715 adeo
1302 5656 1443 5713 nihil
1480 5658 1547 5710 ab
1577 5657 1668 5710 illo
1698 5654 2007 5708 metuebam
2046 5650 2192 5703 mali.
2228 5650 2292 5702 Et

712 5757 845 5825 quia
912 5757 1155 5810 sciebam
1221 5769 1347 5807 eum
1410 5753 1476 5803 de
1525 5748 1692 5802 fratre
1720 5745 1905 5799 uxoris
1928 5758 2037 5797 sua:
2068 5742 2286 5794 sinistra

716 5846 947 5914 sentire,
996 5856 1305 5918 putaroque
1360 5843 1511 5897 illum
1540 5840 1756 5911 peculio
1787 5852 1886 5893 suo
1924 5833 2193 5898 insidiari,
2227 5841 2282 5886 et

2402 4655 2696 4718 ἐνάγοντας
2722 4651 2856 4719 πρὸς
2886 4649 2954 4703 τὰ
2980 4650 3201 4703 τοιαῦτα
3230 4652 3462 4719 μάλιστα
3487 4648 3633 4721 εἶχον
3662 4656 3720 4705 ἐν
3741 4654 3975 4718 αἰτίαις,

2400 4745 2594 4811 ἐκείνῳ
2624 4743 2677 4794 δὲ
2710 4742 2909 4810 πολλὴν
2951 4741 3138 4811 ᾠόμην
3169 4744 3279 4795 δεῖν
3327 4744 3668 4812 παρέχεσθαι
3714 4746 3969 4813 συγγνὼσ

2403 4851 2530 4903 μην,
2562 4834 2621 4885 ού
2666 4832 2753 4884 διὰ
2781 4832 2876 4901 τὴν
2927 4833 3140 4901 ἡλικίαν
3191 4834 3352 4901 μόνον
3409 4835 3603 4904 ῥᾳδίαν
3637 4832 3810 4888 οὖσαν
3871 4840 3977 4890 ὑπ’)

2398 4924 2649 4991 πονηρῶν
2682 4923 3023 4991 παράγεσθαι
3068 4923 3393 4992 ἀνθρώπων,
3439 4925 3558 4977 ἀλλ’
3587 4928 3636 4979 εί
3670 4929 3753 4980 δεῖ
3792 4946 3845 4980 τι
3883 4931 3977 4983 καὶ

2398 5016 2622 5082 τάληθὲς
2652 5016 2845 5075 εἰπεῖν,
2880 5014 3173 5080 νικώμενος
3199 5015 3303 5065 ὑπὸ
3331 5014 3426 5066 τοῦ
3459 5016 3707 5086 φίλτρου.
3751 5022 3851 5072 καὶ
3881 5021 3977 5089 βαι

2400 5105 2571 5158 σιὶίδα
2601 5105 2697 5171 τὴν
2731 5104 2942 5172 μητέρα
2988 5103 3232 5171 πέμψας,
3274 5107 3452 5158 πάντα
3488 5108 3766 5175 ἔπραττον
3806 5111 3868 5175 ἐξ
3901 5107 3977 5165 ὧν

2400 5192 2646 5261 ἐνόμιζον
2676 5194 3006 5259 ἀποστήσειν
3039 5191 3147 5243 τῶν
3180 5192 3238 5243 ού
3288 5192 3467 5245 καλῶν
3496 5197 3725 5248 ἐκείνων
3758 5199 3975 5267 ἐπιχει.

2400 5286 2639 5354 ρήσεων,
2678 5282 2770 5335 καὶ
2804 5282 2937 5347 πρὸς
2970 5280 3068 5351 τὴν
3102 5284 3377 5351 προτέραν
3424 5285 3721 5355 ἐπανήξειν
3752 5286 3974 5342 εὔνοιαν

2396 5374 2537 5442 ὲμοί.
2599 5376 2661 5424 *Α
2697 5372 2872 5432 καλῶς
2923 5371 3150 5423 ποιοῦσα
3198 5374 3377 5425 πάντα
3427 5375 3971 5450 ἐπραττεν.ὲκείνη,

2396 5466 2487 5515 καὶ
2525 5462 2660 5531 μετὰ
2699 5462 2789 5513 τοῦ
2819 5463 3181 5530 προσήκοντος
3218 5463 3355 5533 αὐτῇ
3402 5466 3780 5535 φρονήματος.
3834 5471 3975 5540 Δεη-

2398 5555 2573 5613 υὲντος
2605 5552 2659 5603 δὲ
2709 5552 2886 5614 πόλεις
2936 5552 3082 5621 αύτῷ
3133 5556 3511 5623 παρασχέσθαι
3566 5558 3699 5620 ὅσας
3751 5558 3971 5629 ἢθελεν,

2395 5646 2533 5697 ὥστε
2560 5643 2744 5711 ἄρχειν
2774 5643 2935 5694 αὺτὸν
2979 5643 3105 5713 ἰδία,
3140 5646 3231 5696 καὶ
3257 5640 3432 5714 ’μηδὲν
3475 5648 3805 5702 εὐθύνεσθαι
3836 5653 3972 5720 παρ’

2395 5736 2526 5804 ἐμοῦ
2562 5737 2691 5802 πρὸς
2722 5735 2816 5802 τὴν
2847 5734 3037 5803 ἀρχὴν,
3080 5738 3423 5806 μικρςλογεῖν
3456 5740 3555 5808 μὲν
3585 5742 3720 5793 αὐτὸ
3751 5741 3969 5812 ᾠόμην,

2396 5830 2489 5883 καὶ
2540 5828 2613 5899 μὴ
2658 5827 2834 5897 ἐαυτῷ
2884 5829 3227 5898 προσήκοντα
3281 5833 3457 5883 ποιεῖν
3493 5832 3766 5902 μέλλοντα
3799 5834 3972 5905 ὀλίγῳ
