4218 6446
210 442 315 502 ΞΠ

1357 451 1889 512 lllS’l‘t_tRlARUM
1934 453 2159 512 LIBER
2204 453 2293 512 IV.

3339 452 3446 516 278

212 560 442 626 ὕστερον
466 561 796 626 σδμπάντων
828 557 965 613 εἶναι
998 565 1207 632 κύριον,
1236 563 1429 631 ὀλίγων
1460 564 1645 634 ἄρχειν
1675 566 1781 618 δεῖ·

1893 565 2020 618 illud
2058 566 2292 634 quodam
2328 566 2487 619 modo
2541 567 2605 619 ad
2660 564 2717 620 se
2770 563 3059 619 transferre
3105 569 3313 631 conari,
3372 574 3438 628 ad

213 651 343 703 σθαι
392 652 497 718 πρὸ
547 652 760 722 καιροῦ,
800 655 1092 723 προθύμως
1130 657 1184 708 δὲ
1231 658 1377 726 ὅμως
1428 661 1778 730 παρεσχόμην

211 742 335 794 δεῖν
359 744 677 811 χαρίζεσθαι
708 746 939 811 νομίζων
971 747 1064 798 τοῦ
1114 748 1232 799 νέου
1276 753 1339 819 τῇ
1369 751 1652 819 ἐπιθυμίᾳ,
1687 754 1780 804 καὶ

215 836 603 903 Διδυμότειχον
661 839 1017 903 προσετίθουν
1062 840 1141 901 εἰς
1191 841 1498 910 φιλοτιμίαν
1528 844 1779 911 auriﬁc-

211 943 320 980 πον
343 924 509 979 οὖσαν
536 928 687 980 πόλιν
712 930 818 981 τῶν
857 931 1052 994 ἄλλων,
1083 927 1157 985 ὧν
1186 935 1345 994 αὐτὸς
1387 936 1566 1004 ᾐτεῖτο
1594 935 1780 1004 ὥσπερ

211 1021 273 1085 δή
311 1036 413 1070 που
449 1020 540 1071 καὶ
573 1020 727 1093 αύτοὶ
751 1021 1040 1074 ἐπίστασθε
1089 1025 1294 1087 σαφῶς.
1331 1026 1607 1095 Γενομένῳ
1638 1026 1692 1078 δὲ
1724 1028 1782 1078 ὲν

215 1111 521 1180 Βυζαντίῳ,
555 1112 731 1165 πάντα
762 1114 829 1166 τὰ
862 1114 1047 1166 ὀέοντα
1080 1116 1377 1185 παρῄνουν,
1412 1119 1500 1169 καὶ
1532 1118 1783 1170 συνεϐού-

212 1205 373 1253 λευον
412 1202 693 1272 ἐξέχεσθαι
727 1206 861 1273 ἐμοῦ
893 1206 1093 1269 παντὸς
1124 1209 1323 1275 μᾶλλον
1356 1209 1653 1275 φιλοῦντος,
1690 1213 1783 1264 καὶ

212 1294 483 1363 πολέμιον
530 1295 780 1362 ἡγεῖσθαι
817 1298 1063 1364 φανερῶς
1111 1300 1336 1360 ἐκεῖνον,
1377 1300 1433 1361 ὃς
1480 1299 1544 1353 ἂν
1575 1304 1783 1371 ἐπιχει-

218 1384 341 1451 ροίη
370 1384 598 1446 πείθειν,
631 1385 704 1447 ὡς
733 1388 900 1449 κακὸς
940 1387 1050 1452 ἐγὼ
1082 1389 1208 1458 περὶ
1239 1388 1423 1454 αὑτὸν,
1448 1391 1543 1459 τὴν
1586 1394 1649 1443 ἐκ
1679 1392 1785 1444 τεῖν

213 1474 397 1541 ἔργων
448 1473 625 1541 ἔχοντι
660 1476 930 1540 ἀπόδειξιν
951 1478 1106 1545 λόγου
1158 1483 1356 1543 παντὸς
1405 1474 1779 1552 ἰσχυροτέραν.

221 1565 462 1617 Ἔπειτα
487 1564 795 1637 ἐξέπεμπον
818 1572 1073 1638 χαίροντα
1091 1553 1320 1643 “χαῖρων
1352 1578 1439 1628 ἐπὶ
1468 1578 1565 1645 τὴν
1592 1579 1783 1647 ἀρχὴν,

214 1658 312 1709 καὶ
348 1656 599 1724 βασιλίδα
624 1660 725 1728 τὴν
750 1664 985 1727 γυναῖκα
1011 1665 1336 1718 συνέπεσθαι
1366 1668 1646 1728 κελεύσας.
1682 1668 1786 1721 Οὖ-

212 1766 327 1808 τως
371 1750 525 1803 οὐδὲν
571 1751 895 1805 ὑπώπτευον
926 1756 1097 1807 δεινὸν
1124 1759 1251 1823 περὶ
1297 1759 1483 1812 αὑτοῦ.
1532 1759 1696 1822 Εἰδὼς
1729 1760 1786 1813 δέ

216 1839 388 1892 αὑτὸν
432 1841 495 1893 οὐ
546 1842 720 1903 καλὰς
754 1846 885 1914 περὶ
913 1846 1004 1899 τὸν
1034 1849 1289 1914 γυναικὸς
1326 1850 1549 1918 ἀδελφὺν
1596 1852 1785 1921 ἔχοντα

216 1931 458 1996 ἑννοίας,
506 1934 624 1987 ἀλλ’
677 1937 922 2006 οἰόμενον
971 1940 1281 2009 ἐφεδρεύειν
1332 1943 1479 2012 αὐτῷ
1535 1945 1666 2013 πρὸς
1696 1946 1793 2015 τὴν

218 2023 429 2091 ἀρχὴν,
465 2026 558 2078 καὶ
589 2027 777 2097 τρόπῳ
808 2029 870 2098 δή
902 2046 1007 2081 τινι
1041 2033 1300 2100 μετάγειν
1348 2034 1433 2101 ἐφ’
1462 2035 1653 2087 ἑαυτὸν
1681 2052 1795 2086 πει-

222 2113 451 2179 ρᾶσθαι,
483 2116 784 2182 ἀναγκαῖον
835 2120 932 2188 μὲν
970 2122 1217 2189 ἐκόμιζον
1272 2124 1407 2193 πρὸς
1453 2126 1676 2195 Θρᾴκην
1702 2128 1794 2177 καὶ

218 2204 395 2265 αὐτὸς
426 2204 595 2259 ἐλθὼν
624 2207 865 2262 διαλύειν
900 2212 997 2280 τὴν
1027 2213 1417 2283 μικροψυχίαν,
1466 2218 1560 2268 καὶ
1586 2216 1793 2268 πείθειν

218 2294 483 2364 ἀλλήλοις
533 2298 779 2352 εύνοεῖνυ
836 2302 1205 2372 κατεχόμενος
1257 2305 1312 2357 δὲ
1366 2307 1470 2359 ὑπὸ
1518 2307 1609 2359 τοῦ
1662 2308 1795 2377 πρὸς

222 2384 497 2448 Λατίνους
540 2390 779 2458 πολέμου
812 2392 958 2455 τότε,
993 2395 1088 2446 καὶ
1119 2393 1413 2458 Βυζαντίου
1460 2398 1533 2468 μὴ
1563 2398 1795 2467 δυνάμε-

220 2491 313 2537 νος
363 2478 721 2544 ἀφίστασθαι,
778 2482 1027 2551 ἐπεμτον
1073 2485 1171 2556 τὴν
1213 2486 1454 2554 βασιλίδα
1492 2488 1565 2550 ὼς
1620 2490 1795 2543 πάντα

221 2568 568 2635 πράξουσαν,
606 2574 815 2643 ὅσαπερ
863 2577 928 2628 ἂν
978 2579 1108 2643 ἐγὼ,
1142 2581 1234 2630 καὶ
1267 2579 1653 2644 διαλλάξουσαν
1701 2582 1796 2634 ἀλ-

222 2656 418 2724 λήλοις
444 2659 571 2722 τοὺς
600 2663 767 2725 υἱούς.
806 2664 878 2715 Τὸ
916 2665 959 2716 δ’
989 2668 1249 2729 ἐναντίως
1294 2669 1609 2735 ἀπέϐαινεν,
1639 2671 1670 2739 ἢ
1702 2672 1798 2723 αὑ-

220 2746 318 2806 τὸς
340 2747 552 2817 ᾠόμην.
583 2751 657 2803 Οὐ
687 2747 981 2823 μόνον’γάρ
1007 2756 1161 2807 οὐδὲν
1186 2757 1418 2829 ἔπραττε
1443 2760 1549 2813 τῶν
1569 2760 1797 2814 δεόντων

222 2838 253 2887 ὁ
282 2837 405 2898 νέος
439 2839 708 2907 βασιλεὺς,
742 2842 875 2895 ἀλλά
905 2846 997 2897 καὶ⁸
1034 2848 1169 2915 μετά
1195 2852 1254 2900 τὸ
1281 2850 1527 2918 βασιλίδα
1573 2852 1671 2920 τὴν
1704 2870 1800 2921 γυ-

224 2929 421 2991 ναικὸς
453 2932 665 3001 μητέρα
695 2935 975 3005 ἄπρακτον
1010 2939 1351 3009 ἀποπέμψαι,
1386 2945 1520 3012 πρ³ς
1563 2944 1799 3013 πόλεμον

226 3020 516 3089 ἐχώρησεν
545 3024 728 3088 εὐθὺς,
780 3028 872 3080 καὶ
914 3028 1079 3092 ἄλλας
1119 3049 1173 3083 τε
1225 3033 1413 3096 πόλεις
1462 3036 1797 3105 ὑπηγάγετο,

224 3111 297 3169 ἃς
328 3112 491 3175 αὐτὸς
517 3116 579 3167 οὐ
611 3120 990 3187 παρεσχόμην,
1025 3126 1115 3176 καὶ
1141 3125 1220 3194 τῷ
1250 3130 1505 3193 γυναικὸς
1537 3132 1803 3200 ἐπεστρά-

230 3214 433 3249 τευσεν
464 3201 700 3271 ἀδελφῷ,
734 3205 887 3259 οὐδὲν
913 3209 1192 3279 ἠδικηκότι
1243 3215 1525 3284 πρότερον,
1574 3220 1668 3271 καὶ
1704 3237 1800 3271 κα-

230 3291 534 3354 τακλείσας
575 3296 711 3363 πρὸς
750 3298 850 3367 τὴν
885 3300 1061 3371 ἄκραν
1126 3304 1403 3374 ’Δδριανοῦ
1451 3311 1548 3377 τῆς
1597 3311 1803 3377 πόλεως

232 3383 575 3450 ἐπολιόρκει,
624 3389 685 3439 οὐ
743 3389 1041 3458 Ῥωμαίους
1098 3395 1257 3463 μόνον
1307 3399 1474 3466 ἄγων,
1526 3401 1661 3454 ἀλλά
1710 3404 1803 3455 καὶ

236 3474 557 3544 βαρϐάρους
598 3480 738 3533 κατὰ
795 3486 1131 3553 συμμαχίαν.
1175 3487 1314 3554 Ἐγὼ
1355 3490 1400 3542 δ’
1432 3492 1553 3544 ἐπεὶ.
1591 3494 1803 3561 μέλλειν

233 3567 335 3617 οἱκ
374 3567 528 3635 ἐνῆν,
625 3572 852 3640 τάχιστα
891 3572 1033 3645 εἶχον
1065 3578 1121 3629 ἐν
1168 3579 1450 3648 ’Λδριανοῦ
1488 3584 1799 3652 γενόμενος,

234 3661 328 3709 τᾶν
362 3660 469 3725 μὲν
498 3664 613 3713 υἱὸν
639 3665 984 3733 ἀπήλλαττον
1028 3667 1120 3720 τοῦ
1168 3671 1438 3738 κινδύνου,
1491 3675 1711 3742 βασιλέα
1748 3677 1804 3729 δὲ

233 3746 328 3797 τὸν
356 3748 416 3799 vs
450 3765 482 3803 ν
519 3751 667 3804 οὐδὲν
706 3753 980 3823 ἠνώχλουν
1005 3759 1265 3828 πρότερον
1307 3764 1385 3823 είς
1426 3763 1805 3834 Διδυμότειχον

234 3840 535 3907 ἁπηρκότα
586 3843 721 3897 ἀλλὰ
747 3847 843 3899 καὶ
887 3848 1143 3915 πρέσϐεις
1178 3852 1418 3920 πέμψας,
1460 3855 1685 3925 ἐδεόμην
1712 3874 1809 3909 κα-

233 3929 560 3983 τατίθεσθαι
591 3932 680 3984 τὸν
714 3934 969 4001 πόλεμον.
1019 3939 1077 3988 Ὀ
1110 3926 1285 3993 δ”ύπὸ
1306 3942 1412 3995 τῶν
1437 3944 1680 4009 ἀγόντων
1707 3962 1805 3998 πε-

192 4036 195 4039 ·
238 4022 561 4088 πεισμένος,
600 4026 687 4076 καὶ
736 4026 834 4095 τὴν
868 4029 1011 4096 ἐμὴν
1063 4033 1387 4099 παραίνεσιν
1438 4036 1493 4088 ἐν
1523 4036 1688 4106 ὀλίγῳ
1718 4037 1808 4090 θέ-

239 4130 428 4179 μενος,
461 4115 615 4168 οὐδὲν
640 4112 799 4185 ἦττον
828 4118 858 4185 ἦ
891 4121 1158 4191 πρότερον
1200 4124 1477 4193 ἐπὸλὲμει,
1528 4129 1621 4182 καὶ
1672 4130 1807 4183 ἀλλα

236 4222 297 4255 τε
326 4204 598 4274 ἔπραττεν
626 4209 726 4260 ὅσα
775 4211 1032 4281 πολέμιον
1066 4215 1232 4277 εἰκὸς,
1262 4217 1354 4268 καὶ
1394 4220 1710 4287 συμμαχίαν
1744 4224 1807 4274 ἐκ

239 4297 534 4360 Τρισαλῶν
568 4301 660 4352 καὶ
690 4302 892 4355 Μυσῶν
922 4306 1287 4371 μετεκαλεῖτο.
1329 4308 1478 4361 Ἐπεὶ
1503 4310 1546 4362 δ’
1575 4311 1677 4363 ὑπὸ
1700 4314 1808 4364 τῶν

239 4388 542 4457 βαρϐάρων
569 4391 765 4443 ἐκεῖνοι
794 4392 1180 4462 διεφθάρησαν,
1214 4397 1305 4458 οὓς
1337 4399 1496 4459 αὐτὸς
1531 4418 1809 4470 μετεπεμ-

234 4477 436 4545 ψάμην
480 4478 541 4542 ἐξ
604 4480 807 4545 Ἀσιας,
846 4485 1142 4553 πρεσϐείαν
1170 4489 1263 4539 καὶ
1315 4489 1474 4551 αὐτὸς
1512 4492 1649 4559 πρὸς
1681 4493 1811 4544 Σου-

1890 654 2218 709 ιιλοὰειιιιιιιη
2262 656 2392 708 huic
2414 656 2726 711 effeminato
2757 659 2959 722 titnori,
2992 670 3046 714 et
3076 661 3141 713 ad
3160 676 3255 714 eos
3277 663 3443 718 bene-

1888 730 2126 801 volentia
2159 756 2345 801 tnutua
2394 749 2732 816 c0pulantlos
2776 750 2876 802 iter
2911 749 2965 802 in
3005 751 3291 805 Thraciam
3344 770 3440 807 ne-

1888 838 2130 890 cessario
2163 838 2295 891 mihi
2326 838 2731 905 suscipiendum
2778 840 2991 891 censu-i.
3056 840 3441 894 Verumtamen

1891 927 2082 980 Latino
2118 928 2254 980 bello
2277 928 2547 991 obstante,
2607 944 2702 995 per
2754 931 2897 997 quod
2941 930 3200 998 Byzantio
3253 932 3443 986 abesse

1890 1036 1997 1074 non
2038 1020 2253 1083 licebat,
2284 1022 2407 1074 misi
2432 1021 2496 1074 ad
2532 1022 2817 1090 eonjugem
2858 1038 3055 1085 meam,
3090 1038 3210 1090 quze
3247 1037 3447 1077 munus

1892 1127 2072 1166 meum
2100 1110 2440 1181 fungeretur,
2473 1114 2721 1181 filiosque
2755 1114 3049 1168 concordia
3093 1116 3241 1168 inter
3261 1130 3318 1169 se
3349 1115 3446 1167 de—

1891 1206 2145 1259 vinciret.
2204 1205 2308 1258 Sed
2340 1206 2498 1259 aliter
2528 1206 2750 1269 cecidit,
2799 1220 2961 1275 quam
2991 1206 3296 1273 sperabam.
3356 1206 3448 1259 Et-

1892 1300 2035 1353 enim
2068 1300 2404 1367 Palteologus
2436 1300 2751 1366 imperator,
2790 1314 2897 1351 non
2936 1302 3095 1351 modo
3145 1298 3323 1351 ollicio
3349 1314 3447 1351 suo

1894 1405 2121 1459 prorsus
2145 1390 2337 1453 defuit,
2371 1390 2462 1444 sed
2492 1391 2658 1443 etiam
2682 1390 2881 1442 frustra
2906 1392 3124 1443 dimissa
3153 1390 3447 1456 imperator

1893 1499 2051 1537 socru
2080 1497 2201 1542 sua,
2235 1498 2356 1535 mox
2387 1483 2449 1535 ad
2479 1498 2627 1534 arma
2654 1483 2835 1545 venit;
2869 1490 2922 1533 et
2949 1497 3070 1535 eum
3105 1482 3208 1535 alia
3246 1481 3447 1549 oppida

1893 1591 1922 1627 a
1959 1589 2041 1627 me
2077 1588 2184 1626 non
2218 1573 2342 1626 data
2374 1573 2607 1640 subegit,
2647 1582 2757 1626 tum
2790 1573 2843 1627 in
2897 1572 3117 1625 fratrem
3148 1573 3355 1633 uxoris,
3409 1590 3437 1624 ιι

1894 1682 2004 1734 quo
2042 1665 2188 1718 nulla
2240 1674 2357 1717 erat
2410 1664 2699 1718 lacessitus
2736 1664 2956 1731 injuria,
3015 1678 3137 1716 cum
3196 1662 3451 1715 Romanis

1897 1753 2163 1809 Barbaros
2194 1768 2411 1824 quoque
2446 1753 2620 1816 duxit,
2665 1767 2901 1820 eumque
2937 1752 2988 1804 in
3028 1765 3155 1805 arce
3185 1750 3454 1803 Adriano-

1896 1847 2134 1915 politana
2186 1845 2507 1911 conclusum
2555 1844 2789 1898 obsedit.
2850 1843 2984 1912 Ego,
3031 1841 3288 1911 quoniam
3335 1857 3454 1909 pro-

1828 1926 1865 1978 Β
1896 1936 2270 1990 crastinationi
2304 1936 2461 1989 locus
2509 1933 2651 1988 haud
2684 1933 2938 1995 dabatur,
2985 1946 3147 2000 quam
3189 1931 3453 1985 citissime

1899 2028 2075 2096 potui,
2111 2025 2518 2094 Adriannpolitn
2547 2025 2846 2094 profectus,
2896 2031 2950 2077 et
2988 2023 3164 2076 filium
3206 2023 3453 2091 periculo

1895 2114 2072 2169 exemi
2103 2132 2117 2170 :
2149 2123 2205 2168 et
2243 2115 2545 2184 Paheologo
2601 2113 2938 2182 imperatori,
2998 2114 3091 2182 qui
3132 2113 3290 2180 paulo
3328 2122 3452 2164 ante

1897 2205 2330 2276 Didyinotichum
2406 2214 2787 2269 concesserat,
2870 2203 3243 2256 molestiarum
3318 2203 3452 2255 nihil

1896 2299 2101 2358 creavi.
2159 2313 2320 2366 quem
2384 2313 2480 2365 per
2538 2297 2740 2366 legatos
2793 2296 2869 2349 uti
2922 2296 3062 2349 bello
3100 2305 3451 2363 temperaret.

1900 2389 2109 2443 monui.
2136 2388 2333 2442 Verum
2370 2389 2459 2442 ille
2485 2404 2514 2441 a
2557 2389 3004 2442 sollieitatoribus
3034 2388 3145 2441 suis
3174 2387 3452 2451 inductus,

1896 2491 2077 2550 spreta
2111 2479 2422 2534 hortatione
2459 2494 2600 2543 mea,
2630 2480 2770 2533 haud
2797 2494 2956 2532 secus
2977 2492 3037 2531 ac
3069 2478 3220 2546 prius
3253 2479 3451 2530 bellum

1904 2587 2103 2640 urgere
2132 2571 2392 2640 perrexit,
2440 2579 2495 2625 et
2542 2587 2665 2625 eum
2708 2571 2835 2633 alia,
2879 2586 2997 2637 qua:
3030 2570 3207 2622 solent
3248 2569 3452 2631 hostes,
3518 2559 3523 2563 ’

1899 2662 2248 2731 perpetravit,
2299 2673 2412 2716 tum
2465 2664 2724 2716 auxilium
2750 2679 2814 2715 ex
2860 2662 3112 2714 Triballis
3145 2661 3453 2715 advocavit.

1899 2754 2048 2819 Quos
2083 2764 2368 2823 postquam
2394 2754 2618 2807 Barbari
2653 2770 2681 2805 a
2716 2769 2799 2806 me
2827 2769 2889 2806 ex
2912 2753 3032 2807 Asia
3053 2752 3298 2807 accersiti
3326 2767 3457 2807 con-

1901 2846 2191 2909 triverunt,
2234 2846 2299 2899 ad
2329 2844 2659 2899 sulimanum
2684 2845 3024 2899 Persicaruut
3052 2845 3332 2913 capiarum
3357 2845 3457 2899 du-‘

1899 2952 2036 2997 cem.
2075 2938 2228 3005 cujus
2255 2937 2547 2991 amicitiam
2596 2937 2698 2991 sibi
2749 2936 3216 2990 commodatur-am
3265 2936 3455 2991 crede-

1905 3027 2014 3089 bat,
2050 3028 2255 3097 legatos
2281 3042 2403 3083 cum
2440 3029 2639 3082 litteris
2663 3028 2830 3087 misit,
2862 3030 2913 3081 in
2945 3028 3148 3096 quibus
3168 3030 3269 3083 mei
3302 3044 3455 3082 meu-

1904 3120 2103 3173 tioncm
2137 3121 2360 3184 faciens,
2392 3136 2498 3173 non
2523 3121 2925 3187 imperatorem,
2958 3123 3047 3173 sed
3080 3122 3457 3174 tantummodo

1900 3211 2345 3265 Cantacuzenum
2379 3212 2670 3279 appellavit
2706 3229 2717 3263 :
2747 3212 2797 3263 id
2847 3212 2993 3279 quod
3044 3228 3129 3267 me
3166 3215 3460 3266 tuomorzlit

1908 3303 2277 3368 vehementer,
2328 3304 2779 3372 interpretantem
2834 3304 2884 3356 itl
2938 3305 3151 3372 signum
3200 3304 3462 3357 manifes-

1906 3394 2200 3459 tissimum,
2258 3395 2582 3459 obdurasse,
2636 3406 2695 3449 ut
2738 3396 2917 3463 quoad
2982 3405 3186 3463 posset,
3252 3397 3457 3452 bellum

1905 3496 2093 3540 contra
2146 3500 2231 3539 me
2286 3487 2651 3539 continuaret.
2710 3488 2824 3541 lam
2872 3504 3000 3541 vero
3046 3489 3111 3541 ad
3157 3500 3458 3542 extremum

1905 3592 2072 3641 nunc,
2123 3578 2247 3644 quia
2298 3577 2351 3630 in
2403 3577 2649 3631 Thracia:
2700 3578 2932 3631 urbibus
2982 3594 3333 3646 perseverare
3370 3596 3464 3633 uc-

1905 3670 2076 3737 quivit
2111 3668 2378 3737 (amplius
2409 3669 2614 3722 scilicet
2642 3684 2748 3722 non
2782 3671 2967 3724 valens
2994 3671 3318 3735 resistere),
3352 3671 3428 3725 Te
3448 3703 3461 3714 -

1906 3762 2103 3816 nedum
2180 3761 2488 3829 navigavit,
2553 3762 2973 3829 conquisitaque
3035 3777 3196 3814 manu
3284 3763 3460 3815 navali

1905 3854 2122 3919 exigua,
2196 3861 2362 3919 caput
2419 3865 2599 3904 rerum
2662 3851 2924 3905 insidiose
2991 3866 3283 3921 aggressus
3354 3862 3460 3905 est.

1905 3942 2066 4011 355
2098 3942 2208 3996 Nec
2235 3944 2378 3995 enim
2416 3942 2639 3996 forsitan
2682 3943 2905 4009 perinde
2935 3954 3057 4003 est,
3094 3944 3257 3996 urbes
3287 3952 3341 3996 ct
3379 3944 3466 3995 in-

1908 4035 2053 4087 sulas
2074 4033 2299 4086 ditionis
2332 4048 2467 4088 mea».
2511 4034 2824 4102 subjugare,
2852 4045 2906 4087 et
2946 4033 3091 4101 ipsos
3124 4034 3336 4103 imperii
3369 4051 3465 4103 pe-

1907 4133 2061 4177 nates
2083 4124 2363 4193 inopinato
2384 4124 2605 4177 adoriri.
2627 4124 2761 4179 Cum
2784 4134 2961 4178 autem
2983 4124 3085 4178 hoc
3110 4126 3179 4177 ita
3194 4141 3354 4194 grave
3375 4128 3466 4187 sit,

1909 4212 2055 4265 aliud
2088 4212 2247 4282 longe
2272 4212 2507 4282 gravius,
2531 4213 2841 4266 etodiosius
2858 4227 3024 4267 ausus
3043 4213 3470 4280 est.Remigihus

1909 4305 2076 4368 enim,
2107 4313 2163 4357 et
2206 4318 2318 4358 suae
2357 4304 2657 4372 praesertim
2704 4305 2962 4364 triremis,
3009 4304 3266 4358 convitits
3295 4305 3348 4359 in
3384 4320 3470 4358 me

1911 4394 2235 4449 debacchari
2297 4395 2519 4464 impune
2573 4394 2820 4463 permisit
2880 4410 2893 4446 :
2948 4394 3092 4462 quod
3154 4395 3467 4463 neutiquam

1913 4500 2079 4540 ausus
2108 4485 2319 4549 fuisset,
2352 4493 2410 4537 ut
2443 4484 2716 4545 existimo,
2743 4484 2845 4536 nisi
2881 4482 3045 4537 fixum
3075 4484 3294 4551 penitus
3325 4484 3470 4552 apud

236 4569 411 4636 λιμάν
471 4570 563 4621 τὸν
621 4573 719 4639 τῆς
773 4575 1049 4644 Περσικῆς
1118 4578 1421 4646 ἡγούμενον
1489 4582 1808 4650 ποιούμενος

1866 4579 2155 4652 )animum
2200 4576 2461 4639 haberet,
2510 4574 2812 4627 immortale
2868 4573 3129 4628 adversus
3160 4589 3244 4628 me
3269 4575 3469 4628 bellum

240 4660 531 4726 στρατιᾶς,
569 4659 742 4713 ἐδόκει
778 4664 883 4733 γὰρ
908 4666 1054 4730 αὑτῴ
1088 4664 1387 4719 λυσιτελεῖν
1432 4669 1639 4721 πείθειν
1670 4673 1811 4723 ἐκεῖ·

239 4766 334 4797 ννον
369 4748 508 4803 εἶναι
539 4752 611 4819 μὴ
645 4752 898 4820 πολέμιον
929 4755 1098 4824 αὐτῷ,
1124 4756 1335 4826 ἔπεμπε
1368 4761 1461 4813 καὶ
1492 4761 1811 4831 γράμματα,

237 4837 416 4901 ἐνεοῖς
448 4843 809 4910 ἐπιμνησθεὶς
850 4846 1005 4912 ἐμοῦ,
1044 4847 1103 4897 οὐ
1138 4847 1362 4913 βασιλέα
1383 4853 1812 4921 προσηγόρευεν,

239 4935 384 4986 ἀλλά
428 4934 881 5004 Καντακουζηνὸν
912 4938 1098 5002 ἀπλῶς
1124 4957 1137 4971 ·
1182 4940 1210 4993 ὃ
1264 4942 1491 5010 μέγιστα
1524 4946 1811 5016 ἐλύπησεν,

240 5024 523 5088 ἀπόδειξιν
556 5027 956 5098 ἐναργεστάτην
983 5032 1237 5100 οἰηθέντα
1272 5034 1366 5088 τοῦ
1400 5037 1561 5105 μέχρι
1599 5041 1691 5092 καὶ
1721 5040 1814 5091 τοῦ

238 5116 502 5178 δυνατοῦ,
545 5117 636 5168 τὸν
668 5118 903 5187 πόλεμον
930 5122 1022 5172 τὸν
1073 5125 1208 5191 πρὸς
1242 5125 1341 5192 ἐμὲ
1390 5129 1578 5194 τηρεῖν
1612 5128 1817 5183 ἀκατά-

244 5210 454 5259 ληπτον
489 5208 803 5262 πεπεῖσθαι.
830 5211 966 5279 Ἤδη
996 5211 1051 5263 δὲ
1080 5213 1148 5265 τά
1179 5214 1460 5268 τελευταῖα
1490 5217 1662 5271 ταῦτα
1698 5222 1816 5287 νῦν,

245 5300 371 5350 ἐπεὶ
404 5300 481 5368 μὴ
528 5303 707 5367 μένειν
749 5301 882 5368 πρὸς
925 5302 1022 5365 τὰς
1066 5304 1167 5372 τῆς
1224 5306 1441 5378 Θρᾴκης
1474 5310 1655 5372 πόλεις
1688 5311 1817 5376 ἡδυ-

242 5390 412 5458 νήθη,
442 5391 542 5457 οὐχ
570 5385 679 5452 οἶός
707 5408 764 5443 τε
798 5391 873 5444 ὢν
900 5395 1148 5465 ἀντέχειν
1171 5398 1247 5448 ἔτι
1274 5402 1404 5468 πρὲις
1434 5401 1523 5451 τὸν
1559 5402 1813 5471 πόλεμον,

240 5483 382 5550 πρὸς
422 5482 650 5535 Τένεδον
696 5485 1028 5553 ἐπεραιώθη.
1079 5490 1169 5539 καὶ
1212 5492 1692 5561 συμπορισάμενος
1729 5496 1818 5547 δύ-

240 5572 416 5640 ναμίν
467 5572 609 5626 τινα“
635 5573 824 5645 ὀλίγην
870 5578 1151 5648 ναυτικὴν,
1186 5580 1243 5631 ἐν
1272 5582 1385 5641 τοῖς
1432 5585 1818 5649 καιριωτάτοις

245 5662 671 5717 ἐπεϐούλευσεν·
700 5666 760 5717 οὐ
810 5667 918 5735 γὰρ
945 5670 1061 5721 ἴσον
1113 5669 1317 5731 πόλεις,
1371 5672 1463 5722 καὶ
1494 5672 1689 5740 νήσους
1723 5676 1819 5737 τὰς

251 5762 348 5811 ὑπ’
392 5763 518 5829 ἐμοὶ
566 5761 827 5825 τελούσας
878 5766 1006 5826 ἴσως
1046 5764 1522 5827 καταδουλοῦσθαι,
1557 5767 1650 5819 καὶ
1684 5768 1816 5838 αὐτῇ

250 5853 411 5933 ἑστία
440 5862 703 5916 ἐπελθεῖν.
734 5863 935 5916 Τνύῗῢυ
966 5860 1021 5914 δε
1054 5862 1202 5921 διτος
1231 5858 1370 5911 οὕτω
1402 5857 1594 5922 δεινοῦ,
1633 5859 1817 5927 ἕτερον

1915 4682 2123 4736 gerere.
2152 4666 2306 4732 Quod
2353 4668 2518 4735 igitur
2549 4682 2580 4720 a
2634 4665 2907 4733 principio
2941 4665 3006 4718 ad
3062 4665 3222 4718 finem
3257 4680 3473 4733 semper

1916 4763 1970 4812 In
2025 4759 2280 4813 omnibus
2321 4757 2574 4811 eumdem
2634 4772 2760 4822 me,
2835 4759 3049 4824 meique
3110 4755 3343 4810 similem
3397 4755 3471 4808 illi

1917 4850 2284 4918 praestiterim,
2322 4864 2421 4902 nec
2454 4863 2602 4901 arma
2639 4848 2755 4916 ejus
2801 4846 3096 4914 aliquando
3145 4860 3472 4913 provocare-

1916 4944 2039 5005 rim,
2069 4957 2135 4996 ex
2162 4940 2249 5005 iis,
2272 4956 2392 5009 qua:
2422 4940 2554 5003 dixi,
2584 4938 2808 4993 cuilibet
2843 4938 3003 4991 fidem
3029 4936 3225 4992 factam
3256 4937 3471 5005 opinor.

1916 5033 2181 5097 QUOniatll
2217 5040 2396 5085 autem
2427 5031 2540 5099 ipse
2563 5046 2753 5083 eorum
2781 5029 2963 5094 nullo,
3001 5044 3121 5097 qua:
3158 5028 3286 5081 niihi
3319 5044 3476 5081 acer-

1916 5126 1980 5179 lta
2018 5132 2229 5192 putaret
2258 5123 2406 5185 fore,
2450 5123 2748 5185 abstinuit,
2795 5123 2958 5175 credo
2991 5120 3245 5188 equidem
3282 5136 3310 5171 e
3344 5135 3441 5187 pro
3470 5148 3478 5158 -

1918 5215 2170 5269 dentibus
2200 5215 2312 5267 fore
2338 5213 2567 5272 nullum,
2607 5215 2699 5281 qui
2726 5214 2847 5280 jure
2882 5228 2964 5264 me
3005 5210 3386 5279 reprehendat,
3426 5212 3471 5263 si

1919 5314 2298 5361 nuucmutata
2354 5306 2624 5359 sententia
2683 5305 2797 5373 ipse
2848 5303 3064 5357 decreta
3121 5318 3238 5356 mea
3295 5304 3481 5370 prium

1920 5399 2287 5468 posthabuero
2314 5415 2327 5450 :
2363 5396 2581 5467 quando
2612 5410 2719 5449 non
2765 5395 2986 5449 levitate
3012 5395 3216 5462 aliqua,
3267 5410 3367 5446 nec
3397 5404 3475 5446 te-

1919 5506 2065 5544 mere
2113 5490 2283 5553 illum,
2321 5500 2376 5544 et
2426 5490 2543 5543 sine
2583 5504 2744 5543 causa
2781 5488 3089 5542 contristari
3132 5486 3339 5541 volens.
3380 5487 3474 5537 sed

1919 5582 1986 5634 ab
2014 5597 2079 5635 eo
2108 5589 2330 5633 coactus
2377 5580 2481 5631 huc
2507 5577 2770 5630 adducor.
2807 5576 2973 5641 Quale
3004 5575 3149 5628 enim
3192 5582 3296 5633 est,
3325 5574 3475 5625 ilium

1921 5672 2226 5741 petulanter
2249 5671 2301 5723 in
2330 5685 2412 5722 me
2445 5668 2727 5731 insultare,
2752 5681 2806 5722 et
2830 5669 2959 5721 eniti
2994 5668 3169 5719 modis
3200 5667 3476 5723 omnibus.

1923 5774 1981 5817 ut
2032 5778 2222 5815 onmes
2276 5762 2749 5829 intelligant,eum
2795 5774 2982 5827 pacem
3034 5756 3343 5826 aspernari.
3398 5770 3483 5806 me

1924 5868 2103 5912 autem
2144 5857 2287 5910 velut
2340 5870 2500 5913 sensu
2532 5854 2778 5909 orbatum
2827 5863 2986 5921 atque
3037 5861 3309 5907 truncum,
3336 5846 3486 5901 nullo
