4218 6446
750 438 856 501 279

1927 439 2244 499 JUANNIS
2284 441 2802 502 CANTACUZENI

3867 447 3978 508 280

741 571 928 608 turum
979 571 1100 624 qua:
1148 555 1323 614 liunt,
1371 553 1747 606 commoveri?
1792 553 1964 618 Quam
2021 555 2183 622 igitur
2229 555 2305 608 illi
2342 563 2379 617 Α

2342 563 2379 617 Α
2410 558 2557 626 αὐτῷ
2603 559 2786 626 πολλῷ
2818 557 3138 626 δεινότερον,
3191 561 3283 612 καὶ⁵
3324 561 3511 629 μεῖζον
3563 563 3641 623 εἰς
3676 561 3975 629 ἀπεχθείας

749 657 1063 716 perpetuam
1099 649 1149 700 in
1195 648 1423 716 imperio
1453 647 1853 700 successionem
1887 662 2102 713 semper
2131 647 2304 699 medi-

752 742 921 802 tabar,
958 750 1012 794 et
1047 741 1314 803 volebam,
1346 752 1607 809 quantum
1650 741 1704 792 in
1736 757 1821 794 me
1866 752 2028 803 esset.
2060 758 2121 795 ea
2155 744 2304 796 illum

750 834 961 899 privare
985 847 1162 884 meum
1190 832 1374 894 fuerit,
1409 831 1509 884 nisi
1544 830 1847 899 resipiscat,
1867 839 1916 882 et
1940 842 2304 900 antegressam

746 923 1046 992 nequitiam
1092 925 1282 994 a‘quali
1329 924 1571 978 bonitate
1615 934 1953 992 compenset.
1994 924 2306 978 Matthmum

748 1028 881 1068 vero
914 1016 1081 1067 tilium
1113 1017 1499 1081 imperatorem
1532 1013 1815 1082 designare
1859 1028 1966 1065 non
2011 1013 2171 1066 fuerit
2199 1015 2306 1082 jam

752 1109 926 1160 solum
977 1122 1155 1160 meum
1191 1109 1312 1174 (nec
1343 1108 1485 1160 enim
1511 1107 1777 1159 hactenus
1811 1120 2046 1172 unquam
2087 1106 2192 1158 ulla
2226 1122 2311 1159 res

747 1213 814 1250 eo
839 1213 922 1250 me
967 1196 1246 1264 impellere
1295 1198 1488 1264 potuit,
1539 1197 1788 1264 quamvis
1834 1212 1976 1264 saepe
2037 1212 2132 1250 vos
2184 1197 2309 1251 belli

748 1299 1014 1358 tempore,
1047 1305 1169 1343 cum
1219 1289 1337 1341 facti
1386 1288 1523 1340 ratio
1568 1289 1799 1342 maxime
1834 1289 2130 1356 probabilis
2159 1289 2308 1343 reddi

749 1391 981 1449 poterat,
1008 1381 1145 1434 istuc
1170 1396 1252 1431 me
1279 1381 1588 1448 rogaretis),
1615 1381 1706 1434 sed
1746 1390 1980 1434 vestrum
2012 1380 2064 1433 in
2097 1382 2309 1450 primis,

754 1472 846 1539 qui
882 1471 985 1524 hoe
1025 1486 1053 1524 a
1097 1485 1180 1524 me
1205 1470 1505 1538 ﬂagitastis,
1537 1482 1593 1524 et
1640 1471 1691 1523 in
1723 1485 1787 1524 eo
1821 1473 2148 1539 praecipuam
2185 1487 2310 1539 pro-

754 1561 1071 1627 pensionem
1105 1576 1167 1614 ac
1209 1562 1452 1614 studium
1495 1561 1908 1625 demonstratis.
1939 1577 2063 1616 cum
2097 1579 2198 1630 ego
2233 1563 2314 1615 ni-

753 1655 865 1707 hilo
902 1655 1084 1710 minus
1117 1657 1260 1726 justa
1294 1657 1477 1719 simul,
1502 1664 1556 1709 et
1585 1657 1740 1709 vobis
1763 1657 1893 1725 ipsis
1922 1673 1982 1711 ac
2005 1659 2314 1726 reipublicae

754 1745 1012 1800 salutaria
1057 1748 1335 1814 postulare
1389 1763 1490 1801 vos
1529 1747 1851 1818 iudicarem.
1888 1748 2101 1803 Faciam
2151 1749 2316 1818 igitur

752 1836 896 1903 quod
926 1837 1154 1904 petistis.
1185 1838 1502 1892 VeStrarum
1553 1850 1733 1892 autem
1772 1841 2008 1908 partium
2039 1843 2164 1905 erit,
2199 1849 2313 1896 rata

757 1926 980 1992 habere,
1031 1943 1152 1997 quae.
1201 1944 1231 1982 a
1273 1945 1358 1983 me
1412 1930 1775 1984 decernentur
1824 1949 1837 1984 :
1893 1942 1947 1986 et
1993 1948 2101 1986 nou
2153 1935 2316 1988 hodie

758 2016 979 2084 quidem
1009 2018 1082 2071 ita
1109 2018 1287 2071 Ianum
1340 2019 1416 2072 rei
1463 2019 1798 2074 desiderium
1845 2023 2158 2086 ostendere,
2193 2039 2318 2079 cras

757 2117 963 2167 autem.
1016 2118 1072 2161 et
1126 2110 1406 2177 perendie,
1439 2111 1481 2164 si
1539 2128 1646 2180 qua
1697 2112 1986 2167 dillicultas
2039 2114 2317 2177 inciderit,

759 2213 882 2251 mox
926 2198 1084 2252 aliam
1132 2201 1459 2255 cantilenam
1501 2219 1716 2257 canere.
1755 2204 1901 2257 Talia
1933 2205 2317 2273 quiritabatur,

757 2303 991 2357 quorum
1020 2307 1180 2345 causa
1230 2292 1526 2361 imperator
1550 2310 1670 2362 quae
1716 2295 1960 2350 facturus
1982 2307 2148 2363 esset,
2175 2299 2320 2368 juste

762 2381 1034 2434 iacturum
1079 2397 1136 2436 se
1168 2384 1530 2439 existimabat.
1576 2386 1842 2441 Caeterum
1875 2389 2063 2457 junior
2093 2391 2324 2458 impera-

765 2480 851 2524 tor
884 2473 936 2526 in
975 2474 1059 2527 bis
1084 2475 1275 2528 iisdem
1309 2487 1430 2544 post
1468 2479 1593 2531 belli
1629 2479 1787 2531 tinem
1824 2496 1852 2532 a
1890 2495 2082 2535 socero
2109 2482 2320 2536 incusa-

768 2573 877 2626 tus,
925 2575 981 2617 ut
1010 2564 1080 2617 ita
1106 2568 1225 2633 ejus
1246 2568 1628 2632 abdicationis,
1675 2581 1728 2622 et
1761 2570 1996 2624 Mattbaei
2059 2572 2322 2642 subroga-

765 2653 929 2706 tionis
985 2657 1247 2710 rationem
1320 2660 1716 2727 quodammodo
1769 2661 2028 2727 all‘erret,
2097 2663 2164 2716 ad
2221 2665 2323 2718 alia

764 2745 987 2812 quidem
1030 2747 1357 2814 respondere
1401 2764 1504 2801 non
1557 2761 1806 2817 poterat:
1845 2752 1988 2820 quod
2041 2764 2221 2807 autem
2269 2755 2323 2809 in

762 2835 988 2902 cpistola
1020 2837 1086 2889 ad
1120 2836 1458 2891 Sulimanum
1485 2839 1702 2892 Persam
1735 2841 1901 2911 856
1937 2844 2322 2910 imperatorem

764 2940 873 2978 non
919 2926 1266 2994 appellasset,
1330 2945 1438 2981 non
1491 2945 1571 2994 se,
1619 2931 1712 2982 sed
1767 2933 2001 2985 scribam
2054 2934 2325 2988 sustinere

761 3017 974 3086 culpam
1013 3020 1372 3074 autumabat:
1409 3034 1467 3076 se
1513 3021 1696 3077 multis
1741 3022 2063 3094 implicitum
2117 3026 2325 3085 sollici-

763 3107 1066 3168 tudinibus,
1107 3119 1163 3162 et
1211 3109 1530 3164 distractum
1574 3113 1722 3166 mille
1757 3117 1987 3184 negotiis
2029 3117 2324 3172 scribendo

2409 649 2564 712 λόγον
2596 649 2885 717 ἐτολμήθη.
2941 650 3068 712 Τοῖς
3114 650 3221 718 γὰρ
3257 652 3548 717 ἑπομένοις
3599 651 3844 713 ναύταις,
3879 654 3980 702 καί

2415 740 2647 807 μάλιστα
2678 741 2784 801 τοῖς
2829 741 2892 792 ἐκ
2921 741 3022 809 τῆς
3065 743 3320 812 τριήρεες
3357 737 3424 812 ἦς
3468 743 3756 794 ἐπέϐαινεν
3787 741 3976 804 αὐτὸς,

2411 828 2580 890 ἀδεῶς
2617 829 2824 898 ἐφῆκεν
2866 830 3109 899 ὑϐρίζειν
3169 834 3247 893 είς
3286 833 3407 900 ἐμέ·
3454 832 3482 884 ὃ
3520 833 3620 884 οὐκ
3654 832 3719 884 ἂν
3748 831 3983 898 ἐτόλμηο

2415 937 2528 980 σευ,
2569 920 2809 980 ἐδόκουν,
2845 923 2890 972 εί
2948 921 3022 991 μὴ
3068 921 3346 984 πεπεικὼς
3390 917 3458 993 ἦν
3505 923 3737 991 μάλιστα
3782 921 3983 972 ἑαυτὸν

2412 1009 2727 1076 ἀσύμϐατον
2787 1010 2947 1078 μέχρι
3003 1012 3201 1073 παντὸς
3245 1012 3338 1064 τὸν
3393 1011 3632 1079 πόλεμον
3690 1011 3980 1079 τηρήσειν.

2425 1102 2510 1163 Ὦς
2555 1103 2652 1170 μὲν
2684 1103 2776 1155 οὖν
2797 1105 2924 1171 ἄχρι
2956 1104 3142 1165 τέλους
3185 1104 3281 1157 ἀπ’
3312 1105 3487 1174 ἀρχῆς
3536 1106 3649 1156 ἴσον
3683 1103 3860 1171 ἐαυτῴ
3889 1104 3987 1153 καὶ

2414 1193 2600 1260 ὅμοιον
2641 1193 2698 1245 ὲν
2742 1195 2907 1244 πᾶσιν
2939 1195 3176 1261 ἐμαυτὸν
3220 1196 3505 1264 τετήρηκα
3542 1194 3673 1260 ἐγὼ,
3707 1196 3802 1246 καὶ
3843 1191 3985 1260 πρό-

2416 1298 2582 1352 φασιν
2631 1283 2887 1352 οὐδεμίαν
2929 1285 3124 1353 ἐκείνῳ
3157 1287 3395 1354 ποὶέμου
3424 1287 3810 1356 παρεσχόμην,
3845 1283 3988 1334 παν·

2414 1393 2523 1437 τως
2557 1377 2741 1443 οἴομαι
2785 1377 3077 1429 πεπεῖσθαι
3123 1379 3184 1430 ὲκ
3229 1379 3338 1429 τῶν
3371 1379 3696 1446 εἰρημένων.
3741 1376 3988 1426 Ἐκείνου

2415 1465 2470 1517 δὲ
2503 1465 2710 1528 οὐδενὸς
2749 1467 2855 1518 τῶν
2899 1469 2999 1520 ὅσα
3035 1467 3172 1537 ῷετο
3211 1469 3403 1520 λυπεῖν
3444 1467 3846 1535 ἀποσχομένου,
3896 1466 3987 1516 ού-

2416 1555 2541 1608 δένα
2580 1557 2684 1608 τῶν
2718 1557 2840 1611 νοῦν
2874 1560 3105 1626 ἑχόντων
3141 1561 3326 1627 οἴομαι
3373 1562 3499 1627 ἐμοὶ
3550 1559 3773 1619 δικαίως
3820 1560 3991 1622 ἐγκα-

2417 1648 2614 1713 λέσειν,
2649 1651 2700 1702 εἴ
2729 1668 2780 1702 τι
2820 1652 2972 1720 παρά
3009 1654 3077 1704 τὰ
3117 1652 3416 1720 δεδογμένα
3472 1652 3743 1720 πρότερον
3789 1648 3988 1716 πράξω

2419 1741 2514 1794 νῦν
2544 1742 2891 1810 μεταϐαλών.
2934 1744 3007 1795 Ού
3046 1742 3155 1810 γὰρ
3201 1743 3421 1814 εὐκολίᾳ
3451 1743 3668 1809 τρόπων
3697 1742 3789 1792 ἐπὶ
3828 1739 3988 1790 τοῦτο

2421 1833 2623 1904 ἡχθην,
2677 1834 2788 1886 οὐδ’
2841 1837 2988 1904 είκῇ,
3040 1837 3136 1888 καὶ
3177 1837 3356 1905 μάτην
3397 1838 3605 1888 ἐκεῖνον
3659 1832 3987 1904 βουλόμενος

2422 1927 2630 1979 λυπεῖνθ
2661 1926 2780 1979 ἀλλ’
2809 1928 3228 1997 ἠναγκασμένος
3283 1927 3376 1980 ὑπ’
3417 1927 3653 1978 ἐκείνου.
3695 1924 3828 1976 Τίνα
3881 1924 3992 1990 γὰρ

2421 2022 2534 2090 Εχει
2578 2021 2734 2086 λόγον
2769 2020 2980 2074 ἐκεῖνον
3011 2022 3109 2090 μὲν
3138 2020 3382 2090 ὑϐρίζειν
3414 2019 3494 2081 είς
3527 2018 3648 2086 ἐμὲ,
3686 2017 3782 2068 καὶ
3815 2015 3993 2068 πάντα

2419 2115 2622 2183 τρόπον
2659 2115 2957 2183 πειρᾶσθαι
2986 2113 3288 2182 κατάδηλον
3318 2114 3514 2176 ποιεῖν,
3547 2110 3623 2173 ὡς
3656 2107 3990 2177 ἀσυμϐάτως

2421 2207 2553 2272 ἔξει,
2585 2208 2682 2277 ἐμὲ
2737 2207 2792 2260 δὲ
2842 2207 3031 2276 ῶσπερ
3071 2205 3206 2275 πρὸς
3233 2205 3302 2256 τὰ
3343 2205 3700 2274 πραττόμενα
3728 2199 3992 2262 ἀναισθη-

2422 2300 2638 2360 τοῦντι,
2681 2301 2848 2370 μηδὲν
2896 2300 3002 2352 τῶν
3059 2297 3362 2368 γινομένων
3398 2295 3609 2350 οἴεσθαι
3647 2294 3865 2356 δεινῦν;
3923 2291 3996 2342 Τὸ

2427 2393 2526 2462 μὲν
2581 2391 2673 2444 οὖν
2726 2394 2826 2459 τὴν
2884 2392 2970 2444 ἀεὶ
3026 2391 3408 2460 μελετωμένην
3462 2388 3550 2440 ἀεὶ
3611 2384 3865 2454 διαδοχὴν
3897 2386 3995 2451 τῆς

2427 2483 2727 2552 βασιλείας.
2774 2482 2834 2533 τό
2883 2499 2945 2549 γε
2987 2483 3065 2544 είς
3121 2481 3222 2550 ἐμὲ
3267 2477 3404 2551 ἧκον
3456 2479 3618 2531 αὑτὸν
3668 2476 3995 2542 ἀποστερεῖν

2425 2575 2560 2642 ἐμὸν
2589 2573 2654 2625 ἂν
2688 2574 2797 2640 εἴη,
2831 2572 2878 2622 εί
2911 2571 2986 2639 μὴ
3047 2570 3422 2638 μεταϐάλοιτο,
3461 2569 3553 2620 καὶ
3580 2567 3676 2633 τῆς
3722 2563 3997 2632 προτέρας

2425 2667 2624 2727 κακίας
2653 2664 2979 2734 ἀντίρροπον
3005 2662 3296 2726 ἐνδείξαιτο
3338 2659 3764 2727 εὐγνωμοσύνην
3797 2671 3812 2684 °
3848 2657 3910 2707 τὸ
3940 2653 3994 2705 δὲ

2426 2758 2704 2812 Ματθαῖον
2762 2757 2856 2808 τὸν
2935 2755 3065 2821 ὲμδν
3151 2754 3267 2805 υἱὸν
3330 2751 3709 2804 ἀποδεικνύειν
3767 2744 3997 2815 βασιλέα

2427 2849 2606 2900 οὐκέτ’
2639 2848 2704 2899 ἂν
2744 2846 2830 2915 εἴη
2873 2847 3035 2916 μόνον
3073 2845 3230 2914 ἐμοῦ·
3262 2844 3382 2896 οὐδὲ
3414 2844 3523 2912 γὰρ
3561 2840 3774 2893 οῦδέπω
3803 2838 3998 2905 πρότε-

2432 2956 2524 3008 ρον
2555 2940 2684 3007 ἄχρι
2731 2937 2825 2989 νῦν
2860 2937 2968 2988 τῶν
3000 2937 3216 2988 πάντων
3247 2934 3401 2988 οὐδὲν
3445 2935 3525 2993 είς
3564 2932 3726 2983 τοῦτο
3755 2925 3996 2995 ἠδυνήθη

2427 3032 2677 3097 ἀγαγεῖν.
2728 3029 2908 3083 καίτοι
2959 3028 3220 3089 πολλάκις
3265 3027 3418 3093 ὑμῶν
3474 3024 3645 3076 πολλὰ
3703 3019 3860 3084 παρὰ
3904 3018 3996 3068 τὸν

2427 3121 2519 3173 τοῦ
2558 3119 2792 3189 πολέμου
2850 3119 3062 3190 χρόνον,
3097 3119 3184 3172 ὅτε
3219 3120 3311 3172 καὶ
3347 3115 3586 3184 μάλιστα
3633 3115 3666 3180 ἡ
3700 3109 3902 3177 πρᾶξις
3936 3106 4000 3157 ἂν

762 3214 874 3252 non
928 3200 1192 3264 adfuisse,
1248 3201 1344 3255 sed
1398 3203 1796 3270 imprudentius
1851 3206 2069 3261 rubrica
2116 3209 2394 3277 subsig-C

2355 3211 2394 3274 C
2431 3213 2605 3266 ἐδόκει
2659 3213 2717 3264 τὸ
2770 3211 2993 3279 εὔλογον
3028 3209 3336 3272 διασώζειν,
3369 3207 3673 3278 δεηθέντων
3716 3203 3849 3271 περὶ
3879 3198 4000 3251 τού-

762 3305 941 3344 nasse.
973 3291 1236 3346 Similiter
1265 3294 1332 3347 de
1379 3295 1595 3362 probris
1637 3311 1702 3349 ex
1729 3298 2046 3352 triremibus
2087 3300 2220 3353 nihil
2265 3316 2322 3354 se

761 3381 926 3445 scire,
963 3398 1140 3451 neque
1183 3401 1246 3438 ea
1291 3387 1395 3454 jaei
1437 3388 1690 3450 voluisse,
1731 3388 1826 3442 sed
1872 3390 1926 3442 in
1971 3392 2147 3444 media
2197 3393 2320 3444 navi

763 3480 895 3525 tunc
926 3483 1252 3537 versantem,
1278 3475 1408 3542 quid
1440 3477 1492 3528 in
1522 3487 1762 3530 extremo
1803 3480 2110 3544 protervius
2140 3480 2314 3543 lieret,

763 3576 873 3615 non
897 3565 1150 3619 sensisse.
1191 3566 1293 3619 Sed
1324 3568 1434 3621 haec
1458 3580 1638 3635 postea
1667 3569 2007 3623 acciderunt.

2431 3321 2559 3356 τουο
2598 3303 2738 3356 ἀλλά
2774 3303 3008 3372 μάλιστα
3055 3303 3152 3371 μὲν
3210 3300 3363 3369 ὑμῶν
3417 3301 3526 3352 τῶν
3570 3298 3868 3363 δεομένων,
3905 3289 4000 3343 καὶ

2431 3392 2630 3460 πολλὴν
2657 3391 2796 3459 ὑπὲρ
2822 3389 3012 3442 τούτου
3040 3389 3138 3454 τὴν
3169 3387 3479 3457 προθυμίαν
3516 3382 4001 3450 είσενηνεγμένων

2427 3483 2522 3534 καὶ
2564 3481 2822 3548 σπουδὴν,
2854 3481 2952 3547 οὐχ
2981 3474 3144 3547 ἦττον
3189 3478 3245 3530 δὲ
3277 3475 3456 3544 κάμοῦ
3497 3474 3684 3526 δίκαιά
3732 3488 3790 3522 τε
3839 3467 4000 3537 ὁμοῦ,

2425 3571 2518 3623 καὶ
2584 3571 2734 3638 σφίσι
2789 3587 2846 3622 τε
2898 3571 3126 3633 αὐτοῖς,
3183 3569 3280 3622 καὶ
3347 3570 3461 3628 τοῖς
3509 3567 3652 3626 ὅλοις
3709 3562 4003 3632 πράγμασι

765 3661 1114 3731 συμφέροντα
1176 3663 1460 3727 κρίναντος
1515 3665 1657 3733 ὑμᾶς
1698 3668 1888 3718 αἰτεῖν.
1957 3666 2152 3734 ΙΙράξω
2194 3668 2292 3737 μὲν
2348 3667 2442 3720 οῦν
2485 3667 2594 3735 ἐγὼ
2641 3667 2785 3720 κατὰ
2835 3667 2933 3737 τὴν
2987 3667 3211 3732 ἀξίωσιν
3243 3663 3419 3734 ὑμῶν.
3494 3664 3793 3731 ’Υμέτερον
3829 3659 3875 3710 δ’
3936 3657 4004 3708 ἂν

763 3755 942 3820 εἴη’στ
978 3771 1129 3823 ργειν
1161 3759 1225 3808 τὰ
1253 3758 1621 3826 ἐψηφισμένα,
1657 3758 1753 3811 καὶ
1796 3761 1870 3829 μὴ
1924 3761 2020 3814 νῦν
2063 3764 2159 3831 μὲν
2224 3763 2368 3814 οῦτω
2408 3762 2812 3833 προθυμεῖσθαι
2852 3763 2982 3832 περὶ
3021 3762 3214 3822 ταῦτα,
3265 3761 3432 3830 ὀλίγῳ
3463 3759 3518 3811 δὲ
3573 3757 3825 3816 ὕστερον,
3868 3754 3917 3803 εῐ
3951 3768 4001 3803 τι

764 3847 1100 3914 προσπίπτοι
1153 3849 1413 3918 δυσχερὲς
1467 3851 1666 3920 ῥαδίως
1735 3851 2190 3921 μεταϐάλλεσθαι.
2233 3853 2473 3906 Τοιαῦτα
2547 3855 2644 3922 μὲν
2695 3853 2950 3922 βασιλεὺς
2993 3855 3020 3905 ὁ
3051 3851 3504 3922 Καντακουζηνδς
3545 3850 3675 3918 περὶ
3736 3845 4003 3914 βασιλέως

759 3941 852 3994 τοῦ
916 3943 1037 3994 νέου
1104 3943 1399 4015 διειλέχθη,
1426 3952 1518 3999 καὶ
1548 3947 1772 4000 τοιαῦτα
1819 3948 2144 4016 ἐγκλήματα
2188 3951 2391 4021 ἐπῆγεν
2423 3945 2573 4015 ὲξῶν
2598 3951 2734 4020 ᾣετο
2761 3951 2944 4002 δίκαια
2978 3951 3170 4004 ποιεῖν.
3199 3947 3464 4009 Βασιλεὺς
3523 3946 3578 3998 δὲ
3609 3947 3634 3998 ὁ
3665 3944 3781 4005 νέος
3843 3939 4005 3991 ὓστε-

763 4053 856 4102 ρον
897 4037 1032 4102 μετὰ
1067 4041 1161 4093 τοῦ
1195 4041 1433 4110 πολέμου
1468 4043 1565 4110 τὴν
1607 4044 1901 4096 κατάλυσιν
1933 4043 2002 4094 τὰ
2051 4044 2140 4095 ἴσα
2195 4043 2597 4112 ἐγκαλούμενος
2665 4043 2770 4096 ὑπὸ
2818 4043 2912 4095 τοῦ
2971 4042 3235 4113 κηδεστοῦ
3261 4081 3274 4104 ,
3322 4040 3512 4110 ῶσπερ
3561 4034 4002 4104 ἀπολογουμένου

757 4131 882 4181 ὅτου
917 4132 1079 4184 ἓνεκα
1148 4134 1310 4185 αὑτὸν
1378 4136 1476 4200 μὲν
1511 4135 2010 4203 ἀποχειροτονήσοι.
2042 4133 2152 4202 [tota
2185 4132 2241 4184 δὲ
2305 4135 2422 4185 υἱὸν
2461 4133 2740 4186 Ματθαῑον
2790 4133 3066 4199 ἀποδείξω
3101 4131 3355 4201 βασιλέα,
3418 4130 3548 4199 περὶ
3605 4127 3704 4197 μὲν
3740 4127 3848 4177 τῶν
3911 4126 4006 4176 ἀλ·

763 4219 868 4273 λων
926 4221 1076 4273 οὐδὲν
1117 4216 1264 4290 εἶχεν
1321 4222 1647 4289 ἀντιλέγειν.
1709 4222 1812 4274 Τοῦ
1865 4222 2045 4292 μέντοι
2105 4226 2162 4273 έν
2216 4224 2331 4282 τοῖς
2381 4223 2515 4291 πρὶς
2573 4223 2842 4290 Σουλιμαν
2897 4223 2987 4275 τὸν
3045 4224 3264 4293 Πέρσην
3331 4225 3632 4293 γράμμασι
3684 4221 3758 4289 μὴ
3831 4235 4005 4290 προσ-

759 4314 1126 4383 ηγορευκέ-ιαι
1189 4315 1413 4384 βασιλέα
1491 4317 1590 4368 οὐκ
1651 4317 1850 4379 αὐτὸν,
1905 4315 2042 4368 άλλά
2119 4315 2213 4367 τδν
2275 4316 2591 4382 γεγραφότα
2655 4317 2809 4381 ἔλεγε
2889 4315 3220 4386 γεγενῆσθαι
3282 4317 3497 4367 αίτιον·
3570 4314 3730 4366 αὑτὸν
3784 4311 3840 4362 δὲ
3899 4309 4006 4361 ὑπὸ

764 4411 977 4462 πολλῶν
1052 4411 1353 4479 φροντίδων
1410 4410 1847 4479 συνισχημένον,
1897 4411 1994 4461 καὶ
2061 4409 2280 4479 μυρίοις
2335 4411 2626 4480 πράγμασι
2678 4409 3097 4478 περιελκόμενον
3151 4411 3238 4462 τὸν
3290 4409 3438 4471 νοῦν,

756 4507 870 4565 τοῖς
927 4504 1353 4572 γεγραμμένοις,
1420 4499 1537 4553 ἀλλ’
1615 4502 2039 4568 ἀπερισκέπτως
2135 4503 2247 4563 τοῖς
2324 4502 2575 4570 ὲρυΘροίς
2640 4501 3125 4572 ὑποσημήνασθαι.
3197 4503 3434 4571 Ὁμοίως
3497 4503 3553 4554 δὲ
3622 4501 3864 4553 καὶτῶν
3908 4517 4003 4566 γεο

757 4595 1077 4664 γενημένων
1118 4593 1330 4663 ὕϐρεων
1379 4593 1482 4644 ὑπὸ
1550 4595 1661 4644 τῶν
1730 4592 2028 4662 τριηριτῶν
2077 4593 2230 4644 οὐδὲν
2259 4591 2434 4645 ἀὐτὸν
2475 4593 2672 4645 είδέναι
2700 4633 2714 4658 ,
2762 4595 2901 4661 μήτε
2943 4590 3256 4663 βούλεσθαι,
3305 4595 3424 4646 ἀλλ’
3485 4594 3543 4647 ἐν
3587 4596 3652 4663 τῇ
3713 4594 3870 4663 κοίλῃ
3911 4591 4005 4660 νηῒ

760 4687 881 4738 κατ’
932 4688 1110 4738 ἐκεί-,ο
1147 4686 1341 4754 χρόνου
1395 4683 1765 4753 διατρίϐοντα,
1847 4684 2076 4754 μηδενὸς
2119 4684 2393 4754 ῂσθῆσθαι
2462 4686 2571 4737 τῶν
2605 4686 3028 4757 τετολμημένων
3074 4686 3197 4752 ἔξω.
3239 4684 3426 4738 Ταῦτα
3475 4686 3573 4754 μὲν
3608 4681 3701 4738 οὖν
3748 4685 3999 4757 ὕστερον.

3514 4410 3616 4462 οὐκ
3704 4408 4005 4474 ἐπιστῆσαι

2113 4858 2341 4914 CAPUT
2383 4858 2643 4914 XXXVII.

761 4972 1043 5045 Matt/nens
1073 4981 1283 5045 creatur
1309 4975 1615 5040 imperator.
1649 4973 1847 5028 Nomen
1877 4974 2099 5028 Joannis
2122 4978 2177 5028 in
2221 4976 2688 5028 acclamationibus
2716 4985 2764 5028 et
2792 4979 2959 5029 sacris
3014 4985 3235 5029 tacetur.
3272 4974 3454 5030 Novus
3484 4979 3774 5045 imperator
3807 4977 4002 5032 Adria-

836 5043 1060 5115 nopolim
1089 5044 1326 5096 mittitur.
1368 5045 1614 5098 Callistus
1649 5047 1696 5097 in
1728 5046 1898 5098 sedem
1927 5062 1988 5097 ea:
2025 5047 2340 5098 monasterio
2371 5056 2643 5097 revocatur
2667 5055 2714 5096 et
2745 5047 3075 5115 objurgatur.
3105 5046 3350 5115 Cogentes
3388 5065 3442 5100 se
3472 5043 4000 5102 ad'consecrandum

833 5113 1160 5171 Mutthwum,
1184 5182 1189 5184 _
1214 5119 1644 5167 excommunicat.
1674 5115 1804 5182 Ejus
1839 5117 2131 5184 pertinacia
2170 5115 2237 5166 ad
2266 5116 2521 5184 synodum
2567 5124 2616 5167 et
2649 5116 2719 5167 ad
2767 5113 3156 5182 imperatorem,
3181 5113 3239 5168 et
3269 5119 3320 5168 in
3359 5118 3566 5170 tabulas
3613 5117 3861 5181 refertur.
3926 5117 4002 5171 De

830 5198 1117 5236 successore
1143 5182 1376 5254 eligendo
1407 5183 1755 5244 consultatur,
1787 5182 1846 5237 et
1869 5201 2090 5254 canones
2117 5182 2368 5236 citantur.
2405 5183 2576 5235 Semet
2607 5195 2653 5236 et
2683 5188 2972 5251 superiOres
3005 5189 3346 5251 imperatores
3373 5187 3530 5239 mala:
3560 5187 3683 5253 ﬁdei
3716 5190 3770 5237 in
3798 5187 3998 5254 eligen—

831 5253 1458 5327 (iis‘t’plscopfsfoarguit
1495 5256 1813 5327 imperator;
1876 5253 2170 5327 libertatem
2205 5254 2429 5319 eligendi
2471 5255 2734 5327 episcopis
2785 5255 2977 5308 reddit.
3035 5254 3340 5310 Philotheus
3397 5256 3704 5327 patriarcha
3761 5253 3997 5312 creatur.

835 5321 1089 5374 Callistus
1114 5320 1382 5387 Galatam,
1421 5323 1542 5374 inde
1569 5323 1826 5375 Tenedum
1860 5323 1929 5376 ad
1967 5321 2327 5392 Palwologum
2358 5323 2608 5392 confugit.

838 5460 906 5513 Ut
961 5462 1258 5529 imperator

760 5553 1067 5614 constituit,
1119 5560 1239 5613 post
1280 5551 1398 5604 dies
1434 5553 1640 5619 aliquot
1677 5553 1944 5606 sermonis
1977 5553 2140 5616 illius,
2185 5569 2324 5621 pra!-

762 5652 916 5694 sente
967 5641 1248 5695 nobilitate
1289 5642 1340 5694 in
1386 5642 1582 5708 palatio
1627 5651 1709 5695 est
1764 5643 2124 5702 rrnltutiatus.
2172 5643 2322 5710 pedi-

759 5733 970 5800 busque
995 5733 1228 5786 induet-.e
1259 5733 1491 5800 crepidis
1516 5749 1820 5801 purpureaz,
1852 5744 1905 5788 et
1935 5736 2067 5787 tiara
2101 5734 2320 5804 lapillis,

755 5841 822 5882 ac
853 5827 1158 5897 margaritis
1199 5835 1410 5892 ornata,
1459 5841 1556 5894 pro
1592 5840 1742 5881 more
1780 5827 1942 5895 capiti
1985 5828 2103 5897 ejus
2154 5829 2324 5897 impo-

1354 5461 1520 5512 tilinm
1593 5462 1978 5529 imperatorem
2052 5461 2326 5516 declarare
2360 5468 2402 5522 ι)
2510 5463 2642 5515 Τότε
2669 5465 2724 5517 δὲ
2765 5465 2887 5517 ἐπεὶ
2923 5464 3020 5516 ἐπε

2360 5468 2402 5522 ι)
2510 5463 2642 5515 Τότε
2669 5465 2724 5517 δὲ
2765 5465 2887 5517 ἐπεὶ
2923 5463 3262 5532 ἐπεψήφιζεν
3307 5466 3336 5518 ὁ
3378 5464 3638 5534 βασιλεὺς
3681 5465 3786 5533 τὴν
3829 5465 4000 5537 ἀνειρα

2432 5560 2589 5628 ρησιν
2620 5555 2903 5610 Ματθαίου
2929 5554 3022 5606 τοῦ
3052 5554 3193 5618 υίοῦ,
3231 5555 3371 5624 μετά
3394 5572 3546 5618 τινας
3578 5559 3674 5626 τῆς
3704 5556 3997 5622 διαλέξεως

2428 5648 2665 5716 ἡμέρας,
2700 5647 2916 5698 πάντων
2951 5646 3230 5715 παρόντων
3267 5650 3327 5700 ἐν
3356 5649 3467 5709 τοῖς
3495 5647 3808 5715 βασιλείοις,
3843 5650 3873 5700 ὁ
3906 5647 3998 5702 τοῦ

2431 5738 2696 5807 βασιλέως
2732 5737 3070 5806 ἀνηγόρευτο
3101 5738 3236 5799 υίὸς,
3275 5740 3368 5789 καὶ
3397 5741 3508 5799 τοῖς
3543 5755 3600 5790 τε
3636 5740 3797 5792 ποσὶν
3827 5741 3995 5793 ὑπέδυ

2431 5829 2698 5900 κρηπῖδας
2739 5829 2995 5900 ὲρυορὰς,
3059 5833 3153 5885 καὶ
3213 5831 3366 5883 πῖλον
3419 5832 3648 5885 ἐπέθετο
3673 5837 3738 5905 τῇ
3785 5837 3997 5907 κε’θαλῇ
