4218 6446
206 437 308 501 281

207 634 514 704 βασιλεῦσι,
548 637 643 685 καὶ
688 634 824 703 πρός
853 650 913 685 τε
940 633 1035 691 τὰς
1068 633 1347 700 εὐφημίας
1388 635 1780 703 συνηριθμεῖτο

204 729 325 787 τοῖς
382 724 685 793 βασιλεῦσι,
737 726 833 779 καὶ
886 726 943 776 ἐν
974 727 1095 787 ταῖς
1145 726 1493 793 γιγνομέναις
1539 727 1781 795 μνήμαις

202 819 316 868 τῶν
347 817 613 884 βασιλέων
639 817 772 884 πρὸς
807 819 917 877 τοῖς
940 818 1121 887 ίεριῖς.
1146 818 1379 870 Βασιλέα
1403 820 1457 870 δὲ
1483 820 1570 871 τὸν
1605 821 1785 876 Ἰωάν-

208 929 311 979 νην
358 912 576 963 ἐκέλευε
603 910 903 979 βασιλεὺςό
931 911 1197 978 κηδεστὴς
1221 911 1277 963 ἔν
1304 929 1359 964 τε
1386 916 1503 975 ταῖς
1539 915 1783 984 μνήμαις

206 1003 633 1055 ἀποσιωπᾶσθαι
665 1004 771 1056 κάν
828 1006 946 1064 ταῖς
999 1003 1321 1071 εὐφημίαις.
1358 1005 1556 1057 ’Λνναν
1602 1006 1783 1076 μέντοι

204 1097 306 1162 τὴν
345 1095 615 1163 βασιλίδα,
646 1099 739 1148 καὶ
789 1098 880 1147 τὸν
909 1096 1270 1164 θυγατριδοῦν
1306 1097 1645 1167 ’Δνδρόνικον
1691 1099 1783 1149 τὸν

204 1188 439 1257 βασιλέα
469 1188 835 1254 εὖφημεῖσθαι
873 1188 1064 1257 ὥσπερ
1095 1188 1380 1256 πρότερον,
1418 1190 1511 1239 καῖ⁵
1564 1206 1776 1256 μνημο-

202 1278 463 1330 νεύεσθαι
508 1279 760 1331 ἐκέλευεν
790 1281 847 1331 ὲν
900 1281 1018 1339 ταῖς
1057 1279 1495 1346 ίεροτελεστίαις.
1548 1280 1621 1333 Οὐ
1674 1281 1781 1349 μὴν

202 1371 376 1423 αὐτοῦ
438 1372 783 1422 παντάπασιν
832 1372 1017 1436 ἀψεῖλε
1069 1372 1162 1423 καὶ
1216 1373 1313 1436 τὴν
1359 1372 1730 1440 προσηγορίαν
1765 1387 1777 1400 ·

202 1462 321 1515 ἀλλ’
366 1463 418 1514 εί
475 1479 604 1514 ποτε
666 1465 794 1531 περὶ
827 1464 1035 1515 ἐκείνου
1088 1466 1294 1515 ποιοῖτο
1335 1464 1510 1531 λόγον,
1562 1463 1783 1534 βασιλέα

202 1555 624 1623 προσηγόρευεν
657 1557 747 1607 ἐπὶ
780 1556 1013 1610 πολλῶν.
1060 1557 1155 1609 Ἐκ
1177 1554 1435 1609 τοιούτων
1463 1556 1560 1624 μὲν
1592 1555 1782 1607 αἰτιῶν

202 1648 231 1698 ό
266 1648 408 1714 πρὸς
452 1648 721 1719 ἀλλήλους
754 1648 862 1700 τῶν
917 1649 1188 1717 βασιλέων
1240 1650 1470 1720 ἐκινήθη
1520 1649 1780 1717 πόλεμος,

200 1754 234 1788 κ
274 1736 298 1788 ἰ
323 1735 530 1804 ηὔξητο
557 1738 648 1789 ἐπὶ
682 1737 958 1798 τοσοῦτον,
976 1737 1052 1800 ὡς
1081 1737 1178 1791 καὶ
1205 1739 1660 1807 Καντακουζηνδν
1691 1738 1781 1789 τὸν

201 1825 457 1892 βασιλέα,
502 1827 682 1878 καίτοι
714 1827 978 1896 πρότερον
995 1828 1090 1898 ὅλῃ
1120 1829 1314 1899 γνώμῃ
1334 1827 1782 1898 παρεσκευασμέ-

199 1933 295 1969 νον
340 1917 441 1985 τῆς
470 1918 645 1988 ἀρχῆς
675 1918 917 1987 διάδοχον
948 1920 1041 1971 τὸν
1062 1921 1179 1972 νέον
1213 1919 1563 1973 καταλείπειν
1597 1920 1778 1971 Ἰωάνα
1814 1904 1851 1959 Β

201 2027 326 2078 νην,
359 2010 707 2078 ἠναγκάσθαι
728 2012 822 2063 καὶ
838 2011 1121 2064 Ματθαῖον
1148 2012 1239 2065 τὸν
1261 2013 1374 2065 υἱὸν
1402 2010 1781 2065 ἀποδεικνύειν

200 2098 456 2167 βασιλέαο
492 2101 631 2169 μετὰ
660 2099 842 2169 μέντοι
884 2100 982 2170 τὴν
1036 2102 1343 2172 ἀνάρρησιν
1372 2102 1654 2156 Ματθαίου
1688 2100 1780 2153 τοῦ

196 2191 325 2242 νΞου
356 2190 625 2259 βασιλέως
662 2193 869 2244 ἐκεῖνον
926 2193 1025 2261 μὲν
1079 2196 1159 2255 είς
1206 2194 1304 2263 τὴν
1345 2191 1627 2263 Ἀδριανοῦ
1667 2192 1783 2257 ἐξί-

197 2298 424 2349 πεμπεν
450 2278 606 2345 αὖθις
636 2285 663 2335 ό
692 2283 897 2351 πατὴρ,
936 2282 1097 2345 αὐτὸς
1122 2284 1178 2337 δὲ
1221 2285 1547 2337 ὑπελείπετ’)
1583 2286 1640 2336 ὲν
1676 2285 1778 2335 Βυ-

198 2371 428 2441 ζαντίῳ,
463 2372 555 2424 καὶ
593 2372 661 2423 τὰ
707 2372 848 2425 κατὰ
895 2379 987 2424 τὸν
1047 2375 1394 2445 πατριάρχην
1426 2376 1500 2436 ὼς
1548 2375 1781 2444 μάλιστα

196 2462 329 2532 ἐνῆν
364 2462 671 2516 εὒτίθεσθαι
698 2464 904 2516 ἐτίθετο
942 2466 1029 2518 διὰ
1060 2466 1322 2534 σπηυδῆς.
1379 2466 1633 2534 Συνεώρα
1673 2468 1781 2535 γὰρ

196 2554 304 2622 ἥδη
330 2555 476 2607 κστᾶ
508 2557 685 2608 πᾶσαν
709 2557 955 2626 ἀνάγκην
988 2559 1105 2611 δέον
1134 2557 1193 2611 ὃν
1233 2559 1514 2613 Ματθαῖον
1539 2560 1632 2612 τὸν
1664 2563 1781 2614 νέον

201 2646 433 2715 βασιλέα
465 2648 541 2716 τῷ
562 2648 715 2718 μύρλρ
743 2650 995 2719 χρίεσθαι
1029 2652 1169 2703 κατᾶ
1207 2653 1264 2703 τὸ
1299 2652 1441 2713 ἔθος.
1472 2652 1777 2723 Τοιγαροῦν

198 2739 299 2791 καὶ
376 2739 764 2806 μετεπέμπετο
810 2741 936 2802 τοὺς
984 2741 1303 2810 ἀρχιερέας,
1341 2743 1498 2805 ὅσους
1546 2744 1781 2811 μάλιστα

202 2827 365 2896 ἐνῆν,
405 2828 467 2879 ὲκ
495 2827 603 2878 τῶν
634 2830 775 2881 κατά
805 2829 901 2897 τὴν
924 2829 1144 2898 Θρᾴκην
1164 2832 1391 2884 πόλεων.
1424 2828 1554 2885 Εἶτα
1592 2834 1780 2905 ἐπειδὴ

200 2916 490 2986 παρῆσαν,
526 2918 617 2971 καὶ
648 2920 773 2979 τοὺς
830 2920 887 2971 ἐν
914 2918 1194 2989 Βυζαντίῳ
1230 2921 1610 2994 διατρίϐοντας
1663 2925 1779 2994 ἅμα

197 3011 313 3068 τοῖς
340 3008 544 3072 ἔξωθεν
576 3010 999 3080 ὲπιδεδημηκόσι
1042 3013 1326 3074 κελεύσας,
1374 3017 1432 3066 ὲν
1483 3015 1780 3083 βασιλείοις

200 3100 507 3162 συνελθεῖν,
538 3101 565 3153 ὅ
610 3118 665 3153 τι
713 3101 821 3153 δέοι
873 3101 1144 3170 πράττειν
1174 3107 1303 3174 περὶ
1353 3105 1653 3159 Καλλίστου
1686 3107 1778 3159 τοῦ

198 3190 549 3261 πατριάρχου
596 3192 812 3245 πάντων
844 3193 1178 3246 ἐπυνθάνετο
1212 3197 1393 3265 κοινῇ.
1429 3196 1549 3248 Τῶν
1598 3199 1643 3250 δ’
1672 3198 1779 3249 ἀπὸ

198 3283 551 3353 συνθήματος
598 3283 713 3336 δέον
765 3285 1071 3354 εἰρηκότων
1134 3283 1278 3339 εἶναι
1342 3288 1583 3356 πέμπειν
1643 3290 1776 3358 πρὸς

196 3377 435 3434 ἐκεῖνον.
472 3375 568 3428 καὶ
615 3374 799 3427 καλεῖν
850 3378 943 3429 ἐπὶ
989 3377 1081 3430 τὸν
1118 3379 1333 3450 θρόνον,
1384 3382 1572 3450 ἐπειδὴ
1619 3382 1785 3449 μηδὲν

196 3468 489 3535 ἐγκαλοῖτο
529 3469 634 3520 ὑπὸ
674 3469 904 3537 μηδενὸς
938 3471 1139 3524 αὐτίκα
1172 3490 1230 3524 τε
1264 3474 1515 3527 ἐπείθετο
1554 3475 1581 3525 ὁ
1629 3475 1786 3543 βασι-

194 3560 349 3621 λεὺς,
377 3558 474 3611 καὶ
504 3559 801 3628 πρεσϐείαν
833 3560 971 3628 πρὸς
996 3563 1205 3615 ἐκεῖνον
1238 3565 1491 3618 ἐποιεῖτο.
1532 3566 1637 3618 Δύο
1676 3568 1783 3636 γὰρ

195 3651 310 3702 τῶν
344 3650 652 3720 ἀρχιερέων
704 3650 1137 3721 ἀπολεξάμενος.
1189 3653 1281 3706 τὸν
1330 3654 1492 3706 Δτνου
1544 3656 1779 3721 Δανιὴλ,

196 3743 296 3794 καὶ
328 3742 533 3811 Ἰωσὴφ
566 3742 659 3795 τὸν
690 3743 939 3807 Τενέδου,
984 3746 1076 3797 καὶ
1105 3746 1392 3808 τοσούτους
1424 3747 1647 3815 ἑτέρους
1675 3748 1786 3800 τῶν

197 3833 650 3903 ἑπιφανεστὲρων
669 3835 761 3886 τοῦ
786 3836 987 3904 κλήρου
1015 3837 1108 3905 τῆς
1130 3836 1442 3899 Βυζαντίων
1462 3840 1779 3911 ἐκκλησίας,

196 3924 533 3978 Καὸάσιλαν
564 3924 657 3977 τὸν
686 3925 994 3992 σακελὶίου,
1027 3930 1121 3981 καὶ
1157 3930 1431 4003 Περδίκην
1460 3933 1548 3986 τὸν
1587 3951 1780 3989 σκευο-

195 4016 445 4083 φύλακα,
478 4016 728 4085 ἔπεμπεν
777 4021 855 4079 είς
906 4021 1006 4087 τὴν
1049 4022 1327 4093 μάρτυρος
1362 4025 1455 4077 τοῦ
1488 4026 1786 4094 Μάμαντος

195 4110 373 4178 μονὴν
416 4111 546 4179 πρὸς
572 4110 946 4180 πατριάρχην,
974 4114 1071 4165 καὶ
1104 4118 1198 4167 ἐπὶ
1233 4118 1361 4180 τοὺς
1400 4118 1624 4187 θρόνους
1654 4121 1784 4174 ὲκιὶὶ⁴

193 4201 278 4252 λει
309 4201 410 4253 καὶ
450 4201 551 4269 τὴν
586 4201 785 4270 ἀρχὴν,
824 4203 1019 4256 οὐῗένα
1057 4204 1167 4273 γὰρ
1214 4203 1357 4259 εῐναι
1382 4208 1473 4261 τδν
1496 4209 1787 4279 ἀφῃρημέ-

194 4311 315 4356 νον,
348 4295 563 4362 εφασκέ
595 4312 653 4347 τε
683 4295 893 4364 βέλτιον
929 4296 1030 4366 μὲν
1080 4295 1221 4352 εἶναι
1258 4302 1329 4369 μὴ
1360 4302 1785 4371 ἀπερισκέπτως

192 4384 346 4436 οὕτω
376 4386 582 4452 χωρεῖν
611 4384 698 4452 ἐφ’
727 4384 763 4438 ἃ
792 4387 865 4454 μὴ
897 4387 997 4451 δεῖ,
1053 4389 1179 4457 μηδ’
1213 4390 1440 4461 ἀϐουλίᾳ
1472 4391 1779 4462 χρώμενον,

188 4473 308 4527 τῶν
328 4475 433 4542 μὲν
457 4474 660 4543 θρόνων
678 4477 1012 4544 ἀφίστασθαι
1034 4480 1249 4547 ἑκόντα,
1268 4484 1359 4535 καὶ
1382 4485 1478 4537 τοῦ
1499 4485 1775 4554 ποιμνίου,

1352 438 1397 494 ll
1416 438 1890 498 ISTORIARUM
1937 441 2001 497 Ll
2020 442 2160 500 BER
2211 444 2299 502 ιν.

206 548 344 612 λίθῳ
382 562 440 598 τε
477 542 916 615 κεκοσμημένον,
951 544 1047 597 καὶ
1080 544 1412 616 μαργᾲροις,
1445 544 1635 615 ὥσπερ
1664 546 1784 609 ἔθος
1817 552 1854 604 Α
1887 551 1988 604 sita

3350 437 3458 500 282

2029 569 2043 605 :
2087 552 2274 605 faustae
2318 553 2737 605 acclamationes
2769 552 3150 611 insonuernnt,
3189 558 3245 603 et
3286 550 3338 601 in
3372 566 3459 602 sa-

1892 643 2002 697 cris
2033 645 2173 713 ejus,
2210 654 2269 695 ut
2309 644 2645 710 reliquorum
2683 643 3074 711 imperatorum
3116 640 3451 707 frequentari

1892 747 2068 804 empta
2104 735 2386 789 memoria.
2430 734 2656 788 Joannis
2693 745 2875 787 autem
2930 748 3127 784 nomen
3184 729 3237 782 in
3278 730 3451 781 accla-

1891 827 2114 890 mando,
2166 836 2331 894 atque
2380 826 2523 878 inter
2566 838 2904 888 sacra-socer
2951 831 3129 874 tacere
3167 820 3349 885 jussit.
3402 826 3454 869 et
3540 804 3546 816 λ

1891 918 2059 972 Annae
2102 916 2458 984 imperatriei,
2490 931 2553 969 ae
2582 915 2760 981 ttcpcti
2796 912 3104 965 Andronico
3143 909 3455 968 acclamari,

1892 1019 1951 1062 ut
1996 1007 2258 1075 prins,iet
2302 1006 2353 1058 in
2393 1005 2664 1060 sacrificio
2708 1004 2883 1056 missu:
2908 1004 3126 1054 eosdem
3162 999 3455 1052 nominari.

1890 1098 2007 1152 Non
2072 1108 2249 1150 tamen
2301 1099 2524 1150 omnino
2588 1096 2637 1149 ei
2694 1093 3020 1147 vocabulum
3071 1091 3347 1148 auferens,
3410 1088 3453 1141 si

1890 1188 2111 1257 quando
2134 1188 2273 1255 apud
2296 1188 2474 1251 plures
2504 1186 2570 1240 de
2596 1188 2687 1239 illo
2715 1188 3055 1253 loqueretur,
3078 1184 3454 1247 imperatorem

1894 1280 2266 1348 appellitabat.
2295 1278 2519 1331 Talibns
2562 1278 2727 1345 igitur
2770 1291 2834 1328 ex
2879 1276 3058 1328 causis
3091 1284 3341 1326 mututtm
3375 1272 3459 1323 in-

1895 1377 1976 1422 ter
2010 1371 2367 1437 imperatores
2418 1370 2617 1423 bellum
2671 1366 2896 1423 exarsit.
2948 1368 3127 1431 itaque
3170 1364 3362 1424 erevit,
3403 1373 3461 1417 ut

1889 1459 2327 1517 Cantaenzenus.
2372 1460 2585 1514 tametsi
2629 1469 2784 1511 antea
2825 1466 3008 1510 mente
3051 1463 3160 1507 tota
3193 1454 3458 1507 Joannem

1890 1555 2100 1620 imperii
2120 1568 2494 1607 successorem
2535 1552 2846 1618 relinquere
2881 1560 3103 1618 paratus
3132 1556 3300 1610 esset,
3326 1547 3464 1600 Mat-

1891 1647 2089 1699 thzrum
2135 1646 2304 1699 tilium
2344 1648 2447 1697 hoc
2500 1644 2707 1697 honore
2756 1642 2968 1711 dignari
3013 1640 3328 1708 compulsus
3360 1640 3458 1699 sit:

1888 1753 2048 1805 quem
2090 1738 2275 1792 statim
2336 1734 2749 1803 AdrianOpolim
2798 1732 2969 1797 misit,
3027 1732 3141 1800 ipse
3213 1729 3459 1801 Byzantii

1890 1842 2135 1890 manens,
2198 1827 2614 1889 eontroversim,
2647 1838 2769 1892 qua:
2835 1822 2935 1876 sibi
2982 1836 3106 1875 cum
3151 1819 3461 1889 patriarcha

1882 1921 2188 1983 exstiterat,
2221 1919 2383 1971 tinem
2408 1933 2570 1986 quam
2598 1916 2866 1985 optimum
2901 1915 3184 1981 imponere
3208 1911 3463 1965 studebat

1884 2009 2094 2065 sedulo.
2160 2009 2503 2078 lntelligebat
2554 2010 2723 2071 enim,
2765 2007 2874 2077 jam
2937 2006 3094 2075 plane
3149 2004 3460 2058 Mattbaaum

1882 2120 2085 2157 novum
2129 2103 2515 2170 imperatorem
2547 2101 2749 2155 usitato
2777 2115 2925 2152 more
2957 2098 3147 2165 inungi
3182 2107 3460 2163 Oportere.

1884 2195 2123 2250 Proinde
2156 2205 2210 2247 et
2241 2195 2551 2262 episcopos,
2586 2202 2853 2261 quotquot
2879 2191 3326 2245 commodissime
3360 2206 3462 2258 po-

1886 2297 2045 2350 terat,
2072 2302 2135 2339 ex
2168 2286 2396 2339 urbibus
2432 2284 2677 2338 Thraciae
2701 2284 3037 2337 acccrsvbat.
3074 2282 3180 2335 Eos
3217 2298 3459 2349 llrtl‘SCllo

1884 2387 1985 2443 tes,
2017 2377 2175 2431 simul
2208 2393 2329 2430 cum
2370 2376 2436 2429 iis
2471 2377 2561 2444 qui
2594 2376 2836 2444 Byzantii
2886 2375 3172 2441 dt'gt'bztltl,
3205 2372 3367 2441 εὖτ
3407 2373 3458 2425 in

1884 2468 2145 2537 palatium
2195 2467 2491 2519 convenire
2540 2465 2752 2535 jussit:
2815 2463 2888 2517 ibi
2939 2480 3034 2517 eos
3095 2466 3457 2515 communiter

1884 2559 2013 2628 quid
2060 2558 2285 2612 Callisto
2327 2557 2637 2626 patriarcha
2679 2555 2988 2608 faciendum
3024 2566 3189 2618 esset,
3228 2556 3458 2607 interre-

1884 2651 2053 2720 gavit.
2084 2648 2293 2714 Quibus
2321 2649 2386 2701 de
2412 2657 2694 2713 compacto
2720 2647 3198 2715 respondentibus,
3226 2648 3281 2701 in
3306 2647 3459 2700 thro-

1882 2757 2014 2794 num
2062 2741 2453 2803 revocandum,
2487 2738 2930 2808 quandoquidem
2980 2754 3009 2790 a
3047 2738 3265 2791 nemine
3300 2753 3459 2793 accu-

1883 2843 2118 2897 saretur,
2146 2833 2292 2886 illico
2312 2832 2651 2900 amplectens
2675 2831 2963 2883 consilium
2984 2829 3306 2895 imperator,
3327 2830 3464 2883 duo.

1882 2922 1988 2978 bus
2016 2925 2286 2993 episcOpis
2308 2924 2544 2984 selectis,
2572 2922 2791 2975 Daniele
2818 2921 2967 2984 Eni,
2997 2931 3048 2973 et
3078 2921 3321 2989 Joscpho
3356 2920 3464 2973 Te-

1882 3017 2028 3079 nedi,
2049 3015 2516 3082 tntidcmqueali‘s
2540 3014 2605 3067 de
2635 3015 2763 3067 cli-ri
2790 3013 3069 3082 Byzantini
3092 3013 3457 3082 principibus,

1884 3106 2133 3162 Cabasila
2176 3121 2370 3173 nempe
2417 3119 2695 3157 sacrarum
2744 3103 2968 3161 mdium,
3015 3112 3069 3155 et
3110 3102 3336 3155 I‘erdica
3382 3118 3465 3155 sa-

1883 3212 2105 3251 crorum
2166 3210 2422 3248 vasorum
2462 3194 2759 3264 praefectis.
2799 3208 2894 3248 eos
2958 3194 3009 3246 iu
3064 3194 3459 3247 monasterium

1890 3287 2180 3341 Mamantis
2230 3288 2482 3356 martyris
2532 3287 2594 3338 ad
2638 3285 3005 3354 patriareltam
3064 3285 3251 3348 mittit,
3296 3294 3351 3338 et
3394 3283 3461 3338 ad

1888 3381 2071 3435 sedem
2117 3386 2555 3447 potestatemque
2626 3387 2868 3439 revocat,
2932 3392 3094 3445 quam
3157 3376 3230 3428 illi
3299 3390 3463 3429 nemo

1886 3474 2068 3527 adhuc
2099 3470 2391 3525 abstulerit
2425 3487 2437 3521 :
2472 3479 2525 3523 et
2562 3468 2758 3522 melius
2805 3483 2945 3533 csse,
2979 3483 3087 3521 non
3139 3468 3207 3520 ita
3258 3468 3465 3535 impro-

1887 3566 2008 3619 vide
2049 3564 2366 3633 procedere,
2399 3577 2508 3628 qua
2551 3578 2657 3613 non
2708 3569 2950 3628 “portet,
3027 3572 3206 3624 neque
3268 3567 3465 3626 pra‘tcr

1886 3660 2153 3712 rationem
2186 3671 2307 3708 cum
2340 3655 2470 3709 sede
2511 3668 2728 3722 gregem
2764 3651 2903 3703 velle
2932 3650 3210 3704 desertum
3245 3648 3323 3701 ire
3361 3664 3375 3700 :
3408 3657 3465 3701 et

1886 3765 2007 3819 qua:
2042 3749 2173 3802 nihil
2210 3747 2443 3801 attinent
2480 3745 2695 3798 curiose
2755 3751 3078 3808 sectantem,
3141 3755 3288 3795 nunc
3346 3739 3459 3804 hic,

1888 3858 2034 3898 nunc
2074 3842 2171 3902 ibi,
2219 3855 2423 3892 munus
2463 3852 2620 3891 suum
2652 3836 3186 3906 pnetermittentem,
3221 3848 3465 3885 commo-

1888 3935 2017 3989 rari.
2060 3933 2114 3987 Si
2148 3933 2292 3986 enim
2340 3931 2393 3984 in
2423 3945 2487 3983 eo
2514 3930 2660 3997 qttod
2705 3927 3061 3997 pertundt-bat
3105 3925 3456 3995 perstitisset.

1891 4028 2170 4094 liliumque
2195 4041 2303 4077 non
2340 4037 2462 4075 esse
2493 4021 2876 4089 imperatorem
2913 4018 3267 4071 salutndum
3304 4032 3466 4085 argu-

1888 4118 2089 4172 mentis
2135 4116 2458 4184 quibusdam
2497 4111 2807 4165 neeessario
2858 4109 3319 4164 eoneludentibus
3366 4106 3466 4161 do-

1887 4209 2112 4273 cuisset,
2151 4207 2377 4260 forsitan
2415 4213 2592 4274 empta
2624 4202 3012 4270 impediturum
3064 4200 3259 4254 fuisse.
3300 4199 3463 4252 Nunc

1887 4304 2028 4358 istuc
2075 4315 2180 4354 non
2234 4309 2571 4369 postremum
2611 4297 2897 4349 ‘nnmcrari
2950 4309 3110 4363 posse
3151 4293 3313 4346 exiis
3342 4307 3464 4361 qua:

1889 4411 1998 4450 rem
2036 4401 2444 4464 persuaserunt,
2482 4390 2626 4457 quod
2672 4402 2777 4440 non
2818 4386 2997 4439 verbis
3039 4394 3095 4439 et
3134 4383 3468 4437 admonitio-

1888 4485 2068 4544 nibus,
2108 4481 2246 4536 forte
2280 4496 2381 4535 nec
2404 4480 2605 4532 dhiuis
2632 4479 2903 4546 precibus,
2948 4485 3006 4529 ut
3034 4475 3339 4544 Oportebat,
3368 4473 3464 4527 scd

189 4565 365 4619 αὑτὸν
397 4564 459 4618 δι
512 4564 581 4617 τά
624 4568 795 4635 μηόὲν
849 4570 1202 4639 προσήκοντα
1246 4577 1776 4644 περιεργαζόμενον,

1886 4577 1957 4639 vi,
1991 4583 2049 4630 et
2092 4574 2240 4627 velut
2284 4571 2537 4625 machina
2587 4571 2767 4638 aliqua
2821 4569 3096 4635 negotium
3151 4566 3466 4620 disturbare

187 4656 392 4709 ἄλλοτε
444 4655 627 4709 ἄλλοθι
672 4656 973 4727 διατρίὸειν
1007 4662 1175 4731 μηδὲν
1198 4664 1458 4719 ποιοῦντα
1489 4669 1597 4720 τῶν
1626 4669 1778 4722 δεόν-

186 4765 327 4802 των.
360 4748 428 4800 Εί
449 4747 559 4817 γὰρ
582 4746 776 4815 ἔμενεν
808 4751 904 4803 ἐπὶ
929 4752 1025 4805 τοῦ
1057 4758 1469 4825 προσχήματος,
1502 4762 1594 4812 καὶ
1628 4778 1782 4814 συνε-

186 4838 426 4894 6ούλευε
464 4840 538 4907 μὴ
567 4838 661 4891 τὸν
685 4839 799 4893 υἱὸν
825 4841 1203 4913 ἀναγορεύειν,
1224 4848 1405 4910 αἰτίας
1426 4850 1581 4911 τινας
1604 4852 1778 4918 ἀναγ-

186 4931 362 4993 καίας
394 4932 512 4992 τοῖς
546 4929 725 4996 λόγοις
771 4934 1108 5001 προστιθεὶς,
1148 4938 1282 5001 ἴσως
1322 4938 1389 4993 ἂν
1443 4942 1534 4993 καὶ
1584 4942 1780 4994 διεκώ-

186 5018 327 5071 λυσε
355 5033 372 5049 ο
403 5015 503 5070 νῦν
529 5016 576 5070 δ’
608 5018 707 5087 οὐχ
747 5019 949 5090 ἥκιστα
990 5024 1085 5077 καὶ
1121 5024 1267 5079 τοῦτ’
1296 5026 1363 5081 ἂν
1392 5030 1476 5099 εῖη
1510 5030 1619 5082 τῶν
1661 5048 1779 5085 πει-

189 5110 415 5164 σάντων
445 5108 505 5162 ἓν
551 5114 751 5180 χωρεῖν
796 5114 888 5166 ἐπὶ
931 5114 1181 5181 τοιαῦτα,
1231 5118 1313 5171 ὅτι
1351 5120 1425 5192 μὴ
1474 5120 1654 5191 λόγοις
1685 5126 1779 5177 καὶ

188 5198 619 5270 παραινισεσιν,
649 5202 780 5265 ίσως
804 5202 861 5255 δὲ
883 5205 979 5255 καὶ
1007 5192 1241 5268 ἱκεσίαις
1265 5206 1455 5279 ὥσπερ
1484 5211 1613 5273 ἔδει,
1641 5214 1778 5267 ἀλλά

191 5289 291 5360 βίᾳ
346 5289 448 5343 καὶ
500 5290 689 5362 ὥσπερ
727 5292 873 5363 ίσχύῖ
923 5297 1034 5349 τινὶ
1086 5296 1353 5351 κωλύσειν
1394 5303 1773 5374 ἐπεχείρησεν,

203 5382 369 5434 Ἐπεὶ
390 5382 728 5451 ἀναλωθῆναι
748 5384 816 5436 τὰ
838 5389 1179 5456 γεγενημένα
1194 5391 1777 5462 οὐκξὲνδέχεται,¹ούδὲν

194 5472 265 5524 ἂν
300 5473 339 5541 ἡ
373 5472 698 5540 διχοστασία
724 5475 807 5527 ἕτι
848 5478 942 5529 καὶ
977 5479 1009 5548 ή
1057 5478 1175 5549 ιρις
1226 5482 1608 5552 συμϐαλεῖται,
1641 5486 1776 5539 ἀλλὰ

192 5561 319 5615 δέον
339 5562 509 5615 αὐτὸν
536 5565 628 5617 ἐπὶ
654 5565 745 5617 τὸν
762 5567 971 5636 θρόνον,
1000 5571 1093 5622 καὶ
1122 5574 1220 5636 τὴν
1246 5575 1459 5627 οἰκείαν
1482 5576 1659 5644 ἀρχὴν
1682 5578 1772 5628 ὲλο

194 5655 390 5720 θόντα,
425 5654 520 5708 τὸν
548 5655 666 5709 νέον
696 5657 922 5726 βασιλέα
968 5662 1064 5715 καὶ
1080 5661 1155 5730 τῷ
1174 5664 1332 5734 μύρῳ
1356 5665 1553 5733 χρίειν,
1580 5666 1772 5737 ὥσπερ

193 5745 361 5808 ἔθος·
412 5746 477 5799 ού
532 5749 642 5818 γὰρ
690 5749 966 5818 ἐνδέχεται
1013 5754 1127 5815 τοῖς
1185 5754 1365 5819 ἄλλοις
1421 5758 1775 5827 παρασήμοις

196 5836 555 5910 κοσμηθέντα
587 5841 663 5910 μὴ
694 5841 790 5895 καὶ
819 5840 912 5897 τὸν
959 5843 1187 5915 ἀρχαῖον
1216 5850 1419 5917 τρόπον
1458 5850 1773 5919 στέφεσθαι.

1888 4670 2038 4720 visus
2092 4664 2183 4719 sit.
2247 4663 2385 4728 Quia
2412 4678 2545 4716 vero
2605 4661 2877 4729 praeterita
2932 4659 3133 4727 corrigi
3168 4666 3466 4727 nequeant,

1886 4751 2287 4806 dissensionem
2315 4759 2372 4803 et
2403 4748 2809 4802 contentionem
2848 4748 2984 4801 nihil
3010 4746 3243 4816 amplius
3278 4749 3467 4815 profu-

1887 4854 2091 4907 turam,
2126 4842 2219 4897 sed
2255 4842 2321 4895 ad
2352 4841 2538 4896 sedem
2579 4856 2731 4895 suam
2787 4854 3120 4909 regressum,
3162 4841 3464 4908 imperato-

1888 4950 2000 4988 rem
2042 4949 2243 4987 novum
2288 4947 2387 5001 pro
2437 4942 2655 4999 recepta
2704 4932 3104 4985 consuetudine
3145 4946 3302 4985 sacro
3342 4933 3465 4985 oleo

1886 5026 2148 5095 inungere
2180 5024 2401 5078 debere.
2459 5023 2609 5076 [laud
2660 5023 2930 5092 siquidem
2963 5022 3045 5077 fas
3088 5037 3207 5076 esse
3253 5024 3468 5075 caeteris

1885 5117 2191 5188 insignibus
2218 5124 2494 5179 ornatum,
2535 5130 2645 5169 non
2697 5115 2863 5168 etiam
2920 5115 3149 5184 antiquo
3191 5129 3341 5168 more
3373 5130 3466 5166 co-

1886 5227 2017 5264 rona
2060 5206 2430 5263 cnhouestari.
2471 5205 2594 5260 Harc
2646 5212 2711 5260 ad
2750 5206 3033 5259 Callistum
3091 5221 3188 5274 per
3217 5216 3465 5258 oratores

1884 5301 2203 5371 imperator,
2262 5314 2439 5368 eaque
2507 5297 2749 5368 episcopi
2805 5311 2996 5350 omnes
3068 5295 3464 5364 approbarunt.

1882 5392 2199 5447 Patriareha
2231 5391 2500 5460 legatione
2520 5389 2729 5449 audita.
2764 5387 2829 5442 ad
2858 5403 2972 5442 rem
3005 5387 3227 5456 quidem
3258 5387 3332 5440 nil
3374 5402 3462 5440 re-

1884 5483 2143 5555 spondit;
2172 5483 2264 5537 sed
2292 5497 2417 5535 eum
2442 5482 2535 5551 qui
2560 5480 2661 5535 sibi
2693 5491 2917 5549 propter
2938 5487 3040 5534 hoc
3072 5482 3459 5534 necessitatem

1890 5579 2218 5645 imponeret.
2254 5574 2620 5629 anathematis
2654 5574 2897 5627 carmine
2924 5574 3160 5627 devovit.
3187 5573 3325 5627 Tum
3367 5574 3468 5627 Da-

1885 5669 1992 5722 niel
2027 5666 2151 5720 [Eni
2179 5666 2475 5735 episcopus
2511 5665 2704 5726 iratus,
2736 5681 2861 5717 eum
2891 5676 3114 5733 promer
3148 5664 3467 5718 anathema-

1887 5761 2107 5815 tismum
2142 5759 2209 5813 ab
2251 5759 2369 5829 ipso
2405 5762 2844 5827 pronuntiatum,
2880 5757 3087 5811 hortari
3116 5758 3265 5811 illum
3294 5758 3361 5811 ad
3397 5774 3461 5813 ea

1886 5867 2121 5925 quorum
2151 5852 2324 5921 gratia
2356 5859 2602 5914 venerat,
2637 5866 3061 5921 supervacuum,
3101 5868 3223 5910 cum
3248 5854 3461 5928 iustitia
