4218 6446
762 451 868 509 283

1928 444 2254 505 JOANNIS
2293 444 2813 505 CANTACUZENI

3880 445 3993 512 εει

763 571 940 611 autent
989 559 1340 612 consentiens
1386 568 1618 627 putaret,
1676 560 1718 612 si
1764 574 1938 627 neque
1991 574 2085 627 per
2138 575 2216 619 se.
2261 575 2322 611 ac
2354 561 2429 619 A'

2354 567 2392 619 Α
2426 558 2657 612 Τοιαῦτα
2720 561 2819 627 μὲν
2856 560 2991 629 πρὸς
3039 562 3337 614 Κάλλιστον
3369 563 3455 613 τὸν
3505 562 3849 630 πατριάρχην
3902 565 3992 612 διὰ

762 661 954 714 Sponte
988 649 1208 715 gradum
1239 665 1394 700 suum
1428 651 1667 715 recipere
1692 650 1876 715 vellet,
1915 665 2091 719 neque
2118 652 2185 703 ab
2218 651 2326 703 alio

762 742 879 807 rocri
918 740 1025 791 ullo
1060 741 1218 790 modo
1248 749 1448 807 posset.
1486 740 1650 792 alium
1686 742 1805 809 ejus
1849 740 1961 793 sedi
2000 742 2271 809 praeﬁcere
2309 757 2321 791 :

767 832 951 899 Igitur,
990 830 1187 897 inquit,
1223 830 1365 882 aliud
1392 830 1529 884 nihil
1567 842 1615 885 lc
1642 841 1748 885 lam
1771 833 2046 885 obstinato
2070 832 2326 900 relinqui-

766 932 870 982 tur,
904 936 1064 988 quam
1099 932 1153 971 ut
1186 922 1305 973 loco
1340 931 1433 973 tuo
1460 923 1623 975 alium
1653 923 2016 990 patriarcham
2050 924 2102 977 iu
2138 924 2324 977 Eccle-

765 1013 898 1064 siam
943 1015 1379 1065 introdueaums.
1436 1016 1503 1068 Et
1562 1018 1867 1081 patriarcha
1925 1036 1937 1070 :
2000 1018 2053 1070 ΙεΙ
2097 1019 2328 1071 maxime

765 1105 951 1167 velim,
986 1106 1180 1172 inquit.
1222 1108 1308 1160 Sc
1342 1109 1497 1173 legati
1546 1109 1609 1159 ad
1661 1109 2065 1176 imperatorem,
2110 1120 2163 1163 et
2201 1126 2328 1163 eon-

768 1209 984 1246 vcn1um
1020 1205 1373 1257 revertentes,
1404 1199 1521 1266 ejus
1554 1214 1870 1267 responsum
1900 1200 2159 1253 referunt.
2199 1202 2329 1253 I‘cr—

767 1285 916 1337 dicas
958 1301 1083 1339 vero
1131 1289 1224 1345 ait.
1282 1289 1643 1354 patriarcham
1677 1292 2021 1345 anathemate
2062 1293 2208 1345 illum
2250 1293 2329 1345 fe-

770 1380 947 1437 riisse,
982 1379 1071 1441 qui
1114 1394 1169 1429 se
1200 1388 1421 1446 propter
1458 1382 1561 1434 hoc
1582 1393 1801 1449 cogeret
1835 1402 1845 1436 :
1875 1383 2043 1451 858
2069 1385 2196 1450 quid
2229 1400 2330 1436 au-

771 1470 877 1511 tcttt
910 1464 1009 1513 sibi
1047 1464 1175 1514 velit
1197 1476 1408 1533 propter
1436 1468 1543 1525 hoc.
1572 1483 1629 1520 se
1658 1468 1928 1537 ignorare.
1950 1470 2085 1523 Tum
2115 1471 2333 1540 collegae

772 1550 929 1618 legati
964 1551 1250 1619 amrmare,
1282 1557 1416 1608 nihil
1451 1557 1596 1610 aliud
1628 1574 1744 1611 esse
1781 1570 1993 1627 propter
2020 1562 2135 1627 hoc,
2169 1577 2328 1630 quam

770 1645 836 1696 ad
886 1643 1137 1699 Ecclesia:
1172 1650 1536 1715 gubernacula
1583 1651 1784 1715 redire,
1826 1655 1969 1722 qttod
2024 1666 2334 1709 constanter

774 1744 1009 1800 recuset,
1039 1753 1210 1805 eaque
1242 1755 1340 1793 nec
1378 1741 1575 1807 libens,
1622 1760 1724 1798 nec
1754 1755 1973 1800 coactus
2004 1749 2333 1815 repetiturus

775 1827 866 1878 sit.
900 1826 1385 1885 Conscntientibus
1434 1833 1484 1884 iu
1526 1850 1592 1886 eo
1633 1835 1846 1903 legatis,
1892 1837 2189 1906 imperatur
2227 1840 2329 1894 Ec-

2429 652 2535 702 τ·Τ›ν
2577 650 2859 719 πρέσϐεων
2909 652 3145 718 ἐμήνυεν
3188 653 3215 702 ό
3252 651 3502 721 βασιλεὺς
3534 651 3710 720 ὀρθῶς
3745 652 3890 719 ἔχειν
3922 654 3992 701 τὰ

2429 742 2845 811 εἰρημένα,.καὶ
2887 743 2994 793 τῶν
3023 744 3322 811 ἀρχιερέων
3377 745 3633 795 ἁπάντων
3694 744 3996 808 συνεπιψηο

2430 835 2767 902 φισαμένων.
2804 836 3153 904 Ιῐατριάρχης
3197 836 3252 887 δέ
3296 838 3410 888 ἐπεῖ
3453 837 3578 898 τοὺς
3610 836 3874 904 βασιλέως
3906 835 3994 886 λό-

2430 944 2555 994 γους
2588 928 2772 996 ἤκουε,
2808 927 2941 989 πρὸς
2973 928 3099 989 ἔπος
3148 929 3247 995 μὲν
3278 928 3615 995 ἀπεκρίνατο
3653 928 3825 979 οὐδέν·
3855 927 3994 977 ἀ).λά

2431 1020 2569 1071 κατὰ
2621 1018 2713 1070 τοῦ
2779 1020 3128 1086 ἐπιθήσοντος
3177 1020 3323 1089 αὖτῴ
3376 1022 3622 1087 ἀνάγκην
3673 1022 3763 1073 ἐπὶ
3817 1020 3994 1088 τούτῳ

2433 1109 2689 1177 ἐξεφώνει
2748 1112 3026 1177 χωρισμὸν
3060 1112 3164 1162 ἀπὸ
3199 1110 3356 1164 Θεοῦ.
3413 1112 3611 1180 Δανιὴλ
3661 1113 3715 1164 δὲ
3764 1112 3858 1163 τοῦ
3895 1112 3995 1179 τῆς

2434 1203 2591 1253 Λίνου
2627 1203 2729 1268 τὴν
2766 1202 3085 1271 ἱεραρχικὴν
3122 1202 3388 1263 ἰθύνοντος
3414 1203 3587 1271 ἀρχὴν
3611 1203 3999 1270 δυσχεραίνον-

2434 1310 2523 1354 τος
2573 1294 2664 1344 ἐπὶ
2720 1297 2831 1355 τοῖς
2892 1294 3224 1361 εἰρημένοις,
3260 1294 3354 1346 καὶ
3403 1294 3465 1344 τό
3494 1310 3552 1345 τε
3586 1292 3994 1362 προτρέπεσθαι

2434 1383 2779 1451 πιςτριάρχην
2812 1383 2894 1448 ἐφ’
2928 1382 2962 1435 ἃ.
2992 1382 3351 1451 ἐπέμφθησαν
3374 1383 3753 1450 ἀπεγνωκότος
3781 1382 3866 1434 διὰ
3896 1383 3995 1451 τὴν

2436 1475 2878 1540 ἐπιφωνηθείσαν
2914 1474 3249 1543 ἐπιτίμησιν,
3298 1474 3504 1526 δίκαιόν
3539 1492 3594 1525 τε
3627 1472 3904 1542 οἰηθέντος
3946 1474 3993 1523 εί

2439 1562 2564 1630 μήθ’
2595 1562 2734 1612 ἑκὼν
2763 1558 2902 1614 εἶναι
2931 1560 3066 1629 πρὸς
3095 1561 3193 1629 τὴν
3218 1561 3391 1630 ἀρχὴν
3414 1562 3575 1621 αὐτὸς
3601 1561 3825 1630 χωροίη,
3866 1558 3992 1628 μήτ’

2435 1654 2764 1720 ἀναγκάζειν
2796 1653 2960 1705 αὑτὸν
2989 1652 3134 1720 ἐξείη
3172 1653 3383 1721 μηδενὶ,
3420 1652 3607 1718 ἕτερον
3644 1655 3754 1712 τοῖς
3781 1651 3997 1721 θρόνοις

2437 1747 2684 1813 ἐφιστᾷν.
2723 1743 2953 1803 Οὐκοῦν,
2992 1739 3169 1807 εἶπεν,
3205 1744 3355 1795 οὐδὲν
3408 1743 3595 1812 ἓτερον
3646 1743 3739 1795 σοῦ
3772 1742 3999 1795 τοιαῦτα

2442 1835 2858 1903 ἰσχυριζομένου
2901 1834 3173 1895 λείπεται,
3227 1834 3258 1902 ἢ
3312 1834 3655 1902 πατριάρχην
3694 1833 3880 1902 ἕτερον
3913 1833 4003 1883 ἀν-

772 1916 953 1969 clesia:
988 1920 1200 1971 notario
1230 1922 1524 1988 mandavit,
1545 1926 1727 1979 omnia
1758 1926 1958 1981 tabulis
1988 1929 2327 1998 consignare,
2364 1919 2403 1973 Β
2431 1940 2438 1955 ·

2364 1919 2403 1973 Β
2431 1922 2778 1986 τεισάγεσθαι
2805 1924 2868 1988 τῇ
2918 1921 3230 1990 Ἐκκλησία.
3274 1921 3333 1973 Ὀ
3359 1923 3703 1990 πατριάρχης
3758 1923 3837 1984 δὲ,
3888 1924 3999 1975 Καὶ

774 2021 841 2056 ne
877 2022 980 2073 qua
1016 2007 1066 2060 in
1102 2019 1374 2074 posterum
1402 2011 1468 2065 de
1496 2013 1656 2069 dictis
1686 2019 2055 2071 controversia
2090 2034 2339 2074 nascere-

778 2107 883 2159 tur,
918 2098 960 2149 si
992 2097 1055 2151 ad
1092 2100 1350 2154 trutinam
1384 2115 1725 2158 vocarentur.
1762 2106 1889 2160 Post
1927 2108 2024 2161 ista
2066 2110 2337 2178 episcoliis

778 2188 827 2239 in
863 2192 1160 2257 quaestione
1194 2196 1539 2261 ponentibus,
1572 2198 1820 2266 quisnam
1852 2200 1917 2254 ad
1945 2201 2200 2257 Ecclesia:
2232 2204 2341 2257 cla-

780 2294 903 2330 vum
937 2280 1340 2349 admoveretur,
1372 2286 1590 2352 quando
1630 2289 1716 2342 ille
1742 2306 1808 2343 ne
1836 2292 1958 2359 Quis
1986 2296 2127 2361 apud
2153 2308 2211 2347 se
2247 2310 2340 2347 su-

778 2385 874 2436 per
909 2370 1009 2426 hoc
1046 2373 1213 2426 ullmn
1262 2377 1486 2430 veibum
1534 2378 1741 2441 ederet,
1789 2397 1937 2435 saera
1977 2382 2340 2439 deteSIatione

778 2463 1056 2527 vetuisset,
1082 2465 1146 2519 de
1174 2467 1552 2536 epise0porum
1582 2472 1803 2539 quidem
1834 2474 2117 2541 electione,
2143 2477 2215 2529 ait
2238 2478 2338 2529 im-

780 2569 1017 2623 terator,
1054 2562 1351 2627 primorum
1403 2565 1656 2618 Ecclesia)
1693 2569 2100 2636 magistrorum,
2138 2571 2338 2624 Christi

783 2650 885 2701 \idi
906 2650 1034 2704 licet
1058 2652 1471 2721 discipulorum,
1496 2666 1549 2709 et
1572 2658 1662 2725 qui
1689 2674 1876 2711 eorum
1904 2662 2145 2729 vestigiis
2169 2664 2345 2716 inces-

781 2751 991 2805 serunt,
1029 2755 1336 2797 sanctorum
1368 2746 1584 2798 Patrum
1615 2748 1758 2817 leges
1791 2753 2007 2819 (nempe
2036 2763 2091 2805 ut
2116 2769 2343 2822 congre-

780 2833 886 2899 gati
927 2848 1035 2885 uno
1077 2834 1126 2886 in
1184 2835 1301 2887 loco
1331 2837 1620 2906 episeopi,.
1650 2841 1885 2907 Spiritus
1912 2844 2082 2895 sancti
2117 2847 2344 2912 gratiam

781 2924 848 2975 de.
910 2926 1050 2977 eatlo
1129 2926 1435 2994 implor-nt,
1512 2931 1801 2999 multisque
1876 2935 2125 3000 precibus
2180 2937 2345 2989 Deum

783 3016 1105 3082 suppliciter
1135 3020 1453 3085 propitiem.
1490 3031 1547 3074 ut
1573 3022 1653 3074 eis
1676 3024 1940 3089 designet,
1973 3028 2064 3094 qui
2100 3038 2263 3090 recte,
2296 3040 2348 3082 et

781 3107 948 3175 juste,
981 3115 1035 3159 et
1070 3124 1132 3160 ex
1166 3110 1284 3176 ejus
1314 3110 1652 3181 beneplaeito
1684 3116 1914 3169 maxime
1952 3117 2135 3171 fideles
2166 3120 2350 3174 Eccle-

2441 2015 2674 2082 μάλιστα
2697 2013 3008 2084 βουλοίμην,
3038 2009 3212 2067 εἶπεν.
3232 2013 3353 2066 Ἐπὶ
3373 2013 3578 2073 τούτοις
3598 2014 3654 2065 δέ
3673 2014 3720 2065 oi
3744 2014 4001 2080 πρέσϐεις

2441 2107 2573 2175 πρὸς
2601 2105 2840 2174 βασιλέα,
2870 2106 2962 2157 καὶ
2980 2105 3075 2173 τὴν
3094 2104 3310 2155 σύνοδον
3335 2106 3793 2175 ἀναστρέψαντες,
3822 2107 4001 2173 armis,

2440 2196 2627 2263 γελλον
2646 2198 2743 2248 ὅσα
2764 2196 3106 2264 πατριάρχης
3131 2195 3453 2262 ἀποκριθείη
3483 2198 3616 2264 πρὸς
3636 2198 3760 2257 τοὺς
3780 2196 3869 2262 λόγ
3884 2214 3997 2257 ους.

2441 2287 2710 2356 ΙΙερδίκας
2735 2287 2811 2350 δέ,
2837 2286 2943 2337 τῶν
2971 2286 3253 2353 πρέσϐεων
3276 2281 3375 2347 εἷς,
3401 2288 3488 2338 τὸν
3520 2287 3824 2356 ἀφορισμδν
3852 2284 4003 2339 εἶπεν

2442 2379 2891 2445 ἐκπεφωνηκέναι
2939 2379 3028 2430 τὸν
3058 2378 3404 2446 πατριάρχην
3428 2379 3566 2430 κατά
3597 2381 3685 2430 τοῦ
3717 2379 4005 2447 ἐπιθήσον-

2443 2488 2531 2532 τος
2569 2468 2715 2537 αὐτῷ
2747 2469 2988 2536 ανάγκην
3019 2470 3111 2521 ἐπὶ
3138 2471 3337 2538 τούτῳο
3373 2470 3590 2535 ἀγνοεῖν
3626 2471 3681 2521 δέ
3714 2472 3740 2522 ὂ
3788 2489 3840 2523 τι
3876 2471 4001 2540 βού-

2444 2560 2588 2612 λοιτο
2623 2560 2769 2628 αὐτῷ
2805 2560 2863 2611 τὸ
2893 2561 2985 2611 ἐπὶ
3011 2559 3203 2628 τούῖῳ.
3236 2562 3298 2610 Οἱ
3331 2560 3703 2630 συμπρέσϐεις
3748 2564 3801 2615 δὲ
3848 2565 4004 2617 οὐδὲν

2445 2650 2629 2718 ἕτερον
2665 2650 2949 2718 βούλεσθαι
3005 2651 3341 2718 ἰσχυρίζοντο
3387 2650 3448 2703 τὸ
3488 2652 3580 2703 ἐπὶ
3621 2652 3794 2722 τούτῳ
3838 2651 4003 2718 εἶναι,

2444 2744 2477 2811 ἢ
2534 2743 2710 2793 ἐλθεῖν
2745 2738 2901 2803 αὖθις
2953 2743 3043 2793 ἐπὶ
3074 2745 3169 2809 τὴν
3199 2743 3373 2811 ἀρχὴν
3403 2745 3499 2810 τῆς
3549 2743 3898 2812 Ἐκκλησίας,
3932 2746 4007 2807 ῶς

2450 2834 2682 2904 βεϐαίως
2715 2834 2883 2900 αὐτὴν
2909 2835 3308 2902 ἀπειπαμένου,
3339 2836 3431 2886 καὶ
3465 2836 3588 2901 μήθ’
3615 2838 3808 2889 ἑκόντα
3866 2836 4009 2891 εἶναι

2453 2930 2585 2994 μήτε
2618 2924 2903 2994 βιασθὲντα
2930 2924 3158 2992 βουλησό
3173 2944 3331 2991 μενον
3363 2922 3516 2987 αὖθις
3549 2928 3849 2996 ἐπανήκειν
3872 2928 4009 2997 πρὸς

2450 3019 2641 3086 αὐτήν.
2678 3018 2740 3070 Οἱ
2775 3018 2872 3085 μὲν
2918 3012 3012 3069 οὖν
3049 3017 3572 3085 πρέσόεις,τοιαῦτα
3622 3019 4007 3088 διενεχθέντες,

2454 3111 2756 3177 συνέϐησαν
2814 3106 2970 3172 αὖθις
3013 3110 3148 3175 προς
3197 3110 3481 3177 ἀλλήλους,
3531 3110 3625 3161 καὶ
3680 3111 3705 3161 ό
3757 3111 4010 3180 βασιλεὺς

784 3195 877 3247 sia:
909 3196 1240 3261 moderetur,
1265 3216 1360 3267 pro
1391 3218 1492 3268 qua
1519 3202 1631 3268 ipse
1664 3213 1909 3257 nostrum
1936 3206 2127 3259 similis
2149 3207 2343 3273 l'aclus',
2374 3249 2414 3304 Ο

2340 3249 2414 3304 ,0
2455 3203 2673 3254 ἐκέλευε
2706 3202 2795 3254 τὸν
2826 3203 2923 3270 τῆς
2966 3200 3294 3268 Ἐκκλησίας
3347 3202 3785 3271 ὑπογραμματέα
3823 3203 4006 3255 πάντα

2540 3294 2550 3304 .
2757 3293 2779 3304 -
2937 3295 2948 3304 ,
3117 3287 3142 3304 τ
3290 3295 3300 3304 .
3398 3293 3409 3304 .
3487 3294 3499 3304 .
3638 3294 3648 3304 .
3781 3292 3805 3304 ..

785 3296 839 3337 et
896 3286 1187 3340 humanam
1231 3290 1650 3347 imbecillitatem
1715 3296 1960 3359 indutus,
2022 3300 2340 3365 sanguinem

785 3392 941 3430 suum
976 3379 1131 3436 fudit.
1155 3393 1319 3449 atque
1349 3384 1417 3435 ita
1445 3398 1606 3451 quem
1637 3387 1746 3451 ipse
1778 3388 2119 3450 revelaverit,
2140 3390 2341 3457 legant,

789 3468 1067 3535 tribusque
1095 3474 1406 3539 propositis,
1435 3476 1525 3543 qui
1553 3477 1603 3530 in
1637 3479 1826 3545 primis
1856 3478 2001 3548 digiti
2037 3481 2343 3546 vidcantur,

790 3560 1101 3627 im,eratori
1150 3564 1310 3617 unius
1338 3566 1661 3621 electionem
1708 3571 2035 3633 concedant,
2075 3588 2345 3641 quemque

790 3652 903 3717 ipse
932 3653 1175 3721 elegerit,
1217 3658 1358 3709 hunc
1394 3656 1647 3712 Ecclesia:
1695 3670 1967 3727 pastorem
1998 3664 2205 3731 creent)
2248 3679 2350 3718 nec

790 3745 901 3810 ipse
941 3742 1205 3799 hactenus
1235 3748 1459 3813 nescivi,
1485 3759 1533 3801 et
1563 3752 1761 3817 cuique
1792 3763 2027 3812 testrnm
2069 3771 2195 3809 reor
2230 3770 2349 3811 esse

791 3836 1310 3901 perspectissimum.
1346 3838 1809 3902 Quemadmodum
1856 3859 1985 3897 vero
2025 3845 2077 3896 in
2124 3846 2350 3913 reliquis

792 3926 1027 3991 tecoatis
1057 3936 1198 3979 amat
1226 3931 1562 3999 Contingere,
1602 3941 1659 3982 ut
1700 3934 1948 4000 quamvis
1986 3934 2082 3988 nos
2128 3950 2352 4003 peccare

795 4033 899 4068 non
933 4020 1263 4081 nescianms,
1299 4031 1476 4074 tamen
1506 4022 1700 4074 vitiosa
1741 4024 1888 4077 ducti
1932 4025 2351 4088 consuetudine.

793 4117 884 4160 aut
918 4108 1286 4163 blattdimeuto
1316 4113 1608 4178 voluptatis
1636 4114 1871 4181 decepti,
1908 4126 2100 4179 sponte
2134 4118 2184 4169 in
2217 4118 2353 4170 mala

796 4201 1216 4269 pra-cipitemus,
1262 4213 1317 4255 et
1352 4202 1729 4258 aﬂecliontibus
1785 4206 2059 4262 illaudatis
2090 4226 2189 4263 nos
2226 4210 2355 4263 sub—

792 4290 1043 4355 jiciamus
1076 4308 1088 4343 :
1119 4292 1197 4345 sic
1228 4293 1387 4345 etiam
1442 4294 1494 4346 in
1526 4295 1793 4363 episcotlis
1844 4298 2105 4366 eligendis
2141 4315 2239 4353 usu
2267 4316 2355 4352 ve-

799 4380 893 4430 nit.
943 4378 1077 4431 Cum
1127 4396 1361 4448 namque
1400 4384 1655 4448 St'itunus,
1698 4388 1849 4440 nefas
1880 4404 2020 4450 esse,
2070 4404 2169 4442 nos
2205 4390 2357 4458 prius

796 4470 934 4536 apud
980 4472 1219 4525 animum
1252 4473 1567 4532 decernere.
1602 4479 1686 4529 cui
1724 4480 1954 4532 velimus
1983 4480 2235 4533 Ecclesia:
2270 4499 2353 4533 ra-

800 4562 972 4615 tiones
998 4566 1358 4629 committere,
1395 4577 1577 4633 postea
1607 4580 1868 4635 nugantes
1885 4582 2089 4638 aperte,
2111 4583 2164 4625 et
2189 4574 2353 4624 lleuut

800 4654 1108 4718 irridentes,
1148 4655 1329 4709 sinere
1365 4674 1459 4709 vos
1492 4675 1779 4727 supernam
1822 4662 2073 4714 inx‘oi'are
2111 4664 2355 4730 gratiam,

798 4757 855 4797 et
900 4762 1023 4798 eum
1072 4762 1170 4799 nos
1199 4748 1402 4817 legere,
1445 4766 1603 4816 quem
1654 4752 1824 4817 ipsum
1874 4753 2043 4804 multo
2093 4764 2218 4805 ante
2254 4769 2359 4805 non

802 4836 981 4889 verbis
1013 4845 1241 4900 tantum,
1275 4840 1364 4891 sed
1400 4857 1561 4906 opere
1608 4843 1724 4907 ipso
1773 4841 1993 4909 insuper
2036 4842 2360 4909 legeramus,

804 4927 1159 4983 nihilominus
1191 4929 1351 4990 male.
1401 4940 1455 4981 et
1486 4931 1651 4983 stulte
1699 4931 1937 4985 audaces
1976 4948 2184 4992 sumus,
2218 4932 2361 4999 quod

804 5033 909 5069 non
950 5018 1123 5069 solum
1173 5035 1200 5072 a
1234 5035 1318 5072 me
1357 5020 1557 5072 factum
1594 5031 1674 5075 est
1719 5023 1940 5089 Stepius,
2001 5022 2096 5077 sed
2130 5033 2185 5075 et
2212 5038 2240 5075 a
2272 5038 2365 5075 su-

806 5104 1112 5171 perioribus
1141 5105 1506 5160 Romanarum
1543 5110 1985 5175 imperatoribus.
2019 5110 2061 5162 si
2104 5126 2209 5161 non
2251 5126 2369 5161 om-

804 5198 983 5252 nibus.
1018 5207 1073 5249 at
1100 5207 1247 5251 certe
1282 5198 1547 5265 pluribus.
1578 5200 1775 5253 Verum
1804 5200 1870 5252 de
1906 5200 2011 5252 illis
2048 5199 2118 5253 ob
2149 5200 2366 5267 majori-

808 5291 906 5339 bus
949 5288 1185 5341 debitam
1232 5294 1591 5342 reverentiam
1635 5291 1765 5343 nihil
1818 5291 2099 5344 sinistrum
2142 5292 2366 5357 loquar;

811 5395 894 5431 me
925 5374 1104 5432 autem
1149 5394 1177 5431 a
1214 5383 1532 5449 memetipso
1561 5382 1711 5450 quasi
1744 5382 1997 5435 omnibus
2027 5382 2250 5435 calculis
2284 5380 2370 5434 iu-

804 5471 981 5540 jttl‘i.e,
1011 5482 1063 5524 et
1088 5473 1393 5540 iniquitatis
1417 5491 1542 5541 erga
1579 5476 1741 5528 Deum
1776 5476 2025 5528 convinci
2069 5475 2173 5527 aio.
2200 5473 2371 5541 859

814 5564 880 5615 lit
907 5564 1032 5629 quia
1060 5565 1248 5618 vitium
1274 5583 1452 5620 meum
1482 5568 1694 5635 agnovi,
1730 5582 1923 5631 meth
1950 5568 2061 5633 ipse
2095 5565 2371 5629 dammivi,

812 5660 1063 5717 superest
1112 5653 1213 5705 hoc
1260 5670 1448 5716 unum,
1492 5657 1704 5719 opiimr,
1759 5655 1923 5705 Deum
1974 5655 2043 5704 ob
2091 5653 2374 5705 tommissa

816 5740 1048 5805 placare,
1080 5753 1144 5792 ac
1176 5739 1243 5793 de
1282 5755 1473 5795 οίυιειοο
1503 5758 1695 5797 cavere
1725 5741 2160 5803 diligentissime,
2210 5756 2275 5791 ue
2324 5740 2373 5790 in

811 5828 1003 5884 eadem
1032 5832 1171 5887 mala
1218 5832 1513 5901 incurram,
1548 5835 1648 5888 nisi
1695 5830 1884 5886 morbo
1915 5843 2177 5900 wgrot'sre
2215 5831 2373 5883 velim

2451 3294 2703 3363 γράφειν,
2757 3293 2844 3345 ἵνα
2884 3295 2955 3361 μή
2994 3310 3075 3351 τις
3184 3295 3311 3360 περὶ
3353 3293 3421 3343 τὰ
3456 3294 3722 3360 εἰρημένα
3781 3292 4011 3362 ὕστερον

2448 3384 2771 3451 ἀμφιϐολία,
2807 3385 2859 3438 εί
2880 3400 3007 3435 ποτε
3040 3384 3255 3452 δεηθείη
3294 3383 3611 3446 ἐξετάσεως.
3666 3385 3819 3437 Μετὰ
3854 3386 4011 3438 τοῦτο

2445 3478 2499 3529 δὲ
2529 3479 2634 3528 τῶν
2671 3477 2971 3546 ἀρχιερέων
3019 3477 3113 3527 ἐπὶ
3164 3476 3222 3527 τὸ
3255 3476 3376 3528 τίνα
3407 3476 3511 3544 χρὴ
3542 3478 3637 3543 τῆς
3684 3477 4011 3548 Ἐκκλησίας

2446 3568 2804 3636 τραπομένων
2864 3568 3145 3635 προϊστᾷν,
3202 3562 3290 3618 οἷα
3347 3566 3411 3634 δὴ
3460 3567 3554 3619 τοῦ
3610 3569 4013 3637 καθεστηκότος

2450 3658 2695 3727 φανερῶς
2729 3656 3133 3725 ἀπειπαμένου,
3171 3659 3265 3708 καὶ
3311 3657 3555 3726 ἀνάγκην
3587 3658 4010 3724 ἐπιτεθεικότος,

2449 3748 2589 3799 ὥστε
2615 3746 2868 3815 περὶτῶν
2891 3749 3024 3798 ῐσων
3048 3746 3207 3813 λόγον
3232 3748 3403 3798 κινεῖν
3438 3747 3640 3811 μηδένα
3665 3750 3799 3813 πρὸς
3823 3751 4010 3802 αὐτόν.

2451 3835 2587 3896 Τοὺς
2607 3833 2704 3901 μέν
2729 3834 2854 3901 περὶ
2884 3835 2981 3900 τὴν
3013 3833 3124 3885 τῶν
3157 3834 3483 3902 ἀρχιερέων,
3506 3829 3656 3884 εἶπεν
3684 3836 3711 3885 ό
3742 3834 4013 3901 βασιλεὺς,

2449 3923 2707 3991 ἐπιλογὴν
2755 3925 2904 3991 παρά
2945 3939 3003 3975 τε
3038 3923 3145 3973 τῶν
3195 3923 3426 3984 πρώτων
3456 3925 3553 3991 τῆς
3589 3923 3913 3991 Ἑκκλησίας
3935 3927 4017 3978 δι-

2451 4014 2734 4066 δασκάλων
2764 4014 2870 4063 τῶν
2901 4014 3137 4079 Χριστοῦ
3164 4014 3444 4082 μαθητῶν,
3476 4015 3570 4066 καὶ
3601 4015 3707 4067 τῶν
3729 4018 4017 4083 κατ’ίγνος

2453 4105 2680 4167 ἐκείνοις
2714 4105 2995 4173 ἑπομένων
3018 4104 3174 4156 θείων
3209 4106 3428 4173 πατρῶν
3476 4106 3766 4169 κειμένους
3814 4108 4015 4174 νόμους

2458 4199 2554 4264 (ὡς
2584 4199 2687 4265 χρὴ
2715 4197 2840 4255 τοὺς
2876 4196 3213 4256 ἐπισκόπους
3255 4196 3312 4246 ἐν
3337 4195 3515 4261 ταυτῷ
3550 4195 3896 4261 γενομένους,
3927 4197 4021 4248 καὶ

2454 4292 2551 4358 τὴν
2581 4293 2673 4343 τοῦ
2702 4289 3015 4355 Πνεύματος
3050 4286 3209 4356 χάριν
3259 4287 3465 4340 ἄνωθεν
3495 4285 4018 4353 ἐπικαλεσαμένους,

2461 4381 2597 4445 μετὰ
2648 4380 2708 4431 τὸ
2760 4379 2978 4438 πολλαῖς
3030 4378 3295 4445 πρότερον
3366 4378 3575 4445 εὐχαῖς,
3631 4376 3728 4428 καὶ
3788 4377 4022 4437 ἱκεσίαις

2458 4466 2803 4532 ἐξιλάσασθαι
2829 4466 2979 4525 Θεὸν,
3010 4463 3149 4516 ὥστε
3192 4464 3424 4532 φανερὶν
3464 4465 3645 4521 αὐτοῖς
3675 4463 3904 4531 ποιῆσαι
3933 4465 4025 4514 τὸν

2395 4581 2432 4631 ι)
2458 4561 2631 4628 ὀρθῶς
2664 4561 2754 4610 καὶ
2788 4558 3028 4619 δικαίως,
3062 4556 3155 4607 καὶ
3178 4556 3249 4615 ῶς
3281 4556 3514 4620 μάλιστα
3545 4554 3662 4623 θεῷ
3689 4556 4025 4623 κεχαρισμέ-

2463 4666 2566 4705 νως
2592 4648 3025 4715 προστησόμενον
3048 4644 3145 4709 τῆς
3164 4643 3487 4711 Ἐκκλησίας
3509 4642 3617 4694 τῶν
3640 4643 3870 4706 πιστῶν,
3886 4644 4026 4711 ὑπὲρ

2462 4734 2527 4807 ἦς
2558 4738 2714 4797 αὐτὸς
2748 4736 2930 4801 ἐξέχεε
2961 4734 3019 4785 τὸ
3068 4728 3207 4801 αἷμα
3237 4733 3528 4800 γενόμενος
3558 4734 3693 4800 ὅπερ
3725 4734 3907 4801 ἡμεῖς,
3936 4734 4028 4784 καὶ

2465 4832 2560 4896 τὴν
2596 4828 2941 4895 ἀνθρωπίνην
2973 4825 3258 4877 ἀσθένειαν
3284 4826 3666 4893 ἐνδεδυμένος,
3697 4823 3873 4886 οὕτως
3913 4827 4029 4877 ἐπι-

2465 4920 2796 4991 ψηφίζεσθαι
2817 4919 2875 4970 ὃν
2910 4918 2974 4970 ἂν
2997 4917 3155 4978 αὐτὸς
3184 4916 3567 4986 ἀποκαλύπτῃ’
3598 4917 4032 4984 περιστήσαντας

2467 5011 2521 5060 δέ
2558 5011 2615 5059 ἐν
2668 5006 2816 5075 τρισὶ
2872 5008 2981 5066 τοῖς
3039 5004 3271 5072 μάλιστα
3311 5003 3559 5055 δοκοῦσιν
3612 5002 3885 5071 ἀξιόχρεω
3935 5004 4032 5072 τὴν

2480 5102 2736 5167 Ἐίᾲῆφοη
2763 5097 2934 5156 οὕτως
2965 5096 3249 5164 πιτρέπειν
3287 5094 3497 5163 βασιλεί
3524 5096 3623 5163 τὴν
3645 5094 3860 5161 αἰρεσιν
3878 5095 4000 5157 ἑνός
4019 5111 4033 5125 ·

2470 5189 2527 5241 ὃν
2559 5189 2604 5239 δ’
2628 5188 2691 5239 ἂν
2719 5187 2877 5243 αὐτὸς
2910 5185 3104 5245 ἐλοιτο,
3131 5181 3323 5235 τοῦτον
3350 5182 3771 5235 ἀποδείκνυσθαι
3797 5184 4040 5249 προστά·

2471 5298 2568 5346 την
2604 5280 2699 5348 τῆς
2732 5275 3076 5345 Ἐκκλησίαςδ
3102 5273 3217 5326 οὔθ’
3257 5274 3420 5335 αὐτὸς
3470 5274 3700 5342 ἠγνόουν
3732 5272 3865 5342 ἄχρι
3907 5272 4038 5336 νῦν,

2472 5371 2582 5424 οὔτ’
2619 5371 2771 5439 ὑμῶν
2796 5369 2980 5436 οἴομαι
3014 5368 3203 5419 οὐδένα
3231 5367 3307 5435 μὴ
3339 5365 3651 5434 σαφέστατα
3679 5366 3883 5417 εἰδέναι
3908 5383 3921 5395 -
3954 5360 4042 5419 οἷα

2474 5466 2525 5515 δέ
2574 5464 2667 5515 καὶ
2720 5463 2811 5514 ἐπὶ
2862 5460 2972 5511 τῶν
3015 5459 3215 5510 λοιπῶν
3251 5459 3668 5526 ἁμαρτημάτων
3725 5457 3873 5524 φιλεῖ
3910 5475 4044 5525 συμ-

2476 5555 2704 5613 ϐαίνειν,
2746 5554 2826 5604 ὅτι
2856 5553 3039 5601 καίτοι
3073 5551 3146 5618 μὴ
3172 5548 3493 5615 ἀγνοοῦντες
3517 5550 3597 5600 ὅτι
3626 5549 4041 5617 ἁμαρτάνομεν,

2478 5649 2624 5712 ὅμως
2657 5646 2758 5696 ὑπο
2792 5646 3033 5712 πονηρᾶς
3068 5644 3326 5710 ἀγόμενοι
3377 5640 3684 5709 συνηθείας,
3725 5641 3757 5709 ἦ
3800 5640 3877 5709 τῷ
3917 5642 4043 5709 λείῳ

2480 5740 2575 5805 τῆς
2628 5737 2819 5804 ἡδονῆς
2869 5733 3284 5802 ἐξαπατώμενοι
3329 5732 3731 5800 περιπίπτομεν
3780 5734 4046 5794 ἑκουσίως

2482 5832 2590 5891 τοῖς
2616 5828 2827 5887 κακοῖς,
2862 5827 3086 5886 καὶτοῖς
3114 5825 3339 5893 φαύλοις
3376 5823 3575 5875 πάθεσι
3604 5820 4047 5889 καταδουλοῦμεν
