4218 6446
133 453 236 514 9S!)

1292 447 1339 501 ll
1358 437 1830 498 iS’i‘ORl.\RUM
1870 433 2102 492 LIBER
2142 433 2241 490 1V.

3269 429 3375 492 290

138 574 308 635 θησαν
353 567 763 639 περιγενέσθαι.
813 565 905 616 καὶ
949 564 1085 632 πρὸς
1130 561 1227 622 τὰς
1272 559 1351 610 ἔτι
1404 555 1715 624 σωζομένας
1746 563 1789 617 Α

1707 570 1715 616 ;
1746 563 1789 617 Α
1823 550 2128 603 ritimarum
2148 546 2394 600 Thraciae
2427 544 2639 599 urbium
2662 560 2690 598 a
2714 543 2959 599 Barbaris
2987 555 3373 615 occupatarum

136 660 324 720 πόλεις
366 658 733 722 καταφυγεῖν,
769 655 967 710 πάντες
1014 652 1118 702 ὑπῦ
1151 651 1261 701 τῶν
1300 647 1585 715 βαρϐαρων
1618 646 1713 713 ὴν-

137 748 582 815 δραποδὶσθησαν
614 744 967 796 ἐπελθόντων.
999 742 1087 803 Ὠς
1118 746 1225 807 γὰρ
1255 737 1483 806 ᾔσθοντο
1512 737 1710 786 ἐκεῖνοι

138 843 204 891 τὰ
245 843 406 906 τε’χη
447 839 553 889 τῶν
599 838 804 888 πόλεων
846 833 1232 903 καθῃρημένα,
1277 828 1716 886 ὑποπτεύσαντες

141 932 277 999 ὅπερ
308 926 399 1000 ἦν,
428 930 551 998 ῶςῆ
581 928 933 997 κρατήσουσι,
970 923 1298 993 φευγόντων.
1328 920 1361 988 ἢ
1395 920 1495 971 τῶν
1523 916 1718 985 τειχῶν

141 1023 579 1093 καθῃρημένου,
619 1022 682 1072 ἂν
720 1021 920 1087 μένωσι
965 1016 1446 1085 περιγενήσονται,
1485 1010 1600 1078 ἅμα
1644 1009 1719 1076 ἕῳ

143 1114 631 1180 ἐπεστράτευσαν,
683 1114 775 1163 καὶ
825 1110 930 1161 τῶν
980 1126 1038 1160 τε
1095 1106 1396 1174 ἀνθρώπων
1449 1104 1721 1171 ἐκρατουν

146 1206 486 1269 φευγόντων,
526 1204 617 1253 καὶ
653 1202 749 1259 τὰς
784 1200 964 1260 πόλεις
1000 1198 1215 1259 ἁπάσας
1254 1196 1578 1261 ἐποιήσαντο
1614 1190 1719 1242 ὑπὸ

148 1296 363 1363 ego-aps}
430 1292 821 1352 Καλλιούπολις
857 1292 934 1354 δὲ,
985 1291 1090 1341 τῶν
1122 1289 1225 1341 ὑπὸ
1270 1290 1381 1348 τοῖς
1430 1284 1719 1352 βαρϐάροις

148 1386 459 1449 γενομένων
504 1382 785 1449 παραλίων
835 1382 973 1432 κατά
1023 1382 1121 1449 τὴν
1166 1379 1388 1447 θρᾲκην
1438 1376 1644 1427 πόλεων
1689 1374 1721 1441 ἡ

149 1474 627 1541 περιφανεστέρα,
668 1472 921 1524 πέπτωκε
970 1471 1067 1537 μὲν
1102 1470 1195 1520 καὶ
1237 1467 1375 1535 αὑτὴ
1408 1466 1515 1519 τῶν
1549 1466 1724 1519 ἄλλων

152 1565 361 1631 μᾶλλον
388 1578 402 1593 ’
434 1566 460 1615 ὀ
491 1565 659 1632 δῆμος
688 1565 742 1615 δὲ
774 1564 917 1623 ἄπας
945 1561 1176 1628 διεσώθη
1210 1563 1263 1612 ἐν
1288 1563 1402 1620 τοῖς
1434 1559 1661 1618 πλοίοις,
1689 1553 1725 1607 ἃ.

147 1646 294 1718 ἦσαν
325 1651 443 1700 ἐκεῖ
474 1649 663 1701 πολλὰ.
698 1650 917 1712 Συμὸἀν
946 1647 1003 1699 δὲ
1034 1646 1175 1697 οὕτω
1208 1648 1296 1698 καὶ
1332 1651 1393 1697 ἐκ
1431 1642 1724 1706 Βυζαντίου

150 1741 247 1788 ἐπὶ
291 1740 695 1808 Πελοπύννησον
734 1738 970 1789 πλέουσα
1011 1741 1262 1809 τριήρης,
1306 1738 1370 1804 ἢν
1409 1735 1655 1802 ἐπεμψεν
1698 1733 1727 1783 ὁ

154 1829 434 1898 βασιλεὺς,
475 1828 733 1896 Μανουὴλ
774 1816 1017 1899 δεσπότη
1044 1828 1128 1898 τῷ
1160 1830 1259 1897 υἱῷ
1300 1827 1572 1896 ὠρμίζετο
1612 1826 1729 1879 ἐκεῖ

1816 641 2205 703 illustrissima,
2244 638 2360 705 ipsa
2395 651 2611 706 quoque
2643 640 2811 706 magis
2838 653 2999 707 quam
3021 648 3227 694 caetera:
3254 655 3379 709 pro—

1816 734 2033 797 cubuit,
2086 731 2318 801 populus
2379 730 2557 783 omnis
2613 730 2665 783 in
2729 729 2974 799 navigiis.
3030 746 3151 800 qua:
3210 735 3377 788 nulla

1820 824 1930 877 illic
1960 833 2139 887 erant,
2195 831 2446 876 servatus
2474 829 2577 874 est.
2626 821 2787 875 Forte
2840 821 3099 891 Byzantio
3134 821 3188 875 in
3226 823 3380 877 Pelo-

1820 927 2121 981 ponnesum
2158 912 2428 980 trajieicns
2459 910 2724 973 triremis,
2755 927 2914 980 quam
2958 906 3254 980 impei'ator
3285 914 3381 968 de-

1818 1013 1988 1072 spota:
2013 1002 2121 1055 filio
2151 1002 2418 1061 mittebat,
2450 1010 2611 1055 noctu
2646 1002 2719 1054 ibi
2745 1004 3001 1057 constitit.
3031 1002 3165 1058 Cum
3197 1015 3377 1059 autem

1821 1095 2104 1149 calamitas
2137 1102 2244 1146 tam
2288 1094 2616 1146 miserabilis
2668 1092 2970 1155 incidisset,
3015 1110 3247 1149 cernens
3288 1112 3384 1149 na-

1822 1184 2061 1236 varchns
2090 1184 2224 1235 adeo
2252 1183 2451 1235 multos
2476 1183 2808 1244 interituros,
2835 1182 2898 1234 ad
2926 1182 3073 1236 littus
3101 1169 3376 1238 triremem

1823 1273 2080 1333 advertit,
2117 1273 2494 1339 susceptisque
2517 1283 2788 1341 quotquot
2817 1273 3086 1339 capiebat,
3117 1275 3381 1340 prOpOSiti

1823 1380 2067 1427 securus,
2127 1362 2446 1431 Byzantium
2504 1377 2721 1416 cursum
2784 1362 3015 1418 reﬂexit.
3072 1363 3386 1417 Sulimanus

1822 1456 2092 1510 Orchauis
2125 1455 2270 1508 filius
2298 1454 2454 1522 Pegis
2483 1454 2615 1506 urbe
2649 1463 2797 1508 trans
2833 1454 3237 1522 Hellespontum
3274 1471 3389 1507 nn-

1825 1530 1983 1607 nens,
2015 1546 2333 1614 utraceepit,
2369 1545 2513 1613 quod
2544 1547 2596 1598 in
2624 1545 2853 1598 Thracia
2884 1547 3175 1609 acciderat,
3202 1556 3388 1615 spreto

1824 1637 1971 1706 quod
2034 1637 2101 1690 de
2162 1636 2398 1705 'fzympe
2468 1636 2809 1690 restituenda
2874 1652 2999 1690 cum
3056 1638 3389 1706 imperatore

1826 1737 2044 1797 pactum
2076 1726 2297 1789 fecerat,
2335 1727 2386 1779 in
2425 1727 2715 1779 Thraciam
2757 1727 3012 1797 navigare
3053 1729 3390 1797 pr0peravit,

1830 1818 2125 1885 multisque
2154 1832 2379 1871 suorum
2416 1818 2617 1870 civium
2649 1834 2772 1871 eum
2819 1821 3084 1875 uxoribus
3113 1830 3168 1875 et
3205 1822 3393 1876 liberis

151 1919 253 1984 τὴν
287 1917 478 1969 νύκτα.
513 1917 811 1987 Γενομένης
844 1919 897 1968 δὲ
932 1919 1144 1984 ἐκείνης
1177 1918 1276 1983 τῆς
1314 1916 1554 1985 μεγάλης
1590 1932 1725 1985 συμ-
1757 1888 1797 1941 Β

1757 1888 1797 1941 Β
1830 1910 2092 1978 trajectis,
2127 1909 2372 1963 colonias
2404 1909 2649 1973 deduxit,
2684 1925 2876 1963 eversa
2911 1912 3264 1966 reaediﬂcms.
3286 1913 3390 1967 Sed

154 2008 357 2073 φορᾶς,
387 2006 532 2073 ὁρῶν
560 2007 587 2056 ὀ
619 2006 886 2076 ναύαρχος
915 2006 1201 2065 τοσούτους
1239 2006 1525 2072 μέλλοντας
1557 2005 1721 2057 ἀπόλι

155 2098 375 2157 λυσθαι,
410 2098 677 2165 προσέσχε
708 2113 766 2147 τε
797 2099 861 2165 τῇ
894 2099 985 2164 γῇ,
1020 2097 1110 2146 καὶ
1144 2096 1535 2164 ἀναλαμὸάνων
1566 2097 1727 2156 ὅσους

153 2185 224 2257 ἦν
267 2188 623 2257 ὑποδέχεσθαι
661 2188 695 2256 ἠ
736 2190 964 2255 τριήρης
1008 2188 1225 2256 δυνατὴ,
1274 2188 1603 2256 ἀνέστρεφεν
1648 2188 1728 2247 είς

161 2280 455 2342 Βυζάντιον
488 2278 596 2330 τῶν
631 2280 1005 2346 προκειμένων
1040 2279 1338 2346 ἀμελήσας.
1374 2278 1642 2345 Σουλιμάν
1674 2276 1729 2328 δὲ

155 2375 183 2423 ὁ
210 2370 307 2421 τοῦ
339 2369 575 2437 Ὀρχάνη
606 2371 758 2432 παῖς,
789 2370 909 2421 ἐπεὶ
936 2368 1138 2419 πύθετο
1164 2369 1228 2419 τά
1259 2369 1397 2418 κατὰ
1424 2368 1646 2437 θρᾲκην
1672 2371 1729 2420 ἐν

162 2462 377 2528 Πηγαῖς
432 2462 499 2527 τῇ
560 2460 698 2512 κατά
754 2460 853 2528 τὴν
910 2460 1144 2528 περαίαν
1201 2458 1295 2510 τοῦ
1331 2459 1727 2529 Ἑλλησπόντου

160 2552 317 2602 πόλει
356 2549 678 2618 διατρίϐων,
716 2550 811 2612 τὰς
848 2548 984 2618 πρὸς
1020 2549 1244 2617 βασιλέα
1281 2550 1555 2619 συνθήκας
1589 2567 1731 2616 παρ-

164 2643 315 2703 ιδὼν,
346 2642 412 2704 ἃς
446 2642 597 2695 ἔθετο
630 2644 721 2694 ἐπὶ
755 2641 832 2709 τῷ
868 2641 1137 2710 Τζύμπην
1171 2643 1497 2705 ἀποδιδόναι,
1532 2642 1732 2711 σπουδῇ

162 2736 335 2803 πολλῇ
389 2735 708 2803 ἐπεραιοῦτο
758 2735 894 2804 πρὸς
939 2736 1036 2801 τὴν
1060 2735 1321 2804 δΘρᾴκην,
1369 2736 1461 2785 καὶ
1509 2733 1735 2794 πολλοὺς

162 2824 271 2873 τῶν
307 2822 594 2889 ὁμοφύλων
625 2821 939 2882 διαϐιϐάσας
974 2821 1091 2889 ἅμα
1124 2821 1339 2887 γυναιξὶ
1376 2820 1468 2872 καὶ
1502 2818 1734 2883 τέκνοις,

165 2912 440 2980 κατῴκιζε
480 2912 575 2973 τὰς
620 2912 800 2974 πόλεις
823 2951 836 2973 ,
874 2911 939 2963 τὰ
983 2910 1435 2979 καταϐεϐλημένα
1472 2909 1734 2979 ἀνορθῶν.

167 3002 567 3072 Τὴν-πλείστην
585 3002 641 3054 δὲ
670 3002 980 3067 ἐπεδείξατο
1007 2999 1134 3070 περϊ
1159 2999 1391 3053 Καλλιού
1403 3000 1551 3052 πολιν
1576 3016 1738 3051 σπου-

168 3093 285 3161 δήν.
317 3093 401 3145 Τά
428 3111 488 3145 τε
517 3094 623 3161 γάρ
652 3095 805 3162 τείχη
832 3092 1035 3146 ἀνωθεν
1064 3091 1420 3153 ἐπεσκεύασε,
1450 3092 1541 3143 καὶ
1571 3107 1741 3160 προσ-

175 3180 534 3247 εξειργάσατο
564 3179 755 3249 βελτίω
775 3217 791 3244 ,
823 3179 965 3249 ἢπερ
994 3174 1132 3247 ἦσαν
1152 3219 1167 3239 ,
1201 3181 1294 3230 καὶ
1322 3178 1428 3229 τῶν
1458 3177 1738 3244 ἐπιφανῶν

175 3273 306 3339 παρ’
330 3270 480 3340 αὐτῷ
507 3272 730 3332 πολλοὺς
758 3271 1064 3339 ἠνάγκασεν
1090 3273 1167 3332 εἰς
1196 3269 1410 3338 ἐκείνην
1438 3266 1739 3338 μετοικίζε-

175 3363 321 3425 σθαι,
373 3365 465 3413 καὶ
506 3364 762 3432 στρατιὰν
804 3362 1155 3431 ἐγκαθίδρυσε
1200 3360 1441 3431 πολλήν·
1490 3360 1585 3412 καὶ
1625 3362 1737 3421 τοῖς

176 3453 317 3503 κατά
368 3450 579 3502 Μυσίαν
624 3451 862 3521 λυπηρὸς
908 3448 1010 3521 ἦν,
1061 3451 1312 3519 μεγάλοις
1368 3448 1741 3519 στρατοπέδοις

176 3540 370 3602 ἐπιὼν,
405 3542 499 3593 καὶ
533 3542 716 3603 πόλεις
752 3542 1349 3611 ἐξανδραποδιζόμενος,
1384 3545 1476 3595 καὶ
1504 3542 1601 3609 τὴν
1634 3539 1742 3609 χώς

182 3648 277 3699 ραν
323 3632 543 3684 ἃπασαν
583 3632 816 3701 πορθῶν.
860 3632 1122 3693 Βασιλεὺς
1166 3632 1220 3685 δὲ
1262 3633 1445 3700 ἠνιᾶτο
1493 3631 1589 3700 μὲν
1642 3630 1743 3682 οὐκ

178 3724 335 3787 ὀλίγα
379 3723 513 3790 πρὸς
545 3722 641 3790 τὴν
679 3722 993 3792 συμφορὰν,
1030 3722 1329 3787 ἀμύνεσθαι
1371 3723 1426 3774 δὲ
1463 3723 1585 3782 τοὺς
1630 3721 1745 3774 ἀδι-

182 3817 413 3876 κουντας
441 3815 716 3874 ἀδυνάτως
743 3816 900 3882 ἔχων,
929 3813 1219 3893 πρεσϐείας
1246 3818 1486 3883 συνεχεῖς
1514 3816 1747 3866 ἐποιεῖτο

184 3906 319 3974 πρὸς
354 3907 617 3974 Ὀρχάνην
660 3908 749 3957 τὸν
793 3907 1067 3974 γαμὸρὸν,
1118 3907 1209 3959 καὶ
1254 3906 1349 3967 τὰς
1394 3906 1747 3975 ἡρπασμένος

186 3999 372 4059 πόλεις
413 3998 563 4065 ἠξίου
594 3997 685 4050 τὸν
720 3998 830 4050 υἱὸν
864 3997 1188 4050 ἀποδιδόναι.
1227 3996 1347 4048 Τῶν
1388 3999 1495 4067 γὰρ
1533 3998 1747 4049 ἀτοπω-

182 4095 362 4143 τάτων
394 4086 551 4152 εἶναι,
584 4088 702 4152 ἑνὸς
739 4089 835 4157 μὲν
864 4089 1043 4150 αὐτοῖς
1079 4087 1336 4157 φρουρίου
1373 4090 1449 4155 μὴ
1484 4103 1747 4156 παραχω-

188 4189 320 4253 ρεῐν,
349 4182 466 4236 ἀλλ’
488 4185 581 4237 ἐπὶ
606 4187 853 4253 χρήμασι
887 4186 1067 4253 ῥητοῖς
1100 4184 1370 4253 συνθήκας
1401 4182 1584 4234 θέσθαι
1617 4181 1751 4251 πρὸς

185 4280 381 4337 αὐτοὺς
414 4275 551 4328 ὥστε
587 4276 826 4328 ἐκλιπεῖν
852 4292 865 4305 ο
898 4276 1091 4338 αὐτοὺς
1124 4275 1177 4326 δὲ
1212 4276 1325 4327 νυνὶ
1357 4274 1622 4335 τοσαύτας
1659 4274 1753 4325 πό-

183 4369 296 4429 λεις
338 4371 655 4436 κατασχεῖν,
695 4367 830 4438 πρὸς
869 4366 947 4436 τῷ
995 4367 1128 4434 μηδέ
1164 4366 1432 4435 Τζύμπην
1474 4366 1615 4418 κατά
1653 4364 1751 4426 τὰς

187 4458 461 4528 συνθήκας
499 4457 808 4522 ἀποδοῦναι,
845 4459 936 4508 καὶ
967 4455 1139 4508 ταῦτα
1176 4456 1416 4507 σπονδῶν
1450 4454 1624 4506 οὐσῶν
1659 4456 1753 4507 καὶ

1826 2000 2111 2070 CalliOpoli
2160 2002 2457 2071 plurimum
2508 2002 2805 2055 laboravit.
2848 2002 2981 2058 Nam
3020 2013 3075 2057 et
3112 2019 3298 2057 muros
3329 2006 3394 2057 de

1830 2094 2042 2162 integro
2071 2093 2401 2157 construxit,
2425 2101 2480 2145 et
2513 2092 2767 2146 meliores
2796 2108 2858 2146 ac
2884 2095 3193 2158 validiores,
3226 2112 3391 2165 quam

1834 2192 1948 2237 tum
1977 2195 2158 2245 erant,
2197 2180 2400 2247 effecit,
2451 2197 2784 2251 suorumque
2838 2185 3038 2238 multos
3082 2188 3291 2242 nobiles
3338 2190 3390 2242 in

1828 2276 1991 2345 862
2038 2275 2181 2327 illam
2233 2274 2594 2339 commigrare
2631 2273 2813 2340 coegit
2857 2294 2868 2327 :
2908 2290 3005 2327 nec
3038 2285 3393 2330 contemnen-

1830 2369 1955 2419 dum
1986 2367 2033 2420 ei
2077 2364 2388 2434 praesidium
2417 2364 2645 2416 addidit.
2683 2364 2826 2416 Idem
2858 2365 3038 2421 hlmsis
3072 2368 3359 2422 intolerabi

1831 2456 1897 2510 lvs
1922 2465 2058 2518 erat,
2081 2456 2208 2507 dum
2235 2468 2520 2506 numerosa
2546 2468 2706 2505 manu
2736 2454 3150 2523 impressionem
3172 2459 3395 2527 faciens,

1833 2546 2078 2613 captivos
2104 2560 2170 2597 ex
2204 2545 2435 2596 urbibus
2466 2544 2783 2606 abduceret,
2817 2553 3094 2613 totamque
3119 2548 3394 2615 regionem

1834 2636 2161 2689 devastaret.
2197 2635 2491 2702 Imperator
2533 2636 2629 2688 hac
2680 2636 2991 2689 calamitate
3029 2640 3396 2701 tristissinms.

1836 2740 1957 2779 cum
1992 2726 2058 2779 ad
2087 2726 2417 2779 coercendas
2451 2726 2677 2795 injurias
2700 2728 2833 2781 satis
2858 2727 3054 2781 virium
3090 2745 3198 2783 non
3228 2731 3398 2785 habe-

1836 2826 1941 2879 ret,
1980 2816 2257 2885 frequenti
2308 2816 2579 2884 legatione
2633 2817 2941 2871 Orcbauem
2990 2835 3254 2890 generum
3306 2839 3404 2891 ap-

1836 2908 2018 2976 pellat,
2054 2918 2243 2975 petens
2274 2907 2351 2959 nti
2383 2907 2700 2961 Sulimanus
2719 2920 2903 2976 raptas
2928 2909 3092 2965 urbes
3115 2912 3393 2966 restituat.

1839 2998 2478 3051 lncuuvcnientissimum
2529 3014 2766 3068 namque
2816 3015 2960 3067 esse,
3010 3017 3122 3056 uno
3178 3008 3403 3058 castello

1840 3104 1947 3141 non
1999 3088 2251 3152 cessisse,
2308 3089 2412 3142 nisi
2471 3101 2674 3145 certam
2729 3093 2881 3159 prius
2928 3095 3216 3161 pecuniam
3263 3100 3404 3163 parti

1838 3189 2024 3233 essent
2069 3198 2083 3232 :
2122 3194 2269 3232 nunc
2316 3189 2673 3249 j'raeterqnam
2712 3183 2857 3252 quod
2890 3184 3160 3254 szmpen
3207 3201 3404 3241 secun-

1843 3275 1971 3327 dum
2002 3281 2269 3327 conventa
2306 3290 2412 3327 non
2473 3275 2726 3338 reddant,
2783 3277 2946 3331 etiam
2998 3287 3077 3332 tot
3126 3281 3291 3333 urbes
3347 3282 3399 3334 in

1843 3366 2067 3427 findere,
2115 3380 2180 3418 ac
2217 3365 2387 3433 prima
2429 3381 2560 3433 pace
2607 3367 2710 3420 sibi
2763 3369 3070 3422 vendieare.
3123 3370 3407 3424 Sulimazzu

1841 3465 2030 3508 contra
2067 3454 2389 3521 affirmante,
2425 3470 2533 3509 nou
2576 3458 2741 3511 armis
2779 3458 3045 3526 coegisse,
3099 3460 3191 3513 sed
3245 3460 3405 3515 deso-

1842 3547 1997 3608 latas,
2032 3562 2094 3599 ac
2123 3556 2425 3615 prostratus
2469 3563 2771 3617 occupasse
2805 3567 2818 3603 :
2859 3552 3153 3618 imperator
3192 3566 3287 3607 eos
3324 3553 3408 3606 in-

1842 3637 2177 3706 justissimos
2225 3641 2603 3707 pronuntiare,
2638 3650 2693 3693 et
2733 3641 2876 3705 quod
2925 3649 3301 3709 prtetexerent,
3336 3643 3402 3695 ad

1844 3727 2217 3783 defensionem
2240 3729 2375 3782 nihil
2405 3729 2511 3783 illis
2540 3730 2831 3798 prodesse;
2858 3730 2992 3783 nihil
3011 3732 3153 3784 enim
3179 3729 3403 3792 referre,

1847 3834 1942 3887 per
1974 3831 2248 3887 portasne,
2304 3834 2371 3872 au
2404 3821 2625 3873 aliunde
2658 3820 2887 3888 ingressi
2913 3820 3138 3886 fuerint,
3169 3821 3263 3876 sed
3301 3822 3407 3875 hoc

1845 3912 2164 3973 videndum,
2198 3926 2265 3964 an
2314 3910 2438 3980 jure
2472 3921 2527 3964 et
2574 3913 2876 3965 secundum
2914 3911 3093 3966 foedus
3142 3927 3235 3966 eas
3263 3912 3407 3966 obti-

1847 4011 2032 4056 neant.
2088 4002 2419 4071 lmperatore
2473 4001 2553 4056 sic
2600 4018 2722 4056 cum
2761 4002 3152 4071 Barbaris,pcr
3203 4003 3411 4072 legatos

1848 4103 2064 4161 agente,
2095 4092 2411 4146 Sulimanus
2437 4093 2635 4160 oppida
2662 4093 3017 4161 pertinaciter
3051 4093 3311 4159 retinens;
3338 4094 3408 4147 de

1850 4184 1916 4237 iis
1943 4183 2253 4237 deferendis
2280 4199 2379 4237 nec
2413 4185 2639 4237 verbum
2667 4184 2854 4237 audire
2874 4191 3104 4252 poterat.
3130 4183 3410 4239 Orchanes

1853 4289 1979 4327 vero
2030 4285 2202 4342 pater,
2240 4274 2470 4343 injuriae,
2511 4275 2806 4343 viulatique
2862 4275 3085 4329 foederis
3133 4276 3237 4330 sibi
3280 4292 3413 4331 con-

1850 4362 2015 4426 scius,
2044 4372 2099 4414 et
2122 4362 2476 4416 vehementer
2502 4362 2817 4430 imperatori
2836 4363 3125 4430 gratificari
3159 4366 3405 4433 cupiens.

1853 4473 1975 4511 mox
2001 4458 2165 4511 urbes
2191 4457 2459 4511 redditum
2489 4459 2551 4511 iri
2589 4459 2893 4527 respondit.
2927 4459 3062 4512 Cum
3096 4460 3415 4514 Sulimanus

190 4550 414 4617 βαθείας
441 4550 658 4616 εἰρήνης
688 4547 823 4615 πρὸς
853 4545 1133 4615 ἀλλήλους.
1162 4545 1430 4614 Σουλιμάν
1455 4544 1511 4595 δὲ
1544 4546 1750 4612 ίσχυρι-
1780 4564 1823 4616 ι)
1850 4564 1856 4600 ε

1745 4571 1750 4580 ι
1780 4564 1823 4616 ι)
1850 4548 2150 4617 aegerrime,
2197 4548 2341 4617 quod
2394 4549 2633 4611 tenebat,
2662 4564 2751 4603 -ex
2784 4550 3058 4618 unguibus
3085 4552 3411 4616 dimitteret,

187 4642 422 4708 ζομένου
456 4637 529 4707 μὴ
561 4638 797 4706 πολέμῳ,
832 4636 964 4705 μηδέ
996 4636 1084 4705 βία
1107 4634 1215 4688 τῶν
1245 4636 1451 4688 πόλεων
1478 4651 1749 4699 κεκρατη-

193 4734 372 4793 κέναι,
422 4728 538 4783 ἀλλ’
568 4731 876 4797 ἀοικήτους,
923 4730 1016 4780 καὶ
1063 4727 1543 4796 κατασεόλημὲνας
1589 4741 1755 4777 κατα-

194 4826 342 4892 σχεῖν
364 4823 570 4874 ἀδικεῖν
591 4819 788 4882 αὐτοὺς
809 4819 879 4872 τά
902 4820 1103 4888 ἔσχατα
1127 4818 1408 4871 διετείνετο
1430 4818 1457 4869 ό
1483 4816 1753 4884 βασιλεὺς,

192 4913 285 4964 καὶ
318 4912 488 4979 μηδὲν
517 4907 653 4963 εἶναι
683 4911 782 4980 τὴν
812 4910 1008 4979 σκῆψιν
1037 4910 1170 4979 πρὸς
1196 4909 1286 4960 τὸν
1311 4907 1403 4960 τοῦ
1432 4908 1642 4960 δικαίου
1671 4906 1755 4957 λό-

194 5019 287 5069 γον
310 5019 324 5031 ·
356 5004 717 5072 διενηνοχέναι
748 5005 854 5070 γὰρ
882 5002 1056 5063 οὐδὲν,
1090 5004 1137 5053 εἰ
1168 5001 1258 5053 διὰ
1286 5000 1394 5052 τῶν
1427 5000 1608 5051 πυλῶν
1642 5001 1754 5049 εἱσ-

193 5093 311 5163 ῄει,
349 5093 384 5163 ἧ
421 5092 638 5146 ἄλλοθέν
670 5095 834 5145 ποθεν
859 5109 873 5122 ·
922 5091 1057 5145 ἀλλά
1091 5091 1249 5143 τοῦτο
1278 5092 1384 5160 χρὴ
1421 5094 1671 5150 σκοπεῖν,
1708 5089 1755 5140 εἰ

190 5180 423 5246 δικαίως
471 5187 529 5237 ἐν
572 5185 821 5247 σπονδαῖς
869 5182 1227 5253 κατασχόντες
1276 5182 1479 5251 ἔχουσι.
1521 5182 1757 5232 Τοιαῦτα

200 5277 464 5347 βασιλέως
505 5279 638 5347 πρὸς
680 5278 806 5339 τοὺς
851 5276 1154 5345 βαρϐάρους
1198 5272 1753 5342 διαπρεσϐευομένου,

200 5367 473 5437 Σουλιμάν
504 5368 601 5437 μὲν
628 5368 804 5437 εἴχετο
833 5369 939 5419 τῶν
970 5365 1177 5417 πόλεων
1208 5364 1493 5427 καθάπαξ,
1528 5366 1619 5416 καὶ
1648 5365 1757 5416 οὐδ’

200 5463 355 5532 ἄχρις
388 5460 559 5529 ἀκοῆς
589 5460 856 5529 ὑπέμενεν
883 5460 1187 5511 ἀπολιπεῖν·
1223 5457 1487 5527 Ὀρχάνης
1511 5456 1566 5508 δὲ
1596 5458 1624 5507 ό
1654 5474 1758 5507 πα-

200 5555 302 5623 τήρ
346 5552 528 5622 ἐαυτῷ
566 5567 627 5604 τε
671 5548 925 5612 συνειδὼς
967 5549 1261 5613 ἀδικοῦντι,
1304 5550 1397 5600 καὶ
1444 5563 1758 5617 παρασπον-

201 5644 405 5708 δοῦντι,
450 5644 544 5695 καὶ
592 5641 912 5712 ποιούμενος
957 5641 1087 5709 περὶ
1132 5640 1384 5691 πλείστου
1432 5640 1491 5691 τὸ
1538 5639 1760 5707 βασιλέα

205 5736 562 5805 θεραπεύειν,
599 5734 901 5788 συνετίθετο
931 5734 1031 5802 μὲν
1060 5732 1256 5785 αὐτίκα
1286 5733 1381 5793 τὰς
1409 5731 1589 5788 πόλεις
1624 5732 1761 5783 ἀπο-

204 5828 402 5882 διδόναι
446 5828 655 5898 βασιλεῖ
681 5827 984 5897 ’Σουλιμάν
1024 5827 1079 5880 δὲ
1122 5824 1213 5879 τοῦ
1261 5825 1374 5877 υἱοῦ
1420 5824 1760 5880 δυσαπαλλά-

1852 4639 2128 4693 Orchanes
2189 4640 2505 4693 dilationem
2561 4642 2895 4710 aliquantam
2951 4642 3020 4695 ab
3077 4642 3409 4711 imperatore

1854 4731 2062 4798 petivit,
2096 4745 2153 4784 se
2190 4731 2359 4784 lilium
2393 4730 2779 4794 adducturum,
2816 4741 2874 4784 ut
2906 4734 3068 4799 paulo
3097 4740 3218 4801 post
3238 4732 3420 4788 libens

1853 4822 2047 4890 oppida
2101 4822 2375 4881 restituat,
2417 4821 2560 4888 quod
2592 4835 2647 4873 et
2683 4820 2833 4877 fecit.
2871 4820 3002 4874 Nam
3044 4836 3187 4889 saape
3238 4822 3416 4886 illum,

1855 4928 1916 4965 ac
1954 4912 2179 4964 multum
2229 4913 2504 4974 hortatus,
2553 4927 2619 4964 ne
2670 4912 2982 4981 imperatori
3018 4927 3306 4966 maerorem
3340 4913 3417 4964 af-

1856 5007 2043 5063 ferret,
2094 5017 2199 5055 non
2238 5004 2411 5055 solum
2454 5011 2771 5055 constanter
2804 5004 2855 5055 in
2898 5002 3104 5055 fundere
3153 5009 3415 5065 manenti,

1856 5092 1996 5162 quod
2032 5108 2155 5145 cum
2194 5093 2325 5161 ipsis
2374 5093 2749 5161 percussisset,
2797 5093 3042 5159 nihilque
3090 5092 3411 5156 iniuriarum

1858 5184 2109 5238 inferenti
2166 5201 2178 5235 :
2230 5184 2323 5237 sed
2356 5192 2410 5236 ct
2467 5183 2748 5238 aﬂinitatis
2789 5199 2937 5252 ergo.
2976 5200 3080 5253 qua
3123 5200 3244 5238 cum
3299 5185 3416 5251 ipso

1858 5275 2093 5330 devincti
2129 5283 2331 5335 essent,
2378 5274 2577 5327 deimle
2611 5284 2666 5328 et
2712 5276 3001 5343 pecuniam
3035 5275 3083 5327 ei
3115 5274 3411 5343 pollicitus,

1857 5383 1981 5421 eum
2037 5366 2252 5418 tandem
2289 5365 2352 5418 ad
2405 5366 2621 5420 urbium
2671 5368 3071 5424 restitutionem
3121 5366 3412 5436 permovit.

1861 5458 2000 5522 Quin
2026 5466 2082 5509 et
2112 5457 2409 5523 imperator
2434 5472 2622 5511 carum
2648 5473 2810 5511 causa
2837 5458 3191 5527 quadraginta
3224 5473 3419 5510 aureo-

1860 5566 1979 5603 rum
2015 5550 2182 5601 millia
2208 5549 2256 5601 ei
2294 5562 2352 5601 se
2385 5550 2640 5601 daturum
2678 5552 2952 5617 promisit.
2982 5550 3225 5602 Metuens
3257 5565 3417 5618 porro

1859 5641 2158 5699 Orchancs,
2187 5655 2254 5692 ne
2286 5638 2430 5693 ﬁlius
2458 5639 2615 5694 fidem
2647 5640 2879 5705 falleret,
2918 5642 3232 5694 faciundum
3275 5656 3421 5706 cogi-

1866 5732 2017 5793 tavit,
2054 5740 2111 5783 ut
2141 5732 2469 5798 imperatore
2502 5740 2557 5784 et
2606 5744 2663 5785 se
2700 5732 2753 5783 in
2802 5731 3054 5785 eumdem
3092 5730 3269 5784 locum
3300 5744 3423 5779 con-

1866 5823 2241 5886 venientibus,
2292 5822 2347 5876 in
2410 5824 2695 5891 prmscntia
2757 5825 3041 5877 amborum
3112 5826 3423 5876 Sulimanus
