4218 6446
129 433 229 495 293

1284 432 1817 494 IllSTOlllAItUM
1868 436 2093 495 LIBER
2130 435 2224 496 ιν.

3255 434 3363 499 294

130 558 269 621 ἔχων
319 558 410 608 καὶ
435 556 712 610 Ματθαῖον
742 558 967 626 βασιλέα
989 558 1076 608 τὸν
1105 555 1218 607 υἱδν
1245 555 1302 606 ὲν
1329 556 1448 616 ταῖς
1474 553 1693 622 τριήρε-
1720 551 1768 609 Α

1720 551 1768 609 Α
1802 554 2128 616 metichum,
2162 564 2217 607 et
2242 551 2653 621 Adrianopolim
2677 552 2879 608 abituri
2908 574 2921 608 :
2960 554 3075 624 ipse
3106 555 3171 610 ad
3202 571 3366 626 gout--

132 661 217 696 σιν
249 647 366 715 ἅμα
404 648 631 717 βασιλίδι
665 652 727 718 τῇ
767 649 985 718 συζύγῳ
1024 649 1098 711 ώς
1136 649 1202 701 ἂν
1252 648 1451 699 ἐκεῖνοι
1490 646 1588 715 μὲν
1642 646 1698 697 ὲν

132 740 274 807 Αἴνῳ
311 741 606 803 ἀποϐαῖεν,
640 742 715 804 ὡς
751 742 959 795 ἐκεῖθεν
994 744 1071 804 είς
1101 740 1481 809 Διδυμότειχον
1512 738 1699 805 ἀφιξό-

134 848 302 893 μενοι,
334 834 426 883 καὶ
455 832 553 900 τὴν
582 833 887 902 Ἀδριανοῦ,
916 834 1073 895 αὐτὸς
1103 832 1158 884 δὲ
1188 833 1279 883 ἐπὶ
1306 832 1402 901 τὴν
1430 831 1523 883 τοῦ
1557 848 1697 897 γαμ-

132 920 260 989 ϐροῦ
287 925 549 990 τράποιτο
576 923 834 977 διάλυσιν.
865 918 965 975 Οἷα
992 924 1047 975 δὲ
1078 924 1178 975 οὐκ
1211 925 1301 975 ἐπὶ
1330 924 1508 992 μάχην
1534 939 1701 975 κατα-

132 1011 331 1073 πλέων,
384 1012 497 1063 ἀλλ’
528 1015 748 1081 εἰρήνης
801 1014 1000 1083 μᾶλλον
1047 1014 1232 1080 ἕνεκα,
1285 1016 1343 1067 οὐ
1397 1014 1700 1083 προσέσχεν

132 1103 219 1152 ὲπὶ
263 1102 489 1155 Τένεδον
534 1104 754 1167 αὐτίκα,
799 1106 914 1157 ἀλλ’
942 1105 1033 1156 ἐπί
1071 1123 1123 1158 τι
1168 1106 1403 1175 νησῐδιον
1448 1105 1699 1174 ἀοίκητον

132 1194 298 1258 ἐγγὺς
334 1194 560 1246 Τενέδου
598 1194 814 1265 Μαυρία
850 1198 1421 1266 πρισαγορευόμενον,
1459 1198 1551 1249 καὶ
1584 1200 1700 1268 διή-

132 1299 299 1348 γαγεν
331 1287 448 1336 ἐκεῖ
477 1287 533 1336 τὸ
563 1288 749 1338 λεῖπον
781 1289 875 1354 τῆς
909 1291 1154 1357 ἡμέρας,
1188 1281 1283 1341 καὶ
1311 1289 1406 1358 τὴν
1440 1291 1699 1341 ἐπιοῦσαν

131 1375 323 1426 νύκτα.
359 1376 450 1437 l-Il;
482 1379 579 1445 τὴν
620 1379 911 1447 ὑστεραίαν
945 1380 998 1433 δὲ
1034 1381 1173 1449 ἄρας
1207 1381 1436 1442 ἐκεῖθεν,
1477 1384 1560 1449 ἐφ’
1588 1384 1703 1434 ἔτεα

135 1481 222 1529 ρον
246 1464 526 1532 ὡρμίζετο
552 1468 809 1537 νησίδον,
840 1472 991 1532 Ξιγιον
1022 1471 1273 1539 Ἀνδρέαν
1303 1474 1700 1541 προσαγορευὸ-

135 1572 315 1621 μενον,
349 1555 582 1618 ἐλπίζων
612 1559 897 1627 ἀφίξεσθαι
929 1561 1224 1630 πρεσϐείαν
1258 1563 1407 1631 παρὰ
1442 1563 1699 1631 βασιλέως

130 1646 221 1695 τοῦ
247 1643 505 1716 γαμϐροῦ
536 1652 664 1719 περὶ
692 1651 938 1720 εἰρήνης.
972 1652 1058 1713 Ὠς
1084 1653 1138 1704 δὲ
1165 1652 1319 1704 οὐδὲν
1342 1642 1556 1720 ἀπήντα
1584 1654 1701 1704 κατ’

133 1736 350 1799 ἐλπίδας
400 1739 532 1808 (τῶν
578 1741 687 1809 γὰρ
731 1742 998 1795 συνόντων
1038 1743 1186 1812 αὑτῷ
1229 1759 1372 1805 τινες
1416 1744 1700 1813 ναυάρχων

130 1824 336 1885 δύσνως
370 1825 585 1892 ἔχοντες
606 1864 620 1889 ,
654 1827 971 1895 πέμψαντες
1006 1829 1139 1898 πρὸς
1176 1826 1398 1896 βασιλέα
1426 1831 1517 1883 τὸν
1547 1832 1697 1894 νέον,

133 1914 413 1985 παρῄνουν
450 1916 524 1986 μὴ
568 1917 820 1987 δέχεσθαι
854 1919 951 1988 τὴν
985 1921 1209 1990 εἰρήνην
1234 1960 1248 1985 ,
1286 1920 1401 1973 ἀλλ’
1429 1922 1699 1991 αἱρεῖσθαι

130 2006 220 2057 τὸν
250 2006 494 2075 πόλεμον
527 2008 751 2075 μᾶλλον,
783 2010 857 2072 ὼς
888 2010 1067 2063 αὐτῶν
1099 2014 1700 2081 συγκατεργασομέιων

132 2097 309 2150 πάντα
329 2139 346 2160 ,
385 2098 495 2151 οὐδ’
523 2098 664 2152 οὕτω
713 2100 813 2170 μὲν
846 2101 937 2153 ἐπὶ
972 2102 1069 2172 τὴν
1104 2104 1258 2156 πόλιν
1291 2098 1391 2173 ἧκε
1429 2104 1527 2174 τὴν
1560 2107 1699 2159 κατὰ

128 2189 227 2255 τὴν
264 2187 473 2258 νῆσον),
581 2189 848 2260 διέτρ;ϐεν
881 2192 910 2242 ὁ
950 2190 1197 2259 βασιλεὺς
1221 2232 1234 2256 ,
1274 2192 1386 2245 ἀλλ’
1410 2195 1495 2262 ἐφ’
1518 2195 1700 2266 ἕτερον

134 2278 299 2346 μέρος
329 2278 465 2348 πρὸς
487 2282 578 2331 τὸν
604 2280 793 2350 Βόριον
821 2283 1209 2353 ὠνομασμένον
1232 2286 1509 2355 ὲγχωρίως
1538 2305 1701 2342 ποτα-

133 2369 251 2434 μὸν,
278 2370 358 2433 ώς
387 2370 795 2441 ὑδρευσομένων
822 2374 982 2445 δῆθεν
1008 2374 1121 2427 τᾶν
1143 2377 1437 2445 τριηριτῶν
1464 2379 1697 2431 ἐκεῖθεν.

132 2461 191 2509 Ui
220 2461 302 2529 τῷ
329 2461 436 2528 νέῳ
464 2463 519 2515 δὲ
553 2462 759 2531 βασιλεῖ
791 2466 1041 2529 συνόντες
1070 2469 1320 2533 ὁπλῖται,
1355 2472 1447 2521 καὶ
1481 2471 1695 2533 ἱππεῖς,

128 2549 239 2603 τῶν
269 2552 544 2621 τριήρεων
574 2558 985 2626 καταγομένων,
1016 2557 1263 2620 ἐλθόντες
1297 2559 1387 2610 ἐπὶ
1418 2560 1508 2611 τὸν
1538 2577 1700 2613 ποτα-

134 2642 264 2707 μὸν,
301 2642 526 2696 ἔϐαλλον
560 2646 668 2698 ἀπὸ
703 2648 799 2716 τῆς
833 2649 936 2717 γῆς
958 2688 971 2711 ,
1010 2651 1106 2701 καὶ
1143 2650 1371 2704 κωλύειν
1404 2653 1699 2721 ἐπειρῶντο

129 2728 226 2795 τὴν
281 2730 569 2783 ἀπόϐασιν.
603 2733 787 2792 υίδὲ.
845 2734 1188 2804 βιασάμενοι,
1244 2738 1549 2808 ἀπέϐησαν,
1604 2743 1698 2791 καὶ

131 2816 464 2885 ὑδρεύσαντο
494 2820 725 2874 ἐκεῖθεν.
745 2822 919 2892 Ὀρῶν
950 2825 1005 2876 δὲ
1035 2828 1061 2877 ὁ
1097 2826 1346 2893 βασιλεὺς
1380 2831 1517 2897 πρὸς
1549 2829 1698 2882 οὐδὲν

128 2906 436 2974 ὁνήσουσαν
464 2910 561 2979 τὴν
591 2912 888 2982 καρτερίαν
917 2914 1061 2984 (οὔτε
1091 2919 1194 2985 γὰρ
1226 2916 1482 2986 πολεμεῖν
1515 2921 1700 2989 ᾑρεῖτο

129 2998 203 3065 τῷ
232 3000 495 3071 γαμϐρῷ,
520 3005 611 3055 καὶ
641 3006 842 3058 κακοῦν
866 3006 963 3076 τὴν
989 3008 1172 3077 νῆσον,
1200 3008 1322 3061 οὔτε
1352 3012 1477 3078 περὶ
1503 3014 1599 3079 τῆς
1625 3015 1700 3065 εἰ·

133 3092 305 3159 ρήνης
344 3092 570 3162 οὐδεμία
606 3095 687 3149 ἔτι
723 3097 1043 3152 ὑπελείπετο
1077 3100 1233 3162 ἐλπὶς
1255 3140 1270 3163 ,
1306 3100 1567 3170 βασιλέως
1602 3104 1694 3157 τοῦ

129 3182 250 3233 νέου
285 3184 348 3235 οὐ
386 3186 543 3253 μόνον
576 3189 636 3239 οὐ
675 3190 1177 3259 πρεσϐευσαμένου,
1217 3192 1405 3263 ῶσπερ
1445 3195 1691 3264 ἤλπιζεν,
1726 3220 1763 3273 C

128 3273 269 3328 ἀλλὰ
298 3277 395 3328 καὶ
442 3281 686 3348 φανερῶς
732 3282 1058 3350 ἐξαγομένου
1111 3286 1244 3352 πρὸς
1286 3286 1343 3336 τὸ
1394 3288 1695 3356 πολεμεῖν),

130 3365 367 3431 τάχιστα
398 3366 607 3417 ἐκεῖθεν
640 3368 917 3438 ἀπεχώρει
949 3372 1029 3431 είς
1058 3371 1154 3439 τὴν
1184 3369 1363 3435 Αἶνον,
1396 3374 1520 3424 ἔνθα
1551 3375 1698 3425 Ματ-

133 3451 285 3515 θαῖος
314 3455 608 3508 ἀπέϐαινεν
635 3459 663 3508 ὀ
693 3458 807 3519 νέος
842 3460 1091 3529 βασιλεὺς
1125 3452 1264 3529 μετὰ
1291 3464 1389 3531 τῆς
1418 3465 1697 3530 γυναικὸς,

132 3546 392 3598 κάκεῖθεν
416 3548 693 3617 ἀπεχώρει
721 3551 815 3601 ἐπὶ
844 3552 1221 3622 Διδυμὸτειχον
1246 3556 1338 3606 καὶ
1362 3556 1460 3621 τὴν
1490 3556 1700 3626 Ἀδρια-

131 3636 247 3690 νοῦ.
282 3637 728 3708 Καντακουζηνὺς
754 3641 809 3692 δὲ
838 3645 865 3694 ὁ
893 3642 1162 3711 βασιλεὺς,
1192 3645 1459 3715 τέτταρας
1488 3648 1699 3715 ἡμέρας

130 3727 272 3797 πρὸς
303 3731 370 3798 τῇ
406 3731 549 3800 Λίνῳ
581 3731 885 3800 διατρίψας,
933 3735 1011 3796 εἰς
1047 3734 1336 3798 Βυζάντιον
1370 3738 1695 3805 ἀνέστρεφε,

132 3819 501 3888 Παλαιολόγος
537 3822 595 3873 δὲ
627 3827 655 3875 ὁ
691 3825 941 3892 βασιλεὺς
983 3823 1138 3888 αὖθις
1182 3828 1506 3881 ὑπελείπετο
1541 3832 1599 3880 ἐν
1633 3833 1697 3898 τῇ

129 3911 367 3981 Τενέίῳ,
416 3915 508 3966 καὶ
552 3915 652 3966 ὅσα
697 3918 960 3984 πράττειν
1008 3918 1146 3986 ὑπὲρ
1188 3918 1283 3985 τῆς
1328 3919 1501 3988 ἀρχῆς
1550 3920 1698 3989 ἐξῆν,

130 4002 330 4068 ἡμέλει
372 3994 585 4065 οὐδενός
611 4019 625 4034 ’
662 4004 866 4073 ἔφασκε
900 4007 955 4058 δὲ
990 4007 1214 4076 ὕστερον
1250 4011 1306 4062 ὲν
1340 4011 1438 4078 τῆς
1479 4012 1699 4081 εἰρήνης

127 4094 245 4153 τοῖς
276 4096 509 4161 καιροῖς,
535 4092 609 4155 ώς
638 4095 983 4157 ἐπιπλέοντος
1011 4098 1157 4165 αὐτῷ
1190 4098 1449 4165 βασιλέως
1478 4098 1568 4150 τοῦ
1598 4117 1697 4168 κη-

127 4180 323 4232 δεστοῦ
345 4222 360 4244 ,
394 4180 725 4251 διαλεχθεῖεν
763 4183 861 4249 μὲν
896 4188 1080 4253 κρύφα
1115 4190 1207 4238 καὶ
1242 4190 1287 4240 οἱ
1322 4188 1581 4257 ναύαρχοι
1624 4191 1698 4258 μὴ

126 4271 392 4340 δέχεσθαι
415 4275 513 4340 τὴν
539 4277 779 4344 εἰρήνην,
807 4275 939 4344 μηδὲ
968 4278 1258 4346 πρεσϐείαν
1278 4279 1399 4331 τινὰ
1426 4280 1698 4333 ποιεῖσθαι

130 4366 271 4432 πρὸς
307 4364 472 4417 αὐτόν
496 4380 511 4394 ⁸
547 4368 751 4419 ἐκεῖνον
788 4368 884 4435 μέν
916 4384 996 4420 τοι
1031 4368 1106 4437 μὴ
1138 4371 1323 4422 τούτου
1368 4370 1529 4424 ἓνεκα
1563 4374 1695 4425 ἁπο-

128 4454 365 4523 σχέσοαι
411 4456 509 4524 τῆς
553 4458 774 4527 εἰρήνης
801 4474 813 4485 ·
857 4457 1054 4509 εἰδέναι
1097 4461 1204 4529 γὰρ
1248 4462 1487 4523 ἐκείνους
1527 4466 1589 4516 οὺ
1633 4468 1699 4516 τα

1804 660 1925 697 rum
1958 644 2351 712 paciﬁcandum
2388 660 2549 711 porro
2577 646 2873 715 navigaret.
2901 646 3132 701 Perinde
3156 660 3363 708 autem,

1801 745 1966 804 atque
2001 737 2044 790 si
2082 752 2188 789 non
2219 737 2363 797 belli,
2396 737 2490 790 sed
2523 737 2675 804 pacis
2716 752 2877 791 causa
2900 750 3190 807 susceptus
3218 750 3364 793 esset

1801 829 1891 882 ltic
1924 844 2141 892 cursus,
2176 843 2281 882 non
2332 829 2512 881 statim
2556 828 2621 881 ad
2657 829 2955 889 Tenedum,
3000 828 3094 882 sed
3126 827 3192 881 ad
3241 845 3363 897 par-

1802 936 1922 973 vam
1976 921 2207 973 insulam
2262 920 2534 973 desertam
2568 920 2719 988 juxta
2752 920 3062 981 Tenedum,
3100 921 3361 973 Mauriam

1800 1012 2150 1080 appellatalii,
2202 1012 2431 1079 appulit,
2477 1026 2541 1063 ac
2593 1011 2861 1077 reliquum
2907 1010 3034 1072 diei,
3068 1021 3114 1065 et
3147 1023 3359 1065 noctem

1801 1102 2184 1169 insequentem
2233 1101 2307 1153 ibi
2341 1102 2559 1154 mansit.
2606 1101 2873 1154 Postridie
2914 1100 2981 1153 ad
3025 1102 3246 1154 alteram
3280 1104 3359 1153 in-

1800 1193 1994 1254 sulam,
2028 1191 2284 1245 similiter
2329 1206 2576 1258 parvam,
2607 1192 2790 1245 Sancti
2830 1193 3058 1247 Andreas
3094 1204 3359 1255 vocatam,

1800 1281 2036 1343 delatus,
2072 1296 2100 1333 a
2134 1296 2334 1349 genero
2361 1281 2565 1351 legatos
2598 1283 2666 1335 de
2716 1297 2845 1348 pace
2880 1293 3140 1336 venturos
3170 1299 3364 1350 exspe-

1798 1374 2001 1426 etaltat.
2030 1373 2129 1427 Ubi
2172 1374 2307 1427 nihil
2344 1389 2441 1441 pro
2470 1389 2564 1441 spe
2591 1374 2793 1427 accidit
2820 1374 3045 1441 (etenim
3075 1391 3137 1426 ex
3167 1390 3364 1426 navar-

1799 1464 1919 1517 cltis
1970 1464 2192 1532 maligni
2241 1464 2464 1532 quidam
2514 1464 2581 1515 ad
2645 1464 3007 1531 Pala‘olngum
3062 1464 3360 1526 mittentes,

1799 1570 2035 1621 eumque.
2071 1571 2098 1607 a
2128 1570 2257 1623 pace
2298 1555 2660 1614 deterrentes,
2681 1556 2744 1607 ad
2779 1557 2978 1609 bellum
3013 1557 3364 1624 instigabant,

1800 1656 1964 1713 atque.
2009 1646 2061 1699 in
2104 1647 2154 1699 id
2198 1662 2357 1713 Opem
2390 1662 2541 1699 suam
2578 1662 2766 1699 omnes
2794 1648 3155 1715 spondebant)
3187 1665 3252 1702 ne
3284 1650 3364 1702 sic

1802 1736 2020 1804 quidem
2054 1737 2106 1791 in
2132 1738 2320 1790 insulze
2356 1738 2572 1798 urbem,
2616 1737 2666 1789 itt
2699 1754 2803 1805 qua
2845 1738 3137 1805 imperator
3180 1742 3365 1807 junior

1805 1831 2141 1893 lucrabatur,
2180 1829 2272 1881 sed
2323 1829 2374 1881 in
2418 1839 2623 1896 partem
2659 1830 2884 1882 alteram
2918 1830 3138 1883 Barium
3186 1831 3364 1885 uomi—

1804 1929 2009 1981 ttatam,
2040 1918 2105 1971 ad
2139 1920 2488 1987 aquationem
2543 1920 2655 1973 illic
2704 1935 2734 1973 θ
2787 1919 3011 1974 ﬂumine
3058 1921 3362 1976 faciendam

1800 2009 2065 2078 perrexit.
2102 2009 2448 2062 Triremibus
2470 2024 2536 2062 eo
2568 2010 2859 2078 provectis,
2895 2011 3107 2079 pedites
3133 2021 3187 2066 et
3212 2013 3367 2081 equi-

1802 2107 1882 2152 tes
1929 2096 2215 2167 Palarologi
2254 2088 2321 2151 ad
2364 2098 2569 2152 ﬂumen
2622 2101 3001 2167 procedentes,
3034 2110 3089 2155 et
3140 2118 3170 2156 e
3219 2111 3364 2158 terra

1795 2188 2122 2257 jaculantes,
2146 2187 2410 2242 descensu
2428 2188 2666 2243 advenas
2694 2190 2988 2259 prohibere
3004 2193 3364 2249 conabantur.

1801 2279 1882 2332 llli
1930 2279 1983 2332 vi
2027 2290 2214 2335 contra
2266 2281 2505 2335 nitentes
2550 2281 2911 2348 descendunt,
2963 2294 3019 2339 et
3064 2295 3361 2355 aquantur.

1800 2370 2000 2425 Videns
2042 2387 2203 2440 porro
2235 2370 2677 2437 Cantacuzenus,
2720 2374 2971 2429 inutilem
3007 2375 3122 2430 fore
3155 2378 3364 2446 patien-

1800 2464 1929 2517 tiam
1962 2462 2161 2534 (neque
2191 2466 2335 2516 enim
2370 2480 2609 2532 pugnare
2638 2467 2690 2518 in
2726 2482 3012 2536 generum,
3041 2477 3095 2522 et
3127 2470 3361 2524 insulam

1799 2553 2103 2623 depraedari
2146 2554 2382 2617 volebat,
2413 2570 2589 2625 neque
2618 2558 2768 2625 pacis
2800 2557 2906 2611 ulla
2939 2573 3065 2627 spes
3106 2559 3362 2624 dabatur,

1799 2644 2100 2711 Palaeologo
2164 2660 2272 2699 non
2326 2645 2487 2699 modo
2533 2646 2769 2716 legatum
2822 2649 3032 2703 nullum
3093 2650 3368 2711 mittente.

1799 2746 1990 2791 contra
2029 2752 2190 2806 quam
2239 2737 2585 2805 sperabatur,
2620 2739 2713 2793 sed
2761 2750 3012 2809 apertum
3045 2742 3210 2796 etiam
3256 2743 3369 2797 bel-

1800 2828 1909 2881 lum
1941 2828 2304 2897 parturiente)
2335 2844 2500 2897 quant
2540 2830 2776 2897 prittttttn
2812 2831 2936 2884 inde
2964 2831 3164 2886 Euam
3193 2848 3369 2888 reces-

1800 2921 1891 2984 sit,
1927 2921 2015 2974 ubi
2069 2920 2352 2973 Matthaaus
2402 2936 2575 2975 n0vus
2624 2923 2940 2989 imperatur,
2985 2934 3039 2978 ct
3088 2941 3224 2979 uxor
3266 2926 3364 2980 de-

1801 3011 2124 3065 svendeutes
2180 3009 2303 3063 inde
2352 3011 2786 3080 Didymotichum
2841 3024 2897 3066 et
2953 3015 3363 3085 Adriatopolzm

1798 3104 2065 3157 abierant.
2110 3103 2528 3158 Cautacuzenus
2570 3107 2924 3173 quatriduum
2976 3106 3097 3159 ΑτΣηί
3154 3108 3356 3161 subsis-

1799 3203 1938 3255 tens,
1977 3191 2286 3261 Byzantium
2321 3192 2499 3255 rediit,
2528 3193 2824 3260 Palzenlogo
2855 3194 2906 3245 itt
2937 3193 3111 3246 insula
3145 3193 3364 3245 Tenedo

1804 3293 2092 3344 manente,
2122 3291 2178 3336 et
2221 3298 2342 3350 qua:
2380 3298 2479 3351 pro
2518 3283 2749 3351 imperio
2796 3283 3091 3337 assere’ndo
3128 3293 3362 3353 poterat,

1801 3389 1991 3426 eorum
2030 3372 2166 3426 nihil
2202 3374 2512 3427 omittente.
2546 3373 2845 3428 Confessus
2875 3384 2957 3428 est
2984 3385 3193 3443 postea,
3232 3390 3364 3443 pace

1801 3466 1966 3527 facta,
2003 3464 2069 3516 ad
2109 3478 2168 3517 se
2205 3465 2490 3531 navigante
2533 3479 2745 3526 socero,
2780 3479 2963 3518 secum
3013 3465 3150 3519 clam
3187 3466 3364 3535 egisse

1801 3553 2107 3607 navarcltos
2140 3553 2279 3622 ejus,
2311 3569 2378 3606 ne
2414 3568 2600 3621 pacem
2634 3555 2859 3615 faceret,
2883 3571 3018 3608 neve
3053 3557 3362 3624 quempiam

1800 3648 2036 3715 legatum
2074 3647 2339 3699 mitteret.
2366 3646 2569 3698 'I‘anten
2604 3664 2708 3699 non
2736 3662 2792 3700 se
2819 3648 3020 3700 idcirco
3049 3662 3233 3716 pacem
3262 3662 3364 3700 tto-

1799 3740 1967 3792 luisse
1996 3755 2007 3790 :
2045 3738 2245 3792 vidisse
2280 3740 2425 3791 enim
2462 3738 2583 3791 illos
2615 3755 2721 3790 non
2758 3739 3003 3801 mclznra,
3043 3746 3100 3790 et
3132 3740 3185 3791 itt
3216 3753 3362 3791 com-

1801 3844 1965 3883 mune
2013 3830 2167 3881 utilia
2215 3829 2489 3882 suadere:
2538 3828 2629 3881 sed
2680 3829 2806 3895 quia
2852 3828 3011 3881 simul
3054 3827 3364 3881 advenisset

1800 3919 2083 3973 Matthteus
2118 3919 2281 3979 lilitts,
2311 3918 2359 3971 id
2396 3919 2750 3971 vehementer
2777 3919 3177 3979 succensuisse,
3197 3932 3365 3985 aegre-

1800 4028 1905 4082 que
1942 4015 2152 4076 tulisse,
2183 4013 2326 4080 quod
2362 4011 2474 4080 ipse
2508 4015 2627 4079 ejus
2653 4011 2917 4080 indigere,
2947 4027 3009 4065 ac
3039 4011 3187 4065 velut
3219 4011 3363 4065 bello

1799 4108 2124 4175 desperato,
2180 4115 2237 4160 et
2282 4106 2554 4158 sententia
2609 4104 2785 4155 vietus
2831 4104 2898 4157 ad
2958 4104 3361 4171 suscipiendum

1802 4195 2015 4263 imperii
2065 4194 2329 4263 collegam
2380 4194 2665 4262 perfugere
2715 4194 3012 4247 videretur.
3056 4191 3169 4245 Sub
3218 4193 3362 4246 idem

1802 4298 2020 4354 tempus
2052 4286 2369 4340 Sttlimautts
2410 4284 2677 4339 Orehanis
2710 4285 2850 4339 [ilius
2888 4286 2938 4338 in
2966 4284 3268 4339 Galathteos
3309 4286 3362 4337 in

1800 4376 2024 4447 Scythia
2071 4376 2324 4429 orientali
2360 4392 2581 4445 magnas
2635 4379 2819 4446 copias
2863 4391 3048 4443 agens,
3080 4393 3174 4445 per
3201 4389 3362 4430 aesta-

1805 4476 1909 4521 tetu
1939 4468 2085 4521 illam
2112 4468 2249 4522 duas
2278 4483 2467 4521 eorum
2500 4468 2665 4521 urbes
2694 4468 3039 4537 insigniores,
3069 4468 3359 4538 Ancyram,

130 4547 333 4611 βελτίω
357 4547 453 4596 καὶ
480 4548 631 4614 κοινῇ
661 4545 1041 4597 λυσιτελοῦντα
1066 4548 1528 4616 συμϐουλεύοντας
1546 4566 1559 4580 °
1584 4553 1697 4605 ἀλλ’
1733 4556 1776 4612 ῐ)

1693 4554 1697 4571 ’
1733 4556 1776 4612 ῐ)
1802 4569 1854 4613 et
1894 4560 2144 4613 Crateatn
2177 4559 2529 4628 expugnavit.
2564 4558 2726 4628 865
2754 4560 2884 4613 lude
2923 4560 3099 4613 victor
3139 4563 3359 4614 ineunte

128 4639 212 4688 ὁτι
245 4637 527 4699 Ματθαίος
553 4638 581 4687 ὁ
610 4636 724 4699 υίὸς
756 4637 924 4705 συνῆν
946 4638 1149 4708 σφόδρα
1167 4639 1448 4709 ἄχθεσθαι,
1473 4646 1567 4694 καὶ
1582 4643 1700 4696 δυσ-

130 4727 493 4793 ανασχετεῖν,
550 4726 600 4777 εί
634 4724 834 4790 δόξειεν
866 4726 1025 4788 αὐτὸς
1062 4728 1268 4779 ἐκείνου
1302 4727 1541 4791 δεῖσθαι,
1604 4731 1697 4781 καὶ

130 4818 461 4887 αὐτομολεῖν
490 4818 584 4869 ἐπὶ
612 4817 687 4887 τῷ
715 4817 965 4886 δέχεσθαι
989 4819 1085 4887 τῆς
1119 4818 1393 4887 βασιλείας
1424 4822 1695 4884 κοινωνὸν,

129 4909 285 4960 dicit:
298 4928 326 4977 ρ
343 4909 800 4979 ἀπαγορεύσαντα
822 4912 952 4978 πρὸς
969 4910 1059 4961 τὸν
1078 4910 1333 4979 πόλεμον,
1349 4914 1441 4962 καὶ
1455 4911 1552 4980 τὴν
1571 4911 1699 4977 γνώ·

132 5018 245 5069 μην
263 5001 586 5069 ἡττημένον.
608 4999 808 5063 ’Υπὸλδὲ
819 5001 909 5053 τὸν
924 5001 1082 5053 αὑτὸν
1096 5003 1304 5070 χρόνον,
1320 5002 1411 5054 καὶ
1430 5004 1700 5071 Σουλιμαν

129 5097 157 5145 ὁ
174 5095 275 5146 τοῦ
293 5094 526 5163 Ὀρχάνη
545 5094 939 5161 ἐπεστράτευσε
960 5093 1227 5155 Γαλάταις
1246 5094 1463 5163 μεγάλῳ
1483 5111 1701 5161 στρατο-

129 5187 428 5257 πέδιιξγὺπδ
458 5188 564 5239 τῶν
597 5185 744 5256 ἑῴων
775 5184 995 5237 Σκυθῶν
1026 5185 1431 5255 κατεχομένοις,
1467 5186 1559 5237 καὶ
1594 5187 1699 5249 ἐξε-

131 5282 471 5351 πολιόρκησε
501 5282 643 5332 κατὰ
667 5281 727 5330 τὸ
754 5278 909 5347 θέρος
936 5280 1111 5330 ἐκεῖνο
1135 5278 1228 5330 δύο
1254 5278 1436 5339 πόλεις
1461 5283 1559 5340 τας
1587 5280 1701 5328 επι-

132 5372 480 5438 ςνανεστέρας
521 5366 649 5435 παρ’
677 5368 854 5427 αὐτοῖς
874 5404 889 5430 ,
920 5365 1200 5435 ’Ἄγκυραν
1222 5404 1235 5429 ,
1273 5368 1366 5417 καὶ
1406 5366 1697 5433 Κράτειαν.

133 5461 391 5514 Ἐκεῖθεν
413 5460 470 5512 δὲ
493 5457 834 5527 ὑποστρέψας
855 5457 1076 5527 νικητὴς
1102 5457 1439 5526 φθινοπώρου
1463 5457 1700 5526 ἀρχομέ-

130 5573 250 5618 νου,
299 5538 590 5623 πρεᾶϐείαν
618 5550 862 5619 ἐπεμψεν
890 5550 1049 5612 αὑτός
1078 5567 1138 5601 τε
1179 5552 1272 5602 καὶ
1299 5556 1326 5602 ὁ
1357 5552 1539 5619 πατὴρ
1564 5551 1699 5619 πρὸς

131 5645 595 5713 λαντακουζηνδν
616 5644 709 5696 τὸν
739 5644 983 5711 βασιλέα,
1012 5644 1309 5709 φάσκοντες
1328 5644 1530 5694 ἐθέλειν
1554 5642 1700 5711 αὺτῴ

131 5741 491 5809 παραδιδόναι
520 5739 617 5801 τὰς
674 5736 814 5789 κατὰ
853 5752 951 5802 την
978 5734 1198 5805 Θρᾴκην
1255 5736 1454 5799 πόλεις,
1512 5736 1701 5802 ὥσπερ

130 5834 568 5903 ἐπηγγείλαντο·
626 5827 711 5882 ἐπ’
769 5828 915 5897 αὐτῷ
979 5827 1032 5878 δὲ
1075 5824 1209 5879 εἶναι
1260 5827 1618 5894 παρῑλαειϐαν
1654 5845 1699 5879 ιν

1800 4660 2065 4703 autumno
2117 4665 2366 4703 reversus
2388 4691 2402 4714 ,
2436 4650 2551 4717 ipse
2580 4660 2634 4703 et.
2664 4658 2815 4719 pater
2844 4660 3087 4704 oratores
3116 4652 3182 4703 ad
3215 4651 3327 4705 Catt
3347 4681 3360 4691 -

1805 4750 2123 4795 tacttzenum
2174 4743 2439 4802 mittunt,
2482 4742 2730 4795 Thraciae
2782 4742 2967 4805 urbes,
2999 4743 3140 4796 sicut
3180 4754 3361 4797 essent

1801 4834 2062 4902 polliciti,
2106 4833 2244 4886 velle
2304 4834 2625 4885 restituere;
2680 4833 2888 4885 arbitrii
2942 4848 3092 4894 esse,
3142 4836 3361 4903 quando

1803 4922 2057 4986 libuerit,
2114 4937 2208 4975 cas
2277 4924 2547 4990 accipere.
2596 4923 2899 5013 Imperator
2968 4922 3360 4977 humanitatem

1802 5016 1961 5069 istam
1997 5015 2210 5068 liberali
2242 5015 2539 5082 gratiarum
2576 5010 2828 5076 actiune,
2864 5023 2915 5065 ct
2954 5014 3158 5082 legatos
3205 5015 3364 5067 donis

1803 5104 2105 5172 magniﬁcis
2145 5114 2500 5171 prosecutus,
2547 5103 2690 5155 diem
2738 5101 3039 5169 pra-tinuit.
3082 5116 3190 5169 quo
3224 5117 3359 5169 lpSt‘,

1800 5204 1856 5248 ct
1901 5195 1992 5262 qui
2044 5208 2233 5246 eorum
2285 5192 2510 5245 nomine
2565 5194 2726 5244 urbes
2774 5191 3023 5243 tradituri
3070 5202 3272 5255 essent,
3304 5190 3359 5243 in

1803 5286 2037 5338 Thracia
2086 5293 2502 5351 comparerent,
2541 5296 2599 5335 ut
2657 5282 2909 5334 Barbarts’
2952 5278 3193 5341 exactis,
3247 5282 3361 5346 ipse

1805 5375 2056 5443 praesidia
2103 5390 2198 5427 sua
2235 5373 2559 5432 induceret.
2596 5382 2649 5426 et
2692 5377 2853 5440 quam
2896 5372 3096 5439 optime
3137 5371 3358 5433 liceret,

1803 5466 1909 5517 illis
1946 5464 2321 5532 prospiceret:
2359 5464 2581 5531 jamque
2625 5461 2693 5515 ad
2747 5462 2851 5514 hoc
2899 5476 2957 5514 se
3022 5460 3356 5528 accingebat.

1802 5554 2016 5608 Interea
2065 5554 2396 5623 l’almnlogus
2441 5569 2584 5617 una,
2630 5568 2795 5621 quam
2847 5551 3105 5615 habebat,
3150 5551 3357 5602 triremi

1802 5646 2092 5708 instructa,
2122 5655 2176 5699 et
2202 5646 2410 5713 aliquot
2440 5645 2788 5713 conquisitis,
2815 5644 3036 5698 Tenedo
3065 5644 3360 5711 derepente

1804 5739 2004 5805 ignaris
2037 5737 2311 5800 omnibus,
2354 5736 2674 5806 Byzantium
2706 5751 2898 5790 versus
2938 5751 3159 5789 cursum
3203 5734 3363 5786 insti-

1806 5830 1926 5891 tuit,
1966 5836 2019 5881 et
2054 5839 2217 5881 noctu
2249 5828 2301 5880 itt
2345 5827 2535 5880 navale
2565 5825 2872 5893 llcptascali
2904 5824 3170 5894 pervenit.
3200 5822 3364 5875 Fama
