4218 6446
826 391 933 452 295

2016 381 2342 443 J'OANNIS
2379 381 2903 442 CANTACUZENI

3982 390 4088 451 296

817 519 1000 561 autem
1044 520 1138 573 per
1182 504 1371 557 urbem
1404 501 1605 563 didita,
1634 498 1815 552 omnia
1868 496 2026 567 plena
2077 497 2384 558 turbarunt,
2419 501 2458 554 Λ

2503 495 2652 563 ἡνίκα
2681 498 2743 547 Ξιν
2779 496 2956 565 ἐθέλῃ.
3000 497 3204 563 Πολλὰς
3235 500 3290 553 δὲ
3334 500 3513 563 αὐτοῖς
3542 502 3878 571 ὁμολογήσας
3928 508 4086 574 χαριο

817 610 873 653 et
914 614 1121 668 magna:
1157 596 1499 650 confusionis
1526 594 1877 655 exstiterunt,
1907 592 2248 661 populusque
2295 606 2392 658 pro

817 692 1123 758 Palzrologo
1166 690 1455 741 decertare
1510 684 1821 754 gestiebat:
1878 683 1968 738 sed
2022 683 2390 737 Cantacuzeni

821 783 1118 852 potentiam
1160 778 1524 831 reformidans
1557 776 1809 844 (putabat
1842 776 1988 829 enim
2030 775 2213 827 statim
2242 787 2392 825 arma

822 873 1231 939 expediturum)
1280 885 1339 923 se
1389 869 1676 928 cohibuit,
1732 867 2048 933 sensimque
2108 865 2391 918 subduxit.

822 966 1236 1019 Cantaeuzenus
1277 962 1367 1015 ubi
1391 977 1650 1030 generum
1681 958 1919 1029 Byzantii
1951 974 2071 1012 esse
2092 957 2300 1019 didicit,
2327 959 2393 1010 ad

821 1058 1170 1115 conflictum,
1204 1053 1510 1138 ’cmdesque
1569 1051 1865 1120 procedi-re
1914 1065 2141 1117 prorsus
2196 1051 2390 1102 noluit.

824 1147 1097 1199 Przesente
1120 1155 1301 1197 autem
1330 1145 1573 1215 (Iydone,
1595 1144 1685 1211 qui
1714 1143 1764 1193 in
1799 1144 1944 1211 regia
1973 1150 2091 1195 erat
2119 1142 2393 1205 assiduus,

824 1254 932 1290 non
969 1240 1142 1289 solum
1181 1237 1309 1304 quia
1350 1235 1667 1303 imperatori
1704 1234 2081 1293 charissitnus,
2118 1234 2214 1286 sed
2267 1234 2394 1300 quia

824 1330 987 1381 etiam
1028 1330 1362 1397 privatarum
1414 1341 1598 1379 rerum
1636 1341 1840 1389 comes,
1898 1340 2121 1378 necesse
2165 1324 2397 1377 habebat

825 1419 892 1470 ab
924 1435 989 1471 eo
1038 1435 1138 1472 nec
1186 1429 1369 1481 noctu,
1421 1432 1522 1470 nec
1559 1418 1816 1479 interdiu,
1850 1417 2157 1479 discedere,
2204 1416 2394 1468 lrenen

824 1513 1225 1581 imperati-irem
1282 1511 1366 1561 his
1425 1510 1652 1561 vot-ihns
1699 1508 2045 1575 compellavit
2079 1507 2395 1574 :Siqt:ident

825 1605 1059 1656 antehac
1096 1602 1253 1653 nobis
1286 1617 1391 1652 non
1422 1600 1659 1650 Stetisset
1694 1615 1721 1649 a
1760 1599 2017 1665 negotiis,
2056 1613 2119 1649 ac
2156 1596 2401 1649 tumulti-

828 1696 928 1746 bus
958 1693 1235 1752 recedere,
1273 1702 1327 1744 et
1357 1692 1654 1742 monastica
1690 1700 1837 1743 veste
1872 1692 2117 1750 indutos,
2153 1688 2218 1741 ad
2254 1688 2400 1740 futu-

829 1802 941 1838 ram
986 1786 1129 1836 illam
1173 1782 1435 1850 gloriam,
1470 1781 1882 1847 claritateman
1925 1780 2219 1836 festinare.
2265 1779 2397 1832 nihil

2502 603 2600 648 τας
2632 588 2661 638 6
2695 587 2950 655 βασιλεὺς
2980 589 3077 657 τῆς
3110 593 3189 653 εἰς
3213 594 3373 643 αὑτὸν
3405 593 3638 658 εὐνοίας,
3674 600 3764 646 καί
3799 599 3924 656 τοὺς
3958 615 4086 665 πρε-

2506 677 2654 739 σϐεις
2705 678 2898 745 δώροις
2949 680 3245 750 φιλοτίμως
3303 683 3696 752 ἀμειψάμενος,
3758 687 4083 755 ἀπέπεμψε,

2502 773 2845 840 προθεσμίαν
2878 772 3103 841 θέμενός
3151 790 3293 839 τινα,
3318 776 3374 826 ἐν
3430 770 3661 848 ᾖαὺτόν
3714 794 3770 829 τε
3823 779 3930 829 ἔδει
3993 782 4086 832 καὶ

2501 862 2632 924 τοὺς
2667 863 3089 931 παραδώσοντας
3125 866 3220 925 τὰς
3253 865 3434 927 πόλεις
3468 864 3766 935 εἶναιπρὸς
3810 872 3909 934 τὴν
3942 870 4059 939 (ipsi.

2503 966 2623 1015 κτιν,
2655 948 2793 1000 ὥστε
2813 950 2916 1001 τῶν
2947 950 3234 1020 βαρϐαρων
3259 952 3702 1021 ἐξελαυνομένων
3740 956 4087 1021 ἀντεισάγειν

2506 1040 2667 1092 αὐτὸν
2698 1044 2983 1110 φρουροὺς,
3049 1044 3139 1095 καὶ
3179 1043 3521 1110 προνοεῖσθαι
3560 1045 3666 1096 τῶν
3720 1046 3952 1109 πόλεων,
4013 1050 4086 1108 ὡς

2501 1134 2567 1184 ἂν
2626 1134 2863 1201 μάλιστα
2921 1135 3069 1203 αὐτῷ
3124 1135 3275 1205 δοκῇ,
3310 1139 3399 1190 καὶ
3450 1142 3893 1206 παρεσκευάζετο
3947 1143 4085 1209 πρὶς

2501 1222 2679 1277 τοῦτο.
2732 1226 2816 1277 Ἐν
2845 1226 3017 1295 τούτῳ
3049 1227 3102 1278 δὲ
3142 1228 3469 1295 Παλαιλόγος
3501 1231 3528 1280 6
3579 1230 3851 1299 βασιλεὺς,
3879 1233 4081 1300 τριήρη

2505 1314 2669 1382 μίαν,
2715 1316 2890 1384 ἥνπερ
2930 1313 3100 1387 εἶχεν,
3150 1320 3469 1385 ὲφ-νιπλίσας,
3509 1324 3601 1374 καὶ
3634 1324 3890 1392 μονήρεις
3936 1325 4087 1384 τινας

2505 1408 2982 1475 συμπορισάμενος
3010 1414 3073 1462 ἐκ
3095 1411 3340 1473 Τενέδου,
3373 1413 3567 1480 ἀθρόον
3597 1413 3825 1482 μηδενὸς
3854 1414 4082 1477 εἰδότος,

2504 1498 2802 1550 ἐπέπλευσε
2838 1500 3138 1570 Βυζαντίῳ,
3192 1504 3284 1554 καὶ
3317 1504 3532 1570 ἐγένετο
3566 1506 3761 1565 νυκτὸς
3798 1505 3947 1557 ἔνδον
3984 1506 4078 1556 τοῦ

2504 1589 2562 1639 ἐν
2602 1586 2959 1661 Ἑπτασκὰλῳ
3002 1595 3246 1663 νεωρίου.
3283 1595 3395 1663 Τῆς
3432 1598 3617 1666 φήμης
3654 1597 3708 1649 δὲ
3753 1597 4087 1663 διαδοθείσης

2509 1680 2643 1745 πρὶς
2673 1682 2775 1745 τὴν
2812 1680 2985 1744 πόλιν,
3035 1682 3295 1750 σύγχυσις
3317 1685 3462 1754 δεινὴ
3500 1685 3592 1737 καὶ
3627 1686 3823 1750 ἀταξία
3856 1687 3918 1738 τὸ
3977 1689 4084 1739 πᾶν

2508 1772 2747 1838 κατεῖχε,
2781 1772 2872 1822 καὶ
2903 1774 2929 1823 6
2961 1772 3133 1840 δῆμος
3165 1772 3392 1843 ὥρμητο
3416 1776 3512 1844 μὲν
3576 1775 3791 1845 βασιλεῖ
3840 1777 3921 1844 τῷ
3981 1780 4085 1847 νέῳ

824 1885 944 1929 erat
981 1879 1032 1928 in
1066 1889 1307 1942 pnesens
1336 1880 1439 1924 tam
1488 1871 1881 1931 necessarium,
1922 1882 2139 1939 Iamque
2174 1870 2393 1937 frugilc-
2431 1848 2472 1907 Β

2510 1864 2838 1929 συμμαχεῖν,
2886 1864 2982 1925 τὴν
3036 1864 3092 1915 δὲ
3149 1865 3609 1936 Καντακουζηνοῦ
3664 1866 3758 1918 τοὺ
3813 1866 4079 1935 βασιλέως

826 1984 990 2025 rum,
1047 1982 1207 2033 quam
1269 1974 1460 2015 coacto
1528 1963 1701 2014 milite
1752 1964 2005 2030 protinus
2049 1962 2264 2014 obviam
2319 1962 2397 2015 ire

827 2060 1099 2120 hostibus,
1134 2074 1194 2109 ac
1231 2071 1459 2124 parcere
1491 2071 1713 2123 prorsus
1742 2055 1968 2119 nemini,
2007 2055 2182 2108 donec
2207 2069 2397 2108 omnes

826 2153 961 2206 urbe
990 2150 1427 2218 cxpulissemus:
1469 2148 1613 2215 quod
1650 2148 1792 2199 factu
1832 2147 2148 2200 facillimum
2183 2148 2396 2211 luissi't,

826 2255 1089 2312 quantum
1123 2257 1186 2292 ex
1222 2241 1437 2292 illorum
1477 2240 1819 2301 infirmitate,
1858 2247 1913 2291 et
1948 2239 2152 2291 nostris
2191 2239 2399 2293 viribus

825 2334 1137 2401 conjectare
1162 2329 1702 2382 lieet.Vcrumtamen
1730 2327 1773 2379 si
1799 2328 1955 2381 nobis
1982 2343 2075 2381 seu
2093 2327 2395 2389 vincamus,

828 2433 922 2472 seu
957 2419 1263 2479 vincamur,
1305 2416 1387 2471 his
1438 2417 1602 2469 rebus
1647 2416 1955 2469 valediecre
1997 2432 2219 2469 necesse
2279 2426 2396 2478 est,

828 2511 959 2579 quid
1013 2526 1191 2577 pugna
1240 2524 1302 2561 ac
1349 2507 1592 2560 etedihus
1625 2508 1802 2573 Opus?
1838 2506 1900 2559 Et
1931 2522 2053 2560 eum
2092 2507 2222 2559 ιιιΙιξΙ
2272 2507 2397 2562 inde

827 2599 1187 2655 emolumenti
1218 2598 1283 2651 ad
1314 2613 1412 2652 nos
1442 2597 1628 2650 redeat
1655 2598 1755 2650 nisi
1785 2598 1935 2650 labes
1963 2598 2130 2650 animi
2163 2597 2231 2650 ob
2259 2599 2397 2651 ell‘u-

829 2708 949 2757 sum
983 2692 1330 2759 sanguinem,
1372 2698 1429 2741 et
1474 2689 1525 2741 in
1560 2689 1710 2741 omni
1747 2688 1853 2742 vita
1898 2703 2054 2741 acres
2105 2688 2397 2741 conscien-

833 2782 1033 2834 tiarum
1080 2781 1287 2834 stimuli
1336 2783 1418 2849 (ut
1450 2789 1654 2832 taceam
1700 2779 1767 2832 de
1803 2780 2093 2848 suppliciis
2146 2780 2401 2849 hujusce-

831 2873 978 2926 modi
1037 2872 1380 2941 patrantibus
1434 2870 1487 2923 in
1535 2877 1776 2924 futurum
1815 2872 2113 2939 repositis),
2159 2886 2257 2924 cur
2291 2887 2398 2925 non

832 2963 1016 3032 petius
1067 2962 1415 3031 imperatoris
1475 2962 1768 3014 adventum
1830 2963 2173 3016 occasionem
2219 2962 2400 3014 omnia

833 3054 1121 3107 deserendi
1168 3053 1419 3113 facitnus,
1459 3062 1514 3106 et
1557 3053 1719 3105 saluti
1774 3063 1974 3105 nostrae
2014 3053 2115 3106 soli
2172 3052 2402 3105 inservi-

834 3145 999 3198 mus?
1023 3144 1177 3209 Quod
1207 3145 1251 3198 si
1288 3146 1427 3199 inter
1460 3146 1625 3198 filium
1680 3153 1736 3198 et
1765 3161 2028 3214 generum
2064 3146 2401 3215 restinguere

834 3239 1040 3291 bellant
1078 3238 1449 3305 nequivimus,
1510 3239 1675 3307 866
1706 3239 1797 3292 sed
1827 3238 2008 3291 adhuc
2040 3254 2203 3307 super
2234 3239 2403 3305 impe-
2429 3204 2472 3257 Ο

834 3328 919 3381 rio
950 3330 1310 3392 contendunt,
1346 3337 1399 3381 at
1442 3341 1593 3383 certe
1629 3330 1758 3382 illud
1813 3330 2133 3396 videndum,
2171 3332 2214 3383 si
2266 3331 2401 3383 citra

836 3421 1155 3488 sanguinein
1200 3437 1262 3473 ac
1303 3419 1505 3473 caedem
1540 3421 1719 3475 facere
1751 3422 1880 3474 illud
1916 3421 2127 3485 liceret,
2166 3434 2223 3475 ut
2251 3422 2401 3476 vole-

837 3510 1050 3572 bamus,
1079 3527 1241 3578 qnam
1287 3522 1433 3563 esset
1469 3528 1607 3580 opus
1636 3515 1936 3582 egregium.
1991 3514 2144 3567 Nunc
2190 3513 2244 3565 in
2282 3528 2401 3566 eam

837 3601 1223 3652 necessitatem
1271 3599 1474 3669 delapsi
1526 3618 1735 3664 sumus,
1780 3613 1839 3655 ut
1867 3610 1962 3655 ant
2011 3614 2206 3671 sponte
2257 3619 2405 3657 rece-

837 3690 1076 3743 dendum
1112 3690 1179 3742 ab
1207 3691 1292 3744 bis
1324 3692 1509 3755 rebus,
1541 3701 1635 3746 aut
1666 3710 1841 3762 pugna
1870 3693 2155 3746 occidendi
2200 3694 2403 3761 hostes,

838 3789 933 3833 aut
963 3781 1123 3834 nobis
1164 3782 1295 3846 ipsis
1332 3782 1563 3837 fortasse
1614 3785 1957 3837 tnoriendum
2000 3786 2090 3840 sit.
2136 3785 2405 3849 Quoniam

840 3870 1007 3939 igitur
1041 3880 1099 3924 et
1152 3872 1293 3925 vinei
1344 3874 1741 3942 turpissimum,
1783 3884 1947 3943 atque
1995 3876 2406 3929 calamitosissi-

839 3974 1013 4019 lnnm,
1042 3968 1097 4011 et
1115 3959 1333 4013 vincere
1362 3961 1617 4015 similiter
1637 3963 2073 4018 infelicissimum
2096 3973 2200 4024 est,
2221 3980 2321 4017 cur
2352 3973 2406 4017 et

838 4049 1139 4112 communi,
1171 4058 1226 4102 et
1257 4050 1415 4105 nobis
1453 4052 1585 4119 ipsis
1630 4052 1866 4105 nolimus
1895 4053 2229 4107 consulere?
2266 4054 2406 4107 Huic

840 4138 1192 4207 imperatoris
1226 4140 1459 4194 consilio
1492 4150 1748 4209 tanquam
1787 4145 2036 4203 salutari.
2066 4145 2207 4197 haud
2242 4159 2405 4211 repu-

836 4230 1025 4298 gnavit
1069 4231 1410 4299 imperatrix.
1455 4232 1810 4302 Congregatis
1862 4249 2024 4302 porro
2074 4238 2125 4287 in
2183 4236 2403 4303 palatio,

838 4320 933 4386 qui
964 4320 1348 4373 Cantaetzzeno
1382 4322 1641 4377 favebant
1689 4325 2094 4392 impensissime
2118 4369 2130 4387 ,
2166 4343 2271 4378 non
2308 4326 2406 4379 nii-

837 4410 1028 4463 litibus
1060 4411 1241 4473 modo,
1270 4411 1364 4465 sed
1403 4423 1457 4465 et
1485 4414 1850 4468 nobilioribus
1899 4431 2005 4467 non
2041 4418 2249 4483 paucis.
2292 4427 2405 4470 tnr-

2504 1951 2796 2013 δεδοικότες
2824 1952 3052 2023 δύναμιν
3073 1957 3323 2025 (ἣλπιζον
3348 1958 3457 2027 γὰρ
3497 1959 3659 2010 αὐτὸν
3682 1961 3882 2011 αὐτίκα
3910 1964 4086 2029 χωρή-

2508 2060 2622 2093 σειν
2678 2045 2769 2096 ini.
2817 2045 3043 2116 μάχην),
3101 2049 3504 2101 συνεοτλλοντο
3566 2054 3657 2102 καὶ
3746 2052 4081 2119 ὑπειθώριυν.

2507 2125 2763 2191 Βασιλεὺς
2822 2131 2877 2183 δὲ
2923 2135 2950 2184 6
2996 2134 3445 2202 Καντακουζηνδς
3489 2139 3610 2188 ἐπεὶ
3660 2139 3890 2191 πύθοιτο
3944 2140 4085 2192 ἔνδον

2506 2219 2807 2283 Βυζαντίου
2871 2223 3001 2276 ὄντα
3047 2226 3270 2295 βασιλέα
3307 2227 3397 2279 τὸν
3425 2231 3697 2298 γαμόρὸν,
3742 2231 3801 2283 τὸ
3835 2233 3939 2299 μὲν
4000 2236 4084 2283 ἐπὶ

2508 2315 2685 2381 μῖπχας
2708 2319 2905 2385 χωρεῖν
2965 2316 3301 2384 πιανέ-φόνους
3367 2320 3677 2389 ἀπηγόρευε
3740 2324 4082 2387 παντάπασι,

2506 2406 2770 2474 παρόντος
2795 2407 2848 2460 δὲ
2880 2409 2974 2460 καὶ
3002 2408 3249 2478 Ιίυδώνη,
3303 2411 3361 2473 ὃς
3388 2411 3535 2464 ἔνδον
3565 2412 3849 2483 βασιλείων
3885 2415 4081 2480 διέτρι-

2506 2496 2598 2546 ὗεν
2628 2500 2735 2561 ἀεὶ,
2756 2499 2816 2549 οὐ
2858 2499 3016 2567 μόνον
3050 2501 3137 2555 διὰ
3170 2503 3267 2569 τὴν
3297 2502 3587 2571 εὐμένειαν
3612 2507 3675 2574 ἣν
3704 2506 3909 2576 πολλὴν
3934 2510 4084 2575 παίά

2507 2590 2772 2659 βασιλέως
2823 2592 3154 2661 ἐκαρποῦτο,
3209 2593 3324 2645 ἀλλ’
3375 2597 3456 2647 ὅτι
3491 2598 3722 2658 καὶτοῖς
3774 2598 4071 2667 πράγμασι

2509 2681 2763 2749 μεσάζων
2815 2684 3060 2753 ἀνάγκην
3102 2682 3244 2755 εἶχεν
3305 2686 3394 2739 ἀεὶ
3439 2690 3671 2740 συνεῖναι
3728 2689 3947 2757 βασιλεῖ
3989 2692 4077 2743 νύ-

2506 2789 2676 2842 κτωρ,
2717 2776 2811 2825 καὶ
2839 2777 2940 2843 μεθ
2961 2776 2973 2797 ’
3001 2776 3215 2846 ἡμέραν
3246 2779 3378 2847 πρὸς
3410 2780 3647 2849 Εἰρήνην
3683 2781 3931 2848 βασιλίδα
3987 2780 4079 2850 τὴν

2508 2870 2738 2930 γυναῖκα
2770 2862 2924 2918 εἶπεν
2958 2884 2971 2896 ·
3008 2868 3069 2919 Et
3107 2870 3205 2936 μὲν
3232 2869 3306 2938 μὴ
3339 2871 3609 2940 πρότερον
3657 2872 3903 2924 ἐδέδοκτο
3952 2874 4080 2943 ἡμῖν

2506 2956 2614 3006 τῶν
2657 2959 2997 3027 πραγμάτων
3036 2961 3341 3030 ἀναχωρεῖν
3358 2964 3453 3014 καὶ
3492 2964 3599 3016 τῶν
3656 2964 3925 3030 θορύϐων,
3991 2965 4084 3017 καὶ

2511 3047 2759 3115 μοναχῶν
2815 3050 3067 3113 ἐνδύντας
3174 3051 3363 3122 σχῆμα
3426 3054 3558 3123 πρὸς
3611 3056 3710 3123 τὴν
3785 3056 4084 3124 μέλλουσαν

2511 3139 2725 3209 ἐκείνην
2757 3139 3004 3193 εὓκλειαν
3028 3144 3372 3211 ἐπείγεσθαι,
3421 3148 3513 3199 καὶ
3543 3146 3806 3212 εὐδοξίαν,
3834 3149 3990 3199 οὐδὲν
4017 3150 4081 3200 ἂν

2506 3224 2585 3298 ἦν¹
2622 3234 3075 3303 ἀναγκαιότερον,
3114 3236 3234 3288 οὐδὲ
3274 3238 3474 3306 μᾶλλον
3532 3239 3845 3291 λυσιτελοῦν
3908 3243 3969 3292 ἐν
4003 3242 4079 3308 τῷ

2509 3321 2755 3389 παρόντι,
2789 3323 2855 3391 ἢ,
2890 3327 2991 3391 τὴν
3023 3327 3281 3395 στρατιὰν
3327 3328 3688 3391 ἀναλαϐόντα,
3718 3333 3917 3399 χωρεῖν
3952 3332 4083 3383 εὐθὺ

2505 3410 2612 3462 τῶν
2657 3415 2951 3482 πολεμίων,
3012 3418 3107 3467 καὶ
3160 3418 3439 3484 φείδεσθαι
3500 3420 3745 3490 μηδενὸς,
3792 3421 3932 3472 ἀλλὰ
3994 3422 4083 3473 διὰ

2507 3505 2721 3557 πάντων
2780 3506 2913 3558 ἱέναι
2963 3506 3120 3576 ἄχρις
3150 3508 3214 3560 ἂν
3267 3509 3632 3580 ἐξελάσαιμεν
3702 3512 3803 3579 τῆς
3847 3513 4082 3577 πόλεως,

2506 3596 2533 3647 ὃ
2568 3597 2803 3665 μάλιστα
2857 3600 3031 3668 ῥᾷστα
3057 3598 3122 3651 ἂν
3153 3602 3663 3672 κατειργασάμεθα,
3695 3604 3821 3655 ὅσον
3857 3606 3969 3656 ἀπό
4025 3623 4083 3658 τε

2505 3688 2599 3756 τῆς
2637 3689 2863 3741 ἐκείνων
2879 3689 3198 3759 ἀδυναμίας,
3220 3694 3315 3745 καὶ
3346 3696 3444 3762 τῆς
3469 3698 3743 3765 ἡμετέρας
3793 3697 4084 3767 δυνάμεως

2506 3780 2621 3831 ἐστι
2649 3780 3004 3848 στοχάζεσθαι
3036 3796 3053 3812 ο
3086 3783 3138 3833 εἰ
3160 3784 3214 3835 δὲ
3238 3784 3426 3836 νικῶσί
3457 3803 3515 3839 τε
3559 3786 3762 3855 ὁμοίως
3792 3789 3889 3841 καὶ
3914 3793 4086 3856 ἡττω-

2512 3872 2693 3941 μένοις
2735 3872 2795 3923 τὸ
2809 3872 2916 3922 τῶν
2938 3877 3279 3941 πραγμάτων
3301 3876 3920 3947 ἀναγκαίωςπρόκειται
3941 3883 4082 3932 ἀπο-

2508 3963 2727 4030 χωρεῖν,
2767 3962 2819 4012 τί
2842 3962 2921 4012 δεῖ
2952 3961 3125 4028 φόνων
3154 3964 3250 4015 καὶ
3274 3964 3527 4034 πολέμων
3544 3968 3698 4035 ἠμῖνς
3722 3969 3878 4021 οὐδὲν
3917 3971 4077 4022 πλέον

2508 4049 2722 4113 ἕξουσιν
2783 4053 2845 4102 ἐκ
2887 4050 3092 4102 τούτων
3122 4050 3155 4120 ἢ
3189 4052 3286 4115 τὰς
3321 4054 3385 4105 ἐκ
3438 4054 3547 4106 τῶν
3597 4056 3774 4122 φόνων
3829 4059 4075 4127 κηλῖδας,

2508 4147 2601 4194 καὶ
2632 4145 2754 4204 τοὺς
2779 4142 2867 4193 διὰ
2921 4142 3035 4212 βίου
3066 4143 3159 4196 τοῦ
3204 4146 3503 4207 συνειδότος
3559 4146 3767 4209 δεινοὺς
3821 4150 4081 4219 ἐλέγχους

2510 4233 2606 4301 (ἐῶ
2650 4233 2758 4302 γὰρ
2802 4235 2898 4296 τάς
2926 4236 2982 4285 ἐν
3027 4234 3101 4303 τῷ
3143 4234 3389 4303 μέλλοντι
3419 4237 3518 4306 βίῳ
3544 4240 3655 4300 τοῖς
3699 4240 3929 4294 τοιαῦτα
3960 4244 4079 4294 τολο

2513 4324 2684 4393 μῶσιν
2729 4325 3099 4394 ἀποκειμένας
3140 4326 3430 4395 τιμωρίας)
3455 4342 3469 4355 ⁸
3504 4328 3639 4381 ἀλλά
3675 4330 3748 4399 μὴ
3805 4335 4080 4400 πρόφασιν

2508 4415 2604 4482 τὴν
2660 4414 2922 4480 βασιλέως
2964 4414 3223 4483 θεμένους
3271 4417 3581 4488 ἐπιδημίαν,
3623 4422 3798 4473 πάντα
3828 4426 4080 4477 καταλεί-

841 4506 1025 4557 battnn
1056 4514 1136 4558 est
1171 4521 1279 4558 non
1310 4505 1683 4569 mediocriter,
1725 4525 1848 4563 cum
1881 4526 2071 4563 tarmes
2113 4511 2165 4563 in
2214 4512 2402 4564 hostes
2432 4520 2472 4579 1]

2511 4523 2654 4570 πειν,
2688 4507 2782 4558 καὶ
2833 4508 2991 4575 μόνου
3024 4507 3270 4575 γίνεσθαι
3302 4508 3396 4560 τοῦ
3446 4511 3748 4579 «eadem;
3792 4515 3936 4567 Είδὲ
4002 4520 4075 4585 μὴ

840 4595 1206 4649 invadendum
1251 4597 1570 4650 suaderent.
1607 4598 1883 4668 Praecipue
1932 4611 2110 4653 tamen
2154 4602 2402 4656 Catalani

840 4686 1162 4739 mercenarii
1199 4686 1524 4751 fremebant,
1553 4698 1609 4741 et
1658 4705 1714 4743 se
1757 4690 1809 4743 in
1845 4692 2032 4745 hostes
2062 4692 2278 4746 immitti
2314 4694 2407 4745 lla-

838 4776 1085 4843 gitabant
1113 4791 1129 4828 :
1160 4778 1311 4830 nnllo
1351 4779 1555 4846 quippe
1591 4781 1811 4848 negotio
1860 4782 1980 4836 illos
2035 4784 2169 4837 urbe
2213 4785 2405 4854 depul-

839 4881 1022 4919 suros.
1060 4866 1127 4919 At
1160 4868 1458 4935 imperator
1509 4884 1633 4923 cum
1689 4887 1880 4940 pugna:
1914 4874 2125 4941 copiam
2178 4890 2405 4942 prorsus

841 4963 901 5006 ut
940 4954 1188 5007 inutilem
1229 4965 1471 5023 negaret,
1506 4960 1905 5027 consiliumque
1939 4976 2097 5013 suum
2141 4963 2404 5016 militibus

843 5044 1068 5096 minime
1103 5046 1561 5099 manifestandum
1607 5050 1979 5104 arbitraretur
2003 5053 2091 5119 (ne
2118 5054 2401 5107 audaciant

839 5147 1067 5193 eorum,
1114 5142 1167 5185 et
1208 5135 1486 5199 studium,
1534 5138 1976 5209 alacritatemque
2022 5158 2146 5211 erga
2195 5160 2253 5197 se
2297 5162 2402 5198 non

845 5241 1032 5291 parum
1058 5226 1425 5291 imniinueret,
1453 5230 1919 5294 ratiocinantium,
1950 5244 2007 5286 ut
2036 5245 2179 5288 esset
2214 5237 2405 5290 verisi-

847 5315 993 5376 mile,
1040 5315 1319 5368 neminem
1360 5323 1549 5371 e'orum
1592 5329 1970 5375 strenuitatem
2022 5338 2405 5379 remuneratu-

846 5421 991 5468 rum,
1027 5408 1071 5460 si
1110 5408 1414 5475 imperator
1460 5411 1692 5480 imperio
1722 5428 1779 5466 se
1816 5414 2095 5478 abdicans,
2127 5417 2290 5470 verba
2324 5418 2405 5472 eis

844 5500 1013 5556 dare.
1062 5508 1117 5552 et
1160 5513 1349 5553 eorum
1399 5502 1660 5570 impetum
1710 5506 1990 5558 retardare
2022 5510 2306 5574 conetur),
2346 5508 2404 5562 Si

843 5599 1030 5642 contra
1058 5598 1296 5655 exteros,
1326 5592 1630 5661 inquiebat,
1666 5598 1819 5648 nobis
1851 5596 2051 5650 bellum
2090 5611 2253 5661 esset,
2284 5600 2407 5667 qui-

849 5678 949 5732 bus
978 5680 1102 5747 quis
1129 5681 1468 5751 interemptis
1495 5702 1630 5755 pura
1667 5688 2031 5752 frueretur,ct
2059 5705 2224 5743 vacua
2257 5692 2405 5745 onmi

847 5784 1077 5827 mmrore
1123 5772 1333 5841 laetitia,
1367 5791 1467 5831 nec
1510 5793 1611 5847 ego
1643 5779 1862 5848 quidem
1914 5781 2066 5836 vobis
2112 5783 2402 5838 suasissent

2504 4596 2874 4647 διαλελυκέναι
2919 4598 3010 4649 τὸν
3058 4599 3293 4667 πόλεμον
3324 4600 3670 4670 ἠδυνήθημεν
3720 4604 3798 4673 τῷ
3830 4622 3889 4657 τε
3952 4606 4074 4675 υῑῴ,

2505 4686 2599 4737 καὶ
2631 4685 2705 4751 τῷ
2746 4684 3000 4754 γαμϐρῷ,
3048 4686 3161 4738 ἀλλ’
3208 4687 3592 4741 ὑπολέλειπται
3644 4693 3831 4756 αὐτοῖς
3881 4697 3916 4765 ὴ
3961 4698 4076 4765 ερις

2504 4778 2630 4844 περὶ
2658 4775 2755 4843 τῆς
2784 4776 2962 4844 ἀρχῆς
2989 4791 3003 4807 ·
3033 4777 3147 4829 ἀλλ’
3171 4780 3351 4832 ἐκεῖνο
3373 4780 3479 4851 χρὴ
3502 4786 3745 4849 σκοπεῖν,
3773 4785 3870 4847 ὼς,
3902 4790 3953 4839 εί
3979 4790 4076 4857 μὲν

2503 4869 2749 4931 αἱμάτων
2814 4868 2983 4937 χωρὶς
3037 4871 3132 4921 καὶ
3183 4870 3357 4936 φόνων
3410 4874 3668 4941 πράττειν
3721 4874 3868 4928 τοῦτ’
3926 4878 4073 4949 ἐξῆν,

2504 4956 2689 5027 ὥσπερ
2732 4958 3091 5026 ἐϐουλόμεθα,
3134 4956 3201 5030 ἦν
3248 4962 3507 5031 ἄνεργον
3539 4965 3688 5029 ἀξιον
3737 4969 3930 5039 εὐχῆς,
3965 4979 4075 5025 νυνὶ

2505 5049 2560 5101 δὲ
2600 5051 2676 5110 εἰ,
2712 5052 2970 5120 τοιαύτην
2998 5052 3241 5120 ἀνάγκην
3268 5056 3627 5124 περιέστηκεν
3658 5060 3791 5126 ἡμῖν
3841 5061 3911 5112 τὰ
3937 5064 4077 5131 πρά-

2506 5158 2711 5208 γματα,
2770 5141 2899 5193 ὥστ’
2954 5143 2986 5211 ἢ
3038 5144 3262 5206 ἑκόντας
3306 5146 3691 5216 ὑποχωρεῖν,ῆ
3732 5156 4074 5220 μαχομένους

2506 5238 2734 5288 κτείνειν
2762 5238 2885 5297 τοὺς
2922 5238 3228 5305 πολεμίους,
3267 5238 3299 5308 ἢ
3332 5240 3527 5302 αὐτοὺς
3571 5242 3971 5312 ἀποθνήσκ;ιν,
4008 5249 4071 5299 ἂν

2507 5328 2771 5396 συμϐαίη.
2794 5329 2919 5380 Ὅτε
2966 5330 3144 5382 τοίνυν
3169 5330 3227 5381 τό
3257 5347 3313 5381 τε
3339 5333 3603 5401 ἡττᾶσθαι
3636 5335 3743 5386 τῶν
3770 5340 4074 5407 αἰσχίστων

2506 5420 2599 5470 καὶ
2628 5420 2816 5481 δεινὸν,
2873 5420 2964 5472 καὶ
2997 5420 3056 5473 τὸ
3106 5423 3262 5493 νικᾷν
3290 5423 3490 5491 ὁμοίως
3544 5426 3799 5494 οὐδεμιᾶς
3852 5434 4072 5486 ἀπολεί-

2508 5528 2667 5563 πεται
2709 5514 3108 5581 κακοπραγίας,
3161 5519 3284 5565 ὅτου
3344 5514 3505 5567 ἕνεκα
3556 5516 3629 5586 μὴ
3678 5517 3741 5571 τὸ
3792 5527 3951 5593 κοινῇ
4016 5542 4071 5577 τε

2505 5602 2702 5670 ὁμοίως
2758 5603 2849 5654 καὶ
2905 5603 3035 5669 ἡμῖν
3085 5604 3423 5674 αἱρησόμεθα
3494 5606 3844 5675 λυσιτελ·,ὖν;
3930 5615 4071 5683 Πρὸς

2508 5695 2677 5745 ταῦτα
2711 5695 2819 5746 οὐδ’
2942 5696 3147 5764 βασιλὶς
3204 5699 3475 5763 ἀνένευεν,
3511 5702 3643 5753 ἀλλά
3701 5706 3958 5759 ἐπείθετο
3998 5711 4073 5778 τῷ

2511 5786 2718 5854 βασιλεῖ
2764 5787 3134 5857 βουλευομένῳ
3163 5790 3226 5841 τὰ
3258 5788 3467 5859 βελτίω.
3524 5793 3608 5845 Ἐν
3662 5793 3959 5862 βασιλείοις
4018 5803 4071 5855 δὲ
