4218 6446
228 413 332 471 3Ὼό

228 526 509 595 γενιέμενοι
557 528 603 579 οἱ
658 528 917 595 βασιλεῖς,

231 617 332 681 μὲν
375 610 465 668 οὖν
514 617 694 681 ἄλλοι,
748 621 995 681 ἀτάκτως
1049 622 1376 690 ἐθορύϐουν,
1430 630 1524 678 καί
1573 628 1798 695 γνώμην

228 707 455 770 ἕκαστος
480 710 757 778 είσρέρειν
788 713 1125 783 ἐπεχείρουν,
1177 717 1209 785 ἢ
1239 717 1471 780 μάλιστα
1501 717 1566 770 ἂν
1591 718 1799 769 λυσιτε-

226 799 340 850 λεῖν
365 799 544 869 δοκοίη
574 801 647 863 ὡς
688 804 744 853 ὲν
777 804 888 864 τοῖς
922 805 1182 873 παροῦσι·
1216 805 1467 873 βασιλεὺς
1498 808 1553 859 δὲ
1581 807 1608 858 ὁ
1642 809 1795 870 νέος,

226 892 323 942 καὶ
364 892 471 943 τῶν
500 893 766 945 συνόντων
805 898 853 944 οἱ
892 897 1127 962 μάλιστα
1173 900 1229 950 ἐν
1273 899 1440 965 λόγῳ,
1477 901 1793 952 Καντακου·

227 980 375 1049 ζηνῷ
401 981 478 1049 τῷ
515 982 721 1051 βασιλΞί
764 989 1073 1054 προσεῖχον,
1108 989 1200 1040 καὶ
1229 991 1575 1042 ἀπεσκόπουν
1604 991 1795 1044 ὁποίαν

224 1072 350 1123 τι.νά
375 1072 502 1142 περὶ
528 1076 635 1126 τῶν
664 1078 1042 1145 προκειμένων
1071 1079 1296 1148 γνώμην
1322 1082 1639 1147 εἰσενέγκοι.
1680 1084 1796 1135 Κα-

224 1165 431 1225 ταστὰς
468 1165 523 1217 δὲ
566 1167 659 1218 καὶ
702 1168 861 1227 αὐτὸς
903 1171 982 1231 εἰς
1025 1169 1236 1237 λόγους,
1273 1168 1394 1223 εἷπε
1433 1174 1631 1227 τοιάδε·
1682 1176 1795 1245 Τὴν

230 1257 331 1321 μὲν
363 1256 586 1327 γνώμην
616 1258 769 1323 ὑμῶν
795 1258 869 1322 ὡς
904 1261 1104 1329 μᾶλλον
1133 1262 1225 1314 ἐπὶ
1255 1264 1314 1315 τί)
1340 1266 1595 1334 πολεμεῖν
1624 1268 1796 1335 ὲπῆρο

222 1362 311 1396 ται
345 1349 452 1403 τοῖν
481 1347 802 1415 βαρϐάροις,
834 1352 1093 1418 οἰομένων
1124 1354 1297 1421 ῥᾷστα
1331 1355 1680 1423 περιέσεσθαι
1702 1357 1795 1409 αύ-

220 1434 356 1495 τῶν,
377 1442 470 1487 καὶ
492 1437 935 1508 ένόλίγῳχρόνῳ,
955 1442 1016 1492 ὲκ
1039 1441 1249 1494 πολλῶν
1272 1442 1387 1494 ἔστι
1413 1444 1789 1513 στοχάζεσθαι.

222 1527 414 1577 Ταῦτα
464 1527 559 1591 μὲν
609 1528 700 1580 οὖν
753 1532 844 1581 ἐπί
898 1548 950 1581 τι
998 1532 1147 1594 τέλος
1192 1533 1391 1601 ἀγάγοι
1436 1536 1498 1587 τὸ
1546 1539 1794 1605 κρεῖττον

220 1617 419 1680 δεξιον,
455 1619 645 1688 ὥσπερ
680 1622 933 1690 βούλεσθε
964 1625 1150 1676 αὐτοί·
1182 1626 1217 1680 ἃ
1255 1628 1309 1679 δὲ
1340 1629 1525 1695 οῖομαι
1561 1631 1654 1681 καὶ
1692 1629 1792 1682 αύ-

220 1710 310 1769 ~.>.;
349 1712 405 1760 ἐν
433 1711 513 1779 τῷ
544 1714 773 1781 παρόντι
812 1716 1110 1769 λυσιτελεῖν
1145 1720 1296 1786 ἡμῖν,
1334 1718 1505 1771 ταῦτα
1543 1721 1788 1790 σημανῶ.

222 1802 299 1851 Οὐ
341 1805 633 1870 σωφρόνων
671 1806 855 1874 οἴομαι
886 1808 1188 1876 ἀνθρώπων
1209 1850 1220 1869 ,
1252 1811 1361 1863 οὐδ’
1396 1812 1568 1874 ἄλλως
1598 1812 1793 1879 ἐμπεί-

222 1909 333 1959 ρων
376 1889 538 1955 εἶναι,
587 1897 948 1965 ὡρμημένους
990 1901 1081 1954 ἐπὶ
1128 1902 1360 1973 πόλεμον
1409 1902 1484 1974 μὴ
1529 1906 1791 1975 πρότερςν

223 1984 327 2049 τήν
377 2002 433 2035 τε
483 1987 688 2039 ἑαυτῶν
725 1989 818 2041 καὶ
860 1991 958 2057 τὴν
1010 1991 1282 2062 πολεμίων
1320 1995 1792 2063 ὲπισκεῲαμένους

222 2075 479 2145 δύναμιν,
517 2078 685 2145 τύχης
728 2080 1062 2150 θαρροῦντας
1105 2084 1353 2155 ἀπιστίᾳ,
1392 2086 1621 2148 ἑαυτοὺς
1656 2086 1789 2153 πρὸς

223 2169 350 2228 τοὺς
382 2170 662 2233 κινδύνους
692 2172 959 2230 είσωθεῖν.
990 2176 1060 2228 Τὸ
1088 2177 1189 2243 μὲν
1208 2178 1317 2245 γὰρ
1341 2177 1435 2230 καὶ
1460 2177 1665 2241 ὅπλοις,
1698 2179 1793 2231 καὶ

221 2262 499 2327 χρήμασι,
561 2264 651 2314 καὶ
724 2266 917 2335 πλήθει
963 2271 1221 2336 στρατιᾶς
1264 2270 1607 2339 ἐρρωμένους
1651 2266 1791 2324 εἶναι

220 2347 444 2413 βῦαιον
482 2350 617 2418 πρὸς
661 2354 933 2421 σωτηρίαν
956 2369 971 2383 ⁸
1008 2354 1142 2423 τύχη
1175 2357 1232 2408 δὲ
1261 2356 1326 2408 τὰ
1354 2356 1521 2409 πλείω
1562 2358 1792 2426 σφάλλε-

216 2457 331 2492 ται,
377 2442 516 2509 "pb;
540 2441 631 2503 οὓς
651 2443 706 2495 δὲ
734 2445 863 2512 ἡμῖν
884 2447 911 2497 ὁ
936 2445 1168 2516 πόλεμῦς
1202 2448 1316 2500 ἐστι
1346 2446 1653 2517 βαρϐάρους
1676 2448 1789 2513 νῦν,

218 2535 321 2602 οὐχ
352 2535 477 2586 ὅσον
506 2537 816 2601 ἀγνοεῖσθαι
843 2538 1207 2608 διαφέρουσιν.
1251 2540 1546 2610 Ἐμπειρίᾳ
1587 2540 1695 2609 γὰρ
1724 2543 1788 2609 τῇ

221 2627 360 2691 προς
388 2626 488 2687 τὰς
518 2628 694 2696 μάχας
721 2629 979 2697 οὐδαμῶς
1010 2632 1429 2699 ἀπολειπόμενοι
1456 2632 1633 2701 ἡμῶν,
1666 2632 1795 2683 πολ-

222 2717 357 2767 ὶαπλ
376 2719 558 2779 ασίους
582 2721 687 2771 εἰσὶ
717 2719 791 2786 τῷ
824 2720 1041 2790 πλήρει,
1061 2723 1154 2775 καὶ
1178 2726 1242 2791 τῇ
1269 2726 1589 2791 παρασκευῇ
1622 2725 1791 2791 ερρω-

227 2809 588 2877 μενέστεροι,
638 2812 731 2861 καὶ
771 2811 905 2881 πρὸς
953 2812 1049 2873 τὰς
1097 2813 1383 2883 στρατείας
1420 2814 1790 2883 ἐτοιμὸτεροι,

223 2900 296 2961 dy
315 2898 429 2947 ιςθὶ
460 2900 549 2949 καὶ
577 2902 775 2964 προῖκα
806 2900 1225 2969 στρατευόμενοι
1252 2900 1330 2969 τῷ
1358 2901 1505 2970 σφῶν
1535 2902 1791 2971 δυνάστῃ.

228 2991 375 3058 Ηρ¹ς
424 2990 480 3040 δὲ
520 2990 750 3055 τούτοις,
795 2992 899 3059 γῆν
948 2990 1162 3060 ἔχοντες
1198 2992 1421 3062 πολλὴν,
1476 2993 1570 3046 καὶ
1613 2994 1795 3058 πόλεις

224 3083 258 3150 ἡ
288 3082 507 3148 δετέρας
547 3084 604 3135 ού
646 3083 788 3136 κατὰ
820 3083 917 3153 τὴν
958 3085 1145 3137 Ἀσίαν
1181 3085 1362 3152 μόνον,
1397 3085 1530 3139 ἀλλὰ
1570 3086 1663 3139 καὶ
1696 3086 1793 3155 τὴν

1316 425 1361 481 ll
1381 425 1845 484 lS'l'OlllAllUIil
1887 424 2112 483 LiBER
2165 424 2232 482 IV
2250 470 2264 483 .

973 533 1314 600 κατέστηπν
1362 537 1441 595 εἰς
1484 535 1695 603 λόγους.
1737 537 1800 586 Ol
1828 533 1873 592 Λ
1907 551 1932 584 a
1989 534 2147 586 nobis
2178 531 2507 596 discrepent.
2568 530 2639 583 Ex

1792 533 1873 592 EA
1907 551 1932 584 a
1989 534 2147 586 nobis
2178 531 2507 596 discrepent.
2568 527 2967 583 Exercitatioue
3018 525 3172 583 enim
3236 527 3458 577 militari

3354 417 3461 486 306

1903 636 2245 690 nequauuam
2298 621 2551 687 impares,
2602 631 2831 671 numero
2886 617 3040 684 longe
3095 625 3375 684 superant,
3412 626 3466 667 ιιι

1900 723 2160 784 apparatu
2212 710 2666 773 conlirniatiores,
2727 721 2891 779 atque
2938 710 3002 762 ad
3058 709 3463 775 expeditionem

1899 809 2281 874 promptiores,
2338 804 2484 856 nulla
2540 800 2832 863 mercede,
2906 808 2962 853 et
3022 800 3247 853 omnino
3298 800 3465 867 gratis

1899 896 2121 950 domino
2152 911 2253 949 suo
2282 895 2535 948 militant.
2566 893 2644 945 Ad
2685 892 2797 945 haec
2826 906 2948 945 cum
2981 890 3145 945 latam
3189 890 3463 955 regionem

1898 997 1953 1042 et
1985 987 2149 1041 urbes
2175 993 2390 1038 nostras
2436 1000 2542 1049 non
2596 984 2648 1036 in
2679 983 2805 1036 Asia
2849 982 3031 1045 modo,
3074 984 3167 1035 sed
3210 981 3373 1034 etiam
3410 981 3462 1033 in

1900 1079 2111 1146 Eumpa
2142 1076 2484 1145 occuparint,
2536 1089 2679 1128 mine
2734 1073 2875 1126 bona
2932 1086 3049 1138 spe,
3103 1080 3161 1124 et
3205 1073 3463 1139 praeteriti

1895 1183 2185 1224 successus
2212 1167 2482 1235 exemplo,
2516 1180 2614 1233 pro
2660 1164 2899 1231 ceteris!
2922 1161 3241 1230 subigendis
3284 1178 3468 1229 prom-

1896 1269 1987 1328 pte
2045 1257 2459 1328 depugnabunt.
2521 1255 2687 1310 Nobis
2724 1269 2886 1322 porro
2941 1253 3217 1317 quomlam
3275 1266 3461 1304 contra

1898 1355 2067 1408 multo
2101 1355 2265 1408 etiam
2316 1353 2498 1420 plures
2550 1349 2790 1418 potentia
2845 1363 2953 1401 non
3005 1348 3199 1410 defuit,
3261 1356 3318 1399 ut
3355 1362 3460 1398 non

1895 1447 2074 1500 solum
2118 1453 2299 1498 nostra
2327 1456 2421 1497 eos
2450 1441 2732 1511 provincia
2761 1440 3057 1508 expellere,
3082 1439 3176 1493 sed
3222 1440 3461 1507 ipsorum

1895 1552 2114 1607 quoque
2168 1543 2347 1590 terras
2404 1516 2660 1588 invadere
2713 1545 3018 1600 possemus.
3084 1530 3280 1584 Verum
3337 1529 3466 1582 insi-

1895 1627 2122 1698 pientia,
2151 1635 2207 1680 et
2245 1624 2542 1688 temeritas,
2574 1638 2676 1677 nec
2730 1622 3125 1681 communium.
3161 1621 3253 1674 sed
3284 1621 3465 1689 priva-

1898 1728 2072 1772 tarum
2140 1717 2403 1787 cujusque
2458 1729 2666 1778 rerum,
2723 1727 2883 1782 quam
2936 1712 3339 1766 consultissima
3382 1712 3465 1764 in-

1898 1809 2295 1866 stituendarum
2334 1805 2638 1876 diligentia,
2672 1819 2739 1859 eo
2785 1805 2894 1874 jam
2945 1803 3334 1857 imbecillitatis
3366 1816 3465 1854 nos

1898 1903 2218 1970 adegerunt,
2246 1907 2306 1953 ut
2337 1896 2465 1951 boni
2496 1895 2866 1959 consulamus,
2900 1895 2943 1948 si
2976 1910 3083 1947 non
3120 1894 3285 1946 etiam
3317 1889 3461 1961 quod

1897 2000 2186 2060 superest,
2248 1987 2582 2042 amittamus.
2638 1986 2771 2040 Nam
2835 1995 2888 2040 et
2948 1985 3222 2041 exercitus
3277 1993 3465 2038 noster

1897 2081 2216 2153 splendidus
2252 2090 2432 2144 antea,
2456 2088 2512 2133 et
2556 2078 2906 2147 conspicuus,
2939 2077 3004 2131 ad
3056 2077 3381 2145 paucitatem
3409 2087 3464 2129 et

1898 2181 2269 2243 paupertatem
2326 2167 2586 2224 devenit:
2616 2179 2672 2223 et
2715 2167 3084 2223 communium
3136 2167 3461 2236 pensionnm

1897 2263 2215 2320 collationes
2245 2260 2462 2331 penitus
2492 2268 2834 2314 evanuerunt
2861 2275 2877 2316 :
2906 2274 2969 2314 ac
2990 2259 3174 2329 plures
3194 2268 3460 2319 vestrum,

1900 2363 1991 2407 aut
2024 2367 2213 2407 omnes
2245 2351 2439 2413 ferme,
2479 2348 2585 2403 nisi
2634 2348 2859 2404 aliunde
2887 2352 3114 2418 pecunia
3153 2349 3206 2402 in
3259 2349 3462 2402 bellum

1901 2445 2271 2513 impendatur,
2300 2458 2409 2497 non
2448 2443 2642 2513 opinor
2678 2441 2984 2497 diutissime
3017 2442 3084 2498 de
3123 2457 3224 2497 suo
3256 2442 3464 2509 impen-

1899 2536 2113 2598 dentes,
2144 2534 2382 2589 hostium
2413 2534 2520 2589 vim
2554 2533 2898 2588 toleraturos.
2942 2532 3071 2599 Qua:
3112 2548 3305 2588 omnes
3337 2548 3461 2587 cum

1900 2627 2095 2680 animis
2151 2627 2438 2694 reputaret,
2489 2640 2593 2680 nec
2652 2633 2860 2678 tantum
2937 2624 3041 2678 hoc
3117 2622 3463 2679 considerare

1902 2718 2127 2783 debent,
2157 2718 2431 2787 quomodo
2460 2734 2526 2773 ex
2559 2733 2693 2787 pace
2720 2717 2785 2771 ad
2823 2718 3024 2772 bellum
3059 2716 3461 2787 aggrediamur,

1901 2812 1996 2867 sed
2055 2821 2313 2881 praeterea
2374 2808 2649 2880 quomodo
2709 2808 2894 2862 hostes
2948 2808 3319 2867 debellemns;
3371 2817 3466 2861 aut

1901 2916 2051 2959 certe
2080 2902 2227 2957 nulla
2258 2916 2383 2957 cum
2415 2901 2567 2955 clade
2604 2898 2730 2954 inde
2757 2898 3122 2954 discedamus.
3154 2898 3319 2968 872
3356 2898 3465 2967 Ego

1901 3009 2031 3047 vero
2060 3007 2159 3045 nec
2189 2991 2258 3046 ob
2298 2990 2565 3059 ignaviam
2624 3004 2797 3045 meam
2845 2988 2987 3043 bello
3038 2988 3301 3042 adversus
3334 2989 3463 3042 Bar—

1902 3084 2062 3137 baros
2090 3081 2246 3135 vobis
2286 3078 2665 3134 abstinendum
2716 3076 2920 3130 suadeo
2955 3094 2969 3131 :
3005 3090 3181 3145 neque
3230 3075 3357 3129 odio
3410 3075 3461 3126 in

230 3168 506 3236 Εὐρώπην
536 3169 650 3231 νῦν,
684 3169 980 3237 προθύμως
1012 3171 1152 3239 ὑπὲρ
1190 3171 1296 3223 τῶν
1324 3171 1525 3225 λοιπῶν
1557 3172 1793 3241 μαχοῦνο
1823 3208 1867 3266 c

1823 3208 1867 3266 α
1905 3173 2025 3228 illos
2060 3188 2089 3226 a
2151 3187 2422 3241 quoquam
2483 3180 2723 3226 vestrum
2770 3168 2914 3223 vinci
2959 3183 3045 3222 me
3080 3168 3277 3235 patior,
3331 3166 3463 3235 quin

226 3277 337 3320 ται,
368 3260 644 3320 εὐέλπιδες
677 3260 826 3323 ὄντες
861 3261 1050 3330 ῶσπερ
1092 3262 1157 3313 ὲκ
1194 3264 1651 3332 παραδειγμάτων
1701 3266 1795 3318 καὶ

227 3350 366 3418 πρὸς
399 3350 466 3401 τὰ
508 3351 689 3407 λοιπά.
733 3351 891 3419 Ἡμῖν
921 3351 975 3404 δὲ
1006 3348 1073 3423 ἦν
1104 3354 1201 3421 μέν
1239 3372 1368 3406 ποτε
1399 3356 1627 3424 δύναμις
1653 3356 1800 3422 ἀξιό-

227 3459 411 3510 χρεως
451 3441 513 3493 ού
547 3443 683 3507 πρὸς
743 3445 1033 3506 τοσούτους
1072 3446 1254 3512 μόνον,
1292 3446 1428 3498 ἀλλὰ
1464 3449 1557 3500 καὶ
1597 3450 1801 3503 πολλα-

230 3532 526 3597 πλατίουτ,
572 3535 669 3602 οὐχ
716 3534 856 3586 ῶστε
904 3536 967 3587 ἐκ
1014 3536 1113 3604 τῆς
1160 3538 1431 3608 ἡμετέρας
1473 3540 1799 3606 ἐξελαύνειν,

231 3619 371 3670 ἀλλὰ
406 3620 497 3670 καὶ
540 3622 665 3687 περὶ
691 3621 785 3688 τῆς
819 3622 1026 3683 οἰκείας
1058 3624 1115 3673 ὲν
1145 3624 1373 3694 κινδύνῳ
1404 3627 1688 3698 καθιστᾷν.
1735 3629 1798 3683 ΊΙ

230 3709 286 3761 δὲ
322 3710 587 3774 ἀξυνεσία
612 3711 704 3761 καὶ
735 3709 994 3776 ἀϐουλία¹,
1031 3713 1206 3765 καὶτὸ
1239 3716 1312 3784 μὴ
1351 3718 1478 3783 περὶ
1508 3718 1615 3770 τῶν
1648 3722 1799 3788 κοινῇ

230 3798 665 3850 λυσιτελούντων
698 3799 897 3869 ἄριστα
926 3800 1302 3868 βουλεύεσθαι,
1324 3806 1438 3856 ἀλλ’
1474 3807 1705 3859 ἕκαστον
1734 3810 1804 3862 τὰ

237 3889 345 3941 ἴδια
392 3888 454 3942 εὖ
501 3890 744 3943 τίθεσθαι
797 3895 1041 3955 σκοπεῖν,
1098 3896 1176 3956 είς
1215 3895 1371 3947 τοῦτο
1408 3898 1611 3965 ἤγαγεν
1658 3901 1804 3966 ἡμᾶς

238 3983 549 4051 ἀδυναμίας
592 3982 702 4045 νῦν,
740 3983 868 4036 ὥστ’
899 3984 1182 4052 ἀγαπητὸν
1212 3985 1276 4038 ἂν
1318 3987 1391 4057 μὴ
1439 3990 1531 4039 καὶ
1573 3988 1639 4040 τὰ
1677 3989 1805 4042 ὄντα

236 4075 601 4143 ἀπολέσωμεν
627 4075 897 4143 ἡγεῖσθαι.
924 4076 993 4127 ’Ἠ
1012 4093 1071 4127 τε
1098 4078 1205 4144 γὰρ
1237 4076 1463 4143 στρατιά
1486 4078 1805 4148 διέφθαρται

237 4170 393 4236 ἡμῖν,
428 4169 489 4219 ἐκ
509 4167 769 4235 λαμπρᾶς
798 4169 890 4220 καὶ
919 4170 1248 4236 περιςανοῖς
1295 4171 1450 4238 ὀλίγη
1480 4172 1570 4222 καὶ
1603 4171 1805 4236 ἄπορος

235 4260 617 4326 καθεστηκυῖα
635 4276 646 4286 ·
678 4260 768 4310 καὶ
795 4260 901 4310 τῶν
933 4261 1127 4313 κοινῶν
1153 4264 1428 4331 προσόδιον
1448 4266 1499 4316 αἱ
1530 4266 1806 4330 συντάξεις

237 4349 592 4400 ἐκλελοίπασι
652 4351 998 4403 παντάπασι·
1057 4354 1150 4404 καὶ
1206 4355 1358 4421 ὑμῶν
1412 4359 1535 4418 τοὺς
1590 4358 1807 4420 πλείους

237 4440 271 4506 ἦ
314 4440 638 4509 σύμπαντας
680 4440 882 4507 σχεῶν,
918 4443 962 4492 εἰ
1000 4444 1073 4511 μή
1119 4462 1197 4506 τις
1240 4447 1499 4515 χρήματα
1535 4448 1807 4517 παράσχοι

238 4535 376 4599 πρὸς
395 4531 487 4582 τὸν
512 4530 762 4598 πόλεμον,
790 4531 888 4583 οὐκ
904 4531 969 4583 ἂν
992 4533 1174 4601 οἴομαι
1201 4537 1543 4605 ἀντισχήσειν
1562 4540 1808 4593 ἐπιπλεῖ-

242 4640 368 4675 στον
394 4622 730 4684 ἀναλοῦντας
759 4623 944 4675 ἐκτῶν
965 4624 1150 4680 ὄντων.
1182 4627 1361 4696 Ἀπερ
1388 4628 1631 4693 ἅπαντας
1662 4632 1811 4684 ἐνθυ-

240 4714 575 4782 μουμένους,
606 4714 664 4766 ού
689 4714 847 4767 τοῦτο
878 4717 1036 4783 μόνον
1061 4717 1165 4786 χρὴ
1196 4722 1417 4771 σκοπεῖν
1443 4721 1590 4783 ὅπως
1621 4722 1683 4772 ἐκ
1713 4723 1810 4791 τῆς

238 4809 473 4876 εἰρήνης
522 4807 884 4875 καταστῶμεν
930 4809 1063 4875 πρὸς
1100 4809 1159 4860 τὸ
1202 4810 1475 4878 πολεμεῖν,
1507 4813 1621 4865 ἀλλ’
1665 4815 1810 4876 ὅπως

238 4900 336 4953 καὶ
371 4898 740 4967 περιεσόμεθα
779 4900 886 4951 τῶν
928 4899 1281 4971 πολεμίων,ἢ
1321 4904 1487 4972 μηδὲν
1521 4906 1584 4958 ἐκ
1619 4905 1809 4957 τούτου

237 4990 503 5059 δυσχερὲς
540 4989 938 5058 ὑπομενοῦμεν.
991 4992 1130 5057 Ἐγὼ
1167 4992 1223 5044 δὲ
1269 4992 1395 5045 οὔτε
1441 4994 1674 5064 ἀτολμίᾳ
1717 4994 1810 5048 τοῦ

240 5083 380 5150 πρὸς
398 5083 528 5154 ,τοὺς
558 5081 858 5151 βαρσάρους
882 5084 1023 5152 ὑμᾶς
1052 5084 1290 5153 πολέμου
1315 5086 1649 5157 ἀποσχέσθαι
1676 5105 1813 5155 συμ-

242 5175 510 5235 δουλεύω,
536 5172 657 5226 οὔτε
684 5175 818 5242 πρὸς
844 5175 1139 5245 ἀπέχθειαν
1166 5177 1345 5229 αὐτῶν
1366 5178 1580 5240 οὐδενὸς
1598 5178 1815 5231 ἀπολεί-

242 5282 423 5333 πομαι
455 5264 611 5332 ὑμῶν
632 5281 645 5295 ·
682 5264 797 5317 ἀλλ’
822 5266 986 5328 αὑτός
1010 5283 1068 5318 τε
1102 5267 1167 5319 ἂν
1194 5267 1455 5337 ὲξέτριψα
1480 5270 1647 5338 ἡδέως
1675 5269 1812 5340 ὁμοῦ

241 5374 329 5409 τοι
374 5355 698 5425 σύμπαντας
748 5356 1074 5425 βαρϐάρους.
1121 5359 1277 5428 εἴπερ
1312 5356 1423 5412 οἷόν
1463 5378 1543 5425 τε,
1576 5362 1669 5413 καὶ
1715 5380 1813 5431 με-

242 5446 449 5514 γίστην
489 5442 762 5505 εὔκλειαν,
796 5444 1163 5509 καὶιεὺδοξίαν
1193 5447 1283 5499 τὸν
1326 5449 1549 5502 ἐκείνων
1594 5449 1815 5521 ὄλεθρον

245 5535 438 5604 φέρειν
475 5533 543 5585 ἂν
569 5534 796 5602 ἐνόμισα
827 5535 979 5603 ὲμοί·
1010 5539 1103 5589 καὶ
1134 5538 1263 5607 παρ’
1290 5540 1479 5609 ἑτέρου
1510 5541 1815 5610 πάσχοντας

242 5626 394 5688 τινος
433 5626 502 5678 τὰ
534 5627 625 5679 τσα
651 5621 810 5678 εἶδον.
844 5628 917 5678 Ού
955 5627 1061 5697 μὴν
1092 5629 1206 5680 ἀλλ’
1242 5632 1306 5682 -εί
1347 5632 1443 5700 μὲν
1473 5633 1625 5684 οὐδὲν
1652 5633 1812 5701 ἐξῆν,

247 5717 355 5769 εδει
390 5716 450 5770 δὲ
481 5716 581 5784 ἐμὲ
617 5716 746 5787 παρ’
779 5718 999 5772 ὁτουοῦν
1030 5722 1434 5790 ἀποσφαγέντα,
1470 5723 1614 5792 αὐτῷ
1645 5722 1816 5792 τούτῳ

250 5809 332 5877 τῷ
384 5809 680 5863 ἀποθανεῖν
731 5808 946 5874 ἐξώλεις
1000 5813 1252 5879 γενέσθαι
1299 5817 1421 5877 τοὺς
1474 5814 1813 5885 βορεάρους,

1899 3266 2015 3333 ipse
2050 3278 2153 3317 una
2179 3276 2391 3325 omnes,
2416 3261 2461 3316 si
2491 3259 2607 3315 fleri
2644 3259 2933 3328 potuisset,
2980 3257 3380 3319 eontrivissem,
3411 3264 3466 3310 et

1899 3359 1951 3414 id
1985 3358 2115 3412 mihi
2146 3358 2214 3412 ad
2237 3356 2420 3427 gloriae
2446 3354 2821 3410 celebritatem
2873 3352 3300 3407 illustrissimum
3351 3348 3466 3403 fore

1899 3450 2251 3522 putavissem.
2278 3447 2467 3516 Neque
2501 3446 2641 3500 istuc
2684 3445 2887 3507 solum,
2921 3441 3015 3497 sed
3067 3441 3111 3495 si
3143 3441 3247 3495 hoc
3277 3440 3349 3493 ita
3396 3439 3466 3492 li-

1899 3542 2120 3603 cuisset,
2164 3551 2224 3594 ut
2253 3554 2339 3594 me
2365 3553 2394 3593 a
2431 3551 2760 3608 quocunque
2799 3534 3053 3604 iugulari,
3080 3542 3136 3587 et
3189 3532 3302 3599 ipsa
3331 3545 3465 3584 nece

1901 3649 2018 3688 mea
2063 3632 2378 3702 perniciem,
2422 3638 2588 3700 atque
2633 3628 2859 3683 exitium
2926 3626 3101 3679 creari
3153 3624 3259 3678 illis
3305 3638 3468 3690 oper-

1903 3726 2137 3789 tuisset,
2196 3722 2601 3784 libentissime,
2660 3735 2723 3774 ac
2783 3716 3187 3789 promptissime
3251 3714 3464 3768 dulcem

1902 3817 2143 3885 alioquin
2181 3814 2343 3868 vitam
2373 3813 2714 3883 abiecissem,
2762 3824 2935 3877 usque
2965 3807 3101 3862 adeo
3138 3805 3271 3861 mihi
3301 3819 3466 3873 supe-

1904 3913 1984 3956 rat
2018 3918 2207 3955 eorum
2246 3900 2466 3964 odium;
2497 3909 2607 3951 tum
2636 3897 2758 3965 quia
2798 3893 3170 3962 religionibus,
3200 3907 3260 3945 ac
3298 3906 3466 3943 ca'rc-

1906 3994 2103 4048 moniis
2133 3992 2487 4048 diversissimi
2517 4000 2678 4053 sunt;
2714 3999 2827 4042 tum
2858 3987 2983 4053 quia
3009 3987 3119 4055 jam
3155 3983 3385 4053 pridem,
3413 3992 3470 4035 et

1906 4087 2093 4140 multis
2120 4084 2277 4139 annis
2308 4083 2583 4136 Romanos
2615 4079 2849 4134 infandis
2886 4076 3231 4132 detrimentis
3273 4089 3466 4129 cumu-

1905 4178 2106 4241 larunt,
2137 4190 2235 4229 nec
2269 4174 2361 4227 ulli
2400 4173 2570 4227 ferme
2604 4185 2707 4223 non
2759 4179 3100 4229 nocuerunt,
3156 4180 3254 4220 nec
3297 4179 3471 4233 usque

1906 4268 1972 4322 ad
2003 4268 2146 4321 hunc
2175 4266 2316 4320 diem
2347 4264 2557 4335 injuriae
2589 4259 2852 4317 facienda:
2890 4276 2984 4315 eos
3009 4259 3153 4328 cepit
3205 4259 3427 4312 satietas
3453 4274 3469 4319 ;

1907 4361 2000 4416 sed
2029 4362 2081 4415 in
2114 4360 2401 4414 Thraciam
2435 4375 2653 4429 quoque
2699 4357 2890 4422 infusi,
2950 4358 3112 4411 urbes
3159 4353 3471 4424 complures

1908 4461 2217 4520 occupant,
2270 4450 2783 4519 depopulanturque
2829 4458 3015 4505 nostra
3076 4447 3280 4503 omnia.
3330 4443 3473 4510 Quid

1838 4554 1882 4605 ι)
1913 4545 2078 4615 igitur
2126 4554 2229 4605 cst,
2282 4552 2484 4611 quaaret
2518 4543 2737 4611 aliquis,
2774 4558 2896 4596 eum
2940 4542 3020 4595 sic
3072 4554 3169 4594 eos
3210 4539 3472 4599 detester,

1910 4635 2056 4706 quod
2089 4649 2184 4689 nec
2224 4636 2375 4703 prius
2397 4648 2712 4703 oppugnare
2744 4648 2839 4685 cos
2867 4631 3264 4699 concupierim,
3290 4638 3343 4683 et
3380 4644 3476 4682 vos

1910 4740 2053 4779 nunc
2106 4724 2171 4778 ad
2217 4724 2271 4777 id
2299 4734 2405 4776 tam
2443 4733 2657 4777 erectos
2696 4722 3072 4776 absterream?
3110 4720 3290 4787 Quid?
3325 4719 3471 4789 quod

1911 4822 2206 4884 praesentes
2257 4813 2400 4867 vires
2439 4821 2656 4869 nostras
2700 4812 3036 4880 expendcns,
3071 4825 3173 4864 nec
3212 4810 3476 4863 hactenus

1910 4902 2098 4964 fuisse,
2142 4917 2243 4957 nec
2276 4900 2436 4955 modo
2460 4916 2581 4955 esse
2615 4915 2772 4969 pares
2800 4901 2909 4955 illis
2935 4899 3174 4954 invenio.
3222 4898 3366 4968 Ergo
3395 4908 3475 4957 tu.

1910 5002 2165 5047 occurret
2195 4992 2489 5061 quispiam,
2524 5008 2634 5061 pra:
2681 4992 2891 5061 pudore
2941 4991 3192 5047 obvelata
3229 4991 3390 5051 facie.
3422 5000 3478 5045 et

1892 5086 2085 5139 salute
2143 5099 2370 5154 prorsus
2421 5086 2733 5153 desperata,
2766 5082 2986 5137 silentio
3026 5082 3185 5136 nobis
3226 5081 3477 5136 ferendas

1911 5179 2116 5249 plagas,
2147 5188 2199 5230 et
2226 5179 2280 5231 in
2310 5177 2589 5237 omnibus,
2628 5189 2883 5247 tanquam
2936 5175 3085 5229 heris
3115 5172 3478 5244 praecipienti-

1914 5270 2054 5331 bus,
2108 5268 2474 5323 ohediendum
2531 5267 2782 5321 Barbaris
2850 5265 3195 5321 exsistimas?
3256 5264 3476 5318 Minime

1914 5362 2154 5431 gentium
2194 5377 2207 5413 :
2250 5359 2344 5413 sed
2376 5358 2805 5428 belligerandum
2839 5356 3041 5425 potius,
3068 5366 3121 5411 et
3171 5356 3223 5409 in
3254 5356 3357 5409 hoc
3396 5355 3479 5408 in-

1916 5451 2302 5513 cumbentium,
2357 5449 2400 5503 si
2459 5449 2514 5502 in
2554 5448 2848 5516 quidquam
2899 5448 3068 5502 aliud.
3120 5448 3235 5501 Non
3294 5458 3473 5503 tamen

1914 5541 1979 5593 ad
2004 5557 2048 5591 -o
2078 5541 2327 5608 imperite
2356 5549 2408 5594 et
2435 5538 2791 5603 confidenter,
2824 5550 2880 5592 ut
2911 5539 2976 5592 ad
3016 5539 3150 5592 nihil
3174 5539 3321 5591 aliud
3354 5555 3477 5607 pro-

1919 5633 2096 5685 futura
2140 5634 2211 5687 sit
2239 5632 2482 5695 audacia,
2534 5631 2634 5684 nisi
2679 5639 2737 5684 ut
2788 5642 2984 5700 pra-ter
3027 5647 3112 5694 ea,
3163 5649 3281 5700 quae
3324 5631 3482 5685 nobis

1919 5733 2123 5790 erepta,
2176 5721 2414 5775 nondum
2465 5721 2925 5789 recuperavimus,
2979 5723 3141 5773 etiam
3202 5723 3310 5784 illa,
3365 5737 3482 5789 qua:

1923 5826 2147 5881 restant,
2182 5817 2515 5867 amittamus.
2551 5813 2680 5878 Qua:
2711 5828 2792 5868 est
2827 5814 2988 5883 igitur
3020 5830 3139 5868 mea
3184 5814 3485 5869 sententia?
