4218 6446
156 393 264 455 329

1292 389 1832 450 IIIS'I‘ORIAIIUM
1881 392 2113 450 LIBER
2163 392 2253 450 IV.

3294 394 3400 460 330

156 505 248 555 καὶ
278 504 501 571 ἐρείπια
536 502 705 556 πολλὰ
754 503 847 571 τῆς
879 500 1070 571 πρώην
1129 501 1404 563 συνοικίας
1439 502 1592 570 ἄγειν
1631 502 1729 554 οὐκ

1839 503 2139 555 tcrnuntios
2172 501 2238 554 de
2284 514 2413 568 race
2444 507 2688 568 agentes,
2731 500 2897 570 883
2930 514 3052 556 cum
3096 498 3229 555 nihil
3268 515 3402 561 con-

154 594 478 660 ὲδοκῖμαζον
543 595 641 659 τὴν
713 593 974 661 στρατιὰν
1042 593 1386 661 εὐρυχωρίας
1459 593 1725 661 δεομένην

160 685 413 751 μάλιστα.
468 684 610 736 Δι’ὃ.
665 683 922 752 ἑκάτερος
981 683 1079 752 τὴν
1138 683 1366 751 δύναμιν
1398 684 1731 753 συνέχοντες,

153 776 431 842 ἡσύχαζον
456 776 546 826 ἐπὶ
595 775 702 826 τῶν
756 776 1120 845 σρατοπέδων.
1154 777 1458 844 Πρεσϐείας
1489 777 1544 829 δὲ
1594 776 1732 844 πρὸς

155 866 418 932 ἀλλήλους
446 867 773 934 πέμποντες,
815 868 1117 934 διελέγοντο
1171 868 1293 935 περῖ
1352 869 1600 935 εἰρήνης.
1643 867 1733 929 Ὠς

156 954 212 1005 δὲ
243 954 565 1007 συνέϐαινον
596 954 870 1023 ἀλλήλοις,
901 959 927 1007 6
963 956 1061 1023 μὲν
1090 956 1170 1017 είς
1206 955 1405 1025 Βιζύην
1433 956 1732 1025 ἀνέστρεφε

159 1051 299 1112 μετά
328 1046 428 1111 τῆς
484 1049 765 1115 στρατιᾶς,
796 1046 1164 1111 Παλαιολόγος
1218 1047 1273 1099 δὲ
1311 1049 1337 1098 ὁ
1371 1046 1620 1114 βασιλεὺς
1652 1047 1733 1110 είς

153 1140 215 1188 τὸ
248 1138 546 1200 Βυζάντιον
568 1155 582 1167 ·
606 1143 698 1189 καὶ
719 1140 1044 1190 ἐσκέπτοντο
1059 1140 1165 1208 ὅτῳ
1185 1139 1370 1207 τρόπῳ
1389 1139 1732 1192 κακώσουσιν

156 1228 447 1297 ἀλλήλους.
494 1228 581 1279 Ἐν
603 1228 774 1294 τούτῳ
819 1228 874 1280 δὲ
906 1229 981 1296 τῷ
1016 1231 1191 1298 χρόνῳ
1236 1229 1298 1281 ἐκ
1330 1228 1581 1290 Φωκαίας
1635 1230 1733 1298 τῆς

164 1322 427 1382 παλαιᾶς,
453 1316 519 1387 ἦς
586 1320 892 1381 Καλόθετος
948 1317 1108 1390 ἦρχε,
1166 1322 1405 1389 μονήρης
1464 1321 1732 1392 λῃστρικὴ

156 1413 247 1463 ἐπὶ
272 1411 366 1462 τὸν
408 1411 738 1475 Ἀστακηνὸν
771 1411 999 1464 ἐλθοῦσα
1025 1413 1220 1463 κόλπον
1248 1412 1497 1481 λῃστείας
1550 1413 1729 1479 ἕνεκα,

157 1503 299 1555 αὖτω
338 1504 571 1571 συμϐὰν,
603 1502 839 1573 Χαλίλην
873 1503 961 1555 τὸν
993 1504 1228 1572 Ὀρχάνη
1263 1505 1553 1556 συνέλαϐεν
1593 1504 1731 1567 υἱὸν,

154 1595 374 1662 ἀκατίῳ
409 1595 513 1646 τινὶ
535 1594 627 1647 τὸν
672 1597 849 1647 ἐκεῖσε
886 1593 1279 1663 περαιούμενον
1330 1594 1576 1664 πορθμόν
1599 1612 1613 1625 ·
1637 1596 1733 1646 καὶ

148 1687 353 1739 αὐτίκα
384 1684 645 1754 ἀνεχώρει
666 1686 744 1747 είς
765 1687 861 1755 τὴν
890 1684 1160 1739 Φώκαιαν.
1205 1686 1469 1754 Ὀρχάνης
1522 1685 1577 1737 δὲ
1609 1686 1731 1738 ἐπεὶ

146 1778 385 1831 ἐπύθετο
419 1778 907 1847 ἁνδραποδισθέντα
936 1777 1025 1829 τὸν
1050 1777 1186 1840 υίδν,
1217 1777 1311 1830 καὶ
1349 1780 1426 1838 εἰς
1476 1776 1730 1830 Φώκαιαν

146 1870 495 1939 ἀπαχθέντα,
524 1870 843 1940 στρατεύειν
900 1870 1000 1939 μὲν
1054 1870 1145 1922 ἐπὶ
1186 1872 1536 1933 Φωκαιανοὺς
1593 1865 1738 1939 εἶχεν

147 1961 434 2022 ὁδυνάτως
454 1974 468 1989 ⁸
494 1960 772 2029 δυνάμεώς
801 1979 858 2013 τε
894 1960 1007 2030 γὰρ
1039 1961 1139 2013 οὐκ
1166 1961 1392 2030 εὐπόρει
1449 1961 1737 2030 ναυτικῆς,

148 2053 181 2121 ἦ
216 2052 467 2105 κακώσει
504 2052 831 2117 ἐπελθοῦσαι,
867 2055 962 2106 καὶ
987 2056 1051 2106 ὲκ
1102 2053 1201 2121 τῆς
1257 2052 1486 2121 ἠπείρου
1521 2053 1740 2121 εἰσϐολὴ

146 2144 250 2194 οὐκ
273 2140 365 2213 ἦν,
390 2143 475 2211 ἐφ’
496 2143 689 2213 ἑτέρου
710 2146 969 2212 κειμένης
992 2144 1332 2212 σατραπείαν
1350 2144 1447 2211 τῆς
1466 2143 1738 2205 Φωκαίας,

143 2234 286 2303 πρὸς
323 2234 381 2286 δν
412 2235 518 2287 ἔδει
555 2236 809 2304 πολεμεῖν
852 2235 1086 2303 δύναμιν
1143 2234 1339 2303 ἔχοντα
1391 2234 1740 2304 ἀντίρροπον,

148 2329 200 2379 εί
248 2327 340 2379 διὰ
368 2328 469 2395 τῆς
526 2327 737 2380 ἐκείνου
804 2329 1080 2397 ἐπεχείρει
1141 2328 1234 2379 ἐπὶ
1274 2326 1527 2379 Φώκαιαν
1582 2326 1739 2381 ίέναι.

159 2419 399 2489 Ἀπορία
420 2420 474 2471 δὲ
500 2420 758 2473 πάντοθεν
787 2438 1013 2490 συνισχη
1024 2421 1199 2487 μένος,
1230 2421 1319 2472 ἐπὶ
1341 2420 1438 2488 τὴν
1457 2418 1743 2472 Παλαιολὸ-

147 2526 249 2575 γου
270 2509 365 2561 τοῦ
393 2509 658 2579 βασιλέως
682 2507 819 2563 εἶδεν
842 2511 1159 2582 ἐπικουρίαν
1179 2512 1253 2574 ὠς
1272 2511 1337 2564 αὑ
1349 2510 1434 2564 τοῦ
1454 2510 1746 2581 δυνησομέ-

148 2618 245 2653 νου
306 2602 472 2670 μόνου
512 2602 602 2655 τδν
653 2603 768 2656 υίὸν
801 2604 1164 2657 ἀπαλλάττειν
1190 2604 1298 2657 τῶν
1357 2603 1592 2673 δεσμῶνο
1647 2602 1745 2656 καὶ

147 2694 382 2762 πέμψας
413 2695 730 2764 πρεσϐείαν,
767 2695 937 2748 ἐδεῖτο
985 2698 1111 2766 περὶ
1138 2695 1230 2748 τοῦ
1250 2696 1458 2758 παιδός.
1483 2695 1744 2757 Βασιλεὺς

144 2784 201 2836 δὲ
224 2785 500 2853 ὑπέσχετο
519 2785 814 2855 προθύμως
835 2786 1012 2838 πάντα
1038 2786 1286 2855 πράξειν,
1320 2787 1412 2837 καὶ
1454 2784 1743 2838 ἀποδοῦναι

152 2879 247 2928 τὸν
304 2878 441 2940 υἱὸν,
492 2876 557 2930 ἂν
614 2881 709 2930 καὶ
763 2877 925 2939 αὐτὸς
982 2878 1277 2947 ἀπόσχοιτο
1309 2876 1574 2947 Ματθαίῳ
1620 2875 1742 2930 κατ’

151 2970 323 3023 αὐτοῦ
385 2970 464 3039 τῷ
496 2969 708 3039 βασιλεί
752 2972 1018 3040 παρέχειν
1076 2969 1426 3038 συμμαχίαν·
1470 2970 1739 3040 Ὀρχάνης

148 3062 278 3128 γὰρ,
316 3061 414 3113 καὶ
455 3063 593 3130 μετά
621 3056 720 3132 τὴν
749 3060 1204 3131 Καντακουζηνοῦ
1245 3059 1337 3113 τοῦ
1383 3061 1642 3131 βασιλέως
1671 3062 1735 3114 ὲκ

146 3155 255 3207 τῶν
300 3155 646 3223 πραγμάτων
703 3153 1071 3223 ἀναχώρησιν,
1126 3154 1328 3223 πολλὴν
1384 3155 1800 3229 ὲπεδείκνυτος

147 3248 247 3315 τὴν
282 3248 501 3301 εὔνοιαν
524 3247 659 3316 πρὸς
686 3247 867 3311 αὐτὸν,
905 3246 1001 3299 καὶ
1049 3246 1137 3300 διὰ
1170 3247 1375 3317 ταύτην
1406 3247 1503 3318 τὴν
1551 3248 1732 3301 αἰτίαν

150 3340 241 3390 καὶ
274 3338 491 3408 βασιλεῖ
539 3337 614 3407 τῷ
668 3338 769 3406 υίῷ
821 3337 1024 3406 πολλὴν
1089 3339 1384 3410 παρείχετο
1432 3338 1733 3406 ὠφέλειαν·

147 3434 266 3493 ταῖς
290 3448 351 3483 τε
383 3430 621 3495 πόλεσιν,
660 3431 781 3482 ὅσαι
814 3426 956 3501 ἦσαν
1000 3429 1095 3482 ὑπ’
1121 3432 1350 3492 ἐκεῖνον,
1395 3430 1547 3483 οὐδὲν
1599 3447 1741 3498 παρ-

148 3522 405 3590 ενοχλῶν,
440 3524 533 3574 καὶ
557 3522 790 3591 πέμπων
828 3521 1087 3591 στρατιὰν
1135 3522 1297 3575 ὁπότε
1354 3520 1595 3591 δεηθείη.
1624 3524 1689 3573 ’Λ
1712 3522 1738 3574 ὁ

151 3614 524 3681 Παλαιολόγος
550 3613 607 3666 ὲν
638 3614 797 3685 δεινῷ
823 3614 1103 3683 τιθέμενος
1128 3614 1404 3684 βασιλεὺς,
1430 3615 1611 3677 καλῶς
1642 3614 1735 3667 τοῦ

158 3710 490 3777 πράγματος
513 3708 907 3776 παρασχόντος,
949 3708 1311 3777 ἐπεχείρησεν
1350 3708 1620 3778 Ὀρχὰνην
1638 3707 1738 3777 τῆς

153 3800 288 3869 πρὸς
330 3799 559 3869 βασιλέα
596 3799 874 3853 Ματθαῖον
922 3800 1109 3868 φιλίας
1143 3800 1396 3870 ἀφιστᾷν.
1443 3799 1739 3869 ’Υπέσχετό

147 3907 206 3942 τε
237 3891 335 3943 καὶ
364 3891 391 3941 6
422 3888 700 3960 βάρϐαρος
747 3890 926 3943 πάντα
970 3888 1221 3957 πράξειν,
1261 3888 1325 3956 ἢν
1360 3891 1517 3958 μόνον
1550 3889 1578 3939 ὁ
1625 3887 1738 3951 υίδς

150 3982 300 4051 αὐτῷ
358 3981 568 4050 λυθείη,
621 3982 717 4033 καλ⁹
767 3981 1035 4035 διετέλεσὲ
1066 3998 1129 4050 γε
1157 3982 1284 4051 παρ’
1327 3983 1450 4035 ὅσον
1496 3985 1682 4052 χρόνον
1708 3981 1737 4033 ὁ

152 4076 264 4136 υἱός
300 4074 453 4142 αὖτῷ
486 4073 715 4139 ἐδέδετο,
745 4073 868 4127 οὕτε
892 4074 1156 4142 Ματθαίῳ
1189 4073 1400 4142 βασιλεῖ
1454 4090 1735 4143 παρεσχηο

154 4166 318 4231 μένος
396 4166 716 4234 συμμαχίαν
773 4165 869 4217 ἐπὶ
934 4163 1026 4215 τὸν
1080 4164 1440 4232 [Ιαλαιολόγον
1495 4164 1736 4233 βασιλέα,

149 4256 276 4307 οὔτε
308 4257 595 4325 Βυζαντίῳ
657 4258 752 4309 καὶ
784 4257 905 4318 ταῖς
938 4255 1128 4318 ἄλλαις
1185 4255 1406 4308 πόλεσιν
1455 4258 1575 4310 ὅσαι
1632 4256 1739 4308 ὑπὸ

148 4350 343 4402 τοῦτον
366 4345 505 4419 ἦσαν
529 4348 679 4401 οὐδὲν
702 4348 1130 4419 παρενοχλήσας.
1158 4347 1409 4408 Βασιλεὺς
1431 4348 1484 4399 δὲ
1504 4347 1737 4400 Καλόθε-

150 4458 242 4491 τον
272 4440 506 4509 νομίσας
528 4440 768 4507 εὐχερῶς
800 4439 889 4491 τὸν
926 4440 1040 4491 υἱὸν
1072 4439 1307 4509 Ὀρχάνη
1336 4440 1734 4508 παρασχέσθαι,

1838 591 2071 655 veniret,
2106 588 2391 642 Blatthmus
2437 588 2679 657 Bizyam,
2711 587 3041 655 I’alteologns
3067 579 3402 657 Byzantium

1838 679 2022 740 rediit,
2060 677 2569 747 circumspicientes
2613 694 2721 745 quo
2754 687 2913 746 pacto
2946 685 3195 730 mutuum
3239 694 3404 731 noce-
3437 698 3441 703 ·

1839 778 1977 822 rent.
2022 770 2126 823 Per
2165 770 2308 823 idem
2350 779 2565 835 tempus
2607 785 2668 822 ex
2730 770 2955 823 Phocaea
3008 768 3198 829 veteri,
3242 785 3401 837 quam

1834 861 2152 918 Calothetus
2182 864 2547 933 gubernabat,
2584 864 2907 931 praedatoria
2940 864 3093 916 navis
3137 864 3187 915 in
3223 864 3403 915 sinum

1834 959 2162 1010 Astaeenum
2202 957 2444 1025 piratica:
2479 956 2745 1010 faciundae
2782 957 3018 1017 devenit,
3065 964 3119 1007 et
3157 954 3404 1007 Chalilen

1838 1046 2109 1101 Orchanis
2145 1049 2313 1100 tilium
2344 1063 2471 1102 casu
2509 1048 2562 1100 in
2606 1056 2825 1116 portum
2879 1048 2987 1100 illic
3045 1047 3406 1109 trajicientem

1837 1141 2003 1205 cepit,
2047 1138 2338 1205 statimque
2384 1139 2666 1192 Phocaeam
2714 1138 2966 1190 recurrit.
3023 1138 3300 1191 Orchanes
3329 1139 3410 1190 1'ut

1837 1229 2006 1282 ﬁlium
2031 1230 2313 1283 Phoewam
2338 1230 2607 1297 captivum
2631 1230 2924 1283 abductum
2949 1230 3234 1296 comperit,
3269 1230 3412 1281 Plio-

1838 1338 2078 1377 emenses
2116 1322 2306 1375 ulcisci
2343 1337 2451 1375 non
2495 1332 2729 1391 poterat,
2774 1323 2918 1393 quod
2951 1322 3125 1375 navali
3165 1321 3413 1390 potentia

1838 1429 1946 1467 non
1980 1414 2209 1474 valeret,
2236 1428 2342 1480 qua
2375 1427 2468 1467 eos
2500 1404 2762 1482 afﬂigeret
2791 1432 2804 1467 :
2838 1429 2939 1468 nec
2975 1423 3118 1467 terra
3150 1428 3244 1465 eos
3280 1412 3415 1465 ado-

1836 1504 1955 1567 riri,
1985 1503 2431 1572 quandoquidem
2463 1519 2527 1557 ea
2578 1504 2708 1557 urbs
2743 1506 2971 1559 alterius
3013 1504 3249 1572 satrapia
3285 1520 3419 1557 con-

1833 1596 2129 1660 tinebatur,
2175 1594 2395 1663 quicum
2451 1594 2671 1664 paribus
2725 1594 3004 1650 decertare
3048 1596 3221 1663 cepiis
3256 1610 3419 1662 Opor-

1839 1687 2006 1751 tebat,
2035 1687 2077 1739 si
2113 1702 2207 1755 per
2228 1688 2347 1754 ejus
2372 1687 2705 1755 provinciam
2730 1688 3012 1740 Phocream
3038 1696 3224 1755 petere
3256 1702 3421 1739 cona-

1841 1789 2013 1832 retur.
2070 1780 2122 1831 ln
2178 1792 2395 1831 omnem
2446 1778 2612 1845 igitur
2679 1794 2737 1832 se
2799 1788 3009 1847 partem
3065 1792 3314 1840 versans,
3363 1785 3419 1830 et

1843 1870 2038 1923 anxius
2074 1869 2267 1931 animi,
2325 1867 2542 1921 tandem
2604 1868 2669 1922 ad
2724 1869 3010 1938 Palteologi
3070 1867 3420 1937 imperatoris

1841 1962 2106 2017 auxilium
2146 1961 2390 2029 respicit,
2425 1970 2485 2014 ut
2515 1960 2605 2030 qui
2634 1960 2783 2014 solus
2826 1961 2994 2013 lilium
3021 1959 3252 2013 vinculis
3282 1959 3424 2013 libeo

1846 2070 1969 2107 rare
2006 2062 2192 2122 queat,
2229 2052 2394 2121 idque
2428 2061 2487 2105 ut
2516 2056 2786 2122 'pra‘stare
2818 2068 2885 2106 ne
2922 2063 3199 2122 gravetur,
3238 2051 3422 2106 missis

1846 2147 2159 2199 oratoribus
2200 2156 2373 2214 rogat.
2412 2145 2718 2214 Imperator
2753 2146 2936 2199 statim
2986 2145 3219 2215 spondet
3247 2144 3424 2197 factu-

1847 2250 1968 2287 rum
2007 2236 2211 2299 omnia,
2263 2243 2318 2288 et
2370 2235 2539 2288 [ilium
2588 2238 2995 2301 restituturum,
3048 2237 3090 2290 si
3131 2244 3185 2289 ct
3227 2235 3340 2303 ipse
3390 2251 3420 2289 a

1847 2327 2098 2382 Blatthaeo
2130 2338 2319 2383 contra
2367 2344 2425 2383 se
2469 2329 2775 2399 adjuvando
2820 2338 3099 2384 cessaret:
3138 2329 3423 2385 Orchancs

1845 2421 2046 2489 quippe
2080 2420 2243 2474 etiam
2266 2430 2388 2489 post
2417 2420 2781 2475 Cantacuzeni
2817 2421 3174 2474 anachoresin
3213 2421 3331 2490 ejus
3365 2433 3423 2473 se

1846 2512 2266 2582 cupidissimum
2302 2512 2738 2577 demonstrabat,
2786 2523 2951 2582 atque
2990 2514 3193 2567 ideirco
3226 2523 3280 2567 et
3312 2513 3425 2566 tilio

1848 2604 2026 2675 ipsius
2084 2605 2319 2658 multum
2378 2605 2796 2669 commodabat,
2849 2615 2904 2659 et
2956 2604 3186 2659 urbibus
3243 2604 3422 2658 eidem

1847 2695 2113 2767 subjectis
2167 2698 2305 2752 nihil
2345 2686 2717 2752 molestiarum
2763 2697 3078 2761 exhibebat,
3116 2707 3170 2752 et
3208 2698 3425 2766 quoties

1847 2790 2057 2854 orabat,
2095 2790 2357 2843 auxilium
2397 2790 2777 2845 submittebat.
2816 2790 2945 2856 Quae
2971 2806 3093 2845 cum
3123 2791 3425 2861 Palazologo

1847 2877 2117 2941 dolerent,
2150 2876 2437 2947 pulchram
2467 2886 2659 2931 nactus
2703 2878 3071 2944 occasionem,
3115 2877 3424 2933 Orchanem

1847 2984 1877 3022 a
1900 2968 2137 3023 Matthrei
2162 2968 2403 3022 amicitia
2428 2968 2740 3038 disjungere
2774 2970 3023 3031 tentavit,
3060 2970 3427 3039 promisitque

1846 3061 2115 3116 barbarus
2144 3060 2349 3126 omnia,
2374 3061 2535 3115 modo
2569 3061 2739 3115 ﬁlium
2763 3062 3030 3131 reciperet
3061 3080 3074 3116 :
3102 3073 3157 3115 et
3178 3065 3423 3131 quanuiu

1845 3164 2095 3233 captivus
2124 3162 2215 3217 ille
2250 3162 2563 3225 tenebatur,
2601 3177 2703 3217 nec
2745 3162 2999 3218 Matthmo
3027 3162 3291 3218 adversus
3322 3163 3426 3217 Pa~

1842 3261 2129 3331 laeologum
2164 3259 2441 3325 subsidio,
2486 3273 2587 3313 nec
2621 3260 2897 3328 Byzantio,
2930 3261 3160 3330 aliisque
3191 3260 3424 3315 urbibus

1841 3355 2017 3408 eidem
2062 3353 2383 3423 parentibus
2429 3353 2691 3408 molestiae
2742 3353 2865 3408 fuit.
2903 3354 3205 3421 Imperator
3237 3352 3425 3407 existi-

1842 3462 1998 3501 mans
2021 3447 2370 3502 Calothetum
2403 3448 2646 3502 Orchani
2682 3448 2854 3501 tilium
2885 3447 3026 3501 baud
3060 3456 3280 3516 gravate
3305 3446 3426 3499 red-

1842 3539 2119 3605 diturum,
2154 3544 2196 3595 si
2236 3551 2444 3594 tantum
2473 3548 2772 3609 peteretur,
2800 3540 3029 3609 petitum
3056 3540 3224 3602 misit.
3253 3538 3426 3593 hono-

1841 3650 1929 3688 res
1954 3641 2009 3687 et
2038 3632 2139 3685 alia
2171 3634 2436 3687 nonnulla
2466 3633 2751 3687 commoda
2784 3634 3078 3702 pollicitus.
3107 3632 3425 3687 Calothetus

1842 3723 1927 3777 his
1956 3739 2144 3792 parum
2173 3724 2403 3789 moveri,
2436 3723 2697 3793 grandem
2740 3725 2983 3792 pecunia:
3019 3737 3286 3778 summam
3321 3737 3423 3791 po-

1842 3817 2069 3882 stulare,
2133 3832 2295 3885 quam
2345 3831 2640 3870 numerare
2705 3816 3004 3886 imperator
3051 3819 3139 3870 vix
3189 3823 3420 3886 poterat.

1838 3908 2085 3977 Cumque
2117 3909 2166 3963 ei
2201 3908 2488 3963 horribilia
2514 3909 2836 3973 minaretur,
2861 3910 2949 3962 ille
2974 3909 3332 3965 nihilominus
3368 3911 3422 3964 in

1841 3999 2180 4067 impudentia
2212 4001 2563 4069 persistebat.
2589 4000 2857 4065 Quocirca
2890 4001 3057 4057 armis
3088 4001 3141 4056 in
3171 4018 3295 4057 eum
3341 4002 3424 4058 ire

1840 4091 2149 4153 constituit.
2181 4100 2237 4146 et
2269 4093 2586 4147 triremibus
2625 4095 2770 4149 bono
2800 4111 3032 4150 numero
3071 4098 3420 4165 comparatis,

1842 4195 1986 4238 terra
2014 4185 2263 4254 marique
2288 4201 2415 4239 eum
2448 4186 2771 4241 lacessebat.
2804 4189 3077 4254 Quoniam
3128 4205 3257 4245 vero
3310 4191 3423 4245 ire-

1842 4274 2057 4340 quenti.
2094 4283 2149 4327 et
2194 4274 2371 4329 valida
2419 4276 2829 4345 oppugnatione
2882 4279 3104 4334 tentatis
3148 4280 3424 4334 manibus

1845 4364 2037 4418 urbem
2078 4367 2129 4418 vi
2164 4366 2285 4434 capi
2314 4381 2424 4419 non
2453 4381 2613 4434 posse
2644 4368 3134 4434 animadvertebat,
3168 4372 3384 4440 persqu
3406 4399 3421 4411 -

1843 4453 1913 4507 tis
1948 4453 2239 4510 Calotheto
2267 4473 2561 4511 aureorum
2604 4469 2826 4515 centum
2864 4462 3127 4526 millibus,
3164 4464 3330 4532 887
3366 4474 3421 4519 ct

151 4537 197 4584 εἰ
257 4534 421 4600 μόνον
486 4531 760 4601 αἰτηθείη,
818 4532 1041 4601 πέμψας
1096 4533 1229 4601 πρὸς
1297 4532 1478 4595 αὐτὴν,
1528 4533 1731 4600 ἐζήτει,

1846 4545 2342 4615 Panhypersebasti
2378 4548 2644 4618 dignitate
2680 4552 2888 4616 addita,
2939 4519 3125 4605 ﬁliunr
3150 4519 3420 4609 (Si-alariis

147 4624 324 4689 τιμὰς
356 4621 828 4690 ἐπαγγελλόμενος
880 4622 974 4672 καὶ
1019 4618 1187 4682 ἄλλας
1223 4619 1373 4681 τινὰς
1396 4618 1735 4687 εὐεργεσίας.

148 4715 471 4776 Καλόθετος
510 4714 567 4765 δὲ
633 4712 838 4765 τούτων
885 4713 983 4781 μὲν
1040 4710 1221 4777 ὀλίγον
1274 4711 1435 4777 λόγον
1480 4712 1736 4785 ἐποιεῖτο,

149 4810 467 4877 χρημάτων
532 4805 590 4858 δὲ
642 4807 825 4875 ᾐτεῖτο
865 4803 1089 4871 πλῆθος,
1143 4803 1179 4857 ἃ
1226 4804 1456 4857 ἐκτίνειν
1508 4803 1739 4872 σχεδὸνὸ

149 4900 413 4969 βασιλεὺς
464 4896 741 4958 ἀδυνάτως
784 4892 917 4965 εἶχε.
951 4894 1225 4957 Βασιλέως
1275 4894 1330 4946 δὲ
1385 4893 1739 4957 ἀπειλοῦντος

147 4994 215 5044 τὰ
244 4991 460 5059 ἔσχατα
502 4986 802 5056 διαθήσειν,
862 4987 909 5038 εἰ
946 4986 1020 5056 μὴ
1076 4986 1339 5052 πείθοιτο,
1371 4986 1523 5039 οὐδὲν
1576 4981 1739 5057 ἦττον

152 5087 367 5144 ἐκεῖνος
396 5080 745 5153 ἀνῃσχύντει.
775 5079 852 5132 Δι’
880 5078 916 5132 ἃ
947 5079 1118 5131 ἐδόκει
1149 5078 1257 5131 δεῖν
1287 5078 1436 5147 αὐτῷ
1482 5080 1740 5148 ἐπιστρα-

152 5178 363 5229 τεύεινο
422 5178 519 5226 καὶ
584 5174 1168 5241 παρασκευασάμενος,
1208 5171 1539 5224 ἐπέπλευσεν
1590 5168 1740 5240 αὐτῷ

149 5272 447 5339 τριήρεσιν
468 5267 571 5318 οὐκ
598 5265 826 5331 ὀλίγαις,
864 5264 954 5316 καὶ
984 5263 1288 5333 ἐπολιόρκει
1314 5264 1377 5315 ἐκ
1408 5266 1508 5332 γῆς
1537 5262 1737 5334 ὁμοίως

152 5363 251 5413 καὶ
284 5360 587 5426 θαλάσσης.
628 5355 720 5409 Ἐν
760 5356 979 5419 πολλαῖς
1007 5356 1062 5411 δὲ
1094 5359 1187 5407 κα)⁸
1242 5358 1533 5425 καρτεραῖς
1565 5373 1742 5424 τειχοα

156 5452 389 5521 ila-7.51%;
445 5450 822 5518 ἀποπειράσας
876 5448 981 5501 τῶν
1033 5449 1249 5518 τειχῶν,
1304 5449 1428 5501 ἐπεὶ
1480 5448 1739 5501 ἀδύνατον

149 5545 253 5611 τὴν
272 5542 623 5611 ἐπιχείρησιν
653 5538 822 5611 ἑώρα,
853 5539 982 5592 δέκα
1029 5540 1293 5609 μυριάδας
1324 5541 1740 5610 παρασχόμενος

152 5634 410 5703 χρυσίου,
445 5634 538 5683 καὶ
569 5635 635 5700 τῇ
680 5632 1199 5701 πανυπερσεϐἀστου
1233 5631 1360 5701 ἀξίᾳ
1403 5631 1736 5702 τετιμηκὼς,

151 5726 313 5777 ἱλυσε
334 5724 435 5792 τῆς
465 5723 839 5791 αἰχμαλωσίας
867 5724 958 5774 τὸν
984 5724 1099 5775 υἱὸν
1152 5724 1407 5793 Ὀρχάνη,
1436 5724 1529 5776 καὶ
1552 5724 1739 5778 ἀπεδί-

152 5817 243 5869 ὃσσ
297 5816 376 5882 τῷ
439 5813 629 5883 πατρί.
675 5814 761 5866 Ἐν
792 5808 835 5881 ᾧ
889 5814 944 5866 δὲ
1004 5813 1177 5867 ταῦτα
1230 5816 1481 5881 ἐτελεῖτο,
1544 5818 1735 5885 χρόνον

408 5912 677 5971 ΡΑτιιοι..
713 5911 827 5969 Gtt.
876 5902 1080 5965 CLIV.

1845 4637 2064 4702 liberat,
2101 4647 2157 4693 et
2189 4640 2255 4694 ad
2289 4649 2500 4709 patrem
2544 4643 2797 4699 remittit.
2855 4644 3023 4698 Multo
3065 4653 3310 4715 tempore
3362 4648 3416 4701 in

1844 4727 1929 4781 his
1962 4729 2195 4798 negotiis
2220 4743 2562 4799 consumpto,
2586 4734 2803 4787 urbium
2828 4734 3126 4804 Mygdonia:
3155 4739 3416 4807 praefecti,

1844 4817 2206 4873 Triballorum
2264 4822 2616 4885 nobilissimi.
2660 4825 2973 4880 Matthteum
3030 4828 3415 4897 imperatorem

1846 4918 2056 4965 secreto
2086 4920 2337 4977 evocant,
2382 4924 2574 4983 utpote
2618 4915 2691 4969 illi
2737 4931 2794 4969 se
2839 4933 2962 4971 cum
2997 4919 3226 4973 urbibus
3262 4922 3417 4975 dedi-

1847 5001 1995 5065 turi;
2029 5016 2135 5067 qua
2162 5001 2228 5055 de
2264 5018 2321 5056 re
2354 5014 2410 5057 et
2444 5014 2601 5057 antea
2640 5016 2883 5073 egerant.
2924 5007 2999 5061 Ex
3037 5025 3145 5074 quo
3179 5027 3415 5080 namque

1842 5090 2256 5148 Cantacuzenus
2286 5096 2476 5163 pulsus
2503 5110 2532 5148 a
2560 5096 2821 5151 Romanis
2847 5100 2989 5166 apuJ
3026 5100 3295 5156 Triballos
3327 5107 3416 5156 di-

1842 5192 2089 5235 versatus
2114 5182 2313 5248 fuerat,
2350 5185 2484 5239 mira
2512 5188 2678 5241 animi
2717 5188 3070 5245 inclinatione
3106 5195 3419 5261 potentissi-

1842 5290 1965 5328 mus
2001 5275 2233 5344 quisque
2277 5278 2620 5345 potissimum
2654 5282 2906 5334 eumdem
2942 5284 3175 5340 colebat.
3228 5287 3417 5356 Itaque

1842 5364 2005 5417 etiam
2040 5364 2199 5419 Crale
2228 5369 2550 5435 superstite,
2581 5369 2822 5423 libenter
2854 5371 3120 5427 vidissent
3148 5376 3326 5444 ipsum
3362 5380 3414 5433 in

1844 5454 2117 5511 Triballos
2150 5466 2365 5525 gentem
2394 5474 2545 5513 suam
2573 5459 2982 5529 expeditionem
3024 5467 3323 5534 suscipere,
3361 5480 3415 5524 et

1844 5543 1899 5596 in
1928 5544 1977 5596 id
2012 5560 2233 5613 operam
2264 5546 2508 5615 impense
2539 5547 2759 5613 dabant,
2800 5552 3069 5620 siquidem
3102 5556 3219 5625 ejus
3253 5574 3414 5626 quant

1843 5634 2018 5692 Cralis
2058 5638 2349 5706 imperium
2391 5640 2688 5705 malebant,
2726 5650 2889 5709 atque
2936 5645 3038 5700 hac
3071 5649 3137 5702 de
3182 5665 3237 5702 re
3278 5652 3414 5705 elzun
3488 5696 3491 5698 .

1843 5728 2046 5795 seepius
2088 5743 2210 5781 cum
2250 5744 2316 5783 eo
2358 5746 2665 5786 sermonem
2732 5733 3020 5792 habebant.
3064 5740 3259 5792 Verum
3327 5744 3408 5797 uii

1846 5819 2141 5889 imperator
2171 5820 2585 5876 Cantacuzenus
2611 5823 2876 5880 institutis
2909 5841 2965 5880 se
2988 5830 3302 5892 monestLRis‘
3326 5830 3390 5884 ad

3031 5916 3093 5983 ll
