4218 6446
171 453 272 516 333

1307 446 1852 509 HISTORIARUM
1898 446 2126 507 LIBER
2168 446 2269 507 IV.

3299 453 3408 516 334

175 564 356 624 αὐτοῖς
379 558 514 613 εἶναι
540 558 672 628 πρὸς
695 557 875 611 αὐτόν.
902 555 1248 626 Πειρωμένου
1266 557 1322 609 δὲ
1345 555 1753 625 παρακατέχειν

1855 552 2112 620 capessit,
2143 551 2332 620 paucis
2362 549 2620 608 Romanis
2657 553 2952 611 comitatus
2983 573 2999 613 :
3039 555 3314 626 mittitque
3347 561 3417 614 ad

171 662 293 718 τοὺς
329 654 663 722 Βαρεάρους,
691 652 783 702 καὶ
829 650 920 701 τὸν
951 651 1140 719 χρόνον
1169 648 1420 712 ἀναλοῦν,
1449 647 1750 716 ἠπείλησαν

174 753 368 801 ἐκεῖνοι
399 745 497 813 τὴν
522 742 687 796 αὑτοῦ
728 740 1214 809 καταδραμεῖσθαι,
1250 741 1298 792 εἰ
1333 741 1406 808 μὴ
1449 741 1544 791 σὺν
1567 739 1751 800 αὐτοῖς

171 842 264 892 ἐπὶ
324 837 450 896 τοὺς
516 834 812 901 πολεμίους
870 833 1102 901 τάχιστα
1142 830 1387 898 ἀπαίροι.
1433 829 1662 897 Ἀπορέᾳ
1695 827 1751 880 δὲ

173 926 513 994 πανταχόθεν
588 923 890 990 συσχεθεὶς,
949 923 1067 973 τότε
1109 921 1217 989 γὰρ
1264 921 1336 989 μὴ
1382 923 1477 989 τὴν
1541 920 1752 971 οἰκείαν

170 1016 445 1084 ἑπομένην
479 1014 623 1081 ἔχειν
674 1013 904 1079 δύναμιν
938 1011 1186 1078 ενόμιζεν
1225 1012 1322 1062 οὐκ
1373 1010 1634 1078 ἀσφαλὲς,
1659 1017 1755 1066 καὶ

170 1112 267 1177 την
324 1105 628 1174 Βαρϐάρων
675 1105 966 1166 ἐδεδοίκει,
1003 1103 1067 1169 ἣν
1122 1102 1375 1170 ἠπείλουν
1431 1100 1614 1168 ἔφοδον
1663 1101 1738 1162 ὡς

172 1200 411 1268 μέγιστα
441 1195 815 1256 κακώσουσαν,
839 1199 1055 1246 πάντων
1076 1195 1130 1243 ἐν
1164 1193 1354 1260 θέρους
1379 1191 1497 1260 ὥρᾳ.
1520 1207 1753 1258 τετραμ-

170 1291 351 1358 μένων
379 1289 470 1340 imi
493 1289 650 1356 ἔργα,
677 1289 768 1338 καὶ
790 1285 1250 1352 διεσκεδασμένων
1272 1284 1362 1335 ἐπὶ
1381 1283 1503 1345 τοὺς
1526 1281 1753 1350 ἀγροὺς,

169 1381 349 1431 citato
404 1379 564 1439 αὐτὸς
633 1377 832 1444 μᾶλλον
888 1376 1003 1443 ἅμα
1053 1375 1291 1436 οἰκέταις
1339 1374 1450 1435 τοῖς
1513 1371 1758 1424 συνοῦσιν

169 1471 582 1538 ἐκστρατεύειν.
661 1471 768 1520 Καὶ
824 1471 936 1528 τοῖς
1001 1467 1233 1535 ἡγεμόσι
1296 1465 1400 1517 τῶν
1461 1464 1757 1534 Βαρϐάρων

170 1557 486 1622 ἐκκαλύψας
515 1559 572 1606 τὸ
601 1553 1025 1624 ἀπόρῤητοντῆς
1067 1551 1332 1620 εἰσϐολῆς,
1363 1552 1512 1619 ἠξίου
1552 1550 1625 1618 μὴ
1658 1549 1756 1611 τὰς

173 1647 604 1717 προσχωρούσας
643 1647 824 1706 πόλεις
884 1644 1228 1709 κακουργεῖν,
1261 1643 1396 1710 μηδὲ
1423 1642 1519 1710 τὴν
1555 1640 1754 1711 χώραν’

170 1740 287 1792 ἀλλ’
328 1741 551 1792 ἄθικτον
573 1739 727 1805 διατη
744 1738 1016 1806 ρήσαντας
1043 1735 1279 1804 ἐκείνην,
1316 1735 1408 1786 ἐπὶ
1443 1734 1541 1804 τὴν
1584 1735 1750 1798 ὄντως

169 1833 449 1900 πολεμίαν
494 1828 792 1899 τρέπεσθαι
836 1829 1086 1895 ἀγωγοὺς
1142 1825 1304 1879 αὐτοῦ
1353 1825 1754 1895 παρεχομένου.

173 1882 287 1984 Tit;
314 1882 571 1989 τοιαύτης
603 1920 659 1972 δὲ
687 1882 1104 1988 εὐγνωμοσῦνης
1129 1918 1292 1970 ἕνεκα
1317 1882 1755 1986 χρήματαιπολλὰ
1788 1882 1831 1938 Β

171 2014 286 2075 τοῖς
318 2011 624 2081 Βαρϐάροις
674 2010 1040 2078 ἐπηγγέλλετο
1071 2008 1344 2077 παρέξειν.
1369 2008 1433 2058 0i
1466 2006 1511 2060 δ’
1545 2007 1757 2060 ἅπαντα

173 2102 412 2172 πράξειν
433 2100 574 2170 αῦτῷ
592 2101 656 2152 τὰ
678 2100 816 2153 κατὰ
841 2099 1064 2168 γνώμην
1100 2097 1454 2168 ἰσχυρίζοντο,
1474 2099 1564 2150 καὶ
1581 2098 1758 2150 πάντα

169 2197 425 2260 ὑπείξειν
461 2192 723 2262 ἀκριὸὦς.
773 2191 977 2243 Λύτίκα
997 2206 1054 2243 τε
1118 2189 1502 2258 συνεξώρμητο
1557 2190 1756 2253 αὐτοῖς,

177 2289 398 2354 ὀλίγους
421 2283 576 2341 τινὰς
617 2281 922 2348 Ῥωμαίους
952 2277 1090 2347 ἔχων
1116 2278 1245 2347 περὶ
1277 2277 1469 2329 ἑαυτόν
1490 2294 1501 2305 °
1545 2275 1758 2344 ἐπεμπέ

176 2396 238 2430 τε
270 2379 367 2431 καὶ
400 2376 536 2444 πρὸς
576 2373 828 2440 Καίσαρα
860 2370 950 2422 τὸν
979 2369 1207 2438 Βοτχνην
1240 2369 1362 2430 τοὺς
1401 2367 1757 2438 δηλώσοντπν

173 2470 266 2520 ὅτι
298 2468 392 2519 καὶ
423 2463 578 2533 παρὰ
608 2463 668 2514 τὸ
699 2459 954 2528 σύνθημα
1019 2456 1466 2526 ὲκστρατεύσειεν
1521 2457 1761 2522 ἀναγκα-

175 2559 328 2620 σθεὶς
359 2555 464 2608 ὑπὸ
493 2554 591 2621 τῆς
623 2552 882 2620 στρατιᾶς
917 2549 1016 2602 οὐκ
1045 2549 1420 2617 ἀνασχομένης
1447 2547 1763 2616 περιμένειν

176 2651 272 2700 τὸν
297 2647 510 2715 καιρόν.
552 2644 610 2698 '0
641 2644 696 2696 δὲ
735 2643 834 2710 τῆς
895 2641 1101 2701 πόλεως
1126 2633 1194 2710 ἧς
1229 2635 1400 2708 ἦρχεν
1443 2637 1759 2704 ἀποδημῶν,

179 2738 382 2804 Δρὰμα
408 2733 464 2786 δὲ
504 2729 595 2803 ἦν,
630 2730 752 2782 insi.
781 2729 1003 2782 πύθοιτο
1031 2728 1100 2781 τὰ
1127 2728 1277 2797 παρὰ
1332 2727 1617 2796 βασιλέως,
1649 2725 1766 2792 ἅμα.

179 2831 277 2878 καὶ
350 2824 582 2893 στρατιᾷ
631 2838 735 2873 τινι
805 2816 1114 2888 περιτυχὼν
1170 2817 1559 2887 Τριϐαλικῇ,ἥ
1619 2815 1765 2884 παρὰ

181 2917 382 2986 Κρὰλη
443 2914 577 2983 πρὸς
637 2911 734 2982 τὴν
798 2911 1010 2979 μητέρα
1079 2909 1365 2976 ἀφικνεῖτο
1429 2908 1485 2959 ὲν
1549 2907 1763 2973 Φεραῖς,

179 3010 521 3076 ἀνέστρεφεν
557 3005 648 3056 ἐπὶ
681 3004 854 3071 Φερὰς
891 3003 1030 3070 μετὰ
1080 3001 1176 3067 τῆς
1225 3001 1501 3068 στρατιᾶς.
1540 2998 1766 3066 Γνώμην

178 3102 236 3152 δὲ
264 3094 413 3167 εἶχεν
445 3097 518 3156 ὡς
552 3097 643 3148 καὶ
676 3097 786 3154 τοῖς
808 3093 986 3153 ἄλλοις
1015 3093 1131 3143 ἐκεῖ
1162 3090 1499 3158 συνωμόταις
1552 3087 1766 3139 συνδιαο

183 3187 527 3254 σκεψόμενος
582 3184 609 3236 ὅ
638 3200 690 3234 τι
738 3183 845 3234 δέοι
906 3179 1036 3251 δρᾷν
1073 3179 1209 3248 πρὸς
1258 3179 1323 3229 τὰ
1375 3177 1637 3244 παρόντα.
1703 3175 1765 3229 Οἱ

181 3278 465 3346 Βάρὸαροι
493 3275 544 3326 δὲ
576 3275 697 3326 ἐπεὶ
727 3274 892 3340 ὲγγὶς
923 3273 1104 3339 Φερῶν
1137 3266 1275 3339 ἦσαν
1308 3269 1442 3337 μετὰ
1478 3269 1764 3337 βασιλέως,

180 3371 230 3420 οἱ
258 3369 480 3428 πλείους
504 3366 601 3433 μὲν
624 3365 995 3433 ἀμελήσαντες
1012 3361 1120 3412 τῶν
1167 3359 1470 3428 συνθηκῶν,
1503 3358 1767 3427 ἐτράπον-

182 3477 244 3512 το
275 3460 369 3510 ἐπὶ
399 3455 710 3524 λεηλασίαν,
740 3454 832 3506 καὶ
893 3456 1071 3504 πᾶσαν
1125 3453 1224 3524 τὴν
1269 3451 1450 3519 χώραν
1503 3449 1772 3518 ἐπόρθουν

185 3550 382 3608 ἀδεῶς,
428 3547 688 3618 βασιλέως
722 3546 1037 3614 ἀχθομένου,
1075 3543 1170 3595 καὶ
1227 3543 1407 3596 πάντα
1442 3540 1772 3610 πράττοντος

184 3640 244 3704 ἐξ
308 3633 388 3692 ὧν
418 3639 554 3706 ᾤετο
591 3636 854 3689 κωλύσειν
907 3638 1030 3696 τους
1065 3633 1378 3701 Βαρϐάρους
1413 3629 1615 3683 κακοῦν
1647 3632 1770 3691 τοῦς

186 3728 377 3796 φίλους
407 3745 416 3754 ·
447 3727 560 3778 ὅσοι
587 3725 644 3775 δὲ
676 3728 812 3793 μετὰ
843 3715 1277 3791 ﬂuctuum-ﬁsa»:
1304 3721 1396 3772 καὶ
1418 3719 1511 3771 τοῦ
1539 3735 1772 3788 στρατη-

180 3819 310 3886 τοῦ,
357 3820 458 3886 τὴν
520 3815 808 3885 Τριϐαλῶν
863 3814 1060 3873 ἰδόντες
1110 3811 1446 3882 προσιοῦσαν
1483 3811 1766 3882 στρατιὰν,

184 3907 217 3982 ᾗ
256 3913 350 3962 καὶ
379 3909 603 3976 Βοῗχνας
634 3907 796 3974 συνῆν
824 3908 850 3957 ὁ
889 3907 1132 3973 Καῖσαρ,
1167 3902 1427 3972 ὥρμηντο
1459 3903 1772 3972 συμεαλεῖν.

183 4000 456 4059 Βασιλεὺς
486 3998 564 4061 δὲ,
592 3998 712 4047 ἐπεὶ
748 3995 916 4049 πολλὰ
945 3995 1137 4062 καμὼν
1186 3995 1285 4046 οὐκ
1323 3994 1557 4064 ἠδυνήθη
1593 3997 1774 4048 πεῖσαι

185 4089 527 4157 ἀποσχέσθαι
553 4090 754 4156 μάχης,
777 4086 971 4156 ἐχώρει
995 4085 1090 4138 καὶ
1108 4086 1268 4148 αὐτὸς
1291 4087 1383 4137 ἐπὶ
1407 4087 1497 4138 τὸν
1517 4087 1607 4137 πό)
1621 4104 1772 4156 εμον.

189 4182 404 4251 Ἱειεσαν
419 4178 472 4228 δὲ
492 4178 586 4229 καὶ
612 4178 659 4229 oi
681 4177 936 4245 Ἰ“ρι6α).ο“ι
957 4177 1157 4244 ὁμοίως
1180 4179 1271 4229 ἐπὶ
1294 4177 1417 4239 τοὺς
1433 4178 1772 4247 Βαρϐαρους.

188 4272 312 4322 Ἔτι
362 4271 420 4322 δὲ
466 4268 962 4338 άκροὸολιζομένων
1039 4269 1149 4323 τῶν
1215 4269 1536 4341 Βαρϐάρων,
1588 4270 1775 4342 ὥσπερ

187 4363 308 4422 ἔθος
342 4362 477 4428 πρὶν
507 4360 662 4428 ἥκειν
685 4360 764 4420 εἰς
799 4359 894 4420 τὰς
927 4361 1134 4428 χεῖρας,
1157 4359 1385 4412 ἔπιπτεν
1409 4362 1436 4413 ὁ
1469 4360 1776 4430 στρατηγὸς

188 4453 333 4518 βέλει
391 4449 621 4516 τρωθεὶς
687 4449 795 4500 ὑπὸ
850 4448 958 4498 τῶν
1023 4447 1326 4515 Τριὸαλῶν,
1361 4448 1454 4498 καὶ
1518 4448 1779 4515 σὺγχυσις

1855 642 2146 697 Boichnam
2180 642 2443 697 Caesarem
2474 643 2858 712 significatum,
2883 661 2940 700 se
2975 659 3168 716 prmter
3200 659 3416 718 pactum

1854 735 2169 796 adventare,
2235 735 2575 802 compulsum
2634 750 2661 788 a
2707 737 2878 804 copiis
2923 743 3244 809 peregrinis,
3298 759 3422 812 quae

1855 826 2133 895 praefixum
2187 834 2404 892 tempus
2437 835 2751 894 exspectare
2802 829 3028 883 nollent.
3081 831 3180 895 Qui
3222 833 3422 889 absens

1856 917 2012 980 urbe,
2037 916 2126 969 cui
2171 923 2399 984 praeerat
2442 915 2633 968 Drama
2664 917 2951 981 vocabulo,
2980 929 3038 973 ut
3069 921 3290 975 nuntios
3316 924 3419 976 im-

1856 1008 2124 1075 peratoris
2177 1006 2407 1074 accepit,
2443 1006 2604 1060 simul
2645 1017 2701 1061 et
2737 1008 2789 1062 in
2840 1026 3030 1078 agmen
3063 1012 3418 1068 Triballicum

1859 1097 2071 1160 incidit,
2096 1097 2240 1165 quod
2265 1113 2292 1150 a
2323 1096 2480 1151 Crale
2509 1095 2574 1149 ad
2603 1105 2824 1151 matrem
2851 1098 3051 1153 Pheras
3078 1101 3419 1166 mittebatur,

1858 1203 1980 1243 eum
2017 1189 2207 1244 eodem
2249 1189 2468 1257 agmine
2512 1203 2766 1242 reversus
2814 1201 2916 1252 est,
2970 1191 3070 1245 hac
3119 1203 3320 1257 mente,
3361 1205 3422 1250 ut

1858 1293 1980 1333 cum
2011 1281 2225 1333 caeteris
2252 1278 2550 1347 conjuratis
2578 1279 2654 1332 ibi
2689 1279 2817 1346 quid
2855 1279 2905 1332 in
2940 1295 3176 1347 prmsens
3219 1281 3423 1337 facien-

1859 1369 2010 1434 dum,
2051 1371 2338 1424 consilium
2377 1377 2614 1437 caperet.
2653 1370 2878 1423 Barbari
2928 1381 2986 1424 ut
3017 1387 3140 1425 cum
3193 1374 3427 1441 imperav

1863 1471 1979 1515 tore
2009 1459 2200 1514 Pheris
2232 1461 2760 1529 appropinquarunt,
2793 1462 2977 1530 plures
3031 1477 3422 1518 conventorum

1860 1547 2064 1611 securi,
2097 1549 2396 1617 praedatum
2438 1563 2495 1602 se
2537 1549 2800 1612 effudere,
2845 1559 3120 1620 totamque
3153 1554 3424 1621 regionem

1863 1651 1960 1706 per
1995 1637 2270 1692 licentiam
2308 1637 2620 1706 depopulati
2658 1647 2827 1693 sunt:
2863 1650 3218 1694 succensente
3252 1643 3426 1711 impc-

1863 1738 2070 1792 ratore,
2100 1738 2155 1782 et
2188 1737 2433 1782 tentante
2473 1728 2676 1793 omnia,
2717 1728 2920 1797 quibus
2956 1730 3164 1785 amicos
3212 1732 3430 1800 injuriis

1862 1818 2228 1873 Barbarorum
2277 1833 2334 1872 se
2386 1818 2790 1887 prohibiturum
2830 1828 3068 1887 putaret.
3106 1821 3207 1886 Qui
3241 1831 3426 1875 autem

1860 1925 1982 1964 cum
2019 1909 2346 1977 imperatore
2389 1917 2444 1962 et
2470 1907 2610 1963 duce
2646 1923 2745 1962 suo
2783 1921 3179 1973 remanserant.
3209 1929 3427 1966 manum

1861 2001 2247 2066 Triballorum,
2293 2001 2461 2070 889
2500 2001 2554 2054 in
2595 2016 2701 2070 qua
2732 2009 2787 2056 et
2833 2003 3100 2058 Boichnas
3131 2005 3429 2067 visebatur.

1862 2101 2049 2147 contra
2107 2100 2394 2146 cernentes
2445 2092 2718 2156 invadere,
2773 2093 3064 2164 confligere
3111 2096 3428 2164 cupiebant.

1862 2183 2166 2253 Imperator
2196 2182 2290 2238 ubi
2319 2183 2491 2237 multo
2521 2183 2708 2238 labore
2736 2199 2832 2238 eos
2854 2201 2882 2238 a
2916 2201 3092 2255 pugna
3123 2187 3431 2242 absterrere

1865 2291 1971 2328 non
2015 2274 2214 2344 potuit.
2245 2283 2298 2328 et
2329 2274 2444 2343 ipse
2468 2274 2534 2328 ad
2566 2283 2844 2329 certamen
2874 2277 3167 2344 processit.
3204 2278 3346 2346 quod
3377 2290 3434 2332 ct

1863 2365 2089 2420 Triballi
2121 2367 2175 2420 in
2211 2366 2480 2420 Barbaros
2511 2365 2804 2430 faciebant,
2837 2367 3040 2434 quibus
3072 2369 3254 2422 adhuc
3301 2370 3435 2422 mis.

1866 2457 2063 2510 silihus
2094 2457 2176 2522 (ut
2212 2455 2464 2509 solebant
2495 2455 2603 2524 (ιι)
2636 2467 2924 2524 antequam
2955 2459 3199 2524 praelium
3235 2475 3429 2513 censi--

1867 2547 2075 2614 rerent)
2103 2544 2554 2614 prteludentibus,
2591 2545 2698 2598 dux
2725 2547 2927 2600 cecidit
2955 2565 2968 2600 :
3001 2547 3156 2616 cujus
3184 2564 3313 2603 casu
3351 2551 3432 2601 ii;-

1865 2651 1996 2705 gens
2025 2635 2276 2690 confusio
2317 2649 2379 2688 ac
2419 2634 2710 2701 trepidatio
2740 2635 2881 2695 illos.
2935 2636 3085 2690 velut
3125 2637 3300 2704 primo
3336 2637 3434 2690 im-

1867 2737 1995 2797 petu
2031 2729 2206 2781 victos
2233 2725 2490 2794 pervasit.
2529 2724 2830 2793 imperator
2863 2734 2976 2780 tum
3022 2727 3255 2781 maxime
3287 2736 3341 2782 et
3367 2730 3431 2781 ad

1869 2819 2304 2888 intelligendum,
2329 2816 2459 2885 quid
2511 2817 2600 2870 tali
2633 2827 2876 2887 tempore
2906 2819 3249 2881 conveniret,
3284 2830 3340 2875 et
3369 2823 3434 2875 azl

1869 2925 1983 2965 rem
2005 2910 2122 2979 ipse
2150 2893 2572 2973 conficiendam,
2606 2909 2848 2977 aliosque
2882 2910 3188 2966 incitandos
3211 2912 3357 2967 celer
3375 2930 3440 2967 ac

1868 3012 2156 3072 promptus
2195 3001 2466 3071 apparuit.
2511 3002 2691 3057 Alium
2747 3003 2950 3072 quippe
2998 3002 3193 3058 ducem
3257 3008 3437 3060 Statim

1869 3092 2198 3162 surrogavit,
2255 3106 2419 3160 quem
2475 3092 2551 3146 rei
2613 3108 2640 3145 a
2673 3108 2730 3147 se
2777 3093 2916 3148 bene
2948 3096 3197 3163 gerendae
3240 3096 3440 3152 ﬁducia

1794 3205 1839 3263 ο
1870 3183 2154 3254 implevit:
2193 3198 2470 3250 ruensque
2517 3184 2569 3236 in
2601 3183 2832 3252 primam
2867 3185 3060 3252 aciem,
3087 3187 3283 3244 eximia
3327 3190 3444 3241 ani-

1871 3289 2033 3327 mos-.e
2067 3273 2406 3328 fortitudinis
2433 3274 2676 3342 exempla
2705 3274 2894 3330 edidit.
2938 3277 3137 3331 Tribus
3163 3279 3309 3333 enim
3342 3279 3443 3332 hoc

1872 3365 2049 3418 stibus
2077 3366 2422 3418 continenter
2455 3379 2550 3418 sua
2589 3382 2748 3419 manu
2797 3368 3124 3434 interfectis,
3170 3371 3440 3424 Triballos

1875 3457 2115 3524 receptui
2149 3470 2369 3518 canere,
2409 3466 2463 3510 et
2507 3456 2711 3510 Pheras
2746 3457 2888 3512 haud
2941 3459 3098 3528 longe
3148 3460 3438 3522 distantes.

1873 3549 1992 3603 sine
2032 3565 2182 3602 mora
2217 3549 2474 3602 recedere
2502 3549 2696 3618 coegit.
2750 3550 2825 3603 Eo
2852 3553 3114 3606 Conflictu
3153 3548 3440 3608 Persarum

1875 3641 2057 3711 pauci,
2108 3640 2473 3696 Triballorum
2515 3640 2682 3709 duplo
2729 3643 2912 3709 plures
2961 3643 3254 3697 desiderati
3291 3659 3440 3700 sunt.

1873 3731 2124 3794 Barbari,
2158 3733 2412 3800 quoniam
2459 3731 2539 3786 eis
2583 3741 2773 3786 contra
2822 3749 2972 3801 spem
3020 3744 3279 3788 evenerat
3311 3738 3441 3804 (non

1873 3823 2018 3876 enim
2051 3822 2416 3889 opinabantur
2455 3822 2642 3876 hostes
2669 3821 2985 3890 aliquandiu
3009 3837 3066 3877 se
3098 3824 3443 3889 defensuros)

1876 3913 2135 3974 tumultu.
2169 3912 2605 3981 confusioneque
2640 3915 2971 3981 permiscere
3008 3915 3214 3979 omnia,
3261 3925 3314 3969 et
3357 3917 3446 3970 fu-

1876 4017 1995 4072 gam
2025 4002 2320 4071 parturire.
2351 4001 2497 4066 Quos
2528 4001 2876 4064 confirmans,
2910 4002 3041 4055 etin
3073 4003 3324 4055 ordinem
3363 4003 3447 4056 di-

1877 4109 2071 4165 gerens
2097 4095 2415 4162 impcrator,
2450 4103 2512 4146 ut
2549 4109 2663 4144 mos
2689 4103 2790 4152 est,
2827 4094 3069 4154 revertit,
3107 4092 3220 4161 ipse
3265 4106 3447 4147 extre-

1881 4201 2028 4238 mum
2054 4199 2247 4252 agmen
2289 4184 2515 4245 ducens,
2565 4182 2617 4234 in
2659 4197 2767 4250 quo
2799 4183 3168 4236 Romanorum
3227 4195 3282 4238 et
3316 4186 3448 4239 Per-

1878 4287 2060 4327 sarum
2099 4271 2412 4325 fortissimi.
2465 4270 2691 4324 Trihalli
2738 4286 2900 4339 porro
2949 4273 3263 4327 incruentus
3293 4275 3448 4329 abire

1878 4364 2150 4418 Barl'aros
2178 4378 2284 4416 non
2317 4363 2604 4417 sinebant:
2654 4371 2872 4432 quoset
2907 4363 3071 4430 ipsos,
3104 4363 3230 4432 quia
3271 4366 3448 4418 celer-

1879 4455 2017 4510 rime
2060 4455 2324 4513 redirent.
2376 4455 2622 4508 turbatos
2664 4455 3129 4522 suspicabantur:
3182 4465 3237 4510 et
3268 4458 3449 4512 denuo

184 4543 336 4612 δεινὴ
368 4541 463 4592 καὶ
493 4539 688 4604 ἀταξία
711 4539 768 4590 τὸ
806 4539 1161 4607 στρατόπεδον
1193 4542 1408 4608 κατεῖχε
1438 4539 1543 4591 τῶν
1569 4540 1767 4607 Ιῖαρ6ά‹

1835 4546 1858 4599 )
1887 4546 2230 4608 invadentes,
2282 4547 2550 4614 dissipare
2596 4544 2893 4609 confertos,
2921 4555 2979 4601 et
3017 4547 3068 4600 in
3103 4547 3285 4614 fugam
3317 4549 3449 4602 dare

190 4651 320 4701 ρων,
386 4626 477 4684 οἷα
542 4631 604 4699 δὴ
671 4632 737 4682 ὲκ
793 4629 1016 4699 πρώτης
1095 4630 1418 4698 ἡττημένων
1490 4631 1764 4700 εἰσϐολῆς.

187 4722 459 4783 Βασιλεὺς
490 4721 546 4772 δὲ
581 4721 701 4771 τότε
736 4719 972 4788 μάλιστα
1020 4721 1274 4785 ἐφαίνετο
1333 4721 1572 4772 συνεῖναί
1606 4738 1663 4773 τε
1701 4722 1769 4774 τὰ

185 4816 374 4867 δέοντα
405 4813 482 4866 ὢν
509 4813 634 4877 ὀξὺς
667 4814 723 4863 ἐν
759 4812 1036 4878 ἐπείγουσι
1100 4813 1332 4878 καιροῖς,
1364 4814 1459 4864 καὶ
1519 4814 1678 4875 αὑτός
1709 4832 1768 4866 τε

186 4904 669 4974 καταπραξασθαι,
700 4902 794 4955 καὶ
821 4906 932 4964 τοῖς
964 4903 1148 4964 ἄλλοις
1177 4905 1528 4972 παραινέσαι.
1562 4906 1770 4958 Αὐτίκα

188 4998 296 5066 γὰρ
351 4999 548 5061 ἕτερον
600 4993 924 5062 ἐχειροτόνει
984 4997 1310 5061 στρατηγζν,
1380 4995 1471 5046 καὶ
1539 4996 1771 5065 παρῄνει

192 5093 438 5158 μαλιστα
466 5089 714 5158 θαρρεῖν,
742 5085 817 5146 ὠς
877 5087 1055 5148 καλῶς
1113 5087 1276 5138 αὑτοῦ
1315 5089 1426 5150 τοῖς
1483 5087 1773 5157 πράγμασι

191 5183 559 5254 χρησομένου.
608 5181 923 5249 Εἱσωθήσας
966 5178 1021 5230 δὲ
1079 5179 1237 5231 αὑτὸν
1273 5183 1349 5242 εἰς
1405 5181 1529 5242 τοὺς
1576 5182 1778 5250 προτά-

1876 4638 2214 4691 nitebantur.
2277 4637 2579 4705 imperator
2635 4652 2852 4692 rursum
2908 4651 3031 4691 cum
3075 4639 3334 4693 Romanis
3395 4652 3450 4693 et
3525 4650 3528 4653 ’

1878 4728 2168 4782 Persarum
2199 4727 2516 4782 lectissimis
2540 4743 2598 4783 se
2647 4743 2951 4796 apponens,
2977 4744 3072 4781 eos
3107 4731 3446 4796 repellebat;

1879 4816 2017 4871 duos
2058 4819 2202 4870 enim
2248 4831 2581 4886 congressus
2610 4818 2871 4884 deinceps
2911 4818 3135 4880 occidit.
3175 4828 3230 4872 et
3256 4819 3345 4872 alii
3380 4822 3448 4872 ab

1879 4911 2002 4963 aliis
2044 4910 2112 4962 ad
2145 4925 2332 4963 ereum
2386 4910 2537 4963 missi
2586 4918 2733 4962 sunt.
2774 4909 2912 4963 Tum
2950 4910 3190 4978 denique
3239 4926 3447 4965 cuneus

1882 5001 2272 5062 Triballorum,
2335 5000 2682 5067 imperatoris
2751 5001 2956 5055 virtute
3007 5001 3443 5070 obstupefactus,

1880 5093 2082 5148 l'heras
2115 5093 2361 5158 recessit,
2410 5107 2474 5146 ac
2509 5093 2576 5147 de
2611 5103 2811 5149 caetero
2844 5094 2982 5147 nihil
3022 5094 3227 5164 negotii
3273 5095 3450 5150 faces-

1878 5197 2026 5238 ειιίι.

193 5295 373 5340 κτους,
412 5279 554 5344 ἔργα
602 5275 806 5343 τόλμης
839 5276 928 5325 καὶ
957 5275 1179 5342 ἀνδρίας
1224 5271 1566 5325 ἐπεδείκνυτο
1600 5275 1910 5341 θαυμαστά.
1955 5279 2112 5347 Τρεῖς
2142 5279 2246 5345 γὰρ
2279 5278 2474 5346 ἑφεξῆς
2513 5279 2826 5350 αὐτοχειρία
2882 5278 3173 5347 πολεμίους
3226 5279 3450 5342 ἀνελὼν,

190 5379 470 5444 ἠνάγκασε
502 5373 601 5439 τῆς
635 5372 811 5440 μάχης
866 5370 1199 5439 ἀποσχέσθαι
1255 5368 1578 5438 Τριϐαλοὺς,
1645 5373 1843 5425 αὐτίκα
1883 5374 1990 5442 γὰρ
2022 5375 2326 5444 ἀνεχώρουν
2352 5377 2444 5428 ἐπὶ
2465 5375 2639 5446 Φερὰς
2663 5373 2829 5437 οῦσας
2862 5374 2921 5426 οὐ
2984 5376 3222 5444 μακράνο
3256 5376 3450 5430 ἔπεσον

1420 5499 1633 5560 Jacobi
1664 5501 1922 5560 Pontani
1967 5508 2150 5561 nota).

267 5633 375 5697 fit)
435 5631 682 5686 Verbum
721 5632 1193 5701 ἀκροϐολίζεσθαι,
1249 5647 1354 5684 non
1408 5632 1582 5684 solum
1617 5640 1766 5684 este

189 5703 311 5754 luco
357 5705 534 5760 edito,
588 5713 678 5756 aut
727 5705 777 5756 in
834 5704 1011 5755 locuzn
1051 5705 1259 5755 editum
1309 5703 1766 5771 jaculamittere,

191 5775 286 5822 sed
322 5774 489 5824 etiam
533 5787 775 5841 pugnare
814 5774 1134 5830 missilibus.
1187 5773 1421 5833 velitari,
1480 5772 1769 5841 certamini

195 5840 544 5908 palude-re.
579 5858 817 5912 pugnam
861 5844 1130 5898 lacessere
1205 5842 1360 5897 Tales
1401 5842 1589 5895 rorarii
1642 5840 1771 5894 dicti

1877 5629 2160 5688 Romanis.
2214 5629 2305 5695 qui
2359 5629 2590 5691 scilicet,
2639 5639 2932 5698 antequam
2983 5628 3452 5698 congrederentur

1879 5701 2044 5762 acies,
2080 5699 2276 5766 jaculis
2312 5716 2418 5752 non
2449 5700 2635 5752 multis
2669 5703 2880 5753 inibant
2905 5702 3188 5766 praelium;
3221 5707 3451 5751 tractum

1881 5770 2044 5850 inde,
2085 5769 2226 5832 quod
2279 5781 2404 5824 ante
2451 5772 2713 5824 maximas
2755 5771 2965 5840 pluvias
3004 5770 3200 5825 coelum
3259 5784 3448 5824 rorare.

1886 5849 2129 5907 tttt'tptal.
