  <div class='ocr_page' id='page_1' title='image "/cluster/home/n/w/nwhite01/storage/ocr_20150623/154/nnc1.0046980970/176.png"; bbox 0 0 4218 6446; ppageno 0'>
   <div class='ocr_carea' id='block_1_1' title="bbox 216 461 318 523">
    <p class='ocr_par' dir='ltr' id='par_1_1' title="bbox 216 461 318 523">
     <span class='ocr_line' id='line_1_1' title="bbox 216 461 318 523; baseline -0.039 1"><span class='ocrx_word' id='word_1_1' title='bbox 216 461 318 523; x_wconf 81' lang='grc'><strong>337</strong></span> 
     </span>
    </p>
   </div>
   <div class='ocr_carea' id='block_1_2' title="bbox 1346 457 2282 523">
    <p class='ocr_par' dir='ltr' id='par_1_2' title="bbox 1346 457 2282 523">
     <span class='ocr_line' id='line_1_2' title="bbox 1346 457 2282 523; baseline 0.004 -4"><span class='ocrx_word' id='word_1_2' title='bbox 1346 457 1881 521; x_wconf 78' lang='lat' dir='ltr'><strong>IIISTORIARUM</strong></span> <span class='ocrx_word' id='word_1_3' title='bbox 1924 464 2151 523; x_wconf 75' lang='lat' dir='ltr'><strong>LIBER</strong></span> <span class='ocrx_word' id='word_1_4' title='bbox 2191 463 2282 523; x_wconf 85' lang='lat' dir='ltr'><strong>IV.</strong></span> 
     </span>
    </p>
   </div>
   <div class='ocr_carea' id='block_1_3' title="bbox 3324 467 3430 535">
    <p class='ocr_par' dir='ltr' id='par_1_3' title="bbox 3324 467 3430 535">
     <span class='ocr_line' id='line_1_3' title="bbox 3324 467 3430 535; baseline 0.038 -4"><span class='ocrx_word' id='word_1_5' title='bbox 3324 467 3430 535; x_wconf 78' lang='lat'><strong>338</strong></span> 
     </span>
    </p>
   </div>
   <div class='ocr_carea' id='block_1_4' title="bbox 215 567 1828 650">
    <p class='ocr_par' dir='ltr' id='par_1_4' title="bbox 215 567 1828 639">
     <span class='ocr_line' id='line_1_4' title="bbox 215 567 1828 639; baseline 0.003 -19"><span class='ocrx_word' id='word_1_6' title='bbox 215 569 456 639; x_wconf 64' lang='grc' dir='ltr'>ἠδυνήθη</span> <span class='ocrx_word' id='word_1_7' title='bbox 486 570 592 620; x_wconf 84' lang='grc' dir='ltr'><strong>τῶν</strong></span> <span class='ocrx_word' id='word_1_8' title='bbox 615 569 844 622; x_wconf 74' lang='grc' dir='ltr'>δεόντων</span> <span class='ocrx_word' id='word_1_9' title='bbox 874 569 1091 622; x_wconf 81' lang='grc' dir='ltr'>πάντων</span> <span class='ocrx_word' id='word_1_10' title='bbox 1118 583 1251 635; x_wconf 79' lang='grc' dir='ltr'>προς</span> <span class='ocrx_word' id='word_1_11' title='bbox 1281 569 1339 619; x_wconf 82' lang='grc' dir='ltr'><strong>ἓν</strong></span> <span class='ocrx_word' id='word_1_12' title='bbox 1360 567 1610 638; x_wconf 80' lang='grc' dir='ltr'>δρώντων</span> <span class='ocrx_word' id='word_1_13' title='bbox 1626 571 1772 631; x_wconf 79' lang='grc' dir='ltr'>ὅπως</span> <span class='ocrx_word' id='word_1_14' title='bbox 1804 572 1828 625; x_wconf 71' lang='grc' dir='ltr'><strong>,Α</strong></span> 
     </span>
    </p>
   </div>
   <div class='ocr_carea' id='block_1_5' title="bbox 1842 567 3432 650">
    <p class='ocr_par' dir='ltr' id='par_1_5' title="bbox 1842 570 3432 650">
     <span class='ocr_line' id='line_1_5' title="bbox 1842 570 3432 650; baseline 0.008 -26"><span class='ocrx_word' id='word_1_15' title='bbox 1842 570 2243 626; x_wconf 85' lang='lat' dir='ltr'><strong>.Barbarorum</strong></span> <span class='ocrx_word' id='word_1_16' title='bbox 2293 575 2544 642; x_wconf 86' lang='lat' dir='ltr'><strong>permulti</strong></span> <span class='ocrx_word' id='word_1_17' title='bbox 2594 577 2645 629; x_wconf 85' lang='lat' dir='ltr'><strong>in</strong></span> <span class='ocrx_word' id='word_1_18' title='bbox 2703 578 2932 632; x_wconf 93' lang='lat' dir='ltr'><strong>transitu</strong></span> <span class='ocrx_word' id='word_1_19' title='bbox 2980 579 3121 647; x_wconf 88' lang='lat' dir='ltr'><strong>apud</strong></span> <span class='ocrx_word' id='word_1_20' title='bbox 3156 580 3432 650; x_wconf 78' lang='lat' dir='ltr'><strong>Philippos</strong></span> 
     </span>
    </p>
   </div>
   <div class='ocr_carea' id='block_1_6' title="bbox 217 652 1772 728">
    <p class='ocr_par' dir='ltr' id='par_1_6' title="bbox 217 652 1772 728">
     <span class='ocr_line' id='line_1_6' title="bbox 217 652 1772 728; baseline 0.001 -16"><span class='ocrx_word' id='word_1_21' title='bbox 217 662 280 728; x_wconf 80' lang='grc' dir='ltr'>τῇ</span> <span class='ocrx_word' id='word_1_22' title='bbox 312 652 458 728; x_wconf 72' lang='grc' dir='ltr'>φυγῇ</span> <span class='ocrx_word' id='word_1_23' title='bbox 510 660 774 713; x_wconf 79' lang='grc' dir='ltr'><strong>σωθῶσιν.</strong></span> <span class='ocrx_word' id='word_1_24' title='bbox 822 661 1158 726; x_wconf 80' lang='grc' dir='ltr'>’Δναγκαίως</span> <span class='ocrx_word' id='word_1_25' title='bbox 1192 660 1247 711; x_wconf 89' lang='grc' dir='ltr'><strong>δέ</strong></span> <span class='ocrx_word' id='word_1_26' title='bbox 1277 660 1436 721; x_wconf 78' lang='grc' dir='ltr'>αὐτὸς</span> <span class='ocrx_word' id='word_1_27' title='bbox 1491 661 1583 713; x_wconf 78' lang='grc' dir='ltr'>καὶ</span> <span class='ocrx_word' id='word_1_28' title='bbox 1612 661 1772 728; x_wconf 72' lang='grc' dir='ltr'>μόνος</span> 
     </span>
    </p>
   </div>
   <div class='ocr_carea' id='block_1_7' title="bbox 216 751 1773 820">
    <p class='ocr_par' dir='ltr' id='par_1_7' title="bbox 216 751 1773 820">
     <span class='ocr_line' id='line_1_7' title="bbox 216 751 1773 820; baseline 0.001 -18"><span class='ocrx_word' id='word_1_29' title='bbox 216 751 580 802; x_wconf 73' lang='grc' dir='ltr'><strong>συνεπλέκετο</strong></span> <span class='ocrx_word' id='word_1_30' title='bbox 610 754 723 812; x_wconf 84' lang='grc' dir='ltr'>τοῖς</span> <span class='ocrx_word' id='word_1_31' title='bbox 753 753 986 812; x_wconf 81' lang='grc' dir='ltr'>ἐπιοῦσι,</span> <span class='ocrx_word' id='word_1_32' title='bbox 1028 753 1121 803; x_wconf 71' lang='grc' dir='ltr'>καὶ</span> <span class='ocrx_word' id='word_1_33' title='bbox 1144 752 1361 820; x_wconf 81' lang='grc' dir='ltr'><strong>ἀνεῖργε</strong></span> <span class='ocrx_word' id='word_1_34' title='bbox 1396 751 1487 803; x_wconf 81' lang='grc' dir='ltr'>τοῦ</span> <span class='ocrx_word' id='word_1_35' title='bbox 1522 751 1596 819; x_wconf 73' lang='grc' dir='ltr'>μὴ</span> <span class='ocrx_word' id='word_1_36' title='bbox 1649 752 1773 812; x_wconf 75' lang='grc' dir='ltr'>τοὺς</span> 
     </span>
    </p>
   </div>
   <div class='ocr_carea' id='block_1_8' title="bbox 215 842 1776 912">
    <p class='ocr_par' dir='ltr' id='par_1_8' title="bbox 215 842 1776 912">
     <span class='ocr_line' id='line_1_8' title="bbox 215 842 1776 912; baseline 0.001 -18"><span class='ocrx_word' id='word_1_37' title='bbox 215 842 520 908; x_wconf 75' lang='grc' dir='ltr'>φεύγοντας</span> <span class='ocrx_word' id='word_1_38' title='bbox 578 844 913 912; x_wconf 67' lang='grc' dir='ltr'>διαφθείρειν</span> <span class='ocrx_word' id='word_1_39' title='bbox 981 843 1260 895; x_wconf 82' lang='grc' dir='ltr'>ἐπιπλέον.</span> <span class='ocrx_word' id='word_1_40' title='bbox 1322 844 1513 912; x_wconf 82' lang='grc' dir='ltr'><strong>Ὅμως</strong></span> <span class='ocrx_word' id='word_1_41' title='bbox 1556 843 1776 909; x_wconf 77' lang='grc' dir='ltr'>διεφθά-</span> 
     </span>
    </p>
   </div>
   <div class='ocr_carea' id='block_1_9' title="bbox 217 934 1771 1001">
    <p class='ocr_par' dir='ltr' id='par_1_9' title="bbox 217 934 1771 1001">
     <span class='ocr_line' id='line_1_9' title="bbox 217 934 1771 1001; baseline 0.001 -18"><span class='ocrx_word' id='word_1_42' title='bbox 217 948 388 1001; x_wconf 78' lang='grc' dir='ltr'>ρησαν</span> <span class='ocrx_word' id='word_1_43' title='bbox 417 936 509 984; x_wconf 76' lang='grc' dir='ltr'>καὶ</span> <span class='ocrx_word' id='word_1_44' title='bbox 571 934 860 999; x_wconf 78' lang='grc' dir='ltr'>Ῥωμαίων</span> <span class='ocrx_word' id='word_1_45' title='bbox 924 936 1016 985; x_wconf 69' lang='grc' dir='ltr'>καὶ</span> <span class='ocrx_word' id='word_1_46' title='bbox 1056 934 1355 1001; x_wconf 77' lang='grc' dir='ltr'>Βαρϐάρων</span> <span class='ocrx_word' id='word_1_47' title='bbox 1414 935 1512 985; x_wconf 75' lang='grc' dir='ltr'>οὐκ</span> <span class='ocrx_word' id='word_1_48' title='bbox 1562 935 1771 997; x_wconf 73' lang='grc' dir='ltr'>ὀλίγοιο</span> 
     </span>
    </p>
   </div>
   <div class='ocr_carea' id='block_1_10' title="bbox 219 1025 1773 1095">
    <p class='ocr_par' dir='ltr' id='par_1_10' title="bbox 219 1025 1773 1095">
     <span class='ocr_line' id='line_1_10' title="bbox 219 1025 1773 1095; baseline 0 -18"><span class='ocrx_word' id='word_1_49' title='bbox 219 1026 457 1094; x_wconf 79' lang='grc' dir='ltr'>μάλιστα</span> <span class='ocrx_word' id='word_1_50' title='bbox 497 1026 552 1078; x_wconf 83' lang='grc' dir='ltr'>δὲ</span> <span class='ocrx_word' id='word_1_51' title='bbox 588 1028 730 1078; x_wconf 86' lang='grc' dir='ltr'>κατὰ</span> <span class='ocrx_word' id='word_1_52' title='bbox 752 1026 849 1095; x_wconf 80' lang='grc' dir='ltr'>τὴν</span> <span class='ocrx_word' id='word_1_53' title='bbox 869 1027 1040 1077; x_wconf 88' lang='grc' dir='ltr'>δίοδον</span> <span class='ocrx_word' id='word_1_54' title='bbox 1074 1026 1171 1095; x_wconf 82' lang='grc' dir='ltr'>τὴν</span> <span class='ocrx_word' id='word_1_55' title='bbox 1204 1028 1260 1077; x_wconf 86' lang='grc' dir='ltr'><strong>ἐν</strong></span> <span class='ocrx_word' id='word_1_56' title='bbox 1310 1025 1597 1078; x_wconf 68' lang='grc' dir='ltr'>Φιλίππου.</span> <span class='ocrx_word' id='word_1_57' title='bbox 1638 1025 1773 1093; x_wconf 80' lang='grc' dir='ltr'>Ἤδη</span> 
     </span>
    </p>
   </div>
   <div class='ocr_carea' id='block_1_11' title="bbox 214 1116 1777 1185">
    <p class='ocr_par' dir='ltr' id='par_1_11' title="bbox 214 1116 1777 1185">
     <span class='ocr_line' id='line_1_11' title="bbox 214 1116 1777 1185; baseline -0.001 -17"><span class='ocrx_word' id='word_1_58' title='bbox 214 1121 325 1185; x_wconf 71' lang='grc' dir='ltr'>γὰρ</span> <span class='ocrx_word' id='word_1_59' title='bbox 356 1118 453 1170; x_wconf 75' lang='grc' dir='ltr'>καὶ</span> <span class='ocrx_word' id='word_1_60' title='bbox 486 1118 842 1185; x_wconf 71' lang='grc' dir='ltr'><strong>Φιλιππήσιοι</strong></span> <span class='ocrx_word' id='word_1_61' title='bbox 903 1118 1009 1168; x_wconf 80' lang='grc' dir='ltr'><strong>τῶν</strong></span> <span class='ocrx_word' id='word_1_62' title='bbox 1061 1116 1363 1185; x_wconf 73' lang='grc' dir='ltr'>Βαρϐάρων</span> <span class='ocrx_word' id='word_1_63' title='bbox 1425 1116 1523 1181; x_wconf 78' lang='grc' dir='ltr'>τῆς</span> <span class='ocrx_word' id='word_1_64' title='bbox 1570 1116 1777 1183; x_wconf 80' lang='grc' dir='ltr'>τροπῆς</span> 
     </span>
    </p>
   </div>
   <div class='ocr_carea' id='block_1_12' title="bbox 216 1203 1776 1275">
    <p class='ocr_par' dir='ltr' id='par_1_12' title="bbox 216 1203 1776 1275">
     <span class='ocr_line' id='line_1_12' title="bbox 216 1203 1776 1275; baseline -0.002 -16"><span class='ocrx_word' id='word_1_65' title='bbox 216 1209 535 1275; x_wconf 64' lang='grc' dir='ltr'>αἰσθόμενοι</span> <span class='ocrx_word' id='word_1_66' title='bbox 602 1208 886 1259; x_wconf 79' lang='grc' dir='ltr'><strong>ἐπέκειντο</strong></span> <span class='ocrx_word' id='word_1_67' title='bbox 941 1208 1036 1259; x_wconf 79' lang='grc' dir='ltr'>καὶ</span> <span class='ocrx_word' id='word_1_68' title='bbox 1088 1206 1390 1274; x_wconf 74' lang='grc' dir='ltr'>διέφθειρον</span> <span class='ocrx_word' id='word_1_69' title='bbox 1443 1203 1776 1272; x_wconf 77' lang='grc' dir='ltr'>ἁπανταχοῦ.</span> 
     </span>
    </p>
   </div>
   <div class='ocr_carea' id='block_1_13' title="bbox 218 1296 1777 1367">
    <p class='ocr_par' dir='ltr' id='par_1_13' title="bbox 218 1296 1777 1367">
     <span class='ocr_line' id='line_1_13' title="bbox 218 1296 1777 1367; baseline -0.003 -18"><span class='ocrx_word' id='word_1_70' title='bbox 218 1299 485 1360; x_wconf 82' lang='grc' dir='ltr'>Βασιλεὺς</span> <span class='ocrx_word' id='word_1_71' title='bbox 515 1299 570 1351; x_wconf 81' lang='grc' dir='ltr'>δὲ</span> <span class='ocrx_word' id='word_1_72' title='bbox 631 1298 998 1367; x_wconf 77' lang='grc' dir='ltr'><strong>ἀμυνόμενος,</strong></span> <span class='ocrx_word' id='word_1_73' title='bbox 1053 1297 1148 1350; x_wconf 76' lang='grc' dir='ltr'>καὶ</span> <span class='ocrx_word' id='word_1_74' title='bbox 1190 1296 1509 1365; x_wconf 80' lang='grc' dir='ltr'>περισὼζων</span> <span class='ocrx_word' id='word_1_75' title='bbox 1564 1296 1777 1359; x_wconf 74' lang='grc' dir='ltr'>ἑαυτὸν,</span> 
     </span>
    </p>
   </div>
   <div class='ocr_carea' id='block_1_14' title="bbox 219 1386 1778 1459">
    <p class='ocr_par' dir='ltr' id='par_1_14' title="bbox 219 1386 1778 1459">
     <span class='ocr_line' id='line_1_14' title="bbox 219 1386 1778 1459; baseline -0.003 -17"><span class='ocrx_word' id='word_1_76' title='bbox 219 1390 308 1459; x_wconf 73' lang='grc' dir='ltr'>ᾔει</span> <span class='ocrx_word' id='word_1_77' title='bbox 344 1392 439 1443; x_wconf 82' lang='grc' dir='ltr'>καὶ</span> <span class='ocrx_word' id='word_1_78' title='bbox 477 1391 641 1451; x_wconf 69' lang='grc' dir='ltr'>αὐτὸς</span> <span class='ocrx_word' id='word_1_79' title='bbox 672 1391 772 1459; x_wconf 80' lang='grc' dir='ltr'>τὴν</span> <span class='ocrx_word' id='word_1_80' title='bbox 837 1392 915 1452; x_wconf 86' lang='grc' dir='ltr'><strong>είς</strong></span> <span class='ocrx_word' id='word_1_81' title='bbox 954 1390 1247 1441; x_wconf 70' lang='grc' dir='ltr'>Φιλίππου.</span> <span class='ocrx_word' id='word_1_82' title='bbox 1298 1388 1686 1455; x_wconf 75' lang='grc' dir='ltr'>Ἀπειρηκότος</span> <span class='ocrx_word' id='word_1_83' title='bbox 1723 1386 1778 1439; x_wconf 81' lang='grc' dir='ltr'>δὲ</span> 
     </span>
    </p>
   </div>
   <div class='ocr_carea' id='block_1_15' title="bbox 222 1480 1781 1550">
    <p class='ocr_par' dir='ltr' id='par_1_15' title="bbox 222 1480 1781 1550">
     <span class='ocr_line' id='line_1_15' title="bbox 222 1480 1781 1550; baseline -0.003 -15"><span class='ocrx_word' id='word_1_84' title='bbox 222 1482 373 1550; x_wconf 79' lang='grc' dir='ltr'>αὐτῷ</span> <span class='ocrx_word' id='word_1_85' title='bbox 430 1482 523 1535; x_wconf 79' lang='grc' dir='ltr'><strong>τοῦ</strong></span> <span class='ocrx_word' id='word_1_86' title='bbox 551 1483 719 1534; x_wconf 78' lang='grc' dir='ltr'>ἵππου</span> <span class='ocrx_word' id='word_1_87' title='bbox 756 1484 876 1543; x_wconf 85' lang='grc' dir='ltr'>ταῖς</span> <span class='ocrx_word' id='word_1_88' title='bbox 899 1482 1121 1548; x_wconf 83' lang='grc' dir='ltr'>συχναῖς</span> <span class='ocrx_word' id='word_1_89' title='bbox 1151 1480 1364 1545; x_wconf 82' lang='grc' dir='ltr'>ἐφόδοις</span> <span class='ocrx_word' id='word_1_90' title='bbox 1391 1481 1484 1531; x_wconf 77' lang='grc' dir='ltr'>καὶ</span> <span class='ocrx_word' id='word_1_91' title='bbox 1515 1480 1781 1546; x_wconf 83' lang='grc' dir='ltr'>ἐπεκδρο-</span> 
     </span>
    </p>
   </div>
   <div class='ocr_carea' id='block_1_16' title="bbox 223 1568 1783 1641">
    <p class='ocr_par' dir='ltr' id='par_1_16' title="bbox 223 1568 1783 1641">
     <span class='ocr_line' id='line_1_16' title="bbox 223 1568 1783 1641; baseline -0.003 -17"><span class='ocrx_word' id='word_1_92' title='bbox 223 1576 374 1640; x_wconf 84' lang='grc' dir='ltr'>μαῖς,</span> <span class='ocrx_word' id='word_1_93' title='bbox 402 1574 499 1626; x_wconf 80' lang='grc' dir='ltr'>καὶ</span> <span class='ocrx_word' id='word_1_94' title='bbox 543 1575 599 1625; x_wconf 92' lang='grc' dir='ltr'><strong>ἐν</strong></span> <span class='ocrx_word' id='word_1_95' title='bbox 647 1571 932 1641; x_wconf 77' lang='grc' dir='ltr'><strong>ἀμηχανίᾳ</strong></span> <span class='ocrx_word' id='word_1_96' title='bbox 984 1570 1083 1638; x_wconf 77' lang='grc' dir='ltr'><strong>ήδη</strong></span> <span class='ocrx_word' id='word_1_97' title='bbox 1140 1568 1275 1633; x_wconf 74' lang='grc' dir='ltr'>ὄντι,</span> <span class='ocrx_word' id='word_1_98' title='bbox 1319 1570 1783 1637; x_wconf 80' lang='grc' dir='ltr'>Κυπαρισσιὼτης</span> 
     </span>
    </p>
   </div>
   <div class='ocr_carea' id='block_1_17' title="bbox 215 1660 1781 1733">
    <p class='ocr_par' dir='ltr' id='par_1_17' title="bbox 215 1660 1781 1733">
     <span class='ocr_line' id='line_1_17' title="bbox 215 1660 1781 1733; baseline -0.004 -15"><span class='ocrx_word' id='word_1_99' title='bbox 215 1661 299 1725; x_wconf 71' lang='grc' dir='ltr'>εἷς</span> <span class='ocrx_word' id='word_1_100' title='bbox 328 1666 440 1717; x_wconf 81' lang='grc' dir='ltr'><strong>τῶν</strong></span> <span class='ocrx_word' id='word_1_101' title='bbox 478 1665 730 1727; x_wconf 72' lang='grc' dir='ltr'>οἰκετῶν,</span> <span class='ocrx_word' id='word_1_102' title='bbox 762 1664 892 1733; x_wconf 72' lang='grc' dir='ltr'>περὶ</span> <span class='ocrx_word' id='word_1_103' title='bbox 946 1662 1233 1732; x_wconf 79' lang='grc' dir='ltr'>στρατείας</span> <span class='ocrx_word' id='word_1_104' title='bbox 1259 1661 1358 1729; x_wconf 81' lang='grc' dir='ltr'>μὲν</span> <span class='ocrx_word' id='word_1_105' title='bbox 1399 1662 1491 1712; x_wconf 71' lang='grc' dir='ltr'>καὶ</span> <span class='ocrx_word' id='word_1_106' title='bbox 1527 1660 1703 1727; x_wconf 68' lang='grc' dir='ltr'>μάχας</span> <span class='ocrx_word' id='word_1_107' title='bbox 1721 1660 1781 1712; x_wconf 85' lang='grc' dir='ltr'><strong>ού</strong></span> 
     </span>
    </p>
   </div>
   <div class='ocr_carea' id='block_1_18' title="bbox 219 1750 1784 1825">
    <p class='ocr_par' dir='ltr' id='par_1_18' title="bbox 219 1750 1784 1825">
     <span class='ocr_line' id='line_1_18' title="bbox 219 1750 1784 1825; baseline -0.003 -17"><span class='ocrx_word' id='word_1_108' title='bbox 219 1756 461 1825; x_wconf 80' lang='grc' dir='ltr'>μάλιστα</span> <span class='ocrx_word' id='word_1_109' title='bbox 488 1756 883 1824; x_wconf 74' lang='grc' dir='ltr'>ἡσχολημένος,</span> <span class='ocrx_word' id='word_1_110' title='bbox 914 1755 1091 1821; x_wconf 84' lang='grc' dir='ltr'>λόγοις</span> <span class='ocrx_word' id='word_1_111' title='bbox 1116 1754 1173 1805; x_wconf 87' lang='grc' dir='ltr'>δὲ</span> <span class='ocrx_word' id='word_1_112' title='bbox 1196 1750 1529 1821; x_wconf 85' lang='grc' dir='ltr'>ἐσχολακὼς,</span> <span class='ocrx_word' id='word_1_113' title='bbox 1560 1751 1784 1815; x_wconf 73' lang='grc' dir='ltr'>διέσωζε</span> 
     </span>
    </p>
   </div>
   <div class='ocr_carea' id='block_1_19' title="bbox 213 1842 1780 1916">
    <p class='ocr_par' dir='ltr' id='par_1_19' title="bbox 213 1842 1780 1916">
     <span class='ocr_line' id='line_1_19' title="bbox 213 1842 1780 1916; baseline -0.004 -16"><span class='ocrx_word' id='word_1_114' title='bbox 213 1848 277 1900; x_wconf 82' lang='grc' dir='ltr'>τό</span> <span class='ocrx_word' id='word_1_115' title='bbox 317 1864 380 1914; x_wconf 87' lang='grc' dir='ltr'><strong>γε</strong></span> <span class='ocrx_word' id='word_1_116' title='bbox 414 1842 550 1916; x_wconf 78' lang='grc' dir='ltr'>ἧκον</span> <span class='ocrx_word' id='word_1_117' title='bbox 586 1849 666 1910; x_wconf 79' lang='grc' dir='ltr'><strong>εἰς</strong></span> <span class='ocrx_word' id='word_1_118' title='bbox 683 1847 865 1899; x_wconf 79' lang='grc' dir='ltr'>αὐτόν.</span> <span class='ocrx_word' id='word_1_119' title='bbox 902 1844 1137 1905; x_wconf 73' lang='grc' dir='ltr'>Ἀποϐἀς</span> <span class='ocrx_word' id='word_1_120' title='bbox 1159 1844 1267 1911; x_wconf 73' lang='grc' dir='ltr'><strong>γὰρ</strong></span> <span class='ocrx_word' id='word_1_121' title='bbox 1293 1844 1456 1905; x_wconf 72' lang='grc' dir='ltr'>αὐτὸς</span> <span class='ocrx_word' id='word_1_122' title='bbox 1473 1843 1569 1895; x_wconf 81' lang='grc' dir='ltr'>τοῦ</span> <span class='ocrx_word' id='word_1_123' title='bbox 1588 1842 1780 1904; x_wconf 82' lang='grc' dir='ltr'>ἵππου,</span> 
     </span>
    </p>
   </div>
   <div class='ocr_carea' id='block_1_20' title="bbox 218 1935 1782 2013">
    <p class='ocr_par' dir='ltr' id='par_1_20' title="bbox 218 1935 1782 2013">
     <span class='ocr_line' id='line_1_20' title="bbox 218 1935 1782 2013; baseline -0.002 -19"><span class='ocrx_word' id='word_1_124' title='bbox 218 1942 518 2013; x_wconf 86' lang='grc' dir='ltr'>παρείχετο</span> <span class='ocrx_word' id='word_1_125' title='bbox 551 1943 627 2011; x_wconf 82' lang='grc' dir='ltr'>τῷ</span> <span class='ocrx_word' id='word_1_126' title='bbox 663 1942 895 2011; x_wconf 83' lang='grc' dir='ltr'>βασιλεῖ,</span> <span class='ocrx_word' id='word_1_127' title='bbox 918 1943 998 2004; x_wconf 84' lang='grc' dir='ltr'><strong>εἰς</strong></span> <span class='ocrx_word' id='word_1_128' title='bbox 1018 1935 1295 2009; x_wconf 83' lang='grc' dir='ltr'>προῦπτον</span> <span class='ocrx_word' id='word_1_129' title='bbox 1324 1939 1568 1992; x_wconf 83' lang='grc' dir='ltr'>κίνδυνον</span> <span class='ocrx_word' id='word_1_130' title='bbox 1589 1937 1782 1991; x_wconf 74' lang='grc' dir='ltr'>ἐαυτὸν</span> 
     </span>
    </p>
   </div>
   <div class='ocr_carea' id='block_1_21' title="bbox 218 2031 1781 2104">
    <p class='ocr_par' dir='ltr' id='par_1_21' title="bbox 218 2031 1781 2104">
     <span class='ocr_line' id='line_1_21' title="bbox 218 2031 1781 2104; baseline -0.004 -17"><span class='ocrx_word' id='word_1_131' title='bbox 218 2036 401 2088; x_wconf 73' lang='grc' dir='ltr'>ἑκοντὶ</span> <span class='ocrx_word' id='word_1_132' title='bbox 425 2035 890 2104; x_wconf 85' lang='grc' dir='ltr'>καταπροέμενος.</span> <span class='ocrx_word' id='word_1_133' title='bbox 928 2034 1135 2085; x_wconf 78' lang='grc' dir='ltr'>Αὐτίκα</span> <span class='ocrx_word' id='word_1_134' title='bbox 1185 2033 1293 2101; x_wconf 71' lang='grc' dir='ltr'>γὰρ</span> <span class='ocrx_word' id='word_1_135' title='bbox 1324 2032 1429 2084; x_wconf 71' lang='grc' dir='ltr'><strong>ὑπὸ</strong></span> <span class='ocrx_word' id='word_1_136' title='bbox 1458 2032 1567 2083; x_wconf 84' lang='grc' dir='ltr'><strong>τῶν</strong></span> <span class='ocrx_word' id='word_1_137' title='bbox 1605 2031 1781 2083; x_wconf 81' lang='grc' dir='ltr'>ἐπιόν.</span> 
     </span>
    </p>
   </div>
   <div class='ocr_carea' id='block_1_22' title="bbox 213 2123 1785 2198">
    <p class='ocr_par' dir='ltr' id='par_1_22' title="bbox 213 2123 1785 2198">
     <span class='ocr_line' id='line_1_22' title="bbox 213 2123 1785 2198; baseline -0.003 -18"><span class='ocrx_word' id='word_1_138' title='bbox 213 2144 328 2180; x_wconf 83' lang='grc' dir='ltr'><strong>των</strong></span> <span class='ocrx_word' id='word_1_139' title='bbox 352 2126 643 2198; x_wconf 79' lang='grc' dir='ltr'>Τριϐαλῶν</span> <span class='ocrx_word' id='word_1_140' title='bbox 674 2125 1133 2193; x_wconf 73' lang='grc' dir='ltr'>συνελαμϐάνετο.</span> <span class='ocrx_word' id='word_1_141' title='bbox 1167 2123 1269 2177; x_wconf 75' lang='grc' dir='ltr'><strong>Καὶ</strong></span> <span class='ocrx_word' id='word_1_142' title='bbox 1301 2124 1676 2193; x_wconf 81' lang='grc' dir='ltr'>δεσμωτήριον</span> <span class='ocrx_word' id='word_1_143' title='bbox 1705 2123 1785 2175; x_wconf 74' lang='grc' dir='ltr'>οι-</span> 
     </span>
    </p>
   </div>
   <div class='ocr_carea' id='block_1_23' title="bbox 214 2212 1778 2285">
    <p class='ocr_par' dir='ltr' id='par_1_23' title="bbox 214 2212 1778 2285">
     <span class='ocr_line' id='line_1_23' title="bbox 214 2212 1778 2285; baseline -0.004 -15"><span class='ocrx_word' id='word_1_144' title='bbox 214 2222 395 2285; x_wconf 80' lang='grc' dir='ltr'>κήσας</span> <span class='ocrx_word' id='word_1_145' title='bbox 428 2219 519 2270; x_wconf 79' lang='grc' dir='ltr'>ἐπὶ</span> <span class='ocrx_word' id='word_1_146' title='bbox 545 2218 755 2285; x_wconf 77' lang='grc' dir='ltr'>χρόνον,</span> <span class='ocrx_word' id='word_1_147' title='bbox 780 2213 934 2277; x_wconf 74' lang='grc' dir='ltr'>αὖθις</span> <span class='ocrx_word' id='word_1_148' title='bbox 962 2216 1180 2267; x_wconf 82' lang='grc' dir='ltr'>ἐλέλυτο</span> <span class='ocrx_word' id='word_1_149' title='bbox 1210 2215 1316 2266; x_wconf 70' lang='grc' dir='ltr'>ὑπὸ</span> <span class='ocrx_word' id='word_1_150' title='bbox 1339 2215 1445 2266; x_wconf 83' lang='grc' dir='ltr'>τῶν</span> <span class='ocrx_word' id='word_1_151' title='bbox 1471 2212 1778 2281; x_wconf 86' lang='grc' dir='ltr'>κατασχόν-</span> 
     </span>
    </p>
   </div>
   <div class='ocr_carea' id='block_1_24' title="bbox 210 2305 1784 2379">
    <p class='ocr_par' dir='ltr' id='par_1_24' title="bbox 210 2305 1784 2379">
     <span class='ocr_line' id='line_1_24' title="bbox 210 2305 1784 2379; baseline -0.003 -17"><span class='ocrx_word' id='word_1_152' title='bbox 210 2329 327 2362; x_wconf 84' lang='grc' dir='ltr'><strong>των</strong></span> <span class='ocrx_word' id='word_1_153' title='bbox 365 2310 455 2363; x_wconf 78' lang='grc' dir='ltr'><strong>διὰ</strong></span> <span class='ocrx_word' id='word_1_154' title='bbox 480 2309 578 2379; x_wconf 84' lang='grc' dir='ltr'><strong>τὴν</strong></span> <span class='ocrx_word' id='word_1_155' title='bbox 604 2310 733 2376; x_wconf 71' lang='grc' dir='ltr'>περὶ</span> <span class='ocrx_word' id='word_1_156' title='bbox 778 2310 877 2377; x_wconf 81' lang='grc' dir='ltr'>τὴν</span> <span class='ocrx_word' id='word_1_157' title='bbox 930 2308 1113 2359; x_wconf 85' lang='grc' dir='ltr'>πίστιν</span> <span class='ocrx_word' id='word_1_158' title='bbox 1163 2305 1465 2359; x_wconf 74' lang='grc' dir='ltr'>κοινωνίαν.</span> <span class='ocrx_word' id='word_1_159' title='bbox 1520 2305 1784 2367; x_wconf 74' lang='grc' dir='ltr'>Βασιλεὺς</span> 
     </span>
    </p>
   </div>
   <div class='ocr_carea' id='block_1_25' title="bbox 212 2398 1782 2471">
    <p class='ocr_par' dir='ltr' id='par_1_25' title="bbox 212 2398 1782 2471">
     <span class='ocr_line' id='line_1_25' title="bbox 212 2398 1782 2471; baseline -0.004 -16"><span class='ocrx_word' id='word_1_160' title='bbox 212 2403 272 2455; x_wconf 83' lang='grc' dir='ltr'><strong>δέ</strong></span> <span class='ocrx_word' id='word_1_161' title='bbox 300 2403 596 2471; x_wconf 80' lang='grc' dir='ltr'>γενόμενος</span> <span class='ocrx_word' id='word_1_162' title='bbox 650 2400 776 2469; x_wconf 71' lang='grc' dir='ltr'>ἄχρι</span> <span class='ocrx_word' id='word_1_163' title='bbox 815 2399 913 2468; x_wconf 77' lang='grc' dir='ltr'>τῆς</span> <span class='ocrx_word' id='word_1_164' title='bbox 943 2400 1211 2452; x_wconf 68' lang='grc' dir='ltr'><strong>⁴ιἰλίππου</strong></span> <span class='ocrx_word' id='word_1_165' title='bbox 1249 2399 1429 2466; x_wconf 81' lang='grc' dir='ltr'>μόνος.</span> <span class='ocrx_word' id='word_1_166' title='bbox 1458 2398 1580 2450; x_wconf 78' lang='grc' dir='ltr'>ἐπεὶ</span> <span class='ocrx_word' id='word_1_167' title='bbox 1606 2398 1706 2465; x_wconf 89' lang='grc' dir='ltr'><strong>τήν</strong></span> <span class='ocrx_word' id='word_1_168' title='bbox 1723 2413 1782 2448; x_wconf 88' lang='grc' dir='ltr'><strong>τε</strong></span> 
     </span>
    </p>
   </div>
   <div class='ocr_carea' id='block_1_26' title="bbox 210 2485 1784 2559">
    <p class='ocr_par' dir='ltr' id='par_1_26' title="bbox 210 2485 1784 2559">
     <span class='ocr_line' id='line_1_26' title="bbox 210 2485 1784 2559; baseline -0.003 -15"><span class='ocrx_word' id='word_1_169' title='bbox 210 2492 393 2544; x_wconf 80' lang='grc' dir='ltr'>δίοδον</span> <span class='ocrx_word' id='word_1_170' title='bbox 456 2491 603 2559; x_wconf 82' lang='grc' dir='ltr'>ἐώρα</span> <span class='ocrx_word' id='word_1_171' title='bbox 652 2492 941 2559; x_wconf 76' lang='grc' dir='ltr'><strong>ἐχομένην,</strong></span> <span class='ocrx_word' id='word_1_172' title='bbox 1016 2492 1108 2541; x_wconf 71' lang='grc' dir='ltr'><strong>καὶ</strong></span> <span class='ocrx_word' id='word_1_173' title='bbox 1154 2487 1278 2540; x_wconf 69' lang='grc' dir='ltr'>οὔτε</span> <span class='ocrx_word' id='word_1_174' title='bbox 1326 2485 1606 2555; x_wconf 77' lang='grc' dir='ltr'>βιάζεσθαι</span> <span class='ocrx_word' id='word_1_175' title='bbox 1657 2485 1784 2554; x_wconf 82' lang='grc' dir='ltr'>ἐνῆν</span> 
     </span>
    </p>
   </div>
   <div class='ocr_carea' id='block_1_27' title="bbox 210 2579 1784 2649">
    <p class='ocr_par' dir='ltr' id='par_1_27' title="bbox 210 2579 1784 2649">
     <span class='ocr_line' id='line_1_27' title="bbox 210 2579 1784 2649; baseline -0.003 -13"><span class='ocrx_word' id='word_1_176' title='bbox 210 2584 507 2645; x_wconf 75' lang='grc' dir='ltr'>τοσούτους</span> <span class='ocrx_word' id='word_1_177' title='bbox 539 2584 720 2648; x_wconf 76' lang='grc' dir='ltr'>ὄντας,</span> <span class='ocrx_word' id='word_1_178' title='bbox 773 2582 884 2635; x_wconf 76' lang='grc' dir='ltr'>οὔτ’</span> <span class='ocrx_word' id='word_1_179' title='bbox 917 2580 1001 2649; x_wconf 73' lang='grc' dir='ltr'>ἐφ’</span> <span class='ocrx_word' id='word_1_180' title='bbox 1042 2581 1226 2648; x_wconf 74' lang='grc' dir='ltr'>ἐτῳόν</span> <span class='ocrx_word' id='word_1_181' title='bbox 1251 2597 1303 2632; x_wconf 84' lang='grc' dir='ltr'><strong>τι</strong></span> <span class='ocrx_word' id='word_1_182' title='bbox 1341 2579 1547 2647; x_wconf 73' lang='grc' dir='ltr'>βέλτιον</span> <span class='ocrx_word' id='word_1_183' title='bbox 1577 2580 1784 2649; x_wconf 85' lang='grc' dir='ltr'>τραπέ-</span> 
     </span>
    </p>
   </div>
   <div class='ocr_carea' id='block_1_28' title="bbox 214 2670 1781 2745">
    <p class='ocr_par' dir='ltr' id='par_1_28' title="bbox 214 2670 1781 2745">
     <span class='ocr_line' id='line_1_28' title="bbox 214 2670 1781 2745; baseline -0.006 -15"><span class='ocrx_word' id='word_1_184' title='bbox 214 2677 369 2736; x_wconf 85' lang='grc' dir='ltr'>σθαι.</span> <span class='ocrx_word' id='word_1_185' title='bbox 403 2680 497 2729; x_wconf 69' lang='grc' dir='ltr'>ἐπὶ</span> <span class='ocrx_word' id='word_1_186' title='bbox 541 2678 601 2729; x_wconf 80' lang='grc' dir='ltr'>τὸ</span> <span class='ocrx_word' id='word_1_187' title='bbox 629 2676 750 2738; x_wconf 80' lang='grc' dir='ltr'>ἐλος</span> <span class='ocrx_word' id='word_1_188' title='bbox 795 2675 991 2745; x_wconf 84' lang='grc' dir='ltr'>ἐχώρει</span> <span class='ocrx_word' id='word_1_189' title='bbox 1032 2674 1301 2740; x_wconf 79' lang='grc' dir='ltr'>καλάμοις</span> <span class='ocrx_word' id='word_1_190' title='bbox 1344 2672 1403 2725; x_wconf 86' lang='grc' dir='ltr'><strong>’ὀν</strong></span> <span class='ocrx_word' id='word_1_191' title='bbox 1458 2670 1781 2739; x_wconf 78' lang='grc' dir='ltr'>συνηρεφὲς,</span> 
     </span>
    </p>
   </div>
   <div class='ocr_carea' id='block_1_29' title="bbox 211 2760 1783 2838">
    <p class='ocr_par' dir='ltr' id='par_1_29' title="bbox 211 2760 1783 2838">
     <span class='ocr_line' id='line_1_29' title="bbox 211 2760 1783 2838; baseline -0.006 -16"><span class='ocrx_word' id='word_1_192' title='bbox 211 2772 412 2838; x_wconf 78' lang='grc' dir='ltr'>λήσειν</span> <span class='ocrx_word' id='word_1_193' title='bbox 442 2769 688 2836; x_wconf 81' lang='grc' dir='ltr'>οίὸμενος</span> <span class='ocrx_word' id='word_1_194' title='bbox 748 2767 909 2835; x_wconf 86' lang='grc' dir='ltr'>ἄχρις</span> <span class='ocrx_word' id='word_1_195' title='bbox 960 2766 1025 2818; x_wconf 85' lang='grc' dir='ltr'>ἂν</span> <span class='ocrx_word' id='word_1_196' title='bbox 1072 2765 1397 2831; x_wconf 75' lang='grc' dir='ltr'>ἐπιγένηται</span> <span class='ocrx_word' id='word_1_197' title='bbox 1438 2762 1469 2829; x_wconf 87' lang='grc' dir='ltr'><strong>ή</strong></span> <span class='ocrx_word' id='word_1_198' title='bbox 1526 2761 1642 2824; x_wconf 75' lang='grc' dir='ltr'>νύξ.</span> <span class='ocrx_word' id='word_1_199' title='bbox 1675 2760 1783 2813; x_wconf 82' lang='grc' dir='ltr'>Ὶόὖ</span> 
     </span>
    </p>
   </div>
   <div class='ocr_carea' id='block_1_30' title="bbox 211 2853 1799 2932">
    <p class='ocr_par' dir='ltr' id='par_1_30' title="bbox 211 2853 1799 2932">
     <span class='ocr_line' id='line_1_30' title="bbox 211 2853 1799 2932; baseline -0.004 -24"><span class='ocrx_word' id='word_1_200' title='bbox 211 2861 491 2929; x_wconf 82' lang='grc' dir='ltr'>τέλματος</span> <span class='ocrx_word' id='word_1_201' title='bbox 522 2859 580 2910; x_wconf 84' lang='grc' dir='ltr'>δὲ</span> <span class='ocrx_word' id='word_1_202' title='bbox 634 2858 723 2910; x_wconf 70' lang='grc' dir='ltr'><strong>τὸν</strong></span> <span class='ocrx_word' id='word_1_203' title='bbox 754 2857 925 2909; x_wconf 82' lang='grc' dir='ltr'>ἵππον</span> <span class='ocrx_word' id='word_1_204' title='bbox 974 2857 1034 2907; x_wconf 83' lang='grc' dir='ltr'><strong>ού</strong></span> <span class='ocrx_word' id='word_1_205' title='bbox 1071 2855 1364 2922; x_wconf 84' lang='grc' dir='ltr'>δυναμένου</span> <span class='ocrx_word' id='word_1_206' title='bbox 1406 2853 1636 2921; x_wconf 82' lang='grc' dir='ltr'>στέγειν,</span> <span class='ocrx_word' id='word_1_207' title='bbox 1670 2853 1799 2932; x_wconf 76' lang='grc' dir='ltr'>ἀλλί</span> 
     </span>
    </p>
   </div>
   <div class='ocr_carea' id='block_1_31' title="bbox 214 2944 1784 3020">
    <p class='ocr_par' dir='ltr' id='par_1_31' title="bbox 214 2944 1784 3020">
     <span class='ocr_line' id='line_1_31' title="bbox 214 2944 1784 3020; baseline -0.006 -17"><span class='ocrx_word' id='word_1_208' title='bbox 214 2948 642 3020; x_wconf 80' lang='grc' dir='ltr'>ὑποχωροῦντος</span> <span class='ocrx_word' id='word_1_209' title='bbox 702 2951 823 3011; x_wconf 80' lang='grc' dir='ltr'>ταῖς</span> <span class='ocrx_word' id='word_1_210' title='bbox 856 2948 1052 3009; x_wconf 76' lang='grc' dir='ltr'>ὁπλαῖς</span> <span class='ocrx_word' id='word_1_211' title='bbox 1100 2947 1198 2997; x_wconf 63' lang='grc' dir='ltr'><strong>κα)⁵</strong></span> <span class='ocrx_word' id='word_1_212' title='bbox 1232 2946 1555 3013; x_wconf 78' lang='grc' dir='ltr'>κατέχοντος</span> <span class='ocrx_word' id='word_1_213' title='bbox 1600 2944 1784 3013; x_wconf 81' lang='grc' dir='ltr'>ἐμπη-</span> 
     </span>
    </p>
   </div>
   <div class='ocr_carea' id='block_1_32' title="bbox 212 3038 1784 3113">
    <p class='ocr_par' dir='ltr' id='par_1_32' title="bbox 212 3038 1784 3113">
     <span class='ocr_line' id='line_1_32' title="bbox 212 3038 1784 3113; baseline -0.004 -17"><span class='ocrx_word' id='word_1_214' title='bbox 212 3045 521 3113; x_wconf 79' lang='grc' dir='ltr'>γνυμένας,</span> <span class='ocrx_word' id='word_1_215' title='bbox 550 3042 845 3095; x_wconf 89' lang='grc' dir='ltr'>ἀπέϐαινεν</span> <span class='ocrx_word' id='word_1_216' title='bbox 876 3043 902 3093; x_wconf 81' lang='grc' dir='ltr'><strong>ὁ</strong></span> <span class='ocrx_word' id='word_1_217' title='bbox 935 3039 1214 3110; x_wconf 67' lang='grc' dir='ltr'>βασιλεὺς,</span> <span class='ocrx_word' id='word_1_218' title='bbox 1244 3038 1341 3090; x_wconf 71' lang='grc' dir='ltr'>καὶ</span> <span class='ocrx_word' id='word_1_219' title='bbox 1382 3038 1784 3108; x_wconf 83' lang='grc' dir='ltr'>συνεκρύπτετο</span> 
     </span>
    </p>
   </div>
   <div class='ocr_carea' id='block_1_33' title="bbox 215 3130 1785 3201">
    <p class='ocr_par' dir='ltr' id='par_1_33' title="bbox 215 3130 1785 3201">
     <span class='ocr_line' id='line_1_33' title="bbox 215 3130 1785 3201; baseline -0.005 -12"><span class='ocrx_word' id='word_1_220' title='bbox 215 3136 327 3189; x_wconf 73' lang='grc' dir='ltr'><strong>ὑπὸ</strong></span> <span class='ocrx_word' id='word_1_221' title='bbox 378 3135 439 3187; x_wconf 81' lang='grc' dir='ltr'><strong>τὺ</strong></span> <span class='ocrx_word' id='word_1_222' title='bbox 461 3135 600 3196; x_wconf 85' lang='grc' dir='ltr'>ἐλος.</span> <span class='ocrx_word' id='word_1_223' title='bbox 633 3132 987 3201; x_wconf 73' lang='grc' dir='ltr'>Φιλιππήσιοι</span> <span class='ocrx_word' id='word_1_224' title='bbox 1029 3131 1085 3183; x_wconf 84' lang='grc' dir='ltr'><strong>δέ</strong></span> <span class='ocrx_word' id='word_1_225' title='bbox 1137 3130 1554 3198; x_wconf 83' lang='grc' dir='ltr'>ἐπιδραμόντες·</span> <span class='ocrx_word' id='word_1_226' title='bbox 1588 3131 1647 3182; x_wconf 85' lang='grc' dir='ltr'><strong>ού</strong></span> <span class='ocrx_word' id='word_1_227' title='bbox 1675 3131 1785 3197; x_wconf 82' lang='grc' dir='ltr'>γὰρ</span> 
     </span>
    </p>
   </div>
   <div class='ocr_carea' id='block_1_34' title="bbox 1878 663 3432 738">
    <p class='ocr_par' dir='ltr' id='par_1_34' title="bbox 1878 663 3432 738">
     <span class='ocr_line' id='line_1_34' title="bbox 1878 663 3432 738; baseline 0.008 -23"><span class='ocrx_word' id='word_1_228' title='bbox 1878 663 2175 730; x_wconf 81' lang='lat' dir='ltr'><strong>perierunt.</strong></span> <span class='ocrx_word' id='word_1_229' title='bbox 2221 663 2336 717; x_wconf 88' lang='lat' dir='ltr'><strong>Jam</strong></span> <span class='ocrx_word' id='word_1_230' title='bbox 2368 665 2512 718; x_wconf 90' lang='lat' dir='ltr'><strong>enim</strong></span> <span class='ocrx_word' id='word_1_231' title='bbox 2555 678 2605 720; x_wconf 90' lang='lat' dir='ltr'><strong>et</strong></span> <span class='ocrx_word' id='word_1_232' title='bbox 2632 666 3009 737; x_wconf 83' lang='lat' dir='ltr'><strong>Pbilippenses</strong></span> <span class='ocrx_word' id='word_1_233' title='bbox 3060 687 3156 725; x_wconf 85' lang='lat' dir='ltr'><strong>eos</strong></span> <span class='ocrx_word' id='word_1_234' title='bbox 3195 673 3316 738; x_wconf 73' lang='lat' dir='ltr'><strong>fuga</strong></span> <span class='ocrx_word' id='word_1_235' title='bbox 3344 690 3432 727; x_wconf 79' lang='lat' dir='ltr'><strong>co-</strong></span> 
     </span>
    </p>
   </div>
   <div class='ocr_carea' id='block_1_35' title="bbox 1875 753 3434 823">
    <p class='ocr_par' dir='ltr' id='par_1_35' title="bbox 1875 753 3434 823">
     <span class='ocr_line' id='line_1_35' title="bbox 1875 753 3434 823; baseline 0.01 -21"><span class='ocrx_word' id='word_1_236' title='bbox 1875 753 2020 820; x_wconf 83' lang='lat' dir='ltr'><strong>gnita</strong></span> <span class='ocrx_word' id='word_1_237' title='bbox 2068 753 2245 807; x_wconf 82' lang='lat' dir='ltr'><strong>infesti</strong></span> <span class='ocrx_word' id='word_1_238' title='bbox 2292 756 2630 823; x_wconf 88' lang='lat' dir='ltr'><strong>premebant,</strong></span> <span class='ocrx_word' id='word_1_239' title='bbox 2666 769 2718 811; x_wconf 79' lang='lat' dir='ltr'><strong>et</strong></span> <span class='ocrx_word' id='word_1_240' title='bbox 2756 759 2878 813; x_wconf 90' lang='lat' dir='ltr'><strong>hinc</strong></span> <span class='ocrx_word' id='word_1_241' title='bbox 2912 761 3036 814; x_wconf 87' lang='lat' dir='ltr'><strong>inde</strong></span> <span class='ocrx_word' id='word_1_242' title='bbox 3070 762 3434 817; x_wconf 80' lang='lat' dir='ltr'><strong>trucidabant.</strong></span> 
     </span>
    </p>
   </div>
   <div class='ocr_carea' id='block_1_36' title="bbox 1880 840 3437 922">
    <p class='ocr_par' dir='ltr' id='par_1_36' title="bbox 1880 840 3437 922">
     <span class='ocr_line' id='line_1_36' title="bbox 1880 840 3437 922; baseline 0.01 -29"><span class='ocrx_word' id='word_1_243' title='bbox 1880 840 2181 909; x_wconf 91' lang='lat' dir='ltr'><strong>Imperator</strong></span> <span class='ocrx_word' id='word_1_244' title='bbox 2218 854 2391 898; x_wconf 84' lang='lat' dir='ltr'><strong>semet</strong></span> <span class='ocrx_word' id='word_1_245' title='bbox 2430 861 2526 900; x_wconf 89' lang='lat' dir='ltr'><strong>sua</strong></span> <span class='ocrx_word' id='word_1_246' title='bbox 2569 864 2732 903; x_wconf 90' lang='lat' dir='ltr'><strong>manu</strong></span> <span class='ocrx_word' id='word_1_247' title='bbox 2763 851 2966 904; x_wconf 83' lang='lat' dir='ltr'><strong>salvum</strong></span> <span class='ocrx_word' id='word_1_248' title='bbox 3004 864 3286 920; x_wconf 82' lang='lat' dir='ltr'><strong>pra-stans,</strong></span> <span class='ocrx_word' id='word_1_249' title='bbox 3320 857 3437 922; x_wconf 80' lang='lat' dir='ltr'><strong>ipso</strong></span> 
     </span>
    </p>
   </div>
   <div class='ocr_carea' id='block_1_37' title="bbox 1877 938 3437 1013">
    <p class='ocr_par' dir='ltr' id='par_1_37' title="bbox 1877 938 3437 1013">
     <span class='ocr_line' id='line_1_37' title="bbox 1877 938 3437 1013; baseline 0.012 -31"><span class='ocrx_word' id='word_1_250' title='bbox 1877 947 2095 1000; x_wconf 89' lang='lat' dir='ltr'><strong>quoque</strong></span> <span class='ocrx_word' id='word_1_251' title='bbox 2129 949 2318 989; x_wconf 90' lang='lat' dir='ltr'><strong>versus</strong></span> <span class='ocrx_word' id='word_1_252' title='bbox 2362 938 2639 1007; x_wconf 83' lang='lat' dir='ltr'><strong>Philippos</strong></span> <span class='ocrx_word' id='word_1_253' title='bbox 2673 942 2954 1009; x_wconf 79' lang='lat' dir='ltr'><strong>pergebat,</strong></span> <span class='ocrx_word' id='word_1_254' title='bbox 2990 946 3074 996; x_wconf 76' lang='lat' dir='ltr'><strong>cui</strong></span> <span class='ocrx_word' id='word_1_255' title='bbox 3109 960 3231 999; x_wconf 92' lang='lat' dir='ltr'><strong>cum</strong></span> <span class='ocrx_word' id='word_1_256' title='bbox 3260 962 3437 1013; x_wconf 83' lang='lat' dir='ltr'><strong>equus</strong></span> 
     </span>
    </p>
   </div>
   <div class='ocr_carea' id='block_1_38' title="bbox 1878 1023 3437 1103">
    <p class='ocr_par' dir='ltr' id='par_1_38' title="bbox 1878 1023 3437 1103">
     <span class='ocr_line' id='line_1_38' title="bbox 1878 1023 3437 1103; baseline 0.009 -27"><span class='ocrx_word' id='word_1_257' title='bbox 1878 1023 2087 1076; x_wconf 78' lang='lat' dir='ltr'><strong>crebris</strong></span> <span class='ocrx_word' id='word_1_258' title='bbox 2136 1025 2189 1077; x_wconf 92' lang='lat' dir='ltr'><strong>in</strong></span> <span class='ocrx_word' id='word_1_259' title='bbox 2243 1026 2448 1080; x_wconf 82' lang='lat' dir='ltr'><strong>hOSIem</strong></span> <span class='ocrx_word' id='word_1_260' title='bbox 2502 1031 2813 1103; x_wconf 71' lang='lat' dir='ltr'><strong>incursibus</strong></span> <span class='ocrx_word' id='word_1_261' title='bbox 2878 1044 2935 1086; x_wconf 90' lang='lat' dir='ltr'><strong>et</strong></span> <span class='ocrx_word' id='word_1_262' title='bbox 2986 1033 3437 1103; x_wconf 84' lang='lat' dir='ltr'><strong>impressionibus</strong></span> 
     </span>
    </p>
   </div>
   <div class='ocr_carea' id='block_1_39' title="bbox 1880 1104 3435 1191">
    <p class='ocr_par' dir='ltr' id='par_1_39' title="bbox 1880 1104 3435 1191">
     <span class='ocr_line' id='line_1_39' title="bbox 1880 1104 3435 1191; baseline 0.01 -24"><span class='ocrx_word' id='word_1_263' title='bbox 1880 1113 2184 1171; x_wconf 89' lang='lat' dir='ltr'><strong>delassatus</strong></span> <span class='ocrx_word' id='word_1_264' title='bbox 2214 1104 2563 1191; x_wconf 78' lang='lat' dir='ltr'><strong>concidisset,</strong></span> <span class='ocrx_word' id='word_1_265' title='bbox 2610 1118 2718 1190; x_wconf 77' lang='lat' dir='ltr'><strong>quo</strong></span> <span class='ocrx_word' id='word_1_266' title='bbox 2756 1140 2812 1177; x_wconf 90' lang='lat' dir='ltr'><strong>se</strong></span> <span class='ocrx_word' id='word_1_267' title='bbox 2837 1134 3073 1179; x_wconf 73' lang='lat' dir='ltr'><strong>verteret</strong></span> <span class='ocrx_word' id='word_1_268' title='bbox 3101 1128 3435 1182; x_wconf 79' lang='lat' dir='ltr'><strong>nescientem</strong></span> 
     </span>
    </p>
   </div>
   <div class='ocr_carea' id='block_1_40' title="bbox 1881 1202 3439 1284">
    <p class='ocr_par' dir='ltr' id='par_1_40' title="bbox 1881 1202 3439 1284">
     <span class='ocr_line' id='line_1_40' title="bbox 1881 1202 3439 1284; baseline 0.01 -29"><span class='ocrx_word' id='word_1_269' title='bbox 1881 1202 2117 1259; x_wconf 82' lang='lat' dir='ltr'><strong>famulus</strong></span> <span class='ocrx_word' id='word_1_270' title='bbox 2143 1207 2386 1274; x_wconf 78' lang='lat' dir='ltr'><strong>quidam.</strong></span> <span class='ocrx_word' id='word_1_271' title='bbox 2419 1211 2782 1279; x_wconf 75' lang='lat' dir='ltr'><strong>(lyparissiota</strong></span> <span class='ocrx_word' id='word_1_272' title='bbox 2806 1216 3043 1278; x_wconf 89' lang='lat' dir='ltr'><strong>nomine,</strong></span> <span class='ocrx_word' id='word_1_273' title='bbox 3077 1219 3439 1284; x_wconf 83' lang='lat' dir='ltr'><strong>expeditioni-</strong></span> 
     </span>
    </p>
   </div>
   <div class='ocr_carea' id='block_1_41' title="bbox 1880 1294 3437 1367">
    <p class='ocr_par' dir='ltr' id='par_1_41' title="bbox 1880 1294 3437 1367">
     <span class='ocr_line' id='line_1_41' title="bbox 1880 1294 3437 1367; baseline 0.01 -18"><span class='ocrx_word' id='word_1_274' title='bbox 1880 1294 1982 1349; x_wconf 88' lang='lat' dir='ltr'><strong>bus</strong></span> <span class='ocrx_word' id='word_1_275' title='bbox 2026 1309 2078 1350; x_wconf 92' lang='lat' dir='ltr'><strong>et</strong></span> <span class='ocrx_word' id='word_1_276' title='bbox 2127 1300 2466 1367; x_wconf 83' lang='lat' dir='ltr'><strong>pugnisnon</strong></span> <span class='ocrx_word' id='word_1_277' title='bbox 2517 1304 2673 1357; x_wconf 83' lang='lat' dir='ltr'><strong>valde</strong></span> <span class='ocrx_word' id='word_1_278' title='bbox 2704 1315 2973 1367; x_wconf 88' lang='lat' dir='ltr'><strong>assuetus,</strong></span> <span class='ocrx_word' id='word_1_279' title='bbox 3018 1310 3210 1363; x_wconf 89' lang='lat' dir='ltr'><strong>studiis</strong></span> <span class='ocrx_word' id='word_1_280' title='bbox 3256 1320 3437 1365; x_wconf 82' lang='lat' dir='ltr'><strong>autem</strong></span> 
     </span>
    </p>
   </div>
   <div class='ocr_carea' id='block_1_42' title="bbox 1881 1381 3439 1462">
    <p class='ocr_par' dir='ltr' id='par_1_42' title="bbox 1881 1381 3439 1462">
     <span class='ocr_line' id='line_1_42' title="bbox 1881 1381 3439 1462; baseline 0.011 -24"><span class='ocrx_word' id='word_1_281' title='bbox 1881 1386 2185 1441; x_wconf 85' lang='lat' dir='ltr'><strong>litterarum</strong></span> <span class='ocrx_word' id='word_1_282' title='bbox 2216 1381 2485 1454; x_wconf 76' lang='lat' dir='ltr'><strong>excultus,</strong></span> <span class='ocrx_word' id='word_1_283' title='bbox 2534 1403 2795 1462; x_wconf 90' lang='lat' dir='ltr'><strong>quantum</strong></span> <span class='ocrx_word' id='word_1_284' title='bbox 2831 1398 2885 1450; x_wconf 89' lang='lat' dir='ltr'><strong>in</strong></span> <span class='ocrx_word' id='word_1_285' title='bbox 2918 1414 2976 1451; x_wconf 87' lang='lat' dir='ltr'><strong>se</strong></span> <span class='ocrx_word' id='word_1_286' title='bbox 3013 1399 3137 1462; x_wconf 81' lang='lat' dir='ltr'><strong>fuit,</strong></span> <span class='ocrx_word' id='word_1_287' title='bbox 3184 1404 3439 1456; x_wconf 74' lang='lat' dir='ltr'><strong>servavit.</strong></span> 
     </span>
    </p>
   </div>
   <div class='ocr_carea' id='block_1_43' title="bbox 1880 1476 3441 1559">
    <p class='ocr_par' dir='ltr' id='par_1_43' title="bbox 1880 1476 3441 1559">
     <span class='ocr_line' id='line_1_43' title="bbox 1880 1476 3441 1559; baseline 0.01 -29"><span class='ocrx_word' id='word_1_288' title='bbox 1880 1476 2015 1530; x_wconf 86' lang='lat' dir='ltr'><strong>Nam</strong></span> <span class='ocrx_word' id='word_1_289' title='bbox 2041 1494 2162 1532; x_wconf 90' lang='lat' dir='ltr'><strong>cum</strong></span> <span class='ocrx_word' id='word_1_290' title='bbox 2188 1483 2440 1547; x_wconf 59' lang='lat' dir='ltr'><strong>praxsenti</strong></span> <span class='ocrx_word' id='word_1_291' title='bbox 2464 1486 2658 1549; x_wconf 87' lang='lat' dir='ltr'><strong>capitis</strong></span> <span class='ocrx_word' id='word_1_292' title='bbox 2678 1487 2761 1539; x_wconf 89' lang='lat' dir='ltr'><strong>sui</strong></span> <span class='ocrx_word' id='word_1_293' title='bbox 2788 1489 3033 1554; x_wconf 88' lang='lat' dir='ltr'><strong>periculo</strong></span> <span class='ocrx_word' id='word_1_294' title='bbox 3058 1506 3256 1559; x_wconf 84' lang='lat' dir='ltr'><strong>equum</strong></span> <span class='ocrx_word' id='word_1_295' title='bbox 3281 1508 3441 1546; x_wconf 87' lang='lat' dir='ltr'><strong>suum</strong></span> 
     </span>
    </p>
   </div>
   <div class='ocr_carea' id='block_1_44' title="bbox 1885 1567 3443 1649">
    <p class='ocr_par' dir='ltr' id='par_1_44' title="bbox 1885 1567 3443 1649">
     <span class='ocr_line' id='line_1_44' title="bbox 1885 1567 3443 1649; baseline 0.008 -26"><span class='ocrx_word' id='word_1_296' title='bbox 1885 1567 2198 1636; x_wconf 82' lang='lat' dir='ltr'><strong>imperatori</strong></span> <span class='ocrx_word' id='word_1_297' title='bbox 2219 1571 2471 1641; x_wconf 82' lang='lat' dir='ltr'><strong>subjecit.</strong></span> <span class='ocrx_word' id='word_1_298' title='bbox 2501 1574 2741 1642; x_wconf 83' lang='lat' dir='ltr'><strong>Repente</strong></span> <span class='ocrx_word' id='word_1_299' title='bbox 2761 1579 3029 1646; x_wconf 83' lang='lat' dir='ltr'><strong>siquidem</strong></span> <span class='ocrx_word' id='word_1_300' title='bbox 3059 1580 3126 1632; x_wconf 86' lang='lat' dir='ltr'><strong>ab</strong></span> <span class='ocrx_word' id='word_1_301' title='bbox 3152 1581 3443 1649; x_wconf 75' lang='lat' dir='ltr'><strong>insequen-</strong></span> 
     </span>
    </p>
   </div>
   <div class='ocr_carea' id='block_1_45' title="bbox 1888 1659 3441 1739">
    <p class='ocr_par' dir='ltr' id='par_1_45' title="bbox 1888 1659 3441 1739">
     <span class='ocr_line' id='line_1_45' title="bbox 1888 1659 3441 1739; baseline 0.009 -29"><span class='ocrx_word' id='word_1_302' title='bbox 1888 1659 2030 1711; x_wconf 87' lang='lat' dir='ltr'><strong>tibus</strong></span> <span class='ocrx_word' id='word_1_303' title='bbox 2060 1659 2315 1715; x_wconf 86' lang='lat' dir='ltr'><strong>Triballis</strong></span> <span class='ocrx_word' id='word_1_304' title='bbox 2359 1666 2808 1733; x_wconf 84' lang='lat' dir='ltr'><strong>comprehensus,</strong></span> <span class='ocrx_word' id='word_1_305' title='bbox 2858 1679 2914 1722; x_wconf 91' lang='lat' dir='ltr'><strong>et</strong></span> <span class='ocrx_word' id='word_1_306' title='bbox 2961 1670 3025 1723; x_wconf 88' lang='lat' dir='ltr'><strong>ad</strong></span> <span class='ocrx_word' id='word_1_307' title='bbox 3074 1679 3288 1739; x_wconf 86' lang='lat' dir='ltr'><strong>tempus</strong></span> <span class='ocrx_word' id='word_1_308' title='bbox 3320 1673 3441 1723; x_wconf 83' lang='lat' dir='ltr'><strong>vin-</strong></span> 
     </span>
    </p>
   </div>
   <div class='ocr_carea' id='block_1_46' title="bbox 1884 1748 3440 1828">
    <p class='ocr_par' dir='ltr' id='par_1_46' title="bbox 1884 1748 3440 1828">
     <span class='ocr_line' id='line_1_46' title="bbox 1884 1748 3440 1828; baseline 0.009 -27"><span class='ocrx_word' id='word_1_309' title='bbox 1884 1748 2024 1802; x_wconf 90' lang='lat' dir='ltr'><strong>culis</strong></span> <span class='ocrx_word' id='word_1_310' title='bbox 2057 1754 2364 1816; x_wconf 86' lang='lat' dir='ltr'><strong>mandatus,</strong></span> <span class='ocrx_word' id='word_1_311' title='bbox 2416 1766 2636 1824; x_wconf 85' lang='lat' dir='ltr'><strong>propter</strong></span> <span class='ocrx_word' id='word_1_312' title='bbox 2676 1760 2954 1828; x_wconf 78' lang='lat' dir='ltr'><strong>religionis</strong></span> <span class='ocrx_word' id='word_1_313' title='bbox 2999 1762 3440 1816; x_wconf 85' lang='lat' dir='ltr'><strong>communionem</strong></span> 
     </span>
    </p>
   </div>
   <div class='ocr_carea' id='block_1_47' title="bbox 1884 1840 3444 1924">
    <p class='ocr_par' dir='ltr' id='par_1_47' title="bbox 1884 1840 3444 1924">
     <span class='ocr_line' id='line_1_47' title="bbox 1884 1840 3444 1924; baseline 0.01 -32"><span class='ocrx_word' id='word_1_314' title='bbox 1884 1840 2142 1897; x_wconf 87' lang='lat' dir='ltr'><strong>dimissus</strong></span> <span class='ocrx_word' id='word_1_315' title='bbox 2167 1852 2269 1897; x_wconf 85' lang='lat' dir='ltr'><strong>est.</strong></span> <span class='ocrx_word' id='word_1_316' title='bbox 2300 1845 2597 1913; x_wconf 90' lang='lat' dir='ltr'><strong>Imperator</strong></span> <span class='ocrx_word' id='word_1_317' title='bbox 2623 1853 3011 1907; x_wconf 84' lang='lat' dir='ltr'><strong>eumvenisset</strong></span> <span class='ocrx_word' id='word_1_318' title='bbox 3043 1853 3321 1924; x_wconf 85' lang='lat' dir='ltr'><strong>Philippos</strong></span> <span class='ocrx_word' id='word_1_319' title='bbox 3353 1873 3444 1910; x_wconf 80' lang='lat' dir='ltr'><strong>so-</strong></span> 
     </span>
    </p>
   </div>
   <div class='ocr_carea' id='block_1_48' title="bbox 1884 1931 3443 2015">
    <p class='ocr_par' dir='ltr' id='par_1_48' title="bbox 1884 1931 3443 2015">
     <span class='ocr_line' id='line_1_48' title="bbox 1884 1931 3443 2015; baseline 0.012 -30"><span class='ocrx_word' id='word_1_320' title='bbox 1884 1931 1992 1997; x_wconf 91' lang='lat' dir='ltr'><strong>lus,</strong></span> <span class='ocrx_word' id='word_1_321' title='bbox 2046 1944 2101 1987; x_wconf 93' lang='lat' dir='ltr'><strong>et</strong></span> <span class='ocrx_word' id='word_1_322' title='bbox 2147 1938 2435 1990; x_wconf 87' lang='lat' dir='ltr'><strong>transitum</strong></span> <span class='ocrx_word' id='word_1_323' title='bbox 2484 1939 2768 1995; x_wconf 87' lang='lat' dir='ltr'><strong>obsessum</strong></span> <span class='ocrx_word' id='word_1_324' title='bbox 2806 1945 3197 2013; x_wconf 79' lang='lat' dir='ltr'><strong>conspexisset,</strong></span> <span class='ocrx_word' id='word_1_325' title='bbox 3232 1948 3443 2015; x_wconf 82' lang='lat' dir='ltr'><strong>nitique</strong></span> 
     </span>
    </p>
   </div>
   <div class='ocr_carea' id='block_1_49' title="bbox 1882 2028 3443 2103">
    <p class='ocr_par' dir='ltr' id='par_1_49' title="bbox 1882 2028 3443 2103">
     <span class='ocr_line' id='line_1_49' title="bbox 1882 2028 3443 2103; baseline 0.01 -27"><span class='ocrx_word' id='word_1_326' title='bbox 1882 2031 2077 2076; x_wconf 90' lang='lat' dir='ltr'><strong>contra</strong></span> <span class='ocrx_word' id='word_1_327' title='bbox 2130 2031 2238 2077; x_wconf 87' lang='lat' dir='ltr'><strong>tam</strong></span> <span class='ocrx_word' id='word_1_328' title='bbox 2292 2028 2492 2083; x_wconf 84' lang='lat' dir='ltr'><strong>multos</strong></span> <span class='ocrx_word' id='word_1_329' title='bbox 2545 2046 2652 2083; x_wconf 91' lang='lat' dir='ltr'><strong>non</strong></span> <span class='ocrx_word' id='word_1_330' title='bbox 2703 2044 2906 2099; x_wconf 79' lang='lat' dir='ltr'><strong>posset,</strong></span> <span class='ocrx_word' id='word_1_331' title='bbox 2950 2050 3050 2087; x_wconf 89' lang='lat' dir='ltr'><strong>nec</strong></span> <span class='ocrx_word' id='word_1_332' title='bbox 3082 2036 3214 2103; x_wconf 87' lang='lat' dir='ltr'><strong>quid</strong></span> <span class='ocrx_word' id='word_1_333' title='bbox 3250 2037 3443 2091; x_wconf 76' lang='lat' dir='ltr'><strong>melius</strong></span> 
     </span>
    </p>
   </div>
   <div class='ocr_carea' id='block_1_50' title="bbox 1882 2114 3439 2193">
    <p class='ocr_par' dir='ltr' id='par_1_50' title="bbox 1882 2114 3439 2193">
     <span class='ocr_line' id='line_1_50' title="bbox 1882 2114 3439 2193; baseline 0.008 -26"><span class='ocrx_word' id='word_1_334' title='bbox 1882 2123 2086 2180; x_wconf 82' lang='lat' dir='ltr'><strong>ageret,</strong></span> <span class='ocrx_word' id='word_1_335' title='bbox 2136 2114 2383 2182; x_wconf 83' lang='lat' dir='ltr'><strong>haberet,</strong></span> <span class='ocrx_word' id='word_1_336' title='bbox 2427 2119 2481 2172; x_wconf 89' lang='lat' dir='ltr'><strong>in</strong></span> <span class='ocrx_word' id='word_1_337' title='bbox 2514 2121 2766 2189; x_wconf 71' lang='lat' dir='ltr'><strong>paludem</strong></span> <span class='ocrx_word' id='word_1_338' title='bbox 2802 2139 2905 2191; x_wconf 88' lang='lat' dir='ltr'><strong>qua</strong></span> <span class='ocrx_word' id='word_1_339' title='bbox 2942 2125 3172 2193; x_wconf 86' lang='lat' dir='ltr'><strong>plurima</strong></span> <span class='ocrx_word' id='word_1_340' title='bbox 3208 2128 3439 2192; x_wconf 78' lang='lat' dir='ltr'><strong>arundo,</strong></span> 
     </span>
    </p>
   </div>
   <div class='ocr_carea' id='block_1_51' title="bbox 1884 2205 3441 2285">
    <p class='ocr_par' dir='ltr' id='par_1_51' title="bbox 1884 2205 3441 2285">
     <span class='ocr_line' id='line_1_51' title="bbox 1884 2205 3441 2285; baseline 0.009 -27"><span class='ocrx_word' id='word_1_341' title='bbox 1884 2205 2164 2281; x_wconf 84' lang='lat' dir='ltr'><strong>ingressus</strong></span> <span class='ocrx_word' id='word_1_342' title='bbox 2195 2219 2300 2274; x_wconf 89' lang='lat' dir='ltr'><strong>est,</strong></span> <span class='ocrx_word' id='word_1_343' title='bbox 2338 2211 2506 2265; x_wconf 85' lang='lat' dir='ltr'><strong>latere</strong></span> <span class='ocrx_word' id='word_1_344' title='bbox 2538 2229 2597 2267; x_wconf 88' lang='lat' dir='ltr'><strong>se</strong></span> <span class='ocrx_word' id='word_1_345' title='bbox 2643 2229 2800 2281; x_wconf 77' lang='lat' dir='ltr'><strong>posse</strong></span> <span class='ocrx_word' id='word_1_346' title='bbox 2844 2217 3094 2278; x_wconf 91' lang='lat' dir='ltr'><strong>credens,</strong></span> <span class='ocrx_word' id='word_1_347' title='bbox 3128 2220 3301 2285; x_wconf 77' lang='lat' dir='ltr'><strong>quoad</strong></span> <span class='ocrx_word' id='word_1_348' title='bbox 3336 2234 3441 2273; x_wconf 80' lang='lat' dir='ltr'><strong>nox</strong></span> 
     </span>
    </p>
   </div>
   <div class='ocr_carea' id='block_1_52' title="bbox 1882 2301 3442 2378">
    <p class='ocr_par' dir='ltr' id='par_1_52' title="bbox 1882 2301 3442 2378">
     <span class='ocr_line' id='line_1_52' title="bbox 1882 2301 3442 2378; baseline 0.008 -27"><span class='ocrx_word' id='word_1_349' title='bbox 1882 2301 2219 2367; x_wconf 82' lang='lat' dir='ltr'><strong>appetiisset.</strong></span> <span class='ocrx_word' id='word_1_350' title='bbox 2258 2302 2393 2357; x_wconf 90' lang='lat' dir='ltr'><strong>Cum</strong></span> <span class='ocrx_word' id='word_1_351' title='bbox 2434 2314 2615 2358; x_wconf 89' lang='lat' dir='ltr'><strong>autem</strong></span> <span class='ocrx_word' id='word_1_352' title='bbox 2659 2306 2901 2374; x_wconf 75' lang='lat' dir='ltr'><strong>palustre</strong></span> <span class='ocrx_word' id='word_1_353' title='bbox 2930 2324 3148 2362; x_wconf 68' lang='lat' dir='ltr'><strong>caenum</strong></span> <span class='ocrx_word' id='word_1_354' title='bbox 3185 2310 3309 2378; x_wconf 84' lang='lat' dir='ltr'><strong>equi</strong></span> <span class='ocrx_word' id='word_1_355' title='bbox 3341 2327 3442 2363; x_wconf 64' lang='lat' dir='ltr'><strong>un-</strong></span> 
     </span>
    </p>
   </div>
   <div class='ocr_carea' id='block_1_53' title="bbox 1881 2390 3443 2461">
    <p class='ocr_par' dir='ltr' id='par_1_53' title="bbox 1881 2390 3443 2461">
     <span class='ocr_line' id='line_1_53' title="bbox 1881 2390 3443 2461; baseline 0.006 -19"><span class='ocrx_word' id='word_1_356' title='bbox 1881 2390 2035 2458; x_wconf 83' lang='lat' dir='ltr'><strong>gulas</strong></span> <span class='ocrx_word' id='word_1_357' title='bbox 2064 2405 2173 2445; x_wconf 88' lang='lat' dir='ltr'><strong>non</strong></span> <span class='ocrx_word' id='word_1_358' title='bbox 2211 2393 2527 2458; x_wconf 73' lang='lat' dir='ltr'><strong>sustineret,</strong></span> <span class='ocrx_word' id='word_1_359' title='bbox 2569 2406 2624 2448; x_wconf 89' lang='lat' dir='ltr'><strong>et</strong></span> <span class='ocrx_word' id='word_1_360' title='bbox 2653 2396 2846 2448; x_wconf 82' lang='lat' dir='ltr'><strong>inlixas</strong></span> <span class='ocrx_word' id='word_1_361' title='bbox 2878 2398 3161 2461; x_wconf 86' lang='lat' dir='ltr'><strong>retineret,</strong></span> <span class='ocrx_word' id='word_1_362' title='bbox 3214 2402 3443 2452; x_wconf 60' lang='lat' dir='ltr'><strong>decen-</strong></span> 
     </span>
    </p>
   </div>
   <div class='ocr_carea' id='block_1_54' title="bbox 1883 2481 3443 2557">
    <p class='ocr_par' dir='ltr' id='par_1_54' title="bbox 1883 2481 3443 2557">
     <span class='ocr_line' id='line_1_54' title="bbox 1883 2481 3443 2557; baseline 0.006 -23"><span class='ocrx_word' id='word_1_363' title='bbox 1883 2481 1984 2545; x_wconf 91' lang='lat' dir='ltr'><strong>dit,</strong></span> <span class='ocrx_word' id='word_1_364' title='bbox 2013 2496 2239 2552; x_wconf 88' lang='lat' dir='ltr'><strong>seseque</strong></span> <span class='ocrx_word' id='word_1_365' title='bbox 2270 2485 2529 2539; x_wconf 90' lang='lat' dir='ltr'><strong>occuluit.</strong></span> <span class='ocrx_word' id='word_1_366' title='bbox 2563 2487 2936 2555; x_wconf 77' lang='lat' dir='ltr'><strong>Fbilippenses</strong></span> <span class='ocrx_word' id='word_1_367' title='bbox 2966 2504 3126 2557; x_wconf 86' lang='lat' dir='ltr'><strong>porro</strong></span> <span class='ocrx_word' id='word_1_368' title='bbox 3161 2490 3315 2543; x_wconf 83' lang='lat' dir='ltr'><strong>incar</strong></span> <span class='ocrx_word' id='word_1_369' title='bbox 3347 2507 3443 2543; x_wconf 88' lang='lat' dir='ltr'><strong>an-</strong></span> 
     </span>
    </p>
   </div>
   <div class='ocr_carea' id='block_1_55' title="bbox 1886 2562 3445 2648">
    <p class='ocr_par' dir='ltr' id='par_1_55' title="bbox 1886 2562 3445 2648">
     <span class='ocr_line' id='line_1_55' title="bbox 1886 2562 3445 2648; baseline 0.008 -24"><span class='ocrx_word' id='word_1_370' title='bbox 1886 2579 1969 2627; x_wconf 80' lang='lat' dir='ltr'><strong>tes</strong></span> <span class='ocrx_word' id='word_1_371' title='bbox 2001 2574 2133 2641; x_wconf 90' lang='lat' dir='ltr'><strong>(non</strong></span> <span class='ocrx_word' id='word_1_372' title='bbox 2168 2575 2316 2628; x_wconf 87' lang='lat' dir='ltr'><strong>enim</strong></span> <span class='ocrx_word' id='word_1_373' title='bbox 2361 2576 2684 2645; x_wconf 79' lang='lat' dir='ltr'><strong>ignorabant</strong></span> <span class='ocrx_word' id='word_1_374' title='bbox 2717 2562 2840 2647; x_wconf 75' lang='lat' dir='ltr'><strong>quis</strong></span> <span class='ocrx_word' id='word_1_375' title='bbox 2870 2590 3033 2643; x_wconf 89' lang='lat' dir='ltr'><strong>esset,</strong></span> <span class='ocrx_word' id='word_1_376' title='bbox 3063 2581 3205 2648; x_wconf 88' lang='lat' dir='ltr'><strong>quod</strong></span> <span class='ocrx_word' id='word_1_377' title='bbox 3233 2581 3445 2637; x_wconf 78' lang='lat' dir='ltr'><strong>Caurus</strong></span> 
     </span>
    </p>
   </div>
   <div class='ocr_carea' id='block_1_56' title="bbox 1884 2664 3442 2743">
    <p class='ocr_par' dir='ltr' id='par_1_56' title="bbox 1884 2664 3442 2743">
     <span class='ocr_line' id='line_1_56' title="bbox 1884 2664 3442 2743; baseline 0.008 -27"><span class='ocrx_word' id='word_1_378' title='bbox 1884 2664 2105 2732; x_wconf 88' lang='lat' dir='ltr'><strong>quidam</strong></span> <span class='ocrx_word' id='word_1_379' title='bbox 2135 2664 2202 2719; x_wconf 87' lang='lat' dir='ltr'><strong>de</strong></span> <span class='ocrx_word' id='word_1_380' title='bbox 2230 2664 2451 2721; x_wconf 84' lang='lat' dir='ltr'><strong>famulis</strong></span> <span class='ocrx_word' id='word_1_381' title='bbox 2482 2669 2601 2737; x_wconf 89' lang='lat' dir='ltr'><strong>ejus</strong></span> <span class='ocrx_word' id='word_1_382' title='bbox 2630 2684 2694 2722; x_wconf 80' lang='lat' dir='ltr'><strong>ex</strong></span> <span class='ocrx_word' id='word_1_383' title='bbox 2728 2672 2953 2725; x_wconf 77' lang='lat' dir='ltr'><strong>vulnere</strong></span> <span class='ocrx_word' id='word_1_384' title='bbox 2985 2674 3127 2741; x_wconf 89' lang='lat' dir='ltr'><strong>apud</strong></span> <span class='ocrx_word' id='word_1_385' title='bbox 3173 2674 3319 2743; x_wconf 87' lang='lat' dir='ltr'><strong>ipsos</strong></span> <span class='ocrx_word' id='word_1_386' title='bbox 3346 2675 3442 2727; x_wconf 83' lang='lat' dir='ltr'><strong>de-</strong></span> 
     </span>
    </p>
   </div>
   <div class='ocr_carea' id='block_1_57' title="bbox 1884 2756 3444 2831">
    <p class='ocr_par' dir='ltr' id='par_1_57' title="bbox 1884 2756 3444 2831">
     <span class='ocr_line' id='line_1_57' title="bbox 1884 2756 3444 2831; baseline 0.005 -21"><span class='ocrx_word' id='word_1_387' title='bbox 1884 2756 2168 2818; x_wconf 79' lang='lat' dir='ltr'><strong>Cumbens,</strong></span> <span class='ocrx_word' id='word_1_388' title='bbox 2197 2758 2379 2824; x_wconf 89' lang='lat' dir='ltr'><strong>etjam</strong></span> <span class='ocrx_word' id='word_1_389' title='bbox 2407 2758 2515 2812; x_wconf 79' lang='lat' dir='ltr'><strong>vita</strong></span> <span class='ocrx_word' id='word_1_390' title='bbox 2544 2759 2823 2825; x_wconf 76' lang='lat' dir='ltr'><strong>deﬁciens,</strong></span> <span class='ocrx_word' id='word_1_391' title='bbox 2858 2764 3043 2831; x_wconf 84' lang='lat' dir='ltr'><strong>procul</strong></span> <span class='ocrx_word' id='word_1_392' title='bbox 3073 2765 3253 2831; x_wconf 85' lang='lat' dir='ltr'><strong>ipsum</strong></span> <span class='ocrx_word' id='word_1_393' title='bbox 3277 2781 3444 2831; x_wconf 62' lang='lat' dir='ltr'><strong>agito-</strong></span> 
     </span>
    </p>
   </div>
   <div class='ocr_carea' id='block_1_58' title="bbox 1883 2845 3445 2921">
    <p class='ocr_par' dir='ltr' id='par_1_58' title="bbox 1883 2845 3445 2921">
     <span class='ocr_line' id='line_1_58' title="bbox 1883 2845 3445 2921; baseline 0.007 -22"><span class='ocrx_word' id='word_1_394' title='bbox 1883 2847 2071 2911; x_wconf 77' lang='lat' dir='ltr'><strong>visset,</strong></span> <span class='ocrx_word' id='word_1_395' title='bbox 2102 2857 2156 2901; x_wconf 90' lang='lat' dir='ltr'><strong>et</strong></span> <span class='ocrx_word' id='word_1_396' title='bbox 2187 2845 2571 2915; x_wconf 78' lang='lat' dir='ltr'><strong>imperatorem</strong></span> <span class='ocrx_word' id='word_1_397' title='bbox 2607 2867 2748 2914; x_wconf 78' lang='lat' dir='ltr'><strong>esse,</strong></span> <span class='ocrx_word' id='word_1_398' title='bbox 2778 2854 2869 2921; x_wconf 93' lang='lat' dir='ltr'><strong>qui</strong></span> <span class='ocrx_word' id='word_1_399' title='bbox 2908 2856 3136 2917; x_wconf 82' lang='lat' dir='ltr'><strong>veniret,</strong></span> <span class='ocrx_word' id='word_1_400' title='bbox 3170 2856 3305 2909; x_wconf 78' lang='lat' dir='ltr'><strong>citra</strong></span> <span class='ocrx_word' id='word_1_401' title='bbox 3337 2857 3445 2910; x_wconf 72' lang='lat' dir='ltr'><strong>hae-</strong></span> 
     </span>
    </p>
   </div>
   <div class='ocr_carea' id='block_1_59' title="bbox 1884 2937 3442 3021">
    <p class='ocr_par' dir='ltr' id='par_1_59' title="bbox 1884 2937 3442 3021">
     <span class='ocr_line' id='line_1_59' title="bbox 1884 2937 3442 3021; baseline 0.01 -31"><span class='ocrx_word' id='word_1_402' title='bbox 1884 2937 2197 2992; x_wconf 84' lang='lat' dir='ltr'><strong>sitationem</strong></span> <span class='ocrx_word' id='word_1_403' title='bbox 2238 2940 2481 3009; x_wconf 77' lang='lat' dir='ltr'><strong>dixisset)</strong></span> <span class='ocrx_word' id='word_1_404' title='bbox 2527 2951 2583 2996; x_wconf 89' lang='lat' dir='ltr'><strong>et</strong></span> <span class='ocrx_word' id='word_1_405' title='bbox 2624 2944 2857 3013; x_wconf 84' lang='lat' dir='ltr'><strong>virgulta</strong></span> <span class='ocrx_word' id='word_1_406' title='bbox 2894 2949 3119 3003; x_wconf 60' lang='lat' dir='ltr'><strong>canibus</strong></span> <span class='ocrx_word' id='word_1_407' title='bbox 3150 2951 3442 3021; x_wconf 63' lang='lat' dir='ltr'><strong>diligenter</strong></span> 
     </span>
    </p>
   </div>
   <div class='ocr_carea' id='block_1_60' title="bbox 1842 3036 3444 3103">
    <p class='ocr_par' dir='ltr' id='par_1_60' title="bbox 1842 3036 3444 3103">
     <span class='ocr_line' id='line_1_60' title="bbox 1842 3036 3444 3103; baseline 0.011 -26"><span class='ocrx_word' id='word_1_408' title='bbox 1842 3057 1856 3067; x_wconf 67' lang='grc' dir='ltr'>ι</span> <span class='ocrx_word' id='word_1_409' title='bbox 1887 3036 2215 3092; x_wconf 75' lang='lat' dir='ltr'><strong>scrutantes,</strong></span> <span class='ocrx_word' id='word_1_410' title='bbox 2252 3044 2376 3083; x_wconf 90' lang='lat' dir='ltr'><strong>eum</strong></span> <span class='ocrx_word' id='word_1_411' title='bbox 2418 3044 2706 3098; x_wconf 88' lang='lat' dir='ltr'><strong>ceperunt,</strong></span> <span class='ocrx_word' id='word_1_412' title='bbox 2746 3043 2907 3103; x_wconf 88' lang='lat' dir='ltr'><strong>atque</strong></span> <span class='ocrx_word' id='word_1_413' title='bbox 2943 3038 2995 3091; x_wconf 91' lang='lat' dir='ltr'><strong>in</strong></span> <span class='ocrx_word' id='word_1_414' title='bbox 3041 3040 3230 3095; x_wconf 87' lang='lat' dir='ltr'><strong>urbem</strong></span> <span class='ocrx_word' id='word_1_415' title='bbox 3268 3043 3444 3097; x_wconf 81' lang='lat' dir='ltr'><strong>intro-</strong></span> 
     </span>
    </p>
   </div>
   <div class='ocr_carea' id='block_1_61' title="bbox 1889 3116 3443 3195">
    <p class='ocr_par' dir='ltr' id='par_1_61' title="bbox 1889 3116 3443 3195">
     <span class='ocr_line' id='line_1_61' title="bbox 1889 3116 3443 3195; baseline 0.013 -25"><span class='ocrx_word' id='word_1_416' title='bbox 1889 3116 2181 3173; x_wconf 78' lang='lat' dir='ltr'><strong>duxerunt.</strong></span> <span class='ocrx_word' id='word_1_417' title='bbox 2216 3118 2502 3176; x_wconf 65' lang='lat' dir='ltr'><strong>Mattbaeus</strong></span> <span class='ocrx_word' id='word_1_418' title='bbox 2542 3124 2709 3193; x_wconf 83' lang='lat' dir='ltr'><strong>igitur</strong></span> <span class='ocrx_word' id='word_1_419' title='bbox 2756 3126 3050 3195; x_wconf 85' lang='lat' dir='ltr'><strong>imperator</strong></span> <span class='ocrx_word' id='word_1_420' title='bbox 3077 3147 3144 3184; x_wconf 90' lang='lat' dir='ltr'><strong>eo</strong></span> <span class='ocrx_word' id='word_1_421' title='bbox 3191 3135 3443 3191; x_wconf 59' lang='lat' dir='ltr'><strong>ridartus</strong></span> 
     </span>
    </p>
   </div>
   <div class='ocr_carea' id='block_1_62' title="bbox 214 3213 1828 3296">
    <p class='ocr_par' dir='ltr' id='par_1_62' title="bbox 214 3221 1828 3296">
     <span class='ocr_line' id='line_1_62' title="bbox 214 3221 1828 3296; baseline -0.004 -17"><span class='ocrx_word' id='word_1_422' title='bbox 214 3226 460 3296; x_wconf 64' lang='grc' dir='ltr'>ἠγνόουν</span> <span class='ocrx_word' id='word_1_423' title='bbox 484 3225 629 3287; x_wconf 78' lang='grc' dir='ltr'>ὅστις</span> <span class='ocrx_word' id='word_1_424' title='bbox 660 3223 771 3293; x_wconf 75' lang='grc' dir='ltr'>εἴη,</span> <span class='ocrx_word' id='word_1_425' title='bbox 810 3223 997 3291; x_wconf 84' lang='grc' dir='ltr'>Γαυρᾶ</span> <span class='ocrx_word' id='word_1_426' title='bbox 1027 3239 1171 3283; x_wconf 83' lang='grc' dir='ltr'>τινος</span> <span class='ocrx_word' id='word_1_427' title='bbox 1206 3221 1313 3273; x_wconf 86' lang='grc' dir='ltr'>τῶν</span> <span class='ocrx_word' id='word_1_428' title='bbox 1348 3221 1614 3290; x_wconf 85' lang='grc' dir='ltr'>βασιλέως</span> <span class='ocrx_word' id='word_1_429' title='bbox 1639 3223 1786 3274; x_wconf 82' lang='grc' dir='ltr'>οἱκε-</span> <span class='ocrx_word' id='word_1_430' title='bbox 1815 3236 1828 3291; x_wconf 65' lang='grc' dir='ltr'>ι</span> 
     </span>
    </p>
   </div>
   <div class='ocr_carea' id='block_1_63' title="bbox 1842 3213 3443 3296">
    <p class='ocr_par' dir='ltr' id='par_1_63' title="bbox 1842 3213 3443 3294">
     <span class='ocr_line' id='line_1_63' title="bbox 1842 3213 3443 3294; baseline 0.009 -30"><span class='ocrx_word' id='word_1_431' title='bbox 1842 3233 1857 3294; x_wconf 58' lang='grc' dir='ltr'><strong>ς</strong></span> <span class='ocrx_word' id='word_1_432' title='bbox 1890 3222 1973 3267; x_wconf 88' lang='lat' dir='ltr'><strong>est</strong></span> <span class='ocrx_word' id='word_1_433' title='bbox 1998 3213 2349 3278; x_wconf 85' lang='lat' dir='ltr'><strong>infelicitatis,</strong></span> <span class='ocrx_word' id='word_1_434' title='bbox 2372 3226 2423 3270; x_wconf 91' lang='lat' dir='ltr'><strong>et</strong></span> <span class='ocrx_word' id='word_1_435' title='bbox 2448 3218 2647 3273; x_wconf 89' lang='lat' dir='ltr'><strong>talibus</strong></span> <span class='ocrx_word' id='word_1_436' title='bbox 2667 3220 2898 3277; x_wconf 82' lang='lat' dir='ltr'><strong>aillictus</strong></span> <span class='ocrx_word' id='word_1_437' title='bbox 2917 3234 2999 3277; x_wconf 91' lang='lat' dir='ltr'><strong>est</strong></span> <span class='ocrx_word' id='word_1_438' title='bbox 3022 3226 3443 3293; x_wconf 73' lang='lat' dir='ltr'><strong>calamitatibus,</strong></span> 
     </span>
    </p>
   </div>
   <div class='ocr_carea' id='block_1_64' title="bbox 212 3312 1783 3386">
    <p class='ocr_par' dir='ltr' id='par_1_64' title="bbox 212 3312 1783 3386">
     <span class='ocr_line' id='line_1_64' title="bbox 212 3312 1783 3386; baseline -0.006 -13"><span class='ocrx_word' id='word_1_439' title='bbox 212 3321 329 3373; x_wconf 79' lang='grc' dir='ltr'>τῶν</span> <span class='ocrx_word' id='word_1_440' title='bbox 363 3319 619 3386; x_wconf 83' lang='grc' dir='ltr'>κειμένου</span> <span class='ocrx_word' id='word_1_441' title='bbox 680 3313 1018 3385; x_wconf 86' lang='grc' dir='ltr'>τραυματίου</span> <span class='ocrx_word' id='word_1_442' title='bbox 1077 3312 1207 3383; x_wconf 85' lang='grc' dir='ltr'>παρ’</span> <span class='ocrx_word' id='word_1_443' title='bbox 1257 3313 1457 3375; x_wconf 75' lang='grc' dir='ltr'>αὐτοῖς,</span> <span class='ocrx_word' id='word_1_444' title='bbox 1521 3314 1614 3365; x_wconf 70' lang='grc' dir='ltr'>καὶ</span> <span class='ocrx_word' id='word_1_445' title='bbox 1660 3314 1783 3366; x_wconf 85' lang='grc' dir='ltr'>ὅσον</span> 
     </span>
    </p>
   </div>
   <div class='ocr_carea' id='block_1_65' title="bbox 213 3402 1783 3476">
    <p class='ocr_par' dir='ltr' id='par_1_65' title="bbox 213 3402 1783 3476">
     <span class='ocr_line' id='line_1_65' title="bbox 213 3402 1783 3476; baseline -0.006 -15"><span class='ocrx_word' id='word_1_446' title='bbox 213 3410 434 3462; x_wconf 73' lang='grc' dir='ltr'>οὐδέπω</span> <span class='ocrx_word' id='word_1_447' title='bbox 470 3407 864 3468; x_wconf 78' lang='grc' dir='ltr'>ἀπολείποντος</span> <span class='ocrx_word' id='word_1_448' title='bbox 908 3403 1193 3476; x_wconf 73' lang='grc' dir='ltr'>πόρρωθεν</span> <span class='ocrx_word' id='word_1_449' title='bbox 1243 3404 1631 3472; x_wconf 84' lang='grc' dir='ltr'>γνωρίσαντος,</span> <span class='ocrx_word' id='word_1_450' title='bbox 1688 3402 1783 3453; x_wconf 77' lang='grc' dir='ltr'><strong>καὶ</strong></span> 
     </span>
    </p>
   </div>
   <div class='ocr_carea' id='block_1_66' title="bbox 218 3493 1783 3567">
    <p class='ocr_par' dir='ltr' id='par_1_66' title="bbox 218 3493 1783 3567">
     <span class='ocr_line' id='line_1_66' title="bbox 218 3493 1783 3567; baseline -0.002 -17"><span class='ocrx_word' id='word_1_451' title='bbox 218 3500 346 3551; x_wconf 75' lang='grc' dir='ltr'>είπδ</span> <span class='ocrx_word' id='word_1_452' title='bbox 359 3516 475 3560; x_wconf 68' lang='lat' dir='ltr'><strong>no;</strong></span> <span class='ocrx_word' id='word_1_453' title='bbox 511 3497 646 3567; x_wconf 79' lang='grc' dir='ltr'>πρὸς</span> <span class='ocrx_word' id='word_1_454' title='bbox 674 3496 870 3558; x_wconf 74' lang='grc' dir='ltr'>αὐτοὺς</span> <span class='ocrx_word' id='word_1_455' title='bbox 893 3496 1260 3565; x_wconf 83' lang='grc' dir='ltr'>ἀπεριέργως,</span> <span class='ocrx_word' id='word_1_456' title='bbox 1312 3494 1385 3555; x_wconf 86' lang='grc' dir='ltr'>ὼς</span> <span class='ocrx_word' id='word_1_457' title='bbox 1416 3494 1503 3560; x_wconf 78' lang='grc' dir='ltr'><strong>εἴη</strong></span> <span class='ocrx_word' id='word_1_458' title='bbox 1529 3493 1783 3563; x_wconf 81' lang='grc' dir='ltr'>βασιλεὺς</span> 
     </span>
    </p>
   </div>
   <div class='ocr_carea' id='block_1_67' title="bbox 215 3584 1784 3660">
    <p class='ocr_par' dir='ltr' id='par_1_67' title="bbox 215 3584 1784 3660">
     <span class='ocr_line' id='line_1_67' title="bbox 215 3584 1784 3660; baseline -0.005 -16"><span class='ocrx_word' id='word_1_459' title='bbox 215 3588 543 3660; x_wconf 80' lang='grc' dir='ltr'>δπροσιὼν·</span> <span class='ocrx_word' id='word_1_460' title='bbox 602 3589 695 3641; x_wconf 73' lang='grc' dir='ltr'>καὶ</span> <span class='ocrx_word' id='word_1_461' title='bbox 752 3587 1233 3656; x_wconf 79' lang='grc' dir='ltr'>διερευνησάμενοι</span> <span class='ocrx_word' id='word_1_462' title='bbox 1294 3584 1391 3654; x_wconf 82' lang='grc' dir='ltr'>τὴν</span> <span class='ocrx_word' id='word_1_463' title='bbox 1441 3584 1574 3653; x_wconf 77' lang='grc' dir='ltr'>ὓλην</span> <span class='ocrx_word' id='word_1_464' title='bbox 1627 3586 1784 3653; x_wconf 87' lang='grc' dir='ltr'>ἀκρι-</span> 
     </span>
    </p>
   </div>
   <div class='ocr_carea' id='block_1_68' title="bbox 220 3673 1783 3746">
    <p class='ocr_par' dir='ltr' id='par_1_68' title="bbox 220 3673 1783 3746">
     <span class='ocr_line' id='line_1_68' title="bbox 220 3673 1783 3746; baseline -0.004 -12"><span class='ocrx_word' id='word_1_465' title='bbox 220 3683 336 3744; x_wconf 80' lang='grc' dir='ltr'><strong>ϐῶς</strong></span> <span class='ocrx_word' id='word_1_466' title='bbox 366 3681 474 3734; x_wconf 81' lang='grc' dir='ltr'><strong>ὑπὸ</strong></span> <span class='ocrx_word' id='word_1_467' title='bbox 510 3681 657 3745; x_wconf 71' lang='grc' dir='ltr'>κυσὶ,</span> <span class='ocrx_word' id='word_1_468' title='bbox 724 3678 1132 3746; x_wconf 76' lang='grc' dir='ltr'>συνελάμϐανον</span> <span class='ocrx_word' id='word_1_469' title='bbox 1156 3693 1240 3740; x_wconf 87' lang='grc' dir='ltr'><strong>τε,</strong></span> <span class='ocrx_word' id='word_1_470' title='bbox 1272 3678 1364 3729; x_wconf 81' lang='grc' dir='ltr'>καὶ</span> <span class='ocrx_word' id='word_1_471' title='bbox 1396 3673 1529 3746; x_wconf 79' lang='grc' dir='ltr'>ἦγον</span> <span class='ocrx_word' id='word_1_472' title='bbox 1562 3677 1640 3738; x_wconf 84' lang='grc' dir='ltr'><strong>είς</strong></span> <span class='ocrx_word' id='word_1_473' title='bbox 1686 3675 1783 3746; x_wconf 78' lang='grc' dir='ltr'>τὴν</span> 
     </span>
    </p>
   </div>
   <div class='ocr_carea' id='block_1_69' title="bbox 222 3766 1785 3840">
    <p class='ocr_par' dir='ltr' id='par_1_69' title="bbox 222 3766 1785 3840">
     <span class='ocr_line' id='line_1_69' title="bbox 222 3766 1785 3840; baseline -0.005 -13"><span class='ocrx_word' id='word_1_474' title='bbox 222 3775 405 3827; x_wconf 71' lang='grc' dir='ltr'>πόλιν.</span> <span class='ocrx_word' id='word_1_475' title='bbox 447 3773 510 3825; x_wconf 83' lang='grc' dir='ltr'>Ὀ</span> <span class='ocrx_word' id='word_1_476' title='bbox 566 3773 663 3840; x_wconf 83' lang='grc' dir='ltr'>μὲν</span> <span class='ocrx_word' id='word_1_477' title='bbox 711 3770 802 3823; x_wconf 81' lang='grc' dir='ltr'>οὖν</span> <span class='ocrx_word' id='word_1_478' title='bbox 853 3769 1104 3838; x_wconf 80' lang='grc' dir='ltr'>βασιλεὺς</span> <span class='ocrx_word' id='word_1_479' title='bbox 1164 3768 1440 3829; x_wconf 83' lang='grc' dir='ltr'>Ματθαῖος</span> <span class='ocrx_word' id='word_1_480' title='bbox 1487 3769 1566 3830; x_wconf 84' lang='grc' dir='ltr'><strong>είς</strong></span> <span class='ocrx_word' id='word_1_481' title='bbox 1630 3766 1785 3820; x_wconf 85' lang='grc' dir='ltr'>τοῦτο</span> 
     </span>
    </p>
   </div>
   <div class='ocr_carea' id='block_1_70' title="bbox 215 3861 1786 3935">
    <p class='ocr_par' dir='ltr' id='par_1_70' title="bbox 215 3861 1786 3935">
     <span class='ocr_line' id='line_1_70' title="bbox 215 3861 1786 3935; baseline -0.004 -18"><span class='ocrx_word' id='word_1_482' title='bbox 215 3861 354 3935; x_wconf 74' lang='grc' dir='ltr'>ἦλθε</span> <span class='ocrx_word' id='word_1_483' title='bbox 392 3863 801 3931; x_wconf 87' lang='grc' dir='ltr'>κακοπραγίας,</span> <span class='ocrx_word' id='word_1_484' title='bbox 852 3862 946 3914; x_wconf 79' lang='grc' dir='ltr'>καὶ</span> <span class='ocrx_word' id='word_1_485' title='bbox 976 3861 1257 3922; x_wconf 78' lang='grc' dir='ltr'>τοιαύταις</span> <span class='ocrx_word' id='word_1_486' title='bbox 1289 3863 1596 3927; x_wconf 77' lang='grc' dir='ltr'>συμφοραῖς</span> <span class='ocrx_word' id='word_1_487' title='bbox 1622 3861 1786 3929; x_wconf 66' lang='grc' dir='ltr'>ἐχρήα</span> 
     </span>
    </p>
   </div>
   <div class='ocr_carea' id='block_1_71' title="bbox 216 3950 1786 4021">
    <p class='ocr_par' dir='ltr' id='par_1_71' title="bbox 216 3950 1786 4021">
     <span class='ocr_line' id='line_1_71' title="bbox 216 3950 1786 4021; baseline -0.004 -12"><span class='ocrx_word' id='word_1_488' title='bbox 216 3974 377 4019; x_wconf 85' lang='grc' dir='ltr'>σατο,</span> <span class='ocrx_word' id='word_1_489' title='bbox 416 3958 533 4016; x_wconf 86' lang='grc' dir='ltr'>τοῖς</span> <span class='ocrx_word' id='word_1_490' title='bbox 589 3953 811 4006; x_wconf 83' lang='grc' dir='ltr'>πώποτε</span> <span class='ocrx_word' id='word_1_491' title='bbox 847 3952 974 4019; x_wconf 72' lang='grc' dir='ltr'>περὶ</span> <span class='ocrx_word' id='word_1_492' title='bbox 1033 3951 1299 4020; x_wconf 76' lang='grc' dir='ltr'>πολέμους</span> <span class='ocrx_word' id='word_1_493' title='bbox 1354 3952 1656 4021; x_wconf 83' lang='grc' dir='ltr'>ἀτυχήσασι</span> <span class='ocrx_word' id='word_1_494' title='bbox 1716 3950 1786 4004; x_wconf 82' lang='grc' dir='ltr'><strong>τὰ</strong></span> 
     </span>
    </p>
   </div>
   <div class='ocr_carea' id='block_1_72' title="bbox 216 4042 1785 4115">
    <p class='ocr_par' dir='ltr' id='par_1_72' title="bbox 216 4042 1785 4115">
     <span class='ocr_line' id='line_1_72' title="bbox 216 4042 1785 4115; baseline -0.003 -15"><span class='ocrx_word' id='word_1_495' title='bbox 216 4048 463 4115; x_wconf 78' lang='grc' dir='ltr'>μέγιστα</span> <span class='ocrx_word' id='word_1_496' title='bbox 492 4044 836 4115; x_wconf 82' lang='grc' dir='ltr'>ἁμιλληθείς.</span> <span class='ocrx_word' id='word_1_497' title='bbox 861 4044 1089 4113; x_wconf 83' lang='grc' dir='ltr'>Βοῖχνας</span> <span class='ocrx_word' id='word_1_498' title='bbox 1116 4044 1171 4096; x_wconf 81' lang='grc' dir='ltr'>δὲ</span> <span class='ocrx_word' id='word_1_499' title='bbox 1194 4045 1221 4095; x_wconf 88' lang='grc' dir='ltr'>ὁ</span> <span class='ocrx_word' id='word_1_500' title='bbox 1249 4044 1482 4111; x_wconf 86' lang='grc' dir='ltr'>Καῖσαρ,</span> <span class='ocrx_word' id='word_1_501' title='bbox 1511 4044 1632 4095; x_wconf 75' lang='grc' dir='ltr'>ἐπεὶ</span> <span class='ocrx_word' id='word_1_502' title='bbox 1651 4042 1785 4095; x_wconf 82' lang='grc' dir='ltr'>ἐπύ-</span> 
     </span>
    </p>
   </div>
   <div class='ocr_carea' id='block_1_73' title="bbox 214 4134 1785 4208">
    <p class='ocr_par' dir='ltr' id='par_1_73' title="bbox 214 4134 1785 4208">
     <span class='ocr_line' id='line_1_73' title="bbox 214 4134 1785 4208; baseline -0.003 -17"><span class='ocrx_word' id='word_1_503' title='bbox 214 4140 345 4192; x_wconf 83' lang='grc' dir='ltr'>θετο</span> <span class='ocrx_word' id='word_1_504' title='bbox 386 4139 799 4208; x_wconf 82' lang='grc' dir='ltr'>φρουρούμενον</span> <span class='ocrx_word' id='word_1_505' title='bbox 832 4136 1059 4205; x_wconf 85' lang='grc' dir='ltr'>βασιλέα</span> <span class='ocrx_word' id='word_1_506' title='bbox 1116 4137 1173 4187; x_wconf 86' lang='grc' dir='ltr'><strong>ἐν</strong></span> <span class='ocrx_word' id='word_1_507' title='bbox 1223 4134 1515 4197; x_wconf 78' lang='grc' dir='ltr'>Φιλίππου,</span> <span class='ocrx_word' id='word_1_508' title='bbox 1573 4136 1653 4195; x_wconf 84' lang='grc' dir='ltr'><strong>είς</strong></span> <span class='ocrx_word' id='word_1_509' title='bbox 1685 4135 1785 4201; x_wconf 73' lang='grc' dir='ltr'><strong>τὴν</strong></span> 
     </span>
    </p>
   </div>
   <div class='ocr_carea' id='block_1_74' title="bbox 214 4224 1784 4300">
    <p class='ocr_par' dir='ltr' id='par_1_74' title="bbox 214 4224 1784 4300">
     <span class='ocr_line' id='line_1_74' title="bbox 214 4224 1784 4300; baseline -0.004 -14"><span class='ocrx_word' id='word_1_510' title='bbox 214 4233 525 4300; x_wconf 78' lang='grc' dir='ltr'>ὑστεραίαν</span> <span class='ocrx_word' id='word_1_511' title='bbox 556 4230 764 4283; x_wconf 81' lang='grc' dir='ltr'>ἐκεῖθεν</span> <span class='ocrx_word' id='word_1_512' title='bbox 794 4227 1100 4289; x_wconf 87' lang='grc' dir='ltr'>ἀναλαϐὼν,</span> <span class='ocrx_word' id='word_1_513' title='bbox 1133 4224 1338 4297; x_wconf 79' lang='grc' dir='ltr'>ήγαγεν</span> <span class='ocrx_word' id='word_1_514' title='bbox 1369 4228 1449 4285; x_wconf 77' lang='grc' dir='ltr'><strong>είς</strong></span> <span class='ocrx_word' id='word_1_515' title='bbox 1476 4227 1575 4297; x_wconf 81' lang='grc' dir='ltr'>τὴν</span> <span class='ocrx_word' id='word_1_516' title='bbox 1606 4226 1784 4280; x_wconf 79' lang='grc' dir='ltr'>οίκίαν</span> 
     </span>
    </p>
   </div>
   <div class='ocr_carea' id='block_1_75' title="bbox 211 4317 1785 4391">
    <p class='ocr_par' dir='ltr' id='par_1_75' title="bbox 211 4317 1785 4391">
     <span class='ocr_line' id='line_1_75' title="bbox 211 4317 1785 4391; baseline -0.004 -14"><span class='ocrx_word' id='word_1_517' title='bbox 211 4326 311 4377; x_wconf 77' lang='grc' dir='ltr'>ἐπὶ</span> <span class='ocrx_word' id='word_1_518' title='bbox 362 4324 596 4391; x_wconf 81' lang='grc' dir='ltr'>Δράμαν</span> <span class='ocrx_word' id='word_1_519' title='bbox 636 4320 731 4373; x_wconf 79' lang='grc' dir='ltr'>καὶ</span> <span class='ocrx_word' id='word_1_520' title='bbox 764 4320 962 4387; x_wconf 81' lang='grc' dir='ltr'>πολλῆς</span> <span class='ocrx_word' id='word_1_521' title='bbox 1000 4318 1201 4388; x_wconf 69' lang='grc' dir='ltr'>ἠξίωσε</span> <span class='ocrx_word' id='word_1_522' title='bbox 1270 4317 1525 4387; x_wconf 81' lang='grc' dir='ltr'>προνοίας</span> <span class='ocrx_word' id='word_1_523' title='bbox 1559 4319 1654 4370; x_wconf 69' lang='grc' dir='ltr'>καὶ</span> <span class='ocrx_word' id='word_1_524' title='bbox 1706 4334 1785 4370; x_wconf 84' lang='grc' dir='ltr'>τι·</span> 
     </span>
    </p>
   </div>
   <div class='ocr_carea' id='block_1_76' title="bbox 215 4407 1783 4485">
    <p class='ocr_par' dir='ltr' id='par_1_76' title="bbox 215 4407 1783 4485">
     <span class='ocr_line' id='line_1_76' title="bbox 215 4407 1783 4485; baseline -0.004 -18"><span class='ocrx_word' id='word_1_525' title='bbox 215 4418 346 4485; x_wconf 81' lang='grc' dir='ltr'><strong>μῆς.</strong></span> <span class='ocrx_word' id='word_1_526' title='bbox 377 4412 657 4482; x_wconf 66' lang='grc' dir='ltr'>Φρουροὺς</span> <span class='ocrx_word' id='word_1_527' title='bbox 679 4410 735 4464; x_wconf 90' lang='grc' dir='ltr'><strong>δέ</strong></span> <span class='ocrx_word' id='word_1_528' title='bbox 772 4411 1073 4478; x_wconf 73' lang='grc' dir='ltr'>ἐπέστησεν</span> <span class='ocrx_word' id='word_1_529' title='bbox 1102 4407 1436 4478; x_wconf 80' lang='grc' dir='ltr'>ἀγρύπνους,</span> <span class='ocrx_word' id='word_1_530' title='bbox 1475 4410 1571 4461; x_wconf 74' lang='grc' dir='ltr'>καὶ</span> <span class='ocrx_word' id='word_1_531' title='bbox 1602 4409 1783 4461; x_wconf 82' lang='grc' dir='ltr'>πᾶσαν</span> 
     </span>
    </p>
   </div>
   <div class='ocr_carea' id='block_1_77' title="bbox 211 4495 1785 4567">
    <p class='ocr_par' dir='ltr' id='par_1_77' title="bbox 211 4495 1785 4567">
     <span class='ocr_line' id='line_1_77' title="bbox 211 4495 1785 4567; baseline -0.008 -10"><span class='ocrx_word' id='word_1_532' title='bbox 211 4503 569 4557; x_wconf 67' lang='grc' dir='ltr'>ἐπεδείκνυτο</span> <span class='ocrx_word' id='word_1_533' title='bbox 603 4498 839 4567; x_wconf 80' lang='grc' dir='ltr'>σπουδὴν</span> <span class='ocrx_word' id='word_1_534' title='bbox 866 4498 994 4565; x_wconf 83' lang='grc' dir='ltr'>περὶ</span> <span class='ocrx_word' id='word_1_535' title='bbox 1027 4497 1127 4565; x_wconf 81' lang='grc' dir='ltr'>τὴν</span> <span class='ocrx_word' id='word_1_536' title='bbox 1171 4495 1438 4564; x_wconf 79' lang='grc' dir='ltr'>φυλακήν.</span> <span class='ocrx_word' id='word_1_537' title='bbox 1488 4495 1785 4563; x_wconf 86' lang='grc' dir='ltr'>Ἐπηγγέλ-</span> 
     </span>
    </p>
   </div>
   <div class='ocr_carea' id='block_1_78' title="bbox 209 4560 1857 4656">
    <p class='ocr_par' dir='ltr' id='par_1_78' title="bbox 209 4560 1857 4656">
     <span class='ocr_line' id='line_1_78' title="bbox 209 4560 1857 4656; baseline -0.007 -11"><span class='ocrx_word' id='word_1_538' title='bbox 209 4591 339 4645; x_wconf 84' lang='grc' dir='ltr'>λετό</span> <span class='ocrx_word' id='word_1_539' title='bbox 371 4607 456 4655; x_wconf 84' lang='grc' dir='ltr'><strong>τε,</strong></span> <span class='ocrx_word' id='word_1_540' title='bbox 492 4588 541 4640; x_wconf 80' lang='grc' dir='ltr'><strong>εί</strong></span> <span class='ocrx_word' id='word_1_541' title='bbox 568 4560 912 4656; x_wconf 33' lang='grc' dir='ltr'>γένοιτονέπ’</span> <span class='ocrx_word' id='word_1_542' title='bbox 941 4560 1149 4646; x_wconf 67' lang='grc' dir='ltr'>ἀύτδν,</span> <span class='ocrx_word' id='word_1_543' title='bbox 1183 4560 1507 4653; x_wconf 65' lang='grc' dir='ltr'>ἐκπέμψειν</span> <span class='ocrx_word' id='word_1_544' title='bbox 1553 4560 1632 4645; x_wconf 74' lang='grc' dir='ltr'><strong>είς</strong></span> <span class='ocrx_word' id='word_1_545' title='bbox 1677 4560 1782 4652; x_wconf 78' lang='grc' dir='ltr'>τὴν</span> <span class='ocrx_word' id='word_1_546' title='bbox 1815 4560 1857 4615; x_wconf 80' lang='lat' dir='ltr'><strong>D</strong></span> 
     </span>
    </p>
   </div>
   <div class='ocr_carea' id='block_1_79' title="bbox 209 4674 1777 4746">
    <p class='ocr_par' dir='ltr' id='par_1_79' title="bbox 209 4674 1777 4746">
     <span class='ocr_line' id='line_1_79' title="bbox 209 4674 1777 4746; baseline -0.007 -10"><span class='ocrx_word' id='word_1_547' title='bbox 209 4683 421 4736; x_wconf 70' lang='grc' dir='ltr'>οὶκίαν.</span> <span class='ocrx_word' id='word_1_548' title='bbox 507 4678 827 4732; x_wconf 80' lang='grc' dir='ltr'>’Υπὼπτευε</span> <span class='ocrx_word' id='word_1_549' title='bbox 862 4678 969 4746; x_wconf 79' lang='grc' dir='ltr'><strong>γὰρ</strong></span> <span class='ocrx_word' id='word_1_550' title='bbox 1000 4674 1310 4744; x_wconf 83' lang='grc' dir='ltr'>Κρὰλαιναν</span> <span class='ocrx_word' id='word_1_551' title='bbox 1340 4674 1777 4739; x_wconf 82' lang='grc' dir='ltr'>ἐναντιώσεσθαι,</span> 
     </span>
    </p>
   </div>
   <div class='ocr_carea' id='block_1_80' title="bbox 204 4764 1781 4845">
    <p class='ocr_par' dir='ltr' id='par_1_80' title="bbox 204 4764 1781 4845">
     <span class='ocr_line' id='line_1_80' title="bbox 204 4764 1781 4845; baseline -0.006 -17"><span class='ocrx_word' id='word_1_552' title='bbox 204 4776 353 4845; x_wconf 73' lang='grc' dir='ltr'>αὐτῇ</span> <span class='ocrx_word' id='word_1_553' title='bbox 384 4774 688 4839; x_wconf 79' lang='grc' dir='ltr'>προσήκειν</span> <span class='ocrx_word' id='word_1_554' title='bbox 716 4769 971 4835; x_wconf 81' lang='grc' dir='ltr'>ἀξιοῦσαν</span> <span class='ocrx_word' id='word_1_555' title='bbox 1001 4766 1187 4834; x_wconf 86' lang='grc' dir='ltr'>ὥσπερ</span> <span class='ocrx_word' id='word_1_556' title='bbox 1211 4785 1261 4819; x_wconf 90' lang='grc' dir='ltr'><strong>τι</strong></span> <span class='ocrx_word' id='word_1_557' title='bbox 1292 4766 1384 4819; x_wconf 83' lang='grc' dir='ltr'><strong>τοῦ</strong></span> <span class='ocrx_word' id='word_1_558' title='bbox 1424 4766 1660 4834; x_wconf 85' lang='grc' dir='ltr'>πολέμου</span> <span class='ocrx_word' id='word_1_559' title='bbox 1684 4764 1781 4818; x_wconf 76' lang='grc' dir='ltr'><strong>λά·</strong></span> 
     </span>
    </p>
   </div>
   <div class='ocr_carea' id='block_1_81' title="bbox 206 4855 1782 4934">
    <p class='ocr_par' dir='ltr' id='par_1_81' title="bbox 206 4855 1782 4934">
     <span class='ocr_line' id='line_1_81' title="bbox 206 4855 1782 4934; baseline -0.008 -16"><span class='ocrx_word' id='word_1_560' title='bbox 206 4882 387 4934; x_wconf 70' lang='grc' dir='ltr'>φυρον</span> <span class='ocrx_word' id='word_1_561' title='bbox 417 4862 566 4931; x_wconf 80' lang='grc' dir='ltr'>ἐχειν</span> <span class='ocrx_word' id='word_1_562' title='bbox 598 4860 839 4929; x_wconf 84' lang='grc' dir='ltr'>βασιλέα.</span> <span class='ocrx_word' id='word_1_563' title='bbox 878 4858 967 4911; x_wconf 81' lang='grc' dir='ltr'><strong>Διὸ</strong></span> <span class='ocrx_word' id='word_1_564' title='bbox 997 4858 1059 4928; x_wconf 81' lang='grc' dir='ltr'>δὴ</span> <span class='ocrx_word' id='word_1_565' title='bbox 1104 4857 1275 4909; x_wconf 79' lang='grc' dir='ltr'>ἐδόκει</span> <span class='ocrx_word' id='word_1_566' title='bbox 1304 4858 1458 4925; x_wconf 80' lang='grc' dir='ltr'>ἥκειν</span> <span class='ocrx_word' id='word_1_567' title='bbox 1498 4856 1583 4907; x_wconf 82' lang='grc' dir='ltr'>ἐπ’</span> <span class='ocrx_word' id='word_1_568' title='bbox 1640 4855 1782 4908; x_wconf 83' lang='grc' dir='ltr'>ἐκεί-</span> 
     </span>
    </p>
   </div>
   <div class='ocr_carea' id='block_1_82' title="bbox 206 4944 1778 5021">
    <p class='ocr_par' dir='ltr' id='par_1_82' title="bbox 206 4944 1778 5021">
     <span class='ocr_line' id='line_1_82' title="bbox 206 4944 1778 5021; baseline -0.007 -15"><span class='ocrx_word' id='word_1_569' title='bbox 206 4973 313 5021; x_wconf 77' lang='grc' dir='ltr'><strong>νην</strong></span> <span class='ocrx_word' id='word_1_570' title='bbox 342 4954 585 5021; x_wconf 82' lang='grc' dir='ltr'>τάχιστα</span> <span class='ocrx_word' id='word_1_571' title='bbox 608 4948 1052 5017; x_wconf 76' lang='grc' dir='ltr'>ἐξαιτησάμενον,</span> <span class='ocrx_word' id='word_1_572' title='bbox 1080 4945 1195 5014; x_wconf 78' lang='grc' dir='ltr'><strong>ἀμα</strong></span> <span class='ocrx_word' id='word_1_573' title='bbox 1223 4944 1320 5013; x_wconf 87' lang='grc' dir='ltr'><strong>μέν</strong></span> <span class='ocrx_word' id='word_1_574' title='bbox 1375 4946 1471 4997; x_wconf 75' lang='grc' dir='ltr'>καὶ</span> <span class='ocrx_word' id='word_1_575' title='bbox 1520 4945 1778 5014; x_wconf 81' lang='grc' dir='ltr'>χρήματα</span> 
     </span>
    </p>
   </div>
   <div class='ocr_carea' id='block_1_83' title="bbox 206 5035 1779 5110">
    <p class='ocr_par' dir='ltr' id='par_1_83' title="bbox 206 5035 1779 5110">
     <span class='ocr_line' id='line_1_83' title="bbox 206 5035 1779 5110; baseline -0.008 -11"><span class='ocrx_word' id='word_1_576' title='bbox 206 5045 457 5108; x_wconf 78' lang='grc' dir='ltr'>ἐλπίζων</span> <span class='ocrx_word' id='word_1_577' title='bbox 490 5041 621 5110; x_wconf 78' lang='grc' dir='ltr'>παρ’</span> <span class='ocrx_word' id='word_1_578' title='bbox 651 5039 858 5091; x_wconf 84' lang='grc' dir='ltr'>ἐκείνου</span> <span class='ocrx_word' id='word_1_579' title='bbox 892 5036 1178 5107; x_wconf 78' lang='grc' dir='ltr'>λήψεσθαι,</span> <span class='ocrx_word' id='word_1_580' title='bbox 1213 5036 1329 5102; x_wconf 77' lang='grc' dir='ltr'>ἅμα</span> <span class='ocrx_word' id='word_1_581' title='bbox 1371 5035 1427 5088; x_wconf 86' lang='grc' dir='ltr'><strong>δέ</strong></span> <span class='ocrx_word' id='word_1_582' title='bbox 1483 5037 1575 5088; x_wconf 68' lang='grc' dir='ltr'>καὶ</span> <span class='ocrx_word' id='word_1_583' title='bbox 1628 5035 1779 5100; x_wconf 83' lang='grc' dir='ltr'>φίλον</span> 
     </span>
    </p>
   </div>
   <div class='ocr_carea' id='block_1_84' title="bbox 204 5118 1779 5203">
    <p class='ocr_par' dir='ltr' id='par_1_84' title="bbox 204 5118 1779 5203">
     <span class='ocr_line' id='line_1_84' title="bbox 204 5118 1779 5203; baseline -0.006 -18"><span class='ocrx_word' id='word_1_584' title='bbox 204 5134 361 5203; x_wconf 69' lang='grc' dir='ltr'>ἔχειν</span> <span class='ocrx_word' id='word_1_585' title='bbox 395 5130 616 5199; x_wconf 84' lang='grc' dir='ltr'>βέϐαιον</span> <span class='ocrx_word' id='word_1_586' title='bbox 642 5144 658 5161; x_wconf 88' lang='grc'><strong>·</strong></span> <span class='ocrx_word' id='word_1_587' title='bbox 701 5118 853 5191; x_wconf 77' lang='grc' dir='ltr'>ὥστ’,</span> <span class='ocrx_word' id='word_1_588' title='bbox 889 5129 939 5179; x_wconf 84' lang='grc' dir='ltr'><strong>εί</strong></span> <span class='ocrx_word' id='word_1_589' title='bbox 967 5126 1075 5178; x_wconf 88' lang='grc' dir='ltr'>δέοι</span> <span class='ocrx_word' id='word_1_590' title='bbox 1128 5121 1283 5186; x_wconf 83' lang='grc' dir='ltr'>αὖθις</span> <span class='ocrx_word' id='word_1_591' title='bbox 1315 5127 1428 5187; x_wconf 86' lang='grc' dir='ltr'>τοῖς</span> <span class='ocrx_word' id='word_1_592' title='bbox 1491 5126 1779 5195; x_wconf 83' lang='grc' dir='ltr'>προτέροις</span> 
     </span>
    </p>
   </div>
   <div class='ocr_carea' id='block_1_85' title="bbox 204 5206 1777 5292">
    <p class='ocr_par' dir='ltr' id='par_1_85' title="bbox 204 5206 1777 5292">
     <span class='ocr_line' id='line_1_85' title="bbox 204 5206 1777 5292; baseline -0.006 -15"><span class='ocrx_word' id='word_1_593' title='bbox 204 5223 548 5292; x_wconf 70' lang='grc' dir='ltr'>ἐπιχειρεῖν,</span> <span class='ocrx_word' id='word_1_594' title='bbox 581 5206 823 5288; x_wconf 59' lang='grc' dir='ltr'>μῗεγάλην</span> <span class='ocrx_word' id='word_1_595' title='bbox 878 5217 1022 5287; x_wconf 67' lang='grc' dir='ltr'>ἔχειν</span> <span class='ocrx_word' id='word_1_596' title='bbox 1048 5215 1177 5286; x_wconf 82' lang='grc' dir='ltr'>παρ’</span> <span class='ocrx_word' id='word_1_597' title='bbox 1210 5215 1404 5284; x_wconf 82' lang='grc' dir='ltr'>ἐκείνῳ</span> <span class='ocrx_word' id='word_1_598' title='bbox 1428 5214 1674 5283; x_wconf 87' lang='grc' dir='ltr'>δύναμιν.</span> <span class='ocrx_word' id='word_1_599' title='bbox 1720 5215 1777 5268; x_wconf 85' lang='grc' dir='ltr'><strong>Ὀ</strong></span> 
     </span>
    </p>
   </div>
   <div class='ocr_carea' id='block_1_86' title="bbox 208 5306 1776 5383">
    <p class='ocr_par' dir='ltr' id='par_1_86' title="bbox 208 5306 1776 5383">
     <span class='ocr_line' id='line_1_86' title="bbox 208 5306 1776 5383; baseline -0.009 -15"><span class='ocrx_word' id='word_1_600' title='bbox 208 5315 317 5383; x_wconf 69' lang='grc' dir='ltr'>μιν</span> <span class='ocrx_word' id='word_1_601' title='bbox 341 5311 438 5364; x_wconf 74' lang='grc' dir='ltr'>οὖν</span> <span class='ocrx_word' id='word_1_602' title='bbox 465 5308 725 5377; x_wconf 79' lang='grc' dir='ltr'>τοιαύτην</span> <span class='ocrx_word' id='word_1_603' title='bbox 742 5308 883 5377; x_wconf 79' lang='grc' dir='ltr'>ἔχων</span> <span class='ocrx_word' id='word_1_604' title='bbox 910 5306 1154 5377; x_wconf 84' lang='grc' dir='ltr'>γνώμην,</span> <span class='ocrx_word' id='word_1_605' title='bbox 1183 5306 1439 5376; x_wconf 79' lang='grc' dir='ltr'>ἠπείγετο</span> <span class='ocrx_word' id='word_1_606' title='bbox 1467 5306 1558 5358; x_wconf 76' lang='grc' dir='ltr'>ἐπὶ</span> <span class='ocrx_word' id='word_1_607' title='bbox 1582 5307 1776 5375; x_wconf 81' lang='grc' dir='ltr'>Φεράς.</span> 
     </span>
    </p>
   </div>
   <div class='ocr_carea' id='block_1_87' title="bbox 208 5399 1776 5473">
    <p class='ocr_par' dir='ltr' id='par_1_87' title="bbox 208 5399 1776 5473">
     <span class='ocr_line' id='line_1_87' title="bbox 208 5399 1776 5473; baseline -0.005 -14"><span class='ocrx_word' id='word_1_608' title='bbox 208 5406 382 5473; x_wconf 73' lang='grc' dir='ltr'>Νόσῳ</span> <span class='ocrx_word' id='word_1_609' title='bbox 412 5404 473 5455; x_wconf 79' lang='grc' dir='ltr'><strong>δέ</strong></span> <span class='ocrx_word' id='word_1_610' title='bbox 508 5419 615 5454; x_wconf 89' lang='grc' dir='ltr'>τινι</span> <span class='ocrx_word' id='word_1_611' title='bbox 641 5400 837 5453; x_wconf 66' lang='grc' dir='ltr'>ὁδεύων</span> <span class='ocrx_word' id='word_1_612' title='bbox 871 5399 1072 5469; x_wconf 77' lang='grc' dir='ltr'>μεταξὺ</span> <span class='ocrx_word' id='word_1_613' title='bbox 1105 5399 1476 5468; x_wconf 67' lang='grc' dir='ltr'>κατασχεθεὶς,</span> <span class='ocrx_word' id='word_1_614' title='bbox 1518 5401 1577 5450; x_wconf 84' lang='grc' dir='ltr'><strong>ἐν</strong></span> <span class='ocrx_word' id='word_1_615' title='bbox 1617 5399 1776 5451; x_wconf 87' lang='grc' dir='ltr'>πέντε</span> 
     </span>
    </p>
   </div>
   <div class='ocr_carea' id='block_1_88' title="bbox 204 5488 1775 5567">
    <p class='ocr_par' dir='ltr' id='par_1_88' title="bbox 204 5488 1775 5567">
     <span class='ocr_line' id='line_1_88' title="bbox 204 5488 1775 5567; baseline -0.007 -17"><span class='ocrx_word' id='word_1_616' title='bbox 204 5497 543 5567; x_wconf 42' lang='grc' dir='ltr'>καὶοεῐκοσιν</span> <span class='ocrx_word' id='word_1_617' title='bbox 568 5493 801 5564; x_wconf 78' lang='grc' dir='ltr'>ἡμέραις</span> <span class='ocrx_word' id='word_1_618' title='bbox 832 5491 1077 5560; x_wconf 79' lang='grc' dir='ltr'>ἐκωλύθη</span> <span class='ocrx_word' id='word_1_619' title='bbox 1110 5493 1192 5552; x_wconf 86' lang='grc' dir='ltr'>εἰς</span> <span class='ocrx_word' id='word_1_620' title='bbox 1221 5489 1396 5557; x_wconf 81' lang='grc' dir='ltr'>Φερὰς</span> <span class='ocrx_word' id='word_1_621' title='bbox 1427 5489 1626 5550; x_wconf 82' lang='grc' dir='ltr'>ἐλθεῖν,</span> <span class='ocrx_word' id='word_1_622' title='bbox 1651 5488 1775 5540; x_wconf 70' lang='grc' dir='ltr'>ἀδυα</span> 
     </span>
    </p>
   </div>
   <div class='ocr_carea' id='block_1_89' title="bbox 205 5579 1775 5655">
    <p class='ocr_par' dir='ltr' id='par_1_89' title="bbox 205 5579 1775 5655">
     <span class='ocr_line' id='line_1_89' title="bbox 205 5579 1775 5655; baseline -0.008 -12"><span class='ocrx_word' id='word_1_623' title='bbox 205 5586 394 5650; x_wconf 73' lang='grc' dir='ltr'>νάτως</span> <span class='ocrx_word' id='word_1_624' title='bbox 429 5584 573 5655; x_wconf 74' lang='grc' dir='ltr'>ἔχων</span> <span class='ocrx_word' id='word_1_625' title='bbox 603 5581 835 5652; x_wconf 82' lang='grc' dir='ltr'>χρῆσθαι</span> <span class='ocrx_word' id='word_1_626' title='bbox 862 5580 1063 5650; x_wconf 77' lang='grc' dir='ltr'>ἐαυτῷ.</span> <span class='ocrx_word' id='word_1_627' title='bbox 1096 5580 1459 5645; x_wconf 87' lang='grc' dir='ltr'>Παλαιολόγος</span> <span class='ocrx_word' id='word_1_628' title='bbox 1518 5579 1575 5631; x_wconf 77' lang='grc' dir='ltr'><strong>δέ</strong></span> <span class='ocrx_word' id='word_1_629' title='bbox 1621 5581 1648 5630; x_wconf 80' lang='grc' dir='ltr'><strong>ὁ</strong></span> <span class='ocrx_word' id='word_1_630' title='bbox 1679 5579 1775 5647; x_wconf 87' lang='grc' dir='ltr'><strong>βα-</strong></span> 
     </span>
    </p>
   </div>
   <div class='ocr_carea' id='block_1_90' title="bbox 205 5668 1775 5740">
    <p class='ocr_par' dir='ltr' id='par_1_90' title="bbox 205 5668 1775 5740">
     <span class='ocr_line' id='line_1_90' title="bbox 205 5668 1775 5740; baseline -0.005 -11"><span class='ocrx_word' id='word_1_631' title='bbox 205 5678 421 5739; x_wconf 64' lang='grc' dir='ltr'>σιλεὺς,</span> <span class='ocrx_word' id='word_1_632' title='bbox 460 5677 522 5728; x_wconf 87' lang='grc' dir='ltr'><strong>ἐν</strong></span> <span class='ocrx_word' id='word_1_633' title='bbox 547 5674 771 5735; x_wconf 83' lang='grc' dir='ltr'>ταύταις</span> <span class='ocrx_word' id='word_1_634' title='bbox 811 5675 928 5735; x_wconf 89' lang='grc' dir='ltr'>ταῖς</span> <span class='ocrx_word' id='word_1_635' title='bbox 955 5672 1189 5740; x_wconf 73' lang='grc' dir='ltr'>ἡμέραις</span> <span class='ocrx_word' id='word_1_636' title='bbox 1223 5669 1316 5723; x_wconf 83' lang='grc' dir='ltr'>τοῦ</span> <span class='ocrx_word' id='word_1_637' title='bbox 1360 5669 1593 5739; x_wconf 83' lang='grc' dir='ltr'>Ὀρχάνη</span> <span class='ocrx_word' id='word_1_638' title='bbox 1614 5668 1775 5721; x_wconf 76' lang='grc' dir='ltr'>ἕνεκα</span> 
     </span>
    </p>
   </div>
   <div class='ocr_carea' id='block_1_91' title="bbox 205 5758 1776 5834">
    <p class='ocr_par' dir='ltr' id='par_1_91' title="bbox 205 5758 1776 5834">
     <span class='ocr_line' id='line_1_91' title="bbox 205 5758 1776 5834; baseline -0.008 -14"><span class='ocrx_word' id='word_1_639' title='bbox 205 5766 408 5829; x_wconf 76' lang='grc' dir='ltr'>παιδὸς</span> <span class='ocrx_word' id='word_1_640' title='bbox 447 5765 579 5834; x_wconf 80' lang='grc' dir='ltr'>περὶ</span> <span class='ocrx_word' id='word_1_641' title='bbox 611 5764 834 5819; x_wconf 83' lang='grc' dir='ltr'>Τένεδον</span> <span class='ocrx_word' id='word_1_642' title='bbox 864 5759 1449 5834; x_wconf 79' lang='grc' dir='ltr'>τριήρεσιδιατρίϐων,</span> <span class='ocrx_word' id='word_1_643' title='bbox 1492 5759 1616 5811; x_wconf 76' lang='grc' dir='ltr'>ἐπεὶ</span> <span class='ocrx_word' id='word_1_644' title='bbox 1675 5758 1776 5809; x_wconf 87' lang='grc' dir='ltr'>πύ-</span> 
     </span>
    </p>
   </div>
   <div class='ocr_carea' id='block_1_92' title="bbox 205 5846 1771 5924">
    <p class='ocr_par' dir='ltr' id='par_1_92' title="bbox 205 5846 1771 5924">
     <span class='ocr_line' id='line_1_92' title="bbox 205 5846 1771 5924; baseline -0.004 -15"><span class='ocrx_word' id='word_1_645' title='bbox 205 5855 364 5909; x_wconf 86' lang='grc' dir='ltr'>θοιτο</span> <span class='ocrx_word' id='word_1_646' title='bbox 392 5855 459 5908; x_wconf 73' lang='grc' dir='ltr'><strong>τὰ</strong></span> <span class='ocrx_word' id='word_1_647' title='bbox 483 5853 624 5907; x_wconf 73' lang='grc' dir='ltr'>κατὰ</span> <span class='ocrx_word' id='word_1_648' title='bbox 648 5853 925 5909; x_wconf 77' lang='grc' dir='ltr'>Ματθαίον</span> <span class='ocrx_word' id='word_1_649' title='bbox 968 5854 1059 5907; x_wconf 79' lang='grc' dir='ltr'>τὸν</span> <span class='ocrx_word' id='word_1_650' title='bbox 1091 5853 1335 5924; x_wconf 77' lang='grc' dir='ltr'>βασιλέα,</span> <span class='ocrx_word' id='word_1_651' title='bbox 1385 5853 1521 5916; x_wconf 74' lang='grc' dir='ltr'>ἄρας</span> <span class='ocrx_word' id='word_1_652' title='bbox 1546 5851 1621 5916; x_wconf 87' lang='grc' dir='ltr'>ὡς</span> <span class='ocrx_word' id='word_1_653' title='bbox 1661 5846 1771 5919; x_wconf 77' lang='grc' dir='ltr'>εἶχε</span> 
     </span>
    </p>
   </div>
   <div class='ocr_carea' id='block_1_93' title="bbox 1886 3306 3447 3382">
    <p class='ocr_par' dir='ltr' id='par_1_93' title="bbox 1886 3306 3447 3382">
     <span class='ocr_line' id='line_1_93' title="bbox 1886 3306 3447 3382; baseline 0.01 -24"><span class='ocrx_word' id='word_1_654' title='bbox 1886 3306 2036 3360; x_wconf 84' lang='grc' dir='ltr'>ηυΙΙο</span> <span class='ocrx_word' id='word_1_655' title='bbox 2065 3322 2255 3361; x_wconf 89' lang='lat' dir='ltr'><strong>eorum</strong></span> <span class='ocrx_word' id='word_1_656' title='bbox 2290 3309 2536 3379; x_wconf 77' lang='lat' dir='ltr'><strong>inferior,</strong></span> <span class='ocrx_word' id='word_1_657' title='bbox 2578 3328 2714 3382; x_wconf 88' lang='lat' dir='ltr'><strong>quos</strong></span> <span class='ocrx_word' id='word_1_658' title='bbox 2746 3315 2946 3369; x_wconf 87' lang='lat' dir='ltr'><strong>bellum</strong></span> <span class='ocrx_word' id='word_1_659' title='bbox 2989 3318 3223 3373; x_wconf 79' lang='lat' dir='ltr'><strong>reddidit</strong></span> <span class='ocrx_word' id='word_1_660' title='bbox 3253 3323 3447 3375; x_wconf 83' lang='lat' dir='ltr'><strong>miscr-</strong></span> 
     </span>
    </p>
   </div>
   <div class='ocr_carea' id='block_1_94' title="bbox 1884 3395 3443 3475">
    <p class='ocr_par' dir='ltr' id='par_1_94' title="bbox 1884 3395 3443 3475">
     <span class='ocr_line' id='line_1_94' title="bbox 1884 3395 3443 3475; baseline 0.012 -28"><span class='ocrx_word' id='word_1_661' title='bbox 1884 3395 2072 3449; x_wconf 84' lang='lat' dir='ltr'><strong>rimos.</strong></span> <span class='ocrx_word' id='word_1_662' title='bbox 2105 3395 2373 3454; x_wconf 88' lang='lat' dir='ltr'><strong>Boichnas</strong></span> <span class='ocrx_word' id='word_1_663' title='bbox 2426 3402 2604 3455; x_wconf 70' lang='lat' dir='ltr'><strong>Caesar</strong></span> <span class='ocrx_word' id='word_1_664' title='bbox 2651 3415 2706 3456; x_wconf 90' lang='lat' dir='ltr'><strong>ut</strong></span> <span class='ocrx_word' id='word_1_665' title='bbox 2736 3418 2859 3458; x_wconf 86' lang='lat' dir='ltr'><strong>eum</strong></span> <span class='ocrx_word' id='word_1_666' title='bbox 2890 3406 3153 3475; x_wconf 87' lang='lat' dir='ltr'><strong>Philippis</strong></span> <span class='ocrx_word' id='word_1_667' title='bbox 3178 3411 3443 3465; x_wconf 78' lang='lat' dir='ltr'><strong>custodiri</strong></span> 
     </span>
    </p>
   </div>
   <div class='ocr_carea' id='block_1_95' title="bbox 1884 3487 3443 3561">
    <p class='ocr_par' dir='ltr' id='par_1_95' title="bbox 1884 3487 3443 3561">
     <span class='ocr_line' id='line_1_95' title="bbox 1884 3487 3443 3561; baseline 0.01 -23"><span class='ocrx_word' id='word_1_668' title='bbox 1884 3487 2127 3551; x_wconf 88' lang='lat' dir='ltr'><strong>audivit,</strong></span> <span class='ocrx_word' id='word_1_669' title='bbox 2160 3490 2424 3556; x_wconf 89' lang='lat' dir='ltr'><strong>postridie</strong></span> <span class='ocrx_word' id='word_1_670' title='bbox 2444 3502 2752 3561; x_wconf 88' lang='lat' dir='ltr'><strong>acceptum,</strong></span> <span class='ocrx_word' id='word_1_671' title='bbox 2779 3495 2999 3549; x_wconf 89' lang='lat' dir='ltr'><strong>domum</strong></span> <span class='ocrx_word' id='word_1_672' title='bbox 3018 3512 3171 3551; x_wconf 90' lang='lat' dir='ltr'><strong>suam</strong></span> <span class='ocrx_word' id='word_1_673' title='bbox 3191 3497 3443 3554; x_wconf 81' lang='lat' dir='ltr'><strong>Dramani</strong></span> 
     </span>
    </p>
   </div>
   <div class='ocr_carea' id='block_1_96' title="bbox 1885 3578 3447 3649">
    <p class='ocr_par' dir='ltr' id='par_1_96' title="bbox 1885 3578 3447 3649">
     <span class='ocr_line' id='line_1_96' title="bbox 1885 3578 3447 3649; baseline 0.008 -18"><span class='ocrx_word' id='word_1_674' title='bbox 1885 3578 2125 3643; x_wconf 89' lang='lat' dir='ltr'><strong>abducit,</strong></span> <span class='ocrx_word' id='word_1_675' title='bbox 2160 3582 2382 3649; x_wconf 80' lang='lat' dir='ltr'><strong>provide</strong></span> <span class='ocrx_word' id='word_1_676' title='bbox 2412 3582 2702 3638; x_wconf 85' lang='lat' dir='ltr'><strong>admodum</strong></span> <span class='ocrx_word' id='word_1_677' title='bbox 2737 3594 2792 3638; x_wconf 87' lang='lat' dir='ltr'><strong>et</strong></span> <span class='ocrx_word' id='word_1_678' title='bbox 2826 3586 3130 3641; x_wconf 75' lang='lat' dir='ltr'><strong>honor-ilice</strong></span> <span class='ocrx_word' id='word_1_679' title='bbox 3165 3590 3317 3643; x_wconf 89' lang='lat' dir='ltr'><strong>illum</strong></span> <span class='ocrx_word' id='word_1_680' title='bbox 3352 3592 3447 3644; x_wconf 78' lang='lat' dir='ltr'><strong>lia-</strong></span> 
     </span>
    </p>
   </div>
   <div class='ocr_carea' id='block_1_97' title="bbox 1886 3667 3441 3745">
    <p class='ocr_par' dir='ltr' id='par_1_97' title="bbox 1886 3667 3441 3745">
     <span class='ocr_line' id='line_1_97' title="bbox 1886 3667 3441 3745; baseline 0.01 -24"><span class='ocrx_word' id='word_1_681' title='bbox 1886 3667 1998 3730; x_wconf 88' lang='lat' dir='ltr'><strong>bet,</strong></span> <span class='ocrx_word' id='word_1_682' title='bbox 2029 3679 2083 3723; x_wconf 89' lang='lat' dir='ltr'><strong>et</strong></span> <span class='ocrx_word' id='word_1_683' title='bbox 2125 3680 2183 3724; x_wconf 91' lang='lat' dir='ltr'><strong>ut</strong></span> <span class='ocrx_word' id='word_1_684' title='bbox 2213 3672 2504 3741; x_wconf 86' lang='lat' dir='ltr'><strong>diligenter</strong></span> <span class='ocrx_word' id='word_1_685' title='bbox 2546 3687 2858 3731; x_wconf 87' lang='lat' dir='ltr'><strong>asscrvctur</strong></span> <span class='ocrx_word' id='word_1_686' title='bbox 2890 3679 3228 3745; x_wconf 89' lang='lat' dir='ltr'><strong>perstudiose</strong></span> <span class='ocrx_word' id='word_1_687' title='bbox 3264 3692 3441 3745; x_wconf 87' lang='lat' dir='ltr'><strong>curat,</strong></span> 
     </span>
    </p>
   </div>
   <div class='ocr_carea' id='block_1_98' title="bbox 1887 3762 3441 3837">
    <p class='ocr_par' dir='ltr' id='par_1_98' title="bbox 1887 3762 3441 3837">
     <span class='ocr_line' id='line_1_98' title="bbox 1887 3762 3441 3837; baseline 0.009 -23"><span class='ocrx_word' id='word_1_688' title='bbox 1887 3762 2235 3828; x_wconf 88' lang='lat' dir='ltr'><strong>promittens,</strong></span> <span class='ocrx_word' id='word_1_689' title='bbox 2280 3763 2347 3817; x_wconf 76' lang='lat' dir='ltr'><strong>si‘</strong></span> <span class='ocrx_word' id='word_1_690' title='bbox 2368 3765 2440 3818; x_wconf 90' lang='lat' dir='ltr'><strong>sit</strong></span> <span class='ocrx_word' id='word_1_691' title='bbox 2472 3780 2639 3834; x_wconf 85' lang='lat' dir='ltr'><strong>penes</strong></span> <span class='ocrx_word' id='word_1_692' title='bbox 2667 3781 2745 3833; x_wconf 89' lang='lat' dir='ltr'><strong>se,</strong></span> <span class='ocrx_word' id='word_1_693' title='bbox 2794 3768 2847 3821; x_wconf 94' lang='lat' dir='ltr'><strong>in</strong></span> <span class='ocrx_word' id='word_1_694' title='bbox 2881 3771 3215 3837; x_wconf 80' lang='lat' dir='ltr'><strong>provinciam</strong></span> <span class='ocrx_word' id='word_1_695' title='bbox 3247 3775 3441 3827; x_wconf 83' lang='lat' dir='ltr'><strong>remis-</strong></span> 
     </span>
    </p>
   </div>
   <div class='ocr_carea' id='block_1_99' title="bbox 1886 3852 3445 3923">
    <p class='ocr_par' dir='ltr' id='par_1_99' title="bbox 1886 3852 3445 3923">
     <span class='ocr_line' id='line_1_99' title="bbox 1886 3852 3445 3923; baseline 0.007 -16"><span class='ocrx_word' id='word_1_696' title='bbox 1886 3867 2097 3907; x_wconf 82' lang='lat' dir='ltr'><strong>surum.</strong></span> <span class='ocrx_word' id='word_1_697' title='bbox 2125 3852 2474 3909; x_wconf 79' lang='lat' dir='ltr'><strong>Formidabat</strong></span> <span class='ocrx_word' id='word_1_698' title='bbox 2503 3857 2729 3923; x_wconf 79' lang='lat' dir='ltr'><strong>etenim,</strong></span> <span class='ocrx_word' id='word_1_699' title='bbox 2756 3874 2822 3912; x_wconf 74' lang='lat' dir='ltr'><strong>ne</strong></span> <span class='ocrx_word' id='word_1_700' title='bbox 2847 3858 3088 3914; x_wconf 79' lang='lat' dir='ltr'><strong>Cralama</strong></span> <span class='ocrx_word' id='word_1_701' title='bbox 3120 3862 3220 3915; x_wconf 89' lang='lat' dir='ltr'><strong>sibi</strong></span> <span class='ocrx_word' id='word_1_702' title='bbox 3249 3863 3445 3918; x_wconf 81' lang='lat' dir='ltr'><strong>adver-</strong></span> 
     </span>
    </p>
   </div>
   <div class='ocr_carea' id='block_1_100' title="bbox 1885 3946 3439 4022">
    <p class='ocr_par' dir='ltr' id='par_1_100' title="bbox 1885 3946 3439 4022">
     <span class='ocr_line' id='line_1_100' title="bbox 1885 3946 3439 4022; baseline 0.01 -26"><span class='ocrx_word' id='word_1_703' title='bbox 1885 3952 2121 4008; x_wconf 83' lang='lat' dir='ltr'><strong>saretur,</strong></span> <span class='ocrx_word' id='word_1_704' title='bbox 2154 3946 2565 4016; x_wconf 82' lang='lat' dir='ltr'><strong>postularetque</strong></span> <span class='ocrx_word' id='word_1_705' title='bbox 2594 3950 2718 4018; x_wconf 84' lang='lat' dir='ltr'><strong>jure</strong></span> <span class='ocrx_word' id='word_1_706' title='bbox 2746 3964 2865 4011; x_wconf 91' lang='lat' dir='ltr'><strong>suo,</strong></span> <span class='ocrx_word' id='word_1_707' title='bbox 2908 3959 2968 4005; x_wconf 91' lang='lat' dir='ltr'><strong>ut</strong></span> <span class='ocrx_word' id='word_1_708' title='bbox 3000 3952 3123 4006; x_wconf 88' lang='lat' dir='ltr'><strong>belli</strong></span> <span class='ocrx_word' id='word_1_709' title='bbox 3166 3956 3439 4022; x_wconf 86' lang='lat' dir='ltr'><strong>quoddam</strong></span> 
     </span>
    </p>
   </div>
   <div class='ocr_carea' id='block_1_101' title="bbox 1885 4034 3444 4115">
    <p class='ocr_par' dir='ltr' id='par_1_101' title="bbox 1885 4034 3444 4115">
     <span class='ocr_line' id='line_1_101' title="bbox 1885 4034 3444 4115; baseline 0.009 -29"><span class='ocrx_word' id='word_1_710' title='bbox 1885 4034 2138 4101; x_wconf 80' lang='lat' dir='ltr'><strong>spolium,</strong></span> <span class='ocrx_word' id='word_1_711' title='bbox 2167 4036 2310 4104; x_wconf 88' lang='lat' dir='ltr'><strong>apud</strong></span> <span class='ocrx_word' id='word_1_712' title='bbox 2336 4052 2393 4091; x_wconf 88' lang='lat' dir='ltr'><strong>se</strong></span> <span class='ocrx_word' id='word_1_713' title='bbox 2418 4039 2809 4107; x_wconf 86' lang='lat' dir='ltr'><strong>imperatorem</strong></span> <span class='ocrx_word' id='word_1_714' title='bbox 2839 4042 3068 4097; x_wconf 83' lang='lat' dir='ltr'><strong>habere.</strong></span> <span class='ocrx_word' id='word_1_715' title='bbox 3098 4044 3223 4100; x_wconf 89' lang='lat' dir='ltr'><strong>ldeo</strong></span> <span class='ocrx_word' id='word_1_716' title='bbox 3245 4062 3444 4115; x_wconf 87' lang='lat' dir='ltr'><strong>quam-</strong></span> 
     </span>
    </p>
   </div>
   <div class='ocr_carea' id='block_1_102' title="bbox 1885 4126 3439 4205">
    <p class='ocr_par' dir='ltr' id='par_1_102' title="bbox 1885 4126 3439 4205">
     <span class='ocr_line' id='line_1_102' title="bbox 1885 4126 3439 4205; baseline 0.011 -28"><span class='ocrx_word' id='word_1_717' title='bbox 1885 4126 2122 4194; x_wconf 83' lang='lat' dir='ltr'><strong>primum</strong></span> <span class='ocrx_word' id='word_1_718' title='bbox 2162 4126 2230 4180; x_wconf 90' lang='lat' dir='ltr'><strong>ab</strong></span> <span class='ocrx_word' id='word_1_719' title='bbox 2273 4142 2336 4181; x_wconf 88' lang='lat' dir='ltr'><strong>ea</strong></span> <span class='ocrx_word' id='word_1_720' title='bbox 2364 4128 2739 4198; x_wconf 85' lang='lat' dir='ltr'><strong>deposcendus</strong></span> <span class='ocrx_word' id='word_1_721' title='bbox 2761 4133 3073 4201; x_wconf 86' lang='lat' dir='ltr'><strong>videbatur;</strong></span> <span class='ocrx_word' id='word_1_722' title='bbox 3105 4138 3264 4191; x_wconf 91' lang='lat' dir='ltr'><strong>simul</strong></span> <span class='ocrx_word' id='word_1_723' title='bbox 3296 4140 3439 4205; x_wconf 77' lang='lat' dir='ltr'><strong>quod</strong></span> 
     </span>
    </p>
   </div>
   <div class='ocr_carea' id='block_1_103' title="bbox 1884 4215 3439 4289">
    <p class='ocr_par' dir='ltr' id='par_1_103' title="bbox 1884 4215 3439 4289">
     <span class='ocr_line' id='line_1_103' title="bbox 1884 4215 3439 4289; baseline 0.009 -20"><span class='ocrx_word' id='word_1_724' title='bbox 1884 4215 1953 4270; x_wconf 88' lang='lat' dir='ltr'><strong>ab</strong></span> <span class='ocrx_word' id='word_1_725' title='bbox 1986 4232 2052 4269; x_wconf 86' lang='lat' dir='ltr'><strong>eo</strong></span> <span class='ocrx_word' id='word_1_726' title='bbox 2084 4218 2372 4284; x_wconf 91' lang='lat' dir='ltr'><strong>pecuniam</strong></span> <span class='ocrx_word' id='word_1_727' title='bbox 2408 4222 2682 4289; x_wconf 89' lang='lat' dir='ltr'><strong>sperabat,</strong></span> <span class='ocrx_word' id='word_1_728' title='bbox 2733 4232 2788 4278; x_wconf 91' lang='lat' dir='ltr'><strong>et</strong></span> <span class='ocrx_word' id='word_1_729' title='bbox 2836 4235 3172 4282; x_wconf 87' lang='lat' dir='ltr'><strong>constantem</strong></span> <span class='ocrx_word' id='word_1_730' title='bbox 3204 4229 3439 4284; x_wconf 86' lang='lat' dir='ltr'><strong>amicum</strong></span> 
     </span>
    </p>
   </div>
   <div class='ocr_carea' id='block_1_104' title="bbox 1886 4305 3439 4387">
    <p class='ocr_par' dir='ltr' id='par_1_104' title="bbox 1886 4305 3439 4387">
     <span class='ocr_line' id='line_1_104' title="bbox 1886 4305 3439 4387; baseline 0.01 -27"><span class='ocrx_word' id='word_1_731' title='bbox 1886 4305 2022 4371; x_wconf 81' lang='lat' dir='ltr'><strong>fore,</strong></span> <span class='ocrx_word' id='word_1_732' title='bbox 2057 4307 2220 4376; x_wconf 77' lang='lat'><strong>892</strong></span> <span class='ocrx_word' id='word_1_733' title='bbox 2250 4316 2309 4361; x_wconf 92' lang='lat' dir='ltr'><strong>ut</strong></span> <span class='ocrx_word' id='word_1_734' title='bbox 2341 4310 2386 4364; x_wconf 89' lang='lat' dir='ltr'><strong>si</strong></span> <span class='ocrx_word' id='word_1_735' title='bbox 2414 4311 2596 4377; x_wconf 88' lang='lat' dir='ltr'><strong>priora</strong></span> <span class='ocrx_word' id='word_1_736' title='bbox 2630 4309 2817 4369; x_wconf 89' lang='lat' dir='ltr'><strong>rursus</strong></span> <span class='ocrx_word' id='word_1_737' title='bbox 2842 4319 3208 4386; x_wconf 79' lang='lat' dir='ltr'><strong>aggrediunda</strong></span> <span class='ocrx_word' id='word_1_738' title='bbox 3235 4321 3439 4387; x_wconf 78' lang='lat' dir='ltr'><strong>forent,</strong></span> 
     </span>
    </p>
   </div>
   <div class='ocr_carea' id='block_1_105' title="bbox 1886 4399 3443 4477">
    <p class='ocr_par' dir='ltr' id='par_1_105' title="bbox 1886 4399 3443 4477">
     <span class='ocr_line' id='line_1_105' title="bbox 1886 4399 3443 4477; baseline 0.013 -29"><span class='ocrx_word' id='word_1_739' title='bbox 1886 4407 2140 4467; x_wconf 89' lang='lat' dir='ltr'><strong>potenter</strong></span> <span class='ocrx_word' id='word_1_740' title='bbox 2172 4399 2241 4453; x_wconf 86' lang='lat' dir='ltr'><strong>ab</strong></span> <span class='ocrx_word' id='word_1_741' title='bbox 2294 4415 2361 4454; x_wconf 90' lang='lat' dir='ltr'><strong>eo</strong></span> <span class='ocrx_word' id='word_1_742' title='bbox 2410 4402 2783 4477; x_wconf 39' lang='lat' dir='ltr'><strong>‘adjuvaretur.</strong></span> <span class='ocrx_word' id='word_1_743' title='bbox 2842 4407 3012 4477; x_wconf 90' lang='lat' dir='ltr'><strong>Capto</strong></span> <span class='ocrx_word' id='word_1_744' title='bbox 3065 4411 3167 4465; x_wconf 88' lang='lat' dir='ltr'><strong>hoc</strong></span> <span class='ocrx_word' id='word_1_745' title='bbox 3213 4417 3443 4470; x_wconf 87' lang='lat' dir='ltr'><strong>consilio</strong></span> 
     </span>
    </p>
   </div>
   <div class='ocr_carea' id='block_1_106' title="bbox 1885 4471 3441 4571">
    <p class='ocr_par' dir='ltr' id='par_1_106' title="bbox 1885 4471 3441 4571">
     <span class='ocr_line' id='line_1_106' title="bbox 1885 4471 3441 4571; baseline 0.01 -28"><span class='ocrx_word' id='word_1_746' title='bbox 1885 4489 2089 4544; x_wconf 86' lang='lat' dir='ltr'><strong>Pheras</strong></span> <span class='ocrx_word' id='word_1_747' title='bbox 2145 4506 2465 4559; x_wconf 90' lang='lat' dir='ltr'><strong>pr0perans,</strong></span> <span class='ocrx_word' id='word_1_748' title='bbox 2518 4471 2710 4548; x_wconf 71' lang='grc' dir='ltr'>πηοτὺό</span> <span class='ocrx_word' id='word_1_749' title='bbox 2764 4497 2817 4550; x_wconf 93' lang='lat' dir='ltr'><strong>in</strong></span> <span class='ocrx_word' id='word_1_750' title='bbox 2874 4500 3068 4555; x_wconf 88' lang='lat' dir='ltr'><strong>itinere</strong></span> <span class='ocrx_word' id='word_1_751' title='bbox 3121 4504 3441 4571; x_wconf 84' lang='lat' dir='ltr'><strong>implicitus,</strong></span> 
     </span>
    </p>
   </div>
   <div class='ocr_carea' id='block_1_107' title="bbox 1886 4576 3441 4661">
    <p class='ocr_par' dir='ltr' id='par_1_107' title="bbox 1886 4576 3441 4661">
     <span class='ocr_line' id='line_1_107' title="bbox 1886 4576 3441 4661; baseline 0.011 -28"><span class='ocrx_word' id='word_1_752' title='bbox 1886 4580 2071 4649; x_wconf 88' lang='lat' dir='ltr'><strong>quinis</strong></span> <span class='ocrx_word' id='word_1_753' title='bbox 2119 4591 2174 4635; x_wconf 89' lang='lat' dir='ltr'><strong>et</strong></span> <span class='ocrx_word' id='word_1_754' title='bbox 2217 4583 2424 4637; x_wconf 90' lang='lat' dir='ltr'><strong>vicenis</strong></span> <span class='ocrx_word' id='word_1_755' title='bbox 2450 4583 2646 4638; x_wconf 89' lang='lat' dir='ltr'><strong>diebus</strong></span> <span class='ocrx_word' id='word_1_756' title='bbox 2666 4576 3047 4643; x_wconf 70' lang='lat' dir='ltr'><strong>imbecillitate</strong></span> <span class='ocrx_word' id='word_1_757' title='bbox 3068 4598 3314 4661; x_wconf 84' lang='lat' dir='ltr'><strong>corporis</strong></span> <span class='ocrx_word' id='word_1_758' title='bbox 3340 4598 3441 4649; x_wconf 83' lang='lat' dir='ltr'><strong>im-</strong></span> 
     </span>
    </p>
   </div>
   <div class='ocr_carea' id='block_1_108' title="bbox 1889 4673 3442 4742">
    <p class='ocr_par' dir='ltr' id='par_1_108' title="bbox 1889 4673 3442 4742">
     <span class='ocr_line' id='line_1_108' title="bbox 1889 4673 3442 4742; baseline 0.01 -17"><span class='ocrx_word' id='word_1_759' title='bbox 1889 4673 2106 4739; x_wconf 89' lang='lat' dir='ltr'><strong>peditus</strong></span> <span class='ocrx_word' id='word_1_760' title='bbox 2135 4683 2239 4738; x_wconf 91' lang='lat' dir='ltr'><strong>est,</strong></span> <span class='ocrx_word' id='word_1_761' title='bbox 2276 4688 2342 4727; x_wconf 89' lang='lat' dir='ltr'><strong>ne</strong></span> <span class='ocrx_word' id='word_1_762' title='bbox 2370 4688 2438 4728; x_wconf 91' lang='lat' dir='ltr'><strong>eo</strong></span> <span class='ocrx_word' id='word_1_763' title='bbox 2469 4679 2794 4742; x_wconf 80' lang='lat' dir='ltr'><strong>perveniret.</strong></span> <span class='ocrx_word' id='word_1_764' title='bbox 2829 4680 2930 4733; x_wconf 80' lang='lat' dir='ltr'><strong>Per</strong></span> <span class='ocrx_word' id='word_1_765' title='bbox 2964 4681 3063 4735; x_wconf 88' lang='lat' dir='ltr'><strong>hos</strong></span> <span class='ocrx_word' id='word_1_766' title='bbox 3092 4684 3208 4738; x_wconf 88' lang='lat' dir='ltr'><strong>dies</strong></span> <span class='ocrx_word' id='word_1_767' title='bbox 3239 4687 3442 4740; x_wconf 65' lang='lat' dir='ltr'><strong>Pilia!&quot;-</strong></span> 
     </span>
    </p>
   </div>
   <div class='ocr_carea' id='block_1_109' title="bbox 1885 4760 3440 4834">
    <p class='ocr_par' dir='ltr' id='par_1_109' title="bbox 1885 4760 3440 4834">
     <span class='ocr_line' id='line_1_109' title="bbox 1885 4760 3440 4834; baseline 0.012 -20"><span class='ocrx_word' id='word_1_768' title='bbox 1885 4760 2043 4831; x_wconf 89' lang='lat' dir='ltr'><strong>logus</strong></span> <span class='ocrx_word' id='word_1_769' title='bbox 2069 4764 2367 4831; x_wconf 87' lang='lat' dir='ltr'><strong>imperator</strong></span> <span class='ocrx_word' id='word_1_770' title='bbox 2398 4776 2620 4834; x_wconf 81' lang='lat' dir='ltr'><strong>prOpter</strong></span> <span class='ocrx_word' id='word_1_771' title='bbox 2660 4767 2925 4823; x_wconf 82' lang='lat' dir='ltr'><strong>Orebanis</strong></span> <span class='ocrx_word' id='word_1_772' title='bbox 2958 4772 3125 4826; x_wconf 85' lang='lat' dir='ltr'><strong>ﬁlium</strong></span> <span class='ocrx_word' id='word_1_773' title='bbox 3159 4776 3224 4827; x_wconf 89' lang='lat' dir='ltr'><strong>ad</strong></span> <span class='ocrx_word' id='word_1_774' title='bbox 3264 4776 3440 4833; x_wconf 74' lang='lat' dir='ltr'><strong>Tene-</strong></span> 
     </span>
    </p>
   </div>
   <div class='ocr_carea' id='block_1_110' title="bbox 1884 4852 3439 4924">
    <p class='ocr_par' dir='ltr' id='par_1_110' title="bbox 1884 4852 3439 4924">
     <span class='ocr_line' id='line_1_110' title="bbox 1884 4852 3439 4924; baseline 0.012 -18"><span class='ocrx_word' id='word_1_775' title='bbox 1884 4852 2013 4906; x_wconf 90' lang='lat' dir='ltr'><strong>dum</strong></span> <span class='ocrx_word' id='word_1_776' title='bbox 2059 4854 2370 4908; x_wconf 85' lang='lat' dir='ltr'><strong>triremibus</strong></span> <span class='ocrx_word' id='word_1_777' title='bbox 2408 4857 2731 4922; x_wconf 85' lang='lat' dir='ltr'><strong>subsistens,</strong></span> <span class='ocrx_word' id='word_1_778' title='bbox 2770 4868 2827 4912; x_wconf 87' lang='grc' dir='ltr'><strong>ιιι</strong></span> <span class='ocrx_word' id='word_1_779' title='bbox 2858 4862 2923 4914; x_wconf 92' lang='lat' dir='ltr'><strong>de</strong></span> <span class='ocrx_word' id='word_1_780' title='bbox 2951 4861 3184 4917; x_wconf 63' lang='lat' dir='ltr'><strong>Matthaﬂ</strong></span> <span class='ocrx_word' id='word_1_781' title='bbox 3224 4866 3439 4924; x_wconf 73' lang='lat' dir='ltr'><strong>fortuna</strong></span> 
     </span>
    </p>
   </div>
   <div class='ocr_carea' id='block_1_111' title="bbox 1885 4941 3437 5010">
    <p class='ocr_par' dir='ltr' id='par_1_111' title="bbox 1885 4941 3437 5010">
     <span class='ocr_line' id='line_1_111' title="bbox 1885 4941 3437 5010; baseline 0.01 -16"><span class='ocrx_word' id='word_1_782' title='bbox 1885 4941 2069 4995; x_wconf 78' lang='lat' dir='ltr'><strong>factus</strong></span> <span class='ocrx_word' id='word_1_783' title='bbox 2094 4953 2176 4995; x_wconf 91' lang='lat' dir='ltr'><strong>est</strong></span> <span class='ocrx_word' id='word_1_784' title='bbox 2205 4944 2431 5010; x_wconf 91' lang='lat' dir='ltr'><strong>certior,</strong></span> <span class='ocrx_word' id='word_1_785' title='bbox 2463 4947 2674 4999; x_wconf 87' lang='lat' dir='ltr'><strong>solvere</strong></span> <span class='ocrx_word' id='word_1_786' title='bbox 2703 4951 3014 5003; x_wconf 87' lang='lat' dir='ltr'><strong>maturavit.</strong></span> <span class='ocrx_word' id='word_1_787' title='bbox 3044 4952 3437 5009; x_wconf 76' lang='lat' dir='ltr'><strong>Peritheorium</strong></span> 
     </span>
    </p>
   </div>
   <div class='ocr_carea' id='block_1_112' title="bbox 1886 5032 3437 5108">
    <p class='ocr_par' dir='ltr' id='par_1_112' title="bbox 1886 5032 3437 5108">
     <span class='ocr_line' id='line_1_112' title="bbox 1886 5032 3437 5108; baseline 0.011 -25"><span class='ocrx_word' id='word_1_788' title='bbox 1886 5033 2055 5093; x_wconf 80' lang='lat' dir='ltr'><strong>venit,</strong></span> <span class='ocrx_word' id='word_1_789' title='bbox 2104 5032 2339 5101; x_wconf 81' lang='lat' dir='ltr'><strong>indeque</strong></span> <span class='ocrx_word' id='word_1_790' title='bbox 2380 5034 2736 5099; x_wconf 78' lang='lat' dir='ltr'><strong>Cumutzena,</strong></span> <span class='ocrx_word' id='word_1_791' title='bbox 2787 5040 2932 5105; x_wconf 89' lang='lat' dir='ltr'><strong>quod</strong></span> <span class='ocrx_word' id='word_1_792' title='bbox 2985 5042 3241 5108; x_wconf 73' lang='lat' dir='ltr'><strong>Oppidum</strong></span> <span class='ocrx_word' id='word_1_793' title='bbox 3294 5046 3437 5100; x_wconf 88' lang='lat' dir='ltr'><strong>haud</strong></span> 
     </span>
    </p>
   </div>
   <div class='ocr_carea' id='block_1_113' title="bbox 1886 5121 3436 5195">
    <p class='ocr_par' dir='ltr' id='par_1_113' title="bbox 1886 5121 3436 5195">
     <span class='ocr_line' id='line_1_113' title="bbox 1886 5121 3436 5195; baseline 0.008 -21"><span class='ocrx_word' id='word_1_794' title='bbox 1886 5121 2074 5174; x_wconf 60' lang='lat' dir='ltr'><strong>noli-ns</strong></span> <span class='ocrx_word' id='word_1_795' title='bbox 2103 5137 2161 5175; x_wconf 90' lang='lat' dir='ltr'><strong>se</strong></span> <span class='ocrx_word' id='word_1_796' title='bbox 2187 5121 2413 5175; x_wconf 86' lang='lat' dir='ltr'><strong>dedidit.</strong></span> <span class='ocrx_word' id='word_1_797' title='bbox 2443 5122 2634 5177; x_wconf 88' lang='lat' dir='ltr'><strong>Postea</strong></span> <span class='ocrx_word' id='word_1_798' title='bbox 2659 5134 2712 5177; x_wconf 90' lang='lat' dir='ltr'><strong>et</strong></span> <span class='ocrx_word' id='word_1_799' title='bbox 2739 5124 3191 5195; x_wconf 83' lang='lat' dir='ltr'><strong>Gratianopolim,</strong></span> <span class='ocrx_word' id='word_1_800' title='bbox 3225 5130 3436 5187; x_wconf 84' lang='lat' dir='ltr'><strong>civibus</strong></span> 
     </span>
    </p>
   </div>
   <div class='ocr_carea' id='block_1_114' title="bbox 1883 5214 3439 5288">
    <p class='ocr_par' dir='ltr' id='par_1_114' title="bbox 1883 5214 3439 5288">
     <span class='ocr_line' id='line_1_114' title="bbox 1883 5214 3439 5288; baseline 0.008 -26"><span class='ocrx_word' id='word_1_801' title='bbox 1883 5225 2007 5263; x_wconf 89' lang='lat' dir='ltr'><strong>eum</strong></span> <span class='ocrx_word' id='word_1_802' title='bbox 2047 5219 2293 5278; x_wconf 84' lang='lat' dir='ltr'><strong>prOInple</strong></span> <span class='ocrx_word' id='word_1_803' title='bbox 2343 5221 2396 5265; x_wconf 90' lang='lat' dir='ltr'><strong>et</strong></span> <span class='ocrx_word' id='word_1_804' title='bbox 2432 5214 2709 5266; x_wconf 89' lang='lat' dir='ltr'><strong>communi</strong></span> <span class='ocrx_word' id='word_1_805' title='bbox 2743 5215 2995 5281; x_wconf 87' lang='lat' dir='ltr'><strong>consilio,</strong></span> <span class='ocrx_word' id='word_1_806' title='bbox 3030 5218 3177 5271; x_wconf 88' lang='lat' dir='ltr'><strong>nulla</strong></span> <span class='ocrx_word' id='word_1_807' title='bbox 3206 5222 3439 5288; x_wconf 84' lang='lat' dir='ltr'><strong>amplius</strong></span> 
     </span>
    </p>
   </div>
   <div class='ocr_carea' id='block_1_115' title="bbox 1884 5301 3432 5389">
    <p class='ocr_par' dir='ltr' id='par_1_115' title="bbox 1884 5301 3432 5389">
     <span class='ocr_line' id='line_1_115' title="bbox 1884 5301 3432 5389; baseline 0.008 -34"><span class='ocrx_word' id='word_1_808' title='bbox 1884 5316 1976 5368; x_wconf 88' lang='lat' dir='ltr'><strong>spe</strong></span> <span class='ocrx_word' id='word_1_809' title='bbox 2018 5301 2085 5355; x_wconf 92' lang='lat' dir='ltr'><strong>de</strong></span> <span class='ocrx_word' id='word_1_810' title='bbox 2118 5302 2365 5356; x_wconf 73' lang='lat' dir='ltr'><strong>Matthaeo</strong></span> <span class='ocrx_word' id='word_1_811' title='bbox 2394 5303 2608 5384; x_wconf 64' lang='lat' dir='ltr'><strong>relicta,</strong></span> <span class='ocrx_word' id='word_1_812' title='bbox 2654 5305 3075 5373; x_wconf 82' lang='lat' dir='ltr'><strong>accipientibus,</strong></span> <span class='ocrx_word' id='word_1_813' title='bbox 3104 5313 3432 5389; x_wconf 56' lang='lat' dir='ltr'><strong>occupavit:</strong></span> 
     </span>
    </p>
   </div>
   <div class='ocr_carea' id='block_1_116' title="bbox 1884 5376 3437 5463">
    <p class='ocr_par' dir='ltr' id='par_1_116' title="bbox 1884 5376 3437 5463">
     <span class='ocr_line' id='line_1_116' title="bbox 1884 5376 3437 5463; baseline 0.008 -16"><span class='ocrx_word' id='word_1_814' title='bbox 1884 5392 1937 5447; x_wconf 91' lang='lat' dir='ltr'><strong>in</strong></span> <span class='ocrx_word' id='word_1_815' title='bbox 1967 5408 2071 5461; x_wconf 89' lang='lat' dir='ltr'><strong>qua</strong></span> <span class='ocrx_word' id='word_1_816' title='bbox 2095 5403 2149 5446; x_wconf 85' lang='lat' dir='ltr'><strong>et</strong></span> <span class='ocrx_word' id='word_1_817' title='bbox 2171 5376 2488 5462; x_wconf 74' lang='lat' dir='ltr'><strong>imperatrix</strong></span> <span class='ocrx_word' id='word_1_818' title='bbox 2510 5393 2685 5457; x_wconf 86' lang='lat' dir='ltr'><strong>lrene,</strong></span> <span class='ocrx_word' id='word_1_819' title='bbox 2713 5397 2950 5452; x_wconf 67' lang='lat' dir='ltr'><strong>Mattbazi</strong></span> <span class='ocrx_word' id='word_1_820' title='bbox 2978 5415 3133 5463; x_wconf 81' lang='lat' dir='ltr'><strong>uxor,</strong></span> <span class='ocrx_word' id='word_1_821' title='bbox 3158 5376 3279 5456; x_wconf 73' lang='lat' dir='ltr'><strong>eum</strong></span> <span class='ocrx_word' id='word_1_822' title='bbox 3298 5404 3437 5459; x_wconf 85' lang='lat' dir='ltr'><strong>duo-</strong></span> 
     </span>
    </p>
   </div>
   <div class='ocr_carea' id='block_1_117' title="bbox 1884 5483 3435 5563">
    <p class='ocr_par' dir='ltr' id='par_1_117' title="bbox 1884 5483 3435 5563">
     <span class='ocr_line' id='line_1_117' title="bbox 1884 5483 3435 5563; baseline 0.008 -26"><span class='ocrx_word' id='word_1_823' title='bbox 1884 5483 1985 5537; x_wconf 87' lang='lat' dir='ltr'><strong>bus</strong></span> <span class='ocrx_word' id='word_1_824' title='bbox 2034 5483 2159 5537; x_wconf 85' lang='lat' dir='ltr'><strong>iiliis</strong></span> <span class='ocrx_word' id='word_1_825' title='bbox 2208 5484 2540 5553; x_wconf 87' lang='lat' dir='ltr'><strong>totidemque</strong></span> <span class='ocrx_word' id='word_1_826' title='bbox 2585 5486 2798 5542; x_wconf 84' lang='lat' dir='ltr'><strong>ﬁliabus</strong></span> <span class='ocrx_word' id='word_1_827' title='bbox 2863 5502 3017 5559; x_wconf 91' lang='lat' dir='ltr'><strong>capta</strong></span> <span class='ocrx_word' id='word_1_828' title='bbox 3064 5503 3149 5546; x_wconf 90' lang='lat' dir='ltr'><strong>est</strong></span> <span class='ocrx_word' id='word_1_829' title='bbox 3227 5494 3435 5563; x_wconf 87' lang='lat' dir='ltr'><strong>(Theo-</strong></span> 
     </span>
    </p>
   </div>
   <div class='ocr_carea' id='block_1_118' title="bbox 1881 5573 3433 5651">
    <p class='ocr_par' dir='ltr' id='par_1_118' title="bbox 1881 5573 3433 5651">
     <span class='ocr_line' id='line_1_118' title="bbox 1881 5573 3433 5651; baseline 0.01 -25"><span class='ocrx_word' id='word_1_830' title='bbox 1881 5574 2013 5626; x_wconf 87' lang='lat' dir='ltr'><strong>dora</strong></span> <span class='ocrx_word' id='word_1_831' title='bbox 2041 5574 2187 5626; x_wconf 85' lang='lat' dir='ltr'><strong>enim</strong></span> <span class='ocrx_word' id='word_1_832' title='bbox 2233 5573 2417 5627; x_wconf 87' lang='lat' dir='ltr'><strong>senior</strong></span> <span class='ocrx_word' id='word_1_833' title='bbox 2464 5575 2592 5641; x_wconf 73' lang='lat' dir='ltr'><strong>filia,</strong></span> <span class='ocrx_word' id='word_1_834' title='bbox 2623 5579 2767 5645; x_wconf 88' lang='lat' dir='ltr'><strong>apud</strong></span> <span class='ocrx_word' id='word_1_835' title='bbox 2807 5580 2981 5635; x_wconf 87' lang='lat' dir='ltr'><strong>aviam</strong></span> <span class='ocrx_word' id='word_1_836' title='bbox 3012 5593 3290 5651; x_wconf 89' lang='lat' dir='ltr'><strong>paternam</strong></span> <span class='ocrx_word' id='word_1_837' title='bbox 3325 5585 3433 5641; x_wconf 76' lang='lat' dir='ltr'><strong>Eu-</strong></span> 
     </span>
    </p>
   </div>
   <div class='ocr_carea' id='block_1_119' title="bbox 1879 5666 3435 5741">
    <p class='ocr_par' dir='ltr' id='par_1_119' title="bbox 1879 5666 3435 5741">
     <span class='ocr_line' id='line_1_119' title="bbox 1879 5666 3435 5741; baseline 0.012 -25"><span class='ocrx_word' id='word_1_838' title='bbox 1879 5667 2090 5734; x_wconf 80' lang='lat' dir='ltr'><strong>geniam</strong></span> <span class='ocrx_word' id='word_1_839' title='bbox 2141 5666 2381 5733; x_wconf 85' lang='lat' dir='ltr'><strong>Byzantii</strong></span> <span class='ocrx_word' id='word_1_840' title='bbox 2414 5668 2790 5738; x_wconf 86' lang='lat' dir='ltr'><strong>educabatur),</strong></span> <span class='ocrx_word' id='word_1_841' title='bbox 2835 5688 2975 5741; x_wconf 87' lang='lat' dir='ltr'><strong>quos</strong></span> <span class='ocrx_word' id='word_1_842' title='bbox 3023 5676 3334 5732; x_wconf 89' lang='lat' dir='ltr'><strong>humaniter</strong></span> <span class='ocrx_word' id='word_1_843' title='bbox 3376 5690 3435 5734; x_wconf 85' lang='lat' dir='ltr'><strong>et</strong></span> 
     </span>
    </p>
   </div>
   <div class='ocr_carea' id='block_1_120' title="bbox 1883 5757 3426 5837">
    <p class='ocr_par' dir='ltr' id='par_1_120' title="bbox 1883 5757 3426 5837">
     <span class='ocr_line' id='line_1_120' title="bbox 1883 5757 3426 5837; baseline 0.008 -29"><span class='ocrx_word' id='word_1_844' title='bbox 1883 5758 2087 5824; x_wconf 82' lang='lat' dir='ltr'><strong>absque</strong></span> <span class='ocrx_word' id='word_1_845' title='bbox 2117 5758 2222 5809; x_wconf 89' lang='lat' dir='ltr'><strong>ulla</strong></span> <span class='ocrx_word' id='word_1_846' title='bbox 2257 5757 2453 5826; x_wconf 84' lang='lat' dir='ltr'><strong>injuria</strong></span> <span class='ocrx_word' id='word_1_847' title='bbox 2487 5768 2769 5822; x_wconf 83' lang='lat' dir='ltr'><strong>tractatos,</strong></span> <span class='ocrx_word' id='word_1_848' title='bbox 2804 5779 2865 5818; x_wconf 87' lang='lat' dir='ltr'><strong>ac</strong></span> <span class='ocrx_word' id='word_1_849' title='bbox 2888 5767 3034 5819; x_wconf 86' lang='lat' dir='ltr'><strong>nulla</strong></span> <span class='ocrx_word' id='word_1_850' title='bbox 3068 5784 3144 5828; x_wconf 89' lang='lat' dir='ltr'><strong>re.</strong></span> <span class='ocrx_word' id='word_1_851' title='bbox 3180 5770 3260 5821; x_wconf 81' lang='lat' dir='ltr'><strong>vel</strong></span> <span class='ocrx_word' id='word_1_852' title='bbox 3294 5771 3426 5837; x_wconf 77' lang='lat' dir='ltr'><strong>ipsa,</strong></span> 
     </span>
    </p>
   </div>
   <div class='ocr_carea' id='block_1_121' title="bbox 1882 5847 3427 5925">
    <p class='ocr_par' dir='ltr' id='par_1_121' title="bbox 1882 5847 3427 5925">
     <span class='ocr_line' id='line_1_121' title="bbox 1882 5847 3427 5925; baseline 0.01 -25"><span class='ocrx_word' id='word_1_853' title='bbox 1882 5848 1963 5902; x_wconf 79' lang='lat' dir='ltr'><strong>vel</strong></span> <span class='ocrx_word' id='word_1_854' title='bbox 2004 5847 2315 5903; x_wconf 76' lang='lat' dir='ltr'><strong>domesticis</strong></span> <span class='ocrx_word' id='word_1_855' title='bbox 2346 5848 2465 5919; x_wconf 89' lang='lat' dir='ltr'><strong>ejus</strong></span> <span class='ocrx_word' id='word_1_856' title='bbox 2489 5852 2753 5925; x_wconf 74' lang='lat' dir='ltr'><strong>spoliatis,</strong></span> <span class='ocrx_word' id='word_1_857' title='bbox 2790 5853 3065 5912; x_wconf 84' lang='lat' dir='ltr'><strong>Tenedum</strong></span> <span class='ocrx_word' id='word_1_858' title='bbox 3096 5860 3427 5915; x_wconf 78' lang='lat' dir='ltr'><strong>amandavit.</strong></span> 
     </span>
    </p>
   </div>
  </div>
