4218 6446
3947 434 4045 469 *ιιι

787 410 894 473 343
1986 416 2311 478 JOANNIS
2349 418 2880 484 CANTACUZENI
3946 434 4053 500 214

804 528 1069 600 χρῆσθαι,
1112 528 1207 582 καὶ
1243 529 1437 599 μικρὶν
1505 529 1730 599 ὕστερον
1759 529 2018 586 ἀπολύειν
2077 532 2185 587 τῶν
2215 534 2451 605 δεσμῶν.
2502 537 2718 607 Ἀφῆκα
2740 539 2784 592 δ’
2824 541 2890 594 ἂν
2918 543 3012 595 καὶ
3039 542 3154 607 νῦν,
3208 545 3255 599 εί
3304 547 3377 618 μὴ
3421 546 3522 616 τὴν
3565 548 3658 601 ἐπὶ
3705 548 3762 601 τὸ
3810 552 4048 621 χρῆσθαι

784 624 898 684 τοίς
934 622 1257 693 πράγμασιν
1302 624 1729 692 ἀπερισκέπτως
1778 624 1930 695 παρὰ
1984 625 2102 680 τῶν
2153 627 2366 680 πολλῶν
2409 628 2737 686 ὑπώπτευον
2805 638 3049 705 γραφήν.
3087 638 3302 707 Μικρὸν
3361 640 3417 692 δὲ
3452 641 3676 709 ’ύστερον
3705 641 3777 705 ὡς
3810 643 3875 695 ἂν
3931 644 4047 713 μετ’

784 713 1073 779 εὐϐουλίας
1104 718 1198 769 καὶ
1232 716 1515 785 φροντίδος
1542 717 1686 770 δοκῶ
1753 719 1854 787 μὲν
1892 719 2070 772 πάντα
2134 722 2419 790 πράττειν,
2461 724 2648 794 ἀνήσω
2673 727 2781 778 τῶν
2809 729 3046 798 δεσμῶν.
3081 727 3317 784 Τοιαῦτα
3347 732 3447 801 μὲν
3483 733 3849 799 Παλαιολὸγος
3894 736 3921 786 ὁ
3950 734 4049 805 βαι

785 806 968 870 σιλεὺς
995 809 1130 878 πρὸς
1162 808 1388 877 βασιλέα
1416 807 1509 862 τὸν
1539 808 1805 879 κηδεστὴν
1864 809 2235 880 ἐπηγγείλατο
2264 815 2355 865 ἐπὶ
2394 816 2452 867 τὸ
2481 814 2744 870 ἀπολύειν
2780 820 2872 872 τὸν
2907 822 3045 877 υἱόν.

2192 906 2417 963 CAPUT
2456 909 2640 965 XLVI.

789 989 1188 1070 Ca‘ntncuzenus
1308 993 1418 1070 ﬁlio
1472 1012 1575 1047 non
1633 996 1910 1070 eroculnto
1941 1001 2143 1067 gratias
2203 1002 2333 1070 agit.
2375 1002 2589 1067 Quanta
2640 1006 2694 1058 in
2753 1008 3112 1063 sollicitudine
3166 1029 3229 1065 ac
3278 1028 3499 1065 mmrore
3557 1014 3830 1065 rnnbormn
3886 1031 4047 1066 causa

854 1061 1303 1153 [νιὲιῐξίιιιδίεζηίίίι.
1347 1064 1618 1153 Quantum
1658 1068 1859 1120 sibimet
1897 1061 2208 1139 profuturus
2233 1061 2323 1136 sit,
2379 1061 2425 1125 si
2480 1077 2710 1128 vinctum
2770 1061 3220 1135 dimiseritil’otn’
3269 1098 3398 1152 pene
3428 1084 3595 1136 oratio
3629 1100 3686 1135 co
3712 1094 3941 1153 speetat,
3997 1095 4048 1137 ut

856 1133 1093 1183 custodia
1136 1132 1415 1195 Matt/treus
1445 1134 1702 1189 solvatur.

852 1223 1272 1278 Cantacuzenus
1304 1225 1389 1279 his
1428 1228 1714 1296 promissis
1744 1230 2087 1291 la-tissimus.
2113 1230 2360 1285 Primum

2542 1237 3001 1308 Καντακουζηνὸς
3044 1240 3101 1293 δὲ
3144 1241 3172 1293 ὁ
3219 1240 3496 1309 βασιλεὺς,
3544 1244 3736 1312 ἣδιστα
3769 1245 4045 1307 διατεθεὶς

783 1316 1005 1381 quidem
1048 1318 1271 1386 (inquit
1306 1320 1369 1373 ad
1413 1324 1721 1392 generum)
1765 1326 1976 1394 amplas
2036 1327 2132 1380 tibi
2166 1328 2367 1395 gratias

784 1424 905 1478 agn,
951 1409 1098 1478 quod
1144 1426 1461 1480 quanquam
1516 1415 1706 1470 multis
1768 1419 2131 1473 suadentibus
2176 1430 2230 1473 et
2268 1420 2368 1473 im-

785 1502 1142 1571 pellentibus,
1189 1513 1247 1556 ut
1286 1503 1458 1558 ﬁlium
1494 1522 1676 1560 meum
1712 1511 1888 1563 oculis
1928 1511 2176 1574 orbares,
2210 1520 2265 1565 ct
2310 1512 2364 1567 in

787 1593 839 1647 id
886 1594 1228 1663 argumentis
1264 1596 1332 1649 ad
1372 1600 1818 1665 persuadendum
1856 1604 2028 1658 ﬁrmis
2060 1606 2364 1668 utentibus,

780 1686 945 1754 895
977 1695 1029 1737 tu
1063 1686 1331 1755 sapientia
1374 1700 1430 1743 et
1462 1690 1706 1747 bonitate
1762 1704 1850 1748 tua
1885 1696 2033 1750 velut
2068 1712 2167 1766 pro
2189 1700 2365 1752 amico

782 1776 1039 1842 plurimis
1071 1779 1191 1846 ejus
1226 1779 1559 1835 adversariis
1600 1792 1651 1836 te
1695 1798 2003 1853 opponens,
2037 1789 2247 1841 salvum
2282 1790 2365 1842 in-

784 1868 1169 1939 Columemqtle
1216 1874 1581 1927 censet-varis.
1616 1875 1821 1930 Deinde
1860 1888 1912 1931 ct
1947 1879 2091 1933 Deus
2127 1881 2194 1935 de
2224 1883 2365 1937 cmlo

784 1958 855 2011 ob
892 1958 1031 2012 hanc
1065 1962 1375 2029 aequitatem
1418 1973 1474 2017 ct
1532 1969 2013 2023 mansuetudinem
2048 1988 2149 2041 pro
2198 1988 2265 2027 eo
2302 1990 2366 2028 ac

787 2052 1019 2107 mereris
1064 2062 1114 2105 te
1166 2056 1637 2122 remunerabitur,
1684 2069 1740 2113 et
1788 2062 1922 2114 mihi
1973 2062 2096 2117 imis
2147 2079 2366 2133 semper

784 2145 1040 2199 medullis
1094 2146 1318 2200 inﬁxum
1371 2148 1478 2203 erit
1526 2149 1631 2204 hoc
1682 2151 2031 2207 beneficium.
2095 2155 2363 2223 Equidem

784 2234 929 2289 bello
971 2237 1114 2290 inter
1147 2254 1242 2291 vos
1290 2240 1557 2307 gliscente
1593 2243 1779 2297 multis
1814 2245 2062 2312 iactabar
2098 2248 2359 2302 sollicitu-

782 2327 1009 2382 diuibus
1054 2330 1323 2398 quotidie,
1374 2340 1429 2385 et
1470 2332 1523 2386 in
1564 2332 1915 2391 incommoda
1963 2339 2209 2407 quazdam
2247 2357 2368 2410 gra-

782 2421 1008 2475 vissima
1069 2424 1385 2478 necessario
1450 2425 1854 2483 devolvendum
1921 2447 2008 2485 me
2080 2433 2363 2489 timebam.

788 2512 921 2569 Nam
954 2517 1004 2569 iu
1035 2519 1247 2571 ca'teris
1276 2518 1532 2571 omnibus
1566 2521 1934 2590 utriseunque
1975 2524 2121 2577 inter
2162 2539 2221 2579 se
2267 2541 2368 2593 pu-

788 2609 1073 2677 gnantium
1137 2610 1439 2675 adhaerens,
1491 2623 1583 2665 aut
1630 2615 1893 2682 gratulari
1939 2615 2123 2680 datur,
2176 2618 2218 2670 si
2286 2618 2365 2671 vi-

788 2701 1005 2766 cerint,
1056 2711 1151 2756 aut
1199 2701 1487 2756 infortunii
1543 2720 1664 2760 esse
1722 2708 2067 2775 participem,
2132 2709 2175 2763 si
2234 2710 2363 2764 victi

788 2793 1011 2846 fuerint.
1050 2795 1118 2847 At
1150 2809 1279 2847 vero
1313 2796 1472 2867 patri,
1508 2797 1634 2851 ﬁliis
1669 2798 1814 2852 inter
1841 2814 1897 2853 se
1925 2799 2361 2864 deccrtantibus,

784 2884 1008 2937 unicum
1052 2885 1183 2939 illud
1244 2888 1499 2941 solatium
1555 2889 1916 2958 relinquitur,
1968 2892 2012 2945 si
2057 2895 2224 2947 armis
2274 2894 2367 2947 ab-

780 2977 965 3044 jectis,
1000 2980 1064 3030 ad
1093 2994 1281 3047 pacem
1318 2995 1375 3034 se
1408 2982 1560 3044 dent,
1594 2991 1649 3035 et
1676 2983 1816 3036 alter
1846 2984 2003 3038 alteri
2036 2986 2173 3039 bene
2210 2988 2367 3041 velit.

785 3067 882 3121 Sin
932 3085 1028 3124 eos
1076 3071 1258 3126 redire
1296 3088 1483 3126 secum
1520 3075 1573 3127 in
1608 3075 1838 3143 gratiam
1885 3078 2024 3131 nolle
2066 3079 2268 3141 videat.
2310 3088 2365 3134 et

785 3164 932 3218 ferro
983 3168 1174 3233 magis.
1222 3184 1387 3236 quam
1438 3170 1625 3223 verbis
1681 3171 1871 3225 conari
1932 3171 2091 3226 ﬁnire
2138 3185 2360 3227 contro-

783 3259 1016 3319 versias,
1084 3260 1220 3312 nihil
1264 3269 1348 3314 est
1397 3262 1545 3330 quod
1598 3261 1841 3315 dolorem
1894 3273 1948 3316 et
1996 3264 2361 3319 calamitatem

784 3350 903 3418 ejus
933 3350 1180 3419 mitigare
1241 3366 1304 3404 ac
1347 3351 1531 3406 levare
1572 3364 1758 3421 queat.
1796 3354 2010 3409 Utervis
2045 3358 2189 3409 enim
2230 3356 2365 3411 ﬁlio-

785 3458 906 3495 rum
943 3443 1158 3506 vicerit,
1212 3459 1320 3497 non
1376 3452 1586 3497 tantum
1638 3445 1928 3506 rccreabit,
1973 3447 2063 3515 qui
2116 3459 2365 3503 servatus

788 3535 976 3597 fuerit,
1007 3546 1274 3603 quantum
1328 3536 1622 3598 cruciabit,
1664 3537 1758 3605 qui
1816 3538 2037 3591 fratrem
2078 3540 2360 3609 jugularit.

783 3625 939 3691 Quod
968 3626 1009 3679 si
1043 3627 1335 3697 contigerit
1367 3628 1531 3681 etiam
1573 3629 1765 3682 ambos
1802 3631 2005 3683 mutuis
2041 3632 2364 3688 vulneribus

785 3735 1046 3792 Oppetere
1122 3724 1304 3793 (quod
1381 3734 1435 3779 et
1496 3725 1623 3779 olim
1691 3725 2021 3794 quibusdam
2092 3729 2359 3784 accidisse

782 3816 1040 3885 legimus)
1070 3817 1213 3887 (l5),
1248 3828 1360 3871 tum
1387 3834 1516 3872 vero
1550 3827 1732 3873 tantus
1759 3818 2009 3873 hauritur
2038 3836 2263 3886 mceror,
2308 3831 2364 3877 et

3968 1276 4042 1307 ιη,

2474 1328 2611 1395 πρὸς
2642 1330 2741 1392 τὰς
2775 1331 3129 1398 ἐπαγγελίας,
3175 1332 3374 1400 Πρῶτα
3409 1334 3527 1402 μὲν,
3571 1328 3687 1385 εἷπε
3722 1336 3859 1403 πρὸς
3893 1336 4049 1403 βασι·

2471 1416 2567 1469 λέα
2596 1418 2686 1470 τὸν
2705 1420 2976 1489 γαμϐρὸν,
2999 1422 3200 1485 πολλὰς
3228 1424 3391 1486 αὐτός
3421 1441 3500 1476 σοι
3528 1426 3758 1493 χάριτας
3778 1428 4046 1495 ὀμίιλθγῶι

2469 1508 2552 1561 ὅτι
2605 1511 2783 1562 καίτοι
2819 1511 3033 1566 πολλῶν
3075 1514 3464 1583 ἐπικειμένων,
3507 1518 3599 1569 καὶ
3634 1519 4049 1586 παραινούντων

2470 1597 2872 1666 ἐκτυφλώττειν
2918 1601 3009 1654 τὸν
3043 1603 3178 1669 υἱὸν,
3230 1605 3321 1658 καὶ
3372 1605 3578 1675 πολλήν
3623 1624 3746 1660 τινα
3790 1609 4048 1677 ἐχούσαις

2467 1688 2567 1758 τὴν
2600 1690 2773 1742 πειθὼ
2823 1692 3127 1761 χρωμένων
3173 1695 3539 1761 ἀποδείξεσιν,
3592 1691 3676 1757 αἷς
3722 1699 3817 1748 καὶ
3871 1698 4048 1749 πάντα

2469 1780 2712 1834 ὁντινοῦν
2744 1781 2811 1835 ἂν
2841 1782 3064 1837 ἔπεισαν
3091 1788 3212 1848 ταῖς
3249 1790 3642 1856 παραινέσεσιν
3675 1787 3856 1841 αὐτῶν
3884 1807 4051 1858 προσ-

2470 1872 2637 1943 έχειν,
2690 1875 2853 1939 αὐτὸς
2906 1876 3185 1949 ἐπιεικείᾳ
3232 1880 3401 1949 πολλῇ
3448 1882 3794 1950 χρησάμενος
3830 1884 3925 1934 καὶ
3960 1884 4050 1934 εύ-

2469 1966 2660 2038 δουλίᾳ
2710 1968 2805 2020 καὶ
2854 1968 3093 2034 συνέσει,
3166 1970 3305 2024 σῶον
3348 1973 3693 2042 διετήρησας,
3745 1976 3935 2043 ὥσπερ
3988 1976 4048 2028 ἂν

2471 2059 2611 2128 ὑπὲρ
2638 2059 2792 2128 φίλου
2828 2061 2963 2130 πρὸς
2998 2061 3287 2126 πλείστους
3316 2065 3441 2126 τοὺς
3480 2066 4048 2134 ἀντικαθισταμένους

2469 2153 2883 2223 ἀγωνισάμενος
2943 2154 3084 2223 ὑπὲρ
3139 2155 3385 2207 ἐκείνου·
3440 2156 3633 2209 ἔπειτα
3690 2158 3746 2209 δέ
3808 2161 3902 2212 καὶ
3952 2160 4046 2225 τῆς

2468 2246 2771 2310 ἐπιεικείας
2799 2246 3020 2317 ταύτης,
3052 2248 3145 2300 καὶ
3174 2249 3271 2317 τῆς
3298 2250 3635 2320 ἡμερότητος
3659 2250 3790 2313 Θεὸς
3820 2268 3881 2302 τε
3910 2252 4047 2303 ἀνω-

2470 2336 2561 2391 θεν
2595 2339 2891 2408 ἀμείψεται
2942 2340 3124 2406 ἀξίαις
3170 2341 3419 2412 δωρεαῖς,
3470 2343 3562 2395 καὶ
3605 2343 3735 2410 παρ’
3779 2345 3903 2411 ἐμοὶ
3951 2345 4047 2413 τὴν

2469 2433 2629 2501 χάριν
2663 2432 2807 2497 ἕξεις
2854 2432 3203 2502 ἀνάγραπτον
3252 2435 3307 2495 ἐς
3352 2433 3457 2489 ἀεί.
3509 2434 3649 2499 Ἐγὼ
3687 2435 3741 2487 δὲ
3782 2436 4049 2503 πρότερον

2474 2524 2575 2591 μὲν
2606 2522 2770 2592 ἡνίκα
2805 2523 2934 2591 ὑμῖν
2962 2526 2989 2576 ὁ
3019 2523 3157 2592 πρὸς
3188 2524 3453 2593 ἀλλήλους
3486 2526 3722 2594 πόλεμος
3752 2526 4045 2593 ἀνήπτετο,

2476 2615 2698 2676 πολλαῖς
2721 2615 3029 2685 ἐῦαλλόμην
3055 2617 3325 2686 ὁσημέραι
3355 2623 3473 2680 ταῖς
3512 2618 3780 2687 φροντίσι,
3811 2621 3908 2670 καὶ
3940 2620 4047 2669 6::-

2475 2711 2584 2770 νοῖς
2652 2724 2793 2760 τισιν
2854 2709 3177 2777 ἀνηκέστοις
3250 2710 3571 2763 ὑπώπτευον
3632 2711 4048 2780 περιπεσεῖσθαι

2474 2799 2793 2866 ἀναγκαίως
2816 2814 2831 2830 σ
2860 2798 2952 2851 ἐπὶ
2982 2799 3091 2869 γάρ
3118 2801 3226 2855 τῶν
3257 2802 3429 2855 ἄλλων
3457 2803 3736 2866 ἁπάντων,
3767 2803 4049 2870 ὁποτέροις

2473 2886 2538 2938 ἂν
2569 2887 2911 2955 πρόσοωνται
2939 2887 3047 2939 τῶν
3095 2888 3233 2957 πρὸς
3275 2891 3540 2961 ἀλλήλους
3579 2892 3981 2961 πολεμούντων,
4015 2894 4043 2960 ἦ

2475 2975 2799 3045 συνήδεσθαι
2848 2978 3172 3046 συμϐαίνει,
3225 2980 3290 3032 ἂν
3339 2982 3590 3043 νικῶσιν,
3636 2983 3669 3051 ἦ
3714 2982 4047 3043 τούναντίον,

2474 3072 2843 3141 συμμετέχειν
2886 3071 2984 3136 τῆς
3017 3074 3421 3143 κακοπραγίας,
3465 3073 3531 3126 ἂν
3582 3074 3859 3142 ἡττῶνται
3888 3092 3903 3105 ·
3942 3092 4047 3126 πα-

2471 3164 2660 3233 τρὶδέ,
2693 3162 3075 3233 πολεμούντων
3120 3165 3256 3235 πρὸς
3302 3166 3570 3234 ἀλλήλους
3602 3166 3711 3217 τῶν
3751 3166 3906 3230 υίῶν,
3953 3165 4049 3234 μία

2477 3256 2613 3323 μόνη
2662 3256 3009 3326 παραμυθία,
3053 3256 3112 3309 τὸ
3157 3256 3594 3319 καταλύσαντας,
3641 3258 3913 3320 λείπεται,
3958 3256 4049 3309 τὶν

2474 3349 2733 3416 πόλεμον,
2779 3350 3005 3419 εἰρήνην
3048 3350 3224 3418 ἄγειν,
3264 3352 3357 3404 καὶ
3406 3352 3659 3421 ἀλλήλοις
3690 3352 3917 3402 εὐνοεῖν.
3953 3350 4047 3401 Ἂν

2471 3440 2514 3492 δ’
2550 3440 3146 3511 ἀσυμὸάτωςνέχοντας
3190 3444 3358 3516 ὁρώῃ,
3418 3445 3513 3498 καὶ
3556 3444 3732 3513 ξίφεσι
3780 3441 4045 3511 μᾶλλονῆ

2472 3535 2649 3601 λόγοις
2694 3534 3071 3604 πειρωμένους
3127 3534 3364 3588 διαλύειν
3412 3537 3513 3597 τὰς
3560 3534 3846 3601 διαφορὰς,
3896 3532 4048 3585 οὐδέν

2474 3629 2638 3681 ἐστιὸ
2667 3628 2764 3697 τὴν
2799 3629 2976 3699 λύπην
3001 3629 3241 3683 διαλύειν
3268 3630 3471 3683 δύναιτ’
3503 3631 3567 3684 ἂν
3602 3631 3796 3699 ἐκείνῳ
3827 3628 3923 3680 καὶ
3955 3628 4051 3698 τὴν

2475 3723 2789 3789 συμφοράν.
2838 3722 3128 3791 Ὀπότερος
3173 3721 3283 3794 γὰρ
3330 3722 3395 3774 ἂν
3444 3722 3616 3792 νικῴη
3653 3722 3763 3773 τῶν
3806 3720 4045 3781 υίῶν,οὐ

2471 3814 2727 3866 τοσοῦτον
2778 3813 3043 3883 εὐφρανεῖ
3094 3815 3457 3884 περισωθεὶς,
3511 3816 3633 3867 ὅσον
3687 3814 3906 3867 ἀνιάσει
3962 3813 4047 3863 τὶν

785 3916 935 3961 tanta
989 3918 1197 3977 patrem
1250 3909 1435 3963 obruit
1479 3911 1781 3974 calamitas,
1850 3920 1907 3964 ut
1956 3911 2023 3964 ad
2079 3911 2361 3967 immensi—

2471 3890 2696 3973 ἀδελφὸν
2726 3906 3062 3969 ἀπεκτονώς.
3094 3907 3192 3959 “Av
3220 3907 3277 3960 δέ
3310 3924 3438 3959 ποτε
3481 3908 3719 3976 συμϐαίη
3750 3906 3845 3958 καὶ
3873 3911 4045 3975 ἀμφο-

784 4010 947 4054 tatem
977 4002 1096 4068 ejus
1133 4000 1394 4054 accedere
1423 4002 1558 4055 nihil
1601 4003 1792 4071 possit.
1824 4003 1954 4067 Qua:
1985 4004 2198 4073 singula
2230 4003 2361 4058 dum

782 4097 1209 4164 contemplarer,
1274 4095 1481 4150 turbari
1524 4097 1741 4151 animus
1802 4112 1956 4151 n‘ieus
2023 4104 2079 4150 et.
2140 4098 2361 4151 tristitia

780 4188 1023 4243 sull‘uudi
1064 4190 1229 4257 cmpit
1254 4205 1269 4254 ;
1296 4204 1359 4243 ac
1394 4189 1543 4243 velut
1566 4190 1814 4260 jaceutcs
1844 4199 1898 4243 et
1950 4190 2362 4261 exanimesjam

782 4282 926 4336 ﬁlios
979 4281 1191 4346 ambos,
1249 4290 1364 4343 aut,
1419 4280 1566 4350 quod
1632 4282 1815 4334 minus
1868 4281 2093 4336 crudele
2143 4291 2247 4345 est,
2283 4284 2364 4337 al-

782 4386 961 4429 terum
990 4384 1163 4437 certe,
1199 4374 1363 4427 etiam
1402 4383 1697 4443 antequam
1728 4375 1795 4427 ad
1834 4391 2029 4429 manus
2058 4376 2362 4439 veniretur,

781 4466 1072 4521 deﬂebam.
1108 4466 1218 4520 lloc
1244 4469 1388 4520 enim
1442 4466 1668 4521 credere
1708 4482 1792 4521 me
1827 4467 2077 4535 cogehat,
2119 4467 2263 4536 quod
2297 4467 2365 4521 de

782 4576 915 4630 pace
971 4561 1113 4613 inter
1164 4574 1258 4613 vos
1310 4559 1626 4627 neutiquam
1677 4559 1972 4613 convenire
2020 4574 2179 4627 posse
2240 4573 2365 4612 cer-

782 4651 1025 4714 nebam;
1075 4658 1130 4703 et
1177 4649 1324 4719 quod
1368 4649 1647 4703 obstinate
1688 4649 1766 4702 ira
1816 4659 2006 4703 mutua
2051 4649 2363 4715 ferveretis,

781 4744 1111 4812 velletisque
1156 4742 1304 4794 ferro
1356 4742 1767 4797 contentionem
1830 4742 1899 4796 de
1948 4742 2179 4811 imperio
2227 4743 2365 4796 diri-

782 4849 957 4888 mere.
1000 4832 1156 4886 Nunc
1186 4833 1315 4901 quia
1356 4833 1437 4886 sic
1482 4833 1590 4887 Deo
1615 4832 1816 4891 visum.
1860 4841 1921 4885 et
1954 4833 2104 4910 illum
2143 4833 2363 4901 quidem

782 4940 965 4995 pugna
994 4933 1186 4978 contra
1221 4922 1491 4977 Triballos
1524 4933 1764 4992 captum.
1792 4933 1955 4992 atque
1987 4939 2016 4978 a
2062 4923 2367 4977 victoribus

784 5017 882 5070 tibi
934 5015 1193 5068 traditum
1244 5014 1473 5083 benigne
1533 5014 1951 5080 humaniterqne
2013 5014 2362 5080 tractavisti,

785 5116 845 5162 et
893 5108 1029 5161 nihil
1066 5122 1169 5176 pro
1199 5106 1431 5175 pristino
1464 5108 1516 5160 in
1555 5107 1705 5160 illum
1740 5106 1866 5158 odio
1893 5106 2089 5168 fecisti,
2126 5106 2362 5174 primum

786 5200 1010 5270 quidem
1056 5201 1123 5253 de
1170 5200 1458 5267 utriusque
1508 5200 1684 5253 salute
1726 5198 1955 5252 Numini
1997 5199 2203 5267 gratias
2238 5213 2360 5264 agn,

2468 4000 2663 4066 τέρους
2696 3996 2788 4049 ὑπ’
2820 3996 3069 4066 ἀλλήλων
3119 4000 3307 4050 πεσεῖν
3349 4001 3491 4052 κατὰ
3520 3999 3618 4069 τὴν
3656 3999 3862 4067 μάχην,
3895 3999 3923 4050 ὃ
3958 4000 4049 4049 καὶ

2468 4090 2733 4160 πρότερον
2770 4090 2900 4142 ποτέ
2941 4107 3086 4143 τισιν
3135 4092 3408 4160 ἀκούομεν
3454 4091 3890 4161 συμόεὸηκέναι,
3942 4090 4046 4142 οὐδ’

2467 4183 2708 4251 ἀθυμίας
2744 4182 3052 4252 ὑπερϐολὴν
3095 4181 3357 4246 ἐλλείπει,
3404 4183 3524 4235 οὐδέ
3574 4182 3862 4250 συμφορᾶς
3895 4182 4045 4232 οὐδε-

2470 4278 2621 4346 μιᾶς.
2658 4276 2725 4327 *Α
2755 4277 2930 4329 πάντα
2966 4293 3055 4345 μοι
3110 4276 3373 4345 πρότερον
3426 4274 3693 4328 ἐννοοῦντι
3737 4275 3829 4325 καὶ
3876 4273 4043 4341 αὐτῷ,

2471 4368 2732 4437 σύγχυσις
2762 4368 2910 4433 δεινὴ
2948 4368 3043 4420 καὶ
3078 4365 3288 4434 ἀθυμία
3335 4366 3432 4436 τὴν
3464 4367 3638 4436 ψυχὴν
3675 4369 3920 4435 κατεῖχε,
3956 4366 4047 4417 καὶ

2469 4459 2659 4529 ῶσπερ
2701 4459 2991 4527 κειμένους
3045 4458 3313 4529 ἐθρήνουν
3361 4459 3485 4521 τοὺς
3539 4458 3727 4519 υἱοὺς,
3778 4463 3873 4511 καὶ
3919 4460 4047 4527 πρὶν

2471 4553 2649 4605 ἐλθεῖν
2685 4555 2764 4615 εἰς
2797 4554 3005 4623 χεῖρας,
3037 4552 3069 4622 ἢ
3111 4553 3170 4604 τό
3199 4568 3260 4617 γε
3300 4551 3686 4622 μετριώτερον,
3712 4552 3803 4604 τὸν
3833 4552 4044 4622 ἕτερον.

2470 4645 2627 4697 Οὕτω
2658 4646 2765 4714 γάρ
2796 4644 3077 4711 ἠνάγκαζε
3110 4644 3320 4695 πείθειν
3350 4647 3410 4696 τό
3438 4662 3495 4697 τε
3531 4643 3869 4711 ἀσυμϐάτως
3898 4647 4045 4715 ἔχον-

2469 4753 2563 4798 τας
2587 4737 2718 4806 ὀρᾷν
2746 4736 2889 4805 ὑμᾶς
2924 4737 3060 4804 προς
3106 4736 3207 4805 τὴν
3261 4738 3507 4807 εἰρήνην,
3549 4740 3640 4789 καὶ
3682 4736 3742 4790 τὸ
3788 4738 4049 4803 καθάπαξ

2467 4825 2604 4896 ὀργῇ
2629 4827 2762 4894 πρὸς
2798 4826 3059 4896 ἀλλήλους
3086 4827 3366 4895 φέρεσθαι,
3398 4829 3489 4880 καὶ
3520 4827 3806 4895 βούλεσθαι
3839 4832 4047 4901 σιδήρῳ

2467 4918 2564 4987 τὴν
2606 4918 2738 4987 περὶ
2769 4918 2869 4986 τῆς
2924 4918 3099 4987 ἀρχῆς
3150 4919 3482 4985 φιλονεικίαν
3519 4919 3778 4973 διαλύειν.
3817 4921 3962 4977 Νυνὶ
4002 4923 4045 4975 δ’

2467 5010 2611 5062 οὕτω
2642 5010 2927 5078 κρίναντος
2954 5010 3047 5062 τοῦ
3076 5009 3252 5072 Θείου,
3288 5010 3682 5079 κάκείνου“μέν
3704 5013 3762 5064 ἐν
3803 5016 3869 5083 τῇ
3911 5015 4044 5083 πρὶς

2467 5102 2773 5171 Τριδαλους
2799 5102 3020 5163 ἁλόντος
3048 5102 3217 5173 μάχῃ,
3246 5102 3341 5155 καὶ
3369 5104 3801 5173 παραδεδομένου
3830 5122 3917 5159 σοι
3943 5109 4048 5160 ὑπὸ

2466 5195 2575 5247 τῶν
2607 5197 3022 5263 κρατησάντων,
3059 5195 3152 5247 σοῦ
3185 5195 3241 5247 δὲ
3283 5196 3503 5265 ἡμέρως
3542 5200 3901 5267 χρησαμένου
3949 5204 4048 5253 καὶ

786 5308 913 5345 cum
942 5307 1031 5345 res
1060 5301 1277 5344 nostras
1316 5291 1456 5344 adeo
1501 5292 1802 5343 clementer
1843 5290 2191 5357 temperavit,
2222 5289 2360 5341 mul-

2468 5287 2882 5357 φιλανθρώπως,
2926 5289 3020 5341 καὶ
3058 5289 3211 5341 οὐδὲν
3255 5293 3351 5359 τῆς
3387 5290 3515 5359 πρὶν
3544 5290 3808 5361 δοκούσης
3840 5293 4047 5362 δυσμεο

788 5393 1009 5453 tamque
1077 5381 1502 5437 sollicitudinem
1540 5390 1596 5435 et
1659 5396 1940 5449 augurem,
1984 5394 2144 5446 quem
2180 5380 2233 5432 in
2268 5396 2363 5447 pc-

787 5483 942 5528 ctore
973 5489 1093 5527 meo
1125 5488 1250 5542 erga
1291 5482 1584 5541 utrumque
1606 5471 1779 5541 pictas
1810 5470 2103 5534 excitabat,
2136 5472 2358 5525 exemit.

788 5564 997 5620 Deinde
1041 5566 1135 5618 tibi
1192 5564 1549 5618 nihilominus
1578 5604 1591 5627 ,
1629 5564 1720 5633 qui
1766 5578 1888 5615 cum
1930 5576 2117 5630 posses
2149 5562 2201 5615 in
2234 5579 2357 5617 eum

789 5654 1070 5723 puniendo
1101 5654 1269 5725 896
1297 5670 1438 5725 aegre
1474 5654 1609 5708 mihi
1636 5653 1813 5708 facere
1834 5651 2092 5716 noluisti;
2135 5666 2232 5705 nec
2257 5652 2360 5706 hoc

2470 5381 2617 5438 νείας
2646 5380 3080 5447 ἐπιδεδειγμένον
3105 5380 3272 5443 ἀξιον,
3301 5382 3491 5445 πρῶτα
3515 5382 3612 5449 μὲν
3636 5382 3731 5448 τῆς
3763 5383 4045 5455 ἑκατέρων

2472 5472 2745 5539 σωτηρίας
2759 5472 3139 5541 τῳΚρείττονι
3168 5471 3365 5533 πολλάς
3389 5474 3486 5535 τὰς
3513 5473 3744 5542 χάριτας
3768 5476 4042 5543 ὁμολογῶ,

2467 5559 2609 5611 οὕτω
2641 5559 2709 5610 τὰ
2734 5560 2977 5629 ἡμέτερα
3019 5560 3316 5630 διῳκηκότι
3366 5562 3789 5630 ιριλανθρώπως,
3822 5568 3917 5617 καὶ
3947 5567 4042 5635 τῆς

2470 5650 2671 5717 πολλῆς
2698 5649 3058 5720 ἀπήλλαγμαι
3097 5652 3375 5721 φροντίδος
3412 5653 3506 5705 καὶ
3560 5652 3801 5723 ἀθυμίας
3829 5654 3930 5726 τῆς
3956 5657 4042 5727 ἔξιτ’

2026 5744 2242 5805 Jacobi
2276 5744 2539 5806 Pontani
2575 5753 2759 5807 notua.

864 5848 974 5921 (45)
1009 5848 1277 5921 Polynici,
1316 5850 1519 5906 Eteocli
1550 5850 1816 5906 fratribus
1838 5851 1979 5921 apud
2010 5850 2347 5922 Euripidem,
2388 5859 2445 5906 et
2475 5851 2709 5907 Statium
2742 5853 2793 5906 in
2826 5850 3127 5907 Thebaide.
