4218 6446
118 454 224 516 345

1287 453 1828 515 IIISTORIARUM
1869 453 2104 513 LIBER
2148 455 2243 515 IV.

3262 454 3367 511 346

120 568 407 639 ἑκατέροις
438 569 498 620 ἐκ
525 567 631 619 τῶν
660 568 938 637 λογισμῶν
968 566 1327 636 ἐγγινομένης
1356 584 1369 596 ·
1415 567 1606 619 ἔπειτα
1634 566 1690 619 δὲ
1722 566 1769 623 Α

1722 566 1769 623 Α
1800 564 2084 627 duntaxat,
2113 566 2209 619 sed
2244 574 2296 619 ct
2326 565 2368 619 si
2414 563 2543 633 quid
2583 574 2748 620 restat
2782 565 3018 619 tristitiae
3041 565 3057 635 (
3079 582 3183 618 non
3216 569 3362 620 enim

122 662 216 713 καὶ
273 662 359 713 σοι
411 661 563 713 οὐδὲν
610 655 792 729 ἦττον,
844 661 923 712 ὅτι
985 660 1277 729 δυνάμενος
1314 659 1506 711 λυπεῖν
1531 662 1589 710 ἐν
1620 659 1695 725 τῷ

120 756 329 806 ἐκεῖνον
362 753 741 823 τιμωρεῖσθαι,
778 755 876 805 οὐκ
908 754 1180 821 ἠθέλησας
1201 769 1215 784 ·
1248 755 1309 805 οὐ
1354 753 1459 820 μὴν
1493 751 1608 803 ἀλλ’
1648 752 1700 805 εί

121 863 172 898 τι
198 848 295 898 καὶ
322 846 423 915 τῆς
450 845 605 906 ἀνίας
631 844 985 896 ὑπολέλειπτο
1026 844 1106 912 (οὐ
1136 844 1242 912 γάρ
1280 839 1372 896 οὖν
1393 844 1699 912 ἀρνήσομαι

124 938 219 999 ώς,
267 938 482 990 ἐκείνου
516 937 823 1005 δεδεμένου,
867 937 929 988 οὐ
971 936 1112 988 δοκῶ
1156 936 1361 988 ἐλάττω
1410 935 1699 1003 ὑπομένειν

126 1031 213 1081 διὰ
253 1032 355 1099 τὴν
392 1031 741 1099 συμπάθειαν
788 1032 885 1098 τὴν
930 1030 1068 1098 πρὸς
1113 1030 1363 1091 ἐκεῖνον),
1417 1029 1700 1098 ἀνῄρηκας

125 1120 446 1173 παντάπασι
497 1122 635 1180 νυνὶ,
676 1120 1145 1185 ἐπαγγειλάμενος
1190 1119 1411 1185 ἀνήσειν
1459 1118 1565 1168 τῶν
1616 1117 1701 1169 δε-

126 1213 280 1279 σμῶν
321 1214 455 1279 μετὰ
501 1212 697 1281 μικρόν
725 1226 738 1239 ’
791 1211 819 1263 ὃ
871 1213 1048 1274 καλῶς
1075 1213 1322 1279 ποιήσεις
1380 1210 1577 1277 ἀληθὲς
1610 1210 1701 1261 ἐπὶ

124 1305 232 1355 τῶν
265 1303 447 1369 ἔργων
470 1303 755 1366 ἀποδείξας
781 1315 796 1331 ⁸
826 1305 883 1355 οὐ
916 1303 1023 1371 γὰρ
1059 1304 1194 1373 προς
1236 1300 1478 1364 εὐδοξίαν
1517 1301 1696 1369 μόνον,

124 1394 262 1446 ἀλλά
306 1396 400 1446 καὶ
436 1394 570 1462 πρὸς
615 1394 913 1457 ἀσφάλειαν
955 1396 1151 1462 ἄριστα
1198 1394 1377 1462 σαυτῷ
1410 1392 1695 1464 βουλεύσῃ.

128 1483 229 1533 “Av
264 1483 365 1550 μὲν
395 1484 502 1549 γὰρ
551 1483 638 1534 διὰ
680 1481 794 1549 βίου
848 1484 1097 1549 κατέχειν
1134 1484 1190 1533 ὲν
1236 1482 1452 1548 δεσμοῖς
1484 1482 1572 1531 τὶν
1602 1496 1698 1545 γυ-

124 1570 313 1630 ναικὸς
344 1569 575 1635 ἀδελφὸν
607 1569 887 1639 διανοήσῃ,
918 1569 1111 1636 ἄδηλον
1154 1569 1249 1636 μὲν
1289 1570 1336 1620 εί
1381 1570 1454 1635 μὴ
1483 1568 1703 1635 διαδρᾶ-

126 1680 211 1713 ναι
247 1661 499 1726 δυνηθεὶς
548 1660 706 1723 αὖθις
754 1661 1092 1730 πολεμήσει’
1144 1660 1462 1729 ἀδηλότερον
1511 1659 1565 1712 δὲ
1604 1659 1701 1726 οὐχ

126 1756 354 1822 ἣκιστα.
387 1756 434 1807 εἰ
461 1756 534 1822 μὴ
572 1756 663 1806 καὶ
686 1757 895 1823 νικήσει
923 1752 1342 1821 πεπολεμηκώς.
1377 1754 1566 1805 Πολλοὶ
1597 1752 1701 1817 γὰρ

128 1844 395 1905 πολλάκις
421 1846 482 1894 ἐκ
522 1842 766 1913 μεγάλης
796 1846 966 1914 ἣττης
1005 1847 1100 1896 καὶ
1149 1844 1531 1912 κακοπραγίας
1575 1844 1703 1896 ἀναο

129 1934 439 2001 σφήλαντες
471 1936 849 2004 περιεγένοντο
877 1936 984 1987 τῶν
1014 1936 1309 2003 πολεμίων,
1343 1938 1407 1987 ὲκ
1432 1936 1536 1988 τῶν
1572 1952 1704 2004 προ-

126 2023 307 2090 τέρων
355 2023 721 2091 ἀτυχημάτων
764 2025 1156 2094 ἐμπειρότερον
1208 2025 1541 2094 χρησάμενοι
1589 2026 1702 2087 τοῖς

128 2116 480 2183 πράγμασιν.
525 2116 585 2166 Ei
629 2116 671 2167 δ’
704 2114 811 2183 ἄρα
848 2132 928 2167 σοι
963 2118 1054 2167 καὶ
1100 2115 1255 2168 τοῦτο
1305 2117 1608 2184 περιέσται,
1643 2116 1703 2167 τὸ

128 2208 300 2276 πολλῇ
340 2208 564 2277 προνοίᾳ
600 2208 925 2276 χρησαμένῳ
957 2210 1084 2277 περὶ
1136 2209 1234 2275 τὴν
1283 2209 1489 2261 ἐκείνου
1536 2208 1704 2275 φυλα-

128 2300 255 2365 κὴν,
300 2300 557 2368 κατέχειν
613 2301 669 2351 ἐν
727 2299 990 2367 ἀφύκτοις
1036 2300 1122 2352 διὰ
1174 2299 1311 2367 βίου.
1348 2300 1563 2367 πρῶτον
1606 2298 1704 2367 μὲν

130 2393 360 2453 πολλαῖς
390 2394 474 2444 ἀεὶ
528 2393 741 2444 συνέσει
798 2392 891 2445 καλ⁹
944 2393 1217 2456 ποικίλαις
1276 2397 1392 2455 ταῖς
1432 2393 1701 2460 φροντίσι,

138 2489 223 2538 mi.
256 2484 500 2555 νύκτωρ,
532 2489 625 2539 καὶ
660 2486 777 2556 μεθ’
815 2488 1032 2557 ἡμέραν
1064 2487 1486 2556 λυμαινομέναις
1514 2490 1595 2538 ἀεὶ
1626 2486 1703 2555 τῷ

133 2581 251 2649 βίῳ,
288 2582 387 2633 καὶ
412 2580 669 2647 οὐδεμίαν
709 2579 1116 2651 συγχωρούςαις
1152 2578 1413 2646 εὐθυμίας
1452 2579 1705 2648 αἴσθησιν

132 2672 459 2741 λαμῦἀνειν.
494 2674 566 2725 Οὐ
602 2674 709 2741 γὰρ
750 2672 876 2733 τοὺς
933 2673 988 2723 ὲν
1036 2673 1174 2724 τέλει
1215 2672 1503 2738 Ῥωμαίων
1571 2674 1705 2725 ὐπο-

136 2767 358 2819 πτεύειν
398 2768 610 2834 ἀνάγκη
639 2767 798 2834 μόνον
830 2766 1145 2828 ἐπιδούλους
1181 2760 1341 2826 εἶναι,
1367 2770 1429 2822 ἄν
1459 2785 1510 2818 τι
1536 2766 1704 2835 τύχης

152 2858 269 2925 πρὸς
322 2858 523 2918 αὐτοὺς
574 2857 1053 2926 προσκεκρουκὼς,
1109 2858 1244 2911 ἀλλὰ
1296 2861 1391 2911 καὶ
1441 2861 1565 2922 τοὺς
1609 2862 1706 2927 τὴν

135 2949 345 3003 εκείνου
377 2948 625 3017 φυλακὴν
650 2950 1133 3017 πεπιστευμένους,
1167 2951 1409 3012 καὶτοὺς
1441 2951 1704 3004 οἰκειοτά-

133 3058 255 3103 τους
281 3040 501 3103 αὐτούξ,
534 3042 580 3091 εξ
617 3036 729 3092 οἷον
758 3058 815 3093 τε
852 3044 1041 3096 εἰπεῖν.
1078 3042 1216 3109 Πρὸς
1247 3044 1353 3113 γὰρ
1385 3042 1461 3113 τῷ
1494 3045 1707 3114 ρᾳδίονς

136 3128 270 3182 εἶναι
304 3131 434 3191 τοὺς
462 3130 783 3199 ἀνθρώπους
821 3132 952 3199 πρῆς
998 3132 1323 3200 μεταϐολὰς,
1365 3136 1457 3185 καὶ
1496 3135 1707 3203 χαίρειν

1798 660 2032 726 negabo,
2055 674 2120 712 eo
2152 658 2357 721 vinclo,
2386 657 2559 712 videri
2589 659 2717 711 mihi
2745 668 2970 727 propter
2997 668 3201 710 naturae
3228 674 3364 711 eon-

1799 765 2017 804 sensum
2060 749 2249 803 eadem
2289 750 2523 819 perpeti,
2557 764 2677 817 quae
2711 750 2801 802 ille
2834 749 3190 818 perpetitur),
3218 756 3271 799 tu
3310 766 3363 801 ιιι

1802 841 2087 908 prmscntia
2110 838 2354 891 fumlitus
2374 839 2890 906 sustulisti.quando
2915 840 3100 905 paucis
3119 838 3312 891 dielms
3334 853 3365 890 e

1801 930 2035 983 vinculis
2078 930 2431 982 dimissurum
2484 931 2773 997 recepisti;
2841 932 2984 997 quod
3042 930 3087 983 si
3144 946 3200 981 re
3252 929 3366 995 ipsa

1800 1023 2140 1090 prmstiteris,
2178 1031 2325 1076 recte
2367 1021 2581 1074 feceris.
2614 1022 2830 1075 Etenim
2876 1038 2983 1073 non
3026 1021 3091 1072 ad
3125 1021 3364 1073 celebri-

1803 1123 1965 1166 talem
2004 1114 2241 1166 nominis
2280 1123 2515 1173 tantum,
2552 1114 2644 1166 sed
2693 1116 2854 1167 etiam
2900 1115 2964 1167 ad
3010 1116 3365 1167 securitatem

1806 1208 1895 1260 tibi
1932 1207 2133 1275 «quime
2164 1208 2435 1260 consules.
2471 1207 2601 1259 Nam
2636 1208 2676 1259 si
2705 1210 2880 1275 quoad
2910 1209 3147 1275 spirabit
3182 1212 3369 1261 (uxoris

1804 1309 1908 1352 tuae
1951 1299 2171 1351 fratrem
2225 1300 2472 1352 custodia
2516 1299 2876 1353 detinendam
2928 1302 3210 1358 statueris.
3258 1302 3368 1353 fur-

1804 1392 1968 1451 sitin,
2013 1391 2057 1443 si
2116 1390 2357 1457 eﬂ‘ugcre
2409 1392 2647 1451 licuerit,
2696 1390 2896 1443 bellmn
2954 1392 3372 1462 rediutcgrabit.

1802 1482 1936 1535 Illud
1987 1492 2169 1535 autem
2210 1482 2365 1549 longe
2397 1482 2842 1548 incertissimum,
2896 1501 2964 1539 an
3014 1501 3120 1537 non
3168 1487 3360 1548 etiam,

1806 1575 1897 1628 ubi
1950 1573 2271 1643 pugnaverit
2319 1574 2496 1627 victor
2540 1588 2806 1628 evasurus
2855 1576 2945 1629 sit.
3020 1576 3167 1629 Multi
3226 1578 3371 1630 cnim

1804 1681 2181 1735 smpcnumcro
2218 1680 2381 1732 parva
2429 1680 2551 1717 cum
2588 1665 2802 1731 jactura
2844 1683 2939 1721 sua
2981 1668 3134 1727 vii-ti,
3186 1684 3373 1721 rursus

1804 1759 1997 1821 erecti,
2056 1769 2109 1811 et
2174 1758 2447 1826 prmterita
2519 1757 2827 1812 calamitate
2885 1760 3162 1812 cautiores
3222 1759 3372 1819 tacti,

1806 1851 2042 1903 victores
2068 1865 2197 1902 suos
2226 1848 2561 1902 devicerunt.
2590 1847 2743 1913 Quod
2778 1850 2819 1902 si
2857 1850 3012 1904 facile
3046 1852 3223 1917 possis
3244 1849 3376 1901 dili-

1807 1941 1953 2011 genti
2004 1940 2351 2007 providentia
2400 1956 2496 2006 per
2529 1954 2746 1991 omnem
2799 1940 2965 1992 vitam
3012 1940 3381 1992 adamantinis

1808 2048 1932 2087 eum
1980 2032 2214 2085 vinculis
2268 2031 2571 2094 custodire,
2621 2030 2855 2098 primum
2899 2031 3119 2098 quidem
3162 2046 3379 2098 semper

1812 2124 2053 2178 tucdcstis
2111 2121 2535 2190 cogitationibus
2581 2121 2934 2182 cxcrccbcrc,
2986 2136 3107 2188 qum
3138 2120 3227 2171 diu
3281 2134 3379 2170 no-

1809 2226 2010 2283 ctuque
2045 2215 2208 2267 vitam
2256 2223 2398 2264 tuam
2438 2221 2777 2279 earpant,et
2819 2226 3034 2263 omnem
3085 2210 3380 2263 hilaritatis

1809 2320 2032 2360 sensum
2063 2304 2373 2359 excludant.
2411 2303 2563 2356 llaud
2601 2302 2747 2355 enim
2794 2303 2967 2353 solum
3005 2302 3375 2354 Romanorum

1810 2411 2099 2464 procerum
2135 2394 2362 2447 insidias
2404 2400 2649 2445 metuere
2692 2392 2986 2459 oportebit,
3025 2391 3069 2443 si
3121 2390 3249 2457 quid
3282 2404 3380 2442 eos

1811 2486 2146 2551 offenderis,
2211 2486 2302 2538 sed
2356 2494 2409 2538 et
2458 2499 2552 2537 eos
2601 2484 2799 2553 quibus
2869 2482 3174 2536 custodiam
3231 2483 3380 2535 illius

1812 2576 2174 2640 commiseris,
2230 2585 2283 2629 ct
2335 2576 2500 2644 ipsos,
2554 2577 2595 2628 si
2644 2574 2748 2627 dici
2795 2573 2877 2626 fas
2917 2582 3017 2635 est,
3065 2571 3379 2625 fainiliaris-

1811 2671 1999 2725 simos.
2032 2669 2399 2735 Praeterquam
2432 2671 2577 2721 enim
2622 2666 2766 2735 quod
2814 2666 3063 2719 homines
3096 2665 3161 2717 ad
3200 2676 3380 2717 muta-

1812 2763 2074 2817 bilitatem
2123 2760 2277 2829 proni
2334 2768 2479 2819 sunt.
2511 2770 2565 2811 et
2598 2760 2760 2812 rebus
2796 2758 2951 2811 novis
2987 2758 3297 2825 capiuntur,
3330 2756 3377 2810 si

1810 2862 1865 2909 et
1910 2852 2252 2906 occasionem
2302 2851 2626 2919 repererint,
2661 2866 2766 2919 qua
2798 2852 2934 2903 male
2965 2849 3031 2902 de
3075 2864 3131 2902 se
3170 2848 3381 2901 meritis

1811 2946 2065 3000 facillime
2120 2960 2215 3012 par
2272 2944 2607 3010 reposituros
2670 2951 2913 3009 sperent,
2970 2940 3141 3009 magis
3188 2954 3379 2991 cormn

1813 3038 2177 3095 inconstantia
2214 3045 2268 3089 et
2302 3036 2460 3089 dolus
2505 3034 2906 3103 exspectandus
2957 3044 3061 3096 est,
3114 3034 3161 3085 si
3212 3045 3382 3101 prope

1813 3132 2050 3185 habeant
2101 3128 2332 3189 scilicet,
2375 3126 2467 3195 qui
2518 3136 2612 3179 aut
2667 3126 2820 3178 malis
2877 3142 2971 3177 eos
3021 3124 3382 3193 praesentibus

138 3222 217 3274 ἀεὶ
246 3224 365 3283 τοῖς
409 3225 819 3290 νεωτερισμοῖς,
860 3222 925 3274 ἂν
969 3224 1062 3276 καὶ
1096 3224 1417 3292 προράσεώς
1449 3242 1591 3287 τινος
1622 3223 1720 3278 εὐ--¹
1742 3261 1783 3317 C

1716 3223 2032 3317 'Ceripiat,
2092 3230 2187 3275 aut
2263 3220 2422 3273 donis
2476 3234 2570 3272 eos
2640 3233 2703 3270 ac
2772 3218 3052 3271 benclieiis
3115 3218 3380 3269 cumulet.

150 3316 372 3379 εορῶσι,
401 3317 469 3368 δι’
498 3310 567 3386 ἦς
606 3315 671 3368 ἂν
714 3316 1022 3384 ἀμύνασθαι
1052 3319 1223 3387 ῥᾷστα
1254 3318 1379 3378 τοὺς
1406 3317 1707 3389 λελυπηκό-

140 3425 231 3471 τας
272 3408 610 3477 δυνήσεσθαι
658 3410 955 3477 οἰήσονται,
1010 3409 1209 3477 μᾶλλον
1255 3412 1358 3479 χρὴ
1401 3413 1707 3481 προσδοκᾷν

140 3500 536 3569 εὐμεταϐόλους
579 3499 796 3551 ἔσεσθαι
840 3502 934 3552 καὶ
981 3500 1194 3569 ρᾳδίους
1239 3500 1372 3569 πρὸς
1418 3502 1707 3565 ὲπιὸουλᾶς

140 3592 364 3660 ἔχοντας
413 3592 581 3659 ὲγγὺς
621 3591 714 3643 τὸν
758 3590 789 3650 ἢ
839 3592 945 3643 τῶν
994 3593 1277 3661 παρόντων
1329 3595 1707 3659 ἀπαλλάξοντα

140 3684 407 3753 κακῶν,ἢ
456 3683 666 3737 πολλῶν
697 3684 1043 3753 ὲμπλήσοντα
1082 3684 1291 3753 δώρων,
1330 3688 1421 3737 καὶ
1455 3689 1701 3755 μεγάλων

141 3777 444 3839 ἀξιώσοντα
489 3775 596 3825 τῶν
652 3774 1000 3841 εὐεργεσιῶν.
1040 3774 1271 3827 Ἔπειτα
1308 3777 1364 3829 δὲ
1398 3778 1450 3830 εί
1498 3795 1578 3829 σοι
1613 3779 1707 3831 καὶ

143 3868 285 3920 κατά
313 3868 413 3938 τὴν
447 3866 665 3935 ἠλικίαν
693 3866 849 3933 τήνδε
886 3866 967 3935 (οὐ
990 3867 1095 3935 γὰρ
1128 3866 1409 3930 ἀδύνατον,
1440 3870 1710 3941 ἀνθρώπῳ

145 3978 204 4028 γε
234 3960 373 4027 δντι)
412 3962 496 4025 ἐφ’
520 3957 661 4010 οὕτω
691 3957 900 4027 νηπίοις
937 3960 1175 4025 συμϐαίη
1204 3964 1315 4023 τοῖς
1350 3962 1557 4025 τέκνοις
1581 3965 1714 4015 ἀπο-

156 4054 423 4118 ἰνήσγειν,
453 4049 605 4109 ἐλπὶς
638 4050 866 4110 ἐκείνοις
892 4050 1119 4116 οὐδεμία
1149 4052 1453 4119 εὐπραγίας
1486 4053 1709 4107 ἀπολεί-

157 4162 326 4199 πεται.
370 4144 444 4195 Τὸ
476 4142 573 4212 μὲν
625 4142 731 4209 γὰρ
762 4143 860 4209 τὴν
893 4142 1066 4211 ἀρχὴν
1104 4144 1302 4205 αὐτοὺς
1340 4144 1539 4197 ἰθύνειν
1574 4149 1711 4215 μετά

154 4236 239 4302 τῆς
287 4230 498 4301 μητρὸς
528 4231 611 4296 ἐφ’
652 4229 792 4281 οὕτω
842 4232 1101 4298 χαλεποῖς
1134 4235 1364 4298 καιροῖς,
1397 4234 1489 4283 καὶ
1517 4234 1711 4285 δυσκό-

149 4326 275 4387 λοις,
317 4324 412 4375 καὶ
452 4322 769 4373 παντάπασι
797 4320 1213 4392 διεφθαρμένοις
1246 4326 1564 4391 πράγμασιν
1590 4326 1715 4377 ἁδύ-

158 4436 323 4471 θατον.
342 4420 606 4471 Λείπεται
638 4416 693 4468 δὲ
715 4417 746 4486 ἢ
770 4415 863 4467 τὸν
886 4416 1292 4485 φρουρούμενον
1315 4418 1519 4469 ἐκεῖνον
1545 4436 1714 4487 προσ-

164 4509 553 4575 ιαλεσαμένους
602 4508 805 4567 πάντας
845 4506 907 4557 ἐκ
954 4507 1295 4573 συνθήματος
1324 4507 1595 4573 αἱρεῖσθαι
1628 4508 1717 4575 βα·

1820 3317 2088 3371 Przcterea
2138 3314 2181 3365 si
2236 3320 2287 3364 te
2336 3310 2497 3364 hodie
2556 3310 2742 3363 liberis
2793 3308 2899 3363 tuis
2954 3309 3133 3361 adhuc
3194 3309 3378 3377 parvis

1822 3423 1971 3461 mors
2014 3421 2045 3459 e
2089 3403 2271 3458 medio
2303 3404 2454 3454 tollat
2497 3401 2699 3464 (homo
2740 3401 2884 3453 cnim
2930 3412 3089 3454 natus
3129 3416 3252 3453 cum
3282 3400 3381 3463 sis,

1819 3499 2120 3552 humanum
2157 3494 2291 3547 nihil
2327 3510 2354 3547 a
2394 3502 2442 3547 te
2476 3493 2712 3545 alienum
2752 3492 2954 3545 ducere
2993 3492 3218 3558 debes),
3250 3507 3386 3545 con-

1820 3592 2050 3646 clamata
2074 3598 2156 3641 est
2192 3601 2383 3641 eorum
2419 3586 2674 3639 felicitas.
2710 3584 2841 3637 Nam
2881 3585 3028 3652 ipsos
3054 3600 3175 3636 eum
3211 3593 3386 3637 matre

1819 3684 2128 3753 gubernare
2176 3680 2486 3745 imperium,
2543 3675 2882 3744 temporibus
2928 3676 3061 3727 adeo
3106 3674 3256 3726 duris
3324 3688 3387 3726 ac

1820 3773 2152 3835 dilﬁcilibus,
2181 3770 2343 3824 rebus
2376 3769 2598 3821 omnino
2644 3768 2873 3831 eversis,
2917 3766 3254 3835 impossibile
3283 3774 3385 3817 est.

1826 3860 2176 3930 Relinquitur
2200 3875 2349 3928 ergo,
2382 3850 2439 3912 ut
2469 3868 2563 3911 aut
2600 3858 2750 3912 ἱΙΙιιιιι
2790 3858 2881 3926 qui
2906 3858 3015 3925 jam
3052 3856 3385 3915 custoditur,

1821 3953 2119 4013 advocelis,
2156 3966 2391 4020 eumque
2421 3950 2665 4004 omnium
2707 3964 2970 4002 consensu
3001 3952 3385 4016 imperatoer

1816 4048 2053 4116 eligatis,
2105 4055 2200 4098 aut
2245 4045 2411 4097 aiium
2465 4044 2798 4111 quempiam,
2847 4044 2937 4110 qui
2994 4043 3150 4109 longe
3207 4042 3391 4108 plures

1822 4141 1905 4195 sui
1947 4138 2225 4193 studiosos
2272 4135 2546 4197 habuerit,
2603 4134 2966 4201 solertiorque
3010 4144 3063 4186 et
3110 4134 3175 4185 ad
3226 4134 3392 4199 impe-

1823 4233 2054 4287 randum
2101 4230 2277 4299 aptior
2317 4229 2588 4281 videatur.
2623 4228 2690 4290 Si
2748 4227 2931 4292 itaque
2989 4227 3077 4279 ille
3134 4225 3388 4294 eligatur,

1825 4332 2037 4375 certum
2085 4333 2167 4373 est
2228 4318 2382 4380 mihi,
2436 4318 2794 4370 nihilominus
2867 4316 3299 4374 elaboraturum,
3335 4323 3393 4368 ut

1826 4418 1979 4471 ilium
2027 4414 2183 4469 liberi
2224 4414 2298 4466 tui
2354 4412 2778 4465 mansuetiorem
2821 4408 3193 4477 experiantur,
3230 4421 3389 4474 quam

1827 4511 1916 4564 ille
1961 4518 2010 4563 te
2039 4508 2373 4575 experietur,
2413 4506 2455 4557 si
2489 4505 2731 4558 clausum
2768 4507 2821 4554 in
2867 4516 3088 4553 carcere
3120 4514 3290 4562 usiue
3325 4496 3390 4550 ad

164 4600 316 4660 ιιὶέα,
375 4596 407 4663 ἦ
444 4595 556 4646 τῶν
608 4595 784 4646 ἄλλων
830 4593 947 4655 ἕνα,
1006 4593 1062 4653 ὃς
1104 4593 1169 4645 ἂν
1224 4594 1459 4661 μάλιστα
1500 4594 1717 4657 πλείους
1754 4598 1795 4651 D

1754 4598 1795 4651 D
1830 4609 2057 4652 mortem
2091 4595 2406 4655 retinueris,
2442 4604 2500 4646 ut
2540 4594 2762 4663 gravius
2795 4591 2929 4644 nihil
2967 4590 3153 4642 addas.
3194 4587 3286 4641 Sin
3327 4586 3390 4638 ad

158 4692 302 4758 σχοίη
330 4689 463 4749 τοὺς
496 4687 863 4749 σπουδαστὰς,
910 4688 1007 4737 καὶ
1049 4685 1350 4754 δεινότερος
1379 4685 1585 4755 δοκοίη,
1629 4687 1726 4739 καὶ

154 4782 353 4850 μᾶλλον
382 4783 574 4848 ἄρχειν
600 4777 926 4846 ἐπιτήδειος.
961 4778 1056 4829 ’Ἂν
1090 4779 1186 4846 μὲν
1212 4777 1303 4830 οὐν
1336 4779 1541 4837 ἐκεῖνος
1574 4781 1727 4849 αἱρε-

152 4874 289 4941 θείη,
332 4871 480 4925 δοκῶ
511 4888 599 4938 μοι
638 4870 801 4938 μηδὲν
862 4864 1047 4939 ἦττον,
1080 4868 1173 4920 καὶ
1217 4867 1378 4931 αὐτὸς
1410 4868 1721 4936 φιλονεική-

154 4982 262 5017 σειν
307 4962 665 5031 ἡμερώτερος
711 4958 994 5025 φανείσθαι
1024 4961 1134 5019 τοῖς
1177 4961 1334 5010 παισὶ
1381 4962 1490 5020 τοῖς
1527 4958 1722 5027 σοῖ;,ἦ

152 5055 306 5114 αὐτὸς
340 5054 541 5119 ἐκείνῳ
570 5050 775 5118 ὤφθης.
811 5049 981 5101 Τοῦτο
1015 5048 1069 5099 δὲ
1098 5049 1251 5100 οὐδὲν
1287 5050 1474 5118 ἔτερόν
1511 5052 1658 5101 ἐστιν
1690 5049 1722 5119 ἢ

154 5146 210 5195 ὲν
259 5142 627 5211 δεσμωτηρίῳ
663 5141 1100 5194 κατακλείσαντα
1136 5142 1389 5211 κατέχειν
1438 5143 1525 5195 διὰ
1584 5142 1722 5211 βίον,

156 5236 242 5287 καὶ
281 5235 454 5304 μηδέν
510 5251 561 5285 τι
614 5232 917 5301 δεινότερον
958 5233 1144 5301 ἕτερον
1198 5234 1539 5302 προσθεῖναι.
1584 5235 1645 5286 Εἰ
1680 5234 1724 5286 δ’

156 5329 236 5394 ἔφ’
269 5325 466 5395 ἕτερόν
491 5342 635 5389 τινα,
667 5326 802 5392 ὅπερ
829 5325 1063 5391 μάλιστα
1088 5326 1422 5394 ἀπεύχομαι,
1454 5325 1727 5394 μεταδαίη

158 5421 189 5488 ἠ
218 5422 386 5488 ἁρχὴ,
411 5417 560 5471 ὀκνῶ
595 5418 692 5486 μὲν
716 5419 891 5469 εἰπεῖν
920 5419 1014 5471 καὶ
1059 5420 1221 5487 μέχρι
1261 5419 1419 5485 λόγου
1467 5419 1729 5487 δακνόμε-

159 5528 240 5573 νος
267 5514 332 5581 τῇ
366 5511 668 5580 προσδοκία
690 5510 797 5561 τῶν
828 5510 1018 5562 δεινῶν
1039 5525 1051 5539 ’
1085 5510 1238 5572 ἐλπὶς
1267 5510 1320 5562 δὲ
1352 5510 1574 5577 οὐδεμία
1598 5511 1731 5561 ἀπο-

158 5600 401 5653 λείπεται
438 5600 514 5669 μὴ
543 5601 602 5651 οὐ
638 5600 843 5661 πάντας
884 5600 1054 5668 ἄρδην
1087 5598 1409 5652 ἀπολέσθαι.
1446 5600 1505 5652 Εἰ
1528 5599 1571 5650 δ’
1593 5600 1729 5670 ὅπερ

162 5696 313 5756 αὐτὸς
352 5696 534 5745 ἑκοντὶ
577 5694 826 5761 προείλου
860 5694 954 5744 νῦν
992 5694 1085 5745 καὶ
1133 5694 1213 5755 εἰς
1255 5694 1414 5758 ἔργον
1456 5692 1730 5761 ἐθελήσεις

162 5788 404 5851 ἀγαγεῖν,
437 5784 637 5854 ἄριστα
663 5784 758 5854 ἔσῃ
797 5784 980 5853 σαυτῴ
1007 5801 1063 5835 τε
1100 5785 1335 5849 κάκείνῳ
1366 5783 1729 5851 βεϐουλευμέ-

160 5891 262 5937 νος.
306 5876 546 5938 Ἐκεῖνός
572 5893 627 5928 τε
654 5878 761 5949 γὰρ
789 5877 892 5929 τῶν
925 5875 1140 5945 δεσμῶν
1172 5874 1487 5940 ἀπολυθεὶς,
1526 5876 1611 5927 ἀεί
1645 5891 1728 5927 σοι

1824 4690 1989 4741 alium
2045 4686 2336 4755 quemdam
2386 4686 2560 4753 (quod
2613 4684 2752 4735 Deus
2798 4681 3047 4746 avertat)
3104 4678 3392 4747 imperium

1827 4778 2208 4843 transferatur,
2242 4794 2347 4829 non
2389 4776 2566 4828 audeo
2602 4774 2809 4837 dicere,
2839 4772 2970 4841 quid
3017 4772 3261 4823 futurum
3299 4770 3391 4829 sit,

1823 4882 1877 4926 et
1910 4873 2023 4939 ipsa
2064 4871 2327 4923 malorum
2356 4867 2693 4932 exspectatio
2718 4866 2883 4917 etiam
2917 4877 3105 4915 vocem
3141 4861 3272 4914 mihi
3308 4860 3394 4912 iu-

1825 4961 2143 5015 tercludit:
2208 4974 2310 5011 nec
2380 4956 2675 5025 quidquam
2738 4956 2852 5023 spei
2915 4960 3187 5021 superest,
3262 4950 3393 5017 quin

1824 5068 2015 5105 onmes
2063 5050 2393 5103 omnimodis
2440 5063 2747 5117 pereamus.
2825 5047 2893 5099 At
2942 5046 3007 5108 si,
3056 5044 3200 5114 quod
3250 5056 3396 5095 nunc

1826 5147 1969 5200 ultro
1996 5145 2158 5214 gapud
2202 5144 2444 5198 animum
2490 5142 2847 5211 proposuisti,
2894 5141 3055 5194 etiam
3085 5155 3246 5206 apere
3277 5139 3395 5204 ipso

1823 5240 2047 5308 explere
2078 5238 2332 5298 volueris,
2385 5236 2451 5288 de
2485 5245 2535 5290 te
2570 5236 2687 5304 ipso
2742 5244 2903 5303 atque
2932 5236 2995 5285 de
3027 5234 3116 5284 illo
3142 5231 3396 5299 praeclare

1830 5330 2150 5383 mereberis.
2202 5328 2363 5397 897
2404 5328 2539 5381 Nam
2589 5336 2643 5380 et
2691 5328 2779 5380 ille
2832 5325 3114 5378 absolutus
3164 5322 3399 5375 viucnlis

1829 5415 2146 5476 constanter
2193 5435 2257 5473 ac
2302 5430 2567 5488 perpetuo
2604 5418 2694 5470 tibi
2738 5419 2801 5469 de
2861 5416 3124 5469 beneficio
3175 5425 3399 5482 accepto

1828 5514 2031 5583 gratias
2065 5521 2206 5581 aget,
2255 5527 2319 5565 ac
2365 5521 2415 5563 te
2445 5512 2627 5563 vivum
2679 5527 2773 5578 pro
2812 5512 3200 5562 benemerente
3235 5524 3400 5577 agno-

1829 5610 1965 5665 scet,
2004 5601 2271 5668 factisque
2307 5599 2441 5667 ipsis
2464 5602 2628 5669 digno
2659 5602 2842 5652 datum
2876 5616 2995 5652 esse
3024 5601 3400 5652 demonstrare

1828 5694 2147 5758 aunitetur;
2182 5702 2301 5761 post
2338 5693 2548 5745 obitum
2578 5708 2707 5745 vero
2743 5702 2914 5753 tuum,
2950 5696 2991 5744 si
3037 5692 3107 5745 ita
3132 5691 3397 5751 evenerit,

1831 5787 1954 5839 filiis
1995 5787 2102 5839 tuis
2140 5786 2244 5838 erit
2277 5786 2481 5848 omnia,
2510 5793 2564 5836 et
2594 5800 2916 5853 quacunque
2946 5786 3154 5839 ratione
3182 5784 3401 5854 poterit,

1830 5885 2021 5930 contra
2062 5874 2313 5928 inimicos
2367 5874 2448 5927 eis
2502 5873 2889 5943 opitulabitur,
2940 5873 3401 5942 consenui-itque
