  <div class='ocr_page' id='page_1' title='image "/cluster/home/n/w/nwhite01/storage/ocr_20150623/154/nnc1.0046980970/184.png"; bbox 0 0 4218 6446; ppageno 0'>
   <div class='ocr_carea' id='block_1_1' title="bbox 137 430 239 493">
    <p class='ocr_par' dir='ltr' id='par_1_1' title="bbox 137 430 239 493">
     <span class='ocr_line' id='line_1_1' title="bbox 137 430 239 493; baseline 0.02 -2"><span class='ocrx_word' id='word_1_1' title='bbox 137 430 239 493; x_wconf 76' lang='grc'>353</span> 
     </span>
    </p>
   </div>
   <div class='ocr_carea' id='block_1_2' title="bbox 1294 430 2239 493">
    <p class='ocr_par' dir='ltr' id='par_1_2' title="bbox 1294 430 2239 493">
     <span class='ocr_line' id='line_1_2' title="bbox 1294 430 2239 493; baseline -0.003 0"><span class='ocrx_word' id='word_1_2' title='bbox 1294 430 1833 493; x_wconf 78' lang='lat' dir='ltr'>HISTORIARUM</span> <span class='ocrx_word' id='word_1_3' title='bbox 1870 431 2098 490; x_wconf 80' lang='lat' dir='ltr'>LIBER</span> <span class='ocrx_word' id='word_1_4' title='bbox 2139 431 2239 491; x_wconf 80' lang='grc' dir='ltr'>ιν.</span> 
     </span>
    </p>
   </div>
   <div class='ocr_carea' id='block_1_3' title="bbox 3264 428 3369 489">
    <p class='ocr_par' dir='ltr' id='par_1_3' title="bbox 3264 428 3369 489">
     <span class='ocr_line' id='line_1_3' title="bbox 3264 428 3369 489; baseline 0 0"><span class='ocrx_word' id='word_1_5' title='bbox 3264 428 3369 489; x_wconf 67' lang='grc'>354</span> 
     </span>
    </p>
   </div>
   <div class='ocr_carea' id='block_1_4' title="bbox 136 532 1802 613">
    <p class='ocr_par' dir='ltr' id='par_1_4' title="bbox 136 532 1778 613">
     <span class='ocr_line' id='line_1_4' title="bbox 136 532 1778 613; baseline -0.001 -20"><span class='ocrx_word' id='word_1_6' title='bbox 136 543 274 600; x_wconf 80' lang='grc' dir='ltr'>αὐτὴ</span> <span class='ocrx_word' id='word_1_7' title='bbox 298 540 390 593; x_wconf 87' lang='grc' dir='ltr'>τοῦ</span> <span class='ocrx_word' id='word_1_8' title='bbox 421 541 795 610; x_wconf 71' lang='grc' dir='ltr'>δεσμωτηρίου</span> <span class='ocrx_word' id='word_1_9' title='bbox 826 544 1002 610; x_wconf 71' lang='grc' dir='ltr'>φαύλη</span> <span class='ocrx_word' id='word_1_10' title='bbox 1045 532 1125 605; x_wconf 72' lang='grc' dir='ltr'>⁴ιξις</span> <span class='ocrx_word' id='word_1_11' title='bbox 1158 543 1250 595; x_wconf 75' lang='grc' dir='ltr'>καὶ</span> <span class='ocrx_word' id='word_1_12' title='bbox 1285 545 1518 613; x_wconf 78' lang='grc' dir='ltr'>ἀγεννής</span> <span class='ocrx_word' id='word_1_13' title='bbox 1542 560 1557 577; x_wconf 79' lang='grc'><strong>⁸</strong></span> <span class='ocrx_word' id='word_1_14' title='bbox 1588 541 1705 596; x_wconf 66' lang='grc' dir='ltr'>ἀλλ’</span> <span class='ocrx_word' id='word_1_15' title='bbox 1729 545 1778 603; x_wconf 77' lang='grc' dir='ltr'><strong>Α</strong></span> 
     </span>
    </p>
   </div>
   <div class='ocr_carea' id='block_1_5' title="bbox 1699 532 3365 613">
    <p class='ocr_par' dir='ltr' id='par_1_5' title="bbox 1699 538 3365 610">
     <span class='ocr_line' id='line_1_5' title="bbox 1699 538 3365 610; baseline 0 -16"><span class='ocrx_word' id='word_1_16' title='bbox 1699 541 1705 560; x_wconf 83' lang='grc'><em>’</em></span> <span class='ocrx_word' id='word_1_17' title='bbox 1729 545 1778 603; x_wconf 79' lang='grc' dir='ltr'><strong>Α</strong></span> <span class='ocrx_word' id='word_1_18' title='bbox 1810 542 2077 595; x_wconf 91' lang='lat' dir='ltr'><strong>malorum</strong></span> <span class='ocrx_word' id='word_1_19' title='bbox 2131 539 2479 607; x_wconf 72' lang='lat' dir='ltr'><strong>prmscntium</strong></span> <span class='ocrx_word' id='word_1_20' title='bbox 2520 538 2715 593; x_wconf 66' lang='grc' dir='ltr'>ιιι-σοντι</span> <span class='ocrx_word' id='word_1_21' title='bbox 2760 553 2855 592; x_wconf 87' lang='lat' dir='ltr'>sua</span> <span class='ocrx_word' id='word_1_22' title='bbox 2895 539 3037 592; x_wconf 89' lang='lat' dir='ltr'><strong>ultro</strong></span> <span class='ocrx_word' id='word_1_23' title='bbox 3089 541 3365 610; x_wconf 77' lang='lat' dir='ltr'><strong>projectu-</strong></span> 
     </span>
    </p>
   </div>
   <div class='ocr_carea' id='block_1_6' title="bbox 135 631 1699 704">
    <p class='ocr_par' dir='ltr' id='par_1_6' title="bbox 135 631 1699 704">
     <span class='ocr_line' id='line_1_6' title="bbox 135 631 1699 704; baseline 0.002 -21"><span class='ocrx_word' id='word_1_24' title='bbox 135 634 274 700; x_wconf 72' lang='grc' dir='ltr'>ὑπὲρ</span> <span class='ocrx_word' id='word_1_25' title='bbox 305 633 403 700; x_wconf 80' lang='grc' dir='ltr'>τῆς</span> <span class='ocrx_word' id='word_1_26' title='bbox 452 633 561 683; x_wconf 79' lang='grc' dir='ltr'>τῶν</span> <span class='ocrx_word' id='word_1_27' title='bbox 591 632 874 699; x_wconf 78' lang='grc' dir='ltr'>ὁμοφύλων</span> <span class='ocrx_word' id='word_1_28' title='bbox 905 631 1211 702; x_wconf 76' lang='grc' dir='ltr'>ἐλευθερίας</span> <span class='ocrx_word' id='word_1_29' title='bbox 1252 634 1550 704; x_wconf 81' lang='grc' dir='ltr'>Βαρϐάροις</span> <span class='ocrx_word' id='word_1_30' title='bbox 1588 636 1699 695; x_wconf 88' lang='grc' dir='ltr'>τοῖς</span> 
     </span>
    </p>
   </div>
   <div class='ocr_carea' id='block_1_7' title="bbox 134 725 1699 794">
    <p class='ocr_par' dir='ltr' id='par_1_7' title="bbox 134 725 1699 794">
     <span class='ocr_line' id='line_1_7' title="bbox 134 725 1699 794; baseline 0 -19"><span class='ocrx_word' id='word_1_31' title='bbox 134 725 563 792; x_wconf 81' lang='grc' dir='ltr'>δουλωσαμένοις</span> <span class='ocrx_word' id='word_1_32' title='bbox 602 725 881 793; x_wconf 81' lang='grc' dir='ltr'>πολεμῶν,</span> <span class='ocrx_word' id='word_1_33' title='bbox 907 725 1162 791; x_wconf 80' lang='grc' dir='ltr'>ἡλίσκετο</span> <span class='ocrx_word' id='word_1_34' title='bbox 1198 726 1339 779; x_wconf 81' lang='grc' dir='ltr'>κατά</span> <span class='ocrx_word' id='word_1_35' title='bbox 1370 726 1469 794; x_wconf 76' lang='grc' dir='ltr'>τὴν</span> <span class='ocrx_word' id='word_1_36' title='bbox 1519 727 1699 794; x_wconf 81' lang='grc' dir='ltr'>μάχην</span> 
     </span>
    </p>
   </div>
   <div class='ocr_carea' id='block_1_8' title="bbox 134 815 1697 885">
    <p class='ocr_par' dir='ltr' id='par_1_8' title="bbox 134 815 1697 885">
     <span class='ocr_line' id='line_1_8' title="bbox 134 815 1697 885; baseline 0.001 -18"><span class='ocrx_word' id='word_1_37' title='bbox 134 816 431 883; x_wconf 77' lang='grc' dir='ltr'>ἀτυχήσας,</span> <span class='ocrx_word' id='word_1_38' title='bbox 462 816 488 868; x_wconf 82' lang='grc' dir='ltr'>δ</span> <span class='ocrx_word' id='word_1_39' title='bbox 519 817 733 877; x_wconf 77' lang='grc' dir='ltr'>πολλοῖς</span> <span class='ocrx_word' id='word_1_40' title='bbox 781 815 1095 884; x_wconf 83' lang='grc' dir='ltr'>συμϐέϐηκε</span> <span class='ocrx_word' id='word_1_41' title='bbox 1128 818 1219 871; x_wconf 69' lang='grc' dir='ltr'>καὶ</span> <span class='ocrx_word' id='word_1_42' title='bbox 1255 819 1516 885; x_wconf 71' lang='grc' dir='ltr'>πρότερον</span> <span class='ocrx_word' id='word_1_43' title='bbox 1560 815 1697 869; x_wconf 81' lang='grc' dir='ltr'>Ῥω-</span> 
     </span>
    </p>
   </div>
   <div class='ocr_carea' id='block_1_9' title="bbox 137 906 1700 973">
    <p class='ocr_par' dir='ltr' id='par_1_9' title="bbox 137 906 1700 973">
     <span class='ocr_line' id='line_1_9' title="bbox 137 906 1700 973; baseline 0.001 -18"><span class='ocrx_word' id='word_1_44' title='bbox 137 906 313 972; x_wconf 86' lang='grc' dir='ltr'>μαίων</span> <span class='ocrx_word' id='word_1_45' title='bbox 350 906 665 973; x_wconf 76' lang='grc' dir='ltr'>βασιλεῦσιο</span> <span class='ocrx_word' id='word_1_46' title='bbox 703 908 796 959; x_wconf 76' lang='grc' dir='ltr'>καὶ</span> <span class='ocrx_word' id='word_1_47' title='bbox 826 906 917 958; x_wconf 85' lang='grc' dir='ltr'>νῦν</span> <span class='ocrx_word' id='word_1_48' title='bbox 944 907 1086 973; x_wconf 83' lang='grc' dir='ltr'>ὑπὲρ</span> <span class='ocrx_word' id='word_1_49' title='bbox 1116 908 1357 971; x_wconf 82' lang='grc' dir='ltr'>εὐδοξίας</span> <span class='ocrx_word' id='word_1_50' title='bbox 1396 909 1489 959; x_wconf 74' lang='grc' dir='ltr'>καὶ</span> <span class='ocrx_word' id='word_1_51' title='bbox 1535 907 1700 972; x_wconf 73' lang='grc' dir='ltr'>τιμῆς</span> 
     </span>
    </p>
   </div>
   <div class='ocr_carea' id='block_1_10' title="bbox 141 992 1700 1065">
    <p class='ocr_par' dir='ltr' id='par_1_10' title="bbox 141 992 1700 1065">
     <span class='ocr_line' id='line_1_10' title="bbox 141 992 1700 1065; baseline 0.001 -20"><span class='ocrx_word' id='word_1_52' title='bbox 141 997 340 1048; x_wconf 72' lang='grc' dir='ltr'>μᾶλλον</span> <span class='ocrx_word' id='word_1_53' title='bbox 378 1000 605 1063; x_wconf 75' lang='grc' dir='ltr'>αἱρεῖται</span> <span class='ocrx_word' id='word_1_54' title='bbox 638 998 703 1049; x_wconf 88' lang='grc' dir='ltr'>τά</span> <span class='ocrx_word' id='word_1_55' title='bbox 732 999 882 1049; x_wconf 85' lang='grc' dir='ltr'>δεινά</span> <span class='ocrx_word' id='word_1_56' title='bbox 903 1012 914 1024; x_wconf 93' lang='grc'><strong>·</strong></span> <span class='ocrx_word' id='word_1_57' title='bbox 948 997 1089 1065; x_wconf 86' lang='grc' dir='ltr'>ὑπὲρ</span> <span class='ocrx_word' id='word_1_58' title='bbox 1119 992 1192 1049; x_wconf 80' lang='grc' dir='ltr'>ὧν</span> <span class='ocrx_word' id='word_1_59' title='bbox 1222 998 1317 1048; x_wconf 89' lang='grc' dir='ltr'>οὐκ</span> <span class='ocrx_word' id='word_1_60' title='bbox 1350 997 1413 1049; x_wconf 86' lang='grc' dir='ltr'>ἄν</span> <span class='ocrx_word' id='word_1_61' title='bbox 1443 1014 1523 1057; x_wconf 87' lang='grc' dir='ltr'>τις</span> <span class='ocrx_word' id='word_1_62' title='bbox 1563 995 1700 1063; x_wconf 86' lang='grc' dir='ltr'>μέμ-</span> 
     </span>
    </p>
   </div>
   <div class='ocr_carea' id='block_1_11' title="bbox 1801 630 3364 698">
    <p class='ocr_par' dir='ltr' id='par_1_11' title="bbox 1801 630 3364 698">
     <span class='ocr_line' id='line_1_11' title="bbox 1801 630 3364 698; baseline 0.001 -13"><span class='ocrx_word' id='word_1_63' title='bbox 1801 648 1922 685; x_wconf 89' lang='lat' dir='ltr'>rum</span> <span class='ocrx_word' id='word_1_64' title='bbox 1968 633 2319 698; x_wconf 89' lang='lat' dir='ltr'><strong>:orabatque</strong></span> <span class='ocrx_word' id='word_1_65' title='bbox 2365 630 2746 696; x_wconf 73' lang='lat' dir='ltr'><strong>imperatorem</strong></span> <span class='ocrx_word' id='word_1_66' title='bbox 2799 630 3051 690; x_wconf 81' lang='lat' dir='ltr'><strong>afﬁnem.</strong></span> <span class='ocrx_word' id='word_1_67' title='bbox 3100 631 3144 684; x_wconf 88' lang='lat' dir='ltr'>si</span> <span class='ocrx_word' id='word_1_68' title='bbox 3200 633 3364 686; x_wconf 86' lang='lat' dir='ltr'><strong>vellet</strong></span> 
     </span>
    </p>
   </div>
   <div class='ocr_carea' id='block_1_12' title="bbox 1803 721 3363 787">
    <p class='ocr_par' dir='ltr' id='par_1_12' title="bbox 1803 721 3363 787">
     <span class='ocr_line' id='line_1_12' title="bbox 1803 721 3363 787; baseline -0.001 -11"><span class='ocrx_word' id='word_1_69' title='bbox 1803 732 1950 776; x_wconf 87' lang='lat' dir='ltr'><strong>recte</strong></span> <span class='ocrx_word' id='word_1_70' title='bbox 1993 721 2188 785; x_wconf 81' lang='lat' dir='ltr'><strong>facere,</strong></span> <span class='ocrx_word' id='word_1_71' title='bbox 2223 736 2290 774; x_wconf 86' lang='lat' dir='ltr'>ne</span> <span class='ocrx_word' id='word_1_72' title='bbox 2333 736 2390 772; x_wconf 90' lang='lat' dir='ltr'>se</span> <span class='ocrx_word' id='word_1_73' title='bbox 2441 721 2548 773; x_wconf 86' lang='lat' dir='ltr'><strong>ullo</strong></span> <span class='ocrx_word' id='word_1_74' title='bbox 2579 731 2902 775; x_wconf 80' lang='lat' dir='ltr'><strong>ornamento</strong></span> <span class='ocrx_word' id='word_1_75' title='bbox 2949 721 3227 787; x_wconf 79' lang='lat' dir='ltr'><strong>spoliaret,</strong></span> <span class='ocrx_word' id='word_1_76' title='bbox 3269 722 3363 775; x_wconf 61' lang='lat' dir='ltr'>sui</span> 
     </span>
    </p>
   </div>
   <div class='ocr_carea' id='block_1_13' title="bbox 1803 810 3365 879">
    <p class='ocr_par' dir='ltr' id='par_1_13' title="bbox 1803 810 3365 879">
     <span class='ocr_line' id='line_1_13' title="bbox 1803 810 3365 879; baseline 0 -15"><span class='ocrx_word' id='word_1_77' title='bbox 1803 826 1926 864; x_wconf 89' lang='lat' dir='ltr'>cum</span> <span class='ocrx_word' id='word_1_78' title='bbox 1957 825 2014 864; x_wconf 89' lang='lat' dir='ltr'>se</span> <span class='ocrx_word' id='word_1_79' title='bbox 2057 825 2275 863; x_wconf 78' lang='lat' dir='ltr'><strong>carcere</strong></span> <span class='ocrx_word' id='word_1_80' title='bbox 2310 810 2639 871; x_wconf 82' lang='lat' dir='ltr'><strong>absolveret,</strong></span> <span class='ocrx_word' id='word_1_81' title='bbox 2668 820 2779 863; x_wconf 90' lang='lat' dir='ltr'>tum</span> <span class='ocrx_word' id='word_1_82' title='bbox 2827 813 3212 879; x_wconf 62' lang='lat' dir='ltr'><strong>imperatorem</strong></span> <span class='ocrx_word' id='word_1_83' title='bbox 3244 826 3365 864; x_wconf 82' lang='lat' dir='ltr'><strong>esse</strong></span> 
     </span>
    </p>
   </div>
   <div class='ocr_carea' id='block_1_14' title="bbox 1807 902 3363 971">
    <p class='ocr_par' dir='ltr' id='par_1_14' title="bbox 1807 902 3363 971">
     <span class='ocr_line' id='line_1_14' title="bbox 1807 902 3363 971; baseline 0.001 -18"><span class='ocrx_word' id='word_1_84' title='bbox 1807 911 2101 971; x_wconf 62' lang='lat' dir='ltr'><strong>pateretur.</strong></span> <span class='ocrx_word' id='word_1_85' title='bbox 2161 902 2270 955; x_wconf 93' lang='lat' dir='ltr'><strong>lloc</strong></span> <span class='ocrx_word' id='word_1_86' title='bbox 2304 904 2349 955; x_wconf 91' lang='lat' dir='ltr'>si</span> <span class='ocrx_word' id='word_1_87' title='bbox 2392 903 2492 956; x_wconf 86' lang='lat' dir='ltr'><strong>sibi</strong></span> <span class='ocrx_word' id='word_1_88' title='bbox 2542 911 2788 971; x_wconf 75' lang='lat' dir='ltr'><strong>negaret,</strong></span> <span class='ocrx_word' id='word_1_89' title='bbox 2822 903 3001 971; x_wconf 82' lang='lat' dir='ltr'><strong>quoad</strong></span> <span class='ocrx_word' id='word_1_90' title='bbox 3045 905 3274 969; x_wconf 88' lang='lat' dir='ltr'><strong>viveret,</strong></span> <span class='ocrx_word' id='word_1_91' title='bbox 3311 903 3363 956; x_wconf 91' lang='lat' dir='ltr'>in</span> 
     </span>
    </p>
   </div>
   <div class='ocr_carea' id='block_1_15' title="bbox 1804 993 2450 1048">
    <p class='ocr_par' dir='ltr' id='par_1_15' title="bbox 1804 993 2450 1048">
     <span class='ocr_line' id='line_1_15' title="bbox 1804 993 2450 1048; baseline 0.005 -5"><span class='ocrx_word' id='word_1_92' title='bbox 1804 993 2031 1046; x_wconf 87' lang='lat' dir='ltr'><strong>vinculis</strong></span> <span class='ocrx_word' id='word_1_93' title='bbox 2059 993 2244 1046; x_wconf 87' lang='lat' dir='ltr'><strong>babcri</strong></span> <span class='ocrx_word' id='word_1_94' title='bbox 2274 994 2450 1048; x_wconf 83' lang='lat' dir='ltr'><strong>malle.</strong></span> 
     </span>
    </p>
   </div>
   <div class='ocr_carea' id='block_1_16' title="bbox 134 1083 3364 1156">
    <p class='ocr_par' dir='ltr' id='par_1_16' title="bbox 134 1083 3364 1156">
     <span class='ocr_line' id='line_1_16' title="bbox 134 1083 3364 1156; baseline -0.001 -18"><span class='ocrx_word' id='word_1_95' title='bbox 134 1104 290 1153; x_wconf 76' lang='grc' dir='ltr'>φοιτο</span> <span class='ocrx_word' id='word_1_96' title='bbox 311 1089 532 1149; x_wconf 86' lang='grc' dir='ltr'>δικαίως</span> <span class='ocrx_word' id='word_1_97' title='bbox 565 1083 623 1140; x_wconf 71' lang='grc' dir='ltr'>εὖ</span> <span class='ocrx_word' id='word_1_98' title='bbox 650 1088 985 1155; x_wconf 80' lang='grc' dir='ltr'>φρονῶν.”Αν</span> <span class='ocrx_word' id='word_1_99' title='bbox 1020 1088 1075 1140; x_wconf 73' lang='grc' dir='ltr'>δὲ</span> <span class='ocrx_word' id='word_1_100' title='bbox 1110 1088 1244 1155; x_wconf 75' lang='grc' dir='ltr'>πρὸς</span> <span class='ocrx_word' id='word_1_101' title='bbox 1266 1089 1364 1156; x_wconf 79' lang='grc' dir='ltr'>τὴν</span> <span class='ocrx_word' id='word_1_102' title='bbox 1383 1086 1641 1140; x_wconf 76' lang='grc' dir='ltr'>δοκοῦσαν</span> <span class='ocrx_word' id='word_1_103' title='bbox 1660 1083 2000 1152; x_wconf 74' lang='grc' dir='ltr'>δυσπραγίαν</span> <span class='ocrx_word' id='word_1_104' title='bbox 2025 1083 2366 1150; x_wconf 75' lang='grc' dir='ltr'>ὑποπτήξας,</span> <span class='ocrx_word' id='word_1_105' title='bbox 2407 1084 2731 1154; x_wconf 86' lang='grc' dir='ltr'>καταπροδῴ</span> <span class='ocrx_word' id='word_1_106' title='bbox 2760 1084 2860 1154; x_wconf 77' lang='grc' dir='ltr'>τὴν</span> <span class='ocrx_word' id='word_1_107' title='bbox 2888 1083 3133 1147; x_wconf 81' lang='grc' dir='ltr'>εὐδοξίαν</span> <span class='ocrx_word' id='word_1_108' title='bbox 3163 1087 3364 1151; x_wconf 57' lang='grc' dir='ltr'>ὲκοντλ,</span> 
     </span>
    </p>
   </div>
   <div class='ocr_carea' id='block_1_17' title="bbox 136 1172 3367 1246">
    <p class='ocr_par' dir='ltr' id='par_1_17' title="bbox 136 1172 3367 1246">
     <span class='ocr_line' id='line_1_17' title="bbox 136 1172 3367 1246; baseline 0.001 -19"><span class='ocrx_word' id='word_1_109' title='bbox 136 1179 241 1239; x_wconf 72' lang='grc' dir='ltr'>πὶς</span> <span class='ocrx_word' id='word_1_110' title='bbox 282 1177 528 1229; x_wconf 76' lang='grc' dir='ltr'>ὁστισοῦν</span> <span class='ocrx_word' id='word_1_111' title='bbox 549 1177 615 1229; x_wconf 84' lang='grc' dir='ltr'>ἂν</span> <span class='ocrx_word' id='word_1_112' title='bbox 646 1178 867 1239; x_wconf 81' lang='grc' dir='ltr'>δικαίως</span> <span class='ocrx_word' id='word_1_113' title='bbox 924 1176 1287 1246; x_wconf 51' lang='grc' dir='ltr'>μικροψυχίας</span> <span class='ocrx_word' id='word_1_114' title='bbox 1328 1179 1422 1228; x_wconf 75' lang='grc' dir='ltr'>καὶ</span> <span class='ocrx_word' id='word_1_115' title='bbox 1449 1174 1829 1241; x_wconf 85' lang='grc' dir='ltr'>ἀνελευθερίας</span> <span class='ocrx_word' id='word_1_116' title='bbox 1868 1172 2153 1241; x_wconf 67' lang='grc' dir='ltr'>γράφοιτο.</span> <span class='ocrx_word' id='word_1_117' title='bbox 2180 1174 2256 1224; x_wconf 80' lang='grc' dir='ltr'>Δι’</span> <span class='ocrx_word' id='word_1_118' title='bbox 2295 1176 2331 1225; x_wconf 82' lang='grc' dir='ltr'>ἀ</span> <span class='ocrx_word' id='word_1_119' title='bbox 2364 1174 2493 1243; x_wconf 71' lang='grc' dir='ltr'>ῥᾷον</span> <span class='ocrx_word' id='word_1_120' title='bbox 2516 1174 2583 1226; x_wconf 83' lang='grc' dir='ltr'>ἂν</span> <span class='ocrx_word' id='word_1_121' title='bbox 2604 1176 2815 1240; x_wconf 80' lang='grc' dir='ltr'>ἐνέγκοι</span> <span class='ocrx_word' id='word_1_122' title='bbox 2837 1175 2897 1228; x_wconf 77' lang='grc' dir='ltr'>τὸ</span> <span class='ocrx_word' id='word_1_123' title='bbox 2935 1177 3251 1244; x_wconf 85' lang='grc' dir='ltr'>δεσμεῖσθαι</span> <span class='ocrx_word' id='word_1_124' title='bbox 3277 1180 3367 1230; x_wconf 64' lang='grc' dir='ltr'>δῖα</span> 
     </span>
    </p>
   </div>
   <div class='ocr_carea' id='block_1_18' title="bbox 137 1264 3365 1339">
    <p class='ocr_par' dir='ltr' id='par_1_18' title="bbox 137 1264 3365 1339">
     <span class='ocr_line' id='line_1_18' title="bbox 137 1264 3365 1339; baseline 0.001 -19"><span class='ocrx_word' id='word_1_125' title='bbox 137 1268 275 1338; x_wconf 78' lang='grc' dir='ltr'>βίον,</span> <span class='ocrx_word' id='word_1_126' title='bbox 303 1268 334 1336; x_wconf 83' lang='grc' dir='ltr'>ἦ</span> <span class='ocrx_word' id='word_1_127' title='bbox 362 1268 783 1335; x_wconf 84' lang='grc' dir='ltr'>καταπροῖεσθαι</span> <span class='ocrx_word' id='word_1_128' title='bbox 811 1268 910 1337; x_wconf 78' lang='grc' dir='ltr'>τὴν</span> <span class='ocrx_word' id='word_1_129' title='bbox 931 1269 1086 1331; x_wconf 71' lang='grc' dir='ltr'>δόξαν</span> <span class='ocrx_word' id='word_1_130' title='bbox 1114 1269 1199 1320; x_wconf 71' lang='grc' dir='ltr'>διὰ</span> <span class='ocrx_word' id='word_1_131' title='bbox 1225 1268 1321 1337; x_wconf 73' lang='grc' dir='ltr'>τὴν</span> <span class='ocrx_word' id='word_1_132' title='bbox 1344 1268 1399 1318; x_wconf 82' lang='grc' dir='ltr'>ὲν</span> <span class='ocrx_word' id='word_1_133' title='bbox 1420 1265 1489 1333; x_wconf 78' lang='grc' dir='ltr'>τῷ</span> <span class='ocrx_word' id='word_1_134' title='bbox 1513 1265 1737 1334; x_wconf 82' lang='grc' dir='ltr'>παρόντι</span> <span class='ocrx_word' id='word_1_135' title='bbox 1760 1266 1861 1316; x_wconf 75' lang='grc' dir='ltr'>τῶν</span> <span class='ocrx_word' id='word_1_136' title='bbox 1887 1264 2076 1317; x_wconf 68' lang='grc' dir='ltr'>δεινῶν</span> <span class='ocrx_word' id='word_1_137' title='bbox 2097 1264 2416 1332; x_wconf 83' lang='grc' dir='ltr'>ἀπαλλαγήν</span> <span class='ocrx_word' id='word_1_138' title='bbox 2438 1282 2452 1297; x_wconf 86' lang='grc'><strong>·</strong></span> <span class='ocrx_word' id='word_1_139' title='bbox 2485 1265 2636 1334; x_wconf 72' lang='grc' dir='ltr'>ἠξίου</span> <span class='ocrx_word' id='word_1_140' title='bbox 2651 1283 2709 1317; x_wconf 89' lang='grc' dir='ltr'>τε</span> <span class='ocrx_word' id='word_1_141' title='bbox 2736 1266 2959 1335; x_wconf 80' lang='grc' dir='ltr'>βασιλέα</span> <span class='ocrx_word' id='word_1_142' title='bbox 2979 1270 3069 1320; x_wconf 84' lang='grc' dir='ltr'>τὸν</span> <span class='ocrx_word' id='word_1_143' title='bbox 3094 1271 3365 1339; x_wconf 70' lang='grc' dir='ltr'>γαμϐρὸν,</span> 
     </span>
    </p>
   </div>
   <div class='ocr_carea' id='block_1_19' title="bbox 137 1356 3364 1431">
    <p class='ocr_par' dir='ltr' id='par_1_19' title="bbox 137 1356 3364 1431">
     <span class='ocr_line' id='line_1_19' title="bbox 137 1356 3364 1431; baseline 0.001 -21"><span class='ocrx_word' id='word_1_144' title='bbox 137 1364 185 1410; x_wconf 90' lang='grc' dir='ltr'>εἰ</span> <span class='ocrx_word' id='word_1_145' title='bbox 218 1359 461 1426; x_wconf 61' lang='grc' dir='ltr'>βούλοιτο</span> <span class='ocrx_word' id='word_1_146' title='bbox 494 1360 560 1411; x_wconf 88' lang='grc' dir='ltr'>τά</span> <span class='ocrx_word' id='word_1_147' title='bbox 586 1359 773 1411; x_wconf 83' lang='grc' dir='ltr'>δέοντα</span> <span class='ocrx_word' id='word_1_148' title='bbox 807 1361 998 1423; x_wconf 80' lang='grc' dir='ltr'>ποιεῖν,</span> <span class='ocrx_word' id='word_1_149' title='bbox 1030 1360 1252 1427; x_wconf 64' lang='grc' dir='ltr'>μηδενὸς</span> <span class='ocrx_word' id='word_1_150' title='bbox 1282 1358 1602 1425; x_wconf 72' lang='grc' dir='ltr'>ἀποστερεῖν</span> <span class='ocrx_word' id='word_1_151' title='bbox 1636 1356 1743 1431; x_wconf 81' lang='grc' dir='ltr'>τῶν</span> <span class='ocrx_word' id='word_1_152' title='bbox 1766 1357 1935 1409; x_wconf 67' lang='grc' dir='ltr'>ὄντων</span> <span class='ocrx_word' id='word_1_153' title='bbox 1955 1372 1967 1386; x_wconf 89' lang='grc'><strong>·</strong></span> <span class='ocrx_word' id='word_1_154' title='bbox 2006 1356 2139 1409; x_wconf 86' lang='grc' dir='ltr'>ἀλλά</span> <span class='ocrx_word' id='word_1_155' title='bbox 2165 1356 2299 1425; x_wconf 71' lang='grc' dir='ltr'>πρὸς</span> <span class='ocrx_word' id='word_1_156' title='bbox 2329 1356 2405 1424; x_wconf 81' lang='grc' dir='ltr'>τῷ</span> <span class='ocrx_word' id='word_1_157' title='bbox 2430 1358 2644 1423; x_wconf 72' lang='grc' dir='ltr'>ἀφεῖναι</span> <span class='ocrx_word' id='word_1_158' title='bbox 2665 1357 2757 1409; x_wconf 84' lang='grc' dir='ltr'>τοῦ</span> <span class='ocrx_word' id='word_1_159' title='bbox 2781 1358 3161 1427; x_wconf 79' lang='grc' dir='ltr'>δεσμωτηρίου</span> <span class='ocrx_word' id='word_1_160' title='bbox 3183 1362 3275 1413; x_wconf 74' lang='grc' dir='ltr'>καὶ</span> <span class='ocrx_word' id='word_1_161' title='bbox 3300 1362 3364 1414; x_wconf 74' lang='grc' dir='ltr'>τδ</span> 
     </span>
    </p>
   </div>
   <div class='ocr_carea' id='block_1_20' title="bbox 138 1447 3362 1525">
    <p class='ocr_par' dir='ltr' id='par_1_20' title="bbox 138 1447 3362 1525">
     <span class='ocr_line' id='line_1_20' title="bbox 138 1447 3362 1525; baseline 0.001 -18"><span class='ocrx_word' id='word_1_162' title='bbox 138 1454 364 1522; x_wconf 75' lang='grc' dir='ltr'>βασιλέα</span> <span class='ocrx_word' id='word_1_163' title='bbox 384 1449 517 1506; x_wconf 81' lang='grc' dir='ltr'>εἶναι</span> <span class='ocrx_word' id='word_1_164' title='bbox 545 1454 939 1523; x_wconf 82' lang='grc' dir='ltr'>συγχωρεῖν.Ἦ</span> <span class='ocrx_word' id='word_1_165' title='bbox 960 1455 1008 1506; x_wconf 88' lang='grc' dir='ltr'>εί</span> <span class='ocrx_word' id='word_1_166' title='bbox 1032 1454 1165 1525; x_wconf 82' lang='grc' dir='ltr'>μηδὲ</span> <span class='ocrx_word' id='word_1_167' title='bbox 1192 1454 1365 1506; x_wconf 88' lang='grc' dir='ltr'>ταῦτα</span> <span class='ocrx_word' id='word_1_168' title='bbox 1398 1452 1729 1521; x_wconf 84' lang='grc' dir='ltr'>συγχωροίη,</span> <span class='ocrx_word' id='word_1_169' title='bbox 1764 1452 1965 1521; x_wconf 77' lang='grc' dir='ltr'>μᾶλλον</span> <span class='ocrx_word' id='word_1_170' title='bbox 1991 1453 2152 1505; x_wconf 79' lang='grc' dir='ltr'>αὑτὸν</span> <span class='ocrx_word' id='word_1_171' title='bbox 2177 1452 2502 1521; x_wconf 76' lang='grc' dir='ltr'>αἱρήσεσθαι</span> <span class='ocrx_word' id='word_1_172' title='bbox 2532 1452 2591 1505; x_wconf 82' lang='grc' dir='ltr'>τὸ</span> <span class='ocrx_word' id='word_1_173' title='bbox 2620 1447 2760 1506; x_wconf 76' lang='grc' dir='ltr'>εἶναι</span> <span class='ocrx_word' id='word_1_174' title='bbox 2782 1451 2870 1505; x_wconf 87' lang='grc' dir='ltr'>διά</span> <span class='ocrx_word' id='word_1_175' title='bbox 2896 1452 3013 1521; x_wconf 82' lang='grc' dir='ltr'>βίου</span> <span class='ocrx_word' id='word_1_176' title='bbox 3034 1454 3090 1506; x_wconf 80' lang='grc' dir='ltr'>ἑν</span> <span class='ocrx_word' id='word_1_177' title='bbox 3118 1454 3362 1524; x_wconf 72' lang='grc' dir='ltr'>δεσμοῖς.</span> 
     </span>
    </p>
   </div>
   <div class='ocr_carea' id='block_1_21' title="bbox 1408 1592 2102 1663">
    <p class='ocr_par' dir='ltr' id='par_1_21' title="bbox 1408 1592 2102 1663">
     <span class='ocr_line' id='line_1_21' title="bbox 1408 1592 2102 1663; baseline -0.01 -9"><span class='ocrx_word' id='word_1_178' title='bbox 1408 1595 1565 1663; x_wconf 79' lang='grc'>90],</span> <span class='ocrx_word' id='word_1_179' title='bbox 1607 1593 1831 1648; x_wconf 77' lang='lat' dir='ltr'><strong>CAPUT</strong></span> <span class='ocrx_word' id='word_1_180' title='bbox 1871 1592 2102 1647; x_wconf 78' lang='lat' dir='ltr'>XLVIII.</span> 
     </span>
    </p>
   </div>
   <div class='ocr_carea' id='block_1_22' title="bbox 134 1705 3363 1773">
    <p class='ocr_par' dir='ltr' id='par_1_22' title="bbox 134 1705 3363 1773">
     <span class='ocr_line' id='line_1_22' title="bbox 134 1705 3363 1773; baseline 0.002 -14"><span class='ocrx_word' id='word_1_181' title='bbox 134 1705 359 1771; x_wconf 66' lang='lat' dir='ltr'><strong>Sapiens</strong></span> <span class='ocrx_word' id='word_1_182' title='bbox 393 1707 745 1763; x_wconf 74' lang='lat' dir='ltr'><strong>Cantacuzrni</strong></span> <span class='ocrx_word' id='word_1_183' title='bbox 771 1712 939 1763; x_wconf 79' lang='lat' dir='ltr'><strong>oratio</strong></span> <span class='ocrx_word' id='word_1_184' title='bbox 968 1709 1037 1761; x_wconf 83' lang='lat' dir='ltr'><strong>ml</strong></span> <span class='ocrx_word' id='word_1_185' title='bbox 1062 1708 1231 1773; x_wconf 84' lang='lat' dir='ltr'><strong>ﬁlium</strong></span> <span class='ocrx_word' id='word_1_186' title='bbox 1261 1709 1620 1767; x_wconf 80' lang='lat' dir='ltr'><strong>erudiendum,</strong></span> <span class='ocrx_word' id='word_1_187' title='bbox 1658 1716 1706 1758; x_wconf 82' lang='lat' dir='ltr'>ct</span> <span class='ocrx_word' id='word_1_188' title='bbox 1737 1724 1767 1759; x_wconf 89' lang='lat' dir='ltr'>a</span> <span class='ocrx_word' id='word_1_189' title='bbox 1798 1710 2079 1773; x_wconf 76' lang='lat' dir='ltr'>cupiditate</span> <span class='ocrx_word' id='word_1_190' title='bbox 2135 1708 2431 1771; x_wconf 81' lang='lat' dir='ltr'><strong>imperandi</strong></span> <span class='ocrx_word' id='word_1_191' title='bbox 2484 1708 2864 1771; x_wconf 75' lang='lat' dir='ltr'><strong>deducendum,</strong></span> <span class='ocrx_word' id='word_1_192' title='bbox 2912 1728 2976 1765; x_wconf 77' lang='lat' dir='ltr'><strong>ea:</strong></span> <span class='ocrx_word' id='word_1_193' title='bbox 3023 1719 3191 1765; x_wconf 78' lang='lat' dir='ltr'><strong>status</strong></span> <span class='ocrx_word' id='word_1_194' title='bbox 3221 1714 3363 1768; x_wconf 79' lang='lat' dir='ltr'><strong><em>illius</em></strong></span> 
     </span>
    </p>
   </div>
   <div class='ocr_carea' id='block_1_23' title="bbox 204 1777 3364 1851">
    <p class='ocr_par' dir='ltr' id='par_1_23' title="bbox 204 1777 3364 1851">
     <span class='ocr_line' id='line_1_23' title="bbox 204 1777 3364 1851; baseline 0.003 -23"><span class='ocrx_word' id='word_1_195' title='bbox 204 1780 526 1845; x_wconf 77' lang='lat' dir='ltr'><strong>di/ﬁrultate,</strong></span> <span class='ocrx_word' id='word_1_196' title='bbox 558 1779 822 1845; x_wconf 76' lang='lat' dir='ltr'>periculis,</span> <span class='ocrx_word' id='word_1_197' title='bbox 860 1778 1140 1831; x_wconf 78' lang='lat' dir='ltr'>laboribus.</span> <span class='ocrx_word' id='word_1_198' title='bbox 1179 1777 1416 1851; x_wconf 75' lang='lat' dir='ltr'><strong>Occurrit</strong></span> <span class='ocrx_word' id='word_1_199' title='bbox 1450 1777 1746 1851; x_wconf 71' lang='lat' dir='ltr'><strong>objectioni,</strong></span> <span class='ocrx_word' id='word_1_200' title='bbox 1768 1778 2035 1851; x_wconf 71' lang='lat' dir='ltr'><strong>indicans,</strong></span> <span class='ocrx_word' id='word_1_201' title='bbox 2065 1780 2262 1851; x_wconf 59' lang='lat' dir='ltr'><strong>quau:</strong></span> <span class='ocrx_word' id='word_1_202' title='bbox 2297 1794 2477 1838; x_wconf 71' lang='lat' dir='ltr'><strong>causa,</strong></span> <span class='ocrx_word' id='word_1_203' title='bbox 2515 1789 2561 1851; x_wconf 79' lang='lat' dir='ltr'>ct</span> <span class='ocrx_word' id='word_1_204' title='bbox 2599 1794 2700 1845; x_wconf 84' lang='lat' dir='ltr'>quo</span> <span class='ocrx_word' id='word_1_205' title='bbox 2746 1780 2922 1834; x_wconf 81' lang='lat' dir='ltr'><strong>animo</strong></span> <span class='ocrx_word' id='word_1_206' title='bbox 2952 1783 3225 1851; x_wconf 84' lang='lat' dir='ltr'><strong>imperium</strong></span> <span class='ocrx_word' id='word_1_207' title='bbox 3258 1786 3364 1851; x_wconf 80' lang='lat' dir='ltr'><strong>ipse</strong></span> 
     </span>
    </p>
   </div>
   <div class='ocr_carea' id='block_1_24' title="bbox 202 1846 2735 1918">
    <p class='ocr_par' dir='ltr' id='par_1_24' title="bbox 202 1846 2735 1918">
     <span class='ocr_line' id='line_1_24' title="bbox 202 1846 2735 1918; baseline 0.001 -19"><span class='ocrx_word' id='word_1_208' title='bbox 202 1852 511 1915; x_wconf 74' lang='lat' dir='ltr'><strong>susceperit.</strong></span> <span class='ocrx_word' id='word_1_209' title='bbox 548 1849 732 1902; x_wconf 82' lang='lat' dir='ltr'><strong>Oratio</strong></span> <span class='ocrx_word' id='word_1_210' title='bbox 767 1852 875 1901; x_wconf 74' lang='lat' dir='ltr'><strong>lucc</strong></span> <span class='ocrx_word' id='word_1_211' title='bbox 903 1849 1182 1918; x_wconf 79' lang='lat' dir='ltr'>diligenter</span> <span class='ocrx_word' id='word_1_212' title='bbox 1215 1847 1433 1916; x_wconf 82' lang='lat' dir='ltr'><strong>legenda</strong></span> <span class='ocrx_word' id='word_1_213' title='bbox 1464 1857 1536 1898; x_wconf 84' lang='lat' dir='ltr'>est</span> <span class='ocrx_word' id='word_1_214' title='bbox 1566 1846 1654 1910; x_wconf 80' lang='lat' dir='ltr'><strong>iis,</strong></span> <span class='ocrx_word' id='word_1_215' title='bbox 1690 1848 1777 1914; x_wconf 87' lang='lat' dir='ltr'>qui</span> <span class='ocrx_word' id='word_1_216' title='bbox 1810 1846 1863 1897; x_wconf 84' lang='lat' dir='ltr'><strong><em>in</em></strong></span> <span class='ocrx_word' id='word_1_217' title='bbox 1892 1846 2025 1899; x_wconf 78' lang='lat' dir='ltr'><strong>alios</strong></span> <span class='ocrx_word' id='word_1_218' title='bbox 2056 1848 2318 1900; x_wconf 81' lang='lat' dir='ltr'>dominari</span> <span class='ocrx_word' id='word_1_219' title='bbox 2347 1849 2735 1916; x_wconf 80' lang='lat' dir='ltr'><strong>concupiscunt.</strong></span> 
     </span>
    </p>
   </div>
   <div class='ocr_carea' id='block_1_25' title="bbox 208 1982 1874 2056">
    <p class='ocr_par' dir='ltr' id='par_1_25' title="bbox 208 1986 1874 2056">
     <span class='ocr_line' id='line_1_25' title="bbox 208 1986 1874 2056; baseline -0.002 -17"><span class='ocrx_word' id='word_1_220' title='bbox 208 1986 669 2056; x_wconf 72' lang='grc' dir='ltr'>Καντακουζηνὺς</span> <span class='ocrx_word' id='word_1_221' title='bbox 702 1987 757 2040; x_wconf 77' lang='grc' dir='ltr'>δὲ</span> <span class='ocrx_word' id='word_1_222' title='bbox 785 1990 812 2040; x_wconf 81' lang='grc' dir='ltr'>ὁ</span> <span class='ocrx_word' id='word_1_223' title='bbox 848 1987 1098 2056; x_wconf 72' lang='grc' dir='ltr'>βασιλεὺς</span> <span class='ocrx_word' id='word_1_224' title='bbox 1126 1986 1415 2056; x_wconf 84' lang='grc' dir='ltr'>γενόμενος</span> <span class='ocrx_word' id='word_1_225' title='bbox 1450 1986 1508 2038; x_wconf 80' lang='grc' dir='ltr'>ἐν</span> <span class='ocrx_word' id='word_1_226' title='bbox 1552 1986 1701 2038; x_wconf 87' lang='grc' dir='ltr'>Ἐπι-</span> <span class='ocrx_word' id='word_1_227' title='bbox 1733 1989 1775 2044; x_wconf 84' lang='grc' dir='ltr'><strong>Β</strong></span> <span class='ocrx_word' id='word_1_228' title='bbox 1872 2000 1874 2021; x_wconf 72' lang='grc' dir='ltr'>ι</span> 
     </span>
    </p>
   </div>
   <div class='ocr_carea' id='block_1_26' title="bbox 1701 1982 3367 2056">
    <p class='ocr_par' dir='ltr' id='par_1_26' title="bbox 1733 1982 3367 2053">
     <span class='ocr_line' id='line_1_26' title="bbox 1733 1982 3367 2053; baseline 0.01 -19"><span class='ocrx_word' id='word_1_229' title='bbox 1733 1989 1775 2044; x_wconf 79' lang='grc' dir='ltr'><strong>Β</strong></span> <span class='ocrx_word' id='word_1_230' title='bbox 1872 1982 2282 2037; x_wconf 85' lang='lat' dir='ltr'><strong>Cantacuzcnus</strong></span> <span class='ocrx_word' id='word_1_231' title='bbox 2310 1998 2434 2038; x_wconf 90' lang='lat' dir='ltr'>cum</span> <span class='ocrx_word' id='word_1_232' title='bbox 2463 1984 2705 2051; x_wconf 84' lang='lat' dir='ltr'><strong>Epibatis</strong></span> <span class='ocrx_word' id='word_1_233' title='bbox 2734 1995 2900 2053; x_wconf 87' lang='lat' dir='ltr'><strong>esset,</strong></span> <span class='ocrx_word' id='word_1_234' title='bbox 2924 1996 2980 2043; x_wconf 91' lang='lat' dir='ltr'>et</span> <span class='ocrx_word' id='word_1_235' title='bbox 3006 1987 3120 2044; x_wconf 63' lang='lat' dir='ltr'><strong>bazc</strong></span> <span class='ocrx_word' id='word_1_236' title='bbox 3149 1991 3216 2046; x_wconf 93' lang='lat' dir='ltr'>de</span> <span class='ocrx_word' id='word_1_237' title='bbox 3252 1993 3367 2050; x_wconf 77' lang='lat' dir='ltr'><strong>filio</strong></span> 
     </span>
    </p>
   </div>
   <div class='ocr_carea' id='block_1_27' title="bbox 136 2078 1699 2149">
    <p class='ocr_par' dir='ltr' id='par_1_27' title="bbox 136 2078 1699 2149">
     <span class='ocr_line' id='line_1_27' title="bbox 136 2078 1699 2149; baseline -0.002 -17"><span class='ocrx_word' id='word_1_238' title='bbox 136 2081 351 2142; x_wconf 70' lang='grc' dir='ltr'>ϐάταις,</span> <span class='ocrx_word' id='word_1_239' title='bbox 390 2080 515 2133; x_wconf 74' lang='grc' dir='ltr'>ἐπεὶ</span> <span class='ocrx_word' id='word_1_240' title='bbox 542 2081 764 2133; x_wconf 85' lang='grc' dir='ltr'>πύθοιτο</span> <span class='ocrx_word' id='word_1_241' title='bbox 791 2080 1019 2132; x_wconf 87' lang='grc' dir='ltr'>τοιαῦτα</span> <span class='ocrx_word' id='word_1_242' title='bbox 1044 2080 1289 2149; x_wconf 78' lang='grc' dir='ltr'>περὶτοῦ</span> <span class='ocrx_word' id='word_1_243' title='bbox 1322 2078 1460 2143; x_wconf 89' lang='grc' dir='ltr'>υίοῦ,</span> <span class='ocrx_word' id='word_1_244' title='bbox 1491 2078 1699 2130; x_wconf 80' lang='grc' dir='ltr'>πείθειν</span> 
     </span>
    </p>
   </div>
   <div class='ocr_carea' id='block_1_28' title="bbox 133 2170 1699 2241">
    <p class='ocr_par' dir='ltr' id='par_1_28' title="bbox 133 2170 1699 2241">
     <span class='ocr_line' id='line_1_28' title="bbox 133 2170 1699 2241; baseline -0.001 -19"><span class='ocrx_word' id='word_1_245' title='bbox 133 2172 433 2241; x_wconf 75' lang='grc' dir='ltr'>ἐπεχείρει,</span> <span class='ocrx_word' id='word_1_246' title='bbox 464 2172 538 2233; x_wconf 84' lang='grc' dir='ltr'>ὠς</span> <span class='ocrx_word' id='word_1_247' title='bbox 567 2172 627 2223; x_wconf 87' lang='grc' dir='ltr'>οὐ</span> <span class='ocrx_word' id='word_1_248' title='bbox 659 2172 1005 2239; x_wconf 77' lang='grc' dir='ltr'>προσήκοντα</span> <span class='ocrx_word' id='word_1_249' title='bbox 1035 2172 1289 2241; x_wconf 81' lang='grc' dir='ltr'>αἱρεῖται.</span> <span class='ocrx_word' id='word_1_250' title='bbox 1340 2171 1562 2241; x_wconf 82' lang='grc' dir='ltr'>Πρῶτον</span> <span class='ocrx_word' id='word_1_251' title='bbox 1600 2170 1699 2238; x_wconf 75' lang='grc' dir='ltr'>μὲν</span> 
     </span>
    </p>
   </div>
   <div class='ocr_carea' id='block_1_29' title="bbox 134 2257 1697 2331">
    <p class='ocr_par' dir='ltr' id='par_1_29' title="bbox 134 2257 1697 2331">
     <span class='ocr_line' id='line_1_29' title="bbox 134 2257 1697 2331; baseline -0.001 -17"><span class='ocrx_word' id='word_1_252' title='bbox 134 2263 242 2331; x_wconf 75' lang='grc' dir='ltr'>γάρ</span> <span class='ocrx_word' id='word_1_253' title='bbox 264 2257 406 2313; x_wconf 70' lang='grc' dir='ltr'>εἶναι</span> <span class='ocrx_word' id='word_1_254' title='bbox 433 2262 598 2330; x_wconf 87' lang='grc' dir='ltr'>μηδὲν</span> <span class='ocrx_word' id='word_1_255' title='bbox 621 2262 729 2314; x_wconf 82' lang='grc' dir='ltr'>τῶν</span> <span class='ocrx_word' id='word_1_256' title='bbox 760 2262 979 2315; x_wconf 88' lang='grc' dir='ltr'>πάντων</span> <span class='ocrx_word' id='word_1_257' title='bbox 1011 2262 1271 2329; x_wconf 77' lang='grc' dir='ltr'>ἔφασκεν,</span> <span class='ocrx_word' id='word_1_258' title='bbox 1298 2262 1325 2314; x_wconf 86' lang='grc' dir='ltr'>ὃ</span> <span class='ocrx_word' id='word_1_259' title='bbox 1371 2265 1445 2331; x_wconf 82' lang='grc' dir='ltr'>μὴ</span> <span class='ocrx_word' id='word_1_260' title='bbox 1473 2264 1536 2331; x_wconf 75' lang='grc' dir='ltr'>τῇ</span> <span class='ocrx_word' id='word_1_261' title='bbox 1562 2262 1697 2313; x_wconf 86' lang='grc' dir='ltr'>Θεοῦ</span> 
     </span>
    </p>
   </div>
   <div class='ocr_carea' id='block_1_30' title="bbox 137 2354 1699 2424">
    <p class='ocr_par' dir='ltr' id='par_1_30' title="bbox 137 2354 1699 2424">
     <span class='ocr_line' id='line_1_30' title="bbox 137 2354 1699 2424; baseline 0.002 -20"><span class='ocrx_word' id='word_1_262' title='bbox 137 2354 367 2424; x_wconf 77' lang='grc' dir='ltr'>προνοίᾳ.</span> <span class='ocrx_word' id='word_1_263' title='bbox 403 2354 705 2418; x_wconf 82' lang='grc' dir='ltr'>διοικεῖται,</span> <span class='ocrx_word' id='word_1_264' title='bbox 737 2356 971 2424; x_wconf 82' lang='grc' dir='ltr'>μάλιστα</span> <span class='ocrx_word' id='word_1_265' title='bbox 1013 2355 1069 2407; x_wconf 78' lang='grc' dir='ltr'>δὲ</span> <span class='ocrx_word' id='word_1_266' title='bbox 1093 2357 1139 2407; x_wconf 89' lang='grc' dir='ltr'>εί</span> <span class='ocrx_word' id='word_1_267' title='bbox 1176 2355 1246 2408; x_wconf 82' lang='grc' dir='ltr'>τὰ</span> <span class='ocrx_word' id='word_1_268' title='bbox 1273 2354 1393 2407; x_wconf 79' lang='grc' dir='ltr'>κατ’</span> <span class='ocrx_word' id='word_1_269' title='bbox 1442 2354 1603 2408; x_wconf 75' lang='grc' dir='ltr'>αὑτὸν</span> <span class='ocrx_word' id='word_1_270' title='bbox 1645 2355 1699 2407; x_wconf 78' lang='grc' dir='ltr'>ἓ-</span> 
     </span>
    </p>
   </div>
   <div class='ocr_carea' id='block_1_31' title="bbox 135 2445 1698 2515">
    <p class='ocr_par' dir='ltr' id='par_1_31' title="bbox 135 2445 1698 2515">
     <span class='ocr_line' id='line_1_31' title="bbox 135 2445 1698 2515; baseline 0.001 -19"><span class='ocrx_word' id='word_1_271' title='bbox 135 2462 312 2498; x_wconf 82' lang='grc' dir='ltr'>καστα</span> <span class='ocrx_word' id='word_1_272' title='bbox 353 2446 605 2512; x_wconf 82' lang='grc' dir='ltr'>σκοποίη,</span> <span class='ocrx_word' id='word_1_273' title='bbox 649 2445 808 2499; x_wconf 75' lang='grc' dir='ltr'>πάνθ’</span> <span class='ocrx_word' id='word_1_274' title='bbox 867 2447 1087 2515; x_wconf 81' lang='grc' dir='ltr'>εὑρήσει</span> <span class='ocrx_word' id='word_1_275' title='bbox 1118 2447 1183 2515; x_wconf 82' lang='grc' dir='ltr'>τῇ</span> <span class='ocrx_word' id='word_1_276' title='bbox 1221 2445 1313 2498; x_wconf 81' lang='grc' dir='ltr'>τοῦ</span> <span class='ocrx_word' id='word_1_277' title='bbox 1366 2446 1508 2499; x_wconf 85' lang='grc' dir='ltr'>Θεοῦ·</span> <span class='ocrx_word' id='word_1_278' title='bbox 1561 2448 1698 2515; x_wconf 76' lang='grc' dir='ltr'>σοφῇ</span> 
     </span>
    </p>
   </div>
   <div class='ocr_carea' id='block_1_32' title="bbox 136 2536 1702 2608">
    <p class='ocr_par' dir='ltr' id='par_1_32' title="bbox 136 2536 1702 2608">
     <span class='ocr_line' id='line_1_32' title="bbox 136 2536 1702 2608; baseline 0.004 -23"><span class='ocrx_word' id='word_1_279' title='bbox 136 2536 367 2606; x_wconf 66' lang='grc' dir='ltr'>προνοίᾳ.</span> <span class='ocrx_word' id='word_1_280' title='bbox 394 2536 729 2603; x_wconf 85' lang='grc' dir='ltr'>είργασμένα</span> <span class='ocrx_word' id='word_1_281' title='bbox 764 2536 923 2597; x_wconf 75' lang='grc' dir='ltr'>εὐθὺς</span> <span class='ocrx_word' id='word_1_282' title='bbox 951 2536 1185 2606; x_wconf 78' lang='grc' dir='ltr'>ἐξαρχῆς</span> <span class='ocrx_word' id='word_1_283' title='bbox 1214 2538 1453 2591; x_wconf 81' lang='grc' dir='ltr'>σκοπῶν.</span> <span class='ocrx_word' id='word_1_284' title='bbox 1480 2540 1555 2591; x_wconf 85' lang='grc' dir='ltr'>Τὸ</span> <span class='ocrx_word' id='word_1_285' title='bbox 1594 2541 1702 2608; x_wconf 69' lang='grc' dir='ltr'>γὰρ</span> 
     </span>
    </p>
   </div>
   <div class='ocr_carea' id='block_1_33' title="bbox 136 2626 1701 2697">
    <p class='ocr_par' dir='ltr' id='par_1_33' title="bbox 136 2626 1701 2697">
     <span class='ocr_line' id='line_1_33' title="bbox 136 2626 1701 2697; baseline 0.004 -21"><span class='ocrx_word' id='word_1_286' title='bbox 136 2626 261 2687; x_wconf 74' lang='grc' dir='ltr'>τοὺς</span> <span class='ocrx_word' id='word_1_287' title='bbox 314 2627 378 2677; x_wconf 81' lang='grc' dir='ltr'>ὲκ</span> <span class='ocrx_word' id='word_1_288' title='bbox 407 2626 656 2688; x_wconf 83' lang='grc' dir='ltr'>Φωκαίας</span> <span class='ocrx_word' id='word_1_289' title='bbox 690 2626 955 2695; x_wconf 74' lang='grc' dir='ltr'>πειρατὰς</span> <span class='ocrx_word' id='word_1_290' title='bbox 996 2626 1249 2679; x_wconf 87' lang='grc' dir='ltr'>Βιθυνίαν</span> <span class='ocrx_word' id='word_1_291' title='bbox 1284 2630 1701 2697; x_wconf 78' lang='grc' dir='ltr'>παραπλέοντας</span> 
     </span>
    </p>
   </div>
   <div class='ocr_carea' id='block_1_34' title="bbox 137 2716 1703 2786">
    <p class='ocr_par' dir='ltr' id='par_1_34' title="bbox 137 2716 1703 2786">
     <span class='ocr_line' id='line_1_34' title="bbox 137 2716 1703 2786; baseline 0.004 -19"><span class='ocrx_word' id='word_1_292' title='bbox 137 2718 218 2783; x_wconf 67' lang='grc' dir='ltr'>ἐφ’</span> <span class='ocrx_word' id='word_1_293' title='bbox 273 2716 519 2785; x_wconf 76' lang='grc' dir='ltr'>ἁρπαγῇ,</span> <span class='ocrx_word' id='word_1_294' title='bbox 572 2719 665 2769; x_wconf 76' lang='grc' dir='ltr'>καὶ</span> <span class='ocrx_word' id='word_1_295' title='bbox 717 2719 977 2786; x_wconf 83' lang='grc' dir='ltr'>μέγιστον</span> <span class='ocrx_word' id='word_1_296' title='bbox 1016 2718 1206 2785; x_wconf 80' lang='grc' dir='ltr'>κέρδος</span> <span class='ocrx_word' id='word_1_297' title='bbox 1243 2719 1574 2786; x_wconf 77' lang='grc' dir='ltr'>ἡγουμένους</span> <span class='ocrx_word' id='word_1_298' title='bbox 1607 2723 1703 2774; x_wconf 75' lang='grc' dir='ltr'>καὶ</span> 
     </span>
    </p>
   </div>
   <div class='ocr_carea' id='block_1_35' title="bbox 137 2806 1701 2877">
    <p class='ocr_par' dir='ltr' id='par_1_35' title="bbox 137 2806 1701 2877">
     <span class='ocr_line' id='line_1_35' title="bbox 137 2806 1701 2877; baseline 0.004 -20"><span class='ocrx_word' id='word_1_299' title='bbox 137 2806 243 2857; x_wconf 82' lang='grc' dir='ltr'>τῶν</span> <span class='ocrx_word' id='word_1_300' title='bbox 275 2808 626 2874; x_wconf 71' lang='grc' dir='ltr'>φαυλοτάτων</span> <span class='ocrx_word' id='word_1_301' title='bbox 649 2809 794 2869; x_wconf 76' lang='grc' dir='ltr'>τινὰς</span> <span class='ocrx_word' id='word_1_302' title='bbox 821 2808 1315 2877; x_wconf 73' lang='grc' dir='ltr'>ἑξανδραποδίζειν,</span> <span class='ocrx_word' id='word_1_303' title='bbox 1339 2809 1534 2877; x_wconf 79' lang='grc' dir='ltr'>ἀθρόον</span> <span class='ocrx_word' id='word_1_304' title='bbox 1557 2810 1701 2863; x_wconf 70' lang='grc' dir='ltr'>οὕτω</span> 
     </span>
    </p>
   </div>
   <div class='ocr_carea' id='block_1_36' title="bbox 140 2898 1703 2971">
    <p class='ocr_par' dir='ltr' id='par_1_36' title="bbox 140 2898 1703 2971">
     <span class='ocr_line' id='line_1_36' title="bbox 140 2898 1703 2971; baseline 0.003 -21"><span class='ocrx_word' id='word_1_305' title='bbox 140 2899 233 2950; x_wconf 71' lang='grc' dir='ltr'>καὶ</span> <span class='ocrx_word' id='word_1_306' title='bbox 274 2901 421 2966; x_wconf 84' lang='grc' dir='ltr'>πέρα</span> <span class='ocrx_word' id='word_1_307' title='bbox 453 2900 773 2967; x_wconf 83' lang='grc' dir='ltr'>προσδοκίας</span> <span class='ocrx_word' id='word_1_308' title='bbox 802 2899 1179 2968; x_wconf 86' lang='grc' dir='ltr'>εὐτυχηκέναι,</span> <span class='ocrx_word' id='word_1_309' title='bbox 1210 2898 1347 2952; x_wconf 81' lang='grc' dir='ltr'>ὥστε</span> <span class='ocrx_word' id='word_1_310' title='bbox 1380 2902 1467 2953; x_wconf 72' lang='grc' dir='ltr'>τὸν</span> <span class='ocrx_word' id='word_1_311' title='bbox 1496 2903 1703 2971; x_wconf 81' lang='grc' dir='ltr'>μυρίων</span> 
     </span>
    </p>
   </div>
   <div class='ocr_carea' id='block_1_37' title="bbox 146 2989 1703 3064">
    <p class='ocr_par' dir='ltr' id='par_1_37' title="bbox 146 2989 1703 3064">
     <span class='ocr_line' id='line_1_37' title="bbox 146 2989 1703 3064; baseline 0.004 -23"><span class='ocrx_word' id='word_1_312' title='bbox 146 2990 242 3057; x_wconf 79' lang='grc' dir='ltr'>μὲν</span> <span class='ocrx_word' id='word_1_313' title='bbox 276 2990 579 3055; x_wconf 84' lang='grc' dir='ltr'>ἀνθρώπων</span> <span class='ocrx_word' id='word_1_314' title='bbox 614 2989 865 3059; x_wconf 76' lang='grc' dir='ltr'>ἄρχοντα,</span> <span class='ocrx_word' id='word_1_315' title='bbox 898 2992 993 3044; x_wconf 78' lang='grc' dir='ltr'>καὶ</span> <span class='ocrx_word' id='word_1_316' title='bbox 1018 2992 1247 3060; x_wconf 72' lang='grc' dir='ltr'>δύναμιν</span> <span class='ocrx_word' id='word_1_317' title='bbox 1282 2994 1524 3061; x_wconf 79' lang='grc' dir='ltr'>μεγάλην</span> <span class='ocrx_word' id='word_1_318' title='bbox 1548 3012 1703 3064; x_wconf 77' lang='grc' dir='ltr'>περι·</span> 
     </span>
    </p>
   </div>
   <div class='ocr_carea' id='block_1_38' title="bbox 143 3080 1702 3153">
    <p class='ocr_par' dir='ltr' id='par_1_38' title="bbox 143 3080 1702 3153">
     <span class='ocr_line' id='line_1_38' title="bbox 143 3080 1702 3153; baseline 0.004 -22"><span class='ocrx_word' id='word_1_319' title='bbox 143 3080 500 3149; x_wconf 74' lang='grc' dir='ltr'>ϐεϐλημένον,</span> <span class='ocrx_word' id='word_1_320' title='bbox 554 3080 809 3147; x_wconf 83' lang='grc' dir='ltr'>μεγάλοις</span> <span class='ocrx_word' id='word_1_321' title='bbox 865 3080 923 3132; x_wconf 81' lang='grc' dir='ltr'>δὲ</span> <span class='ocrx_word' id='word_1_322' title='bbox 968 3083 1356 3151; x_wconf 80' lang='grc' dir='ltr'>στρατοπέδοις</span> <span class='ocrx_word' id='word_1_323' title='bbox 1400 3085 1702 3153; x_wconf 76' lang='grc' dir='ltr'>δυνάμενον</span> 
     </span>
    </p>
   </div>
   <div class='ocr_carea' id='block_1_39' title="bbox 144 3171 1701 3245">
    <p class='ocr_par' dir='ltr' id='par_1_39' title="bbox 144 3171 1701 3245">
     <span class='ocr_line' id='line_1_39' title="bbox 144 3171 1701 3245; baseline 0.004 -22"><span class='ocrx_word' id='word_1_324' title='bbox 144 3171 649 3235; x_wconf 75' lang='grc' dir='ltr'>ἀντικαθίστασθαι,</span> <span class='ocrx_word' id='word_1_325' title='bbox 706 3171 992 3224; x_wconf 84' lang='grc' dir='ltr'>συλλαϐεῖν</span> <span class='ocrx_word' id='word_1_326' title='bbox 1023 3174 1273 3241; x_wconf 78' lang='grc' dir='ltr'>ἀπονητὶ,</span> <span class='ocrx_word' id='word_1_327' title='bbox 1334 3176 1599 3245; x_wconf 65' lang='grc' dir='ltr'>Ὀρχάειην</span> <span class='ocrx_word' id='word_1_328' title='bbox 1644 3177 1701 3230; x_wconf 84' lang='grc' dir='ltr'>δὲ</span> 
     </span>
    </p>
   </div>
   <div class='ocr_carea' id='block_1_40' title="bbox 140 3263 1703 3335">
    <p class='ocr_par' dir='ltr' id='par_1_40' title="bbox 140 3263 1703 3335">
     <span class='ocr_line' id='line_1_40' title="bbox 140 3263 1703 3335; baseline 0.004 -22"><span class='ocrx_word' id='word_1_329' title='bbox 140 3263 232 3314; x_wconf 69' lang='grc' dir='ltr'>τὸν</span> <span class='ocrx_word' id='word_1_330' title='bbox 262 3264 474 3330; x_wconf 79' lang='grc' dir='ltr'>πατέρα</span> <span class='ocrx_word' id='word_1_331' title='bbox 533 3266 597 3331; x_wconf 80' lang='grc' dir='ltr'>τῇ</span> <span class='ocrx_word' id='word_1_332' title='bbox 636 3263 771 3331; x_wconf 71' lang='grc' dir='ltr'>πρὸς</span> <span class='ocrx_word' id='word_1_333' title='bbox 826 3263 916 3316; x_wconf 81' lang='grc' dir='ltr'>τὸν</span> <span class='ocrx_word' id='word_1_334' title='bbox 950 3265 1117 3317; x_wconf 77' lang='grc' dir='ltr'>παῖδα</span> <span class='ocrx_word' id='word_1_335' title='bbox 1172 3267 1481 3335; x_wconf 60' lang='grc' dir='ltr'>συμπαθείᾳ</span> <span class='ocrx_word' id='word_1_336' title='bbox 1537 3269 1703 3320; x_wconf 84' lang='grc' dir='ltr'>πολλά</span> 
     </span>
    </p>
   </div>
   <div class='ocr_carea' id='block_1_41' title="bbox 142 3352 1705 3428">
    <p class='ocr_par' dir='ltr' id='par_1_41' title="bbox 142 3352 1705 3428">
     <span class='ocr_line' id='line_1_41' title="bbox 142 3352 1705 3428; baseline 0.004 -24"><span class='ocrx_word' id='word_1_337' title='bbox 142 3353 401 3421; x_wconf 75' lang='grc' dir='ltr'>δεηθῆναι</span> <span class='ocrx_word' id='word_1_338' title='bbox 438 3353 720 3421; x_wconf 81' lang='grc' dir='ltr'>βασιλέως,</span> <span class='ocrx_word' id='word_1_339' title='bbox 760 3352 898 3405; x_wconf 82' lang='grc' dir='ltr'>ὥστε</span> <span class='ocrx_word' id='word_1_340' title='bbox 934 3355 1022 3407; x_wconf 83' lang='grc' dir='ltr'>τὸν</span> <span class='ocrx_word' id='word_1_341' title='bbox 1061 3356 1175 3407; x_wconf 71' lang='grc' dir='ltr'>υἱὸν</span> <span class='ocrx_word' id='word_1_342' title='bbox 1207 3357 1571 3409; x_wconf 75' lang='grc' dir='ltr'>ἀπαλλάττειν</span> <span class='ocrx_word' id='word_1_343' title='bbox 1607 3360 1705 3428; x_wconf 83' lang='grc' dir='ltr'>τῆς</span> 
     </span>
    </p>
   </div>
   <div class='ocr_carea' id='block_1_42' title="bbox 145 3443 1707 3518">
    <p class='ocr_par' dir='ltr' id='par_1_42' title="bbox 145 3443 1707 3518">
     <span class='ocr_line' id='line_1_42' title="bbox 145 3443 1707 3518; baseline 0.004 -25"><span class='ocrx_word' id='word_1_344' title='bbox 145 3443 548 3511; x_wconf 69' lang='grc' dir='ltr'>αἰχμαλωσίας,</span> <span class='ocrx_word' id='word_1_345' title='bbox 583 3445 672 3493; x_wconf 68' lang='grc' dir='ltr'>καὶ</span> <span class='ocrx_word' id='word_1_346' title='bbox 712 3443 951 3509; x_wconf 82' lang='grc' dir='ltr'>μεγάλας</span> <span class='ocrx_word' id='word_1_347' title='bbox 992 3444 1092 3513; x_wconf 84' lang='grc' dir='ltr'>τῆς</span> <span class='ocrx_word' id='word_1_348' title='bbox 1142 3445 1463 3513; x_wconf 78' lang='grc' dir='ltr'>εὐεργεσίας</span> <span class='ocrx_word' id='word_1_349' title='bbox 1504 3449 1707 3518; x_wconf 83' lang='grc' dir='ltr'>ταύτης</span> 
     </span>
    </p>
   </div>
   <div class='ocr_carea' id='block_1_43' title="bbox 146 3534 1707 3607">
    <p class='ocr_par' dir='ltr' id='par_1_43' title="bbox 146 3534 1707 3607">
     <span class='ocr_line' id='line_1_43' title="bbox 146 3534 1707 3607; baseline 0.005 -22"><span class='ocrx_word' id='word_1_350' title='bbox 146 3535 482 3601; x_wconf 79' lang='grc' dir='ltr'>ὑποσχέσθαι</span> <span class='ocrx_word' id='word_1_351' title='bbox 512 3534 744 3601; x_wconf 68' lang='grc' dir='ltr'>ἀμοιϐὰς</span> <span class='ocrx_word' id='word_1_352' title='bbox 769 3535 993 3604; x_wconf 81' lang='grc' dir='ltr'>(ἑτέρως</span> <span class='ocrx_word' id='word_1_353' title='bbox 1033 3538 1139 3606; x_wconf 85' lang='grc' dir='ltr'>γὰρ</span> <span class='ocrx_word' id='word_1_354' title='bbox 1169 3538 1315 3607; x_wconf 77' lang='grc' dir='ltr'>ἐώρα</span> <span class='ocrx_word' id='word_1_355' title='bbox 1341 3540 1440 3592; x_wconf 86' lang='grc' dir='ltr'>οὐκ</span> <span class='ocrx_word' id='word_1_356' title='bbox 1473 3540 1589 3592; x_wconf 84' lang='grc' dir='ltr'>ὲνὸν</span> <span class='ocrx_word' id='word_1_357' title='bbox 1617 3541 1707 3593; x_wconf 84' lang='grc' dir='ltr'>τὸν</span> 
     </span>
    </p>
   </div>
   <div class='ocr_carea' id='block_1_44' title="bbox 148 3624 1708 3695">
    <p class='ocr_par' dir='ltr' id='par_1_44' title="bbox 148 3624 1708 3695">
     <span class='ocr_line' id='line_1_44' title="bbox 148 3624 1708 3695; baseline 0.004 -19"><span class='ocrx_word' id='word_1_358' title='bbox 148 3628 257 3677; x_wconf 68' lang='grc' dir='ltr'>υἱὸν</span> <span class='ocrx_word' id='word_1_359' title='bbox 292 3626 657 3679; x_wconf 79' lang='grc' dir='ltr'>ἀπαλλάττειν</span> <span class='ocrx_word' id='word_1_360' title='bbox 684 3626 791 3676; x_wconf 83' lang='grc' dir='ltr'>τῶν</span> <span class='ocrx_word' id='word_1_361' title='bbox 812 3624 1073 3694; x_wconf 75' lang='grc' dir='ltr'>δεσμῶν),</span> <span class='ocrx_word' id='word_1_362' title='bbox 1097 3628 1319 3695; x_wconf 84' lang='grc' dir='ltr'>βασιλέα</span> <span class='ocrx_word' id='word_1_363' title='bbox 1347 3630 1401 3681; x_wconf 75' lang='grc' dir='ltr'>δὲ</span> <span class='ocrx_word' id='word_1_364' title='bbox 1430 3630 1708 3683; x_wconf 77' lang='grc' dir='ltr'>συνιδόντα</span> 
     </span>
    </p>
   </div>
   <div class='ocr_carea' id='block_1_45' title="bbox 148 3716 1707 3790">
    <p class='ocr_par' dir='ltr' id='par_1_45' title="bbox 148 3716 1707 3790">
     <span class='ocr_line' id='line_1_45' title="bbox 148 3716 1707 3790; baseline 0.003 -22"><span class='ocrx_word' id='word_1_365' title='bbox 148 3717 241 3769; x_wconf 82' lang='grc' dir='ltr'>καὶ</span> <span class='ocrx_word' id='word_1_366' title='bbox 278 3718 467 3779; x_wconf 76' lang='grc' dir='ltr'>αὐτὸν,</span> <span class='ocrx_word' id='word_1_367' title='bbox 524 3717 598 3775; x_wconf 87' lang='grc' dir='ltr'>ὡς</span> <span class='ocrx_word' id='word_1_368' title='bbox 648 3716 835 3769; x_wconf 84' lang='grc' dir='ltr'>τοῦτον</span> <span class='ocrx_word' id='word_1_369' title='bbox 880 3719 1081 3787; x_wconf 79' lang='grc' dir='ltr'>τρόπον</span> <span class='ocrx_word' id='word_1_370' title='bbox 1130 3720 1365 3787; x_wconf 88' lang='grc' dir='ltr'>μάλιστα</span> <span class='ocrx_word' id='word_1_371' title='bbox 1418 3720 1707 3790; x_wconf 83' lang='grc' dir='ltr'>δυνήσεται</span> 
     </span>
    </p>
   </div>
   <div class='ocr_carea' id='block_1_46' title="bbox 157 3805 1708 3875">
    <p class='ocr_par' dir='ltr' id='par_1_46' title="bbox 157 3805 1708 3875">
     <span class='ocr_line' id='line_1_46' title="bbox 157 3805 1708 3875; baseline 0.004 -18"><span class='ocrx_word' id='word_1_372' title='bbox 157 3807 427 3875; x_wconf 83' lang='grc' dir='ltr'>Ὀρχάνην</span> <span class='ocrx_word' id='word_1_373' title='bbox 462 3805 669 3858; x_wconf 86' lang='grc' dir='ltr'>πείθειν</span> <span class='ocrx_word' id='word_1_374' title='bbox 700 3805 846 3874; x_wconf 83' lang='grc' dir='ltr'>αὐτῷ</span> <span class='ocrx_word' id='word_1_375' title='bbox 880 3809 1185 3875; x_wconf 83' lang='grc' dir='ltr'>προσέχειν,</span> <span class='ocrx_word' id='word_1_376' title='bbox 1213 3810 1305 3860; x_wconf 77' lang='grc' dir='ltr'>καὶ</span> <span class='ocrx_word' id='word_1_377' title='bbox 1338 3808 1431 3862; x_wconf 88' lang='grc' dir='ltr'>τοῦ</span> <span class='ocrx_word' id='word_1_378' title='bbox 1463 3812 1544 3861; x_wconf 75' lang='grc' dir='ltr'>σοὶ</span> <span class='ocrx_word' id='word_1_379' title='bbox 1586 3811 1708 3863; x_wconf 75' lang='grc' dir='ltr'>κατ’</span> 
     </span>
    </p>
   </div>
   <div class='ocr_carea' id='block_1_47' title="bbox 148 3897 1709 3967">
    <p class='ocr_par' dir='ltr' id='par_1_47' title="bbox 148 3897 1709 3967">
     <span class='ocr_line' id='line_1_47' title="bbox 148 3897 1709 3967; baseline 0.001 -16"><span class='ocrx_word' id='word_1_380' title='bbox 148 3901 355 3951; x_wconf 70' lang='grc' dir='ltr'>ἐκείνου</span> <span class='ocrx_word' id='word_1_381' title='bbox 381 3901 693 3967; x_wconf 85' lang='grc' dir='ltr'>συμμαχεῖν</span> <span class='ocrx_word' id='word_1_382' title='bbox 715 3897 1044 3964; x_wconf 80' lang='grc' dir='ltr'>ἀναγκάζειν</span> <span class='ocrx_word' id='word_1_383' title='bbox 1077 3900 1432 3967; x_wconf 76' lang='grc' dir='ltr'>ἀποσχέσθαι,</span> <span class='ocrx_word' id='word_1_384' title='bbox 1466 3902 1560 3952; x_wconf 80' lang='grc' dir='ltr'>καὶ</span> <span class='ocrx_word' id='word_1_385' title='bbox 1575 3899 1709 3952; x_wconf 84' lang='grc' dir='ltr'>ταὺ-</span> 
     </span>
    </p>
   </div>
   <div class='ocr_carea' id='block_1_48' title="bbox 146 3988 1708 4060">
    <p class='ocr_par' dir='ltr' id='par_1_48' title="bbox 146 3988 1708 4060">
     <span class='ocr_line' id='line_1_48' title="bbox 146 3988 1708 4060; baseline 0.001 -18"><span class='ocrx_word' id='word_1_386' title='bbox 146 4009 244 4058; x_wconf 87' lang='grc' dir='ltr'>της</span> <span class='ocrx_word' id='word_1_387' title='bbox 268 3992 369 4059; x_wconf 81' lang='grc' dir='ltr'>τῆς</span> <span class='ocrx_word' id='word_1_388' title='bbox 409 3990 621 4051; x_wconf 77' lang='grc' dir='ltr'>ἐλπίδος</span> <span class='ocrx_word' id='word_1_389' title='bbox 650 3988 811 4039; x_wconf 73' lang='grc' dir='ltr'>ἕνεκα</span> <span class='ocrx_word' id='word_1_390' title='bbox 850 3990 1099 4059; x_wconf 75' lang='grc' dir='ltr'>τριήρεις</span> <span class='ocrx_word' id='word_1_391' title='bbox 1131 3990 1499 4057; x_wconf 79' lang='grc' dir='ltr'>ὲφοπλίσαντα</span> <span class='ocrx_word' id='word_1_392' title='bbox 1541 4008 1708 4060; x_wconf 87' lang='grc' dir='ltr'>προσ-</span> 
     </span>
    </p>
   </div>
   <div class='ocr_carea' id='block_1_49' title="bbox 147 4079 1707 4151">
    <p class='ocr_par' dir='ltr' id='par_1_49' title="bbox 147 4079 1707 4151">
     <span class='ocr_line' id='line_1_49' title="bbox 147 4079 1707 4151; baseline 0.001 -18"><span class='ocrx_word' id='word_1_393' title='bbox 147 4084 287 4150; x_wconf 80' lang='grc' dir='ltr'>έχειν</span> <span class='ocrx_word' id='word_1_394' title='bbox 343 4081 433 4132; x_wconf 75' lang='grc' dir='ltr'>ἀεὶ</span> <span class='ocrx_word' id='word_1_395' title='bbox 501 4079 784 4147; x_wconf 82' lang='grc' dir='ltr'>θαλάσσῃ,</span> <span class='ocrx_word' id='word_1_396' title='bbox 834 4081 929 4131; x_wconf 77' lang='grc' dir='ltr'>καὶ</span> <span class='ocrx_word' id='word_1_397' title='bbox 977 4080 1270 4149; x_wconf 68' lang='grc' dir='ltr'>πειρᾶσθαι</span> <span class='ocrx_word' id='word_1_398' title='bbox 1340 4082 1430 4133; x_wconf 76' lang='grc' dir='ltr'>τὸν</span> <span class='ocrx_word' id='word_1_399' title='bbox 1474 4082 1707 4151; x_wconf 87' lang='grc' dir='ltr'>Ὀρχάνη</span> 
     </span>
    </p>
   </div>
   <div class='ocr_carea' id='block_1_50' title="bbox 148 4170 1710 4241">
    <p class='ocr_par' dir='ltr' id='par_1_50' title="bbox 148 4170 1710 4241">
     <span class='ocr_line' id='line_1_50' title="bbox 148 4170 1710 4241; baseline 0.001 -17"><span class='ocrx_word' id='word_1_400' title='bbox 148 4175 311 4225; x_wconf 79' lang='grc' dir='ltr'>παῖδα</span> <span class='ocrx_word' id='word_1_401' title='bbox 342 4170 664 4233; x_wconf 73' lang='grc' dir='ltr'>ἀνασώζειν,</span> <span class='ocrx_word' id='word_1_402' title='bbox 698 4170 801 4221; x_wconf 85' lang='grc' dir='ltr'>ὑπὸ</span> <span class='ocrx_word' id='word_1_403' title='bbox 833 4170 887 4222; x_wconf 82' lang='grc' dir='ltr'>δὲ</span> <span class='ocrx_word' id='word_1_404' title='bbox 941 4171 1031 4221; x_wconf 81' lang='grc' dir='ltr'>τὸν</span> <span class='ocrx_word' id='word_1_405' title='bbox 1061 4172 1222 4223; x_wconf 79' lang='grc' dir='ltr'>αὑτὸν</span> <span class='ocrx_word' id='word_1_406' title='bbox 1260 4173 1473 4241; x_wconf 66' lang='grc' dir='ltr'>χρὸνον,</span> <span class='ocrx_word' id='word_1_407' title='bbox 1507 4174 1600 4225; x_wconf 73' lang='grc' dir='ltr'>καὶ</span> <span class='ocrx_word' id='word_1_408' title='bbox 1652 4174 1710 4224; x_wconf 74' lang='grc' dir='ltr'>σὲ</span> 
     </span>
    </p>
   </div>
   <div class='ocr_carea' id='block_1_51' title="bbox 148 4261 1711 4335">
    <p class='ocr_par' dir='ltr' id='par_1_51' title="bbox 148 4261 1711 4335">
     <span class='ocr_line' id='line_1_51' title="bbox 148 4261 1711 4335; baseline 0 -19"><span class='ocrx_word' id='word_1_409' title='bbox 148 4265 251 4316; x_wconf 58' lang='grc' dir='ltr'>ὑπὸ</span> <span class='ocrx_word' id='word_1_410' title='bbox 279 4263 567 4333; x_wconf 76' lang='grc' dir='ltr'>Τριϐαλῶν</span> <span class='ocrx_word' id='word_1_411' title='bbox 601 4261 1101 4331; x_wconf 80' lang='grc' dir='ltr'>προσκεκλημένον,</span> <span class='ocrx_word' id='word_1_412' title='bbox 1135 4263 1328 4330; x_wconf 86' lang='grc' dir='ltr'>μόνους</span> <span class='ocrx_word' id='word_1_413' title='bbox 1351 4264 1542 4333; x_wconf 78' lang='grc' dir='ltr'>ἔχοντα</span> <span class='ocrx_word' id='word_1_414' title='bbox 1565 4265 1711 4335; x_wconf 84' lang='grc' dir='ltr'>Βαρ-</span> 
     </span>
    </p>
   </div>
   <div class='ocr_carea' id='block_1_52' title="bbox 149 4354 1712 4423">
    <p class='ocr_par' dir='ltr' id='par_1_52' title="bbox 149 4354 1712 4423">
     <span class='ocr_line' id='line_1_52' title="bbox 149 4354 1712 4423; baseline 0.001 -16"><span class='ocrx_word' id='word_1_415' title='bbox 149 4356 350 4422; x_wconf 79' lang='grc' dir='ltr'>ϐάρους</span> <span class='ocrx_word' id='word_1_416' title='bbox 386 4354 867 4423; x_wconf 75' lang='grc' dir='ltr'>ὲξεστρατευκέναι</span> <span class='ocrx_word' id='word_1_417' title='bbox 919 4356 1051 4423; x_wconf 69' lang='grc' dir='ltr'>πρὸς</span> <span class='ocrx_word' id='word_1_418' title='bbox 1106 4356 1481 4420; x_wconf 84' lang='grc' dir='ltr'>Μακεδονίαν,</span> <span class='ocrx_word' id='word_1_419' title='bbox 1538 4356 1712 4419; x_wconf 84' lang='grc' dir='ltr'>οὑτως</span> 
     </span>
    </p>
   </div>
   <div class='ocr_carea' id='block_1_53' title="bbox 148 4442 1714 4515">
    <p class='ocr_par' dir='ltr' id='par_1_53' title="bbox 148 4442 1714 4515">
     <span class='ocr_line' id='line_1_53' title="bbox 148 4442 1714 4515; baseline 0.001 -16"><span class='ocrx_word' id='word_1_420' title='bbox 148 4448 236 4499; x_wconf 84' lang='grc' dir='ltr'>ὑπ’</span> <span class='ocrx_word' id='word_1_421' title='bbox 270 4446 517 4512; x_wconf 82' lang='grc' dir='ltr'>ἀνάγκης</span> <span class='ocrx_word' id='word_1_422' title='bbox 546 4444 951 4512; x_wconf 85' lang='grc' dir='ltr'>περισχεθέντα,</span> <span class='ocrx_word' id='word_1_423' title='bbox 986 4444 1125 4497; x_wconf 81' lang='grc' dir='ltr'>ὥστε</span> <span class='ocrx_word' id='word_1_424' title='bbox 1163 4446 1260 4515; x_wconf 78' lang='grc' dir='ltr'>τὴν</span> <span class='ocrx_word' id='word_1_425' title='bbox 1288 4442 1450 4499; x_wconf 74' lang='grc' dir='ltr'>οὖσαν</span> <span class='ocrx_word' id='word_1_426' title='bbox 1485 4449 1545 4500; x_wconf 84' lang='grc' dir='ltr'>ὲκ</span> <span class='ocrx_word' id='word_1_427' title='bbox 1584 4446 1714 4500; x_wconf 87' lang='grc' dir='ltr'>Ῥω·-</span> 
     </span>
    </p>
   </div>
   <div class='ocr_carea' id='block_1_54' title="bbox 153 4534 1713 4605">
    <p class='ocr_par' dir='ltr' id='par_1_54' title="bbox 153 4534 1713 4605">
     <span class='ocr_line' id='line_1_54' title="bbox 153 4534 1713 4605; baseline 0.001 -17"><span class='ocrx_word' id='word_1_428' title='bbox 153 4538 328 4604; x_wconf 82' lang='grc' dir='ltr'>μαίων</span> <span class='ocrx_word' id='word_1_429' title='bbox 362 4534 625 4603; x_wconf 82' lang='grc' dir='ltr'>στρατιάν</span> <span class='ocrx_word' id='word_1_430' title='bbox 656 4534 964 4598; x_wconf 78' lang='grc' dir='ltr'>ἀπολιπεῖν,</span> <span class='ocrx_word' id='word_1_431' title='bbox 995 4537 1295 4604; x_wconf 75' lang='grc' dir='ltr'>Τριϐαλούς</span> <span class='ocrx_word' id='word_1_432' title='bbox 1326 4538 1382 4588; x_wconf 82' lang='grc' dir='ltr'>δὲ</span> <span class='ocrx_word' id='word_1_433' title='bbox 1423 4539 1549 4600; x_wconf 75' lang='grc' dir='ltr'>τοὺς</span> <span class='ocrx_word' id='word_1_434' title='bbox 1579 4540 1713 4605; x_wconf 79' lang='grc' dir='ltr'>πρό-</span> 
     </span>
    </p>
   </div>
   <div class='ocr_carea' id='block_1_55' title="bbox 154 4624 1709 4695">
    <p class='ocr_par' dir='ltr' id='par_1_55' title="bbox 154 4624 1709 4695">
     <span class='ocr_line' id='line_1_55' title="bbox 154 4624 1709 4695; baseline 0.001 -17"><span class='ocrx_word' id='word_1_435' title='bbox 154 4643 305 4695; x_wconf 82' lang='grc' dir='ltr'>τερον</span> <span class='ocrx_word' id='word_1_436' title='bbox 336 4625 447 4677; x_wconf 72' lang='grc' dir='ltr'>οὐδ’</span> <span class='ocrx_word' id='word_1_437' title='bbox 483 4624 826 4676; x_wconf 87' lang='grc' dir='ltr'>ἀντιϐλέπειν</span> <span class='ocrx_word' id='word_1_438' title='bbox 859 4625 993 4692; x_wconf 73' lang='grc' dir='ltr'>προς</span> <span class='ocrx_word' id='word_1_439' title='bbox 1046 4626 1171 4687; x_wconf 76' lang='grc' dir='ltr'>τοὺς</span> <span class='ocrx_word' id='word_1_440' title='bbox 1230 4626 1444 4693; x_wconf 84' lang='grc' dir='ltr'>Πέρσας</span> <span class='ocrx_word' id='word_1_441' title='bbox 1493 4628 1709 4681; x_wconf 86' lang='grc' dir='ltr'>πώποτε</span> 
     </span>
    </p>
   </div>
   <div class='ocr_carea' id='block_1_56' title="bbox 151 4714 1711 4785">
    <p class='ocr_par' dir='ltr' id='par_1_56' title="bbox 151 4714 1711 4785">
     <span class='ocr_line' id='line_1_56' title="bbox 151 4714 1711 4785; baseline 0.002 -17"><span class='ocrx_word' id='word_1_442' title='bbox 151 4717 574 4785; x_wconf 77' lang='grc' dir='ltr'>τετολμηκότας,</span> <span class='ocrx_word' id='word_1_443' title='bbox 607 4715 822 4782; x_wconf 83' lang='grc' dir='ltr'>ὀλίγους</span> <span class='ocrx_word' id='word_1_444' title='bbox 855 4718 1009 4784; x_wconf 88' lang='grc' dir='ltr'>παρά</span> <span class='ocrx_word' id='word_1_445' title='bbox 1037 4714 1194 4779; x_wconf 78' lang='grc' dir='ltr'>δόξαν</span> <span class='ocrx_word' id='word_1_446' title='bbox 1224 4719 1360 4785; x_wconf 81' lang='grc' dir='ltr'>πρὸς</span> <span class='ocrx_word' id='word_1_447' title='bbox 1401 4718 1711 4772; x_wconf 83' lang='grc' dir='ltr'>πολλαπλα-</span> 
     </span>
    </p>
   </div>
   <div class='ocr_carea' id='block_1_57' title="bbox 151 4806 1713 4878">
    <p class='ocr_par' dir='ltr' id='par_1_57' title="bbox 151 4806 1713 4878">
     <span class='ocr_line' id='line_1_57' title="bbox 151 4806 1713 4878; baseline 0.001 -19"><span class='ocrx_word' id='word_1_448' title='bbox 151 4808 293 4869; x_wconf 86' lang='grc' dir='ltr'>σίους</span> <span class='ocrx_word' id='word_1_449' title='bbox 312 4806 799 4874; x_wconf 85' lang='grc' dir='ltr'>ἀντικαταστῆναι,</span> <span class='ocrx_word' id='word_1_450' title='bbox 822 4806 947 4868; x_wconf 77' lang='grc' dir='ltr'>τοὺς</span> <span class='ocrx_word' id='word_1_451' title='bbox 978 4807 1191 4874; x_wconf 84' lang='grc' dir='ltr'>Πέρσας</span> <span class='ocrx_word' id='word_1_452' title='bbox 1223 4807 1303 4868; x_wconf 82' lang='grc' dir='ltr'>δὲ,</span> <span class='ocrx_word' id='word_1_453' title='bbox 1339 4807 1512 4859; x_wconf 87' lang='grc' dir='ltr'>καίτοι</span> <span class='ocrx_word' id='word_1_454' title='bbox 1532 4810 1713 4878; x_wconf 85' lang='grc' dir='ltr'>κρείτ-</span> 
     </span>
    </p>
   </div>
   <div class='ocr_carea' id='block_1_58' title="bbox 150 4896 1709 4967">
    <p class='ocr_par' dir='ltr' id='par_1_58' title="bbox 150 4896 1709 4967">
     <span class='ocr_line' id='line_1_58' title="bbox 150 4896 1709 4967; baseline 0.002 -17"><span class='ocrx_word' id='word_1_455' title='bbox 150 4916 268 4960; x_wconf 84' lang='grc' dir='ltr'>τους</span> <span class='ocrx_word' id='word_1_456' title='bbox 300 4899 413 4951; x_wconf 85' lang='grc' dir='ltr'>τῶν</span> <span class='ocrx_word' id='word_1_457' title='bbox 455 4896 727 4967; x_wconf 85' lang='grc' dir='ltr'>πολεμίων</span> <span class='ocrx_word' id='word_1_458' title='bbox 761 4898 1106 4967; x_wconf 77' lang='grc' dir='ltr'>γενομένους,</span> <span class='ocrx_word' id='word_1_459' title='bbox 1140 4899 1336 4960; x_wconf 75' lang='grc' dir='ltr'>αὐτοὺς</span> <span class='ocrx_word' id='word_1_460' title='bbox 1372 4900 1461 4967; x_wconf 71' lang='grc' dir='ltr'>ὑφ’</span> <span class='ocrx_word' id='word_1_461' title='bbox 1500 4901 1709 4956; x_wconf 77' lang='grc' dir='ltr'>ἑαυτῶν</span> 
     </span>
    </p>
   </div>
   <div class='ocr_carea' id='block_1_59' title="bbox 150 4989 1711 5061">
    <p class='ocr_par' dir='ltr' id='par_1_59' title="bbox 150 4989 1711 5061">
     <span class='ocr_line' id='line_1_59' title="bbox 150 4989 1711 5061; baseline 0.001 -19"><span class='ocrx_word' id='word_1_462' title='bbox 150 4991 515 5061; x_wconf 80' lang='grc' dir='ltr'>διαφθαρῆναι</span> <span class='ocrx_word' id='word_1_463' title='bbox 535 4989 912 5060; x_wconf 80' lang='grc' dir='ltr'>τραπομένους</span> <span class='ocrx_word' id='word_1_464' title='bbox 938 4989 1071 5059; x_wconf 76' lang='grc' dir='ltr'>πρὸς</span> <span class='ocrx_word' id='word_1_465' title='bbox 1093 4990 1290 5058; x_wconf 76' lang='grc' dir='ltr'>φυγὴν,</span> <span class='ocrx_word' id='word_1_466' title='bbox 1326 4990 1385 5042; x_wconf 81' lang='grc' dir='ltr'>σὲ</span> <span class='ocrx_word' id='word_1_467' title='bbox 1415 4990 1467 5041; x_wconf 74' lang='grc' dir='ltr'>δὲ</span> <span class='ocrx_word' id='word_1_468' title='bbox 1500 4991 1711 5043; x_wconf 86' lang='grc' dir='ltr'>ὑπολει-</span> 
     </span>
    </p>
   </div>
   <div class='ocr_carea' id='block_1_60' title="bbox 154 5082 1709 5152">
    <p class='ocr_par' dir='ltr' id='par_1_60' title="bbox 154 5082 1709 5152">
     <span class='ocr_line' id='line_1_60' title="bbox 154 5082 1709 5152; baseline 0.001 -17"><span class='ocrx_word' id='word_1_469' title='bbox 154 5084 352 5151; x_wconf 72' lang='grc' dir='ltr'>φθέντα</span> <span class='ocrx_word' id='word_1_470' title='bbox 384 5084 567 5152; x_wconf 74' lang='grc' dir='ltr'>μόνον,</span> <span class='ocrx_word' id='word_1_471' title='bbox 610 5082 810 5135; x_wconf 81' lang='grc' dir='ltr'>ἁλῶναί</span> <span class='ocrx_word' id='word_1_472' title='bbox 843 5098 901 5135; x_wconf 82' lang='grc' dir='ltr'>τε</span> <span class='ocrx_word' id='word_1_473' title='bbox 960 5082 1064 5133; x_wconf 75' lang='grc' dir='ltr'>ὑπὸ</span> <span class='ocrx_word' id='word_1_474' title='bbox 1116 5082 1225 5133; x_wconf 81' lang='grc' dir='ltr'>τῶν</span> <span class='ocrx_word' id='word_1_475' title='bbox 1278 5082 1577 5149; x_wconf 85' lang='grc' dir='ltr'>πολεμίων,</span> <span class='ocrx_word' id='word_1_476' title='bbox 1615 5082 1709 5136; x_wconf 73' lang='grc' dir='ltr'>καὶ</span> 
     </span>
    </p>
   </div>
   <div class='ocr_carea' id='block_1_61' title="bbox 152 5171 1709 5243">
    <p class='ocr_par' dir='ltr' id='par_1_61' title="bbox 152 5171 1709 5243">
     <span class='ocr_line' id='line_1_61' title="bbox 152 5171 1709 5243; baseline -0.002 -18"><span class='ocrx_word' id='word_1_477' title='bbox 152 5175 437 5243; x_wconf 76' lang='grc' dir='ltr'>δεσμώτην</span> <span class='ocrx_word' id='word_1_478' title='bbox 454 5173 761 5240; x_wconf 79' lang='grc' dir='ltr'>ἀπαχθῆναι</span> <span class='ocrx_word' id='word_1_479' title='bbox 785 5172 919 5241; x_wconf 72' lang='grc' dir='ltr'>πρὸς</span> <span class='ocrx_word' id='word_1_480' title='bbox 952 5171 1169 5239; x_wconf 86' lang='grc' dir='ltr'>βασιλέα</span> <span class='ocrx_word' id='word_1_481' title='bbox 1190 5172 1279 5223; x_wconf 73' lang='grc' dir='ltr'>τὸν</span> <span class='ocrx_word' id='word_1_482' title='bbox 1299 5172 1565 5242; x_wconf 67' lang='grc' dir='ltr'>γαμϐρὸν,</span> <span class='ocrx_word' id='word_1_483' title='bbox 1586 5172 1709 5223; x_wconf 76' lang='grc' dir='ltr'>ὲπιο</span> 
     </span>
    </p>
   </div>
   <div class='ocr_carea' id='block_1_62' title="bbox 156 5263 1711 5335">
    <p class='ocr_par' dir='ltr' id='par_1_62' title="bbox 156 5263 1711 5335">
     <span class='ocr_line' id='line_1_62' title="bbox 156 5263 1711 5335; baseline -0.001 -19"><span class='ocrx_word' id='word_1_484' title='bbox 156 5265 563 5335; x_wconf 85' lang='grc' dir='ltr'>στρατεύσαντα</span> <span class='ocrx_word' id='word_1_485' title='bbox 585 5264 909 5324; x_wconf 81' lang='grc' dir='ltr'>αὑτίκαταῖς</span> <span class='ocrx_word' id='word_1_486' title='bbox 934 5265 1117 5315; x_wconf 76' lang='grc' dir='ltr'>πόλεσι</span> <span class='ocrx_word' id='word_1_487' title='bbox 1139 5265 1258 5325; x_wconf 80' lang='grc' dir='ltr'>ταῖς</span> <span class='ocrx_word' id='word_1_488' title='bbox 1277 5263 1378 5315; x_wconf 78' lang='grc' dir='ltr'>ὑπὸ</span> <span class='ocrx_word' id='word_1_489' title='bbox 1396 5263 1479 5325; x_wconf 82' lang='grc' dir='ltr'>σὲ,</span> <span class='ocrx_word' id='word_1_490' title='bbox 1498 5263 1591 5315; x_wconf 79' lang='grc' dir='ltr'>καὶ</span> <span class='ocrx_word' id='word_1_491' title='bbox 1616 5264 1711 5315; x_wconf 76' lang='grc' dir='ltr'>σὺν</span> 
     </span>
    </p>
   </div>
   <div class='ocr_carea' id='block_1_63' title="bbox 158 5352 1714 5425">
    <p class='ocr_par' dir='ltr' id='par_1_63' title="bbox 158 5352 1714 5425">
     <span class='ocr_line' id='line_1_63' title="bbox 158 5352 1714 5425; baseline -0.002 -19"><span class='ocrx_word' id='word_1_492' title='bbox 158 5354 407 5425; x_wconf 72' lang='grc' dir='ltr'>ῥαστώνῃ</span> <span class='ocrx_word' id='word_1_493' title='bbox 424 5354 573 5422; x_wconf 83' lang='grc' dir='ltr'>πάσῃ</span> <span class='ocrx_word' id='word_1_494' title='bbox 591 5356 1018 5422; x_wconf 84' lang='grc' dir='ltr'>χειρωσάμενον,</span> <span class='ocrx_word' id='word_1_495' title='bbox 1041 5355 1133 5404; x_wconf 74' lang='grc' dir='ltr'>καὶ</span> <span class='ocrx_word' id='word_1_496' title='bbox 1154 5355 1386 5419; x_wconf 85' lang='grc' dir='ltr'>γυναῖκα</span> <span class='ocrx_word' id='word_1_497' title='bbox 1409 5352 1502 5404; x_wconf 72' lang='grc' dir='ltr'>καὶ</span> <span class='ocrx_word' id='word_1_498' title='bbox 1519 5353 1714 5414; x_wconf 85' lang='grc' dir='ltr'>παῖδας</span> 
     </span>
    </p>
   </div>
   <div class='ocr_carea' id='block_1_64' title="bbox 154 5442 1716 5512">
    <p class='ocr_par' dir='ltr' id='par_1_64' title="bbox 154 5442 1716 5512">
     <span class='ocr_line' id='line_1_64' title="bbox 154 5442 1716 5512; baseline -0.002 -15"><span class='ocrx_word' id='word_1_499' title='bbox 154 5450 274 5507; x_wconf 57' lang='grc' dir='ltr'>τοις</span> <span class='ocrx_word' id='word_1_500' title='bbox 307 5447 437 5505; x_wconf 77' lang='grc' dir='ltr'>σούς</span> <span class='ocrx_word' id='word_1_501' title='bbox 474 5444 563 5509; x_wconf 79' lang='grc' dir='ltr'>ὑφ’</span> <span class='ocrx_word' id='word_1_502' title='bbox 582 5444 767 5495; x_wconf 76' lang='grc' dir='ltr'>ἑαυτὸν</span> <span class='ocrx_word' id='word_1_503' title='bbox 789 5444 1175 5510; x_wconf 80' lang='grc' dir='ltr'>πεποιημένον,</span> <span class='ocrx_word' id='word_1_504' title='bbox 1201 5446 1292 5494; x_wconf 68' lang='grc' dir='ltr'>καὶ</span> <span class='ocrx_word' id='word_1_505' title='bbox 1324 5444 1501 5495; x_wconf 86' lang='grc' dir='ltr'>πάντα</span> <span class='ocrx_word' id='word_1_506' title='bbox 1529 5442 1716 5512; x_wconf 85' lang='grc' dir='ltr'>ὧσπερ</span> 
     </span>
    </p>
   </div>
   <div class='ocr_carea' id='block_1_65' title="bbox 157 5533 1713 5603">
    <p class='ocr_par' dir='ltr' id='par_1_65' title="bbox 157 5533 1713 5603">
     <span class='ocr_line' id='line_1_65' title="bbox 157 5533 1713 5603; baseline 0 -17"><span class='ocrx_word' id='word_1_507' title='bbox 157 5538 216 5586; x_wconf 73' lang='grc' dir='ltr'>ὲκ</span> <span class='ocrx_word' id='word_1_508' title='bbox 234 5536 581 5603; x_wconf 80' lang='grc' dir='ltr'>συνθήματος</span> <span class='ocrx_word' id='word_1_509' title='bbox 599 5533 1329 5602; x_wconf 83' lang='grc' dir='ltr'>συνδραμεῖν,οὐδέναοῖομαι</span> <span class='ocrx_word' id='word_1_510' title='bbox 1351 5533 1458 5585; x_wconf 83' lang='grc' dir='ltr'>τῶν</span> <span class='ocrx_word' id='word_1_511' title='bbox 1478 5535 1713 5596; x_wconf 87' lang='grc' dir='ltr'>πάντων,</span> 
     </span>
    </p>
   </div>
   <div class='ocr_carea' id='block_1_66' title="bbox 157 5624 1716 5697">
    <p class='ocr_par' dir='ltr' id='par_1_66' title="bbox 157 5624 1716 5697">
     <span class='ocr_line' id='line_1_66' title="bbox 157 5624 1716 5697; baseline -0.001 -19"><span class='ocrx_word' id='word_1_512' title='bbox 157 5630 201 5678; x_wconf 82' lang='grc' dir='ltr'>εἰ</span> <span class='ocrx_word' id='word_1_513' title='bbox 233 5628 307 5696; x_wconf 84' lang='grc' dir='ltr'>μὴ</span> <span class='ocrx_word' id='word_1_514' title='bbox 345 5626 561 5697; x_wconf 80' lang='grc' dir='ltr'>φρενῶν</span> <span class='ocrx_word' id='word_1_515' title='bbox 582 5626 949 5695; x_wconf 84' lang='grc' dir='ltr'>ἀπεστέρηται</span> <span class='ocrx_word' id='word_1_516' title='bbox 986 5624 1299 5677; x_wconf 87' lang='grc' dir='ltr'>παντάπασι</span> <span class='ocrx_word' id='word_1_517' title='bbox 1330 5627 1420 5677; x_wconf 78' lang='grc' dir='ltr'>καὶ</span> <span class='ocrx_word' id='word_1_518' title='bbox 1442 5624 1716 5693; x_wconf 84' lang='grc' dir='ltr'>λογισμῶν</span> 
     </span>
    </p>
   </div>
   <div class='ocr_carea' id='block_1_67' title="bbox 158 5715 1718 5785">
    <p class='ocr_par' dir='ltr' id='par_1_67' title="bbox 158 5715 1718 5785">
     <span class='ocr_line' id='line_1_67' title="bbox 158 5715 1718 5785; baseline -0.001 -18"><span class='ocrx_word' id='word_1_519' title='bbox 158 5718 346 5784; x_wconf 73' lang='grc' dir='ltr'>ὀρθῶν,</span> <span class='ocrx_word' id='word_1_520' title='bbox 387 5720 463 5784; x_wconf 82' lang='grc' dir='ltr'>μὴ</span> <span class='ocrx_word' id='word_1_521' title='bbox 496 5715 636 5768; x_wconf 84' lang='grc' dir='ltr'>κατά</span> <span class='ocrx_word' id='word_1_522' title='bbox 669 5716 820 5768; x_wconf 84' lang='grc' dir='ltr'>θείαν</span> <span class='ocrx_word' id='word_1_523' title='bbox 853 5717 1107 5784; x_wconf 84' lang='grc' dir='ltr'>πρόνοιαν</span> <span class='ocrx_word' id='word_1_524' title='bbox 1132 5716 1410 5785; x_wconf 84' lang='grc' dir='ltr'>οἰήσεσθαι</span> <span class='ocrx_word' id='word_1_525' title='bbox 1445 5715 1718 5785; x_wconf 77' lang='grc' dir='ltr'>συμϐεϐη-</span> 
     </span>
    </p>
   </div>
   <div class='ocr_carea' id='block_1_68' title="bbox 160 5807 1718 5879">
    <p class='ocr_par' dir='ltr' id='par_1_68' title="bbox 160 5807 1718 5879">
     <span class='ocr_line' id='line_1_68' title="bbox 160 5807 1718 5879; baseline -0.001 -20"><span class='ocrx_word' id='word_1_526' title='bbox 160 5810 328 5864; x_wconf 75' lang='grc' dir='ltr'>κέναι.</span> <span class='ocrx_word' id='word_1_527' title='bbox 366 5810 432 5861; x_wconf 78' lang='grc' dir='ltr'>Ἃ</span> <span class='ocrx_word' id='word_1_528' title='bbox 472 5811 566 5860; x_wconf 59' lang='grc' dir='ltr'>καὶ</span> <span class='ocrx_word' id='word_1_529' title='bbox 607 5808 664 5861; x_wconf 72' lang='grc' dir='ltr'>σὲ</span> <span class='ocrx_word' id='word_1_530' title='bbox 702 5810 1085 5877; x_wconf 82' lang='grc' dir='ltr'>πεπεισμένον,</span> <span class='ocrx_word' id='word_1_531' title='bbox 1145 5810 1240 5879; x_wconf 62' lang='grc' dir='ltr'>οὐχ</span> <span class='ocrx_word' id='word_1_532' title='bbox 1302 5807 1502 5878; x_wconf 79' lang='grc' dir='ltr'>ἑτέρως</span> <span class='ocrx_word' id='word_1_533' title='bbox 1554 5808 1718 5877; x_wconf 74' lang='grc' dir='ltr'>ἐσχη-</span> 
     </span>
    </p>
   </div>
   <div class='ocr_carea' id='block_1_69' title="bbox 1801 2074 3362 2149">
    <p class='ocr_par' dir='ltr' id='par_1_69' title="bbox 1801 2074 3362 2149">
     <span class='ocr_line' id='line_1_69' title="bbox 1801 2074 3362 2149; baseline 0.009 -24"><span class='ocrx_word' id='word_1_534' title='bbox 1801 2074 2086 2136; x_wconf 88' lang='lat' dir='ltr'><strong>audiisset,</strong></span> <span class='ocrx_word' id='word_1_535' title='bbox 2122 2074 2319 2127; x_wconf 83' lang='lat' dir='ltr'><strong>docere</strong></span> <span class='ocrx_word' id='word_1_536' title='bbox 2354 2075 2583 2139; x_wconf 78' lang='lat' dir='ltr'>studuit,</span> <span class='ocrx_word' id='word_1_537' title='bbox 2618 2076 2795 2145; x_wconf 88' lang='lat' dir='ltr'><strong>ipsum</strong></span> <span class='ocrx_word' id='word_1_538' title='bbox 2828 2094 2857 2132; x_wconf 90' lang='lat' dir='ltr'>a</span> <span class='ocrx_word' id='word_1_539' title='bbox 2891 2094 3058 2149; x_wconf 85' lang='lat' dir='ltr'><strong>scopo</strong></span> <span class='ocrx_word' id='word_1_540' title='bbox 3086 2083 3362 2141; x_wconf 89' lang='lat' dir='ltr'><strong>aberrare.</strong></span> 
     </span>
    </p>
   </div>
   <div class='ocr_carea' id='block_1_70' title="bbox 1801 2160 3365 2242">
    <p class='ocr_par' dir='ltr' id='par_1_70' title="bbox 1801 2160 3365 2242">
     <span class='ocr_line' id='line_1_70' title="bbox 1801 2160 3365 2242; baseline 0.008 -28"><span class='ocrx_word' id='word_1_541' title='bbox 1801 2160 2040 2215; x_wconf 87' lang='lat' dir='ltr'><strong>Primum</strong></span> <span class='ocrx_word' id='word_1_542' title='bbox 2074 2162 2222 2215; x_wconf 89' lang='lat' dir='ltr'><strong>enim</strong></span> <span class='ocrx_word' id='word_1_543' title='bbox 2270 2163 2406 2217; x_wconf 86' lang='lat' dir='ltr'><strong><em>nihil</em></strong></span> <span class='ocrx_word' id='word_1_544' title='bbox 2440 2180 2505 2218; x_wconf 77' lang='lat' dir='ltr'><strong>ex</strong></span> <span class='ocrx_word' id='word_1_545' title='bbox 2540 2166 2795 2221; x_wconf 87' lang='lat' dir='ltr'><strong>omnibus</strong></span> <span class='ocrx_word' id='word_1_546' title='bbox 2836 2168 2998 2222; x_wconf 86' lang='lat' dir='ltr'><strong>rebus</strong></span> <span class='ocrx_word' id='word_1_547' title='bbox 3025 2180 3127 2235; x_wconf 89' lang='lat' dir='ltr'><strong>est,</strong></span> <span class='ocrx_word' id='word_1_548' title='bbox 3162 2173 3365 2242; x_wconf 79' lang='lat' dir='ltr'><strong><em>inquit,</em></strong></span> 
     </span>
    </p>
   </div>
   <div class='ocr_carea' id='block_1_71' title="bbox 1800 2254 3367 2332">
    <p class='ocr_par' dir='ltr' id='par_1_71' title="bbox 1800 2254 3367 2332">
     <span class='ocr_line' id='line_1_71' title="bbox 1800 2254 3367 2332; baseline 0.009 -28"><span class='ocrx_word' id='word_1_549' title='bbox 1800 2255 1942 2323; x_wconf 78' lang='lat' dir='ltr'><strong>quod</strong></span> <span class='ocrx_word' id='word_1_550' title='bbox 1990 2269 2099 2307; x_wconf 91' lang='lat' dir='ltr'>non</span> <span class='ocrx_word' id='word_1_551' title='bbox 2143 2254 2326 2308; x_wconf 90' lang='lat' dir='ltr'><strong>divina</strong></span> <span class='ocrx_word' id='word_1_552' title='bbox 2362 2257 2704 2325; x_wconf 79' lang='lat' dir='ltr'><strong>providentia</strong></span> <span class='ocrx_word' id='word_1_553' title='bbox 2740 2259 3177 2324; x_wconf 86' lang='lat' dir='ltr'><strong>administretur,</strong></span> <span class='ocrx_word' id='word_1_554' title='bbox 3224 2281 3367 2332; x_wconf 68' lang='lat' dir='ltr'><strong>prae-</strong></span> 
     </span>
    </p>
   </div>
   <div class='ocr_carea' id='block_1_72' title="bbox 1801 2346 3365 2424">
    <p class='ocr_par' dir='ltr' id='par_1_72' title="bbox 1801 2346 3365 2424">
     <span class='ocr_line' id='line_1_72' title="bbox 1801 2346 3365 2424; baseline 0.008 -24"><span class='ocrx_word' id='word_1_555' title='bbox 1801 2346 2073 2415; x_wconf 86' lang='lat' dir='ltr'><strong>cipueque</strong></span> <span class='ocrx_word' id='word_1_556' title='bbox 2104 2348 2148 2401; x_wconf 90' lang='lat' dir='ltr'><strong>si</strong></span> <span class='ocrx_word' id='word_1_557' title='bbox 2183 2349 2397 2417; x_wconf 84' lang='lat' dir='ltr'><strong>singula</strong></span> <span class='ocrx_word' id='word_1_558' title='bbox 2428 2350 2494 2402; x_wconf 89' lang='lat' dir='ltr'>ab</span> <span class='ocrx_word' id='word_1_559' title='bbox 2528 2350 2687 2404; x_wconf 91' lang='lat' dir='ltr'><strong>initio</strong></span> <span class='ocrx_word' id='word_1_560' title='bbox 2729 2353 3064 2417; x_wconf 87' lang='lat' dir='ltr'><strong>consideres,</strong></span> <span class='ocrx_word' id='word_1_561' title='bbox 3111 2372 3233 2424; x_wconf 72' lang='lat' dir='ltr'><strong>qua:</strong></span> <span class='ocrx_word' id='word_1_562' title='bbox 3266 2359 3365 2413; x_wconf 84' lang='lat' dir='ltr'><strong>tibi</strong></span> 
     </span>
    </p>
   </div>
   <div class='ocr_carea' id='block_1_73' title="bbox 1801 2439 3370 2518">
    <p class='ocr_par' dir='ltr' id='par_1_73' title="bbox 1801 2439 3370 2518">
     <span class='ocr_line' id='line_1_73' title="bbox 1801 2439 3370 2518; baseline 0.01 -29"><span class='ocrx_word' id='word_1_563' title='bbox 1801 2439 2170 2504; x_wconf 78' lang='lat' dir='ltr'><strong>contigerunt,</strong></span> <span class='ocrx_word' id='word_1_564' title='bbox 2202 2439 2383 2493; x_wconf 86' lang='lat' dir='ltr'><strong>omnia</strong></span> <span class='ocrx_word' id='word_1_565' title='bbox 2424 2441 2657 2508; x_wconf 83' lang='lat' dir='ltr'><strong>sapienti</strong></span> <span class='ocrx_word' id='word_1_566' title='bbox 2707 2441 2953 2499; x_wconf 83' lang='lat' dir='ltr'><strong>Numinis</strong></span> <span class='ocrx_word' id='word_1_567' title='bbox 3000 2448 3229 2500; x_wconf 86' lang='lat' dir='ltr'><strong>consilio</strong></span> <span class='ocrx_word' id='word_1_568' title='bbox 3273 2465 3370 2518; x_wconf 87' lang='lat' dir='ltr'><strong>gu-</strong></span> 
     </span>
    </p>
   </div>
   <div class='ocr_carea' id='block_1_74' title="bbox 1802 2527 3369 2607">
    <p class='ocr_par' dir='ltr' id='par_1_74' title="bbox 1802 2527 3369 2607">
     <span class='ocr_line' id='line_1_74' title="bbox 1802 2527 3369 2607; baseline 0.008 -27"><span class='ocrx_word' id='word_1_569' title='bbox 1802 2527 2027 2583; x_wconf 86' lang='lat' dir='ltr'><strong>bernata</strong></span> <span class='ocrx_word' id='word_1_570' title='bbox 2077 2530 2348 2584; x_wconf 75' lang='lat' dir='ltr'><strong>invenies.</strong></span> <span class='ocrx_word' id='word_1_571' title='bbox 2390 2530 2521 2586; x_wconf 84' lang='lat' dir='ltr'><strong>Nam</strong></span> <span class='ocrx_word' id='word_1_572' title='bbox 2564 2532 2707 2599; x_wconf 89' lang='lat' dir='ltr'><strong>quod</strong></span> <span class='ocrx_word' id='word_1_573' title='bbox 2759 2534 2944 2602; x_wconf 74' lang='lat' dir='ltr'><strong>piratze</strong></span> <span class='ocrx_word' id='word_1_574' title='bbox 2989 2537 3369 2607; x_wconf 62' lang='lat' dir='ltr'><strong>Phocaeenses,</strong></span> 
     </span>
    </p>
   </div>
   <div class='ocr_carea' id='block_1_75' title="bbox 1804 2618 3369 2694">
    <p class='ocr_par' dir='ltr' id='par_1_75' title="bbox 1804 2618 3369 2694">
     <span class='ocr_line' id='line_1_75' title="bbox 1804 2618 3369 2694; baseline 0.007 -23"><span class='ocrx_word' id='word_1_575' title='bbox 1804 2618 2067 2689; x_wconf 61' lang='lat' dir='ltr'><strong>Bithyniae</strong></span> <span class='ocrx_word' id='word_1_576' title='bbox 2100 2634 2250 2673; x_wconf 89' lang='lat' dir='ltr'><strong>oram</strong></span> <span class='ocrx_word' id='word_1_577' title='bbox 2305 2621 2581 2688; x_wconf 63' lang='lat' dir='ltr'><strong>praedandi</strong></span> <span class='ocrx_word' id='word_1_578' title='bbox 2624 2638 2787 2677; x_wconf 83' lang='lat' dir='ltr'><strong>causa</strong></span> <span class='ocrx_word' id='word_1_579' title='bbox 2837 2624 3099 2694; x_wconf 79' lang='lat' dir='ltr'><strong>legentes,</strong></span> <span class='ocrx_word' id='word_1_580' title='bbox 3160 2640 3215 2682; x_wconf 88' lang='lat' dir='ltr'>et</span> <span class='ocrx_word' id='word_1_581' title='bbox 3263 2630 3369 2682; x_wconf 82' lang='lat' dir='ltr'><strong>im-</strong></span> 
     </span>
    </p>
   </div>
   <div class='ocr_carea' id='block_1_76' title="bbox 1806 2711 3367 2786">
    <p class='ocr_par' dir='ltr' id='par_1_76' title="bbox 1806 2711 3367 2786">
     <span class='ocr_line' id='line_1_76' title="bbox 1806 2711 3367 2786; baseline 0.008 -25"><span class='ocrx_word' id='word_1_582' title='bbox 1806 2725 2051 2763; x_wconf 88' lang='lat' dir='ltr'><strong>mensum</strong></span> <span class='ocrx_word' id='word_1_583' title='bbox 2099 2712 2312 2764; x_wconf 92' lang='lat' dir='ltr'><strong>lucrum</strong></span> <span class='ocrx_word' id='word_1_584' title='bbox 2350 2711 2637 2778; x_wconf 83' lang='lat' dir='ltr'><strong>ducentes,</strong></span> <span class='ocrx_word' id='word_1_585' title='bbox 2683 2714 2730 2767; x_wconf 90' lang='lat' dir='ltr'>si</span> <span class='ocrx_word' id='word_1_586' title='bbox 2763 2714 3061 2770; x_wconf 85' lang='lat' dir='ltr'><strong>vilissimos</strong></span> <span class='ocrx_word' id='word_1_587' title='bbox 3101 2719 3367 2786; x_wconf 89' lang='lat' dir='ltr'><strong>quosdam</strong></span> 
     </span>
    </p>
   </div>
   <div class='ocr_carea' id='block_1_77' title="bbox 1805 2800 3372 2873">
    <p class='ocr_par' dir='ltr' id='par_1_77' title="bbox 1805 2800 3372 2873">
     <span class='ocr_line' id='line_1_77' title="bbox 1805 2800 3372 2873; baseline 0.008 -21"><span class='ocrx_word' id='word_1_588' title='bbox 1805 2800 1855 2853; x_wconf 91' lang='lat' dir='ltr'>in</span> <span class='ocrx_word' id='word_1_589' title='bbox 1887 2802 2203 2855; x_wconf 74' lang='lat' dir='ltr'><strong>servitutem</strong></span> <span class='ocrx_word' id='word_1_590' title='bbox 2258 2814 2481 2871; x_wconf 87' lang='lat' dir='ltr'><strong>possent</strong></span> <span class='ocrx_word' id='word_1_591' title='bbox 2522 2803 2795 2873; x_wconf 87' lang='lat' dir='ltr'><strong>abripere,</strong></span> <span class='ocrx_word' id='word_1_592' title='bbox 2828 2818 2934 2861; x_wconf 87' lang='lat' dir='ltr'>tam</span> <span class='ocrx_word' id='word_1_593' title='bbox 2967 2809 3209 2864; x_wconf 88' lang='lat' dir='ltr'><strong>secunda</strong></span> <span class='ocrx_word' id='word_1_594' title='bbox 3262 2811 3372 2865; x_wconf 83' lang='lat' dir='ltr'><strong>I&#39;or-</strong></span> 
     </span>
    </p>
   </div>
   <div class='ocr_carea' id='block_1_78' title="bbox 1808 2898 3368 2968">
    <p class='ocr_par' dir='ltr' id='par_1_78' title="bbox 1808 2898 3368 2968">
     <span class='ocr_line' id='line_1_78' title="bbox 1808 2898 3368 2968; baseline 0.007 -22"><span class='ocrx_word' id='word_1_595' title='bbox 1808 2904 1936 2947; x_wconf 86' lang='lat' dir='ltr'><strong>tuna</strong></span> <span class='ocrx_word' id='word_1_596' title='bbox 1967 2903 2191 2964; x_wconf 80' lang='lat' dir='ltr'><strong>repente</strong></span> <span class='ocrx_word' id='word_1_597' title='bbox 2234 2903 2290 2947; x_wconf 88' lang='lat' dir='ltr'>et</span> <span class='ocrx_word' id='word_1_598' title='bbox 2320 2904 2519 2963; x_wconf 65' lang='lat' dir='ltr'><strong>printer</strong></span> <span class='ocrx_word' id='word_1_599' title='bbox 2538 2898 3000 2965; x_wconf 83' lang='lat' dir='ltr'><strong>exspectationem</strong></span> <span class='ocrx_word' id='word_1_600' title='bbox 3028 2901 3110 2954; x_wconf 83' lang='lat' dir='ltr'>usi</span> <span class='ocrx_word' id='word_1_601' title='bbox 3140 2900 3368 2968; x_wconf 81' lang='lat' dir='ltr'><strong>fuerint,</strong></span> 
     </span>
    </p>
   </div>
   <div class='ocr_carea' id='block_1_79' title="bbox 1806 2984 3372 3061">
    <p class='ocr_par' dir='ltr' id='par_1_79' title="bbox 1806 2984 3372 3061">
     <span class='ocr_line' id='line_1_79' title="bbox 1806 2984 3372 3061; baseline 0.008 -24"><span class='ocrx_word' id='word_1_602' title='bbox 1806 2991 1864 3037; x_wconf 89' lang='lat' dir='ltr'>ut</span> <span class='ocrx_word' id='word_1_603' title='bbox 1904 2984 2386 3039; x_wconf 85' lang='lat' dir='ltr'><strong>innumerabilium</strong></span> <span class='ocrx_word' id='word_1_604' title='bbox 2426 2988 2733 3041; x_wconf 84' lang='lat' dir='ltr'><strong>mortalium</strong></span> <span class='ocrx_word' id='word_1_605' title='bbox 2772 2990 3073 3060; x_wconf 85' lang='lat' dir='ltr'><strong>principem</strong></span> <span class='ocrx_word' id='word_1_606' title='bbox 3104 2996 3372 3061; x_wconf 89' lang='lat' dir='ltr'><strong>potentis-</strong></span> 
     </span>
    </p>
   </div>
   <div class='ocr_carea' id='block_1_80' title="bbox 1804 3076 3377 3140">
    <p class='ocr_par' dir='ltr' id='par_1_80' title="bbox 1804 3076 3377 3140">
     <span class='ocr_line' id='line_1_80' title="bbox 1804 3076 3377 3140; baseline 0.007 -11"><span class='ocrx_word' id='word_1_607' title='bbox 1804 3076 2002 3130; x_wconf 84' lang='lat' dir='ltr'><strong>simum</strong></span> <span class='ocrx_word' id='word_1_608' title='bbox 2065 3091 2129 3131; x_wconf 90' lang='lat' dir='ltr'>ac</span> <span class='ocrx_word' id='word_1_609' title='bbox 2182 3078 2490 3133; x_wconf 89' lang='lat' dir='ltr'><strong>numerosis</strong></span> <span class='ocrx_word' id='word_1_610' title='bbox 2541 3080 2811 3134; x_wconf 89' lang='lat' dir='ltr'><strong>valentem</strong></span> <span class='ocrx_word' id='word_1_611' title='bbox 2870 3082 3121 3136; x_wconf 84' lang='lat' dir='ltr'><strong>resistere</strong></span> <span class='ocrx_word' id='word_1_612' title='bbox 3168 3087 3377 3140; x_wconf 68' lang='lat' dir='ltr'><strong>exerci-</strong></span> 
     </span>
    </p>
   </div>
   <div class='ocr_carea' id='block_1_81' title="bbox 1808 3167 3376 3247">
    <p class='ocr_par' dir='ltr' id='par_1_81' title="bbox 1808 3167 3376 3247">
     <span class='ocr_line' id='line_1_81' title="bbox 1808 3167 3376 3247; baseline 0.01 -28"><span class='ocrx_word' id='word_1_613' title='bbox 1808 3167 1952 3221; x_wconf 84' lang='lat' dir='ltr'><strong>tibus</strong></span> <span class='ocrx_word' id='word_1_614' title='bbox 1983 3168 2100 3221; x_wconf 88' lang='lat' dir='ltr'><strong>sine</strong></span> <span class='ocrx_word' id='word_1_615' title='bbox 2146 3168 2332 3221; x_wconf 91' lang='lat' dir='ltr'><strong>labore</strong></span> <span class='ocrx_word' id='word_1_616' title='bbox 2375 3171 2664 3238; x_wconf 84' lang='lat' dir='ltr'><strong>ceperint;</strong></span> <span class='ocrx_word' id='word_1_617' title='bbox 2711 3172 2993 3228; x_wconf 87' lang='lat' dir='ltr'><strong>Orcbanes</strong></span> <span class='ocrx_word' id='word_1_618' title='bbox 3039 3191 3171 3231; x_wconf 87' lang='lat' dir='ltr'><strong>vero</strong></span> <span class='ocrx_word' id='word_1_619' title='bbox 3218 3188 3376 3247; x_wconf 74' lang='lat' dir='ltr'><strong>pater</strong></span> 
     </span>
    </p>
   </div>
   <div class='ocr_carea' id='block_1_82' title="bbox 1806 3258 3368 3335">
    <p class='ocr_par' dir='ltr' id='par_1_82' title="bbox 1806 3258 3368 3335">
     <span class='ocr_line' id='line_1_82' title="bbox 1806 3258 3368 3335; baseline 0.01 -25"><span class='ocrx_word' id='word_1_620' title='bbox 1806 3258 2107 3327; x_wconf 81' lang='lat' dir='ltr'><strong>sympathia</strong></span> <span class='ocrx_word' id='word_1_621' title='bbox 2139 3274 2268 3329; x_wconf 87' lang='lat' dir='ltr'><strong>erga</strong></span> <span class='ocrx_word' id='word_1_622' title='bbox 2304 3259 2475 3313; x_wconf 82' lang='lat' dir='ltr'><strong>tilium</strong></span> <span class='ocrx_word' id='word_1_623' title='bbox 2505 3262 2662 3316; x_wconf 83' lang='lat' dir='ltr'><strong>enixe</strong></span> <span class='ocrx_word' id='word_1_624' title='bbox 2700 3263 3081 3331; x_wconf 87' lang='lat' dir='ltr'><strong>imperatorem</strong></span> <span class='ocrx_word' id='word_1_625' title='bbox 3104 3270 3368 3335; x_wconf 88' lang='lat' dir='ltr'><strong>oraverit,</strong></span> 
     </span>
    </p>
   </div>
   <div class='ocr_carea' id='block_1_83' title="bbox 1811 3349 3376 3432">
    <p class='ocr_par' dir='ltr' id='par_1_83' title="bbox 1811 3349 3376 3432">
     <span class='ocr_line' id='line_1_83' title="bbox 1811 3349 3376 3432; baseline 0.01 -31"><span class='ocrx_word' id='word_1_626' title='bbox 1811 3359 1869 3403; x_wconf 88' lang='lat' dir='ltr'>ut</span> <span class='ocrx_word' id='word_1_627' title='bbox 1912 3349 2021 3402; x_wconf 80' lang='lat' dir='ltr'><strong>tilio</strong></span> <span class='ocrx_word' id='word_1_628' title='bbox 2053 3350 2373 3415; x_wconf 58' lang='lat' dir='ltr'><strong>,libertatem</strong></span> <span class='ocrx_word' id='word_1_629' title='bbox 2423 3355 2761 3420; x_wconf 84' lang='lat' dir='ltr'><strong>conciliaret,</strong></span> <span class='ocrx_word' id='word_1_630' title='bbox 2813 3371 3146 3427; x_wconf 84' lang='lat' dir='ltr'><strong>magnasque</strong></span> <span class='ocrx_word' id='word_1_631' title='bbox 3210 3360 3376 3432; x_wconf 85' lang='lat' dir='ltr'><strong>hujus</strong></span> 
     </span>
    </p>
   </div>
   <div class='ocr_carea' id='block_1_84' title="bbox 1806 3437 3374 3518">
    <p class='ocr_par' dir='ltr' id='par_1_84' title="bbox 1806 3437 3374 3518">
     <span class='ocr_line' id='line_1_84' title="bbox 1806 3437 3374 3518; baseline 0.013 -29"><span class='ocrx_word' id='word_1_632' title='bbox 1806 3437 2054 3491; x_wconf 78' lang='lat' dir='ltr'><strong>beneficii</strong></span> <span class='ocrx_word' id='word_1_633' title='bbox 2093 3443 2568 3509; x_wconf 88' lang='lat' dir='ltr'><strong>compensationes</strong></span> <span class='ocrx_word' id='word_1_634' title='bbox 2595 3446 2909 3514; x_wconf 90' lang='lat' dir='ltr'><strong>promiserit</strong></span> <span class='ocrx_word' id='word_1_635' title='bbox 2940 3449 3139 3518; x_wconf 79' lang='lat' dir='ltr'><strong>(aliter</strong></span> <span class='ocrx_word' id='word_1_636' title='bbox 3174 3455 3317 3507; x_wconf 87' lang='lat' dir='ltr'><strong>enim</strong></span> <span class='ocrx_word' id='word_1_637' title='bbox 3342 3469 3374 3509; x_wconf 90' lang='lat' dir='ltr'>e</span> 
     </span>
    </p>
   </div>
   <div class='ocr_carea' id='block_1_85' title="bbox 1806 3528 3379 3613">
    <p class='ocr_par' dir='ltr' id='par_1_85' title="bbox 1806 3528 3379 3613">
     <span class='ocr_line' id='line_1_85' title="bbox 1806 3528 3379 3613; baseline 0.013 -32"><span class='ocrx_word' id='word_1_638' title='bbox 1806 3530 2053 3584; x_wconf 89' lang='lat' dir='ltr'><strong>custodia</strong></span> <span class='ocrx_word' id='word_1_639' title='bbox 2107 3532 2329 3586; x_wconf 88' lang='lat' dir='ltr'><strong>liberari</strong></span> <span class='ocrx_word' id='word_1_640' title='bbox 2380 3528 2537 3604; x_wconf 54' lang='lat' dir='ltr'><strong>p’ossc</strong></span> <span class='ocrx_word' id='word_1_641' title='bbox 2605 3552 2713 3591; x_wconf 87' lang='lat' dir='ltr'>non</span> <span class='ocrx_word' id='word_1_642' title='bbox 2770 3540 3050 3609; x_wconf 81' lang='lat' dir='ltr'><strong>videbat),</strong></span> <span class='ocrx_word' id='word_1_643' title='bbox 3084 3544 3379 3613; x_wconf 88' lang='lat' dir='ltr'><strong>imperator</strong></span> 
     </span>
    </p>
   </div>
   <div class='ocr_carea' id='block_1_86' title="bbox 1807 3618 3383 3692">
    <p class='ocr_par' dir='ltr' id='par_1_86' title="bbox 1807 3618 3383 3692">
     <span class='ocr_line' id='line_1_86' title="bbox 1807 3618 3383 3692; baseline 0.01 -22"><span class='ocrx_word' id='word_1_644' title='bbox 1807 3626 1987 3671; x_wconf 89' lang='lat' dir='ltr'><strong>autem</strong></span> <span class='ocrx_word' id='word_1_645' title='bbox 2040 3618 2155 3688; x_wconf 91' lang='lat' dir='ltr'><strong>ipse</strong></span> <span class='ocrx_word' id='word_1_646' title='bbox 2215 3626 2579 3692; x_wconf 81' lang='lat' dir='ltr'><strong>perspexerit,</strong></span> <span class='ocrx_word' id='word_1_647' title='bbox 2634 3626 2735 3680; x_wconf 90' lang='lat' dir='ltr'>boc</span> <span class='ocrx_word' id='word_1_648' title='bbox 2784 3630 3017 3685; x_wconf 80' lang='lat' dir='ltr'><strong>maxime</strong></span> <span class='ocrx_word' id='word_1_649' title='bbox 3066 3633 3229 3686; x_wconf 90' lang='lat' dir='ltr'><strong>modo</strong></span> <span class='ocrx_word' id='word_1_650' title='bbox 3276 3634 3383 3689; x_wconf 86' lang='lat' dir='ltr'>0r-</span> 
     </span>
    </p>
   </div>
   <div class='ocr_carea' id='block_1_87' title="bbox 1807 3708 3374 3787">
    <p class='ocr_par' dir='ltr' id='par_1_87' title="bbox 1807 3708 3374 3787">
     <span class='ocr_line' id='line_1_87' title="bbox 1807 3708 3374 3787; baseline 0.014 -27"><span class='ocrx_word' id='word_1_651' title='bbox 1807 3708 2037 3763; x_wconf 88' lang='lat' dir='ltr'><strong>cbancm</strong></span> <span class='ocrx_word' id='word_1_652' title='bbox 2065 3726 2122 3765; x_wconf 90' lang='lat' dir='ltr'>se</span> <span class='ocrx_word' id='word_1_653' title='bbox 2148 3712 2213 3765; x_wconf 88' lang='lat' dir='ltr'>ad</span> <span class='ocrx_word' id='word_1_654' title='bbox 2246 3728 2373 3766; x_wconf 86' lang='lat' dir='ltr'><strong>suas</strong></span> <span class='ocrx_word' id='word_1_655' title='bbox 2402 3731 2584 3782; x_wconf 86' lang='lat' dir='ltr'><strong>partes</strong></span> <span class='ocrx_word' id='word_1_656' title='bbox 2618 3718 3022 3787; x_wconf 86' lang='lat' dir='ltr'><strong>adjuncturum,</strong></span> <span class='ocrx_word' id='word_1_657' title='bbox 3068 3732 3124 3777; x_wconf 86' lang='lat' dir='ltr'>et</span> <span class='ocrx_word' id='word_1_658' title='bbox 3172 3734 3229 3777; x_wconf 90' lang='lat' dir='ltr'>ut</span> <span class='ocrx_word' id='word_1_659' title='bbox 3273 3726 3374 3782; x_wconf 88' lang='lat' dir='ltr'>abs</span> 
     </span>
    </p>
   </div>
   <div class='ocr_carea' id='block_1_88' title="bbox 1813 3802 3382 3884">
    <p class='ocr_par' dir='ltr' id='par_1_88' title="bbox 1813 3802 3382 3884">
     <span class='ocr_line' id='line_1_88' title="bbox 1813 3802 3382 3884; baseline 0.013 -32"><span class='ocrx_word' id='word_1_660' title='bbox 1813 3809 1865 3853; x_wconf 92' lang='lat' dir='ltr'>te</span> <span class='ocrx_word' id='word_1_661' title='bbox 1898 3802 2144 3870; x_wconf 86' lang='lat' dir='ltr'><strong>juvando</strong></span> <span class='ocrx_word' id='word_1_662' title='bbox 2181 3804 2483 3860; x_wconf 80' lang='lat' dir='ltr'><strong>abstineret</strong></span> <span class='ocrx_word' id='word_1_663' title='bbox 2525 3809 2875 3872; x_wconf 85' lang='lat' dir='ltr'><strong>ell&#39;ecturum,</strong></span> <span class='ocrx_word' id='word_1_664' title='bbox 2921 3824 2976 3866; x_wconf 89' lang='lat' dir='ltr'>et</span> <span class='ocrx_word' id='word_1_665' title='bbox 3005 3814 3105 3869; x_wconf 86' lang='lat' dir='ltr'>hac</span> <span class='ocrx_word' id='word_1_666' title='bbox 3152 3830 3248 3884; x_wconf 87' lang='lat' dir='ltr'>spe</span> <span class='ocrx_word' id='word_1_667' title='bbox 3284 3819 3382 3872; x_wconf 89' lang='lat' dir='ltr'><strong>tri-</strong></span> 
     </span>
    </p>
   </div>
   <div class='ocr_carea' id='block_1_89' title="bbox 1811 3902 3381 3971">
    <p class='ocr_par' dir='ltr' id='par_1_89' title="bbox 1811 3902 3381 3971">
     <span class='ocr_line' id='line_1_89' title="bbox 1811 3902 3381 3971; baseline 0.012 -25"><span class='ocrx_word' id='word_1_668' title='bbox 1811 3908 1989 3948; x_wconf 89' lang='lat' dir='ltr'><strong>remes</strong></span> <span class='ocrx_word' id='word_1_669' title='bbox 2036 3902 2354 3961; x_wconf 77' lang='lat' dir='ltr'><strong>armaverit,</strong></span> <span class='ocrx_word' id='word_1_670' title='bbox 2398 3915 2722 3970; x_wconf 83' lang='lat' dir='ltr'><strong>semperque</strong></span> <span class='ocrx_word' id='word_1_671' title='bbox 2757 3906 2890 3958; x_wconf 85' lang='lat' dir='ltr'><strong>mari</strong></span> <span class='ocrx_word' id='word_1_672' title='bbox 2939 3907 3271 3971; x_wconf 86' lang='lat' dir='ltr'><strong>incubuerit.</strong></span> <span class='ocrx_word' id='word_1_673' title='bbox 3322 3918 3381 3965; x_wconf 89' lang='lat' dir='ltr'>et</span> 
     </span>
    </p>
   </div>
   <div class='ocr_carea' id='block_1_90' title="bbox 1810 3985 3377 4062">
    <p class='ocr_par' dir='ltr' id='par_1_90' title="bbox 1810 3985 3377 4062">
     <span class='ocr_line' id='line_1_90' title="bbox 1810 3985 3377 4062; baseline 0.01 -23"><span class='ocrx_word' id='word_1_674' title='bbox 1810 3985 2047 4040; x_wconf 72' lang='grc' dir='ltr'>Οι-οιιιιιιί</span> <span class='ocrx_word' id='word_1_675' title='bbox 2091 3988 2262 4042; x_wconf 81' lang='lat' dir='ltr'><strong>tilium</strong></span> <span class='ocrx_word' id='word_1_676' title='bbox 2312 4006 2641 4059; x_wconf 87' lang='lat' dir='ltr'><strong>recuperare</strong></span> <span class='ocrx_word' id='word_1_677' title='bbox 2686 3996 3052 4062; x_wconf 79' lang='lat' dir='ltr'><strong>contenderit,</strong></span> <span class='ocrx_word' id='word_1_678' title='bbox 3101 3999 3204 4052; x_wconf 85' lang='lat' dir='ltr'>sub</span> <span class='ocrx_word' id='word_1_679' title='bbox 3233 4000 3377 4055; x_wconf 90' lang='lat' dir='ltr'><strong>idem</strong></span> 
     </span>
    </p>
   </div>
   <div class='ocr_carea' id='block_1_91' title="bbox 1812 4083 3381 4152">
    <p class='ocr_par' dir='ltr' id='par_1_91' title="bbox 1812 4083 3381 4152">
     <span class='ocr_line' id='line_1_91' title="bbox 1812 4083 3381 4152; baseline 0.011 -23"><span class='ocrx_word' id='word_1_680' title='bbox 1812 4093 1939 4132; x_wconf 86' lang='lat' dir='ltr'><strong>vero</strong></span> <span class='ocrx_word' id='word_1_681' title='bbox 1970 4088 2200 4145; x_wconf 82' lang='lat' dir='ltr'><strong>lempus,</strong></span> <span class='ocrx_word' id='word_1_682' title='bbox 2221 4091 2276 4135; x_wconf 91' lang='lat' dir='ltr'>et</span> <span class='ocrx_word' id='word_1_683' title='bbox 2324 4093 2378 4136; x_wconf 91' lang='lat' dir='ltr'>tu</span> <span class='ocrx_word' id='word_1_684' title='bbox 2410 4100 2437 4136; x_wconf 89' lang='lat' dir='ltr'>a</span> <span class='ocrx_word' id='word_1_685' title='bbox 2473 4083 2726 4139; x_wconf 88' lang='lat' dir='ltr'><strong>Triballis</strong></span> <span class='ocrx_word' id='word_1_686' title='bbox 2752 4090 3068 4152; x_wconf 85' lang='lat' dir='ltr'><strong>accersitus,</strong></span> <span class='ocrx_word' id='word_1_687' title='bbox 3094 4105 3217 4145; x_wconf 88' lang='lat' dir='ltr'>eum</span> <span class='ocrx_word' id='word_1_688' title='bbox 3248 4093 3381 4147; x_wconf 90' lang='lat' dir='ltr'><strong>solis</strong></span> 
     </span>
    </p>
   </div>
   <div class='ocr_carea' id='block_1_92' title="bbox 1813 4168 3381 4247">
    <p class='ocr_par' dir='ltr' id='par_1_92' title="bbox 1813 4168 3381 4247">
     <span class='ocr_line' id='line_1_92' title="bbox 1813 4168 3381 4247; baseline 0.011 -27"><span class='ocrx_word' id='word_1_689' title='bbox 1813 4168 2063 4223; x_wconf 84' lang='lat' dir='ltr'><strong>Barbaris</strong></span> <span class='ocrx_word' id='word_1_690' title='bbox 2106 4171 2157 4223; x_wconf 92' lang='lat' dir='ltr'>in</span> <span class='ocrx_word' id='word_1_691' title='bbox 2197 4172 2567 4227; x_wconf 76' lang='lat' dir='ltr'><strong>Macedoniam</strong></span> <span class='ocrx_word' id='word_1_692' title='bbox 2620 4178 2803 4241; x_wconf 87' lang='lat' dir='ltr'><strong>iveris,</strong></span> <span class='ocrx_word' id='word_1_693' title='bbox 2853 4194 2915 4231; x_wconf 90' lang='lat' dir='ltr'>ea</span> <span class='ocrx_word' id='word_1_694' title='bbox 2948 4183 3293 4247; x_wconf 79' lang='lat' dir='ltr'><strong>necessitate,</strong></span> <span class='ocrx_word' id='word_1_695' title='bbox 3322 4192 3381 4237; x_wconf 82' lang='lat' dir='ltr'>ut</span> 
     </span>
    </p>
   </div>
   <div class='ocr_carea' id='block_1_93' title="bbox 1813 4262 3376 4342">
    <p class='ocr_par' dir='ltr' id='par_1_93' title="bbox 1813 4262 3376 4342">
     <span class='ocr_line' id='line_1_93' title="bbox 1813 4262 3376 4342; baseline 0.006 -27"><span class='ocrx_word' id='word_1_696' title='bbox 1813 4262 2117 4315; x_wconf 81' lang='lat' dir='ltr'><strong>Romanum</strong></span> <span class='ocrx_word' id='word_1_697' title='bbox 2163 4266 2463 4319; x_wconf 77' lang='lat' dir='ltr'><strong>exercitum</strong></span> <span class='ocrx_word' id='word_1_698' title='bbox 2518 4269 2879 4337; x_wconf 80' lang='lat' dir='ltr'><strong>relinqueres,</strong></span> <span class='ocrx_word' id='word_1_699' title='bbox 2937 4272 3161 4325; x_wconf 85' lang='lat' dir='ltr'><strong>TriLalIi</strong></span> <span class='ocrx_word' id='word_1_700' title='bbox 3221 4290 3376 4342; x_wconf 87' lang='lat' dir='ltr'><strong>vero,</strong></span> 
     </span>
    </p>
   </div>
   <div class='ocr_carea' id='block_1_94' title="bbox 1812 4352 3382 4420">
    <p class='ocr_par' dir='ltr' id='par_1_94' title="bbox 1812 4352 3382 4420">
     <span class='ocr_line' id='line_1_94' title="bbox 1812 4352 3382 4420; baseline 0.009 -17"><span class='ocrx_word' id='word_1_701' title='bbox 1812 4352 1902 4420; x_wconf 89' lang='lat' dir='ltr'>qui</span> <span class='ocrx_word' id='word_1_702' title='bbox 1961 4355 2113 4420; x_wconf 90' lang='lat' dir='ltr'><strong>prius</strong></span> <span class='ocrx_word' id='word_1_703' title='bbox 2174 4364 2365 4409; x_wconf 89' lang='lat' dir='ltr'><strong>contra</strong></span> <span class='ocrx_word' id='word_1_704' title='bbox 2432 4358 2626 4410; x_wconf 86' lang='lat' dir='ltr'><strong>Persas</strong></span> <span class='ocrx_word' id='word_1_705' title='bbox 2695 4374 2797 4413; x_wconf 87' lang='lat' dir='ltr'>nec</span> <span class='ocrx_word' id='word_1_706' title='bbox 2864 4362 3049 4415; x_wconf 89' lang='lat' dir='ltr'><strong>oculos</strong></span> <span class='ocrx_word' id='word_1_707' title='bbox 3102 4362 3382 4417; x_wconf 65' lang='lat' dir='ltr'><strong>audebant</strong></span> 
     </span>
    </p>
   </div>
   <div class='ocr_carea' id='block_1_95' title="bbox 1812 4440 3383 4521">
    <p class='ocr_par' dir='ltr' id='par_1_95' title="bbox 1812 4440 3383 4521">
     <span class='ocr_line' id='line_1_95' title="bbox 1812 4440 3383 4521; baseline 0.01 -30"><span class='ocrx_word' id='word_1_708' title='bbox 1812 4440 2079 4502; x_wconf 79' lang='lat' dir='ltr'><strong>attollere,</strong></span> <span class='ocrx_word' id='word_1_709' title='bbox 2144 4444 2299 4509; x_wconf 87' lang='lat' dir='ltr'><strong>pauci</strong></span> <span class='ocrx_word' id='word_1_710' title='bbox 2356 4444 2645 4499; x_wconf 86' lang='lat' dir='ltr'><strong>adversum</strong></span> <span class='ocrx_word' id='word_1_711' title='bbox 2712 4450 2883 4501; x_wconf 86' lang='lat' dir='ltr'><strong>multo</strong></span> <span class='ocrx_word' id='word_1_712' title='bbox 2942 4450 3126 4518; x_wconf 85' lang='lat' dir='ltr'><strong>plures</strong></span> <span class='ocrx_word' id='word_1_713' title='bbox 3175 4468 3383 4521; x_wconf 81' lang='lat' dir='ltr'><strong>pugna-</strong></span> 
     </span>
    </p>
   </div>
   <div class='ocr_carea' id='block_1_96' title="bbox 1810 4532 3384 4611">
    <p class='ocr_par' dir='ltr' id='par_1_96' title="bbox 1810 4532 3384 4611">
     <span class='ocr_line' id='line_1_96' title="bbox 1810 4532 3384 4611; baseline 0.008 -28"><span class='ocrx_word' id='word_1_714' title='bbox 1810 4532 2015 4591; x_wconf 77' lang='lat' dir='ltr'><strong>Verint,</strong></span> <span class='ocrx_word' id='word_1_715' title='bbox 2055 4532 2343 4601; x_wconf 64' lang='lat' dir='ltr'><strong>Persaeque</strong></span> <span class='ocrx_word' id='word_1_716' title='bbox 2376 4550 2686 4604; x_wconf 89' lang='lat' dir='ltr'><strong>quanquam</strong></span> <span class='ocrx_word' id='word_1_717' title='bbox 2717 4538 2969 4592; x_wconf 83' lang='lat' dir='ltr'><strong>hostibus</strong></span> <span class='ocrx_word' id='word_1_718' title='bbox 3004 4541 3157 4611; x_wconf 78' lang='lat' dir='ltr'><strong>longe</strong></span> <span class='ocrx_word' id='word_1_719' title='bbox 3187 4554 3384 4610; x_wconf 90' lang='lat' dir='ltr'><strong>poten-</strong></span> 
     </span>
    </p>
   </div>
   <div class='ocr_carea' id='block_1_97' title="bbox 1744 4624 3381 4714">
    <p class='ocr_par' dir='ltr' id='par_1_97' title="bbox 1744 4624 3381 4714">
     <span class='ocr_line' id='line_1_97' title="bbox 1744 4624 3381 4714; baseline 0.009 -40"><span class='ocrx_word' id='word_1_720' title='bbox 1744 4658 1787 4714; x_wconf 81' lang='lat' dir='ltr'><strong>D</strong></span> <span class='ocrx_word' id='word_1_721' title='bbox 1816 4624 2005 4686; x_wconf 88' lang='lat' dir='ltr'><strong>tiores,</strong></span> <span class='ocrx_word' id='word_1_722' title='bbox 2043 4638 2138 4691; x_wconf 90' lang='lat' dir='ltr'>per</span> <span class='ocrx_word' id='word_1_723' title='bbox 2160 4638 2217 4676; x_wconf 90' lang='lat' dir='ltr'>se</span> <span class='ocrx_word' id='word_1_724' title='bbox 2257 4626 2357 4693; x_wconf 90' lang='lat' dir='ltr'><strong>ipsi</strong></span> <span class='ocrx_word' id='word_1_725' title='bbox 2387 4626 2436 4678; x_wconf 92' lang='lat' dir='ltr'>in</span> <span class='ocrx_word' id='word_1_726' title='bbox 2470 4626 2647 4694; x_wconf 81' lang='lat' dir='ltr'><strong>fugam</strong></span> <span class='ocrx_word' id='word_1_727' title='bbox 2681 4643 2739 4681; x_wconf 85' lang='lat' dir='ltr'>se</span> <span class='ocrx_word' id='word_1_728' title='bbox 2763 4630 3115 4698; x_wconf 88' lang='lat' dir='ltr'><strong>conjeceriut,</strong></span> <span class='ocrx_word' id='word_1_729' title='bbox 3152 4633 3323 4703; x_wconf 78' lang='lat' dir='ltr'><strong>ipscqi</strong></span> <span class='ocrx_word' id='word_1_730' title='bbox 3346 4649 3381 4689; x_wconf 76' lang='grc' dir='ltr'>ο</span> 
     </span>
    </p>
   </div>
   <div class='ocr_carea' id='block_1_98' title="bbox 1817 4702 3453 4787">
    <p class='ocr_par' dir='ltr' id='par_1_98' title="bbox 1817 4702 3453 4787">
     <span class='ocr_line' id='line_1_98' title="bbox 1817 4702 3453 4787; baseline 0.006 -20"><span class='ocrx_word' id='word_1_731' title='bbox 1817 4716 2042 4768; x_wconf 78' lang='lat' dir='ltr'><strong>relictus</strong></span> <span class='ocrx_word' id='word_1_732' title='bbox 2085 4714 2255 4776; x_wconf 88' lang='lat' dir='ltr'><strong>solus,</strong></span> <span class='ocrx_word' id='word_1_733' title='bbox 2293 4717 2361 4769; x_wconf 88' lang='lat' dir='ltr'>ab</span> <span class='ocrx_word' id='word_1_734' title='bbox 2405 4716 2655 4769; x_wconf 85' lang='lat' dir='ltr'><strong>hostibus</strong></span> <span class='ocrx_word' id='word_1_735' title='bbox 2699 4728 2911 4787; x_wconf 86' lang='lat' dir='ltr'><strong>captus,</strong></span> <span class='ocrx_word' id='word_1_736' title='bbox 2955 4730 3010 4774; x_wconf 90' lang='lat' dir='ltr'>ct</span> <span class='ocrx_word' id='word_1_737' title='bbox 3050 4722 3265 4776; x_wconf 75' lang='lat' dir='ltr'><strong>vinctus</strong></span> <span class='ocrx_word' id='word_1_738' title='bbox 3294 4702 3379 4776; x_wconf 79' lang='lat' dir='ltr'>ad</span> <span class='ocrx_word' id='word_1_739' title='bbox 3446 4702 3453 4710; x_wconf 35' lang='grc'><strong>⁸</strong></span> 
     </span>
    </p>
   </div>
   <div class='ocr_carea' id='block_1_99' title="bbox 1820 4805 3379 4879">
    <p class='ocr_par' dir='ltr' id='par_1_99' title="bbox 1820 4805 3379 4879">
     <span class='ocr_line' id='line_1_99' title="bbox 1820 4805 3379 4879; baseline 0.004 -21"><span class='ocrx_word' id='word_1_740' title='bbox 1820 4805 2206 4873; x_wconf 85' lang='lat' dir='ltr'><strong>imperatorem</strong></span> <span class='ocrx_word' id='word_1_741' title='bbox 2242 4807 2455 4860; x_wconf 85' lang='lat' dir='ltr'><strong>aﬂinem</strong></span> <span class='ocrx_word' id='word_1_742' title='bbox 2506 4806 2775 4862; x_wconf 81' lang='lat' dir='ltr'><strong>adductus</strong></span> <span class='ocrx_word' id='word_1_743' title='bbox 2828 4810 2924 4871; x_wconf 88' lang='lat' dir='ltr'><strong>sis,</strong></span> <span class='ocrx_word' id='word_1_744' title='bbox 2965 4812 3057 4879; x_wconf 91' lang='lat' dir='ltr'>qui</span> <span class='ocrx_word' id='word_1_745' title='bbox 3109 4814 3291 4865; x_wconf 87' lang='lat' dir='ltr'><strong>statim</strong></span> <span class='ocrx_word' id='word_1_746' title='bbox 3328 4815 3379 4866; x_wconf 92' lang='lat' dir='ltr'>in</span> 
     </span>
    </p>
   </div>
   <div class='ocr_carea' id='block_1_100' title="bbox 1817 4896 3386 4968">
    <p class='ocr_par' dir='ltr' id='par_1_100' title="bbox 1817 4896 3386 4968">
     <span class='ocr_line' id='line_1_100' title="bbox 1817 4896 3386 4968; baseline 0.005 -21"><span class='ocrx_word' id='word_1_747' title='bbox 1817 4896 1981 4948; x_wconf 89' lang='lat' dir='ltr'><strong>urbes</strong></span> <span class='ocrx_word' id='word_1_748' title='bbox 2012 4906 2133 4949; x_wconf 87' lang='lat' dir='ltr'><strong>tuas</strong></span> <span class='ocrx_word' id='word_1_749' title='bbox 2171 4897 2355 4965; x_wconf 85' lang='lat' dir='ltr'><strong>copias</strong></span> <span class='ocrx_word' id='word_1_750' title='bbox 2385 4897 2621 4957; x_wconf 61' lang='lat' dir='ltr'><strong>duxerit,</strong></span> <span class='ocrx_word' id='word_1_751' title='bbox 2657 4897 2832 4966; x_wconf 89' lang='lat' dir='ltr'><strong>iisque</strong></span> <span class='ocrx_word' id='word_1_752' title='bbox 2859 4899 2963 4951; x_wconf 91' lang='lat' dir='ltr'><strong>levi</strong></span> <span class='ocrx_word' id='word_1_753' title='bbox 2999 4901 3216 4968; x_wconf 75' lang='lat' dir='ltr'><strong>negotio</strong></span> <span class='ocrx_word' id='word_1_754' title='bbox 3253 4902 3386 4955; x_wconf 60' lang='lat' dir='ltr'><strong>sub.</strong></span> 
     </span>
    </p>
   </div>
   <div class='ocr_carea' id='block_1_101' title="bbox 1814 4984 3386 5047">
    <p class='ocr_par' dir='ltr' id='par_1_101' title="bbox 1814 4984 3386 5047">
     <span class='ocr_line' id='line_1_101' title="bbox 1814 4984 3386 5047; baseline 0.006 -12"><span class='ocrx_word' id='word_1_755' title='bbox 1814 4985 1971 5047; x_wconf 83' lang='lat' dir='ltr'><strong>actis,</strong></span> <span class='ocrx_word' id='word_1_756' title='bbox 2016 4998 2239 5036; x_wconf 75' lang='lat' dir='ltr'><strong>uxorem</strong></span> <span class='ocrx_word' id='word_1_757' title='bbox 2279 4993 2332 5035; x_wconf 87' lang='lat' dir='ltr'>et</span> <span class='ocrx_word' id='word_1_758' title='bbox 2375 4985 2576 5037; x_wconf 88' lang='lat' dir='ltr'><strong>liberos</strong></span> <span class='ocrx_word' id='word_1_759' title='bbox 2622 4995 2745 5038; x_wconf 87' lang='lat' dir='ltr'><strong>tuos</strong></span> <span class='ocrx_word' id='word_1_760' title='bbox 2792 4984 2845 5038; x_wconf 90' lang='lat' dir='ltr'>in</span> <span class='ocrx_word' id='word_1_761' title='bbox 2880 4988 3167 5040; x_wconf 87' lang='lat' dir='ltr'><strong>arbitrium</strong></span> <span class='ocrx_word' id='word_1_762' title='bbox 3225 5005 3386 5045; x_wconf 86' lang='lat' dir='ltr'><strong>snrm</strong></span> 
     </span>
    </p>
   </div>
   <div class='ocr_carea' id='block_1_102' title="bbox 1820 5074 3387 5147">
    <p class='ocr_par' dir='ltr' id='par_1_102' title="bbox 1820 5074 3387 5147">
     <span class='ocr_line' id='line_1_102' title="bbox 1820 5074 3387 5147; baseline 0.001 -21"><span class='ocrx_word' id='word_1_763' title='bbox 1820 5074 2111 5143; x_wconf 78' lang='lat' dir='ltr'><strong>redegerit,</strong></span> <span class='ocrx_word' id='word_1_764' title='bbox 2160 5088 2214 5127; x_wconf 88' lang='lat' dir='ltr'>et</span> <span class='ocrx_word' id='word_1_765' title='bbox 2245 5075 2323 5129; x_wconf 90' lang='lat' dir='ltr'>sic</span> <span class='ocrx_word' id='word_1_766' title='bbox 2355 5076 2537 5128; x_wconf 86' lang='lat' dir='ltr'><strong>omnia</strong></span> <span class='ocrx_word' id='word_1_767' title='bbox 2575 5076 2641 5129; x_wconf 93' lang='lat' dir='ltr'>de</span> <span class='ocrx_word' id='word_1_768' title='bbox 2686 5075 2952 5129; x_wconf 89' lang='lat' dir='ltr'><strong>industria</strong></span> <span class='ocrx_word' id='word_1_769' title='bbox 2992 5079 3387 5147; x_wconf 76' lang='lat' dir='ltr'><strong>percurrendo,</strong></span> 
     </span>
    </p>
   </div>
   <div class='ocr_carea' id='block_1_103' title="bbox 1816 5168 3388 5240">
    <p class='ocr_par' dir='ltr' id='par_1_103' title="bbox 1816 5168 3388 5240">
     <span class='ocr_line' id='line_1_103' title="bbox 1816 5168 3388 5240; baseline 0.004 -21"><span class='ocrx_word' id='word_1_770' title='bbox 1816 5168 2088 5221; x_wconf 87' lang='lat' dir='ltr'><strong>neminem</strong></span> <span class='ocrx_word' id='word_1_771' title='bbox 2114 5181 2213 5235; x_wconf 87' lang='lat' dir='ltr'>ego</span> <span class='ocrx_word' id='word_1_772' title='bbox 2240 5179 2509 5235; x_wconf 88' lang='lat' dir='ltr'><strong>repertum</strong></span> <span class='ocrx_word' id='word_1_773' title='bbox 2548 5168 2611 5221; x_wconf 92' lang='lat' dir='ltr'>iri</span> <span class='ocrx_word' id='word_1_774' title='bbox 2642 5178 2795 5237; x_wconf 88' lang='lat' dir='ltr'><strong>puto,</strong></span> <span class='ocrx_word' id='word_1_775' title='bbox 2826 5170 2871 5223; x_wconf 89' lang='lat' dir='ltr'>si</span> <span class='ocrx_word' id='word_1_776' title='bbox 2912 5169 3073 5225; x_wconf 90' lang='lat' dir='ltr'><strong>modo</strong></span> <span class='ocrx_word' id='word_1_777' title='bbox 3114 5172 3388 5240; x_wconf 75' lang='lat' dir='ltr'><strong>particufa</strong></span> 
     </span>
    </p>
   </div>
   <div class='ocr_carea' id='block_1_104' title="bbox 1818 5259 3384 5330">
    <p class='ocr_par' dir='ltr' id='par_1_104' title="bbox 1818 5259 3384 5330">
     <span class='ocr_line' id='line_1_104' title="bbox 1818 5259 3384 5330; baseline 0.005 -21"><span class='ocrx_word' id='word_1_778' title='bbox 1818 5259 2015 5310; x_wconf 90' lang='lat' dir='ltr'><strong>mentis</strong></span> <span class='ocrx_word' id='word_1_779' title='bbox 2057 5266 2261 5322; x_wconf 86' lang='lat' dir='ltr'><strong>utatur,</strong></span> <span class='ocrx_word' id='word_1_780' title='bbox 2309 5259 2400 5327; x_wconf 87' lang='lat' dir='ltr'>qui</span> <span class='ocrx_word' id='word_1_781' title='bbox 2428 5274 2534 5311; x_wconf 88' lang='lat' dir='ltr'>non</span> <span class='ocrx_word' id='word_1_782' title='bbox 2587 5259 2767 5312; x_wconf 84' lang='lat' dir='ltr'><strong>omnia</strong></span> <span class='ocrx_word' id='word_1_783' title='bbox 2804 5261 3011 5314; x_wconf 61' lang='lat' dir='ltr'><strong>caelesti</strong></span> <span class='ocrx_word' id='word_1_784' title='bbox 3044 5262 3384 5330; x_wconf 75' lang='lat' dir='ltr'><strong>providentia</strong></span> 
     </span>
    </p>
   </div>
   <div class='ocr_carea' id='block_1_105' title="bbox 1818 5348 3384 5417">
    <p class='ocr_par' dir='ltr' id='par_1_105' title="bbox 1818 5348 3384 5417">
     <span class='ocr_line' id='line_1_105' title="bbox 1818 5348 3384 5417; baseline 0.004 -18"><span class='ocrx_word' id='word_1_785' title='bbox 1818 5357 1936 5401; x_wconf 87' lang='lat' dir='ltr'><strong>acta</strong></span> <span class='ocrx_word' id='word_1_786' title='bbox 1960 5363 2078 5402; x_wconf 85' lang='lat' dir='ltr'><strong>esse</strong></span> <span class='ocrx_word' id='word_1_787' title='bbox 2103 5348 2332 5417; x_wconf 76' lang='lat' dir='ltr'><strong>iudicet.</strong></span> <span class='ocrx_word' id='word_1_788' title='bbox 2361 5350 2515 5413; x_wconf 83' lang='lat' dir='ltr'><strong>Quod</strong></span> <span class='ocrx_word' id='word_1_789' title='bbox 2546 5357 2603 5402; x_wconf 89' lang='lat' dir='ltr'>et</span> <span class='ocrx_word' id='word_1_790' title='bbox 2637 5359 2691 5403; x_wconf 89' lang='lat' dir='ltr'>tu</span> <span class='ocrx_word' id='word_1_791' title='bbox 2727 5349 2957 5403; x_wconf 83' lang='lat' dir='ltr'><strong>credens</strong></span> <span class='ocrx_word' id='word_1_792' title='bbox 2985 5367 3090 5403; x_wconf 92' lang='lat' dir='ltr'>non</span> <span class='ocrx_word' id='word_1_793' title='bbox 3127 5352 3283 5406; x_wconf 78' lang='lat' dir='ltr'><strong>aliter</strong></span> <span class='ocrx_word' id='word_1_794' title='bbox 3326 5368 3384 5406; x_wconf 56' lang='lat' dir='ltr'>se</span> 
     </span>
    </p>
   </div>
   <div class='ocr_carea' id='block_1_106' title="bbox 1820 5441 3385 5514">
    <p class='ocr_par' dir='ltr' id='par_1_106' title="bbox 1820 5441 3385 5514">
     <span class='ocr_line' id='line_1_106' title="bbox 1820 5441 3385 5514; baseline 0.001 -17"><span class='ocrx_word' id='word_1_795' title='bbox 1820 5443 2042 5505; x_wconf 89' lang='lat' dir='ltr'><strong>habere,</strong></span> <span class='ocrx_word' id='word_1_796' title='bbox 2117 5442 2278 5511; x_wconf 75' lang='lat'>902</span> <span class='ocrx_word' id='word_1_797' title='bbox 2344 5441 2397 5495; x_wconf 91' lang='lat' dir='ltr'>in</span> <span class='ocrx_word' id='word_1_798' title='bbox 2469 5442 2673 5497; x_wconf 83' lang='lat' dir='ltr'><strong>divinis</strong></span> <span class='ocrx_word' id='word_1_799' title='bbox 2746 5445 2984 5498; x_wconf 87' lang='lat' dir='ltr'><strong>decretis</strong></span> <span class='ocrx_word' id='word_1_800' title='bbox 3032 5447 3385 5514; x_wconf 74' lang='lat' dir='ltr'><strong>acquiescere</strong></span> 
     </span>
    </p>
   </div>
   <div class='ocr_carea' id='block_1_107' title="bbox 1820 5533 3385 5604">
    <p class='ocr_par' dir='ltr' id='par_1_107' title="bbox 1820 5533 3385 5604">
     <span class='ocr_line' id='line_1_107' title="bbox 1820 5533 3385 5604; baseline 0.001 -17"><span class='ocrx_word' id='word_1_801' title='bbox 1820 5534 2011 5601; x_wconf 89' lang='lat' dir='ltr'><strong>debes,</strong></span> <span class='ocrx_word' id='word_1_802' title='bbox 2040 5548 2140 5587; x_wconf 91' lang='lat' dir='ltr'>nec</span> <span class='ocrx_word' id='word_1_803' title='bbox 2185 5533 2525 5601; x_wconf 75' lang='lat' dir='ltr'><strong>pastmitem</strong></span> <span class='ocrx_word' id='word_1_804' title='bbox 2558 5534 2698 5588; x_wconf 87' lang='lat' dir='ltr'><strong>hanc</strong></span> <span class='ocrx_word' id='word_1_805' title='bbox 2727 5535 3134 5603; x_wconf 76' lang='lat' dir='ltr'><strong>castigationem</strong></span> <span class='ocrx_word' id='word_1_806' title='bbox 3180 5536 3385 5604; x_wconf 75' lang='lat' dir='ltr'><strong>(casni-</strong></span> 
     </span>
    </p>
   </div>
   <div class='ocr_carea' id='block_1_108' title="bbox 1823 5624 3385 5695">
    <p class='ocr_par' dir='ltr' id='par_1_108' title="bbox 1823 5624 3385 5695">
     <span class='ocr_line' id='line_1_108' title="bbox 1823 5624 3385 5695; baseline -0.001 -17"><span class='ocrx_word' id='word_1_807' title='bbox 1823 5625 1968 5695; x_wconf 82' lang='lat' dir='ltr'><strong>gavit</strong></span> <span class='ocrx_word' id='word_1_808' title='bbox 2010 5624 2152 5678; x_wconf 88' lang='lat' dir='ltr'><strong>enim</strong></span> <span class='ocrx_word' id='word_1_809' title='bbox 2190 5634 2241 5677; x_wconf 88' lang='lat' dir='ltr'>te</span> <span class='ocrx_word' id='word_1_810' title='bbox 2272 5624 2528 5693; x_wconf 87' lang='lat' dir='ltr'><strong>benigne,</strong></span> <span class='ocrx_word' id='word_1_811' title='bbox 2571 5640 2672 5679; x_wconf 88' lang='lat' dir='ltr'>nec</span> <span class='ocrx_word' id='word_1_812' title='bbox 2723 5626 2883 5679; x_wconf 85' lang='lat' dir='ltr'><strong>morti</strong></span> <span class='ocrx_word' id='word_1_813' title='bbox 2920 5624 3183 5693; x_wconf 89' lang='lat' dir='ltr'><strong>tradidit)</strong></span> <span class='ocrx_word' id='word_1_814' title='bbox 3228 5642 3385 5678; x_wconf 83' lang='lat' dir='ltr'><strong>revo-</strong></span> 
     </span>
    </p>
   </div>
   <div class='ocr_carea' id='block_1_109' title="bbox 1823 5715 3387 5787">
    <p class='ocr_par' dir='ltr' id='par_1_109' title="bbox 1823 5715 3387 5787">
     <span class='ocr_line' id='line_1_109' title="bbox 1823 5715 3387 5787; baseline -0.001 -16"><span class='ocrx_word' id='word_1_815' title='bbox 1823 5716 2094 5771; x_wconf 88' lang='lat' dir='ltr'><strong>cationem</strong></span> <span class='ocrx_word' id='word_1_816' title='bbox 2145 5716 2210 5768; x_wconf 86' lang='lat' dir='ltr'>ab</span> <span class='ocrx_word' id='word_1_817' title='bbox 2248 5715 2439 5770; x_wconf 76' lang='lat' dir='ltr'><strong>exsilio</strong></span> <span class='ocrx_word' id='word_1_818' title='bbox 2488 5730 2774 5772; x_wconf 83' lang='lat' dir='ltr'><strong>recusare:</strong></span> <span class='ocrx_word' id='word_1_819' title='bbox 2828 5717 3041 5772; x_wconf 89' lang='lat' dir='ltr'><strong>tametsi</strong></span> <span class='ocrx_word' id='word_1_820' title='bbox 3071 5732 3176 5787; x_wconf 91' lang='lat' dir='ltr'>qua</span> <span class='ocrx_word' id='word_1_821' title='bbox 3209 5732 3387 5784; x_wconf 87' lang='lat' dir='ltr'><strong>nuper</strong></span> 
     </span>
    </p>
   </div>
   <div class='ocr_carea' id='block_1_110' title="bbox 1824 5807 3385 5880">
    <p class='ocr_par' dir='ltr' id='par_1_110' title="bbox 1824 5807 3385 5880">
     <span class='ocr_line' id='line_1_110' title="bbox 1824 5807 3385 5880; baseline -0.003 -19"><span class='ocrx_word' id='word_1_822' title='bbox 1824 5807 2083 5877; x_wconf 84' lang='lat' dir='ltr'><strong>Iulgcbas,</strong></span> <span class='ocrx_word' id='word_1_823' title='bbox 2109 5808 2456 5878; x_wconf 84' lang='lat' dir='ltr'><strong>imperatoria</strong></span> <span class='ocrx_word' id='word_1_824' title='bbox 2480 5809 2647 5879; x_wconf 80' lang='lat' dir='ltr'><strong>gloria</strong></span> <span class='ocrx_word' id='word_1_825' title='bbox 2676 5810 2922 5880; x_wconf 86' lang='lat' dir='ltr'><strong>privatus</strong></span> <span class='ocrx_word' id='word_1_826' title='bbox 2945 5810 3038 5863; x_wconf 88' lang='lat' dir='ltr'><strong>sis.</strong></span> <span class='ocrx_word' id='word_1_827' title='bbox 3065 5808 3385 5876; x_wconf 85' lang='lat' dir='ltr'><strong>Quanquam</strong></span> 
     </span>
    </p>
   </div>
  </div>
