4218 6446
836 428 947 489 355

2012 423 2328 485 ΙΟΛΝΝΙΞ
2366 416 2896 481 (ΣΑΝΤᾹΠΗΖΕΧΙ

3978 415 4083 476 356

834 564 934 600 nec
994 544 1057 599 ad
1118 544 1255 597 alios
1314 542 1479 612 hujus
1559 540 1684 593 vita!
1754 539 1994 593 honores
2060 538 2297 593 caducos
2354 543 2477 597 et;

2438 543 2477 597 Α
2516 534 2669 586 κέναι
2701 532 2820 584 δέον
2850 533 2962 593 τοῖς
2990 528 3383 599 ἐψηφισμένοις
3423 529 3671 598 στέργειν
3710 529 3787 599 τῷ
3814 529 3956 597 Θεῷ,
3990 528 4086 583 καδ-

832 640 1062 692 ﬂuentes
1107 636 1498 703 obstupescere
1565 632 1921 700 prudentium
1976 630 2402 696 incorrupteque

829 728 1193 799 jmlicautium
1226 735 1330 778 est.
1362 726 1493 788 Qua:
1519 734 1701 776 autem
1733 738 1796 775 ex
1843 721 2077 789 imperio
2102 720 2204 773 isto
2236 718 2405 789 gloria

837 821 1158 888 percipitur,
1231 816 1373 869 haud
1439 816 1660 881 vulgare
1718 814 2022 881 perieulum
2084 828 2191 865 non
2267 811 2405 863 bene

834 926 999 983 atque
1026 922 1079 963 nt
1102 911 1256 963 decet
1280 909 1669 976 rempublicam
1706 905 2110 959 administranti
2136 904 2404 957 attttlerit.

837 1006 953 1057 Non
984 1002 1128 1055 enim
1159 1042 1173 1062 ,
1222 999 1681 1069 quemadmodum
1728 997 1868 1055 aliis.
1918 998 1961 1050 si
2015 997 2181 1048 vitam
2230 994 2406 1047 solute

838 1095 1226 1159 transrgcrint,
1262 1094 1337 1145 sic
1371 1090 1533 1142 etiam
1579 1089 2006 1158 imperatoribus
2038 1087 2311 1148 usuvcnit,
2350 1094 2407 1138 ut

836 1188 1098 1239 damnum
1132 1184 1195 1235 ad
1243 1186 1388 1251 ipsos
1433 1183 1593 1234 modo
1628 1182 1918 1250 pertineat.
1959 1179 2050 1231 scil
2083 1188 2136 1231 et
2181 1178 2321 1231 bona
2353 1188 2408 1231 et

840 1281 977 1331 mala
1020 1279 1257 1344 ipsorum
1307 1276 1539 1328 subditis
1569 1274 1880 1329 communia
1921 1281 2071 1333 sunt,
2124 1280 2181 1324 et
2234 1270 2409 1338 impe-

840 1368 1039 1422 ratoris
1088 1367 1322 1420 animam
1381 1366 1559 1418 omnis
1611 1364 1831 1417 virtutis
1900 1364 2182 1432 speculum
2244 1372 2409 1429 atque

838 1461 1195 1528 archetypum
1238 1472 1357 1510 esse
1388 1462 1646 1522 oportet:
1684 1454 1887 1523 alioqui
1925 1470 2029 1506 non
2068 1452 2242 1506 solum
2275 1466 2408 1511 suae,

844 1551 937 1603 sed
984 1560 1035 1601 et
1084 1548 1317 1599 aliorum
1369 1546 1619 1614 scgnitiei
1684 1560 1873 1613 punias
1926 1544 2226 1613 persolvet.
2281 1540 2412 1605 Quae

844 1641 968 1707 quis
998 1640 1213 1694 tandem
1249 1653 1356 1690 non
1405 1638 1607 1689 stultus
1648 1652 1834 1689 secum
1870 1645 2149 1702 reputans,
2181 1648 2285 1686 non
2328 1630 2412 1683 vel

843 1731 1265 1785 obscurissimus
1290 1731 1472 1782 vivere
1512 1730 1681 1790 malit,
1728 1743 1852 1779 cum
1882 1726 2271 1779 detrimentum
2305 1739 2412 1777 non

847 1826 902 1878 in
928 1824 1253 1892 chpicubile
1285 1821 1588 1891 quidpiam,
1620 1820 1714 1874 sed
1742 1822 1798 1874 in
1830 1820 2001 1888 ipsam
2044 1819 2282 1870 animam
2319 1816 2417 1869 de-

2509 624 2584 694 μὴ
2615 622 2753 692 μετά
2782 622 2878 691 τὴν
2910 620 3293 688 φιλάνθρωπον
3335 620 3585 672 παιδείαν
3609 617 3820 687 ταύτην
3852 619 4085 686 (πεπαί-

2505 714 2665 766 δευκε
2692 714 2799 782 γάρ
2828 730 2884 764 σε
2905 712 3306 779 φιλανθρώπως
3329 710 3406 773 τῷ
3432 711 3645 779 θανάτῳ
3679 710 3754 777 μὴ
3779 710 4088 777 παραδοὺς)

2506 805 2822 858 ἀναίνεσθαι
2854 804 2952 871 τὴν
2980 803 3303 872 ἀνάκλησιν,
3349 803 3397 853 εί
3436 802 3510 871 μὴ
3546 804 3637 853 καὶ
3663 804 3758 869 τῆς
3794 800 4086 869 βασιλικῆς

2508 897 2719 963 ἔξεστιν
2759 896 3003 962 εὐδοξίας
3034 894 3327 947 ἀπολαύειν
3354 892 3546 963 ὥσπερ
3568 894 3857 962 πρότερον.
3888 893 4091 943 Καίτοι

2510 989 2603 1039 καὶ
2631 989 2692 1039 τὸ
2720 986 2857 1056 πρὸς
2884 989 3063 1038 πᾶσαν
3087 987 3279 1055 ἑτέραν
3305 986 3461 1048 δόξαν
3500 986 3597 1052 τὴν
3627 986 3778 1053 παρὰ
3808 985 3962 1035 τόνδε
3995 985 4089 1035 τὸν

2511 1078 2625 1147 βίον
2684 1078 2945 1146 ἐπίκηρον
2981 1077 3151 1129 οὖσαν
3220 1078 3310 1129 καὶ
3360 1075 3718 1143 διαρῤἐουσαν
3764 1076 4092 1141 ἐπτοῆσθαι,

2508 1172 2607 1223 οὐκ
2638 1169 2847 1238 ἀνδρῶν
2879 1169 3112 1237 ἑχόντων
3135 1167 3259 1220 νοῦν
3316 1169 3409 1219 καὶ
3443 1166 3827 1234 προσεχόντων
3858 1165 4091 1233 ἀληθέςι

2508 1260 2811 1328 λογισμοῖς.
2854 1259 2917 1311 ἰι
2945 1258 3000 1309 δὲ
3041 1261 3103 1309 ικ
3144 1258 3243 1326 τῆς
3275 1255 3555 1327 βασιλείας
3592 1257 3797 1325 ταύτης
3831 1258 3928 1308 καὶ
3973 1256 4093 1307 χεν-

2510 1354 2664 1406 δυνον
2693 1354 2753 1405 οὐ
2793 1354 2883 1403 τὶν
2922 1351 3154 1419 τυχόντα
3188 1350 3264 1420 τῷ
3315 1351 3390 1420 μὴ
3421 1350 3604 1411 καλῶς
3648 1352 3757 1410 τοῖς
3794 1349 4090 1417 πράγμασι

2511 1446 2783 1515 χρωμένῳ
2817 1444 2909 1497 καὶ
2941 1442 3329 1512 προσηκόντως
3364 1444 3429 1495 ἂν
3456 1443 3693 1509 ἐνέγκοι.
3727 1442 3800 1493 Οὐ
3837 1442 3945 1509 γὰρ
3981 1441 4091 1491 ῶσ-

2518 1553 2623 1604 περ
2669 1536 2727 1585 ἐν
2756 1538 2872 1597 τοῖς
2911 1535 3111 1597 ἀλλοις,
3155 1532 3220 1586 ἂν
3277 1533 3532 1604 ῥᾳθύμως
3574 1532 3907 1600 βιοτεύωσιν,
3949 1531 4093 1581 οὔτω

2514 1626 2578 1694 δὴ
2629 1625 2720 1677 καὶ
2752 1623 3064 1694 βασιλεῦσιν
3112 1624 3197 1691 ἐφ’
3242 1624 3465 1685 ἑαυτοὺς
3510 1626 3536 1691 ἡ
3588 1623 3757 1693 βλάῦη
3803 1628 4089 1692 περιγῖνε-

2514 1734 2629 1780 ται,
2671 1716 2806 1768 ἀλλα
2839 1714 2908 1767 τά
2948 1730 3008 1766 τι
3059 1714 3243 1780 ἀγαθά
3271 1715 3471 1782 ὁμοίως
3496 1717 3647 1767 κοινά
3687 1718 3798 1776 τοῖς
3828 1714 4095 1781 ὑπηκόοις

2518 1811 2612 1861 καὶ
2644 1809 2712 1861 τά
2750 1806 2949 1874 φαῦλα,
2983 1808 3079 1859 καὶ
3117 1806 3232 1858 δέον
3269 1808 3476 1875 ἀγαθοῦ
3527 1806 3729 1867 παντὸς
3778 1807 4094 1874 ἀρχέτυπον

848 1920 1080 1977 rit'ctur,
1144 1917 1232 1970 cui
1290 1927 1345 1969 et
1403 1916 1541 1967 bona
1599 1925 1655 1967 et
1706 1915 1843 1966 mala
1901 1916 1954 1966 in
2020 1912 2415 1980 sempiternum
2452 1907 2493 1965 Β

2452 1907 2493 1965 Β
2522 1900 2620 1969 τὴν
2673 1897 2938 1968 βασιλέως
2974 1897 3305 1950 καθεστάναι
3356 1898 3536 1967 ψυχήν
3560 1914 3573 1928 ·
3610 1898 3737 1949 εἰδὲ
3772 1902 3869 1965 μὴ,
3903 1899 3967 1949 οὐ
3996 1900 4096 1963 τῆς

847 2006 1110 2061 inerunt?
1152 2007 1416 2059 Praeterea
1454 2017 1505 2055 et
1535 2004 1719 2056 multis
1750 2001 2217 2060 contentionibus.
2249 2001 2403 2053 labo—

846 2100 1001 2153 ribus
1062 2108 1117 2152 et
1154 2096 1570 2151 discriminibus
1610 2098 1661 2148 in
1698 2096 1797 2149 huc
1840 2095 1947 2147 vita
1977 2093 2415 2162 perlongendum

847 2200 933 2245 est
966 2190 1299 2256 imperatori,
1350 2189 1393 2242 si
1439 2188 1571 2241 nolit
1606 2187 1760 2255 quasi
1807 2186 1956 2238 aliud
2004 2200 2193 2253 agens,
2228 2198 2416 2237 verum

848 2292 911 2336 ut
943 2284 1081 2334 ratio
1116 2280 1439 2349 przcserihit,
1492 2279 1722 2345 imperio
1759 2292 2013 2346 prmcsse.
2066 2276 2276 2329 Etenim
2319 2290 2421 2342 pro

851 2372 1115 2442 subjectis
1146 2370 1299 2423 adire
1330 2369 1661 2437 perieulum,
1695 2384 1912 2437 semper
1935 2384 2150 2436 :equum
2184 2378 2289 2426 est.
2322 2380 2422 2420 nec.

853 2466 981 2517 dtnn
1043 2463 1159 2531 ipsc
1226 2461 1389 2514 modo
1452 2475 1682 2514 securus
1741 2461 1832 2520 sit,
1893 2460 2129 2512 alienam
2188 2460 2420 2512 salutem

851 2551 1296 2623 parvipendere,
1354 2561 1408 2603 et
1456 2566 1577 2603 cum
1632 2550 1682 2603 in
1734 2548 2066 2602 moderanda
2120 2548 2421 2617 republica,

850 2658 970 2700 tum
1005 2646 1058 2698 in
1091 2642 1413 2698 coercendis
1439 2642 1709 2704 hostibus,
1762 2651 1817 2694 et
1850 2642 1982 2696 foris
2018 2640 2422 2705 invadentibus,

849 2745 912 2789 et
952 2735 1101 2788 intus
1131 2730 1812 2793 insidiantibus,laborem
1838 2732 2087 2799 quemvis
2117 2746 2424 2799 capessere.

858 2829 1163 2894 lnterroget
1220 2824 1515 2892 quispiam,
1583 2838 1707 2876 cum
1779 2823 1977 2876 scirem
2044 2826 2268 2891 quantis
2325 2823 2427 2877 ista

860 2915 1070 2969 l'unctio
1100 2913 1358 2983 impedita
1390 2921 1535 2966 esset
1563 2912 1997 2976 difficultatibus,
2030 2921 2273 2981 quotque
2298 2926 2431 2965 con-

861 3004 1199 3059 tentionibus
1242 3017 1305 3056 ac
1349 3002 1634 3055 laboribus
1674 3002 2021 3071 imperatoris
2056 3003 2271 3054 animus
2328 3016 2426 3055 vo-

856 3096 1026 3151 lentis
1098 3094 1336 3148 nolentis
1392 3103 1785 3158 exerceretur,
1845 3108 2170 3163 possemque
2233 3093 2428 3162 privati

858 3187 1178 3241 conditione
1225 3195 1279 3240 et
1335 3186 1454 3238 loco
1506 3194 1831 3249 contentus,
1901 3199 2095 3239 vacare
2156 3184 2272 3239 istis
2325 3199 2433 3236 om-

862 3279 1047 3341 nibus,
1082 3292 1183 3331 cur
1230 3275 1450 3330 tandem
1494 3276 1631 3329 adeo
1675 3275 1843 3328 multa
1893 3290 1994 3343 pro
2040 3276 2272 3344 imperio
2321 3274 2434 3328 adi-

862 3370 1125 3437 piscendo
1193 3369 1583 3429 sustinuerim.
1651 3378 1705 3423 et
1766 3370 2025 3438 periculis
2073 3368 2435 3423 formidandis

863 3462 1139 3532 variisque
1175 3462 1393 3515 casibus
1426 3476 1510 3515 me
1552 3461 1897 3515 immiserim.
1939 3461 2049 3532 Ego
2093 3477 2223 3515 vero
2275 3460 2431 3523 illud.

864 3554 1189 3607 utveritatis
1218 3567 1430 3616 amans,
1459 3551 1825 3622 respondebo,
1859 3569 1943 3606 me
1967 3568 2071 3606 non
2100 3554 2434 3622 imperatorii

864 3646 1210 3715 principatus
1238 3646 1483 3709 avidum,
1516 3660 1693 3712 neque
1741 3645 1859 3714 ejus
1904 3647 2173 3715 majestati
2221 3648 2437 3702 inhian—

870 3748 1000 3804 tem,
1036 3739 1130 3792 sed
1161 3738 1614 3808 homopltylarnm
1659 3737 1893 3800 insidiis,
1926 3738 2018 3805 qui
2054 3747 2132 3791 tot
2166 3739 2439 3793 obtrecta-

868 3832 1113 3884 tionibus
1161 3840 1218 3884 et
1278 3830 1428 3884 falsis
1468 3828 1947 3883 criminationibus
1995 3845 2091 3897 per
2145 3830 2331 3884 dolum
2374 3846 2439 3885 ac

868 3921 1118 3977 fraudem
1171 3922 1416 3977 consutis
1473 3920 1539 3974 ad
1597 3921 1774 3989 ipsum
1833 3934 1921 3973 me
1980 3920 2247 3974 malorum
2295 3922 2441 3975 colo-

871 4013 1109 4081 phonem
1138 4012 1541 4077 compulerunt,
1571 4012 1635 4062 ad
1687 4009 1786 4062 hos
1822 4024 2024 4078 agones
2049 4009 2439 4067 descendisse:

873 4102 1118 4156 deterius
1155 4102 1301 4154 enim
1340 4116 1561 4169 Sperare
1590 4099 1723 4153 nihil
1760 4107 2024 4166 poteram.
2060 4100 2127 4153 Et
2153 4103 2279 4170 quia
2308 4118 2443 4171 pra:-

872 4193 1121 4246 videbam
1148 4194 1394 4247 cessione
1435 4193 1648 4261 imperii
1679 4199 1969 4245 contentos
2004 4193 2145 4247 haud
2184 4193 2399 4249 futuros
2423 4233 2439 4259 ,

874 4284 992 4348 sed,
1031 4294 1087 4338 ut
1116 4284 1317 4337 bellum
1367 4284 1601 4350 gessisse
1647 4286 1855 4354 justum
1906 4286 2247 4347 riderentur,
2292 4294 2443 4337 atro-

876 4377 1015 4429 riter
1063 4389 1148 4428 me
1209 4383 1265 4427 ut
1320 4375 1532 4427 hostem
1600 4378 2053 4433 nocentissimum
2121 4376 2441 4435 occisuros,

875 4468 1192 4536 liberosque
1237 4482 1407 4530 meos,
1463 4466 1823 4536 propinquos,
1879 4477 1936 4523 et
1973 4470 2130 4530 alios,
2178 4473 2445 4535 quotquot

2522 1992 2789 2059 σφετέρας
2838 1991 2997 2058 μόνον
3048 1989 3317 2059 ῥᾳθυμίας
3358 1991 3588 2059 ὀτλησει
3616 1990 3791 2052 δίκας,
3827 1989 3970 2040 ἀλλὰ
4006 1990 4101 2040 καὶ

2520 2082 2616 2150 τῆς
2646 2081 2755 2133 τῶν
2796 2082 3027 2135 πολλῶν.
3059 2081 3126 2134 Ἀ
3159 2082 3240 2140 τίς
3265 2084 3331 2134 ἂν
3361 2082 3485 2134 νοῦν
3515 2084 3655 2151 ἔχων
3687 2083 3972 2149 ἐννοήσας,
4000 2081 4103 2133 οὐκ

2523 2174 2589 2226 ἂν
2622 2173 2796 2225 ἓλοιτο
2824 2173 3026 2241 μᾶλλον
3058 2174 3294 2243 ἀφανείᾳ
3330 2172 3499 2243 πολλῇ
3538 2173 3727 2243 συζῆν,
3755 2174 3856 2241 τῆς
3886 2172 4099 2241 ζημίας

2521 2266 2620 2318 οὐκ
2652 2265 2735 2326 εἷς
2780 2281 2833 2316 τι
2868 2263 2977 2315 τῶν
3024 2265 3393 2333 φαυλοτέρων,
3429 2265 3557 2335 ξάλλ’
3597 2266 3676 2327 εἰς
3711 2266 3882 2334 αὐτὴν
3915 2266 4103 2336 ψυχὴν

2522 2355 2927 2424 διαϐαινούσης,
3027 2356 3093 2409 τά
3125 2372 3183 2407 τε
3220 2356 3402 2415 ἀγαθά
3431 2355 3655 2424 ὁμοίως,
3686 2355 3787 2408 καὶ
3814 2357 3883 2407 τά
3912 2356 4102 2424 φαῦλα

2523 2446 2770 2500 ἀθάνατα
2832 2449 3127 2511 συνέσταις
3172 2448 3300 2500 Ἐπὶ
3338 2448 3548 2510 τούτοις
3593 2447 3649 2500 δὲ
3702 2449 3793 2500 καί
3822 2449 3971 2499 κατά
4006 2449 4101 2499 τὸν

2525 2540 2651 2609 τῇδε
2684 2536 2805 2608 βίον
2860 2537 3076 2590 πολλῶν
3133 2537 3365 2604 ἀγώνων
3414 2540 3506 2593 καὶ
3560 2540 3739 2593 πόνων
3773 2542 3867 2593 καὶ
3919 2541 4105 2593 meo.

2524 2647 2630 2681 νων
2692 2628 2768 2697 τί)
2837 2629 3178 2699 βασιλεύοντι
3242 2632 3449 2701 δεήσει,
3516 2634 3564 2685 εί
3631 2632 3813 2700 μέλλοι
3858 2633 3934 2701 μὴ
3991 2650 4102 2685 πα-

2533 2724 2767 2793 ρέργως,
2799 2722 2936 2775 ἀλλὰ
2962 2723 3102 2775 κατά
3131 2721 3289 2791 λόγον
3312 2722 3548 2793 χρῆσθαι
3575 2727 3641 2793 τῇ
3666 2725 3831 2795 ἀρχῇ.
3860 2726 4105 2793 Προκιν-

2529 2814 2767 2866 δυνεύειν
2791 2813 2896 2881 γὰρ
2914 2812 3021 2865 τῶν
3044 2813 3301 2881 ὑπηκόων
3319 2813 3526 2866 δίκαιον
3551 2815 3659 2877 ἀεὶ,
3687 2815 3781 2866 καὶ
3828 2818 3905 2883 μὴ
3926 2817 3986 2867 ὲν
4026 2814 4110 2883 τῷ

2534 2904 2650 2972 ίόίῳ
2678 2903 2913 2971 ἀσφαλεῖ
2955 2902 3240 2972 προΐεσθαι
3269 2905 3367 2972 τὴν
3398 2904 3619 2956 ἐκείνων
3660 2910 3937 2974 σωτηρίαν
3959 2922 3973 2937 ⁶
4011 2907 4114 2960 καὶ

2530 3001 2708 3053 πάντα
2733 3001 2891 3051 πόνον
2923 2998 3242 3067 ὑπομένειν,
3277 2998 3376 3052 καὶ
3407 2998 3545 3068 πρὸς
3574 3000 3673 3069 τὴν
3702 3000 3971 3068 διοίκησιν
3996 3002 4111 3054 τῶν

2533 3089 2750 3151 κοινῶν,
2781 3090 2875 3141 καὶ
2908 3086 3045 3157 πρὸς
3076 3087 3183 3139 τῶν
3205 3087 3480 3153 πολεμίων
3508 3088 3606 3155 τὴν
3636 3088 3974 3155 ἀντίστασιν,
4002 3090 4115 3143 τῶν

2535 3194 2596 3229 τε
2638 3176 2839 3240 ἔξωθεν
2871 3178 3154 3242 ἐπιόντων,
3201 3175 3299 3230 καὶ
3342 3176 3451 3228 τῶν
3494 3177 3705 3229 ἔνδοθεν
3740 3179 3942 3246 ὁμοίως
3988 3182 4118 3232 ἑπι-

2538 3268 2924 3322 6ουλευόντων.
2953 3269 3051 3320 “Av
3074 3268 3130 3320 δέ
3153 3284 3236 3331 τις
3263 3267 3438 3338 ἔροιτο
3465 3270 3588 3321 ὅτου
3620 3271 3775 3339 χάριν
3804 3275 4012 3342 πολλὴν
4037 3274 4117 3343 τῷ

2539 3364 2832 3434 πράγμασι
2856 3362 3176 3430 δυσχέρειαν
3206 3360 3480 3425 συνειδὼς,
3508 3365 3602 3415 καὶ
3634 3363 3906 3415 τοσούτων
3932 3369 4121 3419 πόνων

2538 3456 2633 3509 καὶ
2688 3454 2917 3523 ἀγώνων
2962 3456 3063 3525 τὴν
3097 3454 3363 3525 βασιλέως
3401 3454 3663 3525 δεομένην
3692 3456 3891 3527 ψυχὴν,
3950 3458 4118 3521 αὐτὸς

2538 3548 2657 3601 ἕνον
2681 3550 2740 3601 ὲν
2776 3549 2983 3602 ίδιώτου
3020 3548 3187 3618 μοίριει⁵
3210 3548 3428 3602 πάντων
3458 3549 3825 3619 ἀπηλλάχθαι,
3863 3550 4117 3606 τοσαῦτα

2541 3642 2683 3711 ὑπὲρ
2720 3643 2814 3694 τοῦ
2854 3644 3040 3711 τυχεῖν
3073 3643 3303 3711 είλόμην
3335 3642 3651 3710 ὑπομένειν,
3702 3645 3796 3697 καὶ
3841 3646 4118 3709 κινδύνοις

2540 3735 2817 3806 φοϐεροῖς,
2861 3733 2956 3787 καὶ
2990 3733 3343 3803 περιστάσεσι
3374 3734 3653 3796 ποικίλαις
3684 3738 4026 3805 προηκάμην
4063 3742 4117 3789 ὲ·

2545 3827 2768 3895 μαυτὸν,
2794 3827 2969 3877 ἐκεῖνο
2995 3825 3063 3877 ἂν
3102 3825 3513 3895 ἀποκριναίμην
3547 3826 3879 3896 φιλαληθῶς,
3913 3830 4001 3881 ὅτι
4040 3831 4121 3899 μὴ

2544 3920 2832 3990 βασιλικῆς
2856 3918 3036 3988 ἀρχῆς
3062 3916 3224 3986 ἱρῶν,
3250 3917 3387 3987 μηδὲ
3413 3919 3549 3986 πρὸς
3576 3918 3675 3989 τὴν
3701 3920 3765 3971 ὲκ
3795 3920 4005 3990 ταύτης
4032 3922 4129 3973 δό-

2544 4010 2642 4075 ξαν
2672 4010 2940 4080 κεχηνὼς,
2970 4009 3115 4064 ἑκὼν
3145 4004 3287 4062 εἶναι
3327 4010 3545 4079 καθῆκα
3581 4013 3820 4081 ὲμαυτίν
3867 4016 3950 4076 εἰς
3992 4014 4127 4079 τοὺς

2544 4107 2782 4173 ἀγῶνας,
2811 4104 2928 4158 ἀλλ’
2952 4103 3057 4157 ὑπὸ
3086 4102 3193 4156 τῶν
3220 4103 3510 4173 ὁμοφύλων
3530 4104 3962 4171 ἐπιϐουλευθεὶς,
3990 4108 4129 4161 πολι

2545 4199 2644 4261 λὰς
2686 4197 3051 4264 συκοφαντίας
3088 4196 3181 4248 καὶ
3222 4194 3477 4257 διαϐολὰς
3507 4198 3991 4265 συσκευασάντων,
4027 4201 4131 4251 καὶ

2546 4289 2625 4348 εἰς
2654 4287 2817 4340 αὐτόν
2843 4284 2934 4336 τὸν
2965 4283 3245 4352 κολοφῶνα
3290 4282 3395 4335 τῶν
3421 4284 3607 4336 κακῶν
3645 4276 3959 4349 συνελαθείς
3979 4300 3996 4317 ·
4028 4288 4131 4338 οὐ-

2546 4376 2709 4446 δεμία
2740 4376 2853 4446 γὰρ
2898 4374 3052 4438 ἐλπὶς
3094 4374 3416 4427 ὑπελείπετο
3457 4376 3823 4445 πονηροτέρα,
3850 4382 3945 4429 καὶ
3970 4394 4131 4431 συνι-

2548 4468 2653 4522 δῶν
2688 4468 2764 4529 ῶς
2798 4468 2898 4520 ούκ
2939 4468 3324 4536 ἀγαπήσουσιν
3378 4466 3444 4520 ἄν
3492 4467 3677 4529 αὐτοῖς
3730 4472 4133 4539 παραχωρησω

873 4568 1035 4612 antea
1066 4557 1253 4609 multis
1290 4556 1448 4610 annis
1481 4556 1612 4609 mihi
1648 4557 1988 4611 studuissent
2030 4557 2301 4627 (quorum
2344 4569 2446 4608 nec
2477 4572 2525 4631 ι)

2477 4572 2525 4631 ι)
2553 4560 2662 4612 τῶν
2711 4558 3057 4628 πραγμάτων
3089 4557 3190 4626 τῆς
3239 4558 3435 4628 ἀρχῆς,
3470 4557 3583 4610 ἀλλ’
3631 4559 3773 4629 ὑπὲρ
3815 4560 3909 4612 τοῦ
3943 4563 4132 4615 δοκεῖν

875 4650 1074 4718 exigua
1140 4658 1223 4702 est
1284 4648 1599 4711 multitudo,
1663 4648 1824 4718 903
1886 4664 1987 4703 nec
2047 4646 2447 4702 contemnenda

875 4737 1200 4802 auctoritas,
1260 4752 1387 4791 cum
1441 4739 1616 4809 major
1664 4755 1789 4808 pars
1840 4740 2172 4793 illustriores
2220 4736 2447 4791 Romani

878 4831 1025 4893 sint)
1079 4830 1529 4897 interemptnros,
1582 4828 1653 4883 ob
1702 4830 1942 4898 ipsorum
1992 4838 2047 4883 ct
2098 4845 2286 4883 eorum
2355 4829 2448 4898 qui

880 4935 1102 4973 mecum
1150 4929 1308 4973 erant
1346 4921 1599 4982 salutem,
1656 4920 2000 4989 imperatoris
2030 4922 2450 4991 appellationem

874 5010 1196 5079 assumpsi:
1249 5010 1499 5078 quamvis
1551 5011 1725 5065 multo
1772 5021 1897 5065 ante
1952 5027 2121 5081 penes
2180 5028 2265 5067 me
2307 5024 2453 5069 esset

880 5116 1069 5155 rerum
1119 5100 1445 5167 arbitrium;
1498 5118 1605 5155 non
1645 5103 1888 5171 profecto
1931 5104 2001 5158 ob
2042 5104 2351 5159 claritatem
2386 5121 2453 5159 cx

883 5194 1119 5263 imperio
1168 5195 1457 5257 orituram,
1506 5211 1684 5264 neque
1730 5206 1788 5247 ut
1836 5194 1887 5249 id
1934 5196 2055 5250 liliis
2107 5196 2240 5250 meis
2283 5198 2455 5265 patri-

884 5288 1057 5338 monii
1104 5287 1220 5339 loco
1253 5288 1645 5354 relinquerent.
1680 5288 1847 5356 Cujus
1881 5303 2013 5342 mea:
2046 5288 2360 5349 voluntatis,
2401 5298 2457 5342 et

889 5376 1207 5445 priusquam
1255 5378 1421 5430 totius
1471 5379 1683 5446 imperii
1732 5395 1954 5446 Compos
2004 5380 2213 5441 liorem,
2259 5388 2315 5432 et
2362 5396 2457 5448 per

880 5482 1053 5519 mune
1112 5476 1324 5535 tempus
1391 5470 1765 5536 apertissimas
1823 5470 2254 5538 signiﬁcationes
2307 5470 2455 5523 dedi.

884 5559 1024 5612 Nam
1061 5574 1184 5611 cum
1216 5566 1365 5611 totus
1409 5567 1623 5627 rogaret
1668 5560 1965 5622 exeriitus,
2012 5571 2071 5613 ut
2124 5569 2173 5613 te
2224 5560 2453 5628 impera-

887 5658 1065 5701 torem
1122 5649 1441 5718 deligerent,
1494 5648 1666 5703 nolui.
1723 5650 1862 5714 Quin
1928 5666 2051 5703 cum
2103 5651 2211 5719 jam
2277 5651 2454 5707 omnia

886 5740 1247 5810 subegissem,
1306 5742 1605 5809 eademque
1660 5744 1812 5795 multi
1861 5752 1914 5796 et
1959 5742 2311 5798 illustriSsimi
2360 5746 2455 5799 lla-

892 5834 1160 5901 gitarent,
1242 5845 1451 5889 tantum
1524 5836 1713 5901 abest,
1777 5846 1831 5889 ut
1905 5837 2119 5891 illoz'co
2196 5839 2455 5906 precibus

2550 4648 2778 4708 δικαίως
2832 4646 3278 4717 πεπολεμηκέναι
3313 4646 3479 4715 ὠμῶς
3524 4649 3918 4703 ἀποκτενοῦσιν
3951 4650 4030 4714 ῶς
4060 4652 4134 4706 τά

2552 4740 2756 4809 ἔσχατα
2783 4737 3108 4808 ἠδικηκότα,
3140 4738 3234 4791 καὶ
3280 4737 3477 4800 παῖδας
3507 4737 3889 4808 διαφθεροῦσι,
3924 4743 4024 4795 καὶ
4052 4746 4138 4795 οἱ-

2550 4833 2753 4893 κείους,
2783 4832 2881 4883 καὶ
2906 4830 3030 4891 τοὺς
3060 4828 3275 4892 ἄλλους,
3300 4831 3416 4882 ὅσοι
3447 4830 3711 4901 πρότερον
3733 4831 3879 4885 ἔτεσι
3910 4834 4138 4897 πολλοῖς

2552 4921 2721 4984 εὔνως
2755 4921 2901 4991 ἔχειν
2938 4920 3154 4974 ἐδόκουν
3190 4921 3325 4988 πρὸς
3357 4921 3479 4990 ἐμὲ,
3512 4922 3664 4984 ὅντες
3694 4923 3794 4975 οὐκ
3825 4924 4007 4992 ὀλίγοι
4045 4942 4133 4978 τι-

2552 5013 2663 5078 νὲς,
2693 5012 2816 5065 οὐδὲ
2840 5012 3333 5081 εὐκαταφρόνητοι,
3369 5013 3486 5065 ἀλλ’
3512 5012 3561 5065 οἱ
3599 5012 3816 5075 πλείους
3842 5016 3935 5067 καὶ
3965 5031 4139 5081 περι-

2556 5104 2881 5175 φανέστεροι
2920 5103 3230 5167 Ῥωμαίων,
3260 5104 3400 5174 ὑπὲρ
3459 5106 3558 5173 τῆς
3600 5107 3869 5176 σφετέρας
3917 5123 3979 5160 τε
4037 5110 4138 5161 καὶ

2554 5199 2662 5251 τῶν
2687 5199 2953 5251 συνόντων
2986 5197 3259 5268 σωτηρίας
3290 5197 3516 5266 εἱλόμην
3546 5198 3643 5268 τὴν
3666 5197 3937 5267 βασιλέως
3962 5217 4073 5268 προ
4085 5218 4143 5252 σο

2555 5290 2806 5359 ηγορίαν,
2861 5290 3037 5342 καίτοι
3073 5289 3179 5358 πρὸ
3218 5286 3413 5340 πολλοῦ
3443 5289 3536 5341 τοῦ
3571 5291 3763 5358 χρόνου
3814 5291 3929 5343 τῶν
3988 5309 4140 5363 πρα-

2558 5383 2788 5450 γμάτων
2816 5382 3003 5451 ἄρχων
3033 5380 3409 5443 καθεστὼς,οὐ
3438 5381 3592 5449 δόξης
3623 5383 3785 5435 ἕνεκα
3815 5384 3918 5453 τῆς
3942 5384 4007 5436 ὲκ
4035 5386 4143 5454 τῆς

2561 5472 2835 5543 βασιλείας
2858 5473 3152 5542 ἐσομένης,
3190 5472 3309 5526 οὐδὲ
3331 5472 3424 5526 τοῦ
3448 5475 3561 5534 τοῖς
3586 5476 3772 5527 παισὶν
3799 5475 3995 5546 ῶσπερ
4017 5482 4149 5532 τινὰ

2559 5564 2813 5636 πατρῷον
2837 5565 3042 5633 κλῆρον
3077 5563 3429 5617 καταλείπειν
3449 5565 3547 5634 τὴν
3573 5564 3768 5637 ἀρχήν.
3801 5568 3915 5621 Καὶ
3940 5571 4147 5624 τούτου

2559 5656 2830 5720 δείγματα
2863 5653 3218 5725 παρεσχόμην
3251 5654 3625 5725 ὶναργέστατα
3675 5658 3764 5711 δια
3802 5663 4010 5724 παντὸς
4040 5664 4148 5715 τοῦ

2563 5747 2779 5815 χρόνου,
2807 5745 2867 5798 οὐ
2907 5747 3089 5813 μόνον,
3133 5747 3262 5814 πρὶν
3296 5747 3515 5816 ἀπάσης
3554 5750 3836 5819 ἐγκρατὴς
3877 5754 4153 5817 γενέσθαι

2563 5841 2658 5907 τῆς
2690 5837 3003 5906 ἡγεμονέας·
3034 5838 3304 5907 δεομένων
3326 5839 3431 5907 γὰρ
3456 5840 3710 5894 ἁπάντων
3734 5842 3842 5894 τῶν
3868 5845 4153 5899 συνόντων
