4218 6446
111 404 207 465 3.37

1239 397 1773 458 lliSTORlARUM
1815 397 2044 457 LIBER
2089 399 2193 459 iV.

3243 406 3351 470 358

110 516 194 565 καὶ
225 514 283 565 σὲ
326 511 601 582 αἱρεῖσθαι
660 510 907 579 βασιλέα,
962 510 1062 562 οὐκ
1111 510 1381 577 ἠθέλησα,
1413 509 1549 561 ἀλλὰ
1584 506 1725 563 καὶἐ

1784 522 2025 574 unquam
2071 508 2384 572 annuerim,
2432 518 2494 562 ut
2537 524 2659 564 cum
2704 511 2814 580 jam
2865 526 3047 566 rerum
3098 514 3354 571 dominus

114 604 244 673 μετὰ
279 606 339 657 τὸ
373 607 553 657 πᾶσαν
588 603 918 672 ποιήσασθαι
947 602 1037 655 ὑπ’
1065 602 1302 671 ἐμαυτόν
1328 617 1339 629 ·
1374 599 1675 667 δεηθέντων

106 698 208 766 γὰρ
248 697 484 755 πολλῶν,
537 696 633 748 καί
667 695 899 763 μάλιστα
957 694 1065 745 τῶν
1123 690 1575 759 ἐπιφανεστάτων
1607 689 1675 741 τι

110 790 196 838 In
222 785 377 847 αὖθις
403 786 531 855 περὶ
564 782 678 848 σοῦ,
712 784 964 837 τοσοῦτον
998 784 1090 836 τοῦ
1122 782 1515 851 πεισθήσεσθαί
1541 799 1674 834 ποτε

108 881 343 945 ἀπέσχον
366 871 446 940 οἷς
477 878 631 929 αὐτοὶ
655 878 858 945 ἠξίουν,
882 876 1013 929 ὥσθ’
1040 876 1155 943 ἆμα
1185 874 1263 943 τῷ
1297 875 1476 925 πᾶσαν
1509 874 1674 943 ἔχειν,

106 973 191 1021 καὶ
229 972 324 1035 τῆς
370 968 678 1037 μοχθηρίας
722 970 829 1019 τῶν
872 966 1232 1033 συκοφαντῶν
1272 964 1675 1034 ἐναργεστάτας

110 1055 493 1123 παρασχέσθαι
525 1053 849 1116 ἀποδείξεις,
887 1056 1069 1105 πᾶσαν
1113 1053 1369 1104 ἐπενόουν
1402 1051 1673 1120 μηχανὴν,

105 1148 193 1197 καὶ
233 1146 414 1196 πάντα
449 1145 743 1213 ἔπραττον,
779 1144 920 1196 ὥστε
948 1145 1058 1196 τῶν
1092 1146 1156 1196 ἐκ
1182 1145 1284 1209 τῆς
1312 1145 1486 1213 ἀρχῆς
1522 1142 1677 1209 θορύ-

104 1235 210 1285 ϐων
233 1234 571 1299 ἀπαλλάξας,
599 1234 995 1307 ἀπραγμοσύνῃ
1022 1236 1110 1288 τὸν
1129 1235 1408 1287 ἐπίλοιπον
1433 1237 1673 1287 συνεῖναι

105 1327 233 1395 βίον,
287 1330 382 1379 καὶ
427 1329 562 1397 πρὸς
594 1330 692 1398 τὴν
734 1329 927 1381 ἄλυτον
970 1328 1189 1397 ἐκείνην
1232 1330 1327 1379 καὶ
1384 1328 1456 1397 μὴ
1518 1328 1673 1397 δισιῤ⁴

105 1422 331 1487 ῥέουσαν
359 1422 504 1488 ζωὴν
532 1422 713 1473 πᾶσαν
758 1421 1089 1491 μεταθέσθαι
1125 1422 1214 1473 καὶ
1265 1421 1520 1490 φροντίδα
1578 1419 1673 1474 καὶ

105 1512 361 1581 σπουδήν.
396 1511 468 1563 Οὐ
504 1514 611 1581 μὴν
648 1511 760 1563 ἀλλ’
793 1514 842 1564 εί
874 1513 969 1565 καὶ
1013 1511 1250 1581 μάλιστά
1281 1530 1361 1573 τις
1401 1517 1533 1581 φαίη
1570 1512 1673 1581 τῆς

99 1601 250 1667 65511,-
283 1603 470 1665 ἕνεκα,
506 1604 597 1654 καὶ
654 1604 751 1670 τῆς
784 1605 1021 1672 τρυφῆς,
1064 1602 1157 1655 καὶ
1192 1602 1299 1655 τῶν
1355 1603 1530 1655 ἄλλων
1563 1603 1672 1655 τῶν

97 1693 399 1746 δοκούντων
447 1696 511 1747 ἐκ
559 1695 656 1758 τῆς
718 1693 994 1763 βασιλείας
1028 1693 1250 1761 ἀγαθῶν
1295 1697 1420 1755 τοὺς
1473 1694 1673 1756 πόνους

98 1786 192 1848 ἐμὲ
260 1786 355 1836 καὶ
386 1786 512 1847 τοὺς
562 1785 837 1848 κινδύνους
865 1786 989 1847 τοὺς
1032 1788 1313 1847 τοσούτους
1347 1786 1669 1854 ὑποστῆναι,

100 1877 335 1942 μάλιστα
372 1877 437 1930 ἂν
466 1877 640 1945 ἔγωγε
702 1877 872 1945 φαίην
910 1876 1212 1947 ἀξιόχρεως
1243 1877 1340 1931 καὶ
1390 1877 1476 1930 διὰ
1512 1878 1670 1930 τοῦτο
1708 1854 1744 1907 Β

96 1973 201 2031 τοῖς
225 1970 409 2031 ἄλλοις
443 1965 582 2022 εἶναι
614 1972 930 2041 παιδευτὴς.
970 1972 1292 2039 Σαφέστατα
1322 1974 1431 2043 γὰρ
1464 1975 1527 2026 ἐκ
1560 1973 1669 2026 τῶν

95 2062 440 2129 πραγμάτων
494 2062 726 2115 συνιδὼν
759 2062 832 2126 ὼς
867 2064 926 2115 τὸ
955 2063 1294 2134 τηλικαύτην
1328 2062 1503 2133 ἀρχὴν
1558 2064 1670 2116 διέ-

98 2169 215 2202 πειν
252 2152 433 2214 καλῶς
468 2153 560 2205 καὶ
585 2154 994 2222 προσηκόντως,
1028 2154 1122 2206 καὶ
1148 2153 1289 2205 κατὰ
1319 2156 1553 2223 μίμησιν
1577 2154 1669 2207 τοῦ

96 2242 314 2293 πάντων
347 2241 727 2309 βασιλεύοντος
780 2240 915 2293 Θεοῦ
945 2241 1047 2293 οὐκ
1093 2242 1158 2293 ἂν
1208 2241 1293 2309 εἴη
1336 2241 1536 2304 παντὸς
1577 2240 1669 2293 τοῦ

99 2332 446 2402 βουλομένου,
489 2333 603 2388 ἀλλ’
628 2335 743 2387 ὅσοι
764 2333 1041 2404 Πνεύματι
1068 2332 1204 2385 Θεοῦ
1230 2332 1509 2402 ἀγόμενοι,
1533 2334 1672 2385 πάν-

98 2444 159 2479 τα
192 2428 536 2495 πράττουσιν
566 2430 713 2489 ὅπως
768 2428 832 2481 ἂν
865 2427 941 2498 τῷ
982 2429 1169 2496 ἄγοντι
1196 2429 1377 2499 δοκοίη
1403 2445 1418 2460 ο
1463 2423 1572 2492 οἶος
1602 2425 1669 2499 ἦν

99 2518 279 2582 Aonia,
312 2521 407 2570 καὶ
434 2520 841 2582 Κωνσταντῖνος
883 2522 910 2572 ὀ
944 2523 1114 2589 μέγας
1145 2521 1203 2574 ἐν
1236 2519 1536 2591 βασιλεῦσι,
1576 2523 1672 2573 καὶ

98 2610 206 2661 ὅσοι
257 2610 378 2663 κατ’
436 2612 682 2673 ἐκείνους
740 2612 837 2680 τὴν
896 2613 1124 2682 ἀρετὴν,
1184 2613 1551 2681 ἀσφαλέστατ’
1601 2613 1669 2666 ἂν

101 2703 581 2771 συμϐουλεύσαιμι
620 2705 729 2765 τοῖς
765 2704 837 2773 μὴ
873 2704 1161 2767 τοιούτοις,
1202 2706 1421 2772 καὶτῆς
1448 2704 1671 2773 πρώτης

102 2795 295 2863 πείρας
330 2794 691 2862 ἀποσχέσθαι,
736 2794 1026 2861 μέλλουσιν
1053 2796 1155 2848 οὐκ
1200 2796 1407 2848 ἐλάττω
1440 2794 1673 2864 βλάπτε-

102 2881 216 2932 σθαι
260 2883 328 2933 ἐκ
357 2882 455 2950 τῆς
512 2883 709 2951 ἀρχῆς,
751 2881 782 2952 ἡ
816 2884 917 2935 ὅσα
971 2884 1284 2950 νομίζουσιν
1318 2882 1667 2950 ὠφελεῖσθαι,

103 2975 239 3041 σφᾶς
274 2974 473 3034 αὐτοὺς
502 2974 900 3039 ἐξαπατῶντες,
935 2974 1031 3043 τὴν
1059 2976 1270 3046 τρυφὴν
1303 2977 1397 3027 καὶ
1424 2977 1520 3046 τὴν
1547 2977 1673 3047 βλα-

102 3062 274 3125 κείαν,
308 3061 405 3113 καὶ
440 3061 534 3126 τὴν
563 3060 731 3129 ἀλλην
767 3060 903 3129 πρὸς
934 3061 1025 3113 τὸν
1054 3061 1167 3130 βίον
1219 3062 1492 3132 ῥαθυμίαν
1518 3065 1671 3133 νομί-

103 3154 281 3215 ζοντες
316 3152 427 3204 τῶν
478 3152 722 3218 ἀγαθῶν.
761 3150 948 3205 Ταῦτα
1003 3152 1103 3221 μὲν
1135 3149 1229 3207 οὖν
1279 3156 1344 3209 ἀν
1381 3173 1463 3219 τις
1512 3157 1670 3226 φαίη,

104 3249 186 3298 καὶ
212 3247 391 3297 πλείω
420 3247 628 3297 τούτων
657 3246 1041 3317 παραπλήσια,
1069 3246 1414 3316 πειρώμενος
1442 3250 1676 3318 ἀποτρέ-

103 3354 218 3389 πειν
258 3337 358 3389 τοῦ
396 3337 472 3407 μὴ
500 3338 708 3406 σφόδρα
735 3339 1022 3408 κεχηνέναι
1057 3339 1193 3407 πρὸς
1218 3339 1322 3407 τὴν
1357 3341 1516 3407 δόξαν
1544 3341 1673 3394 ταύ-

102 3445 193 3497 την
223 3428 326 3497 τὴν
365 3427 515 3481 κάτω
542 3431 636 3480 καὶ
671 3429 1046 3498 πατουμένην,
1098 3432 1161 3499 ἢν
1191 3430 1285 3483 καὶ
1333 3432 1525 3500 χρόνος
1557 3433 1674 3486 δια-

102 3518 243 3571 λύειν
294 3520 505 3571 δύναιτ’
552 3518 638 3580 ἂν,
686 3523 784 3573 καὶ
839 3520 1113 3591 μεταϐολὴ
1174 3525 1537 3593 πραγμάτων,
1582 3526 1677 3579 καὶ

106 3612 382 3681 μοχθηρία.
444 3611 703 3679 πονηρῶν
765 3610 1074 3682 ἀνθρώπων
1102 3652 1116 3676 ,
1150 3615 1245 3667 καὶ
1309 3614 1481 3683 μυρία
1514 3615 1676 3685 ἕτερά

101 3719 237 3755 τινα.
292 3704 393 3754 ’Δν
454 3702 639 3770 μέντοι
696 3703 833 3773 πρὸς
881 3704 1090 3767 τούτοις
1150 3704 1244 3758 καὶ
1299 3705 1431 3770 Θεὸς
1473 3707 1677 3762 ἄνωθεν

104 3793 552 3862 ἐπιψηφίζηται,
599 3793 693 3845 καὶ
766 3794 964 3865 κελεύῃ
1045 3798 1295 3868 φανερῶς
1361 3800 1676 3865 ἐξίστασθαι

103 3887 191 3953 τῆς
241 3885 461 3954 ἀρχῆς,
510 3888 569 3938 ού
613 3888 794 3941 πάντα
851 3888 1130 3959 πράξομεν
1168 3891 1236 3944 τὰ
1291 3891 1411 3961 Θεῷ
1463 3894 1680 3947 δοκούν-

105 3996 165 4031 τα
212 3980 339 4047 μετ’
377 3980 827 4049 εὐγνωμοσύνης,
878 3982 1014 4034 ἀλλά
1044 3984 1502 4055 φιλονεικήσομεν
1534 3986 1676 4055 ἢδιά

107 4069 217 4135 βίου
246 4069 586 4141 βασιλεύειν,
621 4071 653 4140 ἢ
690 4073 738 4122 εί
768 4072 842 4141 μὴ
872 4073 1075 4143 παρείη
1101 4075 1236 4143 μηδὲ
1269 4076 1390 4146 ζῇν,
1426 4078 1563 4146 μηδὲ
1587 4077 1677 4130 τὸν

104 4160 249 4227 ἣλιον
277 4162 417 4230 sps;
447 4163 685 4225 τουτονὶ,
717 4162 776 4214 ά)
789 4161 837 4214 λ’
864 4164 965 4215 ὑπὸ
996 4164 1161 4232 ζόφον
1183 4164 1333 4235 βιοῦν
1356 4167 1633 4237 αἱρεῖσθαι
1658 4182 1675 4233 ;

107 4252 297 4303 Καίτοι
352 4254 401 4303 εί
436 4251 536 4319 μὲν
566 4253 627 4305 ἐκ
659 4271 820 4305 τινων
849 4253 1129 4323 λογισμῶν
1160 4256 1547 4325 ἀναμφιϐόλων
1578 4274 1676 4311 σα-

106 4341 350 4406 ςέστατα
377 4340 505 4409 ἐξῆν
529 4342 729 4395 ειδέναι
760 4344 839 4396 ὅτι
867 4345 993 4404 τοὺς
1014 4344 1328 4414 ἁπανταχοῦ
1358 4347 1676 4415 Βαρσάρους

104 4432 201 4496 γῆς
232 4431 575 4500 διαφθερεῖς,
605 4433 697 4485 καὶ
728 4436 965 4503 τρόπαια
990 4434 1217 4504 λαμπρά
1243 4454 1365 4488 τινα
1399 4436 1491 4489 καὶ
1522 4453 1680 4507 περι-

1778 611 1979 662 essent,
2027 614 2356 668 possemque
2409 602 2772 669 syc0phantas
2824 603 3190 671 improbitatis
3239 608 3356 661 evi-

1778 687 2096 744 (lentissime
2169 694 2519 754 convincere,
2587 708 2777 745 omnes
2844 695 2963 748 vias
3020 696 3221 763 quaesie
3262 710 3354 760 un,

1780 780 1983 849 egerim
2048 792 2104 835 et
2151 784 2374 837 molitus
2398 785 2500 836 sim
2542 784 2745 848 omnia,
2781 795 2841 837 ut
2876 788 3065 855 procul
3122 788 3353 856 strepitu

1779 885 1843 924 ac
1914 874 2153 927 tumultu
2223 874 2463 942 imperii,
2517 876 2661 944 quod
2718 891 3035 945 superesset
3095 880 3238 944 vitze,
3301 880 3355 933 in

1779 963 2072 1030 tranquilla
2131 966 2475 1032 negotiorum
2528 969 2800 1021 vacuitate
2851 984 3252 1036 consumerem,
3300 982 3357 1025 et

1776 1049 1845 1103 ad
1920 1052 2067 1105 illam
2132 1070 2411 1122 nunquam
2487 1057 3004 1123 praeterlabentem,
3074 1057 3355 1111 immorta-

1776 1143 1992 1212 lcmque
2020 1145 2217 1207 vitam,
2260 1163 2477 1200 omnem
2510 1149 2937 1205 sollicitudinem
3000 1150 3356 1221 studiumque

1779 1236 2162 1289 transferrem.
2216 1236 2413 1291 Verum
2449 1239 2730 1292 enimvero
2779 1241 2825 1293 si
2872 1242 2998 1308 quis
3050 1244 3216 1295 etiam
3269 1243 3355 1295 di-

1777 1325 1941 1387 xerit,
1977 1339 2062 1378 me
2101 1326 2342 1379 nominis
2372 1327 2730 1395 propagandi,
2757 1338 2814 1383 et
2839 1328 3180 1393 deliciarum,
3216 1331 3353 1383 alio-

1779 1429 2011 1483 rumque
2068 1416 2479 1471 commodorum
2541 1420 2746 1488 gratia,
2810 1437 2932 1488 qua:
2990 1437 3058 1475 ex
3122 1422 3353 1491 imperio

1778 1516 2043 1572 putantur
2074 1506 2384 1574 provenire,
2416 1508 2627 1561 lalores
2658 1517 2711 1560 et
2740 1509 2977 1576 pericula
3014 1518 3161 1563 tanta
3192 1510 3357 1563 susti-

1786 1596 1999 1659 nuisse,
2038 1598 2107 1650 cb
2142 1598 2192 1650 id
2224 1599 2402 1666 ipsum
2428 1613 2527 1667 ego
2556 1611 2641 1651 me
2674 1599 2794 1652 aliis
2832 1598 3103 1667 inprimis
3135 1614 3354 1653 accom-

1776 1686 2052 1738 modatum
2102 1686 2220 1741 fore
2270 1689 2588 1757 magistrum
2621 1700 2675 1743 et
2706 1688 3077 1743 institutorem
3143 1706 3352 1746 assero.

1776 1773 1911 1839 Quia
1939 1774 2085 1829 etiim
2123 1776 2191 1829 ab
2230 1777 2344 1846 ipsa
2390 1778 2724 1847 experientia
2752 1780 3006 1835 eruditus
3045 1780 3351 1835 clarissime

1774 1867 2048 1935 pchpexi,
2090 1875 2300 1921 tantum
2339 1870 2634 1938 imperium
2672 1872 2811 1925 bene
2837 1880 2894 1925 et
2927 1873 3347 1937 convenienter,

1776 1971 1900 2011 cum
1951 1959 2196 2013 omnium
2246 1960 2592 2029 imperatoris
2635 1960 2730 2014 Dei
2787 1962 3090 2017 imitatione
3145 1979 3343 2031 procu-

1774 2064 1918 2114 rare,
1955 2066 2061 2104 non
2096 2067 2216 2105 esse
2263 2054 2337 2125 in_
2365 2054 2628 2123 cujusque
2663 2056 2896 2109 volentis
2942 2072 3104 2110 manu
3153 2057 3345 2121 situm,

1773 2140 1867 2195 sed
1903 2158 2095 2197 eorum
2143 2146 2237 2213 qui
2286 2144 2491 2214 Spiritu
2526 2148 2615 2201 Dei
2654 2148 2784 2209 acti,
2813 2147 2992 2201 omnia
3035 2165 3099 2202 ex
3149 2150 3350 2219 placito

1772 2234 1984 2304 agentis
2032 2247 2198 2305 agunt
2238 2237 2469 2306 (quales
2514 2248 2675 2293 erant
2724 2240 2917 2305 David,
2973 2250 3029 2294 et
3080 2240 3354 2295 Constan-

1773 2328 1920 2382 tinus
1973 2327 2064 2383 ille
2130 2344 2360 2398 magnus
2411 2330 2731 2399 imperator.
2789 2343 2845 2386 et
2908 2332 3227 2403 quicunque
3278 2334 3347 2389 ad

1774 2417 1992 2472 illorum
2032 2420 2403 2488 przestantimn
2437 2423 2683 2489 proxime
2728 2426 3147 2493 accesserunt),
3194 2428 3353 2480 tutis-

1772 2508 1969 2562 simum
2012 2509 2305 2563 consilium
2357 2511 2603 2564 dederim
2637 2511 2703 2565 iis
2742 2511 2838 2581 qui
2886 2514 3024 2567 tales
3055 2529 3165 2568 non
3201 2523 3352 2581 sunt,

1774 2607 1834 2652 ut
1858 2601 2026 2653 etiam
2057 2601 2239 2669 primo
2272 2610 2471 2654 conatu
2508 2601 2864 2658 abstineant:
2901 2604 3351 2674 quandoquidem

1774 2706 1882 2744 non
1946 2692 2128 2745 minus
2194 2692 2509 2746 nocumenti
2560 2708 2591 2747 e
2644 2693 2952 2763 principatu
3026 2698 3353 2765 reportaturi

1772 2791 1946 2847 sunt,
2010 2798 2175 2851 quam
2232 2798 2290 2837 se
2340 2784 2695 2839 emolumenti
2754 2795 3133 2855 reportaturus
3183 2790 3356 2843 conti-

1773 2872 2009 2937 debant,
2054 2877 2380 2944 semetipsos
2428 2876 2806 2941 ludiﬁcantes,
2856 2884 3073 2944 damna,
3129 2878 3357 2936 delicias

1774 2973 1830 3019 et
1881 2967 2047 3019 vitam
2106 2966 2439 3021 desidiosam
2490 2968 2543 3021 in
2601 2967 2762 3022 bonis
2802 2976 3178 3023 numerantes.
3228 2968 3355 3024 llaec

1776 3056 1983 3125 itaque,
2049 3065 2106 3112 et
2148 3058 2307 3128 plura
2361 3059 2526 3129 hujus
2580 3060 2820 3128 generis,
2872 3059 2918 3114 si
2967 3060 3241 3132 quispiam
3295 3062 3353 3116 in

1781 3148 2020 3203 medium
2073 3150 2329 3216 adducat,
2375 3151 2604 3206 studens
2638 3152 2807 3206 alium
2855 3168 3119 3208 revocare
3161 3153 3230 3208 ab
3261 3169 3354 3208 ar-

1777 3239 1923 3293 denti
1971 3243 2308 3310 appetitione
2354 3242 2521 3312 bujus
2566 3253 2800 3299 terrena:
2866 3254 2921 3298 et
2970 3245 3355 3301 conculeandze

1777 3331 1982 3400 ειυς-ἰαὶ,
2013 3347 2176 3401 quam
2210 3342 2265 3386 et
2312 3340 2547 3403 tempus,
2598 3342 2653 3388 et
2688 3350 2873 3389 rerum
2907 3336 3250 3401 vicissitudo,
3297 3345 3355 3391 et

1777 3439 2165 3493 perversorum
2205 3425 2489 3481 hominum
2531 3429 2795 3496 nequitia,
2829 3438 2887 3483 et
2936 3428 3043 3482 alia
3093 3428 3355 3485 innume-

1778 3514 1973 3567 rabilia
2022 3514 2252 3584 lpossint
2324 3516 2686 3571 dissolvere:
2758 3516 2804 3571 si
2874 3526 3139 3585 praeterea
3209 3516 3353 3573 Deus

1778 3600 2018 3671 desuper
2048 3602 2326 3666 decernat,
2373 3615 2429 3659 et
2475 3605 2761 3659 manifeste
2805 3607 2994 3676 iubeat
3022 3621 3083 3661 se
3122 3606 3353 3675 imperio

1776 3694 2055 3757 abdicare,
2102 3710 2210 3748 non
2249 3697 2432 3750 omnia
2484 3697 2594 3751 Deo
2641 3697 2911 3765 placentia
2952 3712 3074 3751 cum
3112 3698 3355 3767 aequani-

1778 3786 1967 3841 mitate
2010 3786 2290 3848 faciemus.
2321 3787 2415 3841 sed
2448 3788 2631 3842 adhuc
2661 3791 3080 3855 contendemus,
3109 3798 3205 3845 aut
3242 3798 3353 3844 tota

1777 3878 1889 3932 vita
1924 3878 2214 3946 imperare,
2254 3878 2417 3949 90a
2459 3887 2553 3932 aut
2600 3879 2643 3933 si
2695 3880 2746 3933 id
2783 3898 2891 3934 non
2944 3882 3126 3947 detur,
3174 3896 3356 3951 nequo

1779 3968 1926 4023 hunc
1957 3969 2076 4023 (ιωιὶ
2106 3968 2357 4038 spiritum
2402 3970 2625 4024 haurire
2668 3972 2925 4041 amplius,
2971 3988 3148 4039 neque
3180 3976 3352 4027 solem

1779 4061 1928 4115 hunc
1976 4061 2210 4122 intueri,
2258 4070 2313 4114 et
2366 4061 2530 4114 vitam
2577 4073 2820 4116 nostram
2875 4064 3118 4119 tenebris
3156 4066 3353 4135 caligi-

1779 4154 1947 4222 nique
1996 4152 2418 4207 mandabimus?
2455 4154 2749 4207 Enimvero
2797 4156 2842 4209 si
2894 4156 3121 4210 minime
3173 4156 3361 4211 dubiis

1782 4244 2297 4298 ratiocinationibus
2340 4245 2643 4298 ccrtissitne
2681 4245 2823 4299 scire
2867 4246 3081 4311 liceret,
3132 4255 3208 4311 te,
3260 4248 3354 4317 qui

1781 4337 1987 4406 ubique
2022 4347 2290 4390 terrarum
2341 4342 2489 4397 sunt,
2540 4335 2813 4389 Barbaros
2847 4336 3177 4400 delctnrum,
3229 4338 3357 4392 illu-

1781 4426 2023 4495 striaque
2063 4434 2119 4478 et
2158 4425 2449 4491 conSpicua
2481 4431 2679 4491 tmpa-a
2719 4423 2785 4476 de
2817 4426 3073 4479 omnibus
3105 4426 3361 4481 hostibus

108 4522 247 4591 φανῆ
280 4524 509 4591 στήσεις
540 4526 647 4577 άπὸ
694 4526 912 4578 πάντων
956 4526 1250 4595 πολεμίων,
1301 4529 1396 4579 καὶ
1435 4529 1534 4598 τὴν
1574 4531 1677 4598 ἀρ·
1711 4534 1725 4589 1

1785 4528 2123 4581 erecturum,
2161 4524 2216 4568 et
2252 4515 2530 4582 antiquam
2568 4514 2712 4567 illam
2746 4515 3000 4570 Romana:
3036 4518 3356 4588 reipublicae

108 4614 263 4677 χαίαν
298 4615 655 4683 εὐδαιμονίαν
690 4619 803 4679 τοῖς
858 4616 1149 4687 Ῥωμαίων
1195 4618 1503 4682 ἀνασώσεις
1532 4621 1674 4689 ττρά-

110 4721 298 4770 γμασι,
330 4706 428 4758 καὶ
479 4706 704 4776 κυρίους
733 4709 857 4777 γῆς,
892 4710 983 4761 καὶ⁵
1032 4708 1307 4776 θαλάσσης
1348 4711 1672 4774 ἀποδείξεις,

110 4795 291 4866 ὧσπερ
317 4793 462 4866 ἦσαν
492 4799 548 4849 ἐν
566 4800 678 4859 τοῖς
708 4799 821 4852 ἀνω
842 4802 1072 4869 χρόνοις,
1097 4802 1183 4854 ὅτε
1215 4802 1466 4872 ἤκμαζεν
1494 4804 1676 4857 αὐτῶν

110 4887 140 4953 ἦ
167 4887 420 4958 δῦναμις.
457 4889 619 4957 λόγον
651 4890 716 4943 ἄν
745 4909 867 4944 τινα
906 4893 1079 4945 ἐδόκει
1131 4894 1276 4963 ἔχειν
1323 4897 1355 4964 ἡ
1412 4895 1539 4963 πρὸς
1576 4896 1677 4967 τὴν

115 4979 445 5047 παραίτησιν
479 4984 579 5049 τῆς
633 4979 921 5049 βασιλείας
967 4984 1217 5046 ἔνστασις
1243 5001 1258 5015 ·
1292 4986 1340 5037 εί
1382 4985 1438 5038 δέ
1470 4986 1535 5037 τὰ
1561 5004 1674 5039 τοι-

116 5070 251 5121 αῦτα
284 5070 645 5139 εὐτυχήματα
676 5073 1039 5141 ὀνειρώττειν,
1070 5073 1101 5143 ἢ
1143 5076 1236 5128 καὶ
1263 5076 1501 5145 νήφοντα
1548 5078 1679 5130 ἀνα-

115 5159 427 5224 λογίζεσθαι
476 5161 783 5231 διενήνοχεν
828 5163 1005 5227 οὑδὲν,
1039 5163 1092 5215 τί
1143 5163 1227 5216 δεῖ
1252 5165 1491 5219 τοσαῦτα
1540 5167 1677 5235 ὑπὲρ

113 5252 214 5303 τῖν
240 5252 520 5320 ἐσομένων
555 5254 845 5323 μηδέποτε,
881 5254 1241 5322 φιλονεικεῖν;
1290 5255 1431 5323 Ἐγὼ
1460 5257 1517 5309 δὲ
1544 5257 1677 5309 ἀποο

117 5342 188 5409 ρῶ
217 5346 571 5398 παντάπασιν
596 5347 802 5410 ὁποίοις
835 5348 899 5401 ἄν
921 5363 1028 5400 τισι
1056 5348 1404 5416 χρησάμενος
1436 5338 1678 5418 σώφροσι

115 5434 417 5507 λογισμοῖς,
459 5438 661 5506 μᾶλλον
698 5439 906 5509 αἱρήσῃ
931 5438 1019 5491 διὰ
1057 5439 1176 5509 βίου
1206 5440 1577 5511 δεσμωτήριον
1597 5442 1677 5493 οί-

114 5530 245 5593 κεῖν,
279 5530 311 5597 ἢ
341 5530 443 5599 τὴν
470 5528 759 5600 βασιλικὴν
791 5529 948 5593 ἀξίαν
980 5530 1304 5585 ἀποθέσθαι.
1346 5529 1409 5582 Εἰ
1451 5533 1556 5602 γάρ
1602 5534 1676 5601 μὴ

117 5620 203 5669 νῦν
234 5623 488 5674 ὑπείκειν
518 5623 793 5692 ἐθελήσεις
820 5623 956 5693 πρὸς
998 5625 1095 5693 τὴν
1126 5623 1391 5691 βασιλέως
1421 5622 1512 5675 τοῦ
1536 5641 1677 5693 γαμ-

118 5709 243 5777 €996
276 5714 524 5779 ἀξίωσιν,
560 5715 705 5766 δυοῖν
735 5715 962 5785 Θάτερον
986 5716 1219 5785 ἀνάγκη,
1258 5714 1289 5784 ἢ
1320 5715 1534 5783 δεσμοῖς
1557 5718 1707 5768 ενα·-

120 5802 473 5869 ποθνήσκειν,
515 5805 546 5873 ἢ
589 5805 884 5875 πειρᾶσθαι
927 5807 1112 5875 τρόπῳ
1142 5805 1206 5874 δή
1241 5823 1345 5859 τινι
1380 5806 1440 5857 τὸ
1464 5806 1672 5874 δεσμω-

1783 4610 2098 4665 felicitatem
2156 4607 2558 4671 restituturum,
2613 4617 2669 4660 et
2728 4606 2982 4661 dominos
3037 4617 3195 4663 terra:
3237 4627 3356 4663 tra-

1784 4701 1992 4767 risque,
2020 4707 2079 4751 ut
2123 4709 2277 4751 erant
2325 4696 2702 4763 superioribus
2751 4697 3023 4762 :ctatibus,
3082 4714 3205 4753 cum
3257 4699 3355 4755 llo-

1784 4802 1932 4846 reret
1963 4804 2149 4843 eorum
2185 4789 2449 4858 potentia,
2491 4787 2841 4852 eﬂ‘ectururn,
2892 4804 3001 4842 non
3048 4806 3272 4859 prorsus
3321 4808 3354 4847 a

1785 4882 1996 4935 ratione
2026 4880 2263 4933 alienum
2302 4879 2606 4941 videretur,
2653 4890 2850 4949 negato
2890 4880 3122 4947 imperio
3149 4881 3355 4937 instare

1784 4972 2145 5026 obﬁrrnatius.
2189 4970 2244 5024 Si
2300 4979 2482 5023 autem
2555 4968 2691 5023 nihil
2728 4972 2977 5033 interest,
3014 4981 3194 5025 utrum
3236 4972 3357 5027 feli-

1785 5064 1978 5119 citates
2036 5061 2345 5130 huiusmodi
2396 5061 2624 5130 vigilans
2677 5060 2921 5130 cogites,
2955 5076 3023 5115 an
3074 5061 3358 5119 dormiens

1786 5155 2047 5219 somnies,
2085 5152 2239 5221 quid,
2283 5168 2489 5221 quaeso,
2544 5152 2737 5207 attinet
2781 5168 2877 5220 pro
2928 5154 2993 5206 iis
3043 5169 3162 5223 quae
3214 5171 3354 5209 nun-

1785 5260 1948 5313 quam
1976 5253 2157 5305 erunt,
2184 5251 2391 5295 tantum
2417 5242 2698 5311 defatigari
2720 5244 2741 5293 ’ί
2780 5243 2952 5295 Porro
2984 5243 3141 5310 plane
3169 5246 3359 5299 nescio

1787 5336 1877 5389 ubi
1928 5350 2080 5389 mens
2114 5342 2202 5387 tua
2252 5333 2438 5397 fuerit,
2489 5348 2612 5387 cum
2656 5333 2828 5401 magis
2875 5343 3197 5403 perpetuum
3240 5352 3358 5389 car-

1789 5442 1992 5490 cerem,
2027 5440 2189 5494 quam
2228 5425 2591 5494 imperatoria:
2623 5425 2905 5493 dignitatis
2951 5427 3355 5481 abdicationem

1787 5518 2019 5585 clegisti.
2051 5515 2105 5570 Si
2131 5516 2274 5569 enim
2306 5515 2657 5585 postulationi
2687 5516 2863 5569 aliinis
2893 5517 2969 5569 tui
3004 5518 3357 5586 imperatoris

1785 5608 1980 5661 cedere
2008 5607 2115 5675 jam
2149 5606 2561 5664 detrectaveris.
2598 5607 2825 5661 alterum
2856 5623 2885 5660 ιι
2918 5608 3134 5661 duobus
3166 5625 3357 5663 ncces-

1786 5698 1989 5751 sarium
2026 5694 2151 5758 erit,
2206 5707 2262 5749 ut
2311 5696 2392 5749 vel
2447 5696 2499 5749 in
2544 5696 2777 5750 vinculis
2829 5699 3085 5761 moriare,
3134 5699 3241 5763 vel,
3295 5709 3358 5754 ut

1785 5804 1908 5844 cum
1986 5789 2181 5841 teclma
2251 5788 2429 5857 aliqua
2510 5790 2783 5856 evaseris,
2856 5791 3070 5860 imperii
3140 5794 3356 5849 labores
