4218 6446
215 435 317 505 361

1375 416 1736 479 HISTORIA
1748 415 1915 476 RUM
1978 413 2209 472 LIBER
2251 411 2345 472 IV.

3353 404 3457 467 362

216 546 485 619 ἡττᾶσθαι
543 540 716 595 πείθει
772 540 881 600 τοῖς
914 537 1180 605 αἰσχροῖς.
1228 533 1290 586 Ei.
1342 532 1397 583 δέ
1449 547 1529 592 τις
1561 530 1655 582 καὶ
1684 528 1782 593 τὴν
1818 532 1853 583 Λ

1818 532 1853 583 Λ
1888 525 2049 583 norit,
2089 539 2249 592 quem
2289 522 2428 574 Deus
2463 519 2546 572 liis
2568 518 2659 588 qui
2686 532 2743 573 se
2773 518 3083 581 dilexerint,
3115 526 3168 571 et
3193 526 3303 572 toto
3331 522 3454 573 vitro.

222 640 392 710 μείζω
422 636 519 689 καὶ
547 629 1001 700 θαυμασιωτέραν
1028 627 1197 695 τιμὴν
1226 623 1533 690 ὲπιζητοίη.
1560 619 1653 672 καὶ
1685 619 1783 685 τὴν

220 729 459 795 μάλιστα
489 725 875 793 προσήκουσαν
903 717 1196 785 ἀνθρώπῳ,
1224 715 1254 782 ἦ
1283 714 1377 765 καὶ
1399 710 1490 763 τοῦ
1518 710 1784 778 παρόντος

218 819 337 888 βίου
367 817 631 883 λυομένου
665 812 999 881 παραμένει,
1030 809 1122 859 καὶ
1153 805 1358 871 πολλήν
1381 820 1501 855 τινα
1535 804 1627 854 καὶ
1655 800 1773 851 θαυ-

221 906 434 972 μαστὴν
481 903 749 971 ὠφέλειαν
800 899 1100 968 παρέχεται
1154 897 1266 955 τοῖς
1303 894 1505 959 έχουσι,
1569 888 1786 953 ἐκείνην

215 990 355 1044 εἶναι
398 992 549 1046 ἴστω.
588 992 653 1058 ἢν
684 989 813 1048 Θεὸς
846 986 1145 1054 παρέξεται
1178 984 1288 1042 τοῖς
1318 980 1669 1046 ἁγαπήσασιν
1693 976 1789 1026 αύ-

214 1084 330 1143 τέιν,
364 1083 457 1132 καὶ
488 1081 579 1133 διὰ
615 1079 729 1148 βίον
763 1079 946 1130 πᾶσαν
1001 1075 1136 1145 πρὸς
1165 1074 1374 1126 ἐκεῖνον
1409 1067 1787 1133 ὲπιδεδειγμέυ

216 1185 331 1227 νοις
387 1166 693 1218 ἐπιείκειαν
758 1165 852 1217 καὶ
889 1165 1123 1229 τήρησιν
1172 1159 1279 1210 τῶν
1328 1154 1789 1223 προσταγμάτων.

223 1259 355 1309 Ὀτε
387 1257 566 1309 τοίνυν
591 1256 703 1308 τῶν
736 1254 834 1323 μὲν
887 1255 1024 1303 πάνυ
1068 1250 1356 1319 βελτιόνων
1383 1246 1559 1310 ἔξεστί
1595 1261 1674 1295 σοι
1707 1259 1790 1293 τι-

224 1349 347 1417 μῶν
384 1348 649 1417 μετέχειν,
680 1346 774 1401 καὶ
797 1345 973 1405 οὐδεὶς
1002 1345 1068 1397 ἂν
1097 1339 1523 1408 ἀποστερήσειεν
1543 1335 1791 1388 ἐθέλοντα

218 1436 349 1491 οὔτε
378 1439 649 1508 βασιλεὺς,
684 1437 806 1490 οὕτε
840 1434 1078 1503 ἰδιώτης,
1110 1432 1209 1499 τῆς
1234 1430 1278 1482 δ’
1310 1428 1641 1497 ἀτιμοτέρας
1664 1424 1791 1476 ταύ-

218 1546 323 1595 της
359 1530 450 1581 καὶ
476 1528 539 1581 οὐ
568 1527 764 1580 πολλοῦ
795 1543 937 1587 τινος
966 1524 1124 1587 ἀξίας
1152 1524 1313 1589 λόγου
1341 1521 1469 1587 παρ’
1499 1513 1791 1584 εὐφρονοῦ-

221 1634 311 1670 σιν
338 1618 475 1669 αύτά
495 1616 563 1668 τὰ
581 1616 884 1685 πρὰγματα
907 1610 1385 1678 καταναγκάζουσι
1405 1606 1789 1674 καταφρονεῖν,

215 1706 344 1775 Θεῷ
370 1723 429 1756 τε
462 1705 707 1757 πειστέον
742 1703 961 1771 πρῶτον
994 1700 1136 1753 οὕτω
1188 1700 1256 1752 τὰ
1307 1696 1553 1766 ἡμέτερα
1593 1693 1793 1761 ἐψηφι-

218 1793 426 1861 σμένῳ,
458 1791 550 1843 καὶ
574 1792 697 1859 ἐμοὶ
725 1788 802 1859 τῷ
829 1786 1271 1858 συμϐουλεύοντι.
1301 1784 1498 1850 Οῖομαι
1521 1780 1577 1833 δὲ
1604 1779 1793 1831 οὐδένα

1893 616 2067 681 spatio
2090 617 2209 682 ejus
2244 610 2510 665 mandatis
2563 626 2684 663 eum
2729 610 2895 664 animi
2950 609 3213 663 modestia
3266 623 3458 676 parue-

1897 707 2025 768 rint,
2058 704 2348 772 impertiet.
2381 701 2788 770 Quandaigitur
2814 702 3252 769 praestantiorum
3301 700 3458 765 longe

1896 796 2163 848 honorum
2195 793 2514 862 participem
2544 792 2772 845 fieritibi
2798 794 2945 855 licet,
2977 792 3174 861 quibus
3201 801 3250 843 te
3273 805 3451 847 nem'i.

1896 901 1998 940 nec
2026 887 2337 952 imperator,
2394 901 2494 939 nec
2543 886 2788 953 privatus
2842 887 3075 953 spoliare
3106 885 3253 946 velit,
3292 885 3455 936 istum

1895 984 2076 1029 autem
2110 975 2371 1027 honorem
2397 975 2749 1037 inli‘onerum,
2786 985 2839 1028 et
2876 974 3456 1042 prudentiumindicio

1900 1064 2049 1130 parvi
2090 1063 2400 1115 faciendum
2450 1064 2577 1131 ipsrc
2611 1079 2697 1117 res
2728 1074 2932 1133 cogunt
2958 1064 3309 1131 vilipendere.
3348 1066 3458 1117 Pen

1900 1156 1953 1206 in
1979 1154 2189 1222 primis,
2226 1154 2315 1221 qui
2345 1143 2401 1206 in
2436 1169 2534 1206 nos
2560 1154 2631 1206 ita
2667 1155 2963 1217 consuluit,
3000 1164 3109 1207 tum
3138 1155 3268 1207 mihi
3293 1154 3455 1205 etiam

1898 1246 2148 1299 suadenti
2182 1245 2673 1313 obtcniperamlum
2712 1253 2818 1300 est.
2842 1246 2917 1299 Ac
2942 1260 3061 1298 mea
3092 1245 3310 1312 quidem
3338 1246 3427 1309 nni
3452 1276 3461 1283 -

1898 1335 2081 1397 nione,
2111 1350 2271 1387 nemo
2320 1344 2372 1387 te
2411 1342 2516 1387 tam
2545 1331 2907 1399 familiariter,
2967 1345 3189 1404 tamque
3248 1335 3461 1387 utiliter

1900 1423 2146 1477 hortatus
2183 1434 2287 1483 est,
2340 1438 2519 1492 neque.
2566 1434 2617 1478 te
2657 1426 2894 1493 cuipiam
2936 1426 3242 1487 hominum,
3297 1440 3459 1493 quam

1900 1516 2031 1569 mihi
2057 1514 2258 1583 iustius
2277 1522 2359 1567 est
2381 1528 2585 1566 morem
2623 1530 2835 1582 gerere.
2893 1515 3017 1568 llaec
3046 1515 3463 1569 Cantacuzenus

1899 1600 1964 1653 ad
1989 1599 2181 1664 filium,
2214 1615 2281 1653 ne
2312 1600 2630 1668 dignitatem
2655 1602 3060 1670 imperatoriam
3086 1602 3221 1656 adeo
3246 1604 3427 1655 sitiret
3448 1642 3463 1663 ,

1899 1690 1994 1744 sed
2057 1689 2123 1743 ab
2157 1704 2219 1742 ea
2267 1690 2567 1759 cupiditate
2626 1700 2818 1758 sponte
2873 1691 3177 1751 discedens.
3244 1705 3463 1745 carcere

1901 1792 1964 1832 ac
1997 1779 2365 1845 prmsentibus
2399 1779 2758 1834 incommodis
2788 1781 3203 1837 seseliberaret.

216 1884 408 1951 ἕτερον
467 1884 603 1949 μήτε
667 1880 1104 1948 λυσιτελέστερον
1159 1875 1535 1946 παραινέσαι,
1592 1872 1728 1941 μήτε
1773 1868 1833 1921 σὲ
1905 1868 2104 1935 μᾶλλον
2164 1870 2334 1939 ἑτέρῳ
2397 1871 2429 1938 ἢ
2484 1871 2605 1938 ἐμοὶ
2678 1871 2965 1942 πεισθῆναι
3040 1872 3167 1923 ὄντα
3234 1870 3461 1923 δίκαιον.

217 1973 473 2027 Τοσαῦτα
513 1972 611 2042 μὲν
634 1970 1084 2038 Καντακουζηνὸς
1113 1973 1141 2023 ὀ
1173 1968 1420 2038 βασιλεὺς
1453 1963 1717 2032 διειλέχθη
1748 1960 1882 2029 πρὸς
1911 1960 2000 2013 τὸν
2031 1962 2165 2023 υἱὸν,
2190 1961 2392 2014 πείθων
2430 1963 2503 2031 μὴ
2525 1963 2662 2016 πάνυ
2690 1963 2786 2032 τῆς
2822 1964 3104 2035 βασιλικῆς
3126 1968 3287 2033 τιμῆς
3318 1965 3464 2017 ἀντι-

217 2066 515 2132 ποιεῖσθαι,
565 2068 680 2121 ἀλλ’
713 2067 1024 2120 ἀποστάντα
1069 2066 1269 2133 ταύτης
1320 2063 1519 2124 ἑκοντὶ,
1550 2059 1643 2111 τοῦ
1699 2058 2071 2126 δεσμωτηρίου
2100 2056 2558 2117 ἀπαλλάττεσθαι,
2592 2058 2682 2109 καὶ
2712 2059 2818 2109 τῶν
2844 2060 3128 2125 παρῦντων
3165 2060 3463 2128 δυσχερῶν.

1511 2195 1677 2265 903
1712 2193 1936 2249 CAPUT
1980 2192 2163 2245 xm.

216 2294 504 2351 Matt/meus
535 2297 742 2351 monitis
773 2297 1004 2365 paternis
1033 2297 1374 2363 obtemperat.
1408 2303 1454 2347 et
1479 2288 2267 2365 jurat__certis_conditionibus.
2324 2288 2659 2365 Palwoiogus
2704 2306 2819 2365 eum
2856 2292 3175 2365 consolatur,
3227 2295 3459 2348 habitus:

300 2368 630 2419 redditurum
686 2358 965 2434 spondens,
1028 2358 1265 2433 crepidas
1295 2358 1568 2434 permittit.
1625 2362 1756 2434 Cum
1815 2360 2064 2434 Matt/tiro
2109 2366 2158 2408 et
2181 2361 2303 2434 eius
2358 2359 2565 2434 familia
2616 2358 3035 2434 Peloponnesum
3067 2362 3463 2417 Cantncnzcnns

299 2437 465 2503 petit;
493 2438 562 2489 ibi
592 2429 871 2488 calumniis
895 2429 1171 2503 excipitur.
1199 2429 1625 2503 Manttelianceps
1662 2430 1845 2486 animi.
1875 2444 2090 2503 causam
2121 2429 2348 2503 tristitia:
2402 2429 2544 2495 patri
2578 2430 2772 2503 aperit,
2819 2438 2864 2480 et
2892 2439 3148 2503 sanatur.
3194 2434 3467 2487 Iudicatur

295 2495 481 2566 causa,
512 2521 603 2557 cur
640 2505 922 2557 Matthwus
954 2495 1019 2556 eo.
1042 2505 1360 2556 adducatur.
1400 2495 1577 2554 Locus
1607 2510 1790 2552 contra
1826 2498 2252 2551 calumniawres.
2313 2495 2719 2551 Commendatur
2745 2499 2901 2565 fratri
2932 2499 3189 2563 Blunueli,
3216 2511 3264 2554 et
3308 2504 3372 2555 ab
3409 2522 3466 2555 (τι

301 2572 516 2627 libenter
547 2576 807 2642 accipitur

301 2694 576 2757 Ματθαῖος
610 2694 665 2747 δὲ
693 2695 719 2747 ὁ
753 2694 1028 2763 βασιλεὺς,
1070 2693 1339 2761 Δυσχερὲς
1373 2694 1491 2760 μὲν,
1529 2687 1671 2757 εἷπε,
1701 2693 1791 2743 καὶ
1827 2698 1867 2751 Β

1827 2698 1867 2751 Β
1972 2691 2042 2743 At
2070 2690 2214 2743 enim
2242 2689 2526 2743 Manlia-us
2547 2688 2994 2758 perdimcileesse
3026 2691 3465 2758 respondit,emu

221 2784 291 2835 οὐ
326 2785 465 2835 πάνυ
499 2785 679 2854 ῥᾴδιον
709 2785 801 2837 τὸν
849 2783 975 2853 χθὲς
1014 2785 1109 2836 καὶ
1165 2783 1353 2851 πρώην
1392 2782 1796 2850 προσκυνούμε-

223 2889 323 2925 νον
351 2872 426 2933 ὡς
457 2873 679 2942 βασιλέα
711 2874 813 2927 ὑπὸ
842 2876 1055 2928 πάντων
1081 2873 1175 2927 νῦν
1212 2876 1268 2927 ὲν
1302 2872 1512 2926 ἰδιώτου
1554 2873 1796 2942 σχήματι

223 2964 430 3026 τελεῖν,
464 2965 558 3017 καὶ
598 2964 709 3017 τῶν
751 2965 964 3018 πολλῶν
1008 2965 1167 3032 ὀλίγα
1200 2965 1481 3034 διαφέρειν
1519 2964 1599 3025 είς
1621 2964 1793 3026 οὐδὲν,

225 3054 331 3107 καὶ
360 3055 562 3123 μᾶλλον
591 3054 657 3109 ἂν
694 3058 853 3120 αὐτὸς
883 3057 1107 3127 εἱλόμην
1151 3056 1239 3110 διὰ
1281 3057 1396 3125 βίου
1427 3055 1797 3123 δεσμωτήριον

225 3146 429 3209 οἰκεῖν,
460 3145 493 3215 ἢ
530 3145 786 3216 τοιαύτην
819 3147 1104 3217 παροινίαν
1141 3147 1451 3213 ὑπομένειν.
1507 3146 1568 3197 Ei
1606 3142 1664 3197 δὲ
1716 3144 1799 3196 σοὶ

225 3236 458 3289 τοιαῦτα
470 3235 636 3301 ἔδοξε,
660 3235 755 3288 καὶ
780 3236 1061 3289 πείθεσθαι
1093 3237 1468 3307 προστάττεις,
1498 3235 1617 3288 οὐδὲ
1639 3234 1798 3296 αὐτὸς

228 3324 380 3379 οὕτω
408 3325 597 3396 πόρῤω
647 3326 960 3398 καθέστηκα
1022 3328 1255 3397 φρενῶν,
1283 3326 1422 3379 ὥστε
1460 3326 1492 3396 ἢ
1530 3324 1801 3377 λυσιτελέ-

230 3417 431 3485 στερόν
459 3433 512 3469 τι
546 3418 745 3485 μᾶλλον
783 3418 942 3479 αὐτὸς
974 3416 1215 3486 νομίζειν
1240 3414 1628 3486 ὲξευρήσειν,ῆ
1663 3413 1800 3481 μᾶλ-

232 3506 331 3560 λον
362 3508 596 3576 ἐμαυτὸν
620 3506 801 3568 αὐτὸς,
827 3508 859 3578 ἢ
892 3509 1011 3559 ὅσον
1032 3508 1215 3576 οἴομαι
1252 3507 1518 3574 φιλεῖσθαι
1550 3506 1652 3558 ὑπὸ
1684 3505 1798 3557 σοῦ.

247 3596 393 3649 Ἀλλ’
412 3598 470 3649 ἐν
504 3596 833 3666 ἀμφοτέροις
862 3597 1176 3663 σαφέστατα
1205 3597 1358 3657 εἰδὼς
1384 3598 1482 3648 οὐκ
1513 3597 1674 3665 ὀλίγῳ
1696 3595 1803 3646 τινί

236 3688 319 3756 τῷ
365 3686 515 3755 μέσῳ
549 3686 641 3739 σού
681 3688 1013 3757 ἡττώμενος,
1062 3688 1096 3739 ἀ
1153 3703 1209 3737 τε
1241 3686 1383 3750 ἔδοξε
1415 3686 1530 3753 Θεῷ
1566 3687 1800 3753 πρῶτον,

239 3777 434 3829 ἔπειτα
460 3777 933 3846 συμϐεϐούλευκας
956 3779 1047 3829 καὶ
1074 3777 1229 3839 αὐτὸς
1253 3776 1326 3829 ὢν
1351 3776 1548 3846 πατὴρ,
1575 3775 1800 3844 ποιήσω.

242 3869 465 3922 Βέλτιον
494 3869 603 3938 γὰρ
636 3869 768 3935 ὑμῖν
815 3869 1132 3937 πειθόμενος
1175 3869 1463 3936 ὑπομένειν
1495 3869 1558 3919 ἄν
1589 3883 1640 3917 τι
1674 3883 1806 3931 συμ-

244 3958 409 4030 ϐαίνῃ
437 3962 530 4011 καὶ
564 3959 672 4012 τῶν
701 3959 998 4027 δυσχερῶν,
1033 3960 1064 4027 ἢ
1106 3960 1217 4017 τοῖς
1250 3958 1403 4017 ἰδίοις
1432 3958 1733 4025 λογισμοῖς,
1756 3954 1805 4005 εί

248 4053 343 4104 καὶ
372 4053 443 4103 τὰ
486 4051 718 4118 μάλιστα
749 4051 954 4103 δοκοῖεν
980 4051 1121 4119 ἔχειν
1156 4069 1205 4102 τι
1235 4050 1551 4118 περιέργον,
1585 4047 1809 4098 ἀκολου-

249 4143 382 4195 θεῖν.
445 4142 892 4211 Καντακουζηνὸς
940 4141 995 4194 δὲ
1024 4143 1052 4193 ὁ
1081 4141 1332 4211 βασιλεὺς
1390 4142 1470 4200 είς
1521 4137 1811 4199 Βυζάντιον

248 4234 582 4295 ἐπανελθὼν,
606 4236 727 4287 ἐπεὶ
753 4234 843 4285 τὸν
868 4233 982 4285 υίὸν
1014 4234 1323 4303 ἀπήγγελλε
1360 4233 1437 4301 τῷ
1467 4232 1569 4299 νέῳ
1604 4230 1814 4300 βασιλεῖ

191 4328 353 4402 Ὃτὴν
381 4325 658 4392 βασιλείαν
687 4325 1085 4394 ἀπειπάμενον,
1131 4326 1240 4377 τῶν
1272 4324 1445 4377 ἄλλων
1476 4324 1691 4374 πάντων
1722 4322 1814 4372 καὶ

249 4418 416 4479 αὐτὸς
451 4414 988 4483 ύπεριδὼν,ὲκέλευε
1036 4416 1161 4477 τοὺς
1198 4416 1391 4483 ὅρκους
1418 4413 1688 4479 γίνεσθαι.
1722 4414 1816 4465 καὶ

249 4508 502 4574 ἐγένοντο
534 4507 628 4559 ἐπὶ
660 4507 869 4567 τούτοις
896 4521 908 4534 ·
958 4504 1099 4558 ὥστε
1136 4504 1412 4559 Ματθαῖον
1441 4504 1530 4555 τὸν
1560 4503 1816 4569 γυναικὸς

249 4598 512 4663 ἀδελφὸν,
573 4597 922 4650 παντάπασιν
986 4596 1322 4665 ἀποθέμενον
1374 4594 1436 4644 τὸ
1488 4591 1814 4660 βασιλεύειν,

247 4690 445 4756 ὥσπερ
497 4691 554 4739 έν
598 4686 830 4755 πράξεσι
861 4686 956 4737 καὶ
1001 4686 1233 4746 στολαῖς,
1278 4682 1423 4735 οὕτω
1450 4682 1513 4750 δὴ
1549 4683 1651 4732 κάν
1698 4681 1816 4739 ταῖς

249 4777 622 4848 προσρήσεσι,
657 4775 754 4837 τὰς
807 4775 948 4845 μετά
998 4775 1221 4845 βασιλέα
1260 4774 1421 4842 τιμάς
1474 4769 1817 4839 καρποῦσθαι

249 4866 507 4936 πρώτας,
534 4866 627 4936 καὶ
659 4865 767 4917 τῶν
798 4865 971 4917 ἄλλων
1001 4865 1206 4916 παίδων
1238 4863 1500 4931 βασιλέως
1543 4860 1817 4929 προέχειν,

248 4956 399 5024 πλὴν
446 4934 791 5023 Ἀνδρονίκου
820 4953 912 5006 τοῦ
940 4954 1058 5006 νέου
1091 4954 1373 5023 βασιλέως,
1397 4954 1490 5004 καὶ
1520 4953 1697 5003 πᾶσαν
1727 4947 1820 4999 εὖ-

248 5061 410 5099 νοιαν
433 5045 696 5115 τηρήσειν
732 5043 868 5112 πρὸς
913 5041 1108 5104 αύτούς
1135 5058 1148 5070 ·
1179 5042 1316 5094 ὅπλα
1347 5041 1401 5093 δὲ
1417 5028 1710 5108 ’μηδέποτε
1740 5053 1822 5089 κι-

248 5136 446 5204 νήσειν
480 5137 606 5203 περτ.
630 5134 730 5201 τῆς
756 5134 1052 5204 ἡγεμονίας
1076 5132 1210 5202 πρὸς
1241 5131 1461 5194 αὐτοὺς,
1496 5129 1616 5198 μηδ’
1646 5129 1823 5197 ἀμνή-

254 5244 404 5296 μονα
458 5224 742 5293 φανεῖσθαι
787 5226 883 5294 τῆς
918 5223 1255 5292 εὐεργεσίας.
1299 5223 1531 5274 Ἔπειτα
1557 5225 1614 5273 ὲν
1678 5220 1829 5271 Ἐπι-

1898 2794 2059 2848 quem
2085 2779 2399 2847 nuperrime
2426 2794 2525 2847 pro
2578 2779 2903 2847 imperatore
2935 2793 3124 2834 onmes
3150 2782 3467 2851 coluissent,

1897 2883 2040 2923 nunc
2076 2868 2144 2922 ad
2191 2869 2384 2935 privati
2416 2867 2660 2922 habitum
2685 2880 2848 2937 atque
2896 2869 2951 2922 in
2982 2871 3231 2925 ordinem
3267 2874 3465 2943 redigi.

1905 2983 2071 3039 seque
2089 2984 2362 3025 carcerem
2393 2984 2713 3039 perennem,
2741 2985 2904 3039 quam
2937 2971 3312 3039 indignitatem
3363 2976 3468 3029 lm-

1904 3061 2139 3131 jusmodi
2170 3061 2401 3115 sufferre
2429 3062 2610 3116 malle.
2644 3061 2799 3127 Quod
2838 3070 3019 3117 autem
3068 3063 3141 3117 ita
3174 3065 3270 3119 tibi
3320 3068 3471 3121 video

1902 3163 2009 3215 tur,
2039 3153 2231 3221 inquit,
2260 3162 2318 3206 et
2358 3151 2522 3221 iubes
2566 3151 2815 3221 obsequi,
2844 3167 2945 3207 nec
3003 3155 3119 3223 ipse
3166 3163 3273 3208 tam
3309 3172 3470 3211 aver-

1900 3257 1993 3297 sus
2038 3258 2157 3296 sum
2189 3258 2218 3296 a
2260 3242 2495 3306 ratione,
2524 3253 2583 3297 ut
2615 3252 2711 3297 aut
2741 3243 3140 3298 conducibilius
3176 3246 3469 3315 quidquam

1901 3346 1986 3384 me
2050 3331 2479 3399 excogitaturum
2508 3371 2524 3395 ,
2572 3340 2667 3386 aut
2704 3333 2875 3402 magis
2918 3343 3116 3388 memet
3148 3350 3178 3389 a
3218 3337 3469 3404 meipsn;

1901 3436 2061 3489 quam
2088 3423 2184 3474 abs
2218 3429 2267 3475 te
2289 3424 2456 3475 amari
2493 3432 2697 3490 putem.
2735 3422 2842 3478 Sed
2881 3439 3005 3479 cum
3031 3425 3467 3495 exploratissime

1905 3512 2091 3570 sciam.
2126 3526 2211 3565 me
2243 3511 2294 3564 in
2333 3523 2564 3581 utroque
2593 3514 2690 3568 abs
2728 3524 2781 3569 te
2832 3531 2940 3569 non
2990 3533 3159 3585 parvo
3187 3519 3469 3573 intervallo

1907 3602 2177 3669 superari,
2213 3617 2333 3671 qua:
2362 3603 2472 3657 Deo
2522 3604 2636 3658 visa
2669 3615 2798 3660 sunt
2830 3608 3086 3675 primum,
3121 3610 3320 3665 deinde
3349 3625 3470 3679 qua:

1908 3702 1962 3747 et
1996 3703 2074 3757 tu,
2134 3703 2193 3746 ut
2240 3704 2393 3761 pater
2421 3696 2767 3758 consuluisti,
2803 3697 3032 3764 faciam;
3072 3710 3295 3769 praestat
3319 3703 3465 3757 enim

1908 3798 1993 3838 me
2025 3784 2121 3838 tibi
2153 3785 2501 3841 obedientem
2532 3787 2765 3856 perpeti,
2811 3789 3025 3844 etiamsi
3078 3791 3207 3859 quid
3263 3793 3474 3847 tristius

1907 3873 2174 3939 evenerit,
2210 3889 2370 3942 quam
2422 3890 2571 3930 meas
2622 3875 3086 3940 ratiocinationes,
3122 3886 3473 3949 quantumvis

1916 3962 2159 4017 curiosas
2186 3973 2241 4017 et
2273 3966 2573 4032 exquisitas
2608 3967 2782 4034 sequi.
2817 3967 3228 4023 Cantaeuzenus
3268 3970 3471 4040 Byzan-

1918 4052 2053 4105 tium
2101 4067 2376 4114 reversus,
2427 4061 2712 4121 postquam
2760 4055 3057 4124 Palaologo
3085 4057 3377 4119 nuntiavit,
3418 4059 3477 4109 fi-

1918 4142 2051 4193 lium
2083 4154 2145 4192 se
2179 4140 2405 4207 imperio
2429 4140 2708 4205 abdicare,
2735 4143 2959 4211 reliquis
2988 4145 3241 4200 omnibus
3265 4146 3474 4201 condo-

1920 4230 2084 4292 natis,
2116 4230 2302 4299 jurare
2326 4231 2514 4299 jussit,
2547 4231 2859 4302 factumque
2902 4235 2987 4289 his
3017 4236 3425 4291 conditionibus
3459 4255 3471 4288 :

1925 4330 1984 4374 ut
2029 4321 2333 4384 “attinens,
2367 4323 2552 4377 uxoris
2588 4322 2774 4389 frater,
2809 4325 3039 4396 imperio
3072 4342 3179 4397 qua
3207 4331 3480 4397 guberna-

1926 4414 2095 4478 tione,
2121 4428 2224 4483 qua
2261 4415 2481 4478 vestitu,
2516 4430 2622 4483 qua
2652 4416 3016 4484 appellatione
3038 4419 3366 4472 omnimodis
3386 4420 3481 4473 de-

1926 4505 2122 4571 posito,
2157 4504 2435 4571 proximos
2467 4504 2783 4571 imperatori
2816 4506 3052 4561 honores
3074 4512 3388 4577 occuparet,
3425 4522 3479 4564 et

1929 4591 2065 4642 filios
2112 4590 2251 4656 ejus,
2283 4590 2827 4659 Andronicojuniore
2863 4594 3190 4661 imperatore
3228 4606 3480 4665 excepto,

1926 4680 2278 4747 praecederet,
2306 4688 2362 4732 et
2380 4679 2538 4733 omni
2562 4694 2654 4733 eos
2681 4682 3057 4737 benevolentia
3072 4685 3305 4749 coleret;
3331 4701 3479 4739 arma

1926 4769 1997 4823 ob
2049 4768 2336 4838 imperium
2373 4784 2650 4837 nunquam
2688 4770 2794 4825 illis
2829 4771 3072 4836 inferret,
3106 4790 3282 4843 neque
3318 4777 3486 4831 benc-

1930 4859 2033 4913 fieii
2068 4860 2381 4913 memoriam
2402 4860 2706 4914 oblitterari
2724 4861 2868 4929 apud
2884 4878 2941 4916 se
2957 4875 3253 4930 pateretur.
3278 4868 3483 4925 Deinde

1930 4953 1981 5005 in
2023 4951 2263 5019 Epibatis
2290 4950 2713 5019 imperatoribus
2756 4960 2813 5005 et
2868 4953 3325 5021 imperatricibus,
3367 4962 3489 5013 Cal-

1930 5039 2055 5093 listo
2102 5040 2228 5092 item
2264 5039 2593 5108 patriarcha,
2637 5049 2692 5093 et
2722 5040 2925 5094 Lazaro
2968 5042 3485 5115 Hierosolymorum,

1932 5132 2160 5200 aliisque
2187 5130 2483 5199 episcopis,
2509 5141 2775 5199 qumquot
2804 5146 2899 5201 per
2919 5132 2971 5187 id
3005 5143 3215 5202 tempus
3243 5137 3489 5207 Byzantii

1932 5223 2220 5291 degebant,
2254 5235 2437 5275 sacras
2462 5221 2628 5275 stolas
2658 5222 2882 5287 indutis,
2914 5238 2976 5277 ac
3025 5234 3140 5278 toto
3173 5228 3365 5283 ordine
3399 5245 3491 5285 se-

251 5318 456 5379 6ἀταις
510 5316 775 5385 βασιλέων
814 5333 870 5367 τε
918 5316 1052 5383 ὁμοῦ
1111 5318 1202 5369 καὶ
1240 5313 1527 5384 βασιλίδων
1560 5315 1615 5365 ὲν
1645 5310 1826 5380 ταύτῷ
1864 5351 1904 5404 D

1824 5337 1826 5351 ι
1864 5351 1904 5404 D
1936 5313 2147 5367 natorio
2184 5312 2563 5379 priesentibus,
2600 5312 2880 5368 Matthaaus
2910 5316 3271 5371 Cantacuzeni
3345 5321 3490 5375 filius

251 5409 671 5478 γεγενημένων,
719 5407 1021 5460 Καλλίστου
1070 5422 1131 5458 τε
1183 5405 1277 5457 τοῦ
1326 5406 1687 5474 πατριάρχου,
1731 5403 1825 5454 καὶ

250 5502 523 5568 Λαζάρου
569 5499 663 5551 τοῦ
694 5498 801 5551 τῶν
834 5496 1249 5568 Ἱεροσολύμων,
1272 5500 1367 5550 καὶ
1396 5497 1503 5549 τῶν
1527 5496 1700 5548 ἄλλων
1730 5497 1826 5562 ἀρ-

252 5590 517 5659 χιερέων,
550 5588 665 5641 ὅσοι
700 5588 819 5640 τότε
873 5589 1137 5656 παρόντες
1188 5588 1377 5656 ἔτυχον
1423 5588 1481 5638 ἐν
1525 5584 1824 5652 Βυζαντίῳ,

253 5678 364 5733 καὶ
386 5677 766 5747 συγκλητικῶν
789 5677 924 5747 ὁμοῦ
956 5696 1037 5730 τοι
1070 5679 1307 5741 πάντων,
1334 5679 1432 5739 τὰς
1461 5679 1607 5747 ίεράς
1636 5675 1827 5736 στολὰς

250 5767 632 5837 ἐνδεδυμένων
662 5767 772 5819 τῶν
801 5768 1126 5836 ἀρχιερέων,
1164 5769 1442 5830 Ματθαῖος
1476 5772 1503 5821 ὁ
1548 5766 1637 5819 τοῦ
1676 5765 1825 5832 βασι-

627 5860 896 5922 ΡΑτιιοι..
934 5863 1049 5921 Gn.
1101 5862 1145 5922 ι]
1157 5862 1303 5921 LIV.

1933 5414 2141 5457 astante
2172 5403 2335 5456 etiam
2368 5417 2535 5456 uxore
2581 5405 2805 5471 juravit,
2853 5418 2909 5456 se
2946 5406 3036 5458 illa
3084 5407 3212 5460 dum
3262 5408 3487 5473 viveret,

1932 5504 2294 5559 servaturum,
2329 5510 2431 5549 nec
2455 5495 2663 5563 aliquid
2692 5496 2984 5564 aliquando
3006 5500 3268 5553 scientem
3297 5516 3360 5554 ac
3402 5519 3493 5553 vo-

1933 5587 2130 5639 lentem
2158 5595 2646 5653 transgressurum.
2672 5585 2851 5654 Super
2885 5588 2997 5641 haac
3015 5588 3340 5643 etCallistus
3365 5607 3489 5645 emn

1934 5689 2086 5726 saera
2117 5675 2489 5727 exsecratione
2536 5676 2829 5742 percussit,
2887 5677 2940 5729 ni
2991 5679 3168 5743 jurata
3208 5680 3495 5747 diligenter

1935 5772 2227 5832 prmstaret.
2258 5763 2374 5817 Mox
2413 5765 2795 5834 episcoporum
2824 5779 3124 5823 conventus
3152 5771 3360 5825 solutus
3389 5784 3491 5825 est.

3078 5864 3151 5921 1'2
