4218 6446
759 388 866 450 363

1916 387 2156 449 JOANN
2171 388 2240 447 IS
2282 388 2808 450 CANTACUZENI

3886 387 3993 453 εει

770 503 1102 570 Palmologus
1168 509 1348 554 autem
1401 501 1697 569 imperator
1763 502 2149 570 complusculis
2207 504 2324 556 die-
2359 503 2436 565 Αἰ

2322 534 2324 541 ν
2359 512 2399 565 Α
2431 503 2564 566 λέως
2596 504 2813 572 ὤμνυεν
2869 503 2981 565 υίδς
3010 503 3135 566 τοὺς
3181 504 3399 572 ὅρκους,
3451 504 3714 575 συνούσης
3755 522 3847 558 και
3886 506 3988 575 τῆς

758 593 860 646 bus
902 590 1322 645 familiarissime
1367 605 1497 657 cum
1540 589 1790 643 Matthmo
1842 603 2110 654 versatus,
2154 591 2315 660 907

758 697 813 741 et
857 688 1040 741 multis
1076 686 1423 740 sermonibus
1458 701 1581 738 eum
1616 686 1926 739 consulatus
1954 696 2058 748 est,
2115 686 2318 753 quibus

759 785 1092 846 declarabat,
1126 798 1189 835 ex
1226 781 1538 835 adversario
1591 788 1644 833 et
1708 780 1861 833 hoste
1909 779 2011 833 sibi
2065 780 2318 833 intimum

758 876 1016 930 evasisse.
1056 874 1383 926 llnrlabatur
1426 873 1575 931 item,
1628 887 1695 923 ne
1729 871 1794 923 de
1834 870 2204 940 imperatoris
2241 870 2323 922 in-

761 966 1009 1031 signibus
1034 964 1295 1030 depositis
1345 962 1779 1024 contristaretur,
1829 976 1885 1015 se
1912 976 2034 1014 cum
2060 970 2322 1028 Opportu-

761 1069 887 1106 num
920 1054 1219 1115 videretur,
1271 1068 1458 1105 eorum
1513 1051 1961 1104 resumendorum
1998 1059 2318 1118 potestatem

760 1144 1080 1213 largiturum
1104 1160 1118 1209 ;
1144 1151 1312 1210 penes
1338 1158 1392 1195 se
1416 1142 1560 1195 enim
1586 1157 1706 1195 esse
1733 1142 2026 1210 juramenti
2060 1140 2323 1209 religione

762 1237 997 1297 solvere,
1029 1245 1123 1289 aut
1146 1234 1466 1288 obstrictum
1507 1243 1716 1285 tenere.
1752 1232 1829 1284 Ad
1857 1233 1991 1296 haec,
2025 1232 2216 1301 quales
2245 1232 2321 1285 illi

763 1326 1081 1392 placerent,
1131 1325 1421 1393 purpureis
1455 1325 1716 1391 exceptis,
1745 1322 1995 1390 crepidas
2023 1322 2239 1383 confici,
2271 1334 2325 1376 et

763 1415 831 1467 ab
882 1429 947 1468 eo
998 1413 1146 1466 indui
1186 1414 1463 1482 permisit,
1514 1415 1765 1481 dictaque
1799 1414 1973 1467 salute
2008 1412 2324 1483 Byzantium

764 1517 821 1555 se
873 1502 1099 1569 recepit,
1155 1510 1203 1553 et
1239 1502 1499 1555 Joannem
1558 1516 1622 1554 ac
1667 1502 1999 1555 Demetrium
2034 1502 2151 1572 ejus
2188 1500 2325 1555 ﬁlios

764 1590 1069 1644 honoribus
1102 1590 1241 1659 apud
1276 1591 1550 1643 Romanos
1582 1591 1969 1644 illustrissimis
2019 1600 2101 1643 est
2141 1590 2326 1658 digna-

764 1686 874 1741 tus,
907 1694 1029 1731 cum
1059 1678 1320 1731 Joannem
1352 1678 1570 1746 quidem
1618 1678 1921 1747 despotam,
1986 1676 2322 1731 Demetrium

765 1770 1253 1823 sebastoeraturem
1317 1768 1648 1838 designaret,
1683 1779 1736 1822 et
1773 1767 1837 1821 ad
1902 1784 2140 1821 mensam
2172 1784 2323 1822 suam

766 1861 956 1914 ambos
987 1860 1288 1914 adhiberet.
1320 1861 1465 1923 Post,
1498 1874 1591 1913 eos
1615 1861 1680 1913 ad
1706 1871 1911 1929 patrem
1934 1860 2130 1914 multas
2148 1860 2325 1913 eidem

769 1954 967 2022 gratias
996 1966 1211 2007 acturos
1249 1954 1413 2007 misit.
1440 1953 1721 2007 Mattliaeus
1776 1969 1903 2006 vero
1936 1955 2079 2007 cina
2122 1952 2330 2006 cultum

770 2042 1124 2111 novareLniliil
1152 2042 1345 2107 voluit,
1374 2042 1465 2095 sed
1492 2042 1629 2095 albis
1644 2042 1900 2109 crepidis,
1926 2052 1985 2094 ut
2008 2043 2058 2095 in
2090 2056 2327 2107 carcere,

769 2148 902 2188 usus
929 2144 1030 2187 est.
1055 2132 1466 2188 Cantaeuzenus
1490 2148 1653 2200 porro
1672 2134 1841 2185 lilium
1869 2147 1991 2186 eum
2026 2142 2136 2186 tota
2165 2133 2331 2186 domo

767 2224 1062 2291 accipiens,
1110 2223 1281 2293 longis
1328 2223 1643 2277 triremibus
1692 2224 1745 2276 in
1775 2224 2216 2292 Peloponnesum
2262 2222 2330 2276 ad

769 2313 1073 2368 Manuelem
1130 2313 1409 2383 despotain
1462 2313 1696 2367 filiorum
1750 2316 1979 2368 alterum
2037 2314 2327 2382 navigavit.

772 2406 883 2460 Nec
905 2404 979 2458 ibi
1028 2405 1277 2457 homines
1302 2403 1535 2471 improbi
1564 2403 1868 2457 machinam
1899 2403 2133 2471 aliquam
2171 2402 2332 2457 fabri-

770 2511 896 2550 care
937 2494 1196 2555 cunctati,
1252 2493 1393 2547 unde
1438 2508 1561 2547 eum
1604 2492 1957 2547 vehementer
2005 2492 2328 2562 alliigerent,

768 2588 1083 2657 priusquam
1128 2585 1182 2639 in
1221 2585 1452 2638 insulam
1500 2585 1735 2647 veniret,
1763 2584 1960 2638 litteris
1987 2585 2125 2652 apud
2158 2583 2327 2638 ﬁlium

768 2678 1081 2733 ealuniniati
1115 2688 1262 2740 sunt,
1303 2676 1457 2745 quasi
1504 2690 1625 2730 eum
1652 2676 1839 2729 insula:
1873 2675 2190 2744 prafeetnra
2222 2677 2332 2744 pri-

769 2784 916 2831 vare,
946 2778 1001 2822 et
1038 2768 1345 2823 Matthaeuni
1381 2768 1601 2820 fratrem
1643 2767 1953 2835 pnefectum
1986 2768 2150 2821 vellet
2180 2767 2333 2820 insti-

772 2869 949 2923 tuere,
973 2858 1137 2926 idque
1192 2872 1300 2910 non
1326 2872 1467 2910 unus
1493 2869 1549 2909 et
1578 2855 1735 2919 alter,
1773 2856 1869 2909 sed
1907 2856 2086 2918 multi,
2112 2866 2166 2909 et
2191 2869 2333 2924 smpe

771 2945 1121 3008 scribebant;
1175 2944 1319 3013 quod
1374 2946 1616 2998 animum
1671 2944 1913 3013 despota:
1969 2944 2334 3012 maximopere

770 3037 1086 3090 exulcerare
1114 3036 1307 3104 potuit.
1331 3034 1468 3089 Cum
1495 3035 1641 3089 enim
1665 3035 1732 3088 ad
1764 3035 2088 3097 bonitatem,
2114 3036 2335 3102 sapien-

773 3130 925 3188 tiam.
959 3126 1302 3196 prudentiam
1337 3126 1530 3194 patris,
1581 3135 1634 3179 et
1688 3139 1927 3180 amorem
1979 3126 2330 3194 singularem,

772 3233 882 3287 quo
906 3219 950 3272 is
964 3227 1107 3272 esset
1126 3232 1253 3287 erga
1282 3218 1507 3280 liberos,
1548 3218 1889 3286 respiciebat,
1921 3217 2103 3270 omnia
2132 3218 2337 3269 calum-

776 3309 893 3362 nias
927 3308 1419 3377 interpretabatur.
1486 3307 1621 3361 Cum
1657 3323 1786 3361 vero
1824 3309 1889 3361 ad
1927 3308 2332 3361 multitudinem

774 3386 1163 3462 scribentium,
1219 3399 1771 3468 probabilitatemque
1837 3399 2148 3460 dictorum,
2196 3412 2333 3465 quo-

777 3490 941 3544 modo
967 3489 1149 3542 omnia
1174 3502 1396 3557 prorsus
1415 3501 1511 3556 pro
1540 3486 1925 3541 commentitiis
1959 3486 2204 3549 duceret,
2229 3500 2337 3538 non

778 3580 1017 3635 videbat.
1057 3580 1235 3644 Quare
1264 3586 1318 3632 et
1359 3587 1479 3646 post
1501 3578 1793 3631 adventum
1820 3577 1988 3645 patris
2022 3576 2337 3631 intestinum

777 3670 1018 3725 dolorem
1045 3685 1203 3724 suum
1234 3668 1422 3721 habitu
1456 3668 1704 3736 corporis
1725 3668 1807 3721 sui
1838 3666 2130 3722 indicabat.
2164 3667 2340 3736 Impe-

776 3771 926 3815 rator
962 3774 1159 3828 parens
1190 3759 1472 3812 turbatum
1507 3772 1625 3811 esse
1658 3773 1766 3811 non
1800 3758 2078 3827 ignorans,
2110 3759 2176 3812 de
2206 3775 2338 3812 cau—

777 3852 853 3907 sis
885 3849 1357 3920 percunctabatur.
1384 3848 1472 3902 Ille
1501 3849 1703 3909 statim,
1726 3848 1870 3916 quod
1896 3848 2118 3914 latebat,
2146 3850 2336 3917 aperit.

777 3941 1190 3998 Cantacuzenus
1212 3939 1577 4007 sycophantas
1601 3953 1803 4008 magna:
1826 3937 2112 3992 dementia:
2133 3955 2196 3992 ac
2221 3955 2342 4007 pra-

778 4030 966 4085 vitatis
989 4028 1191 4098 arguit,
1227 4026 1509 4097 liliumque
1541 4038 1748 4094 monet,
1779 4044 1845 4081 ne
1872 4029 2026 4083 facile
2055 4045 2218 4083 aures
2248 4045 2339 4083 ca-

780 4120 1023 4185 lumniis,
1041 4116 1274 4172 maxime
1302 4128 1490 4171 contra
1511 4119 1881 4183 charissimos,
1897 4129 2101 4188 patrem
2134 4121 2342 4175 scilicet

782 4222 837 4264 et
868 4211 1098 4264 fratrem
1131 4212 1356 4264 structis
1378 4210 1691 4263 commodet
1725 4227 1738 4263 :
1770 4226 1827 4264 se
1858 4227 1964 4264 non
1994 4221 2052 4264 ut
2082 4212 2179 4279 ipsi
2199 4226 2340 4279 prae-

784 4307 1048 4357 fecturam
1077 4298 1341 4365 auferret,
1371 4302 1465 4356 sed
1494 4310 1551 4355 ut
1576 4303 1732 4372 longe
1762 4304 2038 4357 meliorem
2078 4319 2142 4359 ac
2180 4305 2343 4359 tutio-

783 4411 894 4448 rem
953 4393 1231 4458 elﬁceret,
1280 4409 1347 4449 eo
1405 4393 1624 4446 fratrem
1660 4392 1969 4445 Matthazum
2027 4392 2341 4447 adduxisse.

2355 1829 2403 1887 B

2428 595 2703 660 γυναικὸς,
2751 591 2783 663 ἦ
2840 596 2946 663 μὴν
2995 596 3251 662 τηρήσειν
3304 595 3550 663 βεϐαίους
3594 596 3679 648 διὰ
3725 596 3865 662 βίον,
3898 598 3991 648 καὶ

2427 685 2696 755 μηδέποτε
2736 687 2940 754 μηδένα
2971 685 3383 752 παραϐήσεσθαι
3429 686 3621 738 ἑκόντα
3653 682 3811 737 εἶναι.
3868 688 3991 738 Ἐπὶ

2428 776 2635 837 τούτοις
2689 777 2745 827 δὲ
2808 778 2902 827 καὶ
2958 776 3256 838 Κάλλιστος
3290 780 3316 829 6
3366 778 3713 846 πατριάρχης
3762 781 3991 829 ἐπεῖπεν

2424 869 2755 937 ἀ·,;ορισμὺν,
2790 871 2836 918 εἰ
2875 867 2948 937 μὴ
2994 872 3105 931 τοῖς
3158 869 3572 936 ὀμωμοσμένης

2429 962 2627 1030 μείνειε
2661 977 2673 989 ’
2714 960 2954 1012 διελύετό
2983 977 3041 1012 τε
3081 961 3189 1011 τῶν
3226 961 3526 1027 ἀρχιερέων
3557 960 3583 1010 6
3614 960 3865 1024 σύλλογος
3900 962 3992 1010 αὖ.

2423 1053 2572 1105 τίκα.
2612 1051 2969 1118 Παλαιολόγος
3008 1052 3065 1103 δὲ
3092 1052 3119 1103 6
3161 1050 3412 1119 βασιλεὺς
3436 1051 3534 1101 οὐκ
3564 1050 3742 1115 ὀλίγας
3779 1050 3991 1115 ἡμέρας

2424 1144 2687 1213 Ματθαίῳ
2736 1146 2814 1212 τῷ
2872 1144 3132 1210 γυναικὸς
3170 1143 3381 1210 ἀδελφῷ
3440 1141 3844 1207 συνδιατρίψας,
3898 1140 3992 1190 καὶ

2428 1234 2627 1304 πολλὴν
2665 1235 3075 1304 ἐπιδειξάμενος
3131 1233 3537 1301 φιλοφροσύνην
3566 1232 3743 1296 λόγοις
3771 1248 3830 1281 τε
3866 1230 3991 1281 πολ·

2426 1321 2537 1382 λοῖς
2567 1321 2952 1388 παρακαλέσας
2982 1322 3039 1373 ἐν
3072 1317 3152 1383 οἷς
3184 1320 3524 1373 ἐπεδείκνυεν
3573 1321 3736 1373 αὑτὸν
3769 1321 3832 1371 ὲκ
3877 1319 3990 1369 δια-

2427 1415 2593 1481 φόρου
2625 1414 2892 1481 πρότερον
2926 1413 3020 1466 καλ⁸
3067 1412 3325 1481 πολεμίου
3360 1412 3511 1481 φίλον
3552 1415 3607 1473 ἐς
3652 1411 3719 1463 τὰ
3760 1412 3990 1479 μάλιστα

2425 1504 2796 1571 γεγενημένον
2829 1503 2946 1568 νῦν,
2981 1504 3077 1556 καὶ
3117 1504 3245 1572 περὶ
3288 1502 3386 1570 τῆς
3445 1502 3733 1569 βασιλικῆς
3790 1499 3992 1564 σκευῆς

2426 1594 2508 1647 ὅτι
2538 1595 2855 1659 ἀποδέδυτο,
2906 1595 2981 1665 μὴ
3028 1596 3168 1648 πάνυ
3213 1595 3549 1663 παραινέσας
3582 1592 3841 1661 ἄχθεσθαι
3869 1607 3881 1619 ·
3919 1590 3990 1645 ὡς

2428 1687 2593 1754 ἡνίκα
2622 1685 2687 1739 ἂν
2722 1687 2871 1755 αὐτῷ
2898 1685 3079 1753 δοκοίη
3134 1686 3410 1755 προσῆκον
3444 1679 3584 1737 εἶναι
3614 1684 3871 1752 χρῆσθαι,
3902 1677 3991 1732 αὖ-

2433 1776 2518 1838 Θις
2557 1777 2987 1846 ἐπιτρέψαντος·
3042 1778 3169 1844 παρ’
3206 1776 3356 1845 αὐτῷ
3407 1777 3516 1844 γάρ
3566 1773 3707 1844 εἶναι
3758 1774 3905 1824 λύειν
3939 1790 3989 1823 τε

2431 1867 2553 1927 τοὺς
2585 1867 2801 1935 ξρκους,
2840 1867 2933 1920 καὶ
2982 1869 3173 1937 τηρεῖν
3223 1866 3472 1929 ἀλύτους,
3506 1869 3553 1918 εί
3602 1866 3675 1934 μὴ
3726 1865 3986 1933 βούλοιτο,

2431 1957 2624 2009 ἔπειτα
2660 1958 2718 2008 τὸ
2755 1957 2848 2009 νῦν
2900 1956 3043 2025 ἔχον,
3091 1957 3230 2026 πλὴν
3262 1957 3368 2010 τῶν
3406 1956 3671 2024 ἐρυθρῶν,
3703 1955 3893 2014 ὁποίας
3930 1954 3987 2004 Eu

2433 2047 2579 2117 αὺτῷ
2634 2046 2815 2116 δοκοίη
2873 2047 3336 2115 καινουργῆσαντι
3375 2046 3644 2113 κρηπῖδας
3696 2028 3993 2112 ἐπιτρέψας

2433 2138 2782 2201 ὑποδύεσθαι,
2826 2137 3231 2207 συνταξάμενος
3258 2138 3337 2200 είς
3368 2135 3661 2198 Βυζάντιον
3709 2135 3953 2200 ἐπανῆκε
3979 2148 3992 2161 '

2432 2233 2542 2283 καὶ·
2561 2229 2814 2298 Ἰωάννην
2832 2231 2921 2284 καὶ
2941 2229 3391 2299 Δημήτριονίτοὺς
3417 2230 3562 2289 uici;
3589 2226 3869 2279 Ματθαίου
3903 2226 3995 2277 τοῦ

2432 2323 2526 2391 τῆς
2554 2322 2815 2391 γυναικὸς
2838 2321 3094 2389 ἀδελφοῦ,
3127 2321 3299 2390 τιμῶν
3350 2320 3551 2387 ἠξίωκε
3592 2319 3699 2369 τῶν
3736 2320 3995 2383 ἐπίτεινε-

2433 2415 2641 2467 στάτων
2667 2414 2817 2483 παρά
2846 2412 3165 2481 Ῥωμαίοις,
3187 2411 3453 2480 δεσπότην
3485 2409 3581 2478 μὲν
3613 2410 3703 2461 τὸν
3743 2409 3994 2474 Ἰωάννην

2433 2503 2741 2568 ἀποδείξας,
2773 2504 2866 2555 τὸν
2909 2503 2967 2555 δὲ
3014 2502 3323 2571 Δημήτριον
3377 2501 3875 2567 σεϐαστοκράτορι,
3907 2517 3939 2550 κ
3975 2500 3994 2547 ‘t

2433 2595 2771 2662 κοινωνήσας
2802 2594 2985 2655 αὐτοῖς
3010 2591 3309 2661 τραπέζης,
3336 2589 3523 2641 ἔπειτα
3558 2589 3833 2656 ἐξέπεμπε
3861 2588 3993 2655 πίοις

2433 2685 2522 2737 τὸν
2561 2683 2791 2753 πατέρα,
2850 2682 3049 2744 πολλὰς
3088 2681 3482 2751 ὁμολογοῦντας
3530 2681 3628 2747 τῆς
3678 2680 3993 2746 εὐεργεσίας

2433 2777 2682 2847 χάριτας.
2714 2774 2991 2835 Ματοαῖος
3022 2774 3076 2825 δὲ
3106 2772 3259 2825 οὐδὲν
3306 2771 3478 2823 είλετο
3512 2772 3636 2839 περὶ
3666 2771 3764 2838 τὴν
3794 2772 3993 2834 σκευὴν

2436 2869 2774 2935 καινοτομεῖν
2800 2883 2814 2897 ’
2858 2865 2995 2918 ἀλλά
3034 2865 3254 2926 λευκαῖς
3292 2866 3573 2935 κρηπῖσιν,
3605 2862 3793 2929 ὥσπερ
3834 2861 3991 2931 ἡνίκα

2432 2953 2500 3026 ἦν
2532 2959 2589 3009 ὲν
2625 2956 2702 3024 τῷ
2738 2956 3097 3026 δεσμωτηρίῳ
3129 2955 3363 3025 χρῆσθαι
3390 2956 3581 3009 εἵλετο.
3612 2954 3995 3019 Καντακοννη-

2436 3045 2524 3107 νὸς
2557 3046 2613 3098 δὲ
2640 3049 2667 3096 δ
2697 3044 2975 3114 βασιλεὺς,
3016 3046 3339 3114 πανοικεσίᾳ
3364 3046 3454 3096 τὸν
3486 3046 3599 3096 υίὸν
3644 3043 3992 3111 παραὶαϐὼν,

2440 3132 2779 3184 ἀπέπλευσεν
2804 3134 2883 3193 εἰς
2908 3132 3311 3200 Πελοπόννησον
3331 3133 3581 3200 τριήρεσι
3605 3131 3842 3199 μακραῖς
3865 3131 3953 3197 πρ
3972 3146 3997 3190 ς

2438 3223 2696 3293 Μανουὴλ
2753 3221 3024 3290 δεσπότην
3057 3224 3167 3275 τῶν
3212 3222 3343 3274 υίῶν
3390 3222 3479 3273 τὸν
3515 3220 3719 3289 ἕτερον.
3774 3222 3846 3271 Οὐ
3894 3220 3997 3286 μὴν

2435 3314 2555 3367 οὐδὲ
2610 3316 2728 3367 ἐκεῖ
2782 3314 3020 3383 ἠμέλουν
3068 3314 3117 3366 oi
3166 3314 3392 3381 πονηροὶ
3444 3314 3536 3363 καὶ
3586 3310 3845 3377 μολθηριίι
3875 3314 3995 3370 τοὺς

2436 3404 2672 3473 τρόπους
2708 3404 2958 3473 μηχανήν
2986 3420 3106 3455 τινα
3152 3401 3507 3472 ἐξευρίσκειν,
3539 3400 3597 3462 ἐξ
3631 3394 3692 3469 ᾖς
3728 3400 3998 3465 λυπήσω·

2440 3508 2522 3541 σιν
2544 3491 2617 3552 ὡς
2647 3492 2905 3560 μάλιστα,
2925 3492 3062 3543 ἀλλὰ
3085 3490 3213 3559 πρὶν
3231 3489 3483 3557 γενέσθαι
3504 3490 3560 3538 ἐν
3585 3489 3994 3555 Πελοποννήσῳ,

2439 3581 2729 3649 γράμμασι
2762 3580 2896 3648 πρὸς
2935 3579 3202 3646 δεσπότην
3236 3576 3581 3629 διαϐάλλουσι
3639 3577 3730 3626 τὸν
3766 3575 3900 3636 υἱὸν,
3926 3573 3998 3632 ὡς

2441 3670 2681 3737 βούλοιτο
2710 3674 2805 3739 τῆς
2839 3670 2936 3737 μὲν
2976 3669 3149 3738 ἀρχῆς
3189 3669 3352 3721 αὐτὸν
3383 3668 3724 3734 ἀποστερεῖν,
3760 3667 3997 3733 ἄρχοντα

2438 3760 2494 3811 δὲ
2528 3760 2931 3828 Πελοποννήσου
2964 3758 3247 3811 Ματθαῖον
3283 3755 3667 3824 ἀντικαθιστᾷν
3706 3755 3795 3805 τὸν
3844 3757 3995 3807 ἀδελ-

2442 3850 2539 3916 φόν
2570 3866 2583 3878 ·
2622 3849 2717 3901 καὶ
2745 3848 2928 3911 τοῦτο,
2956 3849 3051 3914 οὐχ
3094 3841 3171 3908 εἷς
3210 3848 3302 3899 καὶ
3335 3846 3447 3908 δύο,
3482 3847 3612 3898 ἀλὶά
3637 3848 3727 3899 καὶ
3760 3848 3999 3914 πλείους,

2442 3944 2533 3993 καὶ
2564 3941 2820 3998 mnam;
2848 3938 3249 3992 ὲπεστάλκασιν
3273 3953 3286 3966 ·
3332 3938 3359 3989 δ
3389 3939 3485 4006 οὐχ
3532 3939 3730 4006 ἥκιστα
3760 3942 3885 3999 τοὺς
3915 3940 4001 3989 λιι-

2440 4034 2670 4100 γισμοὺς
2699 4030 2954 4081 δεσπότου
2978 4030 3296 4082 κατασεῖσαι
3322 4027 3579 4097 ἠδυνήθη.
3610 4027 3734 4080 Ὅτε
3766 4029 3866 4097 μὲν
3897 4032 3999 4098 γὰρ

2444 4123 2574 4190 πρὸς
2606 4121 2704 4188 τὴν
2733 4120 3034 4172 ἐπιείκειαν
3063 4122 3155 4172 καὶ
3176 4120 3412 4183 σύνεσιν,
3438 4120 3533 4171 καὶ
3562 4119 3843 4169 εὐϐουλίαν
3873 4121 3999 4172 ἀπί-

2442 4212 2522 4262 δοι
2553 4212 2643 4262 τοῦ
2682 4212 2908 4277 πατρὸς,
2943 4210 3037 4261 καὶ
3074 4208 3172 4277 τὴν
3213 4208 3291 4270 είς
3321 4209 3446 4269 τοὺς
3482 4207 3679 4269 παῖδας
3717 4207 4002 4275 φιλοστορ-

2442 4304 2590 4368 γίαν,
2624 4302 2800 4355 πάντα
2830 4301 3121 4368 πλάσματα
3151 4301 3338 4369 ἡγεῖτο
3382 4300 3473 4350 καὶ
3500 4298 3753 4359 διαϐολάς
3783 4315 3795 4327 ·
3825 4300 3914 4350 ὅτε
3947 4300 4002 4349 δὲ

2444 4396 2520 4454 είς
2554 4394 2613 4444 τὸ
2661 4392 2865 4458 πλῆθος
2906 4396 2997 4445 καὶ
3026 4393 3123 4460 τὴν
3175 4391 3507 4460 πιθανότητα
3542 4390 3649 4441 τῶν
3681 4394 4004 4458 γεγραμμέ-

3626 871 3865 933 ἁκριῧὼς
3900 872 3994 936 ἐμ.-

788 4484 930 4548 Quid
986 4486 1131 4537 enim
1169 4483 1233 4537 ad
1256 4483 1650 4551 iucunditatem
1694 4491 1749 4534 et
1779 4483 2121 4535 securitatem
2150 4483 2342 4536 melius
2377 4498 2454 4555 υτ

2338 4499 2342 4533 ἱ
2377 4503 2417 4555 D
2445 4497 2570 4541 νων,
2605 4481 2701 4531 οὐκ
2732 4475 2875 4546 εἶχεν
2906 4479 3053 4539 ὅπως
3088 4479 3256 4530 ἅπασι
3288 4477 3544 4542 καθάπαξ
3580 4479 3855 4539 ἀπιστεῖν,
3886 4478 4004 4527 ὅθεν

783 4588 947 4640 quam
986 4588 1091 4626 una
1118 4588 1238 4626 esse
1259 4573 1476 4637 fratres,
1504 4582 1562 4624 ut
1589 4580 1802 4631 natura,
1837 4571 1916 4623 sie
1944 4572 2136 4625 animis
2153 4586 2345 4625 conso-

779 4661 1128 4716 ciatissimos?
1148 4660 1312 4729 908
1334 4660 1483 4725 Quod
1502 4668 1681 4712 autem
1713 4660 1765 4711 in
1792 4659 2220 4727 Peloponnesum
2250 4675 2345 4727 po-

782 4753 1051 4806 tissimum
1114 4752 1433 4814 deduxerit,
1479 4752 1649 4803 solam
1704 4765 1826 4803 esse
1849 4764 2067 4803 causam
2098 4749 2345 4804 homines

780 4842 1246 4911 perversissimos,
1279 4856 1511 4909 quorum
1541 4856 1685 4893 nunc
1704 4841 1864 4893 liceat
1888 4854 2116 4892 messem
2142 4849 2344 4894 metere

783 4934 1094 4997 maximam,
1156 4932 1250 4999 qui
1315 4932 1595 4983 veritatem
1622 4940 1673 4983 et
1696 4930 1958 4998 justitiam
2002 4944 2100 4982 nec
2142 4929 2233 4981 bili
2266 4929 2345 4981 fa-

780 5026 949 5084 ciant,
984 5032 1039 5075 et
1064 5021 1243 5074 lucelli
1278 5022 1446 5090 gratia
1473 5021 1748 5075 teterrima
1772 5026 2025 5083 audeant,
2058 5035 2231 5087 neque
2262 5030 2343 5073 ta-

782 5132 903 5167 men
960 5115 1047 5166 hic
1097 5124 1201 5165 tam
1271 5120 1481 5178 turpem
1537 5122 1591 5163 et
1642 5109 1959 5161 illiberalem
2002 5109 2342 5161 occasionem

782 5203 1092 5263 habuerint,
1128 5200 1223 5254 sed
1249 5199 1405 5267 quasi
1434 5198 1499 5250 ad
1536 5197 1843 5264 perdendos
1872 5199 2047 5248 bonos
2092 5197 2145 5247 in
2177 5195 2341 5247 vitam

780 5292 1113 5352 introierint,
1147 5290 1381 5358 gratuito
1442 5288 1689 5342 scelerati
1746 5288 1880 5341 sint.
1920 5289 2160 5351 Quorum
2196 5287 2344 5339 inso-

784 5384 1003 5436 lentiam
1060 5389 1113 5433 ct
1154 5379 1449 5445 nequitiam
1498 5378 1813 5439 formidans,
1848 5392 1913 5430 ne
1938 5377 2210 5430 ementitis
2234 5377 2343 5429 cri-

785 5472 1026 5523 minibus
1050 5471 1435 5537 imperatorem
1477 5468 1857 5535 Palmologum,
1890 5475 1945 5519 et
1972 5466 2191 5520 fratrem
2224 5482 2343 5518 mu-

788 5572 897 5614 tuis
928 5559 1069 5611 odiis
1102 5558 1475 5617 incenderent,
1510 5572 1575 5609 eo
1606 5558 1754 5609 illum
1782 5556 2049 5608 adducere
2082 5555 2339 5619 voluisse,

782 5660 1131 5715 putasseque,
1154 5647 1297 5713 quod
1324 5660 1408 5698 res
1428 5653 1530 5708 est,
1550 5660 1736 5697 revera
1756 5658 1862 5697 non
1892 5644 2340 5711 PeIOponuesum,

779 5740 909 5793 licet
943 5749 1048 5792 tam
1087 5738 1342 5806 amplam,
1388 5737 1483 5791 sed
1520 5752 1685 5790 unum
1728 5737 1976 5805 idemque
2003 5737 2337 5791 domicilium

2448 4573 2541 4621 καὶ
2575 4571 2710 4637 μετά
2746 4572 2843 4639 τὴν
2880 4569 3141 4637 βασιλέως
3187 4568 3277 4619 τοῦ
3327 4568 3530 4635 πατρὸς
3571 4568 3866 4634 ἐπιδημίαν
3912 4570 4007 4635 τὴν

2446 4660 2590 4711 ἔνδον
2623 4662 2865 4727 ταραχὴν
2895 4662 2950 4711 ἐν
2981 4663 3092 4719 τοῖς
3126 4658 3313 4727 ἤθεσιν
3348 4659 3630 4724 ὑπέφαινε.
3661 4659 3921 4721 Βασιλεύς
3946 4679 4007 4712 τε

2444 4748 2472 4796 6
2523 4745 2704 4813 πατὴρ
2752 4746 2843 4795 τὸν
2900 4744 3126 4813 θόρυϐον
3176 4745 3277 4795 οὐκ
3332 4746 3624 4811 ἀγνοήσας,
3676 4749 4010 4800 ἐπυνθάνετο

2445 4836 2544 4897 τὰς
2572 4837 2747 4897 αἰτίας
2778 4837 2898 4887 ὅθεν
2926 4831 3057 4890 εἶεν.
3096 4838 3155 4887 't)
3184 4837 3241 4888 δὲ
3271 4838 3379 4888 πᾶν
3411 4836 3776 4908 ὲξεκάλυπτεν
3808 4841 4009 4891 αὐτίκα

2444 4929 2504 4978 τὸ
2538 4926 2868 4996 ἀπόρρητον.
2906 4927 3169 4987 Βασιλεὺς
3200 4926 3256 4978 δὲ
3285 4928 3312 4977 6
3346 4928 3525 4993 πατὴρ
3550 4926 3659 4977 τῶν
3705 4929 3803 4995 μὲν
3851 4945 4011 4979 συκο-

2447 5017 2664 5083 φαντῶν
2716 5016 2917 5083 πολλὴν
2970 5016 3343 5082 κατεγίνωσκε
3382 5017 3681 5084 σκαιότητα
3715 5016 3810 5067 καὶ
3841 5034 4007 5083 πονη-

2447 5105 2568 5173 ρίαν
2604 5105 2839 5174 τρόπων,
2877 5105 2965 5157 τὸν
2989 5105 3043 5156 δὲ
3102 5104 3217 5157 υίὸν
3278 5102 3507 5173 παρῄνει
3539 5106 3615 5172 μὴ
3658 5105 3839 5172 ῥᾴδιον
3864 5101 4007 5156 εἶναι

2445 5195 2862 5262 προσέχεινταίς
2881 5193 3172 5260 διαϐολαῖς,
3198 5193 3289 5246 καὶ
3326 5194 3561 5262 μάλιστα
3579 5195 3715 5245 κατά
3733 5194 4007 5261 φιλτάτων

2447 5285 3014 5352 συνεσκευασμέναιςδ,
3039 5282 3247 5350 πατρὸς
3302 5283 3395 5334 καὶ
3454 5281 3703 5349 ἀδελφοῦ,
3734 5285 3895 5336 αὑτὸν
3924 5284 4004 5347 δὲ,

2444 5376 2541 5442 οὐχ
2588 5375 2731 5435 ὅπως
2758 5374 2920 5425 αὑτὸν
2945 5374 3198 5439 ἀφέλοιτο
3240 5372 3340 5441 τὴν
3394 5373 3568 5440 ἀρχὴν
3622 5374 3715 5423 τὸν
3776 5374 4007 5439 ἀδελφὸν

2444 5466 2622 5515 ἐκεῖσε
2644 5465 2894 5529 ἀγαγεῖν,
2916 5463 3028 5515 ἀλλ’
3052 5463 3118 5513 ἵν’
3141 5463 3213 5522 ὼς
3237 5463 3469 5530 μάλιστα
3492 5462 3683 5531 βελτίω
3706 5465 3798 5514 καὶ
3824 5467 4008 5531 ἀσφα-

2444 5558 2705 5625 λεστέραν
2752 5556 3156 5622 ἀπεργάσηται.
3184 5554 3250 5604 Τί
3280 5554 3384 5621 γὰρ
3428 5552 3492 5605 ἂν
3542 5553 3637 5604 καὶ
3664 5554 3751 5618 είη
3796 5552 4009 5619 βέλτιον

2444 5648 2522 5705 είς
2554 5646 2706 5712 λόγον
2736 5645 2927 5712 ἡδονῆς
2963 5644 3056 5695 καὶ
3088 5642 3386 5709 ἀσφαλείας
3417 5645 3449 5711 ἦ
3482 5643 3542 5694 τὸ
3572 5646 3817 5694 συνεῖναι
3847 5642 4007 5694 ἀδελ-

2446 5738 2575 5803 φοὺς
2606 5736 2886 5803 ἀλλήλους,
2921 5735 3124 5802 ὁμοίως
3150 5735 3216 5802 τῇ
3245 5732 3385 5786 κατά
3415 5732 3579 5800 φύσιν
3609 5731 3881 5801 συναφείᾳ
3905 5732 4008 5785 καὶ
