4218 6446
231 452 334 517 2ῦὸ
358 512 364 520 .

1419 455 1956 518 HISTORIARUM
2000 460 2229 517 LiBER
2276 460 2362 516 ιν.

3371 457 3473 523 3ΕΕ

231 576 326 632 τὰς
354 570 529 640 ψυχας
558 574 1032 641 συγκεκραμένους
1059 589 1073 638 ;
1105 571 1210 624 Τοῦ
1247 572 1302 623 δὲ
1353 573 1430 634 εἰς
1467 573 1803 643 Πελοπόννη-

1763 593 1803 643 1-
1833 581 1876 634 Α
1906 590 2002 642 per
2028 590 2219 626 (mllteS
2248 587 2440 636 annos,
2476 572 2621 623 nulla
2655 571 3024 624 intercedente
3071 572 3372 626 offensione
3403 578 3474 627 si-

234 681 325 715 σον
361 665 564 715 ἐκεῖνον
596 666 825 730 ἀγαγεῖν
867 665 1053 716 αἰτίαν
1089 664 1350 732 οὐδεμίαν
1380 665 1549 733 ἄλλην
1583 661 1725 718 εἶναι

231 755 329 815 τὰς
359 753 468 805 τῶν
491 754 711 820 φαύλων
732 758 824 807 καὶ
861 755 1243 821 πονηροτάτων
1270 755 1446 822 ψυχὰς
1478 755 1802 821 ἀνθρώπωνο

231 844 281 897 οἳ
315 845 554 915 μάλιστα
580 847 765 897 πολλοὶ
792 848 906 896 νυνὶ
937 844 1010 914 τῷ
1044 845 1141 912 βίῳ
1179 845 1514 911 ἀνεφύησαν,
1549 845 1806 910 ἀληθείας

234 939 337 1005 μὲν
371 938 560 993 οὐδένα
588 939 679 989 καὶ
716 937 1064 1005 δικαιοσύνης
1095 937 1251 1000 λόγον
1303 939 1687 1005 πεποιημένοι,
1721 954 1806 1004 μι-

229 1034 369 1104 κροῦ
401 1034 459 1086 δὲ
495 1031 720 1101 κέρδους
753 1030 913 1082 ἕνεκα
947 1029 1131 1080 καὶτὰ
1165 1029 1442 1080 δεινότατα
1478 1029 1804 1096 τολμῶντες,

228 1126 347 1177 ἐστι
375 1125 419 1176 δ’
453 1125 539 1175 ὅτε
577 1121 711 1190 μηδὲ
763 1119 966 1186 ταύτης
1015 1117 1376 1186 εὐποροῦντες
1431 1120 1530 1186 τῆς
1577 1120 1806 1187 αἰσχρᾶς

228 1218 326 1268 καὶ
383 1212 645 1281 ἀγεννοῦς
704 1210 1053 1279 προφάσεως,
1099 1208 1213 1260 ἀλλ’
1261 1209 1448 1278 ὥσπερ
1518 1213 1594 1272 εἰς
1649 1210 1806 1262 τοῦτο

229 1306 595 1374 παρελθόντες
643 1303 723 1363 είς
767 1301 858 1352 τὸν
904 1300 1017 1368 βίον
1065 1300 1157 1350 ἐπὶ
1191 1299 1268 1367 τῷ
1301 1299 1639 1368 διαφθείρειν
1679 1300 1802 1360 τοὺς

229 1398 494 1463 ἀγαθοὺς,
533 1395 626 1446 καὶ
667 1394 868 1462 προῖκα
909 1391 1006 1461 τὴν
1053 1389 1357 1460 μοχθηρίαν
1404 1390 1800 1459 προῃρημένοι.

227 1483 460 1554 ’Ὦνητὴν
487 1484 717 1536 ἀτοπίαν
747 1482 930 1542 δείσας
977 1482 1072 1532 καὶ
1125 1482 1222 1544 τὴν
1282 1482 1569 1548 πονηρίαν,
1601 1481 1675 1548 μὴ
1708 1496 1803 1529 συ-

228 1577 529 1643 κοφαντίας
566 1576 658 1627 καὶ
687 1573 938 1632 διαϐολὰς
973 1573 1334 1640 πλασάμενοι,
1368 1570 1589 1639 βασιλέα
1624 1586 1682 1620 τε
1710 1570 1804 1620 καὶ

227 1668 459 1734 ἀδελφὸν
508 1666 599 1717 τὸν
646 1666 735 1716 σὺν
773 1663 1254 1730 ὲκπολ.εμώσουσιν
1306 1662 1575 1729 ἀλλήλοις,
1617 1660 1804 1712 ὲνθάδε

221 1761 480 1827 ἀγαγεῖν,
525 1757 752 1825 νομίσας
809 1756 944 1822 ὅπερ
995 1755 1144 1805 ἐστὶν
1175 1753 1246 1814 ὼς
1282 1752 1502 1821 ἀληθὲς,
1533 1752 1594 1802 οὖ
1642 1752 1806 1803 Πελο-

226 1850 499 1915 πὸννησον
553 1846 822 1912 τοσαύτην
873 1839 1059 1904 οὖσαν,
1105 1841 1242 1894 ἀλλά
1276 1840 1375 1910 τὴν
1416 1839 1584 1908 αὐτὴν
1629 1833 1804 1892 οἰκίαν

221 1938 370 2007 ὑμᾶς
417 1939 763 2004 συνοικήσειν
811 1935 1033 1995 ἀλύπως
1071 1935 1159 1985 διὰ
1211 1933 1348 2001 βίου,
1383 1934 1475 1985 καὶ
1529 1933 1799 2002 μηδεμίαν

224 2029 451 2083 ἔσεσθαι
509 2029 784 2097 πρόφασιν
846 2026 1073 2094 ἰσχυρὰν
1112 2026 1398 2095 διαφορᾶς,
1438 2026 1471 2093 ἢ
1516 2026 1797 2094 διαστῆσαι

223 2123 520 2190 δυνήσεται
555 2119 699 2188 ὑμᾶς
737 2119 1001 2187 ἀλλήλων.
1040 2119 1113 2170 Οὐ
1166 2118 1270 2191 χρὴ
1308 2118 1366 2170 δὲ
1407 2118 1711 2187 θαυμάζειν
1750 2118 1799 2169 εί

223 2214 457 2267 τοιαῦτα
488 2211 851 2280 πεπεισμένος
881 2209 1010 2280 περὶ
1044 2211 1152 2263 τῶν
1193 2211 1566 2278 συκοφαντῶν,
1615 2208 1802 2262 ἐνθάδε

227 2305 442 2374 ἤγαγον
471 2303 561 2354 τὸν
599 2301 848 2369 ἀδελφόν.
884 2301 1057 2353 Ὅπου
1095 2302 1202 2371 γὰρ
1236 2301 1328 2352 καὶ
1370 2301 1453 2352 σοι
1484 2299 1583 2368 ἐμέ
1606 2317 1665 2352 τε
1707 2300 1805 2353 κά-

227 2396 409 2446 κεῖνον
440 2393 678 2463 ἦλπισαν
708 2393 828 2453 ταῖς
877 2391 1151 2454 διαϐολαῖς
1187 2391 1617 2460 ἐκπολεμώσειν,
1641 2391 1801 2460 σχολῇ

227 2485 277 2550 γ’
304 2484 372 2536 ἂν
404 2481 705 2551 ἀπέσχοντο
741 2479 1006 2549 βασιλέως
1061 2481 1390 2548 προφάσεων
1438 2466 1688 2546 μεγάλων
1719 2480 1806 2530 εὑ-

1911 665 2022 718 mul
2055 665 2402 718 habitaturos
2432 701 2446 720 .
2479 678 2578 716 nee
2619 663 2781 715 ullam
2816 662 2946 714 satis
2978 661 3226 714 idoneam
3265 663 3479 716 dissen-

1909 755 2082 808 sionis
2134 753 2476 807 occasionem
2499 752 2887 815 suborituram,
2925 765 3047 817 qute
3098 749 3312 802 illorum
3345 766 3477 803 con-

1903 847 2242 914 junctionem
2293 844 2595 898 dirimeret.
2656 843 2766 896 Nec
2791 843 3124 906 mirandum,
3159 841 3204 895 si
3243 843 3366 894 talia
3408 844 3476 893 de

1907 937 2255 1009 sycophantis
2279 936 2524 996 credens,
2547 935 2651 988 huc
2670 933 2892 987 fratrem
2915 933 3223 986 adduxerit.
3244 933 3474 995 Quando

1909 1031 2051 1082 enim
2086 1030 2161 1082 illi
2201 1029 2376 1096 ipsum
2407 1043 2487 1087 se,
2512 1027 2846 1094 fratremque
2882 1026 3171 1078 calumniis
3197 1026 3311 1078 suis
3345 1039 3474 1077 exo-

1909 1135 2029 1173 sum
2065 1120 2378 1172 reddituros
2410 1119 2768 1184 speraverint,
2803 1115 2894 1168 vix
2915 1117 2981 1168 ab
3013 1115 3342 1183 imperatore
3368 1116 3476 1168 cir-

1908 1208 2310 1263 cumveniendo
2341 1215 2744 1273 temperaturos
2795 1207 2983 1269 fuisse,
3015 1221 3138 1259 cum
3168 1221 3231 1258 ex
3268 1207 3472 1259 recenti

1907 1302 2133 1355 dissidio
2169 1311 2370 1354 tantam
2402 1301 2521 1367 ejus
2571 1297 2650 1350 rei
2709 1297 3022 1350 facultatem
3061 1296 3360 1349 haberent.
3396 1297 3474 1348 ΙΙΙί

1911 1393 2094 1461 igitur,
2121 1392 2320 1449 aiebat,
2351 1391 2488 1442 male
2514 1388 2638 1441 mali
2666 1402 2787 1440 eum
2819 1387 2934 1439 suis
2953 1387 3324 1456 sycophantiis
3348 1403 3474 1454 per-

1909 1493 2054 1536 cant.
2084 1482 2163 1533 Tu
2223 1491 2402 1532 autem
2457 1479 2662 1546 abjeeta
2699 1478 2846 1530 omni
2901 1477 3200 1529 diffidentia
3256 1476 3476 1529 fratrem

1906 1573 2273 1642 platidissime
2313 1580 2366 1622 et
2417 1569 2800 1621 eandidissime
2835 1577 3013 1620 tecum
3053 1569 3324 1619 victurum
3360 1583 3479 1620 sus-

1906 1666 2049 1732 cipe.
2083 1663 2179 1715 His
2203 1661 2381 1714 verbis
2405 1659 2818 1713 Cantacuzenus
2838 1656 3007 1710 filium
3026 1658 3300 1725 despmam
3322 1672 3476 1710 eom-

1908 1755 2151 1824 pellavit.
2192 1753 2295 1818 Qui
2333 1767 2456 1804 mox
2493 1751 2630 1819 patri
2665 1749 2946 1809 obedieus,
2983 1748 3203 1802 fratrem
3228 1747 3478 1802 hilariter

1908 1845 2138 1914 accepit,
2190 1855 2245 1898 et
2279 1845 2510 1897 multum
2562 1843 2614 1895 in
2660 1841 3322 1895 obtrectatoresinvcctos
3349 1856 3478 1894 eon-

1908 1938 2163 1998 firmavit,
2227 1936 2270 1988 si
2329 1934 2634 1987 consulti-us
2691 1933 3082 1994 arbitraretur,
3145 1943 3206 1986 ut
3255 1932 3479 1986 omnino

1910 2032 2021 2078 tota
2049 2023 2405 2091 Peloponnesi
2433 2021 2754 2090 praefectura
2781 2021 2929 2074 fratri
2961 2024 3199 2081 cederet,
3229 2037 3286 2076 se
3335 2022 3386 2074 id
3416 2023 3478 2074 li-

1908 2116 2099 2170 benter
2125 2113 2420 2176 facturum,
2454 2113 2902 2182 prteeipientique
2939 2116 3350 2183 promptissime
3381 2131 3475 2167 au-

1909 2206 2289 2260 scultalurum.
2310 2204 2723 2259 Cantaeuzenus
2740 2219 2861 2257 eum
2884 2203 3007 2258 ﬁliis
3026 2208 3078 2258 iu
3105 2207 3478 2275 Peloponneso

1907 2299 2031 2368 plus
2077 2313 2276 2352 annum
2319 2305 2712 2357 commoratus,
2745 2297 3002 2350 omnibus
3042 2313 3273 2366 quorum
3304 2299 3474 2367 gratia

1911 2401 2131 2444 venerat
2201 2404 2266 2442 ex
2332 2389 2601 2441 sententia
2669 2389 2936 2442 absolutis
3002 2389 3316 2458 Byzantium
3356 2391 3479 2445 red-

1918 2479 1998 2530 iit.

226 2574 524 2644 ποροῦντες
562 2575 625 2624 ὲκ
677 2573 785 2624 τῶν
834 2573 961 2642 πρὶν
990 2570 1282 2640 διαφορῶν.
1320 2570 1547 2621 Ἐκεῖνοι
1593 2568 1694 2636 μὲν
1723 2564 1837 2629 οῦν,
1879 2564 2056 2632 εἶπεν,
2107 2567 2491 2619 ἀπολέσθωσαν
2535 2570 2694 2619 κακοὶ
2738 2568 2925 2630 κακῶς
2973 2570 3160 2630 αὑταῖς
3208 2588 3478 2639 συκοφαν·

227 2673 371 2733 τίαις
406 2686 422 2701 ⁸
460 2669 525 2722 σὺ
553 2669 608 2722 δὲ
649 2669 827 2720 πᾶσαν
852 2667 1188 2735 ἀποθέμενος
1252 2665 1635 2735 μικροψυχίαν,
1698 2665 1869 2732 ἡδέως
1907 2664 2064 2732 δέχου
2105 2663 2193 2715 τὸν
2227 2662 2451 2729 ἀδελφὸν
2503 2664 2621 2731 μετ’
2675 2663 2976 2726 ἐπιεικείας
3017 2665 3237 2732 ἀπάσης
3266 2669 3362 2720 καὶ
3389 2670 3478 2719 εὖ·

226 2758 1008 2830 γνωμοσυνης·συνδιάξοντα.
1099 2758 1336 2810 Τοιαῦτα
1415 2757 1511 2825 μὲν
1583 2755 2033 2824 Καντακουζηνὸς
2080 2758 2108 2807 ὁ
2159 2754 2412 2824 βασιλεὺς
2467 2756 2601 2824 πρὸς
2654 2755 2919 2825 δεσπότην
3011 2751 3132 2808 εἷπε
3191 2759 3284 2810 τὸν
3337 2761 3475 2815 υἱόν.

239 2856 481 2919 Ἐκεῖνός
534 2872 593 2906 τε
643 2855 842 2907 αὐτίκα
913 2852 990 2922 τῷ
1029 2855 1198 2922 πατρὶ
1251 2851 1574 2920 πειθόμενος
1623 2852 1834 2919 ἐδέχετο
1871 2851 1963 2902 τὸν
1993 2851 2220 2918 ἀδελφὸν
2255 2849 2445 2918 ἡδέως,
2478 2849 2648 2903 πολλά
2687 2832 3187 2921 καταμεμφόμενος
3217 2855 3345 2916 τοὺς
3388 2872 3481 2906 συ-

225 2949 528 3016 κοφάντας,
564 2949 656 3000 καὶ
696 2947 830 3016 πρὸς
866 2946 1089 3016 βασιλέα
1117 2948 1208 2997 τὸν
1226 2945 1440 3013 πατέρα
1471 2943 1794 3014 ἰσχυρίζετο,
1833 2943 1907 3006 ὡς
1938 2945 1986 2997 εί
2026 2943 2232 3011 βέλτιον
2267 2943 2417 3012 αὐτῷ
2444 2943 2628 3014 δοκοίη
2688 2945 2784 2997 καὶ
2851 2944 3297 3016 λυσιτελέστερον
3340 2950 3480 3001 ἁπο-

230 3042 436 3093 οτάντα
509 3039 854 3092 παντάπασιν
917 3039 1080 3091 αὑτὸν
1129 3038 1540 3104 Πελοποννήσου
1617 3039 1798 3089 πᾶσαν
1838 3035 1985 3105 ἔχειν
2043 3035 2142 3106 τὴν
2207 3037 2382 3106 ἀρχὴν
2409 3035 2498 3087 τὸν
2529 3035 2756 3104 ἀδελφὸν
2797 3037 2951 3089 οὐδὲν
2982 3038 3143 3091 αὑτὸν
3171 3039 3480 3109 φιλονεική-

229 3149 367 3195 σειν,
434 3132 572 3184 ἀλλά
599 3131 606 3138 ’
634 3131 810 3183 πάντα
872 3128 1098 3198 πράξειν
1138 3130 1484 3197 ἑτοιμότατα,
1550 3128 1614 3181 ἂν
1646 3129 1806 3192 αὐτὸς
1842 3127 2071 3180 κελεύοι.
2127 3129 2390 3190 Βασιλεὺς
2407 3127 2464 3180 δὲ
2500 3129 2557 3180 ὲν
2596 3128 2988 3199 Πελοποννήσῳ
3038 3131 3175 3200 ὑπὲρ
3235 3132 3478 3184 ἐνιαυτὸν

231 3223 621 3294 συνδιατρίψας
655 3225 767 3285 τοῖς
798 3223 957 3284 υἱέσι,
986 3222 1078 3274 καὶ
1115 3215 1189 3274 ὧν
1221 3221 1383 3274 ἕνεκα
1413 3222 1608 3289 ἀφῖκτο
1632 3220 1804 3285 δεξιὸν
1840 3221 1991 3284 τέλος
2023 3221 2254 3286 ἐπιθεὶς,
2285 3223 2364 3283 εἰς
2397 3221 2692 3284 Βυζάντιον
2721 3220 3013 3289 ἐπανῆκεν.

1686 3357 1911 3414 CAPUT
1955 3357 2015 3411 ι..

233 3446 491 3517 Callistus
519 3445 720 3514 legatus
751 3447 819 3512 ad
849 3445 1150 3501 Crala'nam
1184 3465 1277 3517 pro
1320 3450 1564 3502 societate
1610 3457 1792 3502 contra
1839 3447 2106 3501 Barbaros
2161 3448 2214 3500 in
2270 3446 2509 3500 Thracia.
2560 3444 2705 3500 Idem
2735 3463 2853 3499 cum
2903 3447 3177 3499 comitibus
3227 3447 3474 3504 moritur.

303 3516 497 3568 Falsus
533 3532 714 3568 rumor
756 3522 818 3567 de
850 3533 1042 3569 veneno
1081 3517 1185 3570 illis
1237 3521 1450 3586 prwbito
1477 3536 1507 3570 a
1543 3518 1804 3572 Triballis.
1841 3518 2162 3571 l’atrtarchw
2209 3519 2385 3585 (unus.
2437 3517 2685 3586 Cralwna
2742 3519 3006 3569 monac/tis
3029 3532 3092 3568 ετ
3126 3518 3258 3586 Atlio
3306 3531 3479 3569 monte

305 3587 421 3651 ejus
451 3602 638 3655 corpus
676 3595 850 3654 negat.
875 3588 1149 3652 Expeditio
1178 3585 1510 3655 imperatoris
1535 3600 1718 3640 contra
1745 3588 1892 3640 urbes
1931 3589 2207 3640 Moesorum
2232 3588 2300 3638 ad
2330 3587 2575 3639 Pontum.
2603 3585 2922 3640 Mesembria:
2945 3586 3161 3639 obsidia.
3191 3585 3306 3638 Pax
3340 3603 3478 3640 com—

303 3667 543 3721 ponitur.
573 3654 873 3708 Pliilotheus
906 3654 1325 3722 patriarc/tatum
1361 3658 1572 3725 recipit;
1606 3659 1718 3724 ejus
1746 3658 2139 3710 commendatio.
2171 3656 2417 3708 Ιιίειονὶιε
2444 3657 2692 3724 epilogus.

313 3769 455 3822 Ὑπὸ
481 3769 538 3820 δὲ
562 3768 685 3828 τοὺς
717 3766 912 3828 αὐτοὺς
932 3769 1158 3836 χρόνους
1187 3770 1281 3820 καὶ
1312 3768 1612 3832 Κάλλιστος
1641 3772 1667 3822 ὁ
1693 3787 1796 3822 πα.

1763 3790 1796 3822 ι-
1824 3776 1868 3832 c
1947 3769 2209 3823 Peritlem
2230 3781 2442 3838 tempus
2470 3779 2526 3823 et
2553 3769 2810 3824 Callistus
2829 3771 3157 3838 patriarcha,
3177 3771 3386 3838 legatus
3412 3779 3481 3827 ab

231 3863 507 3929 τριάρχης
564 3859 715 3926 παρὰ
757 3857 1021 3928 βασιλέως
1067 3859 1322 3928 ἐπέμφθη
1374 3861 1613 3929 πρέσϐυς
1663 3863 1800 3928 πρὶς

244 3948 536 4001 Ἐλισάὁετ
562 3947 666 4017 τὴν
693 3947 883 4016 Κράλη
913 3947 1181 4015 γαμετὴν,
1215 3949 1410 4014 Φέραις
1441 3949 1803 4016 ἐνδιατρίϐου-

232 4057 336 4093 σαν
374 4041 516 4108 μετά
541 4040 641 4108 τὴν
667 4039 873 4090 ἐκείνου
901 4037 1185 4107 τελευτὴν,
1217 4039 1677 4108 ἑκπεπολέμωντο
1699 4042 1803 4108 γὰρ

230 4131 486 4201 ἀλλήλοις
526 4130 620 4181 καὶ
660 4128 740 4180 ἔτι
773 4127 962 4196 Κράλη
995 4129 1294 4196 περιόντος.
1341 4131 1404 4183 Ἡ
1447 4131 1711 4197 πρεσϐεία
1749 4132 1804 4182 δὲ

229 4215 325 4287 ἦν,
355 4220 498 4270 ὥστε
524 4217 615 4270 τὸν
650 4217 787 4285 πρὸς
818 4217 1084 4287 ἀλλήλους
1133 4219 1368 4288 πόλεμον
1398 4221 1804 4288 καταθεμένους

230 4312 330 4360 καὶ
362 4309 874 4376 συμφρονήσαντας,
906 4309 1018 4368 τοῖς
1060 4309 1115 4359 ὲν
1142 4308 1330 4379 Θρᾴκῃ
1366 4309 1667 4380 Βαρϐάροις
1691 4312 1808 4363 ἑπι-

230 4403 452 4462 θέτίὶαι,
511 4401 695 4461 κακῶς
751 4400 844 4451 καὶ
881 4399 980 4469 τὴν
1019 4399 1328 4469 Ῥωμαίων,
1387 4382 1478 4455 καὶ
1527 4401 1809 4472 Τριϐαλῶν

231 4488 476 4551 ποιοῦσι.
532 4491 625 4542 καὶ
685 4489 1026 4558 ληῐζομένοις
1082 4491 1373 4560 ὁσημέραι.
1437 4492 1502 4544 Ἥ
1560 4493 1660 4561 μὲν
1718 4493 1811 4545 οῦν

231 4584 438 4654 Κραλη
460 4583 676 4651 γαμετὴ
704 4583 805 4650 τὴν
831 4581 1124 4650 πρεσϐείαν
1149 4583 1364 4645 ἐδέξατο
1394 4584 1689 4652 προθύμως
1709 4600 1722 4614 ·
1749 4587 1810 4635 οὺ

232 4677 349 4743 μὴν
380 4674 521 4725 ἀλλὰ
544 4673 636 4724 καὶ
657 4674 704 4724 οἱ
739 4673 793 4723 ὲν
826 4671 968 4722 τέλει
1001 4671 1200 4732 πάντες
1238 4673 1280 4723 Τ
1289 4672 1543 4739 ριόαλῶν,
1578 4675 1671 4725 καὶ
1701 4676 1810 4726 πᾶ-

233 4781 320 4816 σιν
349 4764 531 4826 ἔδοξεν
562 4763 763 4831 ὁμοίως
794 4763 1106 4830 πολεμητέα
1133 4759 1268 4815 εἶναι
1296 4763 1432 4832 πρὸς
1457 4765 1581 4826 τοὺς
1609 4764 1814 4832 Βαρϐά-

234 4871 398 4922 ρους,
428 4855 525 4904 καὶ
551 4851 642 4904 τὸν
672 4851 1020 4920 πατριάρχην
1055 4845 1187 4920 ἦγον
1212 4850 1280 4901 δι’
1303 4852 1578 4918 εὐφημίας
1607 4857 1696 4904 καὶ
1725 4855 1816 4904 ai-

230 4943 361 5005 δοῦς
393 4943 621 5010 πολλῆς,
667 4941 952 4995 Ἐλισέιϐετ
989 4939 1045 4990 δὲ
1085 4939 1317 5008 μάλιστα
1370 4942 1568 5010 πολλὴν
1611 4943 1812 4995 ἐπεδεί-

227 5052 400 5090 κνυτο
433 5034 852 5103 φιλοφροσύνην,
906 5032 998 5084 καὶ
1025 5033 1130 5084 τῶν
1162 5035 1484 5101 κρειττόνων
1512 5035 1645 5103 ᾤετό
1693 5053 1812 5086 τινα

1905 3862 2234 3928 imperatore
2250 3863 2314 3914 ad
2331 3862 2698 3915 Elisabetliam
2713 3861 2882 3915 Cralis
2894 3865 3175 3932 conjugem
3192 3864 3328 3934 (47),,
3345 3867 3481 3920 Phe-

1914 3952 1989 4003 ris
2023 3962 2145 4018 post
2174 3953 2317 4004 illius
2356 3952 2562 4004 obitum
2597 3952 2930 4005 habitantem
2951 3955 3150 4006 missus
3169 3933 3480 4012 estTadhue

1907 4039 2053 4092 enim
2077 4054 2144 4091 eo
2196 4040 2494 4104 superstite
2537 4039 2702 4106 909
2772 4039 3090 4094 inimicitias
3128 4043 3476 4097 exercebant.

1908 4128 2126 4181 Summa
2143 4129 2422 4197 legationis
2439 4139 2640 4191 erat,ut
2656 4131 2856 4184 omisso
2873 4131 3014 4183 bello
3029 4131 3170 4184 inter
3187 4146 3265 4195 se,
3283 4132 3480 4188 Barba~

1910 4234 1997 4272 ros
2015 4219 2104 4286 qui
2125 4229 2308 4273 essent
2329 4219 2380 4271 in
2402 4217 2656 4279 Thracia,
2679 4221 3073 4283 Romanorum,
3090 4223 3452 4278 Triballorum
3469 4253 3483 4266 ο

1910 4323 2016 4376 que
2048 4310 2356 4377 provincias
2391 4310 2806 4372 infestantes,et
2828 4312 3044 4366 assidue
3067 4313 3479 4381 depopulaules,

1911 4404 2220 4470 conjunctis
2249 4404 2420 4470 copiis
2443 4403 2778 4456 invaderent.
2802 4403 3330 4468 Cralama,etomnes
3357 4424 3484 4474 pro-

1913 4507 2065 4546 ceres
2121 4491 2346 4544 Triballi
2411 4493 2739 4558 legationem
2793 4492 3006 4560 placide
3063 4495 3377 4560 audierunt,
3428 4506 3485 4549 et

1914 4599 2066 4652 teque.
2087 4583 2262 4635 visum
2299 4581 2466 4635 armis
2519 4585 2858 4650 appetendos
2902 4599 3023 4637 esse
3060 4583 3351 4646 Barbaros,
3388 4602 3483 4654 pa-

1915 4675 2319 4741 triarchamque
2355 4673 2613 4726 laudibus
2665 4689 2727 4727 ac
2785 4676 3142 4729 veneratione
3170 4692 3276 4728 non
3317 4692 3482 4743 parva

1915 4763 2242 4826 adiciebant,
2279 4772 2333 4816 et
2357 4763 2668 4816 Elisabetha
2691 4766 2957 4832 prmcipue
2991 4766 3126 4817 mira
3149 4767 3299 4819 illum
3320 4770 3488 4821 bene-

1916 4853 2152 4908 volentia
2183 4853 2470 4915 tractabat,
2505 4867 2736 4920 seseque
2779 4855 2944 4907 deum
2974 4857 3265 4923 quemdam
3294 4857 3483 4924 hospi-

1919 4943 1994 4996 tio
2019 4942 2291 5010 accepisse
2327 4942 2573 5009 putabat.
2611 4943 2808 4995 Evenit
2832 4953 3035 5006 autem,
3075 4955 3133 4997 ut
3159 4955 3215 4998 et
3247 4946 3359 5014 ipse
3386 4962 3484 5013 pa-

1921 5032 2176 5094 triarcha,
2207 5039 2263 5085 et
2295 5033 2524 5086 comites
2553 5033 2672 5100 ejus
2721 5045 2918 5101 praeter
2940 5050 3144 5102 paucos
3169 5051 3311 5090 szevo
3360 5053 3484 5090 eor—

230 5121 597 5190 ὑποδεδέχθαι
629 5121 942 5185 ξενισθέντα
971 5120 1101 5189 παρ’
1123 5121 1284 5189 αὐτῇ.
1315 5121 1468 5173 nam
1497 5122 1551 5173 δε
1576 5124 1811 5190 συμϐὰν,

1769 5139 1812 5185 ν,
1843 5123 1893 5180 ι)
1921 5125 2058 5190 repti
2088 5123 2277 5175 morbo
2298 5137 2489 5176 mones
2517 5122 2827 5178 interirent.
2858 5123 3099 5178 Ducebat
3133 5127 3178 5178 is
3205 5140 3388 5180 secum
3415 5129 3483 5182 de

227 5214 403 5275 αὐτός
431 5229 496 5265 τε
541 5213 570 5264 ὁ
612 5211 958 5280 πατριάρχης
1002 5209 1372 5264 ἐνεπεπτώκει
1401 5212 1538 5281 νόσῳ
1581 5213 1810 5281 χαλεπῇ,

230 5305 327 5372 ὑφ’
360 5299 430 5374 ἦς
453 5303 550 5355 καὶ
577 5301 916 5369 ἐτελεύτησε,
950 5302 1046 5354 καὶ
1076 5305 1123 5354 oi
1153 5302 1299 5354 ἄλλοι
1326 5303 1375 5354 οἱ
1403 5305 1647 5364 συνόντες
1677 5303 1813 5368 πλὴν

229 5395 462 5461 ὀλίγων.
490 5387 600 5443 Ἦν
629 5391 686 5442 δὲ
724 5392 872 5456 ἄγων
907 5392 1033 5453 τοὺς
1063 5392 1297 5459 μάλιστα
1332 5394 1389 5442 ἐν
1428 5392 1569 5460 λόγῳ
1609 5391 1714 5442 τῶν
1753 5393 1812 5442 ὲν

226 5485 312 5556 τῷ
348 5485 547 5554 κλήρῳ
579 5483 675 5552 τῆς
707 5482 1034 5552 Ἐκκλησίας
1063 5481 1502 5550 κατειλεγμένων
1523 5499 1535 5512 ·
1569 5484 1690 5537 ὅθεν
1717 5485 1812 5536 καὶ

1919 5215 2066 5266 clero
2111 5213 2367 5266 Ecclesiae
2397 5213 2724 5280 primarios:
2773 5214 2918 5269 unde
2964 5215 3104 5268 fama
3151 5232 3246 5284 per
3282 5219 3485 5272 multos

1919 5305 2175 5372 dissipata
2235 5313 2340 5368 est,
2393 5319 2605 5358 veneno
2656 5305 2959 5358 sublatosa
3005 5306 3308 5362 Triballis:
3347 5325 3480 5362 sane

1921 5395 2206 5448 manifesto
2267 5393 2552 5448 mendacio
2601 5405 2764 5460 atque
2825 5395 3116 5449 calumnia.
3160 5397 3278 5449 Non
3329 5398 3480 5451 enim

1919 5486 2094 5537 solum
2124 5483 2382 5539 Craltente
2428 5485 2655 5552 aequitas
2692 5495 2748 5537 et
2803 5485 3144 5552 reverentia,
3183 5486 3362 5542 honor
3419 5502 3484 5542 ac

1482 5622 1697 5684 Jacobi
1740 5623 2000 5696 Ponitani
2031 5630 2215 5683 notae.

308 5752 430 5815 (47)
465 5749 654 5822 Cralis
689 5750 877 5819 utique
929 5750 1064 5819 ﬁlii;
1111 5766 1235 5804 nam
1287 5753 1458 5822 patris
1528 5769 1684 5817 uxor,

238 5841 354 5895 μνη
366 5837 474 5890 μον
483 5820 600 5873 ικδν
632 5820 745 5888 ἁμα
755 5837 851 5890 ρτη
863 5838 934 5889 μα
945 5860 957 5873 .

1763 5753 2021 5821 Stephani
2071 5754 2266 5818 Cralis,
2327 5755 2588 5824 inquam,
2632 5756 2775 5810 dicta
2827 5764 2912 5810 est
2973 5755 3206 5820 Helena;
3258 5754 3362 5810 nisi
3413 5752 3482 5815 sil
