4204 6444
219 396 322 460 369

1375 413 1738 474 HISTORIA
1753 416 1912 476 RUM
1951 419 2179 478 LIBER
2227 423 2316 483 ιν.

3363 425 3467 488 370

215 526 480 580 γιινομενῳ
509 531 566 566 τε
619 516 675 568 ὲν
704 515 1014 585 βασιλείοις,
1046 521 1214 589 ἡδέως
1256 523 1418 591 συνῆν
1450 525 1546 576 καὶ
1591 543 1756 578 συνω-
1788 572 1791 580 ι

1882 527 1986 578 'ana
2007 528 2200 582 crebro
2237 529 2482 584 docendo
2519 541 2573 585 et
2601 531 2872 586 monendo
2903 533 2970 586 ad
3011 531 3286 588 calestem
3316 533 3464 588 illam

217 603 358 668 μὶλει
379 619 393 634 ’
438 606 531 656 καὶ
555 608 717 670 αὐτὸς
749 612 804 662 ἐν
902 613 1139 682 κατῴκει
1172 617 1303 683 μονῇ
1339 619 1620 682 γινόμενος
1649 638 1775 674 συν-

212 693 616 766 διενυκτέρευεν
650 701 816 771 αὐτῷ·
843 701 1198 771 πέμψαςτοὺς
1233 707 1401 771 υἱοὺς,
1441 708 1778 778 Ἀνδρόνικόν

212 801 267 835 τε
282 788 369 837 τὸν
389 787 632 853 βασιλέα,
651 792 842 846 καὶτὸν
858 793 1119 865 δεσπτέτην
1140 795 1392 862 Μανουὴλ
1429 800 1636 852 καὶτῶν
1655 819 1782 863 συγ·

211 877 486 944 κλητικῶν
506 882 626 932 πολ)
639 885 1102 953 οὓς,ὲπανήγαγεν
1121 889 1196 948 εἰς
1212 888 1311 957 τὴν
1328 887 1671 957 Ἐκκλησίαν.
1689 889 1784 942 καὶ

209 970 322 1030 τοῖς
341 974 752 1041 πατριαρχικοῖς
777 974 1018 1042 ἐνίδρυσε
1043 975 1272 1042 Θρόνοιςο
1289 981 1378 1030 καὶ
1391 977 1483 1031 νῦν
1496 974 1580 1031 οἷα
1597 979 1786 1051 λύχνος

211 1058 304 1110 ἐπὶ
321 1059 650 1129 τὴνλυχνίαν
681 1063 882 1128 τεθεὶς,
920 1065 1012 1116 ἐπὶ
1061 1067 1120 1117 τὸ
1146 1067 1398 1135 ἀληθινὸν
1444 1068 1557 1135 φῶς
1577 1069 1672 1140 τὴν
1702 1089 1787 1123 πι-

217 1151 538 1203 στευθεῖσαν
574 1152 899 1223 Ἐκκλησίαν
926 1159 1278 1223 χειραγωγεῖ,
1296 1161 1406 1219 τοῖς
1423 1175 1480 1211 τε
1501 1159 1676 1224 ὑγιέσι
1695 1161 1788 1227 τῆς

215 1239 497 1302 εὐσεϐείας
524 1241 792 1310 δόγμασιν
823 1245 1126 1313 ἐκτρέφων,
1162 1246 1255 1297 καὶ
1294 1248 1541 1299 εύεγτεῖν
1571 1247 1646 1310 ὡς
1683 1249 1788 1318 μά-

212 1324 375 1378 λιστα
416 1328 606 1391 ποιῶν,
636 1330 732 1382 καὶ
762 1333 829 1382 τὰ
861 1331 966 1400 ἤθη
1013 1332 1318 1400 ῥυθμίζων,
1351 1337 1442 1386 καὶ
1483 1336 1557 1398 ῶς
1587 1331 1700 1389 οἶόν
1733 1353 1792 1388 τε

210 1415 314 1482 τῆς
358 1416 577 1485 ἀνιέρου
614 1417 759 1486 ζωῆς
792 1421 1085 1487 ἐπανάγων
1123 1425 1243 1484 ταῖς
1291 1427 1512 1490 συχναῖς
1538 1425 1794 1478 διδασκα-

213 1506 359 1569 λίαις
385 1511 478 1559 καὶ
514 1510 926 1578 παραινέσεσιν.
961 1513 1029 1564 Ἀ
1063 1513 1162 1581 μὲν
1194 1513 1286 1566 οὖν
1325 1515 1797 1582 συμϐέϐηκεῬω-

221 1599 406 1664 μαίοις
443 1601 529 1664 ἐφ’
559 1601 716 1668 ήμῶν
744 1601 801 1654 ἐν
851 1621 907 1655 τε
936 1607 1049 1666 τοῖς
1079 1605 1191 1657 ἄνω
1216 1607 1428 1674 χρόνοις
1481 1607 1643 1672 ἡνίκα
1690 1608 1796 1659 τῶν

223 1687 499 1755 βασιλέων
542 1691 895 1761 Ἀνδρονίκων
924 1695 952 1745 ὁ
988 1695 1123 1764 πρὸς
1149 1697 1412 1765 ἀλλήλους
1435 1699 1658 1768 ἐκινήθη
1693 1700 1794 1751 πό-

216 1780 409 1845 λεμος,
449 1782 546 1832 καὶ
578 1781 805 1851 ὕστερον
833 1787 860 1836 ὁ
898 1785 1102 1854 μεταξὺ
1133 1788 1234 1854 τῆς
1266 1788 1540 1855 βασιλίδος
1562 1790 1787 1857 Ἀννης,

219 1875 316 1926 καὶ
353 1877 814 1946 Καντακουζηνοῦ
847 1879 941 1931 τοῦ
966 1881 1243 1948 ,βασιλέως
1281 1882 1666 1952 ἁνερῤιπίσθη,
1697 1885 1789 1937 καὶ

223 1965 289 2018 τὰ
313 1965 603 2019 τελευταῖα
632 1969 695 2035 δὴ
727 1974 924 2035 ταῦτα,
966 1972 1066 2024 ὅσα
1095 1971 1348 2039 βασιλεὺς
1375 1975 1410 2025 ’ὸ
1456 1976 1573 2038 νέος
1611 1977 1790 2029 Ἰωάν-

225 2073 326 2124 νης
363 2059 502 2122 πρός
529 2075 588 2110 τε
619 2059 711 2111 τὸν
743 2061 998 2127 γυναικὸς
1033 2062 1262 2132 ἀδελφὸν
1307 2065 1588 2120 Ματοαῖον
1617 2067 1790 2135 διηνέ-

225 2147 356 2216 χθη,
391 2151 485 2200 καὶ
519 2148 744 2216 βασιλέα
790 2151 882 2204 τὸν
924 2153 1211 2225 κηδεστὴν,
1243 2156 1469 2210 τοιαῦτά
1512 2159 1649 2212 ἐστι.
1685 2159 1791 2211 Καὶ

225 2239 366 2304 πρὸς
422 2237 576 2289 οὐδὲν
608 2239 715 2291 τῶν
762 2241 1069 2309 εἰρημένων
1119 2242 1242 2296 οὔτε
1278 2245 1413 2312 πρὸς
1467 2245 1626 2314 χάριν
1668 2245 1792 2298 οὔτε

226 2328 370 2397 πρὸς
401 2329 696 2398 ἀπέχθειαν
744 2331 1010 2400 ἐξέϐημεν
1039 2334 1140 2402 τῆς
1169 2335 1427 2402 ἀληθείας
1448 2351 1460 2364 ·
1498 2335 1612 2388 ἀλλ’
1657 2337 1792 2390 αὐτὰ

225 2423 294 2473 τὰ
323 2421 455 2472 ὅντα
490 2423 859 2492 ἱστορήκαμεν
885 2425 1150 2493 ἀκριϐῶς,
1187 2429 1298 2489 τοῖς
1336 2427 1434 2495 μὲν
1467 2428 1620 2480 αὐτοὶ
1654 2444 1792 2496 παρ-

228 2514 380 2574 όντες
441 2513 601 2580 ἡνίκα
651 2518 1156 2585 ἐπραγματεύοντο,
1200 2522 1292 2572 καὶ
1332 2522 1651 2590 μετέχοντες
1688 2522 1796 2572 τῶν

229 2605 609 2672 γιγνομένων·
651 2605 760 2657 τῶν
816 2608 860 2660 δ’
893 2608 1152 2678 αὖτήκοοι
1185 2611 1540 2678 γεγενημένοι
1589 2611 1683 2662 ἀπ’
1707 2611 1800 2663 αύ-

231 2696 340 2747 τῶν
382 2697 492 2748 τῶν
525 2698 923 2767 εἰργασμένων.
967 2699 1027 2752 Εἰ
1057 2701 1113 2752 δέ
1142 2717 1264 2753 τινα
1308 2701 1415 2753 τῶν
1445 2703 1503 2754 ἐν
1553 2703 1799 2772 ἀπορρή-

231 2805 346 2850 τοις
402 2787 841 2856 βεϐουλευμένων
876 2790 1113 2858 μάλιστα
1159 2791 1267 2844 τῶν
1306 2792 1440 2859 πρὸς
1484 2793 1798 2845 Καντακου-

235 2871 400 2940 ζηνὺν
416 2874 507 2925 τὸν
537 2875 757 2943 βασιλέα
775 2876 865 2940 τὸν
887 2878 1122 2945 πόλεμον
1142 2880 1512 2947 κεκινηκότων
1537 2881 1568 2949 ἡ
1589 2879 1798 2950 ἱστορία

237 2965 508 3034 περιέχει,
543 2965 856 3034 Θαυμαστὸν
898 2969 1074 3023 οὐδέν.
1104 2969 1168 3022 Ol
1199 2970 1417 3032 πλείους
1439 2970 1547 3039 γὰρ
1577 2973 1801 3023 ἐκείνων

239 3056 333 3106 καὶ
369 3054 511 3124 μετὰ
536 3055 595 3106 τὸ
620 3056 720 3125 τῆς
756 3058 927 3127 ἀρχῆς
955 3059 1176 3129 ἁπάσης
1213 3061 1418 3112 ἐκεῖνον
1450 3061 1691 3128 ἐγκρατῆ
1715 3075 1803 3126 γε-

1881 618 2200 682 prtwcliens.
2225 620 2354 683 Quae
2378 621 2537 689 igitur
2552 638 2580 674 a
2599 620 2857 675 Romanis
2883 631 3070 674 nostro
3091 636 3206 676 aevo
3226 631 3282 677 et
3304 637 3468 688 supe-

1881 705 2028 761 riore
2055 717 2200 776 gesta
2220 719 2365 775 sunt,
2384 712 2758 779 quandointer
2778 711 3120 766 Andronicos
3155 714 3356 766 bellum
3389 713 3468 766 vi-

1883 799 1992 866 guit
2007 808 2082 858 ,et
2100 808 2282 866 postea
2304 801 2446 855 inter
2475 801 2875 869 imperatricem
2895 802 3105 854 Annam
3126 807 3178 852 et
3195 799 3466 854 Cant-acn-

1886 902 2076 940 zenum
2101 904 2386 944 accensum
2417 898 2500 944 est
2534 908 2546 942 :
2577 897 2632 944 ct
2669 900 2945 957 postremo
2969 905 3090 958 qua:
3111 890 3336 959 juniore
3366 889 3466 942 im-

1887 989 2139 1048 peratore
2187 981 2394 1035 Joanne
2438 983 2506 1036 ab
2537 984 2722 1035 uxoris
2774 981 2940 1035 fratre
2988 990 3045 1034 et
3071 994 3262 1034 socero
3302 979 3461 1032 dissi-

1889 1069 2054 1124 dente
2091 1071 2460 1140 contigerunt,
2515 1075 2627 1127 lucc
2655 1084 2804 1127 sunt.
2851 1071 2963 1125 Nec
2997 1085 3096 1124 nos
3127 1071 3340 1139 uspiam
3373 1070 3458 1122 vel

1899 1161 1964 1212 ad
1997 1160 2251 1228 gratiam,
2286 1162 2367 1214 vel
2398 1161 2463 1213 ad
2495 1162 2679 1215 odium
2711 1163 2914 1216 limites
2931 1161 3177 1216 veritatis
3205 1161 3466 1215 transivi-

1899 1267 2042 1316 mus,
2088 1252 2182 1306 sed
2234 1268 2346 1305 rem
2393 1252 2562 1321 ipsam
2617 1263 2869 1308 accurate
2901 1252 3266 1314 narravimus,
3302 1266 3465 1320 quam

1894 1344 2090 1412 partim
2113 1353 2411 1412 praesentes
2434 1344 2690 1407 vidimus,
2719 1354 2775 1398 ct
2837 1353 2896 1398 ut
2928 1356 3148 1401 actores
3169 1343 3462 1403 sensimus;

1896 1437 2091 1506 partim
2119 1437 2186 1490 ab
2217 1437 2348 1515 ipsis
2378 1437 2472 1505 qui
2511 1437 2759 1492 fecerunt
2785 1438 3126 1506 accepimus.
3164 1436 3304 1502 Quia
3333 1450 3465 1489 vero

1899 1528 2146 1596 qumtlam
2180 1526 2234 1578 in
2267 1536 2477 1580 secreto
2509 1527 2830 1590 deliberata,
2866 1527 3099 1580 maxime
3144 1525 3213 1579 ab
3255 1526 3320 1578 iis
3369 1523 3464 1592 qui

1901 1619 2102 1672 bellum
2135 1617 2395 1672 adversus
2423 1619 2862 1673 Cantacuzenum
2887 1625 3202 1680 texuerunt,
3237 1615 3464 1668 historia

1901 1709 2306 1774 complectitur,
2361 1708 2530 1761 nolim
2597 1708 2649 1760 id
2707 1708 2964 1775 cuiquam
2999 1707 3196 1760 mirum
3251 1705 3463 1768 videri;

1903 1796 2086 1864 plures
2107 1796 2252 1848 enim
2285 1795 2351 1848 de
2381 1796 2508 1859 illis,
2535 1797 2695 1849 etiam
2731 1805 3020 1864 postquam
3057 1796 3102 1848 is
3131 1804 3302 1848 totum
3337 1793 3467 1847 sub-

1893 1887 2101 1955 jugavit
2137 1887 2448 1954 imperium,
2481 1885 2661 1938 adhuc
2687 1886 3011 1953 superstites
3041 1894 3096 1939 et
3126 1885 3243 1953 ejus
3277 1892 3464 1952 postea

1898 1971 2182 2026 beneficiis
2230 1971 2310 2025 usi
2359 1972 2543 2025 omnia
2608 1972 2843 2026 fideliter
2893 1972 3250 2025 retulerunt:
3286 1971 3463 2037 ipsum

1892 2062 2113 2131 quidem
2145 2061 2214 2115 de
2241 2063 2456 2116 excelso
2476 2063 2680 2126 animo,
2716 2073 2767 2116 et
2804 2063 3096 2117 tolerantia
3127 2063 3179 2116 in
3218 2063 3467 2116 adversis

1891 2152 2057 2206 rebus
2076 2152 2454 2222 suspicientes,
2477 2163 2650 2208 semet
2671 2164 2849 2208 autem
2870 2155 3214 2214 miserantes,
3235 2155 3327 2221 qui
3357 2169 3464 2206 non

1893 2243 2067 2296 solum
2088 2251 2356 2296 tantarum
2379 2257 2741 2295 aerumnarum
2763 2250 3010 2296 auctores
3025 2243 3182 2311 911
3209 2243 3467 2296 Romanis

1895 2332 2142 2395 fuissent,
2182 2332 2276 2386 sed
2303 2341 2358 2386 ct
2395 2332 2551 2398 cujus
2594 2333 2760 2387 multa
2783 2343 2892 2386 tum
2919 2334 3242 2400 priu9,.tum
3275 2344 3461 2401 postea

1895 2423 2217 2492 egregiaque
2238 2423 2293 2476 in
2323 2438 2380 2477 se
2410 2422 2604 2476 merita
2638 2423 3035 2484 constitissent.
3057 2423 3128 2488 ei,
3161 2426 3340 2492 magni
3362 2423 3467 2475 du-

1897 2514 1975 2567 cis
2000 2513 2350 2581 (Apocauclil)
2376 2514 2749 2568 molitionibus
2787 2521 2842 2568 et
2878 2513 3088 2567 valritie
3114 2514 3351 2581 decepti,
3389 2523 3467 2568 tot

1902 2603 2246 2658 incommoda
2273 2613 2327 2657 et
2353 2604 2569 2658 labores
2602 2619 2700 2674 per
2721 2613 3025 2658 extremam
3051 2603 3457 2672 improbitatem

1900 2694 2268 2763 peperissent.
2295 2693 2606 2748 Clarissime
2628 2705 2806 2748 autem
2843 2709 2950 2747 non
2985 2708 3156 2762 pauca
3186 2693 3343 2746 nobis
3371 2707 3469 2744 ex-

1900 2791 2204 2853 posuerunt
2237 2784 2474 2838 Joannes
2493 2791 2548 2837 et
2578 2783 2917 2852 Nicepliorus
2944 2783 3123 2852 magni
3150 2783 3308 2836 ducis
3343 2782 3460 2844 lilii,

1901 2886 2086 2945 utpote
2111 2891 2218 2944 prae
2235 2876 2356 2930 aliis
2382 2889 2706 2930 arcanorum
2739 2876 2973 2944 amplius
2996 2875 3223 2928 conscii.
3256 2875 3466 2928 Praece-

1903 2979 2052 3037 ptum
2080 2968 2261 3035 itaque
2295 2976 2465 3030 tuum,
2487 2965 2558 3018 mi
2587 2965 2723 3030 Nile,
2746 2980 2844 3034 pro
2866 2974 3051 3018 nostra
3079 2963 3334 3017 facultate
3369 2965 3471 3015 im-

1904 3058 2185 3127 plevimus.
2221 3055 2342 3110 Tibi
2367 3056 2578 3109 licitum
2609 3063 2692 3108 est
2743 3055 2942 3122 scripta
2994 3052 3273 3121 relegenti,
3299 3053 3470 3105 vitas.

239 3145 430 3196 νέσθαι
450 3145 529 3197 ἔτι
555 3147 855 3215 περιόντες,
882 3148 973 3200 καὶ
1003 3149 1200 3216 πολλῆς
1226 3149 1478 3218 προνοίας
1505 3148 1791 3201 ἀπολελαυ-

1906 3162 2012 3217 que
2035 3156 2089 3202 et
2111 3147 2350 3202 actiones
2377 3153 2432 3200 et
2458 3146 2710 3201 universe
2742 3159 2921 3198 mores
2953 3143 3234 3197 hominum
3270 3158 3473 3211 expen-

243 3234 398 3296 κότες
449 3236 583 3304 παρ’
618 3235 767 3304 αύτῷ
819 3236 994 3289 πάντα
1024 3237 1268 3306 ἀκριϐῶς
1322 3235 1563 3300 ἐξεῖπον,
1600 3235 1791 3288 ἐκεῖνοι

1907 3238 2052 3292 denti
2087 3239 2283 3291 horum
2341 3237 2561 3306 quidem
2614 3235 3132 3305 magnanimitatem,
3182 3241 3238 3287 et
3267 3233 3320 3286 in
3349 3248 3472 3286 om-

248 3327 344 3392 μὲν
374 3327 476 3394 τῆς
503 3327 911 3396 μεγαλοψυχίας
944 3326 1339 3396 θαυμάζοντες,
1365 3326 1460 3378 καὶ
1491 3326 1592 3393 τῆς
1614 3342 1791 3395 καρτε·

1906 3329 2072 3383 nibus
2094 3337 2184 3381 aut
2204 3326 2458 3396 plurimis
2479 3325 2638 3379 factis
2663 3324 3048 3394 praestantibus
3063 3323 3304 3378 studium
3321 3338 3476 3377 com-

247 3416 366 3482 ρίας
391 3417 493 3485 τῆς
523 3417 660 3486 πρὸς
690 3418 756 3470 fit
784 3415 951 3482 δεινὰ,
980 3418 1204 3481 ἑαυτοὺς
1233 3417 1290 3470 δὲ
1316 3415 1696 3486 οἰκτείροντες,
1725 3417 1791 3469 ὅτ

1911 3417 2176 3474 mendare
2208 3433 2223 3470 :
2261 3418 2482 3470 illorum
2540 3415 2895 3470 veteratorias
2926 3424 3091 3479 artes,
3126 3414 3327 3483 quibus
3362 3427 3474 3466 non

250 3509 321 3579 μὴ
357 3511 522 3577 μόνον
556 3509 822 3561 τοσούτων
852 3508 1013 3562 αἴτιοι
1044 3509 1299 3576 γεγόνασι
1350 3506 1640 3575 Ῥωμαίοις
1665 3523 1791 3576 συμ-

1902 3509 2027 3564 aliis
2062 3507 2453 3571 tantummodo,
2488 3507 2583 3561 sed
2602 3507 2767 3562 etiam
2789 3505 3155 3574 sibimetipsis
3173 3502 3475 3558 detrimen-

249 3600 463 3668 ςορῶν,
499 3600 632 3652 ἀλλὰ
657 3601 749 3652 καὶ
770 3593 830 3652 οὗ
861 3600 1071 3654 πολλῶν
1095 3606 1189 3654 καὶ
1219 3599 1506 3668 πρότερον,
1532 3599 1626 3651 καὶ
1653 3597 1791 3650 ὓστε-

1901 3596 2158 3651 tosissimi
2180 3595 2517 3659 exstiterunt,
2541 3594 2670 3648 odio
2694 3602 2748 3648 et
2764 3594 3162 3662 vituperatione
3192 3591 3470 3662 prosequi.

253 3709 342 3762 ρον
372 3693 470 3745 καὶ⁵
507 3693 780 3761 μεγάλων,
823 3694 917 3746 καὶ
957 3692 1273 3762 θαυμασίων
1308 3690 1637 3759 εὐεργεσιῶν
1672 3687 2103 3749 ἀπολελαύκασι,
2169 3686 2347 3756 τούτῳ
2413 3687 2534 3747 ταῖς
2605 3685 2844 3754 μεγάλου
2869 3685 3058 3746 δουκὸς
3093 3683 3468 3751 άπατηῢέντες

255 3787 532 3853 μηχαναῖς
564 3790 657 3838 καὶ
723 3785 1106 3853 πανουργίαις,
1145 3784 1356 3837 πολλῶν
1395 3782 1656 3852 ὤφθησαν
1718 3786 1880 3835 αἴτιοι
1917 3779 2274 3849 γεγενημένοι
2318 3777 2615 3847 δυσχερῶν,
2651 3779 2746 3830 καὶ
2797 3777 2866 3830 τὰ
2917 3775 3115 3846 ἔσχατα
3157 3776 3479 3846 ἠγνωμονήο

255 3891 403 3930 κασι.
441 3875 690 3928 Μάλιστα
729 3875 783 3928 δὲ
819 3875 1161 3944 ἀπήγγειλαν
1189 3874 1502 3941 σαφέστατα
1561 3872 1815 3941 Ἰωάννης
1847 3871 1946 3924 καὶ
1979 3871 2292 3940 Νικηφόρος
2346 3870 2397 3922 οἰ
2469 3869 2708 3938 μεγάλου
2778 3869 2970 3931 δουκὸς
3001 3869 3244 3937 ἀδελφοὶ,
3286 3862 3374 3920 οἶα
3411 3868 3476 3938 δὴ

253 3965 361 4018 τῶν
386 3965 567 4020 ἄλλων
601 3965 801 4033 μᾶλλον
844 3965 1149 4026 συνειδότες
1211 3964 1282 4017 τὰ
1347 3964 1635 4035 ἀπόρρητα
1672 3961 1882 4032 ἐκείνῳ.
1918 3961 1992 4015 Τὸ
2049 3960 2148 4031 μὲν
2198 3959 2290 4014 οὖν
2326 3961 2609 4030 ἐπίταγμα
2638 3961 2699 4012 τὸ
2735 3959 2854 4023 σὺν,
2885 3953 2931 4012 ὦ
2982 3959 3117 4014 καλὲ
3174 3960 3355 4022 Νεῖλε,
3396 3961 3478 4022 εἰς

251 4056 488 4126 δύναμιν
511 4057 646 4126 ἡμῖν
672 4056 1070 4110 ἐκτετέλεσται.
1131 4057 1223 4109 Σοὶ
1249 4055 1295 4110 δ’
1319 4056 1499 4119 ἔξεστι
1524 4055 1591 4107 τά
1651 4054 2016 4125 γεγραμμένα
2053 4053 2402 4122 άναλέγοντι,
2451 4055 2551 4108 καὶ
2615 4053 2765 4122 βίους
2802 4051 3145 4117 ἐξετάζοντι,
3194 4053 3290 4106 καὶ
3335 4053 3479 4121 πράο

256 4151 386 4216 ξεις,
426 4152 520 4204 καὶ
553 4153 613 4204 τὸ
649 4151 868 4222 σύμπαν
905 4148 1036 4222 ἦθος
1077 4153 1185 4204 τῶν
1217 4152 1540 4221 ἀνθρώπων,
1607 4150 1713 4202 τῶν
1751 4151 1847 4218 μὲν
1884 4151 1983 4220 τὴν
2027 4146 2434 4220 μεγαλοψυχίαν
2461 4150 2728 4214 ἐπαινεῖν,
2765 4149 2861 4203 καὶ
2889 4148 2988 4220 τὴν
3024 4151 3082 4202 ἐν
3114 4149 3320 4203 ἅπασιν
3353 4148 3384 4218 ἢ
3419 4151 3479 4202 ἐν

256 4247 537 4309 πλείστοις
571 4248 754 4316 ἔργοις
776 4247 1002 4315 ἀγαθοῖς
1027 4246 1362 4316 φιλοτιμίαν,
1397 4247 1506 4298 τῶν
1537 4247 1594 4300 δὲ
1628 4248 1809 4314 μισεῖν
1846 4247 1945 4316 τὴν
1979 4245 2333 4314 πανουργίαν,
2397 4244 2474 4307 ῶς
2537 4245 2746 4308 οὑιτοῖς
2774 4244 2954 4308 ἄλλοις
2998 4247 3183 4314 μόνον,
3218 4244 3354 4298 ἀλλὰ
3387 4246 3479 4297 καὶ

258 4341 446 4408 σφίσιν
477 4338 662 4403 αὐτοῖς
688 4339 898 4393 πολλῶν
933 4340 1120 4394 κακῶν
1148 4339 1330 4392 αἰτίαν
1365 4339 1688 4408 γενομένην.

971 4518 1255 4595 Explicit
1298 4518 1563 4579 Joannis
1617 4517 2032 4579 Cantacuzcni
2080 4515 2366 4576 Historia
2401 4516 2769 4593 Byzantina.
