4204 6444
283 421 389 482 373

1227 426 1521 486 CONTRA
1569 429 2058 489 ΜΑΠΟΜΕΤΕΜ
2097 426 2473 487 ΑΡΟιΟΟΙΑ
2515 425 2561 485 Ῐ.

3413 421 3518 482 374

274 533 393 598 μὲν
419 530 530 597 τῆς
563 531 861 598 ἀληθείας
889 533 954 586 τὸ
989 533 1235 602 ψεῦδος.
1272 537 1370 589 ἐπὶ
1397 538 1467 590 τιί
1490 539 1742 604 πρότερα
1781 538 1850 590 δὲ
1881 549 1922 599 Α

1881 549 1922 599 Α
1955 539 2160 605 scriptis
2188 551 2469 606 opponere,
2494 534 2700 587 dicendi
2729 540 2900 585 tamen
2931 530 3181 601 facultate
3220 529 3515 592 destitutus,

275 622 464 674 πάλιν
489 623 816 675 ἐπανιέναι.
838 623 890 674 Ὀ
916 623 984 676 δὲ
1004 626 1192 679 καίτοι
1218 627 1450 693 σφόδρα
1467 627 1847 692 βουλόμενος

273 712 782 780 ἀντικαταστῆναι
812 714 935 778 τοῖς
958 713 1318 781 γράμμασιν,
1351 717 1480 768 ἐπεὶ
1507 718 1592 784 μὴ
1623 718 1718 770 καὶ
1740 719 1848 771 δύ-

275 819 454 870 ναμις
494 804 597 855 τοῦ
653 805 856 868 λέγειν
884 804 1044 868 αὐτῷ
1075 807 1334 873 προσῆν,
1376 809 1727 874 προστρέχει
1769 806 1848 870 τῷ

266 894 542 956 ,ϐασιλεῇ
579 894 674 947 καὶ
707 894 776 946 τὰ
812 895 1120 962 γράμματα
1145 895 1443 957 δείκνυσι,
1479 897 1574 950 καὶ
1607 915 1847 966 συμμα-

279 987 417 1049 κπίιν
461 985 575 1049 τὴν
610 986 968 1052 γιγνομένην
991 987 1231 1038 ἀπαιτεῖ
1261 989 1399 1053 παρ’
1432 989 1640 1042 αὑτοῦ.
1707 993 1750 1040 0
1779 989 1846 1040 δὲ

277 1076 382 1138 τῆς
414 1074 816 1140 προαιρέσεως
846 1073 952 1125 τὸν
983 1075 1172 1141 ἀνδρα
1201 1076 1673 1142 ἀποδεξάμενος,
1707 1094 1846 1129 κατ-

270 1166 522 1225 εδέξατο
547 1166 654 1216 τὸν
674 1163 898 1230 ἀγῶνα,
931 1168 1027 1217 καὶ
1065 1169 1332 1231 Μελετίῳ
1359 1169 1456 1220 καὶ
1489 1168 1562 1233 τῇ
1591 1170 1845 1234 ἀληθείῃ

270 1255 521 1314 δανείζει
557 1256 670 1322 τὴν
699 1255 988 1323 γλῶτταν.
1027 1256 1094 1308 '0
1132 1257 1200 1309 δὲ
1223 1260 1404 1325 λόγος
1434 1260 1710 1327 ἀφορμὴν
1738 1265 1845 1313 λα-

270 1345 391 1397 ϐὼν
423 1346 538 1411 τὴν
573 1345 682 1411 τῆς
711 1345 1037 1412 ἐπιστολῆς
1071 1349 1446 1414 ἀνασκευὴν,
1485 1350 1664 1417 χωρεῖ
1696 1353 1846 1404 κατὰ

270 1437 382 1504 τῆς
411 1435 530 1488 τῶν
557 1436 918 1502 Σιιρακηνῶν
939 1437 1244 1504 αἱρέσεως,
1277 1440 1611 1492 ἐπεκδικῶν
1632 1441 1749 1507 μὲν
1773 1440 1846 1492 τὰ

271 1524 663 1592 Χριστιανῶν,
708 1527 1089 1593 κατατρέχων
1111 1527 1182 1578 δὲ
1212 1527 1319 1593 τῆς
1349 1529 1466 1581 τῶν
1485 1529 1845 1596 Συρακηνῶν

269 1615 558 1679 αἱρέσεως
596 1614 715 1669 ἀπὸ
754 1616 972 1682 μέρους
1001 1617 1070 1668 ἐν
1106 1620 1313 1685 λόγοις
1338 1619 1451 1684 ἤδη
1485 1623 1840 1685 τέσσαρσιν,

269 1706 692 1759 ἀνακόλουθον
741 1706 935 1772 αὐτὴν
977 1708 1129 1772 πρός
1158 1725 1223 1761 τε
1274 1711 1389 1775 τὴν
1428 1710 1716 1774 ἀλήθειαν
1745 1713 1841 1764 καὶ

271 1795 425 1862 πρὸς
453 1797 680 1863 ἑαυτὴν
701 1797 1084 1862 ἀποδεικνὺς,
1109 1799 1190 1863 ὠς
1204 1800 1360 1866 μηδὲ
1381 1800 1564 1866 ἑαυτῇ
1595 1801 1843 1868 συμϐαι-

1952 629 2019 680 ad
2054 630 2424 696 imperatorem
2455 624 2708 693 confugit,
2739 623 2821 675 cui
2862 621 3066 674 litteras
3091 622 3261 688 offert,
3291 629 3340 673 et
3366 620 3522 671 auxi-

1952 717 2077 770 lium
2101 718 2151 768 in
2179 716 2472 768 imminenti
2501 714 2890 766 concertatione
2911 713 2974 763 ab
3002 711 3093 762 illo
3125 710 3377 779 postulat.
3409 707 3522 761 lm-

1949 818 2164 876 ρει-αισι·
2205 810 2384 876 itaque
2432 823 2548 858 cum
2611 807 2707 858 viri
2751 807 3051 857 institutum
3105 803 3516 870 approbavisset,

1949 906 2213 948 certamen
2256 895 2566 964 suscipiens,
2617 893 2828 946 Meletio
2871 891 3030 945 simul
3082 899 3130 944 et
3177 892 3387 943 veritati
3417 891 3521 943 lin-

1947 1001 2102 1054 guam
2138 1001 2229 1036 ceu
2264 993 2443 1037 mutuo
2467 986 2580 1036 dat.
2615 981 2802 1036 Oratio
2827 992 3024 1044 autem,
3055 982 3204 1049 cujus
3242 995 3522 1047 argumen-

1949 1084 2058 1126 tum
2089 1081 2224 1134 erat,
2257 1073 2530 1140 epistolam
2577 1072 2726 1139 cujus
2773 1085 2936 1136 supra
2981 1071 3310 1120 meminimus
3349 1067 3519 1118 revin-

1946 1181 2089 1227 cere,
2151 1172 2334 1216 eontra
2405 1163 2796 1215 Saracenorum
2863 1160 3098 1213 hatresim
3164 1157 3517 1226 progreditur,

1946 1255 2222 1322 defendens
2246 1252 2453 1322 quidem
2479 1249 2897 1304 Christianorum
2920 1254 3190 1317 dogmata,
3215 1247 3376 1298 obiter
3398 1262 3518 1299 vero

1946 1345 2183 1413 singulas
2211 1343 2541 1398 Saracenicaz
2561 1341 2773 1394 hwresis
2805 1348 2980 1407 partes
3024 1354 3332 1407 percurrens
3363 1355 3380 1390 :
3408 1349 3517 1390 tum

1945 1443 2173 1501 quatuor
2206 1431 2533 1486 sermonibus
2579 1431 2824 1494 ostendit,
2857 1413 3122 1482 hanc'nec
3173 1429 3378 1482 veritati
3426 1445 3518 1480 nec

1944 1526 2042 1577 sibi
2087 1525 2188 1593 ipsi
2239 1540 2346 1577 esse
2399 1533 2828 1584 consentaneum,
2877 1530 3055 1588 utpote
3098 1537 3213 1587 qua!
3259 1522 3368 1584 ipsa
3422 1521 3519 1572 sibi

1946 1613 2124 1666 multis
2147 1616 2202 1666 in
2229 1613 2354 1668 locis
2379 1630 2480 1666 non
2505 1615 2634 1667 satis
2659 1612 2954 1664 conveniat.
2987 1609 3136 1672 Quod
3156 1619 3332 1661 autem
3358 1609 3517 1661 Mos-‘s

1945 1703 2123 1766 simul,
2152 1706 2525 1772 prophetarum
2549 1712 2597 1754 et
2621 1699 2894 1768 Evangelii
2923 1699 3234 1752 testimoniis
3257 1697 3516 1751 Christia-

1947 1809 2030 1846 nas
2060 1794 2324 1861 religionis
2371 1793 2677 1861 mysterium
2708 1790 3057 1848 demonstrat.
3091 1789 3292 1841 nemini
3325 1790 3515 1841 mirum

271 1900 402 1934 νειν
423 1883 635 1950 ἱκανῶς
652 1888 936 1952 ἔχουσαν.
952 1889 1018 1940 El
1033 1887 1100 1938 δὲ
1112 1888 1206 1939 καὶ
1223 1889 1291 1940 ἐκ
1310 1888 1427 1940 τῶν
1443 1889 1544 1942 τοῦ
1564 1866 1842 1955 Μωσέως,
1877 1866 1918 1923 Β

1877 1866 1918 1923 Β
1947 1883 2203 1947 videatur,
2257 1900 2373 1938 cum
2411 1895 2462 1938 et
2516 1889 2645 1954 ipsis
2695 1887 2980 1942 Saracenis
3022 1903 3118 1955 pro
3168 1888 3513 1940 sacrosanctis

273 1978 367 2026 καὶ
393 1975 512 2027 τῶν
525 1975 866 2044 προφητῶν,
880 1978 1096 2030 καὶτοῦ
1113 1979 1268 2046 Εὺαγ
1281 1979 1482 2046 τελίου
1497 1982 1558 2031 τὸ
1576 1981 1681 2033 τοῦ
1704 1983 1840 2048 Χρι-

272 2067 638 2136 στιανισμοῦ
669 2069 1002 2134 μυστήριον
1031 2068 1425 2124 ἀποδείκνυσι
1447 2113 1460 2134 ,
1497 2074 1844 2140 θαυμαστὸν

270 2158 474 2210 οὐδέν.
564 2161 621 2209 at
664 2160 772 2224 γὰρ
793 2161 888 2211 καὶ
922 2159 1045 2223 τοῖς
1073 2163 1438 2228 Σαρακηνοῑς
1461 2163 1622 2228 ἱερόν
1660 2178 1711 2214 τι
1741 2163 1840 2216 δο-

270 2247 367 2297 κεῖ
420 2246 519 2298 καὶ
585 2245 745 2299 θεῖον
806 2245 877 2298 τὰ
922 2249 1081 2312 παρὰ
1127 2250 1232 2302 τοῦ
1275 2251 1534 2316 Μωσέως
1578 2253 1676 2305 καὶ
1725 2252 1842 2306 τῶν

268 2335 594 2403 προφητῶν
614 2338 708 2389 καὶ
738 2339 842 2391 τοῦ
866 2341 1238 2407 Eiram-adlati
1255 2342 1567 2410 λεγόμενα.
1608 2346 1690 2396 Οὐ
1713 2343 1842 2412 μὴν

267 2427 406 2478 ἀλλ’
443 2427 596 2480 αὐτὰ
639 2429 824 2481 ταῦτα
859 2431 954 2482 καὶ
999 2432 1149 2483 κατὰ
1212 2431 1518 2486 Ἰουδαίων
1545 2434 1701 2486 εἴποι
1750 2451 1840 2500 τις

266 2515 366 2576 ἂν,
416 2518 512 2569 καὶ
541 2520 796 2584 εὲκότως.
834 2521 1204 2586 Σιιραχηνοῖς
1239 2524 1346 2590 τὰρ
1393 2525 1488 2576 καὶ
1531 2525 1840 2590 Ἰουδαίοις

267 2609 381 2660 οὐκ
422 2608 596 2674 ὀλίγα
633 2610 824 2671 κοινὰ,
853 2610 1149 2676 μοναρχιά
1192 2627 1258 2663 τε
1305 2613 1410 2678 γὰρ
1457 2612 1738 2677 ὡσαύτως
1772 2613 1840 2665 ἐν

268 2697 644 2764 ἀμροτὲροις,
681 2698 773 2750 καὶ
822 2699 1165 2766 πολυγαμία
1208 2700 1274 2751 τὸ
1323 2698 1833 2768 σπουδαζόμενον,

268 2788 545 2853 laps-iur
573 2805 635 2840 τε
660 2786 848 2854 κρεῶν
880 2788 1101 2856 ἀποχὴ,
1134 2789 1228 2842 καὶ
1251 2790 1378 2856 μὴν
1404 2791 1500 2844 καὶ
1529 2791 1833 2858 περιτομὴ,

267 2875 366 2928 καὶ
395 2877 643 2939 ,ϐιϐλίου
675 2877 743 2929 δὲ
770 2878 1147 2932 ἀποστασίου
1164 2879 1564 2946 ⁸βουλομένοις
1610 2881 1837 2934 διδόναι

265 2967 396 3032 ταῖς
437 2967 666 3021 ἑαυτῶν
703 2969 980 3038 γυναιξὶν
1018 2969 1259 3038 ἐφεῖται.
1300 2972 1411 3024 Kal
1425 2989 1587 3037 τινος
1611 2975 1838 3031 ἀποθα-

266 3062 486 3124 νόντος
514 3061 636 3115 εἴτε
657 3062 728 3114 ἐν
754 3062 986 3125 τούτοις
1008 3061 1128 3113 εἴτε
1149 3062 1218 3115 ἐν
1241 3063 1516 3127 ἐκείνοις,
1545 3063 1658 3129 τὴν
1682 3065 1835 3118 ἐκεί-

267 3167 377 3204 νου
402 3151 658 3218 γυναῖκα
689 3154 720 3205 ό
746 3151 1011 3219 ἀδελφὸς
1041 3152 1264 3221 ἄγεται.
1300 3154 1411 3208 Καὶ
1440 3153 1594 3218 ὅλως
1629 3156 1739 3207 οὐκ
1760 3155 1836 3208 ἅν

266 3258 355 3306 τις
377 3242 650 3310 ἁμάρτοι,
676 3243 1032 3312 ιουδαϊσμὸν
1061 3244 1380 3312 πλημμελῆ
1413 3247 1518 3298 τὸν
1543 3247 1642 3299 τοῦ
1668 3246 1834 3300 Maid-

263 3339 373 3400 μεθ
423 3336 614 3402 νόμον
659 3337 1020 3402 προσειπών.
1081 3337 1269 3406 Ταύτῃ
1318 3353 1406 3389 τοι
1443 3338 1539 3390 καὶ
1594 3341 1624 3390 ό
1677 3337 1834 3404 θεῖος

281 3426 569 3492 Ἰωάννης
598 3427 666 3478 ἐν
696 3425 769 3493 τῇ
794 3428 1178 3493 ἀποκαλύψει
1208 3429 1339 3494 περὶ
1375 3427 1482 3480 τοῦ
1511 3430 1698 3496 νόμου
1733 3430 1832 3482 καὶ

267 3517 371 3570 τοῦ
398 3517 617 3580 ἔθνους
649 3519 862 3572 τούτου
903 3522 1382 3588 προσαγορεύων,
1415 3519 1618 3589 ὥσπερ
1648 3526 1831 3575 aliat-

267 3613 518 3676 τὸμενος
561 3612 632 3664 τὰ
657 3613 725 3662 ἐν
761 3611 1065 3678 ἑκατέροις
1095 3613 1286 3674 κοινὰ,
1321 3612 1497 3680 φησι,
1537 3612 1836 3680 Λέγουσιν

1944 1975 2256 2040 habeantur,
2301 1993 2418 2045 qua:
2448 1997 2478 2032 a
2519 1977 2678 2040 Mose,
2711 1981 2973 2049 praphetis
3004 1989 3051 2031 et
3085 1977 3360 2048 Evangelii
3386 1981 3516 2030 scri-

1943 2066 2174 2131 ptoribus
2212 2068 2353 2121 dicta
2382 2077 2524 2123 sunt.
2572 2069 2937 2122 Verumtamen
2965 2070 3144 2122 eadem
3186 2072 3292 2122 haec
3329 2079 3514 2121 contra

1941 2154 2152 2210 Iudicas
2187 2159 2366 2211 induci
2396 2168 2632 2228 possunt,
2675 2161 2827 2229 idque
2851 2177 2956 2213 non
2994 2161 3106 2213 sine
3141 2161 3373 2222 ratione;
3411 2158 3514 2213 Sa-

1943 2249 2145 2302 racenis
2173 2250 2312 2301 enim
2347 2265 2450 2302 non
2482 2267 2652 2318 pauca
2681 2259 2801 2306 sunt
2829 2267 2946 2303 cum
2968 2250 3169 2303 Judwis
3193 2253 3509 2302 communia.

1941 2337 2142 2391 Eadem
2167 2341 2304 2392 enim
2327 2340 2467 2408 apud
2495 2349 2742 2409 utros-,ue
2769 2342 3086 2394 monarchia'
3128 2341 3332 2410 politia.
3378 2343 3512 2395 idem

1941 2429 2258 2499 polygamiaa
2278 2431 2531 2494 studium,
2563 2431 2744 2482 eadem
2767 2429 2940 2483 suilla:
2964 2431 3139 2482 carnis
3163 2431 3508 2493 abstinentia,

1941 2521 2181 2591 idemque
2212 2523 2618 2575 circumcisionis
2670 2523 2900 2590 signum.
2946 2522 3145 2575 Eodem
3190 2524 3348 2576 etiam
3384 2524 3512 2592 jure

1939 2613 2081 2680 apud
2119 2622 2366 2681 utrosque
2397 2614 2603 2681 repudii
2651 2611 2885 2666 libellum
2937 2613 3167 2681 propriis
3223 2613 3340 2666 licet
3383 2616 3512 2666 dare

1938 2703 2187 2757 uxoribus
2219 2718 2236 2756 :
2271 2713 2320 2756 et
2350 2704 2527 2773 aliquo
2565 2702 2646 2756 vel
2670 2705 2856 2756 horum
2882 2703 2960 2756 vel
2998 2703 3211 2756 illorum
3245 2703 3508 2772 defuncto,

1939 2795 2208 2864 conjugem
2233 2793 2375 2847 illius
2405 2794 2573 2862 frater
2602 2793 2790 2844 ducere
2826 2791 2981 2844 solet.
3027 2789 3149 2853 Sed,
3183 2799 3239 2842 ut
3271 2806 3510 2842 summa-

1940 2887 2033 2939 tim
2068 2886 2262 2950 dicam,
2313 2902 2416 2938 non
2459 2885 2716 2937 erravisse
2755 2885 2884 2936 mihi
2925 2883 3188 2952 quispiam
3229 2882 3512 2945 videbitur,

1936 2976 1985 3029 si
2029 2974 2349 3028 Mahometis
2409 2974 2575 3044 legem
2629 2973 2902 3042 confusura
2951 2982 3351 3041 corruptumque
3408 2971 3511 3024 Ju-

1938 3066 2198 3118 daismum
2239 3065 2450 3117 dixerit.
2485 3061 2816 3132 Quapmpter
2860 3072 2908 3117 et
2974 3063 3124 3116 divus
3167 3059 3399 3115 Joannes
3447 3063 3505 3115 in

1938 3155 2252 3224 Apocalypsi
2293 3155 2356 3207 de
2403 3153 2511 3224 lege
2544 3163 2593 3206 et
2628 3162 2778 3222 gente
2806 3154 2903 3206 hac
2932 3154 3206 3215 disserens,
3239 3153 3323 3206 ubi
3357 3155 3508 3221 quasi

1940 3263 2033 3317 per
2079 3248 2362 3316 aenigmata
2406 3247 2712 3316 perstringit
2767 3261 2882 3314 quae
2929 3248 3162 3314 utrisque
3213 3249 3509 3300 communia

1938 3349 2081 3404 sunt,
2116 3341 2283 3409 inquit
2318 3355 2336 3393 :
2369 3339 2559 3392 Dicunt
2596 3353 2651 3392 se
2678 3338 2892 3391 Indicos
2923 3353 3052 3400 esse,
3087 3345 3136 3389 et
3170 3352 3274 3389 non
3318 3347 3439 3390 sunt
3467 3338 3506 3390 '.

1940 3435 2083 3488 Adeo
2129 3441 2184 3484 ut
2225 3431 2437 3484 absurdi
2465 3429 2595 3483 nihil
2637 3429 2814 3498 fuerit,
2859 3429 2907 3480 si
2935 3428 3218 3480 communis
3249 3435 3297 3480 et
3325 3427 3507 3480 eadem

1940 3539 2056 3577 cum
2090 3521 2197 3576 illis
2229 3523 2544 3575 concertatio
2577 3521 2666 3586 sit,
2697 3520 2786 3589 qui
2825 3533 2984 3586 quam
3021 3518 3251 3588 plurima
3287 3518 3425 3571 inter
3453 3533 3508 3571 se

1940 3615 2236 3666 communia
2275 3613 2571 3667 observant.

267 3702 520 3766 ἑαυτοὺς
548 3704 873 3769 Ἰουδαίους
895 3700 1067 3770 εἶναι,
1105 3707 1203 3758 καὶ
1262 3706 1372 3759 οὐκ
1422 3706 1604 3760 εἰσιν.
1634 3705 1815 3759 Ὥστε
1869 3705 2052 3760 οὐδὲν
2093 3707 2347 3772 ἄτοπον,
2386 3708 2452 3768 ,ει
2495 3703 2713 3761 κοινῶν
2757 3706 2946 3761 ὄντων
2988 3703 3192 3768 αὐτοῖς
3240 3699 3506 3765 πολλῶν,

266 3795 440 3860 κοινή
480 3812 574 3861 τις
606 3797 676 3850 ἐν
707 3795 872 3866 μέρει
905 3796 1004 3851 καὶ
1038 3797 1076 3866 ἡ
1103 3795 1254 3865 πρὸς
1287 3797 1513 3863 αὐτοὺς
1541 3797 1729 3866 πάλη.

272 3994 382 4048 τοῦ
432 3992 923 4060 Μουσουλμάνου
973 3990 1328 4060 Σαμψατινῆ
1385 3991 1673 4061 Σφαχανῆ
1725 3993 1831 4048 τοῦ

457 4085 717 4151 Πέρσου,
737 4084 886 4151 πρὸς
911 4083 1014 4137 τὸν
1037 4083 1639 4152 μοναχὸνΜελέτιον.

333 4181 442 4242 Εἲς
488 4177 555 4228 τὸ
593 4174 780 4243 ὄνομα
832 4173 940 4228 τοῦ
1003 4175 1152 4229 Θεοῦ
1198 4175 1306 4230 τοῦ
1367 4176 1699 4246 ἐλεήμονος
1733 4177 1833 4230 καὶ

266 4266 606 4332 ἐλεοῦντος.

345 4359 601 4426 Ἀδελφὲ
643 4355 1012 4426 ἠταπημένε,
1043 4357 1255 4426 ὑγείαν
1301 4358 1400 4412 καὶ
1443 4360 1693 4413 ἔπαινον
1734 4361 1834 4414 καὶ

266 4449 460 4516 εὐχὴν
493 4447 595 4515 ἀφ’
617 4446 784 4515 ἡμῶν
801 4444 922 4498 τῶν
945 4446 1242 4500 ταπεινῶν
1271 4448 1390 4501 τῶν
1416 4440 1692 4516 ἀδελφῶν
1716 4465 1833 4504 σου

271 4540 339 4592 ra
359 4540 632 4602 δέξεσαι.
657 4536 758 4591 καὶ
784 4537 902 4604 τὴν
921 4540 1217 4607 εὐθυμίαν
1246 4537 1324 4605 ἢν
1353 4539 1572 4607 ἔχομεν
1591 4541 1740 4607 πρὸς
1759 4535 1835 4595 σὲ

267 4634 339 4684 νὰ
371 4630 719 4696 καταλάϐῃς
747 4629 971 4692 ἔξωθεν
997 4627 1107 4696 τῆς
1135 4628 1382 4699 γραφῆς.
1413 4633 1502 4685 Νὰ
1537 4633 1835 4701 γνωρίσῃς

2069 3994 2443 4050 Musulmanus
2474 3993 2778 4063 Sampsates
2813 3991 3163 4063 Isphachanes
3195 3990 3378 4055 Persa,

2467 4088 2717 4141 monacho
2756 4085 2980 4140 Meletio.

2017 4178 2082 4233 In
2112 4181 2320 4234 nomine
2355 4179 2446 4234 Dei
2472 4178 2825 4233 misericordis
2855 4187 2903 4229 et
2937 4177 3374 4229 commiserantis.

2013 4365 2198 4420 Frater
2231 4365 2438 4428 dilecte,
2493 4362 2718 4418 salutem
2756 4369 2805 4417 et
2850 4361 3065 4414 laudem
3101 4368 3150 4413 et
3180 4361 3507 4414 intercessio-

1942 4478 2056 4515 nem
2105 4479 2137 4515 a
2177 4461 2321 4514 nobis
2363 4459 2614 4528 fratribus
2644 4458 2744 4510 tuis
2767 4455 3072 4509 humillimis
3103 4455 3351 4522 suscipito
3391 4470 3408 4506 :
3453 4463 3508 4508 at

1942 4552 2106 4606 animi
2137 4551 2303 4604 nostri
2333 4547 2763 4610 benevolentiam,
2797 4562 2901 4614 qua
2937 4547 2992 4597 in
3028 4553 3076 4596 te
3107 4545 3276 4613 aﬂ'eeti
3303 4559 3506 4607 sumus,

1939 4644 2098 4697 etiam
2133 4642 2246 4696 sine
2273 4641 2478 4709 scriptis
2519 4638 2892 4710 deprehendes.
2939 4635 3086 4690 Scire
3117 4645 3291 4689 tamen
3340 4647 3388 4688 te
3423 4651 3508 4689 ve-

267 4719 352 4773 ὅτι
385 4719 506 4788 ἐγὼ
557 4721 589 4771 ὀ
621 4717 886 4786 ἀδελφός
915 4733 1032 4773 σου
1065 4721 1098 4773 ό
1138 4721 1416 4785 ταπεινὸς
1447 4719 1544 4774 καὶ
1581 4721 1836 4786 εὐτελὴς
1868 4717 1912 4774 ι)

1868 4717 1912 4774 θ
1942 4732 2056 4792 lim,
2099 4731 2238 4800 quod.
2281 4745 2374 4799 ego
2410 4728 2578 4798 frater
2626 4738 2742 4781 tuus
2773 4726 2985 4780 humilis
3031 4735 3078 4778 et
3113 4726 3282 4787 exilis,
3319 4742 3508 4794 oppor-

263 4815 295 4869 ὔ
345 4832 377 4868 υ
427 4814 641 4881 καιρὸν
684 4812 774 4868 ὅτι
817 4815 1151 4869 κατέλαϐον
1199 4818 1287 4882 εἰς
1332 4817 1449 4884 τὴν
1487 4816 1685 4885 χώραν
1727 4819 1832 4872 τοῦ

266 4905 530 4973 μεγάλου
563 4905 782 4973 ἀμηρᾶ,
827 4909 859 4959 ό
894 4905 1036 4970 Θεὸς
1064 4906 1164 4958 ἵνα
1195 4906 1429 4973 abl-Irim
1460 4908 1576 4974 τὴν
1613 4907 1833 4962 δικαιο-

267 4998 468 5062 σύνην
489 4993 618 5048 τοῦ.
640 4997 688 5048 Γ
692 4994 975 5060 ινώσκεις
999 4995 1177 5060 καλὰ,
1211 4997 1297 5049 ὅτι
1331 5001 1362 5050 ό
1388 4994 1473 5062 εἵς
1501 4999 1606 5050 τὸν
1641 4997 1834 5051 ἀλλον

267 5090 444 5143 οὐδὲν
483 5087 665 5148 εἶδεν.
708 5088 828 5156 api)
868 5089 1057 5142 πάλιν
1103 5089 1212 5141 τὸν
1255 5089 1507 5144 ἔπαινόν
1549 5107 1688 5153 σου,
1733 5092 1830 5144 καὶ

250 5185 366 5234 -τὸν
403 5183 596 5249 λόγον
630 5198 758 5244 του,
791 5181 892 5235 καὶ
939 5183 1054 5247 τὴν
1085 5180 1314 5248 γνῶσίν
1352 5199 1488 5244 σου,
1521 5183 1640 5236 ἀπὸ
1691 5183 1830 5248 τοὺς

267 5273 567 5343 ἀδελφοὺς
594 5273 690 5325 καὶ
709 5275 945 5338 φίλους,
977 5272 1084 5338 οὒς
1107 5274 1264 5341 ἔχεις
1286 5273 1562 5332 ἐνταῦθα,
1592 5275 1828 5333 ἔμαθον.

270 5367 369 5420 Kal
402 5369 601 5431 τόσην
634 5363 876 5432 ἀγάπην
903 5365 1088 5430 ἔχουν
1120 5365 1272 5431 πρὸς
1297 5365 1392 5428 σὲ,
1431 5367 1518 5417 ὅτι
1545 5365 1832 5418 οὐδέποτέ

270 5474 338 5523 με
362 5457 664 5522 ,ϐλέπουν,
695 5456 794 5508 ἵνα
839 5454 1020 5507 οὐδέν
1049 5472 1119 5519 με
1167 5457 1558 5522 παρακαλοῦν
1604 5457 1700 5509 διὰ
1738 5459 1833 5523 σὲ,

269 5551 352 5613 εις
377 5548 442 5601 τὸ
479 5547 558 5599 νὰ
591 5546 994 5611 παρακαλέσει)
1027 5547 1134 5600 τὸν
1183 5547 1420 5615 ἀμηρίῐν
1452 5548 1526 5600 rit
1553 5548 1626 5600 σὲ
1658 5565 1834 5602 nata-

273 5639 488 5706 στήσῃ.
529 5639 781 5692 Βλέπων
808 5634 923 5692 οὖν
954 5639 1204 5697 τούτους
1244 5639 1588 5707 πάσχοντας
1624 5641 1832 5706 οὕτως,

344 5802 357 5829 ι
390 5801 559 5867 Apoc.
593 5813 649 5862 ιι,
674 5797 727 5852 9.

1939 4830 2064 4875 tuno
2107 4829 2338 4888 tempore
2363 4820 2419 4871 in
2453 4821 2715 4888 regionem
2743 4819 2921 4887 magni
2958 4818 3158 4871 Amura
3213 4818 3383 4886 (cujus
3416 4819 3509 4886 jn-

1935 4916 2136 4968 stitiam
2168 4920 2222 4964 ut
2257 4909 2397 4962 Deus
2421 4919 2610 4976 augeat
2636 4909 2914 4977 imprecor)
2943 4907 3146 4961 delatus
3182 4925 3318 4969 sum,
3352 4925 3506 4977 quem

1936 5016 1983 5058 et
2011 5009 2116 5073 ipse
2142 5004 2278 5056 nosti
2308 5002 2558 5055 nimirum
2585 5000 2714 5053 nihil
2738 5000 2956 5066 perinde
2987 5007 3140 5068 atque
3179 4999 3361 5051 laudes
3390 5011 3508 5052 tuas

1938 5098 2210 5164 respicere.
2247 5094 2380 5148 Vitia
2416 5109 2531 5147 vero
2566 5101 2668 5144 tua:
2718 5091 2974 5144 rationem
3014 5102 3060 5143 et
3098 5093 3409 5144 sententiam
3443 5092 3505 5142 ab

1942 5189 2120 5242 amicis
2188 5196 2235 5240 et
2287 5186 2537 5255 fratribus
2589 5199 2714 5252 quos
2769 5184 2849 5234 hic
2906 5183 3081 5244 Imbes,
3136 5183 3370 5250 cognovi,
3419 5184 3510 5249 qui

1941 5287 2086 5331 tanto
2117 5279 2193 5331 tui
2222 5292 2399 5329 amore
2431 5284 2692 5338 tenentur,
2723 5283 2777 5326 ut
2821 5289 3091 5340 nunquam
3141 5290 3231 5325 nos
3259 5273 3505 5334 viderint,

1941 5371 2065 5437 quin
2095 5369 2191 5420 hoc
2221 5384 2250 5419 a
2281 5381 2361 5418 me
2399 5364 2713 5417 contendant
2744 5373 2831 5415 tuo
2872 5363 3102 5424 nomine,
3137 5373 3191 5414 ut
3230 5365 3503 5424 Amuram,

1941 5479 2040 5530 quo
2081 5471 2127 5514 te
2167 5462 2426 5523 restituat,
2472 5458 2678 5526 precari
2707 5456 2880 5510 velim.
2918 5455 3044 5509 Illos
3096 5458 3256 5524 igitur
3304 5457 3378 5508 sic
3426 5457 3506 5522 af-

1943 5555 2094 5619 fet-tos
2123 5554 2318 5611 videns,
2363 5552 2521 5602 etiam
2549 5551 2676 5617 ipse,
2709 5548 2823 5601 licet
2856 5549 2980 5601 mihi
3013 5549 3218 5615 ignotus
3247 5548 3338 5608 sis,
3381 5563 3504 5598 con-

1942 5639 2110 5701 ttcleo,
2150 5640 2410 5702 Deumque
2437 5654 2526 5691 ceu
2573 5647 2808 5706 peccator
2834 5653 2946 5699 oro,
2971 5646 3025 5690 ut
3065 5645 3112 5689 te
3139 5654 3170 5690 a
3206 5637 3428 5690 tenebris
3459 5647 3505 5687 et
