4204 6444
694 412 759 468 37
765 413 796 468 5

1877 411 2195 469 JOANNIS
2231 410 2752 471 CANTACUZENI

3854 404 3922 464 7G

688 522 1000 591 perditione,
1036 524 1084 573 in
1116 538 1277 590 quam
1310 524 1559 586 incidisti,
1603 532 1888 577 convertat.
1918 522 2059 587 Quin
2092 525 2251 575 etiam
2292 530 2323 581 λ

2292 530 2323 581 Α
2355 524 2660 590 λυποῦμαι
2697 524 2793 576 καὶ
2835 521 2948 589 ἐγὼ
2981 521 3133 573 ὀποῦ
3169 519 3349 573 οὐδέν
3375 533 3450 572 σε
3492 520 3783 588 γινώσκω.
3814 518 3922 573 Kal

692 622 742 666 te
774 612 1003 673 obsecro,
1035 612 1297 680 resipisce,
1340 613 1510 679 plora,
1548 628 1689 681 gente
1737 631 1753 667 :
1797 613 1932 667 Deus
1976 616 2114 666 enim
2158 615 2252 665 nii-

690 706 905 755 stricors
939 712 1034 756 est.
1075 703 1341 772 Intelliges
1383 705 1539 756 etiam
1584 714 1632 757 te
1659 721 1761 757 non
1788 705 1957 757 solum
1990 706 2085 756 hoc
2113 702 2253 756 malo

694 794 1031 857 laborat-isse,
1070 812 1245 848 verum
1277 804 1324 846 et
1358 798 1525 849 sancti
1558 807 1605 849 et
1634 798 1895 865 propheta:
1920 796 2118 864 aliique
2155 797 2255 849 viri

694 885 872 951 ntagni
919 895 965 937 et
1007 888 1230 952 insignes
1282 883 1447 937 Deum
1494 885 1814 953 fefellerunt,
1857 887 2041 954 quibus
2082 896 2255 939 tamen

693 981 903 1032 peccata
936 975 1001 1025 ab
1036 972 1129 1026 illo
1154 974 1367 1026 remissa
1400 986 1537 1037 sunt,
1562 976 2009 1043 quemadmodum.
2036 976 2145 1044 ipse
2169 990 2256 1027 ore

693 1078 787 1114 .‘;!t0
814 1072 993 1114 sancto
1041 1071 1285 1126 testatur,
1330 1065 1504 1116 dicens
1535 1082 1549 1117 :
1586 1083 1603 1115 ι
1642 1064 1869 1118 Paratus
1900 1076 1947 1118 et
1986 1074 2255 1134 promptus

696 1169 807 1202 sum
865 1160 920 1203 ut
958 1154 1335 1217 resipisccntem
1382 1156 1693 1222 suscipiam.
1726 1176 1742 1207 ι
1771 1156 1907 1220 Quin
1934 1166 1981 1209 et
2006 1156 2258 1225 praphetu

696 1257 814 1292 cum
851 1240 956 1294 Deo
980 1245 1032 1294 in
1059 1244 1169 1295 hac
1194 1244 1345 1295 verba
1376 1247 1628 1298 consentit
1658 1262 1676 1298 :
1715 1264 1733 1297 ι
1766 1244 1824 1299 Si
1844 1247 1959 1315 quis
1990 1248 2259 1316 resipuerit

696 1331 853 1383 abiis
903 1332 1085 1400 quibus
1132 1332 1294 1386 Deum
1338 1333 1546 1402 fefellit,
1586 1352 1680 1403 pro
1733 1336 1935 1387 insonte
1961 1345 2009 1387 et
2038 1337 2258 1389 immuni

697 1439 727 1470 α
755 1430 968 1488 peccato
994 1422 1285 1477 habebitur.
1328 1443 1345 1473 ι
1386 1423 1535 1488 Quod
1564 1428 1608 1477 si
1638 1427 1797 1492 igitur
1827 1434 1873 1479 et
1907 1437 1959 1478 tu
1988 1442 2078 1478 ceu
2108 1429 2259 1479 homo

700 1512 873 1578 lapsus
928 1528 1001 1576 es,
1051 1515 1168 1568 novi
1225 1514 1352 1566 nihil
1402 1515 1625 1578 accidit;
1661 1516 1901 1584 resipisce
1950 1526 2178 1578 tantum,
2212 1526 2259 1567 et

700 1602 821 1655 lava
861 1620 950 1655 cor
977 1614 1142 1668 tuum,
1176 1614 1231 1656 ut
1266 1607 1399 1657 Deus
1439 1604 1533 1657 ille
1583 1607 1876 1660 misericors
1925 1617 1972 1660 te
2021 1610 2259 1677 recipiat.

702 1694 758 1745 Si
820 1693 955 1745 enim
1012 1710 1113 1745 non
1171 1704 1402 1761 peccaret
1450 1696 1621 1761 homo,
1684 1714 1909 1764 quonam
1958 1708 2264 1767 argumento

708 1782 868 1835 Deum
905 1785 1290 1839 misericordem
1334 1802 1441 1839 esse
1488 1797 1534 1840 et
1577 1789 1720 1841 nobis
1772 1790 2046 1842 condolere
2083 1792 2267 1860 depre-

703 1874 983 1927 henderas?
1015 1875 1226 1929 Littera:
1266 1887 1425 1940 certe,
1450 1894 1578 1945 quas
1617 1879 1893 1947 scripsisti,
1947 1883 2046 1932 huc
2092 1892 2268 1936 trans-

706 1966 891 2023 missce.
953 1981 1287 2034 nequaquam
1317 1968 1600 2021 eruditioni
1630 1979 1676 2021 et
1715 1972 1899 2023 honori
1930 1979 2015 2022 tuo
2048 1971 2267 2039 pristino

705 2059 1100 2123 respondebant.
1147 2059 1507 2112 Verumtamen
1546 2060 1735 2127 affectu
1787 2060 2041 2130 impulsus
2070 2062 2165 2113 hoc
2196 2060 2264 2127 fe-

705 2147 840 2208 cisti,
898 2156 946 2199 ct
993 2151 1297 2218 prophetam
1354 2153 1653 2205 accusando
1691 2152 1865 2215 illum,
1897 2160 1953 2203 ut
1994 2154 2149 2217 nosti,
2180 2170 2270 2204 ea-

707 2240 995 2291 tumniatus
1038 2256 1104 2292 es.
1150 2240 1332 2293 Nonne
1383 2243 1715 2310 Scripturam
1751 2246 1882 2294 nosti
1920 2258 2033 2309 qua:
2086 2258 2117 2293 a
2166 2240 2271 2293 Deo

706 2344 797 2392 per
822 2330 1127 2396 prOphctam
1157 2331 1293 2382 dicta
1325 2339 1418 2392 est,
1463 2350 1481 2381 ι
1518 2330 1706 2385 Omnia
1738 2340 1949 2400 propter
1991 2340 2040 2385 te
2076 2332 2191 2400 feci,
2222 2345 2271 2388 et

707 2431 756 2470 te
794 2426 1006 2486 propter
1037 2435 1117 2471 me
1139 2419 1162 2471 ?
1188 2440 1205 2467 ι
1236 2418 1336 2473 Sed
1373 2420 1541 2473 Deum
1567 2437 1677 2483 oro,
1713 2438 1777 2475 ne
1824 2432 1874 2475 te
1904 2440 2043 2476 mors
2085 2441 2274 2495 appre-

707 2511 900 2562 hendat
949 2513 1003 2563 in
1049 2512 1413 2576 perditionem.
1471 2512 1567 2565 Dic
1599 2522 1795 2577 tamen,
1835 2531 1927 2583 per
1974 2516 2139 2568 Deum
2182 2517 2272 2568 ob-

710 2610 888 2663 testor,
934 2601 1183 2668 quidnam
1232 2603 1351 2654 buni
1386 2602 1479 2655 tibi
1532 2604 1674 2671 apud
1725 2603 2051 2658 Christianos
2100 2606 2276 2658 videre

711 2692 896 2743 licuit?
944 2690 1320 2760 Imaginantur
1376 2693 1514 2746 enim
1560 2694 1656 2746 sibi
1710 2697 1879 2764 specie
1922 2696 2083 2764 falsa,
2138 2696 2275 2765 quod

710 2780 975 2833 Christum
998 2780 1165 2849 gloria
1189 2782 1464 2847 extollant,
1486 2800 1603 2836 cum
1622 2785 1677 2836 in
1702 2786 1936 2838 eumdem
1950 2787 2052 2838 sint
2068 2786 2276 2854 injurii,

710 2871 935 2923 dicentes
964 2872 1098 2925 hunc
1124 2882 1170 2924 et
1202 2871 1362 2927 Deum
1388 2890 1517 2940 esse,
1557 2884 1607 2927 et
1649 2873 1748 2928 Dei
1774 2874 1988 2931 Filium.
2018 2876 2278 2945 Confude-

711 2972 833 3013 runt
865 2962 1006 3015 viam
1046 2978 1245 3025 veram,
1281 2974 1328 3015 et
1349 2966 1449 3017 hac
1470 2964 1701 3034 neglecta
1733 2967 2030 3019 ceciderunt
2055 2969 2109 3020 in
2140 2985 2280 3021 nter-

715 3052 832 3104 bum
865 3050 1206 3106 incurabilem
1258 3053 1375 3107 Non
1415 3065 1591 3109 tamen
1620 3059 1787 3120 decet,
1817 3067 1872 3109 ut
1911 3057 2279 3112 Musulinanus

2356 614 2682 681 παρακαλῶ
2721 614 2828 664 τὸν
2864 612 3029 673 Θεὸν,
3062 612 3142 675 ὡς
3174 611 3541 677 ἁμαρτωλὸς,
3573 611 3673 662 ἵνα
3696 625 3770 663 σε
3802 609 3929 661 ἐπι-

2354 705 2588 772 στρέψῃ
2637 706 2756 757 ἀπὸ
2802 705 2865 755 τὸ
2904 706 3126 766 σκότος
3181 702 3278 754 καὶ
3345 701 3459 768 τὴν
3500 702 3805 756 ἀπώλειαν
3847 698 3928 765 ἢν

2354 798 2667 860 ἐποίησας.
2706 796 2809 849 Καὶ
2841 793 3165 860 παρακαλὼ
3190 810 3283 856 σε,
3310 796 3715 859 μετανόησον.
3740 790 3933 845 κλαῦ-

2355 903 2490 949 σον,
2529 885 2849 949 στέναξον,
2876 886 2965 937 ὅτι
2991 888 3023 938 ό
3064 886 3209 948 Θεὸς
3234 884 3509 952 ἐλεήμων
3532 885 3684 937 ἐστι.
3710 885 3797 937 Na
3824 884 3935 949 ήεη

2355 979 2558 1044 εὐρης.
2600 977 2688 1030 ὅτι
2737 976 2805 1029 τὸ
2846 975 3035 1028 κακὸν
3074 974 3241 1036 αὐτὸ,
3272 976 3455 1027 οὐδέν
3479 974 3546 1026 τὸ
3569 974 3787 1037 ἔπαθες
3815 974 3934 1026 ἐσὺ

2352 1070 2539 1136 μόνος
2560 1106 2574 1127 ,
2604 1069 2764 1121 ἀλλὰ
2800 1066 2898 1121 καὶ
2940 1067 3114 1133 ἅγιοι,
3147 1066 3243 1119 καὶ
3272 1064 3592 1134 προφῆται,
3625 1065 3725 1118 καὶ
3754 1065 3937 1117 ἄλλοι

2354 1157 2600 1224 μεγάλοι
2626 1158 2924 1223 ἅνθρωποι
2946 1155 3232 1223 defendar
3266 1157 3375 1208 τὸν
3398 1155 3566 1208 Θεόν.
3600 1154 3710 1208 Kal
3744 1152 3941 1206 πάλιν

2359 1247 2790 1313 συνεχώρησεν
2822 1248 3049 1311 αὐτοῖς.
3082 1245 3276 1311 καθὼς
3304 1244 3466 1313 λέγει
3496 1245 3593 1297 καὶ
3628 1249 3662 1299 ό
3693 1246 3835 1307 Θεὸς
3863 1244 3941 1310 μέ

2360 1335 2426 1387 τὸ
2452 1338 2645 1403 στόμα
2672 1336 2859 1389 αὐτοῦ
2891 1336 2956 1388 τὸ
2986 1335 3179 1402 ἅγισν*
3224 1354 3241 1385 ι
3277 1336 3557 1402 Ἐτοιμός
3590 1336 3707 1402 ειμι
3736 1333 3814 1386 ra
3844 1331 3942 1385 δέ·

2361 1426 2546 1494 ξωμαι
2574 1427 2680 1478 τὸν
2696 1426 3159 1493 μετανοοῦντα.»
3201 1424 3401 1484 Ἰσάζει
3434 1426 3531 1481 nol
3565 1428 3598 1479 ὀ
3623 1424 3941 1492 προφήτης

2356 1515 2507 1582 μετὰ
2539 1516 2645 1584 τοῦ
2668 1516 2837 1581 Θεοῦ,
2869 1515 2966 1568 καὶ
2991 1517 3175 1584 λέγει,
3205 1534 3223 1566 ι
3258 1515 3331 1569 El
3354 1532 3445 1580 τις
3466 1515 3833 1583 μετανοήσει
3857 1516 3943 1577 εις

2363 1606 2434 1657 τὶι
2480 1606 2711 1673 ἔσφαλε
2760 1606 2865 1659 τὸν
2909 1606 3078 1667 Θεὸν,
3117 1605 3198 1668 ὡς
3230 1604 3648 1672 άναμὰρτητός
3677 1604 3873 1656 ἐστιν.
3918 1619 3938 1652 ›

2377 1697 2514 1749 Ἐὰν
2544 1697 2694 1764 γοῦν
2720 1696 2993 1764 ἔσφαλε-ς
3029 1695 3127 1749 καὶ
3167 1695 3249 1748 σὺ
3275 1695 3353 1760 ὠς
3383 1694 3693 1761 ἅνθρωπος
3712 1733 3727 1757 ,
3762 1691 3947 1746 οὐδὲν

2371 1786 2570 1849 ξένον.
2603 1784 2781 1839 Ἀλλὰ
2801 1785 2989 1839 πάλιν
3010 1785 3413 1853 μετανόησον,
3442 1786 3537 1836 ιιαὲ
3568 1785 3809 1837 πλῦνον
3829 1784 3947 1848 τὴν

2373 1874 2624 1941 καιδὶαν
2689 1890 2839 1937 σου,
2913 1873 3072 1937 ὅπως
3135 1874 3212 1926 σὲ
3274 1873 3520 1939 δέξηται
3577 1876 3610 1926 ὀ
3671 1872 3821 1936 Θεὸς
3867 1872 3947 1935 ὠς

2369 1964 2816 2030 ε’ὔσπλαγχνος.
2854 1960 2994 2015 Ἐὰν
3016 1963 3126 2028 τὰρ
3156 1961 3339 2014 οὐδὲν
3368 1960 3634 2028 ἥμαρτεν
3659 1962 3693 2013 ό
3723 1959 3949 2025 ἄνθρω-

2370 2068 2504 2118 πος,
2538 2051 2662 2117 πῶς
2687 2052 2987 2119 ἠθέλομεν
3013 2052 3312 2119 ἠξεύρειν,
3348 2052 3438 2103 ὅτι
3465 2053 3497 2104 ὀ
3532 2050 3676 2115 Θεὸς
3705 2064 3948 2117 συμπα-

2371 2144 2483 2211 θής
2519 2144 2721 2205 ἐστιν;
2768 2140 3044 2207 Ἀλήθεια
3085 2140 3193 2207 τὰς
3239 2140 3470 2209 γραφὰς
3524 2139 3631 2205 τὰς
3679 2138 3949 2206 ἔγραψας

2374 2239 2473 2292 καὶ
2525 2237 2910 2300 ἀπέστειλας,
2947 2234 3129 2288 οὐδὲν
3173 2232 3336 2301 ἦσαν
3373 2234 3523 2301 πρὸς
3565 2232 3682 2297 τὴν
3723 2230 3953 2298 γνῶσίν

2374 2343 2513 2391 σου,
2541 2327 2680 2381 ἀλλ’
2709 2325 2850 2379 οὐδὲ
2879 2328 2965 2389 εὶς
2988 2323 3101 2391 τὴν
3124 2323 3302 2392 τιμήν
3318 2339 3459 2377 σου.
3484 2324 3679 2390 Ὅμως
3705 2320 3803 2374 διὰ
3833 2321 3953 2387 ὄρε-

2376 2418 2476 2483 ξιν
2503 2420 2570 2471 τὸ
2605 2418 2921 2482 ἐποίησας,
2956 2426 3053 2468 και
3086 2415 3537 2482 ἑκατηγόρησας
3583 2414 3693 2466 τὸν
3724 2411 3954 2480 προφή-

2378 2526 2509 2574 την,
2549 2508 2648 2561 καὶ
2694 2507 2967 2572 διέϐαλες
3004 2506 3210 2568 αὑτὸν,
3248 2508 3330 2571 ὠς
3361 2507 3459 2559 καὶ
3493 2506 3575 2559 σὺ
3618 2506 3951 2574 γινώσκεις.

2380 2598 2503 2653 Οὐκ
2534 2598 2701 2663 οἶδας
2744 2598 2859 2665 τὴν
2887 2598 3144 2665 Γραφὴν
3173 2597 3288 2664 τὴν
3316 2595 3622 2665 λέγουσαν
3653 2598 3817 2663 παρὰ
3851 2594 3955 2648 τοῦ

2380 2693 2527 2746 Θεοῦ
2561 2692 2657 2743 διὰ
2684 2689 2791 2743 τὸν
2805 2689 3142 2758 προφήτην,
3169 2690 3258 2743 ὅτι
3295 2707 3313 2740 ι
3344 2688 3546 2742 Πάντα
3561 2688 3828 2755 ἐποίησα
3862 2685 3958 2739 διὰ

2378 2788 2473 2849 σέ,
2516 2785 2614 2839 καὶ
2642 2784 2719 2837 σέ
2748 2782 2826 2837 δι’
2863 2776 2987 2852 ἐμέζ
3021 2800 3041 2833 ι
3070 2781 3333 2849 Εὔχομαι
3357 2778 3437 2844 τῷ
3466 2778 3608 2844 Θεῷ,
3645 2779 3746 2832 ἵνα
3778 2778 3960 2833 οὐδέν

2380 2892 2454 2931 σε
2503 2875 2648 2942 εὕρῃ
2694 2876 2728 2927 ό
2773 2872 3028 2937 θάνατος
3078 2874 3166 2937 εις
3195 2869 3309 2937 τὴν
3336 2869 3667 2925 ἀπώλειαν.
3697 2868 3801 2922 Διὰ
3856 2869 3962 2923 τὸν

2384 2967 2535 3020 Θεὸν
2563 2965 2693 3019 εἰπέ
2722 2980 2848 3034 μοι,
2873 2964 2932 3017 tl
2960 2963 3188 3032 ἀγαθὸν
3212 2958 3373 3027 εἶδος
3400 2964 3488 3027 εις
3518 2960 3658 3029 τοὺς
3687 2963 3963 3029 Χριστια-

2382 3061 2564 3125 νούς;
2597 3057 2994 3129 φαντάζονται
3032 3057 3143 3127 γὰρ
3181 3057 3271 3111 ὅτι
3315 3056 3635 3122 δοξάζουσι
3682 3056 3795 3110 τὸν
3828 3058 3961 3124 Χρι-

715 3142 1033 3195 orthodoxus
1077 3160 1161 3197 eos
1185 3145 1449 3209 devoveat,
1478 3148 1568 3199 sed
1591 3156 1647 3199 ut
1681 3149 1851 3215 potius
1882 3159 1991 3202 oret
2023 3166 2116 3217 pro
2148 3150 2274 3212 illis,
2307 3149 2351 3205 C

2307 3149 2351 3205 C
2384 3142 2558 3216 στὸν,
2601 3150 2700 3204 καὶ
2751 3151 2923 3204 αὐτοὶ
2978 3144 3255 3217 ὑϐρίζουν
3302 3148 3413 3203 τὸν
3454 3147 3553 3202 καὶ
3594 3147 3823 3215 λέτουν
3875 3147 3960 3200 (τι

710 3231 867 3298 juxta
924 3230 1019 3284 Dei
1063 3242 1111 3282 et
1150 3234 1413 3300 prephetaz
1461 3240 1794 3292 sententiam.
1829 3236 2027 3291 Rursus
2068 3254 2188 3291 vero
2233 3249 2282 3293 te

716 3318 980 3389 interrogo
1009 3336 1029 3375 :
1061 3321 1218 3388 Quid,
1259 3340 1452 3391 quaso,
1506 3327 1681 3379 vidisti
1729 3329 1866 3394 quod
1928 3329 2167 3382 seductus
2210 3345 2281 3390 es,

720 3422 767 3463 et
794 3414 845 3464 in
869 3411 1077 3465 illorum
1100 3412 1257 3477 ﬁdem
1291 3418 1590 3470 umsensisti
1609 3420 1633 3469 ?
1668 3416 1857 3472 Dicunt
1886 3434 1942 3472 se
1976 3431 2078 3473 tres
2103 3437 2282 3490 perso-

725 3520 821 3555 nas
838 3504 1086 3563 adorare,
1116 3505 1346 3568 latrem,
1372 3506 1597 3561 Matrem
1619 3517 1668 3561 et
1688 3509 1909 3566 Filium.
1936 3512 2060 3575 Quis
2080 3514 2173 3565 hoc
2188 3529 2284 3565 un-

724 3610 877 3657 quam
899 3594 1065 3648 vidit?
1090 3597 1205 3663 quis
1233 3598 1426 3651 audivit
1445 3599 1470 3650 ?
1490 3600 1663 3667 qualis
1689 3603 1937 3669 propheta
1957 3606 2050 3655 hoc
2074 3605 2289 3657 docuit?

723 3692 815 3736 aut
852 3686 935 3738 cui
976 3702 1209 3753 unquam
1242 3701 1545 3742 sanctorum
1586 3708 1679 3758 per
1719 3694 1966 3746 uisionem
2004 3700 2287 3749 rcrrlatum

722 3774 838 3826 est?
870 3773 993 3838 Qui,
1032 3784 1089 3827 ut
1119 3779 1434 3840 audivimus,
1469 3781 1522 3830 in
1550 3781 1725 3848 piures
1762 3792 1937 3849 partes
1954 3784 2107 3837 divisi
2141 3794 2286 3848 sunt,

721 3866 998 3933 dicuntque
1043 3866 1137 3918 alii
1179 3868 1389 3935 quidem
1430 3868 1551 3921 deos
1589 3884 1699 3922 esse
1752 3871 1967 3934 multos,
2017 3874 2114 3926 alii
2171 3891 2290 3929 vero

723 3956 995 4022 pauciores
1030 3972 1048 4009 :
1088 3964 1136 4007 et
1166 3957 1228 4009 de
1260 3959 1380 4011 .hoe
1423 3960 1655 4028 quotidie
1695 3961 1984 4031 disceptare
2020 3963 2187 4018 solent
2243 3978 2289 4020 et

722 4048 1055 4100 contendere.
1089 4048 1171 4100 An
1203 4047 1283 4101 vel
1312 4065 1375 4102 ex
1413 4050 1490 4103 his
1528 4066 1612 4103 eos
1643 4068 1911 4121 nunquam
1948 4056 2293 4109 condemnare

725 4138 986 4204 potuisti?
1024 4136 1111 4191 Va:
1150 4141 1337 4193 horum
1388 4140 1746 4211 impudentia,
1791 4160 1868 4198 vte
1901 4145 2087 4199 horum
2120 4149 2295 4200 stulti-

727 4228 833 4282 tia’.
867 4227 1081 4281 Deserto
1108 4229 1244 4282 enim
1282 4239 1329 4283 et
1373 4231 1551 4284 relicto
1600 4232 1708 4287 Deo
1745 4236 2010 4290 conditore
2036 4240 2287 4305 omnium,

727 4320 849 4372 deos
878 4319 1053 4389 plures
1087 4321 1282 4385 colunt,
1317 4320 1683 4393 Christumque
1720 4342 1835 4379 cum
1872 4329 1939 4381 sit
1990 4344 2159 4382 sermo
2202 4330 2295 4384 Dei

729 4409 866 4478 falso
903 4410 1208 4470 traducunt,
1261 4411 1398 4481 quod
1440 4412 1627 4467 dixerit
1673 4432 1727 4469 se
1777 4414 1973 4471 Filium
2026 4418 2124 4474 Dei
2165 4436 2291 4473 esse.

727 4500 914 4556 Nonne
953 4503 1089 4554 hunc
1110 4500 1283 4555 Judtti
1326 4505 1780 4574 interrogaverunt
1825 4508 2072 4572 dicentes,
2125 4529 2144 4560 ι
2194 4510 2296 4563 Tu-

729 4609 797 4647 ne
834 4607 886 4645 es
914 4590 1079 4645 Filius
1108 4591 1238 4645 Dei?
1269 4610 1287 4643 ι
1327 4604 1373 4646 et
1405 4595 1632 4663 negavit,
1652 4597 1883 4664 dixitque
1909 4614 1927 4651 :
1968 4617 1986 4649 ι
2030 4596 2127 4652 Vos
2170 4601 2300 4654 dici-

728 4685 845 4737 tis.»
878 4683 1241 4737 Verumtamen
1279 4684 1343 4737 ab
1389 4684 1553 4737 Adeth
1579 4684 1656 4755 (I)
1708 4700 1869 4755 usque
1897 4687 1950 4739 in
1976 4692 2069 4740 hoc
2098 4696 2298 4758 tempus

728 4775 978 4844 quidnam
1023 4774 1112 4827 tibi
1159 4774 1427 4827 scribant?
1463 4776 1587 4844 quid
1633 4778 1995 4847 redarguam?
2035 4782 2159 4847 quid
2208 4783 2300 4835 do.

729 4867 912 4919 ceam?
949 4865 1098 4931 Quod
1146 4865 1340 4919 scilicet
1377 4884 1509 4920 unus
1541 4871 1605 4921 sit
1653 4869 1810 4931 Deus,
1843 4879 2050 4923 creator
2090 4873 2206 4926 ειειὶ
2249 4882 2296 4925 et

730 4970 886 5012 terra:
921 4973 937 5011 :
977 4959 1418 5026 quenmdmodum
1457 4967 1504 5011 et
1556 4962 1662 5029 ipse
1702 4962 1832 5014 dixit
1873 4978 1891 5015 :
1943 4980 1961 5013 ι
2020 4962 2131 5032 Ego
2177 4982 2293 5018 sum

730 5049 890 5109 Dens,
930 5058 977 5100 et
1026 5060 1313 5101 consortem
1356 5050 1647 5103 divinitatis
1692 5069 1795 5105 non
1847 5053 2033 5108 habeo.
2093 5074 2111 5107 ι
2154 5054 2296 5110 Bene

738 5151 911 5191 tamen
941 5140 1033 5190 hoc
1055 5139 1511 5206 deprehendimus;
1533 5158 1634 5193 non
1655 5147 1812 5207 enim,
1836 5153 2089 5213 quernum
2116 5150 2295 5212 audio,

734 5231 877 5282 rudis
904 5240 950 5281 et
988 5230 1225 5283 indoctus
1256 5249 1329 5291 es,
1364 5235 1462 5285 nisi
1504 5236 1641 5303 quod
1685 5238 1917 5304 corporis
1961 5239 2037 5291 tui
2078 5250 2127 5293 te
2176 5243 2299 5295 vicit

732 5322 1013 5387 cupiditas.
1049 5320 1196 5373 Nosti
1242 5323 1512 5386 nimirum,
1559 5342 1628 5377 an
1674 5329 1894 5381 mundus
1948 5331 2204 5398 principio
2249 5343 2299 5386 et

732 5410 1026 5461 substantia
1059 5410 1281 5461 careat?
1312 5420 1358 5464 et
1391 5413 1649 5479 εηίιῖτίαιιι
1685 5415 1811 5467 Itwc.
1852 5416 2173 5472 Prudentem
2216 5422 2299 5474 vel

737 5502 891 5554 unica
930 5501 1153 5554 servabit
1186 5504 1372 5557 oratio.
1421 5502 1486 5555 Et
1520 5506 1626 5557 htec
1672 5507 1879 5573 quidem
1930 5526 2023 5577 per
2069 5511 2297 5580 litteras,

808 5703 1075 5771 (I)].ocus
1091 5704 1379 5769 obscurus,
1401 5706 1772 5771 librariorum,
1793 5721 1850 5764 ut
1878 5712 2109 5771 videtur,
2136 5712 2287 5765 incu-

739 5770 824 5833 ria’
850 5773 1197 5845 dcpravatus.
1238 5775 1465 5831 Videtur
1487 5788 1666 5832 autem
1692 5770 1789 5851 per
1819 5781 1975 5850 Ἐδευ,
2006 5781 2179 5836 Adetii
2215 5782 2294 5835 in—

2387 3244 2531 3309 Θεός
2558 3244 2709 3307 ἐστι,
2733 3242 2833 3295 καὶ
2872 3240 3005 3306 Υἱὸς
3034 3238 3182 3293 Θεοῦ
3203 3256 3218 3269 ·
3242 3239 3524 3308 ἐχάωσαν
3544 3238 3661 3307 τὴν
3687 3237 3967 3308 ὁδὸνμτὴν

2383 3336 2708 3405 ἀληθινὴν,
2769 3332 2872 3388 καὶ
2922 3329 3363 3399 παραδέρνουν,
3424 3330 3524 3386 καὶ
3581 3329 3817 3383 ἔπεσον
3878 3330 3966 3394 εις

2387 3428 2621 3494 νόσημα
2643 3425 2912 3479 άνίατον.
2930 3423 3123 3477 Οὐδέν
3142 3422 3353 3490 πρέπει
3371 3418 3500 3487 οἶος
3524 3422 3618 3475 ένι
3640 3424 3968 3477 Μουσουλ-

2383 3517 2576 3585 μάνος
2618 3513 2961 3583 ὀρθόδοξος,
3002 3513 3104 3565 ἵνα
3147 3511 3288 3577 τοὺς
3325 3510 3674 3580 καταρᾶται,
3725 3508 3852 3578 άμὴ
3892 3509 3969 3562 rd

2386 3607 2530 3672 τοὺς
2578 3606 2839 3674 εὔχεται,
2874 3603 3069 3669 καθὼς
3098 3603 3164 3657 τὸ
3196 3603 3356 3666 λέγει
3387 3606 3422 3657 ό
3461 3601 3606 3667 Θεὸς
3635 3603 3733 3655 καὶ
3765 3605 3800 3655 ό
3829 3615 3973 3667 προ-

2388 3697 2605 3767 φήτης.
2638 3695 2829 3750 Πάλιν
2848 3696 2916 3747 δέ
2935 3695 3091 3764 λέγω
3112 3710 3207 3758 σε,
3222 3695 3280 3747 τί
3296 3690 3473 3760 εἶδες,
3493 3694 3590 3746 καὶ
3612 3692 3970 3759 sument;

2390 3791 2485 3844 real
2511 3786 2921 3853 έκοινώνησας
2942 3788 3031 3853 εις
3046 3785 3160 3854 τὴν
3185 3788 3396 3840 πίστιν
3413 3783 3647 3850 αὑτῶν;
3669 3783 3974 3851 Λέγουσιν

2391 3882 2480 3934 ὅτι
2506 3878 2922 3948 προσκυνοῦσι
2947 3881 3078 3945 τριά
3108 3895 3165 3937 πε
3182 3878 3400 3931 λόσωπα
3418 3918 3433 3939 ,
3463 3875 3692 3942 Πατέρα
3714 3874 3817 3927 καὶ
3845 3879 3968 3941 Μη-

2390 3974 2530 4041 τέρα
2555 3970 2652 4025 καὶ
2688 3970 2843 4023 Flor.
2880 3973 2972 4033 Τις
3002 3969 3067 4021 τὸ
3108 3968 3288 4033 ειδεν,
3318 3969 3356 4035 ἢ
3385 3970 3473 4033 τίς
3508 3970 3573 4020 τὸ
3602 3966 3901 4035 ἤκουσεν,
3932 3964 3974 4034 ἢ

2392 4063 2563 4127 ποῖος
2588 4060 2901 4130 προφήτης
2927 4059 2995 4112 τὸ
3032 4058 3331 4123 ἐδίδαξεν,
3356 4059 3390 4127 ἢ
3424 4057 3597 4125 ποῖος
3617 4056 3785 4126 ἅγιος
3807 4058 3877 4111 τὸ
3898 4052 3979 4111 el—

2392 4153 2493 4207 δεν
2524 4155 2610 4217 εις
2637 4151 2974 4213 όπτασίαν;
3006 4149 3207 4215 Καθὼς
3236 4149 3333 4203 καὶ
3363 4148 3686 4217 ἀκούομεν,
3723 4146 3817 4201 ὅτι
3844 4148 3979 4217 ἐμε-

2387 4243 2696 4311 ρίσθησαν
2739 4243 2827 4306 εις
2869 4238 3073 4293 πολλὰ
3117 4239 3293 4308 μέρη.
3342 4239 3451 4294 Kal
3492 4236 3720 4307 λέγουν
3768 4240 3827 4291 ol
3860 4236 3981 4307 μέν

2396 4332 2668 4399 πολλοὺς
2703 4331 2900 4398 θεοὺς,
2926 4334 2983 4385 οι
3005 4331 3074 4385 δέ
3096 4331 3360 4402 ὀλίγους.
3396 4331 3737 4385 Καιινεκεν
3756 4331 3981 4385 τούτου

2400 4426 2528 4481 καθ’
2552 4425 2822 4491 ἑκάστην
2852 4423 3083 4494 ἡμέραν
3109 4422 3493 4493 διαλέγονται
3515 4423 3614 4477 καὶ
3641 4423 3980 4488 κρίνονται.

2403 4516 2529 4571 Κᾶν
2557 4517 2673 4569 άπὸ
2702 4516 2923 4569 τούτου
2962 4514 3143 4568 οὐδέν
3184 4515 3323 4580 τοὺς
3353 4512 3801 4581 κατετνὼσθης.
3832 4509 3982 4565 Οὐαὶ

2398 4607 2511 4674 τὴν
2542 4605 2985 4673 ἀναισχυντίαν
3010 4621 3147 4667 των,
3173 4605 3307 4659 οὐαὶ
3343 4603 3456 4671 τὴν
3475 4604 3869 4673 μωρίαν.των,
3891 4603 3986 4656 ὅτι

2396 4698 2713 4755 άπέλυκαν
2763 4698 2872 4751 τὸν
2912 4698 3065 4752 Θεὸν
3106 4699 3200 4752 τὸν
3256 4696 3519 4767 ποιητὴν
3550 4693 3673 4750 τῶν
3708 4695 3982 4760 πάντων,

2396 4791 2496 4846 καὶ
2533 4790 2897 4858 λατρεύουσι
2931 4788 3130 4855 θεοὺς,
3160 4787 3258 4844 καὶ
3283 4788 3391 4843 τὸν
3418 4788 3678 4856 Χριστὸν
3703 4788 3865 4842 ὅπου
3891 4787 3986 4840 Eri
4036 4852 4037 4855 η

2397 4884 2581 4950 λόγος
2613 4879 2759 4935 Θεοῦ
2790 4879 3179 4944 διαϐάλλουν,
3209 4880 3297 4932 ὅτι
3320 4876 3491 4934 εἶπεν
3511 4880 3603 4934 ένι
3634 4878 3767 4945 nec
3806 4881 3984 4934 Θεοῦ.

2404 4970 2595 5024 υὺδέν
2618 4987 2720 5023 τον
2741 4970 3062 5039 ἠρώτησαν
3085 4973 3139 5023 ol
3175 4969 3457 5030 Ἰουδαῖοι.
3483 4969 3571 5022 ὅτι
3607 4986 3627 5019 ι
3661 4968 3746 5023 Σὺ
3774 4964 3836 5021 εἶ
3852 4968 3986 5035 Υιὸς

2404 5062 2585 5127 Θεοῦ,
2626 5081 2645 5112 ι
2702 5062 2815 5116 Καὶ
2848 5061 3193 5130 ἠρνήσατο,
3234 5063 3331 5114 καὶ
3377 5056 3547 5114 εἶπεν
3583 5060 3673 5115 ὅτι
3718 5078 3737 5111 ι
3783 5059 3987 5128 ’Υμεῖς

2402 5156 2467 5206 τὸ
2493 5152 2697 5222 λέγετε
2732 5173 2749 5204 ι
2779 5154 2965 5222 Ὅμως
2985 5152 3087 5205 ἀπ’
3115 5150 3263 5205 Ἐδῶ
3282 5152 3392 5217 ἕως
3418 5150 3630 5213 αὐτοῦ,
3662 5150 3719 5202 τί
3733 5164 3811 5203 σε
3832 5151 3987 5204 θέλω

2401 5245 2672 5314 γράφειν,
2702 5246 2757 5298 τι
2780 5261 2852 5298 σε
2884 5245 3035 5297 θέλω
3065 5243 3505 5311 παραστήσειν,
3534 5245 3592 5296 tl
3614 5259 3690 5295 σε
3714 5240 3874 5296 θέλω
3902 5242 3988 5294 ὄι-

2403 5336 2629 5400 δάξειν,
2662 5335 2750 5388 ὅτι
2784 5336 2875 5388 ἑνι
2904 5331 2989 5401 εἷς
3033 5339 3176 5399 Θεὸς
3219 5339 3251 5388 d
3291 5334 3553 5400 ποιήσας
3578 5340 3686 5388 τὸν
3716 5334 3986 5400 οὐρανὸν

2404 5428 2501 5480 καὶ
2534 5425 2648 5486 τὴν
2670 5424 2805 5494 γῆν.
2833 5426 3033 5490 Καθὼς
3051 5422 3239 5489 εἶπεν,
3262 5425 3352 5478 ὅτι
3375 5426 3525 5493 Ἐγώ
3538 5427 3655 5493 ειμι
3682 5424 3850 5488 Θεὸς,
3884 5422 3985 5476 και

2405 5514 2590 5571 οὐδὲν
2617 5516 2735 5581 ἕλω
2769 5514 3115 5582 σύντροφον
3145 5517 3233 5579 εις
3262 5514 3376 5579 τήν
3407 5515 3675 5578 θεότητα.
3714 5508 3987 5579 Ἑξεύρο-

2395 5714 2745 5789 telligemius,
2792 5713 3189 5789 Ismuc-litatum
3238 5714 3527 5789 propheta,
3554 5713 3643 5770 vel
3668 5710 3845 5783 Ruth,
3873 5710 3978 5789 qui

2408 5785 2617 5853 primus
2650 5784 3047 5842 lsmaeliturum
3076 5783 3286 5840 litteras
3312 5783 3552 5857 didicit;
