4204 6444
733 436 840 497 379

1896 429 2215 489 JOANNIS
2254 431 2779 492 CANTACUZENI

3860 435 3965 496 380

736 565 883 602 rans.
915 546 1144 611 Quidam
1188 558 1313 598 vero
1345 558 1372 596 a
1402 543 1554 596 vobis
1582 540 1687 595 huc
1724 542 2106 610 pervenientes
2153 550 2305 595 rctu-
2335 550 2380 607 Α

2304 550 2380 607 ηΑ
2411 547 2697 616 ἀπεδέχου,
2756 547 2839 599 ἵνα
2870 547 2943 615 μὴ
3005 546 3364 600 ἀπεστέλλετο
3415 547 3648 601 ἐνταῦθα
3692 549 3723 617 ἠ
3780 547 3964 617 γραφὴ

736 642 915 692 lerunt
959 637 1114 699 mibi,
1164 636 1305 704 quod
1348 634 1535 701 cupias
1581 633 1989 701 responsionem
2039 632 2182 686 hanc
2217 632 2302 686 vel

737 726 1039 793 apologiam
1102 725 1209 777 huc
1271 738 1376 775 non
1437 724 1716 775 remissam
1785 738 1925 782 esse,
1979 723 2302 790 paenituisse

735 819 882 869 enim
928 828 977 870 te
1018 817 1165 869 facti.
1219 816 1485 868 Praeterea
1532 824 1585 866 et
1616 815 1718 867 hoc
1755 814 2105 879 addiderunt,
2156 816 2301 883 quod

737 908 908 968 d‘cas,
944 906 1230 969 Quomodo
1264 905 1524 973 possibile
1554 915 1636 957 est
1673 905 1784 958 Deo
1808 920 1925 958 esse
1954 905 2146 959 Filium
2187 908 2301 962 sine

738 1000 1003 1051 muliere?
1050 998 1103 1050 Si
1148 1000 1292 1051 enim
1334 997 1525 1049 Filium
1571 997 1755 1059 habet,
1791 1012 1859 1050 en
1912 998 2203 1051 dissidium
2250 1010 2303 1052 et

738 1090 902 1140 factio
936 1090 1078 1141 imer
1106 1089 1250 1156 ipsos
1275 1097 1374 1139 est.
1409 1086 1696 1151 Quomodo
1724 1088 1885 1140 etiam
1917 1088 2174 1156 possibile
2199 1098 2301 1153 est,

736 1192 802 1230 ex
842 1179 948 1230 [leo
992 1179 1265 1230 hominem
1322 1178 1474 1230 ﬁeri?
1542 1180 1696 1239 item,
1761 1178 1873 1242 Qua
1922 1179 2129 1232 ratione
2181 1196 2302 1234 cum

744 1272 884 1322 lteus
927 1269 1107 1330 fuerit,
1161 1269 1327 1321 homo
1366 1269 1538 1323 factus
1583 1270 1701 1320 est?
1736 1270 2033 1331 I’rasterea,
2069 1271 2213 1338 quod
2261 1273 2305 1325 si

738 1361 989 1414 Chrisms
1038 1360 1179 1413 Deus
1205 1370 1406 1413 eratet
1456 1360 1546 1412 Dei
1592 1357 1781 1422 Filius,
1819 1375 1918 1412 cur
1969 1375 2079 1412 non
2131 1362 2305 1413 homi-

742 1467 864 1504 nem
899 1453 979 1504 vel
1023 1452 1171 1505 nudo
1214 1459 1308 1503 aut
1351 1451 1465 1503 solo
1498 1450 1665 1503 verbo
1692 1452 1948 1516 servavit,
2000 1452 2094 1505 sed
2154 1453 2305 1519 quasi

744 1544 1061 1601 impotentia
1097 1543 1413 1610 impeditus,
1449 1541 1610 1595 homo
1634 1542 1809 1596 factus
1841 1555 1940 1603 est,
1968 1553 2306 1613 mortemque

743 1635 911 1688 subiit
944 1644 1002 1687 ut
1028 1635 1302 1687 hominem
1335 1632 1605 1686 salvaret?
1637 1633 1885 1700 Insuper,
1916 1635 1955 1687 si
1993 1636 2133 1688 Deus
2164 1644 2303 1698 erat,

743 1726 1018 1793 quomodo
1049 1739 1241 1791 passus
1271 1724 1391 1777 est?
1427 1725 1567 1777 Deus
1601 1724 1747 1776 enim
1791 1739 1898 1775 non
1941 1725 2163 1792 patitur.
2203 1727 2307 1779 De-

745 1817 908 1881 nique
953 1816 1095 1883 quod
1135 1830 1233 1868 nos
1270 1816 1361 1883 qui
1406 1815 1681 1869 Christum
1736 1814 2076 1881 profitemur,
2127 1825 2306 1868 trans-

744 1908 1057 1975 grediuntur
1086 1918 1141 1961 et
1183 1908 1457 1959 solvamus
1508 1907 1677 1973 legem
1730 1904 2041 1967 Mosaicam,
2089 1906 2303 1957 incuse-

746 2015 869 2052 mus
912 2015 1037 2051 vero
1067 2006 1119 2053 ct
1150 2000 1474 2050 damnemus
1510 2012 1625 2055 vos,
1669 2005 1727 2049 ut
1756 1995 1849 2064 qui
1894 1996 2053 2063 impie
2088 2004 2142 2048 et
2176 1995 2308 2050 falso

746 2090 995 2144 eamdem
1033 2090 1359 2142 observetis.
1411 2089 1553 2141 Fieri
1606 2090 1808 2156 itaque,
1864 2098 1921 2140 ut
1959 2103 2058 2141 nos
2092 2089 2182 2156 qui
2216 2103 2306 2143 ac-

748 2182 1088 2234 cusationem
1145 2195 1539 2241 merueramus,
1594 2195 1691 2232 vos
1743 2179 1887 2246 ipsos
1938 2179 2030 2246 qui
2096 2179 2308 2233 laudem

750 2271 1046 2334 meruistis,
1097 2272 1548 2324 condemnemus.
1587 2270 1738 2333 Item,
1778 2271 1921 2339 quod
1958 2281 2011 2325 et
2062 2270 2310 2325 Christus

749 2359 814 2412 de
856 2358 1130 2412 Mahomet
1177 2358 1505 2411 vaticinatus
1556 2358 1644 2419 sit,
1699 2359 1985 2428 ipsumque
2033 2375 2311 2415 commen-

750 2448 992 2511 daverit;
1034 2447 1287 2516 quodque
1317 2462 1516 2500 nomen
1560 2447 1674 2514 ejus
1707 2459 1761 2500 ct
1819 2450 1869 2501 in
1922 2451 2093 2503 veteri
2149 2450 2311 2503 Mosis

753 2540 870 2607 lege
904 2550 959 2591 et
1001 2539 1053 2590 in
1092 2539 1384 2606 Evangelio
1443 2537 1777 2603 descriptum
1834 2538 2129 2593 Christiani
2186 2557 2309 2595 cum

754 2632 938 2685 multis
964 2630 1085 2683 aliis
1121 2630 1401 2699 eiecerint.
1442 2630 1545 2683 Sed
1589 2641 1644 2684 et
1681 2632 1784 2684 hoc
1814 2632 1866 2684 hi
1895 2632 2058 2684 iidem
2083 2634 2312 2687 addide-

754 2731 903 2785 runt,
937 2722 1079 2790 quod
1110 2722 1299 2791 cupias
1340 2722 1637 2790 apologiam
1674 2733 1910 2776 nostram
1954 2724 2312 2792 copiosiorem

753 2823 809 2864 et
832 2812 1108 2879 puriorem
1138 2812 1343 2865 haberi.
1372 2811 1466 2863 llis
1498 2812 1678 2878 itaque
1716 2812 1972 2877 cognitis,
2008 2814 2313 2867 inst'tutum

756 2911 908 2953 tuum
951 2900 1325 2967 comprobavi.
1358 2900 1683 2969 Quicunque
1729 2901 1875 2952 enim
1926 2901 2204 2954 veritatem
2236 2903 2318 2955 in-

755 2990 1061 3056 quisiverit,
1094 2989 1341 3043 eamdem
1394 2989 1623 3043 invenit.
1679 2990 2004 3043 Musulmani
2055 2992 2200 3044 enim
2238 2992 2319 3045 in-

759 3079 1023 3133 terdicere
1057 3080 1254 3141 solent,
1291 3095 1358 3133 ne
1381 3079 1601 3148 quidam
1638 3080 1859 3133 illorum
1897 3095 2021 3134 cum
2052 3080 2318 3134 Christia.

758 3171 843 3223 nis
883 3170 1195 3239 disputent;
1252 3170 1510 3227 nimirum
1552 3172 1621 3224 ob
1660 3172 1783 3235 hoc,
1831 3183 2093 3239 quantum
2131 3172 2319 3225 videre

760 3269 863 3322 est,
896 3275 962 3313 ne
1006 3261 1211 3315 mutuis
1254 3259 1745 3327 disceptationibus
1787 3262 2089 3327 exercitati,
2126 3276 2315 3330 puram

758 3352 1041 3404 veritatem
1079 3359 1398 3419 agnoscant.
1428 3350 1723 3404 Christiani
1774 3360 1964 3405 contra
1997 3366 2118 3404 cum
2152 3352 2317 3403 animi

759 3437 954 3490 ﬁducia
1011 3437 1308 3491 innitentes
1348 3452 1497 3505 purae
1546 3450 1656 3490 suae
1689 3436 1838 3500 ﬁdei,
1879 3447 1932 3491 et
1970 3438 2153 3499 rectis,
2196 3452 2322 3505 pro-

758 3529 901 3583 batis
947 3529 1223 3596 verisque,
1270 3542 1392 3595 quae
1436 3526 1754 3591 observant,
1808 3526 2097 3596 dogmatis,
2145 3527 2322 3581 nullos

756 3622 981 3675 omnino
1030 3634 1253 3673 suorum
1316 3618 1643 3688 impediunt,
1706 3619 1799 3673 sed
1856 3618 2053 3688 singuli
2106 3618 2319 3671 illorum

760 3712 1100 3766 conﬁdenter
1137 3720 1191 3763 et
1217 3708 1391 3763 libere
1422 3724 1544 3763 cum
1590 3708 1873 3774 omnibus,
1904 3709 2322 3778 quibuscunque

758 3799 1003 3860 libuerit,
1042 3797 1316 3865 disputare
1375 3797 1569 3850 solent.
1630 3796 1709 3850 En
1755 3797 1921 3865 igitur
1961 3797 2115 3865 juxta
2155 3796 2321 3848 animi

759 3890 841 3944 tui
884 3890 1231 3950 sententiam,
1277 3886 1653 3941 defensionem
1696 3899 1867 3939 meam
1920 3885 2095 3954 quoad
2132 3895 2322 3953 potero

760 3981 1060 4043 instituam,
1088 3994 1152 4033 ea
1180 3978 1389 4032 scilicet
1420 3977 1746 4039 edisserens,
1781 3977 1847 4031 de
1887 3976 2089 4045 quibus
2118 3975 2185 4029 ad
2224 3989 2323 4029 nos

760 4068 1009 4123 scribens
1048 4068 1368 4122 dubitavisti
1399 4076 1454 4120 et
1494 4066 1865 4136 interrogasti.
1896 4066 2060 4133 Atqui
2089 4065 2205 4120 haec
2228 4073 2321 4119 tua

762 4169 910 4223 sunt,
943 4174 975 4213 ο
1004 4159 1143 4213 bone
1190 4157 1520 4226 Sampsates,
1553 4157 1738 4211 verba.
1775 4158 1888 4227 Ego
1918 4173 2048 4211 vero
2077 4156 2209 4225 quid
2240 4156 2323 4209 di-

763 4263 888 4302 cere
926 4256 1020 4301 aut
1064 4247 1214 4315 loqui
1262 4246 1449 4310 velim,
1499 4254 1555 4298 et
1591 4246 1733 4300 unde
1791 4247 2056 4299 orationis
2110 4260 2325 4299 sumere

764 4338 1003 4397 initium,
1029 4351 1136 4389 non
1161 4335 1320 4388 video
1346 4352 1359 4387 :
1383 4334 1607 4397 veritus,
1631 4351 1700 4390 ne
1721 4334 1819 4388 tibi
1843 4335 2019 4388 simile
2042 4335 2322 4403 quiddam,

764 4428 908 4497 quod
942 4427 1026 4478 bis
1055 4425 1143 4488 qui
1196 4425 1367 4479 oculis
1399 4425 1676 4490 laborant,
1716 4426 2028 4494 contigerit.
2075 4424 2139 4478 Hi
2179 4426 2322 4478 enim

2406 641 2498 692 καὶ
2531 639 2796 706 ἀπολογία
2834 640 3037 707 ἐκείνη.
3092 639 3484 710 Μετεμελήθης
3520 643 3647 709 γὰρ,
3708 636 3865 691 εἷπον
3904 640 3956 691 δὲ

2406 732 2498 782 καὶ
2525 729 2680 782 τοῦτο
2706 732 2753 783 oi
2781 732 2957 793 αὐτοὶ,
2989 731 3069 783 ὅτι
3104 731 3302 796 λέγεις,
3327 730 3448 791 Πῶς
3474 731 3583 781 ἐστι
3610 730 3845 781 δυνατὶν
3876 731 3965 780 τὸν

2404 821 2538 874 Θεὸν
2564 822 2707 891 ἔχειν
2748 824 2861 874 titi
2916 822 3041 876 ἄνευ
3097 822 3382 889 γυναικόςς
3440 823 3486 873 εί
3518 823 3623 889 γὰρ
3655 822 3766 872 υἱὸν
3818 816 3963 887 εἶχεν

2403 914 2610 976 ὁθεὺς,
2647 913 2753 965 ίδοῦ
2783 914 2986 983 σχίσμα
3044 914 3134 965 καὶ
3199 914 3389 974 στάσις
3440 913 3495 964 ἐν
3554 912 3703 978 μέσῳ
3759 912 3962 963 αὐτῶν.

2404 1004 2515 1056 Καὶ
2544 1003 2660 1066 πῶς
2690 1006 2804 1056 ἐστι
2832 1003 3053 1056 δυνατὸν
3079 1003 3210 1055 Θεὸν
3237 1002 3487 1069 γενέσθαι
3515 1002 3834 1065 ἄνθρωπον;
3867 999 3964 1050 Καὶ

2403 1095 2507 1146 τίνι
2540 1097 2725 1163 τρόπῳ
2772 1094 2903 1152 Θεὸς
2938 1092 3035 1155 ὢν,
3072 1095 3291 1160 γέγονεν
3348 1092 3669 1159 ἄνθρωπος,
3724 1092 3830 1141 Καὶ
3863 1091 3961 1153 ὅτι,

2404 1186 2450 1236 εί
2481 1179 2548 1253 ἦν
2578 1185 2708 1245 Θεὸς
2737 1186 2762 1235 ὁ
2795 1184 3047 1251 Χριστὸς,
3085 1182 3176 1235 καὶ
3206 1181 3339 1234 Θεοῦ
3375 1181 3641 1245 Υἱὸς,.τῶς
3666 1180 3764 1231 οὐκ
3796 1180 3962 1230 ἔσωσε

2403 1275 2492 1326 τὸν
2555 1275 2842 1343 ἄνθρωπον
2888 1274 3027 1342 ψιλῷ
3087 1274 3246 1340 λόγῳ,
3300 1270 3631 1339 ἁλλ’ὦσπερ
3692 1268 3963 1321 ἀδυνατῶν

2405 1363 2619 1430 ἐγένετο
2668 1363 2994 1430 ἄνθρωπος,
3048 1366 3142 1415 καὶ
3197 1361 3490 1424 ἀπέθανεν,
3549 1362 3632 1412 ἵνα
3672 1361 3819 1429 σώσῃ
3879 1359 3964 1410 τὸν

2404 1454 2726 1522 ἄνθρωπον;
2768 1456 2873 1506 Καὶ
2907 1454 3026 1506 ἐπεὶ
3065 1454 3194 1515 Θεὸς
3233 1450 3322 1523 ἦν,
3366 1453 3482 1514 πῶς
3536 1451 3772 1515 ἕπαθεν;
3830 1450 3963 1503 Οὐδὲ

2406 1546 2513 1612 γὰρ
2552 1547 2751 1613 πάσχει
2780 1544 2929 1605 θεός.
2964 1545 3073 1596 Καὶ
3103 1545 3185 1596 ὅτι
3214 1545 3373 1613 ἡμεῖς
3421 1544 3467 1593 οἱ
3494 1541 3808 1609 Χριστιανοὶ
3836 1556 3970 1609 παρ-

2409 1636 2658 1704 έϐημεν,
2709 1638 2800 1687 καὶ
2859 1634 3233 1699 κατελύσαμεν
3289 1634 3380 1686 τὸν
3433 1632 3722 1685 Monet-xlv
3784 1635 3968 1699 νόμον¹

2409 1725 2819 1795 κατηγοροῦμεν
2845 1725 2900 1777 δὲ
2941 1724 3032 1777 καὶ
3062 1724 3462 1794 κατακρίνομεν
3502 1725 3642 1793 ὑμᾶς
3681 1724 3755 1783 ὼς
3808 1724 3973 1789 δῆθεν

2409 1817 2590 1878 κακῶς
2628 1818 2723 1868 καὶ
2757 1818 3185 1884 πεπλανημένως
3235 1816 3589 1885 κρατοῦντας.
3639 1816 3746 1865 Καὶ
3804 1832 3944 1864 κατα

2409 1906 2666 1975 κρίνομεν
2694 1905 2869 1973 ἡμεῖς,
2911 1905 2961 1957 oi
2989 1905 3128 1969 ἄξιοι
3153 1901 3503 1971 κατηγορίας.
3540 1903 3681 1970 ὑμᾶς
3710 1902 3836 1960 τοὺς
3867 1899 3977 1961 ἁξέ-

2409 2013 2502 2056 ους
2556 1994 2797 2048 ἐπαίνου.
2836 1997 2943 2049 Καί
2983 1996 3063 2047 ὅτι
3110 1997 3137 2047 δ
3171 1994 3403 2064 Χριστὸς
3448 1996 3673 2061 προεῖπε
3710 1993 3837 2061 περὶ
3879 1990 3973 2043 τοῦ

2410 2087 2682 2155 Μωάμεθ,
2717 2087 2810 2139 καὶ
2885 2087 3157 2156 ἐπῄνεσεν
3212 2086 3391 2150 αὑτὸν,
3438 2085 3534 2137 καὶ
3585 2084 3977 2151 γεγραμμένον

2411 2178 2692 2245 εὑρίσκετο
2717 2178 2774 2229 τὸ
2794 2179 2961 2245 δνομα
2986 2177 3147 2230 αὑτοῦ
3174 2180 3229 2229 ἐν
3251 2177 3327 2242 τῷ
3354 2176 3445 2228 τοῦ
3469 2176 3711 2237 Μωσέως
3738 2174 3976 2240 παλαιῷ,

2412 2270 2504 2320 καὶ
2552 2269 2610 2321 ἐν
2658 2269 2734 2337 τῷ
2770 2268 3123 2338 Εὖαγγελὶιξ),
3178 2271 3223 2321 οἱ
3261 2269 3316 2321 δὲ
3368 2268 3683 2335 Χριστιανοὶ
3723 2264 3977 2327 ἐξέϐαλον

2412 2360 2543 2411 αὐτὸ
2576 2361 2712 2428 μετὰ
2744 2360 2850 2414 τῶν
2878 2361 3068 2415 ἄλλων.
3104 2357 3267 2413 Εἶπον
3300 2360 3392 2412 καὶ
3426 2359 3580 2411 τοῦτο
3632 2360 3678 2409 οί
3711 2356 3975 2419 ἐλθόντες,

2411 2451 2491 2503 ὅτι
2544 2452 2834 2519 ἀπεδέχου,
2871 2453 2955 2505 ἵνα
3000 2453 3031 2521 ἡ
3070 2453 3207 2520 πρὸς
3253 2453 3312 2504 σέ
3351 2468 3449 2521 μου
3501 2449 3767 2516 ἀπολογία
3834 2447 3979 2515 εὑρί-

2415 2558 2575 2594 σκετο
2594 2542 2985 2610 πλατυκωτέρα
3008 2543 3103 2595 καὶ
3121 2541 3494 2611 καθαρωτέρα.
3514 2540 3685 2592 Τοῦτο
3707 2538 3980 2605 γνωρίσας

2414 2629 2549 2694 ἐγὼ,
2584 2629 2933 2694 ἀπεδεξάμην
2988 2648 3081 2682 σου
3116 2632 3205 2681 τὸν
3241 2633 3460 2700 τρόπον.
3498 2631 3611 2689 Πᾶς
3645 2626 3753 2697 γὰρ
3780 2630 3805 2679 ὁ
3840 2628 3978 2693 μετὰ

2417 2722 2653 2783 σπουδῆς
2685 2721 2867 2789 ζητῶν
2899 2723 2996 2792 τὴν
3024 2722 3306 2788 ἀλήθειαν,
3340 2721 3589 2790 εὑρίσκει
3615 2720 3801 2788 αὐτὴν,
3844 2720 3893 2770 οί
3928 2719 3980 2770 δὲ

2416 2812 2823 2879 Μουσουλμάνοι
2898 2813 3299 2880 ἐμποδίζουσιν,
3371 2813 3454 2864 ἵνα
3487 2812 3845 2877 διαλέγωνταί
3898 2827 3981 2861 τι·

2419 2921 2506 2965 νες
2544 2904 2600 2968 ἐξ
2663 2902 2838 2955 αὐτῶν
2885 2903 3022 2971 μετὰ
3048 2904 3154 2955 τῶν
3180 2901 3541 2971 Χριστιανῶν,
3583 2902 3657 2962 ὡς
3690 2902 3859 2962 ἔοικε,
3909 2900 3981 2967 μή

2420 3011 2549 3047 ποτε
2578 2995 2954 3061 διαλεγόμενοι
2988 2995 3125 3062 πρὸς
3162 2994 3443 3060 ἀλλήλους,
3503 2993 3691 3060 γνῶσιι
3724 2992 3983 3059 καθαρῶς

2420 3086 2518 3152 τὴν
2541 3084 2819 3153 ἀλήθειαν.
2861 3084 2923 3136 Oi
2956 3084 3011 3136 δὲ
3051 3085 3365 3153 Χριστιανοὶ
3418 3081 3755 3154 θαρροῦντες
3782 3084 3863 3143 εἰς
3887 3084 3985 3148 τὴν

2347 3199 2389 3254 C
2422 3176 2668 3242 καθαρὰν
2714 3175 2895 3227 πίστιν
2956 3173 3160 3237 αὐτῶν,
3199 3176 3290 3227 καὶ
3352 3176 3433 3236 είς
3490 3173 3633 3242 ἀπερ
3692 3172 3985 3241 κρατοῦσιν

2421 3266 2556 3336 ὀρθὰ
2596 3268 2691 3320 καὶ
2744 3266 2921 3335 ἀληθῆ
2978 3266 3245 3336 δόγματα,
3302 3266 3411 3319 οὐδ’
3442 3267 3575 3327 ὅλως
3628 3265 3986 3333 ὲμποδίζουσί

2420 3373 2571 3419 τινας
2626 3355 2682 3419 ἐξ
2730 3357 2930 3418 αὐτῶν,
2957 3356 3091 3408 ἀλλὰ
3123 3358 3258 3423 μετά
3290 3357 3470 3425 πάσης
3496 3356 3675 3418 ἀδείας
3710 3356 3800 3408 καὶ
3839 3356 3990 3420 ἐξου-

2424 3447 2541 3507 σίας
2570 3442 2649 3507 εἷς
2676 3448 2909 3507 ἕκαστος
2948 3447 3127 3498 αὐτῶν
3154 3446 3455 3513 διαλέγεται
3487 3447 3621 3513 μετά
3642 3448 3858 3499 πάντων
3917 3441 3991 3498 ὧν

2424 3537 2703 3605 βούλεταιθ
2730 3537 2822 3589 καὶ
2853 3536 3128 3605 ὀρέγεται.
3154 3538 3264 3589 Καὶ
3304 3537 3414 3589 ίδοὺ
3443 3537 3583 3590 κατά
3617 3538 3712 3606 τὴν
3777 3538 3877 3605 σὴν
3903 3538 3990 3589 θέα

2422 3629 2579 3695 λησιν
2632 3629 2810 3695 μέλλω
2835 3627 3270 3697 ἀπολογήσεσθαι
3320 3628 3465 3681 κατά
3495 3628 3581 3684 ,τὸ
3608 3628 3832 3681 δυνατόν
3876 3644 3989 3697 μοι,

2422 3718 2548 3787 περὶ
2575 3716 2649 3772 ὧν
2678 3719 2798 3771 τότε
2829 3717 3094 3787 ἔγραψας,
3143 3720 3235 3771 καὶ
3264 3714 3339 3771 ὧν
3364 3719 3501 3771 κατά
3549 3719 3610 3770 τὸ
3640 3718 3814 3787 παρὸν
3862 3719 3989 3789 ἐξή-

2420 3826 2592 3879 τησας
2656 3813 2747 3862 καὶ
2793 3811 3105 3879 ἠρώτησας.
3157 3808 3345 3862 Ταῦτά
3400 3825 3496 3861 σου
3550 3810 3617 3861 τὰ
3670 3812 3915 3878 ῥήματα.
3949 3806 3991 3862 ὦ

2420 3899 2553 3952 καλέ
2605 3898 2899 3968 Σαμψατὴν
2924 3941 2938 3964 ,
2975 3899 3086 3966 ἐγὼ
3113 3899 3169 3952 δὲ
3212 3900 3266 3951 τί
3301 3899 3478 3969 μέλλω
3528 3901 3701 3953 εἰπεῖν
3748 3902 3843 3952 καὶ
3898 3902 3993 3953 λα-

2420 3989 2600 4058 λῆσαι,
2632 3988 2723 4041 καὶ
2758 3988 2923 4041 πόθεν
2964 3988 3255 4057 ἄρξασθαι,
3304 3988 3366 4040 οὐ
3411 3989 3689 4054 γινώσκω,
3726 3988 3993 4058 ἐνθυμού-

2426 4095 2583 4149 μενος
2606 4079 2817 4130 τὸ”τῶν
2876 4077 3325 4147 ὀφθαλμιώντων,
3365 4080 3436 4147 μή
3476 4096 3604 4131 ποτε
3662 4080 3756 4130 καὶ
3802 4080 3861 4131 ἐν
3909 4080 3992 4132 σοὶ

2423 4172 2664 4239 γένηται,
2704 4171 2901 4221 ἐκεῖνοι
2949 4168 3057 4239 γὰρ
3102 4169 3352 4231 ἀσθενεῖς
3418 4170 3642 4238 ἔχοντας
3665 4170 3764 4231 τὰς
3817 4170 3991 4238 ὄψεις,

2422 4261 2482 4312 τὸ
2508 4260 2600 4312 τοῦ
2636 4259 2786 4328 ἠλίου
2819 4262 2937 4325 φῶς
2985 4259 3446 4328 ἀποστρέφονται,
3482 4260 3579 4311 καὶ
3610 4260 3667 4309 ἐν
3699 4260 3777 4328 τῷ
3811 4262 3993 4313 σκότει

2428 4346 2622 4415 μᾶλλον
2646 4343 3035 4399 ἀναπαύονται.
3070 4343 3226 4397 Οὕτω
3284 4345 3377 4397 καὶ
3424 4345 3488 4397 σὺ
3539 4345 3698 4407 αὐτὸς
3734 4344 3994 4413 ἀληθείας

2425 4436 2662 4495 ἀκούσας
2698 4436 2919 4502 ῥήματα
2961 4437 3051 4487 καὶ
3082 4435 3454 4504 δικαιοσύνης,
3480 4436 3579 4503 τὴν
3614 4435 3710 4503 μὲν
3733 4434 3996 4503 ἀλήθειαν

764 4531 887 4571 cum
935 4514 1083 4567 visus
1109 4513 1219 4566 sint
1264 4513 1660 4576 imbecillioris,
1708 4512 1839 4567 solis
1880 4513 2061 4567 radios
2110 4512 2324 4566 lumen-
2355 4520 2403 4577 Ι)

2355 4520 2403 4577 D
2430 4528 2840 4596 ἀποστραφῆναι
2901 4525 3136 4594 μέλλεις,
3171 4526 3266 4578 καὶ
3334 4524 3394 4577 τὸ
3444 4524 3559 4591 φῶς
3601 4527 3700 4593 τῆς
3735 4525 3994 4595 ἀληθείας

766 4623 873 4676 que
925 4612 1268 4669 aversantur,
1321 4612 1377 4657 et
1432 4604 1487 4658 in
1542 4602 1787 4657 tenebris
1844 4603 2028 4671 potius
2076 4602 2324 4657 desidere

766 4698 1024 4768 gaudent.
1071 4698 1147 4750 Ita
1181 4696 1347 4750 etiam
1382 4694 1478 4749 tibi
1515 4694 1759 4749 veritatis
1803 4705 1859 4749 et
1898 4694 2125 4763 iustitiae
2160 4695 2327 4749 verba

766 4790 1011 4843 audienti
1055 4788 1340 4856 contingit.
1395 4786 1697 4840 Veritatem
1752 4786 1899 4840 enim
1967 4786 2327 4851 aversaberis,

768 4881 1005 4946 odioque
1053 4876 1299 4940 habebis,
1340 4876 1512 4928 multo
1544 4875 1725 4943 potius
1782 4874 2009 4943 cupiens
2067 4877 2123 4928 in
2178 4875 2331 4929 vanis

770 4968 874 5029 bis,
906 4965 1106 5033 quibus
1144 4980 1288 5017 nunc
1330 4965 1621 5017 immersus
1645 4978 1729 5025 es,
1781 4962 2021 5016 tenebris
2059 4962 2329 5025 desidere,

769 5054 911 5108 sicut
940 5063 995 5105 et
1038 5053 1109 5104 illi
1136 5050 1203 5104 de
1236 5052 1437 5118 quibus
1469 5053 1630 5105 modo
1659 5051 1917 5104 diximus.
1951 5051 2106 5116 Quod
2152 5060 2332 5107 tamen

772 5158 840 5196 ne
870 5140 981 5202 ﬁat,
1026 5143 1312 5208 deprecor.
1388 5140 1775 5194 Verumtamen
1830 5141 2013 5194 innata
2071 5140 2164 5195 illa
2214 5140 2334 5204 tibi,

774 5258 935 5311 quam
979 5241 1118 5293 Deus
1148 5239 1736 5308 concessit,judicandi
1782 5239 2117 5309 cognitione,
2168 5240 2335 5295 disci-

776 5342 936 5410 plinis
967 5354 1181 5406 quoque
1230 5349 1282 5391 et
1333 5338 1675 5393 institutione
1710 5338 1957 5402 honesta,
1985 5353 2091 5406 qua
2121 5339 2341 5392 institu-

782 5441 867 5482 tus
886 5444 968 5491 es,
1003 5430 1225 5494 insuper
1250 5428 1474 5481 honesta
1507 5438 1562 5481 et
1594 5429 1824 5496 integra,
1856 5444 2016 5495 quam
2056 5429 2150 5482 tibi
2184 5430 2338 5483 multi

779 5520 1050 5580 tibuunt,
1097 5516 1431 5569 conscientia
1484 5519 1624 5585 (quae
1674 5516 1857 5570 omnia
1907 5527 1955 5569 te
1994 5518 2046 5570 in
2095 5519 2342 5572 veritatis

792 5611 932 5662 viam
985 5606 1242 5660 inducere
1282 5606 1526 5673 possunt)
1562 5605 1703 5667 freti,
1742 5606 1888 5659 hunc
1930 5606 2171 5660 laborem
2221 5623 2342 5661 sus-

785 5699 1049 5766 cepimus.
1083 5696 1194 5749 Nee
1224 5697 1371 5750 enim
1403 5697 1701 5750 multorum
1726 5707 1781 5749 et
1810 5696 2086 5750 variorum
2123 5697 2235 5749 ha-c
2262 5709 2345 5752 est

790 5789 1044 5857 cognitio.
1091 5787 1247 5843 Nunc
1281 5795 1480 5854 autem,
1528 5794 1586 5843 ut
1617 5788 1730 5858 ipse
1759 5786 1933 5853 vides,
1968 5785 2033 5841 ad
2069 5795 2119 5842 te
2143 5787 2343 5855 scribo,

2430 4615 2674 4683 μισῆσαι,
2710 4615 2805 4665 καὶ
2860 4612 2953 4665 ἐπὶ
3007 4612 3069 4663 τὸ
3105 4613 3331 4681 μάταιον
3381 4613 3589 4673 σκότος,
3633 4614 3691 4663 ὲν
3736 4606 3781 4679 ᾧ
3844 4615 3997 4683 εὑρί-

2430 4720 2535 4774 σκῃ
2600 4704 2696 4756 νῦν
2748 4704 3201 4771 ὲπαναπαυθῆναι
3259 4703 3481 4771 μᾶλλον,
3526 4703 3715 4773 ὥσπερ
3773 4705 3994 4768 ἐκεῖνοι,

2428 4794 2564 4863 ὅπερ
2611 4792 2946 4863 ἀπεύχομαι.
2998 4793 3189 4861 Ὅμως
3246 4792 3532 4862 θαρρήσας
3571 4792 3649 4854 είς
3707 4792 3808 4861 τὴν
3838 4811 3997 4862 φυσι-

2432 4886 2535 4953 κὴν
2574 4886 2774 4953 γνῶσιν
2813 4885 2879 4955 ἢν
2904 4883 3168 4953 παράεσοὶ
3201 4882 3329 4944 Θεὸς
3356 4883 3689 4953 ἐδωρήσατο,
3737 4884 3876 4935 ἀλλὰ
3935 4885 3999 4955 δὴ

2435 4979 2527 5030 καὶ
2563 4980 2640 5038 εἰς
2679 4987 2778 5048 την
2811 4976 3046 5044 μάθησιν
3089 4976 3183 5027 καὶ
3232 4974 3513 5027 παίδευσιν
3562 4974 3630 5043 ἢν
3690 4974 3999 5043 ἐδιδάχθης,

2436 5064 2515 5117 ἐτι
2546 5065 2602 5117 δὲ
2635 5065 2729 5117 καὶ
2777 5063 2945 5133 ὀρθὴν
2979 5065 3074 5116 καὶ
3114 5062 3285 5132 καλὴν
3355 5062 3675 5131 συνείδησιν,
3736 5067 3803 5131 ἢν
3853 5067 4003 5132 παρὰ

2438 5153 2647 5207 πολλῶν
2709 5153 2854 5219 ἐχειν
2906 5151 3366 5220 μεμαρτύρησαι,
3423 5151 3581 5203 ᾰτινα
3623 5150 3895 5219 ὁδηγῆσαί
3947 5170 4004 5204 σε

2438 5242 2575 5310 πρὸς
2602 5241 2693 5293 τὸν
2715 5242 2814 5308 τῆς
2842 5240 3094 5307 ἀληθείας
3123 5240 3237 5291 ὁδὸν
3272 5239 3353 5306 (οὐ
3400 5238 3507 5305 γὰρ
3549 5238 3660 5291 τῶν
3711 5239 3925 5291 πολλῶν
3973 5241 4005 5307 ἡ

2440 5332 2660 5400 γνῶσις)
2692 5332 2792 5401 ἤδη
2820 5334 2891 5394 ὡς
2922 5332 3053 5401 ὁρᾷς
3105 5331 3301 5399 γράφω
3330 5345 3434 5393 σοι,
3483 5331 3577 5381 καὶ
3605 5324 3716 5380 οἷον
3749 5331 4008 5398 ἀμνημο-

2442 5426 2608 5494 νήσας
2668 5424 2728 5475 τὸ
2778 5424 2875 5491 τῆς
2911 5425 3049 5492 ἐμῆς
3101 5422 3336 5483 διανοίας
3397 5420 3602 5483 στενὸν,
3671 5422 3766 5472 καὶ
3813 5422 3875 5473 τὸ
3910 5422 4008 5489 τῆς

2445 5516 2687 5581 ἀμαθίας
2720 5514 2814 5566 καὶ
2846 5513 3132 5581 ἀγροικίας
3164 5512 3415 5574 ἀσθενὲς,
3442 5510 3755 5578 ἠϐουλήθην
3806 5510 4008 5563 ἀπολο-

2445 5606 2701 5671 γίσασθαι
2750 5605 2841 5657 καὶ
2884 5605 3055 5668 δεῖξαι
3104 5604 3241 5671 πρὸς
3302 5603 3383 5667 σὲ,
3433 5602 3563 5671 περὶ
3610 5597 3685 5655 ὧν
3730 5600 4009 5670 ἐζήτησας

2452 5698 2543 5749 καὶ
2601 5694 2914 5764 ἠρώτησας,
2975 5694 3069 5761 ἀφ’
3108 5688 3182 5745 ὧν
3214 5693 3425 5761 ἡκουσά
3478 5708 3537 5743 τε
3578 5693 3668 5743 καὶ
3702 5691 4010 5760 ἐδιδάχθην,

2449 5788 2769 5855 ἀνοιγέντων
2808 5785 2915 5838 τῶν
2946 5783 3239 5854 ὀφθαλμῶν
3275 5799 3375 5853 μου
3404 5781 3539 5837 θεοῦ
3574 5781 3856 5850 συνὰρσει,
3897 5782 4013 5833 ἐπι-
