4204 6444
271 417 373 482 381

1228 428 1531 493 CONTRA
1575 434 2067 494 MAHOMETEM
2112 434 2484 495 AFOLOGEA
2534 438 2578 495 Ι.

3401 430 3508 496 389.

270 532 599 616 cepa-stivae;
629 536 735 589 ἀπὸ
794 539 891 608 τῆς
930 544 1160 609 ματαίας
1215 548 1308 599 καὶ
1365 546 1845 614 πατροπαραδότου

1952 556 2007 600 et
2036 548 2192 616 quasi
2218 547 2422 602 oblitus
2454 547 2653 616 ingenii
2688 545 2818 606 mei,
2867 543 3147 599 tenuitatis
3174 556 3229 600 et
3261 545 3512 612 inscitiae,

271 607 567 717 θρησκείας
603 628 735 696 πρὸς
906 607 1179 703 ἀκραιφνῆ
1241 639 1335 688 καὶ
1388 607 1689 704 ἀμώμητον
1746 636 1839 690 τοῦ

270 713 507 781 Χριστοῦ
555 718 754 779 πίστιν,
780 722 871 772 καὶ
893 720 992 791 τὴν
1023 725 1122 792 τῆς
1144 724 1403 794 ἀληθείας
1460 726 1599 780 ὁδόν.
1655 728 1843 796 Παρα-

272 804 420 855 καλῶ
439 806 619 858 τοίνυν
661 809 876 863 ἀκούειν
922 814 1174 877 συνετῶς.
1212 815 1345 869 Οὐδὲ
1375 816 1482 883 γὰρ
1530 818 1627 870 ἀπ’
1672 820 1843 886 ἐμαυ-

268 893 364 944 τοῦ
419 898 597 963 μέλλω
632 898 881 969 λαλήσειν
913 903 1050 970 πρὸς
1076 905 1155 969 σὲ,
1201 906 1319 958 οὐδὲ
1372 906 1430 968 ἐξ
1465 899 1538 959 ὧν
1588 908 1749 976 ὑμεῖς
1780 907 1840 959 ού

270 986 666 1054 παραδέχεσθε,
721 990 970 1045 ἀλλ’ἀπδ
1015 994 1122 1045 τῶν
1172 996 1369 1063 βίϐλων
1398 991 1473 1050 ὧν
1531 998 1734 1060 πάντες
1792 1000 1839 1050 οἱ

270 1072 685 1145 Μουσουλμέινοι
720 1081 1068 1148 ὁμολογοῦσιν
1123 1083 1261 1136 εἶναι
1296 1085 1514 1151 ἀληθεῖς
1558 1088 1650 1139 καὶ
1682 1087 1843 1155 ἁγίας

270 1163 519 1233 Γραφάς,
558 1168 650 1220 καὶ
681 1170 787 1223 ἀπὸ
827 1172 922 1224 τοῦ
953 1174 1089 1226 Θεοῦ
1120 1174 1427 1243 δεδομένας.
1478 1177 1684 1245 Σκέψαι
1726 1179 1843 1229 τοί-

270 1273 393 1319 νυν,
429 1259 502 1325 μή
533 1275 664 1311 ποτε
692 1262 871 1333 πάθῃς
899 1264 1200 1331 παρόμοιον
1225 1269 1338 1327 τοῖς
1365 1267 1673 1335 ἱσταμένοις
1703 1267 1840 1319 ὲπά-

271 1367 348 1399 νω
383 1349 695 1420 θησαυρῶν,
733 1354 824 1405 καὶ
861 1354 934 1424 μὴ
968 1354 1330 1422 γινώσκουσιν
1384 1357 1517 1410 ἔνθα
1574 1359 1839 1418 ἵστανται,

270 1442 365 1491 καὶ
394 1442 447 1493 τί
499 1443 614 1494 ἐστι
658 1443 879 1510 πλησίον
904 1446 1140 1509 τούτοις.
1192 1448 1299 1499 Καὶ
1332 1450 1441 1517 γὰρ
1490 1450 1684 1501 ἐκεῖνοι
1717 1466 1845 1516 σχε-

268 1530 357 1582 δὸν
389 1533 447 1582 ἑν
474 1536 591 1595 ταῖς
626 1535 835 1588 ἑαυτῶν
862 1538 1049 1606 χερσὶν
1095 1539 1276 1606 ἔχουσι
1314 1540 1405 1591 τὸν
1449 1540 1625 1608 μέγαν
1683 1538 1845 1592 πλοῦ-

266 1637 385 1684 τον,
410 1624 517 1674 ἀπὸ
544 1624 597 1676 δὲ
625 1626 847 1691 ἀγνοίας
891 1627 1096 1680 τούτων
1126 1632 1314 1690 κεναῖς
1348 1630 1683 1698 ἀπέρχονται
1708 1633 1830 1691 ταῖς

265 1713 450 1779 χερσὶ,
494 1714 585 1765 καὶ
618 1716 732 1775 τοῖς
774 1716 1083 1784 ἱσταμένοις
1121 1718 1285 1786 μέσον
1337 1718 1570 1785 ποτίμου
1600 1719 1691 1770 καὶ
1720 1718 1844 1771 διει-

267 1802 540 1870 δεστάτης
570 1804 845 1874 βρώσεως,
866 1807 960 1858 καὶ
975 1809 1372 1876 ἀπερχομένοις
1396 1808 1643 1876 διψῶσιν.
1681 1809 1841 1861 Ἀλλὰ

1945 638 2391 706 rusticitatisqne,
2442 652 2549 705 qua
2604 652 2845 705 premor,
2916 635 3181 688 rationem
3240 637 3513 705 Apologia:

1945 733 2147 778 nostrae
2184 726 2414 780 reddere
2461 725 2694 786 institui.
2726 735 2778 779 et
2818 724 3110 779 ostendere
3158 738 3220 777 ea
3272 726 3395 790 tibi,
3444 726 3510 779 de

1943 815 2146 883 quibus
2178 817 2480 870 dubitando
2509 816 2935 884 interrogavisti,
2979 830 3213 884 quorutn
3244 814 3484 883 cognitio

1945 921 2067 958 nem
2113 906 2226 974 ipse
2265 909 2492 961 auribus
2525 909 2744 977 percepi
2778 917 2830 960 et
2869 908 3049 960 animo
3092 908 3321 961 edoctus
3366 922 3511 971 sum,

1944 996 2038 1049 Dei
2070 998 2272 1051 auxilio
2298 999 2555 1052 nimirum
2596 1000 2770 1053 oculis
2807 998 2946 1051 meis
2990 998 3213 1066 apertis,
3245 1013 3439 1066 meque
3483 1012 3513 1050 a

1945 1101 2105 1150 vana,
2141 1103 2415 1154 perversa,
2448 1104 2476 1140 a
2506 1090 2755 1157 patribus
2792 1090 2985 1143 tradita
3017 1087 3407 1156 superstitione
3444 1084 3512 1139 ad

1944 1175 2214 1230 sinceram
2252 1187 2306 1230 et
2338 1178 2668 1246 incnlpatam
2715 1178 2916 1235 Christi
2970 1179 3128 1231 ﬁdem
3167 1188 3221 1231 et
3269 1177 3515 1231 veritatis

1944 1266 2084 1319 viam
2128 1283 2413 1323 converso.
2441 1268 2641 1323 Hortor
2673 1270 2876 1338 itaque,
2924 1278 2985 1323 ut
3023 1278 3266 1322 attentus
3298 1268 3513 1322 audias.

1943 1355 2092 1411 Nihil
2118 1360 2263 1411 enim
2290 1374 2353 1413 ex
2388 1375 2472 1413 me
2497 1361 2745 1413 dicturus
2771 1375 2915 1422 sum,
2958 1373 3137 1427 neque
3180 1374 3245 1411 ex
3282 1359 3364 1410 his
3394 1372 3515 1426 qua:

1946 1463 1973 1500 a
2000 1449 2155 1503 vobis
2186 1464 2294 1502 non
2326 1452 2689 1520 recipiuntur,
2723 1451 2817 1506 sed
2862 1466 3048 1503 eorum
3095 1458 3217 1503 utar
3246 1448 3517 1501 librorum

1948 1539 2303 1600 testimoniis,
2354 1556 2493 1608 quos
2541 1556 2732 1594 omnes
2780 1539 3106 1594 Musultnani
3152 1554 3248 1608 pro
3279 1537 3427 1592 veris
3460 1548 3517 1593 et

1945 1630 2310 1682 sacrosanctis
2361 1630 2665 1698 Scripturis
2700 1647 2729 1683 a
2783 1632 2891 1684 [leo
2930 1629 3071 1684 datis
3116 1642 3421 1699 agnoscunt
3463 1636 3519 1681 et

1948 1718 2207 1773 fatentur.
2248 1717 2353 1774 Fac
2391 1720 2576 1789 igitur,
2620 1736 2688 1775 ne
2723 1720 2820 1774 tibi
2864 1721 3006 1774 idem
3036 1721 3337 1788 contingat.
3368 1717 3517 1787 quod

1950 1810 2017 1863 iis
2042 1809 2135 1878 qui
2163 1811 2435 1865 thesauris
2462 1811 2513 1865 in
2539 1820 2737 1865 terram
2772 1811 3003 1865 defossis
3031 1811 3368 1873 insistentes,
3401 1809 3521 1862 cui-

266 1895 430 1960 γενοῦ
467 1898 650 1963 ὅμοιος
700 1903 812 1959 τοῖς
859 1898 1093 1951 κοπιῶσι
1156 1902 1249 1951 καὶ
1299 1899 1562 1968 ἱδροῦσιν,
1614 1900 1701 1953 ἵνα
1754 1903 1845 1953 τὸν

1950 1916 2071 1953 nam
2118 1904 2192 1955 rei
2242 1902 2515 1962 insistant,
2545 1910 2601 1956 et
2631 1901 2890 1970 quidnam
2923 1902 3057 1969 ipsis
3091 1901 3396 1968 proximum
3423 1900 3517 1963 sit,

267 1988 654 2055 κεκρυμμένον
687 1986 781 2040 καλ⁵
812 1989 1009 2056 ,ἀφανῆ
1083 1989 1358 2058 θησαυρὸν
1428 1991 1705 2043 ἐκϐάλωσι
1750 1993 1845 2043 καὶ

267 2077 607 2146 κερδήσωσι,
641 2084 734 2131 καὶ
766 2080 889 2131 ἐπεὶ
918 2081 986 2132 τά
1024 2082 1134 2142 τοῖς
1167 2081 1396 2133 ἀσεόέσι
1443 2083 1539 2134 καὶ
1580 2082 1845 2151 ἀμαθέσιν

268 2169 617 2239 ἀγνοούμενα
648 2170 783 2223 Θεοῦ
812 2171 969 2238 λόγια
997 2173 1098 2242 ήδη
1133 2172 1270 2241 πρὸς
1305 2172 1366 2224 τὸ
1397 2173 1573 2242 παρὸν
1602 2174 1844 2242 ἐγχειρί-

267 2261 459 2320 ζονταί
523 2277 628 2325 σοι,
678 2261 942 2331 πρόσεεον
1002 2262 1088 2314 ἵνα
1156 2261 1296 2329 μετά
1353 2262 1842 2330 μεμεριμνημένου

267 2351 478 2402 σκοποῦ
525 2353 617 2404 καὶ
642 2354 903 2421 ἀκριϐοῦς
941 2351 1240 2415 ἐξετάσεως
1282 2351 1502 2422 διέλθῃς
1552 2351 1711 2411 αὐτὰ,
1748 2353 1843 2404 καὶ

266 2441 561 2511 ἐμπληθῇς
591 2443 740 2506 θείας
765 2442 1018 2511 γνώσεως
1043 2444 1135 2495 καὶ
1166 2441 1443 2510 ἀληθείας.
1482 2443 1709 2510 Μεγάλη
1736 2442 1846 2512 γάρ

266 2535 426 2585 ἔστιν
483 2534 517 2602 ἡ
550 2533 657 2586 τῶν
687 2534 1029 2603 Χριστιανῶν
1075 2534 1275 2595 πίστις,
1310 2533 1404 2585 καὶ
1444 2534 1587 2601 μέγα
1642 2535 1848 2603 μυστή-

1947 2006 2053 2045 non
2084 1992 2417 2060 intelligunt.
2456 1994 2519 2046 Hi
2549 1992 2693 2047 enim
2727 1994 2974 2061 ingentes
3022 1992 3244 2045 divitias
3304 1998 3514 2043 tantum

1944 2096 2050 2133 non
2091 2081 2142 2133 in
2178 2083 2430 2138 manibus
2473 2084 2758 2145 habentes,
2784 2083 3392 2152 propterignorantiam
3423 2082 3519 2135 ha-

1945 2183 2069 2221 rum
2113 2172 2300 2225 vacuis
2333 2172 2624 2226 discedunt
2671 2171 2941 2225 manibus.
2981 2170 3073 2224 Vel
3112 2188 3179 2225 ne
3210 2172 3295 2225 his
3325 2171 3520 2224 similis

1945 2264 2061 2325 (ias,
2099 2264 2189 2332 qui
2223 2263 2553 2316 dulcissimae.
2584 2270 2771 2332 potstu
2822 2272 2875 2316 et
2914 2262 3309 2329 limpidissinne
3380 2261 3519 2315 assi—

1943 2363 2150 2408 stentes
2167 2352 2504 2422 scatutigini,
2525 2354 2789 2407 sitibundi
2824 2364 3001 2408 tamen
3032 2353 3343 2407 discedunt.
3371 2352 3517 2418 Quin

1942 2444 2128 2511 potius
2158 2442 2459 2496 laboriosos
2492 2442 2614 2497 illos
2648 2452 2702 2497 et
2744 2444 3003 2497 sudantes
3046 2444 3286 2506 imitare,
3332 2441 3427 2511 qui
3463 2440 3518 2495 in

1949 2536 2052 2587 hoc
2086 2544 2237 2597 sunt,
2271 2543 2332 2587 ut
2361 2534 2637 2588 defossum
2674 2535 2824 2589 illum
2856 2543 2911 2589 et
2962 2534 3345 2589 absvonditum
3399 2533 3521 2588 the-

269 2624 395 2690 ριὸν
432 2626 546 2677 ὲστι
575 2626 675 2696 τῆς
700 2624 793 2678 τοῦ
838 2624 969 2678 Υἱοῦ
995 2622 1090 2677 τοῦ
1116 2622 1253 2676 Θεοῦ
1286 2623 1616 2692 σαρκώσεως
1652 2624 1685 2692 ἡ
1706 2624 1845 2675 ὑπό-

1945 2640 2169 2679 sanrum
2194 2624 2477 2688 cﬂodiant,
2512 2636 2564 2679 et
2599 2626 2751 2679 lucro
2785 2626 3052 2680 ditentur.
3094 2625 3251 2679 Tunc
3288 2624 3516 2689 etenim,

269 2715 450 2776 θεαις.
1946 2730 2066 2785 quae
2096 2715 2277 2783 impiis
2303 2724 2359 2768 et
2398 2715 2635 2770 indoctis
2670 2718 2853 2786 ignota
2881 2725 3028 2779 sunt,
3063 2716 3155 2771 Dei
3201 2716 3424 2770 oracula
3461 2714 3518 2769 in

268 2808 693 2877 praesentiarum
722 2809 817 2864 tibi
856 2809 1118 2874 revelata,
1150 2826 1250 2864 ceu
1288 2808 1341 2863 in
1389 2824 1581 2862 manus
1627 2808 1932 2863 tradentur.
1964 2807 2199 2861 Attende
2232 2806 2421 2875 igitur,
2476 2816 2533 2861 ut
2602 2822 2769 2876 scopo
2830 2816 2885 2861 et
2950 2808 3231 2877 proposito
3281 2807 3520 2875 diligen-

268 2909 362 2953 ter
409 2900 776 2965 considerato,
838 2911 895 2955 et
934 2901 1182 2972 diligenti
1226 2902 1386 2957 simul
1435 2898 1854 2968 investigatione
1892 2896 2008 2950 haec
2044 2904 2233 2950 nostra
2275 2898 2441 2966 legas,
2507 2907 2568 2951 ut
2615 2898 2799 2951 divina
2834 2897 3064 2951 scientia
3105 2898 3267 2950 simul
3293 2905 3348 2951 et
3377 2896 3521 2951 veri-

274 3002 389 3045 tate
420 2992 715 3061 implearis.
743 2992 931 3062 Magna
953 3001 1037 3048 est
1094 2992 1242 3047 enim
1267 2991 1704 3048 Christianorum
1764 2987 1919 3043 ﬁdes.
1962 2995 2015 3041 et
2044 3001 2297 3055 magnum
2330 2987 2649 3057 mysterium
2690 2997 2777 3041 est
2810 2986 3009 3041 Christi
3042 2987 3164 3041 Filii
3202 2988 3299 3041 Dei
3331 2988 3519 3041 incar-

269 3087 518 3143 nationis
544 3088 845 3153 negotium.

349 3188 422 3234 α’.
456 3176 650 3243 Εἷπας,
685 3178 811 3240 Πῶς
844 3180 960 3232 ἐστι
1007 3179 1233 3231 δυνατὸν
1260 3179 1353 3231 τὸν
1383 3178 1518 3231 Θεὸν
1541 3176 1685 3243 ἔχειν
1717 3173 1835 3225 υἱὸν
1864 3174 1909 3232 C

278 3273 414 3325 ἄνευ
460 3270 755 3337 juvant/4;
785 3269 917 3333 Kal,
963 3268 1087 3332 Πῶς
1128 3270 1241 3320 ἐστι
1287 3267 1509 3320 δυνατὸν
1539 3265 1669 3317 Θεὸν
1685 3262 1839 3330 γενέ-

272 3367 401 3415 σθαι
448 3362 769 3430 ἀνθρωπονς
815 3362 913 3423 Τίς
938 3362 995 3415 δὲ
1021 3362 1128 3413 τῶν
1158 3361 1331 3429 ἁγίων
1360 3359 1574 3423 ἐδίδαξε
1621 3356 1721 3424 τὴν
1753 3371 1841 3407 το-

271 3457 483 3523 σαύτην
508 3451 795 3518 ἀσέϐειανς
831 3454 900 3506 Ἦ
936 3454 1091 3515 ποῖος
1124 3453 1235 3505 τῶν
1262 3450 1560 3521 προφητῶν
1588 3451 1644 3500 εν
1677 3448 1844 3499 δτττα-

270 3546 364 3615 σίᾳ
416 3544 579 3597 τοῦτο
640 3544 903 3599 ἐθεάσατο
938 3561 955 3610 ;
996 3545 1107 3598 Καὶ
1160 3545 1226 3597 σὺ
1277 3543 1378 3613 μὲν
1422 3541 1615 3595 ταῦτα’
1679 3539 1841 3607 ἡμεῖς

270 3637 602 3705 δὲσλέγομεν
629 3634 824 3698 οὕτως’
862 3635 985 3688 Ὀτι
1042 3634 1144 3705 μὶν
1180 3634 1309 3698 Θεός
1338 3637 1485 3686 ἐστιν
1531 3632 1561 3685 δ
1609 3632 1841 3700 ποιητὴς

272 3726 497 3780 πάντων
538 3725 751 3796 ὁρατῶν
775 3742 834 3779 τε
876 3725 972 3779 καὶ
1001 3728 1269 3794 ἀοράτων,
1333 3724 1715 3794 ἐδιδάχθημεν,
1748 3724 1844 3776 καὶ

270 3815 618 3883 ἐγνώκαμεν,
654 3814 750 3867 καὶ
778 3814 1126 3882 πιστεύομεν,
1160 3815 1252 3866 καὶ
1274 3813 1665 3883 δμολογοῦμενυ
1709 3813 1762 3864 τί
1787 3810 1844 3865 δέ

273 3908 390 3958 ἐστι
421 3905 576 3967 Θεὸς,
604 3902 724 3957 οὔτε
755 3902 1132 3972 ἐδιδάχθημεν,
1157 3900 1282 3955 οὔτε
1324 3900 1671 3970 ἐγνώκαμεν,
1730 3900 1844 3954 ἀλλ’

272 3994 401 4047 οὒτε
446 3994 584 4053 ὅλως
638 3993 733 4043 ἐπὶ
758 3992 858 4061 τὴν
896 3990 1124 4058 καρδίαν
1148 3990 1303 4059 ἡμῶν
1332 3990 1498 4058 ἀνέϐη
1531 3990 1626 4042 τοῦ
1655 3988 1848 4043 ττοιού-

272 4102 374 4139 του
432 4082 781 4151 ἀσεϐήματος
840 4084 876 4151 1‘,
910 4082 1175 4146 ἐξέτασις.
1232 4082 1344 4133 Καὶ
1396 4080 1480 4132 ὅτι
1532 4082 1559 4133 δ
1614 4079 1848 4150 Χριστὸς

276 4176 408 4237 Tib;
439 4175 535 4227 καὶ
556 4173 726 4238 Λόγος
748 4171 841 4223 τοῦ
874 4167 1011 4222 Θεοῦ
1059 4170 1200 4233 ἐστι,
1230 4168 1326 4221 καὶ
1362 4167 1493 4229 Θεός
1525 4170 1666 4232 εστι,
1690 4168 1849 4221 τοῦτο

274 4266 374 4318 καὶ
402 4261 783 4332 ἐδιδάχθημεν,
838 4260 934 4312 καὶ
963 4261 1303 4326 ἐγνώκαμεν,
1359 4258 1452 4309 καὶ
1498 4257 1849 4325 πιστεύομεν,

275 4356 376 4409 καὶ
406 4354 796 4423 ὁμολογοῦμεν.
828 4349 950 4408 Πῶς
971 4350 1026 4402 δέ
1054 4350 1203 4401 εστιν
1263 4350 1296 4418 ἠ
1341 4349 1539 4401 τούτου
1572 4349 1850 4418 γέννησις,

274 4450 443 4517 ἡμεῖς
475 4446 580 4498 οὐκ
609 4444 852 4512 οἴδαμεν,
877 4440 1000 4495 οὕτε
1032 4441 1413 4511 ἐδιδάχθημεν,
1438 4440 1553 4493 ἀλλ’
1585 4440 1714 4493 οὔτε
1744 4441 1853 4507 εξε-

2013 3168 2401 3234 l.'Quomodo,
2422 3168 2624 3238 inquis,
2656 3168 2915 3237 possibile
2929 3182 3011 3223 εει
3037 3169 3149 3223 Deo
3174 3183 3295 3223 esse
3318 3167 3518 3235 Filium

1941 3264 2058 3321 sine
2082 3263 2309 3316 muliere
2332 3262 2356 3314 ?
2377 3260 2659 3326 Quomodo
2675 3261 2803 3314 item
2825 3260 3144 3315 Deushomo
3159 3260 3274 3314 ﬁeri
3294 3269 3473 3328 potest
3496 3263 3523 3318 2

1939 3354 2073 3420 Quis
2098 3352 2333 3421 denique
2358 3358 2670 3405 sanctorum
2696 3351 2837 3403 hanc
2857 3350 3044 3404 docuit
3069 3357 3273 3403 tantam
3324 3350 3519 3420 impie-

1944 3455 2108 3500 tatem
2128 3486 2142 3510 ,
2169 3454 2263 3497 aut
2286 3444 2538 3512 quisnam
2564 3442 2953 3511 prophetarum
2981 3441 3084 3495 hoc
3112 3457 3210 3510 per
3249 3441 3519 3495 visionem

1942 3536 2266 3605 conspexit?
2296 3537 2359 3588 Et
2395 3534 2509 3588 haec
2535 3533 2756 3603 quidem
2789 3542 2843 3586 tu
2872 3533 3048 3597 dicis;
3084 3532 3285 3602 quibus
3310 3548 3411 3586 nos
3443 3531 3524 3587 sic

1944 3626 2355 3696 respondemus.
2384 3623 2539 3689 Quod
2565 3624 2707 3678 Deus
2726 3634 2943 3679 creator
2966 3624 3038 3679 sit
3065 3628 3313 3678 omnium
3331 3624 3523 3679 visibi—

1944 3719 2078 3773 lium
2105 3728 2162 3772 et
2182 3717 2567 3779 invisibilium,
2594 3714 2887 3771 didicimus
2909 3715 3075 3769 etiam
3096 3731 3218 3782 nos,
3241 3715 3527 3785 cognosci-

1945 3824 2090 3873 mus,
2107 3807 2383 3863 credimus
2403 3818 2459 3861 et
2474 3806 2736 3871 fatemur;
2767 3805 2898 3875 quid
2918 3820 3044 3859 vero
3072 3806 3215 3859 Deus
3234 3807 3322 3861 sit.
3345 3821 3525 3875 neque

1945 3900 2126 3956 edocti
2150 3914 2361 3960 sumus,
2379 3914 2557 3966 neque
2588 3897 2962 3967 intelligimus,
2984 3898 3090 3951 imo
3112 3913 3177 3949 ne
3200 3897 3254 3950 in
3282 3897 3524 3952 animum

1947 3993 2168 4061 quidem
2191 3990 2381 4043 incidit
2406 3990 2568 4059 hujus
2589 3987 2888 4057 impietatis
2926 3987 3232 4055 inquisitio.
3263 3988 3526 4042 Similiter

1947 4080 2223 4136 Christum
2262 4087 2316 4133 et
2343 4076 2541 4130 Filium
2571 4085 2627 4131 et
2651 4076 2886 4129 Verbum
2918 4073 3012 4127 Dei
3039 4089 3192 4136 esse,
3238 4074 3523 4142 Deumque

1950 4175 2151 4243 ipsum,
2183 4171 2496 4233 didicimus,
2522 4169 2925 4237 cognoscimus,
2948 4167 3226 4221 credimus
3268 4174 3325 4219 et
3354 4166 3521 4220 conii-

1952 4269 2131 4316 temur
2156 4278 2169 4313 :
2198 4259 2371 4329 qualis
2397 4272 2524 4312 vero
2552 4256 2698 4311 illius
2729 4257 2800 4310 sit
2821 4257 3125 4326 generatio.
3151 4262 3263 4310 nos'
3282 4270 3383 4309 nec
3412 4254 3516 4309 sei-

1953 4365 2093 4411 mus,
2115 4364 2216 4403 nec
2234 4348 2413 4403 edocti
2442 4360 2651 4410 sumus,
2665 4358 2842 4412 neque
2873 4344 3037 4397 etiam
3061 4343 3114 4396 in
3133 4352 3396 4396 aeternum
3416 4342 3523 4395 hoc

1955 4442 2235 4509 inquirere
2267 4440 2542 4497 volumus,
2561 4451 2659 4490 ceu
2690 4435 2942 4503 impium,
2964 4441 3018 4486 et
3040 4448 3069 4485 a
3086 4431 3397 4485 Christiana
3417 4430 3521 4485 t'ide

273 4506 473 4602 éécetv
506 4506 773 4605 μέλλομέν
804 4534 938 4588 αύτὺ
964 4534 1043 4594 εἰς
1069 4532 1163 4585 τὸν
1182 4506 1389 4596 αἰῶνα,
1419 4530 1497 4594 ὡς
1523 4531 1715 4594 ἀσεϐὲς
1758 4535 1853 4586 καὶ

1958 4542 2013 4587 et
2029 4506 2284 4600 religione
2299 4543 2459 4598 quam
2476 4526 2708 4580 maxime
2721 4523 3126 4586 alienum.Quin
3143 4520 3524 4589 mquanimiter

275 4630 599 4698 ἀπόϐλητον
655 4626 759 4695 τῆς
798 4624 909 4677 τῶν
958 4622 1303 4693 Χριστιανῶν
1352 4622 1592 4684 πίστεώς
1646 4640 1706 4675 τε
1758 4626 1856 4676 καὶ

275 4718 697 4780 καταστάσεως.
749 4714 891 4769 Ἀλλ’
925 4714 1127 4783 ἐπίσης
1179 4712 1486 4783 φρονοῦμεν
1537 4714 1854 4780 ἀγνοεῖσθαι

274 4813 383 4866 καὶ
408 4809 663 4878 ἀγγέλοις
702 4807 797 4860 καὶ
836 4805 1144 4876 ἀνθρώποις
1168 4805 1230 4859 es
1258 4804 1503 4858 τοιοῦτον
1520 4805 1662 4876 ὑπὲρ
1693 4806 1857 4874 φύσιν

278 4898 614 4970 μυστήριον.
670 4893 949 4948 οῦτω’καὶ
977 4894 1072 4945 ἐπὶ
1105 4893 1204 4962 τῆς
1241 4893 1714 4962 ὲνανθρωπήσεως
1762 4896 1858 4963 αύ-

270 4987 402 5050 τοῦ,
444 4986 531 5039 δτι
561 4983 775 5051 ἐγένετο
801 4983 1106 5052 ἄνθρωπος,
1170 4983 1265 5035 καὶ
1321 4981 1706 5052 ἐδιδάχθημεν,
1763 4983 1859 5036 καὶ

274 5076 631 5146 ἰγνώκαμεν.
666 5075 761 5126 καὶ
796 5073 1143 5142 πιστεύομεν·
1169 5073 1229 5125 τὸ
1256 5072 1311 5125 δὲ
1341 5073 1511 5137 ὅπως,
1567 5073 1628 5125 ού
1692 5073 1859 5139 γινώ-

275 5182 517 5236 σκομιν,
552 5163 670 5217 ἀλλ’
720 5163 906 5233 ὥσπερ
944 5163 1245 5231 ἀγνοοῦμεν
1292 5163 1390 5232 τὴν
1441 5164 1506 5215 ὲκ
1555 5162 1694 5215 Θεοῦ
1764 5164 1859 5216 καὶ

280 5255 508 5323 Πατρὸς
542 5251 707 5305 αὐτοῦ
738 5252 1009 5321 γέννησιν,
1040 5248 1213 5313 οὕτως
1261 5251 1565 5321 ἀγνοοῦμεν
1627 5252 1722 5304 καὶ
1759 5250 1860 5321 τὴν

274 5347 351 5396 ἐκ
385 5343 486 5411 τῆς
512 5342 679 5409 ἀγίας
714 5340 878 5393 αὐτοῦ
919 5342 1123 5410 μητρὸς
1151 5341 1370 5409 Μαρίας
1400 5341 1500 5408 τῆς
1555 5342 1857 5407 Παρθένου.

284 5434 305 5457 ⁸
320 5436 488 5502 ι’μεῖς
504 5432 561 5487 δὲ
583 5434 631 5484 οἱ
645 5431 1001 5500 γινώσκοντες
1023 5432 1084 5484 τὸ
1104 5431 1196 5483 τοῦ
1217 5431 1351 5483 Θεοῦ
1374 5433 1654 5498 ἀδύνατον,
1675 5434 1861 5499 λέγετε

273 5544 297 5590 3
320 5525 519 5590 ἀρ,ὂτι
538 5523 663 5585 Πῶς
687 5525 800 5575 ἑστι
819 5523 1039 5575 δυνατὶν
1074 5523 1217 5591 ἔχειν
1244 5522 1370 5574 Υἰὸν
1412 5523 1502 5575 τὸν
1523 5524 1696 5588 Θεὸνς
1730 5526 1863 5576 παν-

272 5628 400 5669 τως
449 5609 508 5672 ἐξ
546 5604 621 5662 ὧν
679 5611 902 5676 λέγετε,
944 5608 1231 5674 γινώσκειν
1268 5610 1490 5679 μέλλετε
1535 5613 1632 5665 καὶ
1674 5612 1733 5663 τὸ
1767 5613 1861 5664 τοῦ

274 5700 428 5751 Θεοῦ
495 5699 743 5752 δυνατόν.
827 5700 937 5752 Καὶ
996 5700 1241 5764 διδάξατε
1337 5701 1493 5770 ὑμεῖς
1571 5704 1619 5754 οἱ
1694 5704 1862 5757 πολλά

278 5788 489 5854 εξὸἧτες
551 5788 704 5861 ἡμᾶς
753 5790 877 5852 τοὺς
937 5789 1162 5859 ἀμαθεῖς
1234 5793 1324 5845 καὶ
1399 5792 1733 5863 ἀγροίκους,
1781 5795 1861 5859 τίς

1955 4621 2228 4675 εοηιήιηιιεΔ
2248 4617 2384 4672 etab
2400 4615 2608 4686 angelis
2626 4624 2681 4669 et
2703 4614 2772 4668 ab
2806 4612 3120 4686 hominibus
3153 4610 3282 4662 illud
3304 4624 3520 4662 onmem

1955 4722 2207 4767 naturam
2238 4709 2510 4764 excedens
2528 4706 2847 4777 mysterium
2864 4703 3120 4773 ignorari.
3134 4702 3310 4768 Atque
3329 4698 3520 4752 eadem

1959 4803 2123 4857 nobis
2178 4802 2245 4856 de
2298 4799 2678 4853 incarnatione
2725 4796 2874 4849 illius
2912 4802 2997 4847 est
3045 4793 3334 4847 sententia.
3366 4789 3522 4853 Quod

1956 4895 2103 4950 enim
2135 4894 2297 4945 homo
2318 4891 2494 4943 factus
2515 4888 2606 4950 sit,
2633 4896 2692 4940 et
2712 4886 2892 4939 edocti
2922 4898 3132 4945 sumus,
3158 4892 3220 4935 et-
3243 4881 3527 4950 cognosci-

1959 5000 2082 5040 mus
2103 4992 2156 5037 et
2184 4981 2478 5036 credimus.
2503 4978 2788 5044 Quomodo
2823 4985 3007 5030 autem
3032 4976 3197 5028 homo
3234 4972 3409 5026 factus
3432 4976 3522 5038 sit,

1959 5077 2293 5145 ignoramus.
2317 5072 2424 5127 Sed
2456 5068 2919 5139 quemadmodum
2945 5068 3260 5136 ignoramus
3292 5064 3438 5118 illius
3458 5079 3524 5117 ex

1959 5166 2071 5219 Deo
2099 5171 2154 5217 et
2188 5163 2351 5216 Patre
2386 5159 2818 5230 generationem,
2851 5156 2931 5209 sic
2977 5156 3141 5207 etiam
3172 5167 3292 5206 eam
3325 5168 3430 5220 qua
3457 5168 3525 5206 ex

1959 5262 2135 5308 matre
2178 5268 2277 5307 sua
2318 5259 2503 5305 saneta
2534 5248 2700 5303 Maria
2742 5245 2951 5315 virgine
2986 5252 3150 5296 natus
3197 5252 3323 5301 est,
3363 5240 3526 5293 nobis

1961 5346 2357 5412 incompertam
2394 5355 2512 5395 esse
2535 5338 2793 5391 fatemur.
2825 5336 2933 5389 Vos
2960 5347 3110 5391 vero,
3143 5330 3383 5400 quiquid
3416 5331 3528 5382 Deo

1962 5432 2297 5501 impossibile
2322 5430 2413 5490 sit,
2452 5426 2755 5498 intelligitis
2795 5422 2999 5486 (dicitis
3042 5420 3212 5480 enim,
3244 5418 3528 5482 Quomodo

1962 5524 2224 5595 possibile
2259 5529 2343 5574 est
2370 5528 2428 5573 ut
2458 5519 2601 5571 Deus
2634 5516 2833 5569 habeat
2864 5512 3123 5579 Filium?)
3158 5511 3349 5564 eadem
3379 5520 3527 5563 certe

1963 5611 2173 5663 ratione
2203 5623 2309 5676 qua
2346 5607 2448 5660 hoc
2484 5603 2696 5664 dicitis,
2735 5601 2865 5670 quid
2909 5602 3074 5654 etiam
3125 5600 3234 5652 Deo
3266 5598 3527 5665 possibile

1964 5697 2409 5767 sitJintelligetis.
2430 5696 2538 5750 Vos
2565 5695 2731 5764 igitur
2762 5692 3054 5745 multarum
3086 5703 3269 5743 rerum
3296 5687 3526 5742 scientia

1966 5790 2198 5860 praediti,
2220 5788 2411 5844 docete
2436 5802 2536 5842 nos
2564 5786 2811 5842 indoctos
2831 5794 2888 5840 et
2916 5781 3105 5847 rudes,
3153 5792 3400 5851 quamam
3419 5776 3517 5836 Dei
