4204 6444
708 366 813 426 I-‘83

1871 361 2194 421 JOANNIS
2226 358 2753 419 CANTACUZENI

3835 353 3939 420 384

708 485 900 528 natura
927 484 1014 535 stt,
1070 482 1127 527 et
1160 487 1404 541 qturnam
1433 472 1504 524 sit
1534 471 1619 523 illa
1654 472 1985 539 possibilitas
2012 469 2174 523 simul
2206 477 2260 521 et
2289 471 2327 524 Α

2398 470 2564 538 στινή
2592 470 2683 522 τοῦ
2716 469 2847 522 Θεοῦ
2871 468 3052 536 φύσις,
3086 468 3181 520 καὶ
3214 466 3264 519 τί
3299 467 3358 518 τδ
3390 466 3643 525 δυνατὸν,
3671 464 3766 518 καὶ
3799 466 3850 517 τί
3881 466 3939 517 τὸ

708 563 1144 633 impossibilitas,
1186 571 1243 615 ιιι
1267 578 1363 614 nos
1390 563 1541 631 juxta
1569 572 1801 615 vestram
1850 562 2177 616 sententiam
2210 562 2262 615 in

706 657 1013 724 perditione
1050 655 1293 707 \‘iventes
1333 654 1399 706 ab
1446 652 1670 708 interitu
1715 654 1981 719 eripiatis.
2013 653 2265 708 Edissere

707 747 871 815 igitur
904 746 1079 805 nobis,
1121 745 1250 813 quid
1284 745 1426 801 Deus
1459 747 1529 800 sit
1573 760 1627 800 et
1667 747 1758 799 Dei
1800 756 2028 811 natura;
2054 756 2184 801 tunc
2214 756 2267 801 et

706 853 828 903 ego,
872 853 1117 904 quautam
1155 836 1274 889 Filii
1318 849 1371 889 et
1400 838 1559 891 Verbi
1605 837 1698 890 Dei
1728 838 1797 890 sit
1831 838 2131 905 generatio,
2170 855 2267 892 ex-

708 944 924 994 pullam.
963 926 1027 978 Et
1062 927 1187 980 licet
1230 929 1460 980 fortasse
1499 929 1750 983 audaculi
1795 930 2015 997 quidam
2052 938 2107 983 et
2138 947 2267 1000 per-

708 1020 877 1071 !t-ieta:
911 1020 1104 1071 frontis
1136 1021 1379 1072 homines
1402 1019 1467 1073 de
1492 1020 1594 1072 hac
1628 1037 1684 1075 re
1715 1022 1972 1085 dixerint,
2000 1024 2265 1092 quidquid

707 1110 837 1177 ipsis
867 1110 918 1162 in
973 1120 1205 1167 tuentem
1250 1112 1481 1174 venerit,
1529 1111 1741 1165 fatebor
1796 1120 1974 1165 tamen
2016 1116 2128 1182 ipse
2171 1129 2268 1169 no-

711 1210 877 1251 stram
928 1202 979 1251 itt
1017 1202 1118 1273 hoc
1176 1202 1394 1269 negotio
1445 1202 1827 1271 ignorantiam.
1882 1204 2268 1262 Verumtamen

705 1290 807 1342 hac
854 1307 958 1350 tne,
1002 1307 1107 1358 qua
1160 1292 1272 1360 ipse
1310 1301 1521 1356 teneor,
1550 1295 1892 1350 dubitatione
1936 1296 2127 1351 libera.
2163 1299 2269 1353 Vos

707 1384 873 1443 enim,
919 1384 1009 1449 qui
1046 1384 1226 1436 dicere
1264 1386 1473 1447 soletis,
1503 1383 1618 1448 Qua
1650 1386 1861 1439 ratione
1889 1389 2147 1456 possibile
2187 1400 2271 1443 est

710 1485 760 1525 ιιι
792 1474 933 1526 Deus
963 1474 1156 1526 Filium
1187 1474 1385 1529 habeat
1407 1475 1615 1545 absque
1650 1476 1918 1530 muliere?
1957 1478 2269 1548 intelligere

706 1564 969 1616 videmini
1011 1574 1106 1619 aut
1139 1565 1273 1619 tales
1300 1580 1442 1631 esse,
1472 1566 1565 1635 qui
1608 1568 1941 1621 intellecturi
1981 1569 2092 1622 sint
2145 1585 2271 1623 exa-

708 1656 984 1717 ctissime,
1016 1657 1290 1724 quomodo
1330 1657 1584 1712 Christus
1611 1674 1678 1711 ex
1732 1658 1958 1711 muliere
1992 1671 2153 1713 natus
2201 1661 2268 1713 sit

710 1747 824 1797 sine
856 1747 994 1798 virili
1022 1762 1215 1814 Opera;
1243 1755 1297 1801 ct
1326 1749 1466 1817 quod
1501 1749 1592 1802 illo
1618 1757 1701 1802 est
1740 1748 2101 1815 manifestius,
2132 1767 2271 1820 quo-

2372 562 2629 614 ἀδύνατον
2662 560 2846 627 αὑτοῦ,
2886 559 2970 612 ἵνα
2998 560 3206 629 σώσητε
3239 560 3407 628 ἡμᾶς,
3438 558 3563 620 τοὺς
3590 560 3646 609 ἐν
3670 556 3937 625 ἀπωλείᾳ,

2372 656 2444 717 ὼς
2465 657 2616 725 ὑμεῖς
2643 657 2826 723 λέγετε
2851 698 2864 719 ,
2886 654 3114 717 ζῶντας.
3138 654 3303 718 Λέξον
3334 671 3420 723 μοι
3456 654 3543 717 σὺ,
3566 653 3617 704 τί
3638 653 3753 704 ἐστι
3784 651 3937 712 Θεὸς,

2373 748 2465 799 καὶ
2484 746 2617 798 Θεοῦ
2640 746 3008 813 φύσις.,Κάγώ
3048 761 3128 797 σοι
3153 744 3259 812 ἐρῶ
3281 785 3295 807 ,
3316 743 3430 806 πῶς
3463 745 3496 812 ἡ
3535 742 3626 794 τοῦ
3664 742 3793 794 Υίοῦ
3852 742 3942 791 καὶ

2372 844 2547 907 Λόγου
2582 838 2674 890 τοῦ
2696 837 2831 890 Θεοῦ
2866 838 3137 905 γέννησις.
3163 839 3221 890 Ei
3251 836 3293 889 δ’
3323 836 3453 898 ἴσως
3484 837 3631 897 τινὲς
3654 834 3942 903 τολμητίαι

2375 931 2471 984 καὶ
2517 930 2773 991 αὐθάδεις
2805 930 3051 993 εἴπωσιν,
3088 930 3226 998 ὅπερ
3258 931 3323 981 ἂν
3354 927 3527 996 ἀναϐῇ
3564 930 3620 979 ἐν
3649 929 3717 995 τῇ
3744 925 3945 993 καρδία

2374 1018 2577 1083 αὐτῶν,
2607 1018 2716 1085 ἐγὼ
2756 1018 3073 1087 ὁμολογήσω
3118 1017 3217 1082 τὴν
3250 1015 3377 1085 περὶ
3405 1015 3496 1068 τοῦ
3525 1014 3765 1067 τοιούτου
3804 1017 3945 1081 ττρά-

2374 1131 2581 1182 γματος
2612 1113 2887 1182 ἡμετέραν
2910 1112 3131 1175 ἄγνοιαν
3149 1126 3160 1139 ·
3176 1109 3322 1177 ὅμως
3343 1108 3680 1176 θεράπευσον
3717 1124 3819 1175 μου
3846 1107 3945 1171 τὴν

2374 1208 2442 1277 ἣν
2474 1206 2581 1274 ἔχω
2617 1206 2871 1273 ἀπορίαν.
2912 1204 3101 1270 Ὑμεῖς
3130 1202 3239 1269 γὰρ
3272 1203 3318 1253 οἱ
3353 1201 3629 1267 λέγοντες,
3671 1199 3795 1260 Πῶς
3824 1200 3944 1249 ἐστι

2374 1298 2600 1353 δυνατὸν
2650 1298 2794 1367 ἔχειν
2826 1297 2917 1349 τὸν
2946 1295 3078 1347 Θεὸν
3120 1295 3233 1347 υίδν
3265 1294 3395 1348 ἀνευ
3446 1292 3707 1360 γυναικός
3733 1306 3747 1354 ;
3778 1288 3946 1357 γινώ-

2378 1411 2527 1447 σκειν
2559 1392 2780 1460 μέλλετε
2807 1389 3069 1459 ἀκριϐῶς,
3105 1388 3221 1448 πῶς
3255 1384 3517 1454 ἐγεννήθη
3552 1387 3581 1438 ὁ
3620 1385 3855 1454 Χριστὸς
3885 1382 3946 1433 ἐκ

2377 1481 2637 1552 γυναικὸς
2667 1481 2794 1534 ἄνευ
2832 1478 3025 1548 ἀνδρός
3058 1492 3073 1507 ο
3108 1476 3201 1529 καὶ
3244 1476 3327 1527 ἔτι
3358 1473 3548 1526 τούτου
3587 1471 3946 1538 σαφέστερον,

2378 1574 2495 1635 πῶς
2523 1576 2549 1625 ὁ
2595 1573 2766 1639 ’Λδὰμ
2800 1571 3017 1635 ἐγένετο
3049 1568 3334 1635 ἄνθρωπος
3370 1567 3497 1620 ἄνευ
3548 1564 3738 1629 saepe;
3768 1580 3827 1613 τε
3855 1560 3949 1611 καὶ

2378 1662 2655 1731 γυναικός.
2722 1659 2881 1711 ’Λλλά
2912 1660 3005 1711 καὶ
3036 1660 3068 1727 ἡ
3101 1658 3212 1710 Εὕα
3253 1658 3310 1722 ἐξ
3337 1654 3531 1725 ἀνδρὸς
3582 1654 3699 1722 μὲν,
3734 1655 3864 1707 ἄνευ
3897 1652 3949 1703 δὲ

2381 1752 2659 1820 γυναικὸς,
2692 1751 2784 1804 καὶ
2817 1750 2879 1801 ού
2916 1748 3057 1801 κατὰ
3089 1748 3180 1800 τὸν
3212 1747 3377 1815 νόμον
3409 1747 3504 1800 καὶ
3526 1745 3625 1815 τὴν
3673 1742 3828 1807 τάξιν
3853 1743 3950 1811 τῆς

712 1836 872 1888 modo
906 1834 1074 1889 Adam
1118 1836 1280 1889 homo
1319 1837 1492 1891 factus
1531 1838 1602 1892 sit
1644 1838 1760 1892 sine
1795 1838 1913 1891 viro
1938 1847 1991 1891 ct
2036 1838 2234 1892 femina
2261 1858 2275 1893 :
2303 1811 2346 1870 Β

2398 1811 2596 1912 ρύσεως
2619 1811 2692 1910 ήῆν
2728 1840 2917 1893 ἔλαϐον
2960 1838 3093 1909 μετά
3118 1838 3216 1908 τὴν
3254 1811 3591 1903 παράϐασιν,
3629 1834 3743 1885 ἀλλ’
3776 1833 3952 1900 ἑτέρῳ

714 1942 898 1978 rerum
939 1936 996 1979 ut
1025 1927 1209 1980 ctEva
1258 1944 1322 1981 ex
1354 1930 1467 1982 viro
1508 1929 1750 1996 quidem,
1795 1931 1887 1984 sed
1918 1936 2123 1998 absque
2161 1946 2276 1983 mu-

716 2020 847 2071 liere
906 2031 1082 2073 creata
1132 2022 1230 2083 sit,
1282 2022 1443 2090 idque
1478 2038 1585 2075 non
1641 2025 1793 2093 juxta
1831 2033 2039 2078 natura:
2105 2026 2277 2093 legem

717 2106 1087 2170 constitutam,
1130 2124 1291 2176 quam
1324 2124 1442 2177 p05t
1482 2112 1965 2180 transgressionem
1998 2130 2027 2167 a
2051 2114 2281 2169 Domino

717 2209 1067 2263 acceperunt,
1092 2215 1282 2252 verum
1320 2203 1534 2255 diversa
1555 2204 1786 2272 quadam
1824 2205 1892 2259 ah
1913 2206 2015 2260 hac
2044 2208 2277 2272 ratione,

719 2290 877 2339 nobis
913 2291 1002 2357 qui
1041 2290 1315 2345 Christum
1349 2294 1581 2347 fatemur
1605 2312 1833 2363 prorsus
1870 2298 2162 2367 incognita,
2188 2299 2284 2354 sed

720 2381 815 2431 sali
848 2380 957 2432 Dt-o
1001 2393 1148 2434 nota.
1183 2382 1339 2446 Quod
1398 2384 1444 2437 si
1500 2394 1681 2438 autem
1713 2384 1817 2438 hoc
1868 2386 2285 2455 deprehendere

722 2472 867 2523 nulia
899 2472 1131 2525 humana
1180 2476 1315 2527 ratio
1362 2483 1561 2542 potest,
1597 2477 1749 2545 quid,
1780 2496 1984 2548 quaeso,
2015 2482 2285 2535 incassum

722 2561 789 2612 la'.
815 2572 1031 2617 ornatos
1068 2564 1388 2619 llusoltnatti
1424 2582 1525 2621 nos
1549 2567 1613 2621 de
1647 2568 1839 2623 iisdem
1876 2583 2289 2639 aceusaut,qme

728 2669 827 2705 nec
885 2656 983 2722 ipsi
1028 2656 1340 2726 intelligunt
1380 2675 1481 2712 nec
1517 2672 1806 2723 noverunt,
1856 2663 1949 2716 scd
2009 2673 2217 2717 tantum
2259 2680 2288 2717 a

729 2744 956 2797 veritate
1014 2750 1268 2802 aberrare
1330 2749 1606 2813 videntur,
1667 2763 1931 2820 quantum
2009 2754 2204 2808 coelum
2261 2770 2288 2808 a

729 2846 871 2889 terra
937 2838 1139 2892 distat?
1189 2841 1385 2893 Verum
1432 2842 1836 2912 Scripturarum
1897 2848 2197 2915 ignorantia
2240 2848 2291 2901 in

732 2929 1041 2997 hujusmodi
1070 2945 1287 2985 errores
1326 2933 1660 2988 inciderunt.
1710 2935 1874 2990 Musis
1929 2938 2076 2990 enim
2125 2938 2294 2993 libros

730 3035 787 3072 et
854 3020 1071 3075 Daridis
1116 3024 1456 3090 psalterium,
1511 3025 1733 3095 insuper
1791 3036 1848 3080 et
1898 3029 2293 3097 prophetarum

2380 1937 2586 2004 τριῦπῳ,
2622 1933 2650 1986 ὃ
2696 1932 2824 1999 παρ’
2880 1932 3010 1999 ἡμῖν
3049 1932 3161 1992 τοῖς
3210 1930 3559 1999 Χριστιανοῖς
3594 1930 3740 1979 ἐστιν
3796 1930 3955 1991 ἀγνο-

2379 2026 2635 2094 ούμενον,
2661 2022 2809 2092 παρά
2846 2022 2902 2075 δὲ
2940 2021 3087 2089 μόνῳ
3131 2018 3206 2087 τῷ
3246 2019 3366 2088 Θεῷ
3412 2018 3841 2087 γινωσκόμενον.
3894 2017 3955 2069 El

2381 2119 2438 2172 δὲ
2471 2116 2627 2168 τοῦτο
2657 2114 2917 2168 ἀδύνατόν
2948 2114 3067 2164 ἐστι
3100 2111 3246 2181 πάσῃ
3278 2109 3596 2181 ἀνθρωπίνῃ
3641 2106 3865 2174 γνώσει,
3904 2105 3955 2158 τί

2388 2205 2881 2279 ματαιοπονοῦντες
2960 2204 3010 2256 οι
3070 2201 3487 2270 Μουσουλμσὶνοι
3552 2197 3957 2266 κατηγοροῦσιν

2385 2302 2565 2371 ἡμῶν,
2614 2300 2691 2360 είς
2728 2298 2764 2351 ἃ
2795 2295 2914 2350 οῦτε
2966 2295 3173 2349 οἴδασιν
3234 2292 3358 2344 οὔτε
3406 2290 3789 2360 γινώσκουσιν,
3824 2289 3958 2341 ἀλλά

2390 2390 2609 2461 μακράν
2651 2405 2755 2439 που
2807 2386 3155 2451 εὑρίσκονται
3203 2386 3301 2451 τῆς
3329 2381 3609 2451 ἀληθείας,
3646 2383 3773 2433 ὅσον
3820 2382 3853 2449 ἡ
3889 2379 3958 2446 γῆ

2388 2478 2482 2531 τοῦ
2517 2479 2573 2529 οὐ
2587 2476 2748 2545 ρανοῦ
2774 2492 2790 2537 ;
2817 2476 2923 2527 ἀπὸ
2949 2475 3057 2540 γὰρ
3084 2472 3177 2524 τοῦ
3205 2471 3278 2540 μὴ
3314 2469 3604 2537 γινώσκειν
3635 2469 3835 2530 αὐτοὺς
3864 2468 3960 2528 τὰς

2393 2570 2613 2641 Γραφὰς
2638 2569 2892 2621 ἐνέπεσον
2925 2568 3004 2628 εἰς
3028 2565 3188 2618 αὑτά.
3224 2563 3305 2616 Τὰ
3338 2563 3447 2632 γὰρ
3474 2561 3748 2615 Μωσαῖκὰ
3783 2560 3963 2628 βιϐλία

2394 2666 2487 2715 καὶ
2522 2662 2580 2713 τὸ
2615 2658 2707 2711 τοῦ
2738 2658 2900 2711 Δαϐὶδ
2938 2657 3237 2725 ψαλτήριον
3264 2692 3279 2717 ,
3310 2654 3469 2705 ἔτιδὲ
3496 2654 3588 2705 καὶ
3620 2654 3677 2704 al
3699 2652 3807 2704 τῶν
3832 2669 3965 2719 προ-

2396 2754 2581 2823 φητῶν
2614 2751 2847 2821 Γραφαὶ,
2881 2750 3013 2801 ἀλλά
3062 2749 3125 2817 δὴ
3166 2748 3260 2800 καὶ
3297 2747 3357 2798 τὸ
3382 2745 3475 2799 τοῦ
3510 2744 3747 2816 Χριστοῦ
3786 2744 3965 2811 Εὐαγ-

2397 2844 2592 2913 γέλιον,
2625 2842 2693 2893 τὰ
2716 2842 2892 2893 πάντα
2926 2840 3019 2893 καὶ
3048 2838 3198 2905 ἆγια,
3248 2838 3343 2889 καὶ
3379 2837 3586 2899 δίκαια,
3636 2835 3731 2887 καὶ¹
3768 2834 3963 2901 ἀληθῆ,

2397 2936 2493 2990 καὶ
2527 2934 2667 2986 καλά
2695 2933 2911 2998 λέγουσι
2940 2930 3036 2982 καὶ
3064 2927 3410 2997 ὁμολογοῦσι.
3445 2929 3554 2982 Καὶ
3593 2925 3769 2988 οὕτως

2399 3029 2432 3097 ἡ
2461 3025 2706 3096 ἀλήθεια.
2754 3019 3110 3091 Ὀμολογοῦσι
3141 3020 3197 3072 δὲ
3225 3022 3455 3089 στόματι
3489 3018 3662 3089 μόνῳ,
3702 3016 3770 3067 τὰ
3800 3016 3857 3068 δὲ
3886 3017 3971 3067 λε-

3852 2926 3968 2976 στὶν

734 3110 956 3178 scripta,
991 3112 1085 3164 sed
1127 3121 1182 3166 et
1226 3114 1400 3182 ipsum
1441 3115 1646 3169 Christi
1675 3117 2048 3187 Evangeliutn,
2090 3121 2346 3205 omnia,‘

2400 3119 2605 3186 γὸμενα
2663 3114 2792 3184 παρ’
2831 3114 3011 3167 αὐτῶν
3062 3110 3369 3180 ἀγνοοῦσιν.
3438 3110 3577 3162 Ἀλλ’
3632 3109 3823 3179 ὥσπερ
3881 3107 3973 3161 ἴνα

736 3201 979 3270 inquam,
1026 3203 1141 3257 haec
1193 3218 1398 3269 sancta,
1426 3208 1591 3276 justa,
1629 3223 1756 3261 vera
1788 3219 1844 3262 et
1890 3210 2030 3263 bona
2063 3226 2182 3265 esse
2213 3212 2300 3264 di-

737 3303 865 3345 cunt
921 3302 976 3345 et
1017 3294 1349 3349 confitentur
1398 3302 1480 3367 (ut
1519 3309 1576 3351 et
1608 3314 1793 3352 revera
1843 3304 2014 3365 sunt),
2065 3301 2303 3353 fatentur

738 3393 919 3438 autem
966 3386 1098 3440 solis
1154 3389 1372 3455 verbis,
1403 3406 1523 3459 qtae
1567 3403 1747 3445 autem
1801 3393 1851 3445 in
1897 3394 1981 3446 his
2022 3393 2300 3457 (lil'llllllll',

740 3488 849 3526 non
901 3473 1227 3544 intelligunt.
1312 3477 1380 3530 Et
1452 3480 1910 3546 quctnadntodmn
1985 3482 2097 3535 tieri
2144 3484 2303 3547 solet,

738 3578 863 3617 cum
920 3565 1121 3619 auditis
1163 3568 1384 3635 angelos
1427 3571 1641 3640 egregie
1682 3580 1738 3625 et
1764 3574 2105 3627 suavissimis
2157 3576 2309 3628 senis

745 3654 909 3709 Deum
944 3659 1245 3725 celebrare,
1289 3677 1352 3714 ea
1392 3663 1617 3731 quidem
1655 3679 1778 3733 qua:
1816 3666 2078 3719 dicuntur
2124 3668 2192 3721 ab
2223 3669 2308 3723 his

742 3764 929 3803 amore
964 3761 1018 3804 et
1045 3750 1299 3806 laudibus
1323 3756 1749 3823 prosequimini,
1786 3758 1911 3825 quis
1950 3774 2083 3812 vero
2135 3759 2312 3812 dicto-

745 3856 865 3893 rum
916 3856 1107 3896 seusns
1158 3843 1229 3896 sit
1276 3858 1387 3898 non
1438 3845 1765 3915 intelligitis.
1804 3847 1894 3902 Sic
1950 3850 2003 3902 in
2051 3850 2310 3905 omnibus

750 3932 899 3986 hisce
952 3932 1107 3986 libris
1149 3933 1331 3989 facere
1356 3936 1569 4001 soletis,
1619 3946 1680 3991 nt
1714 3952 1779 3994 ea
1825 3940 2045 4008 quidem
2097 3956 2217 4009 qua:
2256 3942 2313 3995 in

748 4024 837 4078 his
885 4025 1090 4093 scripta
1164 4027 1543 4095 continentur,
1600 4029 1862 4085 laudibus
1902 4031 2133 4098 vehatis,
2182 4032 2316 4103 quid

748 4130 880 4170 vero
928 4117 1168 4181 dicatur,
1214 4119 1498 4188 ignoretis.
1532 4120 1940 4186 Quamobrem?
1988 4124 2128 4189 Quia
2177 4134 2321 4179 nun-

751 4221 913 4274 quam
942 4205 1009 4260 de
1064 4207 1148 4261 his
1190 4209 1361 4264 solide
1406 4210 1591 4265 edocti
1641 4212 1796 4268 estis.
1832 4212 2136 4269 Christiani
2186 4230 2319 4270 vero

754 4301 950 4367 partim
980 4302 1035 4355 in
1058 4301 1309 4358 ecclesiis
1343 4306 1679 4376 congregati,
1703 4306 1906 4375 partim
1936 4307 2138 4377 singuli
2172 4306 2320 4361 domi

754 4405 867 4445 sua:
899 4393 1145 4459 quotidie
1165 4409 1350 4449 sacros
1373 4395 1541 4451 libros
1566 4398 1874 4467 perlegunt,
1908 4407 1966 4453 et
1989 4398 2071 4452 sic
2104 4397 2322 4452 tandem

2408 3209 2633 3278 ἠκούετε
2684 3205 2834 3274 παρά
2874 3204 2985 3257 τῶν
3030 3202 3279 3271 ἀγγέλων
3322 3204 3403 3255 ὅτι
3454 3200 3638 3263 καλῶς
3687 3204 3783 3253 καὶ
3835 3198 3973 3267 μετά

2409 3300 2647 3369 μεγάλης
2673 3295 3003 3364 γλυκύτητος
3034 3294 3131 3345 καὶ
3174 3293 3367 3363 ἡδονῆς
3415 3291 3627 3345 αίνοῦσι
3692 3292 3785 3345 τὸν
3811 3290 3969 3353 Θεδν,

2407 3387 2500 3440 καὶ
2528 3386 2597 3437 τὰ
2624 3384 2891 3452 λεγῦμενα
2936 3383 3067 3450 παρ’
3094 3381 3316 3433 ἐκείνων
3368 3379 3661 3448 ἐστέργετε
3718 3382 3813 3432 καὶ
3843 3382 3979 3451 ἐπῃ-

2406 3482 2566 3541 νεῖτε,
2600 3477 2651 3532 τί
2688 3477 2742 3529 δέ
2777 3476 2923 3529 ἐστιν
2962 3473 2990 3528 ὃ
3023 3475 3273 3543 ὶῖέγουσιν
3304 3475 3557 3544 ἡγνοεῖτε
3588 3488 3602 3502 ·
3653 3471 3830 3534 οὕτως
3862 3474 3980 3524 ἐστὶ

2411 3575 2501 3627 καὶ
2544 3572 2635 3624 ἐπὶ
2665 3568 2882 3621 πάντων
2932 3567 3160 3620 τουτωνὶ
3191 3565 3302 3618 τῶν
3354 3563 3599 3634 βιϐλίων,
3642 3561 3815 3615 ὃτιτά
3846 3559 3980 3630 παρ’

2411 3663 2591 3719 αὐτῶν
2640 3660 3007 3731 γεγραμμένα
3056 3659 3351 3721 ἐπαινεῖτε,
3408 3655 3547 3709 τίδὲ
3594 3654 3847 3720 λέγουσιν
3884 3651 3985 3704 οὐκ

2413 3759 2609 3811 οἴδατε.
2646 3755 2836 3817 Διατί;
2886 3752 3012 3805 Ὀτι
3052 3749 3171 3803 οὐδὲ
3199 3748 3337 3812 ὅλως
3380 3746 3699 3816 ἐδιδάχθητε
3734 3746 3865 3813 περὶ
3891 3745 3987 3797 αὐ-

2416 3847 2543 3900 τῶν.
2575 3846 2639 3898 οι
2699 3843 2754 3895 δὲ
2785 3840 3125 3911 Χριστιανοὶ,
3162 3838 3256 3890 ποῖ
3302 3835 3400 3907 μὲν
3427 3837 3511 3898 είς
3549 3833 3651 3897 τάς
3685 3832 3987 3901 ἐκκλησίας

2418 3935 2801 4003 συναγόμενοι,
2838 3934 2931 3984 ποῖ
2989 3931 3047 3984 δὲ
3076 3928 3311 3991 ἕκαστος
3361 3928 3441 3990 είς
3480 3925 3577 3980 τὸν
3615 3921 3763 3979 οἷκον
3821 3924 3989 3978 αὐτοῦ

2418 4026 2739 4096 καθημέραν
2771 4020 3210 4089 ἀναγινώσκουσι
3247 4018 3346 4080 τὰς
3369 4016 3609 4087 βίϐλους,
3633 4016 3728 4070 καὶ
3756 4018 3786 4068 ὁ
3814 4015 3987 4077 πολὺς

2417 4120 2629 4189 χρόνος,
2660 4116 2755 4169 καὶ
2788 4116 2822 4184 η
2855 4110 3086 4181 συνεχὴς
3132 4109 3464 4176 ἀνάγνωσις,
3524 4106 3623 4159 καὶ
3663 4108 3697 4176 ἡ
3750 4105 3993 4175 ἀκριϐὴς

2420 4212 2666 4273 ἐξέτασις
2696 4205 3007 4275 ἐφανέρωσε
3038 4201 3135 4255 καὶ
3159 4201 3400 4264 ἐδίδαξεν
3453 4199 3652 4260 αὐτοὺς
3678 4198 3863 4250 πᾶσαν
3892 4198 3993 4263 τὴν

2425 4300 2704 4372 ἀλήθειαν.
2744 4294 2899 4348 Ἐπεὶ
2927 4289 3021 4345 οὖν
3055 4290 3275 4359 ἀγνοεῖς
3302 4286 3388 4341 τά’
3418 4288 3551 4357 περὶ
3586 4286 3682 4339 τοῦ
3723 4284 3994 4355 Χριστοῦ,

2425 4394 2521 4447 καὶ
2541 4387 2732 4460 λογίζῃ
2763 4387 2844 4439 ὅτι
2892 4382 3067 4443 οὐδεὶς
3119 4379 3226 4432 τῶν
3255 4378 3425 4448 ἁγίων
3456 4377 3686 4446 ἐλάλησε
3734 4377 3867 4445 περὶ
3900 4376 3999 4429 αὖ.

757 4482 1019 4550 temporis
1040 4482 1391 4548 diuturnitas,
1424 4486 1642 4542 assidua
1674 4487 1859 4550 lectio,
1881 4496 1938 4541 et
1968 4486 2202 4557 diligens
2238 4486 2320 4541 itt-

2434 4483 2551 4549 τοῦ,
2590 4480 2704 4534 ἀλλ’
2754 4476 2879 4529 οὔτε
2904 4473 3189 4546 προφήτης
3228 4473 3630 4541 προεφήτευσε,
3667 4468 3762 4521 καὶ
3815 4467 3999 4535 ζητεῖς

757 4572 1048 4642 vestigatio
1090 4574 1346 4643 exposuit
1376 4575 1679 4645 docuitque
1715 4577 1839 4631 illos
1866 4591 2085 4631 omnem
2125 4576 2326 4631 verita-

759 4672 891 4716 tem.
913 4662 1048 4717 Cum
1085 4663 1250 4733 igitur
1278 4665 1494 4735 ignores
1522 4681 1585 4720 ea
1614 4681 1735 4735 quae
1757 4666 1962 4722 Christi
1988 4676 2137 4731 sunt,
2159 4676 2325 4732 putas

758 4754 944 4816 etiam,
977 4757 1122 4824 quod
1154 4770 1318 4811 nemo
1347 4766 1661 4812 sanctorum
1687 4757 1755 4812 de
1818 4759 1911 4812 illo
1937 4758 2154 4813 locutus
2212 4760 2306 4821 sit,

2427 4573 2603 4628 ταῦτα
2660 4569 2887 4625 ἀκοῦσαι
2923 4565 3054 4633 παρ’
3110 4562 3271 4634 ἡμῶν
3321 4563 3398 4626 ὡς
3435 4560 3594 4631 δῆθεν
3638 4560 3713 4631 μὴ
3762 4559 3999 4627 ἐχόντων

2432 4663 2751 4729 ἀπολογίαν,
2812 4660 3048 4713 ἄκουσον
3108 4657 3236 4724 περὶ
3284 4646 3360 4708 ὧν
3411 4652 3618 4724 ζητεῖς,
3670 4653 3768 4704 καὶ
3802 4650 4001 4720 σκέψαι

2433 4755 2677 4827 ἀκριϐῶς
2702 4752 2773 4805 τὰ
2811 4752 3101 4819 λεγόμενα.

755 4859 815 4903 ει
853 4848 1044 4901 nullus.
1067 4848 1456 4916 prophetarum
1500 4844 1569 4900 de
1611 4847 1714 4901 hoc
1752 4847 2110 4913 vaticinatus;
2152 4861 2323 4915 eaque
2366 4861 2395 4899 a
2431 4845 2612 4908 nobis,
2643 4857 2782 4913 quos
2825 4840 2973 4896 omni
3007 4839 3315 4908 patrocinio
3361 4837 3655 4893 destitutos
3689 4834 4003 4897 arbitr-aris,

762 4939 954 4994 audire
976 4937 1275 4992 desideras.
1299 4937 1438 4993 Audi
1489 4938 1656 5007 igitur
1713 4938 1857 5006 quod
1878 4939 2390 5007 qumris,etattente
2422 4952 2543 5007 qua:
2574 4936 2835 4991 dicuntur
2865 4930 3173 4988 considera.

835 5054 889 5106 9..
934 5053 1159 5121 Magnus
1194 5050 1284 5103 ille
1310 5050 1485 5104 Moses
1511 5049 1567 5104 in
1598 5050 1741 5105 libro
1771 5050 2050 5106 Geneseos
2078 5051 2337 5106 vet-bote-

2510 5051 2572 5120 βθ.
2628 5049 2698 5120 _'0
2759 5047 2929 5116 μέγας
2960 5045 3165 5106 ἐκεῖνος
3231 5041 3435 5109 Μωσῆς
3476 5042 3534 5093 ἐν
3569 5041 3634 5109 τῇ
3692 5038 3867 5109 βίϐλῳ
3917 5041 4015 5107 τῆς.

689 5167 694 5172 ’
766 5160 872 5201 nus
895 5145 974 5198 sic
995 5144 1125 5197 dixit
1154 5160 1167 5196 :
1196 5160 1213 5192 ι
1244 5142 1387 5196 Dixit
1409 5142 1670 5196 Dominus
1700 5159 1711 5195 :
1737 5143 1954 5196 Clamor
1979 5143 2337 5197 Sodomorum

2439 5118 2704 5209 γενέσεως
2742 5138 2942 5191 οὑτωσὶ
3001 5135 3148 5190 κατά
3180 5133 3327 5199 λέξιν
3356 5132 3579 5203 εἴρηκεν
3614 5148 3626 5161 ·
3665 5148 3683 5180 ι
3727 5128 3869 5185 Eine
3899 5133 4015 5185 Κύ-

768 5248 825 5291 et
847 5235 1166 5292 Gumorrhae
1196 5232 1595 5302 multiplicatus
1620 5240 1706 5287 est
1746 5247 1930 5286 coram
1964 5249 2069 5287 me.
2104 5233 2345 5288 Descen-

771 5330 908 5383 dens
954 5326 1121 5397 igitur
1178 5324 1396 5379 videbo.
1436 5324 1711 5378 Abraham
1769 5340 1900 5379 vero
1936 5325 2114 5379 stabat
2163 5339 2344 5377 coram

772 5419 1026 5473 Domino.
1056 5417 1123 5470 Et
1152 5410 1593 5485 appropinquans
1612 5415 1881 5469 Abraham
1912 5415 2050 5469 dixit
2077 5433 2090 5468 :
2118 5413 2348 5469 Numsi-

779 5513 890 5564 qul
925 5513 1123 5579 iustum
1156 5510 1354 5579 perdes
1389 5525 1511 5565 cum
1538 5510 1726 5578 impio.
1772 5519 1826 5562 ct
1860 5509 1965 5563 erit
1993 5510 2177 5578 justus
2204 5509 2344 5561 sicut

780 5602 1017 5671 impius?
1039 5602 1092 5655 Si
1115 5602 1317 5655 fuerint
1337 5602 1733 5671 quinquaginta
1753 5601 1883 5669 justi
1904 5602 1964 5653 in
1988 5601 2143 5664 urbe,
2162 5614 2345 5652 nonne

784 5698 1031 5752 remittes
1072 5695 1146 5750 illi
1182 5706 1402 5764 propter
1448 5695 1843 5765 quinquaginta
1878 5694 2087 5762 jnstos?
2130 5693 2343 5759 Nequa-

784 5803 944 5856 quam
987 5789 1085 5843 hoe
1114 5788 1299 5855 facies,
1324 5787 1415 5857 qtti
1448 5786 1661 5858 judicas
1691 5801 1908 5841 omnem
1940 5794 2165 5839 terram.
2206 5783 2346 5836 Dixit

2444 5252 2578 5305 ριος,
2608 5233 2840 5303 Κραυγὴ
2875 5228 3124 5298 Σοδόμων
3162 5226 3259 5280 καὶ
3296 5225 3583 5294 Γομόρρας
3634 5222 4017 5292 πεπλήθυνται

2444 5327 2581 5399 πρός
2632 5342 2722 5393 με,
2759 5320 2999 5384 καταϐὰς
3029 5319 3254 5389 ὂψομαι.
3298 5316 3555 5385 ’Δϐραάμ
3594 5308 3744 5383 δὲῆν
3768 5314 4019 5385 ἑστηκὼς

2448 5418 2627 5471 ἔναντι
2675 5415 2879 5485 Κυρίου
2922 5456 2935 5478 ,

2451 5508 2818 5578 συναπολέσῃς
2849 5507 3053 5557 δίκαιον
3088 5502 3228 5571 μετά
3253 5498 3505 5564 ἀσεϐοῦς,
3555 5499 3650 5551 καὶ
3687 5498 3846 5551 ἔσται
3895 5500 3925 5553 ὁ
3947 5498 4023 5551 δί-

2451 5616 2603 5661 καιος
2632 5600 2704 5657 ὡς
2738 5602 2763 5650 ὁ
2815 5596 3061 5663 ἀσεϐήςς
3103 5593 3228 5647 Ἐὰν
3262 5586 3364 5645 ὦσι
3427 5592 3764 5660 πεντήκοντα
3824 5589 4023 5643 δίκαιοι

2454 5695 2510 5745 ἐν
2550 5694 2616 5761 τῇ
2643 5691 2819 5754 πόλει,
2847 5690 2945 5740 οὐκ
3000 5687 3231 5757 ἀφήσεις
3257 5683 3426 5753 αὐτὴν
3456 5682 3645 5735 ἕνεκεν
3676 5681 3789 5735 τῶν
3825 5680 4021 5749 πεντή-

2467 5801 2628 5837 κοντα
2661 5782 2925 5848 δικαίωνς
2980 5777 3261 5850 Μηδαμῶς
3325 5776 3557 5847 ποιήσῃς
3614 5771 3793 5833 τοῦτο,
3846 5769 4023 5842 ὀκρί-

3002 5413 3095 5465 mi
3150 5409 3376 5477 ἐγγίσας
3424 5406 3680 5478 Ἀϐραὰμ
3733 5401 3880 5472 εἷπε,
3936 5406 4019 5476 Μὴ
4114 5390 4120 5395 ’
