4204 6444
211 434 313 493 385

1166 435 1459 496 CONTRA
1506 437 1991 498 MAIIOMETEM
2036 440 2409 501 APOLOGIA
2455 443 2506 502 ῐ.

3333 452 3437 516 386

213 559 316 593 νων
357 544 539 595 πᾶσαν
567 540 663 611 τὴν
695 543 822 613 γῆν.
855 539 985 595 Εἷπε
1016 542 1071 595 δὲ
1102 542 1328 614 Κύριος·
1376 546 1501 598 Ἐἀν
1534 546 1681 617 εὕρω
1715 549 1771 599 ἐν
1801 557 1843 609 Α

1763 565 1771 595 ν
1801 557 1843 609 Α
1873 562 2003 601 vero
2028 548 2286 603 Dominus
2316 567 2328 604 :
2364 550 2421 604 Si
2458 553 2717 607 invenero
2747 555 3138 627 quinquaginta
3159 561 3337 630 justos
3369 565 3423 619 in

210 629 466 699 Σοδόμοις
512 623 850 699 πεντήκοντα
906 630 1171 697 δικαίους,
1212 634 1414 702 ἀφήσω
1463 636 1637 688 πάντα
1682 638 1774 690 τὸν

206 719 372 772 τόπον
405 720 473 772 δι’
499 720 713 783 αὐτούς.
748 722 855 775 Καὶ
902 723 1220 792 ἀποκριθεὶς
1269 725 1297 777 6
1325 724 1597 795 Ἀϐραὰμ,
1626 722 1771 795 εἷπε,

206 809 320 862 Νῦν
360 811 616 880 ἠρξάμην
649 810 880 881 λαλῆσαι
913 814 1049 882 πρὸς
1078 815 1167 867 τὸν
1217 815 1422 885 Κύριόν
1458 834 1559 886 μου
1594 835 1608 849 '

198 1714 311 1774 πῶς
355 1715 384 1765 6
423 1714 553 1778 Θεὸς
612 1720 707 1769 καὶ
754 1720 939 1790 Πατὴρ
973 1723 1227 1775 οὐδέποτε
1289 1726 1461 1796 ὲφάνη
1492 1730 1547 1779 ὲν
1574 1729 1757 1797 ὁράσει

1659 819 1773 885 ἐγὼ

204 899 257 951 δέ
291 901 409 966 είμι
440 902 510 968 γῆ
547 904 641 956 καὶ
682 903 897 964 σποδός·
933 906 1025 956 καὶ
1079 906 1175 957 ὲάν
1209 906 1471 976 εὑρεθῶσι
1498 912 1772 977 τεσσαράς

205 1006 372 1042 κοντα
421 993 629 1059 πέντε;
668 994 774 1045 Καὶ
827 991 945 1047 εἷπε
978 997 1005 1047 6
1057 996 1276 1064 Κύριος,
1338 998 1464 1051 Ἐὰν
1508 999 1770 1067 εύρεθῶσι

206 1085 623 1152 τεσσαράκοντα
655 1086 841 1147 πέντε,
871 1086 958 1139 ἵνα
1007 1078 1203 1155 ἀφήσω
1249 1089 1346 1157 τὴν
1395 1090 1568 1144 πόλιν.
1608 1109 1625 1140 ι
1662 1092 1771 1143 Καὶ

202 1173 585 1241 διαλεγόμενος
604 1174 876 1244 Ἀϐραὰμ,
905 1177 1136 1245 κατῆλθε
1171 1178 1331 1248 μέχρι
1365 1181 1457 1231 καὶ
1487 1180 1596 1231 τῶν
1616 1180 1765 1234 δέκα.

202 1258 333 1315 Εἶτα
384 1262 533 1331 λέγει
584 1265 808 1332 Μωσῆς,
854 1268 946 1317 καὶ
986 1267 1193 1335 ἀπῆλθε
1229 1268 1442 1338 Κύριος,
1482 1270 1556 1331 ὼς
1598 1271 1767 1321 ἐπαύ-

202 1370 333 1406 σατο
370 1354 544 1406 λαλῶν
578 1354 655 1425 τῷ
696 1355 965 1425 Ἀϐραάμ.
1004 1376 1024 1407 ι
1068 1359 1293 1422 Βλέπεις
1340 1361 1500 1413 πόθεν
1536 1362 1766 1429 ἦρξαντο

203 1449 550 1517 καταμικρδν
569 1450 959 1505 ἀναφαίνεσθαι
988 1452 1055 1537 τὰ
1085 1453 1181 1505 τοῦ
1213 1455 1486 1521 Χριστοῦ;
1535 1458 1626 1509 τοῦ
1657 1457 1765 1528 γὰρ

197 1533 410 1587 δικαίου
446 1537 497 1588 ot
523 1535 790 1606 ὀφθαλμοὶ
818 1533 1081 1607 ἠδύναντο
1113 1543 1315 1608 γνῶναι
1354 1545 1445 1595 τὸν
1475 1545 1627 1607 Θεὸν,
1661 1545 1764 1598 κᾶν

198 1623 254 1674 ὲν
282 1624 517 1693 δουλικῷ
566 1627 776 1696 ὑπῆρχε
808 1628 887 1696 τῷ
945 1632 1204 1698 σχήματι.
1270 1634 1554 1703 Πρόσσχες
1609 1636 1759 1705 γοῦν,

1879 632 2145 701 Sodomis,
2181 640 2451 692 remittam
2479 642 2626 694 omni
2658 642 2774 696 loco
2820 644 2910 699 isti
2944 658 3171 715 propter
3213 653 3331 709 hos.
3368 656 3436 710 Et

1876 726 2212 792 respondens
2243 728 2514 783 Abraham
2546 730 2681 784 dixit
2713 750 2725 786 :
2774 734 2927 789 Nune
2959 738 3136 806 incepi
3186 743 3337 811 loqui
3366 750 3432 802 ad

1876 812 2162 868 Dominum
2200 833 2401 881 tneum,
2436 835 2536 889 ego
2568 836 2695 874 vero
2715 830 2855 877 terra
2888 841 3005 879 sum
3036 842 3090 883 et
3114 832 3433 901 cinis.Quid

1837 901 1917 958 ,si
1948 903 2292 959 inveniamur
2341 910 2698 978 quadraginta
2735 914 3019 981 quinque?
3055 920 3122 973 Et
3161 924 3296 978 dixit
3330 928 3433 979 Do-

1873 993 2083 1050 minus;
2117 993 2171 1048 Si
2204 996 2461 1053 invenero
2487 1003 2844 1072 quadraginta
2864 1008 3124 1076 quinque,
3156 1018 3426 1073 remittam

1871 1084 2100 1138 civitati.
2132 1104 2148 1135 ι
2181 1086 2245 1137 Ει
2281 1092 2382 1143 hoc
2432 1094 2593 1145 modo
2652 1094 2967 1162 colloquens
3028 1115 3149 1153 cum
3202 1106 3428 1163 Domino

1869 1176 2161 1239 Abraham,
2221 1179 2504 1234 descendit
2554 1200 2724 1253 usque
2780 1191 2845 1243 ad
2900 1189 3116 1248 decem.
3173 1196 3235 1249 Et
3299 1210 3427 1252 tunc

1870 1265 2039 1321 Moses
2078 1269 2394 1338 subjungit:
2439 1290 2457 1322 ι
2494 1272 2555 1326 Et
2608 1276 2741 1331 abiit
2797 1280 3094 1347 Dominus,
3133 1298 3424 1356 postquam

1868 1360 2096 1410 cessavit
2146 1361 2294 1427 loqui
2374 1378 2496 1416 cum
2544 1366 2814 1424 Abraham
2844 1373 2882 1425 ¹.
2928 1392 2947 1426 ι
2993 1376 3221 1431 Videsne
3283 1381 3425 1433 unde

1867 1452 2130 1516 coeperint
2164 1453 2423 1519 paulatim
2458 1458 2789 1515 manifestari
2818 1503 2833 1528 ,
2861 1482 2983 1533 qua:
3016 1468 3083 1520 ad
3145 1469 3423 1523 Christum

1866 1538 2170 1602 pertinent?
2198 1538 2353 1593 Oculi
2385 1544 2528 1597 enim
2555 1546 2789 1605 hominis
2815 1552 2945 1617 justi
2978 1565 3230 1622 poterant
3258 1576 3424 1628 agno-

1863 1641 2013 1681 scere
2059 1628 2248 1695 Deum,
2285 1631 2408 1687 licet
2440 1635 2491 1686 in
2541 1639 2723 1693 servili
2779 1640 2950 1697 forma
2992 1648 3299 1702 exsisteret.
3328 1650 3423 1703 At-

1864 1718 2021 1770 tende
2051 1718 2235 1788 igitur,
2257 1724 2401 1790 quod
2431 1725 2571 1780 Deus
2600 1729 2763 1783 Pater
2782 1747 3057 1802 nunquam
3082 1741 3331 1806 apparuit
3368 1742 3419 1794 in

198 1806 497 1873 προφητῶν
530 1806 605 1867 ῶς
645 1808 949 1879 ἅνθρωπος,
987 1813 1120 1866 διότι
1154 1816 1252 1867 οὐκ
1294 1818 1509 1885 ἐγένετο
1552 1818 1759 1889 ἄνθρω-
1787 1870 1828 1893 ῃ

1758 1852 1759 1855 η
1787 1870 1828 1893 ῃ
1862 1806 2252 1874 prophetarum
2295 1810 2599 1866 visionibus
2640 1814 2875 1871 humana
2907 1821 3087 1888 Specie
3116 1864 3131 1884 ,
3167 1840 3233 1876 eo
3274 1828 3418 1893 quod

196 1909 316 1956 πος.
364 1897 527 1950 Ἀλλά
554 1902 684 1951 ποτὲ
722 1902 819 1969 μὲν
847 1904 1095 1970 ἐφαίνετο
1118 1906 1309 1972 ἄλλως,
1338 1910 1467 1962 ποτὲ
1489 1911 1532 1963 δ’
1559 1912 1753 1974 ἄλλως.

197 1986 458 2051 ιἌγγελοι
506 1989 560 2040 δὲ
613 1993 752 2045 κατὰ
804 1997 1024 2064 καιροὺς
1065 2000 1346 2064 φαίνονται
1405 2003 1464 2054 ὲν
1514 2004 1755 2073 σχήματι

194 2077 522 2145 ἀνθρώπων.
568 2082 913 2145 Ἐξεταστέον
940 2082 1032 2140 οῦν
1060 2092 1187 2157 περὶ
1214 2091 1314 2160 τῆς
1337 2094 1593 2162 τοιαύτης
1621 2096 1757 2147 θεω-

196 2167 337 2233 ρίας,
374 2169 455 2231 τίς
482 2165 547 2239 ἦν
578 2172 607 2222 6
634 2172 821 2241 ὀφθείς
850 2192 863 2239 ;
916 2176 1045 2231 Ἰδοὺ
1079 2182 1106 2231 6
1141 2180 1271 2243 Θεὸς
1307 2186 1400 2234 καὶ
1436 2185 1622 2255 Πατὴρ
1654 2188 1754 2239 οὐκ

192 2250 280 2324 ἦν,
312 2258 439 2310 ἐπεὶ
493 2260 520 2312 6
552 2265 740 2325 φανεὶς
772 2263 846 2327 ὡς
895 2267 1181 2336 ἄνθρωπος
1230 2273 1405 2342 ἐφάνη
1446 2250 1708 2343 Ἀγιὲλος
1734 2295 1749 2343 ἶ

195 2348 303 2399 Καὶ
338 2350 505 2412 ποίας
534 2352 717 2420 ἔχεται
769 2356 1115 2423 ἀκολουθίας,
1158 2360 1290 2413 πότε
1335 2364 1538 2432 Μωσῆς
1568 2367 1599 2436 ἢ
1632 2368 1752 2420 ἓτε-

194 2436 283 2503 ρός
318 2454 402 2499 τις
431 2440 536 2490 τῶν
574 2441 744 2509 ἁγίων
766 2446 1023 2513 μνησθεὶς
1051 2448 1277 2515 ἀγγέλου
1301 2491 1315 2515 ,
1348 2453 1629 2521 ὠνόμασεν
1661 2460 1751 2510 αύ-

193 2528 280 2580 τὸν
321 2529 528 2597 Κύριον
557 2532 589 2601 ἢ
624 2536 817 2605 κριτήν
848 2554 865 2603 ;
916 2538 1011 2600 Τίς
1047 2541 1155 2610 γάρ
1184 2544 1330 2597 ἐστιν
1358 2547 1384 2598 6
1422 2548 1621 2616 κρίνων
1652 2551 1753 2602 πᾶ-

193 2636 290 2672 σαν
330 2621 431 2691 τήν
460 2622 584 2691 γῆν,
616 2625 668 2695 εῆ
700 2626 863 2692 Θεός;
914 2630 1066 2683 Ἐπεὶ
1109 2630 1202 2686 οῦν
1232 2636 1609 2703 ἀναφαίνεται,
1669 2644 1749 2696 ὅτι

188 2710 213 2759 6
237 2708 369 2771 Θεὸς
403 2715 493 2762 καὶ
529 2715 716 2785 Πατὴρ
746 2718 843 2770 οὐκ
876 2714 943 2788 ἦν
996 2728 1181 2788 φανεὶς
1216 2726 1287 2788 ὡς
1317 2729 1622 2799 ἄνθρωπος,
1654 2733 1751 2802 ἀγ-

190 2802 339 2866 γελος
370 2802 471 2855 οὐκ
496 2800 563 2874 ἦν
598 2807 665 2860 δι’
700 2807 764 2871 6;
797 2810 1022 2882 εἴπομεν
1069 2818 1264 2881 αἰτίας,
1324 2822 1571 2888 φαίνεται
1617 2827 1749 2878 πάν-

188 2906 289 2952 τως
320 2894 378 2957 ἐξ
400 2895 665 2963 ἀνάγκης,
707 2900 789 2952 ὅτι
822 2902 985 2966 αὐτὸς
1013 2902 1080 2976 ἦν
1114 2911 1140 2959 6
1170 2910 1297 2971 Υἱὸς
1332 2913 1426 2964 καὶ
1452 2915 1622 2982 Λόγος
1654 2919 1744 2971 τοῦ

189 2977 342 3042 Θεοῦ,
377 2982 439 3043 ὃς
477 2985 589 3035 ἐστι
621 2986 751 3050 Θεὸς
792 2992 889 3044 καὶ
924 2993 1231 3064 ἄνθρωπος.
1262 3002 1361 3053 Διά
1391 3003 1498 3073 γάρ
1640 3024 1746 3074 φα-

190 3068 336 3134 νῆναι
382 3072 460 3139 τῷ
491 3073 739 3146 Ἀϐραὰμ
766 3080 840 3142 ὡς
864 3082 1168 3152 ἄνθρωπον,
1214 3089 1376 3156 ἔδειξε
1404 3068 1502 3163 τὴν
1531 3068 1747 3163 μέλλον·

1864 1870 1877 1873 -
1968 1870 1979 1874 -
2814 1870 2859 1871 νν
2916 1870 2951 1888 ⁷1
2980 1870 3084 1874 --π
3116 1870 3131 1884 ν
3171 1870 3228 1876 ν’
3277 1870 3417 1893 ‘l"""

1787 1870 1831 1929 Β
1861 1896 1975 1964 ipse
2004 1912 2109 1949 non
2145 1909 2229 1953 est
2270 1899 2432 1954 homo
2468 1902 2644 1958 factus
2672 1924 2684 1959 :
2713 1909 2806 1961 sed
2849 1926 2996 1963 nunc
3035 1913 3255 1980 quidem
3289 1917 3417 1979 alia,

1858 2003 2003 2042 nunc
2057 2007 2271 2043 rursum
2321 1992 2423 2045 alia
2475 1999 2656 2063 specie
2714 2002 2982 2067 apparuit,
3040 2004 3227 2073 Angeli
3287 2022 3419 2059 vero

1858 2094 2251 2149 nonnunquam
2306 2084 2545 2139 humana
2578 2090 2759 2161 Specie
2811 2104 3102 2159 apparent.
3135 2098 3418 2166 Inquiren-

1855 2171 1983 2224 dum
2009 2172 2172 2241 igitur
2202 2174 2251 2226 in
2288 2175 2388 2230 hac
2417 2178 2627 2232 visione
2668 2179 3123 2250 fuerit,qnisn:nn
3154 2189 3196 2241 is
3228 2190 3415 2257 sitqui

1858 2272 1985 2316 tunc
2026 2264 2172 2316 visus
2216 2274 2317 2317 est.
2364 2266 2504 2320 Ecce
2542 2283 2689 2330 vero,
2726 2272 2868 2327 Deus
2900 2274 3057 2327 Pater
3096 2292 3201 2331 non
3252 2290 3410 2343 erat;

1854 2355 1979 2422 quia
2046 2355 2280 2409 humana
2329 2357 2501 2413 forma
2558 2361 2703 2415 visus
2753 2375 2855 2418 est.
2927 2367 3029 2419 Sed
3088 2369 3414 2435 angelumne

1853 2444 2020 2497 fuisse
2050 2445 2236 2500 dices?
2270 2446 2374 2502 Sed
2412 2466 2600 2517 quam,
2642 2469 2847 2520 qua'so,
2878 2456 3135 2511 decorum
3163 2462 3263 2514 hoc
3287 2463 3412 2527 erit,

1852 2536 1895 2588 si
1952 2535 2125 2590 Moses
2187 2550 2281 2592 aut
2335 2541 2474 2596 alius
2542 2545 2809 2613 quispiam
2859 2560 3169 2619 sanctorum
3237 2556 3411 2622 angeli

1852 2629 2125 2681 mentione
2180 2629 2315 2685 facta
2368 2634 2543 2701 ipsum
2581 2637 2936 2704 appellaverit
2998 2641 3286 2697 Dominum
3326 2648 3409 2700 vel

1846 2718 2083 2787 jndicem
2116 2720 2138 2771 ‘?
2168 2720 2299 2785 Quis
2326 2733 2407 2776 est
2464 2725 2605 2779 alius
2648 2728 2739 2795 qui
2789 2729 3002 2797 judicat
3046 2748 3263 2787 omnem
3298 2748 3409 2789 ter-

1850 2823 1987 2871 ram,
2023 2824 2183 2877 quam
2220 2811 2406 2865 Deus?
2438 2812 2571 2866 Cum
2602 2816 2768 2885 igitur
2802 2831 3035 2885 constet,
3070 2825 3212 2890 quod
3250 2827 3294 2879 is
3317 2829 3408 2895 qui

1848 2899 2083 2953 humana
2117 2902 2299 2967 specie
2328 2906 2596 2971 apparuit,
2624 2922 2725 2962 nec
2748 2910 2889 2965 Deus
2906 2912 3063 2967 Pater
3099 2917 3282 2981 fuerit,
3307 2936 3409 2975 nec

1846 2992 2089 3059 angelus,
2123 3001 2343 3060 pr0pter
2371 3010 2464 3049 eas
2499 3012 2694 3051 causas
2746 3015 2882 3069 quas
2921 3005 3082 3058 modo
3128 3013 3407 3064 recensui-

1848 3096 1988 3145 mus,
2027 3083 2207 3138 elucet
2258 3087 2503 3150 omnino,
2548 3089 2712 3158 idque
2760 3099 3101 3163 necessario,
3134 3104 3277 3168 quod
3318 3106 3404 3159 ille

191 3173 283 3207 σαν
322 3161 489 3213 αὐτοῦ
524 3164 820 3235 σάρκωσιν,
860 3173 957 3225 Διά
987 3173 1041 3227 δὲ
1068 3176 1128 3228 τὸ
1153 3179 1521 3251 ὀνομασθῆναι
1584 3187 1744 3239 αὐτὸν
1772 3197 1815 3258 C

1772 3197 1815 3258 ρ
1850 3172 1963 3240 ipse
2020 3173 2257 3227 Verbum
2296 3186 2349 3229 et
2386 3178 2556 3233 Filius
2586 3181 2676 3235 Dei
2718 3182 2899 3248 fuerit,
2924 3189 3014 3254 qui
3065 3161 3116 3244 et
3152 3161 3309 3247 licus
3353 3208 3406 3250 et

192 3251 409 3320 Κύριον,
436 3258 582 3324 παρά
606 3275 664 3310 τε
694 3259 788 3312 τοῦ
816 3263 1085 3336 Ἀϐραὰμ,
1110 3272 1260 3340 παρά
1279 3289 1337 3325 τε
1363 3274 1451 3326 τοῦ
1484 3278 1743 3343 Μωσέως,

190 3345 275 3391 καὶ.
312 3344 569 3411 κρίνοντα
612 3350 789 3403 πᾶσαν
824 3352 922 3422 τὴν
968 3357 1089 3425 γῆν,
1115 3360 1211 3411 καὶ
1243 3363 1499 3419 ἐλεοῦντα
1527 3367 1584 3418 ὃν
1614 3368 1741 3435 βού-

189 3432 352 3497 λεται,
384 3435 479 3485 καὶ
509 3437 835 3494 παιδεύοντα
861 3443 919 3495 δν
964 3444 1213 3511 βούλεται
1247 3453 1549 3520 παιδεῦσαι,
1578 3459 1743 3525 ἔδειξε

187 3522 277 3588 τὴν
306 3523 496 3589 ταύτοῦ
526 3527 771 3597 θεότητα.
826 3532 960 3585 Θεοῦ
994 3538 1099 3604 γάρ
1133 3541 1248 3590 ἐστι
1300 3544 1454 3595 τοῦτο
1504 3546 1653 3613 ἴδιον,
1684 3550 1743 3601 τὸ

188 3614 386 3682 κρίνειν
432 3618 524 3669 καὶ
556 3619 725 3669 ἐλεεῖν
756 3620 849 3672 καὶ
903 3623 1242 3694 ὀργίζεσθαι,
1273 3630 1504 3697 ἀγγέλου
1553 3635 1608 3687 6‘:
1646 3640 1737 3690 καὶ

185 3702 467 3769 ἀνθρώπου
495 3706 760 3774 οὐδαμῶς.
799 3710 872 3760 Οὐ
904 3712 1011 3779 γάρ
1040 3716 1187 3768 ἐστιν
1216 3718 1311 3786 τῆς
1340 3721 1622 3791 δυνάμεως
1646 3728 1738 3780 καὶ

188 3791 427 3855 ἐξουσίας
456 3797 652 3848 αὐτῶν.
690 3798 762 3851 Τὸ
815 3801 923 3871 γάρ
956 3806 1147 3867 εἰπεῖν,
1196 3806 1318 3860 Ἐὰν
1368 3811 1512 3880 εὕρω
1544 3821 1742 3887 πεντή-

186 3898 362 3946 κοντα,
397 3882 430 3950 ἢ
465 3886 559 3937 καὶ
593 3885 834 3954 ἔλαττον,
876 3892 1027 3945 ἐάσω
1053 3898 1118 3963 τῇ
1152 3897 1324 3963 πόλει,
1353 3901 1519 3967 ἔδειξε
1553 3906 1612 3956 τὸ
1644 3924 1737 3975 με-

184 3971 391 4033 γαλεῖον
414 3976 511 4041 τῆς
542 3975 789 4039 ἔξουσίας
812 3980 997 4035 αὑτοῦ.
1027 3983 1096 4034 Σὺ
1123 3985 1179 4037 δὲ
1205 3989 1487 4057 πρόσεξον,
1519 3996 1591 4063 μή
1618 3971 1733 4061 πως

180 4062 414 4125 ἀκούσας
447 4068 539 4117 τοῦ
593 4068 795 4133 Κυρίου
860 4071 1128 4139 λέγοντος,
1187 4078 1451 4145 Καταϐἀς
1506 4062 1728 4156 ὄψομαι,

180 4154 487 4223 φαντασοῇς
514 4156 603 4207 ἐπὶ
626 4157 760 4210 Θεοῦ
788 4162 1041 4216 ταπεινόν
1070 4182 1122 4217 τι
1148 4169 1240 4220 καὶ
1262 4170 1483 4238 ἀνάξιον
1510 4177 1605 4245 τῆς
1632 4179 1731 4230 αύ-

178 4240 265 4291 τοῦ
297 4243 569 4312 θεότητο;.
611 4248 771 4302 Ἀλλὰ
796 4249 882 4303 διὰ
911 4252 1007 4323 τὴν
1044 4256 1331 4313 ἀσθένειαν
1381 4266 1492 4316 τῶν
1522 4267 1728 4337 ἀνθρὼ-

180 4350 287 4385 πων
318 4336 577 4399 πολλάκις
612 4340 855 4407 λέγονται
902 4347 971 4399 τὰ
1002 4349 1227 4404 τοιαῦτα
1262 4354 1355 4405 ἐπὶ
1382 4355 1539 4411 Θεοῦ.
1581 4336 1725 4411 Ἑλέ-

177 4422 270 4491 χθη
305 4424 361 4476 δὲ
400 4427 494 4479 καὶ
526 4428 613 4481 διά
643 4432 741 4499 τὴν
790 4434 1092 4499 μέλλουσαν
1136 4441 1281 4512 αύτῷ
1316 4446 1453 4513 μετά
1481 4446 1590 4501 τῶν
1632 4451 1727 4503 ἀν-

178 4510 399 4578 θρώπων
435 4522 861 4583 συγκατάϐασιν.

232 4870 300 4931 γ.
338 4867 461 4919 Ἔτι
516 4868 692 4935 δείξας
735 4872 936 4944 Κύριος
980 4878 1008 4930 6
1057 4878 1186 4943 Θεὸς
1252 4883 1329 4953 τῷ
1357 4886 1605 4958 Ἀϐραὰμ
1658 4891 1724 4943 τά

169 4958 398 5025 τέσσαρα
432 4960 573 5030 μέρη
614 4961 715 5031 τῆς
742 4968 865 5035 γῆς,
895 4963 1039 5035 εἶπε,
1080 4990 1098 5022 ι
1129 4972 1220 5025 Σοὶ
1266 4976 1421 5030 δώσω
1478 4980 1575 5049 τὴν
1623 4982 1725 5051 γῆν

170 5045 256 5094 καὶ⁸
302 5046 380 5113 τῷ
419 5050 700 5118 σπέρματί
743 5072 858 5121 σου,
920 5060 1013 5111 καὶ
1048 5060 1337 5131 πληθύνων
1375 5045 1642 5139 πληθυνῶ*
1667 5045 1725 5123 τὸ

171 5135 381 5205 σπέρμα
413 5154 532 5200 σου,
570 5141 644 5203 ὡς
676 5144 744 5197 τὰ
774 5145 946 5215 ἀστρα
968 5149 1059 5202 τοῦ
1086 5153 1335 5223 ούρανοῦ,
1372 5161 1465 5213 καὶ
1508 5161 1582 5224 ὡς
1612 5166 1711 5233 τὴν

169 5222 339 5290 ἄμμον
366 5227 465 5296 τὴν
504 5232 652 5301 παρὰ
681 5234 742 5284 τὸ
773 5238 947 5305 χεῖλος
981 5244 1077 5310 τῆς
1110 5222 1402 5316 θαλάσσης.
1461 5222 1582 5303 Ὅτι
1612 5222 1714 5306 πα-

168 5313 291 5381 τέρα
322 5318 535 5372 πολλῶν
566 5321 731 5376 ἐθνῶν
760 5328 979 5381 τέθεικά
1011 5348 1089 5393 σε,
1134 5335 1229 5387 καὶ
1263 5313 1709 5413 ἐνέυλογηθήσ-Ν-

165 5418 246 5453 ται
272 5407 328 5456 ἐν
372 5409 456 5459 σοὶ
497 5412 680 5466 πάντα
710 5419 776 5470 τά
830 5418 983 5489 ἔθνη.
1022 5440 1040 5473 ›
1095 5426 1278 5479 Ταῦτα
1310 5430 1389 5481 .τά
1436 5407 1528 5485 τοῦ
1577 5407 1710 5489 Θεοῦ

169 5492 289 5593 πρὸς
317 5496 407 5549 τὸν
437 5499 688 5571 Ἀϐραὰμ.
743 5509 981 5577 ῥήματα,
1012 5515 1105 5566 καὶ
1140 5517 1452 5579 ἐξεταστέον
1490 5524 1541 5575 τί
1580 5526 1707 5593 βού-

166 5576 305 5631 λεται
343 5584 534 5641 ταῦτα.
588 5588 716 5643 Ἰδοὺ
768 5576 842 5659 ὡς
893 5600 921 5651 6
951 5602 1153 5671 Μωσῆς
1183 5576 1358 5673 λέγει,
1408 5611 1489 5662 ὅτι
1522 5616 1549 5664 6
1579 5576 1709 5679 Θεὸς

229 5762 575 5834 ‘Gcn.xvtu,
618 5773 638 5824 l
678 5789 826 5843 seqq.
905 5781 924 5810 ²
954 5779 1091 5835 Gen.
1120 5800 1249 5852 χχιι,
1295 5789 1358 5843 16
1396 5807 1546 5862 seqq.

1754 4507 1801 4565 D

1848 3264 2011 3317 hamo
2035 3275 2135 3319 est.
2176 3267 2253 3318 Eo
2274 3269 2417 3321 enim
2445 3272 2605 3337 tacto,
2631 3290 2741 3342 quo
2781 3278 2882 3345 ipsi
2913 3281 3182 3336 Abraham
3218 3286 3407 3342 huma-

1848 3372 1915 3408 na
1960 3358 2139 3424 specie
2168 3362 2445 3427 apparuit,
2482 3366 2719 3418 ostendit
2764 3369 3000 3425 futuram
3035 3389 3190 3429 suam
3223 3379 3401 3433 incar-

1848 3445 2145 3498 nationem.
2173 3446 2324 3511 Quod
2360 3465 2489 3503 vero
2538 3452 2800 3509 Dominus
2839 3463 3151 3516 nominatur
3182 3467 3249 3518 ab
3285 3469 3403 3536 ipso

1843 3535 2116 3590 Abraham
2159 3551 2214 3591 et
2247 3539 2410 3605 Mosc,
2454 3554 2506 3595 et
2558 3548 2831 3600 universa}
2886 3559 3044 3606 terra:
3088 3555 3275 3621 judex,
3306 3561 3401 3627 qui

1844 3625 2169 3678 misereatur
2194 3629 2347 3697 cujus
2391 3630 2642 3695 voluerit,
2680 3645 2736 3687 ct
2780 3640 3017 3709 eorrigat
3046 3658 3207 3711 quem
3238 3652 3403 3702 corri-

1840 3730 1965 3782 gere
1991 3715 2156 3771 fuerit
2188 3717 2386 3783 visum,
2412 3737 2565 3774 suam
2600 3724 2651 3776 in
2679 3725 2781 3778 hoc
2813 3728 3151 3785 divinitatem
3179 3737 3401 3791 demon-

1842 3807 2054 3859 stravit.
2081 3807 2334 3863 Judicar’e
2366 3813 2533 3877 enim,
2564 3814 2836 3882 misereri,
2878 3830 2932 3873 ct
2970 3822 3152 3887 irasci,
3191 3828 3281 3879 Dei
3312 3845 3399 3883 so-

1839 3895 1944 3947 lius
1965 3898 2254 3968 est,angeli
2283 3915 2410 3954 vero
2440 3903 2521 3956 vel
2552 3903 2786 3959 hominis
2818 3924 3190 3980 nequaquam;
3221 3931 3397 3986 neque

1838 3987 1983 4039 enim
2018 3988 2121 4042 hoc
2172 3991 2387 4044 illorum
2442 3994 2660 4050 virtutis
2697 4006 2799 4061 est,
2833 4011 2888 4053 ct
2940 4006 3216 4069 potentiae.
3259 4007 3393 4062 Cum

1833 4080 1980 4131 enim
2011 4078 2146 4133 dicit
2182 4098 2195 4134 :
2247 4101 2264 4132 ι
2313 4084 2368 4137 Si
2408 4084 2670 4141 invenero
2696 4091 3084 4161 quinquaginta
3136 4100 3216 4151 vel
3265 4116 3395 4168 pau-

1835 4168 2010 4221 ciores
2045 4170 2149 4232 his,
2185 4172 2303 4226 urbi
2347 4176 2643 4243 remittam,
2690 4197 2706 4230 ι
2748 4185 3005 4248 potentia:
3045 4202 3155 4241 sua:
3188 4194 3391 4259 magni-

1834 4260 2103 4315 ﬁcentiam
2127 4263 2409 4321 indicavit.
2434 4267 2512 4319 'l‘u
2538 4281 2667 4324 vero
2694 4288 2884 4328 caveas
2912 4276 3151 4341 interim,
3182 4297 3246 4336 ne
3268 4298 3390 4337 cam

1830 4352 2075 4409 audieris
2106 4355 2379 4411 dicentem
2422 4358 2711 4417 Dominum
2746 4382 2758 4417 :
2807 4383 2824 4414 ι
2867 4366 3215 4426 Descendens
3241 4376 3393 4429 vide-

1831 4441 1921 4507 bo,
1957 4461 1976 4493 ι
2008 4445 2072 4497 de
2106 4445 2217 4500 Deo
2261 4448 2467 4504 humile
2502 4454 2806 4523 quidpiam,
2841 4470 2895 4513 et
2927 4463 3070 4517 illius
3106 4464 3389 4522 divinitate

1828 4534 2106 4602 indignum
2143 4537 2480 4607 imagineris.
2510 4544 2647 4597 Nam
2690 4558 2914 4617 propter
2939 4551 3190 4608 humanae
3231 4571 3389 4610 natu-

1827 4639 1901 4678 rae
1941 4625 2370 4684 imbecillitatem
2405 4649 2779 4701 saepenumero
2809 4641 2932 4694 talia
2968 4645 3034 4695 de
3067 4645 3178 4697 Deo
3200 4648 3391 4699 dicun-

1828 4724 1935 4769 tur.
1965 4717 2230 4773 Prteterea
2252 4722 2353 4776 hoc
2374 4723 2578 4778 dictum
2599 4737 2703 4791 est,
2728 4740 2954 4798 propter
2981 4733 3219 4787 futuram
3242 4736 3387 4789 ihins

1827 4824 1950 4865 cum
1979 4811 2295 4867 hominibus
2318 4820 2811 4875 conversatiom-m.

1900 4901 1953 4953 5.
1999 4901 2263 4957 Praeterea
2310 4920 2433 4958 cum
2467 4907 2735 4964 Dominus
2767 4913 2996 4967 Abrahae
3036 4928 3270 4984 quatuor
3303 4929 3381 4969 lo-

1831 4994 1937 5041 ttus
1997 4991 2147 5045 orbis
2206 4993 2457 5049 cardines
2511 5001 2860 5065 ostendisset,
2919 5004 3200 5073 inquitzc
3262 5008 3381 5061 Tibi

1826 5075 1968 5129 dabo
2007 5088 2205 5132 terram
2230 5122 2245 5146 ,
2287 5091 2341 5136 et
2370 5085 2563 5139 semini
2602 5099 2692 5141 tuo
2715 5130 2727 5152 ,
2766 5103 2821 5144 et
2856 5096 3220 5163 multiplicans
3245 5102 3386 5153 mul—

1827 5166 2084 5233 tiplicabo
2129 5186 2313 5225 semen
2386 5184 2534 5229 tuum
2585 5180 2723 5232 sicut
2766 5194 2907 5236 astra
2966 5189 3111 5251 coali,
3155 5199 3210 5243 et
3241 5195 3383 5246 sicut

1822 5273 2040 5312 arenam
2079 5262 2349 5330 jacentem
2383 5266 2434 5319 in
2467 5269 2649 5322 littore
2684 5275 2870 5336 maris,
2898 5280 3153 5344 quoniam
3174 5293 3379 5348 patrem

1820 5350 2108 5402 multarum
2141 5354 2383 5420 gentium
2426 5361 2687 5414 constitui
2712 5372 2783 5424 te,
2819 5375 2872 5417 et
2906 5366 3299 5424 benedicentur
3326 5377 3375 5425 in

1818 5448 1867 5491 te
1891 5455 2079 5494 omnes
2097 5446 2377 5509 gentcs’.»
2405 5447 2527 5501 llmc
2556 5464 2683 5503 sunt
2704 5453 2792 5507 Dei
2817 5456 2882 5508 ad
2910 5457 3084 5524 ipsum
3106 5462 3376 5517 Abraham

1818 5532 2000 5585 verba.
2029 5533 2185 5588 Nunc
2214 5536 2338 5603 quis
2378 5540 2573 5593 horum
2619 5559 2812 5598 sensus
2842 5547 2946 5610 sit,
2991 5551 3374 5618 inquirendum:

1815 5634 1918 5675 cst.
1960 5624 2258 5681 Considera
2309 5629 2474 5698 igitur
2508 5642 2567 5685 ut
2608 5633 2781 5690 Moses
2828 5637 3007 5707 dicat,
3041 5646 3183 5713 quod
3238 5647 3378 5701 Deus
