4204 6444
181 404 286 470 389

1146 401 1439 460 CON'I'RA
1485 399 1965 460 MAIIOMETEM
2009 402 2381 460 APOLUGIA
2433 406 2474 462 Ῐ.

3318 409 3420 478 390

166 537 317 582 vero;
380 521 619 590 ἤρξαντο
684 519 944 589 πράττειν
995 518 1045 568 οἱ
1096 515 1340 567 Ἰουδαῖοι
1394 517 1460 566 τὰ
1522 516 1760 583 ὀλέθρια.
1796 516 1826 570 Α

1796 516 1843 571 Α
1872 528 2021 567 more
2056 514 2222 579 illius,
2252 514 2427 568 donec
2467 516 2686 570 veniant
2710 531 2831 585 qua:
2858 519 3092 586 reposita
3120 520 3169 575 ei
3195 534 3343 581 sunt.
3366 532 3422 578 et

182 611 290 661 Καὶ
361 606 651 677 ἐπληρώθη
704 610 736 676 ἡ
796 607 891 658 τοῦ
961 602 1153 656 Ἰακὼὸ
1194 603 1531 670 προφητεία,
1582 604 1613 670 ἠ
1667 604 1751 653 λέ-

181 719 349 766 γουτα
400 702 480 762 τὸ,
546 718 565 751 ι
598 701 712 753 Οὐκ
763 698 998 761 ἐκλείψει
1043 696 1226 763 ἄρχων
1278 696 1335 759 ἐξ
1380 696 1585 757 Ἰούδα,
1634 695 1753 746 οὐδὲ

180 790 482 858 ἡγούμενος
539 794 602 842 ἐκ
660 791 767 841 τῶν
830 791 1018 859 μηρῶν
1070 790 1255 848 αὑτοῦ,
1306 787 1408 848 ἕως
1456 779 1514 837 οὗ
1557 786 1681 854 ἔλθῃ
1726 785 1753 837 ὃ

182 883 500 943 ἀπόκειται,
588 884 681 932 καὶ
717 880 872 932 τοῦτό
924 883 1037 931 ἐστι
1104 879 1397 947 προσδοκία
1481 877 1667 928 ὲΟνῶν.
1730 896 1748 927 ι

181 972 341 1023 Ἀλλᾶ
392 973 455 1039 δὴ
497 973 589 1023 καὶ
636 972 728 1022 τοῦ
770 973 1010 1033 Ἡσαΐου,
1058 971 1087 1038 ἡ
1132 969 1381 1032 λέγουσα,
1436 987 1453 1020 ι
1492 970 1678 1019 Ἔσται
1721 968 1751 1035 ἡ

185 1066 307 1132 ῥίζα
344 1064 442 1117 τοῦ
478 1064 697 1127 Ἰεσσαὶ,
737 1065 829 1115 καὶ
870 1064 898 1114 ό
939 1062 1298 1129 ἀνιστάμενος
1339 1062 1526 1127 ἄρχειν
1563 1059 1751 1121 ἐθνῶν,

186 1157 270 1206 ἐπ’
297 1157 446 1224 αὐτῷ
483 1156 608 1221 ἔθνη
647 1154 907 1206 ἐλπιοῦσι.
951 1172 968 1203 ι
1010 1154 1189 1221 Μέχρι
1225 1152 1331 1220 γάρ
1366 1154 1463 1215 τῆς
1496 1153 1587 1204 τοῦ
1626 1154 1756 1219 Χρι-

187 1246 309 1296 στοῦ
355 1248 663 1312 γεννήσεως
700 1241 844 1313 εἶχον
877 1245 924 1295 οί
961 1245 1201 1296 Ἰουδαῖοι
1243 1244 1335 1295 καὶ
1376 1243 1611 1309 βασιλεῖς
1650 1240 1756 1291 ἀπὸ

182 1335 275 1385 τοῦ
306 1337 498 1399 γένους
525 1334 703 1386 αὐτῶν
733 1336 825 1386 καὶ
870 1335 1165 1402 ἀρχιερεῖς.
1196 1334 1549 1397 Γεννηθέντος
1580 1332 1633 1383 δὲ
1662 1330 1754 1382 τοῦ

181 1425 443 1493 Χριετοῦ,
488 1425 705 1490 ἑλειψαν
751 1425 843 1475 καὶ
890 1426 1163 1492 ἀρχιερεῖς
1208 1426 1300 1474 καὶ
1344 1423 1601 1490 βασιλεῖς.
1649 1423 1755 1473 Καὶ

180 1513 388 1562 τούτων
422 1512 721 1576 γινομένων
756 1511 884 1561 ποτέ
924 1512 1020 1577 μὲν
1053 1508 1316 1577 ὠργίζετο
1351 1510 1379 1560 ό
1412 1509 1540 1568 Θεὸς
1575 1508 1756 1570 αὐτοῖς

179 1602 267 1653 διὰ
295 1604 397 1662 τὰς
429 1603 701 1671 ἁμαρτίας
730 1603 932 1663 αὐτῶν,
958 1602 1250 1669 ἐξαιρέτως
1281 1602 1335 1652 δὲ
1370 1602 1454 1652 διὰ
1480 1600 1575 1660 τὰς
1610 1600 1759 1651 εἰδω-

180 1692 505 1760 λολατρείας
539 1693 739 1755 αὐξῶν,
769 1693 833 1753 ἃς
867 1692 1281 1759 εὶδωλολάτρουν
1305 1708 1317 1720 ·
1350 1692 1476 1742 ποτὲ
1507 1690 1561 1743 δέ
1597 1690 1758 1741 πάλιν

181 1783 480 1834 συνεπάθει
512 1783 733 1841 αὐτούς.
769 1782 884 1848 ’Λφ’
911 1776 969 1834 οὗ
1001 1783 1054 1834 δὲ
1086 1784 1390 1850 ἐτόλμησαν
1419 1783 1477 1830 τ).
1503 1780 1756 1848 τόλμημα

180 1874 358 1922 ἐκεῖνο
382 1874 441 1922 τὸ
476 1874 617 1938 μέγα
646 1872 739 1923 καὶ
768 1871 1018 1939 φοϐερὸν,
1047 1871 1227 1922 ἔκτοτε
1258 1871 1755 1939 ἐγκατελείφθησαν

182 1965 335 2029 παρὰ
373 1962 467 2012 τοῦ
506 1960 673 2025 Θεοῦ,
714 1962 804 2012 καὶ
842 1959 1218 2028 παρεδόθησαν
1254 1964 1331 2020 εἰς
1366 1960 1758 2027 άσυμπάθητον

180 2050 385 2117 ὀργὴν,
439 2052 532 2101 καὶ
580 2050 953 2119 διεσπάρησαν
1005 2051 1083 2111 εἰς
1133 2051 1198 2103 τὰ
1252 2050 1397 2118 ἔθνη.
1455 2052 1645 2102 Καίτοι
1697 2068 1758 2117 γε

181 2139 671 2207 προσεκαρτέρησε
707 2140 804 2206 μὲν
831 2142 856 2190 ὁ
884 2139 1012 2201 Θεὸς
1045 2139 1205 2207 μέχρι
1235 2141 1425 2208 καιροῦ
1458 2141 1763 2209 φιλάνθρω-

180 2246 280 2290 πος
323 2227 437 2291 ὢν,
474 2233 569 2295 τὴν
604 2230 826 2280 ἐκείνων
860 2231 1194 2299 ἐπιστροφήν
1230 2246 1284 2280 τε
1333 2232 1425 2282 καὶ
1473 2232 1760 2298 μετάνοιαν

178 2319 583 2386 ἐκδεχόμενος·
635 2318 746 2369 ἀλλ’
777 2319 852 2379 ὡς
899 2318 1091 2371 ἀνίατα
1144 2318 1431 2380 νοσοῦντας
1487 2320 1759 2389 ἀπέκοψεν

179 2408 384 2466 αὐτοῦς
417 2406 509 2456 ἀπ’
533 2405 695 2457 αὐτοῦ
721 2446 735 2469 ,
767 2405 841 2467 ὡς
868 2407 915 2457 οἱ
948 2407 1224 2474 προφῆται
1258 2406 1474 2473 λέγουσι
1508 2415 1634 2478 περὶ
1666 2411 1761 2461 αὐ-

179 2496 313 2547 τῶν.
353 2496 507 2545 Ἐπεὶ
540 2494 666 2561 γοῦν
694 2495 1205 2565 εἰδωλολατροῦντες
1237 2494 1402 2568 ἦσαν,
1435 2501 1525 2551 καὶ
1558 2516 1762 2568 παρορ-

180 2586 435 2651 γὶξοντες
462 2586 551 2637 τὸν
580 2586 743 2660 Θεον,
780 2586 1064 2654 παρεδίδου
1097 2588 1195 2654 μὲν
1224 2590 1419 2650 αὐτοὺς
1453 2592 1529 2650 εἰς
1562 2590 1761 2658 αἰχμα-

179 2677 391 2727 λωσίαν
435 2677 531 2728 καὶ
576 2676 890 2737 παιδεύσεις
920 2676 1009 2729 διὰ
1040 2677 1107 2728 τὰ
1140 2677 1283 2729 κακὰ
1314 2677 1512 2731 αὐτῶν.
1547 2679 1620 2729 Οὐ
1656 2680 1761 2746 μὴν

180 2766 237 2818 δὲ
269 2766 371 2818 καὶ
401 2767 757 2833 ἐγκατέλιπεν
789 2769 1009 2831 αὐτοὺς,
1038 2767 1174 2819 ἀλλὰ
1208 2769 1369 2837 μέχρι
1404 2768 1591 2838 καιροῦ
1620 2787 1761 2833 τινος

182 2859 567 2928 εὖαριθμήτου
612 2859 962 2925 παρετείνετο
1003 2860 1035 2926 ἡ
1075 2857 1167 2909 τοῦ
1213 2858 1346 2910 Θεοῦ
1389 2860 1523 2929 πρὸς
1567 2862 1761 2921 αὐτοὺς

182 2950 355 3018 ὀργή.
403 2951 571 3003 Πάλιν
615 2950 670 3002 δὲ
715 2950 1099 3015 ἀπελάμϐανον
1143 2952 1235 3001 καὶ
1282 2951 1645 3018 συμπάθειαν,
1686 2952 1761 3014 ὡς

185 3043 432 3109 εἴρηται,
476 3040 569 3092 καλ⁸
613 3042 710 3109 τὴν
751 3042 1018 3110 πρότερον
1060 3041 1420 3107 εὐδαιμονίαν.
1466 3042 1627 3093 Ἀλλὰ
1670 3046 1762 3096 καὶ

183 3132 277 3183 τὸν
309 3132 505 3199 καιρὸν
535 3132 631 3197 τῆς
666 3134 890 3184 ἐκείνων
924 3132 1299 3201 αἰχμαλωσίας
1331 3134 1585 3185 οὐδέποτε
1621 3134 1758 3186 ἐλει-

184 3222 295 3289 ψαν
342 3222 442 3274 ἀπ’
473 3222 650 3277 αὐτῶν
698 3223 975 3291 προφῆται
1022 3224 1101 3284 είς
1152 3224 1490 3291 παρηγορίαν
1536 3226 1759 3277 ἐκείνων

185 3314 579 3382 εὑρισκόμενοι
619 3312 712 3366 καὶ
759 3313 1024 3380 ὠφέλειαν
1046 3314 1300 3382 ψυχικήν.
1335 3315 1629 3383 Προέλεγον
1652 3316 1759 3384 γὰρ

186 3408 279 3456 καὶ
322 3407 425 3472 τὴν
473 3406 608 3471 πρὸς
654 3404 849 3464 αὐτοὺς
894 3404 987 3455 τοῦ
1039 3405 1173 3457 Θεοῦ
1226 3406 1526 3475 ἐρχομένην
1569 3408 1757 3477 ὀργὴν,

183 3493 272 3547 ἁλὶ
288 3494 324 3544 ὰ
352 3495 450 3545 καὶ
472 3496 596 3554 τοὺς
624 3492 845 3562 χρόνους
869 3493 965 3562 τῆς
987 3494 1174 3563 ὀργῆς,
1201 3494 1295 3547 καὶ
1312 3495 1409 3564 τὴν
1434 3497 1572 3562 μετὰ
1591 3496 1763 3552 ταῦτα

184 3583 567 3651 γενησομένην
602 3582 966 3650 συμπάθειαν,
998 3584 1089 3636 καί
1120 3584 1219 3653 τὴν
1252 3585 1329 3645 εἰς
1362 3584 1458 3653 τὴν
1488 3586 1757 3652 Ἰερουσα-

185 3674 297 3741 λὴμ
351 3673 639 3725 ἐπάνοδον.
689 3672 1008 3724 Διεϐίὸασαν
1058 3673 1165 3741 γὰρ
1218 3677 1296 3735 είς
1345 3675 1439 3743 τὴν
1486 3676 1759 3741 Αἴγυπτον

182 3764 416 3832 χρόνους
458 3763 861 3831 τετρακοσίους,
906 3762 1018 3814 ἀλλ’
1043 3764 1219 3814 ἐκεῖσε
1260 3763 1623 3833 ἐγεννήθησαν
1665 3767 1758 3818 καὶ

181 3856 599 3924 ἀνετράφησαν.
630 3853 784 3906 Μετὰ
810 3853 866 3905 δὲ
892 3854 951 3904 τὸ
978 3853 1151 3905 ἐλθεῖν
1176 3854 1367 3914 αὐτοὺς
1395 3856 1474 3915 είς
1501 3855 1568 3908 τὰ
1596 3855 1759 3925 Ἱερο-

184 3946 425 4013 σόλυμα,
467 3944 561 3995 καὶ
594 3943 775 3995 κτίσαι
808 3944 896 3995 τὸν
930 3943 1075 4005 ναὸν,
1111 3943 1531 4012 ᾐχμαλώτευσεν
1566 3947 1760 4009 αὐτοὺς

184 4036 447 4102 βασιλεὺς
488 4033 595 4084 τῶν
634 4033 987 4084 Βαϐυλωνίων
1026 4032 1494 4100 Ναϐουχοδονόσορ
1534 4036 1761 4102 χρόνους

185 4126 574 4193 ἐϐδομήκοντα
592 4139 605 4152 ⁸
636 4123 730 4177 xui.
755 4124 893 4191 μετὰ
917 4122 1086 4175 ταῦτα
1114 4123 1379 4192 Ἀντίοχος
1404 4126 1431 4175 ό
1460 4124 1759 4196 Ἐπιφανὴς

183 4217 417 4285 χρόνους
459 4214 555 4266 δύο
598 4215 687 4265 καὶ
730 4213 922 4281 ἣμισυ,
966 4213 1060 4264 καὶ⁵
1100 4212 1259 4265 πλέον
1298 4214 1358 4264 οὐ
1403 4217 1681 4283 παρετάθη
1724 4219 1757 4287 ὴ

184 4310 323 4374 πρὸς
360 4306 566 4364 αὐτοὺς
598 4304 691 4356 τοῦ
725 4303 859 4355 Θεοῦ
895 4304 1051 4373 ὀργή.
1088 4304 1276 4357 Καίτοι
1313 4321 1373 4370 γε
1409 4308 1499 4358 ἐπὶ
1538 4308 1636 4375 μὲν
1666 4308 1758 4360 τοῦ

179 4397 434 4457 Μωσέως
472 4395 670 4447 ἔθυσαν
701 4395 790 4445 τὸν
824 4395 1023 4464 μόσχον
1052 4397 1109 4445 ἐν
1138 4398 1201 4465 τῇ
1238 4397 1457 4465 ἐρήμῳ,
1490 4398 1583 4449 καὶ
1623 4399 1762 4467 μετὰ

180 4489 362 4538 ταῦτα.
389 4486 550 4537 ἔθυον
577 4487 686 4545 τοῖς
713 4484 948 4546 εἰδώλοις
969 4500 984 4514 ⁸
1014 4486 1071 4536 οὐ
1104 4487 1259 4554 μόνον
1283 4486 1340 4537 δὲ
1370 4486 1523 4538 ἔθυον
1549 4489 1764 4557 θύματα

180 4577 345 4639 ζώων
367 4617 382 4637 .
414 4576 555 4628 ἀλλὰ
581 4576 676 4627 καὶ
699 4580 769 4627 τὰ
792 4577 956 4629 τέκνα
984 4576 1162 4629 αὐτῶν
1191 4576 1343 4629 ἔθυον
1370 4580 1482 4639 τοῖς
1511 4579 1765 4647 δαίμοσι,

180 4675 280 4721 καὶ
308 4669 442 4730 τοὺς
478 4668 763 4737 προφήτας
798 4668 1117 4719 ἀπέκτεινον
1140 4706 1155 4731 ,
1191 4677 1283 4722 και
1313 4670 1482 4738 ὀργὴν
1514 4672 1769 4739 ἀσυμπά·

182 4760 352 4827 θητον
384 4756 447 4807 οὐ
480 4756 833 4809 πεπόνθασιν.
871 4756 1001 4808 Ἀπὸ
1029 4756 1085 4808 δὲ
1114 4756 1209 4824 τῆς
1241 4757 1333 4808 τοῦ
1368 4759 1570 4827 Κυρίου
1603 4776 1765 4810 σταυ-

182 4850 418 4915 ρώσεώς
450 4847 559 4899 εἰσι
594 4847 772 4915 χρόνοι
802 4848 961 4915 χίλιοι
990 4848 1294 4914 τριακόσιοι
1323 4846 1606 4917 ἐξήκοντα.
1638 4850 1769 4902 Καί-

179 4958 265 4992 τοι
298 4956 391 5006 γε,
425 4939 504 5001 ὡς
531 4939 672 5007 τάχα
706 4940 943 5004 λέγουσι,
979 4939 1313 5015 φυλάσσουσι
1341 4941 1429 4992 τὸν
1458 4942 1637 5009 νόμον,
1670 4944 1764 4994 καὶ

179 5035 340 5085 οὐδὲν
380 5031 867 5100 εἰδωλολάτρησαν,
906 5032 1039 5083 ἀλλὰ
1077 5032 1235 5099 μόνον
1271 5032 1357 5085 διὰ
1392 5033 1487 5101 τὴν
1520 5036 1596 5097 είς
1632 5034 1765 5101 Χρι-

182 5130 311 5179 στὸν
366 5125 625 5178 ἁσέὸειαν
675 5125 851 5178 αὐτῶν
902 5126 1400 5195 ἐγκατελείφθησαν
1449 5126 1642 5191 οὕτως,
1692 5128 1767 5190 ὡς

179 5220 285 5287 ἐρᾷ
316 5220 345 5268 ό
376 5217 585 5283 κόσμος
612 5216 751 5278 ὅλος.
774 5217 895 5269 Ὅτι
927 5218 1023 5283 μὲν
1049 5220 1156 5285 γὰρ
1184 5217 1270 5268 διὰ
1298 5217 1451 5268 τοῦτο
1477 5208 1768 5287 διεσπάρη-

183 5327 309 5369 εταν,
364 5309 453 5360 ἵνα
500 5309 747 5374 παίγνιον
794 5308 886 5359 καὶ
934 5308 1248 5375 κατάγελως
1293 5309 1556 5374 γένωνται
1606 5312 1765 5361 παντὶ

177 5400 258 5466 τῷ
298 5401 497 5467 κόσμῳ
549 5398 713 5449 παντί
747 5416 847 5450 που
880 5398 1071 5467 δῆλον·
1110 5399 1191 5450 ὅτι
1226 5398 1282 5449 δὲ
1323 5398 1443 5450 οὐδὲ
1477 5399 1762 5467 προφήτης

179 5486 341 5540 εἶπεν
382 5490 563 5549 αὐτοῖς
607 5488 764 5552 λόγον
800 5489 1163 5559 παρηγορίας,
1204 5490 1318 5541 ἀλλ’
1344 5489 1461 5541 οὐδὲ
1504 5489 1764 5557 ἐλάλησεν

255 5625 276 5653 ⁵
306 5624 449 5678 Gen.
486 5639 634 5687 χιιι,
685 5622 770 5676 10.
846 5622 991 5675 'lsa.
1042 5638 1115 5688 τι,
1159 5623 1207 5676 1.

255 5746 331 5811 ιι,
366 5743 503 5795 Nota
542 5749 755 5808 tempus
784 5755 892 5807 quo
930 5739 1067 5794 liber
1092 5738 1180 5793 hic
1218 5737 1557 5807 conscriptus
1587 5745 1687 5792 est.

1857 602 1973 669 ipse
2011 608 2349 672 exspectatio
2380 607 2623 675 gentium
2650 608 2690 662 ³.
2726 628 2742 658 ι
2786 610 2985 662 Verum
3022 620 3077 663 et
3120 612 3269 666 Isaia:
3301 630 3423 666 ora-

1855 694 2037 746 culum
2089 694 2325 750 dieens:
2394 714 2411 745 ι
2476 698 2738 767 Exsurget
2788 700 2939 753 radix
2986 700 3173 763 .lcssa:,
3218 712 3272 755 et
3327 705 3420 771 qui

1854 791 2101 849 exsurget
2138 784 2203 835 ad
2235 785 2614 851 imperandum
2658 790 2934 855 gentibus.
2970 790 3022 841 in
3056 790 3209 842 illum
3237 803 3425 858 gentes

1856 872 2153 938 sperabunt
2184 876 2223 923 ⁸.
2267 894 2285 926 ι
2343 876 2477 929 Nam
2512 892 2682 943 usque
2714 878 2779 929 ad
2827 879 3031 932 Christi
3082 881 3422 934 nativitatem

1854 961 2024 1014 Judaei
2063 972 2116 1015 et
2154 980 2311 1033 reges
2348 975 2402 1018 et
2454 966 2738 1033 pontiﬁces
2782 968 2847 1021 de
2878 983 2972 1020 sua
3005 979 3169 1037 gente
3213 972 3421 1024 habue-

1857 1063 2019 1106 runt:
2050 1054 2150 1107 hoc
2173 1064 2353 1109 autem
2386 1068 2532 1120 nato,
2558 1070 2612 1111 et
2634 1075 2790 1127 reges
2816 1068 2870 1113 et
2898 1061 3183 1128 pontiﬁces
3214 1063 3427 1116 defece-

1859 1152 2004 1195 runt.
2041 1144 2247 1198 Interea
2283 1161 2409 1199 vero
2446 1149 2706 1215 temporis
2726 1165 2870 1201 nune
2900 1150 3121 1218 quidem
3157 1152 3423 1205 Deasiilis

1858 1231 2196 1287 irascebatur
2238 1249 2463 1303 propter
2506 1247 2727 1304 peccala
2770 1239 3035 1306 ipsorum,
3066 1241 3425 1293 idololatriant

1858 1319 2151 1387 inprimis,
2202 1325 2360 1392 cujus
2410 1325 2804 1379 studiosissimi
2851 1337 3043 1391 erant;
3080 1345 3227 1383 nunc
3290 1346 3422 1382 vero

1856 1412 2173 1464 corumdem
2229 1415 2596 1468 miserabatur
2656 1417 2838 1470 denuo
2884 1435 2895 1469 :
2957 1429 3244 1487 postquam
3296 1437 3427 1473 vero

1859 1501 2069 1555 facinus
2095 1502 2228 1556 illud
2266 1520 2519 1573 magnum
2546 1515 2600 1557 et
2638 1507 2974 1561 horrendum
3021 1520 3237 1577 patrare
3297 1523 3428 1566 sunt

1858 1594 1997 1653 ausi,
2026 1600 2155 1646 tunc
2183 1608 2211 1646 a
2247 1592 2355 1646 Deo
2411 1594 2612 1648 deserti
2649 1596 2699 1648 in
2742 1591 2875 1648 iram
2916 1597 3427 1655 irreconeiliabilem

1860 1684 2192 1744 inciderunt,
2217 1692 2272 1737 et
2308 1684 2362 1736 in
2394 1695 2586 1753 gentes
2609 1685 2845 1754 dispersi
2880 1698 3025 1741 sunt.
3058 1689 3121 1741 Et
3152 1706 3279 1743 sane
3309 1706 3429 1744 sus-

1862 1775 2025 1828 tinuit
2051 1775 2170 1827 illos
2211 1776 2353 1829 Deus
2404 1776 2469 1828 ad
2511 1786 2747 1845 tempus,
2782 1779 3080 1833 humanum
3117 1784 3270 1849 quasi
3319 1785 3423 1835 mi-

1860 1876 2078 1934 temque
2112 1881 2171 1920 se
2233 1866 2339 1920 illis
2396 1868 2684 1929 exhibens.
2735 1885 2859 1923 cum
2910 1872 3167 1924 nimirum
3230 1874 3427 1941 resipi-

1859 1956 2121 2008 scentiam
2166 1955 2381 2008 illorum
2414 1965 2467 2009 et
2504 1959 2880 2023 pmuiteutiam
2916 1973 3291 2030 eXSpectarct:
3332 1964 3426 2018 St‘d

1861 2045 2153 2099 incurabili
2190 2047 2382 2100 morbo
2418 2048 2734 2103 laborantes
2782 2052 3035 2114 abscidit,
3064 2055 3423 2121 quemadmo-

1860 2137 1985 2190 dum
2008 2138 2286 2206 propheta:
2306 2138 2372 2191 de
2398 2138 2531 2207 ipsis
2566 2142 2843 2195 vaticinati
2866 2143 3250 2198 fuerant.Cum
3280 2147 3427 2199 enim

1862 2226 2019 2280 ilolis
2054 2229 2345 2292 servirent,
2380 2238 2435 2282 et
2473 2228 2640 2283 Deum
2673 2232 2976 2293 irritarent,
3016 2234 3161 2300 ipsos
3205 2236 3426 2303 quidem

1861 2318 1914 2372 in
1961 2320 2334 2388 captivitatem
2367 2330 2421 2375 et
2470 2337 2659 2389 pmnas
2692 2334 2919 2391 praptcr
2967 2327 3177 2380 scelera
3211 2328 3428 2381 illorum

1861 2410 2106 2474 tradidit,
2164 2427 2276 2464 non
2331 2420 2509 2466 tamen
2544 2415 2771 2467 omnino
2821 2414 3171 2485 dereliquit:
3225 2418 3317 2471 sed
3375 2419 3431 2472 in

1862 2509 2076 2569 tempus
2096 2501 2317 2568 aliquod
2343 2517 2450 2555 non
2476 2502 2614 2555 adeo
2641 2504 2988 2568 immensum,
3010 2520 3108 2559 nec
3130 2506 3430 2570 infinitum,

1862 2589 2047 2643 divina
2077 2593 2129 2642 in
2164 2591 2287 2644 illos
2314 2592 2389 2645 ira
2429 2592 2863 2655 extendebatur;
2900 2608 3010 2661 quo
3051 2604 3342 2654 transacto.
3374 2602 3435 2648 ut

1862 2680 2067 2734 dictum
2109 2688 2213 2745 est,
2270 2689 2325 2734 et
2370 2680 2516 2735 illius
2571 2682 3004 2737 misericordiam
3055 2692 3109 2736 et
3148 2686 3432 2752 pristinum

1864 2770 2180 2826 felicitatem
2250 2773 2670 2841 recuperahant.
2737 2772 3123 2828 Verumtamen
3189 2791 3288 2829 nec
3376 2777 3431 2828 in

1866 2872 2107 2930 tempore
2137 2863 2466 2930 captivitatis
2492 2863 2708 2915 illorum
2736 2878 2975 2931 unquam
3008 2864 3306 2918 defuerunt
3329 2864 3435 2917 illis

1866 2953 2165 3020 propheta‘,
2203 2953 2268 3005 ad
2311 2954 2739 3007 consolationem
2780 2954 2997 3006 illorum
3030 2964 3086 3007 et
3124 2954 3321 3008 animae
3352 2969 3438 3007 sa-

1864 3043 2030 3096 lutem
2056 3058 2083 3095 a
2125 3043 2235 3097 Deo
2281 3042 2416 3098 dati.
2446 3042 2825 3097 Praedicebant
2863 3045 3006 3098 enim
3053 3056 3109 3098 et
3152 3055 3434 3098 venturam

1869 3130 1962 3183 Dei
2012 3130 2066 3183 in
2105 3132 2225 3186 illos
2279 3132 2440 3197 iram,
2476 3142 2531 3186 et
2576 3142 2793 3202 tempus
2839 3134 2933 3187 ira:
2980 3133 3287 3196 definitum,
3324 3144 3435 3188 tum

1868 3224 2035 3276 etiam
2076 3223 2169 3275 Dei
2222 3231 2345 3291 post
2387 3222 2491 3276 hoc
2523 3233 2835 3276 secuturam
2872 3225 3432 3291 commiserationem,

1872 3325 1925 3370 et
1966 3315 2209 3368 futurum
2260 3316 2315 3369 in
2353 3315 2785 3385 Hierosolymam
2819 3314 3076 3369 reditum.
3113 3314 3170 3368 In
3198 3314 3434 3384 Egypto

1871 3408 2018 3461 enim
2087 3416 2469 3476 transegerunt
2524 3422 2695 3460 annos
2753 3406 3207 3475 quadringentos,
3238 3421 3435 3463 verum

1871 3497 2074 3550 ibidem
2104 3506 2160 3550 et
2212 3496 2555 3564 multiplicati
2596 3506 2652 3549 et
2684 3496 2912 3549 enutriti
2955 3504 3106 3549 sunt.
3135 3496 3425 3564 Postquam

1870 3600 2004 3641 vero
2055 3586 2423 3640 ascenderunt
2492 3582 2962 3653 Hierosolymam,
3040 3593 3095 3638 et
3166 3586 3428 3653 templum

1868 3680 2296 3735 exstruxerunt,
2329 3673 2385 3726 in
2418 3673 2786 3740 captivitatem
2833 3672 3040 3739 redegit
3075 3686 3169 3725 eos
3201 3671 3424 3740 Babylo-

1871 3769 2085 3819 niorum
2109 3780 2201 3817 rex
2221 3763 2729 3818 Nabuchodonosor
2746 3764 2900 3816 annis
2917 3765 3277 3833 septuaginta.
3305 3763 3431 3819 Post

1872 3858 1987 3911 haec
2003 3857 2158 3911 annis
2175 3854 2391 3909 duobus
2408 3862 2459 3909 et
2479 3854 2645 3909 semis
2661 3854 2961 3908 Antiochus
2983 3854 3071 3907 ille
3096 3868 3399 3923 cognomen
3413 3884 3427 3892 -

1875 3957 1927 4003 to
1944 3948 2200 4010 lllustris,
2228 3963 2327 4001 nec
2360 3947 2501 4000 ultra
2528 3944 2741 4014 longius
2768 3945 2947 3998 divina
2974 3945 3028 3996 in
3060 3944 3180 3996 illos
3203 3946 3278 3997 ira
3298 3946 3434 4013 pur-

1873 4048 2018 4093 recta
2052 4047 2156 4091 est.
2185 4037 2297 4091 lmo
2325 4052 2449 4090 eum
2490 4047 2732 4103 tempore
2759 4032 2921 4087 Musis
2952 4035 3004 4086 in
3041 4035 3258 4087 deserto
3284 4034 3429 4086 exsi-

1871 4140 2078 4186 stentes
2090 4131 2261 4184 vitulo
2274 4128 2717 4188 saeriﬁearent.el
2736 4136 2859 4196 post
2878 4128 2990 4179 haec
3005 4125 3364 4179 idolisoﬂerrt‘
3378 4134 3435 4178 nt

1872 4221 2144 4282 victimas,
2186 4233 2289 4272 nee
2337 4216 2721 4271 tantummodo
2766 4217 3083 4269 animalium
3142 4216 3434 4279 sacriﬁcia,

1874 4311 1968 4365 sed
1999 4310 2249 4379 proprios
2289 4309 2493 4362 liberos
2534 4322 2749 4375 quoque
2798 4305 3138 4359 dmmonibus
3184 4305 3436 4358 immola-

1871 4410 2013 4458 rent.
2057 4410 2112 4452 et
2149 4398 2540 4467 prophetarum
2594 4397 2836 4451 aedibus
2896 4395 3431 4455 contaminarentur,

1870 4505 2207 4559 nequaquam
2240 4500 2418 4542 tamen
2451 4489 2631 4541 adhuc
2678 4488 2770 4539 Dei
2808 4488 2946 4539 iram
2997 4483 3438 4538 irreconciliabi-

1868 4581 1970 4634 lem
2023 4580 2234 4646 experti
2285 4588 2431 4631 sunt.
2472 4578 2515 4631 Α
2566 4576 2777 4629 Domini
2832 4591 2963 4628 vero
3012 4576 3266 4644 passione
3305 4575 3434 4628 anni

1863 4673 1970 4740 jam
2002 4671 2149 4722 mille
2193 4669 2421 4722 trecenti
2459 4678 2513 4721 et
2549 4669 2833 4736 sexaginta
2869 4666 2945 4735 (l)
2986 4668 3153 4734 elapsi
3194 4676 3345 4729 sunt,
3374 4676 3431 4720 et

1874 4775 2054 4818 tamen
2111 4764 2193 4829 (ut
2236 4763 2493 4815 nimirum
2544 4761 2646 4829 ipsi
2697 4758 2989 4826 allirmant)
3028 4759 3200 4824 legem
3242 4768 3426 4813 eustoi-

1868 4856 2046 4914 diunt,
2072 4862 2127 4906 et
2170 4854 2238 4905 ab
2279 4852 2424 4904 omni
2464 4851 2766 4903 idololatria
2811 4848 3126 4909 abstinent;
3178 4846 3273 4899 sed
3300 4862 3431 4915 pro-

1869 4957 1991 5015 pter
2018 4960 2183 4996 unum
2210 4945 2335 5005 hoc.
2369 4942 2514 5011 quod
2550 4944 2601 4994 in
2637 4940 2914 4995 Christum
2942 4948 3311 4992 exercuerunt
3335 4938 3434 4988 im-

1872 5035 2175 5102 piissimum
2201 5033 2433 5095 facinus,
2466 5031 2665 5084 deserti
2708 5041 2762 5081 et
2817 5030 2983 5081 totius
3024 5027 3211 5079 mundi
3245 5041 3431 5079 exem-

1872 5127 2022 5195 plum
2052 5124 2174 5176 facti
2207 5131 2356 5175 sunt.
2393 5120 2549 5185 Quod
2575 5121 2719 5172 enim
2750 5119 2850 5172 hac
2891 5118 2959 5171 de
3002 5131 3162 5170 causa
3197 5116 3429 5183 dispersi

1870 5221 2001 5279 sint,
2032 5226 2089 5269 ut
2124 5215 2291 5268 totius
2340 5214 2531 5266 mundi
2560 5212 2805 5265 ludibrio
2851 5220 2905 5263 et
2938 5210 3069 5263 risui
3096 5223 3435 5277 exponeren-

1871 5320 1982 5374 tur,
2019 5307 2321 5362 clarissime
2347 5306 2431 5358 vel
2459 5320 2519 5357 ex
2550 5305 2653 5357 hoe
2688 5311 2852 5371 patet,
2889 5301 3035 5369 quod
3062 5314 3091 5351 a
3114 5300 3268 5353 nullo
3297 5314 3428 5366 prn-

1868 5401 2153 5470 phetarum
2193 5401 2399 5453 interea
2434 5397 2697 5466 temporis
2745 5394 3174 5449 consolationem
3203 5405 3433 5457 accepe-

1871 5501 2022 5557 runt,
2073 5506 2173 5545 nec
2202 5490 2402 5559 aliquis
2455 5490 2848 5558 prophetarum
2882 5486 3025 5539 inter
3058 5483 3181 5537 illos
3214 5480 3432 5536 locutus
