4204 6444
222 411 331 474 393

1180 414 1473 474 CONTRA
1520 416 2002 482 MAIIOMETEM
2044 423 2420 485 APOLthlA
2469 424 2514 483 Ι.

3379 430 3485 497 394

225 536 323 573 ται
362 518 683 586 λογίσασθαι
718 521 745 572 6
777 518 904 582 Θεὸς
942 521 1089 582 υἱοὺς
1128 522 1378 593 Ἀϐραὰμ
1402 563 1416 589 ,
1455 526 1548 578 καὶ
1587 528 1802 596 σπέρμα

1916 531 1984 584 ab
2027 534 2203 598 initio,
2241 543 2294 588 et
2335 535 2387 587 in
2420 536 2651 591 veritate
2682 551 2789 590 non
2818 539 2988 604 stetit,
3021 540 3280 609 quoniam
3332 560 3487 597 men-

247 606 471 670 Ἰσαάκ;
506 607 602 670 Τίς
634 608 743 677 γὰρ
780 611 980 678 μετοχή
1014 610 1241 680 διαϐόλῳ
1274 615 1366 665 καὶ
1396 617 1508 674 τοῖς
1539 614 1631 667 τοῦ
1666 617 1803 668 Θεοῦ

231 698 465 762 δούλοις,
498 697 769 768 Ἀϐραὰμ,
802 700 984 753 Ἰσαὰκ
1029 703 1123 755 καὶ
1154 703 1377 768 Ἰακῶ6;
1408 705 1621 758 Μᾶλλον
1643 707 1696 759 δὲ
1724 708 1807 771 τίς

232 789 489 841 κοινωνία
516 789 632 858 Θεῷ
663 791 755 842 καὶ
782 791 1048 861 διαϐόλῳ;

305 1047 370 1102 δ’.
399 1048 509 1100 Καὶ
539 1047 645 1100 ἰδοὺ
675 1049 814 1101 κατὰ
840 1048 938 1115 τὴν
964 1048 1143 1118 κρίσιν
1170 1051 1261 1102 καὶ
1289 1051 1385 1119 τὴν
1414 1051 1595 1102 πίστιν
1619 1051 1724 1103 τῶν
1749 1069 1808 1103 τε

244 1137 518 1192 Ἰουδαίων
552 1140 660 1190 τῶν
694 1155 753 1191 τε
789 1140 1230 1202 Μουσουλμάνων
1265 1142 1619 1208 ὲναπέμεινεν
1652 1144 1679 1193 6
1713 1140 1807 1194 τοῦ

228 1229 367 1281 Θ-οῦ
396 1226 549 1295 λόγος
578 1230 805 1297 μάταιος
830 1229 924 1281 καί¹
947 1229 1166 1296 ψευδής.
1188 1230 1319 1281 ’Λπὺ
1344 1230 1451 1299 γὰρ
1476 1230 1568 1282 τοῦ
1586 1231 1809 1300 Ὶσμαὴλ

227 1319 387 1369 οὐδὲν
426 1317 731 1385 προσῆλθον
772 1319 841 1370 τὰ
884 1317 1010 1387 ἔθνη
1051 1318 1129 1387 τῷ
1170 1317 1308 1386 Θεῷ,
1351 1320 1456 1372 ἀπὸ
1496 1320 1589 1372 τοῦ
1625 1322 1809 1372 Ἰσαὰκ

225 1408 459 1476 ὁμοίως.
500 1406 641 1458 Ἀλλ’
667 1407 767 1458 οὐκ
809 1406 923 1458 ἔστι
954 1405 1145 1470 τοῦτο,
1182 1406 1281 1458 οὐκ
1323 1406 1490 1460 ἔστιν.
1527 1408 1661 1459 Οὐδὲ
1701 1406 1809 1474 γὰρ

223 1497 617 1548 διαπέπτωκεν
652 1498 679 1548 6
714 1496 805 1549 τοῦ
849 1497 980 1550 Θεοῦ
1027 1496 1202 1562 λόγος,
1242 1498 1356 1549 ἀλλ’
1385 1502 1440 1550 ἐν
1480 1498 1557 1566 τῷ
1590 1497 1807 1566 Χριστῷ

224 1585 308 1653 τῷ
351 1586 417 1637 ἐκ
461 1586 775 1654 σπέρματος
813 1586 1070 1656 ’Δϐραάμ
1114 1589 1207 1640 καὶ
1246 1588 1431 1640 Ἰσαὰκ
1478 1588 1574 1641 καὶ
1616 1588 1808 1641 Ἰακὼϐ

225 1675 379 1725 κατὰ
427 1676 605 1743 σάρκα
651 1675 1019 1743 ἀνεφάνησαν,
1065 1674 1158 1727 καὶ
1208 1676 1673 1745 ἀπεκαλύφθησαν
1715 1680 1810 1729 καὶ

223 1760 628 1831 ἐπληρώθησαν
675 1763 844 1814 πᾶσαι
885 1762 940 1814 αί
980 1763 1218 1831 ὁράσεις,
1270 1764 1440 1814 πᾶσαι
1488 1765 1541 1816 αί
1594 1780 1811 1835 προφη-

221 1857 365 1907 τεῖαι
388 1893 405 1917 ,
439 1854 615 1905 πᾶσαι
646 1854 701 1905 αί
732 1853 1103 1922 ἀποκαλύψεις
1124 1891 1139 1915 ,
1174 1855 1229 1905 αί
1263 1853 1606 1907 δεικνύουσαι
1642 1855 1802 1907 αὑτὸν
1836 1848 1882 1908 Β

222 1944 384 2003 Θεὸν,
412 1943 467 1995 αἱ
498 1942 836 1996 δεικνύουσαι
865 1943 1024 1995 αὑτὸν
1052 1944 1358 2012 ἄνθρωπον,
1387 1944 1567 2006 καθὼς
1595 1946 1622 1997 6
1650 1945 1805 2011 λόγος

220 2036 479 2099 ἀπέδειξε
512 2037 605 2089 καὶ
636 2035 898 2106 ἐδήλωσε,
956 2035 1052 2089 καὶ
1084 2035 1164 2087 ἔτι
1194 2035 1422 2106 δηλώσει
1453 2039 1804 2105 σαφεστερον.

233 2128 408 2180 Ἀλλά
444 2130 540 2179 καὶ
572 2130 750 2180 πάντα
782 2126 851 2178 τά
880 2127 1004 2197 ἔθνη
1043 2127 1100 2178 ὲν
1128 2127 1205 2196 τῷ
1238 2127 1456 2195 Χριστῷ
1490 2127 1680 2179 ἔλαϐον
1708 2128 1806 2197 τὴν

221 2217 487 2283 εὐλογίαν
514 2216 881 2269 πιστεύσαντα
909 2217 987 2276 είς
1012 2216 1197 2268 αὐτόν.
1230 2216 1413 2267 Πάντα
1439 2214 1547 2284 γὰρ
1574 2214 1641 2268 τά
1672 2215 1800 2282 ἔθνη

218 2307 291 2358 τά
332 2307 602 2377 πρότερον
637 2305 1127 2376 εἰδωλολατροῦντα
1164 2303 1259 2358 νῦν
1298 2304 1473 2357 πάντα
1510 2308 1675 2356 πιστὰ
1712 2306 1803 2356 καὶ

217 2396 503 2464 όρθόδοξα,
530 2398 669 2464 πλήν
696 2414 857 2450 τινων
886 2395 1146 2467 μερικῶν,
1173 2395 1610 2463 Μουσουλμάνων
1636 2395 1800 2462 λέγω,

229 2488 511 2558 Ἐϐραίων
557 2490 652 2543 καὶ
703 2489 928 2558 ἐτέρων,
974 2488 1168 2549 οἵτινες
1215 2485 1349 2554 ὁμοῦ
1402 2486 1603 2548 πάντες
1651 2488 1802 2539 οὐδὲν

220 2579 553 2646 φαίνονται,
591 2578 1006 2646 συγκρινόμενοι
1045 2576 1181 2645 πρὸς
1214 2575 1281 2628 τὰ
1317 2575 1493 2644 πλήοη
1527 2575 1633 2627 τῶν
1669 2573 1802 2646 Χρι-

220 2671 462 2723 στιανῶν
483 2710 498 2735 ,
530 2671 653 2722 ὅσον
684 2669 874 2729 ὓδατος
910 2667 1042 2737 δράξ
1078 2668 1214 2736 πρὸς
1248 2666 1503 2734 πέλαγος.
1532 2669 1719 2735 Ὅμως
1752 2668 1801 2719 τί

217 2762 385 2813 τοῦτο
430 2762 564 2830 πρὸς
607 2761 704 2829 τὴν
746 2760 1024 2829 ἀλήθειαν,
1072 2760 1118 2811 εἰ
1167 2759 1261 2810 καί
1300 2775 1443 2819 τινες
1493 2757 1623 2826 παρ’
1650 2759 1801 2810 οὐδὲν

218 2854 447 2921 θέμενοι
490 2852 724 2920 ταύτην,
774 2852 997 2919 ἔμειναν
1046 2852 1363 2919 ἀδιόρθωτοι
1413 2852 1505 2903 καὶ
1545 2852 1797 2915 ἅπιστοις

231 2944 293 2994 '0
323 2946 426 3010 μὲν
450 2942 599 3012 ήλιος
626 2942 803 2994 πάντα
828 2942 919 2994 τὸν
945 2940 1080 3010 ἀέρα
1108 2941 1352 3008 φωτίζει,
1381 2943 1472 2995 καὶ
1499 2943 1678 2995 πᾶσαν
1704 2944 1800 3011 τὴν

216 3034 585 3100 οἰκουμένην,
618 3032 754 3083 ἀλλὰ
785 3030 894 3082 τῶν
925 3029 1343 3097 τυφλωττόντων
1376 3030 1667 3083 σκοτεινῶν
1701 3047 1798 3099 με·

218 3124 449 3185 νόντων,
493 3121 553 3171 οὐ
604 3119 756 3187 παρά
805 3118 963 3171 τοῦτο
1015 3119 1404 3189 προστρίϐεται
1452 3120 1528 3190 τῷ
1581 3120 1717 3189 ήλίῳ
1767 3121 1797 3189 ή

220 3207 459 3275 μέμψις,
492 3206 626 3259 ἀλλὰ
658 3209 770 3267 τοῖς
796 3205 1223 3274 τυφλώττουσιν.
1256 3208 1411 3260 Οὕτω
1446 3226 1535 3276 μοι
1568 3210 1672 3260 νόει
1705 3211 1798 3262 καὶ

218 3299 353 3366 περὶ
380 3297 477 3349 τοῦ
508 3297 760 3367 Χριστοῦ,
784 3298 863 3350 ὅτι
887 3298 945 3349 τὸ
970 3297 1061 3351 τοῦ
1090 3300 1326 3367 Χριστοῦ
1356 3299 1685 3367 Εὑαγγέλιον
1710 3305 1800 3354 καὶ

217 3390 255 3457 ή
291 3387 647 3451 διδασκαλία,
684 3389 883 3456 μᾶλλον
912 3387 968 3440 δὲ
1002 3388 1161 3450 αὐτὸς
1193 3390 1220 3441 6
1251 3389 1485 3459 Χριστὸς
1517 3391 1657 3459 ὑπὲρ
1694 3408 1796 3458 μυ-

218 3482 378 3547 ρίους
410 3477 594 3546 ἡλίους
626 3477 907 3547 ἀνεδείχθη
940 3478 1317 3545 λαμπρότερος
1349 3478 1442 3531 καὶ
1475 3482 1797 3547 φωτεινότε-

219 3586 336 3637 ρος.
371 3569 469 3631 Et;
497 3570 684 3621 πᾶσαν
713 3570 821 3637 γὰρ
853 3567 953 3637 τὴν
985 3568 1087 3638 γῆν
1118 3568 1339 3638 ἐξῆλθεν
1369 3570 1396 3621 6
1428 3568 1519 3621 τοῦ
1558 3570 1798 3639 Εὑαγγε-

215 3662 339 3713 λίου
380 3661 560 3727 λόγος,
602 3660 693 3712 καὶ
726 3660 775 3712 οί
816 3658 1162 3720 πιστεύοντες
1207 3658 1492 3723 σώζονται,
1535 3663 1581 3713 ot
1623 3662 1679 3713 δὲ
1722 3665 1796 3732 μὴ

220 3750 579 3813 πιστεύοντες
633 3750 985 3804 ἀπόλλυνται.
1026 3749 1163 3804 Ἀλλ’
1188 3751 1247 3802 ού
1285 3752 1434 3819 παρὰ
1468 3750 1544 3820 τῷ
1578 3753 1797 3821 Χριστῴ

215 3846 252 3911 ή
289 3842 502 3912 μέμψις
522 3880 537 3905 ,
568 3842 705 3893 ἀλλὰ
740 3842 891 3908 παρά
919 3844 1032 3903 τοῖς
1061 3842 1345 3903 ἀπίστοις,
1378 3843 1488 3903 τοῖς
1519 3858 1797 3912 καταπρο-

212 3933 367 3987 δοῦσι
398 3933 501 4001 τὴν
533 3933 740 3985 ἑαυτῶν
774 3932 1070 4002 σωτηρίαν.
1105 3932 1247 3985 Ἀλλ’
1272 3932 1380 3985 οὐδ’
1406 3932 1578 3995 οὕτως
1610 3936 1797 3997 ἁπλῶς

212 4026 446 4076 πάντων
484 4021 596 4073 τῶν
636 4022 1045 4075 πιστευσάντων
1089 4021 1238 4074 ἐστὶν
1282 4023 1314 4090 ή
1360 4024 1620 4092 σωτηρία,
1664 4026 1796 4077 ἀλλά

210 4114 326 4165 τῶν
360 4116 461 4164 σὺν
490 4113 558 4180 τῇ
591 4112 772 4164 πίστει
806 4112 1145 4180 ποιησάντων
1178 4112 1311 4181 ἔργα
1346 4115 1615 4182 σωτηρίας
1650 4116 1791 4176 ἄξια,

225 4205 374 4257 Ἀλλ’
401 4206 795 4273 ἐπιστραφήτω
828 4204 855 4253 6
889 4204 1039 4270 λόγος
1079 4203 1233 4273 ἡμῶν
1266 4205 1345 4265 είς
1373 4206 1470 4266 τὰς
1504 4207 1630 4274 περὶ
1666 4208 1797 4274 Χριο

214 4294 345 4345 ατοῦ
394 4295 709 4362 μαρτυρίας
753 4293 843 4344 καὶ
886 4293 1206 4357 ἀποδείξεις,
1247 4293 1362 4345 ἀλλ’
1386 4295 1444 4345 ού
1491 4296 1688 4356 πάσας.
1732 4296 1793 4348 Εἰ

209 4388 323 4454 γὰρ
351 4388 536 4443 πάσας
558 4388 655 4446 τὰς
680 4388 807 4453 περὶ
831 4384 924 4436 τοῦ
952 4385 1189 4454 Χριστοῦ
1217 4384 1585 4454 ἀποκαλύψεις
1611 4404 1667 4437 τε
1698 4389 1792 4440 καὶ

1909 619 2013 674 dax
2042 632 2127 676 est
2155 626 2197 676 ’.
2224 642 2241 675 ι
2262 625 2410 689 Quos
2438 627 2883 683 autcmChristus
2915 627 3113 683 diaboli
3147 630 3285 687 ﬁlios
3307 636 3482 687 nomi-

1911 712 2074 775 navit,
2096 730 2223 767 num
2240 715 2382 768 Deus
2399 715 2624 769 Abrahae
2640 717 2775 771 ﬁlios
2789 728 2841 773 ct
2858 718 3022 773 lsaaci
3040 735 3223 774 semen
3242 723 3487 790 judicare

1910 804 2127 869 potest?
2188 804 2488 869 Quadenim
2523 816 2605 861 est
2646 811 2958 863 communio
3000 810 3200 864 diaboli
3234 828 3355 866 cum
3390 814 3481 867 Dei

1911 893 2084 945 servis
2114 896 2415 959 Abraham,
2442 897 2589 951 Isaac
2616 908 2667 951 ct
2690 899 2929 953 Jacobo?
2964 902 3075 955 lino
3100 903 3245 971 quod
3276 912 3360 959 est
3390 906 3483 958 Dei

1913 996 2036 1034 cum
2069 981 2285 1037 diabolo
2310 988 2733 1040 commercium?

1984 1072 2037 1123 4.
2068 1073 2146 1125 En
2179 1072 2363 1142 igitur,
2395 1077 2545 1143 juxta
2585 1076 2893 1135 Judzeorum
2930 1094 2984 1136 ct
3016 1084 3482 1138 Musulmanorum

1911 1166 2236 1216 sententiam
2284 1174 2339 1217 et
2369 1167 2526 1220 fidem
2553 1210 2565 1230 ,
2617 1170 2708 1223 Dci
2734 1173 2959 1226 verbum
3012 1175 3226 1229 irritum
3263 1176 3487 1229 falsum-

1912 1264 2021 1317 que
2059 1266 2181 1306 esse
2214 1252 2721 1321 deprehenderetur
2747 1259 2833 1328 (ab
2865 1261 3091 1317 lsmacle
3112 1266 3261 1319 enim
3295 1277 3484 1334 gentes

1912 1356 2257 1409 nequaquam
2288 1345 2399 1398 Deo
2446 1360 2816 1415 accesserunt,
2846 1352 3101 1406 similiter
3131 1371 3229 1410 nec
3256 1357 3324 1409 ab
3346 1358 3485 1411 Isaa-

1911 1433 2044 1496 Cu);
2088 1432 2181 1483 sed
2236 1449 2579 1504 nequaquam
2640 1437 2741 1492 hoc
2785 1451 2903 1505 est,
2963 1443 3208 1507 minime,
3241 1447 3478 1512 inquam.

1910 1518 2070 1572 Nullo
2108 1519 2270 1574 modo
2308 1523 2452 1575 enim
2484 1525 2576 1579 Dei
2607 1527 2833 1581 verbum
2864 1530 3173 1595 intercidit;
3205 1548 3391 1587 verum
3427 1537 3481 1589 in

1909 1605 2137 1661 Christo
2168 1647 2183 1671 ,
2214 1610 2309 1678 qui
2360 1626 2424 1664 ex
2458 1614 2690 1670 Abrahae
2723 1620 2931 1673 semine
2972 1632 3131 1676 natus
3165 1634 3247 1677 est
3280 1641 3478 1679 secun-

1912 1694 2040 1747 dum
2078 1711 2341 1764 carnem,
2388 1702 2779 1770 manifestatae,
2832 1709 3085 1764 revelata:
3143 1721 3199 1765 et
3249 1714 3482 1783 impletae

1911 1797 2039 1842 sunt
2073 1803 2264 1844 omnes
2293 1792 2550 1857 visiones,
2585 1810 2777 1852 omnes
2826 1801 3147 1869 prophetiae,
3179 1818 3481 1874 omnesque

1916 1878 2298 1947 revelationes,
2338 1884 2653 1951 quaeipsum
2684 1896 2733 1939 et
2764 1888 2934 1943 Deum
2962 1905 3083 1945 esse.
3116 1906 3169 1947 et
3201 1895 3477 1949 hominem

1911 1969 2250 2033 ostendunt,
2286 1972 2746 2039 quemadmodum
2775 1985 2964 2031 noster
2993 1977 3083 2032 hic
3138 1994 3320 2035 sermo
3366 1984 3475 2051 jam

1909 2057 2311 2114 demonstravit
2363 2071 2419 2116 et
2468 2066 2762 2132 exposuit,
2814 2078 2868 2121 et
2920 2070 3263 2126 manifestius
3300 2075 3478 2127 adhuc

1905 2149 2078 2201 multo
2102 2160 2359 2217 exponet.
2399 2152 2629 2222 Insuper
2649 2164 2702 2209 et
2727 2171 2919 2211 omnes
2941 2167 3131 2228 gentes
3172 2163 3225 2215 in
3257 2163 3477 2217 Christo

1906 2249 2245 2309 acceperunt
2272 2242 2713 2300 benedictionem
2755 2263 2853 2317 per
2885 2248 3071 2314 ﬁdem,
3096 2267 3202 2320 qua
3235 2254 3287 2306 in
3325 2255 3475 2308 illum

1909 2331 2288 2386 crediderunt.
2324 2332 2529 2389 Gentes
2557 2339 2702 2389 enim
2738 2339 3009 2395 universa:
3031 2342 3183 2410 prius
3207 2344 3475 2401 idolorum

1904 2422 2074 2475 cultui
2128 2422 2367 2488 deditae,
2426 2441 2573 2480 nunc
2626 2428 2814 2483 fideles
2866 2441 2922 2485 et
2957 2434 3473 2501 orthodoxaesunt,

1906 2512 2149 2579 exceptis
2178 2514 2546 2581 paucissimis,
2579 2515 2931 2575 illusulmanis
2953 2523 3182 2590 scilicet,
3210 2526 3472 2593 Hebrzeis,

1907 2610 1959 2654 et
1991 2602 2114 2654 aliis
2151 2619 2166 2659 :
2205 2605 2298 2672 qui
2358 2605 2520 2659 simul
2563 2622 2755 2662 omnes
2828 2612 2960 2664 nulli
3008 2614 3286 2677 videntur,
3348 2633 3473 2672 cum

1904 2689 2342 2746 Christianorum
2409 2696 2761 2752 multitudine
2829 2702 3047 2768 collati;
3113 2720 3223 2759 non
3304 2710 3475 2778 magis

1903 2797 2065 2851 quam
2129 2783 2172 2837 si
2226 2786 2495 2838 tantillum
2551 2803 2743 2856 aqum,
2794 2804 3056 2859 quantum
3106 2796 3227 2850 vola
3282 2815 3474 2855 manus

1904 2872 2071 2940 capit,
2119 2886 2241 2926 cum
2273 2875 2464 2945 pelago
2496 2888 2864 2947 comparetur.
2907 2884 3304 2943 Verumtamen
3339 2893 3473 2959 quid

1905 2961 2007 3015 hoc
2037 2961 2105 3015 ad
2142 2964 2453 3029 veritatem,
2484 2968 2529 3019 si
2572 2970 2819 3023 nonnulli
2848 2971 2987 3027 hanc
3022 2988 3434 3035 contemnentes
3455 3022 3470 3046 ,

1906 3049 2313 3119 incorrigibiles
2342 3062 2397 3106 et
2434 3053 2680 3110 inﬁdeles
2710 3064 3173 3125 permanserunt?
3203 3065 3295 3120 Sol
3326 3072 3472 3122 enim

1905 3151 2074 3195 totum
2102 3142 2375 3197 illuminat
2401 3160 2606 3212 aerem,
2636 3158 2692 3202 et
2715 3149 2905 3203 orbem
2945 3152 3285 3221 universum,
3313 3162 3471 3213 catt-is

1904 3232 2127 3284 interim
2172 3233 2224 3285 in
2282 3234 2525 3289 caecitate
2573 3247 2629 3291 ct
2683 3240 2926 3294 tenebris
2972 3248 3465 3311 permanentihus:

1905 3336 2007 3377 nec
2048 3332 2226 3376 tamen
2257 3333 2542 3393 propterea
2579 3328 2659 3382 sol
2713 3331 3204 3398 reprehendendus
3239 3347 3338 3401 est,
3374 3341 3469 3392 sed

1903 3407 2005 3479 ipsi
2044 3411 2197 3466 ea-ci.
2258 3412 2406 3468 Talis
2458 3431 2579 3469 mea
2632 3432 2852 3487 quoque
2906 3421 2974 3475 de
3021 3423 3239 3481 Christo
3293 3427 3471 3482 fertur

1901 3503 2194 3557 sententia.
2226 3501 2435 3558 Christi
2467 3520 2663 3575 nempe
2716 3509 3065 3579 Evangelium
3090 3524 3144 3567 et
3175 3516 3420 3572 doctrina
3453 3565 3466 3582 ,

1902 3590 2011 3643 imo
2057 3590 2312 3646 Christus
2358 3593 2497 3663 ipse,
2534 3595 2775 3653 inﬁnitos
2802 3600 2945 3655 soles
2988 3603 3277 3671 Splendore
3304 3618 3355 3661 et
3388 3611 3470 3662 lu-

1902 3681 2052 3732 mine
2103 3681 2343 3734 excellit.
2404 3683 2461 3736 ln
2503 3698 2721 3739 omnem
2759 3688 2907 3741 enim
2942 3698 3140 3745 terram
3191 3693 3468 3765 Evangehi

1901 3768 2215 3837 prmdicatio
2246 3771 2520 3841 divulgata
2548 3788 2631 3829 est
2674 3787 2726 3830 et
2765 3778 3050 3835 credentes
3079 3782 3307 3837 salutem
3332 3802 3467 3838 cnn-

1901 3868 2228 3926 sequuntur;
2272 3860 2363 3928 qui
2407 3875 2536 3917 vero
2581 3879 2687 3917 non
2729 3866 3001 3933 credunt,
3033 3880 3283 3934 pereunt.
3342 3873 3464 3928 l\'.m

1902 3956 2082 4001 tamen
2116 3949 2231 4003 hac
2269 3951 2427 4019 culpa
2456 3952 2508 4005 in
2540 3953 2840 4019 Christum,
2877 3958 2971 4011 sed
3014 3960 3066 4012 in
3101 3960 3347 4018 inﬁdeles
3380 3967 3465 4017 in-

1900 4034 2055 4098 cidit,
2081 4038 2176 4104 qui
2213 4052 2370 4092 suam
2401 4040 2644 4108 ipsorum
2684 4045 2914 4098 salutem
2955 4049 3215 4115 produnt.
3249 4052 3358 4105 Nec
3384 4066 3466 4115 la:

1901 4140 2024 4179 men
2048 4128 2303 4183 omnibus
2333 4130 2656 4199 simpliciter
2699 4144 2753 4188 et
2779 4136 2924 4192 nude
2949 4142 3297 4197 credentibus
3315 4147 3463 4201 salus

1900 4219 2193 4289 contingit,
2233 4221 2325 4275 sed
2351 4224 2417 4277 iis
2441 4225 2533 4293 qui
2558 4242 2654 4295 per
2677 4227 2836 4282 ﬁdem
2860 4245 3023 4299 opera
3058 4234 3266 4292 faciunt
3286 4240 3463 4294 salute

1901 4309 2085 4377 digna.
2131 4309 2460 4367 Revertatur
2496 4302 2679 4371 autem
2714 4316 2781 4370 ad
2828 4319 3031 4376 Christi
3065 4328 3373 4381 testimonia
3407 4345 3462 4383 et

1897 4399 2400 4456 demonstrationes
2452 4415 2636 4459 nostra
2665 4408 2862 4472 oratio,
2897 4424 3009 4464 non
3041 4421 3220 4469 tamen
3249 4426 3305 4471 ut
3338 4435 3460 4471 om-

212 4481 439 4545 ὁράσεις
494 4479 589 4529 καὶ
640 4480 975 4547 προφητείας
1032 4478 1399 4546 ἐπειράθημεν
1449 4480 1789 4543 ἀναπτύξαι,

1911 4505 1998 4545 nes
2062 4502 2360 4547 recenseat.
2426 4493 2481 4547 Si
2521 4496 2668 4549 enim
2718 4512 2928 4565 omnes,
2978 4518 3098 4570 quae.
3127 4505 3194 4558 de
3242 4506 3460 4561 Christo

210 4571 405 4623 πολλοὶ
441 4571 692 4639 γραφεῖς,
715 4571 941 4621 πλεῖστα
977 4572 1380 4632 κεκοπιακότες,
1419 4571 1591 4638 ὀλίγον
1627 4573 1792 4641 μέρος

210 4663 659 4731 ὲπεξεργάσαντο
695 4663 778 4714 ἀν.
803 4663 992 4727 Ὅμως
1031 4663 1223 4731 μικρὸν
1256 4679 1307 4712 τι
1342 4664 1405 4715 ὲκ
1437 4664 1543 4714 τῶν
1578 4662 1789 4716 πολλῶν

208 4758 464 4823 ειπωμεν
493 4756 580 4808 διὰ
610 4758 706 4826 την
736 4758 832 4824 τῆς
864 4755 1118 4824 ἀληθείας
1151 4756 1478 4826 φανέρωσιν.

282 5018 346 5076 ε’.
389 5016 558 5072 Εἶπεν
587 5020 614 5071 6
644 5010 883 5083 Μωῦσῆς
914 5010 1048 5085 πρὸς
1077 5016 1166 5069 τὸν
1199 5015 1322 5068 λαὸν
1350 5015 1457 5069 τῶν
1495 5016 1783 5087 Ἐϐραίων,

214 5092 233 5161 ξ
278 5110 612 5179 ’Λναστήσει
646 5109 847 5177 Κύριος
880 5111 908 5162 6
940 5110 1069 5172 Θεὸς
1106 5112 1169 5162 ὲκ
1203 5112 1314 5162 τῶν
1346 5111 1590 5178 ἀδελφῶν
1623 5113 1783 5180 ἡμῶν

208 5202 537 5270 προφήτην,
570 5202 643 5261 ὠς
674 5201 771 5269 ἐμέ
792 5217 805 5230 ·
838 5202 931 5253 καὶ
962 5202 1108 5254 πᾶσα
1136 5201 1314 5270 ψυχὴ,
1347 5203 1463 5271 ἥτις
1494 5202 1592 5253 οὐκ
1622 5200 1783 5255 ἀκού-

210 5307 368 5343 σεται
416 5290 513 5342 τοῦ
561 5293 843 5359 προφήτου
888 5292 1118 5355 ἐκείνου,
1166 5292 1699 5361 ἐξολοθρευθήσετα·.
1760 5312 1777 5342 ι

208 5382 324 5433 Καὶ
360 5382 557 5432 σκόπει
585 5380 684 5447 τὴν
712 5381 804 5432 τοῦ
841 5382 1116 5449 προφήτου
1150 5382 1434 5450 ἀκρίϐειαν
1456 5394 1470 5409 ⁸
1506 5383 1562 5432 ἐν
1596 5381 1672 5448 τῷ
1705 5384 1782 5432 εἰ·

209 5474 336 5523 πεῖν
356 5510 372 5532 ,
410 5488 432 5520 ι
467 5471 758 5539 Προφήτην
784 5471 1078 5539 ἀναστήσει
1110 5471 1307 5539 Κύριος
1336 5474 1363 5524 6
1390 5471 1553 5532 Θεὸς,
1593 5490 1610 5520 ι
1648 5472 1785 5521 ἐδει-

207 5561 301 5627 ξεν
328 5562 416 5612 ὅτι
448 5562 731 5628 ἄνθρωπος
765 5560 945 5629 μέλλει
975 5561 1195 5614 ἔσεσθαι
1225 5563 1253 5613 6
1287 5563 1780 5631 προφητευόμενος,

282 5745 488 5798 ’Joan.
515 5744 741 5807 vnn“.
821 5744 863 5774 "
889 5743 1043 5795 Deut.
1072 5759 1220 5808 xvnt,
1249 5746 1330 5799 l5.

470 5837 741 5896 ΡΑτιιυι..
776 5838 889 5897 Gn.
932 5834 1127 5893 (ζων.

1903 4588 2052 4642 sunt,
2088 4582 2487 4648 revelationes,
2537 4585 2776 4641 visiones
2805 4596 2869 4643 et
2902 4591 3158 4645 vaticinia
3187 4595 3458 4652 discuti-re

1899 4669 2343 4737 aggrederentur,
2393 4674 2555 4727 etiam
2590 4677 2745 4729 multi
2796 4680 2994 4734 scribe
3035 4686 3265 4738 multum
3308 4688 3457 4741 Iaho-

1900 4760 2090 4825 rando,
2114 4762 2200 4813 vix
2224 4777 2442 4830 parvam
2467 4765 2706 4833 aliquam
2746 4781 2813 4822 ex
2854 4769 2940 4824 his
2974 4781 3178 4838 partem
3211 4775 3455 4829 absolvi--

1896 4859 2053 4918 rent;
2090 4853 2448 4908 nihilominus
2477 4864 2654 4911 tamen
2686 4873 2857 4926 pauca
2899 4875 2964 4915 ex
2997 4864 3183 4918 multis
3214 4869 3455 4933 profer-.1.

1893 4958 2016 4996 mus
2046 4944 2111 4996 ad
2151 4944 2395 4998 veritatis
2424 4946 2870 5005 illustrationem.
2937 4993 2945 5003 .

1970 5036 2023 5088 5.
2064 5036 2206 5088 Dixit
2235 5037 2413 5090 Moses
2443 5038 2506 5090 ad
2540 5042 2800 5108 pepulum
2826 5041 3176 5100 llebrzeorum
3207 5066 3219 5101 :
3269 5067 3287 5099 ι
3322 5051 3455 5104 Pro-

1892 5124 2111 5192 phetam
2176 5139 2240 5177 ex
2280 5125 2549 5182 fratribus
2615 5133 2813 5184 vestris
2853 5135 3141 5190 suscitahit
3194 5138 3453 5192 Dominus

1898 5216 2060 5273 Deus.
2102 5216 2243 5269 sicut
2268 5231 2352 5271 me
2385 5234 2399 5271 :
2429 5228 2484 5272 et
2507 5223 2685 5275 omnis
2721 5224 2900 5278 anima
2931 5242 3051 5294 qua:
3077 5244 3185 5281 non
3222 5232 3454 5285 audient

1894 5301 2213 5369 preplietam
2261 5305 2414 5360 illum
2440 5345 2456 5371 ,
2484 5310 2858 5365 eradicabitur
2889 5315 2956 5369 '°.
3013 5334 3031 5367 ι
3067 5318 3246 5385 Atque
3275 5335 3455 5371 ron-u-

1889 5391 2017 5443 dera
2078 5391 2168 5444 hic
2217 5396 2500 5464 prophetae
2550 5399 2913 5470 diligentiam.
2962 5406 3204 5461 Dicendo
3264 5425 3449 5470 Θηιιιι.

1896 5499 1913 5532 ι
1950 5481 2275 5549 Prophetam
2318 5490 2604 5545 suscitabit
2633 5493 2893 5549 Dominus
2927 5496 3066 5551 Deus
3088 5536 3102 5560 ,
3144 5517 3164 5550 ι
3190 5506 3448 5560 ostei.d::.

1886 5571 2030 5638 quod
2065 5572 2229 5627 homo
2262 5576 2480 5633 futurus
2517 5580 2585 5633 sit
2615 5582 2682 5638 de
2705 5600 2814 5640 auo
2838 5586 3187 5651 vaticinatur,
3224 5600 3279 5643 et
3303 5587 3450 5657 quod

2985 5860 3056 5918 l3
