  <div class='ocr_page' id='page_1' title='image "/cluster/home/n/w/nwhite01/storage/ocr_20150623/154/nnc1.0046980970/206.png"; bbox 0 0 4204 6444; ppageno 0'>
   <div class='ocr_carea' id='block_1_1' title="bbox 260 391 363 454">
    <p class='ocr_par' dir='ltr' id='par_1_1' title="bbox 260 391 363 454">
     <span class='ocr_line' id='line_1_1' title="bbox 260 391 363 454; baseline 0.01 -2"><span class='ocrx_word' id='word_1_1' title='bbox 260 391 363 454; x_wconf 82' lang='lat'><strong>397</strong></span> 
     </span>
    </p>
   </div>
   <div class='ocr_carea' id='block_1_2' title="bbox 1192 392 2535 455">
    <p class='ocr_par' dir='ltr' id='par_1_2' title="bbox 1192 392 2535 455">
     <span class='ocr_line' id='line_1_2' title="bbox 1192 392 2535 455; baseline -0.01 0"><span class='ocrx_word' id='word_1_2' title='bbox 1192 397 1485 455; x_wconf 69' lang='lat' dir='ltr'><strong>CONTRA</strong></span> <span class='ocrx_word' id='word_1_3' title='bbox 1535 395 2021 454; x_wconf 68' lang='grc' dir='ltr'><strong>ΜᾹΠΟΜΕΤΕΜ</strong></span> <span class='ocrx_word' id='word_1_4' title='bbox 2064 392 2444 452; x_wconf 77' lang='lat' dir='ltr'><strong>APOLOGIA</strong></span> <span class='ocrx_word' id='word_1_5' title='bbox 2487 393 2535 451; x_wconf 94' lang='grc' dir='ltr'><strong>Ι.</strong></span> 
     </span>
    </p>
   </div>
   <div class='ocr_carea' id='block_1_3' title="bbox 3378 392 3486 456">
    <p class='ocr_par' dir='ltr' id='par_1_3' title="bbox 3378 392 3486 456">
     <span class='ocr_line' id='line_1_3' title="bbox 3378 392 3486 456; baseline -0.009 -1"><span class='ocrx_word' id='word_1_6' title='bbox 3378 392 3486 456; x_wconf 79' lang='lat'><strong>398</strong></span> 
     </span>
    </p>
   </div>
   <div class='ocr_carea' id='block_1_4' title="bbox 260 498 1869 573">
    <p class='ocr_par' dir='ltr' id='par_1_4' title="bbox 260 498 1869 573">
     <span class='ocr_line' id='line_1_4' title="bbox 260 498 1869 573; baseline -0.001 -18"><span class='ocrx_word' id='word_1_7' title='bbox 260 502 627 570; x_wconf 78' lang='grc' dir='ltr'>δικαιοσύνην,</span> <span class='ocrx_word' id='word_1_8' title='bbox 664 505 756 556; x_wconf 77' lang='grc' dir='ltr'><strong>καὶ</strong></span> <span class='ocrx_word' id='word_1_9' title='bbox 791 504 993 573; x_wconf 77' lang='grc' dir='ltr'>πλῆθος</span> <span class='ocrx_word' id='word_1_10' title='bbox 1029 504 1273 571; x_wconf 76' lang='grc' dir='ltr'><strong>εἰρήνης,</strong></span> <span class='ocrx_word' id='word_1_11' title='bbox 1330 504 1433 565; x_wconf 80' lang='grc' dir='ltr'>ἓως</span> <span class='ocrx_word' id='word_1_12' title='bbox 1476 498 1537 555; x_wconf 66' lang='grc' dir='ltr'>οὗ</span> <span class='ocrx_word' id='word_1_13' title='bbox 1568 504 1820 555; x_wconf 76' lang='grc' dir='ltr'>ἀνταναι-</span> <span class='ocrx_word' id='word_1_14' title='bbox 1854 514 1869 562; x_wconf 72' lang='grc' dir='ltr'><em>Α</em></span> 
     </span>
    </p>
   </div>
   <div class='ocr_carea' id='block_1_5' title="bbox 1922 498 3486 573">
    <p class='ocr_par' dir='ltr' id='par_1_5' title="bbox 1928 499 3486 569">
     <span class='ocr_line' id='line_1_5' title="bbox 1928 499 3486 569; baseline 0.005 -16"><span class='ocrx_word' id='word_1_15' title='bbox 1928 500 2075 554; x_wconf 91' lang='lat' dir='ltr'><strong>luna.</strong></span> <span class='ocrx_word' id='word_1_16' title='bbox 2109 500 2175 553; x_wconf 85' lang='lat' dir='ltr'><strong>Et</strong></span> <span class='ocrx_word' id='word_1_17' title='bbox 2204 499 2510 553; x_wconf 85' lang='lat' dir='ltr'><strong>adorabunt</strong></span> <span class='ocrx_word' id='word_1_18' title='bbox 2535 512 2659 553; x_wconf 90' lang='lat' dir='ltr'><strong>eum</strong></span> <span class='ocrx_word' id='word_1_19' title='bbox 2695 512 2883 553; x_wconf 89' lang='lat' dir='ltr'><strong>omnes</strong></span> <span class='ocrx_word' id='word_1_20' title='bbox 2900 512 3051 569; x_wconf 80' lang='lat' dir='ltr'><strong>reges</strong></span> <span class='ocrx_word' id='word_1_21' title='bbox 3082 507 3258 555; x_wconf 66' lang='lat' dir='ltr'><strong>terrae.</strong></span> <span class='ocrx_word' id='word_1_22' title='bbox 3281 500 3486 560; x_wconf 87' lang='lat' dir='ltr'><strong>Omnes</strong></span> 
     </span>
    </p>
   </div>
   <div class='ocr_carea' id='block_1_6' title="bbox 260 593 1820 664">
    <p class='ocr_par' dir='ltr' id='par_1_6' title="bbox 260 593 1820 664">
     <span class='ocr_line' id='line_1_6' title="bbox 260 593 1820 664; baseline -0.001 -19"><span class='ocrx_word' id='word_1_23' title='bbox 260 596 393 663; x_wconf 74' lang='grc' dir='ltr'>ρεθῇ</span> <span class='ocrx_word' id='word_1_24' title='bbox 427 596 457 664; x_wconf 77' lang='grc' dir='ltr'><strong>ἡ</strong></span> <span class='ocrx_word' id='word_1_25' title='bbox 491 595 709 664; x_wconf 77' lang='grc' dir='ltr'><strong>σελήνη,</strong></span> <span class='ocrx_word' id='word_1_26' title='bbox 751 596 841 647; x_wconf 80' lang='grc' dir='ltr'><strong>καὶ</strong></span> <span class='ocrx_word' id='word_1_27' title='bbox 890 595 1363 664; x_wconf 76' lang='grc' dir='ltr'>προσκυνήσουσιν</span> <span class='ocrx_word' id='word_1_28' title='bbox 1396 593 1545 661; x_wconf 81' lang='grc' dir='ltr'>αὑτῷ</span> <span class='ocrx_word' id='word_1_29' title='bbox 1591 593 1820 647; x_wconf 84' lang='grc' dir='ltr'>πάντοτε</span> 
     </span>
    </p>
   </div>
   <div class='ocr_carea' id='block_1_7' title="bbox 256 684 1823 754">
    <p class='ocr_par' dir='ltr' id='par_1_7' title="bbox 256 684 1823 754">
     <span class='ocr_line' id='line_1_7' title="bbox 256 684 1823 754; baseline -0.001 -18"><span class='ocrx_word' id='word_1_30' title='bbox 256 688 303 736; x_wconf 83' lang='grc' dir='ltr'>οἱ</span> <span class='ocrx_word' id='word_1_31' title='bbox 339 686 573 752; x_wconf 79' lang='grc' dir='ltr'><strong>βασιλεῖς</strong></span> <span class='ocrx_word' id='word_1_32' title='bbox 607 686 706 754; x_wconf 74' lang='grc' dir='ltr'>τῆς</span> <span class='ocrx_word' id='word_1_33' title='bbox 753 687 877 754; x_wconf 77' lang='grc' dir='ltr'>γῆς,</span> <span class='ocrx_word' id='word_1_34' title='bbox 930 688 1109 738; x_wconf 70' lang='grc' dir='ltr'>πάντα</span> <span class='ocrx_word' id='word_1_35' title='bbox 1150 686 1219 737; x_wconf 72' lang='grc' dir='ltr'>τὰ</span> <span class='ocrx_word' id='word_1_36' title='bbox 1273 684 1402 752; x_wconf 81' lang='grc' dir='ltr'>ἔθνη</span> <span class='ocrx_word' id='word_1_37' title='bbox 1447 684 1823 737; x_wconf 79' lang='grc' dir='ltr'><strong>δουλεύσουσιν</strong></span> 
     </span>
    </p>
   </div>
   <div class='ocr_carea' id='block_1_8' title="bbox 257 774 1820 844">
    <p class='ocr_par' dir='ltr' id='par_1_8' title="bbox 257 774 1820 844">
     <span class='ocr_line' id='line_1_8' title="bbox 257 774 1820 844; baseline 0 -18"><span class='ocrx_word' id='word_1_38' title='bbox 257 775 426 843; x_wconf 73' lang='grc' dir='ltr'>αὐτῷ,</span> <span class='ocrx_word' id='word_1_39' title='bbox 458 777 549 828; x_wconf 78' lang='grc' dir='ltr'><strong>καὶ</strong></span> <span class='ocrx_word' id='word_1_40' title='bbox 599 777 752 827; x_wconf 81' lang='grc' dir='ltr'>ἔσται</span> <span class='ocrx_word' id='word_1_41' title='bbox 806 777 865 829; x_wconf 84' lang='grc' dir='ltr'><strong>τὸ</strong></span> <span class='ocrx_word' id='word_1_42' title='bbox 900 777 1069 844; x_wconf 60' lang='grc' dir='ltr'>ὄνομα</span> <span class='ocrx_word' id='word_1_43' title='bbox 1126 774 1292 829; x_wconf 72' lang='grc' dir='ltr'>αὐτοῦ</span> <span class='ocrx_word' id='word_1_44' title='bbox 1342 774 1703 844; x_wconf 76' lang='grc' dir='ltr'>εὐλογημένον</span> <span class='ocrx_word' id='word_1_45' title='bbox 1742 776 1820 835; x_wconf 86' lang='grc' dir='ltr'><strong>είς</strong></span> 
     </span>
    </p>
   </div>
   <div class='ocr_carea' id='block_1_9' title="bbox 256 864 1820 936">
    <p class='ocr_par' dir='ltr' id='par_1_9' title="bbox 256 864 1820 936">
     <span class='ocr_line' id='line_1_9' title="bbox 256 864 1820 936; baseline 0 -21"><span class='ocrx_word' id='word_1_46' title='bbox 256 867 382 927; x_wconf 62' lang='grc' dir='ltr'>τους</span> <span class='ocrx_word' id='word_1_47' title='bbox 405 867 623 927; x_wconf 77' lang='grc' dir='ltr'>αἰῶνας.</span> <span class='ocrx_word' id='word_1_48' title='bbox 658 867 766 936; x_wconf 84' lang='grc' dir='ltr'><strong>Πρὸ</strong></span> <span class='ocrx_word' id='word_1_49' title='bbox 794 866 884 918; x_wconf 74' lang='grc' dir='ltr'>τοῦ</span> <span class='ocrx_word' id='word_1_50' title='bbox 914 867 1062 935; x_wconf 82' lang='grc' dir='ltr'>ἡλίου</span> <span class='ocrx_word' id='word_1_51' title='bbox 1084 865 1328 934; x_wconf 78' lang='grc' dir='ltr'>διαμένει</span> <span class='ocrx_word' id='word_1_52' title='bbox 1355 866 1414 917; x_wconf 76' lang='grc' dir='ltr'><strong>τὸ</strong></span> <span class='ocrx_word' id='word_1_53' title='bbox 1437 866 1607 933; x_wconf 80' lang='grc' dir='ltr'>ὄνομα</span> <span class='ocrx_word' id='word_1_54' title='bbox 1634 864 1820 927; x_wconf 71' lang='grc' dir='ltr'>αὑτοῦ,</span> 
     </span>
    </p>
   </div>
   <div class='ocr_carea' id='block_1_10' title="bbox 258 951 1824 1023">
    <p class='ocr_par' dir='ltr' id='par_1_10' title="bbox 258 951 1824 1023">
     <span class='ocr_line' id='line_1_10' title="bbox 258 951 1824 1023; baseline -0.001 -19"><span class='ocrx_word' id='word_1_55' title='bbox 258 958 350 1005; x_wconf 76' lang='grc' dir='ltr'><strong>καὶ</strong></span> <span class='ocrx_word' id='word_1_56' title='bbox 399 955 909 1023; x_wconf 74' lang='grc' dir='ltr'>ὲνευλογηοήσονται</span> <span class='ocrx_word' id='word_1_57' title='bbox 950 956 1007 1005; x_wconf 83' lang='grc' dir='ltr'>ὲν</span> <span class='ocrx_word' id='word_1_58' title='bbox 1041 954 1188 1022; x_wconf 71' lang='grc' dir='ltr'>αὐτῷ</span> <span class='ocrx_word' id='word_1_59' title='bbox 1218 956 1386 1006; x_wconf 75' lang='grc' dir='ltr'>πᾶσαι</span> <span class='ocrx_word' id='word_1_60' title='bbox 1431 955 1486 1005; x_wconf 88' lang='grc' dir='ltr'>αἱ</span> <span class='ocrx_word' id='word_1_61' title='bbox 1519 951 1682 1020; x_wconf 78' lang='grc' dir='ltr'>φυλαὶ</span> <span class='ocrx_word' id='word_1_62' title='bbox 1725 952 1824 1019; x_wconf 76' lang='grc' dir='ltr'><strong>τῆς</strong></span> 
     </span>
    </p>
   </div>
   <div class='ocr_carea' id='block_1_11' title="bbox 256 1043 1823 1113">
    <p class='ocr_par' dir='ltr' id='par_1_11' title="bbox 256 1043 1823 1113">
     <span class='ocr_line' id='line_1_11' title="bbox 256 1043 1823 1113; baseline -0.001 -18"><span class='ocrx_word' id='word_1_63' title='bbox 256 1045 383 1113; x_wconf 80' lang='grc' dir='ltr'>γῆς,</span> <span class='ocrx_word' id='word_1_64' title='bbox 416 1044 594 1097; x_wconf 73' lang='grc' dir='ltr'>πάντα</span> <span class='ocrx_word' id='word_1_65' title='bbox 626 1045 693 1097; x_wconf 70' lang='grc' dir='ltr'><strong>τὰ</strong></span> <span class='ocrx_word' id='word_1_66' title='bbox 729 1045 854 1112; x_wconf 76' lang='grc' dir='ltr'>ἔθνη</span> <span class='ocrx_word' id='word_1_67' title='bbox 906 1044 1271 1112; x_wconf 66' lang='grc' dir='ltr'><strong>μακαριοῦσίν</strong></span> <span class='ocrx_word' id='word_1_68' title='bbox 1300 1044 1483 1096; x_wconf 76' lang='grc' dir='ltr'>αὐτόν.</span> <span class='ocrx_word' id='word_1_69' title='bbox 1518 1043 1823 1112; x_wconf 69' lang='grc' dir='ltr'>Εὐλογητὸς</span> 
     </span>
    </p>
   </div>
   <div class='ocr_carea' id='block_1_12' title="bbox 260 1134 1820 1204">
    <p class='ocr_par' dir='ltr' id='par_1_12' title="bbox 260 1134 1820 1204">
     <span class='ocr_line' id='line_1_12' title="bbox 260 1134 1820 1204; baseline 0 -20"><span class='ocrx_word' id='word_1_70' title='bbox 260 1136 460 1203; x_wconf 74' lang='grc' dir='ltr'>Κύριος</span> <span class='ocrx_word' id='word_1_71' title='bbox 489 1138 516 1187; x_wconf 99' lang='lat'><strong>6</strong></span> <span class='ocrx_word' id='word_1_72' title='bbox 544 1136 673 1199; x_wconf 74' lang='grc' dir='ltr'>Θεὸς</span> <span class='ocrx_word' id='word_1_73' title='bbox 707 1136 798 1187; x_wconf 70' lang='grc' dir='ltr'>τοῦ</span> <span class='ocrx_word' id='word_1_74' title='bbox 835 1135 1069 1204; x_wconf 76' lang='grc' dir='ltr'>Ἰσραήλ,</span> <span class='ocrx_word' id='word_1_75' title='bbox 1094 1136 1121 1186; x_wconf 91' lang='lat'><strong>6</strong></span> <span class='ocrx_word' id='word_1_76' title='bbox 1145 1134 1310 1187; x_wconf 78' lang='grc' dir='ltr'>ποιῶν</span> <span class='ocrx_word' id='word_1_77' title='bbox 1338 1134 1613 1203; x_wconf 70' lang='grc' dir='ltr'>θαυμάσια</span> <span class='ocrx_word' id='word_1_78' title='bbox 1639 1135 1820 1203; x_wconf 86' lang='grc' dir='ltr'>μόνος,</span> 
     </span>
    </p>
   </div>
   <div class='ocr_carea' id='block_1_13' title="bbox 256 1225 1826 1296">
    <p class='ocr_par' dir='ltr' id='par_1_13' title="bbox 256 1225 1826 1296">
     <span class='ocr_line' id='line_1_13' title="bbox 256 1225 1826 1296; baseline 0 -20"><span class='ocrx_word' id='word_1_79' title='bbox 256 1229 350 1276; x_wconf 77' lang='grc' dir='ltr'><strong>καὶ</strong></span> <span class='ocrx_word' id='word_1_80' title='bbox 375 1227 737 1295; x_wconf 74' lang='grc' dir='ltr'>εὑλογημένον</span> <span class='ocrx_word' id='word_1_81' title='bbox 767 1228 827 1278; x_wconf 83' lang='grc' dir='ltr'>τὸ</span> <span class='ocrx_word' id='word_1_82' title='bbox 868 1228 1040 1296; x_wconf 80' lang='grc' dir='ltr'>ὄνομα</span> <span class='ocrx_word' id='word_1_83' title='bbox 1070 1227 1230 1278; x_wconf 79' lang='grc' dir='ltr'>αὑτοῦ</span> <span class='ocrx_word' id='word_1_84' title='bbox 1263 1228 1342 1288; x_wconf 83' lang='grc' dir='ltr'><strong>εἰς</strong></span> <span class='ocrx_word' id='word_1_85' title='bbox 1386 1227 1478 1278; x_wconf 75' lang='grc' dir='ltr'>τὸν</span> <span class='ocrx_word' id='word_1_86' title='bbox 1507 1225 1700 1289; x_wconf 83' lang='grc' dir='ltr'>αἰῶνα,</span> <span class='ocrx_word' id='word_1_87' title='bbox 1730 1226 1826 1277; x_wconf 76' lang='grc' dir='ltr'><strong>καὶ</strong></span> 
     </span>
    </p>
   </div>
   <div class='ocr_carea' id='block_1_14' title="bbox 255 1316 1825 1385">
    <p class='ocr_par' dir='ltr' id='par_1_14' title="bbox 255 1316 1825 1385">
     <span class='ocr_line' id='line_1_14' title="bbox 255 1316 1825 1385; baseline 0.002 -20"><span class='ocrx_word' id='word_1_88' title='bbox 255 1316 335 1375; x_wconf 84' lang='grc' dir='ltr'>εἰς</span> <span class='ocrx_word' id='word_1_89' title='bbox 367 1316 457 1365; x_wconf 81' lang='grc' dir='ltr'><strong>τὸν</strong></span> <span class='ocrx_word' id='word_1_90' title='bbox 493 1317 662 1367; x_wconf 81' lang='grc' dir='ltr'>αἰῶνα</span> <span class='ocrx_word' id='word_1_91' title='bbox 703 1317 794 1367; x_wconf 75' lang='grc' dir='ltr'><strong>τοῦ</strong></span> <span class='ocrx_word' id='word_1_92' title='bbox 845 1318 1059 1379; x_wconf 81' lang='grc' dir='ltr'>αἰῶνος.</span> <span class='ocrx_word' id='word_1_93' title='bbox 1089 1338 1106 1369; x_wconf 76' lang='grc' dir='ltr'>ι</span> <span class='ocrx_word' id='word_1_94' title='bbox 1150 1318 1371 1379; x_wconf 82' lang='grc' dir='ltr'><strong>Πάντως</strong></span> <span class='ocrx_word' id='word_1_95' title='bbox 1419 1316 1512 1368; x_wconf 80' lang='grc' dir='ltr'>δύο</span> <span class='ocrx_word' id='word_1_96' title='bbox 1558 1317 1825 1385; x_wconf 80' lang='grc' dir='ltr'>πρόσωπα</span> 
     </span>
    </p>
   </div>
   <div class='ocr_carea' id='block_1_15' title="bbox 255 1396 1825 1479">
    <p class='ocr_par' dir='ltr' id='par_1_15' title="bbox 255 1396 1825 1479">
     <span class='ocr_line' id='line_1_15' title="bbox 255 1396 1825 1479; baseline 0.001 -23"><span class='ocrx_word' id='word_1_97' title='bbox 255 1407 495 1473; x_wconf 72' lang='grc' dir='ltr'>εἰσάγων</span> <span class='ocrx_word' id='word_1_98' title='bbox 521 1396 548 1458; x_wconf 84' lang='lat'><strong>6</strong></span> <span class='ocrx_word' id='word_1_99' title='bbox 571 1410 882 1479; x_wconf 51' lang='grc' dir='ltr'>Προφήτης,</span> <span class='ocrx_word' id='word_1_100' title='bbox 924 1410 1017 1461; x_wconf 83' lang='grc' dir='ltr'><strong>τὸν</strong></span> <span class='ocrx_word' id='word_1_101' title='bbox 1056 1410 1188 1461; x_wconf 81' lang='grc' dir='ltr'>Θεὸν</span> <span class='ocrx_word' id='word_1_102' title='bbox 1215 1409 1308 1461; x_wconf 70' lang='grc' dir='ltr'><strong>καὶ</strong></span> <span class='ocrx_word' id='word_1_103' title='bbox 1335 1410 1422 1461; x_wconf 67' lang='grc' dir='ltr'>τὸν</span> <span class='ocrx_word' id='word_1_104' title='bbox 1452 1410 1564 1460; x_wconf 80' lang='grc' dir='ltr'>υἱὸν</span> <span class='ocrx_word' id='word_1_105' title='bbox 1595 1407 1689 1458; x_wconf 79' lang='grc' dir='ltr'>τοῦ</span> <span class='ocrx_word' id='word_1_106' title='bbox 1730 1408 1825 1476; x_wconf 77' lang='grc' dir='ltr'><strong>βα⁴</strong></span> 
     </span>
    </p>
   </div>
   <div class='ocr_carea' id='block_1_16' title="bbox 256 1498 1826 1569">
    <p class='ocr_par' dir='ltr' id='par_1_16' title="bbox 256 1498 1826 1569">
     <span class='ocr_line' id='line_1_16' title="bbox 256 1498 1826 1569; baseline 0.001 -22"><span class='ocrx_word' id='word_1_107' title='bbox 256 1498 454 1557; x_wconf 71' lang='grc' dir='ltr'>σιλέως</span> <span class='ocrx_word' id='word_1_108' title='bbox 501 1498 653 1550; x_wconf 75' lang='grc' dir='ltr'>οὐδὲν</span> <span class='ocrx_word' id='word_1_109' title='bbox 681 1500 867 1568; x_wconf 75' lang='grc' dir='ltr'>ἕτερον</span> <span class='ocrx_word' id='word_1_110' title='bbox 898 1500 1044 1566; x_wconf 84' lang='grc' dir='ltr'>λέγει</span> <span class='ocrx_word' id='word_1_111' title='bbox 1073 1498 1237 1569; x_wconf 84' lang='grc' dir='ltr'>ἀλλ’ἢ</span> <span class='ocrx_word' id='word_1_112' title='bbox 1266 1498 1355 1550; x_wconf 82' lang='grc' dir='ltr'><strong>τὸν</strong></span> <span class='ocrx_word' id='word_1_113' title='bbox 1385 1499 1518 1550; x_wconf 76' lang='grc' dir='ltr'>Θεὸν</span> <span class='ocrx_word' id='word_1_114' title='bbox 1552 1498 1646 1550; x_wconf 80' lang='grc' dir='ltr'><strong>καὶ</strong></span> <span class='ocrx_word' id='word_1_115' title='bbox 1675 1498 1826 1566; x_wconf 82' lang='grc' dir='ltr'>βασι-</span> 
     </span>
    </p>
   </div>
   <div class='ocr_carea' id='block_1_17' title="bbox 253 1586 1824 1658">
    <p class='ocr_par' dir='ltr' id='par_1_17' title="bbox 253 1586 1824 1658">
     <span class='ocr_line' id='line_1_17' title="bbox 253 1586 1824 1658; baseline 0.008 -22"><span class='ocrx_word' id='word_1_116' title='bbox 253 1586 371 1651; x_wconf 78' lang='grc' dir='ltr'>λέα,</span> <span class='ocrx_word' id='word_1_117' title='bbox 403 1589 498 1641; x_wconf 71' lang='grc' dir='ltr'><strong>καὶ</strong></span> <span class='ocrx_word' id='word_1_118' title='bbox 527 1590 616 1640; x_wconf 71' lang='grc' dir='ltr'><strong>τὸν</strong></span> <span class='ocrx_word' id='word_1_119' title='bbox 650 1590 840 1641; x_wconf 84' lang='grc' dir='ltr'>τούτου</span> <span class='ocrx_word' id='word_1_120' title='bbox 870 1590 995 1641; x_wconf 69' lang='grc' dir='ltr'>Υίδν</span> <span class='ocrx_word' id='word_1_121' title='bbox 1027 1591 1114 1642; x_wconf 80' lang='grc' dir='ltr'><strong>τὸν</strong></span> <span class='ocrx_word' id='word_1_122' title='bbox 1142 1589 1393 1658; x_wconf 72' lang='grc' dir='ltr'>Χριστὸν,</span> <span class='ocrx_word' id='word_1_123' title='bbox 1419 1589 1476 1648; x_wconf 82' lang='grc' dir='ltr'><strong>ὃς</strong></span> <span class='ocrx_word' id='word_1_124' title='bbox 1506 1588 1678 1657; x_wconf 83' lang='grc' dir='ltr'>κρίνει</span> <span class='ocrx_word' id='word_1_125' title='bbox 1702 1589 1824 1649; x_wconf 72' lang='grc' dir='ltr'>τοὺς</span> 
     </span>
    </p>
   </div>
   <div class='ocr_carea' id='block_1_18' title="bbox 254 1680 1824 1748">
    <p class='ocr_par' dir='ltr' id='par_1_18' title="bbox 254 1680 1824 1748">
     <span class='ocr_line' id='line_1_18' title="bbox 254 1680 1824 1748; baseline 0 -19"><span class='ocrx_word' id='word_1_126' title='bbox 254 1682 508 1748; x_wconf 72' lang='grc' dir='ltr'>πτωχοὺς</span> <span class='ocrx_word' id='word_1_127' title='bbox 541 1681 633 1732; x_wconf 79' lang='grc' dir='ltr'>τοῦ</span> <span class='ocrx_word' id='word_1_128' title='bbox 667 1681 817 1743; x_wconf 72' lang='grc' dir='ltr'>λαοῦ,</span> <span class='ocrx_word' id='word_1_129' title='bbox 852 1682 944 1732; x_wconf 69' lang='grc' dir='ltr'><strong>καὶ</strong></span> <span class='ocrx_word' id='word_1_130' title='bbox 973 1680 1133 1742; x_wconf 75' lang='grc' dir='ltr'>σώζει</span> <span class='ocrx_word' id='word_1_131' title='bbox 1167 1682 1290 1740; x_wconf 72' lang='grc' dir='ltr'>τοὺς</span> <span class='ocrx_word' id='word_1_132' title='bbox 1316 1681 1573 1745; x_wconf 67' lang='grc' dir='ltr'>πένητας,</span> <span class='ocrx_word' id='word_1_133' title='bbox 1609 1680 1701 1731; x_wconf 77' lang='grc' dir='ltr'>καὶ</span> <span class='ocrx_word' id='word_1_134' title='bbox 1728 1696 1824 1730; x_wconf 87' lang='grc' dir='ltr'>τα-</span> 
     </span>
    </p>
   </div>
   <div class='ocr_carea' id='block_1_19' title="bbox 253 1770 1825 1842">
    <p class='ocr_par' dir='ltr' id='par_1_19' title="bbox 253 1770 1825 1842">
     <span class='ocr_line' id='line_1_19' title="bbox 253 1770 1825 1842; baseline -0.003 -19"><span class='ocrx_word' id='word_1_135' title='bbox 253 1776 434 1824; x_wconf 79' lang='grc' dir='ltr'>πεινοῖ</span> <span class='ocrx_word' id='word_1_136' title='bbox 461 1773 551 1825; x_wconf 75' lang='grc' dir='ltr'><strong>τὸν</strong></span> <span class='ocrx_word' id='word_1_137' title='bbox 580 1776 940 1842; x_wconf 62' lang='grc' dir='ltr'>συκοιράντην.</span> <span class='ocrx_word' id='word_1_138' title='bbox 966 1773 1049 1825; x_wconf 67' lang='lat' dir='ltr'><strong>Ni</strong></span> <span class='ocrx_word' id='word_1_139' title='bbox 1081 1771 1357 1841; x_wconf 70' lang='grc' dir='ltr'>ὑπολάϐῃς</span> <span class='ocrx_word' id='word_1_140' title='bbox 1395 1770 1680 1839; x_wconf 80' lang='grc' dir='ltr'>ἄνθρωπόν</span> <span class='ocrx_word' id='word_1_141' title='bbox 1705 1786 1825 1821; x_wconf 87' lang='grc' dir='ltr'>τινα</span> 
     </span>
    </p>
   </div>
   <div class='ocr_carea' id='block_1_20' title="bbox 1928 589 3485 659">
    <p class='ocr_par' dir='ltr' id='par_1_20' title="bbox 1928 589 3485 659">
     <span class='ocr_line' id='line_1_20' title="bbox 1928 589 3485 659; baseline 0.004 -16"><span class='ocrx_word' id='word_1_142' title='bbox 1928 599 2119 658; x_wconf 87' lang='lat' dir='ltr'><strong>gentes</strong></span> <span class='ocrx_word' id='word_1_143' title='bbox 2153 589 2399 643; x_wconf 90' lang='lat' dir='ltr'><strong>servient</strong></span> <span class='ocrx_word' id='word_1_144' title='bbox 2451 591 2616 653; x_wconf 90' lang='lat' dir='ltr'><strong>ei,et</strong></span> <span class='ocrx_word' id='word_1_145' title='bbox 2666 589 2770 644; x_wconf 92' lang='lat' dir='ltr'><strong>erit</strong></span> <span class='ocrx_word' id='word_1_146' title='bbox 2826 605 3025 645; x_wconf 86' lang='lat' dir='ltr'><strong>nomen</strong></span> <span class='ocrx_word' id='word_1_147' title='bbox 3058 590 3178 659; x_wconf 85' lang='lat' dir='ltr'><strong>ejus</strong></span> <span class='ocrx_word' id='word_1_148' title='bbox 3256 596 3485 649; x_wconf 83' lang='lat' dir='ltr'><strong>benedi-</strong></span> 
     </span>
    </p>
   </div>
   <div class='ocr_carea' id='block_1_21' title="bbox 1927 680 3485 752">
    <p class='ocr_par' dir='ltr' id='par_1_21' title="bbox 1927 680 3485 752">
     <span class='ocr_line' id='line_1_21' title="bbox 1927 680 3485 752; baseline 0.003 -18"><span class='ocrx_word' id='word_1_149' title='bbox 1927 691 2075 734; x_wconf 94' lang='lat' dir='ltr'><strong>ctum</strong></span> <span class='ocrx_word' id='word_1_150' title='bbox 2106 681 2159 733; x_wconf 93' lang='lat' dir='ltr'><strong>in</strong></span> <span class='ocrx_word' id='word_1_151' title='bbox 2187 680 2410 735; x_wconf 62' lang='lat' dir='ltr'><strong>sarcula.</strong></span> <span class='ocrx_word' id='word_1_152' title='bbox 2443 681 2583 734; x_wconf 78' lang='lat' dir='ltr'><strong>Ante</strong></span> <span class='ocrx_word' id='word_1_153' title='bbox 2606 681 2773 735; x_wconf 89' lang='lat' dir='ltr'><strong>solem</strong></span> <span class='ocrx_word' id='word_1_154' title='bbox 2806 692 3088 749; x_wconf 76' lang='lat' dir='ltr'><strong>permanet</strong></span> <span class='ocrx_word' id='word_1_155' title='bbox 3117 686 3485 752; x_wconf 88' lang='lat' dir='ltr'><strong>nomen‘ejus,</strong></span> 
     </span>
    </p>
   </div>
   <div class='ocr_carea' id='block_1_22' title="bbox 1926 769 3489 830">
    <p class='ocr_par' dir='ltr' id='par_1_22' title="bbox 1926 769 3489 830">
     <span class='ocr_line' id='line_1_22' title="bbox 1926 769 3489 830; baseline 0.005 -8"><span class='ocrx_word' id='word_1_156' title='bbox 1926 777 1981 823; x_wconf 89' lang='lat' dir='ltr'><strong>et</strong></span> <span class='ocrx_word' id='word_1_157' title='bbox 2011 769 2405 824; x_wconf 75' lang='lat' dir='ltr'><strong>benedicentur</strong></span> <span class='ocrx_word' id='word_1_158' title='bbox 2439 770 2493 822; x_wconf 90' lang='lat' dir='ltr'><strong>in</strong></span> <span class='ocrx_word' id='word_1_159' title='bbox 2544 784 2610 822; x_wconf 90' lang='lat' dir='ltr'><strong>eo</strong></span> <span class='ocrx_word' id='word_1_160' title='bbox 2640 784 2831 824; x_wconf 90' lang='lat' dir='ltr'><strong>omnes</strong></span> <span class='ocrx_word' id='word_1_161' title='bbox 2880 770 3057 825; x_wconf 88' lang='lat' dir='ltr'><strong>tribus</strong></span> <span class='ocrx_word' id='word_1_162' title='bbox 3097 782 3256 828; x_wconf 67' lang='lat' dir='ltr'><strong>terra:</strong></span> <span class='ocrx_word' id='word_1_163' title='bbox 3314 792 3328 829; x_wconf 93' lang='lat'><strong>:</strong></span> <span class='ocrx_word' id='word_1_164' title='bbox 3374 789 3489 830; x_wconf 91' lang='lat' dir='ltr'><strong>om-</strong></span> 
     </span>
    </p>
   </div>
   <div class='ocr_carea' id='block_1_23' title="bbox 1928 860 3488 930">
    <p class='ocr_par' dir='ltr' id='par_1_23' title="bbox 1928 860 3488 930">
     <span class='ocr_line' id='line_1_23' title="bbox 1928 860 3488 930; baseline 0.005 -17"><span class='ocrx_word' id='word_1_165' title='bbox 1928 876 2025 915; x_wconf 86' lang='lat' dir='ltr'><strong>nes</strong></span> <span class='ocrx_word' id='word_1_166' title='bbox 2064 872 2250 930; x_wconf 81' lang='lat' dir='ltr'><strong>gentes</strong></span> <span class='ocrx_word' id='word_1_167' title='bbox 2297 860 2687 914; x_wconf 82' lang='lat' dir='ltr'><strong>beatiﬁeabunt</strong></span> <span class='ocrx_word' id='word_1_168' title='bbox 2734 861 2910 915; x_wconf 89' lang='lat' dir='ltr'><strong>illum.</strong></span> <span class='ocrx_word' id='word_1_169' title='bbox 2978 863 3175 916; x_wconf 90' lang='lat' dir='ltr'><strong>Beatus</strong></span> <span class='ocrx_word' id='word_1_170' title='bbox 3226 865 3488 921; x_wconf 88' lang='lat' dir='ltr'><strong>Dominus</strong></span> 
     </span>
    </p>
   </div>
   <div class='ocr_carea' id='block_1_24' title="bbox 1928 945 3488 1012">
    <p class='ocr_par' dir='ltr' id='par_1_24' title="bbox 1928 945 3488 1012">
     <span class='ocr_line' id='line_1_24' title="bbox 1928 945 3488 1012; baseline 0.006 -14"><span class='ocrx_word' id='word_1_171' title='bbox 1928 945 2070 999; x_wconf 85' lang='lat' dir='ltr'><strong>Deus</strong></span> <span class='ocrx_word' id='word_1_172' title='bbox 2096 948 2334 1012; x_wconf 79' lang='lat' dir='ltr'><strong>lsraelis,</strong></span> <span class='ocrx_word' id='word_1_173' title='bbox 2355 947 2499 1001; x_wconf 88' lang='lat' dir='ltr'><strong>solus</strong></span> <span class='ocrx_word' id='word_1_174' title='bbox 2523 948 2727 1001; x_wconf 79' lang='lat' dir='ltr'><strong>faciens</strong></span> <span class='ocrx_word' id='word_1_175' title='bbox 2758 950 3121 1012; x_wconf 86' lang='lat' dir='ltr'><strong>mirabilia,et</strong></span> <span class='ocrx_word' id='word_1_176' title='bbox 3140 951 3488 1007; x_wconf 87' lang='lat' dir='ltr'><strong>benedictum</strong></span> 
     </span>
    </p>
   </div>
   <div class='ocr_carea' id='block_1_25' title="bbox 1930 1038 3492 1108">
    <p class='ocr_par' dir='ltr' id='par_1_25' title="bbox 1930 1038 3492 1108">
     <span class='ocr_line' id='line_1_25' title="bbox 1930 1038 3492 1108; baseline 0.008 -19"><span class='ocrx_word' id='word_1_177' title='bbox 1930 1052 2125 1091; x_wconf 91' lang='lat' dir='ltr'><strong>nomen</strong></span> <span class='ocrx_word' id='word_1_178' title='bbox 2157 1041 2275 1108; x_wconf 84' lang='lat' dir='ltr'><strong>ejus</strong></span> <span class='ocrx_word' id='word_1_179' title='bbox 2304 1040 2357 1092; x_wconf 92' lang='lat' dir='ltr'><strong>in</strong></span> <span class='ocrx_word' id='word_1_180' title='bbox 2394 1038 2647 1092; x_wconf 59' lang='lat' dir='ltr'><strong>sarculum</strong></span> <span class='ocrx_word' id='word_1_181' title='bbox 2695 1049 2750 1092; x_wconf 91' lang='lat' dir='ltr'><strong>et</strong></span> <span class='ocrx_word' id='word_1_182' title='bbox 2783 1040 2836 1093; x_wconf 90' lang='lat' dir='ltr'><strong>in</strong></span> <span class='ocrx_word' id='word_1_183' title='bbox 2890 1052 3152 1096; x_wconf 76' lang='lat' dir='ltr'><strong>mternum</strong></span> <span class='ocrx_word' id='word_1_184' title='bbox 3184 1045 3249 1096; x_wconf 80' lang='lat'><strong>”.</strong></span> <span class='ocrx_word' id='word_1_185' title='bbox 3294 1063 3313 1097; x_wconf 73' lang='grc' dir='ltr'>ι</span> <span class='ocrx_word' id='word_1_186' title='bbox 3344 1045 3492 1101; x_wconf 86' lang='lat' dir='ltr'><strong>Duas</strong></span> 
     </span>
    </p>
   </div>
   <div class='ocr_carea' id='block_1_26' title="bbox 1932 1128 3489 1200">
    <p class='ocr_par' dir='ltr' id='par_1_26' title="bbox 1932 1128 3489 1200">
     <span class='ocr_line' id='line_1_26' title="bbox 1932 1128 3489 1200; baseline 0.007 -20"><span class='ocrx_word' id='word_1_187' title='bbox 1932 1128 2018 1180; x_wconf 77' lang='lat' dir='ltr'><strong>hic</strong></span> <span class='ocrx_word' id='word_1_188' title='bbox 2062 1129 2115 1181; x_wconf 88' lang='lat' dir='ltr'><strong>in</strong></span> <span class='ocrx_word' id='word_1_189' title='bbox 2173 1129 2487 1182; x_wconf 82' lang='lat' dir='ltr'><strong>universum</strong></span> <span class='ocrx_word' id='word_1_190' title='bbox 2552 1144 2815 1197; x_wconf 86' lang='lat' dir='ltr'><strong>personas</strong></span> <span class='ocrx_word' id='word_1_191' title='bbox 2871 1133 3133 1200; x_wconf 82' lang='lat' dir='ltr'><strong>propheta</strong></span> <span class='ocrx_word' id='word_1_192' title='bbox 3193 1134 3489 1200; x_wconf 90' lang='lat' dir='ltr'><strong>inducens,</strong></span> 
     </span>
    </p>
   </div>
   <div class='ocr_carea' id='block_1_27' title="bbox 1928 1217 3493 1290">
    <p class='ocr_par' dir='ltr' id='par_1_27' title="bbox 1928 1217 3493 1290">
     <span class='ocr_line' id='line_1_27' title="bbox 1928 1217 3493 1290; baseline 0.006 -18"><span class='ocrx_word' id='word_1_193' title='bbox 1928 1217 2098 1273; x_wconf 89' lang='lat' dir='ltr'><strong>Deum</strong></span> <span class='ocrx_word' id='word_1_194' title='bbox 2138 1219 2367 1279; x_wconf 90' lang='lat' dir='ltr'><strong>scilicet,</strong></span> <span class='ocrx_word' id='word_1_195' title='bbox 2407 1228 2464 1273; x_wconf 87' lang='lat' dir='ltr'><strong>et</strong></span> <span class='ocrx_word' id='word_1_196' title='bbox 2495 1219 2664 1273; x_wconf 85' lang='lat' dir='ltr'><strong>filium</strong></span> <span class='ocrx_word' id='word_1_197' title='bbox 2702 1222 2866 1290; x_wconf 81' lang='lat' dir='ltr'><strong>regis,</strong></span> <span class='ocrx_word' id='word_1_198' title='bbox 2900 1223 3038 1276; x_wconf 82' lang='lat' dir='ltr'><strong>nihil</strong></span> <span class='ocrx_word' id='word_1_199' title='bbox 3110 1225 3258 1280; x_wconf 85' lang='lat' dir='ltr'><strong>aliud</strong></span> <span class='ocrx_word' id='word_1_200' title='bbox 3311 1229 3493 1282; x_wconf 81' lang='lat' dir='ltr'><strong>innuit</strong></span> 
     </span>
    </p>
   </div>
   <div class='ocr_carea' id='block_1_28' title="bbox 1926 1310 3493 1383">
    <p class='ocr_par' dir='ltr' id='par_1_28' title="bbox 1926 1310 3493 1383">
     <span class='ocr_line' id='line_1_28' title="bbox 1926 1310 3493 1383; baseline 0.006 -21"><span class='ocrx_word' id='word_1_201' title='bbox 1926 1325 2085 1378; x_wconf 90' lang='lat' dir='ltr'><strong>quam</strong></span> <span class='ocrx_word' id='word_1_202' title='bbox 2114 1310 2283 1363; x_wconf 88' lang='lat' dir='ltr'><strong>Deum</strong></span> <span class='ocrx_word' id='word_1_203' title='bbox 2317 1311 2399 1364; x_wconf 88' lang='lat' dir='ltr'><strong>vel</strong></span> <span class='ocrx_word' id='word_1_204' title='bbox 2442 1326 2621 1380; x_wconf 76' lang='lat' dir='ltr'><strong>regem</strong></span> <span class='ocrx_word' id='word_1_205' title='bbox 2651 1352 2666 1377; x_wconf 88' lang='lat'><strong>,</strong></span> <span class='ocrx_word' id='word_1_206' title='bbox 2699 1321 2750 1366; x_wconf 91' lang='lat' dir='ltr'><strong>et</strong></span> <span class='ocrx_word' id='word_1_207' title='bbox 2779 1314 2924 1367; x_wconf 91' lang='lat' dir='ltr'><strong>illius</strong></span> <span class='ocrx_word' id='word_1_208' title='bbox 2947 1313 3146 1368; x_wconf 88' lang='lat' dir='ltr'><strong>Filium</strong></span> <span class='ocrx_word' id='word_1_209' title='bbox 3173 1316 3449 1372; x_wconf 82' lang='lat' dir='ltr'><strong>Christum</strong></span> <span class='ocrx_word' id='word_1_210' title='bbox 3474 1358 3493 1383; x_wconf 92' lang='lat'><strong>,</strong></span> 
     </span>
    </p>
   </div>
   <div class='ocr_carea' id='block_1_29' title="bbox 1926 1399 3492 1477">
    <p class='ocr_par' dir='ltr' id='par_1_29' title="bbox 1926 1399 3492 1477">
     <span class='ocr_line' id='line_1_29' title="bbox 1926 1399 3492 1477; baseline 0.007 -25"><span class='ocrx_word' id='word_1_211' title='bbox 1926 1399 2021 1467; x_wconf 92' lang='lat' dir='ltr'><strong>qui</strong></span> <span class='ocrx_word' id='word_1_212' title='bbox 2048 1400 2259 1469; x_wconf 89' lang='lat' dir='ltr'><strong>judicat</strong></span> <span class='ocrx_word' id='word_1_213' title='bbox 2294 1416 2561 1470; x_wconf 87' lang='lat' dir='ltr'><strong>pauperes</strong></span> <span class='ocrx_word' id='word_1_214' title='bbox 2596 1404 2805 1472; x_wconf 89' lang='lat' dir='ltr'><strong>populi,</strong></span> <span class='ocrx_word' id='word_1_215' title='bbox 2833 1415 2888 1457; x_wconf 94' lang='lat' dir='ltr'><strong>et</strong></span> <span class='ocrx_word' id='word_1_216' title='bbox 2917 1406 3094 1459; x_wconf 88' lang='lat' dir='ltr'><strong>salvos</strong></span> <span class='ocrx_word' id='word_1_217' title='bbox 3113 1405 3243 1461; x_wconf 82' lang='lat' dir='ltr'><strong>facit</strong></span> <span class='ocrx_word' id='word_1_218' title='bbox 3279 1408 3492 1477; x_wconf 79' lang='lat' dir='ltr'><strong>inOpes,</strong></span> 
     </span>
    </p>
   </div>
   <div class='ocr_carea' id='block_1_30' title="bbox 1925 1490 3494 1564">
    <p class='ocr_par' dir='ltr' id='par_1_30' title="bbox 1925 1490 3494 1564">
     <span class='ocr_line' id='line_1_30' title="bbox 1925 1490 3494 1564; baseline 0.006 -21"><span class='ocrx_word' id='word_1_219' title='bbox 1925 1500 1980 1543; x_wconf 86' lang='lat' dir='ltr'><strong>et</strong></span> <span class='ocrx_word' id='word_1_220' title='bbox 2028 1490 2282 1544; x_wconf 88' lang='lat' dir='ltr'><strong>humiliat</strong></span> <span class='ocrx_word' id='word_1_221' title='bbox 2321 1492 2797 1548; x_wconf 88' lang='lat' dir='ltr'><strong>calumniatorem.</strong></span> <span class='ocrx_word' id='word_1_222' title='bbox 2848 1495 3036 1564; x_wconf 89' lang='lat' dir='ltr'><strong>Neque</strong></span> <span class='ocrx_word' id='word_1_223' title='bbox 3088 1497 3177 1551; x_wconf 88' lang='lat' dir='ltr'><strong>hic</strong></span> <span class='ocrx_word' id='word_1_224' title='bbox 3212 1498 3494 1554; x_wconf 87' lang='lat' dir='ltr'><strong>hominem</strong></span> 
     </span>
    </p>
   </div>
   <div class='ocr_carea' id='block_1_31' title="bbox 1926 1579 3492 1658">
    <p class='ocr_par' dir='ltr' id='par_1_31' title="bbox 1926 1579 3492 1658">
     <span class='ocr_line' id='line_1_31' title="bbox 1926 1579 3492 1658; baseline 0.008 -28"><span class='ocrx_word' id='word_1_225' title='bbox 1926 1579 2217 1646; x_wconf 80' lang='lat' dir='ltr'><strong>quemdam</strong></span> <span class='ocrx_word' id='word_1_226' title='bbox 2260 1580 2454 1635; x_wconf 80' lang='lat' dir='ltr'><strong>fortem</strong></span> <span class='ocrx_word' id='word_1_227' title='bbox 2503 1591 2559 1636; x_wconf 93' lang='lat' dir='ltr'><strong>et</strong></span> <span class='ocrx_word' id='word_1_228' title='bbox 2596 1582 2830 1651; x_wconf 87' lang='lat' dir='ltr'><strong>justum,</strong></span> <span class='ocrx_word' id='word_1_229' title='bbox 2860 1586 3159 1653; x_wconf 84' lang='lat' dir='ltr'><strong>principem</strong></span> <span class='ocrx_word' id='word_1_230' title='bbox 3194 1590 3277 1641; x_wconf 85' lang='lat' dir='ltr'><strong>vel</strong></span> <span class='ocrx_word' id='word_1_231' title='bbox 3310 1605 3492 1658; x_wconf 83' lang='lat' dir='ltr'><strong>regem</strong></span> 
     </span>
    </p>
   </div>
   <div class='ocr_carea' id='block_1_32' title="bbox 1928 1669 3495 1745">
    <p class='ocr_par' dir='ltr' id='par_1_32' title="bbox 1928 1669 3495 1745">
     <span class='ocr_line' id='line_1_32' title="bbox 1928 1669 3495 1745; baseline 0.008 -23"><span class='ocrx_word' id='word_1_232' title='bbox 1928 1669 2215 1738; x_wconf 83' lang='lat' dir='ltr'><strong>intelligas.</strong></span> <span class='ocrx_word' id='word_1_233' title='bbox 2246 1672 2321 1726; x_wconf 89' lang='lat' dir='ltr'><strong>De</strong></span> <span class='ocrx_word' id='word_1_234' title='bbox 2347 1673 2539 1726; x_wconf 88' lang='lat' dir='ltr'><strong>eodem</strong></span> <span class='ocrx_word' id='word_1_235' title='bbox 2609 1675 2755 1728; x_wconf 90' lang='lat' dir='ltr'><strong>enim</strong></span> <span class='ocrx_word' id='word_1_236' title='bbox 2794 1676 2947 1738; x_wconf 89' lang='lat' dir='ltr'><strong>dicit,</strong></span> <span class='ocrx_word' id='word_1_237' title='bbox 2982 1677 3129 1745; x_wconf 89' lang='lat' dir='ltr'><strong>quod</strong></span> <span class='ocrx_word' id='word_1_238' title='bbox 3184 1694 3495 1734; x_wconf 84' lang='lat' dir='ltr'><strong>commora-</strong></span> 
     </span>
    </p>
   </div>
   <div class='ocr_carea' id='block_1_33' title="bbox 1929 1763 3496 1837">
    <p class='ocr_par' dir='ltr' id='par_1_33' title="bbox 1929 1763 3496 1837">
     <span class='ocr_line' id='line_1_33' title="bbox 1929 1763 3496 1837; baseline 0.008 -24"><span class='ocrx_word' id='word_1_239' title='bbox 1929 1769 2083 1816; x_wconf 90' lang='lat' dir='ltr'><strong>turus</strong></span> <span class='ocrx_word' id='word_1_240' title='bbox 2112 1763 2183 1816; x_wconf 88' lang='lat' dir='ltr'><strong>sit</strong></span> <span class='ocrx_word' id='word_1_241' title='bbox 2213 1778 2338 1815; x_wconf 91' lang='lat' dir='ltr'><strong>cum</strong></span> <span class='ocrx_word' id='word_1_242' title='bbox 2371 1764 2522 1827; x_wconf 86' lang='lat' dir='ltr'><strong>sole;</strong></span> <span class='ocrx_word' id='word_1_243' title='bbox 2552 1764 2683 1818; x_wconf 88' lang='lat' dir='ltr'><strong>item</strong></span> <span class='ocrx_word' id='word_1_244' title='bbox 2713 1766 2780 1819; x_wconf 92' lang='lat' dir='ltr'><strong>de</strong></span> <span class='ocrx_word' id='word_1_245' title='bbox 2810 1767 3005 1821; x_wconf 89' lang='lat' dir='ltr'><strong>eodem</strong></span> <span class='ocrx_word' id='word_1_246' title='bbox 3025 1808 3038 1832; x_wconf 91' lang='lat'><strong>,</strong></span> <span class='ocrx_word' id='word_1_247' title='bbox 3072 1770 3218 1837; x_wconf 90' lang='lat' dir='ltr'><strong>quod</strong></span> <span class='ocrx_word' id='word_1_248' title='bbox 3267 1771 3339 1824; x_wconf 89' lang='lat' dir='ltr'><strong>sit</strong></span> <span class='ocrx_word' id='word_1_249' title='bbox 3368 1784 3496 1826; x_wconf 84' lang='lat' dir='ltr'><strong>ante</strong></span> 
     </span>
    </p>
   </div>
   <div class='ocr_carea' id='block_1_34' title="bbox 256 1839 1869 1933">
    <p class='ocr_par' dir='ltr' id='par_1_34' title="bbox 256 1839 1869 1933">
     <span class='ocr_line' id='line_1_34' title="bbox 256 1839 1869 1933; baseline -0.002 -20"><span class='ocrx_word' id='word_1_250' title='bbox 256 1863 479 1932; x_wconf 72' lang='grc' dir='ltr'>ἰσχυρὸν</span> <span class='ocrx_word' id='word_1_251' title='bbox 518 1864 611 1917; x_wconf 79' lang='grc' dir='ltr'><strong>καὶ</strong></span> <span class='ocrx_word' id='word_1_252' title='bbox 663 1839 897 1927; x_wconf 74' lang='grc' dir='ltr'>δίκαιον,</span> <span class='ocrx_word' id='word_1_253' title='bbox 920 1862 1212 1933; x_wconf 81' lang='grc' dir='ltr'>ἄρχονταῆ</span> <span class='ocrx_word' id='word_1_254' title='bbox 1246 1839 1501 1929; x_wconf 76' lang='grc' dir='ltr'>βασιλέας</span> <span class='ocrx_word' id='word_1_255' title='bbox 1538 1860 1695 1912; x_wconf 80' lang='grc' dir='ltr'>Ἀλλὰ</span> <span class='ocrx_word' id='word_1_256' title='bbox 1731 1859 1823 1910; x_wconf 83' lang='grc' dir='ltr'><strong>τὸν</strong></span> <span class='ocrx_word' id='word_1_257' title='bbox 1860 1839 1869 1892; x_wconf 83' lang='grc' dir='ltr'>ι</span> 
     </span>
    </p>
   </div>
   <div class='ocr_carea' id='block_1_35' title="bbox 1922 1839 3496 1933">
    <p class='ocr_par' dir='ltr' id='par_1_35' title="bbox 1930 1851 3496 1929">
     <span class='ocr_line' id='line_1_35' title="bbox 1930 1851 3496 1929; baseline 0.008 -26"><span class='ocrx_word' id='word_1_258' title='bbox 1930 1851 2112 1905; x_wconf 85' lang='lat' dir='ltr'><strong>lunam</strong></span> <span class='ocrx_word' id='word_1_259' title='bbox 2140 1862 2195 1907; x_wconf 89' lang='lat' dir='ltr'><strong>et</strong></span> <span class='ocrx_word' id='word_1_260' title='bbox 2229 1854 2612 1922; x_wconf 77' lang='lat' dir='ltr'><strong>generationes</strong></span> <span class='ocrx_word' id='word_1_261' title='bbox 2641 1857 3077 1924; x_wconf 85' lang='lat' dir='ltr'><strong>generationum.</strong></span> <span class='ocrx_word' id='word_1_262' title='bbox 3106 1859 3163 1913; x_wconf 88' lang='lat' dir='ltr'><strong>ln</strong></span> <span class='ocrx_word' id='word_1_263' title='bbox 3185 1876 3345 1929; x_wconf 73' lang='lat' dir='ltr'><strong>quem</strong></span> <span class='ocrx_word' id='word_1_264' title='bbox 3368 1878 3496 1916; x_wconf 89' lang='lat' dir='ltr'><strong>vero</strong></span> 
     </span>
    </p>
   </div>
   <div class='ocr_carea' id='block_1_36' title="bbox 250 1949 1822 2022">
    <p class='ocr_par' dir='ltr' id='par_1_36' title="bbox 250 1949 1822 2022">
     <span class='ocr_line' id='line_1_36' title="bbox 250 1949 1822 2022; baseline -0.003 -18"><span class='ocrx_word' id='word_1_265' title='bbox 250 1954 419 2004; x_wconf 73' lang='grc' dir='ltr'>αὑτὸν</span> <span class='ocrx_word' id='word_1_266' title='bbox 449 1953 615 2017; x_wconf 83' lang='grc' dir='ltr'>λέγει,</span> <span class='ocrx_word' id='word_1_267' title='bbox 644 1956 723 2005; x_wconf 83' lang='grc' dir='ltr'>ὅτι</span> <span class='ocrx_word' id='word_1_268' title='bbox 756 1953 1173 2022; x_wconf 78' lang='grc' dir='ltr'>συμπαραμενεῖ</span> <span class='ocrx_word' id='word_1_269' title='bbox 1205 1951 1281 2019; x_wconf 79' lang='grc' dir='ltr'>τῷ</span> <span class='ocrx_word' id='word_1_270' title='bbox 1318 1950 1454 2021; x_wconf 79' lang='grc' dir='ltr'>ἡλίῳ</span> <span class='ocrx_word' id='word_1_271' title='bbox 1480 1965 1493 1978; x_wconf 79' lang='grc'><strong><em>⁸</em></strong></span> <span class='ocrx_word' id='word_1_272' title='bbox 1519 1950 1653 2002; x_wconf 72' lang='grc' dir='ltr'>ἀλλὰ</span> <span class='ocrx_word' id='word_1_273' title='bbox 1693 1949 1822 2016; x_wconf 76' lang='grc' dir='ltr'>περὶ</span> 
     </span>
    </p>
   </div>
   <div class='ocr_carea' id='block_1_37' title="bbox 250 2041 1824 2112">
    <p class='ocr_par' dir='ltr' id='par_1_37' title="bbox 250 2041 1824 2112">
     <span class='ocr_line' id='line_1_37' title="bbox 250 2041 1824 2112; baseline -0.001 -18"><span class='ocrx_word' id='word_1_274' title='bbox 250 2044 422 2095; x_wconf 76' lang='grc' dir='ltr'>αὐτοῦ</span> <span class='ocrx_word' id='word_1_275' title='bbox 479 2046 658 2111; x_wconf 81' lang='grc' dir='ltr'>λέγει,</span> <span class='ocrx_word' id='word_1_276' title='bbox 705 2046 785 2095; x_wconf 74' lang='grc' dir='ltr'>ὅτι</span> <span class='ocrx_word' id='word_1_277' title='bbox 846 2046 961 2094; x_wconf 69' lang='grc' dir='ltr'>ἐστὶ</span> <span class='ocrx_word' id='word_1_278' title='bbox 1011 2043 1117 2112; x_wconf 82' lang='grc' dir='ltr'><strong>πρὸ</strong></span> <span class='ocrx_word' id='word_1_279' title='bbox 1184 2044 1294 2111; x_wconf 55' lang='grc' dir='ltr'>τῆς,</span> <span class='ocrx_word' id='word_1_280' title='bbox 1324 2043 1576 2111; x_wconf 76' lang='grc' dir='ltr'>σελήνης,</span> <span class='ocrx_word' id='word_1_281' title='bbox 1631 2041 1824 2107; x_wconf 79' lang='grc' dir='ltr'>γενεᾶς</span> 
     </span>
    </p>
   </div>
   <div class='ocr_carea' id='block_1_38' title="bbox 255 2128 1826 2201">
    <p class='ocr_par' dir='ltr' id='par_1_38' title="bbox 255 2128 1826 2201">
     <span class='ocr_line' id='line_1_38' title="bbox 255 2128 1826 2201; baseline -0.003 -16"><span class='ocrx_word' id='word_1_282' title='bbox 255 2137 485 2200; x_wconf 81' lang='grc' dir='ltr'>γενεῶν.</span> <span class='ocrx_word' id='word_1_283' title='bbox 536 2136 643 2186; x_wconf 75' lang='grc' dir='ltr'>Καὶ</span> <span class='ocrx_word' id='word_1_284' title='bbox 698 2136 778 2197; x_wconf 81' lang='grc' dir='ltr'>εἰς</span> <span class='ocrx_word' id='word_1_285' title='bbox 833 2133 954 2185; x_wconf 85' lang='grc' dir='ltr'>τίνα</span> <span class='ocrx_word' id='word_1_286' title='bbox 1003 2133 1111 2185; x_wconf 84' lang='grc' dir='ltr'><strong>τῶν</strong></span> <span class='ocrx_word' id='word_1_287' title='bbox 1161 2131 1461 2201; x_wconf 70' lang='grc' dir='ltr'>ἀνθρώπων</span> <span class='ocrx_word' id='word_1_288' title='bbox 1514 2131 1679 2198; x_wconf 80' lang='grc' dir='ltr'>χωρεῖ</span> <span class='ocrx_word' id='word_1_289' title='bbox 1707 2128 1826 2181; x_wconf 81' lang='grc' dir='ltr'>τοῦ·</span> 
     </span>
    </p>
   </div>
   <div class='ocr_carea' id='block_1_39' title="bbox 254 2218 1824 2295">
    <p class='ocr_par' dir='ltr' id='par_1_39' title="bbox 254 2218 1824 2295">
     <span class='ocr_line' id='line_1_39' title="bbox 254 2218 1824 2295; baseline -0.003 -19"><span class='ocrx_word' id='word_1_290' title='bbox 254 2241 334 2287; x_wconf 82' lang='grc' dir='ltr'><strong>το,</strong></span> <span class='ocrx_word' id='word_1_291' title='bbox 392 2226 475 2276; x_wconf 79' lang='grc' dir='ltr'><strong>ὅτι</strong></span> <span class='ocrx_word' id='word_1_292' title='bbox 513 2226 615 2295; x_wconf 78' lang='grc' dir='ltr'><strong>πρὸ</strong></span> <span class='ocrx_word' id='word_1_293' title='bbox 668 2224 766 2292; x_wconf 80' lang='grc' dir='ltr'>τῆς</span> <span class='ocrx_word' id='word_1_294' title='bbox 827 2223 1054 2293; x_wconf 86' lang='grc' dir='ltr'>σελήνης</span> <span class='ocrx_word' id='word_1_295' title='bbox 1098 2225 1290 2290; x_wconf 73' lang='grc' dir='ltr'>γενεᾶς</span> <span class='ocrx_word' id='word_1_296' title='bbox 1335 2221 1536 2289; x_wconf 84' lang='grc' dir='ltr'>γενεῶν</span> <span class='ocrx_word' id='word_1_297' title='bbox 1565 2218 1667 2291; x_wconf 82' lang='grc' dir='ltr'>ἦν,</span> <span class='ocrx_word' id='word_1_298' title='bbox 1731 2221 1824 2273; x_wconf 80' lang='grc' dir='ltr'><strong>καὶ</strong></span> 
     </span>
    </p>
   </div>
   <div class='ocr_carea' id='block_1_40' title="bbox 254 2315 1826 2385">
    <p class='ocr_par' dir='ltr' id='par_1_40' title="bbox 254 2315 1826 2385">
     <span class='ocr_line' id='line_1_40' title="bbox 254 2315 1826 2385; baseline -0.001 -16"><span class='ocrx_word' id='word_1_299' title='bbox 254 2318 683 2385; x_wconf 83' lang='grc' dir='ltr'>συμπαραμενεί</span> <span class='ocrx_word' id='word_1_300' title='bbox 708 2316 781 2384; x_wconf 86' lang='grc' dir='ltr'>τῷ</span> <span class='ocrx_word' id='word_1_301' title='bbox 819 2316 990 2385; x_wconf 86' lang='grc' dir='ltr'>ἡλίῳ;</span> <span class='ocrx_word' id='word_1_302' title='bbox 1022 2316 1116 2376; x_wconf 83' lang='grc' dir='ltr'><strong>Εἰς</strong></span> <span class='ocrx_word' id='word_1_303' title='bbox 1162 2315 1357 2367; x_wconf 76' lang='grc' dir='ltr'>οὐδένα</span> <span class='ocrx_word' id='word_1_304' title='bbox 1383 2315 1563 2380; x_wconf 84' lang='grc' dir='ltr'>ἄλλον,</span> <span class='ocrx_word' id='word_1_305' title='bbox 1596 2316 1710 2367; x_wconf 79' lang='grc' dir='ltr'>ἀλλ’</span> <span class='ocrx_word' id='word_1_306' title='bbox 1747 2316 1826 2375; x_wconf 80' lang='grc' dir='ltr'><strong>είς</strong></span> 
     </span>
    </p>
   </div>
   <div class='ocr_carea' id='block_1_41' title="bbox 254 2405 1827 2475">
    <p class='ocr_par' dir='ltr' id='par_1_41' title="bbox 254 2405 1827 2475">
     <span class='ocr_line' id='line_1_41' title="bbox 254 2405 1827 2475; baseline -0.003 -15"><span class='ocrx_word' id='word_1_307' title='bbox 254 2409 423 2460; x_wconf 67' lang='grc' dir='ltr'>αὐτὸν</span> <span class='ocrx_word' id='word_1_308' title='bbox 466 2409 679 2468; x_wconf 72' lang='grc' dir='ltr'>πάντως</span> <span class='ocrx_word' id='word_1_309' title='bbox 709 2406 800 2459; x_wconf 74' lang='grc' dir='ltr'><strong>τὸν</strong></span> <span class='ocrx_word' id='word_1_310' title='bbox 844 2406 1077 2475; x_wconf 85' lang='grc' dir='ltr'>Χριστόν</span> <span class='ocrx_word' id='word_1_311' title='bbox 1124 2406 1273 2458; x_wconf 78' lang='grc' dir='ltr'>ἐστιν</span> <span class='ocrx_word' id='word_1_312' title='bbox 1301 2407 1333 2474; x_wconf 87' lang='grc' dir='ltr'><strong>ἡ</strong></span> <span class='ocrx_word' id='word_1_313' title='bbox 1362 2405 1686 2474; x_wconf 80' lang='grc' dir='ltr'>προφητεία.</span> <span class='ocrx_word' id='word_1_314' title='bbox 1738 2405 1827 2457; x_wconf 83' lang='grc' dir='ltr'>Ἐν</span> 
     </span>
    </p>
   </div>
   <div class='ocr_carea' id='block_1_42' title="bbox 255 2492 1826 2570">
    <p class='ocr_par' dir='ltr' id='par_1_42' title="bbox 255 2492 1826 2570">
     <span class='ocr_line' id='line_1_42' title="bbox 255 2492 1826 2570; baseline -0.005 -19"><span class='ocrx_word' id='word_1_315' title='bbox 255 2502 368 2570; x_wconf 73' lang='grc' dir='ltr'>γὰρ</span> <span class='ocrx_word' id='word_1_316' title='bbox 395 2499 474 2567; x_wconf 74' lang='grc' dir='ltr'>τῷ</span> <span class='ocrx_word' id='word_1_317' title='bbox 526 2500 718 2563; x_wconf 88' lang='grc' dir='ltr'>εἰπεῖν,</span> <span class='ocrx_word' id='word_1_318' title='bbox 751 2497 829 2548; x_wconf 86' lang='grc' dir='ltr'>ὅτι</span> <span class='ocrx_word' id='word_1_319' title='bbox 877 2496 1054 2565; x_wconf 79' lang='grc' dir='ltr'>κρινεῖ</span> <span class='ocrx_word' id='word_1_320' title='bbox 1081 2496 1202 2555; x_wconf 85' lang='grc' dir='ltr'>τοὺς</span> <span class='ocrx_word' id='word_1_321' title='bbox 1258 2495 1503 2563; x_wconf 79' lang='grc' dir='ltr'>πτωχοὺς</span> <span class='ocrx_word' id='word_1_322' title='bbox 1536 2495 1629 2546; x_wconf 81' lang='grc' dir='ltr'><strong>τοῦ</strong></span> <span class='ocrx_word' id='word_1_323' title='bbox 1672 2492 1826 2557; x_wconf 75' lang='grc' dir='ltr'>λαοῦ,</span> 
     </span>
    </p>
   </div>
   <div class='ocr_carea' id='block_1_43' title="bbox 254 2586 1828 2655">
    <p class='ocr_par' dir='ltr' id='par_1_43' title="bbox 254 2586 1828 2655">
     <span class='ocr_line' id='line_1_43' title="bbox 254 2586 1828 2655; baseline -0.005 -10"><span class='ocrx_word' id='word_1_324' title='bbox 254 2596 351 2646; x_wconf 80' lang='grc' dir='ltr'><strong>καὶ</strong></span> <span class='ocrx_word' id='word_1_325' title='bbox 389 2592 553 2644; x_wconf 84' lang='grc' dir='ltr'>σώσει</span> <span class='ocrx_word' id='word_1_326' title='bbox 582 2592 706 2651; x_wconf 63' lang='grc' dir='ltr'>τοῦς</span> <span class='ocrx_word' id='word_1_327' title='bbox 734 2590 880 2650; x_wconf 68' lang='lat' dir='ltr'><strong>uio-Ii;</strong></span> <span class='ocrx_word' id='word_1_328' title='bbox 913 2588 1019 2641; x_wconf 89' lang='grc' dir='ltr'><strong>τῶν</strong></span> <span class='ocrx_word' id='word_1_329' title='bbox 1049 2591 1319 2655; x_wconf 76' lang='grc' dir='ltr'>πενήτων,</span> <span class='ocrx_word' id='word_1_330' title='bbox 1373 2589 1467 2639; x_wconf 79' lang='grc' dir='ltr'><strong>καὶ</strong></span> <span class='ocrx_word' id='word_1_331' title='bbox 1496 2586 1828 2640; x_wconf 82' lang='grc' dir='ltr'>ταπεινώσει</span> 
     </span>
    </p>
   </div>
   <div class='ocr_carea' id='block_1_44' title="bbox 255 2675 1828 2748">
    <p class='ocr_par' dir='ltr' id='par_1_44' title="bbox 255 2675 1828 2748">
     <span class='ocr_line' id='line_1_44' title="bbox 255 2675 1828 2748; baseline -0.003 -15"><span class='ocrx_word' id='word_1_332' title='bbox 255 2683 383 2743; x_wconf 67' lang='grc' dir='ltr'>τοὺς</span> <span class='ocrx_word' id='word_1_333' title='bbox 409 2680 748 2748; x_wconf 64' lang='grc' dir='ltr'>συκοφάντας</span> <span class='ocrx_word' id='word_1_334' title='bbox 773 2718 786 2743; x_wconf 88' lang='grc'><strong>,</strong></span> <span class='ocrx_word' id='word_1_335' title='bbox 817 2677 981 2741; x_wconf 77' lang='grc' dir='ltr'>ἔδειξε</span> <span class='ocrx_word' id='word_1_336' title='bbox 1005 2679 1102 2747; x_wconf 83' lang='grc' dir='ltr'>τὴν</span> <span class='ocrx_word' id='word_1_337' title='bbox 1135 2676 1327 2730; x_wconf 77' lang='grc' dir='ltr'>τούτου</span> <span class='ocrx_word' id='word_1_338' title='bbox 1358 2675 1710 2743; x_wconf 80' lang='grc' dir='ltr'>δικαιοσύνην</span> <span class='ocrx_word' id='word_1_339' title='bbox 1734 2678 1828 2729; x_wconf 76' lang='grc' dir='ltr'><strong>καὶ</strong></span> 
     </span>
    </p>
   </div>
   <div class='ocr_carea' id='block_1_45' title="bbox 261 2764 1829 2841">
    <p class='ocr_par' dir='ltr' id='par_1_45' title="bbox 261 2764 1829 2841">
     <span class='ocr_line' id='line_1_45' title="bbox 261 2764 1829 2841; baseline -0.004 -18"><span class='ocrx_word' id='word_1_340' title='bbox 261 2775 419 2841; x_wconf 67' lang='grc' dir='ltr'>ἰσχὺν</span> <span class='ocrx_word' id='word_1_341' title='bbox 447 2773 541 2823; x_wconf 73' lang='grc' dir='ltr'>καὶ</span> <span class='ocrx_word' id='word_1_342' title='bbox 570 2769 890 2839; x_wconf 69' lang='grc' dir='ltr'>κηδεμονίαν</span> <span class='ocrx_word' id='word_1_343' title='bbox 914 2770 992 2829; x_wconf 85' lang='grc' dir='ltr'><strong>είς</strong></span> <span class='ocrx_word' id='word_1_344' title='bbox 1012 2768 1136 2829; x_wconf 79' lang='grc' dir='ltr'>τοὺς</span> <span class='ocrx_word' id='word_1_345' title='bbox 1180 2764 1523 2835; x_wconf 82' lang='grc' dir='ltr'>ἀνθρώπους.</span> <span class='ocrx_word' id='word_1_346' title='bbox 1560 2767 1648 2819; x_wconf 88' lang='grc' dir='ltr'><strong>Ἐν</strong></span> <span class='ocrx_word' id='word_1_347' title='bbox 1678 2766 1735 2820; x_wconf 80' lang='grc' dir='ltr'><strong>δὲ</strong></span> <span class='ocrx_word' id='word_1_348' title='bbox 1754 2766 1829 2835; x_wconf 82' lang='grc' dir='ltr'>τῷ</span> 
     </span>
    </p>
   </div>
   <div class='ocr_carea' id='block_1_46' title="bbox 258 2856 1829 2928">
    <p class='ocr_par' dir='ltr' id='par_1_46' title="bbox 258 2856 1829 2928">
     <span class='ocr_line' id='line_1_46' title="bbox 258 2856 1829 2928; baseline -0.004 -14"><span class='ocrx_word' id='word_1_349' title='bbox 258 2865 458 2925; x_wconf 82' lang='grc' dir='ltr'>εἰπεῖν,</span> <span class='ocrx_word' id='word_1_350' title='bbox 488 2862 569 2913; x_wconf 83' lang='grc' dir='ltr'>ὅτι</span> <span class='ocrx_word' id='word_1_351' title='bbox 604 2860 707 2928; x_wconf 83' lang='grc' dir='ltr'><strong>πρὸ</strong></span> <span class='ocrx_word' id='word_1_352' title='bbox 744 2858 837 2911; x_wconf 82' lang='grc' dir='ltr'>τοῦ</span> <span class='ocrx_word' id='word_1_353' title='bbox 886 2858 1035 2928; x_wconf 86' lang='grc' dir='ltr'>ἡλίου</span> <span class='ocrx_word' id='word_1_354' title='bbox 1078 2857 1320 2925; x_wconf 84' lang='grc' dir='ltr'>διαμένει</span> <span class='ocrx_word' id='word_1_355' title='bbox 1352 2858 1413 2909; x_wconf 87' lang='grc' dir='ltr'><strong>τὸ</strong></span> <span class='ocrx_word' id='word_1_356' title='bbox 1443 2857 1615 2923; x_wconf 80' lang='grc' dir='ltr'>ὄνομα</span> <span class='ocrx_word' id='word_1_357' title='bbox 1639 2856 1829 2922; x_wconf 83' lang='grc' dir='ltr'>αὑτοῦ,</span> 
     </span>
    </p>
   </div>
   <div class='ocr_carea' id='block_1_47' title="bbox 259 2947 1832 3019">
    <p class='ocr_par' dir='ltr' id='par_1_47' title="bbox 259 2947 1832 3019">
     <span class='ocr_line' id='line_1_47' title="bbox 259 2947 1832 3019; baseline -0.004 -14"><span class='ocrx_word' id='word_1_358' title='bbox 259 2953 356 3005; x_wconf 74' lang='grc' dir='ltr'><strong>καὶ</strong></span> <span class='ocrx_word' id='word_1_359' title='bbox 383 2952 492 3019; x_wconf 73' lang='grc' dir='ltr'><strong>πρὸ</strong></span> <span class='ocrx_word' id='word_1_360' title='bbox 532 2950 631 3017; x_wconf 73' lang='grc' dir='ltr'><strong>τῆς</strong></span> <span class='ocrx_word' id='word_1_361' title='bbox 662 2948 892 3018; x_wconf 79' lang='grc' dir='ltr'><strong>σελήνης</strong></span> <span class='ocrx_word' id='word_1_362' title='bbox 925 2950 1121 3015; x_wconf 79' lang='grc' dir='ltr'>γενεᾶς</span> <span class='ocrx_word' id='word_1_363' title='bbox 1153 2948 1379 3016; x_wconf 85' lang='grc' dir='ltr'>γενεῶν,</span> <span class='ocrx_word' id='word_1_364' title='bbox 1423 2948 1593 3012; x_wconf 77' lang='grc' dir='ltr'>ἔδειξε</span> <span class='ocrx_word' id='word_1_365' title='bbox 1620 2947 1683 3000; x_wconf 79' lang='grc' dir='ltr'><strong>τὸ</strong></span> <span class='ocrx_word' id='word_1_366' title='bbox 1707 2947 1832 2999; x_wconf 80' lang='grc' dir='ltr'>τού-</span> 
     </span>
    </p>
   </div>
   <div class='ocr_carea' id='block_1_48' title="bbox 259 3037 1826 3111">
    <p class='ocr_par' dir='ltr' id='par_1_48' title="bbox 259 3037 1826 3111">
     <span class='ocr_line' id='line_1_48' title="bbox 259 3037 1826 3111; baseline -0.002 -17"><span class='ocrx_word' id='word_1_367' title='bbox 259 3061 353 3095; x_wconf 91' lang='grc' dir='ltr'><strong>του</strong></span> <span class='ocrx_word' id='word_1_368' title='bbox 377 3044 635 3111; x_wconf 78' lang='grc' dir='ltr'>ἄναρχον.</span> <span class='ocrx_word' id='word_1_369' title='bbox 682 3042 767 3092; x_wconf 82' lang='grc' dir='ltr'>Ἐν</span> <span class='ocrx_word' id='word_1_370' title='bbox 803 3041 861 3093; x_wconf 77' lang='grc' dir='ltr'><strong>δὲ</strong></span> <span class='ocrx_word' id='word_1_371' title='bbox 891 3040 988 3110; x_wconf 78' lang='grc' dir='ltr'><strong>τῷ,</strong></span> <span class='ocrx_word' id='word_1_372' title='bbox 1025 3057 1043 3091; x_wconf 78' lang='grc' dir='ltr'><strong>ι</strong></span> <span class='ocrx_word' id='word_1_373' title='bbox 1070 3040 1496 3109; x_wconf 81' lang='grc' dir='ltr'>Συμπαραμενεϊ</span> <span class='ocrx_word' id='word_1_374' title='bbox 1517 3037 1594 3109; x_wconf 78' lang='grc' dir='ltr'>τῷ</span> <span class='ocrx_word' id='word_1_375' title='bbox 1619 3040 1771 3108; x_wconf 91' lang='grc' dir='ltr'>ἡλίῳ,</span> <span class='ocrx_word' id='word_1_376' title='bbox 1806 3058 1826 3091; x_wconf 74' lang='grc' dir='ltr'>ι</span> 
     </span>
    </p>
   </div>
   <div class='ocr_carea' id='block_1_49' title="bbox 261 3130 1901 3226">
    <p class='ocr_par' dir='ltr' id='par_1_49' title="bbox 261 3130 1901 3226">
     <span class='ocr_line' id='line_1_49' title="bbox 261 3130 1901 3226; baseline 0 -42"><span class='ocrx_word' id='word_1_377' title='bbox 261 3132 427 3197; x_wconf 63' lang='grc' dir='ltr'>ἔδειξε</span> <span class='ocrx_word' id='word_1_378' title='bbox 449 3132 509 3184; x_wconf 68' lang='grc' dir='ltr'>τὸ</span> <span class='ocrx_word' id='word_1_379' title='bbox 524 3132 711 3185; x_wconf 85' lang='grc' dir='ltr'>τούτου</span> <span class='ocrx_word' id='word_1_380' title='bbox 728 3132 1095 3199; x_wconf 72' lang='grc' dir='ltr'>ἀτελεύτητον.</span> <span class='ocrx_word' id='word_1_381' title='bbox 1126 3149 1145 3182; x_wconf 77' lang='grc' dir='ltr'><strong>ι</strong></span> <span class='ocrx_word' id='word_1_382' title='bbox 1174 3130 1653 3199; x_wconf 80' lang='grc' dir='ltr'>Κατασὴσεταιὼς</span> <span class='ocrx_word' id='word_1_383' title='bbox 1682 3132 1833 3195; x_wconf 81' lang='grc' dir='ltr'>ὑετὸς</span> <span class='ocrx_word' id='word_1_384' title='bbox 1859 3168 1901 3226; x_wconf 77' lang='lat' dir='ltr'><strong>C</strong></span> 
     </span>
    </p>
   </div>
   <div class='ocr_carea' id='block_1_50' title="bbox 261 3221 1825 3292">
    <p class='ocr_par' dir='ltr' id='par_1_50' title="bbox 261 3221 1825 3292">
     <span class='ocr_line' id='line_1_50' title="bbox 261 3221 1825 3292; baseline 0.006 -16"><span class='ocrx_word' id='word_1_385' title='bbox 261 3226 353 3277; x_wconf 72' lang='grc' dir='ltr'><strong>ιπι</strong></span> <span class='ocrx_word' id='word_1_386' title='bbox 382 3225 573 3286; x_wconf 72' lang='grc' dir='ltr'>πόκον,</span> <span class='ocrx_word' id='word_1_387' title='bbox 605 3225 697 3276; x_wconf 81' lang='grc' dir='ltr'><strong>καὶ</strong></span> <span class='ocrx_word' id='word_1_388' title='bbox 715 3224 787 3283; x_wconf 83' lang='grc' dir='ltr'>ὡς</span> <span class='ocrx_word' id='word_1_389' title='bbox 816 3223 848 3289; x_wconf 85' lang='grc' dir='ltr'><strong>ή</strong></span> <span class='ocrx_word' id='word_1_390' title='bbox 878 3221 1090 3289; x_wconf 86' lang='grc' dir='ltr'>σταγὼν</span> <span class='ocrx_word' id='word_1_391' title='bbox 1115 3223 1147 3291; x_wconf 76' lang='grc' dir='ltr'><strong>ἡ</strong></span> <span class='ocrx_word' id='word_1_392' title='bbox 1180 3221 1448 3284; x_wconf 68' lang='grc' dir='ltr'>στάζουσι</span> <span class='ocrx_word' id='word_1_393' title='bbox 1474 3221 1566 3274; x_wconf 75' lang='grc' dir='ltr'>ἐπὶ</span> <span class='ocrx_word' id='word_1_394' title='bbox 1586 3223 1684 3291; x_wconf 82' lang='grc' dir='ltr'>τῆς</span> <span class='ocrx_word' id='word_1_395' title='bbox 1703 3222 1825 3292; x_wconf 68' lang='grc' dir='ltr'><strong>γῆς.</strong></span> 
     </span>
    </p>
   </div>
   <div class='ocr_carea' id='block_1_51' title="bbox 274 3310 1830 3383">
    <p class='ocr_par' dir='ltr' id='par_1_51' title="bbox 274 3310 1830 3383">
     <span class='ocr_line' id='line_1_51' title="bbox 274 3310 1830 3383; baseline -0.001 -16"><span class='ocrx_word' id='word_1_396' title='bbox 274 3314 551 3367; x_wconf 76' lang='grc' dir='ltr'>Ἀνατελεῖ</span> <span class='ocrx_word' id='word_1_397' title='bbox 575 3315 647 3381; x_wconf 54' lang='grc' dir='ltr'><strong>ὲν,</strong></span> <span class='ocrx_word' id='word_1_398' title='bbox 675 3315 791 3373; x_wconf 81' lang='grc' dir='ltr'>ταῖς</span> <span class='ocrx_word' id='word_1_399' title='bbox 821 3312 1056 3381; x_wconf 83' lang='grc' dir='ltr'>ἡμέραις</span> <span class='ocrx_word' id='word_1_400' title='bbox 1103 3310 1268 3365; x_wconf 81' lang='grc' dir='ltr'>αὐτοῦ</span> <span class='ocrx_word' id='word_1_401' title='bbox 1317 3312 1686 3383; x_wconf 77' lang='grc' dir='ltr'>δικαιοσύνην,</span> <span class='ocrx_word' id='word_1_402' title='bbox 1736 3315 1830 3366; x_wconf 76' lang='grc' dir='ltr'><strong>καὶ</strong></span> 
     </span>
    </p>
   </div>
   <div class='ocr_carea' id='block_1_52' title="bbox 260 3398 1832 3475">
    <p class='ocr_par' dir='ltr' id='par_1_52' title="bbox 260 3398 1832 3475">
     <span class='ocr_line' id='line_1_52' title="bbox 260 3398 1832 3475; baseline 0.002 -19"><span class='ocrx_word' id='word_1_403' title='bbox 260 3408 467 3475; x_wconf 76' lang='grc' dir='ltr'>πλῆθος</span> <span class='ocrx_word' id='word_1_404' title='bbox 498 3406 741 3475; x_wconf 77' lang='grc' dir='ltr'>εἰρήνης,</span> <span class='ocrx_word' id='word_1_405' title='bbox 769 3406 871 3467; x_wconf 73' lang='grc' dir='ltr'><strong>ἕως</strong></span> <span class='ocrx_word' id='word_1_406' title='bbox 901 3398 963 3455; x_wconf 73' lang='grc' dir='ltr'>οὗ</span> <span class='ocrx_word' id='word_1_407' title='bbox 983 3402 1340 3474; x_wconf 78' lang='grc' dir='ltr'>ἀνταναιρεθῇ</span> <span class='ocrx_word' id='word_1_408' title='bbox 1367 3406 1399 3473; x_wconf 83' lang='grc' dir='ltr'><strong>ἡ</strong></span> <span class='ocrx_word' id='word_1_409' title='bbox 1435 3404 1653 3474; x_wconf 86' lang='grc' dir='ltr'>σελήνη.</span> <span class='ocrx_word' id='word_1_410' title='bbox 1678 3424 1696 3457; x_wconf 75' lang='grc' dir='ltr'><strong>ι</strong></span> <span class='ocrx_word' id='word_1_411' title='bbox 1723 3406 1832 3459; x_wconf 84' lang='grc' dir='ltr'><strong>[ῐά-</strong></span> 
     </span>
    </p>
   </div>
   <div class='ocr_carea' id='block_1_53' title="bbox 260 3495 1831 3566">
    <p class='ocr_par' dir='ltr' id='par_1_53' title="bbox 260 3495 1831 3566">
     <span class='ocr_line' id='line_1_53' title="bbox 260 3495 1831 3566; baseline 0.001 -18"><span class='ocrx_word' id='word_1_412' title='bbox 260 3499 341 3550; x_wconf 82' lang='grc' dir='ltr'><strong>λιν</strong></span> <span class='ocrx_word' id='word_1_413' title='bbox 371 3498 459 3559; x_wconf 89' lang='grc' dir='ltr'><strong>τίς</strong></span> <span class='ocrx_word' id='word_1_414' title='bbox 502 3496 705 3566; x_wconf 78' lang='grc' dir='ltr'>κατέϐη</span> <span class='ocrx_word' id='word_1_415' title='bbox 749 3496 823 3558; x_wconf 87' lang='grc' dir='ltr'><strong>ῶς</strong></span> <span class='ocrx_word' id='word_1_416' title='bbox 865 3496 1019 3559; x_wconf 78' lang='grc' dir='ltr'>ὑετὸς</span> <span class='ocrx_word' id='word_1_417' title='bbox 1061 3495 1153 3548; x_wconf 70' lang='grc' dir='ltr'>ἐπὶ</span> <span class='ocrx_word' id='word_1_418' title='bbox 1174 3495 1360 3560; x_wconf 85' lang='grc' dir='ltr'>πόκον,</span> <span class='ocrx_word' id='word_1_419' title='bbox 1391 3497 1667 3549; x_wconf 79' lang='grc' dir='ltr'>τουτέστιν</span> <span class='ocrx_word' id='word_1_420' title='bbox 1696 3496 1831 3565; x_wconf 84' lang='grc' dir='ltr'>ἡσύ-</span> 
     </span>
    </p>
   </div>
   <div class='ocr_carea' id='block_1_54' title="bbox 261 3585 1832 3657">
    <p class='ocr_par' dir='ltr' id='par_1_54' title="bbox 261 3585 1832 3657">
     <span class='ocr_line' id='line_1_54' title="bbox 261 3585 1832 3657; baseline 0.002 -18"><span class='ocrx_word' id='word_1_421' title='bbox 261 3606 370 3657; x_wconf 81' lang='grc' dir='ltr'><strong>χως</strong></span> <span class='ocrx_word' id='word_1_422' title='bbox 403 3588 498 3639; x_wconf 83' lang='grc' dir='ltr'><strong>καὶ</strong></span> <span class='ocrx_word' id='word_1_423' title='bbox 521 3588 829 3656; x_wconf 80' lang='grc' dir='ltr'>ἀταράχως,</span> <span class='ocrx_word' id='word_1_424' title='bbox 860 3587 952 3641; x_wconf 77' lang='grc' dir='ltr'>καὶ</span> <span class='ocrx_word' id='word_1_425' title='bbox 971 3586 1098 3640; x_wconf 78' lang='grc' dir='ltr'>ἄνευ</span> <span class='ocrx_word' id='word_1_426' title='bbox 1127 3585 1225 3655; x_wconf 85' lang='grc' dir='ltr'><strong>τῆς</strong></span> <span class='ocrx_word' id='word_1_427' title='bbox 1243 3585 1447 3649; x_wconf 80' lang='grc' dir='ltr'>οἰκείας</span> <span class='ocrx_word' id='word_1_428' title='bbox 1470 3587 1627 3651; x_wconf 78' lang='grc' dir='ltr'>ἀξίας</span> <span class='ocrx_word' id='word_1_429' title='bbox 1666 3589 1832 3642; x_wconf 79' lang='grc' dir='ltr'>αὐτοῦ</span> 
     </span>
    </p>
   </div>
   <div class='ocr_carea' id='block_1_55' title="bbox 262 3676 1834 3747">
    <p class='ocr_par' dir='ltr' id='par_1_55' title="bbox 262 3676 1834 3747">
     <span class='ocr_line' id='line_1_55' title="bbox 262 3676 1834 3747; baseline 0.001 -16"><span class='ocrx_word' id='word_1_430' title='bbox 262 3683 352 3731; x_wconf 76' lang='grc' dir='ltr'><strong>καὶ</strong></span> <span class='ocrx_word' id='word_1_431' title='bbox 387 3676 829 3747; x_wconf 82' lang='grc' dir='ltr'>μεγαλειότητος,</span> <span class='ocrx_word' id='word_1_432' title='bbox 869 3677 901 3746; x_wconf 78' lang='grc' dir='ltr'><strong>ἢ</strong></span> <span class='ocrx_word' id='word_1_433' title='bbox 931 3679 959 3729; x_wconf 89' lang='lat'><strong>6</strong></span> <span class='ocrx_word' id='word_1_434' title='bbox 979 3677 1232 3746; x_wconf 75' lang='grc' dir='ltr'>Χριστὸς,</span> <span class='ocrx_word' id='word_1_435' title='bbox 1265 3677 1322 3740; x_wconf 82' lang='grc' dir='ltr'>ὃς</span> <span class='ocrx_word' id='word_1_436' title='bbox 1342 3677 1608 3747; x_wconf 84' lang='grc' dir='ltr'>κατῆλθεν</span> <span class='ocrx_word' id='word_1_437' title='bbox 1658 3680 1718 3742; x_wconf 77' lang='grc' dir='ltr'><strong>ἐξ</strong></span> <span class='ocrx_word' id='word_1_438' title='bbox 1744 3682 1834 3732; x_wconf 81' lang='grc' dir='ltr'><strong>οὐ·</strong></span> 
     </span>
    </p>
   </div>
   <div class='ocr_carea' id='block_1_56' title="bbox 267 3768 1833 3839">
    <p class='ocr_par' dir='ltr' id='par_1_56' title="bbox 267 3768 1833 3839">
     <span class='ocr_line' id='line_1_56' title="bbox 267 3768 1833 3839; baseline 0.001 -19"><span class='ocrx_word' id='word_1_439' title='bbox 267 3768 433 3838; x_wconf 87' lang='grc' dir='ltr'>ρανοῦ</span> <span class='ocrx_word' id='word_1_440' title='bbox 460 3770 519 3821; x_wconf 82' lang='grc' dir='ltr'>ὲν</span> <span class='ocrx_word' id='word_1_441' title='bbox 549 3771 615 3839; x_wconf 78' lang='grc' dir='ltr'>τῇ</span> <span class='ocrx_word' id='word_1_442' title='bbox 642 3768 772 3838; x_wconf 76' lang='grc' dir='ltr'>ἁγίᾳ</span> <span class='ocrx_word' id='word_1_443' title='bbox 809 3768 1089 3837; x_wconf 82' lang='grc' dir='ltr'>Παρθένῳ,</span> <span class='ocrx_word' id='word_1_444' title='bbox 1143 3768 1237 3821; x_wconf 78' lang='grc' dir='ltr'>καὶ</span> <span class='ocrx_word' id='word_1_445' title='bbox 1265 3768 1601 3822; x_wconf 78' lang='grc' dir='ltr'>συλλαϐοῦσα</span> <span class='ocrx_word' id='word_1_446' title='bbox 1647 3770 1833 3822; x_wconf 79' lang='grc' dir='ltr'>ἔτεκεν</span> 
     </span>
    </p>
   </div>
   <div class='ocr_carea' id='block_1_57' title="bbox 262 3858 1833 3929">
    <p class='ocr_par' dir='ltr' id='par_1_57' title="bbox 262 3858 1833 3929">
     <span class='ocr_line' id='line_1_57' title="bbox 262 3858 1833 3929; baseline 0.003 -18"><span class='ocrx_word' id='word_1_447' title='bbox 262 3860 428 3912; x_wconf 78' lang='grc' dir='ltr'>αὐτὸν</span> <span class='ocrx_word' id='word_1_448' title='bbox 451 3862 507 3912; x_wconf 79' lang='grc' dir='ltr'><strong>έν</strong></span> <span class='ocrx_word' id='word_1_449' title='bbox 538 3861 767 3929; x_wconf 80' lang='grc' dir='ltr'>πενιχρᾷ</span> <span class='ocrx_word' id='word_1_450' title='bbox 825 3860 1001 3929; x_wconf 76' lang='grc' dir='ltr'>φάτνῃ</span> <span class='ocrx_word' id='word_1_451' title='bbox 1036 3859 1129 3911; x_wconf 78' lang='grc' dir='ltr'><strong>καὶ</strong></span> <span class='ocrx_word' id='word_1_452' title='bbox 1163 3858 1406 3929; x_wconf 80' lang='grc' dir='ltr'>σπηλαίῳ</span> <span class='ocrx_word' id='word_1_453' title='bbox 1448 3860 1724 3929; x_wconf 80' lang='grc' dir='ltr'>ταπεινῷς</span> <span class='ocrx_word' id='word_1_454' title='bbox 1758 3863 1833 3915; x_wconf 82' lang='grc' dir='ltr'><strong>Οὐ</strong></span> 
     </span>
    </p>
   </div>
   <div class='ocr_carea' id='block_1_58' title="bbox 262 3948 1832 4025">
    <p class='ocr_par' dir='ltr' id='par_1_58' title="bbox 262 3948 1832 4025">
     <span class='ocr_line' id='line_1_58' title="bbox 262 3948 1832 4025; baseline 0.003 -22"><span class='ocrx_word' id='word_1_455' title='bbox 262 3953 375 4021; x_wconf 73' lang='grc' dir='ltr'><strong>γὰρ</strong></span> <span class='ocrx_word' id='word_1_456' title='bbox 414 3948 580 4021; x_wconf 79' lang='grc' dir='ltr'>ἦλθεν</span> <span class='ocrx_word' id='word_1_457' title='bbox 603 3951 688 4003; x_wconf 75' lang='grc' dir='ltr'><strong>ἵνα</strong></span> <span class='ocrx_word' id='word_1_458' title='bbox 719 3949 878 4020; x_wconf 84' lang='grc' dir='ltr'>κρίνῃ</span> <span class='ocrx_word' id='word_1_459' title='bbox 906 3954 997 4003; x_wconf 71' lang='grc' dir='ltr'>τὸν</span> <span class='ocrx_word' id='word_1_460' title='bbox 1041 3950 1268 4018; x_wconf 82' lang='grc' dir='ltr'>κόσμον,</span> <span class='ocrx_word' id='word_1_461' title='bbox 1299 3950 1415 4004; x_wconf 83' lang='grc' dir='ltr'>ἀλλ’</span> <span class='ocrx_word' id='word_1_462' title='bbox 1453 3952 1540 4005; x_wconf 73' lang='grc' dir='ltr'>ἵνα</span> <span class='ocrx_word' id='word_1_463' title='bbox 1570 3954 1723 4025; x_wconf 81' lang='grc' dir='ltr'><strong>σώσῃ</strong></span> <span class='ocrx_word' id='word_1_464' title='bbox 1741 3955 1832 4007; x_wconf 82' lang='grc' dir='ltr'>τὸν</span> 
     </span>
    </p>
   </div>
   <div class='ocr_carea' id='block_1_59' title="bbox 264 4039 1832 4111">
    <p class='ocr_par' dir='ltr' id='par_1_59' title="bbox 264 4039 1832 4111">
     <span class='ocr_line' id='line_1_59' title="bbox 264 4039 1832 4111; baseline 0.001 -17"><span class='ocrx_word' id='word_1_465' title='bbox 264 4043 491 4111; x_wconf 79' lang='grc' dir='ltr'>κόσμον.</span> <span class='ocrx_word' id='word_1_466' title='bbox 526 4041 696 4095; x_wconf 85' lang='grc' dir='ltr'>Ὀταν</span> <span class='ocrx_word' id='word_1_467' title='bbox 721 4041 776 4093; x_wconf 85' lang='grc' dir='ltr'><strong>δὲ</strong></span> <span class='ocrx_word' id='word_1_468' title='bbox 805 4039 931 4109; x_wconf 76' lang='grc' dir='ltr'>ἔλθῃ</span> <span class='ocrx_word' id='word_1_469' title='bbox 962 4042 1142 4108; x_wconf 86' lang='grc' dir='ltr'>κρῖναι</span> <span class='ocrx_word' id='word_1_470' title='bbox 1189 4039 1288 4110; x_wconf 80' lang='grc' dir='ltr'>τὴν</span> <span class='ocrx_word' id='word_1_471' title='bbox 1335 4041 1678 4110; x_wconf 88' lang='grc' dir='ltr'>οίκουμένην,</span> <span class='ocrx_word' id='word_1_472' title='bbox 1712 4043 1832 4095; x_wconf 82' lang='grc' dir='ltr'>τότε</span> 
     </span>
    </p>
   </div>
   <div class='ocr_carea' id='block_1_60' title="bbox 266 4128 1833 4202">
    <p class='ocr_par' dir='ltr' id='par_1_60' title="bbox 266 4128 1833 4202">
     <span class='ocr_line' id='line_1_60' title="bbox 266 4128 1833 4202; baseline 0.002 -19"><span class='ocrx_word' id='word_1_473' title='bbox 266 4132 453 4199; x_wconf 79' lang='grc' dir='ltr'>μέλλει</span> <span class='ocrx_word' id='word_1_474' title='bbox 479 4131 712 4200; x_wconf 75' lang='grc' dir='ltr'>φανῆναι</span> <span class='ocrx_word' id='word_1_475' title='bbox 744 4132 800 4182; x_wconf 86' lang='grc' dir='ltr'>ὲν</span> <span class='ocrx_word' id='word_1_476' title='bbox 840 4133 905 4200; x_wconf 79' lang='grc' dir='ltr'>τῇ</span> <span class='ocrx_word' id='word_1_477' title='bbox 941 4129 1065 4202; x_wconf 82' lang='grc' dir='ltr'>δόξῃ</span> <span class='ocrx_word' id='word_1_478' title='bbox 1111 4128 1205 4181; x_wconf 82' lang='grc' dir='ltr'>τοῦ</span> <span class='ocrx_word' id='word_1_479' title='bbox 1244 4131 1453 4197; x_wconf 75' lang='grc' dir='ltr'>Πατρὸς</span> <span class='ocrx_word' id='word_1_480' title='bbox 1487 4132 1651 4185; x_wconf 81' lang='grc' dir='ltr'>αὑτοῦ</span> <span class='ocrx_word' id='word_1_481' title='bbox 1696 4134 1833 4201; x_wconf 83' lang='grc' dir='ltr'>μετὰ</span> 
     </span>
    </p>
   </div>
   <div class='ocr_carea' id='block_1_61' title="bbox 263 4222 1834 4291">
    <p class='ocr_par' dir='ltr' id='par_1_61' title="bbox 263 4222 1834 4291">
     <span class='ocr_line' id='line_1_61' title="bbox 263 4222 1834 4291; baseline 0.002 -16"><span class='ocrx_word' id='word_1_482' title='bbox 263 4227 488 4277; x_wconf 75' lang='grc' dir='ltr'>πάντων</span> <span class='ocrx_word' id='word_1_483' title='bbox 515 4224 627 4277; x_wconf 83' lang='grc' dir='ltr'><strong>τῶν</strong></span> <span class='ocrx_word' id='word_1_484' title='bbox 660 4224 901 4290; x_wconf 82' lang='grc' dir='ltr'>ἀγγέλων</span> <span class='ocrx_word' id='word_1_485' title='bbox 923 4264 940 4289; x_wconf 89' lang='grc'><strong>,</strong></span> <span class='ocrx_word' id='word_1_486' title='bbox 978 4222 1160 4284; x_wconf 82' lang='grc' dir='ltr'>καθὼς</span> <span class='ocrx_word' id='word_1_487' title='bbox 1189 4224 1283 4276; x_wconf 78' lang='grc' dir='ltr'>καὶ</span> <span class='ocrx_word' id='word_1_488' title='bbox 1331 4224 1491 4286; x_wconf 82' lang='grc' dir='ltr'>αὐτὸς</span> <span class='ocrx_word' id='word_1_489' title='bbox 1532 4226 1559 4276; x_wconf 95' lang='lat'><strong>6</strong></span> <span class='ocrx_word' id='word_1_490' title='bbox 1600 4226 1834 4291; x_wconf 81' lang='grc' dir='ltr'>Χριστὸς</span> 
     </span>
    </p>
   </div>
   <div class='ocr_carea' id='block_1_62' title="bbox 261 4304 1834 4381">
    <p class='ocr_par' dir='ltr' id='par_1_62' title="bbox 261 4304 1834 4381">
     <span class='ocr_line' id='line_1_62' title="bbox 261 4304 1834 4381; baseline 0 -17"><span class='ocrx_word' id='word_1_491' title='bbox 261 4312 471 4380; x_wconf 70' lang='grc' dir='ltr'>ἔφησεν</span> <span class='ocrx_word' id='word_1_492' title='bbox 494 4312 555 4363; x_wconf 79' lang='grc' dir='ltr'>ὲν</span> <span class='ocrx_word' id='word_1_493' title='bbox 584 4310 659 4376; x_wconf 87' lang='grc' dir='ltr'><strong>τῷ</strong></span> <span class='ocrx_word' id='word_1_494' title='bbox 696 4308 1027 4377; x_wconf 83' lang='grc' dir='ltr'>Εὑαγγελίῳ,</span> <span class='ocrx_word' id='word_1_495' title='bbox 1062 4310 1143 4361; x_wconf 84' lang='grc' dir='ltr'>ὃτι</span> <span class='ocrx_word' id='word_1_496' title='bbox 1184 4326 1202 4360; x_wconf 79' lang='grc' dir='ltr'><strong>ι</strong></span> <span class='ocrx_word' id='word_1_497' title='bbox 1237 4310 1348 4361; x_wconf 81' lang='grc' dir='ltr'><strong>Οὐκ</strong></span> <span class='ocrx_word' id='word_1_498' title='bbox 1371 4304 1531 4378; x_wconf 85' lang='grc' dir='ltr'>ἦλθον</span> <span class='ocrx_word' id='word_1_499' title='bbox 1556 4312 1641 4363; x_wconf 87' lang='grc' dir='ltr'><strong>ἴνα</strong></span> <span class='ocrx_word' id='word_1_500' title='bbox 1664 4312 1834 4381; x_wconf 86' lang='grc' dir='ltr'>κρίνω</span> 
     </span>
    </p>
   </div>
   <div class='ocr_carea' id='block_1_63' title="bbox 262 4399 1837 4472">
    <p class='ocr_par' dir='ltr' id='par_1_63' title="bbox 262 4399 1837 4472">
     <span class='ocr_line' id='line_1_63' title="bbox 262 4399 1837 4472; baseline 0 -17"><span class='ocrx_word' id='word_1_501' title='bbox 262 4403 358 4455; x_wconf 75' lang='grc' dir='ltr'><strong>τὸν</strong></span> <span class='ocrx_word' id='word_1_502' title='bbox 382 4402 615 4472; x_wconf 79' lang='grc' dir='ltr'>κόσμον,</span> <span class='ocrx_word' id='word_1_503' title='bbox 651 4399 765 4452; x_wconf 84' lang='grc' dir='ltr'>ἀλλ’</span> <span class='ocrx_word' id='word_1_504' title='bbox 795 4401 878 4452; x_wconf 82' lang='grc' dir='ltr'>ἵνα</span> <span class='ocrx_word' id='word_1_505' title='bbox 899 4399 1057 4452; x_wconf 85' lang='grc' dir='ltr'>σώσω</span> <span class='ocrx_word' id='word_1_506' title='bbox 1082 4400 1172 4453; x_wconf 85' lang='grc' dir='ltr'><strong>τὸν</strong></span> <span class='ocrx_word' id='word_1_507' title='bbox 1202 4401 1427 4469; x_wconf 85' lang='grc' dir='ltr'>κόσμον.</span> <span class='ocrx_word' id='word_1_508' title='bbox 1467 4420 1485 4452; x_wconf 74' lang='grc' dir='ltr'>ι</span> <span class='ocrx_word' id='word_1_509' title='bbox 1520 4418 1539 4453; x_wconf 82' lang='lat' dir='ltr'><strong>t</strong></span> <span class='ocrx_word' id='word_1_510' title='bbox 1563 4403 1837 4456; x_wconf 80' lang='grc' dir='ltr'>Ἀνατελεϊ</span> 
     </span>
    </p>
   </div>
   <div class='ocr_carea' id='block_1_64' title="bbox 1931 1945 3493 2019">
    <p class='ocr_par' dir='ltr' id='par_1_64' title="bbox 1931 1945 3493 2019">
     <span class='ocr_line' id='line_1_64' title="bbox 1931 1945 3493 2019; baseline 0.006 -21"><span class='ocrx_word' id='word_1_511' title='bbox 1931 1945 2212 1999; x_wconf 87' lang='lat' dir='ltr'><strong>hominum</strong></span> <span class='ocrx_word' id='word_1_512' title='bbox 2251 1946 2356 2000; x_wconf 89' lang='lat' dir='ltr'><strong>hoc</strong></span> <span class='ocrx_word' id='word_1_513' title='bbox 2384 1956 2697 2015; x_wconf 89' lang='lat' dir='ltr'><strong>competere</strong></span> <span class='ocrx_word' id='word_1_514' title='bbox 2732 1956 2933 2019; x_wconf 87' lang='lat' dir='ltr'><strong>potest,</strong></span> <span class='ocrx_word' id='word_1_515' title='bbox 2971 1959 3031 2003; x_wconf 93' lang='lat' dir='ltr'><strong>ut</strong></span> <span class='ocrx_word' id='word_1_516' title='bbox 3059 1962 3185 2006; x_wconf 88' lang='lat' dir='ltr'><strong>ante</strong></span> <span class='ocrx_word' id='word_1_517' title='bbox 3219 1952 3403 2007; x_wconf 85' lang='lat' dir='ltr'><strong>lunam</strong></span> <span class='ocrx_word' id='word_1_518' title='bbox 3437 1954 3493 2007; x_wconf 89' lang='lat' dir='ltr'><strong>in</strong></span> 
     </span>
    </p>
   </div>
   <div class='ocr_carea' id='block_1_65' title="bbox 1925 2034 3496 2109">
    <p class='ocr_par' dir='ltr' id='par_1_65' title="bbox 1925 2034 3496 2109">
     <span class='ocr_line' id='line_1_65' title="bbox 1925 2034 3496 2109; baseline 0.007 -22"><span class='ocrx_word' id='word_1_519' title='bbox 1925 2034 2308 2103; x_wconf 81' lang='lat' dir='ltr'><strong>generationes</strong></span> <span class='ocrx_word' id='word_1_520' title='bbox 2340 2037 2750 2105; x_wconf 82' lang='lat' dir='ltr'><strong>generationum</strong></span> <span class='ocrx_word' id='word_1_521' title='bbox 2785 2054 2907 2093; x_wconf 88' lang='lat' dir='ltr'><strong>esse</strong></span> <span class='ocrx_word' id='word_1_522' title='bbox 2953 2039 3060 2093; x_wconf 89' lang='lat' dir='ltr'><strong>dici</strong></span> <span class='ocrx_word' id='word_1_523' title='bbox 3106 2042 3314 2109; x_wconf 88' lang='lat' dir='ltr'><strong>possit,</strong></span> <span class='ocrx_word' id='word_1_524' title='bbox 3346 2053 3403 2097; x_wconf 91' lang='lat' dir='ltr'><strong>et</strong></span> <span class='ocrx_word' id='word_1_525' title='bbox 3437 2059 3496 2098; x_wconf 87' lang='lat' dir='ltr'><strong>ut</strong></span> 
     </span>
    </p>
   </div>
   <div class='ocr_carea' id='block_1_66' title="bbox 1927 2126 3493 2198">
    <p class='ocr_par' dir='ltr' id='par_1_66' title="bbox 1927 2126 3493 2198">
     <span class='ocr_line' id='line_1_66' title="bbox 1927 2126 3493 2198; baseline 0.005 -19"><span class='ocrx_word' id='word_1_526' title='bbox 1927 2141 2050 2179; x_wconf 91' lang='lat' dir='ltr'><strong>cum</strong></span> <span class='ocrx_word' id='word_1_527' title='bbox 2084 2126 2198 2181; x_wconf 91' lang='lat' dir='ltr'><strong>sole</strong></span> <span class='ocrx_word' id='word_1_528' title='bbox 2223 2129 2639 2182; x_wconf 87' lang='lat' dir='ltr'><strong>commoretur?</strong></span> <span class='ocrx_word' id='word_1_529' title='bbox 2668 2128 2724 2181; x_wconf 86' lang='lat' dir='ltr'><strong>In</strong></span> <span class='ocrx_word' id='word_1_530' title='bbox 2752 2129 2961 2184; x_wconf 89' lang='lat' dir='ltr'><strong>nullum</strong></span> <span class='ocrx_word' id='word_1_531' title='bbox 2992 2140 3140 2186; x_wconf 88' lang='lat' dir='ltr'><strong>certe</strong></span> <span class='ocrx_word' id='word_1_532' title='bbox 3169 2132 3360 2198; x_wconf 90' lang='lat' dir='ltr'><strong>alium,</strong></span> <span class='ocrx_word' id='word_1_533' title='bbox 3394 2136 3493 2190; x_wconf 84' lang='lat' dir='ltr'><strong>sed</strong></span> 
     </span>
    </p>
   </div>
   <div class='ocr_carea' id='block_1_67' title="bbox 1929 2217 3496 2291">
    <p class='ocr_par' dir='ltr' id='par_1_67' title="bbox 1929 2217 3496 2291">
     <span class='ocr_line' id='line_1_67' title="bbox 1929 2217 3496 2291; baseline 0.007 -23"><span class='ocrx_word' id='word_1_534' title='bbox 1929 2231 2120 2270; x_wconf 86' lang='lat' dir='ltr'><strong>revera</strong></span> <span class='ocrx_word' id='word_1_535' title='bbox 2186 2217 2238 2270; x_wconf 86' lang='lat' dir='ltr'><strong>in</strong></span> <span class='ocrx_word' id='word_1_536' title='bbox 2303 2218 2481 2273; x_wconf 91' lang='lat' dir='ltr'><strong>solum</strong></span> <span class='ocrx_word' id='word_1_537' title='bbox 2537 2218 2828 2287; x_wconf 90' lang='lat' dir='ltr'><strong>ipsumque</strong></span> <span class='ocrx_word' id='word_1_538' title='bbox 2879 2218 3159 2275; x_wconf 89' lang='lat' dir='ltr'><strong>Christum</strong></span> <span class='ocrx_word' id='word_1_539' title='bbox 3208 2223 3496 2291; x_wconf 82' lang='lat' dir='ltr'><strong>prephetia</strong></span> 
     </span>
    </p>
   </div>
   <div class='ocr_carea' id='block_1_68' title="bbox 1927 2308 3498 2385">
    <p class='ocr_par' dir='ltr' id='par_1_68' title="bbox 1927 2308 3498 2385">
     <span class='ocr_line' id='line_1_68' title="bbox 1927 2308 3498 2385; baseline 0.007 -26"><span class='ocrx_word' id='word_1_540' title='bbox 1927 2308 2177 2375; x_wconf 84' lang='lat' dir='ltr'><strong>quadrat.</strong></span> <span class='ocrx_word' id='word_1_541' title='bbox 2218 2309 2352 2361; x_wconf 89' lang='lat' dir='ltr'><strong>Cum</strong></span> <span class='ocrx_word' id='word_1_542' title='bbox 2387 2310 2536 2363; x_wconf 90' lang='lat' dir='ltr'><strong>enim</strong></span> <span class='ocrx_word' id='word_1_543' title='bbox 2575 2308 2753 2372; x_wconf 87' lang='lat' dir='ltr'><strong>dicit,</strong></span> <span class='ocrx_word' id='word_1_544' title='bbox 2802 2310 2947 2377; x_wconf 89' lang='lat' dir='ltr'><strong>quod</strong></span> <span class='ocrx_word' id='word_1_545' title='bbox 2979 2312 3191 2381; x_wconf 89' lang='lat' dir='ltr'><strong>judicet</strong></span> <span class='ocrx_word' id='word_1_546' title='bbox 3230 2330 3498 2385; x_wconf 85' lang='lat' dir='ltr'><strong>pauperes</strong></span> 
     </span>
    </p>
   </div>
   <div class='ocr_carea' id='block_1_69' title="bbox 1930 2397 3497 2469">
    <p class='ocr_par' dir='ltr' id='par_1_69' title="bbox 1930 2397 3497 2469">
     <span class='ocr_line' id='line_1_69' title="bbox 1930 2397 3497 2469; baseline 0.008 -20"><span class='ocrx_word' id='word_1_547' title='bbox 1930 2398 2153 2466; x_wconf 83' lang='lat' dir='ltr'><strong>populi,</strong></span> <span class='ocrx_word' id='word_1_548' title='bbox 2187 2407 2241 2452; x_wconf 92' lang='lat' dir='ltr'><strong>et</strong></span> <span class='ocrx_word' id='word_1_549' title='bbox 2270 2400 2444 2454; x_wconf 84' lang='lat' dir='ltr'><strong>salvet</strong></span> <span class='ocrx_word' id='word_1_550' title='bbox 2472 2397 2614 2454; x_wconf 85' lang='lat' dir='ltr'><strong>filios</strong></span> <span class='ocrx_word' id='word_1_551' title='bbox 2647 2398 2872 2469; x_wconf 89' lang='lat' dir='ltr'><strong>inopum</strong></span> <span class='ocrx_word' id='word_1_552' title='bbox 2906 2440 2920 2465; x_wconf 90' lang='lat'><strong>,</strong></span> <span class='ocrx_word' id='word_1_553' title='bbox 2975 2411 3032 2456; x_wconf 90' lang='lat' dir='ltr'><strong>et</strong></span> <span class='ocrx_word' id='word_1_554' title='bbox 3072 2404 3497 2461; x_wconf 79' lang='lat' dir='ltr'><strong>calumniatores</strong></span> 
     </span>
    </p>
   </div>
   <div class='ocr_carea' id='block_1_70' title="bbox 1932 2490 3497 2564">
    <p class='ocr_par' dir='ltr' id='par_1_70' title="bbox 1932 2490 3497 2564">
     <span class='ocr_line' id='line_1_70' title="bbox 1932 2490 3497 2564; baseline 0.006 -23"><span class='ocrx_word' id='word_1_555' title='bbox 1932 2490 2207 2556; x_wconf 89' lang='lat' dir='ltr'><strong>humiliet,</strong></span> <span class='ocrx_word' id='word_1_556' title='bbox 2238 2490 2384 2544; x_wconf 89' lang='lat' dir='ltr'><strong>illius</strong></span> <span class='ocrx_word' id='word_1_557' title='bbox 2414 2490 2660 2545; x_wconf 85' lang='lat' dir='ltr'><strong>ostendit</strong></span> <span class='ocrx_word' id='word_1_558' title='bbox 2686 2491 2981 2561; x_wconf 84' lang='lat' dir='ltr'><strong>justitiam,</strong></span> <span class='ocrx_word' id='word_1_559' title='bbox 3008 2494 3411 2564; x_wconf 84' lang='lat' dir='ltr'><strong>fortitudinem,</strong></span> <span class='ocrx_word' id='word_1_560' title='bbox 3441 2510 3497 2550; x_wconf 79' lang='lat' dir='ltr'><strong>et</strong></span> 
     </span>
    </p>
   </div>
   <div class='ocr_carea' id='block_1_71' title="bbox 1933 2582 3494 2653">
    <p class='ocr_par' dir='ltr' id='par_1_71' title="bbox 1933 2582 3494 2653">
     <span class='ocr_line' id='line_1_71' title="bbox 1933 2582 3494 2653; baseline 0.007 -20"><span class='ocrx_word' id='word_1_561' title='bbox 1933 2594 2121 2634; x_wconf 89' lang='lat' dir='ltr'><strong>curam</strong></span> <span class='ocrx_word' id='word_1_562' title='bbox 2152 2596 2258 2650; x_wconf 86' lang='lat' dir='ltr'><strong>qua</strong></span> <span class='ocrx_word' id='word_1_563' title='bbox 2298 2597 2426 2652; x_wconf 88' lang='lat' dir='ltr'><strong>erga</strong></span> <span class='ocrx_word' id='word_1_564' title='bbox 2470 2582 2726 2637; x_wconf 90' lang='lat' dir='ltr'><strong>homines</strong></span> <span class='ocrx_word' id='word_1_565' title='bbox 2766 2584 2960 2637; x_wconf 90' lang='lat' dir='ltr'><strong>utitur.</strong></span> <span class='ocrx_word' id='word_1_566' title='bbox 2998 2583 3137 2640; x_wconf 87' lang='lat' dir='ltr'><strong>Cum</strong></span> <span class='ocrx_word' id='word_1_567' title='bbox 3178 2600 3308 2640; x_wconf 89' lang='lat' dir='ltr'><strong>vero</strong></span> <span class='ocrx_word' id='word_1_568' title='bbox 3338 2587 3494 2653; x_wconf 87' lang='lat' dir='ltr'><strong>dicit,</strong></span> 
     </span>
    </p>
   </div>
   <div class='ocr_carea' id='block_1_72' title="bbox 1931 2671 3498 2743">
    <p class='ocr_par' dir='ltr' id='par_1_72' title="bbox 1931 2671 3498 2743">
     <span class='ocr_line' id='line_1_72' title="bbox 1931 2671 3498 2743; baseline 0.006 -20"><span class='ocrx_word' id='word_1_569' title='bbox 1931 2671 2077 2741; x_wconf 90' lang='lat' dir='ltr'><strong>quod</strong></span> <span class='ocrx_word' id='word_1_570' title='bbox 2105 2680 2234 2726; x_wconf 87' lang='lat' dir='ltr'><strong>ante</strong></span> <span class='ocrx_word' id='word_1_571' title='bbox 2266 2673 2439 2725; x_wconf 89' lang='lat' dir='ltr'><strong>solem</strong></span> <span class='ocrx_word' id='word_1_572' title='bbox 2470 2682 2791 2740; x_wconf 85' lang='lat' dir='ltr'><strong>permaneat</strong></span> <span class='ocrx_word' id='word_1_573' title='bbox 2842 2688 3043 2728; x_wconf 89' lang='lat' dir='ltr'><strong>nomen</strong></span> <span class='ocrx_word' id='word_1_574' title='bbox 3077 2675 3200 2743; x_wconf 86' lang='lat' dir='ltr'><strong>ejus</strong></span> <span class='ocrx_word' id='word_1_575' title='bbox 3222 2716 3238 2742; x_wconf 90' lang='lat'><strong>,</strong></span> <span class='ocrx_word' id='word_1_576' title='bbox 3284 2687 3340 2731; x_wconf 88' lang='lat' dir='ltr'><strong>et</strong></span> <span class='ocrx_word' id='word_1_577' title='bbox 3371 2690 3498 2731; x_wconf 85' lang='lat' dir='ltr'><strong>ante</strong></span> 
     </span>
    </p>
   </div>
   <div class='ocr_carea' id='block_1_73' title="bbox 1933 2762 3501 2833">
    <p class='ocr_par' dir='ltr' id='par_1_73' title="bbox 1933 2762 3501 2833">
     <span class='ocr_line' id='line_1_73' title="bbox 1933 2762 3501 2833; baseline 0.003 -17"><span class='ocrx_word' id='word_1_578' title='bbox 1933 2762 2120 2816; x_wconf 90' lang='lat' dir='ltr'><strong>lunam</strong></span> <span class='ocrx_word' id='word_1_579' title='bbox 2161 2762 2216 2815; x_wconf 90' lang='lat' dir='ltr'><strong>in</strong></span> <span class='ocrx_word' id='word_1_580' title='bbox 2248 2762 2631 2830; x_wconf 82' lang='lat' dir='ltr'><strong>generationes</strong></span> <span class='ocrx_word' id='word_1_581' title='bbox 2665 2764 3079 2833; x_wconf 89' lang='lat' dir='ltr'><strong>generationum</strong></span> <span class='ocrx_word' id='word_1_582' title='bbox 3102 2804 3117 2828; x_wconf 89' lang='lat'><strong>,</strong></span> <span class='ocrx_word' id='word_1_583' title='bbox 3166 2766 3314 2822; x_wconf 88' lang='lat' dir='ltr'><strong>illius</strong></span> <span class='ocrx_word' id='word_1_584' title='bbox 3336 2779 3501 2823; x_wconf 67' lang='lat' dir='ltr'><strong>teter-</strong></span> 
     </span>
    </p>
   </div>
   <div class='ocr_carea' id='block_1_74' title="bbox 1934 2854 3497 2928">
    <p class='ocr_par' dir='ltr' id='par_1_74' title="bbox 1934 2854 3497 2928">
     <span class='ocr_line' id='line_1_74' title="bbox 1934 2854 3497 2928; baseline 0.004 -20"><span class='ocrx_word' id='word_1_585' title='bbox 1934 2854 2163 2909; x_wconf 90' lang='lat' dir='ltr'><strong>nitatem</strong></span> <span class='ocrx_word' id='word_1_586' title='bbox 2211 2854 2484 2923; x_wconf 89' lang='lat' dir='ltr'><strong>principio</strong></span> <span class='ocrx_word' id='word_1_587' title='bbox 2534 2863 2814 2909; x_wconf 86' lang='lat' dir='ltr'><strong>carentem</strong></span> <span class='ocrx_word' id='word_1_588' title='bbox 2869 2854 3100 2910; x_wconf 90' lang='lat' dir='ltr'><strong>indicat.</strong></span> <span class='ocrx_word' id='word_1_589' title='bbox 3144 2857 3209 2910; x_wconf 87' lang='lat' dir='ltr'><strong>Et</strong></span> <span class='ocrx_word' id='word_1_590' title='bbox 3249 2872 3316 2912; x_wconf 94' lang='lat' dir='ltr'><strong>eo</strong></span> <span class='ocrx_word' id='word_1_591' title='bbox 3350 2860 3497 2928; x_wconf 90' lang='lat' dir='ltr'><strong>quod</strong></span> 
     </span>
    </p>
   </div>
   <div class='ocr_carea' id='block_1_75' title="bbox 1934 2945 3500 3011">
    <p class='ocr_par' dir='ltr' id='par_1_75' title="bbox 1934 2945 3500 3011">
     <span class='ocr_line' id='line_1_75' title="bbox 1934 2945 3500 3011; baseline 0.003 -11"><span class='ocrx_word' id='word_1_592' title='bbox 1934 2946 2073 3000; x_wconf 76' lang='lat' dir='ltr'><strong>dixit</strong></span> <span class='ocrx_word' id='word_1_593' title='bbox 2106 2963 2119 2998; x_wconf 90' lang='lat'><strong>:</strong></span> <span class='ocrx_word' id='word_1_594' title='bbox 2164 2964 2182 2997; x_wconf 85' lang='grc'><strong><em>‹</em></strong></span> <span class='ocrx_word' id='word_1_595' title='bbox 2226 2945 2673 3000; x_wconf 89' lang='lat' dir='ltr'><strong>Commorabitur</strong></span> <span class='ocrx_word' id='word_1_596' title='bbox 2705 2946 2964 3001; x_wconf 88' lang='lat' dir='ltr'><strong>cumsole</strong></span> <span class='ocrx_word' id='word_1_597' title='bbox 2989 2966 3062 3011; x_wconf 81' lang='grc'>,,›</span> <span class='ocrx_word' id='word_1_598' title='bbox 3105 2948 3253 3004; x_wconf 89' lang='lat' dir='ltr'><strong>illius</strong></span> <span class='ocrx_word' id='word_1_599' title='bbox 3279 2953 3500 3004; x_wconf 69' lang='lat' dir='ltr'><strong>aeterni-</strong></span> 
     </span>
    </p>
   </div>
   <div class='ocr_carea' id='block_1_76' title="bbox 1938 3036 3500 3105">
    <p class='ocr_par' dir='ltr' id='par_1_76' title="bbox 1938 3036 3500 3105">
     <span class='ocr_line' id='line_1_76' title="bbox 1938 3036 3500 3105; baseline 0.003 -13"><span class='ocrx_word' id='word_1_600' title='bbox 1938 3046 2105 3092; x_wconf 90' lang='lat' dir='ltr'><strong>tatem</strong></span> <span class='ocrx_word' id='word_1_601' title='bbox 2133 3038 2241 3092; x_wconf 84' lang='lat' dir='ltr'><strong>llne</strong></span> <span class='ocrx_word' id='word_1_602' title='bbox 2272 3046 2552 3092; x_wconf 85' lang='lat' dir='ltr'><strong>carentem</strong></span> <span class='ocrx_word' id='word_1_603' title='bbox 2585 3036 2886 3091; x_wconf 76' lang='lat' dir='ltr'><strong>denotavit.</strong></span> <span class='ocrx_word' id='word_1_604' title='bbox 2928 3039 3083 3105; x_wconf 84' lang='lat' dir='ltr'><strong>Item,</strong></span> <span class='ocrx_word' id='word_1_605' title='bbox 3131 3058 3150 3092; x_wconf 76' lang='grc' dir='ltr'><strong>ι</strong></span> <span class='ocrx_word' id='word_1_606' title='bbox 3195 3042 3500 3097; x_wconf 87' lang='lat' dir='ltr'><strong>Descendet</strong></span> 
     </span>
    </p>
   </div>
   <div class='ocr_carea' id='block_1_77' title="bbox 1935 3129 3501 3200">
    <p class='ocr_par' dir='ltr' id='par_1_77' title="bbox 1935 3129 3501 3200">
     <span class='ocr_line' id='line_1_77' title="bbox 1935 3129 3501 3200; baseline 0.004 -18"><span class='ocrx_word' id='word_1_607' title='bbox 1935 3130 2103 3184; x_wconf 76' lang='lat' dir='ltr'><strong>veluti</strong></span> <span class='ocrx_word' id='word_1_608' title='bbox 2154 3130 2338 3198; x_wconf 88' lang='lat' dir='ltr'><strong>pluvia</strong></span> <span class='ocrx_word' id='word_1_609' title='bbox 2373 3144 2539 3199; x_wconf 89' lang='lat' dir='ltr'><strong>super</strong></span> <span class='ocrx_word' id='word_1_610' title='bbox 2584 3129 2784 3195; x_wconf 90' lang='lat' dir='ltr'><strong>lanam,</strong></span> <span class='ocrx_word' id='word_1_611' title='bbox 2834 3139 2890 3185; x_wconf 91' lang='lat' dir='ltr'><strong>et</strong></span> <span class='ocrx_word' id='word_1_612' title='bbox 2918 3132 3059 3185; x_wconf 90' lang='lat' dir='ltr'><strong>sicut</strong></span> <span class='ocrx_word' id='word_1_613' title='bbox 3088 3143 3239 3200; x_wconf 81' lang='lat' dir='ltr'><strong>gutta</strong></span> <span class='ocrx_word' id='word_1_614' title='bbox 3286 3136 3501 3189; x_wconf 87' lang='lat' dir='ltr'><strong>stillans</strong></span> 
     </span>
    </p>
   </div>
   <div class='ocr_carea' id='block_1_78' title="bbox 1934 3217 3500 3292">
    <p class='ocr_par' dir='ltr' id='par_1_78' title="bbox 1934 3217 3500 3292">
     <span class='ocr_line' id='line_1_78' title="bbox 1934 3217 3500 3292; baseline 0.003 -20"><span class='ocrx_word' id='word_1_615' title='bbox 1934 3232 2099 3288; x_wconf 84' lang='lat' dir='ltr'><strong>super</strong></span> <span class='ocrx_word' id='word_1_616' title='bbox 2139 3227 2364 3273; x_wconf 87' lang='lat' dir='ltr'><strong>terram.</strong></span> <span class='ocrx_word' id='word_1_617' title='bbox 2398 3217 2620 3273; x_wconf 77' lang='lat' dir='ltr'><strong>Exoriri</strong></span> <span class='ocrx_word' id='word_1_618' title='bbox 2637 3217 2802 3273; x_wconf 85' lang='lat' dir='ltr'><strong>faciet</strong></span> <span class='ocrx_word' id='word_1_619' title='bbox 2833 3219 2889 3272; x_wconf 90' lang='lat' dir='ltr'><strong>in</strong></span> <span class='ocrx_word' id='word_1_620' title='bbox 2937 3219 3133 3276; x_wconf 88' lang='lat' dir='ltr'><strong>diebus</strong></span> <span class='ocrx_word' id='word_1_621' title='bbox 3182 3222 3300 3277; x_wconf 85' lang='lat' dir='ltr'><strong>suis</strong></span> <span class='ocrx_word' id='word_1_622' title='bbox 3338 3224 3500 3292; x_wconf 79' lang='lat' dir='ltr'><strong>justi—</strong></span> 
     </span>
    </p>
   </div>
   <div class='ocr_carea' id='block_1_79' title="bbox 1934 3309 3490 3377">
    <p class='ocr_par' dir='ltr' id='par_1_79' title="bbox 1934 3309 3490 3377">
     <span class='ocr_line' id='line_1_79' title="bbox 1934 3309 3490 3377; baseline 0.001 -13"><span class='ocrx_word' id='word_1_623' title='bbox 1934 3310 2063 3364; x_wconf 87' lang='lat' dir='ltr'><strong>tiam</strong></span> <span class='ocrx_word' id='word_1_624' title='bbox 2085 3319 2140 3366; x_wconf 93' lang='lat' dir='ltr'><strong>et</strong></span> <span class='ocrx_word' id='word_1_625' title='bbox 2157 3309 2563 3365; x_wconf 85' lang='lat' dir='ltr'><strong>multitudinem</strong></span> <span class='ocrx_word' id='word_1_626' title='bbox 2586 3311 2754 3377; x_wconf 89' lang='lat' dir='ltr'><strong>pacis,</strong></span> <span class='ocrx_word' id='word_1_627' title='bbox 2798 3309 2973 3363; x_wconf 90' lang='lat' dir='ltr'><strong>donec</strong></span> <span class='ocrx_word' id='word_1_628' title='bbox 2997 3311 3281 3367; x_wconf 87' lang='lat' dir='ltr'><strong>auferatur</strong></span> <span class='ocrx_word' id='word_1_629' title='bbox 3302 3314 3449 3367; x_wconf 88' lang='lat' dir='ltr'><strong>luna.</strong></span> <span class='ocrx_word' id='word_1_630' title='bbox 3472 3334 3490 3365; x_wconf 74' lang='grc' dir='ltr'><strong>ι</strong></span> 
     </span>
    </p>
   </div>
   <div class='ocr_carea' id='block_1_80' title="bbox 1934 3400 3500 3475">
    <p class='ocr_par' dir='ltr' id='par_1_80' title="bbox 1934 3400 3500 3475">
     <span class='ocr_line' id='line_1_80' title="bbox 1934 3400 3500 3475; baseline 0.002 -19"><span class='ocrx_word' id='word_1_631' title='bbox 1934 3402 2125 3456; x_wconf 91' lang='lat' dir='ltr'><strong>Denuo</strong></span> <span class='ocrx_word' id='word_1_632' title='bbox 2157 3400 2476 3469; x_wconf 88' lang='lat' dir='ltr'><strong>(responde)</strong></span> <span class='ocrx_word' id='word_1_633' title='bbox 2508 3400 2634 3470; x_wconf 89' lang='lat' dir='ltr'><strong>quis</strong></span> <span class='ocrx_word' id='word_1_634' title='bbox 2686 3400 2970 3455; x_wconf 87' lang='lat' dir='ltr'><strong>descendit</strong></span> <span class='ocrx_word' id='word_1_635' title='bbox 3019 3411 3079 3455; x_wconf 93' lang='lat' dir='ltr'><strong>ut</strong></span> <span class='ocrx_word' id='word_1_636' title='bbox 3110 3403 3292 3470; x_wconf 89' lang='lat' dir='ltr'><strong>pluvia</strong></span> <span class='ocrx_word' id='word_1_637' title='bbox 3335 3421 3500 3475; x_wconf 77' lang='lat' dir='ltr'><strong>super</strong></span> 
     </span>
    </p>
   </div>
   <div class='ocr_carea' id='block_1_81' title="bbox 1932 3492 3498 3565">
    <p class='ocr_par' dir='ltr' id='par_1_81' title="bbox 1932 3492 3498 3565">
     <span class='ocr_line' id='line_1_81' title="bbox 1932 3492 3498 3565; baseline 0.002 -17"><span class='ocrx_word' id='word_1_638' title='bbox 1932 3494 2134 3557; x_wconf 87' lang='lat' dir='ltr'><strong>lanam,</strong></span> <span class='ocrx_word' id='word_1_639' title='bbox 2170 3492 2224 3547; x_wconf 93' lang='lat' dir='ltr'><strong>id</strong></span> <span class='ocrx_word' id='word_1_640' title='bbox 2255 3502 2341 3547; x_wconf 88' lang='lat' dir='ltr'><strong>est</strong></span> <span class='ocrx_word' id='word_1_641' title='bbox 2358 3493 2564 3561; x_wconf 88' lang='lat' dir='ltr'><strong>quiete,</strong></span> <span class='ocrx_word' id='word_1_642' title='bbox 2591 3501 2648 3547; x_wconf 83' lang='lat' dir='ltr'><strong>et</strong></span> <span class='ocrx_word' id='word_1_643' title='bbox 2679 3493 2799 3547; x_wconf 87' lang='lat' dir='ltr'><strong>sine</strong></span> <span class='ocrx_word' id='word_1_644' title='bbox 2823 3494 3083 3561; x_wconf 87' lang='lat' dir='ltr'><strong>strepitu,</strong></span> <span class='ocrx_word' id='word_1_645' title='bbox 3118 3503 3173 3548; x_wconf 91' lang='lat' dir='ltr'><strong>ct</strong></span> <span class='ocrx_word' id='word_1_646' title='bbox 3201 3495 3339 3549; x_wconf 90' lang='lat' dir='ltr'><strong>citra</strong></span> <span class='ocrx_word' id='word_1_647' title='bbox 3372 3513 3498 3565; x_wconf 88' lang='lat' dir='ltr'><strong>pro-</strong></span> 
     </span>
    </p>
   </div>
   <div class='ocr_carea' id='block_1_82' title="bbox 1933 3583 3499 3655">
    <p class='ocr_par' dir='ltr' id='par_1_82' title="bbox 1933 3583 3499 3655">
     <span class='ocr_line' id='line_1_82' title="bbox 1933 3583 3499 3655; baseline 0.003 -18"><span class='ocrx_word' id='word_1_648' title='bbox 1933 3585 2109 3654; x_wconf 88' lang='lat' dir='ltr'><strong>priam</strong></span> <span class='ocrx_word' id='word_1_649' title='bbox 2155 3584 2497 3653; x_wconf 87' lang='lat' dir='ltr'><strong>majestatem</strong></span> <span class='ocrx_word' id='word_1_650' title='bbox 2539 3583 3111 3652; x_wconf 80' lang='lat' dir='ltr'><strong>magniﬁcentiamque</strong></span> <span class='ocrx_word' id='word_1_651' title='bbox 3150 3600 3327 3652; x_wconf 86' lang='lat' dir='ltr'><strong>suam,</strong></span> <span class='ocrx_word' id='word_1_652' title='bbox 3359 3602 3499 3655; x_wconf 81' lang='lat' dir='ltr'><strong>pra:-</strong></span> 
     </span>
    </p>
   </div>
   <div class='ocr_carea' id='block_1_83' title="bbox 1935 3669 3497 3738">
    <p class='ocr_par' dir='ltr' id='par_1_83' title="bbox 1935 3669 3497 3738">
     <span class='ocr_line' id='line_1_83' title="bbox 1935 3669 3497 3738; baseline 0.004 -15"><span class='ocrx_word' id='word_1_653' title='bbox 1935 3679 2018 3723; x_wconf 88' lang='lat' dir='ltr'><strong>ter</strong></span> <span class='ocrx_word' id='word_1_654' title='bbox 2066 3669 2397 3723; x_wconf 82' lang='lat' dir='ltr'><strong>Christum?</strong></span> <span class='ocrx_word' id='word_1_655' title='bbox 2431 3670 2527 3738; x_wconf 88' lang='lat' dir='ltr'><strong>qui</strong></span> <span class='ocrx_word' id='word_1_656' title='bbox 2571 3670 2857 3724; x_wconf 90' lang='lat' dir='ltr'><strong>descendit</strong></span> <span class='ocrx_word' id='word_1_657' title='bbox 2895 3672 3112 3726; x_wconf 75' lang='lat' dir='ltr'><strong>coalitus</strong></span> <span class='ocrx_word' id='word_1_658' title='bbox 3158 3674 3209 3726; x_wconf 89' lang='lat' dir='ltr'><strong>in</strong></span> <span class='ocrx_word' id='word_1_659' title='bbox 3251 3685 3497 3729; x_wconf 88' lang='lat' dir='ltr'><strong>sanctam</strong></span> 
     </span>
    </p>
   </div>
   <div class='ocr_carea' id='block_1_84' title="bbox 1934 3759 3501 3834">
    <p class='ocr_par' dir='ltr' id='par_1_84' title="bbox 1934 3759 3501 3834">
     <span class='ocr_line' id='line_1_84' title="bbox 1934 3759 3501 3834; baseline 0.001 -17"><span class='ocrx_word' id='word_1_660' title='bbox 1934 3759 2234 3831; x_wconf 76' lang='lat' dir='ltr'><strong>Virginem,</strong></span> <span class='ocrx_word' id='word_1_661' title='bbox 2265 3774 2385 3827; x_wconf 71' lang='lat' dir='ltr'><strong>qua:</strong></span> <span class='ocrx_word' id='word_1_662' title='bbox 2407 3769 2731 3830; x_wconf 85' lang='lat' dir='ltr'><strong>conceptum</strong></span> <span class='ocrx_word' id='word_1_663' title='bbox 2760 3777 2886 3816; x_wconf 91' lang='lat' dir='ltr'><strong>eum</strong></span> <span class='ocrx_word' id='word_1_664' title='bbox 2918 3763 3127 3831; x_wconf 83' lang='lat' dir='ltr'><strong>peperit</strong></span> <span class='ocrx_word' id='word_1_665' title='bbox 3156 3763 3211 3818; x_wconf 92' lang='lat' dir='ltr'><strong>in</strong></span> <span class='ocrx_word' id='word_1_666' title='bbox 3235 3765 3325 3819; x_wconf 86' lang='lat' dir='ltr'><strong>vili</strong></span> <span class='ocrx_word' id='word_1_667' title='bbox 3364 3783 3501 3834; x_wconf 76' lang='lat' dir='ltr'><strong>[mr-</strong></span> 
     </span>
    </p>
   </div>
   <div class='ocr_carea' id='block_1_85' title="bbox 1922 3851 3502 3926">
    <p class='ocr_par' dir='ltr' id='par_1_85' title="bbox 1922 3851 3502 3926">
     <span class='ocr_line' id='line_1_85' title="bbox 1922 3851 3502 3926; baseline 0.001 -16"><span class='ocrx_word' id='word_1_668' title='bbox 1922 3853 2086 3922; x_wconf 60' lang='lat' dir='ltr'><strong>.sepio</strong></span> <span class='ocrx_word' id='word_1_669' title='bbox 2112 3863 2167 3907; x_wconf 91' lang='lat' dir='ltr'><strong>et</strong></span> <span class='ocrx_word' id='word_1_670' title='bbox 2195 3851 2387 3907; x_wconf 86' lang='lat' dir='ltr'><strong>humili</strong></span> <span class='ocrx_word' id='word_1_671' title='bbox 2420 3867 2565 3908; x_wconf 80' lang='lat' dir='ltr'><strong>casa.</strong></span> <span class='ocrx_word' id='word_1_672' title='bbox 2600 3854 2721 3909; x_wconf 81' lang='lat' dir='ltr'><strong>Non</strong></span> <span class='ocrx_word' id='word_1_673' title='bbox 2776 3856 2924 3909; x_wconf 91' lang='lat' dir='ltr'><strong>enim</strong></span> <span class='ocrx_word' id='word_1_674' title='bbox 2957 3865 3183 3910; x_wconf 86' lang='lat' dir='ltr'><strong>venerat</strong></span> <span class='ocrx_word' id='word_1_675' title='bbox 3228 3857 3502 3926; x_wconf 81' lang='lat' dir='ltr'><strong>judicatu-</strong></span> 
     </span>
    </p>
   </div>
   <div class='ocr_carea' id='block_1_86' title="bbox 1935 3945 3500 4010">
    <p class='ocr_par' dir='ltr' id='par_1_86' title="bbox 1935 3945 3500 4010">
     <span class='ocr_line' id='line_1_86' title="bbox 1935 3945 3500 4010; baseline 0.003 -10"><span class='ocrx_word' id='word_1_676' title='bbox 1935 3962 2027 4001; x_wconf 86' lang='lat' dir='ltr'><strong>rus</strong></span> <span class='ocrx_word' id='word_1_677' title='bbox 2055 3946 2343 4010; x_wconf 88' lang='lat' dir='ltr'><strong>mundum,</strong></span> <span class='ocrx_word' id='word_1_678' title='bbox 2373 3945 2469 4001; x_wconf 85' lang='lat' dir='ltr'><strong>sed</strong></span> <span class='ocrx_word' id='word_1_679' title='bbox 2503 3954 2562 4001; x_wconf 88' lang='lat' dir='ltr'><strong>ut</strong></span> <span class='ocrx_word' id='word_1_680' title='bbox 2592 3947 2860 4002; x_wconf 90' lang='lat' dir='ltr'><strong>mundum</strong></span> <span class='ocrx_word' id='word_1_681' title='bbox 2918 3949 3173 4003; x_wconf 81' lang='lat' dir='ltr'><strong>salvaret.</strong></span> <span class='ocrx_word' id='word_1_682' title='bbox 3204 3949 3341 4004; x_wconf 90' lang='lat' dir='ltr'><strong>Cum</strong></span> <span class='ocrx_word' id='word_1_683' title='bbox 3367 3967 3500 4004; x_wconf 87' lang='lat' dir='ltr'><strong>vero</strong></span> 
     </span>
    </p>
   </div>
   <div class='ocr_carea' id='block_1_87' title="bbox 1934 4037 3501 4113">
    <p class='ocr_par' dir='ltr' id='par_1_87' title="bbox 1934 4037 3501 4113">
     <span class='ocr_line' id='line_1_87' title="bbox 1934 4037 3501 4113; baseline 0.004 -21"><span class='ocrx_word' id='word_1_684' title='bbox 1934 4037 2119 4113; x_wconf 55' lang='lat' dir='ltr'><strong>veniet</strong></span> <span class='ocrx_word' id='word_1_685' title='bbox 2154 4037 2503 4107; x_wconf 86' lang='lat' dir='ltr'><strong>judicaturus</strong></span> <span class='ocrx_word' id='word_1_686' title='bbox 2533 4039 2749 4103; x_wconf 86' lang='lat' dir='ltr'><strong>orbem,</strong></span> <span class='ocrx_word' id='word_1_687' title='bbox 2774 4040 3061 4109; x_wconf 89' lang='lat' dir='ltr'><strong>apparebit</strong></span> <span class='ocrx_word' id='word_1_688' title='bbox 3094 4041 3148 4095; x_wconf 92' lang='lat' dir='ltr'><strong>in</strong></span> <span class='ocrx_word' id='word_1_689' title='bbox 3181 4042 3353 4112; x_wconf 88' lang='lat' dir='ltr'><strong>gloria</strong></span> <span class='ocrx_word' id='word_1_690' title='bbox 3401 4045 3501 4098; x_wconf 84' lang='lat' dir='ltr'><strong>Pa-</strong></span> 
     </span>
    </p>
   </div>
   <div class='ocr_carea' id='block_1_88' title="bbox 1935 4127 3500 4203">
    <p class='ocr_par' dir='ltr' id='par_1_88' title="bbox 1935 4127 3500 4203">
     <span class='ocr_line' id='line_1_88' title="bbox 1935 4127 3500 4203; baseline 0.004 -20"><span class='ocrx_word' id='word_1_691' title='bbox 1935 4127 2035 4183; x_wconf 88' lang='lat' dir='ltr'><strong>tris</strong></span> <span class='ocrx_word' id='word_1_692' title='bbox 2066 4130 2148 4183; x_wconf 87' lang='lat' dir='ltr'><strong>sui</strong></span> <span class='ocrx_word' id='word_1_693' title='bbox 2182 4145 2307 4184; x_wconf 91' lang='lat' dir='ltr'><strong>cum</strong></span> <span class='ocrx_word' id='word_1_694' title='bbox 2344 4130 2602 4185; x_wconf 87' lang='lat' dir='ltr'><strong>omnibus</strong></span> <span class='ocrx_word' id='word_1_695' title='bbox 2621 4130 2848 4201; x_wconf 76' lang='lat' dir='ltr'><strong>angelis,</strong></span> <span class='ocrx_word' id='word_1_696' title='bbox 2881 4131 3344 4200; x_wconf 85' lang='lat' dir='ltr'><strong>quemadmodum</strong></span> <span class='ocrx_word' id='word_1_697' title='bbox 3384 4134 3500 4203; x_wconf 87' lang='lat' dir='ltr'><strong>ipse</strong></span> 
     </span>
    </p>
   </div>
   <div class='ocr_carea' id='block_1_89' title="bbox 1932 4221 3502 4294">
    <p class='ocr_par' dir='ltr' id='par_1_89' title="bbox 1932 4221 3502 4294">
     <span class='ocr_line' id='line_1_89' title="bbox 1932 4221 3502 4294; baseline 0.001 -16"><span class='ocrx_word' id='word_1_698' title='bbox 1932 4222 2252 4278; x_wconf 89' lang='lat' dir='ltr'><strong>Christusin</strong></span> <span class='ocrx_word' id='word_1_699' title='bbox 2292 4221 2582 4291; x_wconf 82' lang='lat' dir='ltr'><strong>Evangelia</strong></span> <span class='ocrx_word' id='word_1_700' title='bbox 2607 4232 2871 4277; x_wconf 83' lang='lat' dir='ltr'><strong>testatur:</strong></span> <span class='ocrx_word' id='word_1_701' title='bbox 2898 4241 2917 4274; x_wconf 74' lang='grc' dir='ltr'>ι</span> <span class='ocrx_word' id='word_1_702' title='bbox 2934 4222 3059 4285; x_wconf 84' lang='lat' dir='ltr'><strong>Non</strong></span> <span class='ocrx_word' id='word_1_703' title='bbox 3078 4224 3203 4278; x_wconf 87' lang='lat' dir='ltr'><strong>veni</strong></span> <span class='ocrx_word' id='word_1_704' title='bbox 3222 4224 3502 4294; x_wconf 88' lang='lat' dir='ltr'><strong>judicatu-</strong></span> 
     </span>
    </p>
   </div>
   <div class='ocr_carea' id='block_1_90' title="bbox 1933 4312 3501 4377">
    <p class='ocr_par' dir='ltr' id='par_1_90' title="bbox 1933 4312 3501 4377">
     <span class='ocr_line' id='line_1_90' title="bbox 1933 4312 3501 4377; baseline 0.001 -9"><span class='ocrx_word' id='word_1_705' title='bbox 1933 4330 2028 4368; x_wconf 88' lang='lat' dir='ltr'><strong>rus</strong></span> <span class='ocrx_word' id='word_1_706' title='bbox 2057 4314 2319 4367; x_wconf 90' lang='lat' dir='ltr'><strong>mundum</strong></span> <span class='ocrx_word' id='word_1_707' title='bbox 2345 4312 2438 4368; x_wconf 88' lang='lat' dir='ltr'><strong>sed</strong></span> <span class='ocrx_word' id='word_1_708' title='bbox 2462 4324 2522 4367; x_wconf 93' lang='lat' dir='ltr'><strong>ut</strong></span> <span class='ocrx_word' id='word_1_709' title='bbox 2541 4313 2799 4367; x_wconf 91' lang='lat' dir='ltr'><strong>mundum</strong></span> <span class='ocrx_word' id='word_1_710' title='bbox 2819 4313 3091 4368; x_wconf 74' lang='lat' dir='ltr'><strong>salvem“.</strong></span> <span class='ocrx_word' id='word_1_711' title='bbox 3112 4332 3129 4365; x_wconf 73' lang='grc' dir='ltr'>ι</span> <span class='ocrx_word' id='word_1_712' title='bbox 3147 4314 3305 4377; x_wconf 88' lang='lat' dir='ltr'><strong>Item,</strong></span> <span class='ocrx_word' id='word_1_713' title='bbox 3329 4315 3501 4369; x_wconf 69' lang='lat' dir='ltr'><strong>«Exo-</strong></span> 
     </span>
    </p>
   </div>
   <div class='ocr_carea' id='block_1_91' title="bbox 1937 4402 3498 4471">
    <p class='ocr_par' dir='ltr' id='par_1_91' title="bbox 1937 4402 3498 4471">
     <span class='ocr_line' id='line_1_91' title="bbox 1937 4402 3498 4471; baseline 0.001 -15"><span class='ocrx_word' id='word_1_714' title='bbox 1937 4404 2035 4457; x_wconf 92' lang='lat' dir='ltr'><strong>riri</strong></span> <span class='ocrx_word' id='word_1_715' title='bbox 2065 4402 2225 4457; x_wconf 88' lang='lat' dir='ltr'><strong>faciet</strong></span> <span class='ocrx_word' id='word_1_716' title='bbox 2271 4402 2327 4455; x_wconf 90' lang='lat' dir='ltr'><strong>in</strong></span> <span class='ocrx_word' id='word_1_717' title='bbox 2358 4402 2552 4456; x_wconf 88' lang='lat' dir='ltr'><strong>diebus</strong></span> <span class='ocrx_word' id='word_1_718' title='bbox 2582 4402 2984 4471; x_wconf 87' lang='lat' dir='ltr'><strong>suisjustitiam</strong></span> <span class='ocrx_word' id='word_1_719' title='bbox 3009 4412 3066 4457; x_wconf 87' lang='lat' dir='ltr'><strong>et</strong></span> <span class='ocrx_word' id='word_1_720' title='bbox 3091 4404 3498 4457; x_wconf 87' lang='lat' dir='ltr'><strong>multitudinem</strong></span> 
     </span>
    </p>
   </div>
   <div class='ocr_carea' id='block_1_92' title="bbox 263 4490 1869 4563">
    <p class='ocr_par' dir='ltr' id='par_1_92' title="bbox 263 4490 1869 4563">
     <span class='ocr_line' id='line_1_92' title="bbox 263 4490 1869 4563; baseline 0.001 -19"><span class='ocrx_word' id='word_1_721' title='bbox 263 4496 325 4545; x_wconf 76' lang='grc' dir='ltr'><strong>έν</strong></span> <span class='ocrx_word' id='word_1_722' title='bbox 357 4496 478 4555; x_wconf 79' lang='grc' dir='ltr'>ταῖς</span> <span class='ocrx_word' id='word_1_723' title='bbox 525 4492 757 4560; x_wconf 79' lang='grc' dir='ltr'>ἡμέραις</span> <span class='ocrx_word' id='word_1_724' title='bbox 784 4491 947 4543; x_wconf 82' lang='grc' dir='ltr'>αὑτοῦ</span> <span class='ocrx_word' id='word_1_725' title='bbox 980 4490 1344 4559; x_wconf 80' lang='grc' dir='ltr'>δικαιοσύνην,</span> <span class='ocrx_word' id='word_1_726' title='bbox 1392 4494 1483 4544; x_wconf 79' lang='grc' dir='ltr'>καὶ</span> <span class='ocrx_word' id='word_1_727' title='bbox 1517 4494 1719 4563; x_wconf 80' lang='grc' dir='ltr'>πλῆθος</span> <span class='ocrx_word' id='word_1_728' title='bbox 1748 4497 1828 4549; x_wconf 88' lang='grc' dir='ltr'><strong>εἱ-</strong></span> <span class='ocrx_word' id='word_1_729' title='bbox 1860 4498 1869 4553; x_wconf 84' lang='lat' dir='ltr'><strong>l</strong></span> 
     </span>
    </p>
   </div>
   <div class='ocr_carea' id='block_1_93' title="bbox 1922 4490 3501 4563">
    <p class='ocr_par' dir='ltr' id='par_1_93' title="bbox 1934 4490 3501 4561">
     <span class='ocr_line' id='line_1_93' title="bbox 1934 4490 3501 4561; baseline -0.001 -15"><span class='ocrx_word' id='word_1_730' title='bbox 1934 4493 2082 4561; x_wconf 86' lang='lat' dir='ltr'><strong>pacis</strong></span> <span class='ocrx_word' id='word_1_731' title='bbox 2111 4491 2285 4546; x_wconf 90' lang='lat' dir='ltr'><strong>donec</strong></span> <span class='ocrx_word' id='word_1_732' title='bbox 2323 4491 2605 4545; x_wconf 79' lang='lat' dir='ltr'><strong>auferatUr</strong></span> <span class='ocrx_word' id='word_1_733' title='bbox 2643 4490 2792 4546; x_wconf 88' lang='lat' dir='ltr'><strong>luna.</strong></span> <span class='ocrx_word' id='word_1_734' title='bbox 2814 4509 2832 4543; x_wconf 73' lang='grc' dir='ltr'>ι</span> <span class='ocrx_word' id='word_1_735' title='bbox 2871 4492 3133 4557; x_wconf 87' lang='lat' dir='ltr'><strong>Quisnam</strong></span> <span class='ocrx_word' id='word_1_736' title='bbox 3163 4493 3357 4548; x_wconf 89' lang='lat' dir='ltr'><strong>horum</strong></span> <span class='ocrx_word' id='word_1_737' title='bbox 3372 4509 3501 4548; x_wconf 89' lang='lat' dir='ltr'><strong>sen-</strong></span> 
     </span>
    </p>
   </div>
   <div class='ocr_carea' id='block_1_94' title="bbox 265 4576 1830 4653">
    <p class='ocr_par' dir='ltr' id='par_1_94' title="bbox 265 4576 1830 4653">
     <span class='ocr_line' id='line_1_94' title="bbox 265 4576 1830 4653; baseline 0.003 -19"><span class='ocrx_word' id='word_1_738' title='bbox 265 4586 440 4653; x_wconf 80' lang='grc' dir='ltr'>ρήνης</span> <span class='ocrx_word' id='word_1_739' title='bbox 463 4583 570 4643; x_wconf 79' lang='grc' dir='ltr'>ἓως</span> <span class='ocrx_word' id='word_1_740' title='bbox 593 4576 653 4634; x_wconf 77' lang='grc' dir='ltr'>οὗ</span> <span class='ocrx_word' id='word_1_741' title='bbox 689 4581 1047 4648; x_wconf 80' lang='grc' dir='ltr'>ἁνταναιρεθῇ</span> <span class='ocrx_word' id='word_1_742' title='bbox 1088 4581 1119 4647; x_wconf 85' lang='grc' dir='ltr'><strong>ἡ</strong></span> <span class='ocrx_word' id='word_1_743' title='bbox 1163 4580 1379 4649; x_wconf 88' lang='grc' dir='ltr'>σελὴνη.</span> <span class='ocrx_word' id='word_1_744' title='bbox 1420 4600 1437 4632; x_wconf 75' lang='grc' dir='ltr'><strong>ι</strong></span> <span class='ocrx_word' id='word_1_745' title='bbox 1470 4582 1533 4634; x_wconf 86' lang='grc' dir='ltr'>Τί</span> <span class='ocrx_word' id='word_1_746' title='bbox 1581 4582 1830 4651; x_wconf 79' lang='grc' dir='ltr'>βούλεται</span> 
     </span>
    </p>
   </div>
   <div class='ocr_carea' id='block_1_95' title="bbox 261 4669 1831 4741">
    <p class='ocr_par' dir='ltr' id='par_1_95' title="bbox 261 4669 1831 4741">
     <span class='ocr_line' id='line_1_95' title="bbox 261 4669 1831 4741; baseline -0.002 -15"><span class='ocrx_word' id='word_1_747' title='bbox 261 4676 349 4738; x_wconf 73' lang='grc' dir='ltr'>τὸ,</span> <span class='ocrx_word' id='word_1_748' title='bbox 389 4672 707 4727; x_wconf 78' lang='grc' dir='ltr'>«Ἀνατελεί</span> <span class='ocrx_word' id='word_1_749' title='bbox 736 4673 791 4722; x_wconf 83' lang='grc' dir='ltr'>ὲν</span> <span class='ocrx_word' id='word_1_750' title='bbox 820 4672 938 4732; x_wconf 80' lang='grc' dir='ltr'>ταῖς</span> <span class='ocrx_word' id='word_1_751' title='bbox 978 4670 1208 4739; x_wconf 75' lang='grc' dir='ltr'>ἡμέραις</span> <span class='ocrx_word' id='word_1_752' title='bbox 1256 4669 1419 4724; x_wconf 79' lang='grc' dir='ltr'>αὐτοῦ</span> <span class='ocrx_word' id='word_1_753' title='bbox 1470 4672 1831 4741; x_wconf 84' lang='grc' dir='ltr'>δικαιοσύνην,</span> 
     </span>
    </p>
   </div>
   <div class='ocr_carea' id='block_1_96' title="bbox 263 4758 1836 4832">
    <p class='ocr_par' dir='ltr' id='par_1_96' title="bbox 263 4758 1836 4832">
     <span class='ocr_line' id='line_1_96' title="bbox 263 4758 1836 4832; baseline -0.003 -14"><span class='ocrx_word' id='word_1_754' title='bbox 263 4766 365 4818; x_wconf 82' lang='grc' dir='ltr'>καὶ</span> <span class='ocrx_word' id='word_1_755' title='bbox 395 4762 599 4832; x_wconf 72' lang='grc' dir='ltr'>πλῆθος</span> <span class='ocrx_word' id='word_1_756' title='bbox 628 4761 849 4830; x_wconf 82' lang='grc' dir='ltr'>εἰρήνης</span> <span class='ocrx_word' id='word_1_757' title='bbox 870 4762 933 4828; x_wconf 68' lang='grc' dir='ltr'><strong>;ξ»</strong></span> <span class='ocrx_word' id='word_1_758' title='bbox 968 4760 1131 4812; x_wconf 67' lang='grc' dir='ltr'><strong>Οὐδὲν</strong></span> <span class='ocrx_word' id='word_1_759' title='bbox 1146 4758 1294 4823; x_wconf 76' lang='grc' dir='ltr'>ἄλλο,</span> <span class='ocrx_word' id='word_1_760' title='bbox 1311 4759 1344 4829; x_wconf 85' lang='grc' dir='ltr'>ἢ</span> <span class='ocrx_word' id='word_1_761' title='bbox 1362 4761 1444 4813; x_wconf 85' lang='grc' dir='ltr'>ὅτι</span> <span class='ocrx_word' id='word_1_762' title='bbox 1465 4760 1562 4830; x_wconf 84' lang='grc' dir='ltr'><strong>τῆς</strong></span> <span class='ocrx_word' id='word_1_763' title='bbox 1585 4761 1836 4830; x_wconf 83' lang='grc' dir='ltr'>τοιαύτης</span> 
     </span>
    </p>
   </div>
   <div class='ocr_carea' id='block_1_97' title="bbox 261 4850 1837 4922">
    <p class='ocr_par' dir='ltr' id='par_1_97' title="bbox 261 4850 1837 4922">
     <span class='ocr_line' id='line_1_97' title="bbox 261 4850 1837 4922; baseline -0.003 -13"><span class='ocrx_word' id='word_1_764' title='bbox 261 4857 487 4916; x_wconf 76' lang='grc' dir='ltr'>ἀδικίας</span> <span class='ocrx_word' id='word_1_765' title='bbox 532 4854 802 4922; x_wconf 84' lang='grc' dir='ltr'>χείριστόν</span> <span class='ocrx_word' id='word_1_766' title='bbox 834 4868 891 4903; x_wconf 86' lang='grc' dir='ltr'><strong>τε</strong></span> <span class='ocrx_word' id='word_1_767' title='bbox 922 4851 1017 4903; x_wconf 73' lang='grc' dir='ltr'><strong>καὶ</strong></span> <span class='ocrx_word' id='word_1_768' title='bbox 1045 4851 1326 4915; x_wconf 82' lang='grc' dir='ltr'>κάκιστον,</span> <span class='ocrx_word' id='word_1_769' title='bbox 1368 4850 1453 4903; x_wconf 84' lang='grc' dir='ltr'><strong>ἵνα</strong></span> <span class='ocrx_word' id='word_1_770' title='bbox 1477 4851 1759 4919; x_wconf 83' lang='grc' dir='ltr'>ἀφήσωσιν</span> <span class='ocrx_word' id='word_1_771' title='bbox 1788 4855 1837 4905; x_wconf 91' lang='grc' dir='ltr'>οἱ</span> 
     </span>
    </p>
   </div>
   <div class='ocr_carea' id='block_1_98' title="bbox 260 4940 1831 5015">
    <p class='ocr_par' dir='ltr' id='par_1_98' title="bbox 260 4940 1831 5015">
     <span class='ocr_line' id='line_1_98' title="bbox 260 4940 1831 5015; baseline -0.003 -16"><span class='ocrx_word' id='word_1_772' title='bbox 260 4947 549 5015; x_wconf 74' lang='grc' dir='ltr'>ἄνθρωποι</span> <span class='ocrx_word' id='word_1_773' title='bbox 579 4943 668 4995; x_wconf 77' lang='grc' dir='ltr'><strong>τὸν</strong></span> <span class='ocrx_word' id='word_1_774' title='bbox 691 4942 822 4995; x_wconf 73' lang='grc' dir='ltr'>Θεὸν</span> <span class='ocrx_word' id='word_1_775' title='bbox 842 4941 1168 5009; x_wconf 74' lang='grc' dir='ltr'>δημιουργὸν</span> <span class='ocrx_word' id='word_1_776' title='bbox 1202 4942 1294 4993; x_wconf 77' lang='grc' dir='ltr'>καὶ</span> <span class='ocrx_word' id='word_1_777' title='bbox 1341 4940 1584 5009; x_wconf 76' lang='grc' dir='ltr'>πλάστην</span> <span class='ocrx_word' id='word_1_778' title='bbox 1627 4941 1831 5007; x_wconf 86' lang='grc' dir='ltr'>αὐτῶν,</span> 
     </span>
    </p>
   </div>
   <div class='ocr_carea' id='block_1_99' title="bbox 260 5024 1835 5103">
    <p class='ocr_par' dir='ltr' id='par_1_99' title="bbox 260 5024 1835 5103">
     <span class='ocr_line' id='line_1_99' title="bbox 260 5024 1835 5103; baseline -0.011 -13"><span class='ocrx_word' id='word_1_779' title='bbox 260 5030 358 5090; x_wconf 56' lang='grc' dir='ltr'><strong>τον</strong></span> <span class='ocrx_word' id='word_1_780' title='bbox 392 5036 502 5090; x_wconf 78' lang='grc' dir='ltr'>ἀπὸ</span> <span class='ocrx_word' id='word_1_781' title='bbox 524 5034 621 5087; x_wconf 80' lang='grc' dir='ltr'>τοῦ</span> <span class='ocrx_word' id='word_1_782' title='bbox 646 5034 720 5103; x_wconf 80' lang='grc' dir='ltr'>μὴ</span> <span class='ocrx_word' id='word_1_783' title='bbox 751 5032 899 5095; x_wconf 73' lang='grc' dir='ltr'>ὄντος</span> <span class='ocrx_word' id='word_1_784' title='bbox 932 5032 1010 5093; x_wconf 87' lang='grc' dir='ltr'><strong>είς</strong></span> <span class='ocrx_word' id='word_1_785' title='bbox 1042 5031 1102 5081; x_wconf 85' lang='grc' dir='ltr'><strong>τὸ</strong></span> <span class='ocrx_word' id='word_1_786' title='bbox 1127 5024 1266 5082; x_wconf 75' lang='grc' dir='ltr'>εἶναι</span> <span class='ocrx_word' id='word_1_787' title='bbox 1308 5031 1699 5099; x_wconf 80' lang='grc' dir='ltr'>παραγαγόντα</span> <span class='ocrx_word' id='word_1_788' title='bbox 1737 5033 1835 5084; x_wconf 74' lang='grc' dir='ltr'><strong>αὑ-</strong></span> 
     </span>
    </p>
   </div>
   <div class='ocr_carea' id='block_1_100' title="bbox 260 5117 1832 5191">
    <p class='ocr_par' dir='ltr' id='par_1_100' title="bbox 260 5117 1832 5191">
     <span class='ocr_line' id='line_1_100' title="bbox 260 5117 1832 5191; baseline -0.002 -14"><span class='ocrx_word' id='word_1_789' title='bbox 260 5128 417 5188; x_wconf 75' lang='grc' dir='ltr'>τοὺς,</span> <span class='ocrx_word' id='word_1_790' title='bbox 447 5123 545 5177; x_wconf 77' lang='grc' dir='ltr'>καὶ</span> <span class='ocrx_word' id='word_1_791' title='bbox 575 5123 990 5191; x_wconf 84' lang='grc' dir='ltr'>προσκυνήσωσι</span> <span class='ocrx_word' id='word_1_792' title='bbox 1029 5118 1107 5187; x_wconf 84' lang='grc' dir='ltr'>τῷ</span> <span class='ocrx_word' id='word_1_793' title='bbox 1146 5117 1397 5187; x_wconf 81' lang='grc' dir='ltr'>διαὸόλῳ,</span> <span class='ocrx_word' id='word_1_794' title='bbox 1432 5120 1528 5171; x_wconf 76' lang='grc' dir='ltr'><strong>καὶ</strong></span> <span class='ocrx_word' id='word_1_795' title='bbox 1556 5122 1668 5182; x_wconf 87' lang='grc' dir='ltr'>τοῖς</span> <span class='ocrx_word' id='word_1_796' title='bbox 1711 5123 1832 5174; x_wconf 79' lang='grc' dir='ltr'>κτί·</span> 
     </span>
    </p>
   </div>
   <div class='ocr_carea' id='block_1_101' title="bbox 262 5208 1832 5288">
    <p class='ocr_par' dir='ltr' id='par_1_101' title="bbox 262 5208 1832 5288">
     <span class='ocr_line' id='line_1_101' title="bbox 262 5208 1832 5288; baseline -0.003 -19"><span class='ocrx_word' id='word_1_797' title='bbox 262 5235 462 5288; x_wconf 83' lang='grc' dir='ltr'>σμασι,</span> <span class='ocrx_word' id='word_1_798' title='bbox 487 5216 585 5269; x_wconf 83' lang='grc' dir='ltr'>καὶ</span> <span class='ocrx_word' id='word_1_799' title='bbox 610 5215 721 5274; x_wconf 88' lang='grc' dir='ltr'>τοῖς</span> <span class='ocrx_word' id='word_1_800' title='bbox 746 5212 924 5282; x_wconf 74' lang='grc' dir='ltr'>ἔργοις</span> <span class='ocrx_word' id='word_1_801' title='bbox 944 5210 1053 5262; x_wconf 88' lang='grc' dir='ltr'><strong>τῶν</strong></span> <span class='ocrx_word' id='word_1_802' title='bbox 1068 5208 1265 5278; x_wconf 84' lang='grc' dir='ltr'>χειρῶν</span> <span class='ocrx_word' id='word_1_803' title='bbox 1294 5209 1492 5265; x_wconf 81' lang='grc' dir='ltr'>αὐτῶν.</span> <span class='ocrx_word' id='word_1_804' title='bbox 1515 5211 1622 5262; x_wconf 75' lang='grc' dir='ltr'><strong>Καὶ</strong></span> <span class='ocrx_word' id='word_1_805' title='bbox 1642 5211 1832 5282; x_wconf 81' lang='grc' dir='ltr'>ὥσπερ</span> 
     </span>
    </p>
   </div>
   <div class='ocr_carea' id='block_1_102' title="bbox 260 5300 1832 5375">
    <p class='ocr_par' dir='ltr' id='par_1_102' title="bbox 260 5300 1832 5375">
     <span class='ocr_line' id='line_1_102' title="bbox 260 5300 1832 5375; baseline -0.001 -17"><span class='ocrx_word' id='word_1_806' title='bbox 260 5327 349 5372; x_wconf 83' lang='grc' dir='ltr'><strong>τις</strong></span> <span class='ocrx_word' id='word_1_807' title='bbox 390 5308 495 5360; x_wconf 78' lang='grc' dir='ltr'><strong>ὑπὸ</strong></span> <span class='ocrx_word' id='word_1_808' title='bbox 526 5304 698 5375; x_wconf 80' lang='grc' dir='ltr'>μέθης</span> <span class='ocrx_word' id='word_1_809' title='bbox 726 5304 819 5357; x_wconf 80' lang='grc' dir='ltr'>καὶ</span> <span class='ocrx_word' id='word_1_810' title='bbox 858 5302 1075 5371; x_wconf 81' lang='grc' dir='ltr'>βαθείας</span> <span class='ocrx_word' id='word_1_811' title='bbox 1108 5300 1327 5362; x_wconf 84' lang='grc' dir='ltr'>σκοτίας</span> <span class='ocrx_word' id='word_1_812' title='bbox 1357 5302 1708 5370; x_wconf 76' lang='grc' dir='ltr'>παραϐλέψας</span> <span class='ocrx_word' id='word_1_813' title='bbox 1740 5304 1832 5356; x_wconf 77' lang='grc' dir='ltr'><strong>τὸν</strong></span> 
     </span>
    </p>
   </div>
   <div class='ocr_carea' id='block_1_103' title="bbox 262 5390 1835 5464">
    <p class='ocr_par' dir='ltr' id='par_1_103' title="bbox 262 5390 1835 5464">
     <span class='ocr_line' id='line_1_103' title="bbox 262 5390 1835 5464; baseline -0.005 -12"><span class='ocrx_word' id='word_1_814' title='bbox 262 5398 465 5453; x_wconf 77' lang='grc' dir='ltr'>ἑαυτοῦ</span> <span class='ocrx_word' id='word_1_815' title='bbox 501 5398 742 5464; x_wconf 81' lang='grc' dir='ltr'>πατέρα,</span> <span class='ocrx_word' id='word_1_816' title='bbox 771 5393 863 5445; x_wconf 76' lang='grc' dir='ltr'>τὸν</span> <span class='ocrx_word' id='word_1_817' title='bbox 884 5390 1307 5459; x_wconf 72' lang='grc' dir='ltr'>ἐπιμελούμενον</span> <span class='ocrx_word' id='word_1_818' title='bbox 1329 5392 1490 5443; x_wconf 78' lang='grc' dir='ltr'>παντὶ</span> <span class='ocrx_word' id='word_1_819' title='bbox 1516 5394 1721 5461; x_wconf 87' lang='grc' dir='ltr'>τρόπῳ,</span> <span class='ocrx_word' id='word_1_820' title='bbox 1741 5396 1835 5446; x_wconf 73' lang='grc' dir='ltr'>καὶ</span> 
     </span>
    </p>
   </div>
   <div class='ocr_carea' id='block_1_104' title="bbox 264 5480 1833 5559">
    <p class='ocr_par' dir='ltr' id='par_1_104' title="bbox 264 5480 1833 5559">
     <span class='ocr_line' id='line_1_104' title="bbox 264 5480 1833 5559; baseline -0.004 -16"><span class='ocrx_word' id='word_1_821' title='bbox 264 5490 572 5559; x_wconf 77' lang='grc' dir='ltr'>κηδόμενον</span> <span class='ocrx_word' id='word_1_822' title='bbox 616 5485 708 5538; x_wconf 77' lang='grc' dir='ltr'>καὶ</span> <span class='ocrx_word' id='word_1_823' title='bbox 737 5482 1000 5552; x_wconf 79' lang='grc' dir='ltr'>ζητοῦντα</span> <span class='ocrx_word' id='word_1_824' title='bbox 1029 5480 1127 5549; x_wconf 85' lang='grc' dir='ltr'>τὴν</span> <span class='ocrx_word' id='word_1_825' title='bbox 1158 5480 1347 5534; x_wconf 86' lang='grc' dir='ltr'>τούτου</span> <span class='ocrx_word' id='word_1_826' title='bbox 1380 5484 1720 5552; x_wconf 76' lang='grc' dir='ltr'>προμήθειαν</span> <span class='ocrx_word' id='word_1_827' title='bbox 1742 5484 1833 5536; x_wconf 79' lang='grc' dir='ltr'><strong>καὶ</strong></span> 
     </span>
    </p>
   </div>
   <div class='ocr_carea' id='block_1_105' title="bbox 262 5572 1835 5649">
    <p class='ocr_par' dir='ltr' id='par_1_105' title="bbox 262 5572 1835 5649">
     <span class='ocr_line' id='line_1_105' title="bbox 262 5572 1835 5649; baseline -0.012 -15"><span class='ocrx_word' id='word_1_828' title='bbox 262 5582 541 5649; x_wconf 71' lang='grc' dir='ltr'>ὠφέλειαν</span> <span class='ocrx_word' id='word_1_829' title='bbox 564 5580 658 5630; x_wconf 80' lang='grc' dir='ltr'>καὶ</span> <span class='ocrx_word' id='word_1_830' title='bbox 693 5574 984 5643; x_wconf 89' lang='grc' dir='ltr'>σωτηρίαν,</span> <span class='ocrx_word' id='word_1_831' title='bbox 1017 5572 1384 5641; x_wconf 77' lang='grc' dir='ltr'>ἀκολουθήσας</span> <span class='ocrx_word' id='word_1_832' title='bbox 1410 5573 1589 5642; x_wconf 76' lang='grc' dir='ltr'>ἐχθρῷ</span> <span class='ocrx_word' id='word_1_833' title='bbox 1617 5575 1694 5643; x_wconf 84' lang='grc' dir='ltr'>τῷ</span> <span class='ocrx_word' id='word_1_834' title='bbox 1715 5577 1835 5627; x_wconf 74' lang='grc' dir='ltr'>ὲπι-</span> 
     </span>
    </p>
   </div>
   <div class='ocr_carea' id='block_1_106' title="bbox 264 5663 1833 5741">
    <p class='ocr_par' dir='ltr' id='par_1_106' title="bbox 264 5663 1833 5741">
     <span class='ocr_line' id='line_1_106' title="bbox 264 5663 1833 5741; baseline -0.001 -19"><span class='ocrx_word' id='word_1_835' title='bbox 264 5671 531 5741; x_wconf 73' lang='grc' dir='ltr'>θυμοῦντι</span> <span class='ocrx_word' id='word_1_836' title='bbox 563 5668 660 5736; x_wconf 81' lang='grc' dir='ltr'>τὴν</span> <span class='ocrx_word' id='word_1_837' title='bbox 709 5667 923 5734; x_wconf 77' lang='grc' dir='ltr'>σφαγὴν</span> <span class='ocrx_word' id='word_1_838' title='bbox 971 5664 1134 5718; x_wconf 80' lang='grc' dir='ltr'>αὑτοῦ</span> <span class='ocrx_word' id='word_1_839' title='bbox 1184 5665 1278 5717; x_wconf 70' lang='grc' dir='ltr'>καὶ</span> <span class='ocrx_word' id='word_1_840' title='bbox 1316 5663 1407 5717; x_wconf 80' lang='grc' dir='ltr'><strong>τὸν</strong></span> <span class='ocrx_word' id='word_1_841' title='bbox 1457 5665 1714 5735; x_wconf 75' lang='grc' dir='ltr'>ὄλεθρον,</span> <span class='ocrx_word' id='word_1_842' title='bbox 1746 5668 1833 5720; x_wconf 81' lang='grc' dir='ltr'>δε-</span> 
     </span>
    </p>
   </div>
   <div class='ocr_carea' id='block_1_107' title="bbox 338 5782 1558 5851">
    <p class='ocr_par' dir='ltr' id='par_1_107' title="bbox 338 5782 1558 5851">
     <span class='ocr_line' id='line_1_107' title="bbox 338 5782 1558 5851; baseline -0.007 -9"><span class='ocrx_word' id='word_1_843' title='bbox 338 5788 388 5819; x_wconf 80' lang='lat'>“</span> <span class='ocrx_word' id='word_1_844' title='bbox 419 5785 563 5841; x_wconf 87' lang='lat' dir='ltr'><strong>Psal.</strong></span> <span class='ocrx_word' id='word_1_845' title='bbox 608 5799 751 5851; x_wconf 76' lang='lat' dir='ltr'><strong>uixi,</strong></span> <span class='ocrx_word' id='word_1_846' title='bbox 777 5782 813 5836; x_wconf 65' lang='grc' dir='ltr'>ἓ</span> <span class='ocrx_word' id='word_1_847' title='bbox 843 5798 998 5851; x_wconf 87' lang='lat' dir='ltr'><strong>seqq.</strong></span> <span class='ocrx_word' id='word_1_848' title='bbox 1078 5784 1118 5815; x_wconf 71' lang='grc' dir='ltr'><strong>ν’</strong></span> <span class='ocrx_word' id='word_1_849' title='bbox 1150 5782 1306 5837; x_wconf 86' lang='lat' dir='ltr'><strong>Joan.</strong></span> <span class='ocrx_word' id='word_1_850' title='bbox 1348 5798 1444 5845; x_wconf 75' lang='lat' dir='ltr'><strong>xu,</strong></span> <span class='ocrx_word' id='word_1_851' title='bbox 1469 5783 1558 5834; x_wconf 68' lang='grc' dir='ltr'>Π.</span> 
     </span>
    </p>
   </div>
   <div class='ocr_carea' id='block_1_108' title="bbox 1933 4579 3499 4651">
    <p class='ocr_par' dir='ltr' id='par_1_108' title="bbox 1933 4579 3499 4651">
     <span class='ocr_line' id='line_1_108' title="bbox 1933 4579 3499 4651; baseline 0.001 -16"><span class='ocrx_word' id='word_1_852' title='bbox 1933 4596 2048 4644; x_wconf 93' lang='lat' dir='ltr'><strong>sus,</strong></span> <span class='ocrx_word' id='word_1_853' title='bbox 2089 4599 2107 4632; x_wconf 77' lang='grc' dir='ltr'><strong>ι</strong></span> <span class='ocrx_word' id='word_1_854' title='bbox 2148 4579 2418 4636; x_wconf 88' lang='lat' dir='ltr'><strong>Producet</strong></span> <span class='ocrx_word' id='word_1_855' title='bbox 2451 4580 2506 4633; x_wconf 90' lang='lat' dir='ltr'><strong>in</strong></span> <span class='ocrx_word' id='word_1_856' title='bbox 2540 4580 2736 4635; x_wconf 87' lang='lat' dir='ltr'><strong>diebus</strong></span> <span class='ocrx_word' id='word_1_857' title='bbox 2776 4580 2892 4636; x_wconf 88' lang='lat' dir='ltr'><strong>suis</strong></span> <span class='ocrx_word' id='word_1_858' title='bbox 2922 4582 3187 4651; x_wconf 88' lang='lat' dir='ltr'><strong>justitiam</strong></span> <span class='ocrx_word' id='word_1_859' title='bbox 3211 4590 3267 4638; x_wconf 91' lang='lat' dir='ltr'><strong>et</strong></span> <span class='ocrx_word' id='word_1_860' title='bbox 3311 4584 3499 4636; x_wconf 91' lang='lat' dir='ltr'><strong>multi-</strong></span> 
     </span>
    </p>
   </div>
   <div class='ocr_carea' id='block_1_109' title="bbox 1938 4669 3502 4742">
    <p class='ocr_par' dir='ltr' id='par_1_109' title="bbox 1938 4669 3502 4742">
     <span class='ocr_line' id='line_1_109' title="bbox 1938 4669 3502 4742; baseline 0.003 -18"><span class='ocrx_word' id='word_1_861' title='bbox 1938 4670 2181 4724; x_wconf 89' lang='lat' dir='ltr'><strong>tudinem</strong></span> <span class='ocrx_word' id='word_1_862' title='bbox 2212 4669 2401 4738; x_wconf 86' lang='lat' dir='ltr'><strong>pacis?</strong></span> <span class='ocrx_word' id='word_1_863' title='bbox 2426 4687 2443 4720; x_wconf 78' lang='grc' dir='ltr'><strong>ι</strong></span> <span class='ocrx_word' id='word_1_864' title='bbox 2478 4670 2594 4724; x_wconf 82' lang='lat' dir='ltr'><strong>Non</strong></span> <span class='ocrx_word' id='word_1_865' title='bbox 2628 4669 2788 4736; x_wconf 83' lang='lat' dir='ltr'><strong>alius,</strong></span> <span class='ocrx_word' id='word_1_866' title='bbox 2823 4686 2984 4740; x_wconf 92' lang='lat' dir='ltr'><strong>quam</strong></span> <span class='ocrx_word' id='word_1_867' title='bbox 3012 4674 3157 4740; x_wconf 88' lang='lat' dir='ltr'><strong>quod</strong></span> <span class='ocrx_word' id='word_1_868' title='bbox 3207 4673 3502 4742; x_wconf 78' lang='lat' dir='ltr'><strong>impietatis</strong></span> 
     </span>
    </p>
   </div>
   <div class='ocr_carea' id='block_1_110' title="bbox 1938 4761 3502 4829">
    <p class='ocr_par' dir='ltr' id='par_1_110' title="bbox 1938 4761 3502 4829">
     <span class='ocr_line' id='line_1_110' title="bbox 1938 4761 3502 4829; baseline 0.004 -15"><span class='ocrx_word' id='word_1_869' title='bbox 1938 4774 2209 4814; x_wconf 89' lang='lat' dir='ltr'><strong>summam</strong></span> <span class='ocrx_word' id='word_1_870' title='bbox 2241 4769 2394 4814; x_wconf 84' lang='lat' dir='ltr'><strong>notat</strong></span> <span class='ocrx_word' id='word_1_871' title='bbox 2420 4761 2719 4829; x_wconf 86' lang='lat' dir='ltr'><strong>perniciem</strong></span> <span class='ocrx_word' id='word_1_872' title='bbox 2777 4778 2791 4814; x_wconf 90' lang='lat'><strong>:</strong></span> <span class='ocrx_word' id='word_1_873' title='bbox 2825 4763 2968 4829; x_wconf 89' lang='lat' dir='ltr'><strong>quod</strong></span> <span class='ocrx_word' id='word_1_874' title='bbox 3005 4765 3215 4818; x_wconf 73' lang='lat' dir='ltr'><strong>scilicet</strong></span> <span class='ocrx_word' id='word_1_875' title='bbox 3254 4766 3502 4821; x_wconf 79' lang='lat' dir='ltr'><strong>homines</strong></span> 
     </span>
    </p>
   </div>
   <div class='ocr_carea' id='block_1_111' title="bbox 1941 4851 3498 4918">
    <p class='ocr_par' dir='ltr' id='par_1_111' title="bbox 1941 4851 3498 4918">
     <span class='ocr_line' id='line_1_111' title="bbox 1941 4851 3498 4918; baseline 0.003 -13"><span class='ocrx_word' id='word_1_876' title='bbox 1941 4851 2260 4905; x_wconf 89' lang='lat' dir='ltr'><strong>derelicturi</strong></span> <span class='ocrx_word' id='word_1_877' title='bbox 2311 4851 2424 4904; x_wconf 88' lang='lat' dir='ltr'><strong>sint</strong></span> <span class='ocrx_word' id='word_1_878' title='bbox 2466 4851 2658 4913; x_wconf 88' lang='lat' dir='ltr'><strong>Deum,</strong></span> <span class='ocrx_word' id='word_1_879' title='bbox 2694 4862 3103 4918; x_wconf 87' lang='lat' dir='ltr'><strong>procreatorem</strong></span> <span class='ocrx_word' id='word_1_880' title='bbox 3154 4863 3209 4908; x_wconf 91' lang='lat' dir='ltr'><strong>et</strong></span> <span class='ocrx_word' id='word_1_881' title='bbox 3235 4854 3498 4909; x_wconf 88' lang='lat' dir='ltr'><strong>factorem</strong></span> 
     </span>
    </p>
   </div>
   <div class='ocr_carea' id='block_1_112' title="bbox 1942 4943 3497 5011">
    <p class='ocr_par' dir='ltr' id='par_1_112' title="bbox 1942 4943 3497 5011">
     <span class='ocr_line' id='line_1_112' title="bbox 1942 4943 3497 5011; baseline 0 -12"><span class='ocrx_word' id='word_1_882' title='bbox 1942 4958 2125 5007; x_wconf 91' lang='lat' dir='ltr'><strong>suum,</strong></span> <span class='ocrx_word' id='word_1_883' title='bbox 2150 4944 2239 5011; x_wconf 92' lang='lat' dir='ltr'><strong>qui</strong></span> <span class='ocrx_word' id='word_1_884' title='bbox 2271 4958 2367 4996; x_wconf 91' lang='lat' dir='ltr'><strong>eos</strong></span> <span class='ocrx_word' id='word_1_885' title='bbox 2412 4957 2680 5011; x_wconf 89' lang='lat' dir='ltr'><strong>nusquam</strong></span> <span class='ocrx_word' id='word_1_886' title='bbox 2714 4943 3040 4997; x_wconf 81' lang='lat' dir='ltr'><strong>exsistentes</strong></span> <span class='ocrx_word' id='word_1_887' title='bbox 3088 4944 3143 4997; x_wconf 88' lang='lat' dir='ltr'><strong>in</strong></span> <span class='ocrx_word' id='word_1_888' title='bbox 3192 4945 3333 4998; x_wconf 87' lang='lat' dir='ltr'><strong>hanc</strong></span> <span class='ocrx_word' id='word_1_889' title='bbox 3358 4945 3497 4999; x_wconf 88' lang='lat' dir='ltr'><strong>sub-</strong></span> 
     </span>
    </p>
   </div>
   <div class='ocr_carea' id='block_1_113' title="bbox 1940 5033 3503 5103">
    <p class='ocr_par' dir='ltr' id='par_1_113' title="bbox 1940 5033 3503 5103">
     <span class='ocr_line' id='line_1_113' title="bbox 1940 5033 3503 5103; baseline -0.001 -12"><span class='ocrx_word' id='word_1_890' title='bbox 1940 5038 2196 5091; x_wconf 81' lang='lat' dir='ltr'><strong>stantiam</strong></span> <span class='ocrx_word' id='word_1_891' title='bbox 2231 5035 2436 5103; x_wconf 82' lang='lat' dir='ltr'><strong>redegit</strong></span> <span class='ocrx_word' id='word_1_892' title='bbox 2460 5052 2476 5098; x_wconf 85' lang='lat'><strong>;</strong></span> <span class='ocrx_word' id='word_1_893' title='bbox 2503 5043 2559 5088; x_wconf 92' lang='lat' dir='ltr'><strong>et</strong></span> <span class='ocrx_word' id='word_1_894' title='bbox 2582 5033 2863 5087; x_wconf 87' lang='lat' dir='ltr'><strong>adoraturi</strong></span> <span class='ocrx_word' id='word_1_895' title='bbox 2896 5034 3007 5088; x_wconf 89' lang='lat' dir='ltr'><strong>sint</strong></span> <span class='ocrx_word' id='word_1_896' title='bbox 3028 5035 3328 5097; x_wconf 87' lang='lat' dir='ltr'><strong>diabolum,</strong></span> <span class='ocrx_word' id='word_1_897' title='bbox 3352 5052 3503 5091; x_wconf 89' lang='lat' dir='ltr'><strong>crea-</strong></span> 
     </span>
    </p>
   </div>
   <div class='ocr_carea' id='block_1_114' title="bbox 1944 5122 3501 5191">
    <p class='ocr_par' dir='ltr' id='par_1_114' title="bbox 1944 5122 3501 5191">
     <span class='ocr_line' id='line_1_114' title="bbox 1944 5122 3501 5191; baseline 0 -14"><span class='ocrx_word' id='word_1_898' title='bbox 1944 5134 2116 5189; x_wconf 88' lang='lat' dir='ltr'><strong>turas,</strong></span> <span class='ocrx_word' id='word_1_899' title='bbox 2148 5134 2204 5178; x_wconf 89' lang='lat' dir='ltr'><strong>et</strong></span> <span class='ocrx_word' id='word_1_900' title='bbox 2251 5138 2417 5191; x_wconf 87' lang='lat' dir='ltr'><strong>opera</strong></span> <span class='ocrx_word' id='word_1_901' title='bbox 2448 5138 2708 5176; x_wconf 89' lang='lat' dir='ltr'><strong>manuum</strong></span> <span class='ocrx_word' id='word_1_902' title='bbox 2748 5136 2995 5177; x_wconf 87' lang='lat' dir='ltr'><strong>suarum.</strong></span> <span class='ocrx_word' id='word_1_903' title='bbox 3035 5122 3102 5175; x_wconf 86' lang='lat' dir='ltr'><strong>Et</strong></span> <span class='ocrx_word' id='word_1_904' title='bbox 3145 5123 3501 5190; x_wconf 87' lang='lat' dir='ltr'><strong>quemadmo-</strong></span> 
     </span>
    </p>
   </div>
   <div class='ocr_carea' id='block_1_115' title="bbox 1940 5214 3502 5284">
    <p class='ocr_par' dir='ltr' id='par_1_115' title="bbox 1940 5214 3502 5284">
     <span class='ocr_line' id='line_1_115' title="bbox 1940 5214 3502 5284; baseline -0.001 -14"><span class='ocrx_word' id='word_1_905' title='bbox 1940 5217 2068 5271; x_wconf 89' lang='lat' dir='ltr'><strong>dum</strong></span> <span class='ocrx_word' id='word_1_906' title='bbox 2098 5216 2296 5284; x_wconf 87' lang='lat' dir='ltr'><strong>aliquis</strong></span> <span class='ocrx_word' id='word_1_907' title='bbox 2323 5215 2592 5269; x_wconf 88' lang='lat' dir='ltr'><strong>ebrietate</strong></span> <span class='ocrx_word' id='word_1_908' title='bbox 2620 5215 2817 5276; x_wconf 91' lang='lat' dir='ltr'><strong>victus,</strong></span> <span class='ocrx_word' id='word_1_909' title='bbox 2853 5223 2947 5267; x_wconf 89' lang='lat' dir='ltr'><strong>aut</strong></span> <span class='ocrx_word' id='word_1_910' title='bbox 2969 5214 3025 5266; x_wconf 87' lang='lat' dir='ltr'><strong>in</strong></span> <span class='ocrx_word' id='word_1_911' title='bbox 3056 5214 3245 5267; x_wconf 72' lang='lat' dir='ltr'><strong>densis</strong></span> <span class='ocrx_word' id='word_1_912' title='bbox 3272 5216 3502 5283; x_wconf 86' lang='lat' dir='ltr'><strong>profun-</strong></span> 
     </span>
    </p>
   </div>
   <div class='ocr_carea' id='block_1_116' title="bbox 1940 5302 3498 5373">
    <p class='ocr_par' dir='ltr' id='par_1_116' title="bbox 1940 5302 3498 5373">
     <span class='ocr_line' id='line_1_116' title="bbox 1940 5302 3498 5373; baseline 0.001 -18"><span class='ocrx_word' id='word_1_913' title='bbox 1940 5305 2132 5373; x_wconf 87' lang='lat' dir='ltr'><strong>disque</strong></span> <span class='ocrx_word' id='word_1_914' title='bbox 2164 5304 2407 5358; x_wconf 87' lang='lat' dir='ltr'><strong>tenebris</strong></span> <span class='ocrx_word' id='word_1_915' title='bbox 2428 5304 2714 5365; x_wconf 87' lang='lat' dir='ltr'><strong>oberrans,</strong></span> <span class='ocrx_word' id='word_1_916' title='bbox 2742 5303 2988 5369; x_wconf 84' lang='lat' dir='ltr'><strong>neglecto</strong></span> <span class='ocrx_word' id='word_1_917' title='bbox 3007 5302 3231 5370; x_wconf 88' lang='lat' dir='ltr'><strong>proprio</strong></span> <span class='ocrx_word' id='word_1_918' title='bbox 3250 5312 3498 5370; x_wconf 85' lang='lat' dir='ltr'><strong>parente,</strong></span> 
     </span>
    </p>
   </div>
   <div class='ocr_carea' id='block_1_117' title="bbox 1940 5392 3495 5465">
    <p class='ocr_par' dir='ltr' id='par_1_117' title="bbox 1940 5392 3495 5465">
     <span class='ocr_line' id='line_1_117' title="bbox 1940 5392 3495 5465; baseline -0.003 -15"><span class='ocrx_word' id='word_1_919' title='bbox 1940 5400 2035 5465; x_wconf 90' lang='lat' dir='ltr'><strong>qui</strong></span> <span class='ocrx_word' id='word_1_920' title='bbox 2065 5395 2410 5450; x_wconf 88' lang='lat' dir='ltr'><strong>connnodum</strong></span> <span class='ocrx_word' id='word_1_921' title='bbox 2459 5403 2513 5447; x_wconf 93' lang='lat' dir='ltr'><strong>et</strong></span> <span class='ocrx_word' id='word_1_922' title='bbox 2562 5393 2853 5446; x_wconf 88' lang='lat' dir='ltr'><strong>utilitatem</strong></span> <span class='ocrx_word' id='word_1_923' title='bbox 2889 5392 3232 5460; x_wconf 87' lang='lat' dir='ltr'><strong>salutemque</strong></span> <span class='ocrx_word' id='word_1_924' title='bbox 3261 5408 3413 5446; x_wconf 75' lang='lat' dir='ltr'><strong>suam</strong></span> <span class='ocrx_word' id='word_1_925' title='bbox 3442 5396 3495 5447; x_wconf 90' lang='lat' dir='ltr'><strong>in</strong></span> 
     </span>
    </p>
   </div>
   <div class='ocr_carea' id='block_1_118' title="bbox 1940 5483 3497 5556">
    <p class='ocr_par' dir='ltr' id='par_1_118' title="bbox 1940 5483 3497 5556">
     <span class='ocr_line' id='line_1_118' title="bbox 1940 5483 3497 5556; baseline -0.003 -17"><span class='ocrx_word' id='word_1_926' title='bbox 1940 5485 2129 5556; x_wconf 88' lang='lat' dir='ltr'><strong>primis</strong></span> <span class='ocrx_word' id='word_1_927' title='bbox 2189 5494 2245 5539; x_wconf 90' lang='lat' dir='ltr'><strong>et</strong></span> <span class='ocrx_word' id='word_1_928' title='bbox 2293 5486 2453 5539; x_wconf 89' lang='lat' dir='ltr'><strong>unice</strong></span> <span class='ocrx_word' id='word_1_929' title='bbox 2512 5483 2786 5537; x_wconf 88' lang='lat' dir='ltr'><strong>desiderat</strong></span> <span class='ocrx_word' id='word_1_930' title='bbox 2838 5492 3251 5551; x_wconf 89' lang='lat' dir='ltr'><strong>promotamque</strong></span> <span class='ocrx_word' id='word_1_931' title='bbox 3305 5485 3497 5551; x_wconf 84' lang='lat' dir='ltr'><strong>cupit,</strong></span> 
     </span>
    </p>
   </div>
   <div class='ocr_carea' id='block_1_119' title="bbox 1945 5573 3496 5645">
    <p class='ocr_par' dir='ltr' id='par_1_119' title="bbox 1945 5573 3496 5645">
     <span class='ocr_line' id='line_1_119' title="bbox 1945 5573 3496 5645; baseline -0.003 -15"><span class='ocrx_word' id='word_1_932' title='bbox 1945 5579 2151 5630; x_wconf 88' lang='lat' dir='ltr'><strong>hostem</strong></span> <span class='ocrx_word' id='word_1_933' title='bbox 2186 5576 2457 5645; x_wconf 89' lang='lat' dir='ltr'><strong>sequitur,</strong></span> <span class='ocrx_word' id='word_1_934' title='bbox 2489 5573 2654 5628; x_wconf 58' lang='lat' dir='ltr'><strong>cindis</strong></span> <span class='ocrx_word' id='word_1_935' title='bbox 2692 5583 2747 5627; x_wconf 91' lang='lat' dir='ltr'><strong>et</strong></span> <span class='ocrx_word' id='word_1_936' title='bbox 2774 5573 3036 5641; x_wconf 80' lang='lat' dir='ltr'><strong>perniciei</strong></span> <span class='ocrx_word' id='word_1_937' title='bbox 3071 5589 3184 5627; x_wconf 73' lang='lat' dir='ltr'><strong>sua:</strong></span> <span class='ocrx_word' id='word_1_938' title='bbox 3214 5574 3496 5641; x_wconf 89' lang='lat' dir='ltr'><strong>cupidum,</strong></span> 
     </span>
    </p>
   </div>
   <div class='ocr_carea' id='block_1_120' title="bbox 1940 5666 3488 5738">
    <p class='ocr_par' dir='ltr' id='par_1_120' title="bbox 1940 5666 3488 5738">
     <span class='ocr_line' id='line_1_120' title="bbox 1940 5666 3488 5738; baseline -0.001 -17"><span class='ocrx_word' id='word_1_939' title='bbox 1940 5670 2135 5738; x_wconf 86' lang='lat' dir='ltr'><strong>ligatus</strong></span> <span class='ocrx_word' id='word_1_940' title='bbox 2164 5667 2373 5722; x_wconf 87' lang='lat' dir='ltr'><strong>scilicet</strong></span> <span class='ocrx_word' id='word_1_941' title='bbox 2398 5675 2454 5720; x_wconf 90' lang='lat' dir='ltr'><strong>et</strong></span> <span class='ocrx_word' id='word_1_942' title='bbox 2481 5666 2693 5723; x_wconf 78' lang='lat' dir='ltr'><strong>vinctus</strong></span> <span class='ocrx_word' id='word_1_943' title='bbox 2723 5666 2790 5720; x_wconf 85' lang='lat' dir='ltr'><strong>ab</strong></span> <span class='ocrx_word' id='word_1_944' title='bbox 2829 5681 2895 5721; x_wconf 91' lang='lat' dir='ltr'><strong>eo</strong></span> <span class='ocrx_word' id='word_1_945' title='bbox 2943 5681 3243 5735; x_wconf 86' lang='lat' dir='ltr'><strong>manusque</strong></span> <span class='ocrx_word' id='word_1_946' title='bbox 3292 5666 3488 5737; x_wconf 82' lang='lat' dir='ltr'><strong>pedes-</strong></span> 
     </span>
    </p>
   </div>
  </div>
