4204 6444
256 417 358 481 tot

1211 419 1513 479 CONTRA
1556 418 2051 487 ΜΜῘΟΜΕΤΕΜ
2094 419 2469 480 APOLOGIA
2513 419 2561 478 ῐ.

3389 422 3503 483 402

256 538 390 588 τισι.
440 536 724 605 Μακάριος
780 536 956 604 ἀνὴρ,
1004 529 1047 602 ᾧ
1090 536 1150 589 ού
1203 535 1278 606 μὴ
1310 536 1593 604 λογίσηται
1630 530 1827 605 Κύριος
1858 533 1903 596 Α

1858 533 1903 596 Α
1930 533 2039 593 Sed
2072 539 2215 608 quod
2249 539 2303 592 in
2330 539 2448 591 loco
2475 552 2636 606 supra
2666 537 2832 590 citato
2864 536 3027 599 dicit,
3078 555 3095 587 ι
3126 536 3180 588 in
3213 536 3406 589 diebus
3435 539 3499 591 il-

256 628 553 694 ἁμαρτίαν.
592 646 610 677 ι
659 626 747 680 Ἐν
798 627 875 695 τῷ
913 629 1107 691 εἰπεῖν,
1143 628 1225 680 ὅτι
1287 646 1305 679 ι
1342 630 1399 678 ὲν
1427 628 1545 688 ταῖς
1595 628 1828 695 ἡμέραις

258 716 449 780 αὑτοῦ,
469 737 487 765 ι
522 716 719 782 ἔδειξεν
746 716 1028 786 ἄνθρωπον
1064 718 1190 770 ὄντα
1212 719 1302 769 τὸν
1334 717 1399 769 τὰ
1431 718 1648 769 τοιαῦτα
1672 716 1835 785 τεράε

261 826 383 858 στια
410 809 804 876 ἐργασάμενον.
856 809 944 861 Ἐν
979 812 1085 877 γὰρ
1113 809 1191 877 τῷ
1225 808 1343 876 Θεῷ
1371 809 1583 877 ἡμέρας
1614 825 1835 877 περιερ-

260 896 574 963 γάζεσθαιὴ
609 899 827 966 μετρεῖν
853 897 912 948 ού
941 896 1180 965 θεμιτόν.
1199 896 1255 948 Ὀ
1283 897 1338 948 δὲ
1365 897 1594 964 Χριστὸς
1626 896 1830 965 ἤρξατο

259 987 395 1038 non
423 987 729 1057 ἄνθρωπος,
752 988 845 1039 καὶ
867 989 1057 1041 τούτου
1082 991 1135 1041 αἱ
1158 988 1363 1058 ἡμέραι
1388 988 1729 1057 μετροῦνται.
1763 989 1835 1039 Τὸ

258 1078 335 1136 δὲ,
369 1096 385 1126 ι
415 1078 518 1138 ἓως
558 1071 618 1128 οὗ
648 1079 1005 1149 ἀνταναιρεοῇ
1032 1081 1063 1149 ἡ
1090 1081 1348 1148 σελήνη.ἰ
1376 1080 1529 1132 τοῦτο
1548 1081 1836 1134 αἰνίττεται

262 1168 347 1217 ὅτι
376 1168 537 1229 αὐτὸς
561 1169 588 1218 ὁ
618 1168 900 1235 ἄνθρωπος
930 1172 959 1221 ὁ
1014 1170 1248 1239 ποιήσας
1300 1171 1438 1223 αὐτὰ
1460 1211 1473 1232 ,
1506 1172 1667 1234 αὑτός
1718 1172 1835 1221 ἐστι

260 1259 355 1305 καὶ
382 1257 534 1317 Θεός.
576 1257 887 1324 Ἀνθρώπου
914 1260 1021 1327 γὰρ
1049 1258 1203 1326 ψιλοῦ
1237 1261 1334 1312 οὐκ
1368 1259 1485 1313 ἔστι
1516 1260 1575 1312 τὸ
1603 1261 1836 1328 περισώ-

261 1344 473 1409 ζεσοαι,
514 1346 617 1408 ἕως
665 1341 725 1399 οὗ
761 1348 826 1401 ἂν
886 1349 1135 1401 ἵστασθαι
1166 1350 1264 1419 τὴν
1312 1350 1564 1419 σελήνην.
1621 1352 1694 1402 Τὸ
1729 1351 1835 1421 γὰρ

266 1455 282 1483 ι
313 1436 418 1498 ’ἐως
448 1428 506 1487 οὗ
531 1438 889 1507 ἁνταναιρεθῇ
930 1441 961 1505 ἡ
1010 1440 1228 1509 σελήνη,
1256 1458 1272 1484 ι
1297 1441 1445 1493 οὐδὲν
1469 1442 1594 1493 ἄλλο
1616 1441 1789 1510 δηλῶν
1810 1442 1837 1492 ὁ

262 1527 558 1594 Προφήτης
608 1524 782 1589 εἶπεν,
813 1528 928 1580 ἀλλ’
968 1531 999 1598 ἢ
1054 1530 1132 1581 ὅτι
1165 1530 1353 1598 ὥσπερ
1401 1531 1586 1599 ούδὲὴ
1640 1531 1834 1601 σελήνη

264 1614 448 1679 μέλλει
475 1617 855 1684 διαφθαρῆναι,
886 1617 1021 1669 ἀλλὰ
1049 1616 1337 1679 σώζεσθαι,
1361 1618 1531 1678 οὕτως
1555 1617 1674 1669 οὐδὲ
1698 1619 1837 1671 ἐκεῖ·

261 1719 350 1763 νος
383 1704 410 1752 ὁ
446 1704 752 1770 ἅνθρωπος.
791 1706 940 1756 Ἐπεὶ
974 1705 1103 1771 γοῦν
1132 1704 1222 1757 τοῦ
1255 1705 1389 1757 Ε)εοῖ
1435 1706 1597 1771 μόνου
1623 1706 1739 1761 ἐστὶ
1776 1707 1837 1759 τὸ

261 1794 470 1861 κυρίως
498 1794 880 1863 ἀτελεύτητον,
936 1794 1137 1858 ἔδειξεν
1178 1797 1257 1847 ὅτι
1293 1799 1318 1849 ό
1352 1797 1511 1858 αὑτός
1545 1798 1660 1849 ἐστι
1698 1798 1830 1860 Θεός

259 1899 318 1935 τε
356 1885 450 1933 καὶ
492 1882 794 1951 ἄνθρωπος.
816 1883 900 1934 Ἐν
931 1883 986 1935 δὲ
1012 1883 1086 1952 τῷ
1116 1885 1307 1947 εἰπεῖν,
1349 1886 1429 1936 ὅτι
1463 1902 1480 1934 ι
1514 1886 1828 1954 Προσκυνὴ-
1861 1864 1904 1922 Β

265 1990 451 2025 σουσιν
486 1973 633 2041 αύτῷ
664 1974 861 2035 πάντες
910 1975 959 2026 οἱ
994 1976 1231 2044 βασιλεῖς
1287 1975 1384 2043 τῆς
1413 1978 1533 2043 γῆς,
1563 1993 1579 2025 ι
1621 1976 1713 2028 και⁵
1758 1976 1836 2040 τὸ,

266 2081 285 2114 ι
320 2064 501 2114 Πάντα
527 2065 593 2115 τὶ
628 2063 750 2131 ἔθνη
788 2064 1158 2118 δουλεύσουσιν
1182 2065 1348 2134 αὐτῷ,
1369 2083 1387 2115 ι
1411 2066 1577 2129 ἔδειξε
1594 2066 1691 2134 τὴν
1708 2067 1842 2135 πρὸς

258 2155 351 2205 τὸν
387 2155 621 2223 Χριστὸν
657 2155 763 2206 τῶν
809 2154 977 2206 ἐθνῶν
1025 2156 1383 2225 ἐπιστροφὴν,
1424 2156 1516 2208 καὶ
1573 2156 1670 2226 τὴν
1724 2157 1831 2209 τῶν

263 2244 529 2312 βασιλέων
562 2245 950 2315 προσκύνησιν.
994 2244 1109 2299 Ἵνα
1127 2246 1183 2297 δὲ
1213 2246 1286 2315 μὴ
1327 2247 1553 2300 εἴπωσιν
1574 2248 1620 2299 οἱ
1664 2247 1842 2317 βουλό-

264 2354 417 2402 μενοι
452 2340 899 2408 παραχαράττειν
923 2339 1021 2409 τὴν
1053 2339 1329 2410 ἀλήθειαν,
1378 2341 1459 2393 ὅτι
1516 2340 1639 2407 περί
1692 2357 1838 2402 τινος

264 2426 534 2493 βασιλέως
587 2428 809 2495 ἰσχυροῦ
863 2427 962 2496 μὲν
1021 2428 1194 2494 ὄντος,
1233 2428 1309 2491 ὡς
1358 2427 1450 2480 τοῦ
1495 2427 1714 2480 Ἰουλίου
1741 2427 1837 2479 καὶ

262 2516 581 2582 Αὐγούστου
616 2518 709 2569 καὶ
734 2515 1006 2586 Τιϐερίου,
1032 2518 1227 2581 οῐτινες
1271 2518 1712 2588 προσεκυνοΰντο
1742 2518 1839 2587 μὲν

264 2608 417 2675 παρᾶ
453 2607 560 2659 τῶν
609 2608 869 2677 βασιλέων
913 2608 1013 2677 τῆς
1066 2609 1167 2676 γῆς
1228 2613 1320 2663 καὶ
1360 2609 1465 2661 τῶν
1523 2609 1713 2671 ἐθνῶν,
1745 2609 1840 2661 καὶ

262 2696 563 2767 ὲττῃνοῦντο
622 2700 750 2767 παρ’
783 2702 1027 2763 ἐκείνων,
1072 2697 1211 2771 ἦσαν
1266 2702 1320 2754 δὲ
1372 2702 1521 2769 ὅμως
1568 2702 1839 2770 ἂνθρωποι

262 2790 357 2840 καὶ
376 2790 530 2840 αὐτοὶ
560 2790 634 2851 ὡς
655 2791 700 2840 οἱ
730 2792 947 2853 πάντες,
972 2789 1141 2842 εἰπὼν
1167 2792 1248 2842 ὅτι
1275 2810 1292 2842 ι
1319 2791 1620 2860 Εύλογητὸν
1643 2791 1701 2842 τὸ
1730 2792 1841 2843 ὀνο⁴

268 2896 343 2944 μα
362 2878 551 2941 αὐτοῦ,
580 2897 599 2930 ι
618 2881 953 2949 προσέθηκεν
971 2881 1051 2933 ὅτι
1078 2901 1094 2933 ι
1125 2882 1203 2942 είς
1225 2882 1346 2943 τοὺς
1360 2883 1581 2943 αἰῶνας.
1596 2900 1613 2931 ι
1637 2881 1841 2943 Παντὸς

262 2970 376 3035 γὰρ
404 2968 691 3036 ἀνθρώπου
722 2970 941 3032 ἔπαινος
972 2973 1028 3022 ὲν
1059 2970 1195 3040 τῷδε
1224 2970 1302 3039 τῷ
1352 2971 1450 3040 βίῳ
1477 2972 1829 3025 συνατιοτίθε⁸

264 3073 380 3107 ται.
410 3055 558 3107 Μετὰ
582 3057 637 3108 δὲ
671 3059 769 3127 τὴν
796 3058 889 3111 τοῦ
918 3060 1183 3127 παρόντος
1209 3061 1417 3128 κόσμου
1447 3063 1842 3130 συμπλήρωσιν

1937 629 2080 689 lius,
2121 648 2138 678 ι
2172 627 2353 680 innuit
2416 627 2691 681 hominem
2724 625 2862 689 fore,
2918 629 3009 692 qui
3072 625 3187 679 haec
3238 626 3500 679 miracula

1939 718 2185 771 editurus
2216 719 2303 770 sit.
2338 717 2395 769 ln
2425 717 2536 769 Deo
2568 717 2712 769 enim
2743 716 2862 769 dies
2893 716 3165 769 curiosius
3199 716 3497 782 inquirere,

1937 804 2020 855 vel
2052 818 2368 856 mensurare
2404 802 2554 855 nefas
2584 811 2686 855 est.
2715 803 2969 856 Christus
2995 811 3197 864 autem,
3232 810 3504 870 quatenus

1939 893 2101 946 homo
2124 902 2229 954 est,
2266 894 2480 947 initimn
2508 894 2720 958 habuit,
2751 903 2804 946 et
2837 894 2999 958 hujus
3023 894 3141 947 dies
3177 908 3502 946 mensuran-

1938 997 2046 1041 tur.
2077 986 2211 1039 lllnd
2238 1002 2385 1051 vero,
2424 1006 2440 1038 ι
2474 988 2647 1042 donec
2677 986 2956 1041 auferatur
2983 988 3131 1050 luna,
3170 1006 3187 1038 ι
3223 989 3373 1041 nullo
3396 988 3503 1041 alio

1938 1092 2100 1131 sensu
2129 1076 2391 1143 propheta
2422 1077 2598 1140 dixit,
2629 1092 2792 1146 qnam
2830 1077 2955 1138 hoc,
2990 1076 3134 1144 quod
3170 1078 3338 1130 veluti
3370 1078 3502 1130 luna

1937 1164 2199 1217 servanda
2225 1174 2326 1227 est,
2358 1179 2455 1218 nec
2490 1167 2754 1232 peritura,
2788 1167 2859 1219 ita
2889 1182 2990 1220 nec
3016 1167 3103 1218 ille
3130 1165 3313 1219 homo.
3347 1164 3503 1230 Quo-

1939 1254 2082 1307 niam
2119 1270 2246 1307 vero
2302 1254 2549 1308 absolute
2598 1256 2705 1308 fine
2736 1270 2928 1309 carere
2953 1257 3051 1309 soli
3084 1257 3195 1310 Deo
3223 1256 3503 1324 proprium

1936 1354 2040 1407 est,
2071 1345 2329 1400 indicavit
2362 1346 2535 1409 hisce,
2563 1347 2707 1416 quod
2744 1347 2833 1401 hic
2867 1355 2921 1401 et
2952 1346 3061 1401 Deu
3082 1362 3107 1401 ε
3134 1357 3188 1401 et
3223 1348 3386 1400 homo
3411 1347 3502 1400 sit.

1937 1437 2053 1492 lllis
2106 1454 2235 1492 vero
2266 1439 2487 1504 verbis,
2535 1458 2552 1489 ι
2596 1440 2914 1493 Adorabunt
2961 1455 3085 1493 eum
3118 1452 3308 1491 omnes
3355 1451 3508 1505 reges

1942 1532 2137 1587 terrm,
2185 1533 2240 1578 et
2268 1540 2456 1579 omnes
2484 1537 2673 1595 gentes
2731 1528 2975 1581 servient
3039 1528 3139 1591 illi,
3185 1544 3203 1578 ι
3246 1526 3509 1581 indicavit

1940 1616 2183 1684 gentium
2235 1617 2652 1671 conversionem
2708 1618 2773 1670 ad
2827 1617 3101 1672 Christum
3133 1657 3145 1678 ,
3207 1627 3262 1671 et
3317 1633 3502 1683 regum

1942 1705 2340 1759 adorationem.
2378 1707 2456 1761 Ne
2496 1723 2626 1760 vero
2682 1707 2735 1760 hi
2772 1707 2864 1777 qui
2900 1709 3186 1762 veritatem
3220 1708 3504 1761 destruere

1940 1802 1995 1845 et
2026 1794 2294 1847 invertere
2336 1795 2599 1860 cupiunt,
2630 1795 2743 1848 haec
2781 1796 2848 1848 de
2891 1811 3015 1863 rege
3069 1797 3252 1862 aliquo
3288 1800 3501 1863 potenti

1943 1883 2231 1937 et‘invicto
2263 1884 2648 1954 intelligerent,
2705 1894 2894 1954 utpote
2922 1886 3090 1950 Julio,
3117 1887 3383 1954 Augusto,
3411 1886 3504 1939 Ti—

1942 1973 2117 2035 berio,
2144 1973 2228 2027 vel
2259 1974 2403 2037 aliis,
2440 1976 2530 2042 qui
2566 1985 2617 2029 et
2652 1975 2751 2042 ipsi
2782 1993 2811 2030 a
2845 1977 3064 2045 regibus
3091 1990 3251 2031 teme
3288 1986 3340 2031 et
3373 1993 3507 2046 gett-

1944 2064 2087 2117 tibus
2118 2063 2329 2117 adorati
2384 2074 2534 2131 sunt,
2577 2074 2633 2120 et
2680 2050 2747 2119 ab
2800 2068 2886 2120 his
2924 2069 3227 2131 celebrati,
3256 2070 3506 2137 quamvis

1943 2154 2191 2208 homines
2218 2166 2421 2219 essent,
2461 2166 2520 2208 nt
2554 2169 2607 2210 et
2630 2171 2731 2210 nos
2757 2172 2971 2223 omnes,
3007 2159 3174 2211 David
3210 2175 3334 2212 cum
3369 2161 3504 2212 dicit

1943 2256 2139 2296 nomen
2189 2245 2309 2312 ejus
2358 2260 2480 2298 esse
2530 2244 2918 2309 benedictum,
2964 2248 3128 2300 etiam
3178 2248 3281 2300 hoc
3312 2248 3502 2308 addit.

1947 2351 1965 2384 ι
2015 2334 2067 2386 in
2100 2334 2316 2387 saecula.
2359 2354 2376 2384 ι
2412 2334 2855 2404 Uninscujnsque
2898 2337 3045 2389 enim
3100 2337 3339 2391 hominis
3388 2338 3505 2391 laus

1943 2427 1997 2478 in
2032 2425 2134 2477 vita
2162 2424 2264 2479 hac
2295 2440 2400 2478 una
2434 2440 2558 2478 cum
2594 2425 2683 2478 illa
2704 2426 2998 2494 deponitur
3023 2443 3037 2482 :
3065 2428 3157 2480 sed
3179 2439 3299 2496 post
3316 2428 3502 2481 mundi

1943 2515 2107 2585 hujus
2150 2515 2685 2570 consummationem
2715 2531 2817 2569 nec
2850 2515 2969 2569 lans
3000 2517 3173 2586 ipsius
3202 2531 3504 2587 permanet.

1944 2623 2046 2661 nec
2077 2606 2316 2661 infamia.
2352 2607 2479 2661 Sola
2517 2608 2663 2661 enim
2699 2624 2862 2676 opera
2890 2609 3036 2662 illius
3085 2625 3190 2662 una
3222 2626 3343 2661 cum
3390 2611 3508 2679 ipso

1942 2702 2230 2757 discedunt
2261 2741 2276 2765 ,
2314 2716 2545 2769 quorum
2594 2701 2759 2753 etiam
2794 2701 3187 2754 retaliationem
3221 2702 3287 2753 ab
3317 2718 3383 2754 eo
3411 2718 3506 2754 cx-

1943 2801 2152 2858 spectat
2209 2793 2301 2856 qui
2339 2791 2598 2844 mundum
2631 2790 2976 2860 iudicaturus
3026 2802 3145 2852 est.
3202 2793 3315 2845 sive
3368 2792 3508 2844 bona

1941 2882 2184 2944 fuerint,
2216 2883 2330 2937 sive
2358 2881 2560 2937 minus.
2606 2881 2745 2935 lllnd
2779 2896 2933 2947 vero,
2965 2899 2983 2932 ι
3021 2882 3079 2935 In
3112 2882 3307 2936 saecula
3340 2882 3507 2934 benc-

1943 2973 2151 3027 dictum
2188 2971 2519 3026 eritnomen
2572 2970 2772 3039 ipsius,
2818 2988 2836 3023 ι
2874 2985 3215 3039 nequaquam
3270 2971 3508 3023 hominis

1948 3070 2051 3125 est,
2082 3061 2175 3115 sed
2207 3061 2323 3115 Dei.
2351 3060 2507 3125 ltem,
2544 3078 2561 3110 ι
2599 3060 2737 3117 Ante
2769 3059 2935 3113 solem
2987 3066 3271 3128 permanet
3308 3075 3507 3113 nomen

266 3145 393 3197 οὕτε
430 3149 457 3198 ὁ
483 3148 671 3199 τούτου
696 3149 909 3212 ἔπαινος
942 3151 1210 3219 διαμένει,
1264 3152 1380 3204 ἀλλ’
1434 3152 1557 3205 οὔτε
1591 3152 1618 3203 ὁ
1644 3154 1836 3221 ψόγος.
1870 3190 1910 3245 C

1870 3190 1910 3245 ε
1946 3153 2114 3208 illius.
2151 3170 2168 3201 ι
2212 3152 2346 3217 Quis
2380 3166 2508 3219 rogo
2542 3152 2822 3205 hominum
2860 3159 2985 3204 ante
3012 3152 3183 3206 solem
3222 3150 3506 3203 con-litum

268 3238 421 3288 Μὸνσ
441 3238 495 3290 δὲ
522 3240 588 3290 τὰ
614 3240 776 3292 αὐτοῦ
809 3241 947 3310 ἔργα
970 3243 1406 3311 συναπέρχονται
1436 3244 1605 3315 αύτῷ,
1632 3246 1840 3306 καὶτὰς

270 3329 329 3391 ἑξ
365 3330 544 3380 αὐτῶν
596 3334 827 3398 ἀμοιϐὰς
878 3333 1157 3403 ἐκδέχεται
1201 3334 1350 3405 παρὰ
1408 3335 1500 3387 τοῦ
1555 3334 1837 3404 μέλλοντος

270 3418 481 3484 κρίνειν
511 3422 609 3489 τὴν
641 3422 987 3492 οἰκουμένην,
1040 3424 1148 3476 εἴτε
1181 3426 1361 3491 ἀγαθά
1415 3429 1572 3486 εἰσιν,
1604 3428 1711 3477 εἴτε
1744 3426 1837 3477 καὶ

274 3510 371 3575 μή.
406 3508 480 3561 Τὸ
513 3510 591 3573 δὲ,
630 3530 648 3561 ι
678 3512 769 3573 Εἰς
796 3514 919 3575 τοὺς
950 3513 1153 3575 αίῶνας
1184 3514 1333 3567 ἔσται
1389 3516 1750 3585 εὐλογημένον
1784 3515 1842 3568 τὸ

268 3598 444 3666 δνομα
470 3600 651 3663 αὐτοῦ,
676 3603 801 3654 »οὐκ
840 3603 982 3657 ἔστιν
1002 3603 1309 3674 ἀνθρώπου,
1336 3607 1468 3658 ἀλλὰ
1494 3606 1650 3661 Θεοῦ.
1684 3625 1702 3657 ι
1732 3606 1844 3674 Πρὸ

268 3689 365 3739 τοῦ
411 3690 561 3758 ἡλίου
592 3692 830 3762 διαμένει
864 3695 923 3746 τὸ
952 3696 980 3733 ν
1024 3713 1124 3747 "Il.
1151 3697 1339 3752 αὐτοῦ,
1378 3715 1396 3748 ι
1427 3697 1581 3759 Ποῖος
1608 3696 1715 3749 τῶν
1742 3697 1835 3747 ἀν-

1950 3243 2268 3298 invenitur?
2303 3241 2497 3296 Nullus
2526 3244 2772 3306 omnino,
2805 3251 2860 3297 et
2905 3256 3009 3295 nec
3057 3242 3173 3310 ipse
3219 3240 3507 3303 Christus,

1950 3345 2221 3405 quatenus
2252 3334 2415 3389 homo
2443 3342 2547 3399 est,
2582 3334 2674 3388 sed
2707 3345 2977 3402 quatenus
3004 3333 3146 3386 Deus
3166 3340 3267 3385 est.
3304 3331 3508 3384 Secun-

1950 3426 2079 3480 dum
2114 3425 2505 3483 humanitatem
2536 3440 2667 3478 vero
2692 3433 2745 3477 et
2770 3438 2889 3478 esse
2910 3424 3096 3491 cmpit,
3127 3432 3179 3475 et
3208 3423 3323 3475 dies
3348 3421 3508 3476 habet

1949 3523 2327 3581 mensuratos;
2364 3522 2419 3568 et
2448 3514 2809 3567 aderavernnt
2842 3529 2966 3567 eum
2997 3529 3188 3568 omnes
3218 3523 3425 3581 gentes,
3452 3520 3507 3567 et

1948 3620 2140 3659 omnes
2172 3619 2326 3674 reges
2378 3614 2535 3658 teme
2559 3643 2574 3667 ,
2610 3616 2668 3657 ut
2699 3604 2870 3658 Deum
2912 3615 2969 3659 et
3012 3604 3286 3659 hominem
3311 3644 3325 3670 ,
3356 3614 3412 3658 et
3452 3604 3505 3656 in

1947 3710 2013 3749 eo
2038 3709 2229 3748 omnes
2257 3705 2444 3765 gentes
2469 3703 2595 3748 sunt
2623 3694 2942 3749 benedictae.

271 3780 511 3847 θρὼπων
540 3784 848 3852 εὑρίσκεται
896 3787 1001 3854 πρὸ
1038 3786 1129 3839 τοῦ
1160 3788 1347 3858 ἡλίους
1422 3792 1645 3848 Πάντως
1710 3787 1902 3851 οἰδεὶς,
1944 3787 2053 3839 οὐδ’
2100 3787 2257 3848 αὐτὸς
2307 3787 2334 3839 ό
2378 3786 2610 3855 Χριστὸς
2662 3783 2796 3838 καθὸ
2844 3784 3146 3852 ἅνθρωπος,
3196 3782 3331 3836 ἀλλὰ
3375 3782 3510 3833 καοὸ

270 3873 428 3934 Θεὸς.
466 3873 615 3925 Καθὸ
643 3875 697 3927 δὲ
736 3876 1036 3945 ἄνθρωπος,
1083 3882 1176 3934 καὶ
1207 3880 1444 3949 ἡρξατο,
1500 3882 1591 3932 καὶ
1616 3881 1831 3949 ἡμέραν
1870 3877 1979 3947 ἔχει
2010 3877 2430 3946 μεμετρημένην
2457 3892 2473 3908 ⁸
2498 3877 2592 3929 καὶ
2638 3874 3053 3945 προσεκύνησαν
3112 3875 3274 3928 αὑτὸν
3334 3877 3509 3926 πάντα

270 3965 341 4015 τὰ
370 3963 522 4034 ἔθνη,
550 3966 642 4018 καὶ
671 3966 869 4031 πάντες
897 3969 945 4020 οἱ
979 3968 1219 4038 βασιλεῖς
1249 3971 1347 4038 τῆς
1407 3972 1528 4039 γῆς,
1560 3970 1633 4034 ὡς
1692 3970 1822 4026 Θεόν
1852 3986 1911 4023 τε
1952 3974 2045 4023 καὶ
2077 3969 2384 4040 ἄνθρωπον,
2413 3969 2505 4021 καὶ
2541 3970 2599 4022 ὲν
2629 3968 2779 4038 αὐτῷ
2819 3969 3199 4039 ηὑλογήθησαν
3235 3968 3409 4021 πάντα
3443 3970 3511 4018 τὰ

272 4056 427 4123 ἔθνη.

344 4156 415 4218 η’.
443 4151 552 4202 Καὶ
586 4152 796 4221 συνᾴδει
838 4152 872 4221 ἡ
898 4152 990 4204 τοῦ
1036 4153 1197 4206 Δαϐὶδ
1227 4155 1531 4224 προφητεία
1566 4156 1700 4223 μετὰ
1746 4154 1838 4206 τοῦ

280 4242 515 4293 ἰῐσαΐου
542 4242 633 4291 καὶ
680 4240 872 4294 Ἰακὼσ
898 4243 1160 4296 εἰπόντων
1191 4249 1317 4314 περὶ
1349 4246 1441 4297 τοῦ
1477 4245 1735 4312 Χριστοῦ,
1759 4246 1839 4296 ὅτι

270 4332 388 4380 ἐστὶ
421 4330 714 4397 προσδοκία
760 4331 949 4394 ἐθνῶν,
985 4334 1060 4395 ὡς
1122 4334 1181 4384 ὲν
1225 4337 1334 4395 τοῖς
1368 4334 1677 4403 ἔμπροσθεν
1702 4334 1838 4385 ἀπο-

268 4423 561 4474 δέδεικται.
617 4422 802 4488 Ὅμως
848 4422 915 4474 τὰ
945 4424 1118 4476 πάντα
1166 4426 1401 4476 συνελὼν
1451 4427 1478 4476 ὁ
1524 4426 1840 4494 Προφήτης,

272 4510 369 4560 καὶ
397 4510 734 4577 Θεασάμενος
778 4511 876 4581 τὴν
932 4511 1023 4565 τοῦ
1056 4513 1189 4565 Θεοῦ
1238 4513 1413 4580 Λόγου
1472 4512 1560 4565 διὰ
1611 4514 1707 4580 τὴν
1736 4512 1844 4564 τῶν

269 4599 578 4666 ἀνθρώπων
611 4602 884 4670 σωτηρίαν
913 4603 1337 4671 συγκατάόασιν,
1376 4603 1469 4654 καὶ
1498 4603 1578 4655 ὅτι
1609 4602 1739 4662 Θεὸς
1766 4600 1839 4653 ὣν

256 4689 464 4759 ’μέλλει
515 4690 766 4753 γενέσθαι
820 4690 1121 4756 ἄνθρωπος,
1186 4693 1278 4743 καὶ
1329 4691 1449 4742 ἰδὼν
1508 4692 1598 4742 τὸν
1652 4692 1842 4758 πρώην

269 4778 464 4847 ἄγριον
494 4778 591 4830 καὶ
621 4778 803 4847 ἀπηνῆ
834 4780 1097 4847 τύραννον
1126 4780 1216 4832 τὸν
1242 4780 1504 4843 διάϐολον,
1541 4782 1663 4832 ὅσον
1688 4779 1840 4832 ούπω

271 4868 426 4934 παρὰ
450 4866 545 4919 τοῦ
574 4866 999 4935 τυραννηθέντος
1023 4868 1111 4919 ὑπ’
1130 4868 1293 4921 αὐτοῦ
1326 4869 1611 4937 ἀνθρώπου
1641 4872 1840 4937 ἐμπαι-

270 4955 503 5022 ζόμενον
536 4957 627 5007 καὶ
654 4958 1151 5026 καταπατούμενον,
1193 4958 1376 5020 ἔνθους
1408 4960 1497 5027 ύᾴ
1527 4960 1717 5027 ἡδονῆς
1755 4977 1842 5025 γε-

270 5044 469 5111 γονὼς,
507 5045 763 5116 ὲξεϐόησε
813 5048 911 5115 τὴν
944 5049 1219 5115 μακαρίαν
1274 5049 1489 5116 ἐκείνην
1522 5051 1723 5117 φωνὴν,
1755 5052 1838 5114 τὸ,

275 5154 295 5185 ι
324 5134 628 5201 Εὐλογητὸς
660 5136 862 5204 Κύριος
886 5139 913 5187 ὁ
942 5137 1071 5197 Θεὸς
1092 5136 1432 5205 τοῦῚσραὴλ,
1466 5138 1493 5188 ὁ
1527 5139 1694 5188 ποιῶν
1716 5138 1843 5189 Θαυ-

273 5227 447 5292 μάσια
480 5227 676 5294 μόνος,
730 5228 820 5277 καὶ
852 5227 1212 5294 εύλογημένον
1264 5228 1321 5279 τὸ
1355 5228 1529 5296 ὄνομα
1557 5229 1724 5280 αὑτοῦ
1763 5233 1842 5292 εἰς

269 5318 364 5366 τὸν
391 5316 585 5377 αἰῶνα,
620 5316 716 5367 καὶ
766 5316 843 5377 είς
894 5318 984 5368 τὸν
1018 5316 1187 5369 αἰῶνα
1234 5316 1326 5368 τοῦ
1355 5318 1563 5380 αἰῶνος.
1609 5337 1626 5368 ι
1701 5315 1844 5386 Ἆρα

270 5405 469 5473 χρῄζει
499 5408 596 5456 καὶ
625 5408 653 5457 ὁ
684 5406 872 5474 παρὼν
908 5406 1061 5469 λόγος
1099 5408 1432 5474 ἐξηγήσεως,
1461 5408 1491 5475 ἢ
1525 5409 1595 5468 ὡς
1629 5410 1659 5476 ἡ
1715 5410 1844 5476 αιή-

272 5498 398 5547 Οεια
431 5496 569 5563 ἔχει,
595 5497 792 5556 παντὸς
820 5496 968 5562 ἡλίου
1000 5495 1093 5547 καὶ⁵
1147 5498 1325 5564 πάσης
1355 5498 1609 5562 ἀληθείας
1642 5499 1846 5566 ἀνορω-

272 5584 438 5645 ﬁlim;
473 5583 587 5634 ἐστὶ
617 5582 996 5653 καθαρώτερός
1023 5600 1079 5635 τε
1110 5584 1198 5635 καὶ
1229 5585 1590 5652 ααφέατεροςς
1620 5587 1713 5637 Ὃν
1742 5588 1847 5652 γὰρ

351 5762 396 5792 ⁸⁵
446 5762 584 5818 I‘sal.
638 5766 895 5829 uxr,18.

2014 4154 2065 4207 8.
2102 4153 2269 4207 Porro
2315 4152 2427 4206 haec
2476 4151 2695 4207 Davidis
2747 4150 3031 4221 prophetia
3098 4167 3224 4206 cum
3280 4151 3414 4204 lsaia
3453 4162 3510 4205 et

1944 4244 2145 4298 Jacobo
2171 4243 2449 4307 convenit,
2500 4243 2592 4312 qui
2645 4242 2713 4295 de
2763 4242 2984 4297 Christo
3018 4242 3227 4307 dicunt,
3265 4243 3407 4311 quod
3441 4244 3510 4296 sit

1943 4334 2285 4402 exspectatio
2319 4336 2588 4402 gentium,
2622 4333 3081 4401 quemadmodum
3113 4334 3165 4386 in
3207 4334 3509 4402 superiori-

1946 4420 2050 4474 bus
2110 4420 2543 4474 dcmonstratnm
2575 4430 2679 4475 est.
2719 4420 2961 4475 Tandem
2995 4437 3124 4475 vero
3152 4424 3510 4505 omnia.com-

1949 4511 2293 4578 prehendens
2319 4511 2609 4579 propheta,
2647 4522 2701 4565 et
2726 4512 3028 4580 respiciens
3061 4512 3224 4568 Verbi
3246 4513 3337 4568 Dei
3372 4530 3508 4567 cou-

1944 4600 2310 4651 vcrsationem
2344 4615 2446 4669 pro
2474 4600 2759 4654 hominum
2809 4602 2987 4656 salute
3032 4602 3249 4665 factam,
3278 4613 3333 4656 ct
3363 4607 3506 4672 quod

1944 4690 2087 4741 Deus
2125 4690 2395 4741 exsistens
2463 4690 2740 4743 hominem
2775 4700 3156 4759 assnuiptnrus
3188 4705 3333 4747 esset
3375 4713 3386 4745 :
3426 4696 3509 4744 vi-

1940 4780 2077 4831 dens
2137 4778 2375 4846 denique
2431 4778 2583 4831 illum
2632 4780 2795 4832 modo
2847 4781 3080 4834 lerocem
3131 4791 3187 4835 et
3242 4784 3505 4835 immitem

1950 4877 2239 4937 tyrannum
2272 4868 2552 4922 diabolum
2589 4870 2659 4923 ab
2691 4870 2912 4924 homine
2938 4912 2952 4934 ,
2992 4887 3155 4940 quem
3190 4874 3350 4925 modo
3382 4884 3507 4925 ante

1951 4958 2237 5024 tyrannide
2271 4967 2565 5025 presserat,
2597 4960 2705 5028 jam
2754 4969 2962 5014 tantum
2994 4977 3103 5013 non
3140 4963 3357 5015 illusum
3388 4977 3509 5015 esse

1947 5058 2003 5100 et
2039 5048 2381 5108 conculcari,
2420 5051 2696 5117 voluptate
2755 5051 2908 5118 quasi
2959 5052 3217 5118 abreptus
3245 5092 3258 5113 ,
3298 5053 3505 5105 beatam

1949 5138 2091 5189 illam
2141 5154 2324 5191 vocem
2355 5140 2666 5194 exclamans
2712 5141 2914 5208 profert
2945 5159 2957 5195 :
2999 5161 3017 5190 ι
3049 5141 3376 5195 Benedictus
3404 5145 3509 5195 llo-

1948 5226 2131 5279 minus
2161 5228 2303 5282 Deus
2340 5229 2558 5283 lsraelis
2586 5270 2598 5291 ,
2636 5231 2727 5298 qui
2759 5231 2909 5284 solus
2950 5233 3076 5286 facit
3125 5233 3420 5295 mirabilia,
3454 5246 3508 5286 ct

1947 5318 2299 5371 benedictum
2335 5336 2532 5374 nomen
2562 5322 2752 5387 ejnsin
2781 5333 3045 5376 tuternnm
3077 5336 3130 5377 et
3165 5325 3214 5376 in
3247 5325 3504 5378 sa-cnlnm

1949 5406 2129 5459 saeculi
2154 5408 2215 5460 ’⁵.
2249 5425 2266 5457 ι
2297 5408 2504 5478 lndigct
2523 5424 2651 5462 sane
2668 5420 2723 5462 ct
2742 5424 2975 5477 praesens
2993 5412 3144 5463 locus
3162 5426 3221 5463 ev
3235 5413 3505 5479 positione

1950 5497 2152 5563 aliqua,
2196 5498 2324 5551 licet
2358 5514 2544 5552 revera
2577 5500 2821 5568 quolibet
2856 5502 2967 5554 sole
2995 5510 3049 5554 et
3083 5502 3231 5553 omni
3269 5502 3504 5555 humana

1950 5589 2179 5640 veritate
2213 5591 2400 5656 purior
2425 5591 2490 5643 sit
2522 5600 2575 5643 et
2616 5590 2924 5645 dilucitlior.
2955 5592 3124 5656 Quem
3151 5591 3296 5645 enim
3336 5592 3501 5646 David
