4204 6444
746 417 855 480 403

1948 422 2268 484 JOANNIS
2307 423 2691 492 CANTACUZ
2704 432 2823 495 ENI

3900 438 3999 502 404

748 530 914 599 paulo
954 540 1082 586 ante
1113 532 1393 589 hominem
1446 536 1849 599 nominaverat,
1882 551 2154 606 quemque
2194 552 2318 594 ante
2349 545 2393 600 Α

2426 544 2527 611 :96
2558 544 2741 611 ὀλῖγου
2771 548 2798 597 6
2838 550 3000 602 Δαὸὶὸ
3030 551 3315 619 ἄνθρωπον
3357 552 3631 622 ὠνόμασε,
3682 552 3774 604 καὶ
3804 553 3864 605 ὃν
3906 555 3999 620 προ

748 623 920 676 solem
966 631 1019 676 et
1047 624 1233 678 lunam
1273 624 1550 679 conditam
1594 627 1871 682 exstitisse
1901 622 2134 692 dixerat,
2172 631 2318 685 hunc

752 712 934 782 ipsum
976 728 1126 769 nunc
1173 731 1311 785 pure
1340 725 1397 769 et
1428 716 1756 785 simpliciter
1791 717 1961 772 Deum
1997 718 2315 788 appellavit.

749 800 885 865 Quis
914 818 1045 856 vero
1072 814 1180 857 tam
1205 804 1416 870 infelix,
1447 816 1507 860 ut
1534 806 1602 863 de
1634 807 1727 862 illo
1756 807 1969 863 dubitet
2000 818 2054 863 et
2076 811 2318 878 inquirat

746 893 1020 949 curiosius
1040 936 1055 961 ,
1084 911 1246 964 quem
1276 898 1444 952 David
1477 899 1647 953 Deum
1684 901 2030 967 nominavit,
2064 918 2167 958 nec
2188 919 2315 957 eum

747 982 964 1045 adoret,
993 1000 1156 1053 quem
1190 986 1357 1043 David
1389 989 1556 1043 Deum
1592 1006 1713 1047 esse
1744 994 2039 1061 prxedieat?

820 1069 874 1123 9.
935 1070 1320 1130 Verumtamen
1367 1086 1424 1132 et
1467 1078 1597 1134 alibi
1641 1095 1871 1149 magnus
1911 1083 2001 1139 ille
2033 1083 2203 1140 David
2238 1088 2319 1141 sic

746 1160 887 1215 dixit
913 1180 926 1216 :
964 1183 981 1215 ε
1017 1164 1163 1219 Dixit
1182 1167 1451 1225 Dominus
1471 1170 1705 1228 Domino
1730 1190 1874 1242 meo,
1903 1174 2045 1232 Sede
2064 1194 2093 1233 a
2113 1179 2319 1235 dextris

750 1255 909 1320 meis,
966 1256 1143 1314 donec
1176 1275 1371 1328 ponam
1419 1262 1673 1320 inimicos
1712 1276 1835 1321 tuos
1879 1268 2175 1325 seabellum
2226 1288 2319 1340 pe-

748 1343 880 1397 dum
914 1354 1154 1400 tuorum.
1207 1349 1422 1417 Virgam
1462 1354 1719 1418 potentiae
1746 1354 1964 1408 emittet
2001 1356 2097 1410 tibi
2131 1358 2316 1412 Domi-

751 1450 856 1489 nus
903 1451 969 1490 ex
1010 1438 1165 1503 Sion,
1208 1450 1263 1493 et
1305 1441 1594 1497 dominare
1631 1445 1685 1498 in
1737 1446 1918 1500 medio
1966 1448 2315 1503 inimicorum

747 1535 991 1583 tuorum.
1038 1531 1211 1586 Penes
1256 1543 1309 1587 te
1348 1543 1434 1589 est
1466 1537 1810 1606 principatus
1845 1539 1901 1594 in
1939 1523 2028 1595 die
2059 1545 2319 1611 potentiae

752 1626 881 1685 tuae,
908 1631 965 1675 et
999 1622 1053 1677 in
1088 1624 1385 1692 splendore
1413 1639 1728 1682 sanctorum
1770 1640 1989 1684 tuorum
2024 1649 2127 1687 :ex
2161 1644 2318 1688 utero

749 1725 965 1764 aurorae
999 1716 1161 1782 genui
1191 1724 1242 1768 te
1272 1716 1333 1769 ⁸⁷.
1376 1734 1394 1767 ι
1434 1718 1513 1772 En
1542 1734 1689 1773 nunc
1718 1720 1878 1773 aliam
1912 1721 2057 1775 illius
2081 1726 2318 1793 prephe-

749 1801 879 1853 tiam
921 1804 1211 1859 considera
1253 1823 1267 1861 :
1322 1827 1340 1859 ε
1397 1809 1544 1863 Dixit
1576 1811 1841 1866 Dominus
1892 1812 2126 1868 Domino
2172 1832 2316 1879 meo,

750 1890 891 1946 Sede
923 1908 952 1947 a
985 1895 1193 1952 dextris
1236 1900 1391 1953 meis.
1425 1919 1442 1951 ι
1483 1899 1744 1966 Quisnam
1786 1912 1870 1958 est
1912 1904 2002 1958 ille
2040 1872 2319 1975 prophetas
2352 1872 2394 1928 Β

748 1996 806 2037 et
840 1985 983 2055 regis
1028 1985 1338 2044 Dominus?
1381 1991 1521 2046 Num
1566 2008 1658 2049 rex
1698 1994 1900 2063 aliquis
1932 2011 1999 2050 ex
2045 1998 2321 2065 pra‘claris

752 2075 892 2140 istis,
922 2088 978 2133 et
1008 2079 1061 2133 in
1094 2078 1197 2135 hac
1229 2090 1373 2136 terra
1410 2085 1583 2138 multa
1614 2089 1861 2155 potentia
1899 2089 2189 2154 praeditis?
2222 2091 2321 2144 Mi-

752 2168 921 2222 nime.
947 2168 1121 2235 Quam
1155 2172 1225 2226 ob
1255 2175 1415 2227 rem?
1459 2177 1689 2245 Propter
1723 2178 2061 2245 libertatem,
2094 2198 2257 2252 quam
2291 2200 2322 2240 a

753 2258 863 2314 Deo
888 2268 1017 2314 tunc
1054 2265 1317 2333 temporis
1343 2265 1514 2320 Judaei
1552 2267 1853 2333 habebant,
1885 2287 1914 2326 a
1946 2288 2057 2341 quo
2084 2274 2201 2329 solo
2235 2291 2321 2331 re-

749 2353 1043 2418 gebantur.
1078 2352 1387 2423 Principem
1428 2372 1559 2412 vero
1600 2368 1656 2412 et
1686 2359 1973 2416 duetorem
2006 2363 2322 2420 habuerunt

751 2440 883 2494 olim
931 2442 1155 2511 quidem
1194 2445 1421 2511 llosem,
1468 2459 1591 2518 post
1638 2450 1786 2506 hunc
1821 2468 1950 2508 vero
1986 2454 2157 2510 lilium
2199 2457 2322 2512 Nun

750 2527 939 2590 Josue,
976 2530 1178 2588 deinde
1224 2534 1462 2603 judices.
1511 2541 1650 2607 Ipsis
1692 2558 1827 2597 vero
1876 2547 2098 2614 prOpria
2152 2549 2321 2602 animi

751 2620 837 2673 sui
879 2620 1159 2679 voluntate
1195 2635 1253 2680 et
1295 2627 1497 2683 all‘eetu
1533 2646 1719 2701 regem
1764 2650 1793 2687 a
1830 2635 1940 2690 Deo
1980 2640 2320 2705 petentibus,

750 2711 905 2803 dedit
930 2713 1061 2784 ipsis
1092 2732 1274 2788 regem
1301 2735 1330 2773 e
1353 2734 1514 2791 gente
1537 2727 1758 2794 propria
1783 2729 1954 2783 [ilium
1980 2731 2091 2794 Cis,
2128 2749 2323 2803 nempe

754 2802 999 2871 Saulem,
1033 2806 1235 2863 deinde
1269 2810 1527 2868 Davidem
1571 2816 1741 2871 ﬁlium
1777 2819 1964 2875 .lcssaa.
2009 2822 2084 2876 De
2114 2839 2224 2892 quo
2269 2836 2325 2880 et

757 2897 900 2950 Deus
935 2906 1165 2953 testatus
1217 2901 1455 2958 Samueli
1495 2905 1708 2962 dixerat
1737 2927 1749 2961 :
1783 2927 1801 2961 ι
1833 2910 2017 2965 Inveni
2061 2913 2321 2968 Davidem

756 2988 930 3043 lilium
955 2990 1144 3057 Jessae,
1175 2994 1357 3048 virum
1395 2999 1702 3053 secundum
1742 3016 1838 3055 eor
1870 3018 2073 3066 meum,
2102 3008 2196 3075 qui
2229 3006 2325 3061 fa—

753 3081 865 3135 ciet
905 3082 1056 3152 juxta
1104 3099 1296 3142 omnes
1338 3088 1651 3147 voluntates
1687 3108 1836 3149 meas
1873 3095 1937 3148 ¹⁸.
1983 3115 2002 3149 ι
2042 3098 2109 3153 Et
2151 3099 2321 3155 Judaei

2420 633 2515 684 τοῦ
2545 636 2699 703 ἡλίου
2754 640 3018 709 ἐλάλησεν
3074 639 3211 694 εἶναι
3244 646 3338 696 καὶ
3389 644 3490 712 τῆς
3526 645 3779 713 σελήνης.
3816 644 4001 697 τοῦτον

2422 724 2679 794 καθαρῶς
2708 728 2840 782 Θεὸν
2895 732 3143 789 ἐκάλεσε.
3205 736 3300 786 Ὃν
3355 734 3467 787 δὲό
3522 735 3685 787 Δασιδ
3738 735 4000 803 ὀνομάζει

2420 816 2575 881 Θεὸν,
2604 820 2688 880 τίς
2720 818 2891 885 οὕτως
2916 824 3116 889 ἄθλιος,
3147 825 3293 886 ὅστις
3320 826 3653 894 ἀμφιϐάλλει
3704 827 3839 893 περὶ
3874 827 3997 876 τοὺ-

2419 923 2512 959 του
2539 910 2630 961 καὶ
2655 912 3123 984 πολυπραγμονεῖ,
3160 918 3250 968 καὶ
3280 919 3339 969 οῦ
3366 921 3661 988 προσκυνεῖ
3691 918 3749 969 ὃν
3774 919 3802 969 6
3837 916 4001 967 Δπϐιδ

2422 1002 2774 1067 καταγγέλλει
2808 1006 2939 1058 Θεόν
2964 1025 2977 1069 ;

2495 1092 2561 1146 θ’.
2591 1096 2783 1163 Ὅμως
2824 1098 2879 1149 δὲ
2913 1098 3076 1151 πάλιν
3110 1102 3137 1152 6
3170 1100 3331 1161 αὐτὸς
3381 1100 3555 1169 μέγας
3589 1098 3755 1150 Δαεὶδ
3802 1098 4002 1149 οὕτως).

2420 1187 2589 1252 λέγει·
2627 1207 2645 1238 ι
2684 1185 2847 1241 Εἶπεν
2877 1193 2904 1242 6
2952 1191 3152 1259 Κύριος
3184 1193 3263 1260 τῷ
3304 1193 3492 1259 Κυρίῳ
3540 1209 3662 1258 μου,
3721 1190 3909 1242 Κάθου
3945 1192 4002 1240 ἐκ

2419 1278 2607 1343 δεξιῶν
2644 1297 2769 1347 μου,
2802 1281 2905 1344 ἔως
2937 1282 3001 1333 ἂν
3031 1283 3108 1334 θῶ
3142 1284 3267 1344 τοὺς
3297 1284 3523 1352 ἐχθρούς
3564 1299 3657 1333 σου
3706 1281 4002 1333 ὑποπόδιον

2419 1370 2527 1420 τῶν
2568 1369 2743 1422 ποδῶν
2769 1387 2882 1423 σου.
2923 1371 3143 1424 Ῥάὸδον
3189 1370 3474 1441 δυνάμεως
3530 1372 3886 1435 ἐξαποστελεῐ
3930 1388 3999 1418 λτι

2421 1460 2623 1527 Κύριος
2684 1462 2747 1510 ὲκ
2795 1459 2952 1525 Σιὼν,
3002 1464 3094 1515 καὶ
3156 1462 3519 1533 κατακυρέευε
3574 1465 3630 1513 ὲν
3695 1463 3849 1529 μέσῳ
3896 1462 4001 1511 τών

2420 1549 2630 1618 ἐχθρῶν
2664 1567 2778 1604 σου.
2826 1552 2979 1605 Μετὰ
3015 1552 3109 1604 σοῦ
3221 1553 3364 1622 ἁρχὴ
3411 1554 3467 1603 ὲν
3495 1554 3678 1621 ἡμέρᾳ
3714 1552 3811 1616 τῆς
3846 1552 4003 1601 δονά-

2420 1641 2563 1706 μεώς
2599 1659 2714 1700 σου,
2756 1646 2812 1695 ἐν
2850 1647 2969 1706 ταῖς
3025 1646 3371 1713 λαμπρότησι
3423 1647 3529 1697 τῶν
3564 1646 3734 1710 ἁγίων
3788 1660 3909 1693 σου·
3943 1646 4001 1694 ἐκ

2419 1734 2653 1801 γαστρὸς
2687 1734 2791 1803 1:96
2822 1736 3100 1803 ἑωσφόρον
3128 1736 3396 1804 ἑγέννησά
3425 1753 3502 1788 σε.
3549 1755 3565 1786 ι
3608 1736 3810 1785 Σκόπει
3844 1735 4003 1785 πάλν

2422 1823 2611 1892 ἑτέραν
2641 1826 2976 1892 προφητείαν
3003 1826 3189 1881 αὑτοῦ.
3216 1844 3232 1876 t
3263 1823 3471 1878 Εἴπενὸ
3490 1826 3689 1892 Κύριος
3715 1824 3793 1892 τῷ
3816 1826 4004 1891 Κυρὲῳ

2427 1934 2551 1987 μου,
2568 1918 2749 1970 Κάθου
2781 1919 2844 1969 ὲκ
2867 1919 3057 1981 δεξιῶν
3081 1938 3201 1986 μου.
3235 1936 3251 1969 ι
3276 1921 3370 1978 Τίς
3401 1920 3546 1971 ἐστιν
3563 1919 3697 1971 ὁτοῦ
3727 1933 4003 1984 προίει-,τιν

2420 2008 2515 2061 καὶ
2541 2008 2803 2077 βασιλέως
2836 2008 3053 2078 κύριοςς
3084 2009 3173 2077 Μὴ
3202 2008 3458 2076 βασιλεὺς
3493 2027 3573 2071 τις
3599 2008 3708 2060 τῶν
3747 2008 4000 2075 μεγάλων

2421 2101 2516 2152 καὶ
2550 2100 2780 2169 ἑχόντων
2812 2102 2963 2169 ἰσχὺν
2997 2102 3241 2170 μεγάλην
3272 2103 3363 2154 ἐπὶ
3392 2102 3491 2170 τῆς
3513 2100 3653 2169 γῆς;
3688 2100 3843 2167 Οῷχῐ.
3880 2102 4003 2150 Δια-

2420 2191 2471 2245 τῑ
2496 2208 2511 2255 ;
2539 2193 2688 2245 Διότι
2720 2193 2819 2264 τὴν
2852 2195 3003 2263 παρὰ
3034 2193 3130 2245 τοῦ
3174 2193 3308 2246 Θεοῦ
3341 2193 3657 2262 ἐλευθερίαν
3689 2190 3835 2260 εἶχον
3883 2192 4003 2244 τότε

2421 2285 2470 2336 οἱ
2516 2283 2778 2349 Ἰουδαῖοι,
2817 2285 2913 2337 καὶ
2945 2286 3048 2337 ὑπὸ
3083 2285 3247 2354 μόνοι1
3297 2285 3391 2338 τοῦ
3427 2283 3562 2337 Θεοῦ
3597 2284 4000 2335 ἐϐασιλεύοντο.

2426 2378 2694 2446 Ἀρχοντα
2715 2377 2771 2429 δὲ
2820 2379 2913 2430 καὶ
2941 2379 3274 2447 δημαγωγὸν
3301 2375 3445 2446 εἶχον
3466 2378 3555 2430 τὸν
3584 2377 3747 2430 πάλαι
3777 2378 4005 2439 Munia,

2424 2469 2515 2521 καὶ
2549 2469 2669 2536 μετ’
2702 2470 2906 2521 ἐκεῖνον
2938 2470 3029 2521 τὸν
3085 2487 3177 2521 του
3236 2470 3397 2539 Ναυῆ
3450 2470 3565 2521 υιδν
3614 2470 3844 2535 Ἰησοῦν,
3890 2484 4005 2518 ειτα

2421 2561 2548 2622 τοὺς
2583 2560 2793 2630 κριτάς.
2822 2559 3011 2613 Αὐτῶν
3034 2560 3093 2613 δὲ
3121 2560 3302 2629 μόνων
3328 2560 3386 2625 ἐξ
3418 2559 3547 2611 ἰδίου
3575 2558 3886 2627 θελήματος
3915 2559 4007 2608 καὶ

2423 2651 2653 2721 ὀρέξεως
2687 2652 3041 2722 ζητησάντων
3075 2652 3300 2721 βασιλέα
3343 2653 3481 2722 πρὸς
3510 2650 3602 2703 τὸν
3645 2650 3806 2708 Θεὸν.
3841 2650 4005 2701 δέδω-

2423 2759 2518 2794 κεν
2547 2743 2731 2805 αὐτοῖς
2762 2745 2826 2796 ὲκ
2856 2744 2951 2796 τοῦ
2985 2748 3174 2811 γένους
3206 2742 3387 2795 αὐτῶν
3443 2743 3535 2793 τὸν
3564 2741 3735 2792 Σαοὺλ
3766 2740 3883 2792 υἱὸν
3905 2738 4003 2799 Kl;

2425 2835 2503 2896 εἰς
2567 2833 2809 2902 βασιλέα,
2880 2837 2974 2888 καὶ
3006 2835 3125 2905 μετ’
3157 2837 3361 2887 ἐκεῖνον
3391 2833 3483 2886 16v
3536 2832 3701 2884 Δαὸὶδ
3751 2832 3845 2884 τὸν
3892 2832 4003 2882 ulla

2438 2924 2654 2978 Ἰεσσαί·
2688 2925 2747 2977 ὃν
2778 2930 2806 2979 6
2858 2926 2991 2988 Θεὸς
3032 2927 3414 2997 μαρτυρήσας,
3470 2918 3590 2976 εἶπε
3626 2924 3705 2989 τῷ
3746 2924 4001 2991 προφήτῃ

2426 3017 2700 3088 Σαμουὴλ,
2737 3037 2755 3069 ι
2787 3010 3140 3087 ΕὗρονΔαὸὶδ
3175 3017 3264 3070 τὸν
3293 3017 3387 3070 τοῦ
3418 3016 3637 3081 Ἰεσσαὶ,
3669 3015 3841 3083 ἄνδρα
3868 3018 4005 3066 κατὰ

2427 3108 2525 3173 τὴν
2552 3108 2781 3175 καρδίαν
2835 3125 2972 3177 μου,
3010 3108 3070 3172 ὃς
3118 3110 3337 3173 ποιήσει
3379 3108 3557 3161 πάντα
3600 3106 3668 3159 τά
3723 3105 4003 3174 θελήματά

756 3174 980 3240 quidem
1024 3176 1362 3245 regebantur
1391 3194 1421 3234 a
1458 3196 1570 3235 sua}
1601 3184 1781 3252 gentis
1824 3186 2066 3255 regibus,
2100 3189 2323 3244 illorum
2351 3209 2393 3267 ρ

2431 3216 2559 3268 μου.
2598 3218 2617 3250 ι
2653 3200 2763 3252 Καὶ
2791 3198 3109 3267 εὑρίσκοντο
3133 3198 3184 3251 οἱ
3223 3199 3321 3267 μὲν
3361 3199 3607 3251 Ἰουδαῖοι
3650 3195 4005 3265 βασιλευόμε-

756 3281 889 3321 vero
935 3282 1092 3337 reges
1134 3283 1309 3337 usque
1357 3272 1423 3324 ad
1468 3272 1673 3327 Christi
1706 3276 1817 3330 nati
1862 3286 2108 3347 tempora
2140 3281 2322 3348 liberi,

760 3358 1005 3427 nullique
1051 3359 1335 3415 hominum
1374 3373 1472 3416 aut
1518 3382 1707 3435 regum
1740 3378 2089 3425 terrenorum
2120 3374 2326 3429 subditi

759 3452 931 3507 fuisse
988 3452 1361 3511 inveniuntur.
1422 3457 1489 3512 Et
1543 3475 1731 3515 revera
1777 3463 1857 3516 sic
1901 3471 2007 3526 est,
2067 3468 2329 3533 quoniam

762 3543 946 3599 nullus
990 3545 1134 3601 alius
1184 3548 1598 3616 prephetarum,
1633 3561 1821 3621 utpote
1867 3570 1970 3610 nec
2001 3555 2191 3622 Isaias,
2228 3574 2331 3613 nec

762 3634 1052 3701 Ieremias,
1084 3653 1184 3693 nec
1209 3639 1417 3705 Daniel,
1453 3642 1778 3699 calumniari
1811 3655 2041 3702 conatus
2070 3650 2174 3703 hoc
2200 3666 2330 3719 pro-

765 3728 940 3795 phetze
974 3730 1283 3793 oraculum,
1340 3733 1528 3787 dicere
1577 3736 1779 3802 potuit,
1836 3739 1981 3807 quod
2026 3739 2097 3794 ab
2144 3740 2331 3810 aliquo

761 3835 886 3890 rege
916 3821 1129 3877 mortali
1152 3832 1207 3876 et
1223 3824 1469 3892 perituro
1494 3826 1560 3878 ad
1586 3827 1753 3881 alium
1783 3831 2064 3899 prepheue
2094 3833 2327 3886 similem

764 3914 910 3968 dicta
962 3914 1076 3969 sint
1122 3915 1238 3970 hac
1274 3918 1488 3971 verba:
1527 3939 1543 3970 ι
1596 3920 1742 3973 Dixit
1789 3922 2051 3977 Dominus
2099 3922 2330 3978 Domino

765 4020 908 4059 meo.
948 4025 963 4056 ι
992 4004 1090 4060 Cui
1116 4022 1243 4061 vero
1264 4007 1401 4062 dixit
1427 4010 1590 4072 Deus,
1623 4028 1640 4060 ι
1675 4010 1815 4065 Sede
1845 4028 1874 4066 a
1901 4012 2111 4067 dextris
2135 4015 2324 4069 meis?s

763 4097 844 4148 Ad
878 4097 1155 4151 hominem
1185 4099 1470 4168 nimirum,
1503 4115 1666 4168 quem
1706 4102 1944 4156 Verbum
1968 4112 2025 4156 et
2061 4104 2229 4159 Filius
2266 4106 2330 4159 il-

761 4191 868 4244 lius
910 4192 1229 4259 assumpsit.
1281 4192 1451 4246 Filius
1507 4194 1654 4247 enim
1706 4204 1834 4250 ante
1884 4198 2070 4252 omnia
2130 4199 2328 4252 saecula

758 4284 1105 4352 principatus
1134 4283 1317 4339 fuerat
1348 4286 1622 4353 particeps
1652 4302 1777 4341 eum
1816 4288 1926 4343 Deo
1947 4307 1961 4353 ;
1986 4290 2124 4343 dixit
2145 4300 2327 4346 autem

764 4382 866 4431 hoc
907 4378 1049 4432 Deus
1099 4379 1260 4433 Pater
1309 4380 1374 4432 ad
1421 4381 1724 4445 hominem,
1774 4397 1936 4451 quem
1988 4383 2225 4438 Verbum
2275 4394 2333 4439 et

765 4471 935 4524 Filius
973 4485 1107 4523 suus
1134 4470 1451 4537 assumpsit,
1476 4474 1859 4538 sanetilieavit,
1892 4474 2239 4544 glorilieavit,
2275 4487 2331 4531 et

2431 3305 2511 3342 νοι
2543 3288 2650 3341 ὑπὸ
2677 3289 2785 3342 τῶν
2815 3288 3097 3359 ὁμογενῶν
3123 3288 3411 3357 βασιλέων,
3441 3291 3490 3340 οἱ
3522 3287 3727 3340 τούτων
3755 3287 3814 3340 δὲ
3851 3287 4002 3354 βασι-

2431 3381 2539 3443 λεῖς
2578 3380 2741 3450 μέχρι
2771 3379 2867 3449 τῆς
2899 3379 2994 3432 τοῦ
3041 3380 3277 3447 Χριστοῦ
3312 3381 3619 3446 γεννήσεως
3682 3378 4002 3447 εὑρξσκοντο

2432 3470 2710 3539 ἐλεύθεροι
2756 3472 2847 3523 καὶ
2888 3471 2965 3540 μὴ
2992 3470 3343 3539 ὑποκείμενοι
3386 3469 3659 3540 ἀνθρώπῳ
3706 3470 3738 3540 ἢ
3798 3470 4007 3537 βασιλεῖ

2432 3564 2522 3615 ἐπὶ
2552 3563 2652 3631 τῆς
2676 3562 2799 3630 γῆς.
2835 3563 2943 3615 Καὶ
2975 3562 3106 3625 ἴσως
3134 3562 3290 3631 εἰπερ
3322 3562 3506 3628 ἔλεγεν
3547 3562 3733 3630 ἕτερος
3766 3579 3851 3623 τις
3899 3561 4005 3613 τῶν

2435 3656 2746 3725 προφητῶν,
2813 3656 3061 3718 Ἡσαΐας,
3104 3656 3271 3723 φημὶ,
3340 3654 3612 3722 Ἱερεμίας
3660 3655 3693 3723 ἦ
3726 3654 4004 3723 Δα)ιὴλ,ὀ

2431 3746 2751 3815 βουλόμενος
2767 3744 3072 3797 διαϐάλλειν
3092 3746 3151 3799 τὸ
3175 3746 3512 3815 προφητικὸν
3537 3746 3718 3810 λόγιον
3742 3782 3758 3808 ,
3780 3745 4009 3811 ἠδύνατο

2432 3840 2607 3891 εἰπεῖν
2634 3839 2714 3889 ὃτι
2742 3839 2871 3905 περὶ
2912 3837 3028 3900 ἑνὸς
3081 3837 3349 3906 βασιλέως
3396 3837 3590 3906 θνητοῦ
3627 3837 3723 3888 καὶ
3765 3836 4005 3905 φθαρτοῦ

2433 3931 2566 3999 πρὸς
2601 3931 2787 4000 ἕτερον
2824 3931 3009 3999 ὅμοιον
3041 3930 3119 3998 τῷ
3153 3932 3408 4002 προφήτῃ
3443 3930 3652 4000 ἐρρήθη
3687 3931 3715 3981 6
3761 3928 3919 3995 λόγος
3949 3928 4008 3979 ὃν

2433 4016 2576 4084 εἷπε,
2607 4021 2686 4084 16,
2728 4040 2745 4071 ι
2769 4016 2936 4073 Εἶπεν
2962 4022 2989 4073 6
3023 4020 3223 4090 Κύριος
3240 4020 3318 4088 τῷ
3335 4022 3518 4089 Κυρίῳ
3548 4038 3667 4088 μου.
3697 4039 3714 4071 ι
3756 4021 3901 4088 Πρὸς
3933 4020 4010 4071 τί·

2431 4131 2495 4164 να
2506 4113 2561 4164 δὲ
2580 4114 2798 4181 εἴρηκεν
2873 4113 3003 4175 Θεὸς
3025 4114 3106 4175 τὸ,
3134 4132 3149 4163 ι
3178 4102 3359 4166 Κάθου
3379 4112 3441 4163 ἐκ
3462 4111 3651 4174 δεξιῶν
3678 4128 3779 4175 μου
3802 4129 3851 4174 ς)
3874 4110 4011 4175 Πρδς

2429 4206 2522 4256 τὸν
2558 4191 2849 4271 ἄνθρωπον
2876 4204 2933 4255 ὃν
2962 4204 3257 4256 ἀνελάϐετο
3290 4205 3318 4255 6
3347 4204 3474 4265 Υἱὸς
3501 4202 3594 4254 καὶ
3620 4202 3793 4267 Λόγος
3823 4200 4009 4253 αὐτοῦ.

2440 4295 2502 4345 'U
2558 4292 2666 4360 γὰρ
2702 4291 2830 4353 Υἱὸς
2863 4291 2966 4356 7:96
3000 4290 3218 4342 πάντων
3252 4290 3359 4341 τῶν
3392 4288 3604 4342 αἰώνων
3631 4288 3725 4339 καὶ
3757 4290 3815 4336 ὲν
3868 4287 4010 4355 ἀρχῇ

2430 4380 2498 4455 ἦν
2529 4387 2584 4437 ὲν
2615 4384 2692 4452 τῷ
2727 4383 2915 4450 Πατρί.
2954 4383 3117 4449 Λέγει
3146 4383 3202 4434 δὲ
3237 4382 3395 4433 τοῦτο
3434 4382 3463 4432 6
3506 4380 3634 4441 Θεὸς
3668 4382 3761 4432 καὶ
3797 4381 4011 4447 Πατὴρ,

2432 4477 2565 4546 πρὸς
2596 4476 2654 4527 ὃν
2675 4476 2965 4528 ἀνελάϐετο
2996 4474 3280 4541 ἄνθρωπον
3305 4476 3330 4524 6
3348 4473 3470 4533 Υἱὸς
3492 4473 3584 4523 καὶ
3612 4472 3782 4536 Λόγος
3820 4470 4011 4531 αὑτοῦ,

764 4561 1120 4630 temporalem
1176 4562 1321 4631 cepit
1368 4563 1758 4632 principatum,
1794 4580 1860 4619 ex
1908 4581 2018 4634 quo
2057 4567 2205 4621 hunc
2238 4583 2328 4623 as-
2362 4538 2394 4593 ῃ

2434 4569 2529 4620 καὶ
2555 4565 2749 4634 ἡγίασε
2781 4566 2873 4616 καὶ
2902 4566 3143 4629 ὲόὁξασε,
3164 4568 3255 4616 καὶ
3282 4564 3541 4633 χρονικὴν
3565 4564 3740 4633 ἀρχὴν
3764 4564 4009 4629 εἴληφεν,

762 4662 1092 4721 sutnpserat.
1116 4653 1313 4707 Veiens
1338 4654 1521 4723 itaque
1542 4656 1899 4724 propheticus
1935 4674 2117 4712 sermo
2146 4671 2335 4713 osten-

762 4747 919 4807 dere,
960 4746 1128 4797 Deum
1167 4745 1379 4799 Patrem
1417 4746 1663 4814 quidem,
1711 4750 1804 4817 qui
1842 4749 1912 4803 ab
1946 4760 2156 4805 aeterno
2194 4754 2337 4807 exsi-

764 4838 882 4900 stit,
916 4835 1190 4906 principio
1221 4852 1431 4902 carere,
1472 4838 1755 4894 hominem
1799 4856 1953 4908 vero,
1988 4859 2151 4913 quem
2199 4846 2337 4901 Ver-

767 4931 897 4983 hum
963 4937 1020 4983 et
1075 4929 1247 4984 Filius
1285 4930 1430 4985 illius
1473 4934 1792 5002 assumpsit,
1840 4935 2056 4989 initium
2101 4939 2338 5007 cepisse,

764 5020 951 5074 dixit:
1002 5039 1018 5071 ι
1070 5018 1233 5086 Sede,
1291 5038 1309 5071 ι
1354 5030 1459 5075 etc.
1506 5022 1646 5076 Tum
1683 5025 1849 5078 etiam
1880 5026 2235 5081 stabilitatem
2277 5036 2333 5082 et

767 5112 1230 5183 perpetuitatem,
1283 5112 1619 5183 honorisque
1676 5114 2137 5184 magniﬁcentiam
2218 5118 2335 5185 ipsa

769 5208 931 5259 sedes
974 5206 1214 5260 denotat.
1284 5204 1351 5258 Et
1402 5206 1865 5274 quemadmodum
1910 5207 2049 5275 ignis
2093 5208 2145 5259 in
2189 5206 2337 5264 lerro

768 5297 902 5350 ferri
936 5298 1159 5367 quidem
1197 5298 1554 5367 [rigiditatem
1593 5313 1701 5351 non
1735 5298 1950 5367 recipit,
1993 5299 2201 5352 ferrum
2234 5314 2337 5353 au-

772 5399 879 5440 tem
933 5389 986 5442 in
1045 5390 1187 5459 ignis
1241 5401 1490 5443 naturam
1536 5390 1762 5454 transit,
1811 5404 2028 5442 rursum
2077 5405 2209 5443 vero
2237 5404 2340 5444 nec

772 5479 903 5532 {vrri
954 5480 1242 5549 nigredine
1280 5482 1422 5551 ignis
1470 5480 1733 5544 inﬁcitur,
1780 5480 1874 5534 sed
1922 5482 2125 5534 ferrum
2178 5480 2341 5550 hujus

772 5572 1063 5637 splendore
1089 5579 1143 5626 et
1169 5573 1414 5627 claritate
1444 5584 1718 5641 assumpta
1746 5573 1973 5626 omnino
2003 5572 2336 5640 pellucidum

777 5661 835 5714 ﬁt
871 5678 884 5715 :
916 5664 1039 5719 talis
1064 5665 1229 5718 etiam
1264 5681 1383 5718 mea
1415 5668 1480 5719 de
1522 5667 1803 5735 unigenito
1840 5666 1930 5717 Dei
1967 5663 2104 5717 Filio
2145 5672 2197 5716 et
2244 5665 2338 5715 ho.

851 5828 889 5857 "
928 5824 1067 5879 Psal.
1124 5842 1229 5889 etx,
1270 5825 1375 5877 1-5.

2434 4658 2527 4726 ἀφ’
2567 4653 2628 4711 οὗ
2658 4656 2845 4709 τοῦτον
2900 4655 3214 4709 ἀνελάϐετο.
3256 4655 3416 4708 Ἀλλὰ
3446 4655 3768 4724 βουλόμενος
3802 4655 3831 4706 ὁ
3878 4669 4015 4721 προ.

2439 4749 2667 4819 φητικὶς
2692 4748 2850 4813 λόγος
2873 4746 3043 4810 δεῖξαι
3086 4748 3176 4799 τὸν
3206 4746 3302 4815 μὲν
3330 4746 3462 4798 Θεὸν
3491 4749 3584 4798 καὶ
3619 4745 3842 4811 Πατέρα
3879 4743 4016 4795 Θεὸν

2438 4841 2696 4911 ἄναρχον,
2751 4839 2844 4891 τὸν
2874 4838 2929 4891 δε
2964 4838 3248 4908 ἄνθρωπον
3304 4838 3363 4889 ὃν
3403 4836 3773 4905 προσελάϐετο
3808 4838 3835 4887 6
3887 4836 4018 4897 Υἱὸς

2442 4934 2535 4985 καὶ
2558 4933 2730 4999 Λόγος
2769 4930 2934 4983 αὐτοῦ
2959 4930 3131 5000 ἀρχὴν
3164 4931 3418 4995 λαϐόντα,
3448 4925 3569 4981 εἷπε
3604 4928 3683 4994 16,
3716 4947 3735 4979 ι
3763 4927 3969 4981 Κάθου.
3991 4945 4009 4978 ο

2458 5023 2618 5075 ’Λλλὰ
2647 5022 2711 5091 δὴ
2765 5026 2859 5077 καὶ
2911 5023 2968 5075 16
2996 5022 3207 5091 ἑδραῖον
3247 5020 3459 5085 τούτου,
3500 5020 3595 5072 καὶ⁵
3637 5020 3882 5087 μόνιμον,
3922 5020 4019 5071 καὶ

2447 5117 2543 5183 τῆς
2598 5120 2763 5187 τιμῆς
2809 5116 3096 5186 μεγαλεῖον
3150 5116 3301 5183 δηλοῖ
3359 5114 3683 5185 ήκαθὲδρα.
3738 5112 3851 5165 Καὶ⁵
3904 5107 4019 5162 οἷον

2445 5209 2630 5277 ὥσπερ
2667 5208 2777 5278 πῦρ
2803 5206 3001 5260 ὲνωθὲν
3032 5206 3257 5275 σιδήρῳ,
3294 5206 3393 5276 τὴν
3422 5206 3519 5275 μὲν
3538 5204 3631 5257 τοῦ
3665 5203 3889 5272 σιδήρου
3916 5202 4021 5269 ψύ-

2446 5301 2529 5365 ξιν
2558 5299 2618 5351 16
2648 5300 2756 5367 πῦρ
2798 5300 2899 5351 οὐκ
2924 5297 3157 5362 ἐδέξατο,
3191 5299 3219 5349 6
3257 5297 3312 5349 δὲ
3357 5296 3573 5365 σίδηρος
3616 5295 3727 5363 πῦρ
3773 5294 4015 5359 ἐγένετο·

2448 5391 2542 5443 καὶ
2571 5390 2669 5459 τὴν
2718 5390 2811 5442 τοῦ
2864 5390 3083 5458 σιδήρου
3124 5384 3279 5449 αὖθις
3347 5388 3607 5456 μελανίαν
3655 5384 3716 5436 16
3769 5383 3883 5451 πῦρ
3916 5383 4020 5435 οὐκ

2448 5480 2668 5545 ἔπαθεν,
2698 5480 2814 5532 ἀλλ’
2851 5483 2878 5532 6
2906 5480 3121 5548 σίδηρος
3144 5478 3242 5545 τὴν
3264 5475 3358 5529 τοῦ
3398 5476 3570 5546 πυρὸς
3594 5476 3791 5543 αἴγλην
3832 5491 3890 5526 τε
3924 5475 4021 5527 καὶ

2447 5573 2762 5641 λαμπηδόνα
2791 5572 2991 5634 λαϐὼν,
3015 5572 3110 5623 καὶ
3138 5570 3295 5633 αὐτὸς
3316 5568 3435 5630 ὅλος
3450 5567 3709 5637 φωτεινὸς
3767 5567 4017 5633 6761:10-

2446 5665 2588 5717 οὕτω
2631 5681 2719 5730 μοι
2751 5664 2859 5714 νόει
2890 5665 2980 5715 καὶ
3018 5663 3108 5715 ἐπὶ
3129 5661 3215 5714 τοῦ
3246 5658 3563 5731 μονογενοῦς
3596 5658 3727 5711 Υἰοῦ
3760 5658 3853 5711 τοῦ
3879 5656 4019 5710 Θεοῦ

1460 5827 1497 5855 ⁸⁵
1528 5824 1541 5876 1
1578 5827 1704 5897 li-g.
1746 5841 1854 5889 .\\’l,
1898 5828 1942 5885 Ι,
1995 5825 2131 5878 ι’».ιι.
2188 5838 2437 5884 ιχλλςιιι,
2484 5823 2570 5887 ill,
2613 5824 2728 5876 Att.
2761 5838 2868 5875 xm.
2904 5822 2990 5873 2-2.
3032 5838 3035 5841 ‘
