4204 6444
261 429 374 493 405

1215 432 1513 492 CONTRA
1552 432 2036 493 MAHOMETEM
2079 432 2448 492 APOLOGIA
2495 435 2537 490 l.

3388 418 3494 479 4οΰ

263 545 357 595 καὶ
395 542 488 596 τοῦ
534 542 854 610 ἀνθρώπου,
901 537 962 598 οὗ
992 545 1296 599 ἁνελάδετο.
1343 548 1400 599 ὐ
1438 547 1534 616 μὲν
1582 547 1706 606 Υἱὸς
1736 545 1828 598 τοῦ

1889 560 1904 600 t
1932 548 2098 607 mine,
2130 559 2292 614 quem
2323 541 2636 610 assumpsit,
2684 539 2856 591 fertur
2896 533 3188 589 sententia.
3218 530 3387 584 Filius
3418 530 3494 583 si-

259 634 399 686 Θεοῦ
439 636 560 687 ἐπεὶ
595 636 724 697 Θεὸς
753 632 841 706 ἦν,
871 637 1075 706 τροπὴν
1132 639 1164 708 ἢ
1208 638 1418 708 φυρμὸν
1458 639 1490 706 ἢ
1543 638 1824 691 ἀλλοίωσιν

263 725 400 786 ὅλως
425 725 523 777 οὐκ
562 725 795 790 ἐδέξατο,
827 727 941 778 ἀλλ’
970 729 1150 796 ἔμεινε
1203 729 1335 791 Θεὸς
1365 730 1719 792 ἀναλλοίωτος
1751 731 1827 793 ὼς

262 814 323 863 1’:
347 818 638 883 πρότερονο
673 817 763 867 τὸν
817 817 860 868 δ’
911 818 1197 886 ἄνθρωπον
1244 821 1304 872 ὃν
1361 822 1674 883 ἀνελάϐετο,
1732 823 1827 875 καὶ

265 903 483 968 ἡγίασε,
537 907 631 956 καὶ
679 906 918 971 ἐδόξασε,
970 909 1065 960 καὶ
1111 911 1450 980 ἐλάμπρυνε,
1506 914 1599 966 καὶ⁹
1632 917 1696 982 τῇ
1734 914 1825 967 τοῦ

262 992 399 1042 Θεοῦ
442 994 535 1045 καὶ
565 995 775 1064 Πατρὸς
804 999 866 1049 ἐκ
906 999 1094 1062 δεξιῶν
1134 1002 1368 1072 καθέδρᾳ
1414 1003 1698 1073 ἐτίμησεν,
1728 1005 1829 1071 οὐχ

263 1080 339 1140 ὡς
367 1080 498 1144 Θεές
527 1082 665 1151 ἔχων
703 1084 873 1148 δεξιον
906 1088 1074 1154 μέρος
1103 1087 1135 1156 ἦ
1169 1090 1456 1158 ἀριστερὸν
1492 1091 1684 1158 (ταῦτα
1721 1093 1828 1160 γὰρ

269 1172 560 1236 σωματικά
615 1173 798 1243 εἰσιν),
851 1175 966 1227 ἀλλ’
1001 1177 1194 1247 ὥσπερ
1247 1181 1340 1232 ἐπὶ
1393 1180 1490 1249 τῆς
1541 1183 1827 1250 καθέδρας,

265 1259 435 1322 εἰς-ξε
471 1262 529 1314 τὸ
575 1263 674 1331 τῆς
716 1265 881 1333 τιμῆς
937 1269 1245 1333 μεγαλεῖον,
1304 1269 1446 1322 οὕτω
1489 1274 1583 1324 καὶ
1616 1273 1708 1324 ἐπὶ
1739 1275 1830 1326 τοῦ

267 1349 443 1413 δεξιοῦ
471 1355 669 1422 μέρους
690 1350 831 1409 εἶπε.
857 1357 988 1420 Θεὸς
1010 1359 1118 1426 γὰρ
1151 1360 1272 1412 οὔτε
1297 1361 1533 1426 ἵσταται,
1569 1363 1692 1416 οὔτε
1729 1366 1830 1416 κά-

267 1441 448 1506 θηται,
477 1443 596 1496 οὗτε
627 1445 806 1510 δεξιὰν
833 1449 967 1516 ἔχει,
1013 1449 1125 1500 οὔτ’
1160 1449 1228 1502 αὖ
1259 1430 1570 1520 ἀριστερὰν,
1596 1455 1730 1506 ἀλλὰ
1764 1455 1833 1508 τὰ

268 1531 447 1582 πάντα
491 1533 710 1603 πληρῶν
739 1538 901 1589 ἐστιν.
954 1537 1129 1600 ι”Εως
1159 1541 1223 1592 ἂν
1245 1541 1320 1592 θῶ
1353 1544 1474 1603 τοὺς
1500 1543 1718 1611 ἔχθρούς
1741 1562 1831 1596 σου

268 1618 558 1671 ὑποπόδιον
585 1620 692 1671 τῶν
721 1622 894 1673 ποδῶν
929 1639 1044 1678 σου.
1089 1643 1106 1675 ι
1147 1627 1301 1689 Τίνες
1362 1630 1497 1680 εἰσὶν
1544 1633 1589 1680 οἱ
1643 1629 1831 1682 τούτου

268 1705 493 1773 ἐχθροῖς
543 1709 610 1760 Οἵ
639 1727 693 1760 τε
728 1711 1128 1782 εἰδωλολάτραι.
1166 1717 1213 1766 οἱ
1272 1718 1345 1786 μὴ
1401 1720 1832 1786 προσκυνοῦντες

272 1798 359 1846 τον
398 1797 653 1864 Χριστὸν,
689 1803 780 1852 καὶ
831 1804 989 1866 αὐτὸς
1022 1809 1048 1858 ὁ
1089 1807 1350 1868 διάϐολος.
1385 1811 1494 1878 Οὐχ
1525 1812 1598 1874 ὡς
1637 1813 1831 1864 ἀδυνα-

266 1885 487 1948 τοῦντος
511 1889 601 1940 τοῦ
633 1891 760 1942 Υίοῦ
781 1893 967 1962 εἴρηκε
993 1894 1148 1947 τοῦτο
1177 1899 1203 1949 ὁ
1229 1899 1431 1968 Πατὴρ,
1471 1902 1551 1966 τὸ,
1583 1919 1600 1950 ι
1648 1902 1750 1964 ἕως
1770 1903 1833 1956 ἂν

267 1972 384 2023 θῶο
422 1991 442 2025 ι
489 1975 601 2026 ἀλλ’
633 1976 718 2028 ἵνα
750 1977 897 2050 δείξῃ
935 1981 1063 2049 μίαν
1123 1986 1215 2035 καὶ
1259 1984 1356 2054 τὴν
1388 1987 1555 2058 αὐτὴν
1607 1989 1836 2057 δύναμιν

267 2061 437 2116 οὖσαν
479 2067 573 2119 τοῦ
633 2085 692 2120 τε
747 2071 959 2140 Πατρὶς
1012 2075 1105 2126 καὶ
1163 2075 1311 2139 Υίοῦ,
1375 2078 1530 2130 τοῦτο
1595 2081 1834 2150 εἴρηκεν.

268 2155 486 2226 Ὠσπερ
537 2159 643 2226 γὰρ
687 2161 746 2212 ἐν
774 2163 883 2224 τοῖς
914 2163 1264 2232 Εὐαγγελίοις
1308 2168 1454 2235 λέγει
1484 2171 1511 2222 ὁ
1564 2171 1690 2232 Υἱὸς
1713 2212 1727 2230 .
1754 2173 1837 2224 δτι

271 2263 291 2295 ι
329 2247 523 2310 Οὐδεὶς
554 2248 771 2318 ἔρχεται
809 2253 945 2321 πρὸς
976 2255 1064 2306 τὸν
1094 2257 1310 2310 Πατέρα
1350 2261 1397 2310 εί
1424 2260 1496 2329 μὴ
1528 2262 1594 2313 δι’
1629 2262 1784 2331 ἐμοῦ,
1813 2284 1830 2314 ι

265 2339 409 2392 οὕτω
438 2341 532 2393 καὶ
554 2344 581 2393 ὀ
609 2345 795 2412 Πατὴρ
824 2345 991 2412 λέγει,
1017 2348 1098 2400 ὅτι
1136 2368 1154 2400 ι
1190 2349 1266 2402 Δι’
1296 2351 1428 2418 ἐμοῦ
1465 2352 1756 2408 πεσοῦνται
1787 2357 1836 2408 οἱ

265 2430 454 2499 ἐχθροί
491 2450 582 2484 σου
609 2435 712 2488 ὑπὸ
742 2438 864 2500 τοῖις
915 2440 1079 2501 πόδας
1117 2458 1230 2493 σου.
1287 2442 1507 2496 Ῥἀδδον
1551 2446 1837 2516 δυνάμεως

265 2518 619 2579 ἐξαποστελεῖ
644 2539 724 2572 σοι
753 2525 952 2594 Κύριος
986 2527 1048 2577 ἐκ
1081 2527 1237 2591 Σιὼν,
1269 2532 1361 2580 καὶ
1392 2533 1756 2602 κατακυρίευε
1779 2535 1838 2586 ἐν

269 2607 423 2672 μέσῳ
451 2607 558 2692 τῶν
585 2609 794 2678 ἐχθρῶν
826 2629 940 2665 σου.
977 2631 994 2663 ι
1031 2613 1125 2676 Τίς
1156 2616 1302 2666 ἐστιν
1338 2618 1370 2684 ή
1413 2619 1563 2687 παρὰ
1584 2621 1676 2671 τοῦ
1703 2621 1836 2673 Θεοῦ

266 2699 331 2747 ἐκ
365 2696 508 2748 Σιὼν
528 2701 900 2778 ,ἀποσταλείτα
925 2705 1136 2772 ῥάϐδος,
1163 2708 1254 2758 καὶ
1280 2710 1415 2774 πρὸς
1449 2710 1569 2762 τίνα
1598 2715 1840 2767 ἀπεστά-

268 2788 373 2854 λη;
425 2789 568 2856 Πρὸς
598 2790 686 2841 τὸν
728 2793 1012 2862 ἄνθρωπον
1059 2797 1118 2848 ὃν
1163 2799 1455 2852 ἀνελάϐετο
1508 2805 1535 2855 ὁ
1589 2805 1712 2867 Υἱὸς
1746 2809 1839 2858 καὶ

269 2877 443 2940 Λόγος
478 2877 571 2930 τοῦ
618 2880 750 2932 Θεοῦ
809 2885 1111 2955 ἀπεστάλη.
1177 2887 1240 2940 Ἢ
1286 2890 1341 2942 δὲ
1393 2892 1583 2960 ρἀδος
1634 2896 1780 2948 ἐστὶν
1812 2897 1840 2948 ὁ

271 2967 528 3035 σταυρδς,
593 2969 650 3032 ὃς
708 2972 890 3041 ἐπάγη
953 2976 1009 3025 ἐν
1060 2979 1124 3046 τῇ
1178 2979 1332 3030 Σιών.
1393 2981 1605 3052 Ὥσπερ
1665 2985 1840 3054 γὰρὴ

271 3059 469 3126 ῥάϐδος
501 3062 609 3130 ἔχει
641 3063 741 3130 μὲν
775 3069 1136 3138 ποιμαντικὴν
1170 3070 1265 3138 τὴν
1313 3073 1419 3124 ἀπὸ
1459 3073 1552 3126 τοῦ
1585 3076 1842 3144 ποιμένος

1927 637 2145 705 quidem
2163 636 2279 697 Dei,
2311 635 2568 702 quoniam
2592 633 2734 686 Deus
2773 637 2911 691 erat,
2956 625 3338 682 mutationem,
3375 620 3496 688 pol-

1928 729 2211 787 lutionem,
2242 736 2334 778 aut
2355 722 2772 777 alternationcm
2806 728 3148 786 nequaquam
3172 726 3365 781 passus
3387 718 3492 770 cst,

1928 817 2020 870 sed
2059 819 2219 880 ltons,
2257 825 2397 868 utet
2426 821 2608 874 antea,
2645 805 3106 877 impermutahilis
3145 799 3490 871 permansit;

1931 909 2206 961 hominem
2234 923 2365 961 vero
2395 920 2557 972 quem
2588 900 2903 968 assumpsit,
2931 912 3078 956 eum,
3099 895 3342 961 inquam,
3369 904 3496 940 san-

1929 998 2205 1060 etilicavit,
2248 994 2592 1066 gloriﬁcavit,
2623 988 2963 1049 clariﬁcavit,
3008 996 3063 1038 ct
3103 993 3161 1036 ut
3211 998 3241 1035 a
3291 976 3496 1033 dextris

1930 1088 2022 1142 Dei
2068 1086 2245 1140 Patris
2294 1087 2506 1139 sederet
2576 1084 2828 1149 dignatus
2864 1087 2972 1140 est,
3003 1091 3111 1128 non
3161 1071 3304 1140 quod
3354 1071 3499 1123 Deus

1930 1180 2014 1233 vel
2047 1179 2292 1232 dextram
2327 1176 2547 1235 habeat,
2575 1175 2657 1226 vel
2695 1172 2968 1224 sinistram
2999 1167 3079 1220 sui
3127 1173 3334 1233 partem
3361 1162 3498 1228 (luce

1929 1270 2076 1323 enim
2109 1266 2411 1334 corporalia
2442 1264 2615 1332 sunt),
2659 1261 2752 1315 sed
2788 1257 3246 1328 quemadutodmn
3287 1267 3384 1321 per
3418 1266 3501 1304 sc-

1932 1361 2055 1414 dem
2108 1358 2336 1412 honoris
2396 1352 2854 1421 magniﬁcentiam
2908 1347 3235 1417 designavit,
3301 1344 3493 1398 eodem

1933 1466 2094 1506 sensu
2126 1450 2307 1502 «etiam
2359 1447 2425 1502 dc
2471 1444 2682 1500 dextris
2733 1443 2888 1497 dixit.
2942 1442 3084 1494 Deus
3132 1440 3277 1492 enim
3320 1450 3498 1504 neque

1934 1550 2061 1602 stat,
2096 1554 2275 1607 neque
2329 1539 2506 1598 sedet,
2557 1550 2738 1602 neque
2785 1533 3065 1586 dexteram
3104 1529 3291 1592 habet,
3321 1543 3499 1594 neque

1933 1629 2233 1686 sinistram,
2265 1625 2358 1680 sed
2405 1624 2687 1693 majestate
2727 1636 2822 1674 sua
2857 1619 3045 1687 itnplet
3089 1618 3294 1669 omnia.
3340 1616 3497 1674 Item,

1940 1737 1957 1769 ι
2011 1722 2192 1772 Donec.
2237 1731 2430 1784 ponam
2483 1713 2734 1767 inimicos
2784 1721 2908 1764 tuos
2956 1708 3254 1762 scabelluln
3299 1707 3498 1774 pedum

1889 1867 1903 1872 ς,
1938 1820 2176 1862 tuorum.
2213 1827 2229 1858 ι
2265 1807 2498 1872 Quinam
2530 1804 2694 1871 huius
2721 1800 2930 1854 inimici
2961 1799 3129 1852 sunt?
3170 1797 3498 1855 Idololztlrtc,

1936 1901 2330 1970 quiChristum
2367 1913 2477 1950 non
2522 1894 2781 1958 adorant,
2815 1903 2870 1945 et
2916 1891 3029 1958 ipse
3062 1888 3335 1941 diabolus.
3377 1887 3502 1937 llazc

1936 2009 2090 2052 vero.
2151 2010 2169 2041 ι
2235 1991 2409 2044 donec
2470 2001 2727 2056 posuero,
2773 2003 2788 2035 ι
2842 1983 3000 2036 Pater
3051 1997 3158 2033 non
3215 1979 3285 2031 ita
3341 1978 3500 2037 dixit.

1936 2082 2090 2153 quasi
2137 2081 2305 2136 Filius
2353 2079 2416 2133 ad
2469 2078 2573 2131 hoc
2620 2074 2966 2130 eﬂiciendum
3015 2072 3086 2125 sit
3129 2069 3502 2138 impotentior,

1939 2188 2127 2228 verum
2162 2181 2223 2224 ut
2258 2170 2344 2224 his
2375 2159 2563 2222 verbis
2593 2164 2908 2220 ostenderet
2951 2178 3116 2215 unam
3152 2171 3207 2214 et
3252 2159 3503 2213 eamdem

1937 2280 2056 2319 esse
2083 2263 2257 2316 Patris
2287 2269 2341 2314 et
2364 2259 2482 2312 Filii
2515 2256 2837 2327 potentiam.
2857 2253 3330 2320 Quemadmodum
3359 2255 3504 2307 enim

1940 2356 1993 2409 in
2022 2352 2331 2422 Evangeliis
2368 2349 2496 2404 dicit
2529 2347 2720 2411 Filius,
2760 2365 2777 2396 ι
2817 2345 2988 2399 Nemo
3017 2345 3166 2397 venit
3193 2345 3257 2395 ad
3292 2346 3505 2398 Patrem

1940 2447 2043 2500 nisi
2074 2460 2170 2512 per
2205 2458 2288 2497 me
2328 2444 2409 2507 ης
2461 2458 2479 2490 ι
2533 2440 2605 2493 ita
2657 2439 2821 2492 Pater
2870 2436 3024 2497 dicit,
3065 2453 3082 2486 ι
3121 2435 3235 2488 Mea
3265 2437 3508 2503 potentia

1941 2539 2137 2593 cadent
2179 2533 2386 2589 inimici
2451 2532 2531 2586 tui
2585 2531 2686 2584 sub
2746 2529 2909 2597 pedes
2959 2537 3103 2580 tuos.
3157 2547 3176 2579 ›
3218 2528 3508 2590 Praeterea,

1946 2648 1965 2682 ι
2000 2630 2214 2697 Virgam
2249 2623 2585 2680 fortitudinis
2609 2622 2824 2676 emittet
2847 2620 2942 2674 tibi
2974 2620 3237 2673 Dominus
3258 2635 3321 2673 ex
3356 2619 3508 2682 Sion,

1939 2731 1992 2774 et
2031 2719 2312 2772 dominare
2354 2716 2406 2767 in
2446 2713 2626 2767 medio
2653 2711 3000 2766 Initnicorum
3030 2720 3268 2763 tuorum.
3312 2730 3327 2759 ι
3353 2709 3511 2774 Qua:—

1941 2823 2064 2861 nam
2117 2806 2202 2858 illa
2246 2813 2331 2858 est
2380 2819 2408 2855 a
2457 2803 2569 2854 Deo
2609 2816 2672 2854 ex
2715 2799 2844 2853 Sion
2887 2801 3083 2852 emissa
3139 2798 3310 2866 virga,
3347 2808 3400 2850 et
3443 2797 3510 2849 ad

1944 2916 2102 2969 quem
2137 2897 2302 2951 missa
2337 2895 2462 2949 est?
2495 2892 2571 2946 Ad
2602 2891 2878 2944 hominem
2914 2890 3195 2952 nimirum,
3226 2905 3390 2958 quem
3424 2905 3514 2942 as-

1943 2990 2174 3058 sumpsit
2217 2987 2390 3040 Filius
2437 2994 2492 3039 et
2537 2985 2777 3036 Verbum
2824 2981 2941 3041 Dei,
2998 2980 3160 3032 missa
3214 2987 3316 3032 est.
3352 2979 3514 3047 Virga

1944 3090 2123 3134 autem
2153 3088 2236 3132 est
2260 3077 2374 3146 ipsa
2403 3091 2559 3135 crux,
2587 3089 2708 3142 qua:
2739 3073 2791 3125 in
2828 3071 2958 3124 Sion
2994 3082 3076 3124 est
3109 3070 3232 3123 lixa.
3267 3071 3336 3124 Ut
3365 3070 3514 3123 enim

269 3150 528 3243 otivaytv,
552 3154 663 3222 ἔχει
687 3155 742 3208 δὲ
775 3158 866 3208 καὶ
901 3155 1311 3231 ἀποτρεπτικὴν
1349 3163 1445 3232 τὴν
1478 3164 1585 3216 τῶν
1610 3165 1833 3236 Θηρίων,

1889 3185 1910 3243 ;
1945 3173 2094 3239 virga
2132 3181 2357 3239 propter
2401 3176 2679 3236 pastorem
2732 3163 3029 3232 potentiam
3068 3162 3229 3214 habet
3272 3169 3518 3228 pastora-

271 3239 416 3293 οὕτω
454 3261 544 3310 μοι
575 3245 681 3296 νόει
717 3248 807 3298 καὶ
831 3250 921 3299 ἐπὶ
938 3249 1032 3301 τοῦ
1065 3255 1300 3319 σταυροῦ
1324 3255 1417 3305 καὶ
1447 3254 1537 3306 τοῦ
1557 3257 1843 3326 κηρύγμα-

271 3347 362 3382 τος
422 3332 519 3384 τοῦ
568 3335 923 3403 Εὐαγγελίου.
972 3359 990 3391 ι
1025 3341 1122 3392 Ἐκ
1157 3342 1299 3394 Σιὼν
1349 3346 1456 3413 γὰρ
1502 3347 1844 3412 ἐξελεύσεται

274 3427 439 3492 νεμος
477 3429 663 3496 (φησὶν
691 3429 963 3499 Ἡσαΐας),
1001 3433 1091 3485 καὶ
1125 3434 1281 3502 λόγος
1314 3437 1518 3505 Κυρίου
1547 3437 1606 3502 ἐξ
1647 3438 1846 3507 Ἰερου-

274 3517 483 3586 σαλήμ.
531 3537 548 3568 ι
594 3520 802 3577 Πάντες
833 3522 963 3589 γοῦν
989 3525 1035 3575 oi
1069 3526 1398 3589 ἀκούσαντες
1425 3529 1516 3580 τδν
1541 3529 1634 3580 τοῦ
1665 3530 1844 3596 Εὐαγ-

278 3606 459 3670 γελίου
499 3606 675 3675 λόγον,
729 3611 821 3663 καὶ
855 3612 1262 3681 βαπτισθέντες,
1311 3617 1696 3685 ἐποιμαίνοντο
1741 3619 1845 3671 ὑπὸ

275 3696 376 3764 τῆς
414 3702 779 3771 ποιμαντικῆς
810 3704 1031 3772 ῥάϐδου,
1082 3707 1176 3761 τοῦ
1209 3711 1442 3780 σταυροῦ
1472 3711 1731 3782 δηλονότι.
1759 3715 1849 3767 0f-

277 3804 423 3850 τινες
453 3789 509 3841 δὲ
560 3793 983 3862 ἑτραχηλίαζον,
1020 3798 1113 3850 καὶ
1164 3801 1263 3853 οὐκ
1303 3802 1581 3856 ἐπείθοντο
1630 3805 1705 3874 τῷ
1751 3807 1844 3860 τοῦ

280 3879 620 3946 Εὐαγγελίου
673 3886 1005 3954 κηρύγματι,
1057 3891 1148 3942 καὶ
1188 3894 1297 3954 τοῖς
1325 3895 1700 3958 ἀποστολικοῖς
1732 3899 1848 3951 δια-

275 3967 548 4035 τάγμασι,
579 3973 644 4039 τῇ
676 3971 898 4042 δυνάμει
925 3975 1018 4028 τοῦ
1056 3977 1292 4047 σταυροῦ
1333 3983 1427 4032 καὶ
1451 3983 1678 4046 ἄκοντες
1713 3986 1848 4040 ὑπέ-

277 4075 508 4113 κυπτον.
538 4063 635 4114 Διὰ
668 4063 774 4130 γὰρ
806 4065 898 4117 τοῦ
934 4069 1166 4136 σταυροῦ
1205 4072 1430 4142 ἐνικήθη
1467 4077 1561 4126 καὶ
1614 4094 1854 4131 κατεπα-

277 4149 420 4217 τήθη
449 4152 478 4202 ὀ
511 4151 777 4217 διάϐολος,
807 4155 893 4208 διὰ
922 4156 1016 4208 τοῦ
1047 4159 1283 4228 σταυροῦ
1326 4165 1419 4214 καὶ
1462 4165 1554 4215 τοῦ
1588 4165 1850 4235 ὀνόματος

278 4239 374 4292 τοῦ
404 4241 644 4311 Χριστοῦ
675 4243 921 4309 ἐγένοντο
947 4249 1012 4300 τὰ
1045 4249 1332 4320 ἀπόρρητα
1355 4255 1447 4304 καὶ
1479 4252 1690 4317 ἐξαίσια
1717 4256 1852 4309 θαύ-

284 4349 455 4399 ματα.
486 4334 597 4387 Καὶ
621 4335 703 4397 τίς
729 4337 882 4405 χρεία
903 4339 1112 4391 πολλῶν
1132 4341 1306 4409 λόγων
1328 4359 1341 4407 ;
1371 4344 1470 4396 Διὰ
1490 4345 1583 4398 τοῦ
1617 4348 1851 4417 σταυροῦ

282 4423 502 4475 καὶτοῦ
556 4425 884 4492 Εὐαγγελίου
943 4431 1227 4484 ἐπίστευσε
1278 4435 1426 4486 πᾶσα
1466 4438 1497 4503 ἡ
1533 4439 1848 4509 οἰκουμένη,

1949 3263 2074 3326 lem,
2121 3270 2176 3313 et
2210 3274 2330 3313 eam
2360 3272 2466 3326 qua
2506 3256 2633 3309 ferte
2674 3254 3025 3321 depelluntur
3062 3251 3345 3313 virtutem,
3395 3250 3519 3302 talis

1946 3361 2002 3406 ct
2038 3365 2157 3404 mea
2196 3350 2262 3404 de
2306 3361 2469 3402 cruce
2515 3355 2569 3400 ct
2602 3343 2875 3414 Evangelii
2925 3339 3312 3412 pra-dicatione
3345 3339 3518 3392 fertur

1947 3440 2238 3497 sententia.
2275 3458 2292 3488 ι
2322 3439 2365 3493 Ε
2393 3436 2524 3491 Sion
2553 3437 2697 3489 enim
2732 3433 3046 3504 egredietur
3075 3433 3181 3494 lex,
3215 3431 3514 3485 secundum

1947 3531 2157 3595 lsaiam,
2196 3537 2252 3582 et
2276 3526 2502 3581 verbum
2533 3525 2745 3578 Domini
2782 3524 2848 3577 de
2881 3524 3182 3578 Jerusalem
3212 3523 3278 3576 ‘°.
3317 3542 3333 3572 ι
3392 3522 3520 3576 0m-

1947 3640 2046 3679 nes
2099 3623 2283 3690 itaque
2320 3621 2410 3690 qui
2464 3621 2655 3675 audito
2708 3617 2986 3687 Evangelii
3036 3616 3204 3670 verbo
3259 3615 3516 3684 baptizati

1948 3724 2094 3776 sunt,
2121 3713 2378 3783 pastorali
2412 3713 2501 3766 illa
2525 3712 2674 3782 virga
2700 3718 3022 3780 pascuntur,
3047 3723 3209 3762 cruce
3236 3709 3516 3774 nimirum;

1951 3807 2043 3877 qui
2090 3822 2223 3860 vero
2253 3804 2560 3859 cervicibus
2606 3803 2881 3858 induratis
2933 3801 3219 3870 Evangelii
3257 3801 3522 3869 praedica-

1954 3897 2088 3952 tioni
2135 3912 2242 3950 non
2288 3895 2666 3958 crediderunt,
2719 3909 2820 3948 nec
2868 3892 3154 3961 prazceptis
3183 3891 3519 3960 apostolicis,

1952 3988 2132 4042 crucis
2183 3986 2439 4054 potentiae
2501 3985 2663 4039 etiam
2723 3985 2878 4038 inviti
2933 3983 3365 4037 succubuerunt.
3421 3983 3522 4037 Per

1953 4090 2171 4131 crucem
2197 4076 2342 4128 enim
2377 4082 2434 4129 et
2459 4075 2638 4128 victus
2667 4081 2722 4126 et
2746 4071 3101 4125 conculcatus
3121 4081 3204 4125 est
3234 4071 3518 4136 diabolus;

1952 4183 2050 4241 per
2083 4183 2300 4223 crucem
2327 4175 2383 4220 et
2410 4180 2608 4220 nomen
2639 4163 2839 4219 Christi
2892 4163 3141 4218 miranda
3171 4174 3226 4218 et
3253 4165 3521 4231 stupenda

1954 4261 2216 4318 miracula
2263 4270 2391 4314 sunt
2437 4259 2607 4314 edita.
2675 4257 2737 4311 Et
2785 4257 2916 4327 Quid
2974 4257 3159 4310 multis
3209 4256 3385 4324 opus?
3422 4257 3526 4311 Per

1956 4366 2172 4406 crucem
2205 4359 2263 4404 et
2283 4348 2639 4420 Evangelium
2686 4355 2833 4400 totus
2863 4355 3132 4405 terrarum
3163 4347 3314 4401 orbis
3342 4347 3523 4402 credi-

1958 4444 2057 4508 dit,
2091 4451 2146 4496 et
2193 4443 2319 4498 facti
2356 4449 2486 4497 sunt
2529 4440 2674 4494 servi
2713 4438 2937 4508 quidem
2979 4439 3210 4501 Christi,
3263 4439 3356 4492 ﬁlii
3395 4455 3528 4495 vero

284 4517 378 4567 καὶ
411 4516 666 4582 ἐγένοντο
712 4517 888 4572 δοῦλοι
925 4521 1023 4588 μὲν
1075 4520 1168 4573 τοῦ
1203 4523 1462 4592 Χριστοῦ,
1498 4527 1601 4579 υἱοὶ
1634 4529 1690 4581 δέ
1733 4531 1852 4582 κατ’

1889 4535 1931 4589 D
1962 4535 2189 4590 Abrahae
2211 4534 2362 4603 juxta
2391 4531 2808 4602 promissiooem
2841 4546 2938 4599 per
2964 4529 3268 4594 Christum,
3307 4531 3526 4586 Christo
3555 4587 3562 4593 _

281 4607 628 4675 ἐπαγγελίαν
656 4610 748 4661 τοῦ
800 4611 1054 4680 Ἀϐραὰμ
1105 4614 1193 4667 διὰ
1241 4616 1336 4668 τοῦ
1388 4617 1648 4687 Χριστοῦ,
1693 4620 1770 4681 ὡς
1795 4622 1859 4674 ἐκ

283 4699 608 4766 σπέρματος
645 4701 739 4754 τοῦ
768 4703 931 4756 αὑτοῦ
961 4704 1214 4776 ’Λόροιὰμ
1236 4709 1588 4779 γεννηθέντος
1607 4711 1697 4762 τοῦ
1725 4713 1860 4781 Χρι-

285 4788 438 4842 στοῦ.
482 4791 595 4844 Καὶ
626 4793 744 4844 τότε
775 4797 1198 4863 κατεκυρίευσεν
1238 4802 1296 4850 ἐν
1331 4798 1480 4868 μέσῳ
1505 4802 1610 4852 τῶν
1644 4801 1856 4872 ἐχθρῶν

282 4881 454 4932 αὑτοῦ
498 4881 528 4932 ὁ
560 4883 813 4950 Χριστός.
853 4885 1119 4954 Πρόσεξον
1156 4889 1336 4941 τοίνυν
1381 4889 1480 4960 τὴν
1513 4893 1858 4961 προφητικὴν

283 4973 597 5039 ἀκρίϐειαν.
656 4975 768 5028 Οὐκ
794 4972 933 5042 εἷπε,
963 4978 1104 5031 Νίκα
1134 4981 1258 5042 τοὺς
1304 4982 1528 5051 ἐχθρούς
1571 5001 1663 5035 σου
1685 5000 1700 5015 ’
1731 4987 1858 5054 νικᾷ

284 5067 398 5130 γάρ
427 5082 512 5127 τις
545 5065 798 5130 πολλάκις
823 5067 912 5121 τὸν
946 5069 1139 5138 ἐχθρὸν
1165 5071 1350 5134 αὑτοῦ,
1382 5073 1496 5126 ἀλλ’
1547 5076 1625 5128 ἔτι
1661 5077 1858 5128 ἐναπο-

288 5155 442 5223 μένει
480 5155 646 5224 μέρος
685 5157 965 5226 δυνάμεως
991 5161 1047 5212 ἐν
1079 5161 1246 5230 αὐτῷ.
1279 5161 1409 5217 Eine
1439 5165 1512 5228 δὲ,
1551 5184 1567 5217 t
1606 5169 1858 5222 Κατακο-

288 5247 465 5314 ρίευε,
495 5265 514 5299 ι
539 5249 718 5315 δηλῶν
734 5250 981 5304 ἐντεῦθεν
1022 5253 1117 5322 τὴν
1152 5255 1596 5325 ὑπερϐάλλουσαν
1631 5258 1858 5329 δύναμιν

285 5336 388 5388 τοῦ
436 5337 693 5408 σταυροῦ,
752 5339 846 5392 καὶ
880 5343 974 5410 τὴν
1023 5344 1101 5405 είς
1159 5344 1326 5414 ἄκρον
1386 5347 1688 5415 ἀδυναμίαν
1752 5348 1859 5402 τῶν

288 5429 503 5500 ἐχθρῶν
524 5429 708 5487 αὐτοῦ.
729 5450 747 5482 ι
769 5432 857 5484 Ἐν
876 5435 1024 5501 μέσῳ
1045 5435 1151 5487 τῶν
1180 5437 1386 5506 ἐχθρῶν
1414 5455 1525 5490 σου·
1554 5458 1570 5489 ι
1600 5443 1689 5493 καὶ
1707 5441 1863 5494 τοῦτο

289 5522 396 5590 τὴν
411 5521 635 5589 ἄπειρον
654 5522 880 5592 δύναμιν
901 5523 1194 5579 αἰνίττεται
1217 5526 1307 5580 τοῦ
1328 5529 1580 5600 σταυροῦ.
1603 5531 1688 5582 Ἐν
1714 5533 1864 5600 μέσῳ

291 5614 409 5680 γὰρ
431 5615 629 5676 act-:10;
658 5613 750 5666 τοῦ
783 5614 1010 5683 κόσμου,
1056 5617 1151 5670 καὶ
1182 5617 1238 5672 ἐν
1263 5620 1414 5688 μέσῳ
1440 5622 1548 5673 τῶν
1574 5622 1861 5676 εἰδωλολα-

375 5798 417 5826 ”
453 5798 605 5851 han.
659 5813 766 5850 xiv.
802 5796 850 5850 G.
933 5800 974 5826 “"'
1012 5797 1093 5850 La
1171 5813 1225 5863 tt,
1257 5799 1304 5852 ὖ.

1957 4624 2220 4680 nimirum
2251 4637 2316 4676 cx
2350 4624 2469 4690 ipso
2496 4621 2726 4676 Ahrahaa
2757 4619 2964 4674 semine
2992 4630 3139 4673 nato.
3165 4620 3231 4673 Et
3271 4629 3401 4675 tunc
3430 4621 3529 4674 do-

1959 4715 2200 4768 minatus
2220 4723 2303 4766 est
2331 4713 2385 4766 in
2418 4712 2598 4766 medio
2630 4711 2980 4764 inimicorum
3007 4727 3228 4764 suorum
3253 4711 3524 4766 Christus.

1957 4803 2212 4867 Attende,
2239 4817 2444 4873 quaeso,
2497 4817 2618 4871 qurc
2669 4801 2834 4855 fuerit
2893 4802 3175 4870 propheta:
3223 4801 3529 4872 diligentia.

1959 4897 2076 4951 Non
2111 4895 2266 4957 dixit,
2301 4896 2468 4947 Vince
2511 4894 2695 4950 hostes
2735 4904 2878 4949 tuos.
2921 4893 3129 4962 Sa-pius
3177 4897 3322 4948 enim
3364 4898 3534 4950 hostis

1965 4988 2034 5040 ab
2070 4987 2255 5055 aliquo
2289 4987 2550 5046 vincitur,
2585 4986 2636 5038 in
2670 5001 2779 5053 quo
2803 4993 2981 5038 tamen
3012 4984 3193 5053 aliqua
3228 4986 3408 5037 adhuc
3437 4987 3534 5039 ho-

1969 5077 2106 5132 stilis
2132 5077 2385 5144 potcutim
2427 5077 2604 5143 portio
2647 5085 2912 5129 remanet.
2947 5075 3092 5128 Dixit
3128 5085 3331 5136 autem,
3374 5095 3390 5124 ι
3428 5077 3535 5128 Do-

1969 5171 2210 5232 minare;
2274 5189 2291 5220 ν
2343 5169 2427 5221 vel
2479 5168 2605 5222 hinc
2655 5169 2861 5221 docens
2907 5167 3340 5220 ino-stitnabiletn
3387 5169 3533 5220 illam

1968 5262 2146 5314 crucis
2177 5260 2500 5329 potentiam,
2541 5268 2597 5314 et
2629 5275 2896 5314 summam
2945 5260 3183 5313 hostium
3231 5259 3401 5328 ipsius
3438 5260 3538 5311 im-

1968 5351 2284 5419 potentiam.
2317 5350 2456 5402 Tum
2506 5359 2560 5404 et
2603 5349 2807 5412 ἱΙΙυ‹Ι,‹
2855 5350 2907 5402 in
2957 5349 3141 5402 medio
3187 5348 3534 5400 inimicorum

1970 5451 2213 5505 tuorum,
2255 5459 2272 5491 ι
2324 5441 2588 5494 inﬁnitam
2640 5442 2819 5495 crucis
2875 5440 3169 5509 potentiam
3222 5439 3420 5492 innuit.
3478 5439 3536 5492 ln

1973 5533 2153 5586 medio
2184 5534 2330 5587 enim
2364 5537 2534 5588 totius
2577 5535 2786 5596 mundi,
2820 5546 2872 5587 ct
2906 5535 2957 5586 in
3002 5533 3181 5586 medio
3221 5534 3538 5586 idololatra-

1977 5638 2097 5676 rum
2130 5624 2360 5691 apostoli
2390 5633 2439 5679 et
2473 5625 2667 5678 horum
2698 5642 3044 5680 successores
3080 5627 3535 5695 przedicavcrunt,
