4204 6444
261 401 367 463 409

1218 406 1513 465 CONTRA
1561 404 2043 465 MAIIOMETEM
2086 405 2462 464 APOLOGIA
2508 406 2555 464 Ι.

3381 405 3487 467 MO

261 518 355 569 3w
394 520 539 569 ἑσ;”ν
569 520 596 571 ὁ
626 519 802 585 λόγος,
852 519 926 581 ὡς
973 522 1131 589 δῆθεν
1169 524 1270 591 πρὸ
1300 524 1390 575 τοῦ
1430 525 1579 593 ἡλίου
1612 522 1832 588 γεγονὸ-
1864 526 1908 579 Α

1826 551 1832 559 -
1864 526 1908 579 A
1937 538 2052 577 esse
2081 524 2308 583 diceret.
2335 522 2487 591 quasi
2526 523 2601 576 illi
2643 529 2769 576 ante
2801 520 2967 575 solem
3000 530 3237 576 creatum
3280 523 3486 578 conditi

259 627 358 669 τις
386 613 511 671 τοὺς
538 612 823 677 ἀγγέλους,
855 610 1025 675 εἶπεν,
1065 632 1082 663 ι
1115 616 1177 666 ὲκ
1210 616 1444 683 γαστρὸς
1478 618 1580 684 πρὸ
1621 614 1824 679 ἑωσφό-

263 719 378 766 ρου.
414 719 432 751 ι
456 702 529 753 Τὸ
552 704 660 771 γὰρ
699 720 715 753 ι
750 706 811 755 ἐκ
831 704 1059 772 γαστρὸς
1096 723 1113 755 ιι
1148 707 1244 774 οὐχ
1284 708 1359 767 ὡς
1398 709 1637 774 γαστέρα
1678 707 1823 773 ἔχειν

260 795 348 845 τὸν
382 795 515 845 Θεῦν
537 795 694 846 τοῦτο
718 796 960 864 εἴρηκεν,
1016 797 1127 849 ἀλλ’
1154 797 1226 859 ὡς
1260 800 1285 851 ὁ
1335 800 1494 860 αὐτὸς
1560 799 1726 851 Δαὸὶδ
1768 802 1823 851 ἐν

262 884 435 951 ἑτέρῳ
460 883 630 950 λέγει,
660 886 741 937 ὅτι
774 904 791 936 ι
828 885 892 938 Ai
948 888 1127 956 χεῖρές
1167 905 1263 939 σου
1306 889 1568 959 ἐποίησάν
1603 907 1671 958 με
1727 890 1823 942 καὶ⁵

259 969 503 1021 ἔπλασαν
536 989 626 1038 με,
668 990 686 1023 ι
719 972 814 1041 τὴν
851 974 1249 1044 δημιοαργικὴν
1274 978 1502 1042 δύναμιν
1533 980 1627 1030 τοῦ
1686 980 1820 1032 Θεοῦ

256 1063 286 1111 ὁ
324 1061 523 1113 ικνὺων
542 1076 556 1090 ⁸
577 1064 689 1126 καὶ,
711 1081 731 1113 ι
755 1063 1047 1130 Ὀςρθαλμοὶ
1067 1068 1270 1135 Κυρίου
1286 1067 1647 1129 ὲπὶδικαίους,
1678 1087 1696 1120 ι
1723 1070 1822 1137 τὴν

256 1153 626 1220 προνοητικὴν
653 1152 880 1221 δύναμιν
914 1155 1006 1207 τοῦ
1038 1155 1193 1219 Θεοῦ,
1244 1157 1337 1208 καὶ
1374 1156 1456 1209 ὃτι
1507 1156 1634 1221 ἄξια
1682 1158 1821 1227 ἔργα

258 1241 599 1306 πράττουσιν
626 1244 674 1294 oi
717 1243 936 1305 δίκαιοι,
973 1245 1113 1297 ὥστε
1146 1248 1408 1299 εἰσελθεῖν
1467 1248 1695 1301 ἐνώπιον
1725 1246 1819 1299 τοῦ

257 1333 418 1383 Θεοῦ.
452 1332 605 1384 Οὕτω
640 1334 734 1385 καὶ
764 1336 904 1388 κατὰ
952 1336 1010 1389 τὸ
1052 1342 1227 1405 παρὸν
1270 1341 1327 1391 ἐν
1371 1338 1447 1407 τῷ
1478 1341 1672 1401 εἰπεῖν,
1706 1355 1724 1389 ι
1760 1338 1821 1389 ἐκ

254 1425 515 1491 γαστρὸς,
560 1426 776 1491 »ἔδειξε
832 1427 927 1496 τὴν
990 1428 1161 1497 αὐτὴν
1218 1430 1308 1482 καὶ
1344 1429 1470 1499 μίαν
1504 1430 1690 1483 οὐσίαν
1727 1429 1821 1480 καὶ

252 1514 419 1579 φύσιν
464 1516 591 1567 Υἱοῦ
640 1534 695 1567 τε
751 1519 841 1569 καὶ
878 1519 1107 1587 Πατρός.
1135 1521 1346 1586 Ὥσπερ
1394 1522 1501 1589 γὰρ
1531 1520 1597 1573 τὰ
1635 1519 1821 1587 ἄψυχα

251 1606 449 1675 δέιδρσι
489 1606 558 1658 τὰ
610 1607 750 1659 αὐτὰ
780 1610 870 1659 καὶ
896 1610 1055 1674 ὅμοια
1104 1610 1285 1669 αὐτοῖς
1328 1610 1612 1675 γεννῶσιν,
1652 1610 1684 1675 ἡ
1712 1608 1819 1676 γὰρ

253 1700 397 1766 συκῆ
426 1698 601 1766 συκῆν
654 1700 841 1767 γεννᾷ,
884 1699 1031 1766 καὶὴ
1083 1700 1239 1751 ἐλαία
1289 1701 1509 1751 ἐλαίαν·
1560 1699 1818 1761 ὡσαύτως

251 1793 347 1842 καὶ
375 1791 443 1842 τὰ
476 1790 650 1855 ἄλογα
684 1790 796 1852 ζῶα
826 1790 1025 1859 ὁμοίως
1059 1790 1116 1842 ἓν
1138 1791 1368 1843 ἕκαστον
1404 1790 1610 1843 τούτων
1633 1792 1818 1858 ὅμοιον

252 1874 400 1943 αῦτῷ
446 1879 543 1927 καὶ
566 1878 664 1943 τῆς
697 1877 865 1947 αὐτῆς
898 1878 1109 1944 φύσεως
1136 1879 1301 1947 γεννᾷ
1354 1879 1616 1947 γέννημα.
1657 1879 1817 1931 Ἀλλὰ

251 1966 314 2033 δὴ
345 1965 441 2016 καὶ
466 1967 493 2017 6
526 1967 833 2033 ἄνθρωπος,
868 1967 1085 2034 λογικὸς
1132 1967 1228 2031 ὢν,
1277 1969 1493 2035 λογικὸν
1536 1969 1822 2039 ἄνθρωπον

251 2054 440 2122 γεννᾷ,
479 2055 572 2105 καὶ
595 2053 785 2123 eme;
814 2053 909 2118 ὢν,
940 2054 1093 2118 αὖθις
1133 2056 1329 2122 θνητόν
1361 2074 1374 2088 ·
1402 2060 1495 2110 καὶ
1527 2059 1626 2127 τῆς
1653 2060 1821 2126 αὐτῆς

250 2145 445 2202 οὐσίας
463 2162 522 2197 τε
552 2144 647 2197 καὶ
674 2144 887 2211 φύσεώς
917 2146 1061 2198 ἐστιν
1087 2150 1113 2199 6
1154 2149 1267 2210 υίὸς
1300 2150 1377 2217 τῷ
1410 2150 1601 2219 πατρί.
1639 2149 1822 2216 [Ιολλῷ

255 2238 458 2305 μᾶλλον
490 2236 824 2307 λογιζόμεθα
853 2238 1011 2291 τοῦτο
1050 2240 1143 2293 καὶ
1176 2241 1527 2309 ἀσυγκρίτως
1580 2241 1673 2293 ἐπὶ
1724 2241 1819 2294 τοῦ

250 2327 415 2391 Θεοῦ,
444 2329 530 2380 ὅτι
554 2330 582 2381 6
621 2328 746 2391 Υἱὸς
780 2329 871 2382 καὶ
893 2330 1064 2399 Λόγος
1092 2332 1258 2383 αὐτοῦ
1284 2333 1383 2400 τῆς
1412 2331 1581 2398 αὐτῆς
1607 2331 1822 2400 φύσεως

252 2420 348 2471 καὶ
378 2419 576 2482 οὐσίας
610 2421 725 2473 ἐστὶ
752 2420 847 2473 τοῦ
877 2421 1109 2490 Πατρὸς,
1160 2421 1339 2483 καθὼς
1372 2422 1467 2475 καὶ
1506 2422 1648 2477 Εστι.
1711 2422 1822 2474 Καὶ

254 2509 452 2560 σκόπει
485 2508 777 2578 ἀκρίϐειαν
802 2510 1171 2580 προφητειῶν.
1203 2512 1384 2565 Εἰπὼν
1408 2512 1520 2584 γὰρ
1557 2514 1584 2567 6
1614 2512 1823 2581 προφή-

251 2619 375 2669 της,
423 2617 439 2649 ι
478 2594 649 2652 Εἶπεν
696 2600 723 2651 6
781 2599 1004 2667 Κύριος,
1050 2618 1069 2651 ι
1126 2600 1328 2665 ἔδειξεν
1383 2602 1465 2652 ὅτι
1522 2599 1611 2653 τὸν
1688 2598 1824 2649 Θεὸν

251 2696 424 2761 λέγει,
453 2693 526 2755 ὡς
553 2691 945 2745 ἀποδέδεικται.
977 2691 1160 2744 Εἰπὼν
1191 2692 1268 2754 δὲ,
1302 2708 1317 2741 ι
1344 2689 1418 2757 τῷ
1442 2688 1628 2757 Κυρίῳ
1648 2704 1770 2758 μου,
1796 2705 1815 2739 ι

252 2786 349 2835 καὶ
393 2784 483 2845 τὸ,
522 2800 539 2832 ι
579 2781 765 2835 Κάθου
806 2783 867 2833 ἐκ
903 2780 1091 2844 δεξιῶν
1152 2798 1277 2846 μου,
1314 2781 1417 2840 ἕως
1468 2777 1534 2831 ἂν
1566 2778 1640 2829 Οιῖι
1695 2777 1820 2837 τοὺς

249 2874 487 2942 ὲχνιροῦς
547 2890 638 2924 σου
672 2872 960 2924 ὑποπόδιον
994 2872 1101 2924 τῶν
1145 2870 1322 2923 ποδῶν
1353 2887 1444 2922 σου
1478 2884 1491 2898 ⁸
1536 2888 1553 2920 ι
1592 2868 1687 2921 καὶ
1738 2866 1820 2930 τὸ,

256 2964 530 3018 «Ῥάϐδον
590 2963 871 3033 δυνάμεως
938 2961 1286 3027 ὲξαποστελεῖ
1354 2977 1433 3011 σοι
1488 2959 1694 3029 Κύριος
1756 2960 1822 3009 ὲκ

253 3054 419 3119 Σιὼν,
459 3073 478 3103 ι
516 3053 612 3105 καὶ
639 3054 720 3116 rb,
752 3071 769 3102 ι
811 3052 1191 3120 Κατακυρίευε
1222 3052 1277 3102 ὲν
1303 3050 1453 3118 μέσῳ
1479 3038 1585 3099 τῶν
1614 3046 1824 3115 ἐχθρῶν

250 3160 353 3195 σου
382 3159 396 3172 ·
427 3161 446 3192 ι
488 3142 664 3193 ταῦτα
694 3140 869 3193 πάντα
907 3139 997 3192 τὸν
1032 3139 1171 3207 ὑπὲρ
1201 3138 1362 3205 φύσιν
1402 3137 1685 3204 ἄνθρωπον
1721 3136 1815 3188 καὶ
1844 3157 1888 3213 C
1919 3159 2108 3199 eorum
2156 3152 2371 3196 ιυοι-ιιηι
2417 3158 2431 3194 ε

249 3236 640 3301 ἀνέκφραστον
700 3225 871 3282 εἷπεν.
932 3230 1048 3281 Ἵνα
1104 3229 1158 3281 δὲ
1190 3228 1336 3299 δείξῃ
1371 3228 1452 3280 ὅτι
1509 3226 1671 3288 αὑτός
1704 3228 1820 3277 ὲστι

248 3325 351 3374 καὶ
388 3322 525 3381 Θεὸς
558 3322 652 3372 καὶ
701 3321 1009 3388 ἄνθρωπος,
1037 3318 1207 3386 λέγει,
1239 3338 1256 3369 ι
1288 3318 1441 3371 Μετᾶ
1479 3318 1573 3369 σοῦ
1611 3316 1644 3385 ἡ
1676 3316 1820 3386 ἀρχὴ

248 3417 308 3465 ὲν
341 3413 644 3482 ἡμέρᾳτῆς
666 3412 945 3482 δυνάμεῴς
980 3426 1093 3473 σου,
1126 3411 1183 3463 ἐν
1200 3411 1317 3471 ταῖς
1342 3408 1691 3478 λαμπρότησι
1715 3408 1823 3459 τῶν

245 3478 427 3570 ἁγίιῦν
460 3478 579 3557 σου.
608 3478 629 3552 ί»
653 3503 771 3555 Ἵνα
802 3478 856 3554 δὲ
883 3478 1051 3554 ἶτιτέιλιν
1081 3501 1231 3571 δείξῃ
1258 3502 1350 3553 καὶ
1372 3498 1660 3571 φανερὼσῃ
1690 3498 1823 3551 Θεὸν

245 3598 388 3647 ὄντα
420 3597 519 3648 καὶ
546 3595 767 3662 γνήσιον
793 3593 924 3645 Υίὸν
951 3591 1115 3645 αὑτοῦ
1151 3591 1215 3661 δὴ
1243 3592 1336 3643 τοῦ
1382 3590 1537 3655 Θεοῦ,
1573 3592 1664 3645 καὶ
1700 3590 1826 3659 μίαν

242 3687 447 3739 οᾷσῖαν
483 3684 583 3736 καὶ
607 3686 768 3750 φύσιν
793 3683 982 3751 ἔχοντα
1016 3683 1150 3752 μετά
1177 3680 1268 3733 τοῦ
1305 3680 1439 3734 Θεοῦ
1470 3682 1562 3733 καὶ
1595 3680 1825 3749 Πατρδς,

244 3776 381 3829 ε’πε
403 3777 483 3840 τὸ,
524 3795 543 3826 ι
597 3777 690 3828 Ἐκ
714 3774 944 3843 γαστρὸς
978 3774 1082 3842 πρὸ
1109 3774 1381 3842 ἑωσφόρον
1404 3772 1664 3841 ἐγέννησά
1696 3774 1823 3824 σεδ»

254 3869 318 3919 ⁸0
338 3868 389 3919 δ’
417 3866 583 3928 αὐτὸς
614 3864 774 3919 πάλιν
787 3864 877 3915 καὶ
898 3864 1134 3933 ὲνὲτέρῳ
1155 3864 1322 3929 λέγει,
1350 3883 1365 3914 ι
1393 3864 1499 3915 Καὶ
1521 3862 1605 3926 σὺ,
1634 3860 1827 3932 Κύριε,

244 3959 277 4023 ἠ
314 3956 485 4017 ἐλπίς
520 3972 650 4022 μου,
688 3954 778 4005 τὸν
807 3953 1072 4021 ’Ὕψιστον
1130 3953 1252 4004 ἔθου
1288 3952 1616 4020 καταφυγήν
1646 3968 1763 4005 σου.
1803 3968 1822 4001 ι

244 4047 287 4097 Π
297 4044 533 4113 ρόσεξον
560 4044 618 4096 τὸ
647 4043 955 4112 λεγόμενον.
1022 4043 1109 4095 Ἐν
1137 4042 1214 4112 τῷ
1245 4044 1418 4096 εἰπεῖν
1462 4042 1550 4096 τὸν
1599 4042 1832 4112 Προφή-

241 4153 374 4202 την,
418 4153 438 4185 ι
477 4134 592 4185 Καὶ
655 4138 740 4198 σὺ,
779 4133 971 4201 Κύριε,
1012 4132 1228 4202 ήὲλπίς
1286 4149 1409 4202 μου,
1452 4151 1469 4183 ι
1506 4132 1673 4196 ἔδειξε
1735 4133 1828 4186 τὸν

244 4226 385 4275 Υίδν
420 4223 521 4275 τοῦ
548 4221 710 4274 Θεοῦ.
746 4240 763 4273 ι
796 4221 886 4275 Ἐν
911 4222 967 4275 δὲ
1000 4222 1097 4292 τῷ,
1129 4241 1147 4273 ι
1179 4222 1267 4275 τὸν
1300 4222 1584 4288 "Td/tarem
1611 4240 1629 4273 ι
1664 4220 1831 4286 ἔδειξε

237 4316 334 4365 τδν
371 4314 581 4365 τούτου
637 4313 857 4382 Πατέρα
911 4311 1065 4365 Θεόν.
1109 4312 1198 4364 Ἐν
1230 4312 1286 4364 δὲ
1318 4311 1395 4382 τῷ
1451 4314 1625 4365 εἰπεῖν
1667 4310 1827 4375 αὖθις

234 4411 318 4469 τὺ,
347 4424 369 4457 ι
396 4404 573 4456 ἘΟου
595 4402 933 4471 καταψυγὴν,
956 4420 974 4450 ι
994 4401 1158 4465 ἔδειξε
1182 4403 1269 4453 τὸν
1284 4401 1343 4452 ὃν
1366 4401 1831 4464 ἀνελάϐετοδΥίὸς

1927 615 2055 678 sint,
2090 615 2285 683 inquit.
2323 632 2342 664 ι
2374 630 2441 668 ex
2472 624 2627 668 utero
2653 629 2883 668 aurune.
2923 632 2942 664 ι
2986 612 3140 677 Quod
3164 617 3307 667 enim
3343 617 3483 669 uteri

1928 709 2194 771 meminit,
2224 722 2329 759 non
2358 721 2423 759 eo
2456 721 2619 759 sensu
2655 704 3032 772 accipiendum
3064 714 3150 758 est
3181 706 3325 772 quod
3343 706 3483 759 Dens

1926 807 2138 850 uterum
2159 798 2373 859 habeat,
2393 796 2485 849 sed
2504 811 2569 850 eo
2588 810 2696 863 quo
2717 803 2771 847 et
2790 795 2953 847 David
2976 795 3105 849 alibi
3131 795 3295 848 dicit:
3331 813 3348 845 ι
3372 796 3481 847 Ma-

1926 905 2030 943 nus
2056 899 2158 942 tum
2190 892 2441 942 iecerunt
2471 903 2557 941 me
2583 895 2639 940 et
2674 885 3045 939 formaverunt
3070 900 3155 939 me
3187 886 3264 950 “;
3305 904 3323 935 ι
3354 900 3484 952 ope-

1926 981 2176 1034 ratricem
2209 980 2460 1033 videlicet
2498 978 2590 1032 Dei
2640 976 2934 1045 potentiam
2973 977 3288 1039 ostendens,
3348 985 3482 1037 etc.,

1930 1092 1946 1123 ι
1979 1071 2134 1126 Oculi
2163 1071 2251 1123 Dei
2285 1084 2451 1137 super
2479 1070 2654 1138 justos
2685 1069 2762 1133 ²⁸;
2804 1086 2823 1119 ι
2856 1082 2965 1135 quo
2990 1067 3170 1121 omnia
3201 1066 3488 1134 providen—

1926 1172 2033 1215 tem
2077 1162 2169 1215 Dei
2218 1162 2472 1214 virtutem
2514 1160 2714 1223 innuit,
2756 1168 2812 1213 et
2847 1157 2991 1226 quod
3036 1157 3167 1228 justi
3205 1172 3371 1225 opera
3404 1158 3483 1210 fa-

1922 1255 2069 1308 ciant
2097 1254 2256 1323 digna
2289 1261 2348 1305 ut
2378 1264 2562 1305 coram
2618 1250 2731 1303 Deo
2773 1247 3167 1317 ingrediantur.
3203 1247 3293 1302 Sic
3318 1248 3483 1301 etiam

1922 1359 2163 1415 prmsens
2214 1344 2367 1396 locus
2424 1340 2811 1410 intelligendus
2877 1346 2980 1394 est.
3033 1338 3277 1410 Dicendo
3314 1337 3483 1399 enim,

1928 1455 1946 1485 ι
1992 1452 2055 1490 ex
2107 1446 2284 1496 utero,
2324 1452 2343 1485 ι
2375 1433 2615 1489 ostendit
2644 1448 2807 1487 unam
2839 1439 2893 1486 et
2931 1429 3179 1485 eamdem
3213 1429 3334 1483 Filii
3360 1444 3482 1481 cum

1920 1528 2080 1581 Patre
2104 1524 2461 1579 substantiam
2482 1532 2537 1577 et
2556 1532 2829 1576 naturam.
2847 1520 3311 1587 Quemadmodum
3340 1520 3485 1573 enim

1922 1616 2231 1671 inanimata:
2255 1612 2480 1667 arbores
2500 1612 2702 1665 eaedem
2733 1619 2786 1664 et
2811 1610 3015 1665 similes
3043 1610 3144 1663 sibi
3168 1610 3299 1676 ipsis
3328 1625 3491 1677 gene-

1923 1714 2144 1760 rantur:
2177 1704 2310 1757 ticus
2342 1704 2488 1757 enim
2530 1702 2691 1755 ticum
2727 1710 2783 1756 et
2814 1701 2933 1754 olea
2972 1700 3145 1753 oleam
3170 1699 3380 1768 gignit:
3417 1699 3490 1754 si-

1922 1796 2125 1849 militer
2152 1803 2206 1849 et
2236 1794 2394 1847 bruta
2419 1793 2671 1847 animalia
2707 1792 2915 1861 singula
2944 1794 3094 1860 juxta
3132 1806 3303 1859 genus
3327 1807 3483 1844 suum

1928 1893 2132 1939 natura:
2167 1898 2277 1937 suae
2320 1883 2523 1937 similia
2577 1890 2857 1951 generant.
2906 1888 2961 1934 et
3006 1881 3169 1933 homo
3211 1881 3490 1933 rationalis

1924 1990 2046 2030 cum
2090 1975 2182 2038 sit,
2238 1973 2555 2027 rationalem
2596 1973 2769 2042 gignit
2806 1972 3103 2043 hominem,
3150 1979 3204 2025 et
3246 1972 3490 2025 mortalis

1923 2064 2233 2125 mortalem,
2269 2070 2324 2117 ct
2353 2062 2496 2115 lilius
2524 2060 2770 2130 ejusdem
2808 2075 2934 2113 cum
2968 2045 3120 2129 patre
3156 2068 3239 2112 est
3284 2070 3490 2112 natura:

1920 2165 1977 2209 ct
2009 2152 2348 2208 substantiae.
2387 2150 2557 2205 Multo
2586 2149 2756 2219 magis
2781 2149 2947 2219 igitur
2976 2148 3089 2202 lucc
3120 2158 3173 2200 et
3195 2148 3311 2201 sine
3341 2148 3488 2200 omni

1923 2242 2262 2297 dubitatione
2290 2241 2358 2294 de
2388 2241 2499 2294 Deo
2536 2240 2858 2302 sentiemus,
2889 2239 3031 2307 quod
3078 2239 3247 2292 Filius
3277 2248 3325 2290 et
3359 2237 3491 2290 Ver-

1922 2333 2048 2387 bum
2075 2331 2247 2401 ipsius
2276 2330 2519 2398 ejusdem
2555 2345 2679 2383 cum
2729 2329 2885 2384 Patre
2920 2331 2990 2383 sit
3035 2338 3243 2382 natura:
3279 2339 3332 2381 et
3366 2332 3493 2381 sul:—

1923 2436 2160 2490 stantiae,
2206 2421 2666 2493 quemadmodum
2725 2437 2912 2477 revera
2960 2432 3061 2477 est.
3121 2422 3225 2475 Sed
3283 2424 3490 2491 respice

1925 2515 2338 2586 prephctiarum
2418 2513 2779 2582 diligentiam.
2842 2512 3113 2581 Propheta
3196 2514 3342 2565 enim
3412 2512 3493 2565 in-

1922 2608 2139 2677 quicns,
2206 2626 2223 2657 ι
2260 2606 2407 2659 Dixit
2433 2605 2715 2668 Dominus,
2748 2622 2767 2653 ι
2805 2604 3045 2657 ostendit
3070 2618 3127 2657 se
3164 2604 3232 2657 de
3265 2604 3373 2663 Dco
3410 2605 3492 2657 di.

1922 2710 2069 2757 cere,
2096 2703 2155 2747 ut
2180 2695 2288 2763 jam
2312 2701 2437 2747 ante
2454 2693 2887 2746 demonstratum
2909 2700 3015 2745 est.
3048 2690 3266 2745 Addens
3286 2701 3489 2748 autem.

1930 2799 1947 2830 ι
1991 2779 2216 2832 Domino
2268 2792 2412 2836 meo,
2449 2794 2467 2826 ι
2511 2788 2569 2829 et
2626 2793 2643 2825 ι
2689 2774 2829 2828 Sede
2880 2790 2908 2827 a
2953 2773 3160 2828 dextris
3211 2776 3369 2837 meis,
3399 2776 3492 2826 dw-

1924 2885 2025 2924 nec
2055 2884 2249 2939 ponam
2287 2868 2553 2937 inimicos
2601 2873 2725 2920 tuos
2776 2864 3069 2919 scabeitum
3114 2864 3313 2933 pedum
3377 2874 3493 2917 tui:-

1925 2976 2078 3025 rum,
2128 2970 2267 3024 etc.;
2324 2977 2342 3010 ι
2397 2976 2415 3008 ι
2468 2955 2687 3027 Virgam
2736 2956 2995 3025 potentiae
3038 2956 3251 3011 emittet
3288 2954 3384 3009 tibi
3431 2971 3493 3008 ex

1925 3053 2052 3109 Sion
2105 3050 2369 3107 Dominus
2402 3068 2416 3115 ;
2466 3058 2556 3115 et,
2594 3067 2614 3101 ι
2658 3048 2948 3103 Dominare
2987 3050 3044 3102 in
3079 3046 3259 3101 medio
3317 3045 3487 3099 inimi-

2480 3158 2499 3192 ι
2563 3140 2679 3195 Ιιαιε
2710 3141 2889 3195 omnia
2931 3139 3183 3207 inquam,
3221 3136 3493 3192 hominem

1924 3236 2067 3289 omni
2104 3244 2296 3288 natura
2345 3232 2776 3301 praestantiorem
2815 3240 2873 3285 et
2900 3228 3314 3283 inenarrabilem
3354 3227 3485 3281 desi-

1923 3335 2108 3397 gnant.
2147 3326 2217 3380 Ut
2243 3338 2375 3379 vero
2416 3322 2667 3378 ostendat
2711 3321 2964 3377 eumdem
2995 3330 3049 3375 et
3086 3319 3255 3374 Deum
3293 3332 3412 3371 esse
3440 3326 3496 3368 et

1925 3417 2225 3481 hominem,
2262 3416 2417 3480 dicit,
2467 3432 2486 3467 ι
2539 3414 2714 3470 Penes
2744 3424 2796 3468 te
2824 3422 2907 3467 est
2948 3410 3282 3482 principatus
3315 3410 3369 3462 in
3407 3408 3496 3462 die

1926 3506 2181 3575 potentiae
2220 3513 2366 3566 tuae,
2404 3504 2459 3558 in
2504 3501 2795 3572 splendore
2839 3508 3150 3555 sanctorum
3195 3507 3431 3553 tuorum.
3471 3516 3491 3548 ι

1928 3596 2197 3651 Praeterea
2242 3606 2302 3649 ut
2346 3608 2563 3649 rursum
2597 3592 2830 3655 evincat,
2861 3590 3006 3660 quod
3047 3590 3191 3643 Deus
3237 3605 3361 3645 cum
3402 3589 3494 3650 sit.

1929 3686 2192 3740 naturalis
2213 3686 2380 3740 etiam
2410 3693 2465 3737 ct
2496 3697 2663 3739 verus
2689 3682 2761 3737 sit
2789 3682 2882 3737 Dei
2922 3680 3114 3743 Filius,
3149 3689 3204 3735 et
3249 3679 3497 3748 ejusdem

1929 3794 2053 3834 cum
2092 3778 2201 3832 Deo
2226 3778 2387 3832 Patre
2422 3785 2629 3829 natura:
2664 3783 2721 3829 et
2754 3773 3093 3836 substantia,
3136 3772 3240 3826 boc
3274 3772 3499 3839 subjun-

1929 3870 2027 3940 git,
2071 3887 2091 3921 ι
2126 3870 2203 3923 Ex
2231 3879 2389 3922 utero
2418 3881 2626 3921 aurora:
2650 3865 2811 3935 genui
2845 3873 2915 3919 te.
2946 3882 2965 3915 ι
3002 3864 3205 3918 Verum
3241 3864 3330 3915 bic
3353 3862 3496 3915 idem

1930 3962 1984 4014 in
2013 3961 2119 4014 alio
2147 3960 2266 4013 loco
2288 3957 2441 4022 dicit,
2469 3976 2487 4007 ι
2513 3958 2579 4011 Ει
2603 3963 2682 4022 ιιι,
2704 3955 2957 4018 Domine,
2978 3968 3104 4023 spes
3126 3968 3267 4016 mea,
3287 3952 3499 4007 Altissi-

1931 4065 2079 4104 mum
2104 4048 2337 4118 posuisti
2372 4047 2665 4117 suffugium
2699 4054 2849 4101 tuum
2873 4046 2941 4098 ³⁸.
2979 4063 2997 4096 ι
3033 4044 3264 4098 Attende
3288 4057 3495 4112 quaeso,

1930 4139 2063 4209 quid
2107 4137 2342 4191 dicatur.
2384 4136 2463 4190 Eo
2512 4137 2658 4191 enim
2689 4135 2833 4205 quod
2876 4134 3143 4203 Propheta
3180 4132 3331 4196 dicit,
3373 4150 3392 4183 ι
3432 4132 3498 4186 Et

1933 4239 2011 4293 tu,
2047 4228 2295 4294 Domine,
2325 4241 2449 4295 spes
2479 4241 2619 4290 mea,
2659 4243 2677 4277 ι
2703 4226 2900 4280 Filium
2934 4223 3245 4280 Deiinuuit.
3275 4224 3376 4277 Per
3402 4221 3498 4275 ΑΙ-

1934 4319 2202 4373 tissimum
2282 4332 2414 4372 vero
2473 4315 2721 4385 ejusdem
2778 4316 2989 4370 Patrem
3045 4314 3217 4370 Deum
3270 4311 3493 4367 indicat.

1934 4408 2170 4462 Rursum
2224 4421 2354 4461 vero
2413 4405 2499 4459 his
2546 4406 2757 4470 verbis,
2813 4423 2832 4455 ι
2896 4404 3131 4459 Posuisti
3202 4403 3494 4473 sull‘ugium

232 4498 331 4549 τοῦ
369 4496 521 4549 Θεοῦ
559 4494 869 4563 ἄνθρωπον,
905 4493 993 4545 τὸν
1016 4492 1205 4561 ἔχοντα
1247 4492 1436 4561 χρείαν
1478 4494 1820 4559 καταφυγῆς.
1856 4470 1892 4529 Π

1856 4470 1905 4529 D
1932 4509 2105 4562 tuum,
2121 4516 2138 4548 ι
2154 4497 2377 4551 denotat
2395 4496 2690 4557 hominem,
2710 4510 2870 4563 quem
2890 4494 3058 4549 Filius
3071 4496 3163 4549 Dei
3181 4470 3495 4561 assumpsit,

244 4589 305 4640 ’0
373 4587 499 4654 γὰρ
530 4584 664 4647 Υἱὸς
709 4582 803 4636 τοῦ
860 4581 995 4634 Θεοῦ
1023 4582 1210 4652 χρείαν
1238 4582 1560 4650 καταφυγῆς
1606 4580 1703 4631 οὐκ
1748 4576 1828 4631 εί-

229 4696 353 4730 Ὶῖν.

230 4698 243 4707 .
269 4698 353 4730 εν,

230 4698 261 4745 ι
306 4766 368 4820 ι’.
423 4764 599 4817 Ἀλλὰ
629 4763 722 4816 καὶ
746 4764 771 4813 6
794 4760 987 4813 τούτου
1019 4762 1195 4823 παϊςό
1227 4760 1530 4832 θαυμάσιος
1573 4760 1827 4829 Σολομὼν

1928 4589 2016 4645 cui
2041 4603 2179 4657 opus
2222 4594 2342 4641 erat
2383 4585 2639 4653 suffugio.
2679 4585 2854 4639 Purus
2887 4585 3035 4638 enim
3072 4585 3161 4639 ille
3190 4585 3286 4639 Dei
3326 4584 3499 4641 Filius

1929 4678 2163 4747 suilugio
2189 4678 2272 4731 vel
2301 4676 2448 4744 asylo
2482 4691 2589 4728 non
2622 4674 2919 4741 indigebat.

1998 4767 2088 4821 10.
2120 4766 2260 4832 Quin
2289 4775 2342 4819 et
2378 4766 2538 4835 bujus
2566 4764 2710 4818 ﬁlius
2739 4764 2887 4818 omni
2908 4764 3268 4820 admiratione
3300 4765 3498 4835 dignus

1924 4855 2164 4918 Solomo,
2202 4854 2281 4909 sic
2319 4853 2483 4907 dicit:
2518 4870 2536 4902 ι
2567 4851 2810 4919 Etnunc,
2833 4868 2865 4905 ο
2884 4854 3110 4907 Domine
3133 4854 3270 4908 Deus
3298 4854 3491 4917 Israel,

1927 4954 2107 4999 ratum
2156 4947 2251 4997 liat
2302 4943 2529 4998 verbum
2597 4951 2772 5007 tuum,
2804 4946 2950 5011 quod
2993 4944 3208 4998 locutus
3248 4959 3307 4997 cs
3338 4959 3496 4998 servo

1926 5044 2021 5088 tuo
2058 5032 2245 5094 David,
2280 5032 2418 5100 patri
2461 5046 2606 5090 meo.
2656 5033 2917 5100 quoniam
2949 5048 3079 5085 num
3116 5049 3238 5086 vere
3288 5033 3497 5086 habita—

1926 5126 2006 5179 bit
2038 5126 2176 5177 Deus
2211 5138 2333 5177 cum
2367 5122 2684 5175 hominibus
2712 5137 2880 5188 super
2925 5131 3124 5176 terram
3151 5123 3233 5174 ‘1?
3262 5139 3279 5172 ι
3315 5122 3399 5185 Ει,
3435 5130 3494 5174 ιιι

1925 5214 2186 5273 Jercmias
2202 5212 2332 5267 dicit
2364 5229 2377 5265 :
2412 5231 2429 5263 ι
2465 5210 2728 5278 Quoniam
2762 5213 2851 5267 hic
2874 5225 2959 5269 est
2987 5213 3130 5268 Deus
3154 5224 3357 5279 noster,
3384 5229 3492 5267 non

1928 5302 2269 5371 reputabitur
2305 5301 2444 5354 alius
2492 5315 2673 5354 coram
2691 5316 2776 5355 eo.
2821 5303 3084 5367 Quoniam
3108 5318 3273 5371 super
3296 5312 3492 5356 terram

1931 5396 2076 5447 visus
2113 5400 2219 5451 est.
2263 5400 2470 5451 etcum
2504 5391 2813 5477 hominibus
2863 5400 3216 5446 conversatus
3260 5402 3349 5446 est
3374 5392 3442 5444 ’⁸.
3468 5408 3488 5440 ι

1931 5486 2021 5541 Sic
2056 5494 2110 5539 et
2140 5484 2356 5551 sapiens
2386 5481 2479 5535 ille
2508 5482 2765 5545 Solomon
2813 5483 2950 5539 dicit
2982 5501 2999 5541 :
3049 5502 3067 5536 ι
3097 5483 3323 5539 Domine
3354 5482 3494 5536 Deus

1926 5576 2115 5639 Israel,
2140 5583 2320 5628 ratqu
2368 5573 2459 5626 ﬁat
2490 5575 2715 5627 verbum
2754 5583 2930 5637 tuum,
2980 5574 3123 5642 quod
3178 5574 3390 5626 Incutus
3432 5588 3494 5625 es

1927 5683 2085 5721 servo
2156 5676 2249 5718 tuo
2304 5664 2490 5718 David.
2530 5682 2547 5714 ι
2587 5665 2725 5730 Quid
2780 5666 2925 5720 enim
2987 5666 3130 5719 aliud
3198 5665 3486 5733 signiﬁcat,

222 4859 447 4910 οὑεωσί
484 4868 649 4923 φησι*
684 4872 704 4901 ι
735 4853 844 4906 Καὶ
869 4852 983 4916 νῦν,
1016 4852 1187 4922 Κύριε
1218 4853 1244 4904 6
1279 4852 1409 4914 Θεὸς
1455 4852 1546 4904 τοῦ
1587 4851 1824 4922 Ἰσραὴλ,

225 4946 591 5015 πιστωθήτω
622 4945 686 5015 δὴ
724 4942 783 4995 τὸ
829 4942 983 5012 ῥῆμά
1015 4959 1127 5005 σου,
1186 4942 1214 4994 ὃ
1247 4941 1514 5011 ιλάλησας
1546 4941 1622 5012 τῷ
1675 4941 1826 4994 παιδί

224 5056 321 5090 σου
361 5035 551 5089 Δπόὶδ
582 5035 660 5103 τῷ
701 5032 869 5102 πατρὶ
910 5050 1031 5102 μου,
1064 5022 1222 5085 ὅτιλεί
1248 5032 1463 5101 ἀληθῶς
1505 5033 1823 5101 κατοικήσει

222 5131 362 5193 Θεὸς
397 5129 559 5198 μετὰ
611 5122 915 5192 ἀνθρώπων
943 5126 1034 5175 ἐπὶ
1070 5125 1167 5192 τῆς
1223 5123 1342 5192 γῆς
1388 5141 1405 5173 ι
1441 5124 1552 5175 Καὶ
1578 5121 1766 5191 ὥσπερ
1797 5125 1824 5175 ὁ

234 5222 545 5293 Ἱερεμίας
606 5215 781 5280 εἶπεν,
832 5218 914 5269 ὅτι
951 5232 970 5267 ι
1006 5210 1175 5275 Οὗτος
1233 5216 1261 5266 6
1328 5213 1459 5276 Θεὸς
1521 5213 1695 5286 ἡμῶν,
1759 5214 1821 5266 οὐ

221 5313 646 5382 λογισθήσεται
669 5308 855 5376 ἕτερος
887 5306 1023 5374 πρὸς
1066 5305 1247 5370 αὑτὸν,
1306 5298 1424 5355 εἶτα
1475 5304 1567 5355 ἐπὶ
1594 5304 1687 5373 τῆς
1719 5302 1820 5371 γῆς

219 5407 419 5474 ἅφθη,
474 5400 580 5452 καὶ
631 5401 745 5459 τοῖς
808 5397 1122 5466 ἀνθρώποις
1178 5395 1631 5463 συνανεστράφη’
1679 5393 1822 5447 οὕτω

220 5498 317 5549 καὶ
371 5499 404 5549 6
456 5492 633 5557 σοφὸς
670 5486 921 5558 Σολομὼν
977 5488 1142 5554 λέγει,
1201 5487 1302 5545 ὅτι,
1332 5504 1351 5537 ι
1387 5486 1558 5554 Κύριε
1616 5486 1643 5538 ὁ
1689 5486 1821 5548 Θεὸς

230 5588 499 5658 ,Ισραὴλ,
541 5581 876 5647 πιστωθήτω
932 5580 996 5647 δὴ
1040 5578 1103 5630 τὸ
1157 5577 1307 5647 ῥῆμά
1339 5594 1456 5642 σου,
1490 5576 1517 5629 ὃ
1554 5576 1822 5644 tum“;

327 5675 503 5730 παιδί
534 5689 627 5724 σου
650 5670 833 5725 Δαῦίδ.
859 5687 876 5720 ι
908 5669 971 5721 Τί
992 5668 1236 5737 βιῦλεται
1258 5667 1317 5720 τὸ
1343 5685 1361 5718 ι
1398 5668 1725 5736 Πιστωθήτω
1752 5684 1764 5730 ;
1792 5686 1809 5716 ι

285 5798 331 5831 ιι
370 5792 545 5852 Psal.
570 5805 753 5854 cxm,
779 5790 863 5844 73.
965 5789 1009 5821 ’³
1043 5788 1178 5843 Psal.
1208 5805 1390 5853 nam,
1426 5790 1504 5845 i6.
1596 5794 1637 5824 "
1662 5789 1799 5847 l‘sal.
1836 5809 1914 5857 xc,

1836 5809 1914 5857 xc,
1948 5794 1997 5847 9.
2078 5792 2119 5823 ³⁷
2154 5791 2367 5862 lllReg.
2405 5788 2625 5858 v;n,26,
2651 5787 2738 5840 2?.
2819 5788 2861 5819 ’⁸
2886 5786 3115 5842 Barucli.
3149 5800 3231 5851 ιιι,
3260 5784 3347 5846 56,
3373 5780 3471 5834 58.
