4204 6444
252 400 357 467 413

1223 401 1527 463 CONTRA
1568 403 2059 467 ΜΑΙΙΟΜΕΤΕΜ
2098 407 2476 467 APOLOGlA
2523 408 2565 467 l.

3382 404 3487 466 Ml

252 516 407 565 ἔσται
441 514 473 581 ἡ
514 518 769 581 τιμωρία.
790 511 947 563 Ἀλλὰ
978 512 1070 564 καὶ
1096 512 1146 564 οἰ
1177 514 1488 576 παῖδε;,κα“ι
1518 515 1683 581 φίλοι.
1716 513 1809 565 καὶ
1840 556 1848 573 Α

1942 517 2137 570 ιιῑεὶιιιη
2212 518 2485 579 subirent,
2544 515 2675 585 quin
2712 525 2771 570 ut
2799 522 2854 570 et
2897 513 3080 579 liberi,
3128 516 3286 570 amici
3318 527 3493 571 eteo—

259 607 306 655 οἰ
338 606 555 672 γνήσιοι
603 603 827 667 τούτων,
861 603 959 663 τὴν
993 602 1161 670 αὑτὴν
1207 603 1361 669 δίκην
1424 607 1819 674 ὑποστήσονται

257 696 425 747 τῶνδε
470 696 543 763 μὴ
591 694 905 761 δυναμένων
958 693 1113 745 τοῦτο
1153 695 1395 754 ποιῆσαι,
1448 696 1583 747 ἀλλά
1624 696 1821 764 μᾶλλον

262 786 617 852 κοπτομένων
665 787 759 838 καὶ
810 785 1228 855 ὀλοφυρομένων
1272 787 1371 854 τὴν
1408 785 1618 837 ἑαυτῶν
1652 787 1816 851 ζωήν.

258 875 382 936 Πῶς
411 875 521 943 γὰρ
555 870 621 943 ἦν
677 874 903 926 δυνατὸν
937 875 1248 943 ἐξαγγεῖλαι
1273 877 1467 936 αὐτοὺς
1493 876 1569 945 τῷ
1614 875 1825 943 βασιλεῖ

258 968 319 1019 τό
350 985 408 1018 τε
444 967 694 1019 ἐνύπνιον
733 970 825 1020 καὶ
855 968 952 1036 τὴν
984 967 1271 1035 σύγκρισιν
1330 966 1518 1031 αὐτοῦ,
1557 968 1631 1037 μὴ
1684 968 1820 1036 πρό-

258 1075 418 1124 τερον
441 1059 819 1125 γνωρίσαντας
846 1060 905 1111 τὸ
926 1060 1182 1112 ἐνύπνιον
1212 1060 1364 1127 παρὰ
1388 1059 1482 1109 τοῦ
1516 1060 1777 1127 βασιλέως
1804 1075 1817 1121 ;

271 1145 332 1195 '0
367 1146 570 1212 Δανιὴλ
592 1148 619 1198 6
642 1146 931 1215 προφήτης
959 1147 1018 1197 ὲν
1056 1148 1120 1213 τῇ
1152 1146 1261 1198 τῶν
1294 1145 1649 1197 Βαϐυλωνίων
1671 1146 1827 1214 χώρα

267 1233 612 1301 αἰχμάλωτος
666 1236 853 1303 ἀχθεὶς
907 1236 965 1300 ἐξ
1019 1234 1375 1305 Ἰερουσαλὴμ
1412 1236 1550 1303 μετὰ
1586 1236 1680 1286 καὶ
1708 1235 1822 1285 ὲτέο

264 1342 372 1389 ρων
403 1324 523 1374 κατ’
551 1324 716 1375 αὐτὸν
737 1327 828 1376 τὸν
859 1326 1052 1393 καιρὸν
1100 1326 1391 1387 Ἰουδαίων,
1425 1325 1518 1377 καὶ⁹
1546 1326 1823 1393 γνωρίσας

261 1416 328 1465 τὰ
365 1416 770 1483 προσταχθέντα
831 1417 980 1485 παρὰ
1031 1416 1126 1469 τοῦ
1188 1417 1470 1485 βασιλέως,
1522 1417 1826 1485 ἀπέρχεται

264 1504 403 1570 πῶς
466 1505 667 1574 Ἀριὼχ
726 1508 961 1576 ἄρχοντα
1019 1508 1257 1576 Πέρσην.
1300 1508 1360 1559 ὃν
1416 1508 1751 1575 κατέστησεν
1800 1508 1828 1559 6

263 1595 514 1663 βασιλεὺς
589 1599 809 1650 πολέσαι
835 1599 957 1659 τοὺς
1009 1598 1207 1664 σοφοὺς
1245 1599 1583 1658 Βαϐυλῶνος,
1622 1597 1711 1648 διὰ
1770 1597 1830 1649 τὸ

267 1687 343 1756 μὴ
371 1688 669 1758 δυνηθῆναι
697 1691 894 1752 αὐτοὺς
927 1691 1106 1760 εὑρεῖν
1131 1691 1189 1743 τὸ
1217 1691 1487 1747 ἐνύπνιον.
1522 1690 1629 1741 Καὶ
1677 1684 1831 1741 εἶπεν

262 1777 435 1845 αὐτῷ.
473 1797 492 1830 ί
531 1780 671 1841 Τοὺς
700 1779 895 1847 σοφοὺς
919 1782 1232 1842 Βαϐυλῶνος
1261 1782 1335 1850 μὴ
1363 1780 1632 1849 ἀπολέσῃς
1650 1795 1663 1809 ·
1683 1783 1829 1834 εἰσά-

1928 608 2072 675 gnati
2106 609 2319 661 illorum
2343 607 2585 676 ejusdem
2613 622 2786 675 paena:
2811 616 2996 661 essent
3026 617 3324 662 consortes.
3355 608 3492 662 Cum

1927 712 2058 749 vero
2099 698 2173 750 illi
2207 697 2309 749 hoc
2336 710 2443 749 non
2478 703 2719 764 possent,
2748 694 2879 763 quin
2918 695 3099 763 potius
3142 695 3307 747 vitam
3338 711 3489 748 suam

1928 787 2245 855 plangereul
2275 798 2327 839 et
2354 788 2722 855 deplorarent,
2748 788 3043 854 (quomodo
3067 787 3213 841 enim
3235 786 3493 855 possibile

1928 885 2046 929 erat
2079 877 2187 945 regi
2223 886 2277 929 et
2308 880 2579 931 somnium
2616 886 2670 931 et
2709 876 3218 943 interpretationem
3255 877 3374 945 ejus
3402 892 3497 929 ex—

1930 982 2151 1037 ponere,
2178 970 2388 1021 somnio
2414 985 2520 1021 non
2538 978 2661 1023 ante
2701 968 2950 1035 audito?)
3004 967 3193 1020 Daniel
3232 966 3495 1034 propheta

1931 1059 1984 1112 in
2022 1059 2348 1127 Babylonem
2382 1060 2630 1127 captivus
2656 1059 2929 1113 deductus
2954 1074 3016 1111 ex
3059 1058 3358 1112 Jerusalem
3391 1074 3496 1110 una

1931 1166 2052 1204 cum
2082 1152 2223 1212 aliis,
2250 1153 2341 1220 qui
2393 1159 2523 1206 tunc
2555 1153 2814 1218 temporis
2848 1166 3028 1205 secum
3069 1158 3243 1205 erant.
3274 1147 3496 1209 Jndzeis,

1931 1259 2055 1297 cum
2098 1243 2242 1311 regis
2277 1243 2529 1297 mandata
2572 1244 2937 1312 cognovisset,
2996 1239 3255 1293 convenit
3298 1237 3499 1291 Arioeh

1931 1337 2219 1390 Persarum
2241 1334 2570 1404 principem,
2607 1349 2768 1402 quem
2811 1346 2904 1385 rex
2950 1331 3014 1384 ad
3046 1329 3384 1397 perdendum
3417 1344 3502 1381 sa-

1932 1424 2146 1491 pientes
2207 1425 2587 1485 constituerat,
2638 1421 2782 1491 quod
2841 1419 3115 1474 somnium
3173 1416 3345 1484 ipsius
3401 1416 3499 1468 de-

1933 1514 2273 1583 prehendere
2296 1529 2402 1566 non
2435 1514 2759 1581 potuissent.
2782 1511 3027 1578 dixitque
3047 1510 3109 1562 ad
3138 1510 3288 1562 illum
3317 1524 3331 1560 :
3362 1528 3378 1557 ι
3403 1508 3498 1561 Sa-

1934 1605 2148 1673 pientes
2185 1603 2478 1674 Babylonis
2539 1619 2606 1657 ne
2652 1603 2868 1672 perdas.
2896 1602 3024 1669 quin
3076 1601 3258 1667 potius
3301 1614 3384 1651 me
3431 1599 3496 1650 ad

1934 1710 2117 1763 regem
2163 1694 2520 1756 introducito,
2556 1702 2612 1747 et
2655 1692 2918 1745 visionem
2951 1705 3055 1741 una
3086 1704 3209 1742 cum
3237 1689 3500 1755 interpre-

1937 1786 2142 1840 tatione
2180 1788 2299 1854 ejus
2333 1787 2445 1855 regi
2498 1784 2819 1838 edisseram.
2862 1800 2880 1833 ι
2938 1780 3091 1833 Tune
3121 1779 3317 1832 Ariecb
3351 1778 3503 1831 festi-

262 1882 402 1934 γαγε
433 1869 490 1921 δὲ
526 1871 595 1938 μὲ
621 1870 854 1924 ἐνώπιον
884 1872 977 1924 τοῦ
1015 1872 1299 1940 βασιλέως,
1326 1873 1420 1924 καὶ
1444 1872 1503 1923 τὸ
1534 1874 1712 1940 ἴραμα
1741 1872 1835 1923 καὶ

1942 1884 2134 1927 nanter
2162 1874 2486 1942 prophetam
2513 1872 2576 1925 ad
2615 1887 2795 1941 regem
2847 1870 3083 1923 induxit.
3118 1868 3213 1923 Cui
3252 1868 3342 1921 ille
3379 1869 3455 1919 ait
3486 1886 3498 1920 :

261 1958 362 2026 τὴν
378 1962 569 2012 τούτου
597 1960 877 2029 σύγκρισιν
901 1962 1009 2029 ἐρῶ
1033 1961 1109 2029 τῷ
1128 1961 1355 2028 βασιλεῖ.
1390 1981 1407 2013 ι
1429 1962 1560 2015 Τότε
1583 1962 1610 2013 6
1641 1958 1838 2029 ’Δριὼχ

266 2050 470 2117 σπουδῇ
489 2051 696 2121 μεγάλῃ
716 2050 899 2120 εἰσῆξε
914 2053 1003 2105 τὸν
1024 2053 1307 2122 προφήτην
1324 2054 1553 2105 ἐνώπιον
1570 2052 1662 2105 τοῦ
1684 2052 1837 2119 βασι-

265 2135 551 2197 λέως.Καὶ
572 2140 599 2191 6
624 2139 873 2207 βασιλεύς
896 2157 1027 2209 φησι
1052 2142 1188 2211 πρὸς
1203 2142 1383 2204 αὐτὸν,
1422 2159 1440 2192 ι
1463 2142 1696 2194 Δύνασαί
1724 2158 1836 2209 μοι,

265 2224 490 2291 Δανιὴλ,
520 2225 832 2293 ἐξαγγεῖλαι
855 2227 914 2279 τὸ
932 2228 1182 2281 ἐνύπνιον
1212 2230 1346 2297 ὅπερ
1364 2224 1505 2280 εἶδον
1532 2225 1651 2280 κατ’
1681 2227 1835 2294 ὄναρ,

263 2316 357 2367 καὶ
414 2314 516 2384 τὴν
546 2318 833 2387 σύγκρισιν
872 2318 1074 2383 αὐτοῦς
1110 2338 1129 2370 ι
1166 2319 1458 2386 Ἀπεκρίθη
1484 2319 1699 2388 Δανιὴλ,
1725 2338 1742 2370 ι
1767 2319 1839 2371 Τὸ

267 2408 595 2475 μυστήριον,
624 2404 666 2462 ὧ
700 2410 948 2478 βασιλεῦ,
983 2412 1011 2463 ὃ
1040 2412 1102 2463 σὺ
1139 2412 1441 2481 ὲπερωτᾷς,
1471 2413 1571 2464 οὐκ
1611 2412 1726 2464 ἔστι
1752 2428 1839 2464 σο-

269 2499 391 2564 φῶν
452 2500 756 2568 ἀνθρώπων
793 2502 887 2553 καὶ
916 2502 1127 2569 μάγων,
1162 2504 1253 2555 καί
1288 2503 1553 2556 ὲπαοιδῶν
1604 2503 1839 2571 δυναμέο

268 2608 379 2642 νων
407 2590 716 2658 ἐξαγγεῖλαι
771 2609 881 2657 σοι,
940 2592 1053 2646 ἀλλ’
1093 2595 1207 2645 ἐστι
1263 2592 1400 2646 Θεοῦ
1456 2594 1618 2660 μόνου
1660 2593 1755 2645 τοῦ
1780 2593 1837 2643 ὲν

269 2680 491 2746 οὐρανῷ
518 2680 997 2743 ἀποκαλύπτοντος
1040 2681 1338 2748 μυστήρια.
1384 2681 1441 2732 Ὀ
1469 2679 1621 2740 Θεὸς,
1649 2679 1835 2746 φησὶν,

268 2770 541 2839 ἐγνώρισε
572 2770 650 2839 τῷ
701 2770 914 2839 βασιλεῖ
971 2770 1463 2839 Ναυουχοδονόσορ,
1520 2769 1556 2822 ἃ.
1612 2768 1692 2821 δεῖ
1746 2787 1839 2834 γε·

269 2862 465 2913 νέσθαι
490 2861 579 2913 ἐπ’
607 2862 854 2930 ἐσχάτων
885 2863 992 2914 τῶν
1012 2862 1257 2931 ἡμερῶν.
1286 2862 1349 2913 Ol
1376 2860 1716 2929 διαλογισμοί
1743 2876 1836 2911 σου

266 2951 367 3004 tut
400 2939 719 3020 τῆξκοίτης
753 2969 845 3005 σου
878 2950 1173 3020 ἀνέϐησαν,
1206 2951 1262 3004 τί
1305 2951 1386 3004 δεῖ
1416 2952 1672 3018 γενέσθαι
1698 2951 1837 3018 μετὰ

266 3041 471 3096 ταῦτα.
506 3042 601 3105 Σὺ,
634 3042 878 3110 βασιλεῦ,
920 3043 1196 3112 ὲθεὼρεις,
1253 3045 1345 3096 καί
1381 3044 1696 3096 ἰδοὺ.είκὼν
1741 3045 1839 3113 μία

265 3134 513 3203 μεγάλη,
548 3135 643 3188 καὶ
670 3135 704 3202 ή
731 3133 998 3203 πρόσοψις
1030 3134 1204 3202 αὐτης
1233 3133 1572 3204 ὑπερφερὴς,
1622 3135 1835 3188 ἑστῶσα
1865 3174 1907 3233 C

265 3225 377 3291 πρὸ
413 3224 709 3293 προσώπου
766 3241 882 3289 σου,
920 3228 1013 3278 καλ⁵
1048 3226 1079 3294 ἠ
1137 3242 1326 3295 ορασις
1358 3226 1529 3294 αυτῆς
1587 3226 1833 3294 φοϐερά·

266 3313 462 3378 εἰκὼν,
516 3309 582 3383 ἦς
618 3316 651 3384 ή
681 3315 892 3382 κεφαλὴ
923 3314 1147 3382 χρυσίου
1201 3315 1467 3384 καθαροῦ.
1516 3316 1583 3367 Δί
1632 3317 1833 3383 χεῖρες,

268 3406 368 3457 καὶ
402 3406 465 3458 τὸ
496 3407 731 3471 στῆθος,
765 3409 861 3460 καὶ
893 3408 942 3459 οἰ
969 3408 1250 3477 βραχίονες
1281 3407 1447 3474 αὐτῆς
1490 3406 1738 3475 ἀργυροῖ.
1776 3406 1840 3458 Ἠ

263 3494 455 3548 κοιλία
484 3496 581 3548 καὶ
604 3497 652 3547 οἰ
687 3497 855 3564 μηροὶ
884 3497 1076 3565 χαλκοῖ
1102 3512 1116 3527 ο
1144 3496 1239 3549 καὶ
1275 3496 1330 3547 αἰ
1362 3496 1564 3563 κνῆμαι
1596 3495 1837 3563 σιδηραῖ.

267 3586 341 3638 Οἱ
368 3586 534 3648 πόδες
576 3586 740 3655 μέρος
772 3587 872 3656 μέν
912 3604 961 3639 τι
996 3587 1269 3655 σιδηροίν,
1299 3587 1461 3656 μέρος
1488 3587 1541 3636 δέ
1568 3604 1619 3636 τι
1646 3585 1842 3651 ὀστρα-

265 3692 396 3729 κου.
453 3675 764 3747 Ἐθεώρεις,
802 3676 1043 3746 βασιλεῦ,
1090 3678 1191 3740 ἓως
1219 3679 1340 3730 ὅτου
1372 3675 1678 3742 ἀπεσχίσθη
1736 3676 1842 3727 ἀπὸ

264 3768 438 3837 ὅρους
471 3768 623 3830 λίθος
668 3768 797 3820 ἄνευ
831 3769 1052 3839 χειρῶν,
1083 3768 1177 3822 καὶ
1227 3767 1461 3830 ἐπάταξε
1517 3768 1615 3837 τὴν
1660 3767 1842 3819 εἰκόνα

266 3859 373 3910 ἐπὶ
401 3860 534 3917 τοὺς
565 3860 731 3923 πόδας
760 3861 888 3922 τοὺς
938 3860 1191 3927 σιδηροῦς
1216 3861 1305 3911 καὶ
1331 3859 1699 3924 ὀστρακίνους,
1751 3862 1841 3911 καὶ

264 3950 583 4003 ἐλέπτυνεν
638 3952 829 4012 αὐτοὺς
892 3952 972 4012 εἰς
1021 3952 1196 4013 τέλος.
1255 3952 1386 4002 Τότε
1435 3950 1843 4018 ὲλεπτύνθησαν

265 4042 527 4105 εἰσάπαξ
556 4042 583 4092 6
619 4041 855 4110 σίδηρος,
897 4041 958 4093 τὸ
982 4042 1267 4110 ὄστρακον,
1296 4042 1323 4092 6
1355 4041 1575 4109 χαλκὸς,
1613 4040 1641 4092 6
1675 4042 1845 4107 ἀργυ-

268 4144 397 4195 ρος,
431 4129 460 4180 6
508 4128 732 4195 χρυσὸς,
779 4130 874 4181 καὶ
912 4128 1160 4194 ἐγένοντο
1210 4128 1343 4179 ὡσεὶ
1396 4128 1674 4195 κονιορτὸς
1737 4127 1844 4180 ἀπὸ

262 4218 487 4279 ἅλωνος
544 4218 781 4287 θερινῆς.
836 4218 946 4272 Καὶ
980 4218 1173 4286 ἐξῆρεν
1206 4217 1344 4270 αὑτά
1404 4218 1465 4268 τὸ
1503 4216 1707 4283 πλῆθος
1749 4216 1842 4269 τοῦ

264 4312 618 4376 πνεύματος,
655 4310 749 4360 καὶ
800 4310 910 4371 πᾶς
960 4310 1121 4371 τόπος
1178 4308 1275 4377 οὐχ
1308 4308 1502 4377 εὑρέθη
1545 4309 1604 4360 ἐν
1638 4309 1843 4372 αὐτοῖς.

265 4401 386 4453 Καῖ
423 4402 451 4451 6
484 4398 632 4461 λίθος
666 4400 693 4451 6
730 4399 978 4463 πατάξας
1004 4401 1101 4469 τὴν
1130 4400 1312 4451 εἰκόνα
1342 4400 1560 4467 ἐγένετο
1612 4399 1691 4461 εἰς
1721 4398 1846 4468 ὅρος

1945 1981 1963 2015 ι
2003 1962 2285 2017 Poterisne
2338 1963 2494 2026 mihi,
2527 1960 2738 2023 Daniel,
2761 1961 3033 2029 explicare
3061 1959 3332 2013 somnium
3356 1955 3502 2024 quod

1938 2055 2217 2109 dormiens
2244 2053 2376 2117 vidi,
2402 2061 2456 2107 et
2484 2051 2989 2120 interpretationem
3016 2050 3176 2117 ejus?
3210 2067 3227 2099 ι
3264 2049 3505 2114 Respon—

1937 2143 2017 2197 dit
2053 2142 2237 2197 Daniel
2268 2158 2282 2195 :
2314 2160 2331 2194 ι
2374 2142 2707 2212 Mysterium,
2741 2156 2772 2194 ο
2803 2155 2919 2204 rex,
2948 2140 3015 2192 de
3043 2153 3150 2207 quo
3177 2138 3500 2204 interrogas.

1940 2236 2189 2291 homines
2214 2235 2511 2303 sapientes,
2544 2232 2753 2300 magifet
2775 2233 3142 2283 ineantatores
3176 2230 3503 2282 annuntiare

1938 2343 2044 2381 non
2085 2334 2336 2396 possunt,
2368 2324 2460 2378 sed
2487 2324 2593 2378 hoc
2633 2323 2800 2376 solius
2832 2323 2923 2375 Dei
2952 2321 3192 2375 caelestis
3218 2336 3355 2389 Opus
3397 2331 3503 2384 est,

1937 2418 2027 2487 qui
2063 2418 2322 2487 mysteria
2358 2415 2584 2471 revelat.
2619 2414 2761 2467 Deus
2798 2422 2985 2466 notum
3018 2412 3146 2465 fecit
3182 2411 3291 2479 regi
3326 2410 3507 2463 Nabu—

1939 2507 2325 2570 chodonosori,
2374 2520 2621 2575 quamam
2684 2503 2804 2558 ﬁeri
2858 2510 3107 2569 Oporteat
3154 2502 3207 2555 in
3247 2502 3509 2554 extremis

1938 2598 2152 2654 diebus.
2188 2598 2559 2665 Cogitationes
2592 2607 2698 2651 tua:
2717 2610 2881 2664 super
2908 2595 3109 2647 lectum
3135 2600 3286 2643 tuum
3320 2606 3511 2645 ascen-

1937 2691 2154 2751 derunt,
2182 2688 2312 2758 quid
2350 2689 2592 2741 futurum
2618 2694 2758 2741 esset
2784 2694 2904 2755 post
2935 2685 3071 2737 hazc.
3097 2684 3198 2745 Tu,
3226 2697 3342 2747 rex,
3362 2684 3512 2735 vide-

1938 2782 2057 2845 bas,
2083 2793 2136 2835 et
2156 2796 2285 2835 ecce
2307 2781 2485 2848 imago
2508 2778 2752 2847 quedam
2786 2791 2999 2846 magna,
3027 2784 3081 2830 et
3104 2783 3357 2843 aspectus
3391 2775 3512 2841 ejus

1936 2873 2215 2928 excellens
2259 2871 2436 2924 stabat
2483 2883 2666 2922 coram
2731 2866 2867 2921 facie
2919 2874 3031 2929 tua,
3076 2873 3131 2918 et
3162 2864 3345 2917 vultus
3392 2864 3511 2932 ejus

1938 2960 2236 3022 terribilis;
2270 2958 2445 3027 imago
2478 2957 2719 3026 inquam,
2750 2955 2907 3023 cujus
2936 2962 3099 3022 caput
3127 2963 3246 3006 erat
3278 2967 3346 3005 ex
3376 2965 3513 3003 auro

1938 3069 2105 3123 puro;
2138 3065 2331 3105 manus
2358 3064 2489 3103 vero
2518 3058 2572 3102 et
2609 3056 2800 3116 pectus
2846 3059 2952 3097 una
2984 3058 3109 3097 cum
3145 3042 3384 3097 brachiis
3432 3041 3513 3110 ip-

1940 3147 2054 3198 sius
2082 3150 2336 3212 argentea
2362 3157 2375 3206 ;
2406 3149 2598 3194 venter
2619 3152 2748 3192 vero
2769 3145 2823 3190 et
2859 3135 3061 3188 femora
3100 3149 3164 3188 ex
3189 3149 3330 3196 aere;
3368 3133 3513 3186 tibiae

1940 3243 2119 3289 autem
2178 3232 2405 3297 terreat;
2462 3238 2518 3284 et
2579 3229 2747 3299 pedes
2797 3227 2993 3295 partim
3056 3225 3279 3294 quidem
3324 3223 3508 3287 ferrei,

1941 3326 2136 3396 partim
2176 3339 2309 3378 vero
2334 3322 2576 3376 testacei.
2611 3319 2867 3382 Videbas,
2898 3335 2931 3373 o
2958 3332 3075 3380 rex,
3104 3316 3279 3370 donec
3305 3316 3516 3369 abst-is-

1940 3432 2035 3472 sus
2078 3425 2161 3469 est
2213 3430 2243 3468 a
2293 3422 2479 3467 monte
2533 3411 2672 3480 lapis
2701 3410 2907 3479 absque
2949 3423 3206 3462 manuum
3237 3421 3425 3476 Opera,
3454 3418 3513 3462 et

1942 3506 2213 3575 percussit
2247 3504 2535 3571 imaginem
2574 3516 2741 3569 super
2773 3501 2936 3567 pedes
2962 3500 3081 3569 ejus
3114 3498 3323 3552 ferreos
3355 3505 3408 3551 et
3435 3504 3514 3550 te-

1942 3607 2178 3656 staeeos,
2220 3603 2276 3648 et
2313 3593 2540 3646 omnino
2570 3590 2896 3645 comminuit
2942 3603 3056 3643 eos.
3096 3587 3249 3643 Tunc
3295 3599 3515 3654 quoque

1941 3686 2273 3740 comminuta
2298 3692 2425 3738 sunt
2447 3684 2669 3752 pariter,
2690 3682 2913 3745 ferrum,
2934 3688 3091 3743 testa,
3110 3692 3203 3741 aes,
3226 3685 3512 3745 argentum

1941 3783 1995 3829 et
2020 3790 2238 3835 aurum,
2292 3783 2346 3827 et
2406 3773 2545 3826 facta
2596 3779 2725 3826 sunt
2791 3780 3046 3837 tanquam
3107 3768 3282 3835 pulvis
3335 3768 3513 3820 horrei

1941 3866 2135 3927 aestivi,
2176 3872 2231 3917 et
2275 3863 2501 3917 abstulit
2540 3876 2604 3914 ea
2640 3871 2835 3915 ventus
2866 3861 3182 3923 vehemens,
3226 3873 3327 3911 nec
3365 3858 3517 3911 locus

1943 3956 2141 4023 aliquis
2167 3955 2220 4007 in
2252 3954 2340 4006 his
2370 3955 2628 4006 inventus
2651 3962 2751 4005 est.
2786 3952 2948 4019 Lapis
2980 3959 3160 4003 autem
3196 3948 3287 4017 qui
3331 3947 3519 4016 imagi-

1944 4058 2068 4096 nem
2102 4043 2446 4107 comminuit,
2482 4041 2726 4096 excrevit
2767 4041 2820 4094 in
2871 4050 3107 4093 montem
3155 4054 3429 4107 magnum,
3464 4048 3518 4092 et

1945 4133 2428 4202 implevitomnem
2455 4141 2677 4187 terram.
2722 4130 2834 4186 Hoc
2872 4139 2956 4185 est
3001 4131 3294 4192 somnium,
3338 4138 3391 4180 et
3437 4129 3520 4181 in-

1946 4223 2395 4291 terpretationem
2447 4222 2593 4275 illius
2660 4236 2844 4274 coram
2905 4234 3031 4288 rege
3087 4219 3353 4271 dicemus.
3390 4236 3407 4267 ι
3454 4217 3519 4270 Et

1947 4321 2239 4380 postquam
2292 4312 2563 4381 propheta
2617 4308 2779 4379 regna
2836 4311 3017 4364 futura
3067 4310 3519 4373 enumeravis‘set,

1950 4420 2070 4472 qua}
2109 4421 2207 4472 per
2237 4418 2455 4468 aurum,
2489 4410 2799 4471 argenturm,
2845 4415 2939 4464 ars,
2983 4399 3187 4452 ferrum
3237 4408 3289 4449 et
3326 4405 3518 4449 testam

261 4492 447 4560 μέγα,
500 4490 597 4541 καὶ
647 4490 931 4560 ἐπλήρωσε
982 4492 1160 4542 πᾶσαν
1192 4493 1294 4558 τὴν
1362 4490 1485 4559 γῆν.
1522 4490 1692 4541 Τοῦτό
1755 4506 1847 4542 σου

1953 4494 2440 4556 adumbrabantur,
2472 4492 2551 4545 sic
2594 4490 2728 4543 dicit
2765 4489 2829 4542 ad
2870 4503 3095 4555 regem:
3151 4506 3168 4537 ι
3222 4486 3523 4540 Suscitabit

258 4580 557 4640 ἐνύπνιον,
592 4578 687 4629 καὶ
717 4578 816 4646 τὴν
833 4580 1118 4646 σύγκρισιν
1138 4577 1305 4629 αὑτοῦ
1349 4578 1582 4647 ἐροῦμεν
1605 4580 1848 4648 ἐμπροσ-

254 4670 361 4722 Οεν
394 4669 494 4720 τοῦ
518 4668 800 4736 βασιλέως.
832 4688 850 4719 ι
905 4669 1013 4722 Καὶ
1048 4670 1186 4734 μετά
1237 4668 1294 4722 τὸ
1349 4669 1717 4737 ἐξηγήσασθαι
1760 4670 1849 4720 τὸν

256 4760 581 4828 προφήτην
612 4759 712 4819 τὰς
752 4757 1031 4825 βασιλείας
1075 4759 1174 4821 τὰς
1239 4758 1537 4827 μελλούσας
1575 4758 1844 4826 γενέσθαι,

251 4853 324 4912 ἃς
359 4851 571 4919 ἒδή).ου
602 4850 631 4902 ὃ
656 4866 714 4900 τε
744 4848 967 4917 χρυσὸς,
992 4851 1018 4901 6
1048 4850 1308 4918 ἄργυρος,
1338 4849 1365 4901 6
1398 4849 1615 4919 χαλκὸς,
1644 4849 1671 4901 6
1705 4849 1848 4918 σίδη·

253 4960 383 5011 ρος,
407 4944 509 4993 καὶ
532 4941 592 4991 τὸ
624 4939 1050 5007 δστρακον,τότε
1081 4939 1227 5005 λέγει
1260 4940 1334 5008 τῷ
1372 4940 1600 5009 βασιλεῖ,
1644 4959 1661 4991 ι
1687 4940 1844 4993 Ἀνα-

251 5038 475 5099 στήσει
506 5035 535 5085 ὀ
567 5030 701 5092 Θεὸς
727 5031 821 5083 τοῦ
850 5030 1075 5099 οὐρανοῦ
1128 5030 1426 5099 βασιλείαν,
1461 5031 1581 5098 ἥτις
1613 5032 1690 5092 εἰς
1721 5034 1846 5092 τοὺς

252 5126 493 5185 αἰῶνας
551 5124 614 5174 οὑ
675 5121 1132 5192 διαφθαρήσεται,
1176 5123 1271 5175 καὶ
1325 5125 1357 5192 ή
1400 5122 1643 5190 βασιλεία
1683 5122 1847 5175 αὑτοῦ

251 5215 383 5285 ὶαῷ
422 5215 609 5282 ἑτέρῳ
638 5213 737 5281 οὐχ
776 5212 1261 5281 ὑπολειφθήσεται,
1320 5214 1415 5265 καὶ
1444 5213 1699 5265 λεπτυνεί
1754 5213 1848 5265 καὶ

247 5304 548 5373 λικμήσει
579 5303 755 5364 πάσας
802 5302 899 5365 τὰς
938 5302 1229 5371 βασιλείας,
1292 5304 1387 5355 καὶ
1442 5303 1576 5369 αὑτὴ
1611 5306 1851 5373 ἀναστή-

250 5413 426 5447 σεται
463 5395 547 5455 είς
585 5393 710 5455 τοὺς
741 5392 963 5458 αἰῶνας,
998 5393 1056 5444 ὃν
1082 5394 1281 5461 τρόπον
1327 5390 1489 5457 εἶδες,
1525 5396 1606 5446 ὄτι
1642 5395 1851 5464 ἐτμήθη

248 5488 372 5539 ἀπὸ
403 5485 587 5554 ὅρους
616 5483 760 5545 λίθος
782 5484 909 5535 ἄνευ
933 5485 1138 5553 χειρὸς,
1172 5488 1260 5537 καὶ
1296 5487 1552 5537 ὲλέπτυνε
1581 5486 1637 5537 τὸ
1657 5486 1853 5553 ὄστρα-

249 5596 359 5631 κον
467 5575 569 5626 κα).
628 5574 718 5626 τὸν
778 5574 1016 5641 σίδηρον,
1083 5576 1173 5627 τὸν
1242 5578 1460 5645 χαλκὸν,
1523 5578 1614 5629 τὸν
1678 5579 1850 5644 ἄργυ-

249 5685 382 5739 ρον,
419 5667 529 5718 τὸν
562 5665 786 5734 χρυσόν.
837 5665 893 5717 Ὁ
914 5664 1044 5727 Θεὸς
1091 5668 1118 5719 6
1154 5666 1322 5733 μέγας
1364 5668 1624 5735 ἐγνώρισε
1654 5668 1727 5719 τιτι
1763 5668 1849 5718 θα-

329 5786 382 5817 ³⁶
427 5783 581 5837 Dan.
615 5797 673 5844 ιι,
710 5780 731 5833 l
795 5794 951 5848 seqq.

1954 4581 2217 4635 Dominus
2262 4580 2384 4634 caeli
2426 4593 2673 4648 regnum,
2724 4577 2869 4646 quod
2923 4578 2976 4631 in
3018 4576 3212 4630 smeula
3247 4592 3355 4627 non
3399 4590 3524 4627 cor-

1952 4684 2257 4742 rumpetur,
2286 4679 2340 4726 et
2376 4686 2602 4740 regnum
2644 4669 2815 4739 ipsius
2847 4668 2999 4722 alteri
3049 4669 3250 4735 populo
3285 4682 3391 4718 non
3440 4680 3524 4718 re»

1950 4764 2251 4833 linquetur,
2289 4760 2432 4829 quod
2459 4759 2796 4815 comminuet
2822 4768 2875 4811 et
2904 4757 3191 4811 ventilabit
3216 4756 3397 4809 omnia
3435 4768 3523 4806 re-

1951 4872 2077 4926 gna,
2109 4856 2283 4924 ipsum
2318 4868 2446 4907 vero
2493 4850 2655 4905 stabit
2692 4852 2744 4902 in
2795 4849 3011 4903 sazcula.
3053 4844 3523 4913 Quemadmodum

1948 4946 2131 5002 vidisti
2167 4944 2309 5013 quod
2336 4944 2611 4997 abscissus
2633 4950 2716 4996 est
2742 4956 2770 4994 a
2804 4953 2985 4995 monte
3008 4940 3147 5008 lapis
3173 4938 3379 5005 absque
3408 4951 3523 4989 ma«

1951 5038 2137 5099 nibus,
2172 5044 2227 5088 et
2252 5034 2574 5089 comminuit
2605 5042 2796 5087 testam
2834 5040 2889 5085 et
2928 5031 3153 5087 ferrum.
3202 5044 3295 5091 ms,
3326 5042 3522 5095 argen-

1954 5138 2067 5183 tum
2102 5136 2156 5181 et
2188 5141 2405 5179 aurum.
2427 5125 2572 5179 Deus
2593 5138 2819 5191 magnus
2836 5122 3097 5176 revelavit
3125 5121 3522 5190 regi,qua:nam

1953 5228 2207 5287 oporteat
2232 5216 2346 5270 ﬁeri
2377 5224 2499 5283 post
2530 5216 2679 5279 hare;
2707 5224 2762 5267 et
2791 5229 2977 5267 verum
3002 5222 3085 5266 est
3122 5212 3418 5275 somnium,
3463 5209 3525 5260 li-

1953 5309 2089 5363 dclis
2120 5307 2283 5361 etiam
2316 5305 2689 5374 interpretatio
2713 5305 2852 5373 ejus.
2888 5322 2907 5355 ι
2938 5302 3091 5356 Tunc
3110 5316 3199 5356 rex
3219 5308 3525 5370 prostratus

1954 5400 2006 5451 in
2035 5397 2250 5456 faciem,
2307 5396 2554 5448 adoravit
2594 5396 2890 5455 Danielem,
2933 5403 2987 5447 et
3026 5392 3200 5445 dixit:
3254 5410 3271 5441 ι
3313 5391 3523 5443 Revera

1953 5490 2096 5543 Deus
2136 5494 2315 5539 vester
2364 5486 2507 5538 Deus
2544 5485 2769 5539 deorum
2797 5494 2896 5549 est,
2926 5493 2981 5537 et
3021 5482 3280 5536 Dominus
3311 5494 3517 5548 regum,

1952 5583 2003 5628 et
2036 5573 2281 5625 revelans
2308 5586 2502 5624 arcana
2526 5612 2538 5635 ,
2568 5571 2822 5640 quoniam
2855 5570 3073 5641 potuisti
3107 5568 3345 5625 revelare
3382 5566 3516 5621 mihi

1952 5679 2209 5719 arcanum
2244 5663 2345 5716 hoc
2378 5664 2436 5715 ³ο.
2485 5682 2504 5708 ι
