4204 6444
281 399 382 462 ιιτ

1241 388 1544 447 CONTRA
1591 383 2077 445 ΜΑΠΟΜΕΤΕΜ
2122 382 2498 441 APOLOGIA
2549 336 2637 443 l'.‘

3400 388 3506 452 418

280 509 520 569 παιδίον,
572 504 857 574 προφήτης
903 502 1161 569 Ὑψίστου
1194 501 1465 568 κληθήσῃ·
1500 499 1830 567 προπορεύσ]

1926 494 2281 558 vocaberis;
2325 494 2544 562 praeihis
2595 494 2741 548 enim
2778 504 2901 549 ante
2952 494 3142 549 faciem
3181 496 3411 561 Domini,
3442 499 3513 551 ad

282 605 391 668 γὰρ
428 598 535 666 πρὸ
577 595 873 665 προσώπου
921 592 1123 661 Κυρίου
1162 591 1450 658 ἑτοιμάσαι
1475 590 1625 648 ὀδοὺς
1657 588 1843 650 αὐτοῦ,

283 690 374 742 τοῦ
409 686 594 741 δοῦναι
624 688 826 752 γνῶσιν
851 686 1124 752 σωτηρίας
1156 683 1233 750 τῷ
1274 681 1387 749 λαῷ
1420 680 1583 732 αὑτοῦ
1609 682 1666 729 ἐν
1700 680 1838 745 ἀφέ-

286 797 367 831 σει
437 777 721 847 ἁμαρτιῶν
768 777 974 839 αὐτῶν,
1009 774 1097 825 διὰ
1148 773 1427 840 σπλάγχνα
1484 772 1663 829 ὲὶέους
1711 767 1846 820 Θεοῦ

283 868 455 934 ἡμῶν.
493 885 510 915 ι
548 868 765 925 Πάντως
799 866 826 915 6
855 864 946 915 τοῦ
970 862 1239 930 Ζαχαρίου
1268 862 1377 921 υίὸς
1395 860 1642 927 Ἰωάννης
1675 860 1848 926 μέγας

284 960 569 1026 προφήτης
624 955 957 1022 εὑρίσκεται,
992 954 1174 1013 καθὼς
1231 958 1325 1005 καὶ
1378 954 1575 1014 πάντες
1608 953 1654 1003 οἰ
1690 952 1841 1003 Μου-

289 1049 585 1115 σουὶμὰνοι
608 1045 985 1112 ὁμολογοῦσιν.
1021 1045 1087 1095 Τί
1118 1045 1170 1095 δὲ
1203 1046 1612 1112 πριεᾳήτευσεν
1640 1060 1653 1105 ;
1683 1042 1843 1094 ’Ἄλλο

280 1140 434 1190 οὐδὲν
486 1138 838 1205 ἀναφαίνεται
870 1136 902 1205 ἢ
941 1137 1071 1205 περὶ
1110 1135 1205 1188 τοῦ
1239 1135 1498 1203 Χριστοῦ,
1534 1131 1711 1196 καθὼς
1751 1134 1844 1185 καὶ

279 1232 633 1299 προείπομεν.
678 1230 812 1281 Τίνα
857 1229 915 1281 δὲ
968 1229 1123 1280 καλεῖ
1153 1232 1179 1280 6
1218 1228 1492 1296 Ζαχαρίας
1526 1227 1836 1293 "raptum;

278 1322 382 1373 Τὸν
416 1322 671 1389 Χριστόν.
704 1321 834 1389 Περὶ
863 1319 1024 1371 αὑτοῦ
1053 1320 1143 1371 καὶ
1172 1320 1279 1386 γὰρ
1301 1315 1420 1371 εἷπε
1445 1320 1521 1385 τὶ,
1561 1337 1579 1370 ε
1625 1319 1842 1387 Προεέή-

278 1426 377 1478 της
425 1413 679 1477 Ὑψίστου
728 1411 1000 1479 κληθήσῃ.
1030 1428 1048 1460 ι

353 1509 451 1564 ις’.
504 1504 627 1553 Ἔτι
701 1503 970 1571 Ἱερεμίας
1008 1505 1034 1554 6
1069 1502 1355 1571 προφήτης
1396 1502 1594 1554 οὑτωσί
1652 1518 1835 1571 φησιν,

283 1609 299 1638 ι
340 1584 508 1649 Οὗτος
532 1590 557 1639 6
587 1589 719 1649 Θεὸς
760 1589 918 1656 ἡμῶν
946 1606 958 1619 ’
991 1590 1051 1641 οὐ
1083 1589 1462 1658 λογισθήσεται
1489 1591 1674 1658 ἕτερος
1706 1590 1839 1657 πρὸς

274 1681 458 1732 αὐτόν.
504 1681 725 1748 Ἑξεῦρε
766 1682 946 1731 πᾶσαν
999 1680 1117 1731 ὁδὸν
1148 1682 1482 1747 ἐπιστήμης,
1512 1681 1606 1731 καὶ
1635 1679 1837 1731 ἔδωκεν

274 1772 443 1839 αὐτὴν
490 1769 685 1823 Ἰακὼϐ
742 1769 818 1838 τῷ
871 1770 1021 1823 παιδὶ
1067 1770 1233 1823 αὐτοῦ
1263 1808 1278 1833 ,
1352 1772 1445 1823 καὶ
1506 1770 1719 1839 Ἰσραὴλ
1761 1770 1837 1838 τῷ

272 1862 613 1930 ἠγαπημένῳ
643 1861 736 1912 ὑπ’
769 1861 951 1914 αὐτοῦ.
986 1863 1143 1915 Μετὰ
1175 1862 1231 1914 δὲ
1261 1862 1433 1914 ταῦτα
1468 1864 1559 1915 ἐπὶ
1589 1864 1687 1931 τῆς
1730 1862 1832 1931 γῆς

272 1952 454 2021 ὤφθη,
486 1955 579 2004 καὶ
607 1955 717 2015 τοῖς
745 1954 1049 2022 ἀνθρώποις
1093 1954 1527 2024 συνανεστράςρη.
1564 1974 1582 2007 ι
1611 1953 1754 2024 Αῦτη
1802 1957 1835 2022 ὴ

275 2044 460 2111 βίϐλος
492 2044 599 2095 τῶν
644 2045 1083 2113 προσταγμάτων
1112 2044 1207 2096 τοῦ
1236 2046 1393 2098 Θεοῦ.
1433 2041 1585 2107 Εἶδες
1620 2061 1837 2115 προφη-

272 2136 425 2195 τείας
456 2134 782 2203 λαμπούσας
810 2136 951 2205 ὑπὲρ
982 2136 1077 2189 τὸν
1106 2137 1290 2206 ἧλιονς
1334 2138 1457 2189 ’Ότι
1503 2137 1604 2206 μὲν
1633 2137 1831 2199 πάντες

272 2234 321 2280 ot
354 2229 637 2297 προφῆται
670 2228 760 2280 διὰ
794 2229 1069 2299 διαφόρων
1113 2229 1311 2292 λέξεων
1349 2229 1589 2298 λέγουσι,
1640 2231 1839 2293 πάντες

271 2319 327 2371 δὲ
370 2318 754 2387 συμφωνοῦσιν
788 2322 868 2383 είς
907 2322 969 2373 τὸ
1021 2320 1190 2383 αὐτὸ,
1247 2321 1367 2372 ἐπεὶ
1418 2321 1447 2371 6
1502 2321 1663 2382 αὐτὸς
1706 2320 1838 2384 Ger};

272 2413 423 2462 ἐστιν
455 2413 482 2463 6
516 2410 691 2465 λαλῶν
718 2410 807 2464 διὰ
844 2410 1113 2480 στόματος
1142 2412 1342 2476 αὐτῶν,
1393 2412 1549 2465 τοῦτο
1592 2412 1836 2467 τοιοῦτον

271 2501 372 2554 ενι.
419 2502 559 2555 Ἀλλ’
601 2503 750 2571 ὅμως
802 2503 878 2564 ὡς
917 2504 974 2555 ὲν
1024 2502 1239 2570 συνόψει
1272 2498 1426 2555 εἷπον
1457 2504 1563 2557 ὅτε
1613 2502 1841 2565 Ἡσαΐας

272 2597 369 2645 καὶ
412 2593 682 2664 Ἱερεμίας
706 2609 721 2627 ο
756 2596 784 2648 6
824 2594 923 2663 μέν
960 2611 1041 2647 τοι
1078 2594 1306 2657 ’Πσατας
1326 2594 1516 2658 εἰπὼν,
1549 2594 1629 2645 ὅτι
1660 2612 1678 2644 ι
1710 2595 1839 2647 Παι-

270 2687 382 2738 δίον
400 2686 916 2756 ὲγεννήθηήμῖνκαὶ
935 2686 1154 2753 eadem}.
1176 2686 1445 2755 ἐπήγαγε,
1481 2704 1499 2737 ι
1536 2685 1664 2749 Θεὸς
1692 2686 1840 2757 ίσχυ-

272 2779 389 2847 ρος·
418 2795 436 2827 ι
465 2778 565 2829 ὁδὲ
601 2776 871 2846 Ἱερεμίας
891 2775 1061 2830 είπὼν
1082 2820 1098 2842 ,
1120 2777 1201 2829 ὅτι
1228 2771 1423 2840 (Οὗτος
1452 2779 1478 2830 6
1506 2778 1635 2841 Θεὸς
1664 2779 1839 2850 ἡμῶν·

268 2868 331 2918 οὐ
361 2867 744 2935 λογισθήσεται
788 2865 974 2937 ἕτερος
1022 2867 1157 2936 πρὸς
1185 2867 1363 2930 αὐτὸν,
1396 2886 1415 2919 ι
1458 2868 1630 2935 λέγει,
1680 2888 1698 2920 ‹
1721 2870 1843 2930 Ἐπὶ

269 2957 370 3024 τῆς
405 2957 511 3025 γῆς
542 2956 719 3025 ὤφθη,
757 2958 850 3009 καὶ
880 2960 990 3019 τοῖς
1018 2957 1322 3026 ἀνθρώποις
1356 2960 1791 3027 συνανεστράφη.
1818 2978 1836 3009 ι

271 3049 346 3100 Οὺ
384 3046 545 3115 μόνον
573 3047 680 3116 γὰρ
710 3048 838 3116 περὶ
887 3047 981 3099 τοῦ
1009 3048 1247 3117 Χριστοῦ
1300 3049 1718 3119 προεῳήτευσαν
1750 3052 1843 3103 καὶ

1955 584 2257 652 parandum
2287 584 2399 636 vias
2441 584 2584 653 ejus,
2614 587 2678 637 ad
2712 585 2947 638 dandum
2984 587 3267 640 scientiam
3319 590 3514 642 salutis

1949 678 2153 744 populo
2199 675 2370 743 ipsius
2417 690 2514 742 per
2562 675 2936 728 remissionem
2986 687 3332 745 peccatorum
3368 680 3512 747 ejus,

1947 779 2046 832 per
2074 764 2285 817 viscera
2313 763 2704 817 misericordia)
2738 763 2827 815 Dei
2867 767 3036 818 uestri
3065 767 3154 818 ³³2
3192 784 3211 816 t
3249 764 3512 820 Joannem

1944 865 2097 909 certe
2136 854 2415 908 Zacharize
2473 855 2644 908 filium
2693 870 2944 923 magnum
2990 856 3310 924 prophetam
3345 857 3514 910 fuisse

1946 956 2178 1011 constat,
2209 947 2455 999 omnium
2490 962 2707 1015 quoque
2753 946 3215 999 Musnhnanorum
3266 948 3516 1000 testimo-

1948 1039 2058 1091 nio.
2085 1038 2224 1103 Quid
2258 1053 2388 1090 vero
2425 1037 2514 1089 hic
2560 1036 2945 1105 prophclavit?
2994 1036 3139 1088 Nihil
3167 1036 3311 1087 aliud
3351 1053 3509 1103 quam

1941 1129 2219 1183 Christum
2247 1128 2545 1190 denotavit,
2580 1126 3036 1194 quemadmodum
3062 1141 3223 1194 supra
3252 1129 3500 1194 expOsui-

1944 1235 2086 1272 mus.
2113 1218 2406 1271 Zacharias
2438 1233 2591 1281 vero,
2639 1232 2929 1285 quenmam
2959 1217 3298 1270 Altissimum
3339 1220 3512 1271 ιιυιιιὶ-

1944 1310 2076 1362 nat?
2108 1310 2381 1363 Christmn
2434 1309 2661 1362 scilicet.
2706 1308 2779 1361 De
2822 1307 2911 1361 illo
2961 1309 3105 1361 enim
3138 1308 3240 1362 hoc
3280 1309 3509 1372 dixerat,

1947 1420 1965 1451 ί
1997 1400 2256 1466 Propheta
2287 1398 2547 1452 Altissimi
2579 1398 2882 1452 vocaberis.
2926 1418 2943 1450 ι

2016 1490 2097 1541 16.
2126 1490 2293 1541 Porro
2315 1485 2600 1540 Jeremiam
2627 1489 2948 1557 prophetam
2974 1491 3051 1545 sic
3081 1491 3350 1545 dicentem
3379 1492 3511 1561 legi-

1938 1594 2059 1633 mus
2088 1596 2101 1633 :
2132 1597 2149 1628 ι
2183 1577 2280 1631 llic
2304 1585 2383 1631 est
2406 1578 2546 1630 Deus
2570 1587 2772 1641 noster,
2801 1589 2854 1632 et
2879 1579 3015 1632 alius
3038 1583 3187 1648 juxta
3223 1582 3367 1635 hunc
3400 1600 3507 1636 non

1939 1670 2301 1737 reputabitur.
2328 1668 2535 1721 Invenit
2573 1683 2789 1721 omnem
2823 1670 2961 1721 viam
2988 1671 3247 1735 scicntiat,
3276 1680 3330 1724 et
3359 1673 3510 1725 detht

1937 1774 2054 1811 eam
2073 1757 2238 1812 Jacob
2255 1773 2413 1811 servo
2437 1773 2557 1823 suo,
2587 1767 2641 1813 et
2670 1759 2853 1813 lsraeli
2875 1760 3076 1813 dilecto
3108 1776 3228 1814 suo.
3256 1762 3375 1815 Post
3400 1763 3511 1815 h.re

1938 1862 2118 1903 autem
2171 1865 2339 1917 super
2383 1860 2583 1903 terram
2635 1849 2785 1902 visus
2821 1858 2925 1913 est,
2956 1861 3011 1904 et
3045 1866 3167 1905 cum
3196 1853 3511 1905 hominibus

1940 1949 2299 1995 conversatus
2324 1947 2429 1994 est.
2456 1958 2472 1989 ι
2494 1940 2592 1994 llic
2620 1950 2700 1995 est
2726 1940 2864 1994 liber
2893 1941 3272 1996 mandatorum
3298 1943 3408 1997 Dei.
3431 1945 3507 1996 lia

1947 2032 2046 2085 tibi
2075 2032 2295 2086 oracula
2346 2031 2460 2085 sole
2513 2030 2902 2101 splendidiora.
2936 2031 3070 2087 Cum
3126 2034 3271 2087 enim
3310 2035 3507 2099 sinenti

1939 2119 2334 2191 prophetarum
2386 2119 2619 2174 diversis
2693 2128 2921 2174 utantur
2968 2121 3187 2175 dicendi
3236 2122 3507 2195 formulis,

1937 2223 2129 2263 omnes
2160 2219 2337 2262 tamen
2371 2208 2424 2261 in
2450 2224 2619 2262 unum
2662 2210 3035 2274 consentiunt,
3061 2212 3507 2280 quandoquidem

1938 2298 2083 2353 Deus
2108 2306 2215 2363 est,
2244 2297 2338 2366 qui
2398 2298 2512 2350 tunc
2533 2305 2588 2350 et
2623 2296 2821 2351 similia
2868 2312 2963 2366 per
2992 2314 3053 2353 os
3088 2300 3327 2369 ipsorum
3363 2302 3507 2355 locu.

1942 2398 2030 2442 tus
2085 2398 2189 2442 est.
2223 2385 2609 2441 Verumtamen
2669 2403 2768 2442 ceu
2831 2402 2898 2442 ex
2945 2393 3224 2446 communi
3276 2396 3509 2462 quadam

1941 2479 2412 2548 contemplatione
2461 2479 2744 2533 vaticinati
2777 2492 2925 2546 sunt,
2958 2491 3013 2536 et
3068 2483 3235 2539 lsaias
3280 2496 3335 2541 et
3357 2486 3509 2542 Jenc-

1916 2570 2099 2625 -mias.
2123 2570 2294 2625 Isaias
2320 2569 2545 2638 quidem
2574 2570 2628 2624 in
2657 2571 2805 2626 hunc
2835 2574 3057 2627 modum
3090 2593 3103 2630 :
3137 2594 3155 2627 ‹
3189 2577 3327 2632 Puer
3347 2591 3509 2632 natus

1947 2670 2034 2715 est
2062 2662 2244 2727 nobis,
2282 2670 2338 2715 et
2370 2660 2513 2716 filius
2539 2661 2698 2716 datus
2726 2672 2809 2717 est
2832 2663 3027 2729 nobis;
3058 2683 3076 2717 ι
3108 2667 3308 2735 quibus
3333 2670 3507 2730 addit,

1948 2769 1966 2802 ‹
2004 2752 2146 2806 Deus
2178 2750 2355 2815 fortis,
2389 2770 2407 2804 ι
2438 2761 2544 2808 etc.
2564 2752 2829 2808 Jcremias
2854 2770 2981 2809 vero
2997 2757 3075 2811 sic
3096 2757 3281 2812 dicens
3312 2776 3325 2812 :
3362 2777 3378 2810 ι
3412 2760 3512 2814 llic

1941 2852 2025 2897 est
2059 2844 2200 2897 Deus
2223 2851 2429 2907 noster,
2455 2859 2563 2899 non
2598 2845 2949 2913 reputabitur
2980 2848 3121 2901 alius
3152 2847 3303 2919 juxta
3340 2850 3507 2905 hunc.

1943 2930 2117 2999 Super
2150 2942 2351 2987 terram
2395 2934 2547 2989 visus
2587 2946 2692 3000 est,
2717 2947 2771 2991 et
2803 2951 2927 2991 cum
2952 2938 3261 2994 hominibus
3284 2955 3511 2994 conver-

1942 3033 2092 3078 satus
2145 3034 2249 3080 est.
2292 3043 2311 3076 ›
2355 3024 2474 3081 Non
2516 3026 2661 3081 enim
2709 3027 2778 3082 de
2824 3029 2941 3083 solo
2987 3028 3207 3084 Christo
3233 3032 3510 3085 vaticinati

271 3134 430 3189 εἶπον
462 3139 513 3189 oi
548 3142 842 3209 προφῆται,
891 3138 1027 3191 ἀλλὰ
1074 3140 1169 3192 καὶ
1200 3118 1454 3209 περὶτῆς
1483 3118 1644 3209 ἁγίας
1672 3142 1830 3195 αὑτοῦ

1945 3125 2069 3169 sunt
2095 3118 2391 3185 prophetae,
2416 3133 2607 3172 verum
2650 3120 2813 3173 etiam
2855 3120 2923 3174 de
2956 3131 3301 3176 sacrosancta
3359 3123 3510 3178 illius

274 3230 486 3301 μητρὸς
518 3232 612 3284 καὶ
646 3231 946 3301 Παρθένου,
1000 3233 1163 3286 ἅτινα
1197 3233 1286 3286 διὰ
1322 3234 1382 3286 τὸ
1414 3233 1620 3304 πλῆθος
1650 3235 1833 3303 εἰάθη-

272 3337 395 3370 σαν.
454 3321 564 3371 Καὶ
624 3320 731 3371 ἰδοὺ
781 3321 909 3389 περὶ
958 3321 1067 3373 τῶν
1093 3321 1370 3375 ὁπτασιῶν
1404 3324 1507 3379 τῶν
1538 3324 1708 3390 ἁγίων
1739 3326 1834 3377 καὶ

268 3410 379 3459 τῶν
413 3409 770 3479 προφητικῶν
796 3411 1007 3478 ῥήσεων
1033 3410 1232 3473 ίκανῶς
1254 3412 1578 3481 εἰρήκαμεν.
1604 3414 1833 3481 Ἰδωμεν

265 3502 337 3579 δξ
382 3502 479 3554 καὶ
530 3502 610 3562 εἰς
666 3502 725 3552 τὸ
774 3500 904 3569 ἑξῆς
951 3501 1005 3553 τί
1041 3500 1291 3571 βούλεται
1344 3505 1436 3555 καὶ
1464 3506 1523 3555 τὸ
1556 3505 1707 3567 τέλος
1735 3505 1833 3557 αὑ-

261 3587 401 3623 των.

344 3660 428 3723 ιε’.
466 3661 653 3722 Ὅπως
702 3660 983 3729 ἀπεστάλη
1021 3662 1079 3728 ἐξ
1108 3662 1344 3732 οὐρανοῦ
1388 3663 1631 3733 Γαϐριὴλ
1675 3666 1701 3717 6
1734 3665 1830 3734 ἀρο

256 3752 539 3821 χάγγελος
590 3752 1048 3819 εὐαγγελίσασθαι
1094 3756 1161 3822 τῇ
1198 3754 1329 3824 ἁγίᾳ
1361 3754 1620 3825 Παρθένῳ
1646 3757 1832 3827 Μαρίᾳ

256 3846 370 3913 τὴν
402 3843 688 3911 σύλληψιν,
735 3846 829 3898 καὶ
883 3845 1033 3904 ὅπως
1092 3844 1352 3897 συνέλαϐε
1408 3847 1499 3897 τὸν
1554 3845 1642 3898 τοῦ
1696 3847 1830 3899 Θεοῦ

253 3936 482 4001 Λόγον,
537 3934 631 3986 καὶ
689 3935 845 4004 ὑμεῖς
914 3934 1306 4004 ὁμολογοῦντες
1358 3936 1576 4003 λέγετε,
1608 3936 1831 3991 κᾶνκαὶ

249 4024 445 4091 ὀρθῶς
476 4022 555 4091 μὴ
587 4024 910 4092 φρονοῦντες
964 4025 1087 4074 ἐστε
1145 4028 1274 4093 περὶ
1327 4025 1545 4089 τούτου,
1578 4026 1831 4093 λέγοντες

243 4109 347 4159 ὃτι
406 4106 697 4175 ἄνθρωπον
753 4108 906 4175 ψιλὸν
954 4109 1245 4179 ἐγέννησεν
1296 4111 1329 4179 ἠ
1388 4112 1681 4179 Παρθένος,
1736 4116 1831 4164 καὶ

245 4198 323 4249 οὗ
361 4195 519 4259 Θεὸν,
553 4194 974 4256 ἀκολουθοῦντες
1000 4198 1115 4257 τοῖς
1145 4194 1237 4248 τοῦ
1251 4195 1542 4265 Νεστορίου
1573 4198 1827 4266 δόγμασι·

243 4289 363 4338 καὶ
423 4286 510 4339 ὅτι
566 4285 854 4357 ἄνθρωπος
884 4286 983 4355 μὲν
1012 4280 1079 4355 ἦν
1108 4287 1136 4338 6
1174 4288 1431 4356 Χριστὸς,
1463 4289 1749 4359 ἄνθρωπος
1774 4290 1830 4342 δὲ

242 4376 452 4445 μέγας
481 4375 580 4427 καὶ
612 4374 768 4441 ἆγιος
802 4376 896 4427 καὶ
926 4375 1149 4443 ὑψηλὸς,
1181 4373 1291 4438 οἷος
1328 4375 1453 4428 οὔτε
1484 4377 1589 4445 πρὸ
1619 4378 1827 4431 ἐκείνου

1941 3217 2134 3270 matre,
2163 3205 2388 3277 Virgine
2435 3208 2624 3273 Maria,
2654 3225 2773 3278 qua:
2823 3211 3041 3279 quidem
3092 3227 3238 3266 nunc
3286 3227 3509 3282 propter

1943 3299 2165 3353 nimiam
2198 3298 2567 3367 prolixitatem
2626 3300 2963 3355 omittemus.
2996 3300 3063 3355 Et
3121 3301 3235 3355 haec
3284 3303 3507 3370 quidem

1941 3390 2009 3443 de
2040 3399 2351 3442 sanctorum
2406 3388 2835 3443 revelationibus
2883 3396 2937 3443 et
2975 3391 3359 3460 prophetarum
3385 3408 3509 3445 ora-

1938 3479 2076 3533 culis
2107 3477 2439 3532 sufiicienter
2494 3478 2731 3533 diximus
2765 3497 2778 3532 :
2812 3495 2958 3535 nunc
2991 3496 3123 3536 vero
3156 3482 3279 3551 quis
3310 3482 3507 3539 horum

1937 3571 2182 3625 omnium
2218 3569 2340 3624 ﬁnis
2371 3570 2463 3635 sit,
2499 3571 2928 3625 consideremus.

2006 3661 2096 3715 17.
2125 3660 2279 3725 Quod
2334 3674 2463 3714 sane
2514 3662 2874 3731 archangelus
2894 3660 3111 3716 Gabriel
3141 3664 3355 3718 cmlitus
3381 3666 3513 3721 mis-

1937 3766 2034 3806 sus
2065 3752 2135 3805 sit
2160 3750 2298 3805 divae
2326 3750 2523 3819 virgini
2553 3750 2734 3805 Mariae
2788 3756 3195 3821 conceptionem
3226 3756 3513 3809 nuntiatu-

1938 3858 2052 3907 rus,
2084 3851 2139 3897 et
2168 3843 2312 3913 quod
2351 3842 2464 3897 haec
2495 3843 2608 3911 ipsa
2637 3843 2731 3896 Dei
2766 3845 3014 3898 Verbum
3051 3846 3386 3913 conceperit,
3413 3862 3509 3901 vos

1940 3931 2041 3999 ipsi
2081 3930 2411 3985 afﬁrmantes
2442 3930 2777 3984 confitemini
2807 3931 3091 3999 :quamvis
3122 3930 3297 3985 dehis
3327 3932 3509 3987 minus

1940 4027 2085 4071 recte
2117 4018 2391 4081 sentiatis,
2437 4030 2561 4070 cum
2617 4016 2802 4070 dicitis
2846 4016 3125 4078 nimirum,
3164 4018 3307 4084 quod
3343 4018 3509 4086 Vit-go

1937 4107 2220 4163 hominem
2272 4107 2476 4160 nudum
2534 4107 2833 4175 pepererit,
2870 4116 3064 4161 etnon
3099 4108 3265 4160 Deum
3313 4110 3507 4177 (secuti

1939 4199 2084 4254 haud
2116 4198 2280 4253 dubie
2298 4196 2539 4252 Nestorii
2559 4196 2797 4267 dogma),
2819 4204 2873 4251 et
2892 4196 3036 4266 quod
3063 4196 3313 4252 Christus
3344 4198 3508 4254 homo

1939 4305 2148 4351 tantum
2202 4294 2386 4359 fuerit,
2441 4295 2606 4349 homo
2657 4304 2839 4348 autem
2900 4310 3148 4365 magnus,
3202 4309 3421 4351 sanctus
3454 4308 3509 4351 et

1936 4397 2222 4455 angustus,
2263 4400 2372 4455 quo
2415 4384 2656 4440 sanctior
2693 4394 2817 4438 ante
2865 4385 3015 4438 hunc
3065 4395 3227 4440 natus
3276 4402 3379 4439 non
3413 4388 3505 4451 sit,

234 4470 496 4534 ἐγένετο
550 4465 851 4535 ἁγιώτερος
882 4465 1074 4531 αὐτοῦ,
1122 4468 1241 4520 οὐδὲ
1281 4469 1419 4536 μετὰ
1443 4469 1615 4520 ταῦτα
1645 4470 1830 4538 γεννή-

1940 4491 2122 4544 neque
2172 4473 2506 4538 nasciturus,
2558 4475 2653 4528 sed
2707 4474 2856 4529 hunc
2909 4475 3153 4528 omnium
3223 4475 3508 4529 hominum

230 4571 445 4621 σεται,
479 4555 598 4608 ἀλλ’
632 4556 794 4617 αὐτός
842 4557 988 4609 ἐστιν
1018 4558 1047 4608 6
1097 4557 1314 4611 πάντων
1344 4558 1645 4628 ἀνθρώπιον
1670 4558 1833 4627 ἁγιώ-

222 4664 445 4718 τερος.
511 4646 704 4713 Ἡμεῖς
740 4646 797 4699 δὲ
846 4646 1176 4717 πιστεύομεν
1234 4649 1328 4701 καὶ
1386 4648 1694 4718 φρονοῦμεν
1738 4651 1831 4701 καὶ

219 4740 526 4806 λέγομεν,
556 4737 639 4788 ὅτι
684 4737 848 4799 αὐτὸς
898 4738 931 4788 6
973 4738 1208 4806 Χριστος
1238 4740 1404 4801 αὑτός
1443 4741 1591 4791 ἐστιν
1626 4740 1656 4789 6
1704 4739 1828 4801 Υίὸς

215 4832 335 4884 τοῦ
392 4828 541 4881 θεοῦ
587 4827 682 4879 τοῦ
717 4828 939 4890 ζῶντος,
971 4830 999 4881 6
1046 4828 1253 4898 ἀληθὴς
1299 4829 1451 4892 Θεὸς,
1498 4833 1525 4882 6
1553 4830 1832 4899 γεννηθεὶς

213 4926 298 4975 ἐκ
382 4920 495 4988 τῆς
553 4920 640 4971 ἀεὶ
678 4919 949 4990 παρθένου
1010 4919 1229 4988 Μαρίας
1285 4921 1414 4972 ἄνευ
1479 4920 1689 4989 ἀνδρὸς,
1736 4923 1831 4973 καὶ

212 5018 385 5077 Υίὺς
437 5012 516 5064 ὢν
550 5010 646 5064 τοῦ
699 5010 859 5076 Θεοῦ,
909 5012 1002 5064 καὶ
1052 5011 1183 5073 Θεὸς
1245 5010 1591 5081 προαιὼνιος,
1654 5010 1831 5062 λαϐὼν

212 5110 456 5177 σάρκα.
494 5103 559 5167 ἐξ
595 5103 786 5171 αὐτῆς,
830 5102 925 5155 καὶ
968 5103 1260 5171 γενόμενος
1293 5102 1604 5171 ἄνθρωπος,
1642 5102 1700 5153 ὃν
1736 5102 1833 5153 καὶ

206 5190 606 5258 πιστεύομεν
637 5187 779 5243 εἶναι
830 5191 963 5243 Θεόν
1003 5208 1060 5243 τε
1100 5190 1195 5243 καὶ
1232 5190 1544 5258 ἄνθρωπον.
1587 5191 1832 5255 Παρελά-

205 5291 431 5357 ευμεν
473 5284 534 5336 δὲ
583 5282 745 5337 τοῦτο
780 5285 874 5337 καὶ
913 5286 1272 5356 ἐδιδάχθημεν
1314 5287 1421 5339 ἀπό
1471 5303 1528 5339 τε
1576 5285 1669 5337 τοῦ
1706 5303 1835 5354 προ-

203 5384 432 5453 φήτου
472 5378 779 5441 Μωῡσέως,
824 5376 919 5431 τοῦ
960 5377 1143 5443 Δαϐὶδ,
1178 5380 1273 5431 καὶ
1305 5378 1524 5431 πάντων
1551 5381 1659 5432 τῶν
1696 5396 1832 5448 προ-

200 5474 450 5547 φητῶν
492 5470 603 5521 τῶν
649 5471 946 5536 γεγονότων
972 5471 1081 5523 ἀπό
1115 5486 1172 5523 τε
1205 5473 1297 5523 τοῦ
1327 5472 1604 5533 Μωῦσέως
1642 5474 1829 5541 μέχρις

199 5569 283 5622 ἂν
318 5562 498 5631 ἔλθῃ
526 5563 555 5611 6
585 5560 841 5625 Χριστὸς,
868 5562 896 5612 6
925 5560 1055 5615 παρ’
1081 5561 1303 5615 ἐκείνων
1332 5563 1824 5632 προφητευόμενος.

285 5747 375 5779 ³³⁸
420 5740 581 5794 Luc.
615 5752 651 5801 t,
688 5736 865 5790 76-78.

1938 4582 2061 4621 esse
2092 4565 2521 4621 sanctissimum.
2574 4563 2684 4619 Nos
2732 4580 2860 4618 vero
2915 4566 3211 4627 credimus,
3243 4570 3508 4621 sentimus

1935 4666 1992 4712 et
2017 4656 2270 4719 fatemur,
2296 4656 2441 4724 quod
2464 4656 2581 4724 ipse
2618 4655 2888 4720 Christus,
2938 4656 3028 4709 ille
3062 4655 3226 4719 idem,
3256 4657 3502 4724 inquam,

1941 4748 2110 4803 Filius
2146 4748 2216 4803 sit
2250 4747 2343 4801 Dei
2397 4747 2649 4808 viventis,
2704 4746 2847 4800 Deus
2892 4761 3076 4807 verus,
3104 4748 3195 4815 qui
3226 4755 3384 4799 natus
3421 4756 3505 4801 est

1937 4852 2004 4893 ex
2026 4838 2188 4892 Maria
2205 4838 2411 4905 virgine
2440 4838 2557 4891 sine
2578 4838 2680 4891 viri
2701 4851 3018 4906 congressu,
3051 4836 3237 4897 Filius,
3261 4837 3502 4903 inquam,

1940 4931 2033 4984 Dei
2097 4930 2167 4980 sit
2223 4937 2278 4981 et
2340 4928 2483 4981 Deus
2541 4928 2609 4980 ab
2658 4936 2884 4993 aeterno,
2916 4927 3008 4996 qui
3039 4941 3254 4981 carnem
3297 4942 3360 4979 ex
3392 4926 3503 4993 ipsa

1938 5021 2313 5087 assumpserit,
2364 5029 2418 5070 et
2467 5018 2631 5071 homo
2682 5018 2858 5071 factus
2906 5018 2996 5083 sit,
3058 5031 3219 5085 quem
3258 5016 3419 5071 simul
3451 5024 3502 5069 et

1942 5116 2107 5167 Deum
2144 5122 2198 5165 et
2246 5112 2522 5166 hominem
2571 5124 2691 5165 esse
2739 5109 3029 5163 credimus.
3086 5108 3212 5163 Haec
3250 5123 3377 5161 vero
3406 5107 3503 5163 de-

1940 5205 2276 5272 sumpsimus
2326 5218 2356 5258 a
2402 5203 2666 5273 propheta
2711 5202 2879 5262 Mose,
2910 5200 3132 5265 Davide,
3164 5211 3218 5255 et
3249 5200 3504 5256 omnibus

1946 5292 2084 5354 aliis,
2118 5295 2206 5361 qui
2254 5301 2373 5360 post
2412 5292 2612 5346 Mosem
2645 5306 2815 5359 usque
2839 5289 2904 5343 ad
2929 5289 3154 5353 Christi,
3179 5289 3268 5357 qui
3297 5288 3365 5341 ab
3395 5288 3505 5343 illis

1940 5384 2232 5453 prmtlicttts
2271 5383 2393 5446 fuit,
2437 5381 2732 5436 adventum
2762 5381 3097 5443 floruerunt;
3131 5380 3238 5434 imo
3266 5379 3332 5432 ab
3373 5378 3505 5447 ipsis

1937 5476 2100 5526 etiam
2152 5472 2373 5533 sanctis,
2402 5471 2492 5538 qui
2528 5479 2652 5524 ante
2690 5470 2855 5524 Mosis
2895 5481 3134 5539 tempora
3161 5469 3396 5523 visiones
3419 5467 3503 5521 vi-

1939 5563 2170 5627 derunt;
2220 5569 2482 5629 praetcrea
2539 5559 2606 5613 ab
2636 5560 2757 5629 ipso
2803 5560 2962 5614 etiam
2994 5558 3235 5621 Christo,
3264 5566 3319 5614 et
3351 5554 3499 5614 illius
