4204 6444
271 450 366 513 421

1218 442 1513 503 CONTRA
1559 438 2045 500 ΜΛΠΟΜΕΤΕΜ
2088 436 2470 497 APOLOGIA
2518 438 2566 496 Ι.

3395 432 3501 496 432

272 582 424 633 τερον
482 564 867 631 προσεκύνουν,
924 561 1148 627 ὕστερον
1201 560 1543 610 ἀπέκτεινον.
1602 557 1711 607 Καὶ
1750 555 1830 616 τίς

1944 567 2037 621 pus
2112 554 2374 608 adversus
2456 556 2690 609 animant
2757 555 2901 608 il'ius
2972 552 3367 607 insurrcxcrit?
3440 554 3509 607 Et

270 656 426 722 χρεία
464 655 644 714 λέγειν
679 653 803 720 περὶ
825 651 1077 717 ἀγγέλων
1103 647 1333 720 οὐρανοῦ
1373 663 1430 696 τε
1465 646 1556 695 καὶ
1597 645 1697 712 γῆς
1735 642 1827 695 καὶ

269 748 418 807 ζώων
471 746 564 796 xui
605 745 845 812 Grjpimv;
891 742 1033 793 Αὐτὸ
1082 744 1143 792 τὸ
1192 740 1285 791 τοῦ
1335 736 1622 805 ἀνθρώπου
1673 736 1830 803 σῶμα

268 838 536 902 ἐπανέστη
587 836 727 886 κατὰ
760 835 855 900 τῆς
894 832 1071 901 ψυχῆς
1122 830 1308 893 αὑτοῦ,
1362 831 1453 880 καὶ
1490 822 1600 879 οἷον
1644 825 1831 892 ὥσπερ

269 929 429 978 τινῶν
475 930 568 978 δύο
599 926 807 995 ἐχθρῶν
846 928 937 977 καὶ
978 924 1256 992 πολεμίων
1292 921 1621 991 εὑρεθέντων
1662 920 1719 969 ἐν
1754 918 1831 967 ἑνὶ

267 1022 425 1088 οἴκῳ,
462 1021 556 1069 καὶ
585 1018 910 1085 μαχομένων
954 1016 1087 1084 πρὸς
1129 1014 1414 1082 ἀλλήλου;,
1454 1011 1581 1079 νικᾷ
1617 1010 1643 1060 ὁ
1686 1009 1847 1075 ἰσχυοι

268 1111 490 1177 ρότερος
514 1124 527 1137 ’
562 1108 733 1167 οὕτως
770 1102 836 1174 ἦν
872 1105 1160 1174 μαχομένη
1197 1104 1288 1154 καὶ
1317 1104 1347 1169 ἡ
1380 1100 1523 1168 ψυχὴ
1560 1099 1697 1165 μετὰ
1726 1097 1832 1148 τῶν

267 1200 597 1265 σωματικῶν
638 1197 945 1264 ἐπιθυμιῶν
986 1212 1041 1247 τε
1094 1196 1183 1244 καὶ
1238 1192 1492 1259 ὀρέξεων.
1536 1188 1676 1241 Ἀλλ’
1709 1188 1833 1257 ἕρη-

269 1305 366 1356 μος
399 1288 533 1339 οὖσα
569 1289 599 1354 ἡ
638 1287 782 1355 ψυχὴ
824 1286 921 1353 τῆς
956 1285 1047 1336 τοῦ
1087 1282 1223 1335 Θεοῦ
1256 1281 1531 1350 βοηθείας,
1577 1280 1833 1331 ὑπέκειτο

266 1381 342 1446 τῷ
372 1379 608 1445 σώματι,
651 1380 743 1430 καὶ
774 1379 806 1444 ἡ
840 1376 991 1439 τάξις
1022 1376 1455 1440 ἀντέστραπται,
1513 1373 1604 1423 καὶ
1639 1372 1671 1439 ἡ
1702 1373 1834 1440 πρός

264 1485 422 1535 τερον
463 1468 725 1519 δέσποινα
775 1465 1240 1535 δηξλιουργτιθεῖεα
1276 1463 1500 1531 ὕστερον
1536 1462 1695 1526 δούλη
1743 1460 1833 1512 καὶ

265 1558 589 1623 θεραπαινὶς
621 1557 729 1609 τῶν
765 1556 968 1625 ἡδονῶν
994 1554 1370 1621 ἀναφαίνεται.
1415 1554 1474 1604 Ἠ
1503 1554 1557 1604 δὲ
1580 1551 1671 1603 τοῦ
1702 1552 1835 1620 Χρι-

266 1650 394 1696 στοῦ
427 1648 705 1714 γέννησις,
745 1647 865 1713 ἦτοι
908 1648 938 1713 ἠ
972 1644 1064 1697 τοῦ
1102 1644 1229 1695 Υἱοῦ
1274 1642 1364 1694 τοῦ
1403 1643 1537 1694 Θεοῦ
1569 1640 1836 1709 ὲνανθρώ-

265 1751 459 1802 πησις,
497 1738 676 1803 ἦνωσε
710 1738 778 1787 τά.
810 1754 868 1787 τε
916 1738 971 1787 ὲν
1000 1736 1233 1805 οὐρανῷ,
1278 1736 1346 1786 τά
1374 1751 1432 1785 τε
1464 1732 1555 1785 ἐπὶ
1584 1735 1680 1800 τῆς
1710 1734 1831 1801 γῆς.

267 1828 381 1877 Καὶ
418 1828 621 1888 ἰδόντες
652 1827 701 1877 οἱ
743 1826 964 1891 ἄγγελοι
1002 1827 1097 1895 τὴν
1132 1826 1223 1876 τοῦ
1260 1823 1395 1876 Θεοῦ
1447 1824 1655 1890 ἄφατον
1703 1840 1833 1891 συγ-

1940 642 2400 707 quemadtnodum
2445 644 2554 696 duo
2603 644 2958 698 infensissimi
2985 642 3168 696 hostes
3204 659 3306 693 una
3343 644 3509 696 doni»

1937 733 2213 799 conjuncti
2272 747 2481 800 pugnas
2527 743 2747 787 movent
2796 741 3034 795 mutuas,
3084 747 3113 785 ο
3162 731 3362 798 quibus
3412 734 3506 797 qui

1939 820 2149 875 viribus
2182 823 2529 889 praestantior
2559 832 2663 886 est,
2693 823 2919 876 victoria
2952 822 3190 891 potitttr;
3232 821 3313 873 sic
3342 820 3507 873 etiam

1938 910 2113 963 anima
2172 927 2296 965 cum
2352 913 2601 980 corporis
2669 910 2954 964 adeetibus
3006 920 3061 964 et
3115 912 3357 978 appetTtu
3413 925 3513 976 pu-

1939 1012 2108 1063 gnans
2143 997 2535 1067 congreditur;
2585 1013 2709 1052 cum
2746 1006 2930 1050 autem
2986 997 3156 1065 ipsius
3183 996 3275 1050 Dei
3310 995 3514 1048 auxilio

1940 1082 2197 1136 destituta
2249 1085 2338 1146 sit,
2389 1085 2607 1152 corpori
2656 1081 2981 1145 succumbit,
3043 1096 3335 1149 rerumque
3376 1081 3512 1132 crdo

1940 1173 2252 1238 invertitur,
2291 1182 2347 1226 ut
2393 1189 2513 1242 qua:
2565 1174 2718 1242 prius
2770 1174 2987 1227 domina
3019 1171 3427 1239 erateorporis,
3459 1183 3504 1223 c9

1940 1266 2227 1333 imperium
2281 1265 2592 1326 exercebat,
2626 1265 2678 1317 in
2735 1274 3015 1333 posterum
3059 1279 3215 1318 serva
3278 1272 3333 1316 et
3362 1264 3502 1315 volu-

1943 1360 2144 1415 ptatum
2193 1352 2523 1419 mancipium
2571 1350 2708 1404 facta
2764 1351 2853 1404 sit.
2900 1350 3101 1403 Christi
3136 1359 3316 1402 autem
3348 1363 3513 1415 gene-

1941 1443 2082 1496 ratio
2109 1452 2162 1494 et
2185 1442 2305 1494 Filii
2343 1443 2435 1495 Dei
2489 1441 2791 1495 incarnatio
2838 1441 3017 1493 univit
3049 1455 3109 1491 ea
3141 1455 3259 1507 qu:e
3295 1440 3346 1490 in
3379 1437 3516 1491 ca‘lo

1940 1548 1993 1588 et
2022 1538 2071 1586 in
2100 1544 2245 1587 terra
2276 1543 2425 1586 sunt.
2460 1533 2650 1601 Angcli
2678 1533 2858 1601 itaque
2893 1532 3140 1585 videntes
3178 1532 3519 1583 inenarrabi-

1942 1621 2045 1672 letn
2098 1621 2249 1672 illum
2302 1620 2471 1673 Deum
2523 1620 2867 1679 descensum,
2911 1618 3054 1685 quod
3102 1618 3312 1671 scilicet
3346 1619 3390 1669 is
3418 1617 3513 1683 qui

1943 1706 2087 1758 Deus
2121 1715 2260 1768 erat,
2290 1715 2514 1773 propter
2544 1708 2781 1759 innatam
2816 1706 2917 1760 sibi
2964 1707 3265 1759 bonitatem
3291 1721 3515 1759 carnem

1942 1806 2266 1858 assumeret,
2293 1807 2350 1851 et
2382 1798 2660 1851 inimicam
2720 1799 3116 1865 adversamque
3166 1796 3271 1849 sibi
3330 1797 3383 1849 in
3416 1797 3517 1848 ho-

266 1914 602 1977 κατάϐασιν,
666 1913 745 1965 ὅτι
799 1914 931 1974 Θεὸς
978 1913 1051 1963 ὢν
1101 1912 1258 1964 ἔλαϐε
1303 1912 1483 1980 σάρκα
1526 1910 1595 1962 δι’
1630 1910 1835 1962 οἰκείαν

1944 1888 2085 1940 mine
2142 1887 2475 1942 habitantem
2536 1898 2785 1941 naturam
2840 1897 3202 1957 assumptam,
3232 1888 3331 1940 sibi
3390 1904 3515 1941 cunt

262 2006 605 2073 ἀγαθότητα,
642 2006 737 2055 καὶ
790 2006 890 2073 τὴν
944 2004 1146 2072 ἐχθρὰν
1202 2003 1363 2069 φύσιν
1412 2001 1506 2054 τοῦ
1546 2003 1835 2071 ἀνθρώπου

265 2097 362 2147 καὶ
401 2098 555 2148 κάτω
588 2097 848 2167 κειμένην
915 2095 1202 2148 ἀνελάϐετο
1232 2097 1326 2149 καὶ
1356 2097 1533 2163 ἧνωσε
1573 2099 1637 2164 τῇ
1675 2097 1838 2148 αὑτοῦ

265 2185 505 2254 θεότητι,
542 2188 634 2238 καὶ
670 2188 865 2255 ἡγίασε
901 2188 993 2238 καὶ
1042 2186 1225 2254 ὕψωσε
1257 2204 1271 2219 ο
1322 2186 1483 2239 τοῦτο
1516 2186 1839 2256 θεασάμενοι

265 2278 311 2327 οἱ
350 2278 603 2343 ἄγγελοι,
658 2281 750 2331 καὶ
806 2277 1211 2345 θαυμάσαντες,
1243 2277 1334 2329 καὶ
1377 2278 1748 2344 ἐκπλαγέντες
1782 2280 1841 2330 τὸ

270 2368 411 2435 μέγα
442 2368 606 2420 τοῦτο
661 2370 754 2421 καὶ
804 2369 1044 2434 ἐξαίσιον
1095 2367 1302 2437 θαῦμα,
1352 2369 1447 2420 καὶ
1501 2369 1639 2437 ὑπὲρ
1678 2370 1841 2437 φύσιν

269 2461 525 2525 πρᾶγμα,
576 2461 809 2529 ἐϐόησαν
839 2460 1158 2522 δοξάσαντες
1204 2460 1293 2511 τὸν
1325 2460 1478 2524 θεὸν,
1519 2462 1615 2512 καὶ
1664 2457 1839 2522 εἷπον,

272 2569 292 2601 ι
322 2552 463 2613 Δόξα
486 2553 545 2602 ὲν
578 2551 818 2619 ὑψίστοις
846 2552 985 2622 Θεῷ.
1011 2571 1029 2603 ι
1049 2551 1266 2615 Ἰδόντες
1286 2552 1340 2604 δὲ
1360 2552 1615 2620 μετὰτῶν
1640 2552 1847 2622 ἀνθρώ-

269 2655 385 2687 πων
417 2638 616 2690 ἕνωσιν
647 2639 753 2691 τῶν
786 2641 1053 2705 ἀγγέλων,
1097 2642 1192 2691 καὶ
1222 2642 1322 2708 τὴν
1372 2642 1727 2709 πολυχρόνιον
1758 2643 1844 2710 ἔχ-

265 2730 403 2795 θραν
426 2728 700 2792 λυθεῖσαν,
723 2725 893 2793 εἶπον,
928 2749 946 2780 ιι
970 2730 1092 2781 Ἐπὶ
1113 2732 1213 2800 γῆς
1236 2732 1445 2800 εἰρήνη,
1466 2734 1520 2783 ἐν
1542 2732 1847 2801 ἀνθρώποις

272 2820 521 2872 εὐδοκία.
580 2838 599 2870 ›
636 2821 743 2872 Καὶ
772 2819 1119 2890 ἐπληρώθηή
1161 2821 1253 2873 τοῦ
1275 2822 1439 2874 Δαϐὶδ
1478 2824 1781 2892 προφητεία
1813 2827 1844 2893 ἡ

265 2911 530 2976 λέγουσα,
579 2930 596 2961 ι
650 2912 1145 2980 Εὑφραινέσθωσαν
1180 2915 1227 2966 οἱ
1270 2914 1513 2984 οὐρανοὶ,
1555 2916 1650 2967 καὶ
1678 2916 1848 2984 ἀγαλ-

266 3000 480 3052 λιασθω
522 3003 557 3067 ἡ
613 3002 705 3069 γῆ.
754 3004 1113 3069 Ἀνήγγειλαν
1159 3005 1206 3055 οἱ
1244 3004 1464 3073 οὐρανοὶ
1508 3005 1605 3074 τὴν
1642 3005 1847 3058 δικαιο-

266 3092 440 3157 σᾴνῃν
492 3090 703 3152 αᾶτοῦ.
774 3093 867 3144 καὶ
918 3094 1135 3146 εῐδοσαν
1206 3095 1405 3156 πάντες
1464 3096 1513 3147 οἱ
1581 3096 1699 3148 λαοὶ
1754 3097 1850 3166 τὴν

261 3181 427 3243 δόξαν
456 3182 652 3235 αὑτοῦ.
675 3182 1091 3252 Προσκυνήσατε
1108 3186 1275 3253 αὐτῷ,
1303 3186 1498 3248 πάντες
1520 3187 1735 3253 ἄγγελοι
1758 3189 1851 3240 αῦ-

1938 1978 2226 2033 divinitatc
2284 1980 2489 2043 uniret,
2536 1980 2906 2033 sanctilicaret
2948 1989 3003 2033 ct
3055 1981 3348 2043 exaltaret;
3391 1978 3515 2042 hor,

1941 2065 2187 2135 inquam,
2210 2066 2459 2121 videntes
2498 2067 2697 2137 angeli,
2738 2067 3011 2137 stupendo
3038 2068 3144 2122 hoc
3176 2067 3437 2121 miraculo
3465 2075 3520 2117 ct

1940 2182 2155 2221 omnem
2184 2177 2439 2223 naturam
2471 2184 2869 2240 exsuperante,
2906 2172 2961 2226 in
3002 2171 3425 2226 admirationem
3463 2179 3519 2222 ct

1942 2278 2227 2337 stuporem
2304 2271 2483 2339 rapti,
2535 2271 2983 2326 exclamaverunt
3040 2271 3106 2325 ad
3181 2271 3274 2325 Dei
3324 2270 3520 2324 laudes

1941 2360 2314 2425 celebrandas,
2339 2372 2395 2414 et
2417 2361 2677 2417 dixerunt
2703 2381 2715 2416 :
2745 2380 2762 2414 ι
2791 2362 2970 2417 Gloria
3003 2362 3054 2416 in
3075 2362 3303 2417 excelsis
3330 2362 3459 2415 Deo.
3497 2382 3514 2411 ι

1943 2452 2202 2507 Videntes
2224 2453 2387 2507 etiam
2424 2454 2707 2509 hominum
2756 2471 2879 2510 cum
2930 2458 3137 2526 angelis
3164 2456 3517 2511 concordiam

1940 2548 2050 2616 jam
2081 2548 2477 2615 conﬁrmatam,
2513 2560 2570 2605 et
2607 2551 2879 2606 sublatam
2923 2566 3044 2607 esse
3069 2552 3337 2606 diutinam
3373 2552 3520 2605 illam

1948 2642 2317 2707 inimicitiam,
2348 2642 2628 2706 dixerunt,
2660 2661 2677 2693 ‹
2710 2643 2768 2697 In
2795 2652 2936 2697 terra
2964 2659 3086 2712 pax,
3121 2654 3177 2698 et
3205 2642 3521 2696 honiiniLus

1950 2729 2091 2783 bona
2139 2731 2462 2785 voluntas.»
2496 2732 2650 2788 Unde
2719 2732 3002 2799 impletum
3052 2742 3136 2786 est
3182 2732 3313 2785 illud
3368 2732 3524 2784 Davi-

1950 2820 2038 2874 dis
2066 2823 2371 2884 oraculum,
2397 2824 2588 2877 dicens
2620 2840 2634 2877 :
2666 2843 2683 2874 ι
2723 2823 3000 2878 L'etentur
3026 2825 3173 2888 cmli,
3201 2833 3258 2879 et
3289 2825 3525 2899 exsultet

1951 2919 2112 2963 terra.
2136 2911 2620 2965 Annuntiaverunt
2662 2912 2787 2966 cceli
2813 2913 3083 2983 justitiam
3115 2913 3253 2983 ejus,
3288 2923 3344 2967 et
3375 2914 3525 2967 vide-

1952 3010 2077 3052 runt
2115 3015 2305 3054 omnes
2367 3000 2550 3071 populi
2584 3002 2807 3068 gloriam
2872 3004 3080 3073 ipsius;
3118 3002 3340 3057 adorate
3367 3019 3520 3063 eum.

1953 3104 2142 3142 omnes
2188 3090 2365 3158 angeli
2400 3090 2538 3158 ejus.
2588 3089 2796 3147 Montes
2826 3093 3125 3162 tripudient
3169 3108 3199 3146 a
3229 3102 3524 3161 conspectu

1956 3179 2466 3249 Domini,quoniant
2500 3186 2667 3247 venit,
2701 3184 2958 3251 quoniam
2991 3184 3139 3237 venit
3178 3183 3243 3236 ad
3278 3183 3526 3253 judican-

258 3273 366 3323 τοῦ
398 3312 413 3334 ,
458 3274 526 3324 τὰ
582 3275 681 3342 ὅρη
742 3275 1159 3341 ἀγαλλιάσονται
1207 3278 1313 3328 dmi
1377 3279 1669 3346 προσώπου
1726 3282 1842 3333 Κυ-

1948 3270 2075 3323 duin
2106 3282 2323 3324 terram.
2351 3272 2633 3327 Judicabit
2664 3284 2862 3328 terram
2897 3276 2949 3326 in
2986 3275 3223 3344 justitia,
3261 3283 3315 3328 ct
3342 3290 3522 3343 popu-

261 3365 433 3432 ρίου,
483 3367 565 3417 ὅτι
621 3366 841 3433 ἔρχεται
868 3403 883 3428 ,
946 3366 1028 3418 ὃτι
1072 3368 1294 3435 ἔρχεται
1360 3372 1542 3439 κρῖναι
1582 3372 1681 3440 τὴν
1718 3373 1840 3440 γῆν·

258 3459 454 3521 κρινεῖ
487 3456 590 3525 τὴν
620 3458 949 3526 οἰκουμένην
993 3460 1051 3510 ὲν
1083 3459 1422 3529 δικαιοσύνῃ,
1453 3462 1548 3513 καὶ
1588 3463 1749 3523 λαοὺς
1786 3463 1845 3514 ὲν

254 3545 553 3614 εὐθύτητι.
605 3565 624 3596 ι
676 3546 875 3597 Σκόπει
929 3547 1251 3615 συμφωνίαν
1291 3551 1584 3617 προφητῶν
1616 3550 1710 3603 καὶ
1750 3552 1849 3617 ἁγ-

254 3634 467 3699 γ.λων.
502 3636 718 3704 Ὠσπερ
744 3653 793 3687 τι
824 3636 983 3703 μέλος
1014 3638 1270 3705 μουσικὸν
1303 3638 1621 3707 ἐναρμόνιον
1651 3635 1800 3692 εἶπεν
1821 3642 1849 3692 ὁ

257 3728 602 3795 Προφήτης,
642 3744 660 3776 ‹
696 3726 1182 3795 Εὑφραινέσθωσαν
1208 3730 1257 3780 οἰ
1285 3730 1500 3799 οὐρανοὶ
1524 3746 1535 3758 ·
1572 3749 1590 3781 ι
1622 3728 1772 3783 εἷπον
1801 3734 1849 3784 oi

248 3820 517 3886 ἄγγελοι,
558 3838 578 3870 ‹
610 3820 745 3883 Δόξα
768 3822 823 3871 ἐν
842 3821 1080 3888 ὑψίστοις
1099 3821 1234 3889 Θεῷ.
1264 3839 1283 3872 ›
1311 3819 1475 3877 Εἶπεν
1493 3824 1521 3875 ὁ
1538 3824 1849 3893 Προφήτηὲν

251 3930 272 3961 ι
310 3912 438 3963 Καὶ
470 3911 864 3980 ἁγαλλιάσθωὴ
896 3915 988 3980 γῆ·
1022 3931 1039 3963 ι
1072 3910 1224 3965 εἷπον
1252 3914 1300 3965 οἱ
1324 3912 1563 3981 ἄγγελοι,
1593 3933 1611 3964 ι
1635 3916 1742 3967 Καὶ
1762 3915 1853 3967 ἐπὶ

244 4001 360 4068 γῆς
382 4002 609 4070 εἰρήνη,
629 4002 685 4052 ἑν
707 4000 1012 4070 ἀνθρώποις
1044 4003 1276 4055 εὐδοκία.
1309 4021 1326 4053 ι
1362 4003 1583 4073 Ὅμοιον
1598 4006 1653 4056 δὲ
1684 4004 1853 4075 τούτῳ

238 4093 376 4140 ἐστὶ
415 4090 500 4153 τὸ,
536 4108 554 4140 ι
581 4090 929 4158 Ἀνήγγειλαν
956 4095 1003 4145 oi
1027 4095 1242 4161 oSpavoi
1266 4095 1363 4163 τὴν
1387 4095 1729 4165 δικαιοσύνην
1754 4097 1853 4147 αὐ-

238 4180 372 4243 τοὶ,
436 4184 533 4231 καὶ
571 4180 786 4231 εῖδοσαν
840 4181 1041 4243 πάντες
1078 4185 1124 4235 οἱ
1156 4184 1270 4235 λαοὶ
1302 4186 1399 4253 τὴν
1424 4185 1576 4248 δόξαν
1611 4186 1793 4238 αὐτοῦ.
1830 4204 1849 4236 ι

237 4272 367 4322 Καὶ
422 4271 457 4318 ὁ
506 4272 608 4338 μὲν
658 4270 892 4340 Μωῡσῆς
939 4270 1114 4336 εἶπεν,
1155 4293 1171 4325 ι
1213 4275 1585 4344 Εὐφράνθητε,
1613 4277 1854 4345 οὐρανοὶ,

234 4360 371 4427 ἅμα
405 4360 593 4427 αὐτῷ,
624 4363 1040 4431 προσκυνήσατε
1070 4364 1235 4432 αὐτῷ,
1283 4367 1479 4427 πάντες
1513 4367 1732 4433 ἄγγελοι
1758 4369 1856 4419 αὖ·-

230 4454 339 4500 toi:
370 4465 387 4477 ο
428 4467 453 4497 ι
500 4452 527 4501 ὁ
577 4450 635 4501 δὲ
689 4452 850 4502 Δαὸὶδ
880 4452 1099 4516 οὑτωσὶ,
1152 4472 1169 4503 ‹
1220 4456 1637 4523 Προσκυνὴσατε
1687 4456 1856 4527 αὐτῷ,

230 4544 477 4601 πάντες
503 4541 728 4606 ἄγγελοι
751 4541 940 4606 αὑτοῦ,
960 4558 981 4593 ι
1010 4544 1203 4606 οἵτινες
1224 4544 1649 4611 προσκυνοῦντες
1675 4545 1857 4612 ἔλεγον

224 4632 319 4695 τὸ,
356 4631 567 4699 »θΔόξα
583 4633 641 4683 ἐν
666 4632 906 4699 ὑψίστοις
937 4633 1071 4701 Θεῷ.
1100 4652 1116 4683 ι
1136 4634 1200 4686 Τί
1221 4634 1469 4702 βούλεται
1500 4634 1528 4685 ὀ
1565 4635 1859 4687 ἁναὸιπλα-

224 4724 536 4789 σεισμὸς,
566 4722 651 4783 τὸ,
688 4741 706 4773 ι
740 4724 862 4776 ’Ότι
900 4724 1140 4792 ἔρχεται,
1179 4728 1260 4777 ὅτι
1287 4726 1499 4794 ἔρχεται
1530 4729 1710 4794 κρῖναι
1758 4728 1858 4797 τὴν

220 4817 345 4883 γῆν
376 4832 394 4879 ;
441 4832 465 4863 ι
507 4814 678 4864 υὺδὲν
703 4813 829 4866 ἄλλο
859 4815 987 4883 ἢὸτι
1016 4815 1075 4866 τὸ
1114 4817 1212 4883 μὲν
1245 4818 1461 4885 πρῶτον
1488 4820 1662 4870 εἰπεῖν
1685 4818 1856 4880 οὕτως

224 4908 485 4967 ἁπλῶς,
509 4905 667 4955 ι”Οτι
716 4905 954 4975 ἔρχεται,
983 4924 1003 4957 ι
1040 4907 1274 4976 ἐδήλωσε
1293 4907 1392 4976 τὴν
1422 4909 1501 4971 εἰς
1540 4908 1630 4960 τὸν
1653 4908 1855 4975 κόσμον

219 4998 327 5051 τοῦ
370 4997 659 5065 Σωτῆρος
691 4997 923 5062 ἕλευσιν,
954 4998 1075 5066 ἥτις
1109 5000 1208 5050 οὐκ
1233 4995 1300 5069 ἦν
1332 5000 1466 5067 μετὰ
1502 5000 1597 5067 τῆς
1632 5000 1840 5060 οἰκείας

217 5087 437 5148 ἀξίας,
492 5084 602 5134 ἀλλ
635 5085 693 5134 ὲν
724 5084 933 5135 εὐτελεῖ
956 5087 1053 5136 καὶ
1080 5086 1319 5154 ταπεινῷ
1348 5084 1425 5152 τῷ
1454 5086 1714 5152 σχήματι.
1744 5086 1853 5137 Καὶ

217 5174 570 5245 συμφωνεῖ
600 5172 679 5239 τῷ
709 5173 899 5243 Κυρίῳ
938 5174 1177 5241 λέγοντι,
1222 5195 1239 5226 ι
1284 5174 1425 5241 Ἐγὼ
1454 5175 1553 5226 οὐκ
1580 5170 1740 5243 ἦλθον
1769 5176 1851 5226 ἵνα

212 5270 418 5337 κρίνω
452 5264 569 5315 τὸν
599 5264 829 5329 κόσμον,
850 5264 963 5315 ἀλλ’
993 5265 1079 5317 ἵνα
1112 5267 1269 5317 σώσω
1298 5267 1386 5316 τὸν
1414 5265 1617 5331 κόσμον
1647 5282 1659 5293 ·
1706 5284 1723 5315 ε
1764 5264 1850 5332 Τῷ

208 5362 272 5412 δε
306 5358 598 5418 εἰπεῖν,‹
623 5355 745 5406 Ὀτι
768 5354 988 5424 ἔρχεται
1019 5357 1197 5423 κρῖναι
1222 5354 1320 5423 τὴν
1341 5357 1462 5423 γῆν,
1496 5374 1513 5406 ι
1559 5355 1724 5419 ἔδειξε
1758 5354 1852 5423 τὴν

209 5456 301 5513 εἰς
341 5452 463 5502 τὸν
533 5446 750 5513 κόσμον
796 5447 1053 5514 δευτέραν
1106 5446 1197 5497 τοῦ
1249 5446 1487 5515 Χριστοῦ
1527 5446 1849 5515 παρουσίαν.

208 5541 364 5595 Τότε
401 5538 529 5591 καὶ
579 5534 692 5602 γὰρ
748 5535 935 5602 μέλλει
966 5537 1149 5604 κρῖναι
1182 5538 1280 5604 τὴν
1312 5537 1435 5605 γῆν.
1470 5539 1755 5604 Συμφωνεῖ
1796 5538 1851 5588 δὲ

207 5632 359 5683 αὐτὸ
410 5624 515 5694 τῷ
557 5622 657 5673 τοῦ
694 5623 902 5689 Κυρίου
940 5624 1089 5692 ῥητῷ
1127 5624 1361 5691 λέγοντι,
1404 5642 1421 5675 ι
1470 5626 1637 5677 Ὂταν
1667 5625 1796 5697 ἔλθῃ
1825 5629 1851 5679 ὁ

290 5814 343 5845 ³⁵
379 5805 571 5865 Psal.
616 5818 736 5867 xcv,
796 5820 915 5859 xcvi
976 5815 1029 5860 et
1088 5822 1247 5860 xcvu.
1329 5808 1552 5861 “Joan.
1596 5808 1802 5871 “1,47.

1946 3362 2028 3415 los
2056 3362 2108 3415 in
2131 3364 2384 3431 mquitate
2404 3365 2466 3417 ³⁸.
2501 3384 2519 3416 ι
2549 3365 2801 3432 Respice,
2823 3380 3026 3433 quaeso,
3047 3365 3440 3434 prephetarum
3471 3374 3527 3419 et

1946 3452 2266 3520 angelorum
2336 3454 2787 3519 consonantiam,
2832 3454 3061 3509 carmini
3120 3455 3331 3508 musico
3385 3454 3526 3507 bene

1946 3544 2301 3598 concordanti
2348 3544 2606 3599 similem.
2663 3545 2938 3615 Propheta
2961 3545 3107 3598 enim
3146 3544 3323 3599 dicit:
3356 3564 3373 3596 4
3409 3544 3528 3599 La:-

1950 3642 2132 3687 tentur
2170 3635 2326 3698 coeli;
2365 3653 2382 3685 ι
2414 3645 2469 3689 et
2520 3637 2697 3704 angeli
2739 3646 2965 3698 canunt,
3012 3653 3032 3687 ι
3088 3636 3273 3692 Gloria
3327 3637 3440 3691 Deo
3470 3638 3529 3693 in

1952 3722 2204 3776 excelsis.
2242 3741 2259 3774 ι
2291 3723 2568 3793 Propheta
2608 3725 2763 3792 dicit,
2798 3744 2816 3777 ι
2869 3726 3123 3783 Exsultet
3169 3738 3350 3793 terra;
3391 3747 3409 3779 ι
3438 3744 3529 3783 ca-

1956 3824 2096 3866 nunt
2125 3815 2324 3883 angeli,
2362 3833 2379 3866 ι
2413 3815 2490 3870 Ae
2530 3817 2585 3871 in
2623 3824 2768 3871 terra
2796 3833 2920 3887 pax,
2952 3819 3004 3871 in
3038 3819 3353 3873 hominibus
3386 3820 3529 3873 bona

1955 3906 2224 3960 voluntas.
2260 3924 2277 3957 ι
2328 3906 2542 3971 Quibus
2584 3909 2747 3962 etiam
2801 3908 2907 3962 hoc
2955 3923 3066 3963 non
3101 3908 3366 3965 dissimile
3393 3920 3474 3965 est
3512 3929 3527 3965 :

1962 4016 1979 4048 ι
2014 3997 2497 4052 Annuntiavcrunt
2527 3999 2649 4053 cadi
2680 3999 3177 4069 justitiam'ipsius,
3200 4010 3254 4054 et
3274 4001 3531 4058 videiuut

1958 4102 2147 4142 omnes
2176 4086 2361 4157 pepuli
2393 4086 2620 4156 gloriam
2652 4089 2793 4157 ejus.
2818 4107 2837 4139 ι
2870 4087 3013 4154 Quin
3042 4098 3099 4143 et
3134 4090 3314 4145 Moses
3347 4092 3484 4145 dixit
3513 4107 3528 4143 :

1964 4200 1981 4232 ι
2017 4180 2293 4234 Exsultate
2318 4194 2441 4233 cum
2476 4196 2563 4245 eo,
2607 4182 2754 4246 cmli,
2783 4182 3009 4238 adorate
3036 4199 3186 4251 eum,
3214 4200 3407 4241 omnes
3435 4202 3533 4241 an-

1958 4271 2062 4340 geli
2089 4272 2237 4340 ejus;
2288 4290 2305 4321 ι
2342 4270 2508 4325 David
2542 4274 2672 4326 vero
2698 4272 2779 4326 sic
2812 4291 2826 4324 :
2890 4292 2908 4324 ‹
2935 4274 3169 4329 Adorate
3223 4292 3373 4341 eum,
3433 4295 3535 4332 an-

1958 4361 2059 4430 geli
2085 4362 2232 4429 ejus;
2262 4378 2279 4411 »
2315 4361 2410 4429 qui
2439 4362 2696 4430 equidem
2715 4362 3011 4420 adorantes
3034 4366 3316 4431 dixerunt,
3354 4387 3371 4419 ε
3405 4369 3533 4423 Glo-

1961 4449 2040 4501 ria
2070 4449 2183 4503 Deo
2216 4452 2267 4502 in
2299 4451 2548 4505 excelsis.
2583 4471 2599 4502 ι
2659 4453 2776 4518 Qua
2830 4454 2899 4508 de
2952 4470 3115 4509 causa
3164 4468 3347 4511 autem
3391 4459 3533 4514 hanc

1964 4539 2341 4609 repetitionem
2400 4541 2667 4611 adjectam
2726 4556 2907 4612 putas,
2957 4564 2975 4595 ι
3030 4546 3299 4611 Quoniam
3340 4553 3485 4604 venit
3515 4592 3531 4617 ,

1963 4634 2221 4701 quoniam
2250 4634 2401 4687 venit
2438 4635 2504 4688 ad
2536 4635 2898 4705 judicandum
2928 4640 3175 4692 terram?
3210 4658 3227 4692 ι
3266 4641 3383 4695 Non
3414 4644 3534 4711 qui-

1960 4722 2082 4775 dem
2116 4722 2219 4775 alia
2251 4720 2318 4775 de
2346 4737 2534 4788 causa,
2557 4739 2718 4792 quam
2754 4728 2898 4793 quod
2934 4728 3170 4795 primum
3197 4729 3327 4784 illud
3364 4747 3534 4785 meni-

1960 4811 2141 4877 brum,
2176 4814 2232 4867 in
2274 4828 2385 4882 quo
2436 4815 2759 4883 simpliciter
2800 4818 3025 4885 dicitur,
3064 4838 3083 4871 ‹
3120 4820 3389 4885 Quoniam
3441 4839 3534 4875 vc-

1958 4903 2062 4966 nit,
2102 4921 2120 4954 ι
2170 4904 2406 4973 primum
2462 4904 2759 4961 Salvatoris
2816 4910 3112 4964 adventum
3166 4911 3222 4965 in
3269 4915 3533 4968 mundum

1958 4992 2201 5055 denotat,
2231 5008 2339 5060 quo
2387 5008 2493 5048 non
2548 4996 2602 5049 in
2658 5002 2876 5066 propria
2903 5015 3001 5054 sua
3047 5003 3329 5071 majestate
3357 5006 3531 5067 venit,

1962 5085 2055 5135 sed
2082 5084 2270 5136 humili
2330 5088 2563 5153 quadam
2613 5091 2795 5156 specie
2826 5102 2882 5145 et
2908 5100 3243 5162 contempta.
3290 5094 3530 5148 Consen-

1962 5176 2025 5227 tit
2058 5176 2204 5227 enim
2251 5190 2376 5229 cum
2410 5178 2598 5234 verbis
2632 5181 2845 5235 Domini
2892 5183 3129 5238 dicentis
3159 5202 3171 5238 :
3216 5204 3233 5236 ι
3290 5187 3409 5240 Non
3443 5204 3534 5240 vc-

1961 5265 2015 5316 ni
2045 5274 2101 5317 ut
2123 5265 2365 5334 judicetn
2388 5268 2675 5332 mundum,
2695 5271 2789 5323 sed
2828 5281 2885 5324 ut
2920 5275 3184 5327 mundum
3208 5278 3408 5330 salvom
3430 5278 3491 5330 ³⁸.
3510 5299 3527 5329 ›

1960 5356 2112 5421 Quod
2167 5372 2296 5411 vero
2341 5358 2485 5413 idem
2524 5372 2779 5428 repetens
2836 5363 2989 5430 dicit,
3028 5380 3047 5416 ι
3086 5367 3353 5432 Quoniam
3388 5370 3529 5423 venit

1959 5445 2401 5515 adjudicandum
2438 5458 2693 5515 terram,»
2728 5453 3012 5511 denOtavit
3035 5458 3332 5513 secundam
3365 5461 3529 5515 Chri-

1958 5535 2026 5587 sti
2060 5535 2112 5587 in
2141 5536 2345 5590 mundo
2367 5541 2733 5606 praisentiam.
2753 5542 2907 5598 Tunc
2935 5547 3081 5600 enim
3114 5548 3530 5617 venietjudica-

1962 5635 2114 5682 turus
2156 5638 2377 5686 terram.
2411 5633 2565 5697 Quod
2602 5634 2746 5691 idem
2775 5652 2899 5694 cum
2933 5640 3151 5698 Domini
3176 5644 3364 5706 verbis
3394 5659 3529 5699 con-
