4204 6444
746 378 853 439 ἐῖἷῖ

1924 375 2245 435 JOANNIS
2285 370 2813 433 CANTACUZENI

3879 364 3992 428 424

747 489 913 540 sentit
946 508 954 537 :
988 506 1003 533 ι
1036 484 1170 539 Cum
1204 486 1417 539 venerit
1448 483 1617 538 Filius
1650 480 1885 537 hominis
1916 482 1967 536 in
2001 482 2170 552 gloria
2197 497 2315 544 sua,

2438 481 2549 541 m;
2587 479 2681 531 τοῦ
2716 479 3003 548 ἀνθρώπου
3035 478 3090 529 ὲν
3127 479 3187 545 τῇ
3225 478 3347 547 δόξῃ
3382 474 3566 541 αύτοῦ,
3598 476 3688 525 καὶ
3719 476 3913 535 πάντες
3946 478 3991 527 ml

747 588 805 630 et
840 590 1025 629 (mutes
1056 576 1229 629 sam-ti
1261 575 1436 644 angeli
1482 588 1605 628 cum
1632 588 1721 635 eo,
1751 582 1878 626 tunc
1906 570 2121 625 sedebit
2148 584 2323 639 super

746 670 935 720 sedent
972 667 1160 736 gloria:
1214 681 1347 728 suat,
1397 671 1453 718 et
1494 662 1979 733 congregabuntur
2034 676 2214 714 coram
2259 675 2325 712 eo

749 774 944 812 omnes
972 767 1179 827 gentes,
1200 766 1250 809 et
1275 755 1551 824 separabit
1579 770 1673 809 eos
1696 754 1837 807 sicut
1868 764 2113 821 segregat
2138 762 2325 821 pastor

754 862 885 899 oves
917 846 982 898 ab
1021 845 1222 909 ha'dis;
1273 852 1329 899 et
1359 852 1563 898 statuet
1612 858 1741 897 oves
1780 842 1999 911 quidem
2052 858 2080 894 a
2117 841 2325 894 dextris

758 938 894 996 suis,
928 934 1111 987 lia-dos
1138 949 1267 987 vero
1301 949 1329 985 a
1366 933 1624 1006 sinistris,
1652 941 1706 985 et
1735 931 1886 984 dabit
1919 931 2146 998 singulis
2176 928 2327 998 juxta

754 1040 916 1092 opera
962 1038 1057 1075 sua
1086 1024 1150 1089 ³⁷,
1188 1041 1205 1072 ›
1265 1023 1348 1074 his
1393 1021 1613 1089 quidem
1667 1021 1759 1088 qui
1805 1018 2081 1089 Evangelii
2116 1018 2327 1087 legibus

752 1117 1088 1183 iinmorigeri
1126 1114 1331 1195 sqelera
1366 1113 1781 1176 commiserunt,
1811 1121 2024 1181 pmnam
2051 1126 2325 1178 nunquam

756 1207 1084 1268 ﬁniendam;
1122 1206 1229 1258 illis
1279 1221 1410 1258 vero
1458 1204 1550 1273 qui
1582 1205 1704 1257 vitta
1738 1220 1937 1257 munus
1971 1205 2123 1272 juxta
2151 1202 2329 1254 Evan-

753 1294 876 1359 gelii
932 1294 1172 1361 regulam
1220 1293 1363 1361 juste
1397 1290 1939 1353 administravcrunt,
1973 1290 2138 1341 vitam
2167 1300 2327 1341 aeter-

756 1396 899 1444 nam,
952 1379 1285 1448 paradisum,
1340 1389 1394 1433 ct
1452 1381 1590 1430 bona
1646 1377 1953 1431 indeﬁnita.
1993 1376 2069 1429 En
2121 1386 2323 1443 quanta

752 1472 1145 1524 sententiarum
1204 1470 1358 1536 copia
1415 1471 1467 1522 in
1513 1468 1697 1537 paucis
1740 1468 1922 1520 verbis
1967 1466 2327 1534 l.iteat?qu:e

755 1570 926 1623 instar
960 1575 1139 1613 aurea:
1170 1568 1376 1613 eatena:
1420 1560 1564 1613 inter
1596 1575 1653 1613 se
1706 1574 1967 1612 connexa:
1993 1567 2139 1622 sunt,
2170 1558 2329 1625 cujus

752 1656 1024 1708 connexio
1058 1653 1124 1707 ad
1166 1653 1363 1707 cadum
1405 1667 1575 1721 usque
1617 1652 1897 1721 pertingit,
1938 1661 1994 1704 et
2033 1652 2220 1703 annuli
2264 1667 2331 1702 ex

755 1762 875 1799 sese
909 1755 1096 1798 mutuo
1121 1744 1453 1813 dependent.
1483 1742 1629 1797 Talis
1667 1743 1813 1796 enim
1851 1742 1985 1795 mihi
2022 1743 2204 1795 omnis
2244 1757 2331 1795 sa-

754 1852 845 1888 era
900 1836 1181 1903 Scriptura
1230 1833 1468 1888 videtur.
1526 1833 1730 1888 Omnes
1776 1848 1972 1903 nempe
2024 1833 2326 1902 prophetzn,

753 1931 847 1998 qui
895 1930 962 1983 ab
1017 1928 1245 1985 Abrahae
1301 1937 1355 1983 et
1408 1928 1571 1983 .‘llosis
1632 1929 1973 1997 temporibus
2032 1942 2203 1997 usque
2261 1928 2328 1981 ad

707 2066 719 2075 .
753 2025 1025 2077 Christum
1047 2022 1372 2086 ﬂoruerunt,
1397 2021 1585 2075 eadem
1606 2030 1875 2089 spectant,
1900 2020 2089 2074 eadem
2115 2019 2326 2086 dicunt,

750 2114 941 2165 cadem
976 2110 1245 2176 scribunt,
1266 2125 1562 2177 omnesque
1592 2124 1691 2163 ceu
1724 2124 1829 2162 uno
1884 2124 1978 2162 ore
2014 2108 2081 2162 de
2111 2107 2328 2163 Christo

752 2202 941 2257 eadem
992 2200 1379 2254 vaticinantur.
1439 2199 1504 2253 Et
1574 2199 1687 2251 hate
1761 2197 1980 2267 quidem
2038 2198 2324 2252 hactenus.

828 2294 917 2347 18.
978 2294 1035 2347 In
1080 2295 1194 2363 ipsa
1230 2309 1363 2346 vero
1412 2291 1612 2345 Christi
1659 2290 2038 2360 generatione,
2090 2289 2325 2344 Persica:

761 2386 1001 2455 regionis
1043 2385 1178 2450 Magi
1226 2382 1538 2436 divinarum
1574 2398 1755 2435 rerum
1803 2384 1999 2451 peritia
2033 2392 2088 2437 et
2121 2382 2328 2436 revela-

761 2478 933 2539 tione,
976 2476 1143 2529 Deum
1175 2484 1231 2529 et
1257 2474 1535 2528 hominem
1573 2484 1771 2543 praeter
1811 2484 2019 2528 natura:
2046 2474 2194 2544 leges
2228 2490 2325 2529 na-

760 2577 874 2618 tum
923 2581 1041 2618 esse
1094 2574 1493 2633 cognoverunt.
1547 2564 1684 2632 Magi
1737 2578 1869 2618 vero
1921 2578 2029 2617 non
2078 2564 2328 2632 vulgares

760 2664 918 2709 erant
951 2656 1222 2718 homines,
1258 2654 1352 2708 scd
1384 2655 1756 2708 dominatores
1782 2664 1835 2708 et
1870 2655 2156 2723 regionum
2186 2670 2327 2723 pra:-

761 2749 929 2801 sides.
965 2747 1027 2800 lli
1059 2748 1246 2814 itaque
1284 2760 1409 2798 cum
1454 2745 1616 2815 hujus
1647 2746 1723 2798 rei
1758 2747 2009 2798 notitiam
2047 2747 2329 2815 percepis-

762 2847 905 2901 scnt,
936 2836 1245 2891 deliberare
1277 2838 1420 2890 inter
1457 2852 1514 2889 se
1542 2848 1853 2905 curpcrunt,
1882 2852 2115 2906 quanam
2144 2838 2228 2891 via
2259 2837 2328 2891 ad

766 2945 949 2997 regem
1010 2927 1173 2980 modo
1224 2936 1411 2980 natum
1446 2927 1758 2995 pervenire,
1798 2928 1986 2996 illique
2017 2928 2157 2981 dona
2210 2944 2331 2995 ros-

765 3031 889 3073 sent
918 3018 1143 3073 eﬂerre.
1178 3018 1305 3074 ΙΙωο
1353 3034 1484 3072 vero
1523 3017 1635 3073 illis
1668 3019 2058 3073 meditantibus
2078 3030 2131 3074 et
2166 3020 2326 3072 dnhi-

2428 570 2573 635 ἆγιοι
2604 569 2827 635 ἄγγελοι
2873 569 2988 636 μετ’
3025 566 3212 629 αὑτοῦ,
3249 567 3368 618 τότε
3410 565 3624 618 καθίσει
3664 564 3753 615 ἐπὶ
3797 564 3993 631 Θρόνου

2424 660 2584 725 δόξης
2618 658 2806 717 αὐτοῦ,
2858 659 2951 709 καὶ
2999 655 3430 725 συναχθήσονται
3472 654 3780 723 ἔμπροσθεν
3822 651 3993 704 αὐτοῦ

2426 752 2601 802 πάντα
2630 751 2698 801 τά
2728 750 2889 815 ἑΟνη,
2930 748 3026 801 καὶ
3062 750 3276 815 ἀφοριεῖ
3304 745 3497 807 αὐτοὺς
3530 745 3717 812 ὥσπερ
3745 747 3770 796 ὁ
3793 744 3996 811 ποημὴν

2426 843 2676 913 ἀιερρίζει
2724 843 2791 893 τὰ
2821 841 3067 909 πρόϐατα
3104 841 3209 892 ἀπὸ
3250 839 3358 891 τῶν
3398 840 3623 905 ἐρίφων,
3664 840 3754 889 καὶ
3803 838 3994 904 στήσει

2426 935 2493 987 τὰ
2530 934 2629 1002 μὲν
2677 932 2925 1002 πρόϐατα
2964 931 3028 982 ἐκ
3071 929 3261 993 δεξιῶν
3296 928 3484 989 αὐτοῦ,
3513 930 3580 980 τά
3610 928 3664 979 δὲ
3704 928 3889 995 ἐρίφια
3940 926 3996 989 ἐξ

2428 1022 2742 1090 εὐωνύμων,
2780 1022 2873 1071 καὶ
2923 1020 3193 1072 ἀποδώσει
3243 1021 3377 1071 πᾶσι
3407 1018 3547 1071 κατά
3598 1017 3666 1069 τὰ
3705 1018 3845 1084 ἔργα
3891 1018 3997 1067 αύ-

2428 1113 2566 1164 τῶν·
2615 1130 2631 1162 t
2671 1112 2835 1179 ’ἤγουν
2867 1113 2975 1172 τοῖς
3011 1111 3106 1179 μὲν
3138 1112 3352 1162 ἐναντία
3392 1110 3485 1162 τοῦ
3522 1109 3853 1174 Εύαγγελίου
3902 1110 3997 1159 καὶ

2432 1202 2615 1262 κακῶς
2651 1204 2889 1271 πράξασι
2937 1203 3158 1255 κόλασιν
3189 1202 3565 1269 ἀτελεύτητον,
3602 1204 3712 1261 τοῖς
3749 1202 3806 1253 δὲ
3854 1201 3998 1251 κατὰ

2428 1294 2519 1345 τὸν
2552 1292 2906 1359 εὐαγγελικδν
2957 1293 3120 1361 νόμον
3152 1293 3245 1344 καὶ
3293 1292 3471 1355 καλῶς
3516 1291 3946 1359 πολιτευσαμέ·.ο
3972 1309 3999 1350 ς

2434 1384 2578 1453 ζωὴν
2615 1384 2853 1447 αἰώνιον,
2884 1384 3090 1438 καὶτὸν
3125 1384 3474 1453 παράδεισον,
3508 1384 3598 1436 καὶ
3640 1383 3819 1449 ἀγαθά
3849 1384 3999 1443 τέλες

2434 1478 2510 1547 μὴ
2544 1479 2757 1547 ἔχοντα.
2800 1472 2954 1540 Εἶδες
2981 1481 3037 1530 ὲν
3072 1480 3295 1548 βραχέσι
3342 1480 3552 1547 ῥήμασι
3591 1477 3751 1546 βάθος
3791 1477 4000 1543 νοημάο

2429 1586 2558 1634 των,
2602 1572 2693 1622 καὶ
2727 1568 2837 1622 οἷον
2867 1570 3055 1640 ῶσπερ
3085 1572 3294 1640 χρυσῆν
3334 1589 3454 1622 τινα
3486 1570 3698 1633 ἅλυσιν,
3735 1566 3796 1638 ἧς
3840 1572 3872 1637 ἡ
3909 1586 3997 1620 κε-

2433 1662 2577 1730 φαλὴ
2625 1664 2906 1729 ἀφικνεῖτο
2953 1664 3032 1725 si;
3083 1663 3172 1715 τὸν
3226 1663 3477 1731 οὐρανὸν,
3539 1661 3632 1713 καὶ
3682 1658 3761 1715 εἷς
3806 1662 4000 1730 κρίκος

2431 1752 2606 1821 εἴχετο
2655 1754 2747 1805 τοῦ
2801 1755 3024 1821 ἑτέρους
3076 1755 3219 1808 οὕτω
3273 1772 3362 1824 μοι
3403 1755 3510 1808 νόει
3546 1757 3640 1808 καὶ
3690 1758 3873 1807 πᾶσαν
3902 1757 3998 1823 τὴν

2433 1846 2585 1899 θείαν
2618 1845 2859 1916 Γραφήν.
2893 1846 3103 1910 Πάντες
3131 1847 3239 1918 γὰρ
3269 1846 3318 1899 οἱ
3351 1848 3628 1917 προφῆται
3666 1847 3772 1899 ἀπό
3808 1864 3871 1899 τε
3904 1845 3997 1898 τοῦ

2443 1937 2697 2007 Ἀϐραὰμ
2741 1939 2834 1991 καὶ
2886 1938 3132 2002 Μωσέως
3183 1938 3287 2001 ἕως
3311 1938 3403 1991 τοῦ
3458 1937 3696 2007 Χριστοῦ
3748 1936 3817 1989 τά
3862 1936 3999 1989 αὐτὰ

2429 2025 2567 2082 εἶδον
2594 2069 2607 2092 ,
2649 2028 2718 2081 τὰ
2764 2028 2901 2081 αύτά
2944 2028 3183 2095 λέγουσι,
3237 2031 3305 2083 τά
3363 2027 3503 2083 αύτά
3547 2030 3842 2096 γράφουσι,
3904 2028 3998 2079 καὶ

2428 2120 2627 2181 πάντες
2680 2119 2754 2181 ὠς
2817 2119 2876 2183 ἐξ
2932 2120 3049 2182 ἑνὸς
3105 2121 3372 2187 στόματος
3422 2120 3489 2171 τά
3543 2119 3679 2171 αύτά
3723 2119 3853 2186 περὶ
3903 2116 3997 2168 τοῦ

2434 2208 2672 2279 Χριστοῦ
2710 2212 3133 2280 προφητεύουσι.
3167 2212 3275 2263 Καὶ
3306 2209 3477 2263 ταῦτα
3520 2211 3616 2277 μὲν
3656 2210 3849 2271 οὕτως.

2501 2300 2596 2371 ιη’.
2649 2303 2736 2355 Ἐν
2770 2303 2825 2355 δὲ
2850 2304 2915 2372 τῇ
2941 2301 3035 2355 τοῦ
3067 2282 3305 2371 Χριστοῦ
3335 2303 3585 2371 γεννήσει
3624 2303 3689 2353 ἐκ
3721 2301 3817 2367 τῆς
3851 2300 3997 2368 Περ⁹

2429 2390 2571 2452 σίδος
2596 2389 2781 2459 χώρας
2812 2390 2987 2458 Μάγοι
3027 2375 3089 2443 ἐκ
3117 2389 3265 2452 Θείας
3304 2388 3559 2456 γνώσεως
3586 2390 3676 2441 καὶ
3721 2387 3999 2441 ἀποκαλύ-

2426 2482 2571 2549 ψεως
2598 2480 2870 2547 ἔγνωσαν,
2929 2480 3182 2543 ὅτιθεὸς
3230 2482 3486 2548 γεννᾶται
3531 2482 3625 2532 καὶ
3655 2479 3792 2547 ὑπὲρ
3837 2480 3999 2545 eam

2430 2573 2736 2638 ἄνθρωπος.
2772 2573 2832 2625 Oi
2862 2572 2918 2625 δὲ
2963 2572 3147 2638 Μάγοι
3178 2572 3275 2623 οὐκ
3305 2567 3444 2640 ἦσαν
3473 2572 3519 2623 οί
3555 2571 3827 2638 τυχόντες,
3862 2569 4001 2622 ἀλλᾶ

2429 2664 2686 2717 αἰθένται
2714 2665 2809 2715 καὶ
2828 2663 3125 2730 τοπάρχαι.
3156 2663 3380 2725 Γνόντες
3406 2662 3537 2731 γοῦν
3562 2665 3705 2730 άπερ
3727 2664 3998 2728 ἔγνωσαν,

2430 2754 2811 2821 ἀνελογίσαντο
2846 2754 2971 2806 καθ’
3011 2754 3262 2819 ἑαυτοὺς,
3297 2756 3446 2817 ὅπως
3474 2755 3717 2815 ἐλθόντες
3757 2769 4001 2820 προσκυ-

2428 2846 2631 2913 νήσωσι
2664 2844 2741 2911 τῷ
2790 2843 3024 2911 βασιλεῖ,
3072 2845 3168 2897 καὶ
3199 2845 3345 2913 δῶρα
3394 2844 3571 2913 τούτῳ
3618 2844 4000 2914 προσφέρωσι.

2429 2933 2613 2985 Ταῦτα
2646 2935 2701 2987 δὲ
2734 2934 2914 2986 αὐτῶν
2957 2934 3388 3003 ὲνθυμηθέντων,
3425 2934 3521 2987 καὶ
3559 2935 4002 3002 διαπορουμένων

2432 3027 2550 3086 πῶς
2583 3025 2648 3078 ἂν
2678 3025 2883 3095 τύχωσι
2925 3024 3020 3078 τοῦ
3057 3026 3273 3093 ἐφετοῦ,
3318 3026 3378 3090 ἐξ
3411 3027 3721 3095 ἀλλοδαπῆς
3769 3027 3865 3079 καὶ
3898 3028 4004 3093 γὰρ

768 3112 1011 3165 tantibus
1040 3112 1228 3176 simul,
1276 3127 1387 3180 quo
1421 3110 1583 3166 modo
1634 3112 1744 3166 voti
1780 3112 1861 3165 sui
1898 3120 2177 3180 compotes
2211 3110 2326 3163 red-

2438 3116 2611 3183 χώρας
2667 3115 2983 3183 ἐτύγχανον,
3036 3116 3130 3169 καὶ
3178 3118 3278 3170 οὐκ
3312 3112 3457 3188 εἶχον
3499 3118 3590 3169 τὸν
3636 3117 4002 3186 όδηγήσοντα,

766 3204 1036 3255 derentur
1087 3202 1430 3270 (alienigenae
1476 3202 1624 3255 enim
1663 3211 1714 3255 et
1766 3203 2067 3271 peregrina:
2098 3202 2331 3271 legionis

769 3290 959 3344 incola:
983 3306 1106 3342 cum
1136 3302 1336 3353 essent,
1358 3306 1464 3343 non
1488 3290 1761 3344 habebant
1783 3291 1944 3344 etiam
1968 3292 2066 3345 vite
2089 3292 2329 3358 ducem),

768 3395 953 3433 coram
988 3380 1120 3448 ipsis
1171 3380 1326 3435 stella
1360 3380 1636 3448 apparuit,
1675 3396 1798 3448 qute
1845 3381 2141 3450 przeeundo
2190 3382 2330 3434 viam

768 3472 1135 3525 desideratam
1184 3471 1351 3538 cmpit
1388 3470 1635 3525 indicare
1665 3480 1853 3525 noctes
1900 3472 2061 3525 simul
2094 3483 2149 3525 et
2193 3472 2329 3525 dies.

771 3565 991 3618 Stellam
1024 3563 1206 3631 itaque
1226 3577 1256 3616 a
1282 3562 1466 3615 Persia
1488 3562 1539 3614 in
1569 3561 1905 3615 Palaestinam
1944 3577 2113 3630 usque
2138 3561 2331 3627 secuti,

770 3669 893 3706 eum
940 3650 1367 3721 Hierosolymam
1400 3650 1799 3716 pervenissent,
1835 3652 1990 3705 stella
2024 3666 2143 3705 sese
2177 3667 2335 3705 occu-

773 3747 911 3806 luit;
967 3761 1072 3795 non
1107 3742 1254 3796 aliud
1288 3742 1547 3796 nimirum
1591 3743 1853 3796 innuente
1884 3742 2139 3808 Domino,
2171 3758 2334 3811 quam

774 3847 833 3888 ut
877 3836 1089 3889 itineris
1118 3835 1256 3887 duce
1288 3834 1560 3897 destituti,
1608 3834 1674 3887 de
1701 3833 1923 3887 Christo
1955 3832 2334 3902 loquerentur,

770 3937 827 3979 et
870 3926 948 3978 sie
978 3923 1237 3976 omnibus
1285 3923 1431 3977 illius
1464 3923 1719 3976 nativitas
1767 3922 2158 3977 innotesceret.
2199 3921 2336 3977 Cum

772 4016 918 4070 enim
938 4016 1092 4069 stella
1120 4029 1148 4066 a
1178 4015 1348 4083 magis
1376 4016 1456 4082 (ut
1476 4014 1684 4067 dictum
1715 4014 1820 4081 est)
1842 4012 2223 4082 disparuisset,
2252 4015 2338 4068 in-

778 4118 1231 4176 terrogaverunt:
1274 4104 1407 4159 «Ubi
1440 4114 1523 4160 est
1563 4106 1656 4175 qui
1688 4116 1771 4160 est
1812 4116 1972 4161 natus
2005 4122 2096 4159 rex
2121 4106 2339 4161 λιιι]ωο-

776 4198 944 4250 rum?
989 4197 1224 4249 vidimus
1265 4196 1411 4249 enim
1463 4196 1676 4249 stellam
1716 4195 1887 4263 ipsius
1918 4195 1972 4248 in
2006 4194 2250 4261 Oriente,
2285 4205 2340 4248 et

777 4288 1027 4341 venimus
1061 4296 1121 4340 nt
1160 4288 1455 4341 adoremus
1498 4287 1671 4349 illum,
1702 4287 1800 4339 llis
1832 4287 2058 4350 auditis,
2086 4288 2179 4356 qui
2214 4296 2341 4341 tunc

2434 3204 2604 3275 ὲιράνη
2638 3204 2949 3273 ἔμπροσθεν
2995 3206 3176 3259 αὐτῶν
3203 3208 3397 3277 ἀστὴρ,
3423 3210 3518 3262 καὶ
3548 3209 3748 3277 ἤρξατο
3782 3208 4005 3275 ὁδηγεῖν

2433 3296 2629 3357 αὐτοὺς
2658 3295 2828 3349 νύκτα
2876 3312 2936 3348 τε
2973 3296 3068 3348 καὶ
3102 3296 3337 3365 ἡμέραν.
3390 3297 3785 3366 Ἦκολούθησαν
3820 3299 4007 3348 τοίνυν

2431 3380 2509 3450 τῷ
2559 3382 2750 3450 ἀστέρι
2809 3382 2916 3435 ἀπὸ
2972 3383 3231 3452 Περσίδος
3264 3382 3427 3454 μέχρι
3478 3385 3577 3452 τῆς
3614 3384 4002 3452 Παλαιστίνης.

2433 3472 2546 3524 Καὶ
2579 3472 2841 3525 ἐλθόντων
2866 3474 2945 3536 είς
2985 3472 3358 3542 Ἰεροσόλυμα,
3392 3473 3598 3543 ἐκρύϐη
3643 3473 3736 3527 ἀπ’
3764 3474 3946 3526 αὐτῶν
3979 3477 4007 3527 ό

2433 3564 2625 3634 ἀστήρ.
2650 3563 2714 3615 Τί
2754 3564 3038 3633 δηλοῦντος
3063 3565 3155 3616 τοῦ
3192 3566 3540 3633 πράγματος;
3579 3566 3719 3630 Ἵνα,
3752 3563 3825 3633 μὴ
3857 3565 4010 3634 ἔχον-

2433 3672 2524 3717 τες
2554 3656 2645 3707 τὸν
2677 3655 2973 3725 όδηγοῦντα
3002 3655 3207 3723 αὐτοῖς,
3256 3656 3530 3726 λαλήσωσι
3573 3657 3703 3721 περὶ
3732 3655 3826 3707 τοῦ
3872 3656 4011 3721 Χρι-

2438 3745 2590 3809 στοῦ,
2625 3746 2721 3799 καὶ
2766 3748 2878 3809 τοῖς
2918 3748 3053 3799 πᾶσι
3104 3747 3407 3817 κατάδηλος
3458 3750 3684 3815 γένηται
3730 3749 3764 3814 ἡ
3808 3749 4008 3800 τούτου

2437 3835 2709 3905 γέννησις.
2771 3836 2858 3898 Ὠς
2915 3836 3047 3903 γοῦν
3098 3838 3309 3905 ἀπέστη
3342 3838 3449 3891 ἀπὸ
3494 3838 3601 3891 τῶν
3646 3840 3874 3903 Μάγων,
3928 3840 4011 3902 ὡς

2444 3927 2677 3995 εἴρηται,
2697 3928 2724 3980 ὁ
2744 3926 2938 3995 ἀστὴρ,
2966 3928 3182 3996 ἤροντο,
3221 3948 3238 3980 ι
3270 3929 3377 3982 Ποῦ
3402 3931 3549 3983 ἐστιν
3572 3932 3601 3983 ό
3625 3932 3833 4002 τεχθεὶς
3855 3933 4014 4002 βασι-

2438 4017 2563 4079 λεὺς
2592 4015 2700 4068 τῶν
2750 4016 3053 4082 Ἰουδαίωνς
3090 4018 3316 4087 Εἱδομεν
3347 4019 3455 4089 γὰρ
3482 4020 3645 4073 αὑτοῦ
3679 4022 3769 4072 τὸν
3795 4024 4013 4091 ἀστέρα

2438 4106 2496 4158 ὲν
2544 4106 2612 4176 τῇ
2662 4106 2918 4174 ἀνατολῇ,
2982 4108 3074 4158 καὶ
3146 4107 3378 4175 ἤλθομεν
3423 4108 3795 4179 προσκυνῆσαι
3830 4112 4009 4179 αὐτῷ.

2442 4193 2614 4247 Τοῦτο
2643 4194 2884 4254 ἀκούσας
2914 4195 2941 4246 ὁ
2966 4195 3083 4247 τότε
3115 4195 3369 4265 βασιλεὺς
3404 4197 3669 4267 Ἡρώδης,
3700 4200 4010 4269 ἐταράχθη,

2442 4286 2535 4338 καὶ
2578 4287 2726 4337 πᾶσα
2767 4284 3109 4354 Ἰεροσόλυμα
3162 4286 3282 4354 μετ’
3309 4287 3497 4342 αὐτοῦ.
3539 4290 3648 4340 Καὶ
3683 4292 4015 4359 συναγαγὼν

778 4382 1061 4449 regnabat,
1096 4378 1339 4433 llerodes
1376 4379 1736 4447 perturbatus
1782 4387 1886 4442 est,
1919 4389 1975 4433 et
2010 4388 2117 4432 tota
2150 4380 2327 4432 lliere—

2446 4374 2653 4435 πάντας
2692 4374 2817 4433 τοῦς
2865 4376 3141 4444 ἀρχιερεῖς
3175 4375 3266 4427 καὶ
3312 4379 3662 4445 γραμματεῖς
3709 4377 3802 4431 τοῦ
3848 4380 4012 4443 λαοῦ,

777 4473 984 4541 solytna
1017 4487 1139 4523 emn
1172 4486 1258 4523 eo.
1293 4467 1357 4522 Et
1390 4470 1736 4537 congregatis
1763 4468 2112 4537 pontificibus
2133 4480 2188 4524 et
2212 4471 2344 4524 scri—

782 4563 864 4614 his
897 4562 1101 4630 pepuli,
1136 4569 1487 4628 percontatus
1538 4567 1622 4611 est
1676 4574 1791 4621 eos,
1828 4559 1919 4610 ubi
1947 4557 2198 4613 Christus
2248 4575 2344 4613 na-

779 4662 1050 4705 sceretur.
1084 4649 1247 4703 Atilli
1283 4649 1539 4701 dixerunt
1573 4647 1657 4699 ei:
1700 4646 1756 4698 In
1802 4646 2075 4699 Bethleem
2111 4646 2341 4712 Judaxe;

780 4743 861 4794 sic
890 4742 1033 4793 enim
1081 4743 1342 4807 scriptum
1392 4747 1478 4791 est
1524 4752 1621 4806 per
1673 4736 1996 4806 prophetam
2025 4736 2339 4791 Michmam:

784 4830 849 4883 Et
884 4839 965 4894 tu,
1002 4829 1300 4889 Bethleem,
1333 4833 1477 4881 terra
1516 4824 1676 4888 Juda,
1727 4840 2068 4894 nequaquam
2114 4826 2335 4879 minima

781 4936 842 4974 es
874 4923 1017 4973 inter
1065 4921 1340 4990 principes
1372 4919 1547 4983 Juda;
1584 4934 1647 4973 ex
1676 4928 1726 4971 te
1757 4919 1905 4974 enim
1936 4917 2175 4987 prodibit
2204 4919 2332 4983 dux,

784 5009 876 5078 qui
916 5021 1100 5077 pascet
1135 5009 1395 5079 populum
1439 5023 1620 5061 meum
1652 5006 1838 5069 Israel,
1876 5015 1932 5059 et
1960 5007 2139 5059 exitus
2169 5006 2341 5072 ipsius

783 5112 813 5150 a
857 5098 1054 5151 diebus
1100 5099 1339 5167 antiquis
1362 5097 1427 5153 ³⁸.
1474 5094 1738 5151 )Videsne
1786 5111 1929 5147 nunc
1961 5096 2235 5163 quomodo
2287 5094 2341 5146 in

788 5190 1068 5258 prophetis
1098 5189 1372 5259 descripta
1409 5189 1780 5250 inveniantur,
1813 5202 1933 5255 qua:
1965 5185 2030 5238 ad
2064 5184 2343 5238 Christum

787 5280 1098 5348 pertinent?
1135 5280 1250 5333 Non
1286 5282 1431 5333 enim
1472 5294 1534 5333 ea
1566 5288 1776 5331 tantum
1814 5275 2200 5345 praedixerunt,
2228 5292 2344 5345 qua:

788 5375 841 5425 in
876 5373 1050 5440 ipsqu
1074 5373 1351 5426 Christum
1383 5372 1787 5439 competebant,
1815 5384 2003 5421 verum
2026 5369 2189 5420 etiam
2217 5368 2344 5433 loci,

787 5465 843 5517 in
892 5478 1001 5531 quo
1048 5472 1165 5516 erat
1199 5464 1530 5526 nasciturus,
1581 5460 1974 5514 meminerunt.
2012 5457 2149 5511 Illud
2196 5460 2342 5511 enim

788 5553 1058 5623 signiﬁcat
1107 5556 1250 5623 quod
1296 5554 1533 5607 dicitur:
1591 5551 1700 5603 «Iit
1753 5562 1831 5611 tu,
1861 5548 2155 5610 llethieem,
2199 5558 2341 5601 terra

872 5736 910 5765 ις
957 5736 1114 5787 una}.

955 5771 1079 5789 -.μιι
1108 5775 1137 5786 ι.

1196 5752 1317 5803 xxv,
1369 5738 1428 5791 5l
1469 5752 1619 5805 seqq.
1700 5738 1738 5768 ³⁸
1769 5736 1955 5790 Matth.
1990 5751 2046 5803 ιι,
2091 5734 2201 5786 l-G.

2444 4464 2774 4516 ἐπυνθάνετο
2804 4464 2906 4516 ποῦ
2958 4466 2986 4517 ὁ
3024 4466 3257 4534 Χριστὸς
3307 4471 3590 4534 γεννᾶται.
3661 4470 3723 4521 Οἱ
3754 4469 3810 4521 δὲ
3852 4466 4016 4523 εἶπον

2444 4555 2615 4623 αὐτῷ,
2651 4556 2735 4606 Ἐν
2765 4555 3012 4624 Βηθλεὲμ
3042 4558 3136 4625 τῆς
3172 4556 3454 4618 Ἰουδαίας.
3487 4557 3644 4611 Οῦτω
3667 4557 3774 4626 γὰρ
3804 4558 4018 4626 γέγρα-

2443 4663 2571 4697 πται
2605 4646 2692 4698 διὰ
2723 4645 2816 4697 τοῦ
2854 4647 3135 4715 προφήτου
3184 4648 3582 4719 ΜιχαίουοζΚαὶ
3628 4650 3722 4713 σὺ,
3759 4648 4017 4717 Βηθλεὲμ

2444 4735 2516 4803 γῆ
2555 4733 2744 4800 Ἰούδα,
2789 4735 3043 4803 οὐδαμῶς
3089 4731 3139 4789 εί
3167 4734 3424 4806 ἐλαχίστη
3476 4739 3534 4789 ἐν
3583 4740 3692 4800 τοῖς
3737 4738 4013 4806 ἡγεμόσιν

2454 4824 2643 4878 Ἰούδα.
2686 4826 2778 4876 Ἐκ
2806 4826 2899 4877 σοῦ
2929 4828 3039 4893 γάρ
3088 4825 3428 4891 ἐξελεύσεται
3472 4826 3806 4894 ἡγούμενος,
3857 4828 4017 4889 ὅστις

2444 4918 2697 4984 ποιμανεῖ
2734 4916 2824 4968 τὸν
2871 4917 2999 4968 λαόν
3033 4933 3135 4983 μου
3186 4918 3279 4970 τὸν
3333 4918 3572 4987 Ἰσραὴλ,
3606 4919 3698 4969 καὶ
3743 4919 3799 4972 al
3834 4918 4015 4982 ἔξοδοι

2445 5006 2610 5059 αὑτοῦ
2654 5006 2744 5072 ἀφ’
2788 5006 3012 5075 ἡμερῶν
3062 5006 3326 5075 ἀρχαίων.
3381 5026 3398 5058 ι
3451 5009 3675 5070 Βλέπεις
3706 5007 3823 5074 πῶς
3852 5009 4014 5076 εὑρί-

2450 5115 2666 5151 σκονται
2718 5100 3078 5167 γεγραμμένα
3125 5116 3193 5149 τι
3257 5098 3353 5151 τοῦ
3402 5097 3640 5167 Χριστοῦ
3704 5098 3853 5168 παρὰ
3900 5100 4017 5152 τῶν

2453 5189 2774 5259 προφητῶν;
2828 5190 2920 5259 Μὴ
2967 5191 3123 5259 μόνον
3156 5190 3261 5259 γάρ
3290 5191 3386 5243 ὅσα
3422 5192 3704 5243 ἀνέϐαινεν
3736 5193 3815 5254 είς
3848 5193 4021 5243 αὐτ.ν

2448 5280 2536 5332 τὸν
2576 5282 2807 5351 Χριστὸν
2848 5283 3131 5349 προεῖπον,
3177 5281 3312 5333 ἀλλὰ
3363 5283 3457 5334 καὶ
3510 5283 3639 5351 περὶ
3699 5282 3793 5334 τοῦ
3840 5283 4020 5336 τόπου

2446 5364 2504 5423 οὗ
2525 5370 2713 5439 ἔμελλε
2744 5369 3095 5439 γεννηθῆναι.
3117 5368 3287 5422 Τοῦτο
3326 5371 3431 5440 γὰρ
3461 5370 3610 5441 δηλοῖ
3638 5372 3717 5433 τὸ,
3743 5388 3761 5418 ι
3792 5371 3901 5422 Καὶ
3925 5372 4021 5438 σὺ,

2452 5460 2697 5528 Βηθλεὲμ
2724 5461 2793 5528 γῆ
2838 5461 3028 5523 Ἰούδα,
3058 5459 3308 5528 οὐδαμῶς
3338 5457 3387 5513 εἷ
3415 5461 3691 5531 ἐλαχίστη.
3728 5481 3745 5513 ο
3791 5463 3917 5512 "Uti.
3949 5464 4020 5514 σὺ

2448 5548 2480 5614 ἡ
2507 5544 2694 5615 πρώην
2722 5543 2977 5612 ἐλαχίστη
3006 5542 3326 5613 ὑπάρχουσι
3358 5544 3449 5597 καὶ
3481 5546 3705 5616 εὐτελὴς
3734 5546 3829 5598 καὶ
3860 5541 4024 5596 οὖδα-
