4204 6444
790 401 894 462 4ἓῖ

1958 402 2277 464 JOANNIS
2320 402 2850 465 CANTACUZENI

3908 404 4016 469 £28

789 530 1013 569 oremus
1062 514 1114 567 in
1166 514 1287 570 loco
1332 514 1422 570 ubi
1472 523 1739 569 steterunt
1787 515 1953 583 pedes
2002 516 2173 585 ejus.»
2226 515 2350 570 llzec

2453 516 2520 567 ti
2555 515 2884 585 σκηνώματα
2907 512 3093 578 αὐτοῦ,
3125 513 3587 583 προσκυνήσωμεν
3610 512 3687 573 εἰς
3718 511 3805 563 τὸν
3828 514 4017 565 τόπον»

791 607 977 666 verba,
1019 606 1323 661 «latrentus
1352 608 1407 661 in
1443 606 1791 660 tabernacula
1831 607 2052 675 ipsius,»
2086 615 2340 674 tanquam

784 698 852 749 de
887 700 1223 764 contemptis
1261 708 1312 749 et
1346 698 1496 749 nullo
1535 698 1712 765 pretio
1746 697 1947 749 habitis
1974 696 2130 749 dixit.
2172 698 2341 749 Serua

790 788 935 839 enim
980 789 1058 839 vel
1110 788 1525 841 tabernaculum
1559 788 1777 851 dicitur,
1814 796 2061 840 reecnter
2091 800 2343 841 exstruc-

793 888 905 927 tam
937 877 1158 943 etquod
1194 877 1374 929 statim
1422 876 1752 943 rcl'rangitur
1801 875 2159 928 domicilium.
2192 893 2208 925 ι
2240 876 2345 926 Ad-

788 982 1011 1017 oremus
1058 966 1235 1018 locum
1290 965 1379 1017 ubi
1423 974 1696 1017 selerunt
1734 965 1900 1032 pedes
1936 966 2157 1033 ipsius.»
2204 965 2340 1027 Quid

787 1070 927 1122 opus
956 1064 1041 1107 est
1075 1071 1160 1107 me
1195 1054 1361 1106 multa
1394 1054 1460 1106 de
1497 1053 1579 1106 his
1617 1054 1840 1107 dicere?
1869 1039 2008 1118 Quin
2058 1054 2237 1121 potius
2270 1064 2345 1107 te-

787 1148 966 1214 ipsum
1023 1147 1089 1199 de
1138 1147 1220 1197 his
1263 1145 1497 1213 appello.
1534 1146 1782 1213 Magnum
1831 1147 1978 1198 enim
2030 1145 2178 1198 illum
2212 1162 2343 1214 pro-

783 1241 1005 1307 phetam
1036 1248 1090 1292 et
1119 1255 1324 1307 regem,
1350 1239 1440 1305 qui
1476 1238 1569 1291 Dei
1603 1253 1822 1304 quoque
1850 1238 2162 1291 testimonio
2194 1253 2340 1291 com-

783 1331 1031 1384 mendari
1068 1332 1267 1398 dignus
1300 1331 1403 1382 fuit
1430 1331 1533 1397 (sic
1564 1330 1709 1381 enim
1757 1330 1824 1382 de
1855 1330 1946 1381 illo
1975 1329 2119 1383 Deus
2162 1330 2340 1398 loqui-

784 1432 897 1481 tur,
952 1421 1164 1473 «Inveni
1200 1420 1389 1477 David,
1428 1439 1445 1471 ι
1489 1421 1643 1486 ete.),
1695 1435 1985 1487 quemnam
2029 1420 2339 1474 adoravisse

784 1512 1069 1565 dict-mus?
1122 1514 1201 1565 An
1254 1512 1405 1563 illum
1456 1511 1836 1564 tantummodo
1884 1512 1977 1579 qui
2029 1512 2341 1566 nasciturus

782 1602 939 1655 erat?
975 1601 1068 1654 sed
1118 1612 1173 1654 et
1220 1602 1397 1654 locum
1448 1601 1499 1653 in
1537 1617 1644 1669 quo
1674 1611 1933 1654 steterant
1973 1603 2139 1669 pedes
2172 1601 2338 1659 illius,

785 1704 1043 1761 tanquam
1074 1693 1350 1745 hominem
1384 1694 1543 1745 nobis
1567 1695 1826 1745 (minibus
1861 1692 2238 1745 tantummodo
2270 1694 2342 1744 si-

784 1786 1014 1837 milem?
1056 1785 1193 1850 Quis
1239 1798 1366 1837 vero
1398 1794 1503 1837 tam
1535 1784 1808 1851 stupidus.
1855 1784 1963 1836 imo
2007 1793 2113 1835 tam
2146 1782 2339 1835 deser-

2449 603 2508 659 οῦ
2534 606 2765 674 ἔστησαν
2789 606 2839 657 οἱ
2862 604 3020 666 πόδες
3042 603 3224 656 αὑτοῦ.
3255 622 3272 653 ι
3301 604 3391 667 Τὸ,
3422 622 3439 653 ι
3470 602 3918 671 Εξσελευσώμεθα
3940 609 4018 667 εἰς

2445 698 2513 749 τὰ
2567 697 2900 766 σκηνώματα
2948 698 3136 760 αὐτοῖν,
3182 715 3200 747 ι
3232 696 3303 756 ὡς
3359 696 3551 761 εὐτελῆ
3583 696 3675 746 καὶ
3710 694 3784 763 μὴ
3821 696 4018 763 ἔχοντα

2444 789 2704 857 ψήφισμά
2726 807 2801 850 τι,
2836 783 2979 841 εἷπε.
3014 788 3194 856 Σκηνὴ
3225 788 3331 855 γὰρ
3360 787 3576 853 λέγεται
3597 786 3659 838 τὸ
3684 788 4017 855 προσφάτως

2444 881 2754 944 γενόμενον,
2776 879 2866 928 καὶ
2888 877 3001 944 μετ’
3020 876 3197 942 ὀλίγον
3216 877 3471 944 λυόμενον
3488 876 3606 943 ιῖκη
3617 893 3707 942 μα.
3738 892 3754 922 ι
3778 875 4020 940 Προσκυο

2444 968 2701 1036 νήσωμεν
2726 968 2805 1026 είς
2833 966 2923 1019 τὸν
2947 967 3129 1029 τόπον,
3152 958 3212 1018 οῦ
3245 967 3478 1033 ἔστησαν
3507 966 3555 1016 οἱ
3583 968 3735 1027 πόδες
3770 964 3963 1017 αὑτοῦ.
3992 985 4010 1015 ι

2444 1059 2537 1119 Τίς
2579 1062 2695 1110 ἐστι
2726 1058 2906 1127 χρεία,
2940 1060 3023 1110 ἵνα
3058 1058 3187 1127 περὶ
3229 1058 3419 1110 τούτου
3447 1057 3555 1123 ὲρῶ
3604 1058 3748 1123 ὲγὼ;
3794 1057 4016 1125 Ἐρωτῶ

2442 1148 2498 1199 δέ
2540 1164 2623 1212 σε,
2656 1150 2684 1200 6
2724 1153 3036 1217 προφήτης,
3082 1150 3110 1199 ὁ
3146 1149 3318 1216 μέγας
3349 1147 3619 1215 βασιλεὺς,
3653 1151 3679 1199 6
3724 1148 3878 1216 παρὰ
3922 1149 4015 1198 τοῦ

2443 1239 2580 1292 Θεοῦ
2622 1240 3014 1309 μαρτυρηθεὶς,
3048 1239 3191 1291 οὕτω
3238 1241 3347 1307 γὰρ
3384 1243 3513 1305 περὶ
3541 1239 3704 1292 αὑτοῦ
3742 1241 3965 1308 εἴρηκεν
3991 1243 4018 1291 6

2444 1329 2598 1392 Θεὸς,
2625 1346 2644 1379 ι
2667 1324 2837 1397 Εὗρον
2853 1327 3035 1389 Δαὸὶδ,
3062 1345 3080 1378 ι
3101 1329 3196 1379 καὶ
3215 1330 3283 1379 τὰ
3309 1327 3457 1396 ἑξῆς,
3477 1328 3594 1379 τίνα
3615 1331 4015 1398 προσεκύνησε,

2446 1418 2541 1469 καὶ
2579 1417 2639 1467 οὐ
2681 1416 2840 1485 μόνον
2869 1417 3033 1468 αὑτὸν
3069 1417 3160 1468 τὸν
3197 1417 3686 1484 γεννηθησόμενον,
3738 1416 3877 1468 ἀλλὰ
3926 1416 4019 1468 καὶ

2444 1509 2534 1560 τὸν
2565 1507 2753 1569 τόπον,
2773 1501 2832 1559 οὗ
2856 1507 3090 1574 ἔστησαν
3114 1508 3162 1558 οῖ
3194 1509 3350 1568 πόδες
3379 1507 3541 1558 αὐτοῦ
3566 1525 3580 1572 ;
3616 1508 3801 1569 Οὕτως
3831 1507 4017 1566 ἁπλῶς

2443 1593 2750 1663 ἄνθρωπον,
2790 1593 2866 1654 ὡς
2916 1593 3009 1644 ἕνα
3040 1594 3147 1645 τῶν
3186 1594 3429 1657 πολλὼνς
3484 1597 3592 1647 Καὶ
3641 1596 3726 1657 τίς
3761 1596 4017 1649 τοσοῦτον

2443 1683 2808 1752 ἀναίσθητος,
2872 1683 3074 1752 μᾶλλον
3137 1684 3192 1737 δὲ
3248 1686 3808 1756 ὲγκαταλελειμμένος
3868 1690 4019 1757 παρὰ

2444 1772 2603 1838 Θεοῦ,
2647 1772 2785 1825 ὥστε
2818 1778 2910 1826 καὶ
2941 1775 3159 1844 νομίσαι
3192 1776 3354 1840 ait-:6;
3402 1777 3559 1829 Ἀλλὰ
3598 1779 3779 1835 καθὼς
3821 1780 3917 1830 καὶ
3962 1782 4017 1829 εν

783 1886 872 1929 tus
912 1892 940 1927 a
985 1877 1114 1937 Deo,
1168 1882 1229 1927 ut
1262 1874 1365 1927 hoc
1412 1875 1495 1926 vel
1548 1875 1599 1927 in
1644 1875 1885 1927 animum
1922 1874 2204 1927 admittat?
2236 1872 2339 1926 Sed

2443 1864 2554 1921 τοῖς
2585 1863 2896 1933 ἔμπροσθεν
2926 1866 3019 1917 τὸν
3052 1866 3213 1917 αὑτὸν
3240 1866 3391 1931 ἔλεγε
3416 1866 3547 1919 Θεὸν
3578 1869 3672 1920 καὶ
3698 1866 4013 1934 ἄνθρωπον,

778 1965 1243 2033 quemadmodum
1289 1966 1341 2018 in
1387 1965 1769 2033 superioribus
1801 1965 1945 2019 lnme
1990 1966 2242 2018 eumdem
2289 1972 2344 2016 et

782 2057 1060 2108 hominem
1091 2072 1211 2110 esse
1256 2056 1656 2123 comprobavit,
1712 2056 1785 2109 ita
1833 2071 1979 2108 nunc
2024 2069 2239 2123 quoque
2286 2054 2341 2106 in

780 2145 885 2197 loci
918 2146 1386 2213 contemplatione
1424 2145 1576 2197 illum
1610 2145 1793 2198 facere
1834 2145 2104 2207 videmus,
2145 2146 2197 2196 in
2233 2159 2343 2211 quo

781 2250 903 2287 cum
940 2235 1145 2288 Joanne
1168 2235 1433 2302 pr0pheta
1462 2233 1686 2287 omnino
1718 2234 2016 2300 consensit,
2064 2249 2186 2287 cum
2223 2234 2344 2301 qui-

781 2329 902 2381 dem
943 2329 1108 2381 David
1154 2328 1307 2394 dicit,
1357 2345 1375 2377 ι
1431 2327 1665 2381 Adorate
1701 2328 1882 2381 locum
1928 2327 2023 2380 ubi
2068 2336 2343 2381 steterunt

782 2420 949 2488 pedes
986 2420 1141 2487 ejus;
1171 2436 1188 2468 ›
1223 2420 1314 2472 ille
1338 2433 1487 2479 vero,
1520 2419 1664 2471 «Non
1689 2434 1808 2471 sum
1832 2419 2029 2486 dignus
2051 2427 2107 2470 ut
2130 2428 2339 2487 portem

780 2513 1149 2564 calceamenta
1169 2510 1338 2571 illius,
1360 2510 1452 2577 qui
1473 2516 1594 2578 post
1610 2522 1695 2560 me
1714 2518 1975 2562 venturus
1994 2507 2143 2562 est“.
2160 2527 2178 2559 ι
2196 2509 2343 2562 Jam-

779 2616 848 2653 tzc
879 2599 1139 2667 intelligis
1170 2610 1226 2652 ut
1269 2610 1381 2653 tum
1414 2599 1466 2652 in
1500 2599 1709 2667 magnis
1737 2615 1897 2668 quam
1931 2600 1985 2652 in
2017 2601 2199 2668 parvis
2227 2616 2342 2653 om-

780 2709 878 2746 nes
929 2694 1205 2761 propheta:
1237 2692 1600 2753 consentiant,
1651 2692 1826 2757 ipsum
1873 2691 2104 2744 adorent
2148 2700 2205 2745 ct
2243 2705 2341 2743 ce.

779 2785 1017 2839 lebrent?
1036 2799 1135 2837 nec
1158 2783 1445 2851 quisquam
1480 2782 1872 2849 prophetarum
1897 2790 2000 2843 est,
2034 2784 2126 2849 qui
2154 2783 2243 2835 ubi
2272 2785 2339 2837 de

778 2877 997 2930 Christo
1029 2876 1314 2928 vaticinari
1340 2884 1394 2926 et
1424 2873 1588 2926 verba
1628 2873 1806 2926 facere
1830 2874 2079 2942 emperit,
2103 2873 2341 2941 seipsum

781 2986 890 3022 non
916 2983 1165 3037 parvum,
1210 2976 1582 3033 contemptum
1620 2974 1674 3016 ct
1705 2967 1907 3017 nullius
1929 2966 2085 3032 pretii
2115 2965 2340 3033 dignum

785 3077 905 3114 esse
922 3064 1263 3113 conﬁteatur:
1284 3056 1609 3125 quodetiam
1626 3054 1691 3108 de
1706 3054 1977 3108 Abraham
1991 3055 2338 3125 legimus,qui

780 3152 1021 3220 seipsum
1048 3160 1250 3202 terram
1274 3145 1568 3215 appellavit
1586 3153 1641 3199 et
1660 3145 1922 3199 cinerem.
1952 3142 2335 3198 Verumtamen
2366 3173 2412 3231 η

781 3260 886 3296 non
938 3242 1188 3295 Mieha‘as
1236 3238 1399 3292 modo
1427 3245 1484 3291 et
1524 3236 1693 3290 David
1739 3236 1806 3289 de
1834 3236 2113 3289 Bethleem
2166 3236 2335 3289 locuti

748 3341 929 3395 sunt,
981 3332 1072 3385 sed
1116 3330 1279 3383 etiam
1324 3328 1509 3396 plures
1538 3326 1654 3390 alii,
1697 3341 1838 3395 quos
1868 3326 2134 3388 volentes,
2186 3335 2243 3378 ut
2284 3328 2335 3377 in

782 3426 905 3478 aliis
944 3423 1153 3483 multis,
1199 3420 1504 3474 omittimus
1525 3426 1748 3487 propter
1777 3416 2002 3470 nimiam
2050 3416 2338 3484 scripturae

778 3516 1011 3585 copiam.
1034 3513 1139 3566 Sed
1158 3510 1496 3566 redeundum
1516 3509 1581 3561 ad
1600 3507 1897 3577 Magorum,
1921 3506 2063 3559 unde
2077 3521 2238 3573 supra
2256 3506 2337 3559 di-

780 3604 955 3675 gressi
988 3619 1200 3665 sumus,
1236 3599 1544 3654 historiam.
1588 3597 1745 3651 Tunc
1770 3597 2017 3651 Herodes
2047 3604 2334 3665 postquam

778 3696 1055 3766 cognovit,
1104 3692 1249 3762 quod
1296 3694 1349 3744 in
1389 3691 1665 3744 Bethleem
1714 3696 2039 3741 nasceretur
2084 3685 2337 3739 Christus

780 3791 909 3860 (hoc
936 3788 1080 3840 enim
1104 3801 1168 3840 ex
1190 3783 1473 3854 prophetis
1503 3780 1794 3850 pontiﬁces
1822 3788 1878 3833 et
1907 3778 2101 3831 scribta
2132 3790 2333 3845 cogno-

776 3880 1016 3947 verant),
1037 3877 1173 3930 clam
1206 3873 1486 3928 accersitis
1515 3870 1682 3940 Magis
1713 3869 2008 3938 praecepit:
2049 3885 2066 3917 ι
2097 3866 2335 3920 Profecti

779 3973 931 4028 illuc.
975 3980 1230 4022 accurate
1265 3963 1524 4033 inquirite
1558 3962 1625 4015 de
1651 3975 1860 4027 puero;
1896 3959 1989 4012 ubi
2020 3972 2148 4011 vero
2182 3957 2335 4010 illum

781 4063 1126 4124 inveneritis,
1178 4058 1487 4111 renuntiate
1525 4063 1581 4107 et
1632 4053 1788 4113 mihi,
1825 4061 1885 4103 ut
1909 4065 2009 4118 ego
2040 4050 2254 4103 veniam
2281 4058 2338 4103 ct

776 4151 1001 4203 adorem
1038 4146 1296 4200 illnm‘m
1340 4143 1461 4196 [lare
1492 4149 1669 4193 autem
1698 4138 1881 4190 animo
1911 4135 2051 4188 dixit
2086 4132 2334 4187 mendaci

777 4252 833 4296 et
873 4240 1130 4293 subdolo.
1162 4237 1297 4290 Cum
1334 4234 1478 4287 enim
1509 4245 1687 4299 regem
1721 4228 2058 4282 nasciturum
2092 4225 2331 4287 audiret,

778 4333 871 4402 qui
915 4332 1315 4400 gubernaturus
1359 4333 1505 4378 esset
1543 4321 1816 4384 lsraelem,
1850 4318 2128 4371 Christum
2172 4315 2331 4369 talem

780 4438 962 4491 regem
998 4420 1115 4472 fore
1154 4416 1385 4486 putavit,
1434 4414 1625 4481 quales
1659 4409 1815 4463 multi
1846 4416 1996 4469 sunt,
2029 4407 2189 4474 cujus
2217 4420 2337 4474 reg-

2446 1952 2587 2005 οῦτω
2640 1955 2733 2006 καὶ
2778 1956 2835 2004 ἐν
2871 1957 2932 2023 τῇ
2986 1956 3079 2007 τοῦ
3120 1958 3284 2008 τόπου
3321 1956 3541 2027 θεωρίᾳ.
3592 1959 3701 2010 Καὶ
3734 1960 4015 2024 συμφωνεῖ

2450 2043 2584 2111 μετὰ
2613 2042 2705 2094 τοῦ
2750 2045 3027 2112 προφήτου
3081 2046 3349 2107 Ἰωάννου,
3387 2048 3466 2097 ὅτι
3507 2047 3666 2106 αὐτὸς
3701 2044 3803 2115 μὲν
3835 2042 4011 2107 εἶπεν,

2444 2136 2525 2186 ὅτι
2555 2152 2571 2183 ι
2600 2136 2961 2202 Προσκυνείτε
2989 2134 3080 2188 τὸν
3103 2136 3287 2200 τόπον,
3308 2133 3369 2188 οῦ
3400 2137 3631 2203 ἔστησαν
3658 2139 3705 2189 οἱ
3736 2140 3895 2200 πὸξες
3918 2139 4012 2189 αὖ·

2446 2225 2537 2278 τοῦ
2557 2243 2569 2255 ·
2604 2246 2622 2278 ι
2648 2228 2851 2289 ἐκεῖνος
2881 2228 3044 2289 δὲ,ὄτι
3073 2247 3091 2279 ι
3117 2229 3229 2280 Οὐκ
3260 2230 3374 2298 εἰμὶ
3395 2230 3538 2294 ἄξιος
3568 2232 3653 2282 ἴνα
3674 2231 3931 2297 βαστάσω
3948 2233 4012 2282 τὰ

2445 2319 2765 2387 ὑποδήματα
2792 2320 2884 2372 τοῦ
2912 2320 3085 2373 ὀπίσω
3116 2338 3220 2389 μου
3244 2325 3559 2390 ἐρχομένου.
3584 2340 3602 2372 ι
3625 2323 3877 2384 Βλέπεις,
3897 2323 4011 2383 πῶς

2443 2411 2537 2463 καὶ
2567 2410 2626 2460 tv
2655 2412 2767 2473 τοῖς
2817 2412 3076 2480 μεγάλοις
3122 2429 3219 2464 και
3254 2414 3312 2463 ὲν
3366 2415 3476 2473 τοῖς
3538 2415 3756 2481 μικροῖς
3812 2415 4009 2474 πάντες

2441 2501 2818 2570 ὁμοφωνοῦσιν
2848 2503 2897 2554 ot
2926 2505 3220 2572 προφῆται,
3259 2505 3352 2555 καὶ
3385 2504 3752 2570 προσκυνοῦσι
3786 2506 3881 2555 καὶ
3912 2521 4009 2570 με-

2442 2594 2732 2660 γαλύνουσι
2761 2611 2775 2657 ;
2800 2596 2893 2647 καὶ
2909 2596 3086 2653 οὐδεὶς
3112 2594 3220 2647 τῶν
3254 2597 3543 2666 προφητῶν
3570 2598 3738 2657 ἐστιν,
3774 2597 3831 2658 ὃς
3872 2598 4011 2664 μετὰ

2441 2686 2503 2735 τὸ
2532 2684 2909 2754 προφητεῦσαι
2951 2688 3045 2738 καὶ
3074 2687 3246 2738 εἰπεῖν
3284 2688 3413 2756 περὶ
3442 2686 3536 2739 τοῦ
3568 2687 3826 2757 Χριστοῦ,
3856 2688 4009 2739 οὐδὲν

2441 2774 2711 2827 δείκνυσιν
2764 2776 2956 2828 ἑαυτὸν
3007 2776 3201 2845 μικρὸν
3250 2780 3344 2830 καὶ
3402 2778 3616 2847 εὐτελῆ,
3668 2781 3761 2830 καὶ
3793 2780 4008 2841 οὐδενὸς

2442 2866 2592 2928 ἄξιον
2645 2866 2827 2933 λόγου,
2881 2866 3061 2927 καθὼς
3095 2869 3190 2919 καὶ
3235 2868 3484 2938 Ἀϐραὰμ
3535 2870 3637 2936 γῆν
3672 2870 3763 2920 καὶ
3816 2870 4007 2922 σποδὸν

2442 2954 2700 3007 ἐκάλεσεν
2733 2954 2945 3007 ἑαυτόν.
2983 2955 3056 3008 Οὐ
3090 2956 3247 3022 μόνον
3275 2956 3332 3008 δὲ
3356 2960 3383 3008 6
3409 2958 3645 3024 Μιχαίας
3679 2959 3772 3007 καὶ
3792 2958 3819 3006 6
3843 2958 4005 3008 A1616

2441 3041 2563 3098 εἷπε
2595 3047 2724 3116 περὶ
2756 3047 2853 3114 τῆς
2883 3045 3151 3116 Βηθλεὲμ,
3199 3047 3333 3100 ἀλλὰ
3384 3052 3477 3100 καὶ
3510 3048 3691 3109 πολλοὶ
3717 3049 3895 3117 ἕτερα
3925 3044 4005 3100 εἶ-

2442 3154 2561 3200 πον,
2586 3136 2681 3199 οὓς
2702 3138 2795 3189 καὶ
2817 3138 3255 3207 παρῃτησάμεθα
3290 3139 3507 3198 ἑκόντες
3528 3139 3615 3191 διὰ
3641 3140 3703 3191 τὸ
3736 3139 3871 3191 πολὺ
3902 3140 4003 3206 τῆς

2440 3232 2677 3300 γραφῆς,
2712 3229 2899 3298 ὥσπερ
2923 3234 3013 3282 καὶ
3044 3231 3137 3281 ἐπὶ
3162 3232 3271 3291 τοῖς
3301 3231 3500 3293 ἄλλοις.
3548 3231 3687 3283 Ἀλλ’
3709 3232 3848 3283 ίτέον
3874 3232 4003 3284 ἔνθα

2439 3323 2529 3373 τὸν
2561 3321 2671 3373 τῶν
2702 3322 2907 3387 Μάγων
2946 3321 3102 3388 λόγον
3159 3323 3587 3390 καταλείψαντές
3640 3326 3828 3391 ὲσμεν.
3868 3325 4003 3375 Τότε

2450 3412 2696 3483 Ἰἰρὼδης
2733 3413 2994 3479 ἀκούσας,
3028 3414 3109 3465 ὅτι
3147 3415 3205 3466 ὲν
3236 3414 3480 3482 Βηθλεὲμ
3512 3417 3768 3481 γεννᾶται
3798 3417 3824 3465 6
3871 3418 3913 3467 Χ
3926 3432 4003 3483 ρι-

2441 3504 2561 3565 στὸς
2597 3504 2917 3573 (ἐγίνωσκον
2943 3506 3051 3574 γὰρ
3077 3508 3227 3575 παρὰ
3264 3506 3372 3559 τῶν
3411 3508 3704 3576 προφητῶν
3730 3508 3784 3559 οἵ
3805 3525 3868 3558 τε
3905 3510 4002 3579 ἀρ-

2438 3599 2641 3664 χιερεῖς
2695 3595 2787 3647 καὶ
2841 3597 2889 3648 οἱ
2927 3597 3277 3664 γραμματεῖς
3314 3594 3517 3665 τοῦτο,)
3568 3598 3738 3666 λάθρα
3764 3599 4000 3661 καλέσας

2438 3689 2561 3746 τοὺς
2591 3686 2837 3753 Μάγους,
2874 3686 3022 3753 λέγει
3054 3690 3189 3757 πρὸς
3222 3688 3437 3752 αὐτοὺς,
3461 3707 3480 3740 ι
3506 3688 3851 3752 Ἀπελθόντες
3884 3692 3998 3754 ἐξε-

2436 3776 2637 3829 τάσατε
2673 3778 2801 3845 περὶ
2838 3776 2932 3829 τοῦ
2979 3778 3193 3830 παιδίου
3224 3793 3237 3806 ·
3287 3779 3423 3831 ἐπὰν
3465 3779 3521 3830 δὲ
3564 3780 3779 3848 εὕρητε,
3815 3783 4000 3849 ἀπαγ-

2438 3868 2654 3936 γείλατέ
2689 3886 2797 3937 μοι,
2822 3869 2967 3931 ὅπως
2997 3868 3153 3932 κάγὼ
3183 3868 3354 3921 ἐλθὼν
3374 3873 3732 3940 προσκυνήσω
3766 3873 3936 3941 αὐτῷ.
3971 3892 3989 3923 ι

2439 3959 2606 4012 Τοῦτο
2643 3959 2696 4012 δὲ
2747 3956 2865 4011 εἷπε
2913 3959 3258 4028 ψευδόμενος.
3302 3960 3545 4028 Ἐνόμιζε
3576 3963 3705 4029 γὰρ,
3752 3964 3835 4015 ὅτι
3880 3966 4001 4016 ἐπεὶ

2438 4052 2693 4121 βασιλεὺς
2742 4053 3037 4118 γεννᾶται,
3085 4052 3178 4104 καὶ
3230 4053 3311 4104 ὅτι
3348 4053 3533 4121 μέλλει
3572 4058 3857 4121 ποιμανεῖν
3912 4057 3999 4106 τὸν

2449 4136 2687 4206 Ἰσραὴλ,
2720 4137 2957 4199 τοιοῦτός
3000 4139 3116 4189 ἐστι
3146 4137 3397 4206 βασιλεὺς
3428 4139 3457 4189 6
3502 4141 3753 4207 Χριστὸς,
3802 4143 3881 4203 ὠς
3920 4138 3995 4204 εἷς

2437 4228 2543 4278 τῶν
2582 4226 2811 4289 πολλῶν,
2846 4228 2937 4279 καὶ
2970 4229 3001 4296 ἠ
3033 4227 3226 4280 τούτου
3260 4227 3508 4297 βασιλεία
3540 4230 3875 4299 πρόσκαιρος
3911 4235 4000 4285 καὶ

2436 4319 2701 4385 ἐπίγειος.
2745 4317 2852 4370 Καὶ
2895 4320 3015 4369 ἐπεὶ
3044 4319 3101 4370 έν
3148 4321 3246 4386 μὲν
3280 4322 3345 4388 τῇ
3392 4319 3635 4389 Βηθλεὲμ
3666 4323 3867 4391 ἤκουσε
3903 4328 4000 4392 τῂν

2434 4410 2529 4461 τοῦ
2572 4409 2808 4478 Χριστοῦ
2841 4410 3093 4478 γέννησιν
3120 4404 3283 4472 εἶναι,
3307 4410 3406 4479 τὴν
3433 4410 3489 4462 δὲ
3523 4411 3619 4462 τοῦ
3650 4419 3813 4465 τόπου
3840 4419 4001 4483 ἀκρί-

780 4530 909 4567 num
938 4509 1234 4580 temporale
1264 4513 1409 4561 esset
1440 4516 1495 4557 et
1519 4514 1821 4557 terrenum.
1848 4500 1917 4554 Et
1943 4516 2067 4555 cum
2097 4499 2152 4550 in
2178 4494 2331 4548 Beth-
2364 4495 2373 4548 1

2443 4498 2589 4549 δειαν
2619 4499 2716 4550 οὐκ
2756 4497 3044 4564 ἐγίνωσκε,
3080 4496 3407 4566 βουλόμενος
3434 4498 3643 4551 ἀνελεῖν
3672 4503 3733 4553 τὸ
3762 4505 3999 4571 παιδία-ι,

780 4608 917 4659 lcem
943 4603 1165 4671 quidem
1182 4598 1384 4652 Christi
1412 4594 1621 4648 natales
1646 4593 1760 4646 fore
1782 4592 2128 4659 intelligeret,
2152 4588 2330 4640 locum

777 4715 908 4752 vero
941 4697 1089 4749 illius
1120 4704 1331 4747 certum
1369 4699 1422 4743 et
1467 4687 1889 4741 determinatum
1922 4685 2217 4751 ignoraret,
2257 4680 2334 4730 in-

778 4790 926 4841 vidia
964 4795 1161 4846 motus,
1193 4792 1248 4836 et
1276 4780 1499 4834 infantis
1531 4778 1730 4830 caedem
1758 4777 1867 4842 jam
1899 4783 2023 4825 ante
2058 4767 2335 4838 praemedi-

779 4890 943 4945 tatus,
974 4879 1087 4930 hazc
1116 4874 1369 4928 simulate
1400 4879 1455 4924 et
1504 4869 1630 4921 licte
1661 4866 1830 4934 Magis
1858 4865 2019 4917 diett:
2056 4883 2073 4912 ι
2110 4864 2330 4914 Hammo

781 4973 909 5021 tiate
939 4965 1098 5028 mihi,
1130 4970 1190 5015 ut
1217 4970 1272 5014 et
1300 4974 1400 5027 ego
1432 4957 1647 5010 veniam
1673 4964 1727 5007 et
1752 4954 1974 5005 adorem
2009 4951 2184 5003 illum.
2214 4967 2230 4997 ι
2266 4947 2329 4999 Ili

777 5076 908 5112 vero
926 5056 1109 5109 audito
1128 5066 1251 5120 rege
1271 5038 1496 5119 profecti
1523 5056 1668 5099 sunt.
1697 5042 1793 5095 «Et
1810 5056 1937 5094 ecce
1962 5041 2136 5101 stella,
2162 5053 2323 5107 quam

778 5148 1028 5199 viderant
1071 5143 1125 5195 in
1156 5140 1397 5200 Oriente,
1431 5135 1770 5205 praecedebat
1801 5132 1943 5193 illos,
1991 5133 2165 5183 donec
2196 5143 2327 5197 pro-

778 5250 963 5305 gressa
993 5240 1161 5285 staret
1190 5243 1351 5297 supra
1380 5228 1559 5279 loi-um
1593 5224 1644 5276 in
1677 5236 1785 5290 quo
1813 5229 1929 5274 erat
1957 5219 2158 5287 puer".
2198 5239 2216 5268 ο
2242 5216 2321 5268 Tu

779 5341 929 5387 vero,
962 5335 1086 5375 cum
1120 5318 1297 5386 Magos
1330 5317 1536 5369 dixisse
1577 5312 1766 5365 audis:
1804 5309 2081 5363 «Vidimus
2113 5308 2322 5361 stellam

781 5418 952 5483 ipsius
1001 5413 1053 5465 in
1105 5408 1389 5470 Oriente,»
1452 5416 1788 5472 nequaquam
1840 5413 1997 5468 putes
2051 5399 2325 5451 Christum

778 5515 999 5575 propter
1046 5503 1148 5555 hoc
1186 5499 1413 5566 reliquis
1447 5497 1702 5549 omnibus
1747 5493 1981 5545 similem
2032 5498 2086 5543 et
2120 5490 2328 5542 nudum

779 5597 1059 5651 honinem
1102 5607 1243 5646 esse.
1279 5591 1381 5655 Qui
1431 5589 1576 5643 enim
1614 5590 1759 5640 circa
1812 5585 2092 5637 stellarum
2145 5594 2329 5633 motus

852 5773 1264 5836 “Joan.t,'27.
1343 5773 1383 5801 ιε
1412 5736 1610 5823 nanti.
1648 5785 1702 5831 ιι,
1738 5767 1790 5821 8.
1868 5766 1909 5797 ιδ
1964 5746 2093 5819 ibid.
2145 5764 2197 5815 9.

2440 4586 2617 4656 φθόνῳ
2673 4587 3012 4654 κινούμενος,
3049 4586 3196 4653 λέγει
3238 4589 3349 4649 τοῖς
3402 4589 3611 4656 Μάγοις
3658 4591 3872 4660 ψευδῶς
3908 4597 4001 4648 καὶ

2439 4680 2782 4739 ὲπιπλάστως
2802 4680 2881 4738 τὸ,
2909 4695 2925 4727 ι
2952 4677 3332 4745 ’Λναγγείλατέ
3359 4697 3471 4748 μοι,
3489 4683 3633 4741 ὅπως
3649 4684 3804 4751 κάγὼ
3826 4684 4001 4740 ἐλθὼν

2438 4768 2803 4836 προσκυνήσω
2824 4767 2991 4836 αὐτῷ.
3019 4785 3037 4817 ι
3063 4769 3125 4818 Οί
3147 4766 3203 4818 δὲ
3223 4768 3553 4830 ἀκούσαντες
3584 4771 3677 4823 τοῦ
3708 4772 3999 4842 βασιλέως,

2441 4859 2839 4927 ἐπορεύθησαν.
2867 4875 2884 4907 ι
2914 4859 3019 4910 Καὶ
3051 4858 3159 4910 ἰδοὺ
3185 4861 3214 4910 6
3243 4859 3417 4927 ἀστὴρ
3441 4857 3500 4911 ὃν
3528 4855 3665 4913 εἶδον
3695 4865 3754 4913 ἐν
3774 4866 3839 4933 τῇ
3870 4866 4002 4919 ἀνα-

2433 4952 2582 5020 τολῇ,
2616 4951 2854 5017 προῆγεν
2887 4951 3111 5016 αὐτοὺς,
3146 4950 3249 5014 ἓως
3283 4946 3344 5005 οῦ
3373 4950 3540 5003 ἐλθὼν
3569 4952 3698 5022 ἔστη
3733 4955 3920 5008 ἐπάνω
3938 4950 4000 5008 οὗ

2432 5039 2499 5112 ἦν
2525 5043 2584 5093 τὸ
2612 5042 2849 5093 παιδίον.
2878 5060 2896 5091 ι
2923 5042 2993 5094 Σὺ
3013 5043 3067 5094 6t
3095 5043 3169 5112 μὴ
3197 5043 3433 5107 ἀκούσας
3463 5044 3572 5095 τῶν
3588 5045 3794 5112 Μάγων
3823 5048 4001 5099 αἰτούν-

2434 5146 2541 5181 των
2564 5130 2664 5190 ὃτι,
2696 5148 2713 5179 ι
2750 5129 2972 5193 Εἶδομεν
2994 5132 3157 5183 αὑτοῦ
3186 5134 3273 5184 τὸν
3305 5133 3505 5202 ἀστέρα
3523 5136 3578 5184 tv
3594 5138 3657 5202 τῇ
3679 5137 3933 5205 ἀνατολῇ,
3974 5155 3993 5187 ι

2435 5224 2661 5288 νομίσῃς
2708 5223 2802 5270 καὶ
2845 5219 3005 5271 αὑτὸν
3053 5220 3128 5282 ὡς
3182 5221 3277 5274 ἕνα
3315 5222 3425 5273 τῶν
3476 5223 3685 5275 πολλῶν
3724 5219 3868 5279 εἶναι
3907 5228 3999 5278 τὸν

2436 5311 2691 5377 Χριστόν.
2726 5312 2786 5361 Οί
2844 5310 2953 5379 γὰρ
2996 5313 3124 5380 περὶ
3160 5313 3228 5365 τὰ
3278 5314 3501 5367 τοιαῦτα
3545 5317 3871 5386 ἀστρολόγοι
3902 5320 3997 5371 οὐ.

2434 5400 2571 5450 τωτὶ
2608 5400 2876 5465 λέγουσιν,
2917 5402 2997 5453 ὅτι
3042 5404 3149 5463 πᾶς
3182 5401 3467 5472 ἄνθρωπος
3498 5405 3761 5474 κέκτηται
3790 5410 3999 5479 ἀστέρα

2436 5490 2525 5541 τὸν
2565 5489 2839 5558 μηνύοντα
2870 5491 3017 5559 αὐτῷ
3057 5492 3164 5543 πᾶν
3188 5492 3324 5557 ὅπερ
3360 5493 3426 5549 ἂν
3460 5494 3643 5562 μέλλει
3676 5496 3997 5564 συμβαίνειν

2437 5582 2584 5649 αὐτῷ
2619 5580 2751 5648 παρ’
2778 5582 2906 5650 ὃλην
2934 5581 3099 5634 αὐτοῦ
3127 5583 3222 5651 τὴν
3252 5583 3417 5653 ζωήν.
3461 5583 3784 5655 Ἐξαιρέτως
3806 5587 3864 5641 δὲ
3884 5588 3995 5641 τῶν
