4204 6444
213 379 316 439 433
1123 392 1422 453 CONTRA
1461 395 1873 457 MAHOMETE

1774 399 1949 461 iTEM
1990 404 2029 459 Δ
2043 402 2360 462 POLOGIA
2409 404 2454 465 ί.
3329 423 3434 488 434

213 494 533 559 προέλεγον,
561 497 785 566 ἄγγελοι
814 503 1120 572 ὑπηρέτουν
1139 521 1152 537 ⁸
1183 508 1274 559 νῦν
1305 511 1361 562 δὲ
1385 509 1506 562 οὔτε
1533 513 1774 579 ἄγγελοι,
1807 526 1852 581 Α

1772 558 1774 573 ,
1807 526 1852 581 Α
1883 519 2136 580 ostendit,
2170 527 2223 572 ct
2253 520 2467 576 Domini
2500 533 2758 581 manoato
2781 531 2975 598 paruit.
3006 532 3304 592 Jordanem
3329 540 3432 595 ita-

210 582 335 635 οῦτε
384 586 684 653 ἂνθρωποι,
738 593 852 645 ἀλλ’
885 595 1042 658 αὐτός
1089 597 1232 650 ἐστιν
1269 601 1297 651 ὁ
1342 601 1471 663 Θεὸς
1505 604 1532 654 6
1573 605 1764 668 εἰπὼν,

211 674 233 685 ..
361 676 415 689 ...
481 671 502 689 .
535 679 548 689 .
589 680 684 689 η..
870 687 877 689 Α
922 686 931 689 -
1137 688 1142 689 ,

1878 621 1984 673 que
2033 608 2354 676 ingreditur.
2407 613 2512 668 Sed
2545 618 2763 675 Christo
2793 621 3070 689 baptizato
3116 628 3273 683 scissi
3309 639 3435 686 sunt

209 674 290 724 ὅτι
315 693 333 724 ι
359 676 429 727 Σὺ
453 671 502 728 εἴ
526 679 554 732 6
589 680 715 742 Υίός
739 700 838 748 μου
859 687 885 736 ὀ
910 686 1211 755 ἀγαπητὸς,
1233 692 1287 739 ἐν
1314 694 1394 741 σοὶ
1422 692 1719 760 ηύδ-ῧκησα.
1745 713 1764 743 ι
1841 729 1845 736 -

1841 729 1845 736 -
1881 698 2026 759 cmli,
2078 710 2132 752 ct
2166 717 2266 755 vox
2301 705 2525 759 coalitus
2560 711 2742 766 audita
2781 722 2886 774 est.
2921 715 3150 773 dicens:
3183 737 3203 771 ι
3253 721 3333 776 Tu
3373 738 3435 776 es

211 763 385 817 Filius
417 783 572 824 meus
607 772 863 839 dilectus,
920 777 975 829 in
1013 788 1062 832 te
1109 779 1240 833 mihi
1271 781 1406 835 bene
1441 785 1822 851 complacitum
1874 792 2066 843 estw.»
2096 795 2574 856 Animadvertisne
2625 819 2738 857 rem
2767 808 3092 876 terribilem,
3117 823 3172 866 et
3206 824 3434 884 stupore

211 861 470 884 ..l--_-__.n
518 867 673 884 Ils,.,
919 873 967 884 -ι
1271 875 1283 884 .
1337 875 1351 884 .
1505 878 1514 884 .
1896 881 1927 884 ,Α

3123 861 3171 866 ,-
3206 861 3433 884 _---,,-.-

211 861 470 926 plenam?
516 867 791 924 Hactenus
839 873 1061 940 quidem
1112 875 1284 929 saneti
1337 875 1721 943 loquebantur,
1764 881 2134 946 praedixerunt
2177 892 2475 957 prophetae,
2541 895 2998 957 ministraverunt
3052 906 3436 976 angeli;nunc

211 965 342 1005 vero
375 970 477 1008 nec
527 960 728 1026 angeli,
776 977 878 1015 nec
944 964 1218 1028 homines,
1290 967 1382 1020 sed
1421 967 1535 1035 ipse
1573 970 1715 1023 Deus
1741 980 1845 1036 est,
1885 975 1974 1042 qui
1998 975 2151 1041 dicit,
2187 997 2204 1029 ι
2236 979 2317 1032 'l‘u
2349 996 2407 1035 es
2432 985 2601 1041 Filius
2628 1004 2784 1045 meus
2803 992 3057 1062 dilectus,
3081 1000 3138 1052 in
3163 1016 3274 1069 quo
3301 1001 3435 1055 mihi

213 1047 352 1069 LA..-
397 1051 718 1069 _-___,,I_,9.,
877 1061 888 1069 ι

211 1047 356 1099 bene
390 1051 780 1118 complacitum
811 1061 912 1106 est.
948 1074 964 1106 ι

283 1146 370 1198 :ft'.
407 1146 550 1212 Ἀρα
581 1148 638 1210 ἐξ
679 1141 754 1199 ὧν
799 1148 1142 1217 ἐγράψαμεν,
1171 1153 1396 1205 δύνασαι
1450 1153 1537 1208 ἵνα
1583 1160 1776 1228 κρίνῃς

209 1240 305 1289 καὶ
342 1241 430 1300 σὺ,
457 1243 551 1292 καὶ
589 1242 698 1303 πᾶς
742 1243 1168 1312 Μουσουλμάνος
1223 1251 1508 1316 φρόνιμος,
1543 1252 1622 1302 ὅτι
1681 1253 1774 1303 εὑ·

211 1330 488 1395 ρέσκονται
534 1333 677 1395 ἆγιοι
721 1334 1016 1402 ἄνθρωποι,
1065 1337 1260 1398 οἵτινες
1309 1335 1449 1391 εἶδον
1499 1345 1628 1410 περὶ
1677 1341 1772 1393 τοῦ

207 1420 449 1483 Χριστοῦ
477 1422 762 1486 ὀπτασίας,
794 1425 888 1476 καὶ
921 1426 1027 1478 εἰσὶ
1060 1430 1356 1496 προφῆται,
1385 1432 1432 1484 οἱ
1452 1433 1580 1498 περὶ
1606 1433 1770 1484 αὑτοῦ

208 1511 712 1578 προσητεύσαντες,
761 1515 791 1582 ἢ
847 1518 1115 1571 τοσούτων
1166 1522 1258 1573 καὶ
1311 1526 1567 1574 τοιούτων
1606 1525 1774 1594 λαληο

207 1603 414 1654 θέντων
474 1606 568 1656 καὶ
648 1605 1108 1676 ἀποδειχθέντων,
1165 1611 1245 1663 ἔτι
1324 1616 1774 1684 πεπλανημένους

205 1686 514 1754 λογίζονται
559 1694 649 1744 καὶ
693 1698 970 1762 κρίνουσιν
1017 1700 1164 1766 ἡμᾶς
1213 1702 1338 1762 τοὺς
1387 1704 1769 1774 Χριστιανοζς,

1949 1157 2033 1210 i9.
2065 1158 2143 1213 Ex
2173 1161 2259 1215 his
2296 1178 2429 1221 sane
2457 1183 2579 1237 qua:
2606 1173 2926 1240 scripsimus
2946 1177 3195 1247 judicare
3225 1189 3437 1250 poteris

1873 1255 1929 1298 et
1975 1254 2054 1308 tu,
2103 1257 2157 1301 et
2206 1250 2250 1302 si
2304 1253 2428 1320 quis
2480 1256 2622 1311 alius
2671 1258 3139 1319 Musulmanorum
3195 1271 3436 1336 prudens

1879 1337 2058 1399 fuerit,
2100 1341 2247 1406 quod
2301 1342 2654 1402 inveniantur
2689 1353 2862 1405 sancti
2900 1354 3172 1419 homines,
3217 1361 3312 1428 qui
3361 1363 3440 1414 vi-

1877 1428 2061 1482 siones
2088 1430 2156 1482 de
2186 1431 2410 1488 Christo
2439 1437 2693 1503 viderint,
2725 1450 2782 1495 et
2819 1444 2962 1511 quod
2999 1449 3278 1514 prophetae
3304 1450 3435 1513 sint,

1869 1519 1962 1585 qui
1996 1518 2063 1572 de
2107 1520 2201 1574 illo
2240 1522 2350 1575 sint
2390 1527 2709 1584 vaticinati:
2742 1535 2992 1599 quamvis
3031 1537 3210 1592 adhuc
3255 1549 3332 1592 tot
3374 1556 3438 1594 ac

1871 1609 2038 1659 tantis
2086 1613 2423 1678 argumentis
2477 1616 2659 1672 citatis
2715 1629 2769 1673 et
2826 1622 3234 1688 demonstratis,
3292 1629 3440 1682 arbi-

1878 1705 2091 1750 trentur
2124 1710 2178 1752 ct
2227 1703 2476 1770 judicent
2517 1722 2614 1760 nos
2647 1709 2741 1776 qui
2790 1710 3068 1768 Christum
3117 1717 3438 1786 proﬁtemur

206 1780 439 1842 ἑαυτοὺς
493 1782 548 1835 δὲ
600 1785 931 1852 ὀρθοδῦξους,
964 1793 1057 1842 καὶ
1119 1792 1204 1843 ἵνα
1255 1794 1312 1858 ἐξ
1361 1789 1434 1847 ὧν
1487 1796 1770 1863 ἀκούουσι,
1804 1805 1846 1858 Β

1804 1805 1846 1858 Β
1875 1789 2216 1842 crruhundos
2260 1807 2399 1858 esse,
2468 1811 2526 1850 se
2587 1813 2715 1850 vero
2767 1801 3122 1858 orthodoxos.
3165 1807 3262 1860 llis
3306 1823 3437 1861 vero

203 1869 533 1935 λογίσωνται
597 1877 742 1945 ἡμεῖς
794 1879 970 1946 ὀρθῶς
1035 1883 1387 1949 φρονοῦντας,
1445 1887 1478 1958 ἢ
1541 1890 1634 1942 καὶ
1692 1889 1772 1944 ἔτι

204 1965 374 2032 εὐχῆς
421 1966 602 2031 ἀξίους
648 1973 798 2040 παρᾶ
849 1974 957 2024 τῶν
1005 1975 1449 2048 Μουσουλμάνων
1499 1981 1774 2050 κρίνουσιν

203 2055 378 2120 ἡμᾶς,
407 2057 479 2119 ὡς
508 2061 570 2112 σὺ
593 2061 791 2128 λέγεις’
816 2065 896 2118 διὸ
921 2067 1293 2141 ὁμολογοῦμεν
1317 2076 1410 2128 καὶ
1439 2079 1771 2148 πιστεύομεν

202 2148 286 2199 ὅτι
318 2147 348 2198 6
383 2149 615 2218 Χριστὸς
646 2154 772 2218 Υίος
813 2157 906 2209 τοῦ
947 2159 1083 2213 Θεοῦ
1125 2164 1240 2216 ἐστι
1289 2169 1382 2218 καὶ
1412 2168 1563 2234 θεὸς,
1589 2147 1774 2236 καθὼς

205 2239 270 2288 σὺ
315 2241 557 2308 γράφεις
593 2245 650 2296 ἐν
685 2249 748 2316 τῇ
790 2250 924 2318 πρός
960 2269 1028 2318 με
1063 2255 1318 2326 ἐπιστολῇ
1349 2260 1588 2323 πάντως.
1637 2264 1772 2316 Ἀπὸ

201 2329 398 2382 τούτου
430 2333 806 2406 ἐπλανήθησαν
831 2344 878 2394 οἱ
915 2342 1198 2413 Ἕλληνες,
1234 2350 1342 2401 ἀπὸ
1375 2351 1566 2405 τούτου
1603 2355 1770 2410 ἐπλα-

203 2421 454 2491 νήθησαν
485 2429 533 2478 οἱ
574 2425 837 2498 Ἑϐραῖοι,
870 2434 976 2486 ἀπὸ
1018 2439 1208 2490 τούτου
1252 2442 1299 2492 οί
1331 2443 1767 2515 Μουσουλμάνοι.

204 2512 299 2564 Διδ
347 2514 449 2566 οὐκ
497 2518 738 2587 ἐδέχοντο
789 2524 962 2577 ταῦτα
1009 2527 1215 2596 πίστει,
1244 2531 1318 2594 ὡς
1345 2535 1472 2599 ἀξια
1508 2537 1766 2603 πίστεως,

206 2604 327 2654 ἀλλ’
377 2607 596 2676 ἐζήτουν
646 2613 784 2666 αἱ,τά
829 2618 966 2684 μετά
1011 2620 1358 2687 ἀποδείξεως.
1395 2627 1499 2681 Καὶ
1553 2632 1680 2693 ῑσως
1722 2634 1770 2685 oi

205 2690 560 2761 Ἕλληνες,οΞ
587 2699 659 2768 μὴ
688 2699 902 2768 ἔχοντες
933 2705 1146 2773 βίϐλους
1173 2713 1266 2763 καὶ
1299 2690 1772 2782 προφήτας,ούδέν

205 2781 319 2831 εἱσι
349 2783 613 2852 τοσαύτης
645 2792 976 2861 κατηγορίας
1009 2796 1172 2864 ἄξιοι,
1211 2799 1400 2872 ὥσπερ
1439 2809 1485 2857 oi
1529 2807 1769 2862 Ἰουδαῖοι

206 2873 305 2922 καὶ
353 2877 398 2925 o!
434 2875 870 2947 Μουσουλμὰνοι.
919 2885 1028 2937 Καὶ
1074 2888 1182 2957 γὰρ
1236 2892 1335 2945 οὐκ
1392 2894 1507 2948 ἔστι
1563 2898 1770 2962 γελοῖον

207 2964 466 3030 πρᾶγμα,
517 2967 603 3020 ἵνα
654 2970 753 3032 τάς
805 2976 904 3042 μὲν
946 2976 1162 3044 βίϐλους
1217 2984 1436 3052 τιμῶσι,
1490 2989 1557 3038 τα
1609 2989 1662 3042 δὲ
1711 2993 1769 3043 ἐν

205 3053 394 3116 αὐτοῖς
447 3062 804 3130 γεγραμμένα
851 3066 1117 3135 ἀθετῶσι;
1167 3071 1261 3125 καὶ
1305 3076 1430 3138 τοὺς
1482 3081 1767 3148 προφήτας

209 3143 646 3212 μακαρίζοντες,
701 3152 793 3204 τὸν
851 3159 983 3225 παρ’
1038 3161 1224 3222 αὐτοῖς
1289 3169 1766 3236 προφητευὸμενον

208 3233 698 3305 άποστρέφωνταις
759 3242 880 3296 Ἐπὶ
938 3247 1100 3300 πλέον
1157 3250 1213 3303 δέ
1271 3255 1374 3306 εισι
1435 3233 1769 3326 κατηγορίας

206 3323 349 3386 ἄξιοι
393 3327 442 3376 oi
500 3329 940 3402 Μουσουλμάνοι.
987 3339 1400 3410 Παραλαϐόντες
1459 3323 1769 3419 γὰροῦτοι

209 3414 354 3478 μετά
384 3416 492 3470 τῶν
515 3419 688 3473 ἄλλων
719 3423 956 3492 βιϐλίων,
984 3430 1064 3483 ὅτι
1091 3432 1153 3485 τὸ
1183 3434 1278 3486 τοῦ
1319 3414 1558 3506 Χριστοῦ
1588 3443 1768 3512 Εὐαγ-

203 3505 389 3572 τὲλιον
433 3506 587 3575 ἅγιον
635 3516 726 3565 καὶ
767 3517 968 3572 τέλειον
1002 3523 1095 3575 καὶ
1144 3526 1253 3578 ἀπὸ
1299 3505 1431 3583 Θεοῦ
1463 3533 1598 3598 ἔστι,
1628 3505 1768 3607 λόγῳ

212 3595 364 3664 μόνῳ
407 3600 643 3668 τιμῶσιν
689 3605 842 3673 αὐτὸ,
874 3607 1020 3679 ἔργῳ
1060 3611 1116 3664 δὲ
1157 3617 1411 3671 τοσοῦτον
1437 3595 1769 3688 ἀφίστανται

211 3689 489 3757 μακρόθεν
527 3693 715 3758 αὑτοῦ,
739 3696 862 3750 ὅσον
888 3701 981 3753 τοῦ
1015 3703 1246 3773 οὐρανοῦ
1287 3711 1319 3778 ή
1348 3714 1440 3780 γῆ.
1470 3715 1578 3766 Καὶ
1609 3718 1771 3784 ἀφέν-

204 3794 298 3839 τες
328 3781 431 3849 τὴν
471 3783 569 3852 τῆς
617 3786 875 3854 ἀληθείας
922 3791 1059 3855 ὁδὸν,
1090 3795 1444 3854 ἀκολουθοῦσι
1496 3807 1614 3867 ταῖς
1659 3781 1769 3861 τῶν

217 3867 494 3937 Ἑλλήνων
539 3879 791 3940 ματαίαις
833 3883 925 3932 καὶ
965 3889 1409 3955 πεπλανημέναις
1440 3893 1637 3960 δόξαις,
1676 3901 1772 3953 καὶ

205 3959 355 4027 ἅπερ
394 3961 454 4010 οὐ
498 3961 716 4016 δύναται
765 3968 794 4018 6
848 3969 971 4032 νοῦς
1022 3975 1200 4028 αὐτῶν
1245 3979 1330 4030 ἵνα
1373 3984 1675 4058 καταλάϐῃ,
1707 3991 1767 4040 οὗ

204 4052 604 4122 παραδέχονται
634 4057 788 4122 ὅλως,
813 4061 946 4115 ἀλλά
986 4065 1276 4132 ζητοῦντες
1305 4072 1373 4122 τά
1408 4073 1546 4144 ὑπὲρ
1581 4079 1766 4143 φύσιν,

205 4143 300 4193 καὶ
342 4142 416 4210 μὴ
445 4145 733 4214 δυνάμενοι
766 4153 1099 4220 κατανοῆσαι
1133 4158 1290 4221 αὐτὰ,
1326 4162 1512 4216 πλανῶ
1527 4183 1635 4218 ιται
1661 4170 1769 4223 ἀπὸ

201 4233 305 4295 τῆς
337 4234 615 4301 ἀληθείας,
645 4242 737 4291 καὶ
776 4240 993 4306 λέγουσι
1042 4247 1109 4299 τά
1158 4253 1258 4318 τῆς
1301 4253 1538 4317 διανοίας
1589 4261 1768 4314 αὐτῶν

204 4324 636 4393 ἀναπλασματα,
672 4330 752 4383 ὅτι
783 4332 905 4395 Πῶς
935 4335 1048 4388 ἐστι
1085 4337 1308 4393 δυνατὸν
1338 4341 1482 4410 ἔχειν
1512 4348 1602 4398 τὸν
1634 4348 1768 4402 Θεὸν

205 4416 323 4466 υἱὸν
354 4415 486 4468 ἄνευ
517 4420 810 4486 γυναικός;
847 4425 940 4475 καὶ
970 4426 1142 4480 ταῦτα
1178 4431 1319 4492 τίνες
1349 4435 1399 4485 oi
1431 4437 1765 4505 ἐρευνῶντες

201 4504 304 4570 τὴν
335 4503 430 4555 τοῦ
455 4504 585 4558 Θεοῦ
615 4508 905 4576 γέννησινς
946 4513 1009 4567 Οἱ
1043 4517 1128 4586 μὴ,
1157 4520 1511 4586 γινώσκοντες
1563 4529 1766 4592 πόσους

201 4594 465 4662 ἀστέρας.
507 4595 620 4664 ἔχει
678 4601 707 4653 6
761 4601 1009 4669 οὐρανὸς,
1063 4608 1232 4670 πόσας
1295 4613 1522 4675 κοτύλας
1584 4618 1772 4683 ὕδατος

200 4684 316 4751 εχει
363 4685 426 4737 τὸ
455 4688 710 4755 πέλαγος,
741 4694 880 4762 πόση
916 4697 1064 4748 ἐστὶν
1099 4701 1126 4768 ἡ
1176 4702 1325 4770 παρά
1374 4705 1434 4756 τὸ
1477 4708 1652 4774 χεῖλος
1675 4714 1772 4777 τῆς

202 4772 493 4842 θαλάσσης
537 4779 742 4846 ἄμμος,
774 4783 868 4834 καὶ
915 4785 1048 4837 ἄλλα
1097 4788 1258 4855 ὅμοια
1313 4772 1522 4856 τούτοις
1579 4772 1770 4866 μυρία,

201 4864 317 4916 Καὶ
342 4864 442 4934 τὴν
473 4866 675 4920 τούτων
700 4873 1003 4942 κατάληψιν
1034 4877 1380 4947 ἀγνοοῦντες,
1422 4887 1770 4942 πιστεύουσιν

198 4954 380 5023 ὅμως,
411 4958 493 5008 ὅτι
521 4958 656 5012 Θεοῦ
700 4963 806 5014 εἱσι
840 4967 1139 5035 ποιήματα,
1175 4973 1266 5024 καὶ
1311 4976 1369 5026 ἐν
1415 4977 1605 5047 εἰρήνῃ
1637 4981 1768 5032 διά-

200 5060 387 5110 γουσι,
428 5045 526 5114 τὴν
573 5049 631 5101 δὲ
667 5050 762 5102 τοῦ
797 5052 928 5105 Υίοῦ
958 5057 1051 5108 τοῦ
1086 5058 1218 5111 Θεοῦ
1253 5065 1507 5132 γέννησιν
1543 5045 1765 5136 ἀκριϐο-

199 5134 462 5200 λογοῦσιν
505 5138 654 5205 ὅμως
683 5143 880 5196 ἐκεῖνοι
907 5147 953 5197 oi
1002 5147 1075 5217 μὴ
1119 5151 1476 5214 γινώσκοντες
1503 5134 1766 5224 τὴν-ἰδίαν

198 5226 481 5294 γέννησινο
516 5229 825 5286 εἰπάτωσαν
873 5236 1026 5304 ἡμῖν,
1063 5239 1177 5302 πῶς
1217 5241 1554 5314 ὲσωματώθη
1584 5247 1644 5298 τὸ
1671 5249 1763 5301 τοῦ

195 5318 414 5386 πατρὸς
470 5320 650 5373 αὐτῶν
700 5326 922 5394 σπέρμα
977 5333 1033 5379 ἐν
1082 5333 1148 5400 τῇ
1197 5334 1374 5403 κοιλίᾳ
1418 5336 1513 5404 τῆς
1561 5338 1765 5407 μητρὸς

199 5405 408 5470 αὐτῶν,
444 5401 540 5460 καὶ
572 5411 702 5466 πότε
731 5417 947 5482 ἐγένετο
993 5421 1024 5489 ή
1053 5419 1198 5490 ψυχὴ
1248 5401 1425 5475 αὑτων
1469 5401 1524 5475 ἐν
1662 5401 1766 5478 σώ-

201 5517 340 5569 ματι
387 5501 590 5564 αὐτῶν,
621 5507 712 5556 καὶ
747 5506 879 5559 πότε
920 5505 1104 5578 ἦλθεν,
1137 5512 1231 5564 καὶ
1278 5515 1326 5564 εί
1372 5515 1622 5582 ἡνωμένη
1651 5516 1766 5567 ἐστὶ

1874 1877 2098 1940 auditis,
2147 1882 2361 1936 discant
2409 1899 2510 1937 nos
2565 1895 2712 1941 recte
2761 1892 3002 1955 sentire;
3050 1897 3440 1960 quamvis'nos

1877 1965 2341 2023 Musulmanorum
2398 1973 2793 2032 intercessione
2842 1995 2979 2047 opus
3035 1980 3237 2034 habere
3290 1982 3434 2050 judi-

1866 2065 2018 2120 cent,
2044 2061 2505 2127 quemadmodum
2537 2074 2590 2118 tu
2633 2066 2792 2131 dicis,
2822 2084 2889 2122 eo
2912 2071 3068 2138 quod
3108 2074 3436 2127 conﬁtemur

1874 2157 1929 2202 et
1959 2150 2234 2206 credimus
2275 2152 2553 2209 Christum
2593 2158 2689 2212 Dei
2738 2158 2934 2215 Filium
2971 2177 3091 2217 esse
3141 2174 3197 2218 et
3238 2165 3433 2230 Deum,

1872 2243 2328 2308 quemadmodum
2363 2254 2418 2301 tu
2450 2248 2505 2302 in
2527 2251 2756 2318 epistola
2793 2253 2857 2306 ad
2889 2269 2974 2308 me
3011 2256 3174 2309 missa
3216 2258 3431 2313 scribis.

1871 2330 2194 2387 Defeccrunt
2233 2345 2416 2390 autem
2443 2338 2509 2391 ab
2535 2340 2638 2394 hoc
2663 2341 2858 2409 Grazci,
2890 2343 3211 2401 defecerunt
3235 2350 3302 2403 ab
3330 2348 3436 2406 hoc

1876 2418 2110 2487 Hebraei,
2163 2425 2232 2478 ab
2282 2427 2474 2481 eodem
2529 2432 2694 2486 etiam
2747 2433 3096 2501 Musulmani,
3147 2451 3433 2509 propterea

1872 2513 2018 2581 quod
2053 2513 2168 2568 haec
2200 2532 2307 2569 non
2340 2526 2400 2572 ut
2430 2518 2533 2573 ﬁde
2562 2521 2722 2590 digna
2758 2540 2857 2592 per
2897 2527 3056 2580 [idem
3083 2542 3432 2598 receperunt,

1873 2603 1967 2658 sed
2003 2604 2566 2665 demonstralionibus
2596 2614 2887 2681 cupierunt
2928 2618 3221 2689 inquirere.
3258 2623 3436 2677 Minus

1872 2705 2050 2750 tamen
2087 2699 2283 2763 Graaci,
2314 2701 2405 2769 qui
2434 2703 2592 2758 lihris
2625 2707 2787 2760 simul
2825 2718 2880 2762 et
2907 2712 3191 2780 prophetis
3223 2725 3432 2781 carent,

1872 2789 2157 2843 iucusandi
2186 2803 2334 2856 sunt,
2367 2810 2529 2859 altam
2565 2796 2736 2852 Judaei
2768 2809 2823 2853 ct
2855 2801 3198 2858 Musulmaui.
3242 2805 3434 2861 Nonne

1870 2882 2014 2934 enim
2061 2882 2350 2938 ridiculum
2381 2897 2481 2951 est,
2523 2890 2668 2957 quod
2697 2891 2846 2959 ipsos
2876 2893 3046 2947 libros
3078 2908 3431 2963 venerantur,

1871 2987 1932 3024 ea
1973 2988 2105 3026 vero
2154 2989 2275 3041 quze
2334 2977 2388 3029 in
2437 2978 2574 3045 ipsis
2624 2983 2999 3048 continentur,
3051 2998 3431 3047 contemnunt.

1869 3071 1924 3115 et
1962 3079 2085 3117 cum
2120 3069 2410 3134 prophetas
2450 3069 2638 3124 beatos
2670 3087 2790 3126 esse
2824 3075 3138 3141 praedicent,
3180 3093 3306 3132 eum
3338 3083 3431 3147 qui

1872 3155 1938 3204 ah
1970 3154 2104 3220 ipsis
2134 3157 2427 3224 prazdictus
2455 3170 2558 3223 est,
2593 3167 2963 3216 aversantur?
2989 3166 3216 3221 Maxime
3253 3179 3430 3224 tamen

1871 3245 2114 3297 omnium
2183 3247 2508 3302 Musulmani
2566 3251 2932 3318 vituperandi,
2986 3259 3079 3324 qui
3146 3274 3269 3312 cum
3325 3277 3431 3314 una

1871 3347 1995 3386 cum
2053 3335 2176 3388 aliis
2224 3336 2376 3390 libris
2433 3338 2634 3394 Christi
2695 3341 3047 3412 Evangelium
3105 3362 3202 3400 ceu
3249 3365 3435 3403 sacro-

1870 3433 2142 3488 sanctum,
2191 3426 2500 3482 absolutum
2537 3439 2592 3483 ct
2635 3432 2880 3488 divinum
2925 3438 3210 3504 recipiant,
3247 3442 3432 3494 verbis

1869 3513 2038 3569 nudis
2069 3516 2201 3570 illud
2239 3533 2592 3584 venerantur,
2624 3523 2780 3577 factis
2807 3541 2937 3581 vero
2978 3538 3188 3582 tantum
3228 3531 3296 3585 ab
3336 3533 3431 3586 illo

1871 3605 2159 3670 dissident.
2193 3619 2457 3677 quantum
2495 3613 2692 3667 caelum
2742 3630 2770 3669 a
2813 3625 2956 3671 terra
3011 3620 3197 3684 distat,
3240 3630 3297 3675 et
3345 3640 3432 3677 re-

1871 3697 1996 3752 licta
2027 3699 2273 3762 veritatis
2305 3702 2414 3764 via,
2460 3719 2626 3758 vanas
2665 3714 2721 3761 et
2752 3708 3091 3764 errabundas
3121 3712 3431 3768 Cnet-orum

1872 3787 2163 3853 opiniones
2195 3804 2523 3861 sequuntur,
2573 3806 2628 3850 et
2670 3811 2791 3865 quae
2836 3799 3148 3856 intellectus
3185 3803 3429 3868 ipsorum

1873 3893 2067 3947 capere
2116 3883 2325 3950 nequit,
2375 3888 2598 3939 omnino
2642 3901 2748 3940 non
2791 3890 3103 3957 recipiunt;
3152 3895 3249 3948 sed
3299 3895 3430 3950 dum

1873 3985 2036 4040 supra
2097 3981 2349 4026 naturam
2401 3976 2613 4044 singula
2669 3976 3062 4048 investigantes
3120 3999 3184 4036 ea
3238 4001 3434 4054 appre-

1875 4061 2113 4116 hendere
2137 4072 2244 4116 ncn
2281 4075 2531 4131 possunt,
2559 4081 2587 4118 a
2623 4069 2854 4121 veritate
2892 4070 3166 4135 aberrant,
3197 4083 3252 4126 et
3287 4078 3434 4144 cogi-

1872 4153 2136 4204 tationum
2166 4167 2388 4206 suarum
2424 4156 2677 4224 ligmeuta
2704 4158 3011 4223 proferunt,
3039 4179 3256 4231 nempe,
3287 4165 3432 4229 Quo-

1871 4241 2032 4294 modo
2078 4243 2335 4310 possibile
2379 4254 2465 4299 est
2510 4257 2569 4300 ut
2608 4247 2767 4301 'Deus
2816 4248 3013 4305 habeat
3065 4252 3260 4306 Filium
3311 4257 3430 4310 sine

1873 4332 2147 4385 muliere?
2175 4333 2242 4387 Et
2267 4333 2322 4388 hi
2353 4345 2480 4388 sunt
2506 4338 2599 4406 qui
2634 4351 3050 4406 perscrutantur
3071 4345 3309 4411 penitius
3334 4347 3427 4400 Dei

1868 4423 2315 4495 geiierationem,
2344 4437 2399 4481 et
2452 4428 2706 4496 ignorant
2747 4429 2964 4483 interim
3018 4444 3152 4501 quot
3187 4435 3241 4488 in
3291 4438 3432 4491 C(Bln

1873 4513 2043 4566 stella:
2076 4514 2312 4582 luceant,
2354 4525 2489 4584 quot
2529 4533 2683 4587 aqua:
2713 4536 3000 4576 mensuras
3034 4525 3312 4579 contineat
3341 4543 3433 4592 pr-

1867 4605 2042 4673 lagus,
2076 4617 2314 4674 quantus
2341 4608 2411 4662 sit
2437 4624 2616 4664 arenae
2649 4611 2702 4663 iu
2728 4611 2916 4665 littore
2955 4614 3118 4666 maris
3147 4630 3429 4676 immerus,

1867 4705 1922 4749 et
1951 4697 2056 4750 alia
2089 4697 2402 4766 hujusmodi
2438 4700 2672 4753 inﬁnita.
2719 4701 2782 4755 Et
2811 4702 2938 4756 licet
2981 4702 3178 4756 horum
3221 4717 3428 4759 certam

1870 4787 2136 4841 rationem
2179 4789 2452 4856 ignorent,
2491 4790 2719 4844 credunt
2771 4795 3122 4861 tamenquod
3172 4795 3285 4849 hmc
3333 4797 3426 4850 Dei

1870 4893 2034 4945 Opera
2066 4879 2194 4942 sint,
2230 4896 2408 4949 neque
2447 4880 2513 4934 de
2556 4881 2640 4935 his
2673 4883 3097 4937 tumultuantur.
3133 4885 3252 4939 Filii
3300 4904 3426 4968 vero

1875 4968 1968 5020 Dei
1989 4970 2389 5036 generationem
2418 4973 2664 5040 argutius
2687 4975 2917 5026 scrutari
2952 4983 3183 5034 tentant,
3213 4977 3266 5028 hi
3298 4978 3421 5044 ipsi,

1878 5060 2132 5127 inquami,
2185 5061 2277 5127 qui
2334 5077 2434 5114 nec
2497 5062 2768 5129 propriam
2823 5065 2903 5116 sui
2962 5064 3133 5130 ipsius
3193 5081 3423 5131 genera-

1876 5151 2075 5203 tionem
2119 5154 2412 5203 nover‘uut.
2459 5152 2699 5220 Agedum
2732 5152 2916 5205 dicant
2961 5155 3034 5206 illi
3082 5156 3259 5221 nobis,
3291 5172 3426 5223 quo-

1875 5239 2032 5292 modo
2060 5239 2227 5306 patris
2260 5239 2502 5306 ipsorum
2536 5255 2721 5296 Semen
2748 5243 2801 5294 in
2834 5245 3022 5298 matris
3047 5253 3202 5298 utero
3226 5263 3424 5313 corpus

1870 5328 2072 5383 factum
2119 5330 2211 5394 sit,
2258 5337 2314 5383 et
2359 5333 2577 5398 quando
2614 5333 2793 5386 anima
2842 5333 3083 5402 ipsorum
3129 5335 3181 5387 in
3225 5353 3424 5403 corpus

1870 5422 2172 5487 devenerit,
2223 5426 2306 5477 vel
2361 5441 2490 5478 num
2543 5424 2842 5478 adveniens
2878 5441 3001 5478 cum
3053 5426 3169 5493 ἱμειι
3209 5427 3420 5482 semine

1869 5512 2152 5580 conjuncta
2181 5514 2263 5568 vel
2300 5516 2447 5569 unita
2477 5515 2660 5578 fuerit,
2693 5531 2788 5570 seu
2824 5517 3021 5568 minus.
3049 5515 3162 5576 Vel,
3199 5517 3241 5567 si
3274 5520 3421 5571 unita

203 5587 353 5659 μετά
400 5589 495 5642 τοῦ
546 5593 880 5665 σπέρματος,
913 5597 944 5666 ἦ
978 5597 1067 5666 of);
1102 5602 1189 5654 καὶ
1220 5603 1267 5653 εί
1311 5602 1455 5655 ἔστιν
1491 5605 1762 5672 ἡνωμένη,
1842 5650 1863 5676 ,

1757 5648 1762 5670 ,
1842 5605 1992 5676 .l'uit,
2043 5605 2316 5673 quodnam
2373 5605 2502 5659 illud
2555 5607 2620 5659 sit
2677 5607 2896 5660 unionis
2947 5609 3245 5660 vinculum.
3303 5609 3417 5673 Vei,

279 5745 327 5776 δ’
362 5743 494 5800 ibid.
532 5748 616 5804 17.
