4204 6444
203 419 298 484 43³1

1145 426 1445 486 CONTRA
1486 409 1968 486 innumera}:
2018 428 2387 487 APOLOGIA
2433 429 2482 488 Ι.

3317 425 3422 490 438

207 535 396 599 μάταια
452 549 543 584 και
596 533 765 602 ψευδῆ
818 534 999 602 λέγειν
1044 537 1104 588 οὐ
1161 536 1426 589 παύεσθεο
1463 539 1682 600 Πάντως
1715 540 1747 606 ἡ

1871 539 1990 594 'orte
2043 541 2137 606 (ut
2169 553 2222 594 tu
2258 541 2477 608 inquis)
2515 539 2740 594 dissidia
2780 539 2922 592 inter
2963 545 3224 604 utrosque
3266 539 3409 590 exsi-

205 623 376 685 πίττις
422 624 480 686 ἐξ
529 627 696 694 ἀκοῆς
747 630 882 680 ἐστι.
934 627 1039 679 Καὶ
1081 629 1163 691 τίς
1198 629 1338 681 οὕτω
1379 633 1586 692 πιστὸς.
1624 631 1696 693 ὼς
1731 634 1758 682 ὁ

203 711 289 761 τοῦ
327 712 456 763 Θεοῦ
487 715 679 780 Λόγος,
712 714 770 766 ὃν
812 717 968 782 ὑμεῖς
1013 718 1196 783 λέγετε
1240 719 1418 787 ψυχὴν
1463 719 1619 780 Θεοῦ,
1664 721 1758 772 καὶ

205 801 420 869 Πνεῦμα
448 803 612 868 Θεοῦς
656 806 781 857 ποία
811 807 865 858 δὲ
899 809 1083 876 γραφὴ
1127 810 1400 878 ἀγιωτέρα
1433 813 1527 863 καὶ
1576 829 1760 864 πιστο-

203 895 330 957 τέρα
357 893 447 945 τοῦ
479 895 844 961 Εὑαγγελίους
879 897 907 948 ὂ
938 899 1000 967 δὴ
1031 901 1358 966 Εὑαγγὲλιον
1388 903 1639 968 ὁμολογεῖ
1665 905 1758 954 καὶ

205 984 357 1046 αὐτὸς
391 987 417 1037 6
465 987 705 1055 Μωὰμεο
763 989 916 1054 ἆγιον
952 993 1045 1042 καὶ
1079 991 1286 1043 τέλειον
1316 1009 1329 1022 ο
1365 994 1471 1046 ἔδει
1501 995 1656 1060 γοῦν,
1686 997 1760 1056 ὡς

205 1075 432 1142 εἴρηται,
465 1077 548 1128 ἵνα
593 1080 1175 1150 ἁπολυπραγμονήτως
1224 1085 1514 1153 πιστεύητε
1555 1088 1620 1138 τὰ
1665 1087 1759 1138 τοῦ

204 1168 332 1220 Θιοῦ
371 1171 527 1235 λόγια
559 1177 650 1222 καὶ
679 1173 787 1225 τῶν
818 1177 1135 1243 προρητῶν.
1185 1178 1338 1229 Ἐπεὶ
1373 1179 1427 1231 δὲ
1469 1181 1546 1239 εἰς
1579 1182 1762 1232 τοιαύ-

202 1276 298 1320 τας
330 1261 556 1324 ἀτοπίας
603 1264 949 1331 εὑρίσκεσθε,
990 1268 1100 1319 ἰδοὺ
1140 1269 1446 1336 ὲξανάγκης
1497 1271 1762 1339 μέλλομεν

205 1350 372 1400 εἰπεῖν
421 1368 473 1403 τι
522 1355 1190 1426 παραδειγματικώτερον,
1236 1363 1283 1412 εἰ
1343 1362 1436 1412 καὶ
1486 1363 1551 1413 τὰ
1585 1379 1764 1431 παρα-

202 1442 464 1508 δείγματα
495 1445 553 1496 ού
594 1445 848 1500 δύνανται
881 1451 1049 1514 δεῖξαι
1099 1451 1302 1520 ἀκριϐῆ
1338 1455 1437 1520 τὴν
1477 1456 1761 1522 ἀλήθειαν,

205 1531 492 1599 ἐξαιρέτως
541 1534 596 1585 δὲ
652 1539 733 1599 εἰς
789 1539 880 1590 τὸν
929 1539 1086 1591 Θεόν.
1153 1541 1276 1592 Τῶν
1329 1543 1607 1595 ἀδυνάτων
1657 1546 1764 1612 γάρ

205 1624 345 1673 ἐστιν
377 1623 719 1693 ἀνθρώπινον
754 1629 878 1681 νοῦν
921 1631 1100 1696 εὑρεῖν
1130 1648 1183 1683 τι
1231 1636 1463 1704 πρᾶγμα
1499 1636 1766 1698 εἱκονίζον

204 1716 444 1784 ἀκριόὠς
472 1720 572 1787 τὴν
602 1720 696 1770 τοῦ
731 1719 866 1772 Θεοῦ
898 1724 1173 1790 γέννησιν.
1211 1725 1401 1792 ’Ὅμως
1432 1726 1762 1794 ὲξανάγκης,

1857 643 2022 687 stant.
2057 635 2319 686 Errantes
2349 634 2494 687 enim
2523 649 2551 685 a
2585 649 2712 687 vero
2741 642 2794 685 et
2825 640 2974 684 recto
3003 630 3244 693 tramite,
3274 645 3410 682 vana

1857 730 1910 773 et
1943 723 2118 774 inania
2166 722 2314 790 loqui
2349 738 2627 790 nunquam
2661 721 2932 775 desinitis.
2969 720 3128 772 Fides
3163 729 3315 772 certe
3345 733 3410 770 ex

1857 815 2044 868 auditu
2093 824 2216 867 est:
2266 826 2320 868 ct
2369 815 2499 883 quid
2545 830 2728 882 quaeso
2775 824 2884 867 tam
2936 812 3040 865 [ide
3073 811 3293 877 dignum
3338 825 3421 860 es.

1859 923 2017 972 quam
2053 907 2290 959 Verbum
2325 908 2440 969 Dei,
2477 907 2620 973 quod
2657 921 2753 957 vos
2797 905 3034 956 animam
3071 902 3185 961 Dei,
3223 909 3277 952 et
3308 899 3395 965 Spi

1861 996 2023 1047 ritum
2060 997 2149 1048 Dei
2181 997 2511 1062 appellatis?
2553 996 2684 1059 ριιςι»
2742 1004 2919 1047 autem
2956 994 3224 1057 scriptura
3258 991 3429 1041 Evan-

1861 1087 2001 1154 gelio
2029 1096 2111 1140 est
2155 1087 2419 1148 sanetior’,
2467 1096 2522 1140 et
2574 1088 2678 1138 [ide
2713 1085 2974 1154 dignior?
3027 1085 3158 1136 Illud
3191 1083 3338 1137 enim
3373 1091 3430 1134 et

1863 1177 1975 1242 ipse.
2025 1177 2298 1229 .llahomet
2356 1189 2764 1230 sacrosanctum
2828 1185 2883 1229 et
2945 1175 3268 1228 absolutum.
3307 1188 3428 1225 es~o

1863 1267 2172 1320 conﬁtetur.
2209 1266 2359 1335 Opus
2413 1266 2579 1336 igitur
2615 1267 2779 1319 fuerit
2825 1267 2925 1334 (ut
2965 1274 3020 1318 et
3061 1274 3185 1316 ante
3219 1263 3425 1315 dictum

1862 1358 1987 1420 ρει),
2031 1359 2344 1411 ruriositate
2373 1361 2519 1412 (ιιιιηὶ
2553 1359 2779 1419 omissa,
2811 1360 2903 1412 Dei
2942 1370 2996 1411 et
3036 1356 3426 1424 prophetarum

1863 1449 2088 1502 ert-dere
2141 1452 2442 1503 miraculis.
2483 1452 2752 1516 Quoniam
2797 1466 2928 1503 vero
2983 1451 3034 1502 in
3081 1458 3283 1501 tantam
3336 1445 3432 1496 ab-

1862 1543 2181 1594 surditatem
2237 1543 2571 1603 devenistis,
2628 1558 2696 1595 eu
2752 1540 3079 1594 necessitate
3144 1537 3418 1604 compulsi

1865 1637 2068 1703 aliquid
2101 1637 2343 1703 apertius
2374 1652 2472 1688 ceu
2501 1635 2750 1702 exemplo
2777 1633 2954 1686 oculis
2974 1633 3220 1700 subjecto
3239 1629 3429 1682 admu-

1867 1731 2169 1794 brahimus,
2204 1730 2329 1782 licet
2363 1728 2570 1780 veritas
2609 1704 2874 1792 exetuplis
2923 1724 3163 1792 perfecte
3199 1721 3428 1772 demon-

202 1807 273 1867 ὡς
305 1809 543 1876 εἴρηται,
576 1810 810 1878 λέγομεν
859 1813 940 1864 ὅτι
986 1816 1242 1879 γεννᾶται
1272 1817 1346 1878 ὡς
1373 1818 1526 1886 λόγος
1559 1821 1622 1871 ἐκ
1653 1823 1765 1884 νοῦ,

1871 1824 2028 1874 strari
2086 1836 2189 1874 non
2261 1820 2454 1888 possit,
2514 1833 2688 1884 eaque
2748 1815 3016 1882 imprimis
3071 1803 3191 1880 quaé
3263 1812 3431 1863 Deum

205 1899 296 1950 καὶ
336 1901 490 1960 ἀκτὶς
525 1903 583 1965 ἐξ
635 1903 805 1971 ἡλίου.
837 1904 900 1956 Τί
950 1905 1079 1970 γοῦν
1125 1908 1274 1960 δοκεῖ
1304 1910 1466 1977 ύμῖνς
1502 1912 1638 1979 μετὰ
1667 1931 1764 1980 γυ.

205 1991 388 2050 ναικὸς
441 1994 608 2061 γεννᾷ
656 1995 684 2045 6
730 1994 854 2057 νοῦς
909 1997 1002 2056 τὸν
1052 1997 1234 2061 λόγον,
1285 2003 1376 2053 καὶ
1413 2003 1440 2053 6
1473 2003 1623 2071 ἥλιος
1673 2006 1768 2073 τὴν

206 2084 397 2133 ἀκτῖνα
440 2084 640 2146 αὐτοῦς
686 2087 718 2154 ἦ
769 2088 855 2139 διὰ
909 2091 1066 2142 τοῦτο
1111 2093 1428 2160 εὑρίσκεται
1492 2097 1769 2159 διάστασις

207 2175 299 2224 καὶ
330 2175 606 2241 χωρισμὸς
637 2177 733 2227 καὶ
769 2179 1043 2246 σχίσματα
1092 2182 1255 2248 μέσον
1285 2184 1499 2248 αύτῶνς
1535 2189 1643 2238 Καὶ
1675 2188 1770 2238 ἐὰν

205 2267 237 2330 ἡ
269 2265 496 2331 τοιαύτη
521 2266 772 2334 γέννησις
795 2270 893 2322 οὐκ
921 2270 1033 2337 ἔχει
1059 2270 1203 2337 ἆπερ
1234 2272 1422 2340 λέγετε
1445 2277 1624 2343 ὑμεῖς,
1654 2278 1771 2340 πῶς

206 2360 238 2422 ἡ
284 2356 376 2406 τοῦ
428 2357 561 2407 Θεοῦ
611 2358 828 2426 ἀπαθὴς
881 2362 976 2413 καὶ
1021 2362 1164 2431 ἁπλῆ
1193 2364 1445 2431 γέννησις
1489 2366 1771 2420 ὑπόκειται

209 2445 320 2506 τοῖς
370 2446 639 2508 τοιούτοις
697 2449 792 2500 καὶ
847 2449 1122 2512 τοσούτοις
1182 2453 1534 2521 ἁτοπήμασις
1587 2457 1771 2510 Ταῦτα

209 2537 386 2587 πάντα
432 2537 738 2604 εἰρήκαμεν
770 2538 1079 2609 ὲξανὰγκης
1109 2543 1194 2596 διὰ
1236 2543 1335 2611 τὴν
1377 2547 1633 2600 ἀπιστίαν
1680 2551 1774 2602 καὶ

212 2625 496 2678 ἀσθένειαν
522 2627 698 2694 ὑμῶν.
758 2630 836 2682 Τὰ
887 2631 980 2682 τοῦ
1037 2631 1172 2684 Θεοῦ
1230 2637 1337 2704 γὰρ
1387 2637 1524 2706 ὑπὲρ
1587 2642 1772 2692 πᾶσαν

210 2715 554 2784 ἀνθρωπίνην
599 2719 694 2771 καὶ
728 2720 1028 2790 ἀγγελικὴν
1074 2725 1380 2793 κατάληψίν
1423 2731 1580 2784 εἰσιν.
1614 2733 1777 2783 Εὐκο-

211 2807 458 2874 πώτερον
492 2810 597 2876 γάρ
632 2810 744 2862 ἐστι
782 2816 1073 2865 καταπιεῖν
1111 2816 1398 2884 ἄνθρωπον
1431 2821 1521 2872 τὸν
1547 2823 1776 2889 οὐρανὸν

209 2901 304 2949 καὶ
331 2900 431 2966 τὴν
453 2903 557 2968 γῆν
591 2903 686 2954 σὺν
709 2905 841 2956 πᾶσι
879 2908 993 2966 τοῖς
1029 2907 1344 2976 κτίσμασιν,
1375 2911 1406 2979 ἢ
1434 2912 1569 2964 Θεοῦ
1613 2915 1774 2980 φύσιν

211 2989 564 3044 καταλαϐεῖν.
597 2992 657 3042 Ei
682 2993 738 3044 δὲ
761 2993 920 3046 τοῦτο
946 2997 1232 3063 ἀδύνατον,
1249 3000 1367 3052 οὐδὲ
1390 3001 1491 3069 τὴν
1518 3005 1776 3073 γέννησιν

211 3078 538 3148 ἐξαναγκης.
574 3081 765 3150 Ὅμως
802 3085 829 3135 6
867 3085 1112 3155 Μωὰμεο
1168 3091 1262 3142 καὶ
1300 3093 1498 3155 πάντες
1540 3096 1588 3146 οἱ
1632 3097 1778 3148 Μου-

1871 1921 2131 1980 speetant.
2167 1909 2503 1978 Impossibile
2543 1909 2689 1961 enim
2719 1915 2802 1960 est
2828 1907 3117 1957 lmmauam
3163 1903 3432 1954 ratium-in

1872 2018 1984 2055 rem
2021 2003 2255 2068 aliquam
2302 1998 2570 2061 invenire,
2604 2013 2722 2065 qua:
2751 2004 2938 2049 exacte
2971 2003 3026 2047 et
3054 1993 3304 2045 absolute
3340 1991 3430 2042 Dt‘i

1872 2093 2280 2160 generationem
2333 2089 2539 2143 referre
2577 2088 2768 2154 possit.
2811 2085 3196 2139 Verumtamen
3249 2098 3436 2134 ncces-

1873 2183 2032 2234 sitate
2079 2183 2248 2234 coacti
2284 2188 2382 2246 (ut
2429 2180 2590 2232 modo
2643 2177 2919 2244 diximus)
2973 2175 3208 2227 latemur
3237 2173 3432 2227 Filium

1875 2272 1968 2327 Dei
2011 2272 2090 2326 sic
2131 2288 2158 2324 a
2193 2273 2302 2326 Deo
2339 2271 2610 2341 generari,
2651 2278 2708 2322 ut
2741 2270 2881 2321 ratio
2909 2281 2972 2319 ex
3003 2275 3183 2318 mente
3229 2265 3312 2317 vel
3351 2265 3438 2315 in-

1876 2366 2116 2425 tellectu,
2162 2374 2214 2418 et
2267 2364 2401 2418 radii
2434 2378 2498 2416 ex
2552 2363 2665 2415 sole
2716 2360 2964 2429 generari
3011 2367 3434 2410 consueverunt.

1875 2455 2012 2521 Quid
2045 2457 2213 2524 igitur
2240 2457 2397 2509 vobis
2434 2453 2650 2507 videtur
2673 2453 2694 2504 ’ί
2721 2451 2859 2504 Num
2887 2465 2954 2502 ex
2997 2449 3229 2501 muliere
3280 2446 3409 2499 illlt‘l
3431 2478 3446 2483 -

1877 2548 2050 2600 lectus
2103 2549 2392 2611 rationem,
2444 2553 2535 2598 aut
2593 2545 2671 2598 sol
2714 2543 2895 2594 radios
2926 2539 3138 2609 gignit?
3179 2539 3260 2591 vel
3304 2555 3432 2591 nunt

1881 2647 2167 2706 propterea
2215 2635 2434 2704 aliquod
2475 2635 2618 2686 inter
2652 2633 2766 2685 ha-c
2795 2630 3083 2683 dissidinm
3127 2629 3438 2694 deprehen-

1879 2727 2066 2780 ditur?
2098 2726 2252 2791 Quod
2285 2727 2328 2778 si
2365 2725 2531 2793 igitur
2565 2723 2682 2775 hinc
2727 2721 3008 2790 generatio
3043 2719 3112 2772 ab
3153 2719 3238 2770 his
3272 2717 3439 2784 (quod

1879 2830 1932 2874 et
1981 2835 2075 2871 vos
2109 2817 2375 2880 fatemini)
2414 2815 2584 2867 libera
2636 2821 2737 2872 est,
2773 2810 3048 2879 quomodo
3083 2811 3175 2863 Dei
3225 2809 3439 2876 simpli-

1881 2926 1995 2964 cem
2027 2917 2083 2961 ct
2129 2909 2274 2961 muni
2307 2908 2556 2976 passione
2588 2913 2863 2958 carentem
2911 2902 3318 2972 generationem
3363 2907 3445 2952 tot

1880 3011 1933 3055 et
1963 3002 2124 3054 tantis
2153 2997 2587 3052 ahsurditatibus
2619 2995 2916 3066 subjectam
2946 3008 3066 3048 esse
3095 2990 3441 3062 putabimus?

1880 3093 2147 3147 Cancrum
2197 3091 2376 3143 omnia
2427 3089 2542 3143 haec
2572 3087 2755 3142 dicere
2786 3085 3082 3155 postulavit
3120 3084 3439 3144 necessitas,

209 3172 507 3236 σουλμάνοι
541 3174 865 3240 ὁμολογοῦσι
902 3179 996 3229 καὶ
1022 3177 1269 3243 λέγουσιν
1289 3183 1370 3235 ὅτι
1395 3185 1422 3234 ὁ
1447 3185 1682 3253 Χριστὸς
1713 3191 1777 3240 ἐκ

1881 3193 2103 3252 prOpter
2143 3181 2584 3235 incredulitatem
2637 3188 2692 3232 et
2745 3177 3116 3230 infirmitatem
3177 3185 3436 3228 vestram.

209 3262 309 3329 τῆς
342 3262 502 3329 ἁγίας
529 3265 806 3333 Παρθένου
841 3269 1058 3338 Μαρίας
1088 3273 1212 3324 ἄνευ
1253 3275 1442 3344 ἀνδρδς
1489 3281 1775 3350 ἐγεννήθη,

210 3353 306 3402 καὶ
345 3353 614 3418 παρθένος
643 3355 829 3408 ἔτεκεν
873 3359 1055 3421 αὑτὸν,
1083 3361 1179 3413 καὶ
1213 3365 1352 3430 μετὰ
1385 3367 1485 3435 τὴν
1525 3370 1780 3438 γέννησιν

207 3444 484 3508 παρθένος
546 3445 749 3513 ἔμεινε,
818 3450 912 3500 καὶ
968 3450 1057 3515 ἀεὶ
1121 3455 1387 3522 παρθένος
1439 3460 1776 3528 εὑρίσκεται.

221 3536 380 3588 Ἐπεὶ
429 3536 562 3603 γοῦν
619 3537 778 3590 τοῦτο
839 3540 1226 3607 ὁμολογοῦσιν,
1276 3545 1464 3615 ὥσπερ
1519 3551 1632 3600 ἐστὶ
1687 3554 1779 3604 καὶ

205 3628 462 3695 ἀλήθεια,
493 3630 811 3683 εἰπάτωσαν
860 3633 988 3699 ὑμῖν
1031 3634 1121 3686 τὸν
1167 3635 1322 3702 λόγον
1378 3641 1477 3708 τῆς
1526 3644 1780 3713 τοιαύτης

203 3720 542 3788 γεννήσεως.
575 3721 635 3772 Ei
672 3722 729 3773 δὲ
781 3723 939 3776 τοῦτο
980 3725 1265 3790 ἀδύνατον,
1291 3728 1343 3780 τί
1387 3735 1781 3797 ματαιοπονοῦ-

207 3824 318 3869 σιν,
369 3809 507 3876 ἀέρα
563 3809 846 3877 δέροντες,
892 3813 983 3864 καὶ
1035 3814 1317 3881 λέγοντες,
1375 3819 1457 3870 ὅτι
1520 3821 1780 3874 ἀδύνατον

205 3900 360 3966 ἔχειν
382 3899 471 3950 τὸν
491 3900 623 3952 Θεὸν
643 3901 769 3953 Υἱδν
793 3904 919 3955 ἄνευ
952 3906 1207 3971 γυναικός
1228 3923 1246 3987 ξ
1277 3908 1566 3961 καὶταῦτα
1601 3913 1776 3977 τίνες;

200 3993 255 4043 οἱ
286 3992 360 4043 τὰ
392 3991 582 4060 εὐτελῆ
629 3995 720 4044 καὶ
765 3994 1030 4061 οὑδαμινὰ
1068 3995 1143 4062 μὴ
1197 3998 1578 4061 γινώσκοντες.
1611 4004 1782 4054 Εἰπὰ-

200 4095 395 4129 τωσαν
426 4080 534 4146 γὰρ
564 4080 716 4146 ἡμῖν,
742 4079 768 4130 6
801 4080 998 4146 κώνωψ
1038 4082 1141 4132 ποῦ
1171 4081 1282 4149 ἔχει
1312 4086 1378 4135 τὰ
1407 4085 1713 4154 σπλάγχνα,
1745 4089 1776 4158 ἢ

203 4169 379 4221 πόθεν
436 4169 715 4238 ἐξέρχεται
769 4171 800 4237 ἡ
848 4173 1000 4239 φωνὴ
1052 4170 1256 4237 αὐτοῦς
1319 4173 1472 4235 ποῖος
1524 4179 1642 4227 ἐστι
1686 4178 1778 4228 τοῦ

204 4262 510 4332 μύρμηκος
539 4264 564 4314 6
591 4261 912 4328 ἐγκέφαλος,
945 4262 1127 4330 ποίαή
1157 4264 1390 4332 καρδίας
1424 4266 1455 4333 ἢ
1513 4266 1628 4329 πῶς
1667 4267 1781 4336 ἔχει

199 4353 476 4423 τοιαύτην
507 4353 728 4420 γνῶσιν,
754 4354 893 4406 ὥστε
925 4357 1099 4406 ποιεῖν
1128 4356 1389 4424 τεράστια
1438 4359 1737 4425 πράγματα
1763 4378 1776 4421 ;

200 4447 235 4514 ἦ
289 4450 325 4515 ἡ
377 4447 631 4514 μέλισσα,
665 4447 760 4498 καὶ
804 4448 870 4498 τὰ
920 4449 1084 4513 ὅμοια
1148 4449 1370 4510 αύτοῖς;
1419 4449 1482 4501 Εἰ
1538 4449 1668 4512 γοῦν
1714 4451 1782 4503 τὰ

1883 3274 2077 3326 Divina
2109 3273 2254 3325 enim
2288 3285 2507 3323 onmem
2539 3270 2836 3321 humanum
2873 3277 2928 3320 et
2951 3266 3256 3334 angelicum
3289 3265 3446 3317 intel-

1880 3365 2079 3417 lectum
2136 3369 2484 3429 exsuperant.
2536 3359 2772 3412 Facilius
2825 3357 2972 3410 enim
3015 3364 3100 3410 est
3156 3356 3352 3408 caslum
3387 3365 3444 3407 ct

1883 3464 2084 3508 terram
2135 3468 2259 3506 cum
2314 3451 2570 3503 omnibus
2621 3449 2892 3503 creaturis
2940 3447 3224 3510 devorare,
3279 3460 3442 3512 quam

1883 3544 1973 3597 Dei
2011 3555 2257 3595 naturam
2299 3541 2788 3608 comprehendere.
2839 3537 2892 3592 Si
2940 3548 3119 3591 autem
3167 3536 3300 3589 illud
3333 3538 3438 3589 im-

1881 3632 2143 3701 possibile
2193 3640 2297 3693 est,
2331 3645 2430 3683 nec
2464 3629 2869 3698 generationem
2909 3627 3080 3696 ipsius
3112 3642 3441 3696 cognoscere

1881 3739 2105 3779 necesse
2132 3723 2317 3776 fuerit.
2347 3721 2714 3774 Nihilominus
2739 3730 2917 3773 tamen
2951 3729 3003 3772 et
3032 3720 3146 3788 ipse
3171 3720 3444 3774 Mahomet

1879 3825 1934 3869 et
1959 3830 2146 3869 omnes
2179 3813 2504 3867 Musulmaui
2539 3811 2893 3873 conﬁtentur,
2924 3811 3068 3878 quod
3102 3810 3354 3863 Christus
3381 3825 3448 3862 ex

1881 3908 2003 3961 diva
2037 3907 2245 3975 virgine
2285 3904 2452 3957 Maria
2497 3904 2632 3957 citra
2668 3901 2878 3955 virilem
2912 3916 3132 3967 cperam
3165 3913 3325 3956 natus
3353 3902 3446 3965 sit,

1879 4009 1934 4054 et
1960 3999 2104 4068 quod
2144 3998 2296 4065 virgo
2338 3997 2515 4065 ipsum
2547 3994 2842 4063 pepererit,
2887 4003 2941 4047 et
2969 3995 3122 4062 virgo
3171 4002 3291 4060 post
3323 4008 3448 4060 par-

1881 4101 1994 4145 tum
2026 4089 2411 4158 permanserit,
2447 4100 2776 4154 semperque
2805 4085 2956 4153 virgo
2986 4100 3106 4137 esse
3139 4083 3447 4150 deprehen-

1881 4185 2061 4237 datur.
2094 4181 2229 4234 (lum
2254 4180 2418 4247 igitur
2448 4178 2562 4232 haac
2595 4192 2722 4230 vere
2751 4175 3142 4235 coxtﬁteantur,
3171 4183 3447 4242 eXponaut

1883 4272 2039 4325 nobis
2093 4271 2322 4338 agedum
2376 4267 2540 4337 hujus
2601 4265 2970 4336 generationis
3031 4263 3326 4316 rationem.
3389 4262 3444 4314 Si

1883 4371 2064 4415 autem
2096 4361 2199 4413 hoc
2230 4359 2570 4427 impossibile
2607 4366 2710 4418 est,
2749 4355 2879 4425 quid
2909 4369 3094 4422 quaeso
3137 4369 3317 4405 aerem
3349 4352 3448 4405 ila-

1871 4453 2132 4521 ‘gellando
2163 4452 2361 4505 frustra
2401 4449 2674 4512 laborant,
2715 4448 2948 4501 dicendo
2997 4446 3143 4514 quod
3194 4445 3450 4511 impossi-

199 4537 409 4604 εὐτελῆ
487 4537 581 4590 καὶ
664 4536 928 4603 ούὸαμινὲι
993 4536 1284 4602 ἀγνοοῦσι,
1349 4537 1615 4606 μαθόντες
1679 4543 1778 4609 τὴν

1887 4542 1993 4595 bile
2022 4542 2092 4594 sit
2127 4542 2293 4593 Deum
2325 4540 2527 4592 habere
2559 4538 2754 4591 Filium
2780 4537 2898 4590 sine
2932 4535 3209 4588 muliere?
3244 4533 3306 4585 Et
3333 4535 3448 4586 iure

199 4628 425 4680 ἑαυτῶν
473 4627 777 4689 ἀσθένειαν,
816 4626 1201 4690 σιωπάτωσαν,
1244 4629 1341 4678 καὶ
1385 4628 1458 4695 μὴ
1503 4631 1784 4699 πολυπραο

198 4719 550 4786 γμονοῦντες
573 4720 976 4772 ἀπιστείτωσαν
1001 4721 1068 4772 τὰ
1104 4721 1244 4788 ὑπὲρ
1270 4719 1579 4788 κατάληψιν
1611 4724 1779 4788 ἀγγέ-

199 4811 317 4864 λων
347 4811 444 4863 καὶ
484 4809 806 4879 ἀνθρώπων,
836 4810 968 4862 ἀλλὰ
1005 4812 1414 4862 πιστευέτωσαν
1451 4815 1564 4874 τοῖς
1603 4811 1781 4879 λόγοις

210 4901 482 4969 Ἀδραὰμ
509 4902 602 4953 καὶ
631 4901 742 4951 τῶν
767 4903 1082 4970 προφητῶν,
1102 4902 1297 4962 οἵτινες
1331 4901 1573 4966 ἔγνωσαν
1605 4902 1694 4955 διὰ
1720 4921 1779 4956 τε

197 4995 467 5062 ὁράσεων
507 4993 601 5043 καὶ
650 4991 1049 5060 ἀποκαλύψεων
1083 4991 1178 5043 καὶ
1217 4990 1587 5059 προφητειῶν,
1633 4994 1713 5044 ὃτι
1753 4990 1780 5044 6

199 5084 456 5152 Χριστος
487 5081 649 5143 αὑτός
677 5083 825 5133 ἐστιν
849 5081 1066 5150 ἀληθῶς
1119 5085 1145 5135 6
1197 5081 1322 5145 Υἱὸς
1368 5085 1458 5137 τοῦ
1490 5084 1650 5150 Θεοῦ,
1688 5087 1783 5139 καὶ

197 5176 343 5234 θεὸς
377 5172 653 5241 ἀληθινὸς,
684 5173 777 5224 καὶ
806 5173 1013 5234 τέλειος
1045 5174 1355 5242 ἄνθρωπος.

198 5266 560 5324 cuiitieeant,
643 5279 744 5317 uec
801 5265 1124 5319 curiositate
1209 5281 1306 5320 sua

1399 5269 1507 5322 illis
1563 5269 1722 5323 ﬁdem
1811 5269 2095 5337 derogent,
2160 5285 2281 5337 qua:

1889 4631 2109 4700 quidem
2161 4631 2373 4694 dicunt,
2435 4631 2528 4699 qui
2585 4644 2683 4682 nec
2733 4629 2994 4682 vilissima
3048 4626 3449 4694 contemptissi-

1889 4740 2084 4792 maque
2137 4730 2528 4790 cognoverunt.
2583 4722 2900 4774 Edisserant
2949 4719 3097 4773 enim
3153 4718 3205 4770 hi
3268 4717 3447 4776 nobis,

1891 4816 2111 4868 ubinam
2158 4815 2314 4868 culex
2345 4813 2552 4867 viscera
2601 4827 2700 4865 sua
2737 4811 2955 4871 habeat,
3001 4810 3084 4862 vel
3134 4810 3256 4876 quis
3303 4807 3450 4860 vocis

1889 4907 2037 4958 illius
2083 4917 2296 4958 meatus
2350 4904 2461 4969 sit;
2521 4903 2681 4971 quale
2737 4901 2807 4954 sit
2868 4901 3109 4953 formicae
3139 4897 3446 4955 cerebrum,

1887 4998 2048 5067 quale
2081 5012 2215 5058 cor;
2250 4996 2425 5064 qualis
2473 4996 2545 5048 sit
2588 5009 2750 5062 apum
2796 4991 3183 5056 consideratio,
3227 4999 3282 5042 et
3330 5003 3451 5057 quae

1890 5087 1973 5139 his
2015 5087 2210 5138 similia
2250 5093 2394 5138 sunt.
2438 5083 2592 5148 Quod
2627 5083 2669 5137 si
2703 5091 2884 5135 autem
2926 5081 3051 5134 vilia
3097 5081 3208 5133 ha-c
3237 5088 3292 5133 et
3321 5095 3446 5132 con-

1890 5187 2090 5245 tempta
2138 5178 2409 5244 ignorant,
2473 5175 2842 5229 inﬁrmitatem
2891 5188 3044 5225 suam
3093 5182 3450 5240 agnoscentes

2367 5268 2685 5337 angelorum
2747 5266 3139 5331 hominumque
3199 5262 3448 5315 intellec-

201 5367 321 5411 tum
385 5356 693 5417 excedunt;
727 5355 857 5424 quin
909 5359 1133 5410 credant
1193 5357 1373 5426 potius
1437 5359 1669 5413 Abrahae
1727 5371 1782 5414 et
1823 5362 2212 5429 prophetarum
2281 5360 2539 5423 oraculis,
2578 5361 2669 5428 qui
2740 5358 2852 5410 haec
2885 5374 2980 5424 per
3009 5355 3265 5412 visiones.
3297 5367 3453 5404 reve—

197 5447 453 5502 lationes
501 5457 552 5500 et
603 5448 823 5500 oracula
872 5459 1247 5515 cognoverunt

141 5545 148 5551 '
195 5551 258 5597 et
284 5541 466 5594 homo
505 5539 784 5608 perfectus

1335 5451 1479 5518 quod
1531 5451 1782 5506 Christus
1822 5453 2029 5506 scilicet
2067 5468 2252 5506 revera
2286 5453 2457 5506 Filius
2497 5452 2586 5505 Dei
2631 5449 2722 5515 sit,
2755 5458 2809 5503 et
2844 5449 2986 5502 idem
3062 5461 3223 5500 verus
3285 5445 3449 5501 Deus,
