4204 6444
185 378 278 439 (il

183 583 293 636 τῶν
321 583 583 649 νεφελῶν,
610 588 704 639 καὶ
723 587 914 654 ἔσομαι
931 587 1109 653 ὅμοιος
1140 588 1217 656 τῷ
1246 591 1503 659 ’λ’ψίστῳ.
1523 613 1539 644 ι
1565 595 1748 647 Ταῦτα

184 674 279 730 οἶν
307 678 475 730 αὑτοῦ
523 678 942 747 ἐνθυμηθέντος,
987 682 1421 751 συνηκολούθησε
1466 684 1519 735 τὸ
1561 688 1746 752 τάγμα

186 769 351 821 αὐτοῦ
379 772 445 837 τῇ
482 770 673 821 τούτου
704 770 949 839 ἀσεϐείᾳ,
976 773 1067 823 καὶ
1096 776 1376 839 παρευθὺς
1416 776 1607 827 ἔπεσεν
1640 777 1750 829 ἀπὸ

184 856 277 908 τοῦ
332 857 569 924 οὐρανοῦ
634 859 731 909 σὺν
791 861 937 928 πάσῃ
1005 863 1070 928 τῇ
1133 864 1361 930 στρατιᾷ
1416 864 1605 925 αὑτοῦ,
1656 866 1749 915 καὶ

187 945 437 1010 ἐγένοντο
485 946 760 1015 δαίμονες.
794 947 925 999 Τότε
984 949 1109 1002 ίδὼν
1164 954 1190 1003 ὀ
1226 952 1468 1015 διάῦολος
1525 955 1615 1005 τὸν
1659 956 1750 1007 ἆν-

187 1040 405 1107 θρωπον
458 1043 515 1092 ἐν
565 1041 642 1107 τῷ
696 1043 1046 1111 παραδείσῳ,
1109 1046 1201 1096 καὶ
1260 1047 1534 1116 φθονήσας
1579 1048 1747 1115 αὐτῷ,

186 1130 443 1182 ἀπελθὼν
491 1128 617 1201 εὗρε
667 1132 765 1201 τὴν
814 1136 1068 1199 γυναῖκα,
1115 1137 1209 1187 καὶ
1244 1135 1319 1198 ὡς
1350 1137 1748 1206 εὐεξαπάτητον

190 1226 376 1294 μέρος,
409 1226 555 1291 λέγει
588 1228 746 1293 αὐτῇ,
798 1228 864 1277 Τί
906 1227 987 1278 ὅτι
1040 1231 1067 1279 ὁ
1102 1228 1231 1290 Θεὸς
1262 1228 1565 1280 ἐνετείλατο
1597 1230 1744 1295 ὑμῖν,

188 1316 271 1367 ἵνα
302 1317 408 1367 ἀπό
436 1316 635 1375 παντός
661 1316 818 1380 ξᾶλου
848 1315 936 1367 105
972 1318 1030 1367 ἐν
1064 1318 1139 1384 τῷ
1174 1317 1489 1385 παραδείσῳ
1515 1318 1747 1384 φάγητε,

186 1410 294 1460 ἀπὸ
326 1409 381 1459 δὲ
418 1408 512 1458 τοῦ
561 1408 716 1471 ξύλου
747 1407 840 1457 τοῦ
874 1410 930 1457 ὲν
963 1409 1111 1474 μέσῳ
1164 1406 1258 1457 τοῦ
1304 1408 1631 1476 παραδείσου
1674 1410 1747 1477 μὴ

186 1499 397 1565 φάγητε
426 1499 521 1549 ἀπ’
546 1491 825 1567 αὐτοῦςἿᾸ
872 1498 915 1549 δ’
951 1499 1016 1551 ἂν
1052 1498 1236 1567 ἡμέρᾳ
1271 1498 1482 1566 φάγητε
1518 1502 1611 1551 ἀπ’
1650 1500 1749 1551 αὖ-

184 1590 301 1651 τοῦ,
357 1590 571 1657 θαιτάτῳ
619 1591 1008 1652 ὰποθανεῖσθες
1066 1592 1138 1641 Οὐ
1188 1592 1294 1658 γὰρ
1359 1592 1571 1660 θανάτῳ
1619 1594 1752 1644 ἀπο-

188 1681 457 1739 θανεῖσθε,
497 1681 608 1731 ἀλλ’
657 1683 744 1733 ἵνα
797 1683 869 1749 μὴ
910 1682 1177 1750 φαγόντες
1202 1682 1295 1735 ἀπ’
1336 1682 1522 1746 αὑτοῦ,
1550 1684 1748 1735 διανοι-

187 1772 357 1835 γῶσιν
414 1774 460 1822 οἱ
515 1772 784 1838 ὀφθαλμοὶ
840 1772 1023 1839 ὑμῶν.
1086 1774 1176 1825 καὶ
1233 1773 1419 1825 ἔσεσθε
1480 1774 1553 1835 ὡς
1614 1774 1747 1838 θεοὶ,

185 1863 547 1929 γιντῖσκοντες
577 1864 740 1914 καλὸν
773 1864 866 1914 καὶ
917 1864 1170 1931 πονηρόν.
1203 1863 1370 1915 Τοῦτο
1402 1864 1680 1915 ἀκούσασα
1716 1866 1748 1931 ἡ
1784 1838 1822 1889 Β

185 1955 345 2018 γυνὴ,
383 1956 474 2003 καὶ
512 1953 877 2018 ἀπατηθεῖσα,
911 1953 1116 2019 ἔφαγεν
1164 1954 1270 2005 ἀπὸ
1304 1954 1395 2004 τοῦ
1448 1953 1626 2015 ξύλου,
1658 1956 1751 2007 καὶ

185 2045 353 2096 ἔδωκε
409 2044 504 2095 καὶ
552 2044 629 2111 τῷ
684 2044 835 2111 ἀνδρὶ
866 2045 1032 2111 αὐτῆς
1088 2043 1161 2112 τῷ
1218 2045 1406 2113 Ἀδὰμ,
1439 2046 1531 2096 καὶ
1583 2045 1749 2111 ἔφαγε

187 2135 281 2186 καὶ
316 2136 501 2197 αὑτὸς,
532 2135 876 2204 ἐπιθυμήσας
931 2135 1185 2201 γενέσθαι
1225 2135 1373 2197 Θεὸς.
1412 2137 1518 2188 Καὶ
1552 2137 1752 2204 φαγόν-

183 2241 280 2287 τες
326 2224 435 2276 ἀπὸ
483 2226 577 2277 τοῦ
612 2225 769 2288 ξύλου
798 2227 824 2277 ὅ
848 2242 907 2277 τε
952 2225 1122 2293 Ἀδὰμ
1152 2227 1245 2278 καὶ
1286 2229 1316 2294 ἡ
1354 2223 1462 2278 Εὕα
1496 2227 1752 2292 ἐξέπεσον

182 2318 285 2384 τῆς
314 2318 555 2385 χάριτος.
586 2318 717 2369 Τότε
751 2317 899 2382 λέγει
928 2317 1075 2385 αὐτῷ
1111 2317 1138 2367 ό
1176 2317 1307 2378 Θεδς
1346 2318 1663 2385 περιπατῶν
1695 2319 1751 2368 ὲν

182 2406 261 2474 τῷ
292 2408 605 2476 παραδείσῳ
632 2408 692 2459 τὺ
715 2407 959 2467 δειλινὸν,
998 2426 1014 2457 ι
1065 2408 1255 2475 Ἀδὰμ,
1284 2408 1385 2460 ποῦ
1421 2404 1502 2471 εἷς
1543 2428 1558 2458 ι
1608 2408 1664 2460 ’0
1696 2409 1749 2460 δὲ

184 2498 358 2563 λέγει,
397 2516 416 2548 ι
448 2499 553 2567 Τῆς
578 2516 661 2561 ᾳω
696 2499 760 2568 ἧς
797 2516 888 2550 σου
909 2499 1113 2565 ἥκουσα
1138 2501 1565 2566 περιπατοῦντος
1600 2501 1651 2548 ἐν
1675 2499 1750 2565 τῷ

183 2589 523 2658 παραῗείσῳ,
562 2591 869 2658 ὅτιγυμνός
912 2592 1049 2656 είμι,
1092 2593 1186 2644 καὶ
1239 2591 1497 2660 ἑκρύϐην.
1530 2610 1547 2642 ι
1583 2592 1691 2644 Καὶ
1724 2593 1751 2643 ό

184 2681 319 2742 Θεδς
377 2682 513 2746 πρὸς
564 2682 744 2743 αὑτὸν,
802 2699 820 2731 ι
876 2683 986 2733 Καὶ
1028 2682 1111 2744 τίς
1168 2699 1249 2734 σοι
1299 2682 1621 2750 ἀνήγγειλεν
1669 2683 1749 2734 ὅτι

184 2767 395 2835 γυμνὸς
430 2763 499 2829 εἷ,
531 2768 578 2818 εί
612 2769 687 2837 μὴ
722 2767 829 2820 ἀπὸ
867 2768 959 2819 τοῦ
981 2768 1161 2833 ξύλου,
1190 2766 1249 2822 οὗ
1280 2770 1638 2838 ἐνετειλάμην
1670 2787 1750 2821 σοι

186 2864 261 2929 μὴ
291 2863 505 2927 φαγεῖν,
547 2861 777 2927 ἔφαγες;
823 2879 840 2911 ι
882 2863 989 2915 Καὶ
1032 2862 1306 2927 ὀργισθεὶς
1358 2863 1521 2913 αὐτὸν
1566 2863 1592 2913 ὁ
1619 2861 1751 2923 Θεὸς

182 2954 440 3018 ἐξέϐαλεν
473 2953 579 3006 ἀπὸ
611 2953 703 3005 τοῦ
754 2954 1074 3022 παραδλσοσά
1099 2955 1237 3022 μετὰ
1283 2954 1542 3021 κατάρας.
1577 2953 1750 3020 Πρόσ-

182 3045 305 3108 εξον
340 3046 472 3110 γοῦν
503 3046 570 3097 τὲ
622 3047 913 3113 γενόμενα.
948 3045 1332 3113 Τραχηλιάσας
1409 3047 1437 3095 ό
1482 3044 1747 3105 διάϐολος,

183 3135 279 3186 καὶ
307 3132 585 3201 βουληθεὶς
620 3134 695 3193 ὡς
722 3131 1153 3199 ἀπονενοημένος
1184 3132 1438 3198 γενέσθαι
1470 3131 1622 3193 Θεὸς,
1652 3131 1748 3183 καὶ
1776 3161 1818 3217 c

182 3226 372 3292 ὅμοιος
422 3222 500 3290 τῷ
535 3223 797 3291 ’Υψίστῳ,
852 3220 1047 3274 ἔπεσεν
1101 3224 1164 3273 ὲκ
1221 3220 1315 3272 τοῦ
1376 3220 1606 3288 οὐρανοῦ
1656 3221 1752 3273 σὺν

185 3315 353 3365 παντὶ
380 3311 457 3381 τῷ
489 3315 726 3379 τάγματι
780 3312 967 3376 αὐτοῦ,
1003 3312 1092 3365 καὶ
1149 3313 1269 3365 ἀντὶ
1316 3313 1496 3378 φωτὸς
1542 3312 1757 3374 ἐγένετο

185 3402 381 3462 σκότος
408 3403 505 3453 καὶ
546 3402 811 3464 διάϐολος.
842 3402 943 3455 Διὰ
982 3402 1091 3472 γὰρ
1122 3402 1219 3471 τὴν
1250 3403 1629 3471 ὑπερηφανίαν
1661 3402 1756 3454 καὶ

184 3494 421 3561 ἔπαρσιν
455 3492 622 3546 αὑτοῦ
654 3495 933 3563 ἀπερρίφη
965 3495 1072 3546 ἀπὸ
1105 3493 1199 3546 τοῦ
1226 3494 1381 3555 Θεοῦ,
1422 3497 1517 3547 καὶ
1550 3495 1649 3563 οὐχ
1678 3494 1754 3556 ὡς

185 3585 350 3652 ὑμεῖς
413 3584 629 3652 λέγετε,
676 3586 757 3636 ὅτι
815 3585 1062 3656 ὡρίσθη,
1117 3587 1201 3639 ἵνα
1255 3588 1605 3656 προσκυνήσῃ
1665 3588 1758 3637 τὸν

198 3676 397 3741 Ἀδὰμ,
440 3678 532 3728 καὶ
560 3677 659 3728 οὐκ
682 3676 968 3747 ἠθέλησεν,
1006 3677 1194 3746 ὥσπερ
1226 3679 1276 3730 οί
1308 3678 1484 3749 ἕτεροι
1514 3678 1756 3745 ἄγγελοι.

186 3768 250 3819 Οί
284 3769 396 3835 γὰρ
425 3767 604 3836 ἕτεροι
652 3767 875 3834 ἄγγελοι
908 3772 1386 3837 προσκυνήσαντες
1434 3769 1523 3821 τὸν
1562 3769 1754 3835 Ἀδὰμ,

185 3858 500 3925 ἐσώθησαν,
540 3858 635 3910 καὶ
670 3860 951 3928 μείναντες
983 3861 1043 3910 ὲν
1089 3861 1154 3929 τῇ
1188 3860 1337 3923 τάξει
1376 3861 1574 3920 αὐτῶν,
1608 3861 1757 3927 εὑρί-

188 3966 415 4001 σκονται
447 3950 611 4017 μέχρι
660 3948 754 4001 τοῦ
791 3949 883 4001 νῦν
912 3950 1152 4017 ἄγγελοι.
1198 3951 1256 4003 Ὀ
1293 3950 1348 4002 δὲ
1394 3951 1638 4011 διάϐολος
1685 3951 1757 4018 μὴ

188 4039 431 4106 θελήσας
480 4040 855 4107 προσκυνῆσαι
901 4040 992 4090 τὸν
1040 4040 1230 4105 Ἀδὰμ..
1273 4040 1552 4108 ὀργισθεὶς
1603 4041 1755 4101 παρὰ

184 4129 281 4180 τοῦ
327 4128 487 4193 Θεοῦ,
520 4129 754 4192 ἄγγελος
789 4129 865 4181 ὣν
914 4130 1105 4196 γέγονε
1152 4130 1414 4189 διάϐολος.
1461 4130 1568 4182 Καὶ
1612 4131 1759 4190 τίνος

187 4221 512 4290 φρονήσῖως
545 4219 693 4282 λόγοι
738 4220 878 4270 είσὶν
906 4215 1090 4281 οὖτοις
1128 4220 1561 4289 Προηγουμένως
1610 4220 1757 4272 οὐδε-

194 4314 297 4381 μία
351 4312 545 4381 Γραφὴ
596 4314 744 4377 λέγει
789 4312 965 4372 τοῦτο,
997 4311 1119 4364 οὔτε
1161 4313 1188 4361 ό
1233 4312 1494 4374 Μιυῦσῆς,
1531 4310 1654 4363 οὔτε
1711 4314 1759 4363 οἱ

186 4403 493 4470 προφῆται,
523 4401 647 4453 οὗτε
678 4406 704 4454 ὁ
738 4404 989 4470 Χριστός.
1038 4403 1191 4454 Ἐπεὶ
1212 4403 1342 4469 γοῦν
1372 4403 1527 4453 οὐδὲν
1556 4403 1671 4471 ἔχει
1701 4402 1759 4464 ἐξ

1148 389 1446 449 CONTRA
1487 394 1967 456 MAHOMETEM
2011 398 2384 456 APOLUGIA
2436 400 2508 456 ll.

186 492 281 541 καὶ
322 488 562 558 αὐθάδης
604 484 781 554 εἶπεν,
816 491 897 543 ὅτι
931 510 949 543 ι
988 494 1148 562 Θὴσω
1184 500 1274 548 τόν
1311 500 1499 568 θρόνον
1536 522 1639 571 μου
1674 505 1764 557 ἐπὶ

1869 510 2191 561 temerarius
2225 507 2359 560 dixit

3320 404 3425 466 te:

2422 526 2433 561 :
2487 527 2504 557 ι
2567 508 2765 561 i‘onam
2804 510 2983 563 sedem
3036 528 3207 567 meam
3259 531 3421 584 supra

1859 599 2049 654 nubes.
2104 610 2157 651 ct
2211 615 2305 651 cro
2358 597 2552 650 similis
2606 599 2879 652 Altissimo
2910 600 2953 631 "
3030 620 3046 651 ι
3085 603 3204 657 llaec
3238 615 3420 659 autem

1855 703 1977 737 rum
2016 689 2060 738 is
2097 688 2149 738 in
2184 688 2367 739 animo
2398 687 2663 747 volweret,
2712 687 2841 741 huic
2885 694 3174 744 commissa
3225 696 3420 749 cohors

1857 776 2001 827 illius
2038 775 2370 841 impietatem
2412 775 2620 828 imitata
2668 786 2769 837 est,
2809 778 2898 832 hic
2944 789 3126 833 autem
3154 783 3292 833 coalo
3324 783 3418 836 de-

1855 867 2043 933 pulsus
2070 881 2193 918 cum
2223 867 2368 918 onmi
2409 883 2503 918 sua
2536 867 2727 919 militia
2771 869 2990 923 excidit.
3026 879 3082 922 et
3127 871 3177 922 hi
3227 887 3418 924 omnes

1854 958 1906 1008 in
1963 956 2238 1009 daemones
2292 957 2480 1009 mutati
2541 966 2688 1009 sunt.
2739 956 2873 1011 Cum
2937 958 3116 1027 itaque
3166 961 3419 1015 diabolus

1854 1046 2127 1100 hominem
2179 1048 2231 1100 in
2295 1048 2544 1114 paradiso
2595 1048 2845 1108 vidisset.
2900 1049 3101 1102 invidia
3152 1052 3203 1103 iu
3263 1053 3417 1104 illum

1854 1148 2049 1199 lliOlIlS,
2099 1136 2363 1190 accedens
2401 1139 2578 1205 primo
2626 1138 2912 1192 mulierem
2973 1154 3072 1192 ceu
3120 1139 3419 1193 faciliorem

1851 1229 2099 1296 deccptu.
2132 1244 2415 1296 aggressus
2462 1238 2565 1291 est,
2614 1237 2669 1281 et
2714 1230 2853 1283 dixit
2901 1248 2914 1284 :
2957 1230 3067 1284 Cur
3098 1232 3240 1284 Deus
3282 1247 3421 1299 pra:-

1851 1318 1995 1385 cepit
2048 1319 2334 1378 vobis,‘ut
2383 1334 2448 1371 ex
2497 1320 2642 1372 omni
2697 1320 2891 1373 arbore
2953 1336 3074 1388 quae
3134 1322 3186 1373 in
3251 1336 3412 1387 para-

1850 1409 1968 1462 diso
1998 1418 2099 1469 est,
2132 1410 2448 1469 comedatis,
2484 1410 2806 1463 abstineatis
2853 1421 3032 1463 autem
3080 1412 3147 1463 ab
3195 1410 3416 1474 arbore,

1851 1515 1969 1567 quae
1998 1500 2047 1551 in
2086 1499 2264 1553 medio
2298 1500 2531 1567 paradisi
2557 1511 2660 1558 est.
2691 1510 2745 1554 et
2779 1501 2926 1569 quod
2974 1516 3305 1570 quacunque
3334 1503 3424 1556 die

1851 1587 2199 1641 comederitis
2233 1602 2297 1639 ex
2334 1586 2447 1651 illa,
2495 1598 2671 1642 morte
2722 1588 2841 1642 sitis
2886 1590 3180 1641 morituri?
3207 1591 3423 1658 Nequa—

1854 1693 2016 1746 quam
2051 1679 2195 1731 enim
2238 1688 2410 1731 morte
2442 1678 2772 1740 moriemini,
2802 1679 2895 1732 sed
2928 1695 2995 1733 ne
3022 1694 3085 1732 cx
3120 1680 3204 1733 illa
3236 1695 3421 1733 come-

1853 1771 2043 1824 dentes
2075 1771 2250 1822 oculis
2289 1770 2488 1822 vestris
2517 1770 2720 1838 apertis
2752 1770 2960 1825 similes
2999 1772 3131 1839 ipsis
3160 1772 3267 1825 diis
3294 1772 3423 1825 red-

1852 1863 2138 1924 deremini,
2172 1864 2549 1931 cognoscendo
2578 1865 2833 1917 nimirum
2870 1865 3071 1918 bonum
3106 1877 3160 1919 ct
3192 1868 3414 1926 malum.

1853 1954 1967 2007 haec
1995 1952 2279 2021 prohibuit
2308 1953 2587 2008 Dominus.
2613 1954 2707 2008 llis
2732 1956 2956 2019 auditis,
2982 1956 3178 2009 mulier
3195 1957 3421 2025 decepta

1852 2045 2091 2099 comedit
2116 2059 2179 2097 ex
2216 2045 2428 2100 arbore.
2465 2056 2519 2097 et
2547 2045 2696 2097 dedit
2737 2046 2934 2099 marito
2966 2062 3065 2099 suo
3102 2048 3290 2111 Adam,
3324 2047 3419 2117 qui

1851 2145 1907 2185 et
1950 2136 2061 2202 ipse
2093 2134 2348 2199 comedit,
2404 2134 2706 2188 divinitatis
2768 2136 3099 2199 maiestatem
3137 2137 3418 2190 atl‘ectans.

1853 2228 1919 2280 Et
1964 2225 2313 2280 comedontes
2366 2242 2431 2278 cx
2478 2226 2675 2279 arbore
2720 2226 2886 2279 Adam
2922 2228 3083 2280 simul
3112 2238 3165 2279 et
3212 2228 3340 2291 Eva,
3388 2242 3417 2280 a

1852 2319 2026 2387 gratia
2055 2317 2401 2370 exciderunt.
2448 2317 2593 2369 Deus
2624 2329 2806 2370 autem
2852 2319 2996 2371 circa
3046 2319 3326 2371 meridiem
3364 2320 3420 2372 in

1856 2411 2012 2461 lmrto
2040 2408 2397 2460 obambulans
2425 2406 2557 2461 dicit
2589 2407 2667 2459 illi
2701 2422 2714 2458 :
2748 2408 2977 2470 «A;la.u,
3010 2407 3101 2459 ubi
3130 2407 3229 2461 es?
3263 2429 3281 2457 ν
3318 2408 3419 2461 llic

1853 2510 2034 2553 autem
2074 2498 2375 2564 rcSpoadit.
2406 2516 2423 2547 ι
2458 2498 2653 2550 Audivi
2689 2513 2873 2550 vocem
2910 2508 3054 2549 tuam
3091 2497 3421 2553 ambulantis

1854 2589 1906 2642 in
1937 2589 2206 2656 paradiso,
2255 2596 2311 2639 et
2356 2588 2615 2640 abscondi
2667 2602 2773 2651 me,
2820 2588 2944 2654 quia
2985 2587 3163 2639 nudus
3205 2604 3348 2642 sum.
3392 2604 3412 2639 ι

1862 2680 2003 2733 Dicit
2053 2677 2127 2729 illi
2171 2677 2335 2736 Deus,
2371 2694 2389 2727 ι
2435 2676 2503 2730 Et
2534 2676 2784 2744 quisnam
2834 2676 2930 2729 tibi
2967 2677 3227 2741 ostendit,
3276 2677 3422 2744 quod

1850 2771 2032 2824 nudus
2087 2768 2204 2823 sis?
2236 2784 2364 2822 num
2413 2784 2477 2822 ex
2530 2767 2745 2832 arbore,
2783 2767 2849 2821 de
2898 2784 3005 2836 qua
3056 2769 3287 2837 praecepi
3324 2768 3422 2822 tibi

1852 2875 1919 2913 ne
1976 2860 2310 2932 eomcderes,
2345 2858 2665 2912 comedisti?
2708 2876 2725 2908 ι
2776 2858 2844 2912 Et
2891 2859 3060 2912 iratus
3110 2859 3189 2912 illi
3238 2860 3425 2912 Domi-

1852 2968 1957 3004 nus
1987 2952 2150 3019 ejecit
2174 2968 2297 3004 eum
2322 2950 2575 3019 paradiso
2605 2964 2727 3003 cum
2765 2950 3147 3004 maledictione
3169 2952 3237 3005 ".
3270 2951 3425 3005 Nunc

1851 3050 2029 3095 autem
2070 3044 2183 3094 hzec
2227 3056 2347 3109 quae
2400 3041 2538 3093 facta
2590 3052 2739 3103 sunt,
2790 3042 3099 3095 considera.
3156 3042 3424 3096 Diabolus

1850 3133 2032 3184 animo
2063 3131 2260 3189 elatus.
2290 3140 2346 3184 et
2375 3132 2528 3202 quasi
2560 3134 2771 3185 ratione
2789 3132 3106 3188 destitutus.
3126 3148 3250 3187 cum
3282 3134 3423 3188 deus

1861 3223 2002 3283 ﬁeri,
2048 3230 2104 3275 et
2138 3222 2418 3275 Altissimo
2465 3222 2660 3277 similis
2703 3237 2823 3276 esse
2874 3223 3232 3291 concupiscit,
3283 3224 3427 3279 caelo

1856 3329 1979 3368 cum
2012 3323 2122 3366 tota
2158 3328 2255 3366 sua
2288 3313 2514 3367 cohorte
2546 3313 2772 3371 excidit.
2800 3324 2855 3367 et
2888 3328 2956 3367 ex
3002 3314 3126 3368 luce
3170 3315 3224 3367 iu
3268 3324 3423 3368 tene.

1858 3405 1983 3458 bras
2010 3413 2096 3459 est
2140 3415 2477 3473 permutatus
2526 3413 2581 3459 et
2620 3404 2935 3471 diabolum;
2977 3416 3198 3476 propter
3228 3422 3423 3475 super-

1858 3494 2001 3548 biam
2038 3496 2185 3549 enim
2213 3510 2365 3549 suam
2395 3505 2450 3549 et
2503 3495 2671 3548 animi
2723 3495 2922 3549 fastum
2963 3511 2993 3550 ι
3031 3498 3141 3550 Deo
3182 3494 3429 3566 reiectus

1857 3597 1975 3649 est;
2002 3602 2102 3640 nec
2129 3596 2187 3639 ut
2212 3601 2308 3640 vos
2328 3587 2513 3640 dicere
2544 3586 2755 3649 soletis,
2781 3587 2835 3640 in
2859 3588 2961 3641 hoc
2988 3595 3231 3641 creatum
3256 3586 3424 3640 fuisse

1859 3686 1919 3730 ut
1963 3677 2228 3731 Adamum
2264 3677 2537 3739 adoraret,
2594 3676 2826 3729 aliorum
2877 3677 3194 3745 angelorum
3242 3693 3421 3740 more.

1859 3768 1947 3837 qui
1984 3769 2134 3821 illum
2162 3769 2454 3821 adorantes
2476 3771 2677 3821 servati
2699 3778 2847 3829 sunt,
2869 3769 2998 3822 etin
3024 3768 3286 3836 dignitate
3321 3785 3421 3824 sua

1862 3859 2211 3928 persistentes
2261 3858 2442 3913 adhuc
2494 3858 2669 3926 angeli
2711 3858 2999 3922 dicuntur;
3047 3859 3193 3911 hunc
3235 3869 3424 3917 autem

1860 3953 1985 4021 quia
2017 3940 2277 4004 adorandi
2310 3949 2554 4003 ofﬁcium
2587 3948 2793 4002 Adamo
2829 3949 3130 4017 negaverit,
3160 3947 3255 4002 Dei
3292 3950 3426 4009 iram

1861 4045 1915 4096 in
1948 4058 2068 4096 sese
2104 4041 2487 4101 concitavisse,
2522 4049 2577 4093 et
2609 4054 2675 4092 ex
2705 4039 2897 4107 angelo
2923 4038 3125 4091 factum
3161 4053 3283 4092 esse
3310 4037 3428 4091 diae

1865 4133 2073 4185 bolum.
2105 4131 2276 4195 Quam
2310 4133 2456 4182 enim
2486 4130 2867 4183 auctoritatem
2902 4130 3015 4182 haec
3036 4128 3206 4181 verba
3227 4128 3430 4183 habere

1859 4222 2148 4282 videntur,
2197 4222 2493 4289 praesertim
2548 4235 2672 4274 cum
2722 4220 2870 4273 nulla
2908 4218 3185 4287 Scriptura
3232 4218 3429 4275 borum

1862 4313 2195 4373 meminerit,
2218 4327 2317 4366 nec
2341 4312 2533 4373 Moses,
2566 4326 2666 4364 nec
2689 4311 2987 4379 prophetae,
3012 4325 3113 4363 nec
3137 4308 3429 4362 Christus?

1861 4405 1994 4456 Cum
2031 4402 2197 4466 igitur
2224 4402 2371 4453 omni
2408 4404 2599 4453 horum
2649 4401 2965 4453 testimonio
3006 4408 3251 4463 careant,
3290 4399 3428 4454 falsa

185 4492 421 4543 ἐκείνων
469 4489 566 4559 τὴν
615 4492 943 4559 μαρτυρίαν,
999 4491 1078 4542 ἔνι
1138 4491 1332 4559 ψευδὲς
1391 4493 1485 4541 καὶ
1542 4492 1758 4558 ἀπαρά-

1863 4504 1991 4548 sunt
2040 4504 2096 4547 et
2141 4491 2461 4561 rejicienda,
2496 4501 2610 4544 tum
2655 4492 2819 4543 etiam
2863 4491 2963 4543 hac
2996 4490 3063 4543 de
3090 4506 3250 4544 causa
3283 4490 3429 4558 quod

184 4583 401 4635 δεκτον.
431 4582 638 4641 Ἀλλως
685 4599 764 4645 τε,
806 4582 888 4635 ὅτι
925 4585 955 4651 ή
1008 4584 1107 4651 μὲν
1150 4584 1313 4650 φύσις
1354 4582 1463 4635 τῶν
1510 4583 1761 4649 ἀγγέλων

186 4674 344 4725 ἐστὶν
371 4673 517 4740 ἁπλῆ
544 4673 639 4723 καὶ
664 4672 977 4740 ἀσώματος,
1013 4675 1104 4724 καὶ
1138 4675 1323 4724 ὲπὶνω
1356 4674 1463 4724 τῶν
1491 4673 1757 4741 οὐρανῶν,

187 4768 223 4831 ἠ
275 4765 339 4816 δὲ
390 4761 485 4815 τοῦ
516 4763 685 4832 Ἀδὰμ
738 4766 801 4817 ὲκ
853 4765 952 4829 γῆς
1001 4766 1196 4833 χοῖκὴ.’
1236 4765 1393 4826 ﬂcio;
1440 4764 1571 4830 γοῦν
1624 4764 1760 4833 ἔχων

184 4858 377 4919 ποσῶς
410 4858 613 4922 γνῶσιν
647 4857 831 4924 μέλλει
862 4857 1108 4921 δέξεσθαι
1154 4857 1250 4924 τὴν
1278 4857 1547 4926 τοσαύτην
1578 4873 1758 4924 παρα-

184 4950 413 5012 λογίανς
458 4946 599 4998 Ἀλλ’
636 4948 749 5014 ἐρεῖ
790 4963 876 5007 τις
918 4947 999 4998 ὃτι
1037 4948 1129 4998 καὶ
1155 4948 1183 4998 ό
1212 4945 1443 5014 Χριστὸς
1472 4948 1759 5017 ἄνθρωπος

184 5044 287 5105 ὣν,
324 5042 443 5103 πῶς
473 5042 569 5111 (ὡς
594 5042 641 5092 οἱ
670 5040 983 5109 Χριστιανοὶ
1020 5040 1293 5105 λέγουσιν)
1325 5041 1427 5092 ὐπδ
1457 5041 1564 5091 τῶν
1592 5041 1758 5107 ἀγγέ-

186 5134 300 5185 λων
323 5134 747 5198 προσκυνεῖται;
787 5132 893 5184 Καὶ
925 5132 1059 5201 πρὸς
1092 5134 1297 5185 ἐκεῖνον
1322 5132 1540 5185 λεκτέον
1563 5133 1757 5195 οὕτως,

189 5225 277 5275 ὅτι
314 5224 345 5273 ό
367 5223 495 5282 Υἱὸς
519 5221 614 5273 καὶ
637 5223 808 5287 Λόγος
829 5220 925 5273 τοῦ
955 5221 1088 5273 Θεοῦ
1122 5221 1226 5290 πρὸ
1267 5221 1373 5273 τῶν
1400 5222 1610 5274 αίὼνων
1634 5223 1766 5284 Θεὸς

188 5312 289 5377 ὣν,
327 5311 715 5379 προσεκυνείτο
756 5310 853 5362 σὺν
876 5312 956 5378 τῷ
1004 5312 1179 5382 Πατρὶ
1209 5312 1373 5363 αὑτοῦ
1400 5312 1475 5380 τῷ
1513 5312 1629 5380 Θεῴ
1664 5312 1766 5363 ὑπὸ

186 5402 304 5454 τῶν
349 5400 620 5465 ἀγγέλων,
655 5400 748 5452 καὶ
806 5399 902 5451 νῦν
956 5398 1199 5466 γεγονὼς
1246 5401 1551 5470 ἄνθρωπος,
1602 5400 1762 5453 πάλιν

188 5492 585 5561 προσκυνεῖται
643 5491 735 5543 ὑπ’
788 5491 966 5544 αὐτῶν
1016 5493 1125 5545 τῶν
1182 5492 1446 5559 ἀγγέλων,
1491 5494 1584 5543 καὶ
1624 5496 1761 5559 μετὶι

186 5584 285 5639 τοῦ
315 5582 591 5649 σώματος.
617 5580 1132 5652 Συμπροσκυνεῑται
1178 5583 1314 5652 γοῦν
1348 5586 1443 5638 καὶ
1473 5587 1500 5639 ό
1550 5585 1761 5652 ἄνθρω-

262 5758 309 5789 ⁸¹
344 5755 449 5811 lsa.
486 5771 594 5819 xw,
655 5756 735 5810 Ii.
813 5760 856 5790 "
886 5757 1019 5814 Gen.
1058 5777 1137 5825 ri,
1188 5761 1206 5813 Ι
1250 5777 1401 5834 seqq.

1867 4585 2179 4653 angelorum
2216 4593 2408 4636 natura
2442 4583 2692 4649 simplex,
2723 4598 2853 4649 pura
2882 4592 2937 4635 et
2966 4582 3286 4650 incorporea
3322 4593 3427 4643 est,

1872 4686 1927 4729 et
1964 4692 2129 4743 supra
2187 4675 2354 4728 cmlos
2399 4675 2713 4740 constituta,
2746 4674 2937 4726 Adami
2989 4688 3118 4726 vero
3163 4688 3229 4725 ex
3286 4684 3431 4726 terra

1864 4767 2172 4821 commista.
2193 4765 2328 4830 Quis
2355 4765 2517 4834 igitur
2540 4764 2631 4833 _vel
2656 4765 2924 4817 tantillum
2948 4764 3173 4816 rationis
3202 4764 3429 4824 habens,

1856 4873 1969 4910 rem
2022 4866 2129 4909 tam
2166 4855 2456 4908 absurdam
2498 4854 2789 4909 crederet?
2834 4854 2938 4907 Sed
2991 4853 3138 4906 dicat
3188 4854 3386 4919 aliquis
3416 4893 3430 4915 ,

1859 4948 2003 5015 quod
2039 4956 2093 4999 ct
2126 4946 2397 5006 Christus,
2428 4961 2549 4997 cum
2594 4945 2756 4996 homo
2791 4945 2881 5004 sit,
2909 4945 3062 5011 juxta
3092 4944 3435 4997 Christiano-

1863 5053 1981 5090 rum
2015 5038 2360 5099 sententiam,
2409 5037 2477 5089 ab
2522 5036 2728 5103 angelis
2773 5035 3055 5087 adoretur.
3090 5036 3197 5088 Sed
3231 5036 3297 5088 ad
3331 5036 3434 5089 huc

1864 5130 1943 5180 sic
1972 5126 2443 5193 respondendum:
2475 5125 2644 5178 Filius
2669 5137 2722 5177 et
2758 5123 2994 5176 Verbum
3028 5125 3120 5176 Dei
3144 5138 3267 5177 cum
3304 5133 3429 5175 ante

1863 5219 2058 5270 sazcula
2101 5216 2241 5269 Deus
2273 5224 2437 5279 esset,
2471 5216 2538 5268 ab
2568 5214 2775 5283 angelis
2823 5228 2929 5265 una
2957 5228 3080 5265 cum
3129 5213 3240 5266 Deo
3274 5213 3431 5265 Patre

1864 5324 1964 5364 suo
1997 5307 2368 5363 adorabatur:
2405 5315 2461 5359 et
2490 5321 2635 5358 nunc
2667 5306 2830 5357 homo
2866 5304 3043 5357 factus
3066 5319 3279 5355 rursum
3301 5302 3432 5355 adow

1863 5410 2015 5454 ratur
2047 5399 2114 5451 ab
2150 5397 2345 5450 iisdem
2383 5411 2487 5448 una
2527 5411 2649 5447 cum
2693 5409 2948 5462 corpore,
2986 5393 3057 5445 ita
3091 5401 3149 5444 ut
3175 5406 3280 5444 una
3316 5394 3428 5457 jam

1864 5494 2027 5545 homo
2054 5492 2334 5553 adoretur,
2364 5503 2525 5557 quem
2557 5487 2726 5541 Filius
2762 5499 2815 5541 et
2844 5486 3079 5541 Verbum
3105 5483 3198 5536 Dei
3222 5497 3433 5536 assum~

1865 5584 1972 5653 psit
2000 5598 2124 5638 cum
2170 5581 2474 5635 substantia
2508 5594 2629 5646 sua,
2664 5576 3124 5648 quemadmodum
3171 5572 3425 5640 primitus
