4204 6444
193 402 311 467 449

1171 410 1465 471 CONTRA
1508 411 1985 475 MAIIOMETEM
2025 418 2393 478 APOLOGH
2441 423 2523 485 Π.

3333 435 3441 499 451)

198 525 494 594 ἀνθρώπου
521 543 578 579 τε
606 526 697 579 καὶ
716 528 915 590 παντὸς
943 526 1081 592 ζὼου
1113 528 1361 580 πετεινοῦ
1383 527 1475 580 καὶ
1498 528 1762 596 τετραπό-

1867 528 2000 581 lium
2051 539 2106 583 et
2156 535 2595 600 quadrupedum,
2630 547 2851 605 propter
2876 550 3119 609 peccata,
3155 557 3276 612 qua:
3307 555 3438 602 tunc

194 615 294 667 ὂου
321 616 409 668 διά
443 618 540 680 τάς
566 618 677 670 τῶν
692 619 812 671 τότε
834 619 1236 690 εὑρισκομένων
1259 618 1559 682 ἀνθρώπων
1583 619 1766 686 ἀμαρ-

194 708 344 769 τῖας.
366 707 716 777 Διεσὼθησαν
730 710 785 761 δὲ
818 712 874 761 ἐν
889 714 955 781 τῇ
987 710 1201 779 κιϐωτῷ
1222 710 1389 778 ψυχαὶ
1419 708 1574 777 μόναι
1600 710 1765 772 ὀκτὼ,

195 799 224 848 ὃ
256 814 318 849 τε
354 798 476 849 Νῶε
518 800 610 852 καὶ
638 800 671 869 ή
698 800 838 866 γυνὴ
864 800 1052 863 αὑτοῦ,
1084 802 1132 852 οἱ
1177 802 1324 865 τρεῖς
1347 816 1405 851 τε
1443 798 1548 851 υἱοὶ
1578 799 1766 863 αὑτοῦ,

196 889 294 940 καὶ
322 890 379 941 αἱ
409 894 557 957 τρεῖς
582 894 835 956 γυναῖκες
858 893 1058 945 αὐτῶν.
1092 891 1286 960 Εἱσῆξε
1304 892 1359 943 δὲ
1388 891 1511 944 Νῶε
1539 894 1630 943 καὶ
1662 891 1769 942 ἀπὸ

198 980 401 1041 παντὸς
440 981 580 1044 ζὼου
609 982 757 1039 ἐντὸς
782 983 881 1049 τῆς
909 983 1139 1036 κιϐωτοῦ
1170 984 1257 1036 διὰ
1293 983 1355 1035 τὸ
1384 984 1559 1050 γένος.
1596 982 1767 1034 Πάλιν

196 1070 250 1120 es
284 1073 314 1121 ὁ
344 1071 659 1138 πανάγαθος
689 1073 820 1135 Θεὸς
864 1074 1093 1139 ἐπέταξε
1130 1073 1206 1142 τῷ
1236 1075 1381 1141 γένει
1409 1074 1518 1126 τῶν
1556 1073 1768 1143 ἀνθρώ-

196 1178 317 1212 πων
346 1162 406 1213 τὸ
432 1181 452 1213 ι
474 1164 916 1227 Αὑξανέσθε,καὶ
944 1165 1409 1236 πληθύνεσθε,καὶ
1442 1165 1765 1233 πληρώσατε

198 1255 298 1316 τὴν
327 1254 451 1319 γῆν,
480 1272 499 1303 ι
517 1253 718 1323 ὁμοίως
745 1255 966 1315 καὶτοῖς
988 1254 1163 1318 ζώοις.
1185 1254 1293 1307 Καὶ
1319 1255 1481 1307 πάλιν
1510 1256 1766 1309 ἐνέπεσον

190 1346 240 1394 οἱ
270 1345 553 1412 ἄνθρωποι
583 1347 662 1407 εἰς
696 1347 975 1410 ἀσέϐειαν,
1007 1349 1072 1417 ἣν
1112 1346 1207 1399 καὶ
1254 1350 1393 1399 κατά
1431 1349 1594 1417 μέρος
1632 1348 1767 1415 φθά-

196 1454 393 1490 σαντες
445 1438 547 1507 ἤδη
599 1438 919 1507 εἰρήκαμεν.
986 1439 1045 1490 '0
1093 1439 1148 1490 δέ
1196 1440 1530 1508 Μελχισεδὲκ
1588 1441 1682 1491 καὶ
1736 1442 1764 1493 ό

200 1525 462 1593 Ἀϐραὰμ
489 1527 582 1578 καὶ
613 1527 737 1579 Λὼτ
769 1531 796 1579 ό
839 1528 1057 1597 ἀνεψιὸς
1083 1528 1245 1581 αὑτοῦ
1281 1532 1559 1599 ἐφάνησαν
1585 1528 1763 1581 δοῦλοι

194 1616 287 1668 τοῦ
318 1616 454 1669 Θεοῦ
482 1617 572 1669 τοῦ
602 1619 846 1676 ὑψίστου.
878 1620 1058 1683 Ἀπας
1085 1621 1139 1674 δὲ
1169 1625 1196 1677 ὁ
1235 1624 1437 1691 κόσμος
1488 1622 1760 1692 προσεκύ-

196 1724 262 1771 νη
273 1723 370 1757 σαν
404 1707 484 1774 τῷ
532 1706 763 1776 διαϐόλῳ
788 1709 882 1760 καὶ
914 1712 1024 1771 τοῖς
1054 1711 1308 1772 εἰδώλοις.
1357 1711 1416 1763 '0
1452 1711 1758 1776 πανάγαθος

190 1796 374 1847 τοίνυν
400 1796 532 1856 Θεὸς
573 1795 697 1850 ἰδὼν
732 1798 793 1850 τὸ
830 1798 1011 1865 τίμιον
1040 1799 1266 1868 πλάσμα
1294 1800 1480 1865 αὑτοῦ,
1513 1801 1575 1852 τὸ
1605 1802 1759 1869 γένος

1874 621 2133 686 temporis
2189 623 2330 676 inter
2368 622 2622 678 homines
2668 642 2789 681 esse
2824 628 3380 693 deprehcndebantur
3418 652 3452 691 :-

1871 721 2097 765 servatae
2128 723 2308 767 autem
2335 725 2463 769 sunt
2493 716 2546 769 in
2585 732 2709 771 arca
2741 735 2850 774 non
2886 723 3074 791 plures
3112 740 3274 793 quam
3310 738 3437 782 octo

1870 801 2084 865 animm,
2117 802 2229 857 Noé
2263 806 2472 860 scilicet
2507 816 2563 860 et
2602 824 2734 861 uxor
2764 811 2927 877 illius,
2959 824 3070 869 tres
3104 818 3199 871 lilii
3242 819 3434 886 ipsius,

1868 900 1924 944 et
1954 907 2150 945 uxores
2183 907 2396 949 eorum.
2436 897 2547 951 Νοὲ
2578 914 2707 952 vero
2734 900 3075 970 singulorum
3114 910 3433 963 animalium

1867 996 2039 1049 genus
2068 983 2122 1035 in
2155 998 2333 1037 arcam
2368 986 2690 1055 induxerat;
2728 992 2871 1047 Deus
2903 1005 3081 1050 autem
3109 999 3348 1067 optimus
3378 1013 3435 1055 ct

1870 1067 2130 1137 benignus
2176 1070 2358 1125 denuo
2410 1084 2664 1145 praecepit
2705 1080 2945 1135 humano
2990 1088 3196 1153 generi,
3252 1109 3270 1139 ι
3301 1090 3441 1143 Cre—

1867 1159 2021 1223 scite,
2046 1163 2557 1235 mulliplicaminiIet
2575 1169 2794 1238 implete
2817 1183 3013 1228 terram
3033 1177 3112 1242 ";
3141 1197 3159 1229 ι
3184 1179 3436 1234 similiter

1867 1258 1921 1301 et
1959 1253 2305 1308 animalibus.
2345 1259 2450 1311 Sed
2503 1276 2719 1314 rursum
2755 1263 2820 1316 ad
2855 1265 3189 1333 impietatem
3223 1271 3431 1341 delapsi

1865 1355 1993 1395 sunt
2023 1344 2293 1409 homines,
2327 1365 2487 1417 quam
2527 1354 2690 1407 modo
2724 1371 2821 1424 per
2850 1368 3033 1425 partes
3059 1367 3429 1429 exposuimus.

1865 1433 2226 1491 Melrhisedek
2254 1456 2404 1509 vero,
2445 1444 2737 1511 Abraham,
2774 1458 2828 1502 et
2861 1449 2962 1504 Lut
2991 1452 3139 1507 illius
3170 1470 3233 1508 ex
3267 1456 3434 1509 fratre

1864 1538 2055 1592 nepos,
2086 1527 2176 1580 Dei
2210 1530 2458 1585 altissimi
2492 1535 2727 1590 cultores
2752 1553 2809 1592 se
2838 1555 2959 1594 esse
2982 1543 3430 1610 declaraveruzit;

1864 1622 2010 1669 totus
2057 1626 2237 1671 autem
2287 1623 2526 1677 mundus
2592 1626 2813 1682 diabolo
2864 1633 3087 1686 servivit
3140 1647 3195 1688 et
3250 1638 3427 1693 idolis.

1862 1704 2006 1759 Deus
2058 1706 2242 1777 itaque
2294 1711 2722 1783 benignissimus
2773 1735 2897 1774 cum
2929 1724 3156 1779 vidisset
3190 1727 3429 1781 nobilem

1864 1794 2007 1850 illam
2062 1810 2369 1855 creaturam
2419 1820 2597 1869 suam,
2646 1824 2819 1875 genus
2880 1814 3175 1869 humanum
3217 1819 3432 1872 scilicet

188 1886 402 1956 δηλαθὴ
435 1890 541 1940 τῶν
573 1888 893 1959 ἀνθρώπων,
923 1894 1351 1959 τυραννούμενον
1381 1891 1486 1943 ὑπὸ
1515 1891 1609 1943 τοῦ
1642 1892 1756 1943 δια-

1861 1886 2063 1941 diaboli
2116 1893 2404 1960 tyrannide
2447 1910 2717 1961 pressum,
2769 1901 2861 1969 qni
2910 1902 3159 1958 viventes
3206 1908 3427 1975 quidem

190 1980 375 2044 ϐόλον,
405 1979 467 2041 ὃς
496 1980 704 2044 ζῶντας
737 1981 836 2050 μὲν
868 1982 1091 2045 τούτους
1119 1984 1408 2052 ἐφενάκιζε
1439 1985 1533 2038 καὶ
1552 1984 1753 2052 ἠπάτα,

184 2072 330 2124 ὥστε
368 2076 695 2140 προσκυνεῖν
721 2074 866 2142 αὑτῷ
892 2074 965 2137 ὡς
988 2072 1117 2143 θεῷ,
1146 2075 1519 2128 ἀποθανόντων
1544 2075 1600 2128 δέ
1627 2092 1760 2129 κατ-

184 2166 301 2231 εἶχε
332 2165 429 2225 τάς
470 2165 647 2217 αὑτιὶν
692 2165 865 2233 ψυχὰς
895 2166 954 2219 ὲν
980 2166 1057 2236 τῷ
1083 2166 1183 2237 ᾄδῃ
1215 2167 1295 2235 τῷ
1317 2166 1499 2235 πικρῷ
1524 2168 1615 2219 καὶ
1642 2168 1760 2230 {Coc

188 2255 450 2322 φωμένῳ,
478 2253 894 2323 σπλαγχνισθεὶς
925 2254 1128 2307 ἔσωσεν
1158 2255 1309 2312 αὑτό.
1342 2256 1465 2318 Πῶς
1488 2256 1543 2309 δὲ
1576 2255 1756 2328 ἐσώθη

185 2348 247 2398 τὸ
278 2347 390 2398 τῶν
419 2346 721 2413 ἀνθρώπων
751 2348 926 2413 γένος,
958 2334 1122 2401 ἄκουε
1153 2349 1437 2417 νουνεχῶς.

253 2444 315 2490 ε’.
360 2437 419 2489 '0
447 2436 546 2506 μὲν
568 2437 676 2507 γάρ
706 2438 986 2508 ἄνθρωπος
1009 2439 1171 2501 αὑτὸς
1196 2441 1375 2509 ἑαυτῷ
1401 2442 1500 2493 οὑκ
1527 2441 1755 2511 ἠδύνατο

184 2529 474 2598 βοηθῆσαι.
507 2531 580 2582 Τὸ
614 2530 733 2599 μὲν,
767 2532 848 2584 ὄτι
884 2533 984 2584 οὑκ
1024 2532 1276 2585 ἐϐούλετο
1300 2532 1384 2585 διὰ
1412 2533 1471 2584 τὸ
1504 2535 1603 2595 τὰς
1632 2534 1756 2602 ἡδο-

181 2622 278 2681 νὰς
314 2622 556 2688 νομίζειν
586 2618 726 2674 εἶναι
768 2622 936 2691 ἀκρον
980 2624 1204 2690 ἀγαθὸν,
1238 2626 1315 2687 εις
1355 2624 1624 2694 τοσαύτην
1656 2625 1754 2676 καὶ

180 2713 251 2778 γᾶ
261 2730 291 2779 ρ
317 2712 523 2780 πλάνην
547 2712 824 2777 ἐνέπεσον,
849 2706 1221 2779 σκοτισθέντες
1239 2718 1341 2769 ὑπὸ
1363 2718 1455 2768 τοῦ
1478 2717 1714 2785 πονηροῦ
1734 2731 1751 2748 ⁸

180 2801 243 2853 τὸ
270 2802 342 2867 δ’,
376 2802 457 2854 ὅτι
493 2802 586 2854 τὸν
623 2803 720 2871 μὲν
744 2804 918 2874 ἀληθῆ
949 2806 1080 2860 Θεὸν
1109 2810 1209 2859 οὐκ
1235 2809 1556 2875 ἐγίνωσκον.
1587 2824 1753 2874 προσ-

181 2892 412 2943 εκύνουν
441 2891 498 2943 δέ
531 2896 640 2956 τοῖς
676 2895 913 2957 εἰδώλοις
936 2897 1052 2966 ήτοι
1082 2899 1190 2958 τοῖς
1220 2898 1538 2965 δαιμονίοις,
1568 2902 1660 2950 καὶ
1691 2898 1749 2949 ἐν

182 2985 369 3035 σκότει
404 2984 501 3051 τῆς
539 2985 814 3050 ἀγνωσίας
844 2986 1198 3057 ὑπάρχοντες,
1226 2992 1318 3041 τὸν
1353 2988 1484 3040 Θεὸν
1517 2989 1615 3041 οὑκ
1637 2990 1748 3055 ἐγί-

178 3092 416 3138 νωσκον,
453 3076 545 3128 καὶ
583 3075 776 3144 έμενον
804 3076 863 3127 ἐν
901 3080 967 3148 τῇ
1008 3078 1353 3149 αἰχμαλωσίᾳ
1384 3079 1478 3132 τοῦ
1526 3080 1745 3148 ἐχθροῦ.

188 3165 556 3234 ’Υποθώμεθα
575 3167 632 3219 δὲ
671 3168 960 3234 καὶτοῦτο,
996 3170 1076 3223 ὅτι
1108 3173 1337 3242 ἐνόησαν
1364 3176 1443 3234 εις
1471 3174 1622 3225 ποῖον
1652 3173 1747 3241 βά-

1858 1976 2153 2032 fascinaret
2201 1993 2257 2034 et
2307 1981 2586 2051 deciperet
2619 1997 2678 2040 ut
2709 1987 2885 2058 ipsqu
2934 2006 3034 2046 ceu
3084 1995 3246 2049 deum
3279 1998 3430 2053 cole-

1860 2080 2000 2132 rent,
2049 2082 2389 2127 mortuorum
2418 2092 2548 2130 vero
2576 2082 2788 2134 animas
2821 2082 2874 2134 in
2918 2083 3063 2139 tristi
3105 2096 3162 2140 et
3190 2088 3429 2143 obscuro

1858 2159 2075 2215 inferno
2128 2164 2428 2230 detineret,
2487 2170 2861 2227 misericordia
2911 2175 3142 2241 ductus,
3193 2182 3425 2236 salutent

1856 2253 1985 2307 dare
2038 2254 2231 2308 voluit.
2278 2257 2495 2311 Modum
2540 2261 2721 2331 itaque
2767 2280 2877 2333 quo
2919 2267 3221 2327 humanum
3251 2288 3427 2341 genus

1854 2342 1919 2395 ad
1951 2344 2179 2397 salutem
2211 2348 2477 2414 pervenit,
2509 2350 2798 2420 diligenter
2832 2358 3070 2426 percipe.

1924 2434 1977 2487 5.
2022 2433 2140 2503 Ipse
2172 2438 2393 2506 quidem
2430 2442 2593 2496 homo
2622 2446 2863 2513 seipsum
2900 2449 3093 2517 juvare
3124 2466 3234 2507 non
3266 2465 3425 2524 pote-

1854 2534 1958 2583 rat,
1996 2529 2193 2593 partim
2221 2531 2441 2597 quidem
2473 2535 2618 2601 quod
2657 2551 2765 2590 non
2796 2539 2975 2601 vellet,
3012 2557 3080 2596 eo
3120 2544 3266 2612 quod
3320 2561 3421 2600 vo-

1850 2616 2087 2685 luptates
2109 2622 2307 2674 summi
2349 2623 2475 2677 boni
2508 2625 2628 2680 loco
2659 2627 2885 2684 duceret
2912 2632 2988 2699 (in
3026 2643 3237 2691 tantum
3270 2638 3425 2693 enim-

1850 2707 2054 2760 erroris
2086 2710 2398 2766 inciderant
2445 2728 2472 2766 a
2524 2716 2668 2769 malo
2697 2722 3003 2790 excaecati},
3032 2726 3231 2792 partim
3267 2743 3418 2791 vero,

1850 2795 1997 2863 quod
2034 2812 2222 2853 verum
2254 2801 2422 2855 Deum
2459 2804 2757 2872 ignoraret,
2792 2812 3019 2866 serviret
3047 2825 3229 2869 autem
3262 2818 3429 2874 idolis

1849 2897 1904 2939 et
1938 2887 2299 2951 daemonibus.
2331 2903 2388 2947 et
2437 2895 2492 2949 in
2526 2898 2770 2953 tenebris
2818 2901 3139 2971 ignorantia
3161 2907 3426 2965 desidens

1850 2978 2017 3033 Deum
2052 2996 2163 3034 non
2198 2987 2553 3052 agnoscebat.
2597 2990 2693 3044 sed
2749 2993 2803 3045 in
2842 2993 3015 3050 hostis
3059 3001 3423 3066 permanebat

1849 3073 2188 3141 captivitate.
2229 3075 2370 3141 Quin
2430 3088 2484 3132 et
2520 3080 2624 3134 hoc
2681 3084 3036 3141 concedimus
3091 3092 3417 3146 statuimus-

1849 3178 1978 3231 que,
2029 3167 2175 3232 quod
2232 3168 2741 3227 animadverterunt
2790 3175 3013 3243 quidem
3049 3177 3104 3232 in
3147 3192 3415 3248 quantum

182 3256 387 3324 ραθρον
421 3233 606 3310 κακῶν
631 3259 911 3321 ἐνέπεσον,
948 3233 1039 3312 καὶ
1070 3260 1187 3323 πῶς
1210 3233 1432 3331 ἔμελλον
1460 3233 1747 3334 βοηθήσειν

1849 3256 2115 3311 malorum
2178 3258 2497 3315 barathrum
2563 3263 2912 3331 incidissent;
2975 3267 3073 3323 sed
3138 3275 3426 3338 quomodo

175 3347 411 3410 ἑαυτοῖς,
468 3349 589 3401 ἐπεὶ
645 3342 793 3417 εἶχον
831 3352 932 3417 τὴν
964 3353 1311 3424 ,προγονικὴν
1359 3353 1605 3424 κατάραν
1648 3355 1743 3408 τοῦ

186 3437 382 3506 Ἀδὰμ,
422 3439 515 3491 καὶ
546 3439 694 3501 ὅπως
740 3441 965 3508 ἔμελλον
1007 3441 1265 3509 γενέσθαι
1308 3444 1586 3511 ἀθάνατοι,
1623 3447 1745 3500 ἐπεὶ

171 3531 263 3581 τὸν
297 3530 527 3583 θάνατον
571 3531 985 3601 ἐκληρώσαντο;
1021 3536 1231 3598 Πάντες
1254 3537 1363 3606 γὰρ
1401 3541 1449 3589 οι
1488 3538 1545 3601 ἐξ
1577 3540 1745 3608 Ἀδάμ

174 3619 361 3685 θνητοὶ
398 3620 741 3687 κατέστησαν
761 3622 850 3674 διὰ
868 3624 968 3691 τὴν
996 3623 1089 3675 τοῦ
1121 3628 1323 3693 πατρὸς
1353 3627 1531 3679 αὑτῶν
1573 3629 1743 3696 Ἀδὰμ

172 3708 472 3776 ἁμαρτίαν.
518 3708 669 3760 Ἐπεὶ
698 3708 825 3775 γοῦν
855 3708 979 3761 οὔτε
1008 3711 1227 3779 ἐνόησεν
1260 3713 1287 3763 ὁ
1319 3712 1600 3781 ἄνθρωπος
1637 3715 1744 3765 άπὸ

172 3798 332 3848 ποίου
381 3795 546 3863 ὕψους
584 3796 678 3849 καὶ
729 3799 1018 3865 μεγαλεῖον
1062 3798 1313 3863 ἐξέπεσε,
1355 3803 1449 3852 καὶ
1491 3801 1567 3862 εἰς
1618 3802 1742 3854 ὅσον

172 3885 449 3955 βάραθρον
465 3889 551 3940 ἀτι
561 3889 686 3957 μίας
717 3889 993 3949 ἐνέπεσεν.
1013 3890 1125 3943 ἀλλ’
1147 3895 1194 3944 εἰ
1226 3895 1317 3944 καὶ
1347 3894 1475 3955 ἴσως
1498 3893 1738 3962 ἐνόησεν,

168 3978 271 4029 οὑκ
294 3976 529 4045 ἠδύνατο
563 3978 826 4047 βοηθῆσαι
851 3980 1053 4049 ἐαυτῷ,
1085 3981 1272 4034 λοιπὸν
1294 3984 1624 4047 ἐκινδύνευε,
1652 3983 1739 4036 ἵνα

168 4068 462 4130 διαπαντὸς
501 4068 822 4137 εὑρίσκηται
866 4072 898 4140 ἠ
949 4073 1215 4141 ἁμαρτία.
1267 4075 1361 4125 καὶ
1408 4075 1665 4146 βασιλεύῃ
1711 4078 1739 4146 δ

168 4160 401 4221 θάνατος
433 4161 526 4211 ἐπὶ
563 4160 739 4212 πάντα
776 4162 1083 4231 ἄνθρωπον.
1123 4163 1294 4217 Τοῦτο
1339 4165 1459 4217 ἰδὼν
1508 4167 1672 4218 Δαϐὶδ
1708 4166 1738 4218 δ

173 4253 489 4320 προφήτης,
511 4249 683 4316 εἶπεν,
703 4252 785 4305 ὅτι
816 4272 834 4304 ι
850 4254 1169 4323 Ἀνθρωπος
1194 4261 1250 4309 ἐν
1270 4261 1401 4326 τιμῇ
1432 4257 1507 4310 ὢν
1531 4258 1590 4310 οὑ
1615 4275 1735 4310 συνι

168 4342 297 4411 ἧκε,
331 4343 777 4412 παρεσυνεϐλήθη
806 4346 916 4406 τοῖς
951 4348 1173 4414 κτήνεσι
1205 4351 1313 4408 τοῖς
1349 4350 1617 4419 ἀνοήτοις,
1641 4349 1736 4402 καὶ

170 4431 429 4501 ὡμοιώθη
454 4433 659 4493 αὑτοῖς.
683 4451 701 4483 ι
748 4432 887 4485 Ἀλλ’
919 4436 946 4486 ὁ
970 4435 1349 4507 φιλάνθρωπος
1374 4438 1504 4500 Θεὸς
1530 4440 1735 4507 σπλαγο

1846 3346 2057 3413 seipsos
2102 3348 2384 3416 iuvarent,
2440 3351 2533 3419 qui
2596 3354 2860 3423 majorum
2931 3372 3183 3421 suorum,
3220 3362 3414 3418 Adami

1848 3452 2066 3506 nempe.
2105 3440 2490 3497 maledictione
2542 3446 2871 3501 tenebantur
2922 3465 2937 3503 :
2996 3457 3053 3505 et
3089 3467 3201 3520 quo
3248 3457 3413 3511 modo

1847 3526 2182 3583 immortales
2229 3531 2609 3597 redderentur,
2640 3539 2732 3604 qui
2762 3546 2995 3594 mortem
3038 3556 3138 3596 ceu
3175 3543 3421 3600 haeredi-

1849 3618 1984 3671 tario
2039 3618 2164 3688 jure
2221 3628 2585 3691 acceperant?
2655 3627 2855 3684 Omnes
2913 3633 3060 3686 enim
3117 3651 3182 3688 ex
3238 3637 3409 3693 Adam

1848 3708 2015 3775 geniti
2056 3712 2314 3767 mortales
2370 3715 2494 3769 facti
2531 3729 2679 3783 sunt,
2738 3731 2966 3791 propter
2995 3724 3185 3780 Adami
3243 3734 3414 3796 patris

1844 3797 2086 3866 ipsorum
2125 3807 2635 3872 transgressionem.
2698 3810 2970 3875 Quoniam
3028 3817 3196 3886 igitur
3244 3819 3415 3873 homo

1843 3897 1939 3942 aut
1977 3890 2247 3959 ignoravit
2302 3894 2370 3949 de
2424 3909 2626 3965 quanta
2666 3904 3003 3960 sublimitate
3049 3917 3099 3962 et
3160 3910 3411 3979 magnifi-

1843 3983 2024 4036 centia
2073 3987 2393 4052 excidisset,
2446 4000 2502 4044 et
2538 3993 2593 4046 in
2642 4009 2910 4063 quantum
2946 4001 3204 4069 delapsus
3258 4014 3406 4058 esset

1844 4070 2161 4138 ignominiaa
2187 4075 2507 4132 barathrum
2533 4121 2550 4146 ,
2598 4093 2693 4135 aut
2729 4086 2832 4139 huc
2862 4086 3003 4142 forte
3024 4091 3270 4160 cognito.
3299 4092 3406 4146 sibi

1845 4161 1948 4231 ipsi
1985 4172 2163 4218 tamen
2199 4168 2493 4224 subvenire
2527 4187 2635 4226 non
2671 4184 2908 4243 poterat,
2961 4182 3265 4248 periculum
3292 4184 3413 4253 jam"

1839 4261 1980 4317 erat,
2034 4271 2105 4309 ne
2157 4269 2384 4325 peccato
2433 4274 2651 4331 semper
2706 4267 2866 4320 nobis
2926 4278 3214 4337 praesente,
3260 4290 3407 4329 mors

1841 4346 2006 4398 etiam
2038 4348 2189 4401 omni
2221 4348 2428 4404 homini
2459 4351 2853 4410 dominaretur.
2880 4358 3014 4412 Illud
3046 4360 3211 4429 igitur
3236 4361 3414 4418 David

1842 4439 2179 4506 perspiciens
2225 4439 2365 4494 dixit
2401 4459 2414 4494 :
2461 4462 2479 4493 ‹
2521 4442 2693 4499 llomo
2725 4462 2849 4501 eum
2904 4448 2961 4502 in
3017 4451 3225 4507 honore
3263 4466 3410 4511 esset

169 4523 430 4593 χνισθεὶς,
459 4523 557 4574 οὑκ
583 4522 732 4576 εῐασε
763 4524 862 4593 τὴν
904 4526 1086 4578 εἰκόνα
1108 4528 1273 4579 αὑτοῦ
1304 4529 1395 4579 ἐπὶ
1428 4528 1587 4581 πλέον
1632 4530 1735 4581 ὑπὸ

1849 4541 1948 4579 non
1980 4528 2282 4594 intellexit;
2316 4544 2663 4600 comparatus
2700 4548 2782 4591 est
2807 4539 3070 4607 jumentis
3101 4542 3423 4611 insipienti-r

165 4615 260 4666 τοῦ
278 4614 529 4667 διαϐόλου
548 4616 951 4683 τυραννεῖσθαι.
972 4618 1164 4669 Τοίνυν
1185 4620 1276 4669 καὶ
1296 4619 1497 4687 ἤρξατο
1520 4619 1731 4671 ἀπὸτοῦ

176 4704 431 4774 Ἀϐραάμ
458 4706 843 4759 ἀνακαλεῖσθαι
891 4710 990 4760 καὶ
1029 4709 1468 4779 ἐπιδιορθοῦσθαι
1502 4712 1594 4762 τὸν
1638 4711 1732 4763 άν-

165 4798 408 4864 θρωπον.
438 4795 547 4848 Τοῦ
576 4797 686 4865 γάρ
722 4796 978 4865 Ἀϐραὰμ
1022 4799 1382 4867 γεννήσαντος
1414 4800 1505 4851 τὸν
1547 4800 1732 4852 Ἰσαὰκ

163 4888 257 4940 καὶ
288 4888 383 4939 τοῦ
415 4888 600 4939 ἰσαάκ
638 4888 730 4941 τὸν
771 4886 986 4953 Ἰακὼϐ,
1017 4891 1109 4942 καὶ
1137 4890 1229 4941 τοῦ
1264 4890 1455 4943 Ἰακιὶϐ
1481 4895 1607 4953 τσὺς
1632 4893 1732 4943 6di-

162 4980 295 5031 δεκα
341 4979 490 5039 υἱοὺς
540 4978 729 5042 αὑτοῦ,
776 4978 1141 5047 φθονήσαντες
1187 4984 1233 5033 οἱ
1272 4982 1459 5033 ἕνδεκα
1496 4983 1601 5033 νῖοί
1637 4983 1731 5034 τοῦ

177 5069 371 5124 Ἰακὼϐ
418 5069 497 5139 τῷ
535 5070 749 5140 ἀδελφῷ
793 5072 969 5123 αὐτῶν
1014 5072 1091 5140 τῷ
1134 5072 1353 5142 Ἰωσὴφ,
1402 5074 1596 5140 ἔδησαν
1638 5076 1730 5125 καὶ

162 5163 356 5216 ἔϐαλον
373 5162 535 5215 αὑτὸν
556 5164 636 5224 εἰς
653 5162 745 5214 τὸν
760 5162 987 5225 λάκκον,
1009 5165 1100 5215 καὶ
1118 5181 1138 5214 ε
1154 5165 1364 5233 Ζνρόντες
1380 5166 1725 5231 Αἰγυπτίους,

161 5254 481 5317 πεπράκασι
502 5252 706 5304 τοῦτον.
732 5253 793 5304 Ol
820 5252 876 5305 δὲ
901 5255 1281 5320 ἀπαγαγόντες
1307 5256 1395 5304 τὸν
1435 5254 1628 5320 Ἰωσὴφ
1648 5257 1727 5316 εἰς

159 5346 438 5412 Αἴγυπτον
470 5342 740 5395 δεδώκασι
776 5342 852 5411 τῷ
880 5343 1099 5410 Φαραὼ.
1148 5346 1254 5395 Καὶ
1285 5348 1310 5396 ὀ
1338 5345 1537 5413 Φαραὼ
1568 5347 1729 5398 κατέ-

160 5450 361 5505 στησεν
392 5434 553 5486 αὑτὸν
586 5433 822 5502 ἄρχοντα
865 5435 1049 5503 πάσης
1095 5435 1194 5502 γῆς
1240 5437 1536 5502 Αἰγύπτου.
1570 5437 1729 5487 Γενο-

161 5531 327 5597 μένου
378 5521 449 5579 δὲ’
485 5526 671 5594 λιμοῦ,
714 5525 1024 5594 κατέϐησαν
1066 5528 1116 5576 οἱ
1149 5527 1364 5593 ἀδελφοὶ
1416 5528 1613 5597 Ἰωσὴφ
1646 5530 1725 5590 εἰς

158 5622 435 5686 Αἴγυπτον
466 5617 646 5686 εὑρεῖν
672 5619 1046 5687 χορτάσματα.
1091 5616 1148 5669 'U
1195 5618 1249 5671 δὲ
1292 5620 1490 5690 Ἰωσὴφ
1524 5620 1725 5689 γνωρί-

226 5803 273 5836 ⁸⁶
302 5800 542 5869 Genus,
585 5805 635 5858 1.
712 5802 777 5835 ³⁸⁸
804 5801 945 5860 Psal.
979 5821 1161 5870 XLVIII,
1183 5806 1272 5861 2|.

1840 4615 1964 4673 bus.
2003 4628 2057 4670 et
2082 4618 2190 4671 illis
2224 4620 2419 4673 sitnilis
2458 4632 2541 4675 est
2571 4623 2746 4678 factus
2770 4628 2858 4679 ¹⁶⁴.
2904 4646 2922 4679 ι
2966 4629 3107 4684 Deus
3146 4647 3276 4685 vero
3306 4634 3407 4686 hu-

1841 4706 1985 4759 mani
2018 4707 2196 4761 fautor
2212 4710 2449 4778 generis,
2480 4714 2854 4771 misericordia
2886 4732 3084 4781 motus.
3110 4723 3403 4791 imaginem

1840 4813 1992 4852 suam
2032 4800 2265 4855 ulterius
2294 4803 2497 4857 diaboli
2524 4805 2755 4875 imperio
2784 4812 2955 4878 premi
2996 4828 3102 4865 non
3134 4815 3399 4881 permisit.

1840 4889 2048 4958 lucepit
2102 4892 2270 4961 igitur
2302 4895 2369 4947 ab
2415 4896 2710 4952 Abrahami
2762 4905 3105 4971 temporibus
3146 4922 3400 4962 revocare

1836 4992 1892 5034 et
1944 4984 2237 5038 restituere
2276 4986 2576 5043 hominem.
2622 4991 2757 5045 Cum
2802 4998 2950 5049 enim
3005 5002 3271 5053 Abraham
3307 5018 3399 5070 ge-

1836 5073 2047 5127 nuisset
2072 5074 2238 5139 Isaac,
2268 5087 2325 5130 et
2358 5079 2447 5133 hic
2473 5080 2759 5146 Jacobnm,
2787 5086 2956 5139 Jaenb
2981 5101 3162 5141 autem
3195 5090 3405 5147 duode-

1832 5164 1940 5218 cim
1978 5166 2116 5219 tilios
2148 5170 2288 5235 ejus,
2317 5171 2568 5225 undecim
2608 5189 2674 5227 ex
2719 5176 2827 5231 illis
2871 5180 3137 5233 adversus
3174 5183 3398 5239 fratrem

1833 5270 1988 5309 suum
2022 5257 2219 5325 Joseplt
2255 5259 2460 5315 invidia
2496 5265 2653 5327 moti,
2681 5281 2805 5319 eum
2830 5269 3134 5333 ligaverunt
3163 5286 3216 5325 et
3241 5279 3401 5327 dimi-

1829 5354 2017 5398 seruut
2058 5348 2111 5397 in
2146 5348 2462 5415 cisternam,
2495 5362 2545 5404 et
2574 5354 2791 5409 tandem
2822 5358 3106 5428 xigyplios
3134 5364 3397 5429 quosdam

1827 5437 1997 5500 nacti,
2040 5438 2431 5493 vendiderunt.
2482 5441 2547 5497 lli
2602 5461 2731 5499 vero
2781 5447 3078 5518 Josepltum
3113 5454 3164 5504 in
3198 5451 3399 5523 [Egyp-

1829 5538 1940 5582 tqu
1974 5530 2271 5584 abductum
2310 5532 2580 5588 dederunt
2612 5537 2899 5603 Pharaoni,
2930 5544 3021 5610 qui
3058 5559 3184 5597 eum
3229 5550 3396 5599 toti-us

1826 5620 2043 5693 :Egynti
2101 5621 2386 5678 dominum
2428 5628 2738 5684 constituit.
2794 5632 2994 5687 Exorta
3026 5647 3207 5689 autem
3253 5635 3405 5690 fame
