4204 6444
188 370 287 432 ζ53

1132 367 1430 427 CONTRA
1472 366 1957 426 lli-\IIOMETEM
1997 367 2367 426 APOLOGIA
2424 368 2500 428 ll.

3306 370 3414 435 »454

189 480 549 547 κατηγόρημα
572 478 746 528 κεῖται
766 474 919 527 τοῦτο
936 475 1055 526 καθ’
1085 476 1241 542 ἡμῶν
1263 476 1369 526 τῶν
1392 476 1753 540 Χριστιανῶν,
1792 478 1839 534 Α

1792 478 1839 534 Α
1869 474 2113 539 dicente,
2152 475 2263 543 Ego
2313 492 2430 528 sum
2467 477 2606 530 Deus
2649 477 2819 538 solus,
2865 486 2919 531 rt
2955 478 3251 535 divinitatis
3291 500 3418 535 ean-

189 570 268 621 ὃτι
288 570 381 619 τοῦ
404 567 537 618 Θεοῦ
571 565 835 625 εἰπόντος,
868 565 950 615 ὅτι
992 564 1136 629 Ἐγὼ
1164 563 1295 623 Θεὸς
1331 564 1513 630 μόνος,
1541 564 1637 615 καὶ
1655 563 1755 614 οὐκ

192 658 299 727 ἔχω
320 659 644 725 συντροφίαν
663 659 741 718 είς
765 655 863 724 τὴν
897 654 1031 723 ἐμὴν
1065 654 1317 724 θεότητα,
1345 655 1501 723 ἡμεῖς
1527 654 1755 721 λέγομεν

190 760 279 800 τὸν
313 750 542 817 Χριστὸν
572 748 701 799 Θεὸν
734 751 824 799 καὶ
862 746 995 798 Θεοῦ
1030 746 1179 811 Υίὸν,
1220 750 1310 799 καὶ
1342 743 1755 815 προσκυνοῦμεν

190 841 413 903 πολλοὺς
446 841 632 905 θεοὺς,
667 840 760 892 καὶ
787 840 926 891 ἔστω
971 840 1075 891 ὑπὸ
1107 839 1410 908 ἀναθέματι
1442 840 1469 889 6
1510 852 1753 905 προσκυ-

188 933 291 984 νῶν
322 931 477 994 θεοὺς
518 930 610 983 δύο
644 931 675 1000 ἢ
719 933 864 1000 τρεῖς
900 931 931 998 ἢ
967 930 1062 982 καὶ
1099 931 1347 993 πολλούς.
1403 929 1561 983 Ἀλλὰ
1595 946 1758 998 προσ-

192 1020 461 1090 κυνοῦμεν
507 1021 640 1072 Θεὸν
684 1021 781 1073 ἕνα
822 1022 1103 1089 ἀληθινὸν,
1137 1024 1227 1074 τὸν
1262 1022 1489 1088 ποιητὴν
1524 1020 1755 1089 οὐρανοῦ

190 1113 283 1162 καὶ
308 1112 410 1177 τῆς
434 1111 557 1179 γῆς.
597 1111 657 1164 ’0
687 1111 795 1178 γὰρ
830 1112 959 1173 Θεὸς
983 1112 1249 1164 διδάσκων
1278 1114 1401 1172 τοὺς
1442 1111 1752 1179 Ἐϐραίους,

192 1203 275 1252 ἵνα
325 1203 522 1270 μηκέτι
562 1201 1044 1271 είδωλολατρῶσιν,
1070 1198 1221 1254 εἶπεν
1267 1204 1469 1263 αὐτοῖς,
1505 1222 1522 1254 ι
1562 1204 1624 1253 Οἱ
1665 1220 1755 1253 πι-

192 1292 468 1354 στεύοντες
498 1295 609 1354 τοῖς
639 1292 877 1356 εἰδώλοις
922 1294 1236 1347 πιστεύουσι
1273 1294 1413 1355 θεοῖς
1447 1293 1678 1353 πολλοῖς.
1728 1312 1746 1343 ι

206 1380 267 1429 Oi
297 1378 355 1430 δὲ
385 1376 702 1447 Χριστιανοὶ
741 1382 873 1449 ὀρθά
898 1382 1239 1451 φρονοῦντες,
1273 1382 1355 1433 ἐνὶ
1380 1382 1498 1449 ε)εῴ
1532 1382 1753 1432 πιστεύ-

186 1486 329 1532 ουσι,
356 1472 450 1523 καὶ
479 1470 539 1522 οὐ
570 1471 780 1534 πολλοῖς
806 1488 820 1503 ο
849 1473 1029 1535 καθὼς
1064 1473 1155 1525 καὶ
1187 1475 1213 1525 6
1254 1472 1484 1539 Χριστὸς
1517 1471 1752 1533 ἐδίδαξεν

191 1562 247 1611 ἐν
281 1562 773 1631 τοῖς-Εὐάγγελίοις
811 1564 999 1628 είπὼν,
1032 1566 1111 1617 ὅτι
1148 1582 1165 1614 ‹
1210 1563 1348 1627 Ἐγὼ
1375 1563 1465 1614 καὶ
1497 1565 1523 1613 6
1565 1562 1751 1629 Πατὴρ

191 1653 248 1703 ἓν
281 1654 474 1721 ἐσμεν,
507 1673 522 1704 ι
554 1655 649 1706 καὶ
674 1673 692 1705 ο
737 1655 797 1707 '0
824 1657 921 1725 ἐμὲ
946 1657 1182 1725 θεωρῶν,
1210 1656 1405 1724 θεωρεῖ
1426 1654 1515 1706 τὸν
1538 1656 1754 1720 Πατέρα

196 1760 317 1807 μου.
358 1761 378 1792 ι
422 1744 608 1810 Ὑμεῖς
639 1746 693 1797 δὲ
719 1747 1039 1813 ἀγνοοῦντες
1064 1747 1161 1807 τὰς
1188 1746 1429 1816 Γραιρὰς,
1460 1746 1751 1797 ὲκπίπτετε

1861 575 2065 618 sortem
2103 581 2209 617 non
2250 565 2443 625 habeo,
2498 581 2592 619 nos
2631 575 2813 619 tamen
2862 567 3108 621 dicamus
3140 569 3359 623 Christu
3387 590 3415 620 ιι

1859 656 2025 709 Demu
2081 672 2202 709 esse
2271 665 2327 710 et
2391 657 2481 709 Dei
2518 657 2747 721 Filium;
2796 659 2939 711 unde
2996 660 3158 711 etiam
3220 662 3419 714 multus

1857 748 1987 799 deos
2021 748 2334 800 adoremus.
2390 747 2659 800 (Steterunt
2692 750 2983 801 anathema
3030 750 3121 811 sit,
3169 754 3419 816 quisquis

1858 836 1939 889 vel
1999 836 2134 889 duos
2188 838 2270 889 vel
2310 846 2420 890 tres
2457 837 2711 905 pluresve
2747 838 2877 889 deos
2933 840 3277 902 adoraverit;
3322 858 3419 893 nos

1858 942 1992 979 vero
2052 943 2217 979 unum
2279 929 2445 979 Demn
2500 944 2686 980 verum
2749 929 3061 990 adoramus,
3118 942 3417 985 creatorem

1858 1020 1977 1072 cmli
2015 1029 2068 1070 et
2107 1027 2286 1071 terr-3e.
2343 1020 2482 1071 Deus
2514 1022 2660 1072 enim
2704 1019 2946 1073 llebrteis
2993 1023 3313 1087 praecipiens
3348 1040 3416 1077 ne

1858 1113 2087 1176 posthac
2130 1108 2402 1159 idolorutn
2436 1109 2607 1161 cultui
2640 1111 2991 1172 inservirent,
3025 1112 3161 1164 dixit
3196 1128 3209 1163 :
3248 1132 3265 1161 ι
3316 1114 3419 1177 Qui

1858 1200 2017 1252 idolis
2064 1200 2317 1259 etelnnt,
2371 1200 2556 1251 multis
2608 1200 2714 1252 diis
2767 1202 3018 1256 credunt.
3057 1221 3075 1252 ι
3121 1204 3419 1257 Christiani

1856 1307 2006 1352 vero,
2035 1307 2155 1359 qum
2184 1300 2327 1344 recta
2368 1302 2495 1344 sunt
2530 1292 2851 1354 sentientes,
2896 1295 2989 1345 uni
3026 1295 3133 1346 Deo
3165 1296 3420 1357 credunt,

1855 1394 1908 1435 ct
1968 1399 2075 1434 non
2133 1384 2316 1436 multis
2368 1384 2517 1448 juxta
2567 1383 2769 1436 Christi
2805 1383 3133 1447 doctrinam,
3173 1401 3334 1451 quam
3370 1387 3426 1440 in

1855 1474 2149 1541 Evangelia
2184 1473 2423 1530 tradidit.
2469 1474 2699 1526 dicens:
2736 1492 2754 1523 ‹
2800 1474 2906 1541 ligo
2954 1484 3009 1527 et
3061 1475 3220 1527 Pater
3254 1493 3420 1527 unum

1856 1579 2110 1626 sumusgt
2134 1574 2187 1615 et
2216 1582 2229 1615 :
2263 1582 2279 1612 ι
2307 1564 2410 1626 Qui
2445 1580 2526 1614 tne
2559 1564 2727 1623 videt.
2763 1565 2908 1617 videt
2943 1566 3153 1619 Patrem
3183 1583 3415 1618 nurum.»

1856 1654 1963 1708 Vos
1998 1664 2177 1707 autem
2234 1670 2357 1706 cum
2416 1655 2727 1720 Scriptor-as
2782 1655 3130 1723 ignoretis,a
3188 1657 3419 1709 veritate

1856 1744 2146 1806 exciditis;
2196 1753 2250 1797 et
2287 1760 2408 1796 eum
2449 1744 2552 1795 hoc
2596 1746 2796 1795 laetum
2851 1746 3036 1809 tuerit,
3071 1746 3195 1798 aliis
3226 1748 3425 1799 auditis

192 1834 287 1900 τῆς
308 1835 585 1902 ἀληθείας.
618 1837 725 1888 Καὶ
740 1837 929 1890 τούτου
956 1838 1258 1903 γεγονότος,
1283 1838 1413 1889 ἄλλα
1440 1837 1750 1898 ἀκούοντες,
1784 1810 1829 1866 Β

1784 1810 1829 1866 Β
1858 1837 1960 1889 alia
1993 1845 2047 1887 et
2077 1836 2292 1889 diversa
2326 1837 2646 1903 inteiligitis.
2685 1837 2895 1889 liebrwi
2952 1854 3083 1891 vero
3118 1839 3285 1891 Deum
3323 1840 3421 1890 mi-

192 1922 324 1973 ἀλλα
366 1924 683 1989 γινώσκετε.
712 1927 771 1977 Οἱ
806 1925 862 1977 δὲ
904 1924 1146 1995 Ἑϐραῖοι
1175 1926 1620 1995 συμπαθηθέντες
1654 1926 1759 1977 ὑπὸ

192 2013 286 2064 τοῦ
334 2014 493 2074 Θεοῦ,
542 2016 692 2068 οὐδὲν
732 2015 1029 2079 ἀπώλοντο,
1078 2018 1225 2086 ὅμως
1264 2017 1323 2069 δὲ
1360 2016 1457 2084 τὴν
1497 2020 1600 2084 γῆν
1658 2016 1759 2082 τῆς

194 2106 525 2173 ἐπαγγελίας
575 2109 673 2159 οὐκ
710 2102 868 2161 εἶδον.
910 2109 1069 2162 Ἀλλά
1105 2108 1615 2168 καταδικασθέντες.
1667 2110 1759 2161 εὑ-

196 2200 447 2263 ρίσκοντο
466 2199 739 2266 διάγοντες
768 2199 1196 2268 πεπλανημένως
1215 2202 1385 2262 οὕτως
1404 2203 1458 2251 ἐν
1484 2205 1542 2268 τῇ
1569 2201 1664 2268 ἐρή
1698 2217 1760 2270 ίῳ

193 2286 421 2354 χρόνους
456 2289 883 2357 τεσσαράκοντα,
918 2289 1077 2358 ἀχρις
1121 2289 1188 2341 ἂν
1221 2289 1578 2358 τελευτήσωσι
1621 2292 1759 2344 πάν-

192 2393 283 2437 τες
330 2379 550 2441 ἐκεῖνοι,
596 2380 684 2432 διὰ
725 2380 805 2441 τὸ,
860 2380 947 2434 ῖνα
1006 2382 1153 2434 οὐδὲν
1203 2383 1352 2434 ἴδωσι
1386 2383 1481 2449 τὴν
1532 2383 1650 2450 γῆν,
1695 2384 1760 2451 ἣν

194 2466 557 2534 ἐπηγγείλατο
579 2471 605 2519 ὁ
636 2469 767 2532 Θεὸς
790 2468 972 2524 δοῦναι
1000 2473 1110 2533 τοῖς
1134 2472 1269 2533 υἱοῖς
1311 2472 1580 2541 Ἀϐραάμ.
1606 2473 1759 2525 Μετὰ

176 2557 249 2621 ¹δὲ
280 2558 377 2628 τὴν)
420 2559 674 2628 τελευτὴν
710 2562 933 2614 ἐκείνων
971 2563 1216 2625 εἰσῆλθον
1262 2563 1331 2615 τὰ
1372 2565 1535 2615 τέκνα
1576 2564 1759 2616 αὐτῶν

194 2650 275 2710 εὶς
323 2648 420 2717 τὴν
466 2650 567 2717 γῆν
599 2652 698 2715 τῆς
744 2651 1094 2714 ἐπαγγελίας,
1126 2652 1349 2703 κάκεῖσε
1396 2646 1554 2719 εὖρον
1587 2652 1761 2704 πολλὰ

196 2737 376 2803 ἀγαθά
415 2738 471 2789 ἐν
510 2738 668 2807 αὐτῇ.
710 2740 819 2791 Καὶ
848 2742 963 2791 ἐκεῖ
990 2741 1309 2793 ἀπέστειλεν
1340 2742 1524 2802 αὐτοῖς
1571 2745 1598 2794 6
1630 2743 1761 2804 Θεὸς

195 2831 476 2898 προφήτας
502 2835 591 2881 καὶ
621 2831 995 2891 διδασκάλους.
1040 2830 1199 2883 Ἀλλὰ
1228 2832 1353 2892 τοὺς
1389 2833 1487 2899 μὲν
1510 2832 1615 2885 ἀπὸ
1646 2832 1763 2885 τού-

191 2938 302 2974 των
328 2922 669 2986 ἀπέκτειναν,
700 2923 823 2983 τοὺς
849 2922 904 2974 δὲ
928 2921 1331 2991 ἐλιθοϐόλησαν,
1366 2928 1458 2976 καὶ
1480 2924 1759 2993 ἐφάνησαν

194 3014 481 3081 ἀχάριστοι
512 3014 604 3064 καὶ
637 3013 948 3081 ἀγνώμονες
1001 3014 1080 3075 είς
1112 3014 1204 3065 τὸν
1238 3015 1391 3066 Θεόν.
1433 3018 1539 3068 Καὶ
1568 3016 1627 3067 οὺ
1667 3016 1761 3080 μό-

1861 1928 2193 1981 scricordem
2225 1928 2461 1989 experti,
2494 1944 2834 1995 nequaquam
2864 1931 3176 1997 perierunt;
3221 1941 3422 1982 tetram

1862 2030 2040 2070 tamen
2075 2017 2458 2083 promissionis
2500 2033 2605 2070 non
2638 2020 2916 2077 viderunt.
2945 2020 3038 2073 sed
3068 2037 3097 2073 ιι
3130 2020 3241 2074 Deo
3272 2021 3424 2072 dan.-

1863 2110 1997 2167 nati.
2026 2108 2212 2161 multis
2243 2109 2524 2161 erroribus
2555 2109 2682 2163 hinc
2731 2110 2853 2163 inde
2886 2125 2982 2177 per
3005 2112 3280 2164 desertum
3314 2110 3424 2162 cir—

1861 2201 2138 2252 cumducti
2191 2210 2320 2253 sunt
2357 2204 2519 2254 anuis
2546 2201 2769 2253 circiter
2814 2202 3193 2270 qtmdraginta,
3242 2202 3422 2253 donec

1860 2305 2052 2343 onmes
2112 2290 2183 2342 illi
2220 2290 2419 2342 mortui
2455 2298 2602 2343 sunt.
2638 2305 2706 2342 ne
2761 2290 2971 2342 scilicet
3027 2302 3224 2343 terram
3274 2288 3430 2341 vide-

1862 2393 2003 2443 rent,
2036 2396 2199 2448 quam
2234 2381 2378 2433 Deus
2414 2396 2470 2433 se
2507 2380 2632 2433 [iliis
2668 2380 2940 2433 Abraham
2992 2379 3249 2432 daturum
3303 2396 3429 2446 pro-

1861 2473 2107 2526 miserat.
2158 2472 2286 2525 Post
2335 2472 2542 2524 obitum
2579 2487 2712 2525 vero
2746 2471 2987 2535 illorum,
3021 2471 3181 2523 liberi
3226 2475 3421 2522 horum

1864 2573 2063 2614 terram
2129 2562 2453 2630 promissam
2506 2562 2735 2629 ingressi
2794 2571 2943 2616 sunt.
2994 2562 3046 2614 iu
3101 2577 3205 2629 qua
3259 2562 3423 2614 simul

1862 2654 2003 2708 bona
2033 2671 2191 2722 quam
2236 2654 2467 2723 plurima
2502 2664 2632 2708 sunt
2660 2654 2863 2723 adepti.
2907 2655 2974 2707 Et
3006 2654 3146 2706 hanc
3181 2654 3428 2707 incolen-

1864 2747 2013 2799 tibus
2036 2746 2180 2799 Deus
2211 2746 2503 2813 prophetas
2540 2746 2689 2799 misit
2750 2756 2805 2798 et
2841 2744 3112 2804 doctores,
3142 2744 3236 2797 sed
3293 2745 3428 2798 alios

1862 2834 2082 2903 quidem
2142 2834 2356 2887 illorum
2410 2834 2747 2898 occiderunt,
2781 2835 2828 2885 al
2854 2848 2915 2886 os
2968 2849 3099 2885 vero
3152 2834 3429 2901 lapidave-

1864 2935 2011 2988 rnnt,
2047 2936 2101 2978 et
2157 2927 2369 2994 seipsos
2415 2926 2654 2993 ingratos
2699 2924 3056 2977 exhibuerunl
3124 2935 3180 2976 et
3228 2921 3432 2975 beneﬁ-

1864 3016 2074 3069 ciorum
2114 3014 2203 3068 Dei
2255 3016 2619 3068 immemores.
2651 3014 2850 3068 Verum
2892 3030 2995 3065 non
3031 3013 3227 3081 ingrati
3266 3011 3427 3064 modo

195 3123 287 3157 νον
317 3107 417 3157 οὐκ
449 3105 652 3158 ἐδίδουν
675 3105 1047 3175 εὐχαριστίαν,
1085 3104 1221 3158 ἀλλὰ
1248 3108 1339 3158 καὶ
1371 3105 1545 3158 διόλου
1576 3106 1762 3175 σχεδὸν
1787 3134 1832 3191 c

1787 3134 1832 3191 ο
1867 3104 2110 3164 inerunt,
2140 3103 2231 3157 sed
2268 3104 2430 3157 etiam
2463 3113 2725 3171 perpetuo
2755 3103 2866 3155 fere
2895 3102 3163 3154 idolorum
3189 3101 3428 3178 cultibus

197 3198 637 3265 εῖδωλολάτρουν.
683 3200 788 3251 Καὶ
818 3198 909 3251 διὰ
950 3198 1111 3250 τοῦτο
1150 3199 1460 3266 παρέδωκεν
1506 3199 1699 3261 αὐτοὺς
1735 3201 1762 3250 6

193 3286 331 3346 Θεὸς
353 3289 431 3349 είς
458 3288 851 3357 αίχμαλωσίας.
876 3288 1042 3341 Πάλιν
1065 3289 1120 3340 δὲ
1146 3287 1433 3356 συμπαθὴς
1462 3287 1534 3338 ὣν
1559 3290 1585 3339 6
1607 3288 1761 3351 Θεὸς,

194 3378 515 3430 ἀνεκαλεῖτο
536 3378 752 3441 αὐτούς.
776 3380 875 3432 Διά
888 3396 971 3431 τοι
993 3378 1148 3431 τοῦτο
1175 3382 1266 3430 καὶ
1288 3379 1374 3430 ἐπ’
1398 3380 1635 3447 ἐσχάτων
1654 3379 1761 3430 τῶν

194 3466 421 3534 ἡμερῶν
445 3466 697 3535 εὐδόκησε
725 3466 820 3518 καὶ
844 3466 1125 3536 ἠθέλησεν,
1159 3466 1245 3518 ἵνα
1269 3467 1295 3516 6
1324 3465 1444 3523 Υἱὸς
1472 3467 1560 3516 καὶ
1594 3465 1761 3529 Λόγος

193 3554 366 3608 αὑτοῦ
403 3554 569 3608 ἐλθὼν
596 3558 671 3616 είς
698 3557 787 3606 τὸν
815 3555 1038 3621 κόσμον,
1082 3554 1234 3625 σώσῃ
1255 3554 1344 3605 τὸν
1370 3553 1674 3622 ἄνθρωπον,
1706 3553 1763 3605 ὃν

195 3653 223 3701 6
247 3647 493 3709 διάὸολος
529 3646 835 3715 ἀπατήσας,
873 3646 1179 3712 ἀπέστησεν
1210 3645 1317 3697 ἀπὸ
1346 3644 1439 3696 τοῦ
1485 3644 1638 3709 Θεοῦ,
1673 3646 1765 3696 καὶ

194 3738 524 3809 προσεκύνει
549 3739 615 3806 τῇ
645 3739 819 3789 κτίσει
849 3736 941 3789 καὶ
969 3735 1046 3803 τῷ
1068 3735 1319 3804 διαῦὀλῳ.
1345 3734 1635 3787 Κατελθὼν
1657 3735 1766 3787 τοί-

194 3849 292 3882 νυν
328 3831 356 3881 6
391 3830 517 3890 Υἱὸς
548 3830 642 3881 καὶ
668 3828 841 3894 Λόγος
871 3827 964 3880 τοῦ
996 3826 1130 3880 Θεοῦ
1161 3829 1225 3880 ὲκ
1250 3828 1357 3879 τῶν
1381 3827 1643 3897 οὐρανῶν,
1673 3827 1765 3878 καὶ

194 3920 382 3974 λαϐὼν
414 3923 590 3989 σάρκα
631 3921 693 3971 ἐκ
727 3920 824 3986 τῆς
865 3920 1025 3986 ἁγίας
1064 3920 1339 3990 Παρθένου
1368 3921 1607 3987 Μαρίας,
1637 3920 1763 3986 ἐγέ-

198 4032 327 4065 νετο
364 4013 666 4083 ἄνθρωπος,
701 4013 775 4076 ώς
805 4013 1116 4082 ἔμπροσθεν
1148 4013 1295 4081 παρὰ
1325 4012 1432 4064 τῶν
1464 4012 1632 4080 ἁγίων
1672 4013 1766 4064 καὶ

198 4105 502 4174 προφητῶν
546 4104 858 4173 ἀπεδείχθη,
911 4104 1005 4156 καὶ
1046 4102 1285 4179 γεγονὼς
1316 4103 1621 4171 ἄνθρωπος,
1672 4103 1765 4154 καὶ

196 4195 553 4264 καρτερήσας
572 4195 791 4264 χρόνους
815 4195 1129 4263 τριάκοντα,
1153 4192 1353 4261 ἧρξατο
1381 4193 1650 4245 διδάσκειν
1677 4192 1767 4244 τὸν

195 4286 355 4349 λαὸν,
389 4288 483 4337 καὶ
511 4285 831 4354 ἑρμηνεύειν
860 4286 955 4353 τὴν
987 4288 1084 4352 τῆς
1110 4285 1369 4352 ἀληθείας
1422 4285 1518 4337 καὶ
1561 4285 1763 4337 δικαιο-

201 4374 375 4441 σύνης
396 4374 536 4436 ὁδὸν,
555 4375 650 4425 καὶ
671 4373 931 4425 διδάσκων
952 4373 1211 4442 ἔπραττε,
1247 4374 1339 4426 καὶ
1370 4374 1622 4438 πράττων
1656 4374 1764 4425 ὲδίο

1868 3194 2058 3256 dediti,
2093 3204 2148 3247 ct
2198 3204 2420 3261 prepter
2472 3193 2573 3247 hoc
2616 3193 2840 3245 tradidit
2874 3208 2968 3244 eos
3003 3191 3143 3244 Deus
3176 3191 3228 3243 in
3255 3190 3430 3257 capti-

1870 3288 2113 3340 vitatem.
2148 3284 2337 3338 Denuo
2367 3293 2545 3337 autem
2580 3282 2793 3335 illorum
2844 3283 3119 3342 misertus,
3148 3296 3241 3335 eos
3274 3296 3432 3333 rere--

1869 3379 2048 3442 cavit;
2096 3379 2397 3445 cadentque
2428 3376 2494 3428 de
2528 3392 2689 3429 causa
2723 3377 2928 3430 ultimis
2952 3377 3062 3444 jam
3093 3375 3432 3443 temporibus

1870 3466 2436 3536 apprOpinquanttbus
2493 3465 2880 3537 complacitqu
2940 3466 3013 3518 illi
3045 3475 3129 3519 est
3160 3475 3214 3518 et
3243 3465 3433 3517 dect-e-

1869 3560 1968 3622 vit,
2004 3566 2063 3611 ut
2096 3557 2264 3611 Filius
2294 3565 2350 3609 et
2373 3556 2606 3610 Verbum
2633 3570 2790 3608 suurn
2828 3555 2881 3606 in
2913 3556 3176 3607 ntuudum
3205 3553 3434 3607 veniens

1871 3649 2109 3701 Salvaret
2144 3645 2443 3709 hominem,
2480 3660 2643 3712 quem
2670 3644 2926 3697 diabolus
2953 3644 3242 3712 deceptum
3270 3659 3297 3697 a
3327 3642 3437 3695 Deo

1871 3736 2193 3797 abduXerat,
2229 3745 2289 3787 ut
2337 3744 2604 3787 creaturae
2633 3735 2868 3787 serviret
2908 3743 2964 3786 et
2993 3734 3231 3787 diabolo.
3265 3732 3437 3786 Filius

1872 3829 2056 3897 itaque
2108 3836 2164 3881 et
2197 3825 2435 3881 Verbum
2490 3826 2580 3881 Dei
2613 3826 2830 3880 coalitus
2882 3826 3238 3889 descendens,
3271 3841 3435 3880 carne

1871 3938 1936 3975 ex
1976 3922 2101 3975 diva
2140 3920 2352 3988 virgine
2390 3919 2558 3971 Maria
2595 3926 2871 3985 assumpta
2921 3917 3084 3970 homo
3120 3916 3292 3971 factus
3326 3925 3432 3979 est,

1870 4014 2330 4085 quemadmodum
2362 4026 2527 4079 supra
2576 4020 2888 4063 sanctorum
2926 4017 2983 4062 et
3040 4007 3431 4076 prOphctarum

1872 4103 2203 4157 testimoniis
2237 4101 2755 4156 demonstravimus.
2811 4097 2877 4153 Et
2914 4098 3077 4151 homo
3107 4097 3280 4150 factus
3309 4112 3432 4150 cum

1873 4196 2035 4249 annis
2086 4195 2315 4247 vixisset
2363 4192 2607 4261 triginta,
2671 4191 2840 4259 cmpit
2901 4189 3099 4242 docere
3152 4188 3434 4256 populum,

1875 4286 2095 4356 illisque
2130 4285 2378 4338 veritatis
2429 4292 2485 4337 et
2534 4282 2760 4352 iustitiae
2793 4280 2936 4334 viam
2968 4279 3282 4333 ostendere.
3338 4282 3438 4332 do-

1874 4391 2115 4444 censque
2171 4383 2428 4443 operatus
2460 4382 2566 4435 est,
2597 4382 2652 4425 et
2681 4373 2826 4425 inter
2853 4370 3194 4439 Operandom
3229 4369 3436 4433 docuit,

195 4466 394 4527 δασκε,
427 4466 520 4516 καὶ
551 4464 722 4515 ἐποίει
751 4464 1006 4531 θαύματα
1030 4464 1237 4532 μεγάλα
1270 4466 1362 4516 καὶ
1390 4465 1618 4528 ἐξαίσια.
1652 4466 1763 4533 Οὐχ
1797 4476 1839 4530 ι)

1797 4476 1839 4530 D
1872 4468 2151 4534 ediditque
2181 4464 2439 4517 miracula
2472 4478 2664 4532 magna
2693 4469 2749 4517 et
2778 4460 3069 4529 stupenda,
3108 4474 3216 4513 non
3250 4474 3438 4527 quem-

197 4552 395 4621 ὦσπερ
423 4551 564 4604 κατά
607 4552 830 4619 καιροὺς
867 4552 1129 4619 ἐποίησάν
1158 4568 1303 4613 τινες
1333 4552 1440 4605 τῶν
1470 4553 1641 4617 ἁγίων
1671 4554 1762 4605 ἐπὶ

197 4644 277 4711 τῷ
306 4644 532 4710 ὀνόματι
550 4644 642 4694 τοῦ
671 4641 827 4705 Θεοῦ,
860 4643 934 4703 ὼς
955 4642 1149 4705 δοῦλοι,
1184 4642 1316 4696 ἀλλὰ
1341 4643 1673 4704 δεσποτικῶς
1706 4661 1763 4695 τε

201 4734 302 4784 καὶ
356 4732 773 4794 ἐξουσιαστικῶς
831 4733 1001 4783 ἐποίει
1058 4732 1150 4783 καὶ
1203 4731 1469 4796 ἔπραττεν
1520 4732 1619 4783 ὅσα
1674 4733 1766 4784 καὶ

199 4826 495 4890 ἔπραττεν.
519 4818 648 4874 Eine
669 4824 776 4889 γὰρ
798 4821 991 4888 λεπρὸς
1014 4822 1181 4891 αὐτῷ,
1210 4839 1230 4872 ι
1259 4820 1450 4890 Κύριε,
1476 4823 1569 4874 ἐὰν
1588 4823 1764 4891 θέλῃς,

197 4910 431 4963 δύνασαί
462 4927 527 4977 με
568 4909 881 4979 καθαρίσαι.
917 4929 935 4961 ι
964 4912 1073 4963 Καὶ
1103 4908 1253 4962 εἶπεν
1279 4911 1424 4980 αὐτῷ
1446 4916 1472 4964 6
1502 4914 1732 4975 Χριστὸς
1757 4953 1772 4977 ,

205 5022 224 5055 ι
262 5003 442 5063 Bito,
469 5000 847 5071 καθαρίσθητι.
882 5020 898 5052 ι
937 5002 1043 5055 Καὶ
1074 4999 1271 5054 εἶπενό
1306 5005 1629 5071 παράλυτος,
1664 5005 1772 5056 Κύ-

200 5110 311 5161 ριε,
331 5094 624 5161 τριάκοντα
647 5095 739 5144 καὶ
763 5090 903 5144 ὀκτὼ
923 5093 1145 5161 χρόνους
1172 5094 1524 5161 κατάκειμαι,
1551 5093 1643 5144 καὶ
1669 5095 1766 5146 οὐκ

196 5184 315 5250 ἔχω
344 5181 658 5249 ἄνθρωπον,
694 5183 775 5233 ἵνα
805 5183 931 5234 ὅταν
968 5182 1212 5252 ταραχθῇ
1243 5182 1303 5233 τὸ
1335 5182 1498 5251 ὕδωρ,
1529 5183 1664 5252 βάλῃ
1699 5200 1767 5252 με

198 5276 261 5323 ἐι.-
294 5270 445 5339 αῦτῷ
476 5271 723 5340 (ἄγγελος
762 5273 869 5340 γὰρ
907 5273 1056 5340 παρὰ
1087 5272 1220 5324 Θεοῦ
1245 5272 1598 5324 ἀπεστέλλετο
1632 5276 1768 5326 κατᾶ

196 5362 424 5429 καιρὸν,
465 5362 559 5413 καὶ
584 5361 852 5430 ἐτάρασσε
885 5364 944 5415 τὸ
979 5362 1142 5432 ὕδωρ,
1170 5365 1261 5415 καὶ
1290 5364 1317 5415 6
1352 5366 1561 5431 πρῶτος
1596 5363 1768 5432 ἐμϐὰς

200 5456 350 5517 μετα
375 5450 473 5518 τὴν
528 5451 769 5520 ταραχὴν
803 5451 894 5504 τοῦ
930 5452 1135 5515 ὓδατος,
1166 5452 1321 5521 ὑγιὴς
1354 5453 1559 5518 ἐγίνετο
1584 5451 1771 5520 οἱῳδή-

200 5555 341 5590 ποτε
386 5540 668 5607 κατείχετο
700 5541 1010 5611 νοσήματι).
1040 5541 1126 5604 Ὠς
1165 5541 1295 5609 γοῦν
1335 5542 1640 5611 παράλυτος
1672 5544 1769 5595 καὶ

276 5726 321 5755 ⁶¹
372 5724 563 5780 Matth.
605 5742 723 5783 vtn.
770 5727 821 5779 5.

1871 4557 2163 4612 admodum
2192 4555 2324 4608 olim
2366 4568 2757 4622 nonnunquam
2785 4553 2995 4621 aliquot
3028 4562 3341 4604 sanctorum
3378 4552 3430 4602 in

1872 4648 2095 4702 nomine
2135 4645 2231 4699 Dei
2273 4644 2521 4697 fecerunt
2552 4658 2648 4697 ceu
2700 4643 2866 4702 servi,
2902 4640 2996 4694 Sed
3047 4652 3172 4693 cum
3209 4638 3438 4706 imperio

1871 4750 1927 4793 et
1961 4737 2285 4791 auctoritate
2317 4735 2444 4787 fecit
2472 4744 2528 4787 et
2568 4740 2827 4800 operatus
2857 4739 2941 4785 est
2982 4743 3326 4799 quaecunque
3357 4728 3438 4783 fe—

1875 4829 1967 4881 cit.
2011 4828 2238 4881 Dicebat
2294 4826 2439 4879 enim
2474 4826 2548 4878 illi
2575 4826 2817 4891 leprosus
2853 4843 2866 4878 :
2900 4841 2921 4876 ι
2956 4822 3210 4887 Domine,
3249 4822 3296 4876 si
3334 4838 3432 4875 vo-

1874 4916 2067 4980 lui-ris,
2102 4926 2256 4985 potes
2288 4931 2371 4967 me
2404 4915 2701 4978 mundare;
2741 4932 2759 4964 ι
2792 4924 2847 4968 et
2881 4914 3015 4967 dixit
3044 4914 3119 4967 illi
3140 4912 3389 4967 Christus
3420 4928 3435 4961 ι

1879 5025 1896 5057 ι
1932 5007 2082 5069 Volo,
2158 5004 2420 5057 mundare
2448 5006 2514 5059 “.
2550 5024 2566 5055 ι
2620 5005 2689 5058 Ει
2742 5005 2880 5058 dixit
2930 5005 3005 5057 illi
3060 5004 3432 5073 paralyticos:

1874 5096 2122 5155 Domine,
2156 5094 2314 5146 annis
2360 5094 2468 5161 jam
2506 5094 2724 5164 triginta
2756 5104 2813 5149 et
2864 5102 2986 5147 octo
3020 5093 3278 5155 dccubui,
3337 5109 3436 5146 nec

1876 5186 2050 5239 habeo
2090 5174 2440 5253 quemquam,
2497 5189 2589 5256 qui
2622 5204 2746 5241 cum
2807 5202 2945 5253 aqua
2980 5185 3194 5237 turbata
3247 5186 3431 5242 fuerit.

1876 5294 1961 5330 me
1998 5278 2050 5330 in
2100 5278 2246 5329 illam
2279 5278 2537 5331 immittat
2575 5277 2837 5347 (Angelus
2869 5277 3015 5329 enim
3078 5273 3289 5327 Domini
3335 5273 3431 5326 de-

1878 5366 2175 5420 scendebat
2225 5376 2379 5421 certo
2421 5378 2684 5436 tempore,
2719 5376 2776 5421 et
2832 5365 3086 5420 turbabat
3115 5377 3332 5431 aquam,
3372 5363 3427 5413 in

1875 5470 2037 5524 quam
2070 5455 2160 5522 qui
2190 5457 2401 5524 primus
2432 5456 2809 5517 descenderat.
2839 5468 3004 5510 sanus
3034 5450 3361 5505 reddebatur
3388 5465 3425 5503 .1

1876 5559 2203 5613 quocunque
2235 5546 2449 5611 morbo,
2486 5561 2595 5614 quo
2623 5543 3009 5614 laboraverat).
3045 5541 3181 5597 Cum
3242 5543 3425 5609 itaque
