4204 6444
197 396 289 457 £57

1104 384 1400 443 CHNTRA
1446 376 1926 441 MAIIOMETEM
1966 375 2334 437 Al‘OLOGlA
2382 376 2464 434 ll.

3301 370 3402 432 468

198 508 540 561 πιστεύσωσιν
587 502 671 555 ὅτι
727 500 755 552 ὁ
797 501 862 567 τῇ
922 496 1023 566 ἰδίᾳ.
1073 495 1292 563 ἐξουσίᾳ
1339 493 1569 546 ἁνιστῶν
1617 490 1740 551 τοὺς
1773 499 1858 552 ΑΙ

1738 507 1740 545 :
1773 499 1815 552 Α
1847 490 2038 544 mortis
2070 488 2399 547 Dominum;
2445 497 2500 541 ct
2532 494 2589 540 ut
2618 486 2661 539 si
2693 486 2967 540 Christum
3007 494 3192 555 postea
3222 490 3398 556 sepul-

198 600 428 668 νεκροὺς,
501 592 682 660 πολλῷ
736 590 937 659 μᾶλλον
997 588 1117 640 κατ’
1174 585 1422 650 ἐξουσίαν
1480 585 1554 646 ὡς
1609 582 1742 644 Θεὸς

198 687 502 752 ἁνιστήσειν
529 680 709 749 μέλλει
729 678 790 729 τὸ
838 676 965 728 ἴδιον
994 674 1178 751 σῶμα.
1209 672 1404 740 Ἔλεγε
1447 671 1553 741 γὰρ
1605 671 1741 739 πρὸς

195 778 309 838 τοὺς
346 772 591 843 μαθητὰς
626 768 790 822 αὑτοῦ
818 768 945 829 τοὺς
992 764 1343 825 ἀποστόλους,
1396 763 1477 815 ὅτι
1511 780 1529 812 ι
1557 762 1744 823 Οὐδεὶς

196 869 329 933 αἴρει
354 864 451 929 τὴν
472 862 650 930 ψυχήν
686 876 786 929 μου
810 858 902 912 ἀπ’
926 856 1059 924 ἐμοῦ
1079 871 1094 886 ⁸
1126 875 1143 905 ι
1172 857 1264 908 καὶ
1295 855 1374 907 ὅτι
1410 872 1426 905 ι
1469 854 1746 920 Ἑξςυσίαν

196 957 294 1022 ἔχω
323 955 490 1006 θεῖναι
532 954 719 1021 αὑτὴν,
753 952 847 1004 καὶ
904 948 1149 1013 ἐξουσίαν
1206 948 1314 1016 ἔχω
1352 947 1512 999 πάλιν
1561 943 1745 997 λαϐεῖν

196 1048 372 1115 αὐτὴν.
411 1064 429 1095 ›
482 1044 589 1097 Καὶ
653 1046 734 1097 ὅτι
773 1044 869 1113 μὲν
927 1042 1210 1094 ἐπίστευον
1266 1041 1344 1102 είς
1379 1039 1468 1092 τὸν
1515 1036 1747 1106 Χριστὸν

196 1138 308 1189 καθ’
330 1138 564 1206 ἑκάστην
586 1136 798 1204 ἡμέραν
824 1132 1005 1203 πλήθη
1052 1132 1398 1200 άναρίθμητα
1423 1127 1745 1197 ἀνθρώπων,

198 1230 285 1277 καὶ
314 1227 623 1295 ὡμολόγουν
659 1224 821 1276 αὑτὸν
851 1222 1006 1285 Θεὸν,
1032 1222 1123 1274 καὶ
1153 1220 1289 1274 Θεοῦ
1322 1220 1468 1283 Υἱὸν,
1501 1218 1748 1287 ὑπῆρχον

194 1319 246 1368 δὲ
275 1321 320 1368 οἱ
362 1318 635 1385 ἀρχιερεῖς
666 1318 757 1367 καὶ
783 1315 831 1366 οἱ
877 1316 1219 1385 γραμματεῖς
1255 1312 1348 1366 καὶ
1389 1313 1435 1363 οί
1490 1311 1746 1379 ἄρχοντες

194 1409 364 1460 αὑτῶν
414 1406 852 1475 ἀντιταττόμενοι
874 1409 940 1477 τῇ
987 1406 1081 1458 τοῦ
1109 1404 1247 1457 Θεοῦ
1296 1402 1612 1472 διδασκαλία
1656 1405 1749 1453 καὶ

193 1500 574 1565 ἀντιλέγοντες,
632 1497 872 1566 ἀνεφάνη
897 1498 960 1549 ὲκ
989 1499 1086 1561 τῆς
1145 1496 1367 1548 Ἡσαΐου
1415 1494 1748 1563 προφητείας

195 1588 468 1655 λεγούσης,
495 1588 577 1638 ὅτι
606 1605 624 1637 ι
649 1586 991 1655 Ὀφθαλμοὺς
1014 1585 1227 1654 ἔχοντες
1252 1584 1313 1637 οὑ
1347 1583 1619 1652 βλέψουσι,
1656 1582 1750 1633 καὶ

188 1673 298 1729 ὦτα
356 1678 571 1746 ἔχοντες
632 1679 732 1730 οὑκ
799 1678 1123 1731 ἀκούσουσιν
1162 1693 1177 1709 ο
1212 1674 1489 1743 ἐπαχύνθη
1549 1674 1655 1744 γὰρ
1714 1675 1746 1741 ὴ

192 1770 376 1836 καρδία
398 1769 596 1835 αὐτῶν,
617 1770 713 1822 καὶ
726 1770 850 1833 τοὺς
871 1767 1182 1836 ὀφθαλμοὺς
1200 1767 1377 1819 αὑτῶν
1400 1768 1746 1835 ἐκάμμυσαν,

198 1860 290 1911 καὶ
313 1862 420 1920 τοῖς
448 1860 550 1912 ὠσὶ
592 1860 806 1928 βαρέως
867 1860 1129 1928 ἥκουσαν.
1165 1875 1184 1910 ι
1243 1859 1352 1910 Καὶ
1409 1857 1663 1925 ἐτελέσθη
1716 1858 1749 1925 ἡ

195 1951 512 2018 προφητεία.
546 1949 1098 2021 Θαυματουργοῦντος
1122 1949 1341 2016 καὶγὰρ
1369 1948 1461 2001 τοῦ
1491 1946 1750 2015 Χριστοῦ,

195 2044 505 2108 εὑρίσκοντο
555 2041 746 2111 ὥσπερ
795 2041 1218 2111 τυφλώττοντες,
1266 2040 1364 2093 καὶ
1415 2039 1752 2100 διδάσκοντος

192 2132 504 2200 εὑρίσκοντο
531 2134 725 2198 κωφοὶ,
759 2130 891 2183 ὡσεὶ
917 2131 1083 2194 ἀσπὶς
1126 2130 1284 2198 κωφὴ
1316 2130 1407 2181 καὶ
1467 2127 1666 2198 βὺουσι
1686 2128 1754 2180 τά

188 2215 299 2276 ὦτα
320 2223 512 2291 αὑτῆς.
545 2224 653 2275 Καὶ
683 2224 762 2275 ὅτι
783 2222 880 2292 μὲν
898 2221 1049 2289 ἔλεγε
1072 2222 1207 2291 πρὸς
1229 2220 1424 2282 αὐτοὺς
1453 2222 1479 2272 6
1497 2218 1748 2288 Χριστὸς,

192 2316 266 2377 ὡς
303 2334 319 2365 ι
340 2314 403 2367 Εἰ
429 2314 619 2382 τυφλοὶ
647 2309 767 2383 ἦτε,
787 2314 888 2365 οὑκ
914 2312 980 2366 ἂν
1012 2312 1162 2380 ἔχετε
1224 2311 1496 2381 ἁμαρτίαν
1516 2325 1530 2340 ’
1559 2310 1654 2362 νῦν
1698 2309 1753 2362 δὲ

190 2406 372 2472 λέγετε
419 2406 498 2458 ὅτι
529 2405 802 2473 Βλέπομεν
828 2420 842 2436 ο
888 2405 920 2472 η
957 2399 1048 2456 οῦν
1078 2402 1318 2473 ἁμαρτία
1342 2401 1495 2471 ὑμῶν
1529 2403 1696 2469 μένει.
1730 2420 1747 2452 ι

191 2500 302 2552 Καὶ
333 2496 565 2565 ἀλκαχοῦ
591 2495 751 2549 πάλιν
772 2496 925 2563 ἔλεγε
962 2494 1091 2561 περὶ
1112 2493 1311 2559 αὐτῶν,
1342 2494 1421 2545 ὅτι
1445 2512 1463 2543 ι
1485 2494 1547 2546 Et
1574 2495 1635 2545 ὲκ
1662 2492 1753 2545 τοῦ

190 2590 325 2642 Θεοῦ
346 2585 464 2656 ἦτε,
481 2590 727 2658 ὴγαπᾶτε
753 2589 818 2641 ἂν
844 2587 963 2657 ἐμέ.
991 2605 1008 2639 ι
1025 2586 1192 2640 Τοῦτο
1207 2586 1441 2638 τοιοῦτον
1463 2584 1728 2653 ἔνι.”ομω
1742 2604 1757 2647 ;

190 2680 361 2732 ταῦτα
394 2680 675 2742 ποιοῦντος
698 2679 789 2731 τοῦ
823 2676 1081 2746 Χριστοῦ,
1115 2677 1343 2738 ούδόλως
1372 2673 1532 2746 ἦλθον
1558 2678 1758 2729 ἐκεῖνοι

191 2772 268 2831 είς
295 2769 567 2837 αἴσθησιν,
592 2770 725 2822 ἀλλὰ
756 2770 983 2838 ἐζήτουν
1018 2768 1311 2836 πρόφασιν,
1339 2769 1485 2830 ὅπως
1515 2768 1758 2820 θανατώ-

196 2879 360 2916 σωσιν
415 2862 598 2916 αὑτόν.
657 2862 795 2930 Περὶ
829 2861 886 2913 δὲ
939 2861 1047 2912 τῶν
1097 2858 1386 2927 θαυμάτων
1451 2859 1637 2923 αὑτοῦ,
1685 2852 1760 2910 ὧν

190 2956 415 3025 ἐποίησε
441 2954 519 3022 τῷ
540 2954 687 3020 γένει
716 2956 825 3006 τῶν
896 2952 1180 3023 Ἐϐραίων,
1212 2953 1263 3004 τί
1314 2950 1416 3020 χρὴ
1442 2950 1536 3002 καὶ
1557 2948 1756 3017 λέγειν,

191 3050 436 3118 ἀπείρων
458 3047 625 3099 ὄντων
651 3046 744 3099 καὶ
771 3044 1190 3115 άναριθμήτων;
1218 3041 1408 3111 Ὅμως
1439 3042 1531 3093 καὶ
1553 3041 1759 3093 τούτων

190 3139 515 3206 γεγονότων,
536 3138 637 3189 οὑκ
659 3132 820 3206 ἦλθον
864 3137 945 3197 είς
978 3134 1228 3202 αἴσθησιν
1280 3132 1415 3194 δλως
1438 3132 1488 3184 οἱ
1542 3130 1759 3199 μάταιοι
1784 3159 1827 3221 C

190 3231 287 3284 καὶ
335 3228 762 3298 πεπλανημένοι,
794 3226 929 3278 ἀλλὰ
979 3226 1055 3295 τῷ
1086 3224 1264 3293 φθόνῳ
1328 3224 1424 3276 καὶ
1476 3224 1541 3292 τῇ
1590 3220 1760 3288 κακίᾳ.

191 3318 511 3385 νικώμενοι,
540 3317 765 3386 ἐζήτουν
794 3316 958 3367 παντὶ
988 3315 1175 3384 τρόπῳ
1206 3314 1301 3366 καὶ
1335 3313 1486 3384 πάσῃ
1546 3312 1757 3379 μηχανῇ

190 3413 344 3473 ὅπως
375 3410 628 3478 ἐγείρωσι
661 3407 800 3461 κατᾶ
854 3406 947 3459 τοῦ
981 3405 1218 3476 Χριστοῦ
1276 3403 1633 3474 κατηγορίαν,
1667 3404 1761 3453 καὶ

188 3495 665 3551 θανατώσωσιτδν
728 3494 1026 3564 εὐεργέτην
1080 3494 1280 3557 αὑτῶν,
1314 3492 1413 3545 καὶ
1450 3493 1547 3560 οὐχ
1606 3486 1761 3557 εὗρον

188 3588 403 3654 ἕτερον,
433 3585 464 3655 ἢ
500 3587 581 3639 ὅτι
631 3584 942 3653 βλασφημεῖ
968 3579 1138 3649 οὗτος,
1176 3584 1348 3651 λέγων
1398 3585 1588 3635 ἑαυτὸν
1634 3581 1759 3634 Υίδν

187 3678 353 3741 Θεοῦ,
383 3679 477 3729 καὶ
500 3678 580 3728 ὅτι
610 3676 893 3745 ἄνθρωπος
919 3675 993 3727 ὢν
1027 3677 1167 3727 ποιεῖ
1216 3675 1408 3728 ἑαυτὸν
1472 3674 1623 3727 Θεόν.
1656 3674 1762 3725 Καὶ

188 3770 285 3821 ὅτε
311 3770 508 3837 ἢκουον
535 3766 628 3819 τοῦ
648 3766 883 3835 Χριστοῦ
909 3766 1157 3832 λέγοντος
1176 3765 1309 3834 πρὸς
1336 3765 1462 3826 τοὺς
1480 3763 1761 3816 πιστεύον-

188 3875 292 3919 τας
323 3860 404 3919 είς
456 3856 637 3921 αὑτὸν,
672 3858 752 3908 ὅτι
801 3872 819 3905 ι
863 3854 1161 3922 Ἀφέωνταί
1196 3870 1289 3906 σου
1320 3854 1374 3906 αί
1409 3854 1698 3922 ἁμαρτίαι,
1744 3876 1754 3885 ’

187 3948 409 4012 ἔλεγον,
457 3946 540 3997 δτι
574 3962 592 3995 ι
614 3946 747 3995 Τίνα
781 3944 1006 3996 σεαυτὸν
1041 3945 1234 4007 ποιεῖς,
1268 3942 1363 3995 καὶ
1413 3942 1496 4002 τίς
1546 3941 1764 3993 δύναται

188 4038 422 4105 ἀφιέναι
452 4036 722 4106 ἁμαρτίας
748 4033 863 4087 ἀλλ’
892 4034 923 4102 ἦ
953 4034 1112 4103 μόνος
1156 4036 1183 4085 6
1208 4034 1375 4100 856;;
1414 4050 1433 4085 ι
1469 4034 1577 4085 Καὶ
1609 4031 1767 4085 τοῦτο

188 4128 419 4200 ἀληθῶς
444 4128 627 4195 ἔλεγον
652 4127 701 4177 οἱ
762 4124 1028 4188 Ἰουδαῖοι,
1057 4124 1139 4177 ὅτι
1191 4122 1327 4175 Θεοῦ
1363 4124 1524 4191 μόνου
1559 4123 1673 4174 ἐστὶ
1705 4122 1767 4174 τὸ

188 4225 425 4293 ἀφιέναι
456 4221 749 4289 ἁμαρτίας.
782 4218 891 4271 Καὶ
917 4216 1024 4284 γὰρ
1046 4213 1362 4281 ἀγνοοῦντες
1395 4212 1442 4263 οἱ
1466 4210 1639 4265 ἄθλιοι
1685 4211 1767 4263 ὅτι

192 4318 366 4379 αὑτός
409 4316 557 4367 ἐστιν
582 4315 611 4366 6
638 4312 758 4370 Υίὸς
783 4309 875 4362 τοῦ
898 4307 1032 4361 Θεοῦ
1065 4309 1093 4360 6
1114 4305 1369 4376 Χριστὸς,
1410 4303 1595 4369 ελεγον
1627 4302 1767 4371 ἅπερ

188 4408 393 4475 ελεγον
412 4418 432 4437 ο
470 4422 487 4455 ι
518 4404 626 4457 Καὶ
656 4400 940 4470 ἐσκοτίσθη
971 4400 1005 4468 ἡ
1035 4399 1291 4459 ἀσύνετος
1344 4395 1523 4449 αὑτῶν
1547 4394 1767 4464 καρδία,

1848 592 1963 637 tum
1989 580 2264 645 viderent,
2292 579 2584 634 crederent
2632 578 2779 633 hunc
2812 579 2902 645 qui
2937 580 3154 647 propria
3206 578 3407 634 virtute

1847 681 2094 728 mortuos
2146 670 2515 735 excitavisset,
2570 671 2743 724 multo
2795 670 2966 745 magis
3002 679 3269 737 potestate
3312 686 3407 723 sua

1847 779 2004 819 suum
2065 764 2239 832 ipsius
2305 776 2505 832 corpus
2554 777 2671 816 esse
2735 763 3120 815 excitaturum.
3185 762 3409 815 Dicebat

1847 856 1993 910 cnim
2015 855 2299 924 discipulis
2321 854 2437 908 suis
2450 854 2712 921 apostolis
2740 872 2750 906 :
2782 873 2800 904 ι
2820 854 2992 907 Nemo
3020 853 3151 908 tollit
3170 855 3406 906 animam

1848 964 2021 1003 meam
2074 963 2103 1002 a
2141 963 2249 1002 me.
2284 948 2612 1001 Potestatem
2666 946 2836 1000 habeo
2888 946 3127 1016 ponendi
3179 960 3320 1007 eam,
3352 956 3410 996 et

1848 1045 2175 1106 potestatem
2215 1036 2388 1089 habeo
2419 1034 2710 1103 recipiendi
2745 1049 2863 1088 eam
2891 1036 2953 1087 ⁵⁵.
2993 1055 3008 1085 ι
3045 1034 3198 1100 Quod
3230 1019 3406 1087 tamen

1848 1127 2077 1198 singulis
2132 1126 2325 1181 diebus
2380 1127 2736 1182 credentibus
2790 1125 2845 1179 in
2903 1126 3182 1180 Christum
3237 1126 3412 1178 turbis

1852 1221 2138 1277 hominum
2164 1220 2673 1280 innumerabilibus,
2698 1220 2985 1288 ipsumque
3020 1220 3191 1273 Deum
3221 1227 3275 1271 et
3315 1218 3409 1270 Dei

1852 1312 2050 1365 Filium
2082 1311 2496 1375 conﬁtentibus,
2522 1311 2830 1378 pontiﬁces,
2866 1311 3081 1373 scriba},
3132 1320 3188 1363 et
3215 1310 3409 1363 horum

1852 1402 2129 1472 principes
2178 1412 2366 1456 contra
2425 1402 2518 1455 Dci
2570 1401 2874 1456 doctrinam
2924 1401 3173 1455 instructi
3205 1440 3218 1463 ,
3285 1400 3414 1453 huic

1852 1503 2035 1548 essent
2064 1494 2480 1559 contradicturi,
2508 1510 2579 1548 ex
2601 1494 2754 1547 Isaiae
2779 1494 3061 1563 prophetia
3096 1494 3413 1563 praedictum

1852 1598 1989 1649 erat,
2021 1585 2114 1654 qui
2158 1585 2293 1639 dicit
2334 1602 2349 1638 :
2387 1605 2404 1636 ι
2442 1584 2641 1639 Oculos
2682 1584 2953 1638 habentes
2984 1599 3093 1636 nou
3129 1583 3412 1645 videbunt,

1854 1687 1909 1731 et
1938 1690 2099 1730 aures
2151 1675 2415 1729 habentes
2464 1691 2570 1729 non
2616 1676 2878 1741 audient;
2942 1674 3300 1728 iucrassatum
3334 1683 3417 1727 est

1853 1768 1999 1823 enim
2051 1781 2146 1821 cor
2175 1781 2386 1828 eorum,
2428 1775 2482 1821 et
2532 1767 2720 1819 oculos
2752 1766 2992 1835 ipsorum
3043 1766 3415 1826 occluserunt,

1856 1870 1911 1916 et
1942 1861 2170 1915 auribus
2202 1859 2489 1913 diﬁiculter
2520 1858 2848 1912 auditerunt
2880 1859 2943 1911 “7.
2980 1876 2996 1908 ι
3027 1856 3156 1923 Quae
3186 1858 3422 1927 prolihe-

1858 1953 1927 2007 tia
1957 1953 2137 2006 omnis
2173 1951 2391 2019 impleta
2432 1960 2533 2004 est.
2568 1949 2822 2003 Miracula
2854 1950 2998 2004 enim
3032 1950 3227 2003 edente
3258 1945 3418 2003 Chri-

1856 2054 1963 2107 sto,
2015 2050 2271 2110 Ianquam
2314 2040 2441 2094 czeci
2477 2052 2850 2109 apparuerunt
2882 2058 2895 2095 :
2928 2052 2985 2095 et
3024 2043 3126 2096 hoc
3166 2044 3420 2103 dnccutc,

1859 2134 2041 2188 surdis
2074 2133 2299 2186 fuerunt
2331 2131 2561 2197 similes,
2597 2133 2769 2186 instar
2798 2134 3000 2197 aspidis
3032 2135 3210 2189 surda:
3252 2145 3304 2188 ct
3331 2137 3420 2188 ob-

1859 2225 2092 2280 turantis
2130 2239 2290 2278 aures
2326 2238 2470 2278 suas.
2521 2223 2589 2277 Et
2625 2232 2756 2279 tunc
2807 2226 3027 2295 quidem
3079 2227 3297 2281 dicebat
3354 2229 3419 2281 ad

1858 2316 1980 2371 illos
2006 2315 2259 2369 Christus
2304 2333 2314 2366 :
2351 2332 2370 2365 ι
2414 2313 2568 2380 Quod
2610 2315 2653 2368 si
2695 2316 2819 2369 caeci
2862 2318 3076 2380 essetis,
3116 2334 3222 2371 non
3258 2319 3421 2372 habe-

1859 2408 1992 2462 retis
2015 2414 2339 2477 peccatum;
2373 2420 2519 2458 nunc
2554 2420 2684 2468 vero
2717 2405 2922 2471 dicitis,
2948 2407 3246 2474 Videmus;
3301 2424 3400 2475 pec

1859 2510 2039 2553 catum
2088 2498 2250 2563 igitur
2299 2506 2540 2551 vestrum
2593 2497 2645 2550 in
2698 2497 2851 2551 vobis
2898 2508 3081 2553 manet
3112 2499 3175 2553 ⁸⁸.
3218 2517 3235 2551 ›
3286 2500 3423 2555 Tun:

1859 2592 2022 2646 etiam
2053 2591 2181 2643 alibi
2210 2589 2344 2643 dicit
2374 2588 2441 2643 de
2470 2589 2575 2643 illis
2614 2589 2905 2645 Christus:
2942 2610 2959 2641 ι
3001 2590 3056 2645 Si
3089 2607 3153 2647 ex
3189 2593 3298 2649 Deo
3339 2611 3423 2651 es-

1860 2682 2013 2746 setis,
2040 2682 2232 2750 utique
2260 2680 2558 2750 diligeretis
2588 2695 2675 2735 me
2701 2681 2767 2734 “.
2800 2700 2817 2733 ι
2845 2682 3211 2739 Nihilominus
3244 2695 3426 2741 tamen

1864 2776 1978 2829 bmc
2009 2773 2234 2828 Christo
2280 2772 2534 2837 faciente,
2572 2771 2995 2842 haudquaquam
3038 2775 3104 2829 ad
3161 2779 3425 2847 cognitio~

1863 2880 1985 2918 nem
2016 2872 2423 2934 pervenerunt;
2455 2864 2585 2932 quin
2616 2864 2799 2932 potius
2834 2867 3178 2920 occasionem
3217 2884 3427 2937 qurere-

1866 2948 2015 3019 bant,
2067 2970 2171 3025 qua
2201 2970 2328 3009 eum
2379 2954 2774 3010 interﬁcerent.
2809 2954 2913 3009 Sed
2955 2957 3083 3025 quid
3132 2959 3331 3012 attinet
3361 2959 3427 3013 dc

1864 3048 2145 3101 miraculis
2173 3047 2365 3116 ipsius,
2412 3061 2533 3116 qua:
2580 3046 2635 3100 in
2672 3046 3023 3101 Hebraeorum
3081 3060 3240 3117 gente
3274 3049 3422 3116 fecit,

1864 3136 2071 3199 dicere,
2118 3150 2241 3189 cum
2280 3134 2488 3188 inﬁnita
2541 3134 2649 3189 sint
2700 3144 2756 3189 et
2812 3137 3268 3191 innumerabilia?
3320 3140 3423 3194 Sed

1865 3241 1965 3281 nec
1998 3226 2105 3281 illis
2146 3226 2309 3280 editis
2362 3225 2426 3279 ad
2465 3225 2831 3295 cognitionem
2887 3238 3252 3295 pervenerunt
3301 3232 3424 3284 vani

1863 3327 1918 3373 et
1963 3317 2253 3372 errabundi
2289 3315 2558 3381 homines,
2590 3331 2782 3370 verum
2825 3317 3029 3372 invidia
3077 3328 3134 3373 et
3166 3321 3428 3388 improbi-

1866 3419 1974 3464 tate
2006 3409 2135 3463 victi
2182 3408 2498 3478 quzerchant
2529 3408 2677 3461 omni
2732 3408 2892 3462 modo
2934 3418 2988 3463 et
3033 3419 3255 3476 conatu,
3288 3426 3426 3480 quo-

1864 3498 2025 3554 modo
2056 3499 2109 3552 in
2140 3496 2417 3552 Christum
2466 3497 2871 3552 accusationem
2911 3498 3145 3566 aliquam
3180 3514 3423 3563 movere,

1866 3591 2152 3659 ipsumque
2184 3589 2586 3643 benefactorem
2629 3603 2787 3642 suum
2830 3587 3137 3643 interﬁcere
3169 3598 3425 3658 possent;

1868 3694 1970 3734 nec
2025 3680 2186 3733 aliam
2244 3679 2597 3740 invenerunt,
2654 3689 2817 3747 quam
2868 3678 3015 3742 quod
3048 3672 3424 3747 blasphemum

1865 3773 2134 3836 dicerent,
2178 3773 2273 3841 qui
2320 3787 2377 3826 se
2408 3771 2632 3825 dixisset
2672 3771 2766 3825 Dei
2818 3770 3037 3836 Filium,
3081 3780 3137 3824 et
3167 3771 3260 3840 qui
3304 3786 3429 3825 cum

1869 3867 2033 3920 homo
2061 3871 2230 3926 esset,
2260 3878 2318 3918 se
2346 3863 2513 3915 Deum
2541 3875 2665 3917 esse
2697 3862 2997 3930 jactitaret.
3034 3861 3102 3915 Et
3124 3875 3246 3915 eum
3276 3861 3431 3916 audi-

1868 3964 1992 4011 rent
2018 3954 2298 4010 Christum
2344 3953 2619 4007 dicentem
2662 3953 3016 4007 credentibus
3041 3953 3093 4006 in
3134 3967 3237 4008 se:
3279 3973 3297 4004 ι
3331 3955 3433 4009 Re-

1867 4048 2160 4102 mittuntur
2178 4046 2271 4099 tibi
2295 4052 2511 4113 peccata
2538 4052 2627 4098 tua
2644 4044 2710 4109 7',
2742 4061 2760 4094 ι
2783 4043 3067 4098 dicebant:
3089 4060 3109 4092 ι
3132 4043 3430 4110 Quemnam

1870 4140 2103 4208 teipsum
2157 4136 2330 4191 facis?
2359 4154 2379 4188 ι
2420 4144 2477 4189 et
2505 4151 2521 4189 :
2554 4152 2573 4186 ι
2601 4135 2862 4201 Quisnam
2919 4145 3102 4204 p0test
3156 4136 3435 4189 remittere

1869 4236 2089 4298 peccata
2141 4235 2339 4297 praster
2389 4227 2566 4281 solum
2617 4217 2923 4279 Deum""?
2970 4243 2989 4277 ι
3036 4224 3099 4278 Ει
3144 4240 3272 4280 sane
3304 4239 3436 4279 vere

1871 4319 2132 4373 dixerunt
2157 4316 2352 4380 Judaei,
2385 4314 2532 4385 quod
2565 4315 2733 4370 solius
2768 4316 2862 4370 Dei
2894 4315 2963 4370 sit
2996 4323 3213 4384 peccata
3240 4316 3431 4369 remit—

1874 4422 2029 4476 tere;
2057 4424 2180 4463 nam
2214 4407 2527 4478 ignorantes
2551 4407 2609 4461 hi
2642 4406 2850 4470 miseri,
2883 4407 3027 4476 quod
3060 4406 3309 4461 Christus
3340 4406 3432 4461 Dei

188 4501 295 4552 καὶ
329 4494 714 4563 ὲτυφλώθησαν
743 4493 793 4543 oi.
826 4488 1093 4559 ὀφθαλμοὶ
1132 4488 1333 4551 αὐτῶν,
1386 4489 1481 4539 καὶ
1504 4487 1605 4539 οὑκ
1633 4482 1770 4539 εἶδον
1805 4500 1846 4554 ι)

1805 4500 1846 4554 D
1875 4509 2019 4556 esset
2046 4498 2239 4561 Filius,
2265 4513 2328 4552 ea
2372 4512 2492 4566 quae
2551 4496 2715 4551 modo
2744 4497 3004 4561 diximus,
3059 4496 3336 4561 dixerunt,
3381 4506 3437 4551 et.

186 4590 279 4643 ὅτι
315 4588 438 4640 κατ’
466 4585 710 4649 ἐξουσίαν
736 4585 897 4645 ποιεῖ,
922 4582 1021 4633 ὅσα
1066 4578 1160 4633 καὶ
1198 4581 1361 4633 ποιεῖ.
1412 4575 1504 4641 Εἷς
1530 4578 1636 4647 γὰρ
1665 4577 1772 4629 τῶν

193 4676 475 4749 μαθητῶν
541 4674 635 4726 τοῦ
694 4670 933 4741 Χριστοῦ
964 4671 991 4722 6
1025 4668 1253 4738 Πέτρος,
1285 4665 1434 4727 ὲντδς
1490 4663 1769 4734 πλοιαρίου

185 4768 614 4841 εὑρισκόμενος,
667 4764 761 4817 καὶ
821 4760 946 4814 ίδὼν
991 4760 1080 4812 τὸν
1143 4757 1404 4828 Χριστὸν,
1467 4750 1587 4809 εἷπε
1638 4754 1772 4822 πρὸς

184 4861 390 4924 αὑτὸν,
427 4877 445 4909 ι
470 4855 742 4910 Κέλευσὸν
770 4870 835 4923 με
864 4852 998 4922 πρὸς
1034 4849 1094 4902 σὲ
1118 4850 1292 4903 ἐλθεῖν
1323 4846 1417 4901 ἐπὶ
1455 4846 1522 4899 τὰ
1546 4846 1763 4899 ὕδατα.»

184 4956 317 5010 Καὶ
351 4954 379 5005 6
406 4951 642 5022 Χριστὸς
671 4950 806 5018 πρὸς
851 4945 1031 5009 αὑτὸν,
1075 4961 1094 4995 ι
1133 4941 1307 4994 Ἐλθέ.
1377 4940 1491 4995 Καὶ
1538 4938 1768 5003 ἐξελθὼν

183 5051 313 5103 ἀπὸ
377 5046 474 5099 τοῦ
538 5042 745 5106 πλοίου,
815 5035 1197 5107 περιπατήσας
1227 5034 1322 5086 ἐπὶ
1381 5032 1488 5086 τῶν
1541 5030 1769 5096 ὑδάτων,

182 5141 453 5213 ἀπῆλθεν
482 5140 558 5200 si;
594 5136 773 5190 αὑτόν.
808 5152 826 5185 ι
863 5130 1065 5186 Τούτου
1099 5126 1229 5196 γοῦν
1263 5125 1567 5195 γεγονότος,
1594 5124 1645 5177 τί
1666 5124 1774 5175 ἔδει

181 5239 338 5293 ἄλλο
354 5234 549 5294 αὑτοὺς
570 5230 781 5300 νοῆσαι,
803 5227 836 5297 ἢ
860 5226 941 5279 ὅτι
969 5222 1127 5283 αὑτός
1152 5222 1299 5272 ἐστιν
1317 5220 1345 5271 6
1371 5218 1468 5288 τὴν
1502 5214 1770 5287 Ἐρυθρὰν

178 5325 485 5397 διατεμὼν
536 5322 831 5382 θάλασσαν,
876 5320 970 5368 καὶ
1019 5311 1335 5372 διαϐιϐάσας
1365 5311 1490 5372 τοὺς
1529 5310 1772 5376 πατέρας

180 5414 390 5471 αὐτῶν
418 5414 508 5464 ἐπὶ
536 5409 636 5477 τῆς
660 5407 849 5477 ξηρᾶς,
876 5404 905 5454 6
929 5402 1071 5455 κατά
1105 5403 1167 5452 το
1190 5400 1362 5469 παρδν
1395 5400 1623 5466 ποιήσας
1672 5397 1773 5464 τὴν

179 5508 385 5577 ὑγράν
418 5503 579 5573 φύσιν
610 5500 719 5553 τῶν
743 5499 947 5551 ὑδάτων
972 5495 1159 5562 ὥσπερ
1200 5490 1370 5558 ξηράν
1400 5490 1501 5559 γῆν
1527 5488 1604 5558 τῷ
1633 5489 1773 5557 λόγῳ

181 5602 302 5655 καὶ
374 5598 455 5668 τῷ
512 5596 891 5668 προστάγματι
950 5587 1147 5651 αὑτοῦ;
1213 5583 1355 5638 ’Δλλ’
1388 5584 1509 5637 ὅσον
1575 5583 1773 5653 μᾶλλον

1876 4590 2290 4645 obtenebratum
2323 4597 2407 4642 est
2466 4586 2783 4656 imprudens
2828 4601 2922 4641 cor
2966 4587 3229 4656 ipsorum,
3257 4597 3312 4642 et
3341 4590 3412 4641 ob

1876 4680 2060 4735 caecati
2091 4687 2219 4734 sunt
2249 4676 2394 4733 oculi
2434 4676 2699 4747 ipsorum,
2731 4689 2834 4730 nec
2859 4676 3115 4731 viderunt
3140 4677 3284 4746 quod
3310 4693 3435 4731 cum

1875 4770 2203 4826 auctoritate
2227 4769 2341 4823 haec
2370 4768 2595 4846 faceret,
2628 4781 2971 4837 quaecunque
3001 4766 3256 4821 faciebat.
3286 4767 3441 4822 Unus

1874 4862 2022 4915 enim
2054 4858 2446 4929 discipulorum
2493 4856 2697 4912 Christi
2745 4858 2964 4923 Petrus,
3014 4872 3138 4912 cum
3202 4857 3257 4911 in
3311 4860 3435 4911 navi

1874 4960 2040 5013 esset,
2074 4949 2296 5006 Christo
2336 4950 2453 5003 viso
2492 4948 2679 5003 dixit-:
2713 4965 2731 4997 ι
2773 4947 2912 5003 Jube
2939 4964 3026 5003 me
3054 4948 3121 5001 ad
3158 4956 3208 5002 te
3247 4948 3437 5001 venire

1877 5055 2042 5109 super
2084 5050 2295 5107 .aquas.
2360 5055 2378 5087 ι
2432 5036 2499 5090 Et
2551 5036 2689 5090 dixit
2741 5036 2815 5090 illi
2870 5036 3123 5091 Christus
3170 5054 3182 5089 :
3224 5054 3242 5085 ι
3278 5035 3437 5087 Veni.

1882 5130 1979 5185 llic
2023 5138 2205 5183 autem
2243 5126 2424 5180 navim
2468 5140 2741 5196 egressus.
2792 5126 2951 5195 aquis
2988 5124 3333 5179 inambulans
3371 5126 3437 5177 ad

1880 5224 2055 5292 ipsum
2086 5218 2260 5273 venit.
2291 5236 2309 5269 ι
2340 5217 2453 5272 lloc
2482 5231 2607 5271 cum
2635 5217 2974 5286 contigisset,
2997 5216 3254 5285 quidnam
3288 5215 3435 5268 aliud

1880 5311 2001 5363 illos
2026 5307 2266 5376 cegitare
2313 5304 2621 5373 Oportebat,
2648 5320 2813 5373 quam
2853 5306 2997 5375 quod
3057 5305 3199 5358 idem
3238 5303 3326 5357 ille
3354 5318 3439 5357 es.

1880 5408 1986 5463 set,
2019 5401 2112 5467 qui
2157 5409 2303 5451 mare
2345 5397 2591 5450 Rubrum
2622 5396 2980 5460 dissecucrat,
3017 5403 3073 5450 et
3104 5404 3287 5465 patres
3320 5393 3441 5448 illo-

1881 5506 2000 5545 rum
2034 5489 2183 5543 sicco
2216 5487 2529 5542 traduxerat
2562 5487 2719 5555 pede,
2747 5488 2837 5555 qui
2870 5489 3034 5541 etiam
3076 5503 3225 5542 nunc
3259 5487 3441 5539 humi-

1880 5584 2005 5637 dam
2033 5587 2228 5634 natura
2279 5580 2563 5633 materiam
2610 5592 2873 5645 aquarum
2908 5578 3080 5632 instar
3109 5578 3275 5632 arida:
3308 5573 3443 5630 soli-

265 5768 328 5803 “
363 5763 523 5822 Ioan.
550 5758 808 5826 x,l7,18.
883 5756 1049 5811 "lsa.
1078 5772 1151 5819 vr.
1186 5755 1240 5822 9,
1269 5755 1357 5810 lO.
1431 5751 1653 5808 "Joan.
1686 5748 1847 5816 ix,4l.

1776 5748 1847 5804 ll.
1925 5746 1969 5779 ”
2001 5743 2157 5803 Joan.
2193 5754 2312 5807 tht,
2351 5739 2439 5795 62.
2512 5740 2556 5773 '°
2580 5737 2719 5794 Ibid.
2755 5737 2841 5791 55.
2914 5734 2959 5768 ⁷⁸
2989 5734 3175 5789 Matth.
3207 5748 3317 5800 ιιν,
3345 5732 3436 5789 ἳὸ.

499 5866 747 5925 Pauor.
811 5861 927 5919 Gn.
973 5855 1171 5917 CLIV.

3001 5833 3077 5891 15
