4204 6444
191 411 295 475 {ﬁt

1143 407 1437 468 CONTRA
1482 402 1968 463 MAUOMETEM
2013 403 2391 465 APCLOGIA
2436 406 2517 467 Ιῐ.

3332 409 3437 471 462

188 536 273 605 τῷ
309 537 570 604 σχήματι.
604 534 712 585 Καὶ
747 535 937 585 σκόπει
965 531 1025 581 τὸ
1073 530 1322 595 γεγονός·
1380 523 1598 594 πρῶτον
1639 524 1758 592 μὲν,

1868 521 2146 577 voluntate
2179 538 2275 577 sua
2327 524 2377 575 in
2411 530 2639 579 mortem
2691 524 3020 589 traderetur,
3053 540 3159 578 non
3206 525 3437 583 aliorum

189 628 281 679 ῐνα
320 628 520 687 ἰδόντες
549 625 600 677 οἱ
650 624 940 678 ἀπόστολοι
962 620 1060 689 τὴν
1086 619 1445 689 λαμπρότητα
1476 618 1570 685 τῆς
1597 615 1761 668 αὑτοῦ

187 718 447 783 θεότητος
504 717 773 784 νοήσωσιν
829 712 1120 783 ἀκριϐῶς,
1192 712 1273 764 ὅτι
1337 709 1599 771 ἑκουσίως
1667 709 1762 760 καὶ

182 806 373 875 οἰκείῳ
401 806 666 877 θελήματι
686 804 957 875 παρεδόθη
988 806 1068 866 εἰς
1084 803 1323 871 σφαγὴν,
1356 802 1416 853 οὐ
1447 801 1757 868 δυναστείην

183 897 439 965 δεύτερον
474 898 550 960 δὲ,
584 897 670 948 ἵνα
700 896 906 948 λάϐωσι
937 894 1296 964 παραμυθίαν
1324 893 1417 946 καὶ
1468 891 1760 960 ἀνακωχὴν

182 988 290 1040 ἀπὸ
312 990 410 1056 τῆς
435 991 629 1057 λύπης,
659 989 725 1058 ἢν
748 984 892 1057 εἶχον
916 987 1247 1048 ἀκούσαντες
1275 1003 1340 1037 πε
1352 985 1403 1056 pi.
1429 986 1525 1037 τοῦ
1554 982 1760 1045 πάθους

181 1082 278 1130 τοῦ
313 1081 549 1149 Χριστοῦ
576 1097 591 1113 θ
624 1082 717 1132 καὶ
771 1079 976 1148 τρίτον,
1032 1078 1118 1129 ἵνα
1158 1078 1353 1138 ἰδόντες
1408 1075 1499 1127 τὸν
1557 1074 1759 1127 Μωσέα

183 1174 279 1221 ut
337 1172 430 1221 τον
478 1170 668 1223 Ἠλίαν
721 1172 845 1232 τοὺς
881 1170 1165 1238 προφήτας
1216 1166 1654 1236 παρισταμένους
1682 1164 1759 1234 τῷ

184 1261 410 1331 Χριστῷ
456 1263 592 1330 μετὰ
617 1262 788 1325 δέους,
850 1258 1337 1329 πληροφορηθῶσιν
1393 1256 1635 1325 ἀκριϐῶς
1678 1257 1758 1309 δτι

184 1351 351 1413 αατός
390 1354 537 1403 ἐστιν
582 1355 609 1405 6
646 1353 929 1422 Δεσπότης
977 1353 1071 1404 καὶ
1120 1351 1325 1420 Κύριος
1376 1350 1592 1403 πάντων
1651 1347 1761 1400 τῶν

185 1443 510 1509 προφητῶν,
573 1444 666 1495 καὶ
720 1444 901 1513 πάσης
952 1444 1049 1512 τῆς
1107 1441 1357 1503 κτίσεως.
1417 1442 1523 1493 Καὶ
1582 1440 1643 1491 τὸ
1696 1438 1760 1507 δὴ

218 1536 496 1602 αυμαστδν
528 1538 619 1587 καὶ
651 1535 812 1605 μέγα,
849 1537 930 1588 ὅτι
962 1536 1151 1604 ῶσπερ
1188 1534 1279 1585 ἐπὶ
1333 1533 1426 1585 τοῦ
1487 1530 1758 1602 Ἰορδάνου

183 1626 589 1693 βαπτιζομένου
637 1627 729 1679 τοῦ
767 1626 1026 1696 Χριστοῦ,
1081 1625 1295 1692 ἐγένετο
1345 1624 1497 1692 φωνὴ
1528 1625 1592 1675 ἐκ
1652 1622 1760 1674 τῶν

179 1714 433 1782 (ῦρανῶν
458 1716 786 1783 σχισθέντων
838 1716 1039 1779 αὐτῶν,
1075 1714 1327 1781 λέγουσα,
1364 1731 1381 1762 ι
1407 1705 1574 1772 Οὗτός
1616 1712 1760 1762 ἐστιν

179 1805 205 1853 ὁ
232 1803 360 1865 Υἱός
386 1822 487 1873 μου
503 1809 528 1858 ό
544 1806 822 1873 ἀγαπητὸς
839 1800 950 1873 ὲνῷ
975 1805 1262 1873 εὐδόκησα,
1285 1805 1446 1858 αὐτοῦ
1472 1803 1752 1856 ἀκούετε.»

182 1890 356 1945 Τοῦτο
380 1890 662 1957 δηλοῦντος
692 1895 790 1946 τοῦ
821 1896 999 1962 λόγου,
1037 1895 1124 1947 ἵνα
1157 1895 1215 1947 τὸ
1264 1895 1360 1963 μὲν
1391 1896 1535 1947 κατὰ
1583 1892 1763 1946 πάντα

184 1986 508 2039 πιστωθῶσι
577 1988 670 2039 καὶ
737 1988 1226 2058 πληροφορηθῶσιν
1256 1988 1335 2040 ὅτι
1375 1987 1534 2049 αὑτός
1567 1987 1762 2038 ἐστινὸ

182 2075 313 2137 Υἱὸς
343 2079 437 2130 καὶ
464 2079 634 2145 Λόγος
656 2078 750 2131 τοῦ
811 2078 978 2132 Θεοῦο
1012 2079 1072 2131 τὸ
1103 2079 1181 2144 δὲ,
1216 2078 1304 2132 ἵνα
1357 2080 1478 2131 ἐπεὶ
1507 2080 1534 2129 6
1576 2077 1763 2147 καιρὸς

180 2169 281 2235 τῆς
314 2170 494 2237 ταφῆς
522 2169 615 2221 τοῦ
639 2170 874 2241 Χριστοῦ
909 2171 1124 2242 ήγγιζε,
1159 2170 1254 2223 καὶ
1282 2172 1420 2239 μετὰ
1455 2171 1554 2240 τὴν
1582 2172 1761 2240 ταφὴν

183 2259 276 2308 καὶ
304 2258 405 2326 τὴν
439 2260 758 2326 ἀνάστασιν,
794 2262 1082 2332 μέλλουσιν
1129 2262 1497 2330 ἀποσταλῆναι
1564 2263 1656 2313 ἐπὶ
1700 2261 1762 2313 τὸ

184 2349 450 2417 κήρυγμα
471 2350 853 2414 οῑὰπόστολοι,
887 2352 1229 2423 εὑρίσκονται
1286 2353 1341 2405 δὲ
1390 2353 1557 2420 ὀλίγοι
1615 2348 1759 2407 οὗτοι

184 2435 279 2486 καὶ
314 2436 545 2499 ἰδιῶται,
597 2442 691 2492 καὶ
716 2439 981 2506 ἀσθενεῖς,
1031 2440 1179 2492 οὐδὲν
1227 2440 1577 2509 ἀποϐλέψωσι
1623 2441 1760 2509 προς

180 2527 282 2595 τὴν
330 2530 537 2581 οἰκείαν
602 2530 910 2592 ἀσθένειαν,
964 2532 1097 2584 ἀλλά
1156 2534 1291 2599 πρὸς
1326 2534 1423 2601 τὴν
1480 2532 1572 2585 τοῦ
1621 2532 1756 2585 Θεοῦ

180 2619 441 2687 δύναμιν,
466 2620 561 2671 καὶ
593 2621 679 2674 ἵνα
721 2622 921 2684 ἰδόντες
951 2623 1048 2690 τὴν
1070 2623 1159 2675 τοῦ
1185 2621 1320 2675 Θεοῦ
1360 2622 1518 2685 δόξαν
1562 2639 1617 2674 τε
1669 2621 1762 2673 καὶ

184 2710 570 2776 λαμπρότητα,
610 2711 940 2774 ἀκούσαντες
976 2713 1031 2764 δὲ
1091 2714 1182 2765 καὶ
1227 2713 1325 2779 τὴν
1367 2712 1459 2764 τοῦ
1495 2713 1562 2765 Θε
1602 2712 1630 2764 ῦ
1671 2714 1764 2765 καὶ

189 2800 401 2867 (ἰατρὸς
428 2803 612 2869 φωνήν
638 2819 695 2853 τε
729 2804 825 2855 καὶ
882 2804 1214 2874 μαρτυρίαν,
1248 2806 1514 2872 νοήσωσιν
1559 2805 1640 2856 ὅτι
1682 2800 1761 2865 εἷς

184 2886 316 2948 Θεός
348 2888 497 2938 ἐστιν
525 2889 551 2939 ὁ
582 2889 766 2958 Πατὴρ
795 2889 889 2942 καὶ
912 2890 939 2942 6
968 2890 1113 2956 Υἱὸς,
1142 2893 1234 2943 καὶ
1273 2892 1366 2959 μία
1400 2892 1516 2943 ἐστὶ
1550 2891 1759 2960 θεότης,

184 2979 280 3029 καὶ
311 2977 493 3043 φύσις,
530 2980 623 3031 καὶ
684 2979 913 3050 δύναμις
969 2983 1172 3051 Πατρός
1214 2999 1268 3033 τε
1326 2982 1417 3034 καὶ
1466 2982 1611 3042 Υἰοῦ,
1672 2983 1762 3033 καὶ

185 3070 566 3139 Θαρρήσαντες
620 3074 699 3135 είς
754 3074 854 3139 τὴν
882 3074 976 3126 τοῦ
1026 3073 1162 3125 Θεοῦ
1197 3074 1447 3141 δύναμιν,
1488 3075 1761 3127 ἀπέλθωσι

188 3157 329 3223 μετά
374 3157 682 3227 προθυμίας
732 3160 826 3211 ἐπὶ
881 3162 942 3213 τὸ
1008 3163 1292 3231 κήρυγμα,
1357 3165 1449 3214 καὶ
1501 3163 1758 3233 πληρωθῇ

184 3248 485 3300 κάντεῦθεν
549 3252 580 3318 ἡ
641 3250 734 3302 τοῦ
810 3252 973 3304 Δαϐὶδ
1035 3256 1360 3323 προφητεία,
1421 3256 1453 3325 ἡ
1510 3256 1758 3321 λέγουσα,

188 3360 207 3389 ι
234 3340 435 3409 Θαϐὼρ
487 3343 579 3394 καὶ
622 3344 837 3413 Ἐρμὼν
884 3348 942 3397 ὲν
978 3345 1056 3415 τῷ
1089 3347 1312 3415 ὀνόματί
1359 3365 1450 3400 σου
1505 3349 1763 3414 ἀγαλλιᾶ-

187 3446 407 3483 σονται.
438 3449 455 3481 ι
502 3429 562 3482 Ὀ
588 3432 643 3483 δὲ
681 3434 965 3501 προφήτης
1022 3435 1264 3504 Μωῦσῆς
1314 3439 1520 3499 ἐκεῖνος
1583 3434 1757 3502 εἶπεν,

182 3518 259 3579 ὡς
291 3519 600 3588 ἔμπροσθεν
653 3523 889 3591 εἴρηται,
949 3525 1032 3576 ὅτι
1074 3544 1091 3575 ι
1121 3526 1411 3596 Προφήτην
1466 3528 1757 3595 ἀναστήσει

186 3609 387 3679 Κύριος
413 3613 438 3662 6
468 3612 597 3673 Θεὸς
623 3614 685 3664 ἐκ
718 3614 826 3665 τῶν
874 3614 1116 3682 ἀδελφῶν
1140 3617 1316 3685 ἡμῶν,
1350 3616 1426 3679 ὡς
1458 3620 1577 3686 ἐμὲ.
1609 3621 1760 3671 Πᾶσα

183 3699 352 3766 ψυχὴ,
388 3701 508 3767 ἣτις
558 3702 657 3753 οὐκ
689 3701 977 3755 ἀκούσεται
1043 3703 1136 3756 τοῦ
1193 3706 1470 3775 προφήτου
1528 3707 1757 3770 ἐκείνου,

185 3790 720 3859 εξολοθρευοήσεται.
749 3811 767 3843 ι
803 3794 912 3847 Καὶ
944 3796 1025 3846 ὅτι
1055 3798 1171 3847 τότε
1220 3797 1318 3864 μὲν
1353 3792 1506 3849 εἶπεν
1534 3798 1758 3862 ἐκεῖνος,

184 3883 267 3931 δτι
303 3900 320 3931 ι
361 3882 516 3933 Πᾶσα
542 3881 708 3952 ψυχὴ,
735 3883 856 3953 ἥτις
907 3887 1006 3936 οὐκ
1040 3886 1328 3938 ἀκούσεται
1356 3888 1448 3938 τοῦ
1475 3889 1759 3957 προφήτου

182 3970 419 4029 ἐκείνου,
476 3969 1010 4038 ὲξολοθρευθήσεται,
1046 3990 1064 4021 ι
1111 3970 1202 4023 καὶ
1232 3972 1315 4024 ὃτι
1366 3975 1431 4023 τὰ
1460 3973 1759 4040 λαληθέντα

189 4057 346 4125 παρά
398 4075 456 4108 τε
489 4058 581 4109 τοῦ
615 4060 892 4123 Μωῦσέως
940 4064 1032 4113 καὶ
1096 4062 1203 4114 τῶν
1261 4065 1555 4132 προφητῶν
1612 4064 1761 4130 λόγοι

186 4150 297 4200 εἰσί
346 4150 441 4202 τοῦ
496 4150 652 4214 Θεοῦ,
704 4151 862 4204 τοῦτο
921 4153 1184 4222 πρόδηλον
1225 4157 1321 4207 καί
1361 4156 1597 4225 ἀληθές’
1646 4156 1759 4208 ἀλλ’

186 4242 337 4308 ὅμως
377 4242 473 4293 καὶ
506 4243 599 4293 ἐπὶ
624 4241 718 4294 τοῦ
747 4242 1146 4313 βαπτίσματος,
1189 4250 1282 4298 καὶ
1312 4248 1402 4298 ἐπὶ
1432 4251 1531 4317 τῆς
1594 4266 1761 4319 μετα-

188 4336 549 4400 μορφώσεως,
589 4335 693 4388 ἀπὸ
724 4335 832 4388 τῶν
882 4336 1127 4406 οὐρανῶν
1190 4340 1456 4407 κατῆλθεν
1503 4343 1535 4411 ἡ
1584 4341 1758 4410 φωνὴ,

188 4426 286 4475 καὶ
310 4425 368 4475 οὺ
400 4424 467 4475 δι’
490 4425 802 4493 ἀνθρώπου,
832 4428 967 4481 ἀλλά
1013 4430 1235 4497 ἁμέσως
1291 4433 1387 4483 ἀπ’
1436 4434 1601 4485 αὑτοῦ
1663 4435 1754 4486 τοῦ

185 4515 323 4566 θεοῦ
359 4523 448 4567 καὶ
480 4518 710 4586 Πατρός.
747 4520 969 4582 Βλέπεις
996 4522 1110 4582 πῶς

185 4609 250 4657 ἐκ
280 4607 373 4658 τοῦ
412 4609 554 4659 κατὰ
588 4612 781 4677 μικρὸν
806 4612 1087 4678 ἐφαίνοντο
1119 4615 1188 4667 τά
1218 4616 1311 4667 τοῦ
1340 4618 1575 4684 Χριστοῦ
1606 4636 1618 4682 ;
1652 4620 1761 4671 Καὶ

188 4697 377 4766 ὥσπερ
400 4699 507 4749 ἀπο
534 4703 630 4768 τῆς
664 4702 855 4763 νυκτὸς
910 4704 1067 4756 οὐδὲν
1120 4707 1370 4771 φαίνεται
1428 4712 1707 4777 παρευθῦς
1735 4710 1762 4760 ὁ

187 4789 362 4856 ἥλιος,
403 4790 537 4841 ἀλλὰ
567 4792 781 4859 πρῶτον
817 4795 915 4861 μὲν
952 4796 1234 4866 ἄρχεταιή
1283 4800 1445 4867 αὐγὴ,
1474 4798 1591 4850 εἶτα
1625 4801 1755 4867 φῶς,

186 4879 284 4929 καὶ
321 4882 461 4945 μετά
485 4879 652 4932 ταῦτα
687 4884 713 4933 ό
739 4882 911 4950 ἣλιος,
938 4884 1081 4937 οὕτω
1114 4889 1205 4937 καὶ
1241 4888 1334 4939 ἐπὶ
1371 4889 1467 4939 τοῦ
1498 4890 1757 4958 Χριστοῦ.

187 4971 287 5023 Ἐκ
334 4970 427 5022 τοῦ
476 4974 817 5042 καταμικρὸν
873 4974 1097 5043 ἧρξατο,
1157 4976 1276 5031 εἶτα
1318 4979 1523 5048 ἔλαμψε
1588 4984 1679 5033 καὶ
1732 4986 1759 5035 ό

186 5063 428 5131 Χριστὸς
463 5066 539 5124 εἰς
570 5065 659 5115 τὸν
688 5068 911 5132 κῦσμον,
947 5071 1039 5118 καὶ
1061 5070 1140 5130 εἰς
1175 5070 1270 5130 ca;
1297 5071 1473 5139 ψυχὰς
1521 5074 1627 5123 τῶν
1678 5075 1757 5136 είς

186 5156 353 5206 αὐτὸν
398 5158 826 5216 πιστευσάντων,
864 5159 891 5208 ὁ
927 5160 1111 5227 νοητὸς
1161 5160 1328 5228 ἣλιος.
1363 5161 1491 5214 Εἶτα
1542 5165 1757 5233 ἔρχεται

184 5248 213 5296 ό
252 5247 490 5313 Χριστὸς
517 5249 595 5307 εἰς
661 5247 1035 5317 Ἰεροσόλυμα,
1069 5250 1151 5301 ἵνα
1207 5254 1431 5321 τελεσθῇ
1490 5256 1576 5304 ἐπ’
1610 5254 1756 5322 αὐτῷ

186 5337 249 5389 τὸ
275 5337 470 5399 πάθος,
507 5336 689 5397 καθὼς
742 5332 861 5388 εἷπε
903 5340 1037 5407 πρὸς
1075 5342 1199 5401 τοὺς
1246 5342 1597 5404 ἀποστόλους.
1654 5346 1762 5396 Καὶ

188 5428 528 5489 εἰσελθόντος
556 5428 719 5479 αὑτοῦ
751 5433 827 5491 είς
860 5432 959 5499 τὴν
1007 5433 1182 5498 πόλιν,
1215 5435 1417 5503 ἤρξατο
1447 5436 1504 5487 τὸ
1562 5436 1762 5506 πλῆθος

188 5524 426 5591 κραζειν
452 5522 543 5574 καὶ
571 5522 771 5589 λέγειν,
816 5523 1103 5594 ἐξαιρέτως
1124 5525 1178 5576 δὲ
1227 5528 1273 5577 οἱ
1329 5527 1435 5578 τῶν
1499 5526 1764 5595 Ἐιᾶραίων

183 5614 400 5677 παῖδες,
427 5633 445 5664 ι
472 5614 843 5683 Εὐλογημένος
859 5618 883 5666 ὁ
902 5617 1193 5685 ἐρχόμενος
1212 5620 1267 5668 ὲν
1287 5617 1417 5685 ὁνὸμ
1433 5634 1508 5669 ττι
1533 5621 1611 5670 lio
1623 5620 1759 5688 ρίου,

252 5797 295 5827 ’⁷
332 5796 493 5850 Deut.
530 5811 675 5862 mn,
712 5798 789 5850 is.

1866 615 2110 682 potentia
2142 623 2405 679 coaetus;
2440 614 2702 683 secundo,
2745 624 2803 671 ut
2835 614 2964 669 hinc
3007 617 3436 673 consolationem

1864 714 1920 758 et
1946 706 2111 759 animi
2144 705 2597 774 tranquillitatem
2626 707 2958 777 acciperent.
2990 718 3045 762 et
3090 724 3119 762 τι
3174 724 3436 777 ηιωτοτο,

1863 813 2021 867 quem
2054 815 2117 853 ex
2153 800 2465 853 narratione
2489 799 2758 868 passionis
2781 800 2981 856 Christi
3008 810 3134 855 ante
3169 816 3437 870 concepe-

1864 899 2004 955 rant,
2034 908 2155 947 sese
2189 899 2510 947 revocarent
2547 908 2562 955 ;
2599 894 2781 954 tertio,
2812 903 2873 946 ut
2907 896 3024 948 viso
3051 895 3196 948 Mose
3237 902 3292 947 et
3322 894 3438 947 Elia

1862 984 2143 1054 prophetis
2166 1000 2290 1039 cum
2329 986 2631 1039 reverentia
2661 984 2882 1039 Christo
2913 985 3245 1046 astantibus,
3297 984 3437 1038 certi

1864 1071 2221 1127 redderentur
2253 1075 2398 1128 hunc
2447 1074 2692 1128 omnium
2743 1073 3132 1143 prophetarum
3168 1072 3331 1126 simul
3379 1082 3436 1126 et

1862 1163 2041 1216 omnis
2063 1173 2327 1217 creaturae
2349 1179 2466 1218 esse
2504 1165 2819 1218 Dominum.
2850 1164 3051 1218 Verum
3084 1172 3140 1218 et
3178 1164 3281 1217 hoc
3331 1163 3435 1216 mi-

1862 1255 2109 1308 raculum
2143 1255 2354 1324 ingens,
2408 1255 2554 1324 quod
2600 1255 3059 1325 quemadmodum
3098 1254 3318 1309 Christo
3382 1255 3437 1307 in

1861 1346 2097 1400 Jordane
2128 1347 2424 1415 baptizato,
2481 1348 2559 1402 sic
2600 1348 2767 1402 etiam
2801 1362 2903 1401 vox
2940 1346 3007 1401 de
3040 1347 3181 1401 caelo
3206 1346 3439 1399 discisso

1860 1436 1999 1491 facta
2016 1447 2099 1492 est
2119 1438 2341 1492 dicens:
2378 1457 2396 1489 ι
2420 1438 2520 1492 Hic
2543 1447 2626 1493 est
2645 1439 2815 1492 Filius
2832 1453 2985 1492 meus
3002 1437 3236 1493 dilectus
3253 1438 3304 1492 in
3328 1452 3440 1507 quo

1860 1530 1993 1584 mihi
2022 1531 2404 1599 complacitum
2423 1540 2526 1592 est.
2548 1531 2726 1599 ipsum
2750 1531 2965 1595 audite;
2994 1550 3010 1580 ι
3044 1532 3148 1584 hoc
3174 1530 3435 1584 nimirum

1860 1623 2104 1675 oratione
2134 1622 2233 1675 hac
2253 1622 2535 1682 innuenle,
2568 1630 2626 1675 ut
2656 1621 2850 1690 partim
2873 1621 3093 1690 quidem
3126 1621 3442 1691 plenissime

1861 1713 1994 1767 eerti
2027 1714 2272 1767 etsecuri
2306 1713 2688 1776 redderentur,
2722 1713 2871 1768 hunc
2895 1713 3095 1768 Filium
3122 1723 3176 1769 et
3198 1712 3438 1769 Verbum

1868 1803 1960 1858 Dei
1990 1821 2130 1869 esse;
2186 1806 2383 1874 partim
2413 1820 2563 1871 vero,
2591 1814 2649 1859 ut
2686 1805 2813 1875 quia
2850 1807 2957 1880 iam
2994 1817 3212 1876 tempus
3266 1805 3445 1875 sepul-

1794 1874 1837 1931 Β
1870 1905 2003 1951 turae
2032 1896 2233 1951 Christi
2270 1896 2527 1959 instabat,
2554 1904 2608 1952 et
2644 1874 2767 1965 post
2799 1874 3139 1965 sepulturam
3170 1905 3224 1952 et
3248 1912 3441 1952 resur-

1865 1988 2162 2041 rectionem
2221 1987 2450 2054 apostoli
2511 1986 2576 2040 ad
2642 1987 3088 2055 prredicationem
3155 1988 3442 2043 emittendi

1862 2089 2051 2145 erant;
2080 2080 2134 2133 hi
2170 2093 2298 2132 vero
2320 2081 2447 2133 licet
2481 2080 2637 2148 pauci
2666 2093 2872 2145 essent,
2900 2081 3103 2135 indocti
3136 2091 3191 2135 et
3213 2081 3442 2147 inﬁrmi,

1863 2189 1973 2226 non
2011 2182 2188 2226 tamen
2214 2172 2276 2224 ad
2300 2186 2453 2224 suam
2480 2170 2871 2236 inﬁrmitatem,
2900 2174 2992 2225 sed
3023 2172 3090 2225 ad
3117 2173 3214 2226 Dei
3248 2182 3440 2241 poten-

1864 2263 1990 2317 tiam
2022 2262 2378 2332 respicerent,
2420 2271 2477 2316 et
2510 2273 2569 2315 ut
2614 2262 2815 2316 Christi
2859 2263 3028 2333 gloria
3053 2272 3108 2319 et
3141 2264 3437 2333 splendore

1862 2358 1999 2419 viso,
2037 2356 2239 2423 Deique
2265 2355 2438 2409 Patris
2463 2369 2593 2408 voce
2618 2364 2673 2408 et
2699 2354 3015 2410 testimonio
3041 2357 3249 2423 audito,
3278 2358 3442 2413 intel-

1863 2448 2097 2517 ligerent
2130 2461 2301 2500 unum
2359 2447 2528 2500 Deum
2579 2462 2697 2499 esse
2722 2457 2777 2500 ct
2825 2447 3043 2503 Patrem
3102 2458 3157 2503 et
3214 2450 3433 2513 Filium,

1862 2539 2115 2607 quodque
2153 2554 2254 2591 una
2282 2539 2351 2592 sit
2382 2537 2639 2591 divinitas
2674 2547 2866 2593 natura
2891 2549 2944 2593 et
2988 2540 3229 2605 potentia
3260 2541 3441 2595 Patris

1863 2640 1919 2685 et
1951 2630 2089 2695 Filii,
2128 2640 2293 2699 utque
2322 2631 2375 2683 in
2409 2630 2503 2684 Dei
2535 2632 2837 2700 potentiam
2872 2630 3067 2685 conﬁsi
3096 2646 3220 2686 cum
3248 2632 3442 2686 alacri.

1870 2730 1979 2775 tate
2014 2721 2422 2791 pra-dicationis
2454 2720 2733 2790 negotium
2759 2720 3209 2792 aggrederentur,
3261 2731 3316 2777 et
3339 2723 3442 2777 im-

1870 2814 2114 2882 pleretur
2150 2814 2237 2866 hic
2261 2813 2479 2868 Davidis
2514 2814 2797 2883 prophetia
2829 2814 3041 2878 dicens,
3070 2833 3089 2866 ι
3116 2814 3339 2869 Thahor
3382 2826 3440 2870 et

1866 2904 2105 2959 Ilermon
2126 2906 2180 2960 in
2210 2904 2428 2960 nomine
2451 2916 2543 2959 tuo
2562 2906 2923 2961 cxsultabunt.
2942 2924 2960 2956 ι
2980 2905 3248 2961 Caeterum
3267 2905 3442 2962 Moses

1872 2998 1965 3051 ille
2018 2999 2284 3067 propheta
2340 2999 2498 3062 dixit,
2560 3006 2617 3051 ut
2667 3008 2722 3051 et
2780 3006 2906 3051 ante
2958 2997 3277 3051 adnotatum
3307 3006 3440 3051 est:

1870 3106 1886 3138 ι
1925 3086 2251 3151 ΡΓΟῖιῘΙΟῑέΠη
2282 3086 2544 3142 excitabit
2583 3086 2847 3141 Dominus
2892 3087 3037 3140 Deus
3078 3102 3144 3141 ex
3176 3086 3441 3141 fratribus

1868 3181 2083 3242 \‘CSll‘iS,
2116 3181 2257 3233 sicut
2284 3197 2390 3235 me.
2422 3179 2611 3234 Omnis
2638 3179 2841 3238 anima.
2886 3194 3007 3247 qua:
3033 3194 3140 3232 non
3168 3178 3442 3233 audiverit

1873 3272 2193 3340 prophetam
2224 3269 2813 3338 illum,exstirpal;itur
2839 3270 2905 3323 ⁷⁷.
2936 3288 2952 3321 ι
3003 3268 3160 3335 Quod
3185 3284 3313 3323 vero
3349 3269 3440 3324 hic

1869 3350 2070 3415 dixerit
2110 3375 2328 3414 omnem
2364 3361 2600 3412 animam
2657 3374 2778 3426 qua:
2834 3374 2941 3413 non
2986 3359 3260 3414 audiverit
3314 3375 3441 3430 pro-

1868 3452 2085 3519 phetam
2119 3450 2292 3510 illum,
2335 3463 2453 3502 esse
2486 3447 2917 3516 exstirpandam,
2971 3459 3024 3503 ct
3068 3448 3213 3516 quod
3254 3450 3436 3503 omnia

1868 3560 1988 3608 qua:
2022 3558 2051 3595 a
2077 3542 2221 3595 Mose
2253 3548 2308 3595 et
2339 3541 2623 3609 prophetis
2650 3541 2931 3606 dicuntur,
2972 3540 3137 3595 verba
3176 3540 3266 3595 Dei
3299 3542 3433 3607 sint,

1870 3632 2217 3685 manifestum
2238 3640 2341 3693 est,
2371 3638 2426 3683 et
2450 3646 2635 3682 verum
2660 3645 2777 3684 esse
2804 3639 3038 3687 constat.
3070 3631 3436 3686 Nihilominus

1872 3735 2051 3778 tamen
2088 3731 2143 3775 et
2178 3724 2231 3775 in
2267 3722 2538 3790 baptismo
2597 3731 2651 3775 et
2697 3721 2751 3774 in
2810 3722 3291 3777 transformatione
3330 3740 3436 3777 Vox

1871 3818 2091 3871 caelitus
2126 3816 2361 3869 dcmissa
2387 3822 2489 3875 est,
2521 3820 2577 3865 ct
2615 3828 2721 3866 non
2749 3830 2845 3882 per
2874 3814 3177 3877 hominem,
3211 3815 3304 3868 scd
3342 3816 3440 3869 im-

1870 3908 2103 3961 mediate
2140 3922 2236 3975 per
2285 3906 2463 3974 ipsum
2500 3905 2669 3958 Deum
2711 3906 2948 3958 Patrem.
3007 3906 3198 3959 Viden‘
3249 3906 3436 3974 igitur,

1868 3996 2146 4067 quomodo
2198 3996 2453 4064 primitus
2506 4005 2561 4049 et
2608 3994 2676 4047 ab
2714 3996 2870 4048 initio
2902 3994 3160 4064 paulatim
3216 3976 3439 4065 ea'qure

1867 4088 2073 4143 Christi
2107 4096 2256 4151 sunt,
2286 4085 2682 4155 apparuerint?
2724 4086 2789 4138 Et
2824 4087 3288 4155 quemadmodum
3314 4099 3440 4154 post

1868 4182 2047 4235 noctis
2081 4178 2333 4233 tenebras
2359 4192 2466 4230 non
2502 4187 2724 4245 repente
2748 4177 2828 4231 sol
2856 4178 3097 4242 videtur,
3139 4178 3232 4231 sed
3255 4178 3437 4247 primo

1870 4272 2146 4341 splendor,
2177 4268 2374 4323 deinde
2398 4269 2605 4333 lumen,
2633 4271 2856 4322 tandem
2887 4284 3018 4323 vero
3049 4271 3162 4338 ipse
3188 4270 3267 4325 sol
3309 4288 3323 4324 :
3364 4272 3436 4324 ita

1868 4366 2031 4420 etiam
2076 4363 2143 4416 de
2188 4359 2408 4416 Christo
2446 4359 2645 4414 factum
2693 4374 2813 4413 esse
2858 4359 3128 4413 videmus.
3168 4361 3434 4415 Paulatim

1869 4457 2013 4511 enim
2050 4453 2251 4523 ccepit;
2289 4451 2485 4506 deinde
2513 4452 2623 4519 ipse
2656 4450 3035 4515 Christus,sol
3069 4468 3230 4506 verus
3256 4462 3311 4507 et
3349 4470 3434 4507 ra-

1144 4524 1345 4618 Jf'wof"
1375 4530 1467 4575 καὶ
1519 4526 1752 4594 ἐξαρκῆς
1790 4563 1834 4618 ι)
1873 4547 2113 4610 tionalis,
2165 4545 2342 4597 lucem
2402 4543 2453 4595 in
2496 4540 2761 4594 mundum
2790 4542 2991 4605 intulit,
3019 4551 3074 4595 et
3130 4543 3181 4595 in
3224 4544 3438 4597 animas

1863 4642 2080 4693 illorum
2119 4635 2209 4704 qui
2238 4634 2291 4686 in
2319 4648 2444 4685 eum
2478 4633 2732 4686 credunt.
2765 4631 2973 4687 Deinde
3003 4632 3431 4702 Hierosolymam

1858 4729 2114 4783 Christus
2138 4728 2252 4792 ipse
2286 4722 2561 4784 ascendit,
2590 4732 2649 4774 ut
2680 4721 2854 4789 ipsius
2880 4722 3202 4789 impleretur
3228 4725 3432 4792 passio,

1861 4817 2323 4890 quemadmodum
2370 4813 2637 4883 apostolis
2691 4813 3017 4882 praedixerat
3047 4828 3067 4847 θ
3107 4832 3125 4865 ι
3155 4816 3219 4869 Et
3258 4816 3438 4885 ingre~

1868 4910 2053 4964 diente
2082 4909 2199 4975 ipso
2230 4908 2283 4959 in
2324 4906 2539 4969 urbem,
2574 4905 2741 4973 erepit
2775 4907 3009 4973 populus
3039 4905 3345 4960 exclamare
3376 4917 3431 4961 et

1868 5000 2050 5053 dicere
2096 4994 2387 5064 (inprimis
2432 5003 2617 5047 autem
2675 4993 3027 5047 Hebraeorum
3080 4996 3256 5062 pueri)
3289 5012 3302 5048 :
3330 4995 3432 5048 Be-

1869 5090 2143 5152 nedictus,
2171 5085 2262 5154 qui
2302 5084 2451 5138 venit
2481 5084 2536 5138 in
2579 5084 2801 5139 nomine
2835 5087 3066 5143 Domini.
3097 5086 3350 5140 "osanna
3380 5089 3435 5141 in

1868 5177 2171 5237 altissimis,
2226 5189 2319 5226 rex
2358 5174 2609 5237 Israelis;
2657 5188 2758 5241 pax
2807 5174 2862 5226 in
2900 5174 3039 5227 cmlo
3074 5182 3129 5227 et
3173 5174 3340 5239 gloria
3365 5175 3433 5230 .in

1868 5264 2202 5319 altissimis.»
2234 5261 2440 5315 Furore
2463 5270 2644 5313 autem
2672 5259 2859 5327 repleti
2879 5261 3069 5313 scribae
3088 5268 3144 5312 et
3174 5260 3433 5313 Pharisaei

1869 5356 2125 5409 dixerunt
2178 5352 2306 5405 Jesu
2342 5366 2355 5402 :
2394 5368 2411 5400 ι
2448 5350 2673 5416 Increpa
2703 5350 2853 5413 nillos
2903 5359 2963 5401 ut
3031 5357 3299 5402 taceant.»
3362 5350 3434 5403 At

1867 5446 2118 5501 Christus
2179 5442 2460 5511 respondit
2518 5441 2665 5493 illis:
2712 5458 2728 5490 ι
2759 5441 2838 5493 An
2890 5456 3170 5509 nunquam
3225 5443 3429 5512 legistis

1874 5536 2209 5603 PrOphctam
2244 5534 2516 5587 dicentem
2553 5549 2565 5585 :
2601 5532 2678 5585 Ex
2703 5548 2794 5586 ore
2826 5532 3113 5586 infantium
3141 5543 3196 5586 et
3226 5534 3434 5586 lacten-

1878 5627 2009 5679 tium
2041 5624 2379 5679 concinnabo
2402 5623 2656 5676 laudem?
2686 5622 2835 5687 Quod
2870 5623 2911 5675 si
2945 5623 3002 5676 hi
3033 5622 3320 5687 tacuerint,
3352 5623 3432 5675 la-
