4204 6444
216 387 328 450 465

1165 378 1458 439 CONTRA
1499 375 1990 441 ΜᾹΗΟΜΕΤΕΜ
2031 372 2411 435 APOLOGIA
2456 370 2535 436 [ἶ.

3353 371 3460 436 466

214 505 394 573 ὑμων.
436 498 763 568 Ἐγείρεσθε,
796 498 1036 568 ἄγωμεν.
1073 515 1089 548 ι
1124 497 1235 551 Καὶ
1286 495 1524 562 ἀπῆλθον
1578 495 1657 557 είς
1688 493 1781 546 τὸν

1898 489 2092 543 dabitis
2123 488 2255 543 mihi
2290 499 2345 541 ut
2384 502 2482 557 ego
2512 486 2734 555 prodam
2786 485 2937 540 illmu
2970 487 3054 539 "?
3083 486 3150 540 Et
3193 486 3461 541 dederunt

213 596 404 656 τόπον,
432 593 490 645 ὃν
520 591 665 661 εἶχεν
723 593 786 643 ἐκ
823 589 1131 658 συνηθείας.
1162 592 1224 642 Οἱ
1287 588 1469 656 μέντοι
1514 588 1790 657 ἀρχιερεῖς

215 685 575 753 συναχθέντες
606 682 742 753 μετὰ
769 682 875 734 τῶν
933 679 1307 751 γραμματέων
1339 680 1432 731 καὶ
1483 678 1792 745 Φαρισαίων

212 772 314 824 καὶ
348 771 544 832 παντὸς
578 767 670 820 τοῦ
710 767 990 835 συνεδρίου
1040 767 1218 819 αὐτῶν
1268 766 1475 832 ἔλεγον,
1520 782 1537 815 ι
1572 764 1637 816 Τί
1672 781 1791 816 ποι-

214 857 410 924 οῦμεν,
448 857 529 907 ὅτι
562 854 896 923 ὁᾶνθρωπος
926 846 1079 914 οὗτος
1124 853 1296 904 πολλὰ
1353 852 1553 921 σημεῖα
1609 851 1787 913 ποιεῖς

231 947 360 997 Ἐὰν
388 945 615 1014 ἀφῶμεν
656 943 816 997 αὑτὸν
874 941 1068 1007 οὑτως,
1104 958 1321 1002 παντως
1380 940 1691 992 ἐλεύσονται
1743 941 1790 990 οἱ

231 1036 519 1103 Ῥωμαῖοι,
553 1035 644 1087 καὶ
678 1033 903 1102 ἀροῦσιν
938 1032 1094 1101 ἡμῶν
1127 1032 1219 1083 καὶ
1267 1033 1357 1083 τὸν
1387 1031 1550 1084 τόπον
1588 1030 1678 1082 καὶ
1732 1029 1792 1080 τὸ

219 1125 396 1184 ἔθνος.
451 1125 725 1192 Συμφέρει
789 1122 1100 1175 ἀποθανεῖν.
1138 1139 1156 1172 ι
1207 1120 1265 1174 '0
1321 1122 1376 1174 δὲ
1440 1120 1791 1189 Ἰσκαριώτης

232 1212 434 1272 Ἰούδας
470 1210 716 1263 ἀπελθὼν
739 1212 818 1270 είς
848 1210 971 1271 τοὺς
1010 1209 1285 1278 ἀρχιερεῖς
1303 1209 1396 1261 καὶ
1424 1210 1791 1276 γραμματεῖς,

218 1297 379 1354 εἶπεν
415 1303 620 1363 αὑτοῖς,
663 1321 682 1351 ε
720 1301 784 1352 Τί
812 1300 997 1352 θέλετέ
1030 1317 1118 1366 μοι
1162 1298 1367 1359 δοῦναι,
1401 1298 1495 1351 καὶ
1523 1298 1631 1365 ἐγὼ
1667 1297 1794 1366 ὑμῖν

218 1392 533 1461 παραδώσω
603 1391 808 1457 αὑτόνς
868 1393 978 1443 Καὶ
1031 1391 1241 1442 ἔδωκαν
1291 1390 1438 1459 αὑτῷ
1498 1389 1791 1459 τριάκοντα

218 1484 485 1555 ἀργύρια.
515 1503 534 1535 ι
572 1485 681 1536 Καὶ
745 1482 863 1552 μετ’
916 1483 1093 1549 ὀλίγον
1123 1482 1302 1534 λαϐὼν
1336 1484 1364 1533 6
1409 1480 1607 1551 Ἰούδας
1667 1481 1794 1534 λαὸν

222 1574 434 1632 ἱκανὸν,
496 1572 710 1642 ἔρχεται
768 1573 898 1626 ἔνθα
952 1572 1236 1642 εὑρίσκετο
1296 1573 1323 1623 6
1378 1571 1631 1641 Χριστός.
1690 1569 1794 1623 Καὶ

221 1666 537 1734 ἐρχομένων
604 1665 848 1729 ἐκείνων,
890 1665 1035 1731 λέγει
1087 1666 1201 1726 τοῖς
1261 1662 1528 1731 μαθηταῖς
1579 1660 1795 1715 αὐτοῧό

220 1757 483 1826 Χριστος,
519 1775 535 1807 ι
573 1756 901 1824 Ἐγείρεσθε,
956 1757 1200 1824 ἄγωμεν,
1253 1756 1359 1806 ἰδοὺ
1393 1757 1419 1807 6
1465 1754 1790 1825 παραδιδούς

1896 580 1970 633 illi
2008 580 2572 650 trigintalargenteos.
2613 597 2630 630 ›
2672 579 2740 632 Et
2774 578 2933 646 paulo
2960 588 3081 647 post
3109 578 3275 633 Judas
3305 579 3465 633 turba

1895 671 2062 724 multa
2088 678 2387 739 assumpta,
2429 685 2495 723 eo
2536 670 2755 724 devenit
2783 669 2874 724 ubi
2911 668 3167 724 Christus
3218 669 3465 723 invenie-

1894 755 2076 811 batur.
2132 757 2345 823 Quibus
2398 756 2767 824 venientibus,
2821 757 2956 812 dicit
3012 757 3300 827 discipulis
3345 759 3462 812 suis

1892 846 2142 902 Christus
2173 866 2187 903 :
2225 866 2242 898 ι
2282 849 2522 918 Surgite,
2553 863 2762 911 eaums,
2819 865 2949 904 ecce
2987 849 3081 918 qui
3139 849 3324 918 prodit
3355 864 3461 912 me,

1895 940 2321 1009 appropinquat.
2343 960 2360 990 ι
2406 941 2470 994 Et
2502 941 2796 995 accedente
2835 941 2971 995 Juda
2998 957 3121 995 cum
3149 941 3467 995 Judaeorunt

1898 1038 2093 1095 turma,
2160 1031 2293 1084 dicit
2339 1031 2445 1085 illis
2490 1030 2785 1086 Christus:
2862 1048 2880 1081 ι
2935 1032 3106 1096 Quem
3170 1030 3454 1099 qumritis?

1897 1119 2094 1174 Dicunt
2136 1120 2238 1184 illi,
2268 1120 2457 1176 Jesum
2485 1123 2846 1175 Nazarennm.
2878 1122 3016 1175 Dicit
3045 1122 3154 1176 illis
3184 1121 3463 1184 Christus,

1901 1232 1918 1264 ι
1950 1213 2062 1282 Ego
2088 1228 2232 1267 sum.
2264 1230 2283 1263 ι
2327 1214 2394 1267 Et
2422 1213 2527 1267 hoc
2548 1214 2754 1276 audito,
2813 1228 3005 1268 omnes
3038 1214 3291 1282 prostrati
3338 1222 3468 1265 sunt

1896 1303 1949 1357 in
1983 1313 2207 1357 terram.
2243 1303 2381 1358 Num
2411 1304 2579 1373 igitur
2610 1304 2699 1373 qui
2732 1314 2811 1358 tot
2853 1319 2918 1358 ac
2949 1311 3099 1357 tanta
3131 1303 3334 1357 fecerat
3369 1303 3470 1355 mi-

1897 1392 2103 1456 racula,
2129 1393 2221 1460 qui
2261 1408 2366 1446 una
2399 1408 2528 1447 voce
2565 1394 2864 1462 prostravit
2890 1403 3201 1462 quaerentes
3234 1408 3315 1457 se,
3356 1406 3468 1445 non

1897 1482 2074 1550 potuit
2134 1498 2280 1536 nunc
2344 1483 2561 1536 efﬁcere
2597 1498 2664 1537 ne
2704 1482 2857 1536 illum
2908 1483 3473 1552 comprehenderent?

1902 1572 2055 1626 [laud
2111 1574 2277 1628 dubie
2335 1574 2497 1643 igitur
2555 1590 2652 1629 sua
2697 1585 2891 1644 sponte
2950 1574 3059 1629 illis
3093 1575 3330 1629 traditus
3361 1584 3467 1629 est.

1897 1662 2055 1717 Tunc
2082 1664 2215 1718 dicit
2244 1667 2349 1720 illis
2371 1666 2531 1721 Jesus
2562 1683 2575 1720 :
2609 1685 2627 1717 ι
2661 1666 2717 1720 Si
2759 1666 2922 1736 igitur
2958 1682 3043 1720 me
3072 1666 3340 1735 quaeritis,
3393 1668 3471 1721 si-

1899 1756 2009 1808 nite
2039 1756 2136 1809 hos
2175 1757 2378 1811 abire.»
2416 1757 2483 1811 Et
2506 1756 2753 1811 dimissis
2785 1757 3073 1825 discipulis
3096 1757 3292 1825 ipsius.
3325 1771 3476 1810 com-

225 1862 297 1914 με
344 1847 596 1913 ἤγγικεν.
634 1862 653 1894 ι
695 1844 804 1896 Καὶ
856 1844 1098 1904 ἐλθόντος
1134 1842 1225 1894 τοῦ
1288 1842 1456 1894 Ἰούδα
1514 1843 1650 1911 μετὰ
1700 1840 1794 1892 τοῦ

1905 1847 2312 1915 prehenderunt
2358 1846 2659 1901 Christum.
2711 1847 2945 1901 Videsne
3007 1846 3287 1915 quomodo
3348 1856 3475 1898 ante

222 1936 355 1988 λαοὶ
384 1936 489 1987 τῶν
534 1934 819 1997 Ἰουδαίων,
842 1935 990 2002 λέγει
1026 1934 1155 2004 πρὸς
1207 1935 1403 1997 αὐτοὺς
1466 1936 1494 1986 6
1542 1932 1794 2003 Χριστὸς,

232 2046 249 2077 ι
288 2027 420 2078 Τίνα
470 2026 713 2095 (msice;
787 2026 1049 2092 Λέγουσιν
1105 2026 1251 2094 αὑτῴ
1311 2026 1529 2087 ἐκεῖνοι,
1591 2024 1797 2095 Ἰησοῦν

222 2123 317 2167 τὸν
368 2115 707 2185 Ναζωραῖον.
768 2116 930 2183 Λέγει
1000 2118 1027 2168 6
1117 2115 1372 2185 Χριστὸς,
1460 2114 1596 2181 Ἐγώ
1661 2116 1792 2183 είμι.

224 2208 338 2259 Καὶ
367 2206 524 2258 τοῦτο
556 2207 909 2269 ἀκούσαντες,
938 2207 1132 2259 ἔπεσον
1159 2208 1357 2268 πάντες
1387 2209 1465 2268 εἰς
1494 2208 1593 2275 τὴν
1618 2205 1737 2274 γῆν.
1771 2223 1789 2255 ι

226 2299 295 2350 'l'i
324 2299 415 2366 66;
441 2302 467 2350 6
494 2301 722 2367 manu;
758 2298 991 2351 τοσαῦτα
1022 2299 1111 2351 καὶ
1144 2297 1440 2368 τηλικαῦτα
1469 2297 1739 2367 θαύματα,
1772 2298 1799 2348 6

223 2390 337 2444 ἀπὸ
400 2390 566 2461 μόνης
616 2391 805 2452 λαλιᾶς
866 2390 1028 2443 αὑτοῦ
1094 2391 1254 2461 ῥίψας
1314 2391 1438 2453 τοὺς
1501 2388 1798 2459 ζητοῦντας

228 2483 419 2548 αὑτὸν,
484 2483 582 2535 οὑκ
638 2483 883 2553 ἠδυνήθη
952 2484 1196 2552 ποιῆσαι,
1250 2482 1337 2535 ἵνα
1393 2484 1467 2551 μὴ
1528 2484 1799 2552 δυνηθῶσι

228 2576 507 2642 κρατῆσαι
532 2574 692 2625 αὑτόν
712 2592 725 2639 ;
748 2575 970 2636 Πάντως
1001 2573 1267 2643 πρόδηλον
1299 2573 1378 2625 ὅτι
1408 2573 1583 2642 οἰκείᾳ
1613 2572 1800 2641 βουλή-

229 2681 315 2717 σει
342 2664 637 2734 παρεδόθη.
668 2666 799 2716 Τότε
826 2665 971 2731 λέγει
996 2666 1175 2727 αὐτοῖς
1209 2665 1235 2716 6
1262 2663 1515 2733 Χριστὸς,
1550 2681 1565 2712 ι
1598 2663 1657 2713 Εἰ
1709 2661 1800 2714 οὑν

229 2754 334 2822 ἐμὲ
365 2752 585 2822 ζητῆτε,
629 2754 797 2823 ἄφετε
831 2753 1052 2816 τούτους
1098 2754 1345 2821 ὑπάγειν.
1375 2771 1392 2802 ι
1426 2752 1535 2803 Καὶ
1575 2751 1800 2818 ἀφέντες

230 2844 360 2904 τοὺς
386 2841 630 2912 μαθητὰς
652 2841 840 2903 αὑτοῦ,
862 2842 1170 2910 ἐκράτησαν
1196 2841 1286 2892 τον
1309 2840 1556 2908 Χριστόν.
1577 2839 1801 2901 Βλέπεις

234 2933 353 2994 πῶς
387 2932 603 3002 πρῶτον
666 2933 761 3002 μὲν
816 2932 922 2984 ἀπὸ
973 2934 1138 3001 μόνης
1186 2930 1285 2999 τῆς
1347 2930 1536 2992 λαλιᾶς
1584 2930 1798 2994 ἔπεσον,

231 3024 429 3078 ἔπειτα
449 3026 507 3077 ἐν
541 3023 617 3095 τῷ
637 3028 810 3077 εἰπεῖν
842 3026 974 3093 πρὸς
1003 3025 1224 3091 αὐτοὺς,
1272 3042 1290 3075 ι
1324 3025 1523 3090 ’Λφετε
1580 3022 1801 3085 τούτους

232 3116 492 3184 ὑπάγειν,
528 3117 620 3168 ἐὰν
648 3117 745 3184 ἐμὲ
776 3116 998 3185 ζητῆτε,
1042 3134 1060 3167 ι
1104 3117 1259 3180 μόνος
1315 3115 1583 3185 παρεδόθη
1627 3113 1804 3183 οἰκείᾳ

234 3206 491 3276 οελήσει;
527 3207 767 3269 Ἐδειξεν
816 3207 889 3270 ὡς
946 3210 1003 3260 ἐν
1058 3207 1240 3275 ταυτῷ
1298 3208 1389 3259 καὶ
1433 3207 1530 3273 τὴν
1579 3206 1805 3275 δύναμιν

236 3297 429 3358 αὑτοῦ,
465 3300 558 3350 καὶ
578 3299 677 3368 τὴν
708 3298 944 3369 θέλησιν.
978 3299 1074 3351 Διά
1125 3317 1203 3351 τοι
1241 3300 1396 3351 τοῦτο
1426 3298 1519 3351 καὶ
1557 3299 1585 3350 6
1645 3298 1807 3350 Δασιὸ

234 3382 383 3452 εἶπε,
425 3407 441 3438 ι
470 3388 801 3459 Παρεδόθην,
828 3390 921 3441 καὶ
943 3389 1041 3441 οὑκ
1072 3389 1499 3459 ὲξεπορευόμην.
1533 3406 1551 3439 ο
1601 3388 1806 3457 ἸΙγουν

234 3479 496 3542 δυνάμεις
539 3480 676 3550 ἔχων
703 3485 729 3533 ὁ
753 3482 1000 3549 Χριστὸς,
1030 3482 1117 3534 ἵνα
1142 3483 1216 3550 μὴ
1264 3481 1560 3550 παραδοθῇ,
1594 3479 1805 3532 ἐθελον-

236 3570 337 3638 τὴς
354 3570 648 3640 παρεδόθη.
669 3570 980 3639 Ἀπήγαγον
1007 3572 1184 3622 τοίνυν
1200 3570 1292 3622 τὸν
1323 3570 1555 3639 Χριστὸν
1578 3571 1656 3630 είς
1682 3569 1808 3631 τοὺς

237 3663 537 3730 ἀρχιερεῖς.
573 3662 637 3713 υἱ
692 3662 745 3713 δὲ
810 3663 1049 3729 μαθηταὶ
1113 3661 1439 3731 φοϐηθέντες
1476 3660 1695 3727 ἔφυγον.
1746 3663 1809 3712 Ut

238 3751 374 3819 γοῦν
402 3752 675 3820 ἀρχιερεῖς
705 3751 1107 3819 παραλαϐόντες
1137 3751 1225 3802 τὸν
1256 3751 1462 3816 Ἰησοῦν
1513 3750 1807 3819 ἐχάρησαν⁹

238 3845 335 3896 καὶ
397 3843 895 3912 προσκαλεσάμενοι
949 3841 1042 3894 δύο
1105 3841 1559 3911 ψευδομάρτυρας
1627 3841 1814 3909 ἔλεγον

242 3934 365 3987 κατ’
397 3934 561 3986 αὑτοῦ
587 3935 685 3985 ὅσα
706 3934 989 3986 ἐϐούλοντο
1017 3932 1246 4001 ψευδῶς.
1296 3934 1353 3985 Ὀ
1388 3934 1563 3985 τοίνυν
1605 3933 1815 4003 Ἰησοῦς

238 4026 478 4080 ἐσιώπα.
518 4026 677 4091 Λέγει
726 4025 853 4090 γοῦν
909 4024 1057 4095 αὑτῷ
1085 4028 1111 4077 6
1142 4025 1451 4095 ἀρχιερεὺς,
1482 4044 1499 4076 ι
1522 4023 1814 4094 Ἐξορκίζω

243 4135 306 4169 σε
350 4116 489 4168 κατὰ
518 4118 611 4168 τοῦ
640 4116 795 4177 Θεοῦ,
850 4116 935 4167 ἵνα
966 4117 1095 4184 ἡμῖν
1127 4117 1306 4185 εἴπῃς,
1338 4118 1385 4168 εί
1442 4118 1504 4168 σὺ
1547 4112 1597 4169 εἷ
1624 4118 1650 4169 6
1689 4116 1815 4178 Υἱὸς

239 4208 338 4259 τοῦ
367 4208 690 4277 Εὑλογητοῦ,
732 4209 778 4257 εί
806 4208 867 4259 σὺ
895 4202 943 4258 εί
975 4209 1001 4259 6
1034 4208 1262 4275 Χριστὸς
1296 4211 1323 4260 ὁ
1359 4208 1481 4270 Υίὸς
1541 4208 1632 4261 τοῦ
1680 4206 1814 4262 Θεοῦ

240 4298 339 4350 τοῦ
404 4300 621 4361 ζῶντος.
658 4316 675 4349 ι
716 4298 879 4365 Λέγει
912 4298 1057 4368 αὑτῷ
1083 4301 1110 4351 6
1180 4300 1406 4369 Ἰησοῦς,
1447 4318 1464 4352 t
1504 4299 1644 4366 Ἐγώ
1676 4300 1810 4370 είμι.

246 4390 397 4459 Πλὴν
418 4389 563 4455 λέγω
579 4389 727 4457 ὑμῖν,
754 4391 956 4459 ἀπάρτι
1004 4389 1196 4458 ὄψεσθε
1218 4390 1306 4443 τὸν
1335 4391 1459 4443 Υίὸν
1485 4390 1576 4443 τοῦ
1610 4390 1818 4460 ἀνθρώ-

1903 1936 2118 2005 quidem
2163 1938 2326 1991 unicu
2359 1937 2529 1991 verbo
2563 1937 2822 2006 prostrati
2879 1937 3221 2003 ceciderint;
3273 1938 3473 1992 deinde

1902 2042 2035 2081 vero
2068 2041 2190 2079 cum
2223 2026 2433 2082 diceret
2463 2027 2592 2089 illis,
2639 2046 2657 2079 ι
2698 2027 2873 2083 Sinite
2908 2029 3007 2083 hos
3060 2028 3233 2091 abire,
3286 2029 3330 2083 si
3387 2044 3473 2082 me

1905 2120 2203 2186 quaeritis,»
2246 2120 2399 2174 solus
2422 2121 2641 2188 propria
2668 2136 2764 2175 sua
2790 2122 3073 2174 voluntate
3097 2120 3475 2174 consentiente

1905 2206 1990 2260 his
2020 2208 2252 2263 traditus
2283 2210 2389 2263 sit?
2437 2208 2847 2266 Demonstravit
2895 2210 3077 2278 itaque
3120 2209 3172 2262 in
3205 2224 3263 2263 sc
3297 2218 3353 2262 et
3381 2224 3475 2277 po-

1906 2299 2129 2353 tentiam
2161 2315 2337 2364 suam,
2373 2309 2427 2353 et
2455 2300 2819 2354 voluntatem.
2847 2300 3194 2367 Quapropter
3224 2307 3279 2351 et
3302 2298 3473 2351 David

1905 2389 2060 2452 dixit,
2119 2386 2408 2443 «Traditus
2438 2404 2559 2443 sum
2584 2430 2597 2452 ,
2632 2396 2684 2442 et
2720 2402 2826 2440 non
2854 2387 3187 2441 declinavi.»
3232 2386 3288 2441 Si
3327 2387 3475 2440 enim

1904 2481 2156 2536 Christus
2190 2497 2314 2535 cum
2363 2480 2601 2534 evadere
2632 2487 2820 2549 posset
2877 2478 3110 2533 traditus
3146 2487 3251 2541 est,
3286 2478 3477 2533 volens

1906 2574 2146 2642 scipsum
2187 2573 2428 2629 tradidit.
2484 2574 2847 2628 Abduxerunt
2895 2574 3074 2641 itaque
3101 2571 3381 2626 Christum
3408 2572 3475 2624 ad

1906 2663 2211 2731 pontiﬁces.
2245 2662 2505 2732 Discipuli
2568 2671 2749 2715 autem
2779 2661 2975 2714 timore
3004 2661 3242 2728 correpti
3316 2658 3471 2728 fuge-

1909 2763 2056 2806 runt.
2094 2752 2456 2808 Sacerdotum
2492 2761 2675 2806 autem
2720 2752 3000 2822 principes
3028 2760 3256 2820 prOptcr
3287 2750 3476 2806 Jesum

1907 2845 2366 2912 comprehensum
2400 2845 2567 2915 gavisi
2598 2852 2766 2907 sunt;
2822 2852 2877 2897 et
2934 2842 3229 2905 advocatis
3262 2842 3479 2897 duobus

1908 2933 2056 2988 falsis
2082 2935 2307 2988 testibus
2335 2945 2530 2988 contra
2567 2934 2724 2986 illum
2750 2971 2763 2995 ,
2796 2946 3140 3002 quaecunque
3167 2932 3370 2985 libebat
3392 2932 3480 2984 di-

1909 3026 2105 3079 cebant
2133 3024 2439 3078 mendacia.
2471 3025 2632 3079 Jesus
2673 3039 2805 3078 vero
2856 3024 3094 3077 tacebat.
3144 3022 3281 3076 Dicit
3314 3023 3479 3094 igitur

1912 3115 1989 3168 illi
2025 3130 2271 3169 summus
2318 3115 2576 3168 sacerdos
2611 3131 2625 3167 :
2665 3133 2681 3164 ι
2724 3113 2931 3183 Adjuro
2989 3123 3042 3167 te
3089 3128 3186 3181 per
3219 3112 3387 3167 Deum
3420 3124 3482 3169 ut

1832 3172 1874 3229 Ο
1912 3207 2062 3262 dicas
2095 3206 2273 3268 nobis,
2327 3220 2455 3257 num
2487 3214 2543 3257 tu
2573 3206 2649 3258 sis
2698 3203 2844 3258 (ilius
2887 3203 3194 3263 Benedicti,
3230 3203 3314 3257 vel
3344 3219 3476 3258 num

1910 3309 1965 3353 tu
1998 3299 2071 3352 sis
2091 3296 2343 3352 Christus
2369 3296 2539 3350 Filius
2578 3295 2670 3350 Dei
2712 3296 2969 3349 viventis.
3015 3293 3152 3348 Dicit
3187 3295 3261 3349 illi
3297 3295 3480 3357 Jesus,
3574 3304 3575 3307 ‘

1909 3387 2019 3457 Ego
2073 3403 2213 3442 sum.
2273 3386 2663 3441 Verumtamen
2719 3386 2845 3439 diCO
2906 3386 3079 3448 vobis,
3129 3401 3159 3439 a
3194 3401 3343 3440 nunc
3402 3386 3483 3439 vi-

1910 3478 2110 3534 debitis
2127 3478 2325 3531 Filium
2357 3475 2600 3531 hominis
2626 3475 2906 3531 sedentem
2923 3492 2952 3529 a
2978 3475 3184 3529 dextris
3202 3476 3481 3545 potentia,

1909 3578 1966 3623 et
1996 3567 2311 3622 venientem
2377 3566 2431 3619 in
2494 3567 2740 3620 nubibus
2791 3567 2971 3620 caeli.»
3038 3567 3194 3621 Tunc
3230 3566 3485 3637 princeps

1911 3659 2262 3715 sacerdotum
2294 3657 2460 3711 scidit
2487 3658 2816 3711 vestimenta
2854 3672 2973 3721 sua,
2999 3657 3191 3713 dicens
3221 3675 3233 3711 :
3276 3677 3291 3707 ι
3337 3658 3483 3713 Blas-

1912 3751 2205 3820 phcmavit,
2267 3750 2398 3819 quid
2458 3749 2601 3802 ultra
2659 3749 2969 3818 indigemus
3004 3750 3281 3804 testibus?
3345 3753 3484 3807 Ecce

1912 3855 2010 3893 vos
2046 3839 2148 3907 ipsi
2184 3838 2473 3892 audivistis
2513 3837 2905 3907 blasphemiam
2938 3838 3131 3908 ipsius.
3168 3840 3310 3906 Quid
3335 3842 3488 3897 vobis

1913 3931 2166 3985 videtur?
2238 3934 2306 3983 At
2355 3930 2434 3983 illi
2471 3929 2727 3984 dixerunt
2780 3948 2793 3984 :
2864 3932 3011 3985 Reus
3068 3934 3260 3987 mortis
3311 3943 3415 3987 est.
3462 3954 3480 3985 ι

1914 4022 2145 4088 Quidam
2177 4020 2342 4088 igitur
2368 4022 2668 4075 astantium
2711 4021 2861 4075 dedit
2888 4023 2963 4076 illi
2997 4024 3232 4092 alapam.
3260 4024 3327 4077 Et
3358 4040 3485 4079 cum

1918 4112 2221 4166 illusissent
2252 4111 2353 4178 illi,
2413 4112 2766 4166 abduxerunt
2799 4113 2973 4175 illmn,
3026 4123 3084 4168 et
3140 4114 3489 4171 tradiderunt

1917 4203 2111 4258 Pilato.
2145 4202 2312 4257 Judas
2346 4218 2478 4258 vero
2519 4204 2713 4258 abiens
2762 4205 2895 4258 dicit
2928 4205 3274 4275 principibus
3306 4222 3489 4262 sacer—

1916 4293 2104 4348 dotum
2134 4313 2147 4349 :
2186 4314 2204 4346 ι
2241 4294 2489 4360 Peccavi,
2524 4296 2760 4363 prodens
2781 4298 3100 4366 sanguinem
3130 4300 3409 4352 innoxium
3433 4317 3480 4365 ;n

1918 4397 1973 4442 et
2001 4386 2275 4456 argenteis
2306 4387 2360 4448 in
2395 4386 2660 4453 templum
2708 4387 2989 4455 proiectis,
3025 4387 3197 4454 abiit,
3254 4397 3312 4442 et
3366 4403 3490 4444 sus-

244 4496 350 4530 πον
374 4478 678 4548 καθήμενον
695 4480 755 4531 ἐκ
776 4480 964 4541 δεξιῶν
982 4481 1075 4549 τῆς
1093 4480 1392 4549 δυνάμεως,
1416 4484 1508 4533 καὶ
1524 4481 1803 4551 ἐρχόμενοι

1920 4477 2107 4547 pendit
2135 4492 2215 4530 se.
2246 4476 2542 4531 Pontilices
2577 4491 2710 4531 vero
2741 4478 2991 4545 pecuniis
3049 4479 3293 4547 acceptis
3329 4479 3486 4533 dixe-

243 4569 475 4619 ἐπὶτῶν
505 4568 742 4636 νεφελῶν
776 4568 867 4620 τοῦ
902 4569 1154 4639 οὐρανοῦ.
1200 4588 1218 4621 ι
1273 4571 1408 4623 Τότε
1457 4572 1484 4624 ὁ
1524 4572 1814 4640 ἀρχιερεὺς

244 4658 500 4727 διέρρηξε
522 4658 593 4708 τὰ
621 4659 806 4727 ίμάτια
823 4660 987 4711 αὑτοῦ
1012 4660 1201 4727 λέγων,
1223 4662 1302 4712 ὅτι
1325 4679 1342 4712 ι
1368 4661 1811 4730 ⁹Ε6λασφήμησε’

246 4751 301 4802 τί
337 4750 418 4801 ἐτι
480 4750 670 4819 χρείαν
726 4750 922 4819 ἔχομεν
979 4754 1311 4821 μαρτύρων;
1378 4754 1453 4806 ίδε
1507 4753 1600 4807 νῦν
1659 4739 1816 4823 ὑμεῖς

244 4841 520 4910 ἠκούσατε
549 4842 646 4909 τὴν
668 4842 1017 4912 βλασφημίαν
1048 4843 1235 4898 αὑτοῦ.
1256 4844 1319 4896 Τί
1348 4845 1474 4914 ὑμῖν
1498 4846 1643 4899 δοκεῖ
1666 4864 1679 4911 ;
1709 4865 1726 4894 ι
1753 4847 1815 4898 Oi

244 4932 303 4985 δὲ
328 4927 503 4995 εἶπον,
539 4949 557 4982 t
591 4931 813 5000 Ἔνοχος
859 4933 1086 4985 θανάτου
1143 4934 1310 4989 ἐστίν.
1346 4953 1363 4986 ι
1438 4936 1643 4988 Ἔδωκε
1685 4935 1816 5004 γοῦν

246 5020 399 5088 αὑτῴ
426 5012 504 5080 εἷς
536 5019 645 5071 τῶν
697 5021 1118 5090 παρεστηκότων
1153 5024 1425 5091 ῥάπισμα.
1458 5024 1565 5075 Καὶ
1613 5026 1817 5093 ἐμπαί-

250 5107 443 5170 Enna;
488 5105 657 5175 αὐτῷ,
699 5107 985 5176 ἀπήγαγον
1041 5111 1135 5162 καὶ
1180 5110 1498 5178 παρέδωκαν
1529 5111 1691 5163 αὑτὸν
1738 5111 1818 5180 τῷ

247 5198 489 5265 Ιίιλατῳ.
506 5196 566 5250 Ὀ
579 5197 635 5249 δὲ
652 5196 847 5259 Ἰούδας
865 5196 1135 5261 ἀπελθὼν,
1155 5197 1301 5265 λέγει
1322 5200 1429 5261 τοῖς
1449 5198 1816 5269 ἀρχιερεῦσιν,

256 5286 600 5355 «Ἥμαρτον,
638 5286 910 5356 παραδοὺς
944 5282 1081 5356 αἷμα
1110 5289 1303 5342 ἀθῶον.
1340 5306 1360 5339 ι
1407 5289 1516 5340 Καὶ
1551 5290 1712 5359 ῥίψας
1758 5292 1825 5342 τὰ

258 5380 506 5451 ἀργύρια
536 5383 594 5432 ἐν
624 5380 701 5451 τῷ
725 5380 858 5452 ναῷ,
882 5381 1141 5444 ,ἀπελθὼν
1174 5383 1474 5451 ἀπήγξατο.
1531 5383 1594 5435 Οἱ
1624 5383 1679 5434 δὲ
1724 5382 1823 5452 ἁρ-

242 5470 453 5546 χιερεῖς
484 5474 735 5535 λαϐόντες
768 5476 834 5528 τὰ
883 5474 1141 5547 ἀργύρια,
1189 5469 1362 5539 εἷπον,
1415 5492 1432 5525 ι
1468 5475 1582 5526 Οὐκ
1614 5473 1821 5536 ἔξεστιν

242 5572 379 5637 ἡμῖν
406 5566 591 5637 βαλεῖν
616 5566 755 5619 αὐτὰ
775 5568 853 5629 είς
877 5567 967 5619 τὸν
990 5566 1279 5635 κορϐανᾶν,
1315 5567 1436 5619 ἐπεὶ
1466 5566 1598 5635 τιμὴ
1649 5567 1818 5634 αἵμα-

316 5752 365 5782 ’¹³
400 5748 599 5804 Matth.
633 5766 773 5815 τινι,
816 5748 895 5801 l5.

1916 4576 2066 4632 runt,
2106 4568 2253 4622 cNon
2280 4567 2405 4622 licet
2431 4583 2551 4622 eam
2577 4582 2779 4637 ponere
2807 4570 2864 4621 in
2886 4570 3203 4635 corbonam,
3228 4571 3485 4639 quoniam

1914 4659 2148 4728 pretium
2178 4658 2457 4727 sanguinis
2486 4668 2592 4711 est.
2612 4676 2629 4708 ι
2676 4659 2937 4713 Emerunt
2966 4660 3133 4730 igitur
3162 4662 3262 4715 hac
3295 4677 3487 4732 agrum

1916 4748 2087 4819 ﬁguli.
2117 4750 2171 4801 in
2201 4748 2540 4817 sepulturam
2576 4750 3022 4818 peregrinorum.
3070 4752 3274 4807 Milites
3304 4763 3489 4808 autem

1916 4841 2165 4911 praesidis
2216 4848 2499 4908 acceptum
2530 4840 2720 4894 Jesum
2751 4852 3026 4896 exuerunt
3087 4846 3331 4899 vestibus
3353 4846 3488 4911 suis,

1923 4943 1979 4985 et
2016 4932 2315 4985 induerunt
2351 4929 2502 4984 illum
2526 4930 2814 5000 chlamyde
2851 4932 3140 5000 probrosa,
3165 4944 3221 4989 et
3246 4935 3489 4989 abduxe-

1928 5030 2213 5074 runtcmn
2279 5020 2345 5074 ad
2384 5036 2564 5089 regem
2600 5020 2891 5077 Herodem.
2950 5023 3018 5077 Et
3079 5039 3203 5079 cum
3267 5025 3493 5079 vidisset
3556 5052 3557 5055 η

1927 5112 2079 5165 illum
2107 5110 2372 5176 Herodes,
2409 5111 2622 5165 remisit
2648 5112 2797 5165 illum
2821 5113 3013 5167 Pilato.
3046 5114 3143 5168 llic
3167 5129 3297 5168 vero
3319 5115 3492 5169 inter-

1927 5201 2138 5269 rogavit
2169 5215 2267 5254 eos
2307 5201 2520 5266 dicens,
2561 5201 2729 5266 «Quid
2755 5202 2935 5257 dicitis
2961 5203 3026 5257 de
3062 5203 3289 5258 bumine
3320 5204 3484 5258 isto?»

1931 5292 1999 5345 At
2024 5290 2103 5344 illi
2133 5290 2433 5344 dixerunt:
2477 5308 2495 5342 ι
2535 5291 2804 5361 Crucitige
2835 5293 3022 5347 illum.
3064 5312 3083 5345 ι
3125 5294 3332 5348 Pilatus
3365 5309 3492 5349 vero

1933 5381 2109 5450 inquit
2138 5398 2151 5434 :
2195 5400 2213 5434 ι
2248 5381 2317 5436 Ει
2347 5382 2612 5452 quidnam
2643 5385 2768 5437 mali
2795 5384 2965 5438 fecit?
2994 5404 3012 5436 ι
3053 5385 3123 5440 At
3148 5385 3225 5439 illi
3251 5386 3444 5440 dicunt
3475 5402 3490 5438 :

1936 5493 1955 5527 ι
1989 5474 2316 5544 Obloquitur
2338 5473 2561 5540 Caesari,
2592 5484 2648 5529 et
2672 5476 2914 5545 seipsum
2942 5476 3076 5531 dicit
3105 5477 3200 5531 Dei
3232 5476 3486 5530 Filium.»

1930 5566 1998 5620 Et
2032 5565 2113 5621 sic
2148 5565 2548 5621 conturbabant
2574 5566 2832 5624 Pilatum.
2889 5568 2987 5624 llic
3035 5583 3165 5624 vero
3223 5567 3489 5623 voluntati
