4204 6444
245 401 356 462 669

1199 405 1497 467 CONTRA
1536 409 2018 470 MAHOMETEM
2058 410 2434 470 APOLOGIA
2479 413 2554 471 ΙΙ.

3366 402 3476 466 4Ἷο

244 519 609 589 κοιμωμένων
632 516 790 590 ἦλθον
820 524 866 575 οἱ
893 523 1135 594 μαθηταὶ
1186 526 1373 590 αὑτοῦ,
1426 528 1518 581 καὶ
1578 528 1810 596 ἔκλεψαν
1841 535 1885 591 Α

1809 548 1810 561 π
1841 535 1885 591 Α
1919 531 2165 585 infirmos
2190 545 2384 583 manus
2407 537 2633 597 ponent,
2666 538 2722 584 et
2744 537 3106 582 sanaountur.
3145 525 3252 580 Vos
3287 533 3469 578 autem

243 610 431 663 αὐτόν.
471 611 693 663 Καὶὲὰν
728 613 966 682 ἀκουσθῇ
1026 615 1179 668 τοῦτο
1227 617 1318 667 ἐπὶ
1372 617 1465 669 τοῦ
1525 620 1809 688 ἡγεμόνος,

246 704 411 769 ἡμεῖς
502 702 763 772 πείσομεν
850 706 1031 769 αὑτὸν,
1096 707 1190 758 καὶ
1255 708 1399 776 ὑμᾶς
1477 710 1811 778 ἀμερίμνους

245 795 569 862 ποιήσομεν.
611 814 628 845 ο
686 798 745 848 Oi
776 796 829 848 δὲ
891 797 1145 860 λαδόντες
1190 800 1259 850 τὰ
1310 798 1569 869 ἀργύρια,
1629 801 1813 870 ἐποίη-

246 902 351 937 σαν
384 885 457 945 ὡς
494 886 876 955 ἐδιδάχθησαν.
927 888 985 940 '0
1028 889 1083 941 δὲ
1132 889 1339 958 Ἰησοῦς
1401 891 1653 944 ἀπελθὼν
1686 885 1812 961 εὗρε

249 977 383 1038 τοὺς
424 977 669 1045 μαθητὰς
721 978 902 1039 αὑτοῦ,
949 979 1044 1031 καὶ
1079 976 1232 1033 εἶπεν
1290 982 1507 1044 αὐτοῖς,
1558 999 1577 1033 ι
1610 983 1812 1053 Εἰρήνη

249 1068 402 1133 ὑμῖν.
436 1086 453 1118 ι
500 1069 559 1119 Ui
588 1068 641 1119 δὲ
677 1069 878 1132 ἰδόντες
910 1070 1093 1135 αὑτὸν,
1121 1072 1419 1141 ἐχάρησαν.
1449 1073 1555 1125 Kal
1584 1075 1816 1144 ποιήσας

253 1145 377 1221 εἶπ’
413 1158 590 1209 αὐτᾶν
625 1158 836 1227 ἡμέρας
866 1161 1296 1228 τεσσαράκοντα,
1332 1162 1425 1214 καὶ
1457 1162 1676 1226 διδάξας
1723 1164 1817 1216 καὶ

250 1245 517 1313 στηρίξας
563 1247 780 1310 αὐτοὺς,
836 1251 901 1317 τῇ
953 1254 1365 1321 τεσσαρακοστῇ
1419 1252 1601 1322 ήμέρα
1670 1253 1816 1321 λέγει

249 1334 389 1399 πρὸς
426 1335 621 1395 αὐτοὺς
642 1375 656 1399 ,
701 1353 717 1384 ι
765 1336 1119 1399 Ἀπελθόντες
1142 1340 1219 1401 είς
1239 1339 1327 1391 τὸν
1352 1340 1557 1410 κόσμον
1578 1342 1815 1409 ἅπαντα,

249 1424 528 1490 κηρύξατε
570 1427 749 1479 πάντα
779 1428 844 1479 τὰ
882 1427 1028 1493 ἔθνη.
1077 1428 1134 1480 Ὀ
1170 1430 1467 1492 πιστεύσας
1498 1432 1591 1483 xal
1628 1431 1821 1501 βαπτι-

253 1514 406 1575 σθεὶς
447 1516 776 1584 σωθήσεται,
828 1518 856 1568 6
886 1518 941 1569 δὲ
992 1521 1299 1588 ἀπιστήσας
1336 1521 1817 1590 κατακριθήσεται.

251 1607 467 1672 Σημεῖα
492 1607 546 1659 δέ
576 1610 687 1669 τοῖς
720 1609 1045 1684 πιστεύσασι
1090 1610 1260 1662 ταῦτα
1307 1611 1815 1680 παρακολουθήσει·

262 1695 354 1747 Ἐν
394 1697 468 1764 τῷ
501 1699 721 1767 ὀνόματί
757 1717 855 1769 μου
890 1701 1140 1770 δαιμόνια
1195 1702 1500 1769 ἐκϐαλοῦσι,
1554 1702 1822 1771 γλώσσαις

248 1788 552 1857 ὶαλήσουσι
604 1798 836 1856 καιναῖς,
912 1794 1062 1863 ὄφεις
1118 1795 1330 1864 ὀροῦσι,
1381 1796 1482 1848 κᾶν
1522 1794 1819 1863 θανάσιμόν

249 1896 303 1930 τι
371 1882 588 1939 πίωσιν.
635 1886 695 1936 ού
750 1886 824 1953 μὴ
874 1887 1066 1947 αὐτοὺς
1125 1886 1317 1956 βλάψῃ,
1375 1888 1467 1939 ἐπὶ
1510 1886 1824 1955 ἀρῤὡστους

1916 620 2102 674 sedete
2138 620 2548 690 Hierosolymis,
2580 619 2756 673 donec
2805 620 3005 672 virtute
3036 631 3102 669 ex
3134 616 3243 669 alto
3278 613 3473 668 indua-

1915 710 2067 763 mini.
2106 729 2122 761 ι
2159 711 2225 764 Et
2258 709 2536 764 benedixit
2566 709 2692 775 illis,
2743 708 2996 776 interque
3024 704 3473 761 benedicendum

1914 803 2140 854 secessit
2170 802 2236 855 ab
2261 802 2388 863 illis.
2422 809 2476 855 et
2500 800 2746 855 sublatus
2777 808 2861 853 est
2895 800 2947 852 in
2977 798 3145 853 cmlos
3167 835 3181 861 ,
3242 806 3294 848 et
3324 794 3477 848 sedet

1914 891 1979 944 ad
2009 890 2255 945 dextram
2279 892 2396 945 Dei.
2428 890 2676 959 Apostoli
2712 897 2895 942 autem
2927 886 3135 941 reversi
3190 894 3321 938 sunt
3351 883 3480 937 Ilie-

1916 981 2242 1051 rosolymam
2273 996 2394 1035 cum
2427 981 2625 1050 gaudio
2656 995 2872 1048 magno,
2904 988 3284 1044 exspectantes
3304 975 3477 1029 virtu-

1916 1079 2025 1126 tem
2049 1087 2112 1126 cx
2146 1072 2257 1124 alto
2282 1070 2624 1139 promissam.
2659 1069 2789 1135 Quis
2807 1078 2989 1123 autem
3010 1067 3205 1119 horum
3231 1065 3475 1118 omnium

1916 1161 2154 1215 sensus?
2218 1160 2376 1225 Quod
2430 1161 2474 1214 si
2509 1160 2722 1228 singula
2771 1157 3071 1213 secundum
3104 1170 3321 1210 omnem
3352 1154 3474 1206 dili-

1918 1251 2151 1321 gentiam
2181 1251 2456 1306 discutere
2486 1252 2770 1314 vellemus,
2824 1251 3116 1315 omniaque
3169 1261 3288 1315 qum
3334 1243 3477 1297 facta

1917 1348 2045 1395 sunt
2076 1340 2413 1405 describere,
2450 1341 2621 1395 multo
2646 1355 2777 1395 sane
2803 1353 2943 1409 opus
2976 1338 3310 1391 haberemus
3341 1334 3475 1386 ctio.

1917 1431 2189 1497 Quoniam
2219 1440 2401 1486 autem
2427 1434 2573 1486 varia
2606 1420 2691 1486 est
2708 1431 2905 1485 horum
2936 1429 3096 1494 ratio,
3123 1434 3177 1481 et
3200 1424 3477 1493 explicatu

1920 1524 2155 1578 diﬂicilis
2212 1532 2437 1593 propter
2488 1534 2727 1579 vestram
2793 1523 3193 1592 ignorantiam,
3248 1516 3482 1587 agedum

1921 1615 2065 1683 quod
2099 1614 2369 1684 reliquum
2426 1625 2510 1669 est
2554 1614 2897 1670 brevissimis
2950 1614 3154 1673 verbis,
3213 1617 3481 1678 quantum

1925 1705 2038 1759 ﬁeri
2074 1714 2281 1774 potest,
2312 1706 2683 1760 absolvemus.
2738 1703 3099 1773 inspiciamus
3138 1702 3317 1767 itaque
3349 1713 3479 1766 pro-

1924 1797 2157 1866 phetias,
2195 1812 2315 1866 quae
2344 1797 2412 1853 de
2431 1797 2633 1853 Christi
2663 1797 2913 1865 passione
2940 1793 3347 1864 copiosissima},
3378 1804 3483 1845 ceu

1929 1896 2144 1941 torrens
2169 1888 2326 1955 aquis
2355 1896 2547 1942 auctus
2583 1889 2873 1951 nivalibus,
2906 1887 3197 1941 habentur.

248 1975 444 2041 χῖῖρας
512 1977 851 2046 ἐπιθήσουσι,
881 1980 974 2030 καὶ
1041 1978 1217 2039 καλῶς
1282 1978 1510 2041 ἕξουσιν.
1583 1979 1768 2046 Ὑμεῖς
1808 1978 1864 2031 δὲ
1914 1978 2171 2033 καθίσατε
2201 1980 2256 2032 ἐν
2285 1980 2349 2049 τῇ
2404 1980 2555 2031 πόλει
2609 1978 2984 2047 Ἰερουσαλὴμ,
3045 1977 3145 2039 ἕως
3218 1971 3277 2027 οὗ
3336 1971 3487 2025 ἐνδύ-

249 2070 421 2136 σησθε
481 2070 708 2138 δύναμιν
764 2071 822 2136 ἐξ
895 2072 1082 2141 ὕψους.
1143 2091 1159 2123 ι
1231 2072 1333 2125 Καὶ
1392 2073 1682 2139 εὐλόγησεν
1719 2073 1933 2135 αὐτοὺς,
1977 2073 2070 2125 καὶ
2102 2071 2264 2141 ἐντῷ
2302 2070 2540 2139 εὐλογεῖν
2611 2070 2828 2134 αὐτοὺς,
2881 2070 3065 2135 διέστη
3128 2066 3221 2120 ἀπ’
3286 2064 3484 2128 αὐτῶν,

248 2166 346 2215 καὶ
378 2167 679 2234 ϋνεφέρετο
740 2168 820 2230 είς
859 2169 983 2227 τοὺς
1024 2167 1302 2237 οὐρανοὺς,
1341 2166 1435 2219 καὶ
1488 2166 1737 2221 ἐκάθισεν
1776 2169 1839 2220 ἐκ
1872 2166 2060 2233 δεξιῶν
2117 2164 2208 2219 τοῦ
2254 2163 2410 2218 Θεοῦ.
2452 2164 2513 2217 Oi
2553 2163 2609 2216 δὲ
2657 2162 2943 2215 ἀπόστολοι
3012 2158 3355 2228 ὑπέστρεψαν
3406 2158 3486 2220 εἰς

260 2255 619 2327 Ἰερουσαλὴμ
679 2260 813 2328 μετά
860 2261 1031 2329 χαρᾶς
1106 2261 1364 2329 μεγάλης,
1406 2260 1745 2329 ἐκδεχόμενοι
1772 2258 1867 2329 τὴν
1899 2258 1955 2324 ἐξ
1986 2257 2151 2327 ὕψους
2182 2257 2431 2325 δύναμιν.
2500 2255 2652 2308 Τίδέ
2697 2255 2826 2323 περὶ
2878 2253 2984 2305 τῶν
3031 2253 3365 2320 γεγονότων;
3426 2251 3487 2301 El

257 2356 358 2420 μὶν
394 2355 531 2406 κατὰ
579 2357 758 2407 πᾶσαν
817 2355 1098 2423 ἀκρίϐειαν
1126 2351 1511 2425 πειραθεέημεν
1567 2354 1882 2417 σπουδάσαι,
1930 2356 2111 2423 γραφῇ
2158 2351 2340 2405 δοῦναι
2378 2352 2554 2406 πάντα
2620 2351 2687 2403 τὰ
2724 2349 3004 2418 γεγονότα,
3034 2348 3229 2417 πολλῆς
3269 2346 3335 2400 ἂν
3368 2363 3488 2413 σχο-

251 2444 351 2509 λῆς
388 2442 706 2513 δεηθείημεν
731 2461 742 2472 ·
774 2445 895 2497 ἐπεὶ
944 2443 998 2494 δὲ
1033 2441 1195 2505 πολύς
1232 2444 1379 2495 ἐστιν
1409 2445 1435 2495 6
1458 2445 1585 2511 περὶ
1629 2442 1828 2495 τούτων
1862 2441 2037 2509 λόγος,
2069 2442 2160 2493 καὶ
2216 2442 2647 2512 δυσερμήνευτος
2676 2438 2766 2492 διὰ
2824 2439 2922 2508 τὴν
2988 2438 3262 2505 ἀγνωσίαν
3311 2436 3486 2505 ὑμῶν,

253 2534 390 2602 φέρε
420 2533 482 2602 δὴ
510 2533 690 2586 λοιπὸν
721 2534 987 2602 εἴπωμεν,
1041 2535 1114 2595 ὡς
1149 2536 1204 2586 ὲν
1246 2535 1465 2605 βραχέσι
1507 2536 1681 2605 λόγοις
1734 2534 1794 2587 τὸ
1833 2536 1969 2589 κατά
2003 2534 2248 2604 δύναμιν.
2306 2535 2531 2602 Εἵδομεν
2583 2532 2914 2603 προφητείας
2939 2532 3028 2584 ἐπὶ
3048 2532 3108 2584 τδ
3157 2531 3326 2594 πάθος
3394 2530 3489 2583 τοῦ

254 2625 523 2695 Χριστοῦ,
551 2625 735 2696 ὥσπερ
763 2628 986 2698 νιφάδας
1018 2628 1228 2693 ὓδατος.

335 2724 409 2786 ς’·
438 2723 784 2793 Συνήχοησαν
836 2725 884 2776 οἱ
934 2726 1225 2795 ἀρχιερεῖς,
1272 2728 1319 2778 οἱ
1369 2729 1735 2795 γραμματεῖς,
1777 2730 1823 2780 οἱ

254 2818 563 2884 Φαρισαῖοι,
617 2816 751 2867 ἀλλά
788 2815 850 2884 δὴ
882 2818 976 2869 καὶ
1038 2817 1280 2887 Ἡρώδης
1335 2819 1362 2868 6
1409 2817 1681 2886 βασιλεὺς,
1733 2820 1824 2871 καὶ

260 2908 485 2969 Πόντιος
544 2907 770 2969 Πιλᾶτος
823 2907 961 2960 κατά
994 2907 1086 2961 τοῦ
1117 2908 1376 2978 Χριστοῦ.
1436 2909 1542 2961 Καὶ
1595 2910 1740 2977 λέγει
1797 2913 1823 2962 6

255 3002 442 3065 Δλδιδ,
474 3020 491 3051 ι
515 3002 628 3053 Ἵνα
649 3002 698 3054 τί
718 3001 990 3071 ἐφρύαξαν
1022 3002 1169 3071 ἔθνη,
1199 3004 1293 3055 καὶ
1333 3004 1450 3057 λαοὶ
1486 3003 1822 3071 ἐμελέτησαν

260 3092 428 3153 asta;
489 3093 844 3161 Ῐιαρέστησαν
874 3096 921 3145 οἱ
956 3082 1192 3161 βασιλεῖς
1218 3093 1316 3162 τῆς
1349 3092 1471 3161 γῆς,
1506 3092 1600 3145 καὶ
1637 3095 1685 3145 οἱ
1720 3093 1821 3161 ἄρ-

256 3198 451 3250 χοντες
477 3184 815 3253 συνήχθησαν
873 3185 962 3238 ἐπὶ
994 3184 1053 3236 τὸ
1103 3184 1251 3248 αὐτὸ,
1296 3185 1433 3236 κατᾶ
1471 3182 1562 3237 τοῦ
1625 3184 1821 3254 Κυρίου

256 3276 356 3325 καὶ
389 3276 528 3327 κατὰ
559 3276 648 3327 τοῦ
672 3276 907 3344 Χριστοῦ
935 3276 1119 3329 αὑτοῦ.
1166 3292 1185 3326 ι

333 3359 398 3419 ζ’.
417 3340 735 3431 ’Παρὲδωκε-
754 3361 845 3414 τὸν
880 3363 1115 3429 Χριστὸν
1146 3364 1257 3424 τοῖς
1299 3360 1570 3425 Ἰουδαίοις
1619 3365 1697 3426 εἰς
1728 3364 1823 3419 θάα
1852 3340 1897 3399 C

257 3471 421 3506 νατον
467 3454 665 3516 Ἰούδας
691 3454 983 3523 ὁμαθητής
1014 3452 1195 3508 αὑτοῦ.
1241 3455 1347 3507 Kal
1409 3453 1569 3521 πάλιν
1618 3455 1764 3522 λέγει
1798 3458 1826 3508 6

258 3545 425 3605 αύτδς
458 3544 620 3597 Δαϐὶδ
686 3547 813 3613 περὶ
874 3543 1060 3608 αὑτοῦ,
1108 3564 1125 3597 ι
1196 3547 1258 3598 Οἱ
1297 3546 1478 3615 ἐχθροὶ
1524 3562 1623 3614 μου
1672 3542 1827 3602 εἷπον

257 3636 410 3687 κακά
442 3648 552 3702 μοι·
576 3636 712 3686 Πότε
747 3636 1115 3700 ἀποθανεῖται,
1136 3638 1224 3688 καὶ
1261 3637 1538 3691 ἀπολεῖται
1581 3638 1639 3690 τὸ
1660 3638 1828 3707 ὄνομα

260 3726 477 3792 αὐτούς
526 3727 637 3780 Καὶ
667 3727 1047 3797 εἰσεπορεύετο
1075 3726 1168 3780 τοῦ
1216 3727 1366 3788 ἰδεῖν,
1403 3728 1579 3797 μάτην
1624 3728 1825 3784 ἐλάλει.

270 3818 341 3871 Ἦ
364 3819 558 3885 καρδία
589 3818 754 3871 αὐτοῦ
795 3821 1102 3888 συνήγαγεν
1146 3819 1394 3888 ἀνομίαν.
1448 3818 1829 3889 Ἐξεπορεύετο

261 3907 395 3973 ἔξω,
449 3910 542 3960 καὶ
572 3908 749 3960 ἐλάλει
779 3908 871 3960 ἐπὶ
921 3907 981 3960 τὸ
1001 3908 1155 3963 αὑτό.
1187 3908 1297 3960 Καὶ
1328 3908 1435 3977 γὰρ
1491 3910 1517 3961 6
1546 3910 1829 3979 ἄνθρωπος

260 4002 366 4066 τῆς
393 4000 619 4068 εἰρήνης
652 4016 776 4068 μου,
829 3999 857 4051 6
881 3998 1076 4051 ἐσθίων
1117 3999 1316 4068 ἄρτους
1343 4016 1465 4068 μου,
1499 4000 1830 4067 ἐμεγάλυνεν

265 4091 483 4157 ἐπ’ἐμὲ
512 4093 859 4158 πτερνισμόν.
904 4090 1258 4159 Κατάστησον
1313 4089 1400 4141 ἐπ’
1450 4090 1611 4142 αὐτὸν
1656 4091 1835 4160 ἀμαρ-

266 4182 466 4245 τωλδν,
492 4184 583 4234 καὶ
610 4181 852 4245 διάϐολος
886 4184 1067 4251 στήτω
1089 4184 1151 4235 ἐκ
1177 4182 1367 4247 δεξιῶν
1406 4182 1595 4237 αὐτοῦ.
1652 4182 1740 4235 Ἐν
1760 4181 1834 4251 τῷ

267 4274 565 4343 κρίνεσθαι
600 4275 784 4340 αὐτὸν,
819 4274 1024 4339 ἐξέλθοι
1055 4275 1606 4344 καταδεδικασμένος,
1661 4278 1754 4329 καὶ
1800 4277 1830 4345 ἡ

267 4363 551 4433 προσευχὴ
574 4363 739 4417 αὑτοῦ
770 4365 1009 4431 γενέσθω
1048 4367 1128 4427 εἰς
1169 4366 1463 4434 ἁμαρτίαν.
1516 4366 1835 4437 Γενηθήτω-

269 4471 373 4505 σαν
396 4455 455 4506 αἱ
488 4456 693 4524 ήμέραι
720 4456 881 4509 αὐτοῦ
910 4457 1110 4524 ὀλίγαι,
1144 4460 1235 4510 καὶ
1265 4459 1361 4527 τήν
1404 4460 1706 4528 ἐπισκοπὴν
1739 4460 1837 4512 αὑ-

266 4546 366 4599 τοῦ
398 4546 553 4599 λάϐοι
586 4546 793 4618 ἔτερος.
849 4548 942 4599 Ἐν
1006 4550 1169 4617 γενεᾷ
1232 4550 1334 4618 μιᾷ
1385 4549 1728 4619 ἐξαλειφθείη
1777 4550 1838 4602 τὸ

2001 2727 2054 2781 6.
2091 2726 2412 2796 Congregati
2443 2733 2566 2780 sunt
2599 2725 2903 2796 pontiﬁces,
2937 2723 3153 2789 scribze,
3208 2722 3489 2779 Pharisaei.

1935 2830 2048 2874 tum
2084 2820 2246 2872 etiam
2286 2833 2378 2872 rex
2420 2816 2663 2872 Herodes
2697 2825 2751 2870 et
2781 2816 2986 2871 Pilatus
3013 2814 3278 2869 adversus
3330 2812 3492 2868 Chri-

1933 2918 2099 2964 stum.
2119 2907 2285 2961 David
2309 2917 2491 2962 autem
2516 2906 2685 2960 dicit:
2728 2925 2745 2958 ι
2777 2905 2954 2971 Quare
2990 2905 3331 2960 fremuerunt
3359 2919 3491 2973 gen-

1932 3006 2034 3059 tes,
2090 3007 2146 3049 et
2199 2993 2382 3063 populi
2422 2992 2667 3048 meditati
2722 3002 2852 3048 sunt
2908 2992 3134 3047 inania?
3189 2991 3490 3045 Astitcruut

1933 3100 2087 3156 reges
2136 3093 2315 3147 terrce,
2369 3094 2424 3141 et
2457 3086 2734 3155 principes
2794 3092 3172 3139 convenerunt
3210 3084 3264 3137 in
3294 3096 3484 3145 unum,

1933 3189 2123 3231 contra
2150 3176 2464 3243 Dominum,
2490 3185 2545 3231 et
2569 3184 2759 3230 contra
2781 3173 3062 3230 Christum
3100 3175 3221 3244 ejus
3238 3175 3338 3229 ⁸⁸.»

2001 3366 2051 3419 7.
2092 3363 2334 3419 Prodidit
2372 3363 2650 3419 Christum
2702 3362 2906 3419 Iudaeis
2958 3362 3011 3416 in
3064 3371 3292 3419 mortem
3325 3361 3494 3417 Judas

1931 3454 2233 3522 discipulus
2252 3454 2391 3523 ejus.
2450 3452 2515 3509 Et
2548 3468 2766 3508 rursum
2798 3454 2865 3507 de
2914 3453 3105 3509 eodem
3150 3453 3291 3508 idem
3322 3452 3492 3508 David

1929 3548 2179 3617 loquitur
2228 3565 2242 3603 :
2318 3566 2335 3600 ι
2372 3545 2583 3602 inimici
2646 3546 2751 3601 mei
2796 3546 3049 3601 dixerunt
3114 3547 3248 3600 mihi
3308 3547 3488 3601 mala:

1931 3636 2155 3703 Quando
2177 3639 2459 3702 morietur,
2475 3646 2525 3692 et
2544 3637 2954 3707 peribitnomen
2970 3636 3123 3706 ejus?
3144 3634 3208 3690 Et
3225 3636 3496 3705 ingredie-

1931 3735 2090 3789 batur
2116 3744 2172 3788 ut
2203 3732 2436 3799 videret,
2467 3747 2602 3786 vana
2629 3732 2979 3801 loquebatur,
3041 3747 3136 3786 eor
3163 3732 3310 3785 illius
3359 3745 3495 3785 con-

1932 3824 2172 3895 gregavit
2209 3822 2576 3891 iniquitatem.
2610 3821 3006 3890 Egrediebatur
3034 3820 3199 3883 foras,
3226 3821 3498 3888 etloque-

1932 3916 2095 3969 batur
2130 3914 2184 3967 in
2248 3913 2508 3982 idipsum.
2559 3910 2775 3966 Etenim
2817 3913 2978 3966 homo
3030 3912 3181 3981 pacis
3210 3927 3363 3972 mete.
3400 3912 3499 3979 qui

1934 4005 2171 4061 comedit
2217 4018 2385 4073 panes
2426 4020 2597 4066 meos,
2661 4003 3024 4072 magniﬁcavit
3087 4004 3353 4057 adversus
3413 4018 3501 4059 me

1936 4097 2432 4169 supplantationem
2470 4097 2535 4151 ⁸⁷.
2571 4097 2855 4151 Constitue
2884 4110 3050 4165 super
3093 4110 3217 4149 eum
3246 4105 3503 4163 peceato-

1938 4206 2075 4251 rem,
2134 4198 2189 4242 et
2247 4187 2607 4241 calumniator
2651 4196 2815 4241 stcta
2845 4186 3051 4241 dextris
3080 4186 3219 4255 ejus.
3278 4184 3342 4237 Et
3375 4199 3503 4237 cum

1934 4280 2209 4351 judicatur
2237 4288 2393 4332 exeat
2425 4266 2823 4333 condemnatus
2845 4319 2859 4341 ,
2913 4287 2970 4332 et
3008 4291 3197 4346 preces
3225 4278 3342 4347 ejus
3373 4276 3507 4330 ﬁant

1941 4372 1996 4425 iu
2029 4380 2336 4440 peceatum.
2366 4368 2525 4423 Fiant
2553 4369 2670 4423 dies
2700 4370 2816 4438 ejus
2842 4369 3023 4437 pauci,
3055 4368 3504 4437 etepiscopatum

1942 4464 2061 4530 ejus
2098 4459 2329 4527 accipiat
2384 4458 2543 4512 alter.
2596 4459 2655 4511 in
2711 4458 3062 4527 generatione
3097 4472 3205 4511 una
3255 4457 3507 4511 deleatur

1944 4565 2142 4604 nomen
2164 4550 2301 4616 ejus.
2323 4548 2380 4602 In
2405 4547 2727 4599 memoriam
2759 4545 2945 4599 redeat
2969 4542 3269 4613 iniquitatis
3292 4551 3508 4611 patrum

264 4639 451 4707 ὄνομα
471 4638 660 4703 αὑτοῦ,
687 4640 1069 4710 ἀναμνησθείη
1103 4642 1135 4708 ἡ
1168 4642 1368 4709 ἀνομία
1420 4643 1529 4695 τῶν
1586 4642 1838 4711 πατέρων
1869 4668 1915 4720 ι)

1869 4668 1915 4720 ι)
1942 4639 2061 4709 ejus
2091 4639 2145 4690 in
2168 4646 2466 4705 conspectu
2495 4632 2748 4696 Domini;
2776 4640 2827 4685 et
2852 4640 3136 4699 peccatum
3168 4629 3360 4682 matris
3383 4629 3504 4697 ejus

270 4729 446 4782 αὐτοῦ
477 4729 660 4783 ἔναντι
700 4729 932 4801 Κυρίου,
968 4733 1061 4783 καὶ
1094 4734 1125 4800 ἡ
1174 4732 1422 4801 ἀμαρτία
1487 4733 1587 4801 τῆς
1637 4735 1841 4802 μητρὸς

1946 4745 2053 4784 ιιοη
2080 4729 2350 4783 deleatur.
2380 4725 2666 4793 Dispereat
2692 4722 2759 4776 de
2786 4732 2927 4776 terra
2959 4722 3217 4775 memoria
3248 4720 3386 4789 ejus.
3422 4718 3511 4772 Di-

270 4821 440 4873 αὑτοῦ
465 4821 539 4889 μὴ
560 4820 924 4891 ἐξαλειφθείη.
996 4821 1437 4891 Ἐξολοθρευθείη
1475 4824 1540 4876 ἐκ
1568 4825 1671 4893 γῆς
1705 4840 1845 4891 μνη-

1943 4816 2073 4869 Ιυηιίι
2101 4814 2565 4875 maledictionem,
2593 4818 2651 4866 et
2680 4811 2862 4864 veniet
2883 4810 2933 4863 ei
2959 4826 2973 4871 ;
2998 4816 3054 4863 et
3074 4824 3181 4863 non
3206 4808 3379 4863 voluit
3412 4807 3512 4863 be-

274 4914 514 4983 μόσυνον
550 4913 738 4968 αὐτοῦ.
784 4914 1073 4982 Ἠγάπησε
1110 4914 1380 4982 κατάραν,
1400 4915 1500 4967 ’καὶ
1522 4915 1643 4984 ἥξει
1669 4915 1844 4981 αὐτῷ.

274 5003 372 5054 καὶ
405 5002 507 5053 οὐκ
534 5000 799 5071 ἠθέλησεν
831 5000 1103 5067 εὐλογίαν,
1146 5002 1243 5053 καὶ
1277 5001 1723 5071 μακρυνθήσεται
1753 5002 1848 5054 ἀπ’

274 5094 470 5148 αὐτοῦ.
506 5113 525 5146 ι

347 5184 421 5254 η’.
464 5183 784 5254 Παρέλαόον
821 5184 870 5236 oi
917 5182 1161 5236 Ἰουδαῖοι
1193 5181 1284 5234 τὸν
1305 5182 1568 5252 Χριστὸν,
1597 5182 1843 5249 καὶάπή-

274 5294 455 5345 γαγον
485 5276 649 5329 αὑτὸν
698 5277 778 5337 εἰς
806 5276 932 5335 τοὺς
972 5274 1269 5344 ἀρχιερεῖς.
1299 5274 1407 5327 Kal
1440 5273 1587 5340 λέγει
1612 5272 1843 5335 Ἠσαῖας

275 5372 413 5439 περὶ
448 5369 638 5431 αὑτοῦ,
678 5386 698 5420 t
740 5368 883 5435 Ἐγὼ
909 5367 965 5420 δὲ
1006 5365 1082 5429 ὡς
1123 5366 1308 5437 ἀρνίον
1361 5365 1567 5417 ἄκακον
1632 5365 1845 5433 ἠγόμην

273 5461 370 5515 τοῦ
400 5460 622 5514 θύεσθαι
675 5478 691 5508 ι

353 5558 419 5604 θ’.
459 5552 694 5604 Ἐλασεν
762 5551 962 5613 Ἰούδας
990 5552 1286 5620 τριάκοντα
1315 5547 1577 5617 ἀργύρια,
1622 5546 1717 5597 καὶ
1735 5546 1841 5598 πάι-

275 5651 365 5701 λιν
395 5644 623 5717 ἔρριψεν
647 5646 807 5709 αὐτὰ,
840 5646 933 5697 καὶ
960 5642 1239 5713 ἠγόρασαν
1258 5641 1316 5705 ἐξ
1352 5639 1529 5693 αὐτῶν
1559 5638 1648 5690 τὸν
1673 5639 1844 5704 ἀγρὸν

352 5809 399 5842 ⁸⁸
426 5807 572 5867 Psal.
594 5824 651 5874 ιι,
693 5806 811 5872 l,‘2.

891 5803 933 5832 λ’
968 5803 1104 5859 Psal.
1142 5820 1221 5867 χι,
1257 5802 1285 5853 7
1332 5802 1412 5855 ιι).
1488 5800 1530 5832 ⁸⁸
1573 5800 1709 5852 Psal.
1747 5813 1893 5865 cvm,
1933 5797 2069 5850 7-lS.

1945 4909 2332 4971 nedietionem,
2360 4913 2415 4958 et
2446 4902 2793 4973 elongabitur
2817 4901 2885 4955 ab
2914 4917 2980 4957 eo
3011 4900 3110 4957 ⁸⁸.»

2024 5168 2076 5223 8.
2110 5165 2603 5237 Apprehenderunt
2632 5162 2803 5218 Judazi
2850 5160 3153 5228 Christum,
3176 5172 3231 5215 et
3261 5159 3509 5215 abduxe-

1953 5272 2081 5315 runt
2109 5276 2232 5314 eum
2264 5260 2331 5313 ad
2367 5258 2636 5327 principes
2660 5255 3024 5308 sacerdotum.
3050 5253 3116 5307 Et
3144 5254 3211 5308 de
3237 5254 3338 5307 hoc
3356 5253 3515 5309 Jere-
3583 5297 3586 5301 .

1957 5356 2092 5407 mias
2125 5352 2261 5406 dicit
2293 5369 2306 5405 :
2369 5372 2385 5400 ι
2439 5351 2549 5418 Ego
2578 5363 2710 5400 vero
2751 5355 3005 5417 tanquam
3048 5361 3218 5414 agnus
3249 5346 3516 5400 innocens

1955 5447 2217 5510 dueebar,
2262 5453 2321 5498 ut
2361 5440 2717 5496 maetarer”.
2754 5458 2772 5491 υ

2030 5547 2083 5596 θ.
2113 5540 2337 5607 Accepit
2360 5538 2527 5591 ludas
2552 5535 2772 5603 triginta
2813 5540 3120 5601 argenteos,
3150 5537 3518 5595 emeruntque

1957 5653 2056 5706 pro
2090 5634 2195 5688 illis
2224 5645 2412 5699 agrum
2448 5626 2619 5696 iiguli.
2673 5626 2738 5680 Et
2787 5622 3054 5678 Jercmias
3108 5619 3243 5674 dicit
3277 5635 3289 5674 :
3321 5636 3341 5670 ι
3390 5616 3517 5674 Sta-

2158 5794 2197 5825 ‘l‘
2242 5792 2441 5848 Jerem.
2488 5805 2559 5855 ιι,
2606 5784 2687 5840 l9.
