4204 6444
162 385 273 452 473

230 518 285 568 ιη
311 538 324 553 .
373 499 709 567 Ἐκέντησαν
736 496 834 567 τὴν
868 496 1109 566 πλευρὰν
1138 497 1302 551 αὐτοῦ
1339 497 1476 566 μετά
1525 497 1729 565 ξίςους.
1762 503 1806 559 Α

157 590 261 642 Καὶ
282 589 431 657 λέγει
461 588 758 657 Ζαχαρίας,
793 606 809 640 ι
847 586 1263 655 Ἐπιὸλέψονται
1298 590 1433 658 πρός
1459 606 1526 657 με
1565 590 1642 652 είς
1675 587 1734 640 ὃν

158 675 541 744 ἐξεκέντησαν.
581 693 599 726 ι

232 765 326 822 ιθ’.
375 769 701 837 Ἐσκοτίσθη
729 769 754 820 ὁ
780 770 926 838 ἥλιος
959 771 1349 840 εὑρισκομένου
1381 770 1472 823 τοῦ
1496 768 1731 840 Χριστοῦ

161 859 221 910 ἐν
256 858 333 926 τῷ
368 860 587 929 σταυρῷ
623 860 730 912 ἀπὸ
756 860 902 929 ὥρας
932 862 1097 930 ἕκτης
1128 860 1233 922 ἕως
1290 860 1440 931 ὧρας
1482 861 1730 929 ἐννάτης.

160 949 264 1002 Καὶ
296 950 446 1017 λέγει
480 953 777 1019 Ζαχαρῖας,
822 972 836 1000 ι
879 952 981 1005 Καὶ
1012 954 1041 1017 ἡ
1077 952 1259 1018 ἡμέρα
1302 952 1484 1019 ἐκείνη
1518 952 1732 1020 γνωστὴ

161 1040 241 1110 τῷ
290 1042 497 1111 Κυρίῳ,
552 1045 644 1096 καὶ
669 1045 765 1112 οὐχ
809 1042 1013 1113 ἡμέρα,
1050 1044 1145 1095 καὶ
1197 1043 1256 1095 οὐ
1303 1043 1418 1106 νὺξ,
1455 1044 1549 1096 καὶ
1598 1043 1735 1111 πρὸς
1781 1057 1795 1072 ο

163 1130 406 1198 ἑσπέραν
436 1132 552 1198 φῶς
600 1132 889 1195 Eanum).
917 1134 1069 1185 ἔσται
1126 1131 1326 1201 Κύριος
1374 1134 1453 1196 είς
1504 1132 1732 1203 βασιλέα

164 1221 263 1272 ἐπὶ
324 1223 507 1273 πᾶσαν
536 1222 633 1293 τὴν
667 1224 789 1292 γῆν.
853 1226 941 1277 Ἐν
973 1227 1038 1297 τῇ
1094 1226 1280 1295 ἡμέρᾳ
1348 1225 1534 1297 ἐκείνῃ
1584 1224 1737 1279 ἔσται

165 1310 368 1380 Κῦριος
394 1308 494 1375 εἷς,
530 1316 620 1365 καὶ
652 1314 710 1366 τὸ
738 1316 908 1384 ὄνομα
942 1316 1103 1369 αὐτοῦ
1131 1317 1210 1373 ἓν.
1241 1334 1258 1366 ι
1296 1316 1565 1386 Πρόσεξον
1582 1317 1735 1383 γοῦν,

162 1405 272 1456 ἀπὸ
300 1406 534 1467 κτίσεως
571 1407 780 1474 κόσμου
822 1410 853 1477 ἡ
894 1409 991 1475 νὺξ
1032 1409 1334 1479 διαδέχεται
1369 1410 1469 1478 τὴν
1500 1410 1736 1479 ἡμέραν,

163 1498 261 1546 καὶ
291 1497 324 1563 ἡ
378 1496 561 1566 ἡμέρα
588 1498 686 1566 τὴν
736 1498 925 1551 νύκτα.
976 1500 1101 1554 Ἐπὶ
1139 1500 1194 1553 δὲ
1224 1500 1326 1569 τῆς
1357 1492 1469 1553 ’τοῦ
1499 1499 1736 1570 Χριστοῦ

165 1582 533 1651 σταυρώσειης
584 1584 682 1654 οὐχ
710 1636 711 1639 η
738 1586 931 1651 οὕτως,
1012 1588 1127 1640 ἀλλ’
1170 1589 1461 1658 ἐσκοτίσθη
1498 1592 1525 1641 ὁ
1564 1588 1739 1659 ἥλιος,

165 1675 263 1727 καὶ
304 1676 353 1726 εί
387 1675 490 1744 μέν
520 1677 661 1728 κατὰ
700 1678 799 1743 τὴν
829 1678 1092 1743 πολλάκις
1144 1681 1391 1749 συνήθως
1443 1680 1741 1748 γινομένην

163 1765 511 1819 ἐπισκότισιν
537 1763 630 1820 τοῦ
667 1767 821 1837 ἡλίου
854 1771 911 1821 ἐν
942 1769 1019 1838 τῷ
1076 1768 1253 1839 καιρῷ
1299 1772 1398 1839 τῆς
1432 1770 1597 1823 αὐτοῦ
1654 1771 1744 1822 ἐκ·

164 1855 403 1922 λείψεως
436 1857 671 1923 ἐγένετο,
718 1860 817 1911 οὐκ
868 1859 933 1911 ἂν
973 1861 1097 1929 περὶ
1138 1859 1305 1927 αὐτῆς
1335 1860 1520 1929 ἔλεγεν
1546 1862 1573 1914 ὁ
1611 1878 1742 1931 προ-

169 1944 373 2012 φήτης,
402 1946 478 2006 ὡς
507 1945 559 1996 δέ
595 1945 787 1998 ἄλλοτέ
848 1963 997 1998 ποτε.
1046 1946 1200 1997 Ἐπεὶ
1255 1946 1309 1999 δέ
1356 1940 1407 2016 ἠν
1450 1947 1548 2017 μὲν
1601 1947 1742 2001 κατὰ

169 2035 334 2101 ςιῦσιν
372 2035 465 2086 τοῦ
531 2036 679 2105 ἡλίου
739 2035 978 2104 ἔκλειψις
1034 2036 1126 2090 καὶ
1181 2039 1514 2100 ἐπισκότισις
1565 2039 1621 2090 ἐν
1667 2038 1742 2107 τῷ

170 2126 353 2195 καιρῷ
378 2126 478 2191 τῆς
510 2127 647 2193 μετά
675 2129 772 2194 τῆς
797 2128 1026 2197 σελήνης
1063 2128 1282 2182 συνόδου
1313 2130 1544 2197 γίνεται,
1586 2130 1644 2181 ἐν
1684 2128 1741 2181 δὲ

171 2220 237 2285 τῇ
268 2216 844 2287 τεσσαρεσκαιδεκάτῃ
887 2218 1070 2290 ἡμέρᾳ
1122 2220 1289 2287 αὐτῆς
1327 2220 1602 2286 οὐδέποτε,
1630 2219 1743 2272 ἀλλ’

173 2308 296 2360 οὐδὲ
326 2311 499 2377 χωρεῖ
533 2309 619 2361 ἵνα
645 2309 869 2378 γένηταί
908 2327 1063 2375 ποτε,
1095 2310 1181 2363 διὰ
1210 2311 1367 2364 τοῦτο
1403 2311 1477 2372 ὼς
1509 2311 1743 2376 ἐξαίσιον

174 2402 271 2451 καὶ
302 2399 621 2466 θαυμαστὸν
646 2399 738 2452 καὶ
779 2399 920 2472 ὑπὲρ
980 2394 1143 2467 φύσιν
1188 2403 1419 2470 πρᾶγμα
1474 2402 1744 2472 ἐσημειώ-

177 2492 367 2542 σατοό
398 2490 735 2558 προφητικὸς
790 2490 969 2556 λόγος,
1020 2492 1105 2544 ἵνα
1152 2492 1353 2559 γνῶσιν
1395 2494 1442 2545 oi
1490 2494 1743 2562 ἄφρονες,

177 2580 273 2632 καὶ
306 2580 357 2631 οἱ
392 2581 464 2648 μὴ
514 2579 727 2647 ἔχοντες
782 2582 1033 2648 αἴσθησιν
1076 2583 1315 2636 λάθωσιν
1356 2584 1630 2654 αἴσθησιν,
1666 2586 1747 2639 ὅτι

179 2668 272 2717 ἐπῖ
306 2666 385 2735 τῷ
410 2665 500 2718 τοῦ
533 2668 769 2736 Χριστοῦ
803 2668 966 2721 πάθει
1015 2672 1042 2721 ὁ
1090 2670 1239 2741 ἥλιος
1296 2671 1605 2742 ἐσκοτίσθη,
1658 2675 1750 2724 καὶ

179 2760 230 2811 oi
258 2758 481 2826 μάταιοι
518 2760 624 2812 τῶν
653 2760 953 2829 ἀνθρώπων
978 2761 1076 2814 οὐκ
1116 2763 1441 2815 ἐπῐστευσαν
1469 2765 1549 2816 ὅτι
1588 2764 1751 2828 αὐτός

180 2852 333 2903 ἐστιν
363 2853 393 2903 ὁ
443 2852 595 2913 Θεὸς.
631 2853 697 2904 Αἱ
729 2854 921 2923 πέτραι
971 2854 1318 2925 ἐσχίσθησαν,
1374 2857 1469 2909 τοῦ
1520 2855 1647 2909 ναοῦ
1690 2857 1749 2908 τδ

181 2944 587 3012 καταπέτασμα
654 2944 877 3014 ἐσχίσθη
954 2946 1031 3007 είς
1087 2945 1179 2998 δύο
1232 2946 1340 2999 ἀπο
1391 2947 1596 3002 ἀνωθεν
1648 2948 1751 3012 ἕως

182 3034 358 3087 κάτω.
396 3035 474 3088 Τὰ
508 3039 748 3106 μνημεῖα
797 3037 1169 3107 ἀνεῴχθησαν,
1200 3039 1491 3093 καὶπολλὰ
1526 3042 1751 3109 σώματα

1116 387 1417 448 CONTRA
1454 388 1943 451 ΜΑΠΟΜΕΤΕΜ
1985 390 2365 452 APOLOGIA
2401 391 2478 456 Ιῐ.

3298 391 3404 460 474

1910 499 1998 553 l8.
2046 498 2423 555 Confoderunt
2474 499 2617 555 latus
2652 497 2825 570 ipsius
2865 499 3072 554 lancea.
3101 500 3170 557 Et
3201 500 3269 559 de
3299 503 3407 560 hoc

1836 589 2127 645 Zacharias
2174 610 2187 644 :
2239 607 2258 643 ι
2312 590 2625 660 Respicient
2684 591 2737 646 in
2793 605 2902 657 me,
2937 605 3099 661 quem
3155 608 3405 665 pupuge-

1836 689 1966 733 runt
1987 682 2031 733 ⁸.
2069 698 2088 732 ι

1906 770 1994 824 19.
2035 769 2437 826 Obtenebratus
2505 780 2590 825 est
2633 771 2734 837 sol,
2769 771 2991 826 Christo
3061 771 3117 826 in
3185 786 3405 827 crucem

1835 876 2128 931 suspenso,
2190 864 2258 917 ab
2310 864 2442 917 liora
2487 872 2639 917 sexta
2704 878 2874 932 usque
2919 862 2985 915 ad
3041 863 3234 918 horam
3304 880 3407 917 no-

1833 968 1981 1006 nam.
2033 953 2100 1007 Et
2149 955 2229 1008 sic
2260 953 2390 1009 dicit
2442 954 2787 1011 Zacharias:
2824 974 2842 1006 ι
2876 954 2945 1009 Ει
2973 954 3091 1009 dies
3135 956 3250 1010 haec
3315 970 3409 1010 co-

1837 1042 2158 1111 gnoscibilis
2185 1042 2439 1105 Domino,
2468 1052 2524 1097 et
2554 1057 2664 1098 non
2695 1042 2833 1110 dies,
2882 1051 2940 1099 et
3004 1060 3114 1100 non
3175 1059 3303 1111 nox,
3354 1056 3412 1099 et

1836 1135 1939 1190 sub
1998 1149 2283 1204 vesperam
2352 1133 2459 1188 erit
2524 1134 2652 1199 lux,
2721 1142 2779 1190 et
2847 1134 3114 1189 Dominus
3185 1137 3295 1189 erit
3356 1134 3410 1187 in

1837 1242 2019 1296 regem
2078 1241 2243 1297 super
2295 1226 2605 1281 universam
2673 1235 2897 1282 terram.
2934 1226 2996 1280 In
3044 1226 3133 1282 die
3184 1226 3276 1280 illa
3307 1224 3416 1279 erit

1840 1317 2103 1373 Dominus
2151 1333 2315 1382 unus,
2355 1328 2413 1372 et
2455 1332 2655 1372 nomen
2685 1318 2808 1387 ejus
2852 1317 3083 1372 unum'.
3118 1335 3137 1368 ι
3176 1316 3413 1371 Attende

1838 1410 2025 1481 igitur.
2058 1409 2102 1463 A
2124 1409 2406 1465 creatione
2438 1410 2554 1479 ipsa
2586 1408 2776 1463 mundi
2805 1424 2911 1463 nox
2941 1407 3087 1463 diem
3116 1407 3417 1476 excipit,et

1838 1501 2097 1556 similiter
2141 1499 2260 1555 dies
2289 1508 2542 1566 noctem;
2605 1498 2661 1552 in
2716 1498 2972 1568 passione
3006 1511 3139 1552 vero
3194 1496 3416 1550 Domini

1840 1606 1953 1644 non
2004 1589 2107 1656 sic,
2164 1589 2260 1645 sed
2324 1590 2404 1645 sol
2448 1589 2844 1645 obtcnebratus
2871 1598 2977 1643 est.
3023 1587 3181 1653 Quod
3213 1587 3259 1641 si
3287 1600 3419 1641 vero

1836 1682 1991 1752 juxta
2030 1696 2401 1746 communem,
2433 1696 2554 1751 quae
2616 1682 2816 1751 saepius
2878 1680 3200 1749 contingere
3251 1678 3416 1743 solet,

1844 1774 2357 1829 obtenebrationem
2400 1775 2531 1829 solis
2582 1773 2805 1842 eclipsis
2841 1772 3181 1839 contigisset,
3212 1785 3420 1839 nequa-

1844 1881 2004 1934 quam
2039 1868 2103 1919 de
2137 1866 2263 1933 hac,
2292 1874 2351 1919 ut
2381 1882 2481 1920 nec
2514 1865 2668 1929 alibi,
2699 1866 2963 1935 prephcla
2997 1862 3255 1927 dixisset;
3292 1876 3417 1915 cum

1843 1956 2164 2011 naturaliter
2234 1957 2364 2010 solis
2422 1956 2641 2025 eclipsis
2690 1969 2756 2008 eo
2810 1963 3055 2022 tempore
3100 1953 3419 2021 contingere

1844 2050 2033 2112 soleat,
2074 2064 2180 2117 quo
2216 2049 2344 2101 luna
2376 2064 2500 2101 cum
2543 2047 2656 2101 sole
2703 2048 2994 2115 conjuncta
3036 2050 3144 2106 est,
3175 2042 3320 2111 quod
3364 2043 3417 2095 in

1845 2137 2056 2191 decima
2087 2145 2280 2204 quarta
2314 2135 2463 2189 illius
2492 2134 2579 2187 die
2612 2148 2889 2200 nunquam
2918 2130 2998 2192 ﬁt,
3046 2144 3148 2182 nec
3178 2142 3418 2197 unquam

1845 2229 1970 2283 erit.
2014 2228 2309 2296 Propterea
2369 2241 2468 2280 ceu
2523 2226 2872 2293 stupendam,
2928 2220 3307 2275 admirandam
3365 2226 3423 2272 ct

1846 2326 2056 2371 naturae
2107 2316 2256 2384 leges
2307 2315 2666 2370 excedentem
2703 2329 2816 2367 rem
2850 2312 3204 2382 propheticus
3239 2324 3422 2364 sermo

1849 2408 2090 2471 denotat,
2121 2415 2180 2460 ut
2210 2414 2264 2460 et
2296 2405 2671 2475 imprudentes
2715 2404 3037 2472 intelligant,
3061 2412 3116 2456 et
3137 2402 3227 2470 qui
3257 2416 3423 2456 sensu

1848 2505 2037 2553 carent
2064 2511 2289 2550 sensum
2326 2495 2620 2564 recipiant,
2644 2493 2792 2564 quod
2836 2494 2889 2546 in
2930 2492 3136 2547 Christi
3170 2492 3425 2560 passione

1849 2590 1929 2645 sol
1960 2588 2355 2643 obtenebratus
2403 2596 2508 2647 est.
2560 2596 2611 2641 et
2652 2585 2937 2640 vanissimi
2991 2583 3246 2637 homines
3310 2597 3425 2636 non

1851 2680 2225 2736 crediderunt.
2278 2678 2452 2733 Petra:
2506 2677 2869 2742 dissilierunt,
2902 2676 3091 2745 templi
3138 2675 3322 2729 velum
3368 2674 3423 2726 in

1852 2772 1989 2828 duas
2016 2781 2204 2842 partes
2225 2770 2453 2825 scissum
2482 2778 2565 2823 est
2594 2784 2623 2822 a
2661 2784 2877 2823 summo
2909 2783 3082 2835 usque
3128 2766 3194 2821 ad
3230 2765 3425 2830 imum,

1853 2872 2206 2918 monumenta
2244 2868 2431 2931 aperta
2462 2866 2614 2925 sunt,
2644 2867 2699 2913 et
2734 2859 2903 2913 multa
2943 2871 3171 2926 corpora
3202 2866 3425 2911 sancto-

1855 2970 1977 3008 rum
1996 2955 2086 3023 qui
2111 2953 2544 3016 obdormierant,
2567 2946 3426 3019 surrexerunt(quemadmodum

1857 3054 2107 3099 sanctum
2161 3043 2517 3114 Evangelium
2572 3039 2823 3110 testatur)
2884 3050 2939 3095 et
3004 3039 3235 3110 ingressi
3301 3047 3431 3092 sunt

180 3125 295 3177 τῶν
331 3129 753 3197 κεκοιμημένων
782 3129 953 3197 ἁγίων
970 3130 1175 3201 ἠγέρθη
1205 3132 1301 3199 (ὡς
1330 3133 1475 3200 λέγει
1508 3134 1566 3186 τὸ
1598 3135 1751 3201 ἅγιον

1859 3135 2309 3205 Hierosolymam.
2330 3144 2385 3188 et
2402 3142 2773 3202 apparuerunt
2790 3132 2977 3186 multis
2998 3148 3013 3198 ;
3038 3131 3129 3185 sed
3147 3130 3429 3185 vanissimi

183 3217 568 3284 Εὖαγγέλιον),
596 3220 687 3272 καὶ
713 3221 959 3287 εἰσῆλθον
991 3223 1066 3284 είς
1099 3224 1198 3292 τὴν
1242 3223 1621 3294 Ἰερουσαλὴμ,
1649 3229 1743 3279 καὶ

182 3305 622 3373 ἐνεφανίσθησαν
670 3308 901 3371 πολλοῖς,
926 3311 1018 3360 καὶ
1054 3310 1103 3361 οί
1147 3312 1366 3378 μάταιοι
1399 3312 1506 3365 τῶν
1542 3314 1747 3383 ἀνθρώ-ο

1858 3226 2103 3280 homines
2136 3240 2243 3279 non
2263 3224 2636 3287 crediderunt,
2664 3238 2858 3277 verum
2895 3222 3315 3275 obtenebratum
3347 3227 3433 3274 est

1856 3320 2096 3374 insciens
2130 3331 2224 3370 cor
2257 3316 2496 3379 illorum,
2541 3323 2597 3370 et
2625 3316 2677 3368 in
2706 3313 2946 3368 tenebris
2978 3322 3394 3367 conversantur.
3470 3311 3475 3317 ’

184 3416 307 3448 πων
354 3397 455 3450 οὐκ
504 3398 869 3467 ἐπίστευσαν,
925 3400 1041 3451 ἀλλ’
1087 3402 1357 3471 ἐπωρώθη
1421 3404 1453 3473 ὴ
1506 3404 1765 3471 ἀσύνετος
1822 3408 2002 3464 αὐτῶν
2084 3406 2323 3477 καρδία,
2403 3405 2497 3459 καλ⁵
2581 3404 2639 3458 ἐν
2706 3405 2772 3473 τῇ
2843 3402 3033 3473 σκοτίᾳ
3112 3399 3434 3471 περιπολεύ-

180 3508 357 3544 ονται.

257 3589 329 3637 κ’.
376 3583 662 3636 Ἀπέθανε.
715 3584 821 3637 Καὶ
848 3585 998 3652 λέγει
1062 3586 1311 3651 Ἡσαΐας.
1365 3608 1382 3640 ι
1440 3591 1555 3643 Οὐκ
1614 3590 1760 3645 ἔστιν

182 3670 331 3735 εἶδος
366 3674 535 3743 αὐτῷ,
584 3674 699 3727 οὐδὲ
734 3676 949 3737 κάλλος.
988 3676 1092 3730 Καὶ
1155 3678 1370 3748 εἴδομεν
1427 3682 1612 3746 αὑτὸν,
1669 3684 1760 3735 καὶ

186 3770 292 3820 οῦκ
316 3763 462 3835 εἶχεν
489 3763 648 3829 εἶδος,
689 3770 809 3819 οὐδὲ
844 3768 1060 3832 κάλλος,
1091 3770 1226 3823 ἀλλὰ
1288 3771 1348 3822 τὸ
1406 3767 1545 3834 εἶδος
1597 3772 1759 3824 αὐτοῦ

185 3860 411 3926 ἄτιμον,
439 3858 689 3910 ἐκλεῖπον
717 3859 774 3911 τὸ
801 3855 940 3921 εἶδος
970 3848 1131 3911 αὑτοῦ
1158 3862 1306 3931 παρὰ
1335 3862 1459 3925 τοὺς
1485 3864 1631 3924 υἱοὺς
1651 3864 1758 3915 τῶν

185 3947 517 4017 ἀνθρώπων.
562 3966 578 3998 ι
613 3950 746 4019 Περὶ
772 3951 825 4001 δέ
847 3950 937 4001 τοῦ
988 3953 1220 4020 σταυροῦ
1275 3954 1471 4005 κείσθω
1522 3956 1548 4006 ὀ
1582 3955 1761 4022 λόγος,

187 4044 283 4094 καὶ
314 4041 371 4091 ἐν
393 4039 471 4108 τῷ
499 4042 831 4109 προσήκοντι
867 4043 1045 4111 καιρῷ
1090 4042 1346 4113 ἐροῦμεν.

198 4176 203 4181 .
263 4135 374 4182 κα⁹.
408 4130 852 4198 Παρεστήκεισαν
885 4130 941 4182 δὲ
970 4130 1044 4199 τῷ
1100 4134 1380 4203 σταυρῷἡ
1438 4136 1617 4205 μήτηρ
1670 4136 1764 4188 to:

199 4218 405 4289 Ἰησοῦ,
443 4220 535 4270 καὶ
568 4222 631 4271 ἐκ
659 4220 766 4273 τῶν
812 4221 1068 4291 μαθητῶν
1124 4222 1284 4275 αὐτοῦ
1316 4227 1343 4275 ὁ
1398 4226 1665 4293 Ἰωάννης.
1702 4225 1766 4278 Τί

188 4310 244 4360 δὲ
291 4312 386 4360 καὶ
414 4308 545 4376 περὶ
569 4307 754 4361 τούτου
785 4310 949 4376 λέγει,
992 4311 1243 4366 ἄκουσον.
1288 4330 1305 4363 t
1342 4308 1449 4365 ’Ἦν
1485 4314 1767 4382 ἄνθρωπος

1929 3593 2017 3647 20.
2060 3592 2313 3649 Christus
2362 3591 2682 3661 exspiravit.
2728 3592 2796 3646 Et
2828 3591 2994 3646 Isaias
3024 3589 3160 3645 dicit
3198 3605 3214 3645 :
3254 3607 3273 3640 ι
3311 3587 3433 3642 Non

1858 3692 1943 3738 est
1978 3683 2055 3737 illi
2083 3684 2316 3753 species,
2342 3698 2524 3753 neque
2555 3684 2759 3748 decor;
2796 3692 2853 3737 et
2882 3682 3121 3737 vidimus
3155 3695 3305 3746 eum,
3332 3694 3435 3734 nec

1858 3774 2097 3829 habebat
2132 3775 2394 3843 speciem,
2428 3789 2607 3843 neque
2650 3772 2930 3827 decorem.
2974 3771 3081 3825 Sed
3114 3770 3287 3824 forma
3317 3770 3437 3839 ejus

1858 3865 2187 3919 inhonorata
2230 3873 2287 3919 et
2317 3864 2575 3920 deﬁciens
2624 3877 2735 3933 prae
2769 3860 2894 3934 ﬁliis
2924 3861 3208 3916 hominum
3232 3859 3274 3913 ⁵.
3311 3878 3329 3911 ι
3360 3860 3437 3914 De

1861 3969 2023 4009 cruce
2080 3955 2223 4022 vero:
2247 3969 2428 4009 sermo
2461 3964 2643 4009 noster
2672 3956 2787 4024 jam
2832 3952 3029 4019 sileat;
3060 3952 3128 4007 de
3157 3951 3259 4007 hac
3285 3950 3438 4005 enim

1862 4058 1963 4097 suo
1993 4044 2113 4097 loco
2144 4052 2198 4097 et
2231 4052 2476 4112 tempore
2507 4042 2778 4098 dicemus.

1932 4132 2025 4186 2|.
2073 4132 2385 4187 Astiterunt
2418 4141 2599 4185 autem
2628 4130 2779 4186 cruci
2824 4137 2999 4184 mater
3029 4129 3182 4195 Jesu,
3209 4135 3267 4183 et
3297 4141 3439 4182 unus

1862 4225 2258 4293 discipulorum
2311 4224 2460 4277 illius
2524 4222 2793 4276 Joannes.
2829 4220 2973 4286 Quid
3004 4228 3186 4273 autem
3233 4218 3302 4273 de
3333 4218 3442 4271 hoc

1864 4315 2099 4379 dicatur,
2135 4314 2291 4369 audi.
2356 4332 2373 4364 ι
2414 4313 2547 4367 Erat
2578 4314 2743 4366 homo
2775 4310 3167 4382 Hierosolymis
3210 4308 3300 4364 cui
3342 4324 3445 4362 no-

190 4400 249 4451 ἐν
292 4400 670 4469 Ἰερουσαλὴμ,
770 4401 939 4469 ὖνομα
996 4403 1241 4469 Συμεὼν,
1278 4406 1370 4457 καὶ
1403 4406 1429 4455 ὁ
1481 4406 1763 4475 ἄνθρωπος

1866 4424 1989 4460 men
2027 4408 2274 4471 Simeon,
2346 4414 2403 4460 et
2434 4407 2600 4459 homo
2648 4406 2749 4461 iste
2773 4408 2956 4475 justus
2985 4414 3039 4459 et
3078 4404 3236 4474 pius;
3266 4412 3322 4457 et
3352 4417 3445 4455 re-

191 4483 349 4549 οῦτος
375 4490 528 4555 ᾰγιος
556 4493 645 4540 καὶ
671 4490 893 4555 δίκαιος,
923 4495 1013 4543 καὶ
1039 4489 1105 4562 ἦν
1128 4494 1272 4564 αὐτῷ
1324 4498 1768 4565 κεχρηματισμέ-

192 4598 283 4631 νον
322 4579 432 4631 ὑπὸ
463 4578 555 4631 τοῦ
576 4579 710 4631 Θεοῦ
744 4581 818 4649 μὴ
852 4582 977 4634 ίδεῖν
1016 4582 1265 4647 θάνατον,
1319 4585 1420 4647 ἕως
1448 4582 1510 4640 οῦ
1538 4588 1621 4659 ἴδῃ
1675 4589 1766 4641 τὸν

194 4670 457 4739 Χριστόν.
492 4671 597 4723 Καὶ
621 4671 697 4733 ὡς
727 4674 1014 4742 ἀπήγαγον
1036 4676 1113 4738 είς
1147 4678 1207 4728 τὸ
1239 4678 1381 4747 ἱερὸν
1423 4681 1610 4731 τοῦτον
1641 4697 1768 4732 παι-

195 4761 309 4814 δίον
336 4760 487 4827 διτιι,
530 4761 621 4812 ἐπὶ
650 4763 729 4833 τῷ
759 4764 1041 4833 πληρῶσαι
1070 4767 1135 4819 τὰ
1162 4768 1217 4820 ἐν
1247 4768 1321 4835 τῷ
1352 4770 1499 4839 νόμῳ
1527 4787 1773 4840 γεγραμ-

202 4853 343 4922 μένα
368 4853 496 4920 περὶ
522 4853 706 4916 αὐτοῦ,
742 4856 834 4905 καὶ
860 4855 1019 4916 αὐτὸς
1044 4858 1070 4908 ὁ
1096 4857 1316 4926 Συμεὼν
1355 4860 1570 4923 ἐδέξατο
1610 4861 1772 4911 αυτὸν

194 4947 289 4998 τὸν
320 4945 556 5012 Χριστὸν
592 4947 646 4997 ἐν
673 4949 790 5009 ταῖς
817 4947 1081 5014 ἀγκάλαις
1107 4949 1291 5012 αὑτοῦ,
1335 4950 1510 5021 ίερεὺς
1541 4951 1649 5018 γὰρ
1681 4946 1769 5021 ἦν,

198 5040 293 5088 καὶ
320 5032 468 5100 εἷπε,
498 5054 515 5086 ι
553 5036 664 5088 Νῦν
692 5038 943 5102 ἀπολύεις
970 5039 1057 5092 τὸν
1110 5040 1295 5093 δοῦλόν
1331 5057 1445 5105 σου,
1500 5043 1768 5106 Δέσποτα,

199 5129 345 5181 κατα
367 5130 429 5178 τὸ
466 5127 616 5196 ῥῆμά
640 5145 733 5180 σου
782 5131 839 5180 ἐν
863 5130 1074 5200 εἰρήνῃ,
1103 5132 1184 5183 ὅτι
1212 5129 1352 5185 εἶδον
1400 5134 1449 5184 oi
1500 5132 1771 5201 ὀφθαλμοί

204 5237 309 5287 μου
340 5220 399 5271 τὸ
433 5220 699 5287 σωτήριόν
735 5237 847 5284 σου,
900 5222 927 5273 ὃ
952 5222 1247 5291 ἡτοίμασας
1290 5224 1427 5277 κατά
1482 5225 1772 5293 πρόσωπον

202 5316 427 5365 πάντων
455 5310 560 5365 τῶν
592 5312 757 5376 λαῶν,
791 5313 904 5381 φῶς
953 5316 1029 5375 είς
1059 5316 1400 5384 ἀποκάλυψιν
1453 5314 1642 5378 ἐθνῶν,
1679 5314 1774 5367 καὶ

202 5403 363 5468 δόξαν
396 5403 526 5454 λαοῦ
558 5419 649 5456 σου
698 5404 930 5473 Ἰσραήλ.
973 5424 991 5457 ι
1036 5407 1141 5457 Καὶ
1172 5407 1431 5476 στραφεὶς
1493 5406 1627 5474 πρὸς
1671 5406 1771 5475 τὴν

206 5494 483 5565 Παρθένον
514 5490 691 5548 εἶπεν·
734 5514 752 5547 ι
800 5497 930 5549 Ἰδοὺ
956 5489 1107 5558 οὗτος
1133 5501 1307 5552 κεῖται
1338 5501 1415 5562 εἱς
1450 5498 1653 5552 πτῶσιν
1675 5500 1770 5551 καὶ

205 5588 508 5642 ἀνάστασιν
531 5586 738 5641 πολλῶν
777 5588 834 5640 ἐν
863 5587 939 5658 τῷ
990 5587 1226 5658 Ἰσραὴλ,
1264 5591 1357 5643 καὶ
1403 5591 1480 5652 είς
1546 5591 1771 5660 σημεῖον

1864 4513 2126 4565 sponsum
2161 4506 2451 4565 acceperat
2488 4512 2518 4550 a
2545 4497 2685 4561 Deo,
2710 4510 2821 4549 non
2856 4495 3100 4548 visurum
3127 4508 3185 4547 se
3212 4499 3444 4545 mortem

1869 4587 1976 4642 nisi
2008 4586 2162 4655 prius
2187 4586 2471 4641 Christum
2504 4583 2737 4638 videret.
2763 4582 2829 4636 Et
2855 4595 2979 4636 cum
3014 4580 3191 4648 ipsum
3214 4590 3444 4646 puerum

1870 4679 2050 4733 adhuc
2086 4677 2140 4731 in
2174 4675 2437 4745 templum
2488 4673 2829 4734 attulissent,
2879 4670 2946 4724 ad
2992 4665 3330 4737 implendum
3380 4679 3445 4718 ea

1874 4783 1996 4838 qua:
2034 4767 2088 4821 in
2120 4767 2236 4837 lege
2270 4765 2541 4833 descripta
2572 4772 2721 4825 sunt,
2754 4762 2898 4815 idem
2937 4761 3029 4815 ille
3058 4757 3338 4813 Christum
3388 4756 3443 4808 in

1876 4859 2035 4912 ulnas
2064 4871 2191 4910 suas
2234 4856 2477 4924 suscepit
2503 4852 2780 4924 (sacerdos
2821 4851 2966 4903 enim
3007 4846 3222 4916 erat)et
3258 4843 3396 4898 dixit
3429 4860 3442 4895 :

1875 4948 2029 5003 Nunc
2078 4946 2311 5001 dimittis
2367 4959 2579 4999 servum
2616 4952 2789 5005 tuum,
2822 4938 3082 5001 Domine,
3140 4931 3445 4989 secundum

1871 5042 2096 5094 verbum
2136 5046 2290 5093 tuum
2344 5037 2398 5090 in
2452 5049 2606 5105 pace,
2674 5032 2933 5098 quoniam
2986 5028 3243 5083 viderunt
3301 5025 3449 5079 oculi

1879 5131 1986 5185 mei
2049 5129 2287 5184 salutare
2336 5136 2509 5193 tuum,
2544 5125 2690 5196 quod
2746 5120 3004 5192 paravisti
3064 5127 3191 5172 ante
3250 5116 3447 5170 faciem

1879 5222 2120 5277 omnium
2156 5220 2507 5289 populorum,
2546 5218 2731 5270 lumen
2775 5215 2829 5267 in
2879 5211 3268 5267 revelationem
3314 5222 3449 5277 gen-

1882 5314 2116 5381 tium,§ct
2139 5310 2367 5382 gloriam
2386 5308 2569 5379 populi
2592 5308 2670 5363 tui
2690 5307 2871 5361 Israel.
2908 5324 2925 5356 ι
2957 5304 3023 5357 Ει
3045 5315 3348 5355 conversus
3378 5297 3447 5351 ad

1880 5405 2144 5473 virginem
2172 5402 2412 5463 Mariam
2449 5401 2583 5454 dixit
2627 5416 2640 5453 :
2682 5399 2872 5465 c;Ecce
2900 5395 3111 5464 positus
3148 5398 3232 5446 est
3271 5390 3360 5444 hic
3392 5391 3450 5443 in

1881 5498 2093 5549 ruinam
2154 5504 2209 5548 et
2245 5492 2702 5548 resurrecuonem
2752 5489 3048 5542 multorum
3095 5485 3150 5537 in
3181 5479 3459 5546 Isracl,ch

1879 5586 1932 5639 in
1965 5586 2195 5656 signum
2226 5586 2314 5641 cui
2366 5584 2783 5641 contradicitur.
2810 5582 2876 5635 Et
2928 5588 3071 5632 tuam
3106 5576 3283 5648 ipsius
3324 5569 3459 5627 ani-

275 5759 298 5790 ’
337 5758 571 5823 Zachar,
599 5772 695 5824 xit,
734 5758 819 5813 l0.
893 5757 915 5791 ³
950 5758 1176 5815 Zaeliar.
1205 5776 1312 5826 xlv,
1351 5760 1401 5825 θ,
1437 5761 1488 5813 7.
1565 5759 1585 5791 ⁸
1622 5759 1719 5813 lsa.
1757 5773 1869 5825 Llll.
1910 5757 1965 5824 '2,
1998 5760 2051 5812 5.
