4204 6444
190 434 298 496 477

1146 440 1449 501 CONTRA
1496 441 1980 507 MAHOMETEM
2019 450 2395 513 APOLOGIA
2440 456 2522 516 II.

3323 470 3433 532 178

180 547 309 597 ἀντὶ
342 544 436 599 τοῦ
477 547 715 618 Χριστοῦ
747 549 1098 621 ἐσταύρωσαν
1155 557 1203 607 οἱ
1247 556 1513 624 Ἰουδαῖοι,
1546 573 1748 627 φαντα-

1851 565 1999 632 quod
2034 567 2151 636 ipse
2189 570 2485 625 cruciﬁxus
2517 573 2608 635 sit,
2642 573 2735 628 sed
2767 573 3091 634 Musulmani
3116 596 3214 637 ceu
3246 580 3431 638 hono-

183 637 405 700 σθέντες
439 641 521 692 ὅτι
540 640 700 704 αὑτός
733 644 880 696 ἐστιν
910 643 1211 713 ὀΧριστός.
1244 646 1355 701 Κᾶν
1384 649 1492 719 γὰρ
1519 650 1750 703 καθόλου

182 728 282 780 ἐπὶ
308 728 404 780 τοῦ
444 730 682 799 Χριστοῦ
716 733 777 783 οὺ
805 732 1063 802 δοξάζητε
1126 738 1447 803 φαντασίαν,
1485 740 1600 792 ἀλλ’
1630 742 1751 793 ἐπεὶ

178 818 431 869 ὁπωσοῦν
451 820 636 886 λέγετε
671 822 795 890 περὶ
832 823 998 875 αὐτοῦ
1040 826 1120 877 ὅτι
1147 826 1366 893 ἐγένετο
1415 829 1541 881 ἄλλο
1602 831 1750 900 παρὰ

179 908 280 975 τὴν
306 908 591 977 ἀλήθειαν,
629 912 1020 983 ἀπαραιτήτως
1051 916 1146 967 καὶ
1181 918 1339 986 ὑμεῖς
1387 922 1466 982 εἰς
1506 921 1605 989 τὴν
1653 921 1748 973 αὺ-

177 1001 278 1064 τὴν
310 1002 671 1068 περιπίπτετε
723 1003 948 1071 πλάνην.
986 1004 1178 1074 Ὅμως
1243 1009 1401 1079 εἴπερ
1457 1010 1745 1078 συνέλθητε

180 1088 299 1152 μετ’
331 1090 561 1141 ἐκείνων
608 1092 687 1153 εἰς
721 1092 931 1160 λόγους,
977 1096 1070 1147 καὶ
1127 1096 1323 1150 ἐκεῖνοι
1376 1098 1473 1167 μὲν
1520 1101 1745 1152 εἴπωσιν

176 1176 259 1228 ὅτι
293 1179 573 1242 παντελῶς
631 1180 846 1247 ἐγένετο
888 1186 915 1235 6
966 1185 1201 1253 Χριστὸς
1253 1189 1395 1241 κατὰ
1445 1190 1744 1256 φαντασίαν

176 1266 493 1335 ἅνθρωπος,
547 1271 704 1339 ὑμεῖς
739 1273 793 1323 δὲ
837 1274 1211 1341 ἀντιλέγοντες
1268 1277 1456 1347 εἴπητε
1512 1280 1595 1331 ὅτι
1644 1281 1743 1333 οὐκ

178 1357 328 1409 ἔστιν
358 1357 555 1423 οὕτως,
590 1361 724 1413 ἀλλὰ
755 1365 893 1414 κατὰ
923 1364 1184 1433 ἀλήθειαν
1237 1368 1335 1435 μὲν
1394 1369 1609 1435 ἐγένετο
1647 1371 1742 1423 ἄν·

175 1442 418 1512 θρωπος,
447 1450 566 1500 ἐπεὶ
600 1450 656 1501 δὲ
681 1450 827 1520 μόνῳ
856 1454 930 1521 τῷ
951 1456 1111 1508 πάθει
1142 1458 1357 1523 ἐγένετο
1391 1462 1420 1528 ἡ
1450 1462 1740 1527 φαντασία,

176 1532 274 1582 καὶ
311 1534 470 1596 ἄλλος
503 1537 653 1589 ἐστὶν
685 1539 800 1591 ἀντ’
831 1542 1036 1593 ἐκείνου
1066 1547 1092 1595 6
1139 1547 1493 1614 σταυρωθεὶς,
1547 1550 1741 1601 ἐκεῖνοι

171 1622 219 1673 δ’
256 1618 417 1687 αὖθις
448 1626 775 1679 ἁντεῐπωσιν
806 1630 887 1681 ὅτι
926 1632 1050 1684 Ἐάν
1090 1635 1245 1701 ὑμεῖς
1277 1636 1376 1703 μὲν
1413 1636 1609 1705 λέγητε
1659 1641 1741 1693 ὅτι

171 1717 281 1764 ἀπὸ
310 1716 511 1783 μέρους
540 1718 757 1784 ἐγένετο
807 1723 839 1793 η
890 1726 1181 1790 φαντασία,
1217 1728 1376 1793 ἡμεῖς
1417 1728 1471 1780 δὲ
1514 1730 1741 1799 λέγομεν

171 1811 230 1859 τ),
265 1811 520 1874 καθόλου,
559 1815 610 1864 τί
672 1816 1125 1885 κατηγορούμεθα
1173 1820 1302 1889 παρ’
1352 1822 1524 1889 ὑμῶν,
1582 1823 1739 1893 εἴπερ

170 1901 403 1966 λέγομεν
433 1903 491 1952 τὸ
529 1903 751 1955 καθόλου
782 1908 1119 1972 φαντασίαν;
1154 1909 1273 1961 οὐδὲ
1306 1912 1411 1979 γαρ
1440 1912 1738 1964 ἀντίκειταί

170 2007 301 2040 ποτε
326 1992 385 2042 τὸ
416 1992 580 2061 μέρος
618 1995 697 2063 τῷ
724 1996 970 2049 καθόλου·
1007 2000 1196 2068 ἐρωτῶ
1232 2017 1311 2063 σε,
1341 2001 1393 2053 τί
1427 2004 1734 2069 ἀναγκαίαν

171 2084 265 2133 γειὶ
290 2082 729 2153 ὁμολογουμένην
750 2088 1041 2157 ἀπόκρισιν
1073 2091 1293 2157 μέλλετε
1324 2093 1506 2145 δοῦναι
1534 2097 1735 2161 αὐτοῖςς

171 2173 397 2235 Πάντως
428 2176 580 2243 ἔχετε
612 2180 787 2232 εἰπεῖν
816 2181 1093 2248 οὐδεμίαν.
1132 2183 1363 2246 Βλέπεις
1396 2184 1512 2247 πῶς
1542 2188 1567 2238 6
1589 2187 1738 2240 διδά-

170 2264 269 2327 ξας
302 2264 361 2316 τὸ
392 2268 630 2319 τοιοῦτον
664 2269 841 2339 δόγμα
872 2273 996 2333 τοὺς
1024 2273 1489 2342 Μουσουλμάνους
1524 2276 1733 2342 ἐδίδαξε

169 2355 360 2417 κακῶς
392 2373 405 2419 ;
439 2359 509 2409 Ἦ
539 2359 648 2428 γὰρ
680 2361 889 2426 ἀγνοῶν
924 2363 1159 2429 ἐδίδαξεν
1183 2364 1211 2415 ὃ
1264 2367 1364 2418 οὐκ
1419 2366 1732 2434 ἐγίνωσκεν,

169 2446 523 2513 ἦγινώσκων
560 2450 764 2519 ἔκρυψε
811 2451 908 2521 τὴν
962 2453 1244 2521 ἀλήθειαν.
1291 2455 1428 2509 Ἀλλ’
1480 2460 1636 2526 ἡμεῖς
1686 2460 1733 2511 οί

168 2541 489 2607 Χριστιανοὶ
543 2542 639 2611 οὐχ
668 2543 861 2605 οὕτως,
891 2545 1025 2597 ἀλλὰ
1059 2545 1399 2615 διδαχθέντες
1441 2548 1502 2599 τὸ
1532 2534 1733 2616 ἀληθὲς

169 2634 323 2700 ’παρά
359 2650 415 2683 τε
446 2634 552 2685 τῶν
597 2636 911 2703 προφητῶν,
979 2639 1130 2703 παρά
1171 2656 1227 2690 τε
1277 2639 1367 2691 τοῦ
1400 2640 1730 2707 Εὐαγγελίου

168 2724 264 2774 καὶ
305 2723 415 2774 τῶν
461 2724 719 2791 μαθητῶν
757 2724 849 2776 τοῦ
908 2726 1163 2793 Χριστοῦ,
1207 2728 1312 2778 τῶν
1371 2728 1729 2797 διδαχθέντων

167 2818 301 2886 παρ’
326 2815 516 2879 αὐτοῦ,
547 2816 690 2870 οὕτω
723 2816 1047 2884 φρονοῦμεν,
1088 2822 1180 2870 καὶ
1210 2820 1350 2871 οὕτω
1386 2820 1729 2888 πιστεύομεν,

162 2910 243 2956 εει
280 2907 309 2955 6
346 2907 468 2969 re;
504 2906 596 2957 τοῦ
646 2905 804 2973 Θεοῦ,
844 2908 1021 2975 σάρκα
1080 2908 1259 2961 λαϐὼν
1318 2911 1381 2961 ἐκ
1438 2909 1534 2979 τῆς
1571 2910 1729 2977 ἁγίας

166 2995 449 3063 Πλρθένου
500 2998 590 3047 καὶ
621 2995 909 3058 Θεοτόκου,
940 2998 1154 3063 ἐγένετο
1192 2999 1472 3068 ἄιθρωπος
1504 3000 1558 3052 ὰ)
1573 3000 1728 3066 τρεῖς,

164 3089 251 3134 aa"
289 3086 451 3145 αὐτὸς
490 3084 758 3137 ἀπέθανεν
790 3085 1027 3153 άληθῶς,
1059 3086 1152 3138 καὶ
1177 3088 1274 3138 οὐκ
1324 3088 1503 3150 ἄλλος.
1535 3088 1638 3141 Καὶ
1671 3092 1728 3140 ὲν

162 3174 240 3238 τῷ
275 3173 513 3241 σταυρῷ,
544 3172 744 3243 καὶτῷ
790 3175 976 3237 πάθει,
1026 3176 1119 3227 καὶ
1169 3178 1247 3244 τῷ
1308 3176 1521 3243 θανατω
1562 3180 1725 3231 αὑτοῦ

167 3264 526 3333 καυχώμεθα.
566 3266 672 3316 Καὶ
696 3266 745 3316 εἰ
774 3266 973 3334 βούλει,
1013 3269 1244 3321 ἄκουσον
1288 3269 1510 3321 Ἡσαΐου
1539 3271 1724 3338 λέγον·
1756 3246 1799 3303 C

163 3370 278 3417 τας,
315 3371 331 3402 t
368 3355 479 3405 Οὔκ
504 3352 648 3404 ἐστιν
681 3348 818 3414 εἶδος
852 3354 1025 3421 αὐτῷ,
1082 3356 1203 3407 οὐδὲ
1246 3357 1393 3421 δόξα.
1450 3359 1557 3410 Ital.
1590 3359 1731 3410 εἴδο-

167 3463 269 3512 μεν
301 3444 486 3508 αὐτὸν,
521 3444 613 3496 καὶ
643 3442 743 3496 οὐκ
775 3438 918 3513 εἶχεν
972 3442 1131 3507 εἶδος,
1174 3446 1295 3498 οὐδὲ
1333 3445 1548 3510 κάλλος,
1596 3449 1731 3500 ἀλλὰ

162 3537 223 3586 τὸ
253 3534 395 3597 εἶδος
423 3533 587 3587 αὑτοῦ
612 3537 828 3601 ἄτιμον,
857 3537 1105 3588 ἐκλεῖπον
1133 3536 1193 3589 τὸ
1226 3535 1363 3600 εἶδος
1391 3540 1554 3591 αὑτοῦ
1582 3540 1733 3607 παρὰ

162 3628 291 3687 τους
340 3626 491 3685 υἱοὺς
519 3624 627 3675 τῶν
663 3624 987 3694 ἀνθρώπων.
1037 3626 1361 3696 Ἀνθρωπος
1419 3632 1474 3681 ὲν
1543 3634 1729 3701 πληγῇ

162 3712 263 3777 ῶν,
292 3714 388 3763 καὶ
425 3710 579 3772 εἰδὼς
613 3711 802 3780 φέρειν
866 3712 1159 3781 μαλακίαν,
1209 3716 1290 3766 ὅτι
1344 3717 1730 3787 ἀπέστραπται

162 3803 222 3852 2‘3
256 3801 551 3871 πρόσωπον
576 3802 765 3864 αὑτοῦ,
792 3803 1089 3873 ἡτιμάσθη,
1152 3807 1245 3859 καὶ
1298 3809 1397 3860 οὐκ
1455 3810 1727 3879 ἐλογίσθη.

163 3890 334 3954 οὗτος
374 3892 470 3953 τὰς
498 3892 771 3962 ἁμαρτίας
807 3893 962 3961 ἡμῶν
994 3896 1171 3964 φέρει,
1227 3901 1318 3949 καὶ
1383 3904 1510 3967 περὶ
1573 3902 1729 3969 ἡμῶν

156 3986 440 4039 όδυνᾱται.
472 3984 577 4037 Καὶ
625 3986 785 4052 ἡμεῖς
827 3984 1194 4055 ἐλογισάμεθα
1252 3988 1415 4040 αὐτὸν
1470 3985 1609 4041 εἶναι
1673 3994 1731 4043 ἐν

161 4078 311 4144 πόνῳ
361 4076 455 4126 καὶ
509 4076 565 4126 ἐν
603 4074 787 4144 πληγῇ
856 4077 959 4128 ὑπὸ
1007 4076 1165 4143 Θεοῦ,
1226 4079 1317 4132 καὶ
1364 4080 1420 4130 ὲν
1466 4080 1727 4135 κακώσει,

162 4169 343 4229 Alma;
372 4166 430 4218 δὲ
459 4167 870 4237 ὲτραυματίσθη
905 4167 991 4219 διὰ
1038 4171 1131 4230 τὰς
1178 4171 1405 4239 ἀνομίας
1435 4172 1611 4239 ἡμῶν,
1638 4174 1731 4223 καὶ

163 4260 574 4328 ρεμαλάκισται
614 4258 699 4310 διὰ
730 4258 827 4318 τὰς
871 4260 1139 4329 ἁμαρτίας
1183 4262 1360 4330 ἡμῶν.
1394 4263 1613 4314 Παιδεία
1658 4266 1732 4316 εί-

162 4360 335 4421 ρηνης
368 4351 524 4419 ἡμῶν
568 4349 657 4401 ἐπ’
691 4349 875 4415 αὐτὸν,
932 4352 1007 4419 τῴ
1070 4351 1298 4419 μώλωπι
1366 4353 1529 4405 αὑτοῦ
1571 4356 1728 4423 ἡμεῖς

158 4443 417 4509 ιάθημεν.
453 4441 658 4501 Πάντες
709 4441 784 4503 ῶς
835 4441 1084 4510 πρόϐατα
1146 4443 1549 4511 ἐπλανήθημεν.
1606 4446 1730 4495 ’Λν-

1855 657 2031 710 raturi
2058 658 2208 711 illum
2228 659 2439 727 dicunt,
2458 663 2674 719 Iudaeos
2705 664 2871 719 alium
2897 668 3185 736 quemdam
3213 673 3427 728 Christi

1853 745 1972 799 loco
2030 748 2373 804 cruciﬁxisse
2398 794 2410 815 ,
2447 766 2568 806 cum
2622 755 3007 824 imaginatione
3044 758 3177 813 falsa
3208 761 3422 832 decepti

1850 836 1995 892 hunc
2010 838 2285 893 Christum
2304 857 2423 895 esse
2442 847 2775 911 putaverint.
2795 846 3104 902 Licetenim
3126 850 3178 902 in
3196 848 3421 905 Christo

1849 928 2211 983 universalem
2251 930 2400 985 illam
2451 932 2893 1002 imaginationem
2926 938 3039 991 sive
3072 939 3421 1006 phantasiam

1845 1034 1952 1073 non
1976 1020 2235 1088 probetis,
2260 1038 2382 1076 cum
2415 1034 2595 1077 tamen
2619 1026 2768 1080 illum
2791 1028 2973 1095 aliquo
2996 1029 3158 1083 modo
3176 1030 3258 1084 vel
3282 1042 3419 1084 tem-

1843 1123 1971 1177 pore
1986 1123 2015 1163 a
2032 1125 2155 1164 vera
2167 1111 2466 1165 substantia
2483 1114 2894 1184 degeneravisse
2908 1118 3122 1183 dicatis,
3135 1118 3251 1173 sine
3265 1121 3414 1173 omni

1842 1201 2209 1254 controversia
2246 1202 2300 1254 in
2328 1204 2581 1256 eumdem
2614 1221 2857 1259 errorem
2889 1207 3148 1262 inciditis.
3177 1208 3233 1262 Si
3266 1209 3412 1264 enim

1842 1291 2134 1359 aliquando
2171 1293 2327 1347 vobis
2358 1310 2483 1348 cum
2536 1295 2668 1364 ipsis
2705 1295 3003 1365 disputatio
3045 1299 3328 1365 incideret,
3359 1311 3416 1355 et

1842 1382 1918 1436 illi
1946 1383 2166 1451 quidem
2198 1385 2439 1440 dixerint
2467 1385 2751 1441 Christum
2787 1402 2885 1455 per
2914 1389 3097 1442 omnia
3137 1389 3414 1445 hominem

1840 1471 2006 1526 fuisse
2029 1474 2494 1541 imaginatorium,
2521 1492 2615 1531 vos
2640 1492 2773 1531 vero
2805 1479 2891 1532 his
2916 1494 2947 1534 e
2972 1486 3164 1534 eontra
3192 1495 3415 1549 respon-

1841 1564 2056 1627 deritis,
2095 1563 2241 1617 hunc
2300 1580 2492 1620 revera
2550 1567 2830 1621 hominem
2873 1584 3063 1622 verum
3110 1569 3301 1634 fuisse,
3357 1574 3412 1625 in

1841 1651 1957 1707 sola
2004 1663 2185 1707 autem
2220 1656 2473 1724 passione
2515 1655 2681 1711 fuisse
2716 1656 3182 1727 imaginatorium,
3218 1662 3418 1714 alium-

1841 1759 1947 1813 que
1995 1746 2114 1799 loco
2150 1746 2292 1801 illius
2324 1747 2641 1801 crucifixum
2699 1763 2840 1813 esse,
2893 1750 2945 1803 hi
2996 1759 3178 1804 autem
3230 1752 3413 1806 denuo

1844 1834 2161 1900 obiecerint,
2205 1836 2357 1901 Quod
2390 1837 2432 1889 si
2474 1852 2569 1890 vos
2631 1837 3018 1905 particularem
3073 1839 3411 1905 phantasiam

1841 1925 1924 1978 vel
1950 1926 2390 1994 imaginationem
2425 1928 2478 1979 in
2509 1926 2729 1981 Christo
2771 1927 2966 1981 factam
2999 1928 3168 1982 fuisse
3205 1930 3409 1991 dicitis,

1840 2031 1937 2069 cur
1968 2030 2066 2068 nos
2101 2018 2194 2083 qui
2228 2017 2600 2071 universalem
2637 2024 2955 2082 asserimus,
2992 2030 3213 2087 propter
3246 2020 3347 2075 hoc
3380 2036 3410 2073 a

1838 2106 1993 2160 vobis
2026 2108 2385 2161 damnamur?
2417 2108 2758 2162 Particulare
2784 2110 2929 2163 enim
2962 2126 3085 2164 cum
3118 2111 3408 2165 universali

1837 2212 1944 2250 non
2002 2207 2221 2267 pugnat.
2247 2198 2321 2251 Te
2348 2199 2418 2252 ita
2440 2216 2528 2265 tuo
2562 2201 2860 2270 interrogo,
2909 2217 3072 2270 quam
3099 2202 3409 2269 responsio-

1838 2304 1959 2343 nem
2014 2288 2123 2342 illis
2173 2288 2417 2343 aﬂ'eretis
2449 2289 2669 2358 dignam
2716 2300 2772 2344 et
2824 2292 3203 2359 probabilem?
3235 2292 3406 2357 Quam

1836 2384 1986 2428 certe
2017 2374 2126 2428 huc
2156 2375 2426 2439 aﬂ‘eratis,
2461 2376 2666 2429 nullam
2716 2377 2927 2432 habetis
2972 2379 3216 2433 omnino.
3246 2380 3409 2434 Vidrs

1836 2465 2003 2532 igitur
2048 2481 2211 2534 quam
2256 2480 2510 2534 perverse
2558 2466 2927 2520 Musulmanos
2963 2468 3284 2530 instituerit,
3315 2469 3406 2536 qui

1836 2554 2148 2623 huiusmodi
2198 2553 2393 2622 dogma
2450 2553 2623 2618 dedit,
2664 2554 2780 2607 sive
2812 2555 3019 2608 inscius
3051 2570 3255 2617 rerum,
3289 2571 3411 2622 quae

1834 2660 1941 2698 non
2002 2644 2308 2707 intellexit,
2360 2644 2640 2708 docuerit;
2682 2645 2795 2699 sive
2845 2660 2901 2699 re
2949 2647 3095 2699 omni
3153 2647 3406 2715 cognita,

1834 2736 2120 2789 veritatem
2154 2743 2333 2788 tamen
2384 2734 2708 2788 occuluerit.
2743 2736 2917 2789 Aliter
2951 2752 3085 2791 vero
3127 2752 3225 2791 nos
3253 2737 3410 2791 Chri-

1833 2826 1997 2881 stiani
2058 2826 2342 2881 veritatem
2399 2827 2577 2881 edocti
2639 2828 2707 2883 ab
2775 2828 2911 2895 ipsis
2981 2830 3285 2897 pr0phetis,
3340 2846 3409 2884 ex

1831 2915 2127 2982 Evangelio
2159 2930 2377 2984 quoque
2412 2925 2467 2969 et
2502 2916 2788 2986 discipulis
2817 2932 2845 2970 a
2887 2917 3106 2971 Christo
3142 2920 3408 2973 institutis

1832 3009 1911 3063 sic
1934 3009 2220 3071 sentimus,
2240 3009 2386 3063 etsic
2423 3008 2731 3063 credimus:
2754 3009 2903 3077 quod
2932 3009 3099 3063 Filius
3125 3009 3215 3063 Dei
3241 3026 3407 3065 carne

1830 3098 2103 3171 assumpta
2138 3118 2203 3156 ex
2236 3115 2422 3158 sancta
2444 3113 2499 3158 et
2524 3105 2754 3173 Deipara
2787 3106 3008 3174 Virgine
3050 3106 3216 3160 homo
3246 3122 3410 3163 verus

1832 3201 1989 3247 natus
2009 3198 2097 3255 sit,
2119 3202 2173 3247 et
2194 3192 2337 3247 idem
2358 3195 2471 3262 ipse
2498 3210 2625 3248 vere
2642 3196 2713 3248 sit
2734 3204 3003 3259 mortuus,
3022 3207 3077 3251 et
3101 3212 3206 3250 non
3225 3199 3405 3253 alius:

1835 3290 1890 3338 et
1919 3284 1971 3337 in
2002 3299 2187 3347 cruce,
2220 3294 2274 3337 et
2301 3284 2353 3337 in
2386 3287 2640 3352 passione
2668 3295 2724 3339 et
2759 3286 2813 3339 in
2852 3298 3029 3340 morte
3058 3288 3176 3355 ejus
3208 3287 3409 3355 gloria-

1834 3389 1976 3427 mur.
2029 3373 2184 3437 Quod
2246 3374 2289 3427 si
2345 3374 2611 3438 volueris,
2641 3376 2832 3430 lsaiam
2884 3376 3158 3431 dicentem
3220 3377 3347 3430 audi
3391 3393 3406 3431 :

1841 3479 1858 3512 ‹
1894 3461 2013 3515 Non
2063 3472 2148 3516 est
2198 3462 2410 3530 species
2461 3464 2534 3529 ei,
2590 3479 2769 3533 neque
2827 3465 3022 3535 gloria.
3059 3466 3126 3519 Et
3171 3467 3409 3521 vidimus

1833 3569 1980 3617 eum,
2029 3568 2128 3608 nec
2162 3552 2400 3607 habebat
2451 3556 2711 3623 speciem,
2753 3572 2929 3623 neque
2973 3558 3252 3613 decorem.
3300 3558 3408 3613 Sed

1834 3646 2041 3713 species
2070 3644 2188 3713 ejus
2229 3645 2575 3710 inhonorata,
2624 3663 2687 3701 ac
2750 3649 3009 3703 deﬁciens
3046 3651 3209 3704 decor
3239 3650 3411 3718 ipsius

1834 3751 1944 3804 prae
2000 3734 2124 3788 [iliis
2171 3735 2476 3789 hominum.
2516 3736 2689 3791 Homo
2743 3739 2798 3793 in
2846 3741 3000 3809 plaga
3039 3741 3412 3804 exsistens,et

1833 3824 2012 3877 sciens
2071 3823 2213 3877 ferre
2273 3824 2673 3890 inﬁrmitatem,
2726 3827 2851 3894 quia
2896 3812 3094 3882 aversa.
3115 3839 3200 3884 est
3244 3830 3410 3883 facies

1832 3917 1969 3985 ejus,
1993 3917 2247 3985 despecta
2273 3927 2375 3984 est,
2411 3927 2466 3973 et
2498 3936 2604 3974 non
2636 3930 2719 3975 est
2745 3930 3021 3990 reputata.
3054 3921 3154 3977 llic
3187 3932 3408 3991 peccata

1833 4016 2016 4061 nostra
2053 4019 2256 4077 portat,
2286 4020 2341 4063 et
2368 4025 2470 4079 pro
2495 4011 2657 4065 nobis
2679 4012 2849 4075 dolet,
2874 4021 2929 4067 et
2958 4027 3059 4067 nos
3095 4014 3409 4081 putavimus

1831 4114 1957 4151 eum
1984 4114 2101 4152 esse
2128 4101 2179 4151 in
2213 4100 2400 4153 dolore
2431 4111 2483 4154 et
2507 4101 2662 4170 plaga
2691 4117 2719 4156 a
2749 4103 2879 4165 Deo,
2913 4112 2968 4156 et
2999 4103 3052 4156 in
3088 4101 3405 4157 afﬂictione.

1833 4187 1955 4256 lpsc
1985 4190 2303 4244 vulneratus
2332 4200 2416 4243 est
2456 4201 2682 4261 propter
2727 4192 3048 4262 iniquitates
3080 4205 3318 4260 nostras,
3352 4203 3409 4249 et

1832 4280 2135 4333 infirmatus
2190 4290 2274 4334 est
2328 4290 2819 4352 propter‘peccata
2864 4293 3067 4339 nostra.
3106 4286 3407 4355 Disciplina

1830 4368 1983 4438 pacis
2032 4369 2193 4423 nobis
2250 4384 2417 4439 super
2478 4386 2604 4424 eum
2643 4389 2655 4425 :
2692 4372 2865 4426 livore
2925 4372 3046 4440 ejus
3093 4387 3197 4427 nos
3228 4374 3406 4427 sanati

1830 4475 2041 4515 sumus.
2077 4459 2279 4513 Omnes
2325 4469 2583 4528 tanquam
2621 4476 2750 4516 oves
2781 4464 3112 4516 erravimus.
3144 4461 3317 4517 Homo
3351 4465 3406 4517 in

156 4534 380 4602 θρωπος
410 4534 477 4600 τῇ
513 4532 616 4599 ὀδῷ
649 4530 813 4582 αὑτοῦ
842 4532 1143 4602 ἐπλανήθη,
1183 4533 1276 4584 καὶ
1322 4532 1518 4601 Κύριος
1556 4534 1725 4601 παρέ-
1755 4562 1762 4621 1

1831 4548 1913 4602 via
1943 4564 2040 4603 sua
2070 4549 2297 4611 erravit,
2333 4559 2388 4603 et
2436 4551 2703 4604 Dominus
2730 4552 2958 4605 tradidit
2986 4567 3112 4605 eum
3144 4551 3406 4620 iniquita-

157 4625 336 4675 δωκεν
364 4624 525 4675 αὑτὸν
557 4625 675 4683 ταῖς
706 4624 1006 4691 ἁμαρτίαις
1057 4624 1233 4693 ἡμῶν.
1289 4624 1393 4676 Καὶ
1428 4627 1588 4688 αὐτὸς
1636 4628 1725 4679 διὰ

153 4717 219 4768 τὸ
245 4714 620 4778 κεκακῶσθαι,
651 4715 749 4765 οὐκ
768 4714 972 4780 ἀνοίγει
1000 4713 1060 4766 τό
1092 4715 1263 4783 στόμα
1295 4716 1479 4770 αὐτοῦ.
1518 4736 1535 4767 ι
1575 4714 1724 4779 Εἶδες

159 4810 277 4869 πῶς
327 4808 427 4859 οὐκ
464 4806 810 4875 αἰσχύνονται
842 4808 890 4857 οἱ
917 4806 1233 4876 Χριστιανοὶ
1259 4807 1346 4859 διὰ
1379 4808 1439 4858 τὸ
1464 4808 1557 4860 τοῦ
1592 4810 1723 4877 Χρι-

159 4897 295 4950 στοῦ
355 4897 549 4960 πάθος,
606 4894 741 4949 ἀλλὰ
784 4899 878 4949 καὶ
938 4900 995 4949 ἐν
1053 4898 1202 4967 αὑτῷ
1247 4900 1586 4969 καυχῶνται,
1636 4904 1727 4953 καὶ

152 4987 374 5055 τρανῶς
425 4989 531 5037 εἰσι
564 4986 723 5038 τοῦτο
788 4987 1189 5056 κηρύττοντες;
1246 4991 1408 5053 Ποίας
1464 4994 1568 5062 γὰρ
1605 4994 1727 5064 ἐξη-

156 5083 376 5145 ϊῂσεως
398 5076 568 5128 δεῖται
600 5077 631 5145 ἡ
664 5077 916 5144 παροῦσα
947 5080 1255 5148 προφητεία
1283 5082 1436 5150 ἡλίου
1475 5083 1728 5154 καθαρώ·

154 5182 317 5232 τερον
348 5164 642 5232 λάμπουσα
673 5182 687 5229 ;
722 5163 818 5226 Τίς
875 5168 980 5233 γὰρ
1024 5167 1131 5219 τῶν
1187 5168 1489 5237 ἀνθρώπων
1532 5174 1728 5243 πάσχει

152 5256 223 5307 δι’
275 5254 439 5307 ἄλλου
498 5254 771 5322 ἁμαρτίας
838 5259 988 5325 παρά
1034 5258 1205 5323 Θεοῦ,
1261 5261 1479 5324 Πάντως
1534 5266 1727 5328 οᾷδείς.

151 5346 263 5399 Καὶ
310 5349 453 5407 τίνος
514 5346 624 5397 τῶν
664 5345 967 5415 ἀνθρώπων
1022 5348 1244 5413 θάνατος
1304 5354 1520 5420 ἐγένετο
1564 5356 1725 5410 ἄλλου

149 5439 464 5499 ἀνάστασις
497 5454 511 5502 ;
546 5436 645 5490 Καὶ
676 5439 817 5501 τίνος
850 5442 1129 5510 ἀρρωστία
1160 5446 1375 5509 ἐγένετό
1407 5463 1534 5499 ποτε
1560 5448 1722 5502 ἄλλου

151 5528 348 5592 ὑγεία;
379 5529 602 5591 Πάντως
632 5529 778 5598 ἔχεις
820 5533 1016 5596 εἰπεῖν,
1082 5537 1310 5601 Οὐδενὸς
1351 5540 1511 5595 ἄλλου
1560 5544 1591 5611 ἢ
1630 5544 1725 5597 τοῦ

148 5618 426 5687 Χριστοῦ.
489 5620 658 5682 Αὐτὸ,
716 5622 822 5691 γάρ
878 5624 1037 5692 μόνος
1098 5626 1296 5683 ἔπαθεν
1356 5632 1494 5701 ὑπὲρ
1547 5636 1725 5704 ἡμῶν,

223 5797 243 5827 ⁷
288 5799 391 5855 lsa.
425 5800 592 5864 ι.ιιι,,ί
633 5816 777 5871 seqq.

1835 4638 1983 4692 tibus
2010 4639 2236 4703 nostris,
2263 4648 2315 4693 et
2341 4640 2460 4709 ipse
2495 4650 2721 4710 propter
2748 4640 3101 4697 afﬂictionem
3140 4657 3246 4695 non
3278 4656 3409 4710 ape-

1832 4731 1944 4783 ruit
2009 4745 2070 4783 os
2114 4744 2272 4783 suum
2311 4731 2352 4785 ⁷.
2397 4749 2415 4782 ι
2480 4732 2958 4787 Animadvertisne
3025 4748 3133 4801 qua
3190 4736 3408 4787 ratione

1837 4816 1931 4869 ﬁat
1966 4825 2025 4869 ut
2055 4817 2397 4871 Christianos
2455 4819 2726 4887 passionis
2780 4818 2985 4873 Christi
3030 4835 3137 4873 non
3180 4820 3403 4889 pudeat,

1833 4911 1963 4976 quin
1988 4908 2170 4977 potius
2198 4910 2250 4961 in
2280 4909 2386 4962 hac
2427 4910 2756 4979 glorientur,
2789 4919 2847 4963 et
2888 4912 3033 4964 illam
3074 4911 3408 4979 prmdicent?

1827 4999 1943 5064 Qua
1989 5002 2135 5052 enim
2182 5000 2635 5069 interpretatione
2678 5002 2999 5054 vaticinium
3034 5002 3136 5056 hoc
3168 5017 3407 5069 praesens

1829 5091 1946 5159 ipso
1972 5089 2084 5143 sole
2117 5090 2456 5157 splendidius
2488 5091 2734 5160 indiget?
2771 5091 2904 5157 Quis
2931 5092 3077 5144 enim
3119 5090 3407 5144 hominum

1828 5195 1927 5249 pro
1960 5180 2187 5233 alterius
2241 5182 2485 5249 peccatis
2529 5184 2757 5249 patitur,
2795 5193 3166 5249 prmterquam
3222 5180 3407 5234 Deus?

1826 5270 2020 5324 Nullus
2068 5286 2219 5325 sane.
2276 5272 2444 5341 Cujus
2489 5274 2655 5325 etiam
2709 5273 2950 5326 hominis
2980 5287 3130 5326 mors
3176 5272 3407 5324 alterius

1836 5362 1902 5416 ﬁt
1931 5365 2306 5418 resurrectio?
2336 5363 2505 5434 Cujus
2557 5365 2823 5434 aegritudo
2858 5366 3089 5417 alterius
3135 5372 3221 5417 est
3259 5362 3407 5415 sani-

1837 5455 1953 5508 tas?
1981 5456 2160 5510 Fateri
2189 5458 2412 5509 omnino
2442 5465 2680 5525 oportet,
2717 5457 2860 5526 quod
2893 5457 2995 5510 hoc
3030 5471 3137 5509 non
3167 5455 3238 5508 sit
3267 5454 3407 5506 alte-

1835 5548 1949 5600 rius
1972 5563 2133 5615 quam
2172 5549 2341 5601 solius
2366 5548 2594 5603 Christi.
2622 5548 2743 5617 Ipse
2768 5549 2913 5601 enim
2949 5548 3098 5602 solus
3119 5562 3217 5616 pro
3249 5544 3409 5598 nobis

1833 5654 2025 5708 passus
2075 5650 2181 5706 est,
2242 5652 2298 5697 et
2349 5641 2466 5711 ipse
2536 5652 2884 5711 contemptus
2942 5653 3066 5708 est,
3120 5638 3215 5696 sed
3268 5650 3408 5691 com-
