4204 6444
749 406 859 473 479

1944 409 2263 469 JI‘ANNIS
2293 408 2814 469 CAN'l'ACUZENI

3891 410 4001 474 480

750 534 1018 593 templum
1085 521 1231 576 hunc
1292 521 1445 576 nihili
1518 522 1699 576 duxit.
1759 524 1878 591 Ipse
1950 535 2236 592 peccatum
2302 540 2332 581 e

2452 524 2539 578 ιαὶ
2583 525 2747 588 αὐτὸς
2765 526 3068 594 ἠτιμάσθη,
3110 524 3203 579 καὶ
3229 526 3327 581 οὐκ
3353 526 3636 595 ὲλογίσατό
3676 546 3725 582 τι
3758 528 3859 596 τὴν
3887 530 4006 581 ἀτι-

750 615 934 669 medio
995 614 1236 678 sustulit,
1302 622 1358 667 et
1397 615 1512 683 ipse
1564 628 1662 683 pro
1714 616 1875 669 nobis
1927 614 2167 669 afﬂictus
2218 627 2322 681 est,

747 715 805 759 ct
834 705 949 773 ipse
1000 705 1322 757 vulneratus
1351 712 1434 757 est
1465 711 1691 773 propter
1739 705 2057 773 iniquitates
2109 715 2327 760 nostras

752 806 815 849 ut
861 797 982 849 illas
1029 795 1271 858 deleret,
1319 805 1373 848 ct
1421 795 1596 850 livore
1648 796 1794 849 illius
1851 811 1951 850 nos
1993 811 2183 850 omnes
2225 812 2327 851 sa-

751 887 865 942 nati
900 902 1114 943 sumus.
1157 887 1330 940 Moses
1356 902 1483 941 vero
1517 888 1595 942 sic
1618 888 1751 941 dixit
1777 903 1790 938 :
1822 906 1839 937 ι
1864 887 2131 941 Videbitis
2159 888 2327 942 vitam

751 987 994 1033 vestram
1040 994 1360 1047 suspensam
1395 988 1521 1035 ante
1552 980 1745 1035 oculos
1789 990 2000 1034 vestros
2020 980 2063 1033 ⁸.
2106 998 2124 1032 ι
2160 980 2329 1050 Cujus

755 1070 901 1122 enim
924 1070 1031 1122 vita
1063 1069 1322 1136 suspendi
1348 1079 1523 1138 potest
1544 1078 1668 1123 ante
1695 1070 1883 1124 oculos
1910 1070 2139 1138 alicujus
2159 1070 2332 1124 ?Nu|-

756 1159 864 1212 lius
884 1158 1128 1211 omnino.
1158 1159 1263 1213 Sed
1290 1160 1439 1213 solus
1459 1158 1714 1215 Christus
1742 1161 1796 1213 in
1838 1176 2000 1215 cruce
2030 1177 2332 1230 suspensus

760 1257 862 1309 est,
891 1248 982 1315 qui
1006 1258 1089 1302 cst
1111 1249 1221 1302 vita
1251 1248 1460 1302 mundi.
1490 1249 1611 1318 Ipse
1633 1250 1863 1319 enimjde
1896 1266 1954 1304 se
1972 1250 2109 1303 dixit
2134 1269 2147 1305 :
2178 1270 2195 1300 ι
2223 1252 2332 1321 Ego

757 1352 875 1391 sum
918 1339 1051 1403 vita,
1094 1354 1194 1407 ego
1230 1354 1349 1392 sum
1378 1340 1488 1405 via,
1536 1356 1634 1409 ego
1666 1355 1784 1393 sum
1832 1341 2090 1396 veritas’.
2127 1360 2144 1392 ι
2176 1341 2333 1396 Nunc

759 1427 1023 1481 nimirum
1081 1429 1389 1499 intelligis,
1457 1431 1753 1499 prophetas
1802 1430 1967 1486 etiam
2026 1433 2095 1487 de
2159 1442 2335 1488 morte

758 1518 985 1585 Christi,
1017 1521 1479 1589 quemadmodum
1524 1522 1591 1575 de
1635 1522 1864 1591 reliquis
1900 1524 2175 1589 omnibus,
2216 1540 2336 1579 esse

758 1610 1108 1666 vaticinatus.
1144 1612 1393 1680 Agnosce
1429 1613 1617 1683 igitur,
1644 1614 1788 1682 quod
1833 1614 2059 1669 indubie
2085 1614 2337 1670 Christus

763 1700 879 1769 ipse
912 1711 1165 1757 mortuus
1211 1704 1302 1757 sit.
1332 1704 1421 1757 lllc
1472 1706 1586 1773 ipse
1626 1707 1773 1759 enim
1808 1707 2105 1761 cruciﬁxus
2159 1717 2241 1761 est
2283 1716 2339 1762 et

762 1800 1033 1852 mortuus.
1068 1803 1121 1846 ct
1182 1810 1289 1848 non
1340 1795 1501 1857 alius,
1558 1805 1619 1849 ut
1668 1812 1766 1850 vos
1818 1796 2000 1851 dicere
2032 1797 2240 1851 soletis.
2275 1799 2340 1852 Et

760 1883 935 1935 livore
992 1885 1138 1939 illius
1179 1902 1371 1940 omnes
1420 1897 1595 1941 sanati
1651 1904 1863 1949 sumus,
1898 1899 1953 1942 et
2009 1899 2185 1943 morte
2223 1890 2341 1958 ejus

764 1990 957 2030 omnes
1017 1993 1209 2031 sumus
1281 1979 1573 2045 vivificati,
1625 1990 1681 2034 et
1740 1982 2146 2036 resurrectione
2196 1982 2341 2036 illius

764 2081 957 2121 omnes
1013 2069 1262 2133 vicimus,
1302 2079 1357 2124 ct
1405 2086 1566 2124 cruce
1599 2072 1745 2125 illius
1788 2072 1987 2127 abolita
2026 2081 2109 2126 est
2138 2073 2341 2127 diaboli

766 2161 1012 2227 tyrannis
1071 2162 1371 2229 mortisque
1434 2164 1701 2230 potentia.
1736 2163 1792 2217 Si
1840 2179 1969 2217 vero
2012 2164 2137 2232 quis
2193 2180 2341 2219 nunc

764 2247 990 2316 obiiciat
1028 2267 1041 2302 :
1077 2250 1179 2315 Qui
1240 2251 1405 2321 igitur
1454 2252 1744 2322 contingit,
1788 2264 1846 2307 ut
1894 2252 2147 2308 homines
2176 2257 2341 2308 etiam

766 2355 917 2393 nunc
951 2342 1281 2407 moriantur,
1311 2353 1365 2397 et
1399 2344 1651 2398 diabolus
1681 2344 1862 2399 adhuc
1909 2346 2049 2400 liber
2079 2347 2191 2400 sit?
2228 2356 2345 2401 ten-

765 2442 884 2485 tare
914 2433 1058 2486 enim
1098 2434 1349 2488 homines
1376 2450 1719 2503 nequaquam
1762 2436 1985 2498 desiuit,
2010 2437 2103 2490 sed
2130 2452 2344 2491 summo

765 2524 949 2577 studio
980 2540 1169 2579 omnes
1216 2526 1281 2579 ad
1325 2526 1659 2594 peccandum
1694 2527 1924 2594 incitat;
1960 2528 2091 2582 huic
2136 2543 2235 2583 nos
2267 2529 2345 2583 sic

768 2616 1227 2685 respondebimus
1271 2635 1284 2671 :
1322 2618 1477 2681 llaec,
1529 2634 1690 2687 quam
1756 2634 1859 2673 nos
1930 2628 2164 2675 mortem
2224 2637 2345 2676 esse

764 2714 1044 2773 putamus,
1089 2723 1235 2761 mors
1280 2722 1387 2761 non
1423 2718 1547 2773 est,
1579 2708 1671 2762 sed
1707 2723 1955 2763 somnus.
2003 2709 2142 2764 Olim
2198 2711 2345 2764 enim

767 2816 916 2856 mors
971 2802 1094 2856 talis
1124 2812 1262 2866 erat,
1317 2818 1438 2871 qua:
1486 2803 1903 2857 resurrectione
1958 2801 2200 2868 carebat,
2249 2803 2344 2857 sed

768 2893 1159 2948 detinebantur
1194 2896 1248 2949 in
1296 2895 1514 2950 inferno
1550 2896 1767 2959 animae,
1801 2911 1948 2949 nunc
2003 2911 2134 2950 vero
2171 2911 2349 2949 rcsnr-

767 2982 1015 3037 rectione
1078 2984 1238 3039 nobis
1271 3000 1300 3038 a
1343 2984 1452 3039 Deo
1502 2984 1726 3049 donata,
1759 2994 2019 3053 tanquam
2054 2998 2119 3038 ex
2155 2999 2348 3039 somno

768 3077 1139 3129 resurrecturi
1173 3092 1364 3131 sumus
1404 3091 1595 3130 omnes
1630 3076 1902 3139 homines,
1935 3085 2043 3131 tam
2080 3076 2153 3147 pii
2183 3092 2347 3147 quam

2436 619 2583 686 μίαν.
2627 618 2799 679 Αὐτὸς
2848 613 2948 686 ἦρε
2981 619 3079 686 τὴν
3127 620 3406 689 ἁμαρτίαν
3459 620 3524 671 ἐκ
3568 620 3662 672 τοῦ
3694 619 3884 688 μέσου,
3915 620 4010 672 καὶ

2435 710 2599 770 αὑτδς
2631 708 2883 779 ὼδυνήθη
2914 709 3055 778 ὑπὶρ
3078 712 3260 779 ἡμῶν,
3282 713 3376 779 κα),
3400 713 3563 775 αὐτὸς
3590 712 4009 781 ἐτρωματίσθη

2435 800 2522 854 διὰ
2556 800 2656 862 τὰς
2695 802 2931 869 ἀνομίας
2984 802 3162 871 ἡμῶν,
3199 803 3284 856 ῖνα
3348 804 3523 867 αὐτάς
3575 803 3877 873 ἀπαλείφει·
3916 804 4012 854 καὶ

2434 892 2513 963 τῷ
2590 892 2817 961 μώλωπι
2877 893 3045 946 αὑτοῦ
3089 894 3254 962 ἡμεῖς
3307 894 3508 954 πάντες
3565 894 3819 960 ίάθημεν.
3858 892 3921 945 Ὀ
3958 892 4013 944 δὲ

2436 985 2701 1054 Βίωοῦσῆς
2736 983 2908 1046 οὕτως
2931 983 3180 1053 εἷρηκεν,
3218 1003 3235 1035 ι
3278 984 3513 1053 ὐψεσθε
3548 984 3646 1051 τὴν
3672 983 3819 1053 ζωὴν
3851 982 4013 1050 ἡμῶν

2440 1076 2799 1146 κρεμαμένην
2824 1075 3089 1128 ἀπέναντι
3116 1075 3223 1127 τῶν
3256 1076 3553 1144 ὀφθαλμῶν
3581 1076 3754 1143 ὑμῶν.
3798 1096 3817 1126 ι
3855 1074 4016 1137 Τίνος

2443 1167 2556 1237 ζωὴ
2584 1168 2810 1221 δύναται
2850 1168 3232 1237 κρεμασθῆναι
3282 1168 3542 1220 ἀπέναντι
3580 1170 3687 1220 τῶν
3714 1167 4017 1235 ὀφθαλμῶν

2441 1259 2596 1327 ὑμῶν
2625 1277 2639 1323 ;
2670 1259 2896 1320 Πάντως
2925 1258 3161 1319 οὐδενός.
3201 1258 3362 1310 Ἀλλά
3393 1260 3487 1311 καὶ
3524 1258 3683 1326 μόνος
3717 1261 3744 1309 6
3778 1257 4018 1326 Χριστος

2441 1345 2756 1417 ἐκρεμάσθη
2806 1348 2902 1398 ἐπὶ
2935 1344 3029 1398 τοῦ
3081 1345 3339 1413 σταυροῦ,
3396 1346 3454 1408 ὃς
3494 1348 3697 1413 ἐστινὴ
3750 1344 3864 1410 ζωὴ
3921 1344 4016 1397 τοῦ

2442 1435 2671 1503 κόσμου.
2708 1433 2875 1490 Αὐτὸς
2900 1435 3007 1503 γὰρ
3037 1434 3226 1501 εἴρηκε
3264 1432 3394 1499 περὶ
3423 1431 3611 1493 αὑτοῦ,
3661 1450 3678 1481 ι
3732 1429 3874 1495 Ἐγώ
3901 1431 4017 1497 εἰμι

2443 1524 2477 1593 ἡ
2508 1523 2643 1593 ζωὴ,
2669 1524 2780 1591 ἐγὼ
2813 1526 2846 1592 ἡ
2880 1523 3017 1588 ὁδὸς,
3050 1524 3162 1590 ἐγὼ
3194 1527 3225 1594 ἡ
3261 1524 3516 1592 ἀλήθεια.
3558 1542 3575 1573 ι
3619 1524 3849 1581 Βλέπεις
3898 1522 4019 1583 πῶς

2446 1613 2604 1668 εἶπον
2636 1618 2686 1669 οἱ
2718 1620 2996 1687 προφῆται
3028 1619 3158 1685 περὶ
3187 1617 3281 1668 τοῦ
3344 1617 3579 1669 θανάτου
3618 1615 3711 1667 τοῦ
3752 1614 4019 1683 Χριστοῦ,

2445 1706 2520 1768 ὡς
2554 1708 2802 1777 καὶπερὶ
2834 1709 2945 1761 τῶν
2989 1709 3165 1763 ἄλλων
3213 1709 3469 1771 πάντωνς
3511 1708 3608 1759 Διὰ
3647 1707 3804 1759 τοῦτο
3853 1708 4022 1772 γίνω-

2450 1817 2546 1852 σκε
2578 1801 2661 1852 ὅτι
2703 1800 3156 1869 ὁμολογουμένως
3210 1799 3481 1852 ἀπέθανεν
3534 1800 3561 1849 6
3620 1800 3879 1867 Χριστὸς,
3926 1799 4021 1848 καὶ

2445 1891 2606 1953 αὐτός
2634 1892 2831 1944 ὲστινὸ
2885 1891 3223 1961 σταυρωθεὶς
3272 1889 3363 1943 καὶ
3412 1888 3719 1953 ἀποθανὼν,
3775 1888 3871 1939 καὶ
3921 1888 4022 1939 οὐκ

2445 1983 2627 2048 ἀλλος,
2655 1984 2727 2046 ὡς
2760 1985 2917 2053 ὑμεῖς
2951 1983 3137 2049 λέγετε
3159 2000 3173 2013 ο
3206 1984 3299 2034 καὶ
3321 1981 3397 2051 τῷ
3442 1981 3668 2046 μώλωπι
3703 1978 3871 2033 αὐτοῦ
3892 1979 4025 2031 πάν·

2444 2094 2535 2139 τες
2580 2076 2835 2146 ίάθημεν,
2869 2076 2965 2129 καὶ
2993 2074 3069 2143 τῷ
3101 2074 3318 2142 θανάτῳ
3362 2074 3526 2128 αὐτοῦ
3587 2074 3787 2134 πάντες
3853 2073 4023 2134 ἐζωο-

2444 2171 2774 2240 ποιήθημεν,
2809 2170 2904 2221 καὶ
2953 2172 3017 2236 τῇ
3070 2169 3368 2221 ἀναστάσει
3405 2168 3571 2220 αὑτοῦ
3608 2169 3812 2227 πάντες
3840 2166 4027 2232 ἐνικὴ-

2446 2282 2641 2332 σαμεν,
2672 2263 2765 2315 καὶ
2794 2261 2871 2331 τῷ
2905 2260 3123 2329 σταυρῷ
3155 2258 3321 2311 αὑτοῦ
3355 2277 3491 2324 κατη
3505 2258 3680 2328 ργὴθη
3709 2260 3741 2327 ἡ
3770 2256 3867 2309 τοῦ
3916 2257 4025 2307 δια·

2446 2351 2601 2402 ϐόλου
2631 2348 2905 2417 τυραννὶς,
2933 2347 3151 2400 καὶτοῦ
3204 2346 3435 2398 θανάτου
3470 2348 3526 2399 τὺ
3581 2348 3798 2415 κράτος.
3864 2347 3922 2397 EE
3982 2345 4028 2396 δ’

2446 2443 2576 2502 ἴσως
2611 2441 2727 2509 ὲρεϊ
2754 2457 2837 2500 τις
2866 2440 2946 2492 ὅτι
2982 2438 3092 2493 Καὶ
3121 2438 3236 2501 πῶς
3268 2440 3385 2491 ἐστι
3420 2438 3601 2503 τοῦτο,
3636 2440 3757 2492 ἐπεὶ
3800 2440 3944 2491 κατά
3968 2439 4029 2490 th

2455 2532 2629 2601 παρὸν
2655 2533 2703 2583 οί
2764 2531 3045 2601 ἄνθρωποι
3085 2530 3548 2600 ἀποθνήσκουσιν,
3584 2533 3675 2583 καὶ
3710 2534 3738 2584 6
3778 2532 4029 2592 διάϐολος

2447 2624 2527 2676 ἔτι
2563 2623 2849 2692 ἐλεύθερός
2877 2625 3015 2685 ἔστι,
3067 2622 3247 2689 διόλου
3307 2624 3417 2690 γάρ
3454 2622 3740 2690 πειράζειν
3770 2624 3896 2684 τοὶς
3931 2624 4030 2676 άν-

2448 2713 2699 2782 θρὼπους
2722 2712 2782 2765 ού
2814 2711 3068 2777 παύεται,
3129 2711 3266 2764 ἀλλὰ
3290 2712 3501 2781 μεγάλῃ
3534 2714 3599 2781 τῇ
3660 2712 3868 2781 σπουδῇ
3923 2712 4033 2764 6t:-

2448 2805 2623 2874 γείρει
2656 2804 2837 2857 πάντα
2872 2803 3162 2874 ἄνθρωπον
3189 2802 3567 2871 άμαρτάνειν;
3591 2804 3751 2869 ἡμεῖς
3790 2802 4033 2871 ἐροῦμεν

2450 2897 2581 2966 πρὸς
2605 2895 2767 2947 αὑτὸν
2802 2894 3007 2957 οὕτως,
3055 2894 3135 2946 ὅτι
3166 2894 3194 2945 6
3245 2893 3595 2960 νομιζόμενος
3654 2892 3885 2953 θάνατος
3928 2892 4031 2944 οὐκ

2450 2986 2839 3048 ἔστιθάνατος,
2876 2983 3011 3036 ἀλλά
3034 2982 3220 3044 ὕπνος.
3265 2981 3401 3033 Τότε
3433 2980 3541 3049 γὰρ
3596 2975 3664 3049 ἧν
3707 2982 3735 3033 6
3796 2980 4032 3042 θάνατος

2451 3078 2699 3140 θάνατος,
2728 3079 2817 3129 ὅτε
2845 3076 2944 3129 οὐκ
2971 3068 3039 3145 ἦν
3071 3075 3390 3135 ἀνάστασις,
3437 3072 3571 3125 ἀλλὰ
3622 3073 3944 3139 κατείχοντο
3976 3074 4037 3125 αἱ

772 3164 945 3233 impii.
977 3166 1042 3219 Et
1068 3167 1372 3231 considera,
1395 3182 1598 3236 quaeso,
1619 3182 1734 3220 rem
1777 3167 2117 3222 tremendam
2144 3179 2200 3223 et
2220 3169 2343 3223 hor-

2452 3170 2619 3239 ψυχαὶ
2646 3168 2748 3219 ὑπὸ
2780 3166 2874 3219 τοῦ
2932 3166 3084 3257 ᾅδου.
3123 3164 3237 3217 Νῦν
3288 3164 3343 3216 δὲ
3400 3165 3523 3215 ἐπεὶ
3582 3164 3833 3232 ἐδωρήθη
3891 3166 4028 3233 ἡμῖν

772 3255 1007 3310 ribilcm.
1043 3258 1102 3309 ln
1132 3254 1411 3312 hominem
1461 3259 1606 3312 enim
1668 3259 1879 3313 ratione
1912 3268 1967 3313 et
2001 3274 2169 3314 sensu
2213 3275 2351 3328 prae-

774 3346 947 3398 ditum
995 3346 1063 3398 ab
1091 3347 1296 3400 Adamo
1326 3362 1474 3400 mors
1507 3348 1776 3416 regnavit,
1818 3350 1871 3401 in
1903 3362 2121 3402 onmem
2177 3349 2354 3403 homi-

773 3453 1075 3502 nem;nec
1144 3450 1264 3493 erat
1341 3439 1672 3493 resurrectio
1734 3440 1789 3493 in
1857 3440 2174 3495 hominibus
2234 3442 2351 3496 sine

684 3523 689 3527 ’
772 3529 1015 3595 Christo,
1053 3530 1514 3599 quemadmodum
1536 3531 1818 3600 propheta:
1855 3532 2035 3587 testati
2073 3543 2219 3587 sunt.
2248 3534 2352 3588 Per

773 3618 979 3675 Christi
1016 3636 1147 3675 vero
1183 3632 1413 3674 mortem
1471 3636 1617 3675 mors
1659 3620 1747 3675 illa
1789 3621 1999 3692 dejecta
2043 3633 2129 3677 est
2175 3631 2229 3675 ct
2263 3638 2354 3678 su-

776 3725 991 3779 perata,
1021 3713 1281 3781 venitque
1333 3712 1663 3765 resurrectio
1717 3727 1733 3765 :
1784 3721 1839 3766 et
1870 3722 2044 3767 morte
2075 3714 2352 3768 confracta

777 3800 1043 3854 liberatus
1076 3812 1158 3855 est
1192 3810 1335 3855 totus
1364 3800 1603 3855 mundus
1650 3815 1680 3853 a
1714 3809 1981 3868 potestate
2012 3801 2244 3864 Satamc,
2298 3812 2353 3856 et

780 3894 1071 3948 credentes
1096 3896 1149 3949 in
1183 3896 1458 3950 Christum
1483 3906 1660 3951 etnon
1680 3899 1991 3952 credentes.
2019 3898 2242 3962 Omnes,
2272 3899 2354 3952 iu-

781 4004 965 4057 quam,
1001 4005 1029 4042 a
1081 3989 1365 4057 tyrannide
1408 3990 1606 4043 diaboli
1643 3999 1771 4044 sunt
1817 3990 2055 4044 liberati.
2100 3991 2168 4044 Et
2197 4006 2350 4055 sane,

782 4080 888 4132 nisi
922 4080 1248 4133 Musulmani
1287 4079 1577 4135 crederent
1604 4082 2063 4134 resurrectionem
2094 4096 2235 4146 esse,
2270 4096 2357 4135 ra-

785 4170 966 4225 tiones
1010 4179 1189 4226 certas
1238 4171 1580 4235 aﬂ‘erremus,
1638 4171 1839 4241 quibus
1896 4187 2017 4225 eam
2069 4186 2357 4241 possemus

783 4260 1183 4331 comprobare;
1218 4277 1340 4316 eum
1372 4277 1497 4315 vero
1525 4261 1712 4331 etipsi
1742 4262 1986 4315 eamdem
2021 4262 2356 4331 amplectan-

784 4358 875 4401 tur
912 4358 968 4403 et
994 4360 1330 4418 exspectent,
1370 4365 1838 4419 supervacaneum
1873 4350 2003 4403 mihi
2042 4350 2261 4405 videtur
2290 4351 2358 4406 de

781 4440 870 4493 illa
900 4441 1085 4495 multis
1118 4443 1408 4495 disserere.
1459 4442 1728 4496 Caiterum
1762 4440 1867 4495 hoc
1895 4441 2071 4494 solum
2101 4441 2354 4507 dicimus,

2454 3256 2604 3327 παρὰ
2631 3255 2767 3307 Θεοῦ
2792 3256 2841 3323 ῗὴ
2905 3240 3222 3315 ἀνάστασις,
3285 3251 3361 3313 ὡς
3418 3250 3475 3315 ἐξ
3532 3249 3703 3302 ὕπνου
3762 3251 4036 3319 μέλλομ·ν

2453 3346 2755 3415 ἀναστῆναι
2789 3347 2988 3407 πάντες
3020 3344 3318 3414 ἄνθρωποι,
3367 3344 3509 3396 οἵτε
3550 3342 3817 3406 εὐσεϐεῖς,
3867 3342 3920 3394 οἰ
3974 3360 4036 3394 τε

2454 3438 2693 3499 ἀσεϐεῖς.
2728 3436 2840 3489 Καὶ
2869 3437 3059 3489 σκόπει
3121 3437 3355 3504 πρᾶγμα
3390 3434 3619 3503 φοϐερὸν
3671 3434 3765 3486 καὶ
3825 3433 4036 3501 φρίκης

2454 3532 2623 3599 γέμον
2664 3530 2743 3592 εἰς
2764 3529 3050 3597 ἄνθρωπον
3081 3528 3268 3599 ἔχοντα
3290 3526 3414 3580 νοῦν
3455 3527 3551 3578 καὶ
3580 3526 3857 3595 αἴσθησιν.
3901 3526 4038 3577 Ἀπὸ

2454 3620 2549 3673 τοῦ
2603 3621 2776 3690 Ἀδάμ
2811 3619 3162 3672 ἐϐασίλευσεν
3193 3621 3220 3672 6
3246 3619 3478 3678 θάνατος
3504 3618 3581 3678 εἰς
3610 3617 3791 3669 πάντα
3821 3617 4036 3684 ἄνθρω-

2458 3728 2579 3776 πον,
2618 3712 2711 3763 καὶ
2736 3712 2837 3766 οὐκ
2864 3707 2933 3783 ἦν
2970 3712 3265 3774 ἀνάστασις
3300 3711 3359 3762 έν
3388 3710 3503 3772 τοῖς
3554 3707 3871 3778 ἀνθρώποις
3908 3710 4039 3761 άιευ

2457 3802 2552 3854 τοῦ
2593 3802 2852 3872 Χριστοῦ,
2889 3801 3072 3864 καθὼς
3102 3801 3255 3871 παρά
3275 3802 3383 3855 τῶν
3411 3800 3707 3870 προφητῶν
3756 3798 4042 3868 μεμαρτύ-

2461 3907 2642 3959 ρηται.
2679 3889 2777 3941 Διά
2804 3890 2859 3942 δὲ
2888 3888 2981 3942 τοῦ
3014 3889 3248 3942 θανάτου
3291 3887 3387 3941 τοῦ
3419 3886 3660 3957 Χριστοῦ
3721 3888 4042 3955 κατεϐλήθη

2459 3981 2487 4032 6
2518 3980 2774 4043 θάνατος,
2808 3980 2902 4032 καὶ
2931 3976 3097 4050 ἦλθεν
3121 3981 3154 4049 ἡ
3200 3979 3518 4041 ἀνάστασις,
3552 3980 3646 4031 καὶ
3706 3978 4044 4031 καταλυθέν-

2457 4088 2548 4131 τος
2580 4070 2672 4123 τοῦ
2699 4070 2955 4136 θανάτου,
3006 4069 3355 4139 ἠλευθερώθη
3412 4068 3555 4130 ἄπας
3587 4070 3615 4120 6
3678 4069 3889 4137 κόσμος
3937 4069 4044 4120 ἀπὸ

2458 4162 2556 4232 τῆς
2593 4162 2841 4227 ἔξουσίας
2863 4161 2952 4216 τοῦ
2986 4162 3222 4226 Σατανᾶ,
3265 4161 3358 4213 καὶ
3408 4161 3457 4213 oi
3506 4158 3916 4220 πιστεύσαντες
3949 4162 4047 4213 καὶ

2458 4256 2510 4308 οί
2543 4255 2617 4325 μὴ
2643 4256 3036 4316 πιστεύσαντες
3071 4255 3150 4316 είς
3181 4252 3272 4305 τὸν
3300 4251 3539 4322 Χριστὸν
3573 4252 3671 4321 τῆς
3721 4251 4047 4320 τυραννίδος

2457 4347 2553 4400 τοῦ
2598 4346 2849 4399 διαϐόλου
2934 4346 3135 4407 πάντες
3200 4342 3673 4413 ἠλευθερώθησαν.
3742 4342 3855 4394 Καὶ
3916 4344 4047 4403 tam;

2460 4439 2621 4505 εἴπερ
2655 4438 2810 4490 οὐδὲν
2835 4438 3122 4490 ἐπίστευον
3175 4436 3224 4487 οί
3259 4435 3682 4503 Μουσουλμάνοι
3730 4430 3875 4485 εἶναι
3917 4434 4048 4486 ἀνά-

783 4529 1249 4600 quemadmodum
1287 4531 1600 4599 accepimus
1628 4538 1684 4584 et
1716 4543 1908 4583 sumus
1940 4529 2121 4584 edocti
2165 4546 2228 4584 ex
2268 4544 2343 4585 sa-

2464 4545 2673 4591 στασιν,
2715 4527 2979 4596 ἐλέγομεν
3010 4526 3077 4579 ἂν
3107 4526 3303 4594 λόγους
3360 4524 3685 4585 δεικνύντας
3738 4519 3885 4576 εἶναι
3911 4523 4047 4577 ταύ·

780 4639 871 4675 cra
906 4622 1211 4689 Scriptura,
1253 4636 1415 4688 quam
1449 4628 1505 4675 et
1534 4619 1859 4674 Musulmani
1892 4636 2098 4675 sacram
2129 4635 2247 4674 esse
2271 4621 2356 4674 fa-

784 4721 991 4772 tentur,
1016 4710 1217 4764 Christi
1243 4712 1581 4765 resurrectio
1609 4710 1709 4764 toti
1733 4710 1940 4764 mundo
1973 4711 2198 4764 utilitati
2230 4710 2354 4765 fuit.

778 4803 857 4856 De
905 4800 1125 4854 diabolo
1174 4812 1358 4855 autem
1404 4802 1487 4855 sic
1535 4802 1771 4856 dicimus
1809 4800 2110 4865 :Quamvis
2176 4801 2357 4855 adhuc

779 4890 1025 4943 nondum
1055 4890 1454 4945 condemnatus
1502 4890 1571 4944 sit
1604 4890 1655 4942 iu
1688 4890 1866 4943 locum
1901 4890 2187 4959 proprium
2240 4904 2357 4960 pw-

783 4996 886 5045 me,
940 4992 1227 5049 propterea
1255 4980 1401 5049 quod
1425 4981 1713 5051 judicium,
1748 4984 1892 5050 quod
1936 4980 2355 5052 Christusjudi-

781 5081 1007 5125 eaturus
1060 5082 1164 5133 est,
1216 5073 1458 5125 nondum
1501 5081 1836 5126 transactum
1887 5072 1977 5136 sit,
2025 5074 2128 5128 hoc
2177 5084 2356 5129 tamen

782 5164 1039 5216 veniente
1070 5164 1322 5217 diabolus
1348 5164 1527 5233 ignem
1562 5164 1911 5218 hmreditabit
1939 5165 2358 5235 inexstinguibi-

781 5256 912 5319 lem,
942 5256 1033 5324 qui
1065 5256 1215 5308 illum
1249 5266 1451 5309 manet.
1500 5256 1568 5309 Et
1591 5258 1844 5325 quamvis
1882 5258 2132 5311 videatur
2163 5259 2252 5312 ille
2277 5258 2356 5312 vi-

784 5362 934 5411 vere,
967 5362 1064 5417 pro
1099 5358 1312 5401 mortuo
1344 5358 1521 5401 tamen
1555 5359 1637 5403 est
1669 5349 1974 5411 habendus,
2020 5352 2245 5420 perinde
2292 5366 2356 5405 ac

788 5436 831 5490 si
867 5436 1138 5491 homicida
1167 5440 1385 5508 aliquis,
1424 5451 1517 5494 aut
1551 5440 1660 5508 l‘ur,
1692 5442 1899 5496 aliusve
1939 5445 2233 5512 quispiam,
2263 5444 2357 5513 qui

788 5531 1021 5598 (apitalc
1068 5533 1288 5603 aliquod
1337 5534 1615 5587 commisit
1650 5532 1883 5598 facinus,
1918 5551 1947 5587 a
1995 5550 2119 5604 rege
2166 5536 2360 5604 capitis

787 5621 1063 5689 supplicio
1092 5623 1432 5693 adiudicatus
1464 5623 1653 5688 fuerit,
1683 5624 1813 5680 licet
1840 5635 1962 5694 post
1995 5625 2135 5682 hanc
2168 5640 2199 5657 "
2234 5641 2357 5666 '“W‘

867 5806 890 5835 ‘i
930 5807 1087 5861 Deut.
1118 5822 1307 5871 xxvm,
1341 5807 1423 5863 Oti.
1505 5812 1523 5841 θ
1565 5807 1717 5862 Joau.
1773 5824 1879 5873 ιμ’,
1919 5807 1968 5861 (‘2.

2455 4634 2564 4688 την
2603 4617 2808 4688 ἀληθῆ.
2849 4618 3006 4670 Ἐπεὶ
3034 4617 3093 4669 δὲ
3130 4616 3226 4670 καὶ
3260 4615 3416 4669 αἰτοὶ
3472 4615 3781 4683 στέργουσι,
3817 4613 3921 4667 καὶ
3952 4617 4049 4667 tx-

2456 4708 2706 4778 δέχονται
2733 4706 2936 4777 ταύτην
2956 4707 3022 4778 δὴ
3068 4708 3167 4776 τὴν
3221 4706 3541 4768 ἀνάστασιν,
3583 4705 3849 4773 περισσὸν
3908 4707 4048 4776 ἡγη-

2462 4817 2562 4870 μαι
2622 4799 2802 4866 λέγειν
2845 4802 2941 4851 καὶ
3004 4798 3240 4866 γράφειν
3279 4797 3408 4866 περὶ
3438 4795 3664 4864 ταύτης.
3699 4796 3955 4865 Λέγομεν
3992 4796 4049 4848 δὲ

2462 4892 2621 4961 μόνον
2650 4890 2830 4954 τοῦτο,
2856 4890 2940 4943 ὅτι
2969 4889 3151 4952 καθὼς
3193 4886 3581 4956 παρελάϐομεν
3620 4886 3716 4939 καὶ
3742 4886 4038 4955 ἐδιδάχθη-

2463 4998 2563 5051 μεν
2588 4980 2700 5034 ἀπὸ
2736 4980 2833 5049 τῆς
2863 4978 3024 5047 ἀγίας
3050 4978 3296 5049 Γραφῆς,
3345 4979 3412 5048 ἢν
3441 4978 3535 5030 καὶ
3582 4978 3632 5029 οἱ
3670 4978 4049 5047 Μουσουλμά-

2462 5090 2543 5126 νοι
2575 5073 2735 5141 ἀγίαν
2763 5071 3042 5135 καλοῦσιν,
3084 5072 3117 5143 ἡ
3150 5070 3245 5124 τοῦ
3274 5070 3515 5142 Χριστοῦ
3560 5071 3864 5133 ἀνάστασις
3899 5070 4048 5137 ὠφέ-

2460 5166 2581 5218 λεια
2610 5166 2825 5232 ἐγένετο
2850 5165 2910 5217 ὲν
2939 5165 3047 5234 ὅλῳ
3072 5163 3149 5233 τῷ
3180 5164 3390 5234 κόσμῳ.
3420 5164 3552 5232 Περὶ
3584 5162 3640 5215 δὲ
3673 5162 3769 5214 τοῦ
3791 5162 4047 5215 διαϐόλου

2464 5259 2696 5327 λέγομεν
2731 5258 2907 5321 τοῦτο,
2939 5258 3021 5310 ὅτι
3050 5258 3099 5309 εί
3127 5256 3221 5309 καὶ
3244 5258 3428 5326 ἀκμὴν
3458 5258 3519 5307 οὐ
3561 5254 3930 5318 κατεδικάσθη
3956 5256 4050 5305 εὐ-

2466 5349 2749 5420 ρίσκεσθαι
2776 5349 2855 5410 είς
2888 5348 2980 5401 τδν
3016 5348 3147 5401 ἴδιον
3170 5348 3335 5399 τόπον
3366 5347 3456 5400 τὸν
3486 5347 3584 5415 τῆς
3626 5346 3930 5411 κολάσεως,
3954 5345 4049 5399 διὰ

2463 5440 2524 5491 τὸ
2567 5442 2640 5509 μὴ
2672 5440 2955 5507 γεγονέναι
2986 5438 3085 5508 τὴν
3110 5436 3293 5506 κρίσιν
3351 5436 3559 5504 ἀκμὴν,
3596 5435 3663 5505 ῆν
3695 5435 3885 5504 μέλλει
3920 5436 4049 5503 κρίο

2466 5550 2578 5584 νειν
2608 5535 2634 5585 6
2664 5532 2898 5601 Χριστός
2926 5546 2941 5560 ·
2999 5520 3119 5584 ἀλλ’
3149 5525 3243 5582 οὖν
3299 5528 3546 5590 ἐλθόντος
3597 5527 3812 5588 τούτου,
3854 5525 4049 5596 μέλλει

2470 5626 2903 5692 κλνοονομῦσειν
2946 5624 2974 5675 6
2998 5622 3241 5687 διάϐολος
3266 5624 3326 5675 τὸ
3356 5621 3716 5675 ἀτελεῦτητον
3737 5620 3871 5688 πῦρ,
3904 5620 4046 5689 ὅπερ
