4204 6444
148 419 247 488 481

1108 426 1401 486 CONTRA
1448 424 1934 486 MAIIOMETEM
1974 426 2351 489 APOLOGIA
2393 432 2471 492 ῐΙι

3284 441 3392 506 482

147 541 431 609 ἐκδέχεται
473 540 654 594 αὐτόν.
688 540 749 593 Εἰ
799 542 906 612 γὰρ
956 542 1052 595 καὶ
1103 544 1252 595 δοκεί
1299 545 1381 597 ὅτι
1425 545 1488 615 ζῇ
1545 539 1719 610 οὗτος1

1834 545 1993 599 latam
2024 548 2349 600 sententiam
2396 548 2545 601 vivat
2597 547 2777 604 adhuc
2834 550 3024 606 diebus
3078 554 3288 624 aliquot
3335 556 3390 610 in

147 632 256 684 ἀλλ
283 634 363 696 ὡς
405 634 700 702 τεθνηκότα
749 634 960 701 λογίζου
1020 636 1203 689 αὐτόν.
1239 637 1350 689 Καὶ
1399 638 1588 706 ὥσπερ
1638 656 1721 701 τις

146 725 343 792 φονεὺς
372 726 404 794 ἦ
438 726 700 795 κλέπτης,
730 726 761 795 ἦ
808 727 980 790 ἀλλοςζ
1006 743 1092 790 τες
1129 729 1360 798 ποιήσας
1393 730 1526 799 ἔργα
1559 730 1722 784 θανά-

148 833 244 869 του
293 817 445 878 ἀξια,
492 816 586 867 καὶ
640 817 1064 880 καταδικασθεὶς
1121 820 1271 887 παρὰ
1310 820 1402 871 τοῦ
1457 820 1720 890 βασιλέως

146 908 536 976 ἀποτμηθῆναι
583 908 682 977 τὴν
738 909 984 977 κεφαλὴν
1016 910 1207 973 αὐτοῦ,
1252 906 1372 963 εἶτα
1427 911 1566 980 μετά
1621 911 1721 979 τὴν

144 998 401 1067 τοιαύτην
429 998 524 1051 τοῦ
561 999 825 1068 βασιλέως
886 1001 1163 1068 ἀπόφασιν
1207 1001 1459 1065 ἑπιζὴσει
1506 1005 1720 1072 ἡμέρας

146 1090 303 1151 τινὰς
335 1092 395 1142 ὲν
431 1094 499 1160 τῇ
557 1091 796 1159 φυλακῇ,
845 1090 921 1153 ὡς
986 1092 1263 1159 τεθνηκὼς
1298 1094 1720 1160 καταλογίζεται

144 1176 324 1245 οὗτος,
348 1184 396 1233 εί
440 1182 535 1233 καὶ
566 1184 645 1232 ἔτι
673 1183 809 1249 μετά
837 1182 944 1237 τῶν
962 1182 1181 1253 ζώντων
1205 1184 1521 1250 εὑρίσκεται
1545 1201 1560 1216 ο
1579 1184 1721 1237 οὕτω

147 1272 242 1321 καὶ
276 1272 374 1323 ἐπὶ
410 1271 505 1323 τοῦ
539 1272 787 1324 διαόόλου
847 1273 1043 1343 νόησον
1103 1274 1284 1326 τοῦτο.
1365 1274 1483 1342 Ἀφ’
1523 1269 1585 1327 οὗ
1612 1276 1719 1346 γὰρ

148 1362 351 1429 ἀνέστη
416 1365 443 1415 6
463 1363 718 1430 Χριστὸς,
778 1366 985 1425 ἐκεῖνος
1016 1364 1287 1419 ἀπώλετο.
1322 1366 1445 1419 Ὅτι
1470 1366 1526 1418 δὲ
1545 1365 1720 1419 πλάτ-

143 1470 222 1503 τει
257 1453 400 1504 κατὰ
423 1454 529 1504 τῶν
558 1452 864 1518 ἀνθρώπων
900 1456 1000 1508 ὅσα
1027 1455 1162 1524 δῆτα
1197 1457 1292 1508 καὶ
1332 1457 1593 1527 πράττει,
1623 1457 1720 1527 οὐχ

142 1546 218 1605 ὡς
274 1545 531 1607 ἐξουσίαν
562 1545 593 1614 ἢ
636 1546 866 1614 δύναμιν
890 1565 1012 1600 τινα
1049 1548 1189 1617 ἔχων
1214 1549 1466 1618 πράττει,
1499 1548 1613 1601 ἀλλ’
1645 1550 1719 1610 ὡς

144 1638 390 1705 πονηρὸς
438 1640 534 1690 καί⁸
586 1638 842 1693 ἀπατεὼν
900 1640 1252 1710 ὑποκρίνεται
1338 1642 1544 1709 φιλίαν,
1626 1640 1720 1693 καὶ

144 1728 517 1794 συμϐουλεύει
550 1729 619 1780 τὰ
669 1731 1097 1801 ἀπηγορευμένα
1131 1734 1221 1784 καὶ
1254 1733 1562 1801 βλάπτοντα
1596 1731 1719 1793 τοὺς

142 1818 493 1888 ἀνθρώπους.
542 1821 655 1872 Καὶ
692 1822 862 1890 εἰμὲν
894 1823 1029 1895 εὕρῃ
1062 1824 1153 1876 τὸν
1180 1823 1544 1888 ὑπακούοντα,
1575 1823 1723 1877 δοκεῖ

1821 653 2061 701 carcere,
2113 639 2346 692 mortuis
2400 647 2578 695 tamen
2611 642 3024 707 adnumeratur,
3070 644 3195 700 licet
3250 648 3393 703 inter

1822 732 1976 784 vivos
1999 731 2178 785 adhuc
2220 732 2310 786 sit.
2338 731 2485 785 Idem
2536 734 2702 803 igitur
2748 735 2873 789 hoe-
2903 735 2971 789 de
3009 735 3229 790 diabolo
3277 739 3390 791 fieri

1826 823 2120 893 intelligas.
2152 824 2448 892 Postquam
2478 823 2623 876 enim
2656 825 2904 881 Christus
2928 828 3248 888 resurrexit,
3301 830 3391 883 ille

1822 915 2069 984 perditus
2100 926 2195 969 est
2239 914 2372 969 Cum
2406 924 2587 969 autem
2616 916 2669 969 in
2699 915 2948 972 homines
2971 933 3032 971 ea
3060 934 3181 987 qua:
3214 920 3392 973 facere

1820 1006 1983 1069 solet,
2038 1006 2406 1071 machinatur,
2463 1022 2569 1061 non
2625 1021 2724 1062 ceu
2777 1018 3100 1077 potestatem
3153 1012 3390 1079 aliquam

1820 1095 2032 1149 habens
2095 1104 2187 1149 aut
2233 1096 2513 1160 virtutem,
2552 1098 2701 1163 facit,
2760 1100 2855 1153 sed
2907 1110 3159 1171 tanquam
3217 1104 3393 1157 malus

1822 1196 1918 1240 aut
1954 1186 2360 1252 fraudulentus,
2405 1189 2697 1243 amicitiam
2750 1190 2993 1257 simulat,
3040 1208 3215 1261 eaque
3259 1208 3393 1247 con-

1819 1280 1953 1335 sulit
1986 1296 2105 1347 qua:
2136 1280 2451 1335 hominibus
2495 1283 2783 1338 interdicta
2818 1291 2947 1337 sunt
2987 1293 3041 1337 et
3087 1286 3270 1340 noxia.
3323 1286 3395 1339 Et

1819 1371 2039 1441 quidem
2074 1372 2121 1425 si
2156 1373 2393 1442 aliquem
2450 1374 2556 1428 si'bi
2595 1376 2926 1444 morigerum
2977 1384 3172 1430 nactus
3201 1377 3389 1437 fuerit.

1818 1461 2043 1516 videtur
2090 1462 2322 1515 multum
2368 1463 2636 1531 potuisse,
2666 1472 2722 1517 et
2768 1464 2983 1517 dedisse
3023 1466 3303 1517 damnum.
3333 1462 3388 1516 Si

1818 1567 1952 1606 vero
1977 1553 2046 1606 ab
2074 1551 2259 1620 aliquo
2304 1566 2413 1605 non
2445 1551 2612 1605 fuerit
2656 1563 2933 1622 receptus,
2989 1554 3081 1609 sed
3128 1556 3391 1609 dimissus

1821 1641 2001 1695 inanis
2030 1652 2086 1696 et
2117 1656 2343 1706 vacuus,
2375 1642 2523 1695 omni
2555 1642 2855 1707 destitutus
2900 1645 3097 1698 robore
3130 1645 3386 1707 discedit,

1819 1745 1921 1786 nec
1950 1732 2094 1785 vires
2124 1730 2289 1785 habet
2328 1730 2554 1800 aliquas.
2607 1730 2781 1784 llomo
2821 1732 2969 1786 enim
3006 1731 3284 1786 multoties
3314 1734 3383 1787 ab

1820 1822 2041 1878 homine
2076 1823 2290 1892 cogitur
2341 1832 2402 1876 ut
2448 1823 2652 1877 invitus
2684 1822 2867 1888 faciat,
2912 1822 3058 1892 quod
3110 1838 3211 1878 nec
3245 1824 3384 1887 vult,

142 1912 225 1962 ὅτι
258 1910 503 1980 ἠδυνήθη
540 1913 635 1963 καὶ
665 1912 888 1981 ἐποίησε
920 1914 1126 1983 βλάϐην
1153 1930 1166 1945 ·
1199 1917 1247 1967 εἰ
1276 1913 1321 1967 δ’
1349 1915 1446 1984 οὐχ
1495 1916 1717 1985 εὑρήσει

1824 1931 1925 1969 nec
1964 1925 2091 1969 ante
2123 1915 2445 1978 constituit;
2474 1929 2500 1965 a
2541 1913 2756 1968 diabolo
2806 1910 2985 1969 autem
3022 1931 3129 1969 non
3157 1916 3256 1970 sic.
3283 1916 3388 1970 νο·
3444 1931 3446 1936 ’

147 2000 491 2070 παραδοχὴν,
518 2001 638 2053 ἀλλ’
668 2004 1003 2073 ἀποπεμφθῇ
1030 2006 1174 2058 οὕτω
1199 2005 1376 2070 κενὸς,
1418 2005 1717 2075 ἀπέρχεται

140 2096 632 2164 κατῃσχυμμένος,
667 2097 762 2149 καί
816 2097 1085 2166 μηδεμίαν
1113 2097 1251 2167 ἔχων
1280 2098 1447 2167 ἰσχύν.
1480 2097 1721 2165 ΙΙἌνθρω-

140 2202 245 2245 πος
266 2187 378 2256 γάρ
410 2187 672 2249 πολλάκις
704 2188 1077 2255 ἀναγκάζεται
1111 2189 1218 2241 ὑπὸ
1250 2187 1563 2259 ἀνθρώπου,
1622 2188 1718 2241 καὶ

139 2273 378 2342 πράττει
405 2275 557 2328 ἄκων
582 2276 721 2345 ὅπερ
754 2275 877 2328 οὔτε
920 2276 1196 2345 βούλεται,
1222 2276 1348 2330 οὔτε
1382 2277 1488 2347 μὴν
1522 2294 1716 2346 προαι-

142 2367 342 2430 ρεῖται.
389 2365 526 2417 Ὑπὸ
572 2366 629 2418 δὲ
670 2364 762 2419 τοῦ
818 2365 1069 2419 διαὸόλου
1121 2367 1219 2436 οὐχ
1272 2366 1466 2429 οὕτως’
1515 2367 1634 2419 ἀλλ’
1686 2367 1715 2419 6

143 2456 479 2524 βουλόμενος
515 2457 761 2509 πείθεται
808 2459 872 2526 τῇ
918 2457 1122 2525 ματαίᾳ
1173 2456 1340 2510 αὑτοῦ
1393 2458 1710 2529 συμϐουλῇο

137 2548 167 2597 6
198 2546 256 2598 δὲ
291 2546 368 2615 μὴ
392 2546 708 2615 βουλόμενος
736 2548 1013 2614 λογίζεται
1072 2548 1233 2601 αὑτὸν
1280 2548 1354 2612 ὼς
1417 2549 1589 2603 οὐδέν.
1642 2550 1715 2603 Τὸ

138 2640 278 2691 αὐτὸ
308 2640 367 2693 δὲ
401 2640 560 2694 τοῦτο
620 2642 819 2709 πάσχει
867 2643 971 2703 πᾶς
1015 2657 1097 2703 τις
1142 2641 1427 2712 ἄνθρωπος
1475 2645 1567 2694 καὶ
1624 2645 1715 2695 ἐπὶ

137 2732 235 2782 τοῦ
291 2731 421 2783 ἰδίου
475 2732 761 2801 λογισμοῦ,
814 2733 951 2803 ὅπερ
1002 2734 1097 2785 καὶ
1162 2733 1254 2785 ἐπὶ
1301 2733 1395 2785 τοῦ
1441 2733 1712 2789 διαϐόλου.

143 2823 411 2892 Ἔρχεται
445 2823 550 2891 γὰρ
579 2826 659 2885 είς
688 2823 986 2892 ἐνθύμησίν
1017 2841 1167 2886 τινος
1204 2824 1554 2894 πράγματος,
1611 2844 1713 2879 κα·

137 2913 231 2965 λοῦ
258 2913 403 2981 λέγω
429 2914 521 2966 καὶ
552 2915 801 2985 αἰσχροῦ*
841 2916 934 2969 καὶ
966 2917 1014 2968 εἰ
1053 2916 1150 2985 μὲν
1184 2914 1297 2984 ἔχει
1342 2916 1434 2967 τὸν
1463 2917 1709 2986 ἄρχοντα

138 3004 313 3056 αὑτοῦ
342 3004 467 3057 νοῦν
494 3006 620 3072 ὑγιᾶ
650 3006 743 3058 καὶ
781 3010 1065 3077 φρόνιμον,
1098 3008 1279 3078 κρίνει
1342 3008 1440 3071 τὰς
1472 3010 1713 3079 ἐνθυμή-

139 3109 258 3153 σεις
286 3094 383 3146 καὶ
437 3095 560 3155 τοὺς
598 3094 895 3165 λογισμοὺς
945 3096 1135 3160 αὐτοῦ,
1199 3097 1294 3151 καὶ
1340 3098 1607 3169 διακρίνει
1653 3100 1712 3153 τὸ

138 3186 394 3253 κρεῖττον
428 3185 534 3237 ἀπὸ
560 3186 652 3237 τοῦ
688 3187 926 3255 χείρονος
955 3202 971 3219 ⁸

140 3277 314 3330 αὑτοῦ
345 3279 489 3344 νοῦς,
525 3279 751 3347 πράττει
784 3281 848 3332 τά
890 3279 1129 3349 βλαϐερά
1158 3280 1231 3343 ὡς
1262 3281 1535 3352 ὠφέλιμα.
1574 3281 1708 3333 Βλέο

143 3386 273 3431 πεις
305 3370 478 3432 ὅπως,
511 3371 613 3423 κᾶν
652 3370 781 3440 δοκῇ
820 3372 901 3424 δτι
929 3372 1011 3425 ἔτι
1041 3372 1215 3442 ἰσχύει
1239 3374 1269 3425 6
1293 3373 1555 3438 διάϐολος,
1609 3375 1711 3427 οὐκ

142 3461 297 3512 ἔστιν
326 3460 520 3522 οὕτως.
555 3462 669 3515 ἀλλ’
703 3464 916 3533 ἐφθάρη
970 3464 1064 3516 καὶ
1110 3464 1382 3533 ἠφανίσθη
1413 3465 1619 3519 τέλειον
1678 3468 1710 3536 ἡ

140 3552 407 3617 τυραννὶς
465 3552 653 3617 αὑτοῦ,
709 3555 1043 3617 ἀναστάντος
1082 3555 1175 3608 τοῦ
1225 3557 1462 3625 Χριστοῦ
1507 3559 1570 3610 ὲκ
1614 3557 1708 3609 τοῦ

141 3642 321 3709 τάφου
344 3661 359 3709 ;
386 3644 542 3697 Μετά
574 3645 681 3715 γάρ
723 3646 818 3716 τὴν
849 3648 1103 3717 δευτέραν
1125 3650 1214 3700 τοῦ
1236 3649 1472 3715 Χριστοῦ
1509 3668 1712 3720 παρου-

143 3734 272 3788 σίαν
332 3736 517 3803 μέλλει
563 3739 1039 3807 παραπεμφθῆναι
1091 3741 1165 3809 τῷ
1220 3740 1471 3810 ὲξωτέρῳ
1508 3744 1708 3810 σκότει,

141 3827 240 3877 καὶ
271 3832 348 3894 τῳ
365 3825 718 3895 ἀτελευτήτῳ
748 3838 904 3896 πυρὶ,
929 3828 1003 3889 ὡς
1028 3829 1177 3881 ἔστιν
1212 3847 1287 3889 εις
1337 3831 1431 3881 τοῦ
1452 3850 1495 3879 μδ
1540 3831 1705 3894 ἄξιος.

154 3917 293 3969 Ἰδοὺ
328 3917 460 3983 γοῦν
491 3917 564 3979 ὡς
599 3921 948 3989 προείρηται,
999 3920 1171 3982 οὕτως
1230 3922 1585 3988 ἀναφαίνεται
1630 3922 1710 3975 ὃτι

146 4010 221 4060 τά
249 4013 382 4077 περὶ
413 4010 508 4061 τοῦ
532 4012 766 4078 Χριστοῦ
793 4013 1027 4082 ἐξαρχῆς
1078 4018 1173 4069 καὶ
1210 4016 1273 4066 ὲκ
1327 4014 1421 4066 τοῦ
1472 4031 1710 4080 καταμι-

143 4098 281 4165 κρδν
316 4097 617 4164 ἐφαίνοντο.
648 4098 813 4150 Ὅσον
834 4099 887 4150 δὲ
906 4101 1132 4168 ἤγγιζεν
1161 4102 1188 4152 6
1214 4100 1399 4168 καιρὸς
1426 4101 1523 4169 τῆς
1544 4100 1709 4152 αὑτοῦ

142 4190 484 4256 γεννήσεως,
545 4187 928 4258 καθαρώτερον
996 4190 1092 4241 καὶ
1138 4192 1462 4260 τρανότερον
1523 4192 1711 4256 ἔλεγον

142 4280 277 4347 περὶ
311 4278 482 4329 αὑτοῦ
506 4279 555 4329 οἱ
586 4278 881 4347 προφῆται.
917 4276 1034 4345 Ἀφ’
1061 4274 1121 4333 οἶ)
1144 4280 1199 4331 δὲ
1222 4276 1383 4349 ἦλθεν
1404 4284 1430 4333 ὁ
1452 4282 1708 4349 Χριστὸς,

141 4365 351 4417 δέδωκε
376 4366 489 4426 τοῖς
515 4365 823 4434 ἀνθρώποις
859 4367 956 4436 τὴν
980 4368 1162 4420 κλεῖδα
1193 4370 1290 4437 τῆς
1318 4368 1596 4435 γνώσεως,
1621 4368 1707 4420 ἵνα

141 4456 407 4524 καθαρῶς
456 4472 516 4507 τε
571 4459 661 4507 καὶ
710 4456 959 4523 ἀψευδῶς
1005 4459 1232 4527 νοήσωσι
1279 4458 1376 4527 τὴν
1430 4459 1707 4526 ἀλήθειαν.

1820 2004 1939 2058 lens
1989 2003 2135 2056 enim
2180 2011 2333 2071 paret
2372 2016 2511 2055 vano
2535 2013 2585 2055 et
2614 2004 2778 2055 noxio
2808 2003 2954 2056 illius
2986 2003 3237 2057 consilio.
3282 2004 3385 2069 Qui

1820 2107 1950 2147 vero
1984 2107 2173 2162 parere
2208 2091 2463 2154 noluerit,
2497 2091 2770 2146 diabolum
2796 2106 2895 2146 ceu
2924 2106 3036 2145 rem
3064 2088 3388 2147 nihili'con-

1819 2182 2034 2237 temnit.
2070 2181 2212 2235 Idem
2252 2196 2383 2235 vero
2430 2182 2629 2251 singuli
2663 2182 2911 2236 homines
2946 2196 2974 2235 a
3016 2183 3235 2251 propria
3287 2198 3386 2237 sua

1818 2276 2030 2329 ratione
2063 2275 2367 2343 patiuntur,
2411 2272 2555 2340 quod
2605 2288 2634 2325 a
2689 2273 2925 2326 diabolo.
2980 2272 3384 2327 lncidit.cnim

1816 2366 1980 2419 homo
2012 2367 2065 2420 in
2113 2364 2346 2434 alicujus
2386 2365 2798 2418 meditationem
2841 2364 3126 2428 facinoris,
3173 2366 3256 2418 vel
3290 2364 3388 2419 ho—

1816 2453 1981 2514 Itcsti,
2033 2453 2112 2507 vel
2161 2452 2367 2521 turpis;
2416 2461 2470 2506 et
2519 2452 2788 2522 siquidem
2834 2452 3136 2522 principem
3170 2455 3249 2507 vel
3286 2454 3386 2508 du-

1815 2561 1957 2609 cem,
1988 2555 2227 2598 mentcm
2259 2544 2516 2597 videlicet
2561 2560 2747 2597 sanam
2781 2544 3036 2597 habuerit
3063 2554 3119 2597 et
3143 2543 3385 2613 pruden-

1816 2647 1949 2704 tem,
1973 2638 2061 2691 illa
2091 2636 2470 2690 meditationes
2498 2636 2660 2691 simul
2696 2646 2752 2690 et
2785 2636 2980 2690 harum
3019 2652 3215 2691 causas
3247 2637 3388 2707 diju-

1815 2729 1982 2791 dieat,
2035 2729 2345 2799 bonumque
2379 2746 2405 2781 a
2459 2730 2599 2783 malo
2638 2729 2927 2784 discernit.
2983 2728 3039 2784 Si
3093 2745 3222 2784 vero
3276 2731 3386 2783 dux

1816 2822 2056 2878 hominis
2106 2836 2259 2876 mens
2306 2819 2517 2874 infirma
2581 2820 2746 2876 fuerit
2798 2829 2853 2875 et
2888 2821 3183 2891 impotens.
3222 2820 3384 2875 noxia

1813 2929 1912 2984 pro
1938 2913 2162 2967 utilihus
2201 2911 2570 2979 antplecqur.
2617 2912 2776 2965 Vides
2807 2912 2971 2980 igitur
3003 2912 3278 2965 diabolum
3306 2914 3387 2963 vi-

1815 3007 1967 3060 ribus
1994 3019 2205 3069 carere,
2242 3003 2490 3073 quamvis
2519 3005 2737 3057 easdem
2764 3004 2966 3057 habere
2997 3003 3215 3056 videtur
3249 3021 3261 3057 :
3287 3001 3382 3057 sed

1815 3097 2150 3152 comminuta
2181 3107 2263 3149 est
2309 3105 2364 3148 et
2404 3095 2629 3148 evanuit
2659 3095 2909 3148 universa
2941 3093 3184 3164 tyrannis
3216 3093 3383 3156 illius,

1012 3190 1060 3240 εί
1092 3189 1148 3241 δὲ
1185 3189 1404 3241 ἀσθενεῖ
1435 3192 1463 3241 6
1484 3189 1708 3259 ἡγεμὼν

1816 3189 2032 3245 Christo
2088 3203 2155 3242 ex
2201 3187 2453 3256 sepulcro
2504 3186 2846 3241 resuscitato.
2906 3186 3035 3240 Post
3079 3184 3381 3239 secundum

1813 3283 1960 3337 enim
2015 3280 2218 3335 Christi
2275 3279 2570 3333 adventum
2629 3276 2962 3345 relegabitur
3017 3278 3070 3330 itt
3128 3276 3385 3331 tenebras

1812 3373 2137 3437 exteriores,
2182 3380 2237 3426 et
2289 3372 2343 3424 in
2404 3371 2583 3439 ignem
2635 3367 3161 3437 inexstinguibilem,
3220 3377 3385 3437 prout

1811 3461 2182 3519 commeritus
2201 3467 2306 3513 est.
2348 3459 2427 3512 En
2473 3458 2675 3527 itaque,
2727 3464 2786 3509 ut
2828 3466 2957 3510 ante
3005 3456 3211 3510 dictum
3276 3465 3382 3522 est,

1811 3569 1891 3609 SlC
1943 3552 2144 3606 factum
2193 3565 2311 3604 esse
2357 3557 2581 3618 apparet
2633 3567 2645 3602 :
2688 3546 2831 3617 quod
2891 3546 3101 3601 scilicet
3148 3564 3214 3601 ea
3261 3564 3383 3617 qua:

1811 3643 2098 3698 Christum
2123 3640 2377 3705 attinent,
2406 3639 2473 3693 ab
2501 3639 2658 3693 initio
2688 3638 2950 3707 paulatim
2975 3644 3379 3705 apparuerunt;

1810 3740 2015 3801 quanto
2087 3740 2267 3783 autem
2351 3737 2573 3798 proptus
2637 3728 3093 3796 appropinquavit
3168 3734 3383 3794 tempus

1814 3821 2181 3892 generationis
2230 3820 2413 3887 hujus,
2460 3828 2611 3872 tanto
2640 3819 2840 3872 clarius
2891 3818 3218 3887 planiusque
3251 3832 3382 3885 pro-

1811 3914 1988 3981 pheta:
2029 3912 2095 3965 de
2150 3910 2244 3979 illo
2300 3909 2581 3963 vaticinati
2643 3918 2789 3962 sunt.
2840 3910 3136 3977 Postquam
3198 3919 3380 3961 autem

1809 4001 2059 4055 Christus
2114 4001 2287 4064 venit,
2337 3999 2490 4053 dedit
2518 4002 2562 4053 is
2602 4000 2805 4053 clavem
2864 4000 3107 4054 scientia:
3144 3999 3380 4054 homini-

1811 4092 1935 4154 bus,
1970 4100 2030 4144 ut
2072 4105 2207 4159 pure
2261 4097 2317 4143 et
2351 4090 2469 4142 sine
2519 4089 2667 4142 onzni
2707 4090 2829 4142 fuco
2863 4091 3150 4144 veritatem
3182 4091 3381 4145 intelli-

1808 4190 2031 4253 gerent;
2062 4181 2194 4250 quin
2229 4181 2293 4248 (si
2321 4181 2522 4235 veritas
2573 4180 2799 4234 dicenda
2829 4190 2934 4251 est)
2971 4183 3086 4250 ipse
3124 4181 3380 4238 Christus

1811 4273 2029 4341 aperuit
2056 4272 2343 4326 thesauros
2376 4270 2748 4332 absconditos,
2793 4281 2849 4325 et
2892 4273 2944 4325 in
2998 4272 3236 4326 medium
3288 4273 3382 4327 de-

1810 4362 1999 4433 posuit
2044 4377 2142 4415 ceu
2185 4361 2458 4415 inﬁnitum
2494 4363 2735 4431 pelagus,
2781 4376 2839 4416 nt
2886 4363 3118 4432 quilibet
3168 4379 3235 4418 ex
3270 4365 3377 4421 hoc

1812 4456 2031 4509 nemine
2080 4452 2404 4522 prohibente
2441 4453 2675 4517 hauriat,
2749 4470 2870 4522 quae
2917 4456 3068 4510 illum
3104 4456 3381 4513 oblectant

143 4546 370 4600 Μᾶλλον
415 4548 472 4598 δὲ
504 4550 552 4599 εἰ
583 4548 689 4617 χρὴ
717 4548 947 4615 τάληθὲς
977 4551 1174 4616 εἰπεῖν,
1206 4550 1365 4613 αὐτὸς
1392 4552 1419 4603 6
1472 4549 1705 4619 Χριστὸς

1816 4555 1865 4599 ει
1896 4546 2107 4615 juvant.
2155 4542 2220 4595 Et
2264 4542 2378 4595 haec
2412 4542 2631 4610 quidem
2679 4544 2803 4598 talia
2859 4553 3008 4600 sunt.
3074 4544 3381 4601 Redeamus

144 4639 332 4705 ἤνοιξε
368 4640 495 4702 τοὺς
527 4640 943 4708 κεκρυμμένους
994 4640 1324 4710 θησαυροὺς,
1374 4641 1470 4694 καὶ
1516 4639 1711 4705 ἔθηκεν

1817 4651 1952 4690 vero
1975 4635 2041 4689 ad
2076 4636 2126 4689 id
2160 4636 2303 4690 unde
2330 4651 2521 4691 sumus
2550 4636 2798 4705 digressi.

150 4736 229 4795 εἰς
268 4732 333 4783 τὸ
356 4730 545 4800 μέσον,
579 4729 768 4800 ὥσπερ
813 4748 867 4782 τι
914 4730 1151 4800 πέλαγος
1198 4733 1449 4800 ἄπειρον,
1496 4733 1642 4793 ὃπως
1688 4732 1715 4783 6
1767 4728 2087 4797 βουλόμενος
2122 4728 2668 4794 ἀρύηταιάκωλύτως
2732 4730 2796 4780 τά
2833 4728 2997 4783 αὐτοῦ
3064 4730 3379 4802 καταθύμια

152 4822 247 4875 καὶ
276 4819 553 4889 ὠφέλιμα.
600 4820 761 4872 Ἀλλά
791 4819 963 4873 ταῦτα
992 4824 1089 4892 μὲν
1113 4822 1304 4897 οὕτως.
1350 4824 1766 4891 Ἐπανέλθωμεδ
1806 4819 1862 4871 δὲ
1893 4818 2015 4871 ὅθεν
2043 4817 2359 4886 ἐξήλθομεν.

216 4915 331 4984 κβ’.
365 4910 730 4982 Κρεμαμένου
769 4913 864 4964 τοῦ
894 4913 1132 4983 Χριστοῦ
1168 4915 1261 4967 ἐπὶ
1306 4914 1400 4968 τοῦ
1448 4913 1704 4983 σταυροῦ,

144 5007 229 5068 τὶς
259 5004 371 5056 τῶν
408 5004 752 5073 στρατιωτῶν
778 5002 959 5067 ἔνυξεν
985 5003 1147 5057 αὐτοῦ
1175 5005 1273 5074 τὴν
1295 5004 1537 5074 πλευρὰν
1571 5004 1707 5073 μετά

149 5096 365 5165 ξίφους.
397 5096 557 5159 Λέγει
602 5094 730 5162 γοῦν
772 5096 1041 5163 Ζαχαρίας
1086 5094 1214 5162 περὶ
1264 5096 1476 5159 τούτου,
1525 5094 1707 5159 καθὼς

150 5187 246 5237 καὶ
289 5185 645 5252 προείπομεν,
670 5183 751 5234 ὃτι
782 5201 800 5233 ι
830 5182 937 5236 Καὶ
966 5182 1313 5250 ὲπιόλέψουσι
1350 5183 1484 5253 πρός
1534 5199 1599 5252 με
1627 5184 1707 5246 εἰς

147 5276 203 5328 δι
228 5275 609 5343 ἐξεκέντησαν.

216 5363 330 5433 κγ’.
374 5363 659 5427 Ἀπέθανε,
690 5362 783 5416 καὶ
807 5361 955 5429 λέγει
985 5362 1014 5413 6
1049 5360 1277 5425 Ἡσαΐας
1302 5363 1401 5414 ὅσα
1436 5363 1532 5414 καὶ
1566 5364 1700 5431 φθάο

150 5472 345 5519 σαντες
403 5452 750 5523 ἐδηλώσαμεν
788 5453 1064 5521 ἀνωτέρω.
1090 5452 1252 5520 Λέγει
1280 5451 1336 5505 δὲ
1377 5452 1467 5504 καὶ
1495 5454 1524 5504 6
1568 5452 1701 5505 θαυ-

152 5542 356 5611 μαστὸς
384 5541 634 5608 Σολομὼν
662 5541 791 5610 περὶ
820 5537 912 5591 τοῦ
944 5538 1150 5591 δικαίου
1175 5539 1268 5591 καὶ
1291 5539 1525 5607 μεγάλου
1561 5538 1707 5603 Ἰὼϐ,

150 5636 223 5697 ὡς
253 5634 318 5687 ἐκ
348 5631 639 5702 προσώπου
670 5630 764 5685 τοῦ
784 5630 940 5693 Θεοῦ,
981 5648 998 5681 ι
1028 5629 1208 5683 Ζῶσαι
1236 5629 1424 5699 ὥσπερ
1457 5631 1594 5700 ἀνὴρ
1614 5632 1710 5699 τὴν

150 5724 317 5792 ὀσφύν
342 5739 456 5777 σου.
476 5722 763 5792 Ἐρωτήσω
788 5720 841 5774 δέ
869 5738 947 5786 σε,
973 5721 1035 5773 σὺ
1057 5721 1111 5773 δέ
1133 5737 1220 5790 μοι
1247 5720 1589 5791 ἀποκρίθητι,
1607 5721 1706 5773 ποῦ

151 5808 289 5883 ἦσθα
320 5815 406 5867 ὅτε
451 5811 783 5882 ἐθεμελίωσα
812 5813 910 5882 τὴν
937 5813 1037 5880 γῆν
1064 5829 1077 5876 ;
1125 5811 1473 5878 Ἀνάγγειλόν
1514 5828 1625 5880 μοι,
1658 5816 1705 5865 εἰ

1880 4908 1971 4963 22.
2000 4907 2219 4962 Christo
2251 4909 2302 4960 in
2334 4921 2496 4961 cruce
2527 4908 2823 4976 pendente,
2874 4908 3096 4977 quidant
3139 4910 3373 4964 militum

1811 5003 2027 5073 aperuit
2060 5003 2201 5056 latus
2229 5000 2376 5054 illius
2405 5000 2620 5057 lancea.
2652 4998 2723 5051 De
2766 5000 2870 5053 hoc
2900 5000 3090 5069 igitur,
3124 5013 3182 5055 ut
3209 5016 3373 5069 supra

1813 5094 2147 5157 monuimus,
2222 5092 2514 5146 Zacharias
2562 5092 2780 5146 dicitu
2824 5090 3115 5159 Videbunt,
3174 5094 3229 5147 in
3290 5109 3377 5149 me

1810 5202 1971 5256 quem
2011 5194 2374 5255 pupugerunt.
2390 5200 2407 5233 ι

1882 5373 1973 5426 25.
2010 5370 2258 5424 Mortuus
2284 5378 2389 5433 est,
2438 5369 2506 5422 de
2556 5384 2665 5436 quo
2712 5377 2767 5423 et
2794 5369 2960 5423 Isaias
3003 5370 3131 5424 dicit
3159 5384 3221 5424 ea
3254 5386 3376 5440 quae

1814 5475 1976 5528 supra
2003 5458 2401 5513 recensuimus.
2437 5458 2577 5512 Dicit
2631 5473 2761 5512 vero
2804 5469 2858 5513 et
2888 5460 3239 5514 admirandus
3280 5461 3372 5517 ille
3455 5455 3459 5462 ’

1819 5549 2077 5605 Solomon
2127 5547 2194 5601 de
2241 5547 2389 5617 justo
2435 5556 2489 5600 et
2538 5548 2895 5600 celeberrimo
2933 5548 3054 5611 Joh,
3113 5558 3369 5617 tanquam

1816 5642 1919 5693 sub
1948 5652 2179 5708 persona
2222 5637 2317 5691 Dei
2355 5652 2368 5688 :
2407 5655 2424 5687 ι
2456 5638 2690 5706 Aecinge
2715 5645 2969 5706 tanquam
3004 5639 3088 5691 vir
3126 5639 3371 5693 lumbum

1820 5737 1993 5781 tuum.
2056 5724 2409 5795 lntcrrogabo
2465 5735 2537 5791 te,
2582 5736 2635 5779 ttt
2663 5736 2843 5779 autem
2902 5728 3034 5779 mihi
3082 5727 3369 5793 responde.

1813 5817 1912 5873 Ubi
1935 5831 2057 5872 cras
2080 5832 2201 5871 cum
2228 5817 2510 5874 fundarem
2536 5833 2635 5886 ego
2655 5827 2850 5873 terram
2869 5819 2890 5871 ?
2909 5818 3187 5874 Annuntia
3211 5819 3366 5886 mihi,
