4204 6444
176 464 279 529 489

1125 452 1424 515 CONTRA
1464 445 1955 510 MAHOMETEM
1994 441 2369 505 APOLOGIA
2412 438 2495 504 II.

3302 433 3403 499 490

176 568 328 636 οὗτος
382 574 410 626 6
457 572 710 640 βασιλεὺς
763 569 859 633 τῆς
898 568 1089 635 δῦξηςι
1122 566 1230 617 Καὶ
1267 565 1430 616 πάλιν
1464 561 1650 626 ἔλεγον
1687 559 1735 610 οἱ
1763 557 1813 615 Α

1763 557 1813 615 Α
1839 556 2119 623 apparuit?
2141 556 2315 608 Homo
2356 553 2445 607 ille
2472 532 2924 622 supernafuralis,
2974 565 3135 619 quem
3193 566 3402 605 assum-

178 668 362 719 ἐπάνω
385 666 564 717 αὐτῶν
609 663 966 733 βαστάζοντες
1011 660 1102 712 τὸν
1155 657 1359 726 λύριον
1395 656 1490 723 τῆς
1538 652 1736 719 δόξης,

177 756 268 817 ei);
299 752 437 807 εἶδεν
473 752 733 820 ἰεζεκιὴλ
758 753 786 804 6
828 752 1132 819 προφήτης,
1170 747 1349 803 καθὼς
1397 744 1676 812 μετολίγον
1713 743 1741 791 6

182 848 342 909 λόγος
380 843 633 911 δηλώσει,
666 842 749 893 ὅτι
787 858 805 891 ι
838 841 1042 909 Κύριος
1081 836 1341 905 κραταιὸς
1381 836 1472 885 καὶ
1495 831 1738 892 δυνατὸς,

180 939 386 1006 Κύριος
413 937 638 997 δυνατὸς
669 936 727 987 έν
761 934 1041 1001 πολέμῳ.»
1077 931 1174 991 Τίς
1202 929 1333 995 γοῦν
1372 926 1543 993 ἐφάνη
1577 925 1743 973 δυνα-

178 1032 267 1091 τὸς
298 1031 357 1082 ὲν
381 1030 640 1096 πολέμῳς
682 1028 742 1079 '0
778 1026 1058 1093 ἄνθρωπος
1090 1022 1117 1074 6
1158 1022 1295 1088 ὑπὲρ
1324 1020 1504 1086 φύσιν,
1540 1017 1599 1068 ὂν
1626 1016 1744 1065 ἁνε-

178 1118 372 1170 ὶάῆετο
412 1117 441 1167 6
494 1116 621 1177 Υἱὸς
652 1114 745 1166 καὶ
791 1112 960 1177 Λόγος
1012 1108 1107 1162 τοῦ
1151 1108 1284 1160 Θεοῦ
1323 1108 1385 1158 ὲκ
1430 1105 1530 1171 τῆς
1582 1102 1743 1168 ἁγίας

181 1208 485 1278 Παρθένου.
530 1206 700 1268 Αὐτὸς
752 1205 861 1275 γὰρ
893 1202 1159 1257 κατέλαϐε
1199 1204 1290 1254 τὸν
1336 1199 1603 1259 διάϐολον,
1652 1196 1745 1247 καὶ

179 1300 343 1361 αὐτὸς
394 1299 657 1352 κατέλυσε
716 1297 815 1367 τὴν
874 1295 1151 1365 βασιλείαν
1207 1294 1303 1345 τοῦ
1352 1292 1619 1352 διαϐόλου,
1679 1287 1745 1355 ἢν

181 1391 494 1445 ἐϐασίλευεν
522 1390 629 1443 ἀπὸ
658 1390 751 1442 τοῦ
793 1388 971 1457 Ἀδὰμ
992 1388 1097 1449 ἕως
1125 1386 1218 1438 τοῦ
1247 1385 1510 1455 Χριστοῦ·
1546 1381 1747 1450 μᾶλλον

178 1481 231 1533 δὲ
258 1480 491 1548 τάληθὲς
517 1481 710 1543 εἰπεῖν,
738 1480 838 1547 τὴν
868 1476 1164 1545 τυραννίδα
1201 1475 1385 1536 αὑτοῦ,
1419 1473 1485 1541 ἣν
1516 1469 1743 1539 ὲτυράνο

178 1589 260 1625 νει
306 1573 369 1623 τὸ
403 1573 559 1638 γένος
606 1570 716 1623 τῶν
769 1568 1096 1635 ἀνθρώπων.
1145 1567 1209 1618 Τί
1267 1565 1376 1634 γὰρ
1433 1562 1601 1626 ξένον,
1662 1561 1749 1613 ἵνα.

180 1666 384 1733 νικήσῃ
416 1662 549 1724 Θεὸς
600 1662 691 1715 τὸν
740 1661 1027 1723 διάόολον;
1083 1660 1306 1719 Πάντως
1365 1657 1539 1709 οὐδέν.
1587 1654 1748 1706 Ἀλλὰ

179 1755 343 1808 τοῦτό
376 1758 493 1807 ἐστι
522 1754 582 1807 τὸ
618 1754 759 1822 μέγα
786 1753 881 1805 καὶ
910 1751 1224 1820 θαυμαστὸν
1252 1748 1348 1801 καὶ
1380 1748 1632 1815 ἀγγέλοις
1659 1747 1751 1798 καὶ

180 1847 517 1917 ἀνθρώποις,
553 1848 646 1898 καὶ
678 1846 816 1911 ὑπὲρ
855 1843 951 1913 τὴν
985 1843 1217 1911 δύναμιν
1261 1841 1358 1909 τῆς
1403 1839 1747 1906 ἀνθρωπίνης

182 1942 425 2009 φύσεως,
484 1941 571 1992 ἵνα
614 1937 859 2005 δηλονότι
890 1936 1087 2005 νικήσῃ
1119 1935 1146 1986 6
1184 1931 1470 1999 ἄνθρωπος
1516 1930 1609 1982 τὸν
1638 1929 1751 1981 διά-

181 2032 361 2084 δολον.
394 2031 546 2083 Καθὸ
591 2030 698 2097 γὰρ
736 2026 1021 2096 ἄνθρωπος
1052 2024 1303 2093 ἐνίκησεν
1329 2024 1354 2073 6
1385 2018 1621 2089 Χριστὸς
1661 2019 1751 2069 τὸν

178 2117 451 2181 διάϐολον,
501 2116 622 2185 οὐχὶ
671 2114 806 2167 καθὸ
858 2114 1031 2179 Θεός;
1088 2112 1185 2173 Τίς
1232 2110 1338 2178 γάρ
1376 2108 1614 2176 πόλεμος
1669 2106 1750 2167 είς

176 2211 348 2274 Θεόν;
383 2210 489 2263 Καὶ
511 2209 538 2259 ὁ
566 2206 797 2275 Χριστὸς
825 2204 1015 2257 ἕνεκεν
1038 2202 1228 2255 τούτου
1262 2197 1437 2261 εἶπεν,
1471 2200 1551 2251 ὅτι
1588 2199 1754 2267 «Ἐρ-

179 2314 341 2365 χεται
372 2299 399 2348 ὀ
428 2295 523 2348 τοῦ
571 2296 776 2362 κόσμου
821 2291 1030 2361 ἄρχων,
1071 2290 1351 2341 τουτέστιν
1404 2290 1431 2340 6
1478 2286 1750 2348 διάϐολος,

181 2391 278 2442 καὶ
313 2391 373 2442 ὲν
395 2389 519 2457 ἐμοὶ
551 2388 651 2440 οὐκ
682 2386 794 2454 ἔχει
819 2383 994 2436 οὐδέν.
1032 2401 1051 2433 ι
1093 2383 1297 2448 Ἧγουν
1319 2380 1516 2442 πάντες
1547 2380 1755 2447 ἄνθρω-

181 2499 271 2534 ποι
297 2478 621 2549 ἁμαρτωλοί
653 2479 812 2540 εἰσιν,
845 2474 938 2528 ἐπὶ
968 2474 1024 2527 δὲ
1062 2473 1156 2525 τοῦ
1194 2470 1429 2541 Χριστοῦ
1461 2472 1561 2523 οὐκ
1610 2465 1755 2537 εἶχεν

180 2574 368 2642 εὑρεῖν
402 2571 557 2641 ίχνος
602 2570 633 2638 ἢ
670 2568 961 2636 γνώρισμα
988 2564 1281 2634 ἁμαρτίας,
1317 2564 1429 2617 Καὶ
1472 2561 1595 2614 ἐπεὶ
1628 2561 1754 2623 τοὺς

184 2666 398 2724 πάντας
426 2660 681 2730 εὕρισκεν
711 2658 815 2710 ὑπὸ
835 2658 935 2726 τῆς
972 2656 1251 2725 ἁμαρτίας
1283 2653 1750 2725 κεκρατημένους,

184 2756 280 2807 καὶ⁵
343 2754 506 2805 οἱονεὶ
558 2750 904 2818 δεδεμένους,
956 2750 1107 2816 ῐσχυε
1166 2747 1305 2816 μετὰ
1363 2744 1602 2807 πάντων,
1663 2745 1757 2797 καὶ

186 2844 492 2915 ἐτυράννει.
537 2841 595 2894 'U
625 2840 681 2892 δὲ
714 2840 852 2908 ὑπὲρ
876 2840 1037 2906 φύσιν
1067 2838 1160 2889 καὶ
1191 2835 1427 2901 ἐξαίσιος
1448 2835 1754 2901 ἄνθρωπος,

183 2936 243 2987 ὃν
271 2932 566 2989 ἀνελάϐετο
589 2933 618 2984 6
637 2930 764 2992 Υἱὸς
786 2927 879 2981 τοῦ
910 2926 1065 2993 Θεοῦ,
1089 2926 1335 2995 ἁμαρτία
1353 2926 1449 2993 οὐχ
1480 2925 1756 2977 ὑπέκειτοο

187 3028 286 3080 καὶ
346 3027 567 3094 ἐνίκησε
607 3025 703 3078 καὶ
748 3022 1013 3075 κατέλυσε
1068 3019 1162 3072 τοῦ
1198 3018 1326 3089 ᾅδου
1364 3018 1432 3069 τὰ
1488 3016 1755 3086 βασίλεια.

185 3123 289 3175 Διά
337 3137 421 3173 τοι
470 3118 627 3171 τοῦτο
680 3118 709 3168 6
767 3112 1103 3185 προφητικὸς
1146 3112 1302 3181 λόγος
1351 3113 1379 3164 6
1435 3110 1632 3178 λέγων,
1676 3111 1756 3161 ὅτι

1842 648 1951 715 psit
2004 647 2175 701 Filius
2219 655 2275 699 et
2323 647 2557 700 Verbum
2610 646 2703 700 Dei
2753 660 2818 698 ex
2866 645 2988 699 diva
3023 643 3272 715 Virgine;
3317 647 3406 701 bie

1841 742 2045 794 etenim
2101 739 2379 794 diabolum
2439 738 2765 800 debellavit.
2826 748 2883 791 et
2937 738 3081 793 illius
3137 737 3409 793 destruxit

1844 848 2093 901 regnum,
2116 847 2228 900 quo
2257 833 2324 886 ab
2357 831 2547 885 Adami
2575 831 2912 898 temporibus
2941 845 3112 899 usque
3149 832 3214 883 ad
3245 831 3410 884 Chri-

1844 933 1988 976 stum
2021 930 2343 991 regnaverat
2381 939 2393 974 :
2441 922 2571 989 quin
2601 931 2657 975 et
2690 923 3030 991 tyrannidem
3084 922 3251 987 illius,
3303 939 3407 992 qua

1845 1029 2016 1082 genus
2046 1014 2343 1066 humanum
2373 1022 2663 1080 presserat,
2687 1022 2770 1067 est
2795 1014 3071 1068 amolitus.
3096 1013 3234 1079 Quid
3264 1015 3410 1068 enim

1846 1106 1972 1158 novi
2004 1113 2107 1167 est,
2155 1104 2198 1156 si
2254 1104 2397 1155 Deus
2427 1104 2704 1157 diabolum
2738 1105 2949 1158 vincat?
2982 1106 3125 1159 Nihil
3163 1107 3409 1159 omnino.

1848 1197 2047 1248 Verum
2104 1196 2207 1248 hoc
2253 1209 2507 1263 magnum
2549 1202 2603 1247 et
2647 1196 3009 1250 admiratione
3056 1198 3279 1267 dignum
3329 1208 3414 1253 cst

1847 1286 1992 1354 apud
2026 1286 2246 1355 angelos
2290 1295 2346 1340 et
2383 1284 2651 1347 homines,
2688 1298 2853 1355 atque
2905 1287 3155 1342 humanae
3207 1304 3415 1343 natura:

1848 1382 2144 1451 potentiam
2182 1380 2419 1442 excedit,
2452 1390 2511 1433 ut
2539 1381 2701 1434 homo
2726 1381 2910 1436 vincat
2947 1382 3249 1437 diabolum.
3280 1385 3415 1438 Nam

1849 1473 2149 1528 secundum
2181 1471 2578 1525 humanitatem
2609 1470 2859 1526 Christus
2891 1473 3167 1528 diabolum
3193 1474 3416 1541 devicit,

1850 1579 1960 1618 non
1993 1560 2294 1616 secundum
2323 1560 2687 1614 divinitatem.
2710 1561 2865 1627 Quod
2899 1563 3044 1617 enim
3074 1565 3274 1619 bellum
3301 1577 3422 1621 erat

1853 1664 2042 1708 contra
2075 1653 2279 1706 Deum?
2315 1653 2612 1721 Propterea
2642 1664 2696 1707 et
2721 1652 2975 1707 Christus
2999 1655 3134 1710 dixit
3164 1675 3177 1709 :
3210 1676 3227 1707 ι
3258 1658 3423 1712 Venit

1853 1747 2041 1801 mundi
2094 1747 2349 1815 princeps
2400 1745 2477 1813 (id
2509 1754 2593 1799 est
2639 1745 2937 1812 diabolusl,
2981 1757 3037 1801 et
3073 1749 3125 1801 in
3181 1764 3265 1803 me
3312 1765 3421 1804 non

1856 1834 2019 1887 habet
2064 1834 2445 1903 quidquam".
2479 1853 2495 1885 ι
2534 1833 2687 1888 Licet
2733 1836 2880 1888 enim
2929 1853 3119 1892 omnes
3173 1839 3425 1894 homines

1855 1938 2169 1996 peccatores
2210 1927 2342 1991 sint,
2384 1926 2438 1979 in
2471 1926 2691 1981 Christo
2730 1936 2907 1982 tamen
2953 1931 3160 1998 peccati
3206 1933 3420 2002 signum

1854 2020 2085 2075 inveniri
2142 2034 2251 2072 non
2316 2028 2549 2088 poterat.
2605 2036 2705 2074 nec
2760 2024 2965 2091 peccati
3026 2024 3317 2086 indicium;
3370 2035 3426 2078 ct

1853 2111 2103 2180 quamvis
2135 2126 2325 2164 omnes
2360 2110 2839 2179 deprehendamur
2870 2130 2895 2165 a
2930 2124 3155 2183 peccato
3192 2116 3338 2179 victi,
3373 2127 3428 2171 et

1855 2202 2005 2270 ligati
2035 2200 2462 2268 quodammodo,
2484 2215 2582 2269 per
2611 2193 2741 2253 illud
2770 2201 3135 2256 roborabatur
3161 2217 3217 2258 et
3245 2214 3429 2275 tyran-

1857 2293 2039 2347 nidem
2080 2291 2401 2352 exercebat;
2443 2292 2605 2344 homo
2640 2302 2820 2345 autem
2861 2293 2952 2346 ille
2996 2298 3430 2362 supernaturalis

1857 2390 1909 2433 et
1945 2379 2268 2447 stupendus.
2299 2393 2460 2447 quem
2504 2379 2672 2432 Filius
2709 2379 2804 2435 Dei
2841 2387 3158 2451 assumpsit,
3202 2398 3428 2456 peccato

1857 2487 1963 2525 non
1997 2471 2099 2524 fuit
2124 2469 2418 2531 obnoxius,
2444 2472 2540 2524 sed
2574 2471 2706 2525 illud
2736 2472 2888 2534 vicit.
2922 2474 3229 2547 infernique
3262 2495 3428 2547 regna

1856 2562 2147 2617 destruxit.
2182 2561 2527 2633 QuaprOpter
2572 2563 2921 2632 propheticus
2956 2567 3060 2621 iste
3098 2584 3299 2636 sermo,
3336 2575 3427 2642 qui

1858 2654 2031 2708 dicit:
2081 2671 2099 2703 ι
2131 2652 2391 2707 Dominus
2420 2653 2576 2708 fortis
2608 2665 2661 2709 et
2692 2666 2907 2725 potens,
2947 2660 3210 2718 Dominus
3241 2674 3431 2733 potem

1861 2746 1914 2799 in
1966 2745 2130 2804 bello,
2178 2764 2194 2796 ι
2249 2745 2493 2799 ostendit
2541 2746 2721 2815 ipsum
2773 2748 3071 2804 hominem.
3117 2752 3252 2806 Cum
3302 2772 3432 2810 vero

1861 2838 2034 2892 dicit:
2069 2858 2086 2887 ι
2123 2838 2387 2892 Dominus
2414 2838 2699 2898 virtutum.
2727 2839 2815 2894 hic
2837 2852 2920 2895 est
2942 2842 3030 2896 ille
3056 2859 3149 2898 rex
3172 2845 3375 2914 gloriae,
3410 2867 3427 2897 ι

1861 2928 2103 2984 ostendit
2150 2929 2326 2998 ipsum
2382 2928 2573 2983 Deum.
2624 2930 2868 2986 Virtutes
2918 2935 3064 2988 enim
3113 2936 3431 3005 angelorum

1861 3019 2117 3074 cohortes
2142 3027 2288 3072 sunt.
2311 3018 2446 3085 Quis
2474 3028 2653 3073 autem
2682 3021 2994 3090 angelorum
3029 3022 3290 3077 Dominus
3315 3025 3435 3077 est?

1865 3111 2007 3165 Deus
2037 3110 2318 3164 nimirum.
2352 3110 2520 3164 Vides
2555 3114 2833 3180 quomodo
2870 3129 3037 3167 unum
3072 3115 3437 3185 eumdem‘que

195 3230 214 3263 ι
257 3210 463 3279 Κύριος
490 3207 750 3276 κραταιὸς
786 3209 879 3258 καὶ
906 3203 1153 3268 δυνατὸς,
1204 3204 1409 3272 Κύριος
1440 3202 1662 3264 δυνατὸς
1698 3203 1755 3254 ὲν
1790 3222 1832 3280 c

1790 3222 1832 3280 ο
1865 3202 2068 3272 angeli,
2093 3211 2148 3255 et
2176 3216 2368 3255 omnes
2395 3202 2676 3270 prepbeta:
2700 3214 2825 3257 ante
2852 3206 3257 3273 generationem
3289 3207 3436 3261 illius

188 3306 439 3374 πολέμῳ,
477 3319 496 3353 ι
527 3300 732 3364 ἔδειξεν
789 3298 951 3351 αὑτὸν
992 3295 1297 3365 ἄνθρωπον.
1349 3294 1435 3346 Ἐν
1469 3293 1525 3346 οὲ
1556 3293 1633 3364 τῷ
1685 3295 1763 3346 εί-

190 3398 337 3454 πεῑν,
381 3394 459 3444 ὅτι
496 3409 514 3441 ι
545 3389 743 3458 Κύριος
800 3387 909 3440 τῶν
966 3384 1271 3453 δυνάμεων,
1328 3383 1509 3445 αὐτός.
1543 3384 1689 3435 ἐστιν
1738 3385 1767 3436 6

192 3484 455 3554 βασιλεὺς
492 3483 587 3551 τῆς
638 3482 815 3550 δόξης,
852 3498 871 3531 ι
925 3476 1124 3541 ἔδειξεν
1170 3476 1332 3529 αὑτὸν
1372 3474 1525 3531 Θεόν.
1562 3476 1625 3527 Δί
1657 3475 1765 3546 γὰρ

189 3576 451 3643 δυνάμεις
474 3575 654 3638 τάξεις
684 3569 930 3638 ἀγγέλων
957 3570 1113 3622 εἰσίν.
1145 3569 1238 3631 Τίς
1262 3567 1391 3635 γοῦν
1421 3570 1537 3619 ἐστι
1564 3568 1765 3637 Κύριος

194 3667 306 3719 τῶν
337 3665 619 3731 ἀγγέλων,
665 3663 723 3714 '0
750 3662 899 3725 856;.
938 3657 1088 3723 Εἶδες
1122 3661 1239 3723 πῶς
1266 3661 1354 3711 τὸν
1380 3659 1543 3711 αὑτὸν
1577 3659 1767 3724 ἔλεγον

190 3760 242 3810 οί
277 3757 501 3824 ἄγγελοι
532 3755 626 3808 καὶ
660 3756 859 3816 πάντες
913 3754 963 3806 οί
994 3754 1268 3823 προφῆται
1304 3752 1409 3819 πρὸ
1450 3752 1549 3820 τῆς
1576 3751 1767 3820 γεννή-

196 3864 338 3909 σεως
374 3846 559 3908 αὑτοῦ,
600 3848 695 3898 καὶ
732 3845 871 3911 μετὰ
908 3843 1006 3912 τὴν
1051 3843 1324 3910 γέννησιν,
1365 3843 1421 3893 ὲν
1449 3841 1526 3908 τῷ
1553 3842 1769 3907 θανάτμ

196 3936 369 3990 αὑτοῦ
404 3938 499 3987 καὶ
534 3934 670 4002 μετὰ
712 3934 809 4002 τὴν
841 3934 1136 3985 ἀνάστασιν
1174 3929 1305 3981 Θεόν
1333 3946 1391 3982 τε
1421 3930 1514 3980 καὶ
1556 3925 1770 3994 ἄνθρω-

195 4044 334 4092 πον;
377 4028 438 4077 Ὀ
472 4028 528 4077 δέ
547 4042 609 4093 γε
649 4024 908 4092 Ίεζεκιὴλ
941 4023 1138 4076 οὑτωσί
1171 4039 1359 4091 φησιν,
1394 4039 1411 4071 ι
1450 4019 1592 4086 Ἐγὼ
1622 4022 1768 4089 ἤμην

196 4126 255 4174 ἐν
290 4123 446 4190 μέσῳ
470 4122 568 4187 τῆς
592 4116 967 4186 αἰχμαλωσίας
1001 4116 1093 4167 ἐπὶ
1123 4113 1217 4167 τοῦ
1246 4111 1496 4181 ποταμοῦ
1533 4113 1626 4164 τοῦ
1656 4112 1762 4163 Χο-

197 4217 332 4283 6άρ,
366 4216 464 4266 καλ⁵
513 4209 860 4279 ἀνεῴχθησαν
894 4208 941 4258 οἱ
986 4207 1226 4273 οὐρανοὶ,
1258 4204 1351 4257 καὶ⁵
1395 4200 1532 4254 εἶδον
1581 4204 1772 4271 ὅρασιν

196 4306 367 4367 Θεοῦ,
427 4303 522 4355 καὶ
556 4302 770 4367 ἐγένετο
816 4301 902 4352 ἐπ’
932 4299 1032 4367 ἐμὲ
1077 4299 1196 4367 χεὶρ
1231 4297 1460 4365 Κυρίου,
1514 4297 1607 4347 καὶ
1636 4289 1773 4346 εἶδον

196 4399 438 4464 νεφέλην
472 4394 734 4461 μεγάλην,
765 4392 856 4443 καὶ
894 4391 1094 4457 φέγγος
1132 4388 1336 4457 κύκλῳ,
1388 4388 1481 4439 καὶ
1512 4387 1622 4455 πῦρ
1650 4386 1772 4452 ἑξα-

201 4487 509 4554 στράπτον,
560 4484 652 4534 καὶ
696 4483 753 4531 έν
788 4479 867 4547 τῷ
912 4479 1060 4547 μέσῳ
1092 4477 1165 4537 ὡς
1202 4476 1456 4543 ὁμοίωμα
1489 4474 1772 4543 τεσσάρων

1866 3303 1921 3348 et
1952 3301 2074 3362 post
2106 3294 2275 3358 illam,
2317 3293 2370 3345 in
2404 3302 2581 3346 morte
2650 3293 2797 3348 illius
2830 3304 2885 3349 et
2929 3307 3049 3365 post
3081 3300 3437 3352 resurrectio-

1866 3400 2014 3449 nem,
2049 3394 2104 3439 et
2150 3386 2322 3439 Deum
2361 3394 2417 3439 et
2452 3385 2728 3440 hominem
2759 3388 3146 3456 praedicarim?
3189 3391 3438 3445 Ezechiel

1870 3492 2033 3546 porro
2077 3477 2158 3531 sic
2189 3476 2362 3531 dicit:
2401 3496 2418 3526 ‹
2458 3476 2569 3546 Ego
2596 3492 2749 3531 eram
2800 3479 2852 3532 in
2889 3480 3073 3533 medio
3107 3481 3441 3548 captivitatis

1866 3572 2016 3640 juxta
2056 3569 2282 3623 fluvium
2315 3570 2569 3635 Chobar;
2600 3579 2656 3623 et
2686 3572 2858 3639 aperti
2903 3582 3032 3625 sunt
3072 3574 3216 3634 coeli,
3244 3584 3297 3628 et
3330 3576 3441 3630 vidi.

1868 3664 2134 3716 visionem
2170 3662 2287 3725 Dei,
2311 3671 2367 3715 et
2395 3662 2533 3717 facta
2560 3669 2644 3717 est
2672 3678 2838 3731 super
2868 3678 2952 3717 me
2980 3679 3172 3718 manus
3203 3666 3440 3721 Domini.

1870 3752 1936 3806 Et
1972 3752 2081 3804 vidi
2130 3751 2332 3805 nubem
2388 3767 2662 3819 magnam,
2709 3763 2764 3805 et
2815 3753 3072 3822 splendor
3114 3755 3165 3807 in
3208 3756 3442 3811 circuitu

1873 3846 2045 3915 ipsius
2080 3853 2136 3899 et
2177 3842 2317 3915 ignis
2362 3843 2665 3915 fulgurans.
2712 3844 2781 3899 Et
2816 3847 2867 3898 in
2917 3846 3096 3901 medio
3135 3857 3249 3902 erat
3289 3852 3442 3918 quasi

1873 3937 2180 3991 similitudo
2214 3947 2449 4005 quatuor
2496 3936 2838 3997 animalium,
2890 3947 2944 3990 et
2996 3939 3293 4007 unicuique
3347 3942 3445 3995 ala:

1873 4038 2129 4098 quatuor,
2175 4036 2229 4081 et
2277 4028 2528 4081 scintilla:
2579 4029 2730 4095 quasi
2784 4045 2856 4083 a‘s
2904 4030 3203 4099 fulgurans,
3238 4032 3446 4101 alaeque

1874 4120 2091 4172 illorum
2130 4118 2359 4172 celeres.
2396 4119 2463 4172 Et
2503 4119 2807 4171 similitudo
2836 4136 3000 4189 super
3034 4132 3198 4189 caput
3241 4125 3447 4177 anima-

1874 4210 2005 4262 lium
2036 4209 2191 4278 quasi
2226 4208 2653 4271 firmamentum,
2686 4210 2845 4277 quasi
2879 4209 3019 4263 visio
3049 4212 3284 4280 crystalli
3318 4212 3448 4265 lior-

1877 4301 2055 4355 rendi.
2117 4301 2183 4354 Et
2248 4315 2414 4370 super
2459 4299 2861 4353 firmamentum
2908 4304 3053 4368 quod
3108 4312 3226 4356 erat
3280 4318 3448 4372 super

1876 4405 2038 4463 caput
2074 4394 2317 4455 illorum,
2356 4404 2612 4459 tanquam
2660 4392 2963 4445 similitudo
3018 4394 3201 4447 throni
3232 4394 3304 4449 .in
3341 4410 3445 4456 eo;

1876 4497 1930 4541 et
1961 4486 2338 4556 supra‘tbroni
2397 4483 2806 4537 similitudinem
2849 4494 3103 4554 tanquam
3147 4487 3448 4541 similitudo

198 4548 388 4638 ζωων,
416 4574 511 4624 καὶ
537 4572 801 4639 τέσσαρες
830 4569 1100 4637 πτέρυγες
1122 4566 1198 4634 τῷ
1228 4566 1327 4628 ένὶ,
1352 4565 1447 4618 καὶ
1478 4564 1773 4634 σπινθῆρες
1808 4548 1850 4601 Ῐ)

1808 4548 1850 4601 D
1882 4576 2117 4631 hominis
2157 4574 2424 4627 insidens.
2475 4574 2543 4628 Et
2586 4575 2695 4629 vidi
2736 4591 2835 4629 ceu
2867 4577 3133 4630 visionem
3184 4578 3322 4645 ignis
3364 4578 3446 4631 in-

198 4669 277 4728 ὠς
309 4662 707 4730 ἐξαστράπτων
746 4659 966 4727 χαλκὸς,
1016 4659 1112 4711 καὶ
1153 4657 1387 4724 ἐλαφραὶ
1416 4655 1472 4706 αἱ
1506 4655 1770 4722 πτέρυγες

199 4757 417 4818 αὐτῶν,
452 4753 546 4804 καί
568 4751 820 4820 ὁμοίωμα
845 4750 983 4818 ὑπὲρ
1007 4746 1249 4815 κεφαλῆς
1285 4746 1393 4800 τῶν
1427 4745 1602 4808 ζώων,
1644 4744 1773 4797 ὡσεὶ

199 4846 523 4915 στερέωμα,
588 4842 664 4903 ὡς
722 4842 912 4910 ὅρασις
968 4838 1308 4907 κρυστάλλου
1352 4835 1623 4905 φοϐεροῦ,
1684 4838 1779 4888 καὶ

200 4937 471 5007 ὑπεράνω
500 4934 593 4987 τοῦ
629 4932 1006 5002 περεὼμαειος
1034 4931 1128 4983 τοῦ
1160 4932 1296 4998 ὑπὲρ
1326 4931 1566 4998 κεφαλῆς
1598 4929 1778 4981 αὐτῶν

199 5033 281 5091 ὡς
319 5029 576 5097 ὁμοίωμα
604 5024 793 5092 θρόνου
820 5022 909 5074 ἐπ’
939 5021 1113 5089 αὐτῷ,
1142 5024 1236 5075 καὶ
1264 5024 1359 5075 ἐπὶ
1379 5021 1473 5073 τοῦ
1497 5020 1781 5088 ὁμοιώμαο

200 5140 296 5181 τος
322 5119 423 5173 τοῦ
456 5118 646 5187 θρόνου
678 5115 932 5183 ὁμοίωμα
966 5113 1041 5175 ὡς
1065 5109 1204 5173 εἶδος
1229 5111 1516 5179 ἀνθρώπου
1545 5108 1772 5163 ἄνωθεν.

204 5218 321 5268 Kal.
346 5210 490 5264 εἶδον
527 5209 601 5271 ὡς
630 5209 819 5276 ὅρασιν
854 5208 1023 5276 πυρὸς
1052 5203 1253 5256 ἔσωθεν
1276 5203 1461 5256 αὐτοῦ.
1500 5222 1519 5254 ι
1566 5204 1672 5255 Καὶ
1697 5204 1780 5254 ὅτι

208 5308 376 5377 μὲνὴ
418 5301 665 5372 παροῦσα
714 5300 1021 5370 προφητεία
1081 5297 1252 5366 πολλὴ
1301 5301 1395 5348 καὶ
1430 5296 1642 5364 μεγάλη
1688 5295 1783 5348 καὶ

205 5398 510 5467 θαυμαστή
559 5396 726 5459 ἐστιν,
760 5393 953 5462 ἥντινα
1003 5390 1294 5443 κατέλιπον
1334 5390 1422 5440 διὰ
1465 5390 1527 5440 τὸ
1574 5386 1780 5456 πλῆθος

203 5495 310 5562 τῆς
362 5490 618 5557 γραφῆς,
672 5491 764 5538 καὶ
818 5486 878 5537 τὸ
926 5484 1060 5537 πολὺ
1111 5485 1207 5553 τῆς
1265 5484 1584 5553 ἑρμηνείας,
1624 5482 1781 5534 τοῦτο

204 5580 462 5633 τοιοῦτόν
500 5578 668 5631 ἐστιν.
712 5577 876 5628 Ἀλλὰ
926 5576 1084 5628 τοῦτο
1126 5576 1285 5644 μόνον
1322 5576 1537 5643 σκέψαι,
1587 5577 1666 5626 ὅτι
1713 5581 1781 5627 τα

1882 4668 2156 4721 trinseeus
2190 4664 2241 4717 in
2275 4665 2423 4717 eo".
2460 4682 2475 4712 ι
2505 4664 2583 4718 ‘Et
2619 4665 2749 4717 licet
2783 4679 3020 4733 praesens
3058 4665 3173 4719 bare
3209 4667 3449 4735 pr0p|ie-

1882 4759 1976 4823 tia,
2009 4758 2250 4826 copiosa,
2276 4770 2468 4825 magna
2499 4765 2553 4809 et
2578 4755 2895 4810 admiranda
2917 4756 3007 4817 sit,
3039 4772 3198 4824 quam
3227 4769 3450 4828 propter

1886 4841 2172 4917 scriptura:
2235 4858 2290 4901 et
2348 4849 2815 4916 interpretationis
2873 4848 3083 4912 copiam
3144 4852 3448 4915 omisimus,

1888 4951 2065 4993 tamen
2113 4947 2235 4992 utut
2291 4939 2405 4992 bare
2447 4939 2577 5001 sint,
2611 4939 2714 4993 hoc
2754 4938 2927 4992 solum
2966 4940 3272 5002 considera.
3309 4944 3449 5010 quod

1888 5042 2124 5100 quatuor
2168 5030 2419 5082 animalia
2461 5032 2602 5098 (quae
2636 5038 2784 5084 vates
2828 5031 2966 5083 alata
3007 5032 3139 5085 dicit
3187 5035 3235 5086 al
3262 5049 3287 5086 s
3318 5051 3454 5103 qua-

1891 5132 2033 5181 tuor,
2073 5130 2128 5174 et
2176 5119 2456 5189 subjongit
2510 5122 2831 5189 posteazEt
2885 5124 3105 5186 reliqua:
3153 5125 3273 5177 dure
3324 5142 3456 5178 con-

1883 5212 2086 5282 juncta:
2115 5210 2181 5263 ad
2213 5211 2494 5276 invicem),
2526 5227 2716 5279 magna
2756 5212 2844 5265 illa
2892 5214 3206 5282 angelorum
3256 5218 3454 5269 cohors

1890 5312 1995 5365 est,
2026 5317 2145 5370 qua:
2198 5317 2295 5369 per
2334 5310 2504 5357 totam
2536 5300 2872 5370 Scripturam
2908 5318 3115 5356 sacram
3167 5302 3452 5372 Seraphin:

1892 5392 2109 5444 dicitur.
2150 5389 2328 5459 Super
2356 5402 2518 5458 caput
2548 5400 2728 5444 autem
2776 5391 2971 5444 horum
3015 5394 3148 5445 vidit
3192 5395 3455 5461 propheta

1888 5482 2305 5537 similitudinem
2360 5483 2565 5545 throni,
2600 5494 2657 5536 et
2697 5499 2860 5552 super
2904 5483 3157 5536 llll'Oi'lllill
3206 5485 3459 5537 simililuv

1890 5576 2073 5629 dinem
2131 5576 2386 5628 hominis.
2432 5577 2592 5642 Atqui
2652 5576 2753 5631 hoc
2820 5592 2948 5629 sane
3006 5576 3458 5645 interpretatione

206 5672 467 5739 τέσσαρα
498 5669 652 5731 ’ζῶα,
705 5667 859 5720 ἅτινα
909 5668 1058 5734 λέγει
1106 5669 1134 5717 ὁ
1187 5668 1475 5735 προφήτης
1526 5667 1783 5735 πτερωτὰ

1890 5664 2117 5732 indiget.
2163 5664 2295 5727 Quis
2343 5667 2486 5718 enim
2536 5667 2623 5720 ille
2674 5667 2832 5720 homo
2862 5676 2963 5729 cst,
3029 5680 3190 5733 qucm
3238 5665 3453 5718 maximi

285 5853 335 5885 ³⁸
373 5850 537 5905 Joan.
576 5864 684 5911 ειν,
718 5848 806 5901 '50.
885 5848 930 5881 ’ί
974 5848 1173 5901 Ezech.
1222 5865 1260 5911 ι,
1302 5851 1322 5902 l
1361 5864 1512 5918 seqq.

564 5943 825 6003 ΡΑΤιιοι..
876 5942 993 6002 Gn.
1043 5943 1237 6006 CLIV.

3075 5943 3147 6007 16
