4204 6444
199 428 303 489 493

1141 420 1439 479 CONTRA
1480 418 1965 479 ΜΑΙΙΟΜΕΤΕΜ
2006 420 2381 482 APOLOGIA
2426 421 2505 480 Ii.

3328 420 3435 491 δίει

196 546 405 605 πεσεῖν,
447 542 587 596 διατί
626 544 711 594 ἵνα
744 542 945 611 ποιήσῃ
977 539 1177 604 αὐτὸν;
1221 540 1334 592 Kal.
1386 538 1519 607 μεθὸ
1544 555 1752 609 τραχηο

1875 569 2066 625 :atum,
2104 561 2196 629 qui
2232 570 2523 628 peccantes
2553 557 2824 626 privautur
2865 555 3035 624 gloria
3074 554 3164 607 Dei
3202 564 3435 624 etpara-

191 639 384 699 λιάσας
426 636 564 689 κατά
617 634 709 687 τοῦ
763 632 921 697 Θεοῦ,
967 633 1087 684 ἀντὶ
1143 632 1378 699 ἀγγέλου
1433 632 1530 683 καὶ
1581 630 1760 697 φωτὸς

1163 724 1285 784 Πῶ,
1322 722 1473 774 οὐδὲν
1508 722 1760 792 ἔφθειρεν

193 825 257 875 αὐ
273 822 356 873 τὸν
389 822 416 872 ὁ
449 819 601 881 Θεὸς,
635 818 747 870 ἀλλ’
774 818 954 868 εἴασεν
989 816 1173 875 αὐτὸν,
1223 818 1317 867 καὶ
1350 817 1637 883 ἀπατήσας
1668 815 1759 866 τὸν

205 912 403 978 Ἀδὰμ,
442 910 718 977 ἀπέστησε
768 909 861 959 καὶ
892 905 1053 959 αὐτὸν
1087 906 1307 974 μακράν
1340 924 1440 957 που
1476 906 1568 957 τοῦ
1599 904 1757 967 Θεοῦ,

193 1005 291 1056 καὶ
319 1004 399 1054 ἔτι
428 1001 717 1069 παρακινεῖ
748 997 951 1059 πάντας
982 995 1306 1064 ἀνθρώπους
1349 998 1429 1057 εἰς
1469 996 1528 1048 τὸ
1576 998 1728 1065 ἁμαρ

191 1096 396 1153 τάνειν,
428 1093 521 1145 καὶ
549 1090 956 1160 ἁμαρτάνοντες
992 1090 1311 1140 στεοοῦνται
1344 1088 1439 1156 τῆς
1482 1088 1638 1154 δόξης
1664 1087 1760 1137 τοῦ

194 1185 356 1248 Θεοῦ,
395 1186 488 1236 καὶ
512 1180 606 1234 τοῦ
643 1180 1013 1248 παραδείσους
1059 1181 1166 1232 Καὶ
1198 1180 1332 1233 ἄλλα
1373 1181 1541 1247 μυρία
1582 1180 1761 1232 ἄτοπα

191 1282 287 1333 καὶ
324 1276 469 1330 κακά
504 1276 786 1342 μέλλουσιν
817 1271 1140 1336 ἀνακύψειν,
1172 1273 1288 1333 ἐνὸς
1325 1272 1527 1323 ἀτὸπου
1578 1269 1760 1321 δοθέν-

189 1386 305 1432 τος.
361 1370 460 1421 Διά
504 1367 661 1419 τοῦτό
696 1369 811 1417 ἐστι
849 1364 1078 1425 δίκαιον,
1118 1364 1203 1415 ἵνα
1241 1364 1419 1415 πίστει
1472 1360 1758 1430 δεχὼμ-οα

188 1463 256 1514 τὰ
290 1462 443 1529 παρά
477 1458 571 1512 τοῦ
619 1456 751 1511 Θεοῦ
788 1456 1176 1524 πεπραγμένα,
1232 1455 1323 1506 καὶ
1367 1455 1466 1505 οὐκ
1512 1454 1758 1518 ἐξετάσει

188 1556 284 1605 καὶ
318 1548 817 1621 πολυπραγμοσύνῃ
851 1548 1086 1616 διδῶμεν
1118 1546 1281 1599 αὑτά..
1318 1546 1460 1598 Ἀλλ’
1500 1546 1647 1613 ὅμως
1674 1545 1762 1598 διά

187 1652 247 1704 τὸ
274 1647 411 1701 πολύ
442 1663 535 1698 σου
572 1644 862 1714 περίεργον
909 1645 1155 1709 εἴπωμεν
1185 1640 1445 1708 λογισμόν
1480 1657 1601 1692 τινα
1633 1641 1761 1707 περὶ

188 1742 385 1794 τοότου
407 1755 422 1770 ο
454 1738 547 1791 καὶ
587 1740 636 1788 εί
666 1738 850 1805 ἔχεται
880 1736 979 1801 τῆς
1021 1734 1303 1801 ἀληθείας,
1339 1731 1466 1795 δόξα
1506 1730 1584 1798 τῷ
1621 1730 1763 1799 ἁγίῳ

186 1832 345 1900 Θεῷο
379 1830 429 1881 εί
476 1829 519 1880 δ’
572 1823 687 1891 οῦν,
720 1827 1019 1894 ἀπέμεινεν
1068 1824 1146 1884 εἰς
1192 1822 1400 1874 ἐκεῖνον
1445 1819 1534 1872 τὸν
1598 1821 1760 1886 μόνον

187 1924 530 1992 γινώσκοντα
561 1925 659 1989 τὴν
686 1920 869 1971 πᾶσαν
903 1915 1183 1984 ἀλήθειαν.
1217 1913 1421 1981 ι’ράςρει
1444 1914 1470 1965 6
1500 1910 1764 1976 Μωῦσῆς,

194 2019 398 2090 μᾶλλον
426 2016 481 2069 δὲ
509 2016 656 2081 λέγει
679 2013 706 2062 6
728 2013 859 2074 Θεὸς
890 2010 977 2063 διὰ
1003 2007 1098 2060 τοῦ
1121 2006 1403 2069 Μοῦσέως,
1429 2006 1510 2057 ὅτι
1543 2023 1561 2054 ι
1598 2005 1761 2069 Ἀγαο

189 2113 395 2179 πήσεις
430 2105 632 2174 Κύριον
658 2103 748 2155 τὸν
777 2102 1030 2154 Θεόνισου
1059 2100 1118 2163 ἐξ
1146 2100 1275 2167 ὅλης
1303 2098 1403 2164 τῆς
1435 2095 1611 2164 ψυχῆς
1645 2110 1762 2155 σου,

190 2198 284 2248 καὶ
312 2197 371 2260 ἐξ
398 2193 525 2261 ὅλης
551 2191 650 2260 τῆς
674 2190 915 2251 διανοίας
940 2206 1056 2254 σου,
1087 2187 1182 2240 καλ⁹
1210 2187 1266 2252 ἐξ
1302 2186 1429 2253 ὅλης
1455 2187 1552 2252 τῆς
1584 2181 1765 2250 ἰσχύος

191 2304 312 2341 σου.
347 2306 364 2339 ι
408 2288 570 2354 Λέγει
595 2286 622 2335 6
658 2284 887 2351 Χριστὸς
913 2283 970 2334 ὲν
1001 2281 1076 2350 τῷ
1111 2278 1447 2346 Εὑαγγελίῳ,
1486 2294 1505 2328 ι
1549 2276 1607 2328 Ὀ
1632 2278 1768 2342 ἀγα-

190 2381 313 2435 πῶν
354 2396 420 2447 με
461 2376 883 2445 ἀγαπηθήσεται
918 2373 1022 2426 ὑπὸ
1050 2371 1140 2424 τοῦ
1176 2370 1385 2440 Πατρός
1412 2386 1567 2439 μου.»
1604 2369 1767 2435 Λέγει

197 2474 460 2532 Ἡσαΐας,
492 2489 509 2521 ι
539 2469 675 2521 Τάδε
708 2467 855 2535 λέγει
887 2467 1087 2534 Κύριος
1112 2505 1125 2518 .
1186 2465 1275 2532 Μὴ
1324 2462 1461 2531 γυνὴ
1509 2462 1764 2529 ἐπιλήσε-

192 2582 290 2619 ται
311 2565 379 2616 τὰ
408 2562 605 2628 ἔκγονα
628 2560 794 2629 αὐτῆς
819 2576 833 2591 ο
862 2560 909 2610 εἰ
934 2556 987 2609 δὲ
1012 2558 1101 2610 καὶ
1133 2554 1268 2623 γυνὴ
1292 2555 1631 2623 ἐπιλήσεται,
1657 2550 1768 2617 ἐγὼ

191 2659 294 2711 οὒκ
329 2656 675 2724 ἐπιλήσομαι,
715 2651 861 2716 λέγει
905 2648 1158 2716 Κύριος.»
1201 2646 1307 2697 Καὶ
1338 2644 1507 2706 οὕτως
1546 2643 1693 2695 ἐστὶν
1732 2644 1764 2710 ἡ

193 2749 450 2819 ἀλήθεια.
499 2744 672 2811 ’Υπὲρ
728 2741 936 2809 μητέρα
976 2740 1065 2789 καὶ
1106 2738 1318 2807 πατέρα
1360 2735 1766 2804 μυριοπλασξως

191 2841 393 2908 ἀγαπᾷ
424 2840 452 2890 6
474 2836 604 2897 Θεὸς
634 2834 724 2886 τὸν
741 2830 1045 2899 ἄνθρωπον,
1068 2828 1462 2896 καὶκὲπέκεινα.
1485 2824 1581 2877 Διὰ
1612 2826 1767 2877 τοῦτο

189 2930 404 2999 οιρεὶλει
422 2929 527 2989 πᾶς
542 2926 822 2994 ἄνθρωπος
840 2923 979 2989 ὑπὲρ
1004 2919 1234 2985 πατέρα,
1257 2917 1464 2986 μητέρα
1478 2954 1493 2979 ,
1512 2919 1765 2983 γυναῖκα,

193 3021 394 3081 τέκνα,
424 3016 708 3084 ἀδελφοὺς,
741 3013 879 3067 ἀλλά
913 3014 1006 3065 καὶ
1050 3011 1221 3077 αὐτὴν
1263 3008 1358 3079 τὴν
1384 3009 1585 3078 ψυχὴν,
1627 3008 1767 3073 ἀγα-

192 730 412 796 ἑγένετο
470 727 655 788 σκότος
714 726 806 775 καὶ
840 722 1087 785 διάϐολος

1863 649 2022 703 diso?
2050 648 2155 701 Sed
2191 657 2249 701 et
2283 647 2384 700 alia
2425 645 2656 712 plurima
2695 643 2931 697 absurda
2967 645 3212 711 malaque
3252 657 3429 695 emer-

1862 755 1985 792 sura
2018 750 2166 799 sunt,
2208 741 2251 791 si
2279 753 2447 791 unum
2470 735 2691 804 aliquod
2732 734 3031 789 absurdum
3074 732 3425 786 concedatur.

1864 836 2027 886 Decet
2078 833 2240 899 igitur
2283 842 2341 883 ut
2387 847 2483 900 per
2525 829 2686 883 ﬁdem
2730 829 3093 896 suscipiamus
3138 841 3200 879 ea
3234 842 3353 894 qua:
3395 842 3422 875 a

1866 924 1973 978 Deo
2054 923 2192 977 facta
2256 933 2422 987 sunt,
2482 938 2583 977 nec
2665 936 2728 975 ea
2803 918 3143 987 inquisitioni
3214 925 3269 969 et
3330 931 3425 969 cu-

1865 1014 2094 1069 riositati
2142 1024 2344 1069 nostra:
2372 1014 2773 1082 permittamus.
2811 1012 3037 1079 Propter
3081 1008 3302 1062 nimiam
3341 1018 3426 1061 ta-

1864 1120 1985 1156 men
2046 1103 2420 1156 curiositatem
2454 1110 2623 1166 tuam,
2659 1100 2927 1154 rationem
2978 1098 3212 1167 aliquam
3262 1097 3426 1165 hujus

1862 1194 2184 1257 adoremus;
2217 1209 2339 1262 qua:
2367 1192 2414 1246 si
2446 1192 2663 1246 veritati
2694 1191 2859 1244 fuerit
2895 1198 3288 1247 consentanea,
3316 1188 3429 1256 glu-

1862 1286 1942 1338 ria
1970 1285 2041 1337 sit
2081 1294 2139 1338 et
2181 1285 2298 1338 laus
2342 1284 2452 1337 Deo
2493 1281 2882 1344 sanctissimo;
2930 1281 2983 1333 in
3028 1280 3178 1333 hunc
3218 1279 3424 1346 quippe

1861 1374 2036 1427 Solum
2071 1372 2376 1435 referenda,
2412 1371 2507 1441 qui
2564 1371 2847 1425 veritatem
2878 1385 3096 1423 omnem
3149 1369 3425 1437 cognovit.

1863 1463 2043 1515 Moses
2068 1462 2280 1522 scribit,
2312 1462 2445 1529 quin
2479 1461 2661 1529 potius
2710 1460 2855 1513 Deus
2889 1474 2983 1527 per
3012 1458 3213 1512 Miseni
3250 1458 3431 1525 loqui.

1864 1563 1953 1605 tur
1988 1570 2000 1604 :
2048 1571 2063 1602 ι
2104 1552 2302 1621 Diliges
2323 1552 2609 1605 Dominum
2639 1551 2807 1604 Deum
2838 1559 2987 1604 tuum
3013 1564 3080 1603 ex
3112 1557 3221 1602 tota
3250 1547 3429 1601 anima

1864 1657 1981 1710 tua,
2018 1657 2073 1699 et
2127 1661 2189 1699 ex
2224 1656 2333 1699 tota
2374 1647 2701 1715 cogitatione
2732 1657 2844 1710 tua,
2885 1655 2941 1698 et
2964 1661 3029 1698 ex
3060 1645 3192 1700 totis
3222 1645 3432 1699 viribus

1867 1736 1974 1789 tuis
2000 1738 2065 1791 ¹¹.
2106 1755 2123 1787 ι
2164 1736 2267 1791 Sed
2299 1749 2355 1789 et
2375 1737 2631 1791 Christus
2684 1736 2737 1790 in
2771 1736 3065 1805 Evangelio
3091 1735 3223 1789 dicit
3250 1753 3294 1788 ιι
3329 1736 3431 1800 Qui

1868 1825 2046 1893 diligit
2072 1843 2179 1887 nte,
2216 1829 2475 1895 diligetur
2501 1825 2708 1881 ai’atre
2748 1842 2869 1879 meo
2903 1827 2969 1881 ”.
3014 1846 3033 1879 ι
3074 1824 3204 1880 Item
3231 1826 3432 1881 Isaias:

1873 1936 1890 1968 ι
1932 1918 2057 1974 Haec
2099 1919 2237 1972 dicit
2281 1918 2579 1973 Dominus:
2634 1916 2775 1972 Num
2817 1917 3181 1972 obliviscetur
3238 1916 3436 1970 mulier

1866 2009 2164 2064 liberorum
2199 2011 2466 2065 suorum?
2495 2010 2878 2064 Verumtamen
2901 2018 2957 2063 et
2999 2009 3043 2063 si
3069 2010 3431 2064 obliviscatur

1868 2101 2087 2166 mulier,
2135 2116 2234 2167 ego
2281 2110 2460 2156 tamen
2512 2116 2619 2155 non
2680 2100 2996 2164 obliviscar,
3056 2099 3189 2155 dicit
3250 2100 3438 2154 Domi-

1870 2207 1974 2245 nus
2005 2191 2073 2244 “.
2116 2211 2135 2242 ι
2176 2191 2239 2244 Et
2290 2206 2482 2245 revera
2513 2192 2735 2260 quidem
2790 2190 3014 2246 evenire
3060 2191 3334 2249 videmus.
3380 2202 3438 2244 ut

1870 2283 1965 2338 Dei
1998 2299 2173 2349 amor,
2201 2299 2311 2353 quo
2339 2284 2593 2337 homines
2622 2283 2994 2353 prosequitur,
3036 2284 3225 2339 multis
3260 2285 3439 2337 mollis

1872 2385 2160 2444 parentum
2220 2377 2271 2428 in
2347 2376 2550 2429 liberos
2603 2389 2845 2430 amorem
2902 2385 3217 2445 exsuperet.
3272 2376 3441 2430 Debet

1871 2466 2041 2535 igitur
2089 2467 2268 2520 omnis
2314 2466 2476 2520 homo
2519 2467 2639 2534 plus
2690 2482 2852 2536 quam
2899 2477 3150 2529 matrem,
3202 2478 3438 2537 patrem.

1875 2572 2120 2621 uxorem,
2170 2557 2396 2620 liberos,
2444 2557 2661 2619 fratres,
2716 2558 2828 2612 imo
2896 2560 3016 2629 plus
3066 2575 3228 2629 quam
3285 2575 3439 2614 suam
3512 2630 3515 2635 η

1872 2651 2044 2718 ipsius
2081 2650 2342 2712 animam,
2364 2650 2533 2703 Deum
2572 2650 2822 2721 diligere.
2858 2651 3049 2706 Omnis
3081 2652 3227 2708 enim
3260 2652 3441 2707 homi-

1875 2742 1961 2795 nis
2011 2742 2210 2800 virtus.
2246 2740 2534 2809 omnisque
2580 2741 2725 2795 actio
2768 2742 2875 2797 huc
2932 2744 3123 2805 tendit,
3185 2743 3441 2814 buncque

1877 2835 2038 2886 tinem
2069 2831 2174 2886 sibi
2207 2831 2365 2885 habet
2414 2832 2773 2901 propositum,
2814 2842 2873 2887 ut
2928 2835 3098 2890 Deum
3124 2836 3351 2907 diligat;
3387 2848 3442 2889 et

1874 2932 2296 2989 quantm-anque
2332 2922 2483 2974 illum
2522 2937 2708 2976 amore
2734 2934 3055 2992 prosecutus
3076 2924 3260 2989 fuerit,
3287 2934 3440 2979 tanto

1873 3016 1930 3060 et
1963 3007 2189 3061 inﬁnitis
2212 3008 2389 3063 modis
2421 3009 2627 3075 majore
2669 3010 2926 3080 diligetur
2962 3028 2990 3065 a
3024 3013 3274 3068 Domino.

194 3117 311 3185 πᾶν
357 3112 449 3165 τὸν
478 3113 633 3165 Θιάν.
660 3110 817 3163 Πᾶσα
866 3106 974 3176 γὰρ
1012 3104 1180 3174 ἀρετὴ
1230 3103 1324 3156 τοῦ
1358 3102 1668 3172 ἀνθρώπου,
1704 3100 1797 3152 καὶ
1830 3102 1979 3155 πᾶσα
2040 3104 2239 3171 πρᾶξις
2280 3106 2361 3166 εἰς
2398 3106 2530 3156 αὐτὸ
2579 3104 2738 3157 τοῦτο
2765 3106 3062 3160 ἀποϐλέπει
3086 3147 3101 3172 ,
3145 3110 3239 3163 καὶ
3284 3110 3442 3165 τοῦτο

198 3212 319 3279 ἔχει
368 3208 431 3259 τὸ
480 3208 669 3269 τέλος,
723 3206 807 3256 ἴνα
877 3201 1139 3272 ἀγαπὴσῃ
1188 3200 1281 3254 τὸν
1342 3200 1496 3266 Θεὸν,
1545 3199 1639 3252 καὶ
1702 3198 1828 3250 ὅσον
1880 3200 2159 3268 ἀγαπήσει
2196 3199 2378 3265 αὐτὸν,
2424 3199 2564 3269 ὑπὲρ
2607 3201 2667 3253 τὸ
2713 3202 3108 3270 μυριοπλάσιον
3158 3203 3441 3272 ἀγαπᾶται

200 3306 311 3358 ὑπὸ
345 3303 439 3357 τοῦ
470 3302 625 3355 Θεοῦ.

270 3500 381 3562 κζ’.
427 3495 561 3548 Ἀπὸ
589 3494 742 3546 ποίου
784 3492 913 3560 γοῦν
943 3492 1147 3561 τρόπον
1174 3490 1266 3542 καὶ
1295 3490 1403 3543 ἀπὸ
1443 3489 1597 3547 ποίας
1632 3487 1770 3556 πρά-

198 3591 340 3653 ξεως
386 3589 611 3641 δύναται
654 3586 831 3638 ἐλθεῖν
874 3584 1165 3653 ἄνθρωπος
1213 3582 1293 3644 είς
1344 3580 1636 3649 αἴσθησιν,
1684 3578 1772 3629 ἵνα

195 3682 473 3750 ἀγαπήσῃ
500 3680 589 3731 τὸν
621 3678 777 3742 Θεὸν,
810 3676 924 3729 ἀλλ’
953 3676 985 3745 ἢ
1019 3674 1129 3727 ἀπὸ
1159 3674 1254 3726 τοῦ
1287 3670 1655 3740 ἐνθυμηθῆναι
1678 3668 1773 3720 καὶ

192 3769 632 3838 ἀναλογίσασθαι
659 3768 800 3821 κατά
832 3765 959 3819 νοῦν
988 3767 1071 3819 δτι
1102 3763 1169 3818 δι’
1196 3763 1297 3833 ἐμὲ
1328 3762 1417 3815 τὸν
1452 3759 1771 3830 ἁμαρτωλὸν

192 3867 289 3916 τὸν
323 3862 655 3930 παραϐάντα
680 3860 771 3911 τὸν
801 3858 898 3910 τοῦ
927 3857 1063 3910 Θεοῦ
1092 3858 1253 3925 νόμον
1288 3856 1379 3907 καὶ
1402 3854 1499 3923 τὴν
1528 3852 1768 3919 ἐντολὴν,

194 3957 388 4007 ὅντινα
422 3952 704 4020 ἠπάτησεν
734 3951 760 4001 6
794 3950 1063 4010 διάϐολος,
1099 3948 1190 3999 καὶ
1233 3947 1523 3997 ἀπέκτεινε
1563 3942 1772 4011 μακριὶ-

195 4061 299 4103 νας
333 4042 445 4093 ἀπὸ
490 4039 586 4092 τοῦ
621 4038 789 4102 Θεοῦ;
834 4036 1126 4104 Ἐφόρεσεν
1156 4036 1185 4087 6
1217 4034 1347 4095 Θεὸς
1372 4032 1469 4101 τὴν
1500 4033 1772 4099 ἡμετέραν

199 4140 413 4204 σάρκα,
452 4133 546 4183 καὶ
574 4133 798 4197 γέγονεν
822 4130 1129 4198 ἅνθρωπος,
1166 4129 1261 4178 καὶ
1294 4126 1530 4179 ἀπέθανε
1563 4123 1629 4173 δι’
1650 4121 1772 4188 ἐμὲ,

196 4230 299 4280 ναὶ
330 4228 359 4279 6
406 4224 618 4275 ἐκείνου
659 4222 887 4282 θάνατος
944 4220 1167 4287 γέγονεν
1204 4218 1449 4287 ἡμετέρα
1501 4215 1638 4283 ζωὴ.
1683 4214 1773 4266 καὶ

198 4322 234 4389 ἡ
268 4317 486 4370 ἐκείνου
529 4315 826 4375 ἀνάστασις
873 4311 1074 4363 ἔδωκεν
1131 4312 1252 4378 ἐμοὶ
1285 4308 1377 4360 τὸν
1423 4305 1771 4376 παράδεισον,

196 4410 298 4463 καὶ
338 4409 441 4475 τὴν
474 4407 538 4476 ἣν
570 4404 825 4458 ἀπώλεσα
874 4399 1175 4471 βασιλείαν,
1227 4401 1322 4450 καὶ
1360 4400 1587 4466 ἄρχεται
1622 4394 1773 4447 ἐνθυο

197 4495 435 4564 μεῖσθαι
464 4495 565 4563 τὴν
600 4494 825 4561 ἄπειρον
861 4491 955 4546 τοῦ
984 4488 1131 4557 Θεοῦ
1150 4487 1564 4555 φιλανθρωπίαν
1591 4501 1650 4536 τε
1678 4484 1771 4536 καὶ

194 4589 457 4655 ἀγάπην.
522 4585 632 4638 Καὶ
660 4582 1065 4652 ἐνθυμούμενος
1118 4580 1338 4651 ἔρχεται
1391 4578 1471 4638 είς
1523 4576 1623 4646 τὴν
1674 4572 1771 4626 τοῦ

192 4679 344 4732 Θεοῦ
377 4678 624 4744 ἀγάπην,
663 4675 759 4727 καὶ
812 4676 1009 4744 πληροῖ
1056 4672 1152 4733 τὰς
1201 4668 1420 4724 ἐντολὰς
1464 4667 1559 4722 τοῦ
1611 4665 1767 4729 Θεοῦ,

193 4774 295 4824 καὶ
328 4772 460 4830 τοὺς
494 4768 681 4835 λόγους
725 4766 820 4819 τοῦ
855 4764 1214 4832 Εὑαγγελίου.
1247 4762 1478 4831 Πληρῶν
1509 4759 1565 4812 δὲ
1597 4758 1771 4811 ταῦτα

190 4870 222 4919 ὁ
276 4866 607 4934 ἄνθρωπος,
658 4861 945 4927 ἀγαπᾶται
996 4857 1156 4919 αὐτὸς
1196 4856 1300 4909 ὑπὸ
1347 4853 1442 4907 τοῦ
1498 4851 1656 4916 Θεοῦ,
1695 4850 1770 4912 ὡς

192 4951 503 5023 πληρωτὴς
542 4946 652 5004 τῶν
686 4948 851 5002 αὐτοῦ
882 4948 1137 5001 ἐντολῶν.
1174 4947 1285 5000 Καὶ
1316 4948 1438 4998 τότε
1471 4942 1771 5011 πληροῦται

189 5048 220 5096 6
255 5045 352 5096 διὰ
384 5041 479 5094 τοῦ
517 5040 791 5100 Μωῦσέως
818 5039 923 5092 ὑπὸ
950 5038 1044 5090 τοῦ
1078 5038 1212 5091 Θεοῦ
1243 5038 1418 5104 λόγος,
1448 5038 1527 5099 τὸ,
1564 5056 1580 5086 ι
1606 5035 1771 5101 Ἀγα-

195 5138 411 5204 πήσεις
434 5132 636 5201 Κύριον
658 5132 748 5184 τὸν
779 5131 911 5184 Θεόν
947 5147 1041 5183 σου
1075 5129 1135 5194 ἐξ
1164 5130 1291 5197 ὅλης
1321 5130 1420 5197 τῆς
1450 5126 1627 5195 ψυχῆς
1656 5140 1770 5186 σου,

194 5228 298 5277 καὶ
360 5223 423 5286 ἐξ
481 5223 608 5292 ὅλης
657 5225 753 5291 τῆς
807 5223 1044 5284 διανοίας
1082 5239 1197 5287 σου,
1248 5222 1341 5272 καὶ
1394 5219 1455 5281 ἐξ
1500 5219 1626 5285 ὅλης
1680 5218 1777 5284 τῆς

196 5314 399 5384 ἰςχύος
424 5330 541 5367 σου.
568 5332 586 5364 ι
623 5314 930 5381 Πληροῦται
965 5315 1135 5367 δὲκαὶ
1168 5315 1195 5364 6
1229 5310 1319 5363 τοῦ
1345 5306 1582 5378 Χριστοῦ
1616 5307 1771 5373 λόγος

191 5409 223 5458 ὁ
258 5407 469 5469 λέγων,
506 5406 587 5457 δτι
642 5423 660 5455 ι
710 5405 767 5457 ’0
801 5404 1033 5471 ἀγαπῶν
1092 5421 1159 5471 με
1213 5400 1636 5470 ἀγαπηθήσεται
1668 5397 1771 5449 ὑπὸ

193 5498 296 5550 τοῦ
357 5498 568 5563 Πατρός
624 5516 803 5565 μ.ουί
857 5499 949 5549 καὶ
1001 5501 1029 5549 6
1085 5496 1445 5563 ἀγαπώμενος
1478 5491 1629 5560 παρά
1678 5489 1771 5540 τοῦ

195 5590 429 5658 Πατρδῖ
464 5591 553 5639 “1"-
582 5591 731 5657 παρᾶ
764 5589 856 5641 τοῦ
891 5589 1018 5640 Υἱοῦ
1058 5590 1353 5653 ἀγαπᾶται.
1387 5582 1480 5646 Ετς
1517 5585 1623 5648 γὰρ
1657 5585 1772 5631 ἐστι

272 5818 324 5849 “
364 5817 523 5872 Deut.
561 5834 631 5883 ιι,
686 5820 737 5871 5.
840 5820 882 5849 ³³
922 5818 1077 5873 Joan.
1120 5835 1230 5883 xw,
1274 5819 1363 5874 ΩΙ.

1941 3467 2032 3523 27.
2063 3467 2178 3535 Qua
2231 3471 2395 3540 ig'tur
2442 3471 2651 3526 ratione
2669 3471 2693 3524 1
2713 3471 2831 3538 Quo
2859 3473 3093 3545 denique
3121 3474 3266 3531 facto
3290 3492 3440 3534 com-

1874 3572 2057 3615 motus
2098 3561 2282 3623 homo,
2326 3577 2394 3617 eo
2425 3563 2733 3619 intellectus
2787 3570 3075 3635 pervenire
3123 3571 3322 3639 poterit
3379 3580 3443 3628 ut

1874 3652 2042 3706 Deum
2073 3654 2301 3722 diligat?
2338 3654 2393 3709 Si
2419 3657 2675 3709 nimirum
2700 3657 2816 3711 haec
2840 3659 3156 3727 meditetur,
3179 3674 3237 3718 et
3258 3664 3438 3721 animo

1873 3760 1973 3800 suo
2002 3754 2248 3815 reputet:
2274 3747 2353 3800 En
2389 3758 2610 3815 promer
2634 3765 2719 3804 me
2741 3762 3102 3819 peccatorem,
3136 3746 3441 3822 transgres-

1874 3851 2055 3889 surem
2103 3835 2303 3893 divina:
2350 3839 2480 3907 legis
2518 3848 2569 3892 et
2615 3842 2892 3910 praecepti,
2925 3858 3089 3912 quem
3144 3846 3439 3917 deceperat

1873 3929 2144 3990 diabolus.
2182 3929 2449 3997 longeque
2478 3945 2508 3983 a
2543 3930 2651 3985 Deo
2676 3933 2969 3989 abductum
3001 3938 3299 4003 occiderat,
3335 3958 3435 3993 uo-

1874 4030 2040 4072 stram
2076 4034 2294 4072 carnem
2346 4021 2580 4088 gestavit
2632 4022 2793 4086 Deus,
2821 4024 2987 4077 homo
3038 4026 3215 4083 factus
3246 4039 3348 4093 est,
3382 4041 3440 4086 et

1878 4121 2105 4177 propter
2136 4124 2221 4162 me
2264 4121 2493 4163 mortem
2543 4112 2739 4176 subiit,
2762 4116 2991 4185 ejusque
3027 4132 3174 4172 mors
3198 4120 3308 4174 vita
3344 4136 3444 4175 no-

1874 4209 1982 4253 stra
2009 4198 2150 4253 facta
2180 4209 2285 4263 est,
2328 4202 2555 4271 ejusque
2590 4204 2921 4259 resurrectio
2952 4206 3085 4261 mihi
3121 4209 3437 4276 paradisum

1876 4308 2233 4360 regnumque,
2256 4294 2399 4360 quod
2432 4295 2744 4358 amiseram,
2781 4299 3034 4353 reddidit.
3060 4298 3215 4365 Quod
3249 4302 3294 4356 si
3338 4303 3443 4359 hoc

1875 4385 2038 4435 modo
2062 4384 2409 4436 considerare
2442 4386 2668 4452 coeperit
2707 4387 2871 4442 homo
2905 4388 3229 4446 immensum
3258 4391 3351 4448 Dei
3385 4395 3439 4449 in

1877 4476 2176 4529 humanum
2234 4490 2407 4544 genus
2465 4491 2707 4531 amorem
2761 4489 2818 4533 et
2876 4479 3224 4547 charitatem,
3276 4484 3440 4553 hujus

1878 4570 2318 4623 consideratione
2351 4571 2407 4623 in
2438 4585 2682 4625 amorem
2711 4572 2807 4626 Dei
2841 4573 3059 4628 devenit
3084 4614 3099 4637 ,
3138 4577 3440 4646 impletque

1878 4659 1972 4713 Dei
2002 4670 2293 4729 praecepta,
2333 4671 2388 4715 et
2422 4660 2588 4714 verba
2628 4662 2904 4732 Evangelii
2933 4681 2947 4728 ;
2987 4665 3188 4733 quibus
3212 4667 3279 4720 ab
3317 4669 3432 4736 ipso

1875 4752 2163 4819 completis
2188 4752 2350 4803 etiam
2382 4751 2497 4819 ipse
2538 4767 2564 4803 a
2598 4752 2708 4805 Deo
2743 4754 3080 4818 redamatur,
3115 4772 3214 4810 ceu
3244 4759 3435 4811 obser-

1875 4849 2035 4894 vator
2101 4842 2480 4893 mandatorum
2553 4842 2791 4896 Domini.
2853 4844 3115 4911 Tuncque
3178 4847 3438 4916 impletur

1877 4947 2058 4989 sermo
2088 4933 2301 4987 DOmini
2342 4950 2438 5001 per
2468 4934 2671 4987 Mosam
2706 4934 2925 4992 dietus:
2959 4955 2976 4986 ι
3012 4938 3213 5007 Diliges
3257 4940 3437 4993 Domi-

1878 5046 2008 5085 num
2059 5031 2227 5084 Deum
2274 5040 2426 5083 tuum
2461 5046 2526 5084 ex
2579 5041 2686 5084 tota
2740 5033 2920 5086 anima
2974 5043 3085 5096 tua,
3117 5046 3171 5089 et
3221 5052 3282 5090 ex
3329 5048 3436 5090 tota

1876 5124 2202 5190 cogitatione
2233 5132 2346 5186 tua,
2378 5133 2434 5175 et
2466 5138 2530 5177 ex
2565 5124 2690 5177 totis
2725 5124 2934 5178 viribus
2964 5128 3088 5180 tuis.
3124 5146 3142 5178 ι
3182 5128 3440 5194 Impletur

1874 5222 1929 5267 et
1974 5210 2175 5265 Christi
2224 5212 2474 5272 verbum.
2502 5215 2644 5279 quod
2693 5214 2842 5273 dicit,
2878 5233 2894 5263 ι
2931 5216 3033 5279 Qui
3081 5217 3270 5285 diliget
3329 5236 3428 5280 me,

1880 5303 2138 5371 diligetur
2169 5319 2198 5355 ιι
2230 5302 2390 5358 Patre
2419 5318 2578 5367 meo;
2621 5322 2637 5354 ι
2681 5313 2737 5357 et
2779 5304 2872 5373 qui
2910 5306 3151 5376 diligitur
3185 5323 3214 5359 a
3256 5310 3433 5371 Patre.

1886 5394 2132 5461 dil'gitur
2181 5393 2346 5445 etiam
2403 5408 2431 5445 a
2475 5394 2630 5446 Filio.
2670 5392 2821 5448 Uuus
2867 5397 3013 5450 enim
3068 5398 3210 5452 Deus
3245 5409 3345 5460 est,
3383 5411 3439 5451 et

1884 5484 2061 5547 Pater,
2094 5495 2146 5537 et
2175 5484 2353 5536 Filius
2386 5482 2450 5536 Et
2482 5485 2581 5537 hac
2603 5486 2669 5539 dc
2700 5501 2861 5540 causa
2900 5487 3037 5539 Deus
3070 5487 3233 5541 homo
3267 5487 3441 5540 lactus

1883 5587 1981 5631 est.
2014 5578 2275 5629 Praeterea
2318 5578 2446 5630 olim
2486 5578 2762 5645 prophetis
2814 5580 3027 5635 locutus
3063 5592 3146 5634 est
3186 5581 3350 5647 Deus,
3384 5593 3441 5634 et

1492 5822 1537 5850 ¹”
1581 5818 1680 5869 isa.
1743 5831 1898 5879 xm,
1934 5818 2015 5872 l5.
