4204 6444
131 460 237 522 497

1093 468 1393 528 CONTRA
1432 468 1917 530 MAIIOMETEM
1960 468 2332 528 Al’OLOGH
2380 471 2459 530 Il.

3286 474 3389 537 £98

132 576 247 635 kal,
279 574 526 638 γλῶσσαι
563 578 710 647 αὐτῷ
736 577 1104 643 δουλεύσουσι,
1131 585 1222 634 καὶ
1255 585 1283 651 ἡ
1312 584 1528 645 ἐξουσία
1556 582 1719 634 αὑτοῦ

1826 580 2119 652 diligenter
2174 582 2447 645 observa,
2499 599 2617 652 qua:
2676 583 2764 637 hic
2827 599 2853 635 a
2920 584 3179 651 prepheta
3246 586 3389 639 dicta

133 668 365 731 ἐξουσία
401 671 488 721 αΞό
506 688 637 734 νιος,
668 672 789 740 ἥτις
823 674 881 726 ού
925 674 1342 741 παρελεύσεται,
1375 677 1464 727 καί
1492 680 1522 744 ή
1556 676 1713 741 βασι-

132 759 258 809 λεία
306 764 476 812 αὑτοῦ
518 764 577 813 οὐ
630 764 1086 833 διαφθαρήσεται.
1121 768 1349 836 ’Ἐφριξε
1400 772 1457 819 το
1499 770 1715 837 πνεῦμά

136 867 267 914 tua,
296 850 409 916 ἐγὼ
436 853 629 919 Δανιὴλ
663 856 720 904 ὲν
751 858 815 923 τῇ
850 856 969 923 ὄψει
1004 874 1125 924 μου,
1165 861 1259 909 καὶ
1284 860 1339 909 al
1367 859 1585 926 ὁράσεις
1618 860 1713 924 τῆς

136 942 383 1006 κεφαλῆς
420 960 519 1008 μου
560 946 960 1009 σλνεεάρασσ-ὅν
986 964 1072 1012 με.
1113 965 1129 997 ι
1171 949 1272 999 Καὶ
1300 948 1408 1000 ἰδοὺ
1448 949 1711 1015 πρόσεξον

134 1028 411 1094 ἀκριϐῶς,
444 1031 511 1081 τὰ
553 1034 703 1100 παρὰ
732 1034 825 1085 τοῦ
862 1037 1141 1103 προφήτου
1185 1036 1462 1106 λεχθέντα.
1513 1039 1712 1091 Ἐθεώ-

139 1136 294 1185 ρουν,
336 1124 519 1189 φησίν,
558 1125 659 1184 ἕως
684 1120 746 1176 οῦ
778 1128 951 1193 θρόνοι
984 1129 1270 1197 ἐτέθησαν,
1307 1133 1398 1182 καὶ
1428 1135 1452 1183 6
1483 1132 1715 1194 Παλαιὸς

135 1209 245 1257 τῶν
268 1212 495 1278 ἡμερῶν
528 1207 770 1267 ἐκάθισε*
801 1218 897 1277 Τίς
937 1220 1086 1271 ἐστιν
1119 1221 1145 1270 6
1177 1221 1412 1284 Παλαιὸς
1437 1222 1546 1272 τῶν
1577 1224 1716 1290 ήμεο

138 1302 279 1365 ρῶνς
329 1305 389 1356 Ὀ
422 1306 573 1368 Θεὸς.
626 1309 781 1369 Τίνες
830 1313 1206 1379 ἐλειτούργουν
1233 1314 1402 1383 αὐτῷ,
1437 1317 1716 1368 τουτέστιν

137 1388 457 1456 εδούλειιονς
500 1396 591 1445 καὶ
640 1398 781 1460 τίνες
813 1402 861 1450 οἱ
902 1404 1290 1470 περιστᾶιμενοι
1322 1404 1491 1471 χίλιαι
1543 1407 1718 1473 χιλιάι-

138 1480 256 1543 δες,
291 1486 392 1533 καὶ
422 1485 613 1552 μύριαι
653 1490 949 1557 μυριάδες;
1009 1494 1215 1556 Πάντες
1261 1497 1502 1563 ἄγγελοι.
1565 1499 1719 1550 Ποῖόν

138 1572 259 1623 ἐστι
288 1574 352 1624 τὸ
387 1581 702 1645 κριτήριον;
755 1581 922 1633 Οὐδὲν
953 1584 1081 1636 ἄλλο
1114 1585 1230 1637 ἀλλ’
1266 1586 1294 1654 ἢ
1333 1589 1391 1638 τὸ
1435 1590 1717 1657 κριτήριον

137 1663 164 1713 ὃ
188 1660 350 1715 εἶπεν
374 1668 401 1716 6
428 1669 589 1722 Δαϐὶδ
620 1674 747 1740 περὶ
772 1674 867 1725 τοῦ
895 1677 1152 1743 Χριστοῦ,
1178 1679 1259 1732 ὅτι
1288 1680 1504 1749 ἔρχεται
1534 1686 1718 1751 κρῖναι

138 1754 241 1819 τὴν
278 1755 408 1843 γῆν,
446 1763 630 1826 κρῖναι
658 1762 752 1833 τὴν
794 1767 1145 1836 οἰκουμένην.
1185 1771 1293 1824 Kal
1325 1776 1351 1825 6
1392 1774 1552 1835 αὐτὸς
1587 1776 1719 1843 Χρι-

144 1844 270 1903 στὸς
318 1842 445 1899 εἷπε
482 1854 611 1918 περὶ
643 1853 837 1906 ἑαυτοῦ
874 1858 954 1909 ὅτι
988 1860 1045 1910 ὲν
1096 1861 1289 1927 ἐκείνῳ
1334 1863 1412 1931 τῷ
1446 1842 1714 1934 κριτηρίῳ

145 1936 335 2003 μέλλει
366 1940 575 2005 κρίνειν
615 1945 796 1996 πᾶσαν
824 1948 921 2013 τὴν
951 1949 1076 2014 γῆν.
1114 1950 1207 2001 ’Ἑν
1236 1952 1346 2018 γὰρ
1385 1954 1477 2006 καὶ
1511 1955 1570 2006 τὸ
1591 1957 1722 2008 αὑτό

146 2028 264 2077 ἐστι
297 2031 588 2098 κριτήριον
623 2035 836 2103 Πατρός
868 2054 926 2088 τε
969 2041 1061 2090 καὶ
1094 2042 1244 2095 Υξοῦ.
1285 2045 1439 2105 Ποῖος
1487 2044 1541 2097 δέ
1575 2048 1722 2099 ἐστιν

142 2120 169 2166 6
196 2118 431 2183 πύριιος
488 2129 749 2191 ποταμὸς,
784 2127 841 2177 ὂν
869 2123 1008 2179 εἶδεν
1039 2133 1066 2180 6
1100 2134 1388 2201 προφήτης
1427 2140 1724 2205 πορευόμεο

144 2224 235 2258 ’σον
262 2207 576 2278 ἔμπροσθεν
605 2216 698 2267 τοῦ
724 2218 961 2270 Παλαιοῦ
994 2220 1102 2271 τῶν
1136 2222 1389 2290 ἡμερῶν;
1427 2226 1485 2279 ’0
1515 2228 1723 2289 μέλλων

145 2298 507 2363 ὑποδέξεσθαι
539 2306 628 2356 τὸν
658 2308 903 2364 διάϐολον
936 2313 1028 2364 καὶ
1060 2314 1269 2377 πάντας
1304 2317 1430 2379 τοὺς
1467 2319 1724 2388 ἁμαρτω-

148 2392 297 2452 λούς.
339 2396 447 2446 Καὶ
482 2399 625 2461 τίνες
670 2402 806 2454 εἰσὶν
854 2406 911 2457 αἱ
952 2407 1142 2474 βίϐλοι,
1200 2409 1399 2472 αἵτινες
1448 2412 1725 2482 ἀνεῴχθη-

149 2499 289 2542 σαν;
335 2486 503 2539 Οὐδὲν
534 2490 661 2544 ἄλλο
695 2492 727 2561 ἢ
762 2496 817 2546 αἱ
850 2496 960 2547 τῶν
995 2498 1299 2567 ἀνθρώπων
1338 2503 1587 2570 πράξεις,
1640 2506 1716 2557 αἴ-

146 2589 299 2636 τινες
328 2577 584 2638 μέλλουσι
616 2582 1072 2656 ἀποκαλυφθῆναι
1102 2592 1158 2642 ἐν
1191 2594 1266 2657 τῷ
1298 2594 1478 2660 καιρῷ
1506 2596 1722 2664 ἐκείνῳ.

151 2664 312 2726 Hgio;
346 2667 401 2719 δέ
436 2670 585 2723 ἐστιν
616 2676 642 2725 ὁ
692 2677 803 2737 υἱὸς
831 2678 925 2729 τοῦ
965 2681 1277 2750 ἀνθρώπου,
1311 2685 1369 2736 ὃν
1402 2682 1541 2739 εἶδεν
1572 2691 1629 2739 ὲν
1659 2692 1722 2759 τῇ

149 2756 347 2823 ὁράσει
380 2761 543 2814 αὐτοῦ
572 2766 599 2814 6
635 2767 829 2836 Δανιὴλ
862 2769 1157 2841 ἐρχόμενον
1192 2775 1330 2843 μετὰ
1358 2780 1461 2829 τῶν
1493 2746 1725 2845 vagam);

152 2862 249 2896 του
275 2849 637 2917 ούρανοῦ,καὶ
654 2858 935 2924 φθάσαντα
961 2862 1064 2926 ἕως
1094 2864 1191 2917 τοῦ
1217 2868 1447 2922 παλαιοῦ
1470 2872 1575 2923 τῶν
1596 2874 1729 2942 ἡμε-

155 2943 288 3003 ρῶν,
307 2943 441 3010 πρὸς
460 2944 518 2996 ὃν
535 2949 625 2998 καὶ
648 2949 799 3018 ἐδόθη
820 2953 849 3020 ή
871 2952 1121 3023 ἀρχὴκαὶ
1139 2960 1270 3027 τιμὴ
1295 2962 1384 3013 καὶ
1406 2963 1436 3030 ή
1463 2963 1727 3031 βασιλεία,

156 3033 253 3081 καὶ
294 3035 498 3097 πάντες
531 3039 580 3089 ol
618 3040 757 3105 λαοὶ,
793 3048 979 3111 φυλαὶ,
1014 3048 1281 3114 γλῶσσαι,
1319 3051 1460 3106 ὥστε
1493 3074 1731 3125 προσκυ-

158 3122 327 3185 νῆσαι
362 3126 456 3175 καὶ
479 3127 764 3182 δουλεῦσαι
791 3135 960 3203 αὐτῷ,
994 3138 1087 3191 καὶ
1116 3140 1147 3208 ἡ
1178 3140 1394 3204 ἐξουσία
1420 3122 1586 3196 αὑτοῦ
1617 3149 1730 3200 ἐστι

1818 684 1979 729 sunt:
2021 676 2303 739 Videbam,
2350 675 2545 743 inquit,
2600 676 2775 730 donec
2819 676 3015 745 throni,
3045 687 3174 730 sunt
3228 694 3395 745 appuo

1818 766 1926 829 siti,
1957 766 2307 833 etAntiquus
2354 766 2565 819 dierum
2616 767 2883 820 consedit.
2921 766 3056 831 Quis
3103 778 3186 821 est
3232 768 3394 821 Anti-

1818 872 1958 924 quus
1992 857 2243 909 dierum?
2289 858 2450 911 Deus.
2498 856 2729 923 Quinam
2784 859 3254 919 ministravcrunt,
3307 860 3389 911 vel

1820 950 2133 1004 si-rvierunt
2179 951 2276 1016 illi,
2329 961 2385 1004 et
2419 950 2644 1019 quinam
2692 957 2819 1001 sunt
2848 957 3088 1001 astantes
3139 948 3212 1002 illi
3246 949 3393 1000 milli:

1820 1044 1986 1096 millia
2020 1084 2035 1109 ,
2075 1053 2129 1097 et
2171 1044 2356 1097 decies
2418 1052 2650 1096 centena
2684 1040 2903 1093 millia?
2933 1040 3136 1093 Omnes
3185 1041 3390 1108 angeli.

1819 1134 1988 1197 Quale
2015 1143 2097 1187 est
2126 1136 2226 1187 hoc
2250 1132 2560 1201 judicium?
2588 1128 2748 1182 Aliud
2787 1128 2996 1181 nullum
3030 1136 3391 1195 prmtcrquam

1820 1227 1961 1293 quod
1999 1225 2167 1279 David
2218 1225 2469 1294 prmdixit
2502 1223 2567 1275 de
2608 1222 2849 1285 Christo,
2894 1220 3039 1288 quod
3090 1219 3272 1272 veniat
3318 1220 3383 1271 ad

1815 1317 2169 1384 judicandutn
2242 1326 2473 1379 terram,
2515 1313 2580 1367 ad
2638 1311 2995 1382 judicandum
3050 1311 3274 1373 orbem;
3338 1320 3394 1363 et

1820 1407 1934 1474 ipse
1968 1406 2223 1460 Christus
2251 1406 2317 1458 de
2350 1421 2407 1459 se
2438 1404 2597 1466 dicit,
2628 1404 2771 1471 quod
2798 1402 2851 1452 in
2889 1401 2980 1452 illo
3008 1399 3216 1467 judicio
3244 1398 3393 1466 judi-

1820 1497 1991 1550 canda
2034 1495 2104 1548 sit
2133 1495 2313 1547 omnis
2357 1504 2521 1547 terra.
2574 1494 2751 1547 Unum
2812 1490 2960 1545 enim
3005 1488 3261 1555 idemque
3313 1498 3397 1540 est

1821 1588 1998 1643 Patris
2036 1597 2090 1642 et
2125 1586 2247 1641 Filii
2298 1584 2589 1653 judicium.
2620 1583 2753 1647 Quis
2786 1597 2916 1634 vero
2954 1592 3035 1634 est
3067 1580 3265 1632 ﬂuvius
3307 1578 3395 1631 ille.

1824 1680 2039 1747 igneus.
2070 1692 2233 1745 quem
2262 1687 2387 1729 ante
2422 1674 2727 1741 Antiquum
2771 1672 2991 1724 dierum
3023 1668 3393 1737 egredientem

1823 1770 1957 1821 vidit
2009 1767 2317 1837 prOpheta?
2365 1765 2463 1820 llic
2528 1764 2811 1826 nimirum,
2857 1762 2949 1830 qui
3006 1759 3284 1813 diabolum
3341 1768 3397 1811 ct

1824 1876 2013 1914 omnes
2078 1869 2395 1929 peccatores
2436 1866 2768 1924 excepturus
2823 1862 2925 1908 est.
2977 1853 3209 1917 Quinam
3268 1851 3394 1903 libri

1825 1961 1953 2004 sunt
1989 1965 2128 2018 quos
2154 1959 2375 2017 apertos
2396 1963 2517 2002 esse
2548 1946 2823 2015 legimus?
2868 1945 2982 2013 Ipsa
3015 1944 3273 1996 nimirum
3298 1944 3394 1995 lio-

1824 2044 2031 2097 minum
2079 2041 2343 2099 facinora,
2384 2055 2504 2108 quae
2555 2038 2735 2091 omnia
2781 2038 2833 2090 in
2877 2038 2965 2090 die
3003 2037 3094 2089 illo
3146 2043 3396 2101 retegen-

1828 2144 1935 2187 tur.
1964 2132 2098 2198 Quis
2134 2147 2262 2185 vcro
2311 2140 2399 2185 est
2451 2132 2624 2185 Filius
2668 2130 2927 2194 hominis,
2960 2144 3120 2197 quem
3165 2127 3298 2179 vidit
3345 2126 3395 2176 in

1826 2224 2035 2277 visione
2078 2238 2172 2274 sua
2210 2221 2395 2275 Daniel
2446 2223 2754 2274 venientem
2796 2219 2847 2271 in
2886 2219 3126 2270 nubibus
3168 2216 3312 2277 ett-li,
3343 2222 3399 2266 ct

1828 2316 2225 2385 pcrtingentem
2280 2329 2454 2381 usque
2520 2311 2585 2364 ad
2641 2310 2945 2378 Antiquum
2994 2308 3249 2361 dierum?
3308 2308 3396 2359 cui

1825 2408 1987 2463 etiam
2018 2406 2179 2460 datus
2220 2413 2299 2457 est
2328 2403 2691 2473 principatus,
2740 2401 2914 2454 honor
2961 2408 3016 2452 et
3052 2412 3301 2467 regnum,
3344 2404 3401 2449 et.

1827 2510 2020 2549 omnes
2051 2492 2235 2563 populi
2284 2492 2458 2546 tribus
2503 2500 2558 2545 et
2610 2491 2811 2559 linguae
2854 2489 3085 2543 adorant
3119 2489 3296 2552 illum,
3345 2499 3402 2543 et

1829 2587 2077 2641 serviunt
2108 2586 2225 2638 illi:
2268 2592 2321 2637 ct
2365 2585 2528 2652 cujus
2567 2591 2831 2651 potestas,
2870 2592 3112 2649 potestas
3147 2591 3233 2635 est
3260 2597 3403 2634 scm-

1828 2679 2062 2748 piterna,
2090 2693 2208 2747 qua:
2259 2692 2366 2729 non
2398 2676 2676 2737 transibit,
2718 2683 2774 2728 et
2820 2674 2978 2743 cujus
3026 2689 3254 2742 regnum
3293 2691 3401 2727 non

1830 2768 2256 2837 corrumpetur?
2304 2766 2594 2821 Sullicicns
2621 2774 2770 2819 certe
2816 2765 2928 2818 haec
2978 2764 3265 2832 prophetia
3298 2774 3403 2826 est,

1831 2870 1889 2914 ut
1919 2860 2080 2914 etiam
2116 2859 2277 2928 plane
2310 2856 2590 2925 stupidum
2616 2856 2679 2909 ad
2709 2870 2930 2909 sensum
2963 2855 3243 2908 meliorem
3280 2870 3408 2923 pe:-

1831 2951 2032 3005 ducere
2060 2956 2267 3018 posset,
2312 2956 2370 3001 ut
2410 2946 2743 3014 intelligeret
2787 2945 3068 2999 Christum
3103 2944 3301 2998 Filium
3351 2954 3411 2997 et

1831 3042 2070 3097 Verbum
2115 3038 2209 3094 Dei
2254 3053 2396 3102 esse,
2432 3037 2526 3106 qui
2556 3037 2867 3091 subveliens
2912 3036 2967 3090 in
3017 3036 3186 3089 altum
3231 3037 3408 3088 homi-

1835 3150 1959 3188 nem
1995 3147 2156 3194 quem
2200 3128 2533 3197 assumpsit,
2593 3128 2853 3181 subduxit
2908 3127 3057 3180 illum
3119 3126 3172 3178 in
3230 3128 3409 3179 nubes

158 3212 383 3303 ἐξουσία
413 3217 650 3281 αἰώνιος,
689 3222 808 3290 ἦτις
846 3228 906 3277 οὔ
948 3229 1367 3297 παρελεύσεται,
1400 3237 1544 3303 καὶὴ
1575 3238 1722 3303 βασι-

1839 3225 1961 3280 ρωιὶ
1993 3224 2057 3277 ad
2095 3224 2263 3277 Deum
2285 3232 2335 3276 et
2375 3222 2593 3275 Patrem
2641 3234 2799 3275 suum
2833 3235 2845 3271 :
2890 3228 2945 3271 et
2977 3217 3101 3272 huic
3139 3217 3297 3272 datus
3330 3227 3413 3271 cst

159 3302 281 3356 λεία
317 3306 485 3358 αὑτοῦ
518 3310 577 3360 οὐ
612 3312 1076 3385 διαφθαρήσεταις
1124 3320 1346 3383 Πάντως
1390 3302 1550 3391 ἱκανή
1576 3302 1733 3379 Ϋέστιν

158 3398 208 3488 ὴ-
231 3400 541 3488 προφητεία
565 3402 724 3472 αὕτη,
751 3406 836 3458 ἵνα
872 3411 965 3460 καὶ
988 3412 1160 3479 πάντη
1184 3414 1272 3463 τὸν
1297 3415 1521 3481 ἀνόητον
1545 3420 1727 3488 ἀγάγῃ

161 3484 555 3575 εῐςαῖσθησιν,
587 3493 680 3543 καὶ
711 3496 877 3565 νοήσῃ
918 3499 999 3550 ὅτι
1042 3501 1201 3562 αὑτός
1251 3504 1403 3555 ἐστιν
1438 3507 1464 3557 6
1498 3484 1734 3575 Χριστὸς

161 3576 188 3623 6
225 3574 354 3636 Υἱὸς
386 3578 480 3630 καὶ
507 3581 675 3647 Λόγος
711 3586 804 3636 τοῦ
856 3587 1011 3650 Θεοῦ,
1050 3592 1075 3642 6
1124 3593 1474 3657 ἀναϐιϐάσας.
1508 3574 1599 3649 τον
1636 3600 1733 3651 ἇν-

166 3662 415 3755 θρωπον,
453 3668 513 3721 ὃν
542 3672 834 3728 ὰνελάϐετο
885 3682 978 3730 καὶ
1021 3681 1297 3750 ἀνήγαγεν
1325 3686 1415 3737 ἐπὶ
1444 3687 1553 3740 τῶν
1582 3706 1736 3755 νεφε-

164 3751 279 3804 λῶν
312 3756 407 3806 τοῦ
447 3760 680 3826 οὐρανοῦ
729 3766 805 3834 τῷ
854 3767 972 3837 Θεῷ
1026 3774 1122 3822 καὶ
1160 3774 1336 3844 Πατρὶ
1388 3776 1574 3832 αὑτοῦ.
1628 3751 1738 3831 Kal

167 3845 322 3913 αύτῷ
348 3849 506 3920 ἐδόθη
561 3855 593 3920 ἡ
639 3857 793 3925 τιμὴ,
848 3860 938 3912 καὶ
974 3862 1003 3932 ἡ
1037 3864 1197 3932 ἁρχὴ,
1250 3868 1342 3918 καὶ
1390 3870 1421 3937 ή
1467 3870 1738 3938 βασιλεία,

172 3939 271 3989 καὶ
301 3939 451 4008 αύτῷ
493 3949 904 4020 προσεκύνησαν
947 3957 1145 4019 πάντες,
1174 3957 1393 4023 ἄγγελοι
1442 3960 1599 4026 Θεοῦ,
1645 3965 1739 4015 καὶ

169 4028 327 4096 αὐτῷ
359 4036 775 4106 προσεκύνησαν
819 4045 992 4096 πᾶσαι
1041 4047 1098 4097 αἱ
1133 4048 1295 4115 φυλαὶ
1342 4054 1437 4103 καὶ
1472 4053 1744 4119 γλῶσσαι,

172 4119 366 4216 καθὼς
395 4127 493 4177 καὶ
522 4129 579 4180 ὲν
617 4133 729 4194 τοῖς
777 4134 1085 4205 ἔμπροσθεν
1136 4139 1183 4192 οἱ
1230 4142 1503 4210 προφῆται
1543 4146 1743 4216 ἐκήρυ-

175 4212 303 4302 ξαν.
335 4216 446 4269 Kal
478 4221 635 4284 αὑτός
664 4224 813 4277 ἐστιν
844 4230 870 4279 6
899 4229 1130 4293 καθίσας
1160 4232 1224 4284 ἐκ
1253 4232 1442 4296 δεξιῶν
1466 4234 1557 4286 τοῦ
1583 4212 1742 4302 Θεοῦ,

173 4301 255 4395 ᾡς
282 4305 310 4355 6
341 4306 504 4361 Aa6l6
530 4310 698 4378 λέγει.
739 4316 847 4368 Kal
886 4318 1051 4372 αὑτοῦ
1083 4321 1231 4374 ἐστιν
1267 4325 1298 4393 ἡ
1346 4325 1559 4388 αἰώνιος
1591 4301 1748 4395 βασιέ

174 4394 325 4459 λεια,
393 4398 513 4466 ἣτις
552 4404 611 4455 οὐ
676 4408 1092 4475 παρελεύσεται.
1134 4414 1242 4466 Kal
1283 4415 1449 4467 αὐτοῦ
1504 4394 1652 4470 ἐστιν
1713 4423 1744 4490 ή

178 4488 424 4552 ἐξουσία,
459 4492 578 4561 ἥτις
612 4496 671 4547 ού
718 4496 1165 4570 διαφθαρήσεται,
1220 4505 1407 4574 ἐτέρου
1452 4507 1505 4559 δὲ
1540 4488 1747 4579 άνθρώέ

1845 3316 2042 3376 honor,
2099 3322 2342 3382 potestas
2395 3322 2449 3365 et
2518 3326 2779 3380 regnum;
2850 3319 2905 3362 et
2967 3309 3114 3363 hunc
3177 3308 3413 3365 adorant

1844 3420 2033 3459 omnes
2059 3403 2233 3472 angeli
2267 3403 2393 3466 Dei;
2444 3402 2590 3454 hunc
2629 3402 2791 3453 etiam
2820 3402 3047 3453 adorant
3076 3413 3271 3452 omnes
3312 3398 3411 3451 tri-

1848 3498 1950 3551 bus
1980 3506 2033 3549 et
2066 3496 2280 3563 linguas,
2305 3491 2765 3562 quemadmodum
2804 3493 2856 3544 in
2880 3489 3257 3559 superioribus
3288 3505 3413 3557 pri»

1848 3591 2023 3657 pheta:
2078 3587 2563 3656 prophetaverunt.
2620 3584 2684 3637 Et
2730 3585 2820 3638 ille
2869 3584 3089 3652 quidem
3145 3591 3261 3647 est,
3319 3580 3412 3649 qui

1848 3682 2097 3735 consedit
2131 3680 2196 3733 ad
2249 3680 2529 3733 dexteram
2586 3677 2723 3741 Dei,
2755 3677 2906 3745 juxta
2963 3676 3181 3730 Davidis
3222 3678 3416 3729 vatici-

1852 3775 2025 3837 nium,
2073 3781 2128 3827 et
2167 3772 2329 3842 hujus
2380 3785 2605 3839 regnum
2666 3777 2751 3822 est
2794 3768 3215 3836 sempiternum,
3267 3766 3415 3836 quod

1850 3880 1957 3919 non
1984 3864 2275 3919 transibit:
2309 3870 2364 3915 et
2399 3861 2561 3931 hujus
2586 3870 2669 3914 est
2695 3868 2955 3928 potestas,
2990 3873 3111 3927 qua:
3144 3874 3249 3911 non
3292 3872 3414 3909 cor-

1851 3965 2153 4024 rumpetur.
2204 3952 2259 4005 ln
2298 3952 2465 4005 alium
2519 3964 2650 4004 vero
2693 3950 2967 4003 hominem
3014 3948 3131 4002 haec
3188 3949 3417 4001 minime

1851 4054 2185 4116 competunt.
2218 4044 2336 4099 Non
2375 4043 2521 4097 enim
2564 4043 2725 4094 homo
2759 4042 2904 4095 ullus
2940 4050 3066 4094 ante
3111 4040 3281 4093 solem
3317 4054 3415 4092 na-

1854 4147 1941 4192 tus
1969 4144 2055 4192 est
2087 4154 2099 4189 :
2127 4150 2317 4189 vermn
2348 4135 2497 4188 solus
2518 4134 2689 4187 Filius
2712 4143 2766 4187 et
2794 4133 3031 4187 Verbum
3066 4131 3186 4197 Dei,
3218 4145 3418 4186 secun-

1851 4231 1979 4285 dum
2037 4226 2182 4298 quod
2241 4226 2383 4280 Deus
2438 4235 2559 4290 est,
2618 4240 2722 4279 non
2772 4224 3071 4280 secundum
3122 4223 3419 4277 humanam

1852 4321 2001 4375 illius
2024 4328 2299 4372 naturam.
2330 4316 2524 4370 Nullus
2555 4317 2700 4369 enim
2734 4315 2875 4368 alius
2914 4314 3196 4368 hominum
3236 4321 3420 4380 potes-

1857 4418 2020 4463 tatem
2071 4407 2457 4474 sempiternam
2510 4414 2565 4459 et
2621 4420 2849 4475 regnum
2885 4406 3271 4459 inconcussum
3326 4405 3419 4456 lia-

1857 4500 1986 4553 bere
2039 4506 2236 4566 potest,
2284 4506 2478 4565 prazter
2534 4495 2708 4549 solum
2764 4496 3061 4557 hominem,
3112 4508 3272 4562 quem
3328 4508 3419 4546 as-

180 4599 290 4636 που
325 4586 596 4653 οὐδαμῶς.
631 4591 769 4643 Οὐδὲ
805 4593 912 4662 γάρ
960 4597 1227 4665 ἐγεννήθη
1283 4598 1387 4667 πρὸ
1444 4600 1538 4651 τοῦ
1600 4601 1722 4665 ήλίοη

1823 4587 2085 4653 ιευιηρεὶι
2135 4584 2304 4637 Filius
2346 4595 2401 4638 et
2445 4585 2683 4638 Verbum
2727 4583 2845 4648 Dei,
2879 4584 2974 4653 qui
3004 4584 3072 4638 ab
3126 4584 3218 4636 illo
3249 4584 3416 4636 etiam

180 4674 492 4743 ἄνθρωπος,
535 4680 649 4732 ἀλλ’
684 4683 711 4733 6
758 4684 886 4745 Υἱὸς
940 4686 1032 4738 καὶ
1085 4688 1252 4754 Λόγος
1302 4689 1396 4742 τοῦ
1437 4690 1592 4753 Θεοῦ,
1623 4691 1758 4743 καθὸ

181 4765 341 4828 Θεὸς,
380 4767 440 4819 οὐ
493 4768 625 4822 καθὸ
672 4773 977 4843 ἄνθρωπος’
1024 4777 1145 4829 οὐδὲ
1193 4780 1301 4847 γὰρ
1338 4779 1561 4833 δύναται
1609 4781 1754 4850 ἔχειν

183 4858 443 4923 ἐξουσίαν
503 4865 723 4919 αἰώνιον
776 4870 1083 4941 ἄνθρωπος,
1134 4875 1253 4927 οὐδὲ
1301 4875 1582 4945 βασιλείαν
1626 4876 1759 4928 ἀσά-

182 4953 380 5004 λευτον
409 4953 567 5018 ἄλλος
598 4958 711 5009 ἀλλ’
742 4961 774 5029 ἢ
804 4963 965 5029 μόνον
994 4965 1020 5015 6
1049 4964 1355 5034 ἄνθρωπος,
1383 4966 1441 5019 ὃν
1461 4966 1755 5018 άνελάϐετο

185 5044 215 5094 6
266 5044 398 5105 Υἱὸς
429 5047 521 5097 καὶ
573 5049 742 5115 Λόγος
774 5051 868 5102 τοῦ
922 5052 1084 5113 Θεοῦ.
1118 5056 1210 5107 καὶ
1265 5056 1409 5107 ἔστιν
1452 5056 1754 5124 ἀχώριστος

187 5134 367 5203 αὐτῷ.
400 5136 581 5189 Ταῦτα
609 5140 784 5192 πάντα
820 5141 941 5194 ἰδὼι
991 5144 1019 5195 6
1072 5144 1293 5215 Δανιὴλ,
1336 5146 1432 5197 καὶ
1470 5144 1755 5215 θαυμάσας

191 5226 295 5291 μὲν
326 5225 404 5287 ὡς
437 5227 606 5289 εἰκὸς,
650 5230 724 5297 μὴ
768 5229 1016 5301 δυνηθεὶς
1058 5234 1115 5285 δὲ
1162 5234 1496 5304 κατανοῆσαι
1531 5236 1590 5286 τὸ
1618 5233 1761 5301 μέγα

190 5315 292 5368 καὶ
324 5316 627 5384 παράδοξον
657 5318 815 5372 τοῦτο
855 5320 1035 5390 θαῦμα
1089 5324 1181 5375 καὶ
1236 5324 1551 5392 μυστήριον,
1588 5320 1762 5388 εἶπεν,

195 5425 216 5458 ε
263 5406 494 5476 Ἐερριξε
549 5410 610 5461 τὸ
656 5411 870 5480 πνεῦμά
903 5430 1024 5482 μου,
1071 5413 1180 5481 ἐγὼ
1225 5412 1423 5483 Δανιὴλ
1452 5415 1510 5465 ὲν
1539 5416 1607 5483 τῇ
1643 5414 1761 5481 ὄψει

193 5520 326 5571 μου,
356 5503 452 5556 καὶ
485 5504 539 5553 al
570 5504 788 5571 ὁράσεις
819 5507 913 5571 τῆς
955 5504 1196 5574 κεφαλῆς
1227 5522 1327 5574 μου
1360 5504 1760 5573 συνετάρασσόν

1856 4677 2094 4745 separari
2136 4677 2347 4745 nequit.
2381 4676 2505 4729 llaec
2530 4676 2712 4729 omnia
2744 4675 2939 4729 videns
2982 4674 3192 4739 Daniel,
3222 4682 3280 4726 ct
3322 4674 3418 4725 ad-

1855 4765 2085 4818 miratus
2128 4765 2263 4827 lucc,
2304 4775 2360 4818 ut
2411 4781 2509 4833 par
2541 4773 2679 4828 erat,
2709 4780 2831 4819 cum
2863 4774 3043 4818 autem
3077 4779 3184 4817 non
3234 4772 3421 4831 posset

1856 4871 2108 4925 magnum
2145 4856 2279 4909 illud
2308 4866 2362 4909 et
2393 4857 2771 4910 ina:stimabile
2800 4856 3123 4909 miraculum
3154 4864 3207 4908 et
3224 4862 3421 4924 myste—

1856 4944 1994 4997 rium
2061 4944 2363 5013 percipere,
2390 4944 2567 4997 dixit:
2608 4963 2626 4995 ι
2687 4945 2913 4999 Horruit
2964 4945 3192 5013 spiritus
3242 4959 3418 5007 meus,

1859 5051 1957 5104 ego
1991 5035 2175 5089 Daniel
2223 5037 2276 5089 in
2326 5036 2533 5090 visione
2576 5051 2716 5097 mea,
2758 5036 2998 5089 visiones
3051 5035 3247 5102 capitis
3310 5035 3418 5086 mei

1861 5126 2328 5181 conturbaverunt
2372 5142 2478 5179 me.
2517 5145 2535 5178 ι
2583 5126 2737 5179 Hunc
2768 5140 2897 5179 vero
2932 5140 3041 5194 quo
3077 5124 3192 5178 viso
3229 5123 3421 5176 Daniel

1862 5216 1952 5270 ille
1976 5230 2204 5286 magnus
2235 5216 2465 5284 spiritus
2492 5232 2592 5270 suo
2625 5216 2854 5279 horruit,
2876 5225 2931 5269 et
2958 5215 3197 5269 visiones
3226 5214 3425 5281 capitis

1858 5307 1941 5359 sui
1985 5307 2456 5359 conturbaverunt
2510 5322 2659 5365 eum.
2703 5304 3032 5361 Musultnani
3085 5306 3251 5359 Deum
3300 5317 3421 5357 esse

1858 5406 2179 5467 pernegant.
2251 5397 2319 5451 Et
2375 5398 2498 5466 quis
2564 5406 2670 5450 tam
2730 5396 3004 5466 stupidus,
3058 5405 3116 5450 ut
3174 5410 3280 5449 non
3337 5395 3422 5448 vel

1861 5489 2093 5542 maxime
2125 5487 2247 5541 illos
2275 5487 2761 5542 eondemnaverit?

196 5610 290 5665 με.
329 5611 348 5644 ι
382 5593 479 5647 ’ον
501 5595 557 5647 δὲ
592 5594 712 5648 ἰδὼν
743 5595 937 5666 Δανιὴλ
965 5599 992 5650 6
1025 5597 1218 5666 μέγας,
1250 5597 1435 5668 ἔφριξε
1454 5598 1513 5650 τὸ
1538 5594 1756 5664 πνεῦμα
1792 5594 1981 5660 αὑτοῦ,
2017 5597 2109 5647 καὶ
2144 5595 2622 5665 συνεταράχθησαν
2686 5596 2741 5649 al
2770 5596 2989 5665 ὁράσεις
3054 5594 3153 5663 τῆς
3191 5592 3424 5660 κεφαλῆς

193 5686 388 5754 αὑτοῦ,
421 5686 609 5740 τοῦτον
644 5691 693 5741 οἱ
719 5690 1128 5759 Μουσουλμάνοι
1162 5692 1259 5761 οὐχ
1311 5690 1631 5760 ὁμολογοῦσι
1670 5688 1820 5740 Θεόν.
1868 5687 1977 5740 Καὶ
2006 5686 2088 5749 τίς
2114 5686 2283 5742 οὕτωα
2311 5688 2650 5755 ἀναίσθητος,
2689 5689 2836 5751 ὅστις
2873 5689 2929 5741 οὐ
2969 5688 3042 5756 μὴ
3080 5683 3428 5753 καταγνώαεε

196 5802 288 5838 ται
324 5784 771 5853 ὑπερϐαλλόντως
796 5784 974 5838 αὐτῶν
994 5800 1009 5850 ;

1787 5875 1851 5885 —.
