4204 6444
199 458 302 522 50!

1141 460 1442 520 CONTRA
1485 459 1965 518 ΜΑΗΟΜΕΤΕΜ
2004 460 2376 520 APOLOGIA
2418 461 2529 520 Ill.

3321 464 3425 526 502

194 571 466 639 λέγοντες,
496 588 515 621 ι
565 570 651 621 Ἐν
677 569 755 639 τῷ
788 570 1008 639 ὀνόματι
1053 570 1229 640 Ἰησοῦ
1265 570 1503 640 Χριστοῦ
1539 569 1767 622 ανάὸλε-
1795 579 1838 629 Α

1766 602 1767 605 η
1795 579 1838 629 Α
1871 569 2011 623 idem
2044 572 2298 625 dixerunt
2327 588 2447 626 cum
2477 584 2767 626 sanaretur
2795 576 3145 646 paralyticus.
3186 574 3329 641 Quin
3375 592 3426 626 ιιι

192 664 320 731 ψον,
350 682 368 712 ι
404 664 497 714 καὶ
521 662 814 716 ἀνέϐλεπεν
835 666 863 716 6
890 662 1109 730 τυφλός.
1155 682 1172 713 ι
1200 663 1285 714 Ἐν
1317 664 1762 732 τῷόνόματιΊη-

196 754 293 805 σοῦ
319 755 554 824 Χριστοῦ
590 754 682 806 τοῦ
728 755 847 807 ι’ίοῦ
878 756 971 807 τοῦ
1001 755 1138 807 Θεοῦ
1168 756 1401 825 ἕγειραι,
1432 757 1459 807 6
1494 755 1706 824 νεκρὸς,
1738 774 1755 804 ο

194 848 291 898 καὶ
327 847 602 901 ἀνίστατο.
661 845 732 899 Τὸ
778 848 908 901 αὐτὸ
952 848 1159 916 ἔλεγον,
1198 852 1291 901 καὶ
1328 848 1696 917 ἐθεραπεύετο
1735 850 1762 900 6

194 936 528 1004 παράλυτος.
566 939 673 990 Καὶ
703 940 761 991 ὲν
798 938 875 1008 τῷ
902 940 1127 1007 ὀνόματι
1164 941 1259 992 τοῦ
1292 940 1527 1009 Χριστοῦ
1566 940 1759 1007 ἑθερά-

195 1046 364 1081 πευον
392 1033 571 1081 πᾶσαν
596 1031 770 1095 νόσον,
797 1032 890 1084 καὶ
921 1034 1207 1085 ἐπίστευον
1232 1033 1553 1100 καθημέραν
1578 1032 1759 1101 πλήθη

194 1117 402 1187 ἄπειρα
424 1121 501 1181 είς
528 1121 618 1173 τὸν
648 1122 903 1187 Χριστόν.
935 1119 1066 1175 Εἶτα
1100 1122 1451 1191 μερισθέντες
1481 1124 1529 1174 oi
1554 1122 1759 1174 δώδεκα

191 1210 505 1271 ἀπόστολοι,
542 1212 829 1279 διέδραμον
875 1214 964 1265 ἐπὶ
1016 1215 1198 1265 πᾶσαν
1250 1214 1347 1282 τὴν
1394 1214 1519 1280 γῆν,
1560 1216 1655 1266 καὶ
1706 1210 1761 1265 ὲ-

195 1299 431 1366 ποῐησαν
459 1303 507 1350 οἱ
542 1299 755 1362 ἀσεϐεῖς
791 1302 960 1354 πολλά
993 1304 1136 1355 κακὰ
1178 1304 1267 1354 καὶ
1301 1306 1520 1356 ἐναντία
1550 1305 1628 1365 είς
1664 1304 1762 1357 αὐ·-

192 1389 343 1450 τοὺς,
378 1390 470 1439 καὶ
500 1392 567 1447 εἰ,
611 1396 734 1453 τοὺς
776 1394 1129 1455 πιστεύοντας
1160 1396 1237 1455 εἰς
1265 1395 1353 1446 τὸν
1380 1396 1635 1464 Χριστὸν,
1666 1397 1759 1447 καὶ

190 1480 521 1531 ἀπέκτεινον
550 1482 871 1549 καθημέραν
924 1487 981 1535 ὲν
1016 1485 1295 1552 διαφόροις
1340 1489 1526 1549 τόποις
1579 1487 1758 1557 πλήθη

189 1570 538 1636 Χριστιανῶν
574 1574 946 1641 ἀναρίθμητα.
1005 1576 1120 1627 Kc!
1164 1580 1273 1644 γὰρ
1304 1576 1449 1639 ἄπας
1480 1580 1507 1629 6
1553 1579 1759 1647 κόσμος

186 1662 595 1732 εἰδωλολάτρει.
650 1664 741 1728 Εἷς
779 1668 1102 1737 Χριστιανὸς
1138 1670 1445 1736 ἐφονεύετο,
1496 1674 1587 1723 καὶ
1626 1672 1760 1724 δέκα

184 1754 425 1822 ἤρχοντο
455 1756 684 1810 ἐνώπιον
726 1759 834 1811 τῶν
862 1761 1162 1829 τυράννων.
1212 1763 1355 1813 Δέκα
1391 1763 1755 1831 ἀπέθνησκον,

188 1846 286 1897 καὶ
320 1847 516 1899 ἑκατὸν
558 1849 807 1918 ἤρχοντο,
841 1852 1025 1921 χίλιοι,
1074 1854 1384 1923 τρισχίλιοι,
1415 1855 1544 1907 δέκα
1587 1856 1759 1923 χιλιά-

1872 662 2096 717 nomine
2157 662 2359 717 Christi
2428 665 2691 718 sanabant
2749 682 2965 720 onmem
3015 668 3317 731 morbum;
3378 676 3435 717 et

1870 754 2113 821 quotidie
2146 756 2328 809 multa:
2372 755 2651 808 hominum
2693 756 2863 811 turba:
2895 756 2947 810 itt
2991 757 3266 812 Christum
3310 772 3434 810 cre-

1870 845 2149 899 diderunt.
2185 846 2426 900 Tandem
2465 847 2622 901 divisi
2675 849 2965 903 duodecim
3010 849 3239 918 apostoli
3279 864 3434 915 pera-

1868 946 2167 1005 graverunt
2197 947 2368 993 totum
2398 940 2605 994 orbem.
2637 940 2791 1008 lmpii
2823 957 2951 995 vero
2979 942 3201 995 eosdem
3248 939 3433 992 multis

1870 1027 2029 1081 malis
2060 1037 2117 1082 et
2146 1030 2362 1084 damnis
2402 1032 2732 1094 afﬂixerunt,
2767 1032 3013 1101 aliosque
3052 1033 3107 1087 in
3147 1031 3427 1086 Christum

1867 1120 2175 1184 credentes,
2224 1129 2283 1173 ut
2313 1121 2559 1189 quotidie
2604 1122 2837 1176 diversis
2887 1124 2939 1175 in
2996 1124 3127 1177 locis
3180 1137 3431 1185 magnam

1868 1210 2185 1265 occiderent
2227 1210 2667 1266 Christianorum
2718 1212 3151 1266 multitudinem.
3202 1211 3435 1266 Univer:

1867 1314 1961 1353 sus
1984 1299 2129 1354 enim
2156 1302 2395 1354 mundus
2417 1300 2740 1355 idololatria:
2780 1302 3000 1355 deditus
3022 1310 3160 1354 erat.
3188 1300 3293 1354 Sed
3326 1315 3434 1352 uno

1865 1388 2177 1444 Christiano
2192 1391 2393 1451 occiso,
2411 1392 2594 1445 decem
2609 1408 2791 1445 coram
2814 1392 3053 1463 tyrannis
3067 1402 3430 1453 emerserunt;

1871 1489 1929 1533 et
1974 1480 2020 1532 si
2059 1482 2250 1534 decem
2296 1481 2702 1543 occiderentur,
2759 1486 3131 1551 ex~urgebant
3161 1496 3381 1537 centum
3416 1500 3430 1548 ;

1865 1568 1909 1621 si
1934 1569 2101 1634 mille,
2124 1570 2461 1638 apparebant
2493 1572 2681 1625 decem
2715 1573 2918 1638 millia;
2954 1574 2996 1626 si
3025 1575 3212 1628 decem
3242 1575 3432 1634 millia,

1865 1661 2058 1731 viginti
2100 1662 2269 1716 millia
2308 1663 2676 1717 succedebant
2720 1665 2772 1717 in
2811 1667 3153 1734 martyrium.
3189 1666 3266 1719 Ne
3306 1682 3435 1717 vero

1866 1751 2030 1804 verba
2063 1766 2183 1804 mea
2214 1766 2244 1805 α
2280 1752 2462 1805 multis
2494 1767 2593 1806 ceu
2629 1752 2751 1806 ficta
2796 1769 2915 1808 esse
2956 1755 3297 1824 iudicentur,
3324 1755 3427 1806 nii-

1866 1857 1969 1896 nus
2008 1841 2131 1897 dico
2154 1858 2317 1911 quam
2355 1843 2556 1898 veritas
2594 1844 2670 1897 rei
2720 1845 2982 1912 postulet.
3028 1844 3241 1913 Satpius
3286 1844 3433 1897 cnim

185 1936 296 2001 δες,
337 1937 513 1991 εἴκοσι
547 1940 779 2008 χιλιάδες
823 1943 1051 2012 ἡρχοντο
1082 1948 1161 2007 είς
1190 1948 1250 1997 τὸ
1302 1948 1617 2017 μαρτύριον.
1641 1948 1758 2001 Ἰνα
1792 1928 1831 1976 Β

1792 1928 1831 1976 Β
1863 1949 1971 1988 ιιηο
2015 1934 2104 1989 die
2138 1934 2500 1989 crediderunt
2536 1936 2817 1989 hominum
2872 1936 3268 2004 quinquaginta
3312 1934 3430 1986 titil-

185 2027 244 2080 δὲ
274 2029 352 2098 μὴ
378 2030 606 2095 δόξωσιν
629 2035 708 2095 είς
738 2038 861 2093 τοὺς
895 2037 1120 2099 πολλοὺς
1142 2038 1188 2089 οί
1217 2038 1361 2105 λόγοι
1396 2057 1498 2108 μου
1520 2040 1755 2108 ψευδεῖς,

189 2122 335 2184 λέγω
368 2123 569 2189 μᾶλλον
598 2125 854 2187 ἐλάττους
895 2128 990 2195 τῆς
1035 2128 1315 2198 ἀληθείας.
1353 2132 1460 2183 Καὶ
1493 2132 1602 2201 γάρ
1634 2132 1757 2185 πολ-

187 2211 349 2276 λάκις
368 2215 654 2267 ἐπίστευον
675 2217 772 2286 τὴν
795 2220 1007 2289 ἡμέραν
1025 2222 1362 2291 πεντήκοντα
1390 2224 1646 2293 χιλιάδες,
1665 2226 1759 2277 καὶ

188 2306 473 2358 ἐπέκεινα.
511 2308 615 2359 Καὶ
650 2307 838 2380 ὥσπερ
872 2312 979 2363 ἀπὸ
1010 2311 1118 2363 τῶν
1176 2316 1489 2383 κτισμάτων
1534 2311 1698 2386 ἦλθεν
1730 2320 1758 2370 6

186 2391 401 2455 δίκαιος
448 2394 701 2465 Ἀϐραάμ
731 2399 810 2458 είς
843 2398 939 2466 τὴν
976 2400 1152 2470 άληθῆ
1179 2403 1398 2469 γνῶσιν,
1444 2406 1536 2456 καὶ
1562 2422 1758 2475 προσε-

186 2484 418 2553 κύνησε,
452 2490 545 2539 καὶ
604 2488 886 2542 ἐδούλευσε
920 2493 997 2561 τῷ
1057 2495 1201 2563 μόνῳ
1252 2497 1411 2563 φύσει
1472 2498 1582 2552 ὄντι
1612 2500 1752 2569 Θεῷ,

183 2572 366 2635 οὕτως
395 2576 503 2629 ἀπὸ
531 2578 639 2631 τῶν
668 2580 760 2631 τοῦ
784 2581 1020 2648 Χριστοῦ
1052 2583 1346 2651 θαυμάτων
1374 2590 1464 2641 καὶ
1496 2592 1601 2641 τῶν
1625 2593 1757 2643 ἀποο

186 2666 397 2717 στόλων
426 2663 589 2736 ἦὶθον
614 2672 681 2722 τὰ
721 2671 847 2740 ἔθνη
900 2675 1102 2742 ὁμοίως
1131 2676 1210 2738 είς
1241 2678 1339 2747 τὴν
1374 2681 1471 2747 τῆς
1500 2682 1757 2748 ἀληίὲεἱας

186 2760 517 2827 κατάληψιν,
557 2763 650 2814 καὶ
684 2766 1102 2835 προσεκύνησαν
1152 2770 1244 2821 καὶ
1274 2770 1631 2839 ὡμσλύγησαν
1681 2775 1757 2826 δι-

184 2851 359 2911 καίως
391 2852 474 2902 ὅτι
507 2854 670 2915 αὐτός
705 2855 854 2905 ἐστιν
886 2857 1099 2925 ἁληῡώς
1130 2858 1157 2909 ὁ
1202 2861 1393 2931 Σωτὴρ
1419 2863 1511 2914 τοῦ
1554 2866 1755 2931 κόσμου

184 2938 215 2989 ὁ
241 2939 500 3008 Χριστὸς,
533 2943 694 3004 αὑτός
728 2947 875 2997 ἐστιν
910 2948 936 2997 ὀ
971 2947 1094 3008 Υἱὸς
1123 2950 1216 3001 τοῦ
1249 2950 1382 3002 Θεοῦ
1414 2953 1502 3003 τοῦ
1533 2953 1753 3018 ζῶντος,

185 3032 214 3083 ὁ
249 3032 457 3100 ἀληθὴς
480 3033 633 3096 Θεός.
671 3036 838 3089 Πόθεν
865 3037 956 3090 οῦν
990 3040 1207 3106 ἐγένετο
1241 3042 1428 3103 τοῦτο;
1468 3045 1575 3097 ἀπὸ
1600 3047 1755 3109 ποίας

184 3123 476 3190 δυνάμεως
527 3127 621 3177 καὶ
678 3127 891 3195 ἰσχύος,
921 3132 1026 3182 ἀπο
1061 3134 1215 3183 ποίου
1249 3134 1482 3185 πλούτου
1531 3138 1621 3188 καὶ
1662 3154 1757 3205 με-

1859 2027 1954 2088 lia,
1985 2034 2040 2081 et
2081 2027 2336 2095 amplius.
2372 2027 2437 2080 Et
2464 2027 2926 2096 quemadmodum
2977 2043 3005 2080 a
3043 2028 3310 2081 creaturis
3360 2026 3428 2079 ad

1862 2134 2043 2173 veram
2092 2121 2457 2189 cognitionem
2500 2122 2749 2189 pervenit
2799 2122 3066 2174 Abraham
3112 2122 3327 2190 justus,
3373 2129 3429 2172 et

1859 2212 2086 2266 servivit
2125 2214 2407 2283 coluitque
2444 2215 2620 2267 solum
2679 2214 2844 2267 Deum
2878 2230 3103 2280 verum;
3146 2215 3225 2267 sic
3258 2216 3424 2267 etiam

1860 2317 1956 2371 per
1985 2302 2186 2357 Christi
2221 2315 2275 2359 et
2300 2306 2674 2374 apostolorum
2715 2305 2971 2359 miracula
3006 2315 3197 2374 gentes
3231 2306 3428 2360 simili-

1863 2402 1943 2449 ter
1965 2395 2016 2448 in
2050 2396 2297 2450 veritatis
2323 2396 2690 2465 cognitionem
2726 2407 3117 2464 pervenerunt,
3154 2400 3431 2453 eamdem-

1860 2500 1965 2553 que
1994 2485 2307 2550 coluerunt,
2344 2498 2399 2540 et
2441 2486 2679 2554 perfecte
2714 2487 2950 2542 confessi
2983 2498 3111 2541 sunt
3146 2488 3427 2542 Christum

1859 2590 2047 2629 verum
2083 2591 2203 2631 esse
2245 2577 2429 2630 mundi
2458 2576 2819 2643 Salvatorem,
2853 2577 3162 2649 Filiutnque
3200 2582 3292 2634 Dei
3349 2584 3429 2634 vi-

1859 2668 2054 2727 ventis,
2092 2676 2146 2722 ct
2186 2685 2370 2723 verum
2424 2671 2611 2723 l‘tentn.
2671 2671 2823 2725 Unde
2858 2671 3026 2739 igitur
3067 2675 3170 2727 hoc
3224 2674 3426 2726 factum

1857 2769 1941 2813 est
1964 2763 1985 2813 ?
2009 2777 2114 2828 qua
2140 2761 2337 2814 virtute
2364 2768 2417 2814 et
2448 2763 2731 2828 potentia?
2768 2763 2971 2832 quibus
3006 2765 3202 2833 opibus
3234 2776 3286 2818 et
3318 2781 3428 2817 ma-

1858 2848 2213 2917 gniﬁcentia?
2248 2867 2347 2919 per
2377 2868 2640 2919 quosnam
2671 2856 3026 2923 philosophos
3057 2866 3112 2909 ct
3142 2860 3429 2910 oratores?

1859 2940 1960 2994 Per
1998 2942 2206 2993 nullum
2258 2958 2516 3010 prorsus;
2552 2944 2647 2998 sed
2694 2948 2807 3000 sola
2845 2948 2937 3001 Dei
2995 2948 3230 3003 virtute.
3264 2965 3425 3016 quam

1861 3030 2154 3085 induerant
2191 3032 2479 3086 duodecim
2506 3037 2759 3101 apostoli,
2790 3037 2952 3091 rudes
2980 3048 3158 3101 antea,
3183 3048 3431 3107 agrestes

1856 3128 1912 3171 et
1946 3120 2171 3172 infirmi.
2206 3120 2295 3174 Sic
2323 3123 2465 3175 enim
2500 3124 2716 3179 dixerat
2748 3127 2854 3180 illis
2879 3127 3175 3181 Christus:
3221 3149 3236 3179 ι
3281 3130 3422 3183 Ecce

184 3214 454 3279 γαλείους
490 3215 597 3266 ἀπὸ
626 3220 793 3268 ποίων
833 3220 1139 3289 φιλοσόφων
1174 3224 1262 3274 καὶ
1310 3225 1590 3293 ῥητόρωνς
1626 3229 1756 3280 Πάν·
1782 3246 1826 3305 C

1782 3246 1826 3305 Ο
1861 3212 2015 3262 mitto
2064 3226 2158 3263 vos
2196 3221 2450 3281 tauquam
2508 3232 2639 3270 oves
2689 3218 2741 3270 itt
2799 3221 2979 3273 medio
3013 3220 3305 3289 luporum;
3363 3234 3428 3274 ne

184 3316 294 3361 τιυς
330 3300 427 3352 ἀπ’
457 3303 691 3368 οὐδενὸς,
720 3305 751 3374 ἢ
787 3305 893 3358 ἀπὸ
927 3307 1025 3374 τῆς
1057 3308 1149 3359 τοῦ
1190 3309 1323 3361 θεοῦ
1351 3311 1655 3380 δυνάμεως,
1694 3316 1759 3382 ἣν

186 3393 516 3445 ἐνεδύσαντο
539 3396 585 3446 οἱ
603 3395 806 3448 δώδεκα
830 3398 1139 3461 ἀπόστολοι,
1160 3401 1209 3451 οἱ
1232 3402 1485 3469 ἀμαθεῖς,
1509 3406 1552 3454 οἱ
1580 3408 1761 3472 ἄγροι-

188 3501 299 3549 κοι,
326 3486 377 3537 οἱ
418 3484 685 3547 ἀσθενεῖς.
724 3487 878 3540 Οὕτω
909 3491 1015 3557 γὰρ
1064 3490 1284 3559 εἴρηκεν
1315 3494 1342 3543 6
1369 3495 1601 3563 Χριστὸς
1626 3498 1760 3567 πρὸς

186 3576 414 3637 αὐτοὺς,
445 3577 525 3629 ὅτι
555 3594 575 3627 ι
624 3575 755 3630 Ἰδοὺ
788 3579 1102 3652 ἀποστέλλω
1137 3582 1278 3649 ὑμᾶς
1316 3583 1388 3635 ti):
1421 3587 1669 3652 πρόϐατα
1702 3590 1759 3641 ὲν

188 3663 346 3731 μέσῳ
376 3662 557 3715 λύκων
578 3680 591 3693 ·
633 3664 706 3733 μὴ
744 3647 1120 3737 μεριμνήσητε
1150 3647 1281 3731 γοῦν
1311 3670 1361 3722 τί
1387 3647 1602 3740 εἴπητε,
1634 3676 1666 3745 ἢ
1706 3678 1759 3729 τί

187 3753 468 3821 λαλήσητε
518 3752 830 3821 ἔμπροσθεν
867 3756 1066 3809 αὐτῶν.
1114 3758 1254 3824 Ἐγὼ
1296 3759 1405 3830 γὰρ
1447 3762 1603 3815 δώσω
1631 3763 1760 3833 ὑμῖν

188 3845 370 3912 στόμα
403 3844 497 3897 καὶ
527 3844 741 3911 σοφίαν,
841 3848 899 3898 οὐ
939 3847 1259 3915 δυνήσονται
1297 3852 1615 3920 ἀντιστῆναι
1639 3855 1759 3908 οὐδὲ

188 3937 468 3988 ἀντειπεῖν
501 3937 700 3999 πάντες
723 3941 769 3989 oi
793 3938 1162 4007 ἀντικείμενοι
1196 3941 1343 4009 ὑμῖν.
1384 3962 1400 3993 ι
1439 3945 1547 3997 Καὶ
1583 3946 1758 4011 οὕτως

188 4029 435 4094 ἐγένετο.
493 4028 697 4089 Πάντες
734 4030 782 4080 οί
825 4029 1131 4096 φιλόσοφοι,
1168 4032 1367 4094 πάντες
1422 4034 1469 4085 οἱ
1504 4036 1757 4105 ῥήτορες,

188 4119 397 4179 πάντες
430 4120 479 4172 οἱ
532 4121 697 4187 μάγοι
754 4119 926 4183 οὕτως
955 4121 1241 4188 ἐφαίνοντο
1281 4123 1597 4194 ἔμπροσθεν
1650 4128 1759 4181 τῶν

186 4213 529 4277 ἀποστόλων,
570 4212 645 4275 ὡς
682 4212 861 4282 ἰχθύες
907 4214 1132 4280 ἄξωνοι.
1185 4217 1317 4270 Τότε
1376 4220 1668 4293 ἐπληρώθη
1723 4224 1757 4297 ἠ

186 4303 287 4355 τοῦ
310 4303 475 4354 Δαδῖδ
511 4304 839 4372 προφητεία,
868 4306 900 4374 ἠ
941 4304 1197 4372 λέγουσα,
1236 4327 1254 4360 ι
1302 4311 1412 4363 Καὶ
1442 4312 1671 4366 ἐλάλουν
1702 4317 1759 4368 ὲν

185 4401 303 4459 τοῖς
342 4398 665 4466 μαρτυρίοις
695 4414 789 4450 σου
815 4400 1057 4453 ἐναντίον
1090 4400 1377 4469 βασιλέων,
1410 4411 1501 4456 καὶ
1533 4408 1633 4459 οὐκ
1664 4411 1760 4479 ᾐσ-

186 4489 457 4557 χυνόμην.
500 4508 518 4539 ο
567 4489 727 4542 Ἀλλὰ
779 4489 841 4559 δὴ
888 4492 980 4544 καὶ
1018 4491 1111 4544 τοῦ
1152 4493 1398 4560 Ἡσαΐου,
1437 4497 1470 4566 ἡ
1518 4496 1758 4566 λέγουσα

1862 3302 2079 3355 solliciti
2111 3303 2250 3366 sitis,
2284 3306 2416 3372 quid
2463 3306 2681 3372 dicatis,
2718 3320 2811 3361 aut
2842 3310 2973 3377 quid
3007 3312 3305 3379 loquamini
3335 3327 3430 3365 co-

1863 3410 1974 3447 ratn
2005 3395 2157 3462 ips's.
2190 3397 2303 3466 Ego
2326 3399 2471 3451 enim
2509 3401 2650 3453 dabo
2702 3401 2853 3454 vobis
2886 3419 2947 3456 os
2994 3413 3047 3455 et
3079 3406 3426 3471 sapientiam,

1859 3485 1946 3538 cui
1983 3501 2090 3538 non
2115 3498 2369 3553 poterunt
2404 3490 2680 3548 resistere,
2708 3508 2807 3546 nec
2838 3494 3220 3549 contradicere
3239 3513 3429 3551 omnes

1857 3581 1950 3645 qui
2002 3593 2121 3631 sese
2160 3592 2446 3647 opponunt
2482 3582 2641 3637 vobis
2668 3584 2733 3637 ³³.
2782 3604 2798 3635 ι
2844 3586 2907 3638 Et
2943 3586 3022 3640 sic
3065 3587 3316 3641 evenisse
3351 3588 3429 3643 lc-

1858 3670 2051 3739 gimus.
2084 3668 2285 3725 Omnes
2333 3671 2477 3725 enim
2516 3674 2852 3744 pliilOSOphi,
2910 3694 3102 3733 omnes
3155 3681 3428 3747 rhetores,

1857 3776 2046 3817 omnes
2078 3762 2240 3829 magi,
2278 3778 2464 3817 coram
2511 3769 2775 3835 apostolis
2809 3786 2907 3823 ceu
2951 3774 3125 3839 pisces
3154 3774 3287 3827 muti
3337 3790 3430 3842 ap-

1858 3864 2183 3922 paruerunt.
2210 3855 2363 3912 Tune
2391 3858 2672 3926 impletum
2716 3872 2797 3915 est
2829 3865 2961 3919 illud
2988 3866 3211 3921 Davidis
3239 3869 3425 3920 vatici-

1860 3947 2008 3999 nium
2038 3969 2050 4001 :
2092 3965 2110 3998 ι
2139 3948 2204 4002 Ει
2241 3949 2503 4018 loquebar
2536 3951 2589 4004 in
2622 3957 2953 4011 testimoniis
2988 3958 3094 4012 tuis
3125 3974 3309 4012 coram
3345 3977 3430 4015 re-

1858 4035 2035 4103 gibus,
2065 4046 2119 4091 et
2144 4053 2250 4090 non
2282 4039 2662 4095 contundebar
2687 4045 2750 4098 ³³.
2782 4064 2799 4095 ι
2837 4044 2977 4112 Quin
3010 4058 3064 4102 et
3090 4050 3221 4102 illud
3255 4050 3423 4104 Isaiae:

1865 4144 1883 4176 ι
1923 4127 2093 4191 Quam
2127 4126 2359 4196 Speciosi
2410 4140 2536 4185 sunt
2588 4135 2753 4202 pedes
2791 4140 3286 4205 cvangelizantiunt
3336 4160 3430 4211 pa-

1860 4230 1997 4275 cem.
2027 4216 2119 4285 qui
2164 4219 2495 4273 annuntiant
2536 4221 2675 4286 bona
2702 4224 2769 4276 ³⁵.
2816 4243 2833 4276 ι
2866 4226 3034 4282 Divisi
3080 4229 3264 4299 itaque
3299 4242 3429 4285 sunt

1857 4307 2112 4375 apostoli,
2143 4318 2198 4362 et
2230 4309 2462 4377 dispersi
2517 4311 2570 4365 in
2615 4314 2935 4370 universam
2974 4327 3207 4383 terram;
3240 4322 3430 4391 singu-

1858 4398 2005 4466 lique
2033 4399 2087 4452 in
2121 4400 2226 4454 illis
2254 4401 2408 4465 locis,
2435 4402 2499 4455 ad
2531 4420 2667 4473 quos
2704 4421 3088 4475 pervenerant,
3118 4414 3428 4467 docuerunt

1857 4492 2231 4563 Evangelium.
2268 4496 2335 4550 Et
2373 4498 2595 4566 impleta
2642 4510 2724 4555 est
2755 4502 2973 4556 Davidis
3008 4506 3294 4572 pr0phctia
3344 4507 3428 4558 diu

181 4580 410 4647 ὁμοῖως,
437 4578 512 4639 ὡς
553 4598 571 4629 ι
624 4579 825 4646 Ὡραίοι
848 4582 896 4632 oi
929 4582 1089 4644 πόδες
1118 4586 1224 4635 τὼν
1252 4586 1754 4657 εὐαγγελιζομένων
1787 4579 1830 4632 υ

1787 4579 1830 4632 D
1860 4598 2025 4637 cens:
2060 4601 2078 4634 ι
2112 4586 2167 4638 1η
2196 4602 2412 4640 omnem
2435 4596 2632 4641 terram
2658 4593 2823 4645 exivit
2847 4609 3013 4649 sonus
3035 4610 3246 4658 eorum,
3282 4605 3337 4649 ct
3372 4597 3424 4650 in

181 4672 435 4738 εἰρήνην,
471 4670 579 4721 τῶν
622 4671 1131 4739 εὐαγγελιζομένων
1176 4677 1243 4726 τα
1282 4677 1481 4744 ἀγαθά.
1522 4697 1540 4729 ι
1594 4681 1753 4750 Ἐμε-

187 4762 459 4831 ρὶσϐησαν
508 4762 616 4830 γὰρ
650 4762 699 4813 ci
751 4762 1060 4828 ἀπόστολοι,
1121 4769 1217 4821 καὶ
1260 4767 1638 4841 διεσπάρησαν
1675 4774 1754 4835 είς

184 4855 371 4905 πᾶσαν
408 4851 506 4919 τὴν
538 4853 665 4918 γῆν.
692 4856 785 4905 καὶ
820 4854 1054 4918 ἐδίδαξεν
1106 4850 1185 4919 εἷς
1213 4858 1443 4923 ἕκαστος
1483 4863 1542 4914 τὸ
1574 4864 1758 4931 Εὐαγ-

185 4947 369 5012 γέλιον
418 4944 496 5004 εἰς
530 4943 587 4995 ὃν
620 4945 785 4995 τόπαν
829 4946 1060 5014 ἀπῆλθε,
1106 4950 1200 5001 καὶ
1245 4951 1540 5021 ἐπληρώθη
1574 4958 1607 5023 ἡ
1659 4955 1754 5007 τοῦ

184 5035 378 5088 Διαὸλδ
404 5036 728 5103 προφητεία,
766 5037 797 5105 ἡ
836 5037 1091 5104 λέγουσα,
1128 5058 1145 5090 ι
1191 5042 1279 5102 Ei;
1313 5044 1494 5095 πᾶσαν
1523 5046 1620 5114 τὴν
1653 5049 1756 5114 γῆν

184 5124 413 5193 ἐξῆλθεν
450 5127 477 5176 6
505 5124 734 5192 φθόγγο.
794 5127 997 5189 αὐτῶν,
1030 5131 1121 5182 καὶ
1148 5132 1225 5193 είς
1282 5132 1350 5184 τά
1399 5133 1611 5201 πέρατα
1655 5135 1754 5204 τῆς

181 5217 515 5284 οἰκουμένης
568 5215 638 5266 τὰ
672 5217 890 5285 ῥήματα
933 5219 1129 5273 αὐτῶν.
1175 5240 1192 5270 ι
1228 5221 1434 5289 Σκιέᾲαι
1491 5225 1620 5292 γοῦν
1658 5228 1753 5278 καὶ

185 5307 261 5358 ἴδε
289 5308 387 5358 καὶ
419 5307 684 5375 πρόσεξον
716 5308 977 5377 ἀκριϐῶς,
1010 5310 1090 5361 ὅτι
1129 5311 1347 5365 ἅπαντα
1378 5314 1477 5366 ὅσα
1515 5316 1756 5385 ἐγράφη-

187 5414 287 5450 σαν
343 5398 601 5463 ἐνταῦθα,
632 5400 854 5467 οὐδεμία
887 5401 980 5453 καὶ
1017 5401 1153 5471 μόνη
1205 5402 1349 5469 λέξις
1393 5407 1607 5476 ἐγράφη
1657 5408 1755 5461 ἀπ’

186 5488 495 5556 ἀλλαχόθεν
522 5489 638 5541 ἀλλ’
668 5491 699 5561 ἦ
728 5491 832 5544 ἀπὸ
861 5492 952 5545 τοῦ
983 5494 1282 5559 Μωῦσέως,
1318 5498 1425 5549 ἀπὸ
1456 5498 1568 5552 τῶν
1616 5517 1754 5570 προ-

186 5580 399 5649 φητών,
440 5581 551 5633 ἀπὸ
575 5581 669 5634 τοῦ
702 5584 883 5642 Δαϐδ,
923 5585 1014 5637 καὶ
1039 5587 1147 5638 ἀπὸ
1176 5587 1268 5639 τοῦ
1306 5589 1660 5657 Εὐαγγελίου,
1696 5593 1755 5645 ἆ-

185 5689 293 5740 ’.τιιρ
322 5672 420 5724 καὶ
447 5672 651 5740 ὀφείλει
685 5674 825 5737 ἄπας
856 5677 1279 5747 Μουσουλμάνος
1314 5680 1398 5733 ἵνα
1428 5684 1631 5751 στέρνη
1677 5685 1753 5747 ὼς

255 5788 617 5867 ⁸³-ᾏΜιιιιιιηι,
659 5794 721 5850 16
756 5794 845 5858 20,
925 5796 969 5829 ³⁵
1007 5798 1149 5853 Psal.
1186 5814 1372 5867 cxvnt,
1399 5802 1487 5856 47.

195 5857 263 5924 5;
297 5858 435 5916 Rom
466 5878 518 5927 ι,
556 5865 638 5918 l8.

1597 5805 1640 5835 ³⁵
1678 5819 1777 5860 isa.
1824 5806 2013 5878 ι.ιι,ξ7;
2046 5806 2284 5862 Nahum.
2319 5823 2357 5873 ι,
2399 5809 2477 5871 iii;
2517 5810 2671 5865 Rom.
2711 5828 2762 5877 χ,
2798 5810 2877 5867 l5.

1856 4674 2119 4728 terminos
2183 4676 2334 4731 orbis
2390 4678 2557 4733 verba
2628 4681 2870 4749 ipsorum
2926 4686 2991 4738 ".
3042 4704 3057 4732 ι
3123 4686 3425 4742 Considera

1858 4760 2044 4829 igitur,
2082 4763 2206 4817 vide
2250 4775 2305 4818 et
2342 4767 2565 4821 attende
2602 4770 2896 4838 diligenter
2935 4772 3131 4827 horum
3176 4781 3426 4830 omnium

1857 4866 1977 4919 qua:
2011 4853 2097 4906 hic
2128 4857 2323 4923 scripta
2356 4867 2501 4920 sunt,
2534 4874 2601 4912 ne
2628 4861 2837 4914 unicam
2868 4862 3090 4930 quidem
3126 4866 3420 4922 dictionem

1858 4941 2078 4996 aliunde
2115 4960 2276 5011 qualn
2303 4961 2332 4998 e
2370 4946 2538 5009 Mose,
2583 4950 2804 5015 Davide,
2843 4956 3124 5021 prophetis
3162 4965 3216 5009 et
3249 4956 3427 5010 Evan-

1857 5029 1998 5097 gelio
2046 5032 2425 5099 transcriptatn
2480 5052 2623 5100 esse,
2677 5054 2799 5106 qua:
2836 5043 3019 5094 omnia
3070 5059 3166 5111 pro
3200 5049 3420 5111 sanctis,

1857 5118 2019 5183 justis
2042 5129 2096 5173 ct
2126 5121 2279 5175 bonis
2308 5124 2407 5191 ipsi
2444 5140 2661 5194 quoque
2692 5129 3017 5184 Musulmani
3057 5137 3305 5189 venerari
3336 5154 3426 5191 So-

1859 5207 1991 5260 lent.
2029 5207 2145 5276 Ipse
2169 5209 2317 5262 enim
2350 5211 2643 5276 Mahomet,
2691 5233 2850 5285 quem
2874 5234 3064 5274 omnes
3095 5221 3421 5279 Musuhnani

1857 5308 2245 5367 praeceptorem
2280 5316 2438 5355 suum
2491 5317 2813 5373 agnoscunt,
2862 5324 2971 5363 non
3006 5314 3183 5377 petuit
3220 5314 3271 5366 in
3306 5316 3426 5367 uni—

1859 5404 2072 5441 versum
2137 5390 2424 5445 veritatem
2484 5397 2777 5461 occulere,
2828 5414 3016 5453 verum
3082 5403 3254 5457 libros
3321 5406 3422 5460 bos

1855 5491 2073 5532 sanctos
2100 5496 2222 5535 esse
2257 5491 2511 5538 testatur.
2552 5486 2706 5551 Quod
2748 5488 2793 5542 si
2829 5490 2995 5560 igitur
3026 5492 3198 5547 libros
3229 5495 3423 5551 dicmit

1856 5584 2074 5626 sanetos
2104 5582 2158 5626 et
2187 5573 2383 5640 bonos,
2409 5593 2472 5630 ea
2509 5592 2637 5631 vero
2671 5596 2792 5648 qua:
2827 5582 2880 5636 in
2918 5583 3003 5639 his
3038 5588 3417 5651 continentur,

1856 5663 2182 5719 Musulmani
2220 5676 2600 5735 contemnunt,
2644 5688 2865 5731 necesse
2893 5677 3116 5735 Omnino
3152 5679 3318 5733 fuerit
3365 5693 3425 5735 ut

2991 5816 3034 5847 ³⁸
3076 5818 3215 5871 l'sal.
3269 5835 3419 5886 xvnt,
