4204 6444
770 429 873 487 503

1905 428 2225 488 JUANNIS
2259 427 2782 489 CANTACUZENI

3887 436 3989 498 504

764 539 944 591 ritiicti
987 538 1233 591 homines
1283 541 1404 593 illos
1443 541 1827 603 cumlvmucut,
1862 540 1994 609 quin
2042 540 2222 607 potius
2251 540 2318 604 (si
2351 543 2424 597 At

2351 543 2395 597 Δ
2423 540 2577 605 ἅγια,
2635 540 2726 590 καὶ
2760 538 2963 600 δίκαια,
2998 540 3088 592 καὶ
3124 543 3280 596 καλά.
3318 542 3486 606 Αἰγεὺς
3518 544 3624 612 γάρ
3659 547 3686 597 ὁ
3730 546 3998 611 Μωάμεθ,

766 644 948 679 verum
977 630 1157 683 dicere
1188 633 1424 697 oportet)
1462 643 1517 683 ut
1550 632 1767 683 illorum
1791 646 1888 684 ceu
1921 640 2101 682 mente
2134 640 2323 696 captu-

765 736 880 768 rum
920 720 1303 783 misereantur,
1332 723 1474 787 quod
1516 736 1609 773 vos
1645 722 1904 773 nimirum
1942 731 2017 773 tot
2044 720 2319 787 tantisque

761 808 949 860 donati
998 811 1397 871 occasionibus,
1431 810 1629 878 quibus
1676 811 1958 863 veritatem
1987 820 2036 862 et
2072 809 2318 861 invenire

758 909 812 953 et
832 916 1160 968 cognoscere
1193 903 1339 963 licet,
1364 902 1507 970 quod
1538 903 1785 956 Christus
1806 902 1974 955 Filius
1994 911 2046 955 et
2078 900 2314 954 Verbum

764 990 853 1041 ltei
877 991 965 1052 sit,
985 992 1165 1044 relicta
1185 1001 1361 1045 tamen
1379 994 1623 1047 vrrilatis
1653 993 1756 1053 via,
1774 1008 1799 1043 a
1820 1006 1985 1059 scepo
2010 1005 2135 1044 vero
2160 989 2317 1043 aber-

770 1084 1040 1135 raveiifis.
1067 1083 1169 1136 Sed
1198 1085 1533 1137 redeundum
1578 1100 1642 1135 eo
1674 1085 1815 1137 unde
1842 1085 2070 1153 digreSsi
2104 1098 2316 1136 sumus.

2428 631 2483 682 ὃν
2514 631 2695 697 ἔχουσι
2724 632 2921 691 πάντες
2943 634 2989 683 οἱ
3017 633 3437 703 Μουσουλμάνοι
3466 635 3812 695 διδάσκαλον,
3840 636 4001 698 αὐτὸς

2425 723 2524 774 οὐκ
2576 723 2838 792 ἠδυνήθη,
2879 725 2967 777 ἵνα
3019 726 3199 795 κρύψῃ
3249 727 3527 788 παντελῶς
3558 727 3655 793 τὴν
3715 728 3999 794 ἀλήθειαν,

2423 815 2518 866 καὶ
2575 818 2850 883 μαρτυρεῖ
2901 817 2998 877 τὰς
3049 818 3265 886 βίϐλους
3321 820 3503 885 ἁγίας.
3550 820 3678 871 Ἐὰν
3734 818 3869 885 γοῦν
3907 819 3999 880 τὰς

2421 904 2636 973 βίϐλους
2674 908 2771 974 μὲν
2816 908 3048 973 λέγωσιν
3089 910 3253 977 ἁγίας
3285 912 3376 962 καὶ
3415 912 3609 972 καλὰς.
3647 911 3716 963 τὰ
3746 911 3802 962 δὲ
3846 910 3999 974 λεγὸ-

2429 1011 2565 1062 μενα
2594 996 2649 1044 ἐν
2685 996 2874 1057 αὑταῖς
2909 997 3172 1050 ἀθετῶσιν
3213 1002 3258 1050 oi
3298 1000 3740 1067 Μουσουλμάνοι,
3780 999 3999 1059 πάντας

2426 1084 2543 1136 δέον
2572 1086 2740 1146 ἐστὶν,
2784 1086 2869 1136 ἵνα
2915 1089 3022 1148 πΞς
3055 1088 3339 1156 ἄνθρωπος
3378 1091 3759 1159 κατηγορήσῃ,
3797 1089 4000 1156 μᾶλλον

758 1176 808 1224 δ-
844 1174 891 1222 εἰ
924 1175 1027 1242 χρὴ
1059 1176 1286 1243 τιληθὶς
1322 1178 1504 1235 ῑίπεῖν,
1548 1176 1740 1245 ἐλεήσῃ
1790 1176 1981 1235 αὐτοὺς
2035 1174 2106 1233 ὡς
2168 1173 2543 1241 μαινομένους,
2586 1174 2668 1225 ὅτι
2708 1175 2864 1238 ὑμεῖς
2922 1177 3137 1243 ἔχοντες
3196 1179 3460 1241 τοσαύτας
3518 1180 3614 1231 καὶ
3667 1179 3999 1247 τηλικαύτας

760 1274 1036 1339 ἀφορμὰς,
1066 1273 1200 1323 ὥστε
1238 1274 1417 1340 εὑρεῖν
1449 1273 1544 1341 τὴν
1572 1272 1851 1341 ἀλήθειαν,
1888 1272 1981 1323 καὶ
2049 1269 2251 1336 γνῶναι
2280 1272 2359 1321 ὅτι
2397 1271 2423 1320 ό
2454 1270 2685 1337 Χριστὸς
2719 1270 2843 1332 re;
2896 1273 2986 1323 καὶ
3025 1274 3196 1339 Λόγος
3252 1274 3347 1327 τοῦ
3387 1274 3525 1328 Θεοῦ
3567 1280 3737 1338 εστιν,
3769 1275 4000 1342 άφέντῑς

762 1367 855 1433 rip
892 1368 985 1430 τῆς
1022 1364 1276 1432 ἀληθείας
1326 1366 1463 1428 ἁδὺν,
1515 1365 1852 1433 ὲπλαθὴθητε
1894 1364 2319 1432 ἀστοχήσαντες.
2370 1360 2817 1414 ’ΛλλῚπανῑ-τέον
2851 1363 2971 1415 ὅθεν
3007 1364 3324 1435 ἐξήλθομεν.

827 1545 879 1597 2.
930 1544 1029 1607 Qui
1069 1544 1251 1611 itaque
1298 1544 1573 1611 apostolos
1608 1542 2108 1611 perquuebantur.
2141 1554 2196 1594 et
2227 1554 2321 1594 sua

765 1637 1087 1704 premebant
1123 1635 1433 1706 tyrannide,
1470 1634 1523 1686 hi
1575 1634 1674 1702 ipsi
1714 1633 1927 1685 tandem
1964 1632 2014 1683 in
2043 1632 2319 1685 Christum

760 1725 1081 1788 credebant,
1115 1734 1168 1777 et
1214 1723 1617 1777 conﬁtebantur
1669 1724 1812 1775 hunc
1833 1738 1952 1775 esse
1995 1721 2188 1773 Filium
2227 1721 2318 1773 llei

2500 1547 2564 1615 β’.
2595 1548 2656 1599 Οἱ
2686 1552 2865 1600 τοίνυν
2893 1547 3175 1610 διώκοντες
3194 1550 3286 1599 καὶ
3303 1548 3692 1617 τυραννοῦντες
3719 1549 3846 1607 τους
3865 1548 3999 1599 ἀπο-

2428 1638 2643 1699 στόλους
2692 1637 2972 1690 ἐπίστευον
3024 1639 3103 1699 εἰς
3156 1637 3247 1690 τὸν
3276 1637 3535 1706 Χριστὸν,
3560 1638 3654 1690 καὶ
3678 1636 3998 1705 ὡμολόγουν

2426 1732 2504 1783 ὅτι
2532 1731 2693 1790 αὑτός
2721 1733 2867 1782 ἐστιν
2889 1733 2915 1782 ὁ
2943 1730 3067 1792 Υἱὸς
3098 1730 3190 1782 τοῦ
3219 1729 3356 1781 Θεοῦ
3382 1729 3476 1782 τοῦ
3506 1730 3730 1793 ζῶντος,
3760 1730 3858 1781 καὶ
3881 1730 3999 1780 ἀντὶ

761 1815 1013 1875 \iveulis,
1056 1815 1162 1865 imo
1196 1813 1567 1881 apostolorum
1623 1811 1741 1863 loco
1793 1811 1866 1863 illi
1908 1811 2005 1879 ipsi
2042 1825 2320 1878 prmcones
2356 1848 2393 1899 Β

2356 1848 2393 1899 Β
2422 1823 2530 1874 τῶν
2561 1822 2872 1874 ἀποστόλων
2899 1822 3099 1889 μᾶλλον
3130 1821 3376 1888 ἐγένοντο
3397 1822 3597 1872 ἐκεῖνοι
3627 1822 3874 1887 κήρυκες
3904 1820 3994 1870 τοῦ

768 1905 1005 1957 nominis
1056 1904 1262 1956 Christi
1321 1902 1711 1955 reddebantur.
1762 1900 1826 1953 Et
1878 1916 2069 1954 omnes
2102 1901 2320 1970 quidem

759 1994 1039 2063 apostolos
1073 2005 1264 2057 morte,
1299 2008 1403 2062 qua
1434 1990 1710 2046 Christum
1742 1992 1978 2046 confeSsi
2013 2000 2159 2052 sunt.
2196 1991 2324 2045 sub-

759 2086 899 2139 latos
926 2102 1067 2159 esse,
1121 2102 1304 2137 verum
1339 2094 1451 2149 est;
1502 2100 1606 2137 non
1646 2094 1822 2138 tamen
1877 2085 1930 2137 in
1969 2084 2069 2137 hos
2111 2093 2320 2138 tantum

762 2180 1059 2233 saevierunt
1090 2179 1263 2247 impii,
1288 2188 1547 2246 quantum
1581 2178 1630 2229 in
1658 2177 1781 2231 illos
1805 2177 1897 2246 qui
1929 2176 1996 2231 ab
2019 2176 2323 2230 idololatria

760 2270 825 2324 ad
851 2270 1126 2324 Christum
1159 2268 1407 2321 conversi
1439 2267 1675 2321 fuerant.
1701 2266 1925 2321 Atroces
1951 2267 2095 2320 enim
2125 2266 2192 2320 de
2218 2267 2323 2320 illis

764 2375 956 2430 ρωπος
1004 2359 1313 2413 sumebant.
1351 2358 1687 2412 Membratim
1723 2358 2069 2413 dissecabant
2113 2373 2230 2420 eos,
2270 2365 2324 2410 et

762 2455 918 2525 (ιιιὼί
958 2469 1065 2506 uno
1099 2461 1373 2505 momento
1407 2452 1538 2505 salvi
1597 2458 1651 2504 et
1687 2450 1882 2519 integri
1927 2456 2318 2518 apparuerunt.

762 2546 820 2598 lu
850 2545 1093 2598 caminos
1116 2544 1464 2613 dejecerunt:
1492 2542 1584 2596 sed
1619 2554 1874 2610 tanquam
1902 2556 2069 2610 aquas
2093 2540 2321 2610 ingressi

762 2639 1141 2692 servabantur.
1163 2636 1445 2691 l’lumbum
1465 2634 1813 2703 liquefactum
1838 2633 2013 2687 coacti
2036 2632 2321 2695 bibebant,

762 2731 855 2785 sed
886 2745 992 2783 non
1026 2729 1380 2783 laedebantur.
1410 2728 1461 2779 lu
1487 2728 1650 2780 maris
1688 2725 2016 2795 profundum
2040 2725 2325 2791 demerge-

764 2821 895 2875 bant
919 2840 930 2873 :
955 2829 1009 2873 et
1029 2822 1080 2872 in
1100 2820 1249 2873 littus
1263 2827 1569 2871 evaserunt.
1595 2818 1655 2870 lit
1675 2817 1923 2884 quisnam
1940 2817 2021 2882 (ut
2041 2813 2147 2866 dici
2167 2810 2322 2881 solet)

765 2923 1067 2983 martyrum
1099 2920 1363 2965 tormenta
1396 2920 1449 2961 et
1483 2910 1809 2963 tentationes
1831 2916 2009 2975 posset
2031 2906 2327 2969 exponere?

766 3006 1011 3059 Tandem
1040 3012 1219 3057 autem
1256 3002 1452 3055 mortui
1487 3010 1635 3063 sunt,
1685 3008 1739 3053 et
1772 3008 2038 3051 tormenta
2074 2998 2325 3064 volupta-

768 3108 880 3150 tum
912 3096 1054 3159 loco,
1082 3104 1137 3146 et
1170 3102 1397 3146 mortem
1428 3107 1526 3159 pro
1552 3092 1659 3143 vita
1688 3091 2118 3150 arstimaverunt,
2145 3097 2327 3141 osten-

2425 1912 2688 1982 ὀνόματος
2734 1913 2825 1966 τοῦ
2866 1912 3126 1983 Χριστοῦ.
3166 1914 3275 1965 Καὶ
3307 1912 3389 1964 δτι
3428 1911 3526 1981 μὲν
3564 1912 3765 1973 πάντες
3788 1913 3837 1962 oi
3861 1911 3998 1962 ἁπό-

2427 2009 2597 2059 στολοι
2619 2008 2708 2059 τὸν
2738 2006 2823 2058 διὰ
2851 2006 3148 2074 μαρτυρίου
3184 2005 3410 2057 θάνατον
3434 2002 3801 2068 ἀπέθνησκον,
3839 2002 3999 2054 τοῦτο

2424 2099 2594 2161 οὕτως
2616 2098 2748 2166 ἔχει.
2769 2098 2912 2148 Ἀλλ’
2934 2097 3030 2148 οὐκ
3057 2097 3380 2163 ἐτυράννουν
3406 2096 3453 2147 οἱ
3482 2095 3695 2153 ἀσεϐεῖς
3724 2094 3993 2156 ἐκείνουε,

2424 2192 2546 2242 ὅσον
2575 2192 2697 2250 τοὺς
2725 2190 3155 2258 ἐπιστρέφοντας
3183 2186 3289 2239 ἀπὸ
3321 2190 3418 2255 τῆς
3447 2184 3893 2252 είδωλολατρείας
3919 2186 3998 2244 είς

2425 2281 2514 2332 τὸν
2540 2278 2794 2348 Χριστόν.
2832 2277 3087 2343 Μεγάλας
3114 2275 3207 2327 καὶ
3234 2275 3340 2343 γὰρ
3362 2274 3631 2343 τιμωρίας
3668 2273 3889 2325 ἐποίουν
3918 2274 3998 2333 είς

2424 2371 2642 2434 αὐτοὺς,
2683 2369 2911 2440 μεληδὸν
2941 2370 3271 2437 κατέτεμνον
3305 2370 3549 2430 τούτους,
3593 2368 3685 2420 καὶ
3712 2367 3789 2427 ὠς
3820 2368 3880 2417 ἐν
3908 2368 4000 2435 ρο·

2426 2463 2500 2528 πῇ
2536 2462 2633 2530 μιᾷ
2672 2458 2988 2529 εὑρίσκοντο
3025 2458 3154 2511 σῶοι
3191 2459 3285 2510 καὶ
3329 2457 3602 2524 ἀκέραιοι.
3634 2457 3725 2521 Εἰς
3758 2456 3857 2518 τάς
3896 2474 3997 2508 καο

2429 2554 2613 2623 μίνους
2658 2552 2963 2617 ἐνέϐαλλον,
3022 2550 3117 2603 καὶ
3146 2550 3221 2613 ὼς
3280 2551 3339 2603 ἐν
3396 2550 3555 2602 ὕδατι
3618 2549 3997 2618 εἰσερχόμενοι

2426 2645 2811 2714 ἐφυλάσσοντο.
2846 2642 3124 2696 Μόλυϐδον
3181 2643 3691 2710 πεπυρακτωμένον
3746 2641 3998 2698 ἐπότιζον

2425 2736 2645 2798 αὐτοὺς,
2691 2736 2783 2787 καὶ
2831 2734 2931 2787 οὐκ
2957 2733 3307 2787 ἐϐλάπτοντο.
3342 2733 3433 2795 Εἰς
3465 2733 3559 2785 τὸν
3587 2733 3684 2801 τῆς
3716 2732 3998 2799 θαλάσσης

2428 2828 2589 2898 βυθὸν
2618 2828 2896 2897 ἔρριπτον,
2924 2826 3015 2878 καὶ
3042 2825 3121 2883 είς
3154 2825 3255 2894 τὴν
3282 2827 3483 2892 χέρσον
3510 2824 3849 2891 εὑρίσκοντο.
3891 2821 4000 2874 Καὶ

2426 2920 2508 2980 τίς
2542 2919 2780 2975 δύναται.
2808 2916 2884 2976 ὡς
2906 2915 3033 2975 ἔπος
3066 2917 3261 2980 είπεῖν,
3293 2913 3766 2983 ἐξαριθμήσασθαι
3798 2916 3891 2965 καὶ
3917 2915 3998 2964 εἰ·

2427 3013 2546 3062 πεῖν
2574 3010 2671 3068 τὰς
2708 3007 2815 3059 τῶν
2849 3008 3144 3076 μαρτύρων
3179 3006 3444 3075 βασάνους
3474 3009 3571 3058 καὶ
3611 3006 3680 3058 τά
3725 3008 3999 3075 πειρατή-

2434 3115 2554 3167 ριας
2596 3097 2759 3158 Τέλος
2790 3098 2967 3147 τοίνυν
2998 3095 3366 3165 ἀπέθνησκον,
3411 3096 3506 3146 καὶ
3541 3094 3854 3162 ἐλογίζοντο
3898 3098 3999 3156 τὰς

768 3190 954 3255 σιίιιιυε
994 3202 1091 3255 per
1141 3194 1405 3254 martyres
1446 3182 1695 3237 Christus
1724 3195 1876 3234 suam
1930 3180 2101 3248 ipsius
2128 3179 2325 3233 divini-
2351 3198 2393 3254 ρ

2351 3198 2393 3254 c
2431 3188 2527 3253 μὲν
2570 3184 2835 3252 βασάνους
2876 3184 3106 3251 τρυφὰς,
3137 3182 3228 3235 τὸν
3283 3182 3341 3236 δὲ
3386 3181 3616 3235 θάνατον
3666 3181 3833 3249 ζωήν.
3885 3185 3997 3236 Καὶ

768 3288 932 3330 tatem
985 3286 1040 3330 et
1089 3275 1408 3344 potentiam,
1449 3273 1579 3342 quin
1615 3271 1772 3324 ﬁdem
1826 3286 2043 3340 quoque
2072 3279 2127 3323 et
2176 3269 2319 3321 desi-

766 3370 1002 3427 derium,
1038 3380 1150 3433 quo
1178 3380 1302 3433 erga
1336 3363 1486 3416 illum
1524 3362 1867 3417 tenebantur.
1902 3360 1975 3413 Eo
1999 3361 2142 3413 enim
2175 3358 2321 3427 quod

765 3460 897 3514 Salvi
938 3468 993 3512 et
1052 3457 1204 3511 illaasi
1251 3463 1601 3509 servarentur
1653 3462 1917 3522 martyres
1951 3452 2175 3517 Christi,
2230 3467 2324 3520 ap-

768 3549 992 3619 parebat
1028 3548 1272 3616 potentia
1327 3554 1381 3599 et
1433 3546 1723 3599 divinitas:
1774 3560 1868 3612 per
1908 3552 2139 3597 mortem
2192 3558 2323 3595 vero

766 3657 929 3705 quam
956 3639 1322 3701 sustinebant,
1356 3638 1572 3691 illorum
1608 3636 1661 3690 in
1707 3636 1983 3689 Christum
2019 3635 2150 3689 ﬁdes
2208 3634 2326 3687 elu-

770 3733 928 3785 cebat
976 3742 1031 3785 et
1082 3728 1339 3791 charitas,
1390 3728 1845 3797 quemadmodum
1888 3735 2071 3795 postea
2110 3726 2326 3793 planius

770 3823 1260 3878 demoustrabitur.
1280 3820 1510 3889 Insignis
1527 3820 1669 3873 enim
1693 3818 2017 3871 certantium
2041 3816 2322 3879 fortitudo,

768 3928 824 3972 ct
854 3920 1043 3969 horum
1075 3914 1209 3967 ﬁdes
1239 3916 1409 3966 instar
1437 3912 1568 3965 facis
1595 3910 1853 3980 fulgebat.
1891 3909 1991 3974 Qui
2021 3909 2167 3964 enim
2202 3908 2326 3961 illos

768 4010 1022 4062 servabat
1071 4006 1269 4059 illaesos
1311 4021 1376 4058 ex
1432 4003 1630 4056 talibus
1688 4001 1959 4070 tantisque
2015 4000 2324 4065 tormentis,

771 4107 988 4170 poterat
1009 4097 1252 4161 omniuo,
1277 4110 1342 4149 ne
1368 4104 1727 4155 morerentur,
1752 4092 1986 4146 efﬁcere.
2014 4091 2119 4145 Sed
2139 4106 2327 4160 quem-

770 4191 1061 4245 anlmodum
1108 4190 1160 4241 in
1193 4188 1412 4257 proprio
1442 4201 1669 4254 corpore
1703 4184 1955 4239 Christus
1984 4183 2129 4243 fecit,
2162 4194 2221 4236 ut
2260 4182 2326 4237 ad

774 4283 946 4335 solata
989 4296 1093 4349 qua
1128 4279 1385 4333 llebrzeos
1437 4276 1781 4345 compellavit
1817 4274 2328 4341 interrogationem,

770 4376 941 4442 Quem
995 4371 1276 4441 quaeritis?
1325 4385 1516 4423 omnes
1546 4370 1930 4424 conciderent:
1984 4381 2215 4435 cumque
2261 4364 2329 4418 ad

770 4466 989 4519 eosdem
1024 4463 1249 4525 diceret,
1284 4461 1457 4514 Sinite
1494 4460 1593 4513 hos
1620 4460 1792 4521 abire,
1828 4458 2113 4527 discipulis
2140 4454 2330 4511 dimis-

2425 3276 2694 3329 ἐδείκνυεν
2729 3277 2755 3326 ό
2788 3275 3021 3341 Χριστὸς
3060 3274 3147 3327 διὰ
3188 3274 3296 3326 τῶν
3342 3274 3634 3343 μαρτύρων
3682 3275 3782 3344 τὴν
3825 3276 3996 3329 αὐτοῦ

2426 3367 2655 3435 θεότητά
2681 3383 2739 3417 τε
2766 3368 2858 3418 καὶ
2889 3365 3138 3433 δύναμιν,
3160 3366 3296 3418 ἀλλὰ
3321 3367 3413 3417 καὶ
3440 3366 3537 3437 τὴν
3568 3367 3748 3419 πίστιν
3780 3367 3877 3419 καὶ
3905 3367 3996 3419 τὸν

2426 3456 2587 3508 πόθον
2614 3455 2814 3519 αὐτῶν,
2840 3454 2899 3507 ὃν
2926 3450 3069 3525 εἶχον
3098 3456 3178 3517 είς
3208 3455 3391 3508 αὐτόν.
3426 3456 3524 3508 Διὰ
3555 3456 3655 3525 μὲν
3681 3452 3777 3508 οῦν
3808 3458 3869 3509 τὸ
3895 3475 3997 3523 φυ-

2424 3549 2716 3604 λάσσεσθαι
2748 3550 2923 3611 σώους
2957 3551 3051 3601 καὶ
3079 3548 3335 3611 ἀϐλαϐεῖς
3360 3550 3488 3611 τοὺς
3519 3551 3803 3619 μάρτυρας
3831 3552 3996 3616 ἐφαί-

2424 3658 2544 3695 νετο
2596 3643 2629 3710 ἡ
2668 3639 2761 3692 τοῦ
2819 3638 3055 3709 Χριστοῦ
3109 3640 3337 3709 δύναμις
3375 3642 3469 3692 καὶ
3523 3640 3737 3709 θεότης,
3795 3641 3891 3695 διὸ.
3942 3643 3998 3694 δὲ

2425 3732 2519 3784 τοῦ
2572 3730 2803 3784 θανάτου
2858 3730 2919 3781 ὃν
2966 3730 3333 3799 ἀπέθνησκον,
3368 3731 3677 3783 ἐδεικνύετο
3725 3732 3759 3799 ἡ
3796 3732 3879 3793 είς
3912 3738 4004 3784 τὸν

2427 3823 2661 3892 Χριστὸν
2696 3823 2879 3881 πίστις
2909 3838 2968 3873 τε
3016 3823 3109 3873 καὶ
3153 3821 3343 3890 ἀγάπη
3377 3822 3572 3881 αὐτῶν.
3606 3822 3682 3882 ὡς
3718 3821 3788 3873 ἂν
3820 3820 4012 3874 ἐντεῦ-

2427 3917 2518 3967 θεν
2559 3914 2664 3966 ἀπὸ
2693 3914 2881 3965 τούτου
2908 3913 3091 3980 δειχθῇ
3124 3914 3203 3964 ἔτι
3239 3912 3624 3982 καθαρώτερον
3654 3913 3715 3965 τὸ
3747 3913 4004 3981 δοκίμτοι

2427 4007 2521 4073 τῆς
2577 4004 2829 4072 ἀνδρείας
2883 4004 2994 4055 τῶν
3046 4002 3488 4073 ἀγωνιζομένων,
3545 4007 3641 4056 καὶ
3700 4005 3732 4073 ἡ
3794 4006 4009 4056 τούτων

2430 4099 2612 4158 πίστις
2669 4096 2741 4158 ὠς
2816 4096 3023 4163 πυρσὸς
3095 4095 3412 4168 ἀναλάμψει.
3476 4096 3537 4150 ’0
3592 4097 3699 4165 γὶρ
3755 4097 4007 4163 φυλάξας

2430 4187 2627 4245 αὐτοὺς
2676 4184 2933 4247 ἀϐλαϐεῖς
2977 4188 3040 4237 ἐκ
3093 4184 3202 4237 τῶν
3251 4185 3522 4237 τοσούτων
3581 4187 3675 4238 καὶ
3727 4186 3997 4238 τοιούτων

2431 4279 2799 4347 πειρατηρίων
2845 4277 3075 4345 ἠδύνατο
3118 4278 3333 4338 πάντως
3372 4280 3595 4346 ποιῆσαι
3630 4278 3715 4328 ἵνα
3746 4278 3825 4345 μὴ
3868 4281 4007 4331 ἀπο-

2432 4372 2689 4424 θάνωσιν.
2725 4368 2867 4424 Ἀλλ’
2896 4367 3086 4439 ὥσπερ
3116 4371 3173 4422 ἐν
3202 4369 3278 4437 τῷ
3312 4368 3426 4438 ίδίῳ
3454 4369 3665 4437 σώματι
3695 4368 4006 4436 πεποίηκεν

2435 4466 2463 4515 ὁ
2509 4445 2773 4534 Χριστὸς,
2834 4459 2917 4511 ὅτι
2966 4458 3055 4510 διὰ
3114 4455 3283 4525 μόνης
3337 4455 3473 4525 πρὸς
3526 4456 3651 4518 τοὺς
3712 4455 4011 4524 Ἐϐραίους

773 4561 869 4621 sis,
899 4573 954 4610 se
984 4556 1259 4610 Christum
1291 4554 1499 4607 scilicet
1520 4552 2023 4621 apprehemlerent:
2058 4551 2218 4614 sicut,
2246 4550 2331 4603 in-
2358 4546 2411 4606 D

2358 4546 2776 4625 Βὲρωτήσεως,
2820 4552 2901 4604 ὃτι
2950 4550 3091 4603 Τρίνα
3137 4549 3382 4617 ζητεῖτε,
3434 4547 3737 4616 εὑρέθησαν
3804 4549 4010 4610 πάντες

772 4663 957 4715 quant,
994 4646 1044 4697 in
1076 4644 1179 4697 hoc
1208 4643 1449 4711 potentia
1491 4642 1650 4695 simul
1684 4650 1739 4695 et
1774 4641 2023 4694 voluntas
2054 4641 2199 4694 illius
2232 4655 2329 4708 ap-

771 4738 972 4808 paruit,
999 4738 1069 4789 ita
1099 4737 1261 4789 etiam
1291 4734 1473 4789 evenit
1502 4734 1555 4786 in
1590 4734 1936 4803 martyribus.
1966 4732 2333 4786 Servabantur

773 4830 919 4883 enim
953 4828 1126 4891 illaesi,
1174 4826 1356 4879 divina
1387 4827 1589 4879 virtute
1623 4833 1677 4877 et
1724 4824 1984 4893 potentia,
2038 4823 2089 4876 in
2124 4822 2333 4890 magnis

774 4921 953 4989 pmds
974 4927 1027 4970 et
1050 4917 1361 4971 tormentis:
1386 4916 1737 4968 nihilominus
1762 4924 1941 4968 tamen
1966 4914 2164 4967 mortui
2184 4923 2330 4978 sunt,

774 5018 834 5061 ut
862 5009 1080 5061 illorum
1112 5007 1165 5059 in
1195 5007 1467 5060 Christum
1500 5007 1631 5059 ﬁdes
1657 5016 1960 5074 appareret,
1981 5012 2035 5056 et
2060 5004 2327 5066 viverent,

776 5103 828 5153 in
854 5110 1116 5151 :eternum
1147 5098 1308 5151 vitam
1337 5114 1465 5152 vere
1501 5098 1710 5151 beatam
1741 5106 1795 5150 et
1827 5097 2206 5150 immortalem.
2239 5097 2333 5149 llis

778 5194 941 5255 igitur
976 5192 1124 5249 visis.
1159 5193 1250 5260 qui
1308 5190 1468 5245 idolis
1493 5192 1824 5254 serviebant,
1865 5202 1919 5244 et
1970 5192 2333 5259 intelligentes

775 5283 934 5336 simul
972 5299 1135 5351 opera
1171 5299 1289 5337 esse
1345 5284 1465 5351 plus
1504 5300 1661 5351 quam
1697 5284 1985 5345 naturalia,
2023 5299 2144 5352 quae
2194 5284 2333 5336 Deus

777 5371 1032 5423 nimirum
1067 5382 1407 5438 operaretur.
1465 5375 1713 5426 conversi
1758 5382 1885 5425 sunt
1936 5386 2123 5425 oumcs
2157 5386 2329 5439 reges,

773 5478 965 5515 omnes
992 5462 1270 5529 praesides.
1316 5478 1503 5515 omnes
1553 5464 1785 5532 tyranni,
1822 5464 2071 5517 universa
2099 5462 2331 5529 denique

776 5554 1067 5604 multitudo
1118 5562 1314 5606 terram
1352 5569 1604 5622 mareque
1665 5554 1994 5615 inhabitans,
2053 5554 2328 5607 Cliristum

772 5646 1087 5706 «voluerunt,
1140 5645 1372 5698 confessi
1412 5655 1537 5698 sunt
1571 5655 1625 5699 et
1653 5646 2007 5700 crediderunt
2051 5645 2195 5699 hunc
2238 5646 2328 5698 Fi-

776 5736 906 5786 lium
960 5735 1075 5799 Dei,
1123 5744 1177 5787 et
1228 5736 1394 5789 Deum
1438 5753 1623 5789 verum
1653 5754 1808 5791 esse:
1848 5748 1901 5789 et
1939 5737 2215 5805 impletum
2248 5746 2329 5788 c~t

779 5828 991 5881 invidis
1020 5829 1355 5899 aliorumque
1381 5831 1760 5900 prophetarum
1788 5832 2084 5893 mucidum,
2118 5833 2323 5883 dieus'

2436 4647 2726 4706 πεσόντεςο
2780 4643 2868 4696 διὰ
2924 4640 2980 4693 δὲ
3029 4640 3090 4693 τὸ
3140 4641 3316 4691 εἰπεῖν
3373 4638 3557 4699 αὐτοῖς
3608 4638 3691 4689 ὅτι
3734 4655 3753 4687 ι
3799 4640 4007 4705 Ἄφετε

2434 4724 2975 4801 τούτους“’ὑπάγειν,
3039 4750 3058 4782 ι
3118 4730 3336 4799 ἀφῆκαν
3392 4730 3518 4790 τοὺς
3577 4728 3853 4797 μαθητάς.
3911 4729 4008 4780 καὶ

2435 4827 2744 4899 παρέλαϐον
2781 4826 2871 4877 τὸν
2908 4822 3144 4893 Χριστόν
3168 4837 3184 4852 ·
3218 4822 3311 4874 καὶ
3359 4819 3433 4882 ὡς
3489 4820 3544 4870 ἐν
3596 4817 3782 4887 ταυτῷ
3829 4819 4005 4886 ἐφάνη

2434 4923 2524 4974 καὶ
2561 4920 2850 4989 ήδῦναμις
2898 4914 3061 4967 αὑτοῦ
3112 4914 3205 4964 καὶ
3240 4913 3273 4979 ἠ
3314 4911 3558 4978 θέλησις,
3587 4908 3730 4960 οὕτω
3781 4910 3878 4960 καὶ
3912 4912 4006 4959 ἐπὶ

2431 5012 2539 5064 τῶν
2600 5007 2919 5079 μαρτύρων.
2975 5004 3372 5071 Ἐφυλάσσοντο
3425 5000 3525 5069 μὲν
3579 4998 3685 5068 γάρ
3742 4999 4005 5060 ἀϐλαϐεῖς

2434 5102 2539 5155 ὑπὸ
2594 5100 2693 5169 τῆς
2744 5098 2893 5157 θείας
2948 5096 3232 5164 δυνάμεως
3284 5094 3376 5145 καὶ⁵
3427 5092 3674 5157 ἐξουσίας
3729 5091 3843 5143 ἀπὸ
3893 5092 4004 5143 τῶν

2436 5194 2687 5262 μεγάλων
2735 5188 3014 5257 τιμωριῶν
3065 5187 3158 5239 καὶ
3211 5185 3498 5254 βασάνων·
3550 5181 3898 5250 ἀπέθνησκον
3947 5184 4003 5235 δὲ

2430 5286 2597 5353 ὅμως,
2624 5282 2710 5333 ἵνα
2751 5282 2893 5347 φανῇ
2929 5279 2960 5346 ἡ
3007 5278 3086 5337 είς
3134 5276 3223 5327 τὸν
3272 5275 3508 5342 Χριστὸν
3551 5272 3733 5334 πίστις
3789 5272 3995 5335 αὐτῶν,

2431 5376 2526 5428 καὶ
2572 5375 2737 5438 ζῶσιν
2787 5374 2865 5433 είς
2915 5368 3253 5437 ἀπεράντους
3306 5365 3509 5426 αἰῶνας
3552 5363 3648 5432 τὴν
3682 5364 3855 5423 ὅντως
3898 5381 4001 5431 μα-

2432 5466 2630 5535 καρίαν
2679 5462 2823 5532 ζωὴν
2861 5463 2955 5513 καὶ
2996 5460 3281 5513 ἀθάνατον.
3327 5456 3515 5509 Ταῦτα
3560 5455 3736 5508 πάντα
3796 5454 4000 5515 ἰδόντες

2430 5560 2478 5610 oi
2512 5553 2946 5625 προσκυνοῦντες
2975 5553 3086 5612 τοῖς
3127 5548 3389 5613 εἰδώλοις,
3421 5547 3519 5600 καὶ
3552 5545 4001 5612 κατανοήσαντες

2430 5651 2511 5701 ὅτι
2543 5650 2608 5701 τὰ
2640 5647 2900 5715 γινόμενα
2926 5643 3026 5696 οὐκ
3056 5640 3163 5693 eici.
3200 5641 3433 5709 φυσικῆς
3460 5637 3784 5698 ἀκολουθίας
3829 5636 3997 5705 ἔργα,

2429 5740 2543 5793 ἀλλ’
2601 5738 2739 5807 ὑπὲρ
2806 5736 2967 5804 φύσιν
3033 5734 3162 5797 εἰσὶ,
3212 5734 3305 5787 καὶ
3361 5731 3492 5793 Θεός
3548 5731 3694 5782 ἐστιν
3749 5728 3777 5779 ὀ
3817 5729 4001 5781 ταῦτα

2431 5830 2686 5900 ἐνεργῶν,
2721 5829 3173 5898 μετεστράφησαν
3224 5826 3423 5887 πάντες
3465 5825 3511 5875 ot
3559 5821 3825 5890 βασιλεῖς,
3860 5820 4001 5873 παν·
