4204 6444
190 437 301 499 505

1138 454 1432 513 CONTRA
1481 458 1968 523 ΜΑΗΟΜΕΤΕΜ
2008 466 2380 530 APOLOGIA
2426 473 2534 534 ιιι.

3327 477 3429 539 506

188 575 279 618 τες
345 565 393 609 οἱ
464 565 757 629 τοπάρχαι,
817 565 1014 629 πάντες
1062 572 1108 621 οἱ
1162 571 1440 639 τύραννοι,
1500 576 1645 628 ἆπαν
1708 579 1751 629 τὶ

1825 589 1837 635 ι
1876 600 1893 629 σ
1923 586 2241 642 Adorabunt
2269 604 2393 641 cum
2425 604 2614 644 omnes
2659 606 2813 661 reges
2867 604 3045 653 terrm.
3078 609 3269 649 omnes
3303 612 3435 663 gen-

190 648 404 715 πλῆθος
432 651 530 717 τῆς
575 656 680 720 γῆς
726 659 819 708 καὶ
869 657 1168 729 Θαλάσσης,
1203 666 1295 716 καὶ
1342 669 1760 738 προσεκύνησαν

189 744 289 792 καί
320 742 677 813 ὡμολόγησαν
721 750 813 799 καὶ
845 750 1176 805 ἐπίστευσαν
1213 755 1293 806 ὅτι
1330 756 1453 819 Υἱὸς
1489 759 1584 810 τοῦ
1624 758 1759 810 Θειιῦ

189 832 287 883 καὶ
313 832 447 894 Θεὸς
475 834 727 905 ἀληθινός
773 842 922 894 ἐστιν
961 844 987 896 ὀ
1014 845 1273 913 Χριστός.
1309 848 1419 901 Καὶ
1466 849 1759 919 ἐπληρώθη

188 925 223 990 ὴ
273 924 368 976 τοῦ
420 927 582 980 Δαϐὶδ
634 933 962 1001 προφητεία,
1010 936 1141 989 ἀλλὰ
1173 938 1236 1009 δὴ
1287 939 1379 991 καὶ
1421 941 1527 993 τῶν
1558 942 1763 1010 ἑτέρων

188 1017 514 1103 προφητῶν,
547 1022 579 1089 ἡ
613 1020 867 1089 λέγουσα,
908 1027 988 1077 ὄτι
1027 1047 1044 1078 ι
1100 1030 1574 1100 Προσκυνήσουσιν
1613 1033 1761 1103 αύτῷ

188 1102 396 1164 πάντες
423 1105 473 1155 οῖ
504 1105 741 1172 βασιλεῖς
776 1109 874 1178 τῆς
919 1113 1043 1181 γῆς,
1078 1117 1257 1170 πάντα
1286 1118 1355 1170 τὰ
1390 1119 1516 1187 ἔθνη
1545 1102 1760 1172 δουλεύὲ

190 1210 378 1247 σουσιν
408 1197 577 1265 αὐτῷ,
606 1200 781 1252 πάντα
826 1204 892 1255 τὰ
942 1204 1067 1273 ἔθνη
1117 1209 1482 1277 μακαριοῦσίν
1513 1213 1694 1264 αὐτόν.
1736 1233 1753 1265 ι

202 1278 332 1331 Ἐὰν
379 1282 435 1333 δὲ
485 1284 848 1351 εὑρίσκωνται
885 1293 980 1342 καὶ
1008 1294 1172 1356 τινὲς,
1206 1298 1253 1348 οἱ
1289 1298 1363 1366 μὴ
1412 1299 1761 1361 πιστεύοντες

186 1372 280 1422 τὸν
335 1374 571 1443 Χριστὸν
627 1377 711 1429 ὅτι
764 1381 911 1434 ἐστὶν
974 1384 1101 1446 Υἱὸς
1159 1386 1316 1451 Θεοῦ,
1368 1391 1428 1441 οὐ
1468 1392 1554 1443 διὰ
1604 1391 1762 1444 τοῦτο

186 1458 491 1525 ἐψεύσαντο
522 1466 571 1516 οἱ
598 1467 895 1535 προφῆται,
924 1471 1038 1523 ἀλλ’
1072 1473 1262 1544 ὥσπερ
1291 1477 1388 1544 μὲν
1417 1478 1567 1547 ἥλιος
1602 1480 1759 1547 λέγε-

182 1566 277 1602 ται
341 1554 598 1619 φωτίζειν
667 1560 844 1611 πᾶσαν
895 1562 996 1632 τὴν
1037 1566 1384 1637 οἰκουμένην,
1434 1573 1529 1622 καὶ
1587 1570 1760 1635 οὖῖως

185 1644 298 1708 γάρ
330 1644 499 1703 ἐστιν.
529 1647 577 1698 oi
607 1648 663 1700 δὲ
695 1650 1094 1720 τυφλώττοντες
1120 1658 1208 1709 τὸν
1234 1658 1386 1727 ἥλιον
1413 1661 1509 1731 οὐχ
1532 1663 1756 1731 ὀρσῦσιν,

183 1733 313 1784 οὕτε
350 1738 457 1803 μὴν
480 1740 803 1805 φωτίζονται
830 1745 960 1813 παρ’
993 1748 1176 1804 αὑτοῦ.
1211 1750 1355 1804 οὕτω
1385 1754 1479 1807 καὶ
1528 1756 1620 1805 ἐπὶ
1663 1754 1758 1807 τοῦ

186 1820 451 1890 Χριστοῦ,
484 1828 681 1891 πάντες
737 1833 784 1883 οῖ
832 1833 1071 1900 βασιλεῖς
1101 1837 1200 1904 τῆς
1246 1840 1372 1908 γῆς,
1402 1843 1495 1896 καὶ
1532 1846 1682 1897 πᾶσα
1723 1847 1756 1915 ἡ

181 1916 479 1986 οἰκουμένη
532 1923 939 1992 προσεκύνησεν
1012 1929 1194 1999 αὐτῷ,
1256 1934 1350 1986 καὶ
1406 1934 1536 1988 Θεὸν
1590 1938 1753 1990 αὐτὸν
1791 1907 1830 1959 Β

182 2004 576 2098 ὡμολόγησεν·
626 2013 677 2064 οῖ
740 2014 795 2067 δὲ
854 2016 928 2085 μὴ
985 2023 1420 2091 προσκυνοῦντες
1476 2028 1660 2092 αὑτὸν,
1722 2029 1754 2098 ἢ

185 2097 454 2190 πρότερον
509 2101 609 2169 μὲν
668 2111 1179 2179 προσκυνήσαντες,
1239 2115 1461 2186 ὕστερον
1496 2097 1756 2190 δὲζμεταέ

187 2189 517 2258 μεὶηθέντες
598 2199 689 2247 καὶ
774 2198 1095 2265 agam-ns,-
1164 2204 1406 2275 δόγματα
1481 2189 1753 2281 ἀσεϐείας,

182 2282 309 2333 τότε
342 2282 427 2334 ἶνα
456 2284 621 2351 γνῶσι
651 2288 751 2357 τὴν
788 2290 1070 2359 ἀλήθειαν,
1102 2296 1229 2349 ὅταν
1267 2300 1366 2351 οὐκ
1404 2299 1751 2371 maneam.

186 2373 347 2439 11ὦς;
383 2377 503 2429 Ἔτι
549 2378 656 2441 ζῶν
705 2383 811 2445 πᾶς
845 2385 1131 2455 ἄνθρωπος
1180 2395 1325 2443 ποιεῖ
1376 2398 1469 2446 καὶ
1523 2398 1753 2465 πράττει

183 2464 319 2531 περὶ
366 2466 530 2519 αὐτοῦ
595 2466 694 2521 ὅσα
751 2469 1001 2539 βούλεται
1065 2479 1161 2531 καὶ
1220 2464 1587 2553 προαιρεῖται,
1644 2486 1751 2538 εἴτε

182 2556 326 2622 ἔργα
358 2558 438 2618 εἰς
472 2561 746 2627 σωτηρίαν
800 2565 989 2629 αὑτοῦ,
1034 2567 1143 2621 εἴτε
1195 2572 1274 2630 εις
1328 2573 1627 2643 καταδίκην
1660 2578 1754 2630 καὶ

184 2642 430 2697 κύλασιν.
464 2647 737 2700 Μετάνοια
775 2649 831 2701 δὲ
879 2652 978 2704 οὐκ
1008 2652 1120 2706 ἔστι
1153 2658 1290 2724 μετὰ
1334 2642 1593 2713 Θάνατον(
1629 2662 1752 2715 Ἐὰν

180 2735 316 2800 γοῦν
356 2735 406 2786 οῖ
453 2735 527 2805 μὴ
566 2742 911 2804 πιστεύοντες
958 2745 1038 2806 εις
1096 2746 1189 2797 τὸν
1242 2750 1475 2818 Χριστὶν
1526 2752 1753 2808 ἔλθωσιν

179 2826 261 2885 εἰς
325 2826 579 2896 αἴσθησιν
652 2830 746 2883 τοῦ
818 2832 1007 2898 καλοῦ,
1065 2839 1158 2889 καὶ
1233 2841 1600 2895 πιστεύσωσιν
1674 2847 1751 2907 εἰς

178 2918 365 2979 αὑτὸν,
404 2919 511 2971 ἰδοὺ
542 2916 697 2991 εὖρον
723 2922 818 2993 τὴν
851 2927 949 2994 τῆς
982 2927 1239 2996 ἀληθείας
1287 2931 1424 2994 ὁδὸν,
1460 2934 1550 2986 καὶ
1590 2935 1753 3005 ὲκληο

179 3008 495 3077 ρο·λόμησαν
540 3013 638 3080 τὴν
672 3016 946 3084 σωτηρίαν
991 3019 1190 3074 αὐτῶν.
1236 3022 1295 3073 ΕΞ
1329 3021 1375 3075 δ’
1408 3025 1487 3077 ἑτι
1536 3026 1751 3094 ἐπιμεί-

176 3117 310 3150 νωσι
370 3104 434 3169 τῇ
491 3104 711 3173 ἀσεϐείᾳ
769 3107 969 3171 αὐτῶν,
1001 3111 1061 3162 τὸ
1111 3113 1236 3179 ἑξῆς
1287 3115 1314 3166 ό
1355 3116 1490 3168 νοῶν
1534 3120 1745 3174 νοείτω.

188 3190 356 3243 {il/.31
406 3194 498 3245 καὶ
552 3196 715 3248 Δαϐὶδ
762 3199 922 3252 πάλιν
970 3202 1170 3256 οὑτωσί
1206 3222 1358 3274 φησι,
1406 3227 1423 3259 ι
1464 3211 1648 3263 Πάντα
1681 3213 1748 3266 τὰ

182 3284 339 3351 ἔθνη.
360 3287 664 3355 κροτήσατε
692 3291 900 3358 χεῖρας,
931 3292 1228 3358 ἁλαλάξατε
1261 3296 1337 3364 τῷ
1366 3298 1483 3368 Θεῷ
1513 3303 1569 3353 ὲν
1598 3307 1747 3375 φωνῇ

173 3376 574 3443 ἀγαλλιάσεως,
618 3380 697 3431 ὅτι
749 3382 950 3452 Κύριος
1001 3385 1240 3455 ὕψιστος,
1297 3392 1545 3461 φοϐερὸς,
1593 3394 1751 3463 βασι-

171 3468 302 3526 λεὺς
346 3470 515 3537 μέγας
570 3472 662 3523 ἐπὶ
718 3474 898 3527 πᾶσαν
943 3477 1041 3545 τὴν
1083 3480 1203 3546 γῆν.
1237 3481 1480 3535 Ψὰλλετε
1515 3486 1591 3554 τῷ
1622 3486 1741 3558 Θεῷ

171 3561 356 3630 ἡμῶν.
408 3560 657 3630 ψάλλετε.
711 3565 953 3620 Ψάλλετε
1013 3568 1089 3638 τῷ
1147 3570 1361 3641 βασιλεῖ
1404 3577 1581 3645 ἡμῶν,
1613 3577 1746 3644 ψάλ-

170 3654 316 3716 λετε,
356 3655 438 3706 ὅτι
485 3653 737 3731 βασιλεὺς
786 3658 962 3727 πάσης
1004 3662 1103 3728 τῆς
1132 3663 1232 3731 γῆς
1262 3668 1287 3716 ὀ
1313 3664 1465 3727 Θεός.
1499 3668 1746 3721 Ψάλλετε

172 3744 436 3806 συνετῶς,
466 3746 815 3801 ἐϐασίλευσεν
850 3754 874 3803 ὁ
910 3752 1040 3814 Θεὸς
1072 3756 1162 3807 ἐπὶ
1203 3756 1269 3808 τὰ
1313 3757 1465 3826 ἔθνη.
1511 3759 1567 3811 'O
1612 3760 1745 3824 Θεὸς

170 3835 412 3904 κάθηται
466 3838 556 3889 ἐπὶ
610 3838 799 3907 ορόνου
842 3842 1001 3907 ἁγίου
1044 3844 1230 3897 αὐτοῦ.
1270 3848 1562 3916 Ἄρχοντες
1602 3850 1747 3904 λαῶν

170 3927 523 3996 συνήχθησαν
567 3941 706 3999 μετα
733 3932 825 3985 τοῦ
854 3934 1285 4006 ΘεοῦἈϐραὰμ.
1332 3941 1453 3991 Ὅτι
1483 3942 1576 3994 τοῦ
1609 3943 1743 3996 Θεοῦ

166 4022 216 4071 οἱ
278 4021 535 4087 κραταιοὶ
588 4023 687 4091 τῆς
745 4025 849 4093 γῆς
905 4027 1111 4094 σερόδρα
1160 4029 1506 4098 ἐπήρθησαν.
1560 4051 1578 4083 ι
1633 4034 1745 4094 Καὶ

167 4114 370 4164 σκόπει
425 4113 667 4183 ἀκριϐῶς
714 4114 781 4168 τὰ
830 4117 1117 4184 λεγόμενα,
1166 4138 1185 4171 ι
1244 4122 1427 4174 Πάντα
1480 4124 1738 4196 suom,

167 4206 476 4273 κροτήσατε
505 4208 713 4274 χεῖρας,
748 4208 1048 4273 ἀλαλάξατε
1084 4215 1142 4263 ἐν
1175 4217 1323 4285 φωνῇ
1358 4216 1741 4283 ἀγλλλιάσεως

163 4297 244 4365 τῷ
267 4297 411 4367 Θεῷ.
452 4317 469 4349 ι
503 4300 577 4350 Ού
605 4300 730 4363 τοὺς
774 4301 1060 4365 Ἰουδαίους
1095 4308 1491 4375 προσκαλεῖται
1521 4312 1736 4377 μόνους,

163 4392 225 4442 οὐ
255 4392 384 4450 τοὺς
429 4390 799 4462 Ἰσμαηλίτας,
830 4393 890 4446 οὐ
920 4398 1043 4458 τοὺς
1074 4401 1463 4463 κατοικοῦντας
1490 4402 1549 4453 ἰν
1576 4402 1739 4474 μέρει

163 4480 265 4545 τῆς
298 4479 646 4547 οἰκουμένης,
680 4480 814 4533 ἀλλὰ
842 4483 1023 4534 πᾶσαν
1067 4483 1164 4554 τὴν
1193 4484 1283 4554 ὑφ’
1312 4487 1463 4555 ἥλιον
1497 4506 1741 4559 προσκα-

1868 686 1950 731 tes
1980 680 2220 731 servient
2261 680 2357 742 illi,
2415 694 2607 734 omnes
2667 692 2858 749 gentes
2918 683 3067 735 illum
3106 684 3318 739 beatum
3351 688 3434 739 ιΙῘ·

1863 769 2106 823 ουηι³⁷.ι
2179 769 2398 823 Etiamsi
2462 786 2592 823 vero
2650 774 2870 838 qnidant
2910 775 3282 835 inveniantur.
3336 779 3430 844 qui

1862 860 2141 914 Christum
2175 877 2283 914 non
2319 863 2547 917 credant
2577 864 2770 917 Filium
2810 864 2898 916 Dei
2933 880 3074 927 esse,
3110 882 3216 919 non
3256 877 3434 920 tamen

1864 962 2088 1020 propter
2140 951 2243 1005 hos
2299 955 2591 1021 prophetas
2642 956 2912 1009 mendacii
2954 973 3178 1024 arguere
3212 958 3433 1011 licebit:

1864 1039 1958 1092 sed
1988 1040 2449 1107 quemadmodum
2499 1042 2578 1095 sol
2610 1043 2828 1111 quidem
2883 1053 3056 1097 totum
3088 1045 3275 1097 orbem
3311 1046 3436 1098 illu-

1865 1131 2072 1184 minare
2105 1132 2307 1185 dicitur
2340 1132 2505 1200 (quod
2536 1143 2588 1186 et
2622 1149 2809 1188 revera
2844 1135 2922 1193 fit)
2959 1136 3085 1189 caeci
3124 1144 3302 1188 tmnen
3339 1152 3430 1189 so-

1863 1223 1965 1276 lem
2004 1239 2104 1277 nec
2136 1223 2341 1285 vident,
2377 1239 2475 1278 nec
2509 1224 2577 1276 ah
2597 1225 2699 1277 hoc
2725 1226 3135 1282 illuminantur:
3169 1227 3238 1280 ita
3268 1227 3432 1280 etiam

1867 1317 1920 1369 in
1958 1315 2178 1369 Christo
2240 1316 2376 1369 solet
2432 1317 2675 1370 evenire.
2715 1315 2916 1369 Omnes
2976 1332 3131 1385 reges
3190 1327 3435 1372 tcrraeet

1865 1409 2161 1461 universus
2191 1405 2344 1459 orbis
2400 1406 2768 1459 adoraverunt
2805 1406 2981 1467 illum,
3023 1418 3076 1458 et
3114 1406 3279 1461 Deum
3312 1425 3432 1463 esse

1862 1499 2097 1557 confessi
2130 1509 2293 1562 sunt;
2329 1499 2421 1567 qui
2454 1512 2581 1552 vero
2616 1498 2768 1552 illum
2798 1512 2905 1550 non
2931 1495 3315 1552 adoravernnt.
3346 1501 3430 1552 vel

1862 1592 1954 1661 qtti
2014 1591 2168 1659 prius
2200 1588 2420 1658 quidem
2458 1587 2561 1641 hoc
2607 1587 2832 1640 adorato
2872 1596 3057 1655 postea
3112 1588 3432 1655 pmnitentia

1861 1680 2033 1745 ducti,
2064 1680 2315 1750 dogmata
2346 1680 2465 1749 ejus
2496 1678 2660 1747 impia
2688 1694 2810 1733 esse
2838 1677 3269 1743 aestimaverunt,
3300 1690 3429 1735 ture

1863 1790 1997 1830 sane
2062 1775 2313 1829 veritatis
2368 1774 2680 1843 cognitione
2715 1788 2825 1827 non
2877 1776 3106 1827 multum
3145 1774 3429 1842 juvantnr.

1861 1865 2271 1931 Quamobrem?
2322 1862 2513 1919 Omnis
2542 1864 2688 1917 enim
2726 1864 2888 1917 homo
2921 1864 3051 1918 dum
3084 1866 3235 1925 vivit.
3265 1882 3430 1934 opera

1864 1958 1994 2012 facit
2015 1971 2359 2025 qumcunque
2390 1956 2526 2020 vult,
2553 1964 2608 2009 et
2636 1957 2816 2010 animo
2845 1958 3084 2026 concipit
3117 1966 3227 2012 tam
3259 1959 3321 2011 ad
3344 1973 3434 2012 sa—

1864 2049 2033 2102 lutem
2069 2062 2220 2101 suam
2260 2046 2558 2109 tendentia,
2604 2061 2765 2115 quam
2802 2047 2867 2101 ad
2916 2046 3326 2102 damnationem
3376 2057 3433 2101 ct

1861 2154 2100 2208 poenam.
2141 2137 2483 2193 Poenitentia:
2514 2152 2648 2191 vero
2703 2148 2825 2206 post
2860 2152 3088 2190 mortem
3140 2139 3292 2192 locus
3321 2155 3429 2193 non

1858 2240 1943 2283 est
1996 2229 2263 2299 reliquus.
2321 2228 2376 2282 Si
2414 2228 2574 2296 igitur
2600 2227 2800 2282 Christi
2838 2228 3022 2283 fideles
3056 2230 3107 2282 in
3146 2229 3271 2282 boni
3338 2246 3432 2282 co-

1857 2321 2153 2392 gnitionem
2195 2321 2564 2388 pervenerint,
2591 2328 2645 2374 et
2675 2322 3006 2376 crediderint
3051 2322 3103 2375 in
3133 2320 3333 2390 ipsum.
3359 2337 3428 2374 cn

1857 2414 2185 2466 invenerunt
2216 2394 2463 2465 veritatis
2488 2412 2654 2471 viam,
2679 2425 2734 2465 et
2754 2413 2985 2466 salutem
3008 2428 3158 2464 suam
3192 2412 3429 2480 acquisi-

1855 2513 2089 2569 verunt;
2142 2506 2187 2557 si
2224 2518 2352 2557 vero
2384 2503 2438 2556 in
2477 2504 2761 2571 impietate
2806 2519 2901 2557 sua
2936 2505 3427 2572 perseveraverint,

1856 2596 1986 2665 quid
2017 2596 2084 2651 de
2133 2595 2239 2649 illis
2293 2602 2482 2660 postea
2528 2593 2776 2662 tlat?qui
2815 2593 3093 2661 intelligit,
3136 2594 3427 2663 intelligat.

1854 2687 2021 2741 Porro
2042 2686 2209 2741 David
2234 2700 2446 2740 rursum
2469 2686 2548 2740 sic
2578 2684 2712 2737 dicit
2729 2701 2748 2739 :
2773 2702 2791 2735 ι
2823 2682 3025 2738 Omnes
3041 2693 3250 2752 gentes,
3282 2684 3431 2752 plalt-

1854 2776 1969 2829 dite
2028 2775 2302 2838 tnanibus,
2350 2772 2586 2842 jubilate
2628 2772 2738 2824 Deo
2768 2771 2822 2824 in
2857 2785 2988 2823 voce
3020 2769 3426 2823 exsultationis.

1854 2868 2121 2935 Quoniam
2156 2866 2421 2919 Dominus
2437 2864 2752 2926 altissimus,
2774 2862 3055 2927 terribilis,
3088 2876 3180 2914 rex
3201 2875 3429 2929 magnus

1853 2976 2019 3030 super
2053 2961 2359 3013 univi-rsam
2397 2967 2615 3010 terram.
2648 2955 2866 3009 PSaIIile
2901 2953 3010 3007 Deo
3043 2961 3250 3014 nostro,
3286 2954 3430 3021 psal-

1853 3050 1968 3103 lite.
2001 3049 2221 3104 Psallite
2246 3048 2357 3116 regi
2386 3057 2595 3105 nostro,
2624 3043 2858 3114 psallite.
2889 3042 3155 3108 Quoniam
3188 3057 3282 3094 rex
3306 3041 3427 3093 nni-

1854 3157 2023 3195 versa:
2074 3151 2249 3201 terrae,
2308 3139 2470 3192 Deus.
2524 3135 2746 3190 Psalhte
2793 3134 3111 3204 prudenter.
3155 3132 3426 3201 Regnavit

1776 3258 1819 3315 α
1856 3230 2004 3284 Deus
2038 3242 2204 3297 super
2235 3237 2445 3297 gentes.
2480 3225 2619 3278 lleus
2650 3222 2801 3276 sedet
2838 3237 3002 3290 super
3022 3221 3276 3273 thronum
3303 3234 3426 3273 san-

1852 3334 1997 3378 etum
2039 3335 2230 3383 suum;
2263 3318 2547 3387 principes
2580 3316 2902 3385 populorum
2933 3315 3247 3384 congregati
3296 3320 3424 3366 sunt

1851 3425 1973 3464 cum
2010 3409 2119 3462 Deo
2154 3407 2448 3461 Abraham.
2500 3405 2765 3471 Quoniam
2803 3406 2896 3459 Dei
2936 3404 3110 3459 fortes
3144 3415 3304 3458 terra:
3335 3418 3425 3456 ve-

1853 3501 2135 3555 hementer
2156 3499 2349 3553 elevati
2374 3497 2572 3552 sunt”.
2604 3515 2622 3548 ι
2648 3496 2806 3551 Nunc
2828 3510 2955 3550 vero
2984 3494 3275 3565 diligenter
3300 3508 3421 3561 quce

1850 3591 2111 3644 dicuntur
2145 3588 2488 3657 perpendito.
2521 3604 2537 3637 ι
2568 3585 2771 3641 Omnes
2804 3594 3011 3656 gentes,
3037 3584 3237 3653 inquit,
3269 3582 3423 3653 plau-

1849 3680 1962 3733 dite
1994 3679 2270 3744 ntanibns,
2298 3678 2528 3747 jubilate
2563 3678 2617 3731 in
2652 3691 2784 3730 voce
2816 3674 3196 3731 exsultationis
3231 3674 3358 3728 Deo.
3392 3693 3411 3725 ι

1849 3772 1966 3827 Non
1994 3771 2211 3826 Iudaeos
2235 3769 2381 3824 solos
2399 3768 2650 3827 advocat,
2682 3782 2780 3821 nec
2808 3767 3124 3830 lsmaélitas,
3156 3781 3255 3820 nec
3282 3766 3420 3819 alios

1847 3865 2080 3932 alicuius
2112 3862 2283 3931 partis
2316 3871 2472 3915 terra:
2512 3859 2737 3919 incolas.
2773 3857 2866 3912 sed
2911 3873 3127 3912 omnem
3165 3872 3285 3924 qua:
3316 3856 3420 3911 soli

1849 3957 2097 4025 subiacet
2139 3964 2336 4007 terram
2372 3960 2638 4007 convocat
2671 3954 2737 4003 ad
2777 3950 2917 4003 hanc
2953 3948 3291 4018 spiritualem
3321 3962 3418 4001 ett-

1844 4049 2218 4105 snltationem.
2260 4046 2396 4100 Cum
2453 4044 2599 4098 enim
2633 4043 2790 4106 dicit,
2851 4060 2869 4093 ι
2900 4038 3103 4095 Omnes
3151 4050 3359 4109 gentes,
3394 4056 3413 4089 ι
3447 4066 3463 4079 ι

1846 4142 2055 4196 nullum
2100 4138 2374 4194 hominem
2407 4152 2473 4189 ex
2519 4136 2776 4187 omnibus
2823 4134 2944 4187 istis
2975 4133 3227 4187 exclusit.
3276 4131 3419 4185 Cau-

1845 4246 1940 4286 Sa:
1979 4248 1997 4280 ι
2026 4227 2162 4295 Quia
2187 4228 2449 4281 Dominus
2472 4225 2793 4302 altissimus,
2825 4223 3103 4285 terribilis,
3170 4238 3263 4276 rex
3302 4237 3417 4275 ma-

1843 4337 1984 4392 gnus
2018 4334 2182 4388 super
2211 4318 2523 4373 universam
2559 4325 2779 4371 terram.
2809 4334 2829 4368 ι
2871 4314 2973 4369 Sed
3004 4314 3150 4367 dicat
3178 4312 3373 4380 aliquis
3399 4328 3412 4364 :

1843 4410 2225 4479 Quandonam,
2258 4426 2292 4465 ο
2326 4416 2469 4464 bone
2520 4406 2708 4471 David,
2744 4406 2886 4460 Deus
2921 4419 3027 4458 non
3060 4411 3176 4458 erat
3207 4401 3415 4456 altissi-

1843 4501 1999 4557 mus?
2032 4501 2253 4571 quando
2276 4515 2383 4555 non
2412 4510 2530 4553 erat
2558 4497 2818 4553 terribilis
2842 4506 2897 4551 et
2927 4495 3191 4566 magnus?
3224 4512 3241 4545 ι
3266 4495 3418 4549 Psal—

162 4572 344 4623 λεῖται
374 4571 455 4631 είς
480 4571 683 4640 ταύτην
714 4574 815 4642 τὴν
854 4580 1229 4645 πνευματικὴν
1256 4579 1599 4646 ἀγαλλίασιν.
1649 4583 1737 4635 Ἐν

1841 4594 1936 4649 lite
1972 4594 2082 4647 Deo
2110 4601 2317 4655 nostro,
2352 4591 2583 4661 psallite.
2612 4588 2831 4645 Psallite
2862 4588 2999 4658 Regi
3028 4594 3236 4648 nostro,
3272 4584 3416 4655 psal-

161 4665 276 4731 γὰρ
331 4661 410 4731 τῷ
462 4663 634 4715 εἰπεῖν
686 4681 704 4713 ι
748 4663 927 4718 πάντα
977 4669 1044 4719 τὰ
1105 4666 1257 4737 ἔθνη,
1311 4687 1329 4720 ι
1389 4669 1582 4725 cubem
1634 4674 1741 4727 τῶν

159 4754 474 4823 ἀνθρώπων
503 4755 714 4821 ἀφῆκεν
752 4756 909 4819 ἐκτὸς
930 4757 1039 4811 τῶν
1071 4761 1305 4815 πάντων.
1340 4764 1492 4815 Διατί
1517 4781 1531 4829 ;
1572 4783 1590 4815 ι
1621 4766 1742 4819 Ὅτι

163 4847 377 4915 Κύριος
447 4845 701 4913 ὕψιστος,
759 4847 1018 4918 φοϐερὸς,
1088 4850 1343 4919 βασιλεὺς
1422 4856 1594 4923 μέγας
1648 4858 1742 4909 ἐπὶ

160 4941 351 4990 πᾶσιν
397 4936 495 5007 τὴν
525 4937 647 5005 γῆν.
689 4956 709 4989 ι
764 4938 899 4992 Ἀλλ’
932 4942 1048 5010 ἐρεῖ
1077 4958 1183 5007 τις,
1212 4945 1319 4997 Καὶ
1347 4945 1474 4999 πότε
1501 4947 1599 4998 οὐκ
1620 4943 1688 5015 ἦν
1713 4948 1742 5000 ὁ

157 5030 293 5091 Θεὸς
327 5027 576 5095 ὕψιστος,
614 5020 658 5080 ὦ
707 5030 948 5100 μακάριε
998 5033 1184 5097 Δαϐὶδ,
1214 5036 1307 5087 καὶ
1352 5037 1481 5089 πότε
1541 5039 1638 5091 οὐκ
1668 5034 1735 5109 ἦν

158 5118 395 5188 φοϐερὸς
457 5118 549 5170 καὶ
606 5120 819 5187 μέγας;
851 5139 870 5173 ι
928 5122 1173 5178 Ψάλλετε
1231 5126 1310 5197 τῷ
1374 5128 1493 5197 Θεῷ
1552 5131 1732 5199 ήμῶν,

155 5209 422 5279 ψάλλετε.
476 5209 721 5262 Ψάλλετε
782 5211 861 5281 τῷ
912 5212 1126 5283 βασιλεῖ
1182 5218 1359 5287 ἡμῶν,
1411 5219 1665 5289 ψάλλετε.
1709 5242 1728 5275 ι

168 5300 307 5353 Ἰδοὺ
343 5302 440 5353 καὶ
473 5303 632 5355 πάλιν
664 5303 725 5355 τὸ
754 5304 959 5375 ἄπορον
984 5308 1208 5377 ἄπορον.
1247 5310 1574 5383 Ἐρωτηθεὶς
1603 5316 1734 5369 πότε

156 5394 259 5445 οὐκ
298 5387 370 5460 ἦν
419 5392 448 5445 ὁ
494 5392 625 5458 Θεὸς
686 5394 908 5463 ὕψιστος
958 5398 1050 5451 καὶ
1108 5403 1280 5468 μέγας
1332 5403 1424 5457 καὶ
1480 5407 1731 5476 φοϐερὸς,

155 5484 543 5553 ἀποκρίνεται,
582 5487 663 5538 ὅτι
703 5505 721 5539 ι
758 5488 1003 5542 Ψάλλετε
1028 5491 1106 5561 τῷ
1134 5493 1251 5564 Θεῷ
1273 5496 1448 5564 ἡμῶν,
1477 5497 1728 5566 ψάλλετε,

153 5577 389 5643 ψάλλετε
443 5576 517 5644 τῷ
568 5577 779 5647 βασιλεῖ
802 5581 976 5650 ήμῶν,
1018 5583 1268 5651 ψάλλετε.
1305 5606 1324 5637 ι
1364 5590 1473 5641 Καὶ
1496 5590 1658 5643 πάλιν
1693 5592 1720 5643 ὁ

154 5667 345 5730 Δλϐιδ,
402 5667 484 5719 ὃτι
521 5686 537 5718 ι
585 5669 846 5734 Βασιλεὺς
906 5673 1096 5755 πάσης.
1139 5675 1241 5743 τῆς
1310 5679 1415 5748 γῆς
1484 5683 1512 5733 ὁ
1566 5684 1725 5749 Θεὸς,

260 5845 305 5875 ³⁷
350 5843 463 5898 Pal.
496 5862 639 5915 aut,
678 5849 759 5914 ll,
794 5852 875 5907 12.
975 5853 1018 5885 ³⁸
1059 5854 1200 5912 Psal.
1235 5874 1373 5922 xui,
1410 5863 1443 5915 9.
1482 5880 1633 5931 scoq.

1801 4734 1813 4745 _
1840 4684 1963 4740 lite.
1997 4703 2014 4735 ι
2048 4684 2128 4737 Εη
2168 4684 2325 4738 vides
2370 4683 2458 4737 hic
2492 4682 2640 4736 aliud
2668 4681 2938 4749 explicatu
2992 4678 3287 4742 diﬂicilius,
3319 4677 3411 4745 qui

1846 4791 1961 4830 rem
2011 4774 2451 4845 inexplicabilem
2490 4770 2920 4842 interrogavisti.
2969 4768 3188 4838 quando
3218 4782 3413 4835 nempe

1843 4866 1988 4920 Deus
2035 4882 2141 4921 non
2184 4865 2353 4920 fuerit
2399 4866 2723 4929 altissitnus,
2758 4878 2985 4933 magnus
3015 4873 3073 4915 et
3117 4859 3417 4915 terribilis?

1844 4958 2162 5027 ReSpondet
2206 4961 2380 5022 enim,
2440 4978 2459 5011 ι
2490 4958 2709 5013 Psallite
2761 4958 2874 5012 Deo
2917 4966 3126 5017 nostro,
3176 4953 3409 5024 psallite.

1844 5050 2061 5104 Psallite
2093 5051 2227 5119 Regi
2271 5062 2482 5113 nostro,
2525 5050 2756 5119 psallite.
2789 5068 2808 5101 ι
2865 5048 2932 5103 Ει
2984 5061 3201 5100 rursum
3239 5042 3409 5097 David

1844 5143 2057 5212 inquit:
2097 5162 2114 5195 ι
2148 5142 2415 5209 Quoniam
2451 5158 2544 5197 rex
2576 5141 2845 5197 universa:
2876 5152 3031 5197 terra!
3072 5143 3233 5196 Dens.
3266 5141 3414 5194 Psal-

1842 5233 1940 5289 lite
1971 5233 2291 5302 prudenter.
2329 5235 2595 5303 Regnavit
2640 5234 2784 5288 Deus
2818 5249 2983 5303 super
3022 5242 3228 5302 gentes.
3271 5233 3411 5286 Deus

1840 5326 1997 5381 sedet
2053 5342 2218 5396 super
2269 5328 2525 5381 thronum
2564 5329 2737 5383 sancti
2775 5328 2881 5383 sui.
2922 5328 3202 5397 Principes
3239 5342 3412 5395 popu—

1838 5419 2015 5473 lorum
2042 5421 2351 5491 congregati
2378 5432 2505 5474 sunt
2528 5436 2652 5474 cum
2688 5421 2797 5474 Deo
2822 5422 3113 5474 Abraham.
3138 5417 3407 5483 Quoniam

1836 5509 1932 5564 Dei
1982 5509 2150 5565 fortes
2207 5519 2367 5565 terr-.e
2414 5513 2770 5567 vehementer
2800 5516 3018 5567 exaltati
3053 5523 3200 5568 sunt.
3232 5531 3251 5563 ι
3296 5508 3404 5563 Sed

1836 5614 1984 5654 nunc
2013 5600 2241 5670 agedum
2278 5602 2652 5671 inspiciamus,
2688 5604 2947 5675 quidnam
2982 5604 3087 5660 sibi
3123 5603 3247 5659 velit
3280 5618 3407 5676 pro-

1836 5690 2113 5760 pheticum
2158 5694 2462 5749 oraculum.
