4204 6444
190 462 303 524 509

1148 464 1447 523 CONTRA
1495 462 1979 527 MAIIOMETEM
2017 469 2388 530 APOLOGIA
2435 472 2547 531 ΙΙΙ.

3346 470 3453 535 510

194 575 526 638 στεύσαντος
571 575 664 629 τοῦ
701 575 958 646 Ἀϐραὰμ
1001 576 1076 647 τῷ
1104 576 1243 645 Θεῷ,
1280 578 1539 645 ἐλογίσθη
1582 582 1611 649 ἡ
1649 580 1773 632 τοῦ·

1888 596 2170 636 couversze
2227 583 2431 639 fuerint
2476 585 2541 638 ad
2588 584 2756 639 Deum
2808 600 3022 648 verum,
3070 593 3125 637 et
3171 584 3450 639 Christum

192 686 291 721 του
355 667 537 731 πίστις
584 671 665 730 είς
716 668 1087 737 δικαιοσύνην,
1132 669 1272 722 οὕτω
1322 672 1415 723 καὶ
1467 672 1644 723 πάντα
1700 673 1768 725 τά

192 759 325 827 ἔθνη
386 760 755 811 καταλιπόντα
796 759 856 811 τὸ
910 759 1140 827 πάτριον
1201 759 1399 822 σέϐας,
1463 760 1663 827 μᾶλλον
1712 762 1768 813 δὲ

190 848 427 916 τάληθὲς
486 850 700 910 εἰπεῖν,
752 848 814 900 τὸ
876 849 1107 917 μάταιον
1161 850 1254 902 καὶ
1315 850 1763 918 πεπλανημένον,

190 940 287 989 καὶ
341 942 741 1010 ἐπιστρέψαντι
796 942 887 993 ἐπὶ
935 942 1027 994 τὸν
1078 942 1252 1009 ἀληθῆ
1306 942 1462 1003 Θεὸν,
1498 944 1591 993 καὶ
1640 945 1769 1010 ἐμοι

1875 673 2136 728 (τοιιΐοεειρ
2186 674 2391 729 fuerint
2430 677 2624 730 Filium
2682 677 2771 729 Dei
2820 692 2962 738 esse,
3021 677 3186 729 Deum
3237 693 3447 736 verum,

1877 766 2039 817 etiam
2100 767 2206 819 illis
2260 767 2392 822 lides
2446 767 2510 821 ad
2534 768 2818 837 .justitiatu
2854 768 3218 836 reputabitur.
3282 776 3339 819 ut
3397 778 3450 821 et

1876 855 2121 907 Abralun.
2151 867 2204 910 et
2236 859 2475 910 remissae
2493 870 2617 911 sunt
2638 860 2741 912 illis
2764 874 2954 911 omnes
2983 860 3318 927 iniquitates,
3345 857 3447 909 im-

1877 945 2052 1010 pictas
2085 957 2139 999 et
2175 957 2396 1016 peccata
2428 948 2694 1016 ipsorum.

192 1032 511 1099 λογήσαντα
554 1032 645 1083 τὸν
692 1032 929 1098 Χριστὸν
978 1033 1104 1084 Υξὸν
1154 1030 1313 1094 Θεοῦ,
1381 1033 1476 1085 καὶ
1544 1032 1678 1084 Θεὸν
1744 1032 2020 1098 ἀληθινὸν,
2077 1035 2328 1106 ἐλογίσθη
2382 1040 2474 1089 καὶ
2540 1039 2719 1090 αὐτῶν
2762 1042 2794 1108 ἡ
2846 1039 3031 1101 πίστις
3090 1041 3170 1103 εἰς
3242 1040 3450 1092 δικαιο-

190 1124 386 1193 σύνην,

188 1216 484 1281 ἁμαρτίαι.

262 1312 327 1363 δ’.
366 1312 486 1362 "litt
536 1311 782 1372 εἰπόντος
824 1312 916 1364 τοῦ
949 1310 1082 1363 Θεοῦ
1116 1312 1236 1364 τότε
1260 1311 1336 1381 τῷ
1376 1313 1646 1381 Ἀϐραὰμ,
1686 1313 1767 1364 ὅτι

199 1421 215 1451 ι
262 1402 483 1471 Πατέρα
570 1404 780 1455 πολλῶν
836 1403 1005 1455 ἐθνῶν
1055 1404 1276 1455 τέθεικά
1337 1421 1419 1465 σε,
1460 1423 1477 1455 ι
1537 1405 1627 1456 καὶ
1682 1405 1765 1456 ὅτι

197 1492 337 1542 «Ἐν
363 1491 439 1558 τῷ
468 1492 740 1559 σπέρματί
799 1509 892 1543 σου
952 1492 1407 1560 εὐλογηθήσονται
1466 1493 1643 1544 πάντα
1698 1493 1767 1545 τὰ

190 1580 352 1649 ἔθνη,
386 1600 403 1630 ι
465 1580 805 1647 προκατιδὼν
856 1582 883 1631 ὁ
934 1582 1238 1647 προφήτης,
1293 1581 1374 1633 ὅτι
1431 1582 1552 1633 ὅσον
1614 1582 1769 1634 οῦπω

192 1671 504 1740 πληροῦται
562 1671 589 1722 ὁ
634 1670 769 1739 πρὸς
817 1670 907 1721 τὸν
970 1669 1220 1738 Ἀϐραάμ
1255 1670 1345 1721 τοῦ
1399 1671 1532 1722 Θεοῦ
1590 1672 1767 1736 λόγος,

192 1766 605 1831 ἐπιστραφέντα
670 1765 761 1815 καὶ
818 1763 925 1832 γὰρ
982 1762 1161 1813 πάντα
1211 1763 1278 1813 τὰ
1333 1762 1456 1827 ἔθνη
1510 1762 1770 1827 γεγόνασι

459 1125 649 1192 ὥσπερ
703 1125 780 1194 τῷ
827 1125 1080 1195 Ἀϐραὰμ
1132 1125 1225 1177 καὶ
1270 1126 1573 1194 ἀφείθησαν
1622 1126 1796 1178 πᾶσαι
1835 1129 1890 1180 ai
1934 1129 2159 1197 ἀνομίαι
2212 1129 2413 1196 αὐτῶν,
2499 1132 2673 1184 πᾶσαι
2730 1133 2786 1185 αἱ
2838 1133 3113 1196 ἁσὲϐειαι,
3167 1133 3336 1185 πᾶσαι
3391 1138 3449 1191 αι

1945 1316 1997 1369 4.
2031 1316 2297 1371 Praeterea
2321 1318 2541 1371 dicente
2570 1326 2699 1370 tunc
2728 1317 2839 1369 Dco
2867 1314 2931 1367 ad
2959 1314 3268 1369 Abraham:
3310 1332 3327 1364 ι
3349 1315 3450 1368 Pa-

1876 1416 2012 1461 trem
2037 1409 2327 1462 multarum
2347 1411 2584 1479 gentium
2616 1408 2874 1462 COﬂalillli
2911 1416 2982 1468 te,
3008 1425 3023 1455 ι
3048 1415 3133 1459 et:
3157 1407 3211 1458 in
3237 1406 3446 1458 semine

1877 1510 1968 1553 tuo
2003 1500 2398 1553 benedicentur
2430 1515 2619 1553 omnes
2670 1498 2948 1567 gentes”;
2984 1514 2999 1544 ι
3044 1494 3356 1563 praevidens
3391 1494 3445 1546 id

1875 1590 2096 1659 quidem
2125 1590 2313 1653 David,
2338 1590 2482 1658 quod
2511 1590 2601 1642 Dei
2637 1604 2821 1640 sermo
2852 1588 2916 1640 ad
2945 1587 3219 1641 Abraham
3275 1586 3451 1637 factus

1876 1681 2121 1734 nondum
2151 1682 2411 1749 impletus
2433 1688 2577 1734 esset
2604 1680 2750 1747 (nam
2778 1694 2966 1732 omnes
2987 1687 3175 1746 gentes
3195 1674 3448 1735 ιιώιὶόιιιιι

1875 1786 2169 1833 conversae,
2219 1770 2309 1823 lilii
2355 1769 2583 1823 Abrabte
2615 1767 2735 1824 facti
2768 1772 2947 1834 sunt‘,
2985 1776 3039 1821 et
3080 1765 3223 1835 quod
3261 1774 3452 1833 gentes

190 1854 365 1906 τέκνα
400 1852 495 1905 τοῦ
540 1851 813 1919 Ἀϐρνάμ,
845 1851 939 1905 καὶ
966 1852 1045 1903 ὅτι
1078 1852 1164 1903 διὰ
1196 1852 1290 1919 τῆς
1315 1852 1393 1913 είς
1421 1852 1510 1903 τὸν
1540 1851 1772 1919 Χριστὸν

1885 1873 1980 1927 per
2013 1857 2172 1911 (idem
2205 1858 2256 1911 in
2293 1858 2593 1922 Christum,
2643 1856 2736 1925 qui
2769 1864 2852 1909 est
2887 1832 3070 1908 semen
3100 1832 3336 1905 Abraha:
3366 1865 3451 1903 se-

192 1948 462 2010 πίστεως,
513 1946 570 2005 ὃς
598 1946 714 1995 ἐστι
756 1944 975 2011 σπέρμα
993 1943 1088 1995 τοῦ
1127 1943 1375 2013 ’Λϐραάμ
1400 1945 1540 1996 κατὰ
1576 1945 1770 2013 σάρκα,

193 2038 334 2091 ἀλλὰ
374 2034 439 2104 δὴ
466 2036 555 2088 καὶ
585 2035 749 2089 αὐτοῦ
784 2036 877 2087 τοῦ
900 2035 1063 2086 Δαϐὶδ
1100 2036 1193 2088 καὶ
1222 2034 1482 2102 βασιλέως
1510 2034 1772 2095 σώζονται

192 2131 268 2182 τά
293 2130 448 2197 ἒθνη,
470 2124 778 2189 τόῖηῖπεν,
807 2129 886 2180 ὅτι
910 2143 929 2177 ι
958 2128 1248 2195 Ἄρχοντες
1274 2125 1414 2179 λαῶν
1436 2126 1775 2194 συνήχθησαν

198 2223 345 2289 μετὰ
368 2219 463 2272 τοῦ
494 2218 629 2271 Θεοῦ
664 2218 938 2287 Ἀϐραὰμ,
978 2236 995 2269 ι
1030 2220 1462 2286 ἀναμιμνήσκων
1500 2220 1664 2269 πᾶσιν
1683 2217 1775 2268 ἁν-

195 2314 446 2381 θρςὺποις
484 2311 581 2379 τὴν
654 2310 791 2380 πρὸς
817 2311 908 2363 τὸν
958 2310 1091 2361 Θεὸν
1141 2308 1237 2361 τοῦ
1298 2308 1551 2378 Ἀϐραὰμ
1607 2308 1774 2360 πάλαι

196 2407 598 2475 προσκύνησιν,
627 2407 717 2456 καὶ
767 2405 864 2471 τὴν
903 2404 1009 2455 ἀπὸ
1055 2404 1149 2454 τοῦ
1212 2400 1347 2454 Θεοῦ
1414 2403 1551 2471 πρὸς
1611 2400 1776 2455 αὑτὸν

196 2497 555 2563 ἐπαγγελίαν.
609 2495 715 2547 Καὶ
769 2493 1029 2561 πλησθεὶς
1061 2495 1301 2563 ἀῤῥήτου
1339 2493 1527 2562 ἡδονῆς
1585 2494 1612 2544 ὁ
1641 2489 1775 2563 π’ρο-

198 2588 383 2654 φήτης
442 2587 593 2652 ἔλεγε
620 2626 635 2649 ,
694 2604 712 2635 ι
741 2583 985 2637 Ψάλλετε
1015 2583 1090 2651 τῷ
1141 2582 1261 2653 Θεῷ
1317 2582 1495 2651 ἡμῶν,
1519 2582 1769 2650 ψάλλετε.

197 2679 455 2732 Ψὰλλετε
507 2676 583 2745 τῷ
646 2677 851 2747 βασιλεῖ
909 2675 1088 2746 ἡμῶν,
1152 2674 1408 2743 ψάλλετε.
1470 2675 1653 2727 Πάντα
1706 2673 1775 2725 τά

200 2772 365 2835 ἔθνη,
397 2772 700 2840 κροτήσατε
744 2773 953 2839 χεῖρας.
988 2788 1005 2819 ι
1040 2768 1205 2820 Πάλιν
1230 2768 1283 2820 δὲ
1308 2767 1567 2819 διδάσκων
1599 2768 1772 2829 ἔλεγε,

205 2882 225 2913 ι
270 2864 520 2925 Ψάλλετε
552 2862 807 2922 συνετῶς.
839 2882 855 2911 ι
900 2858 964 2911 Τί
987 2863 1100 2912 ἐστι
1136 2879 1154 2910 ι
1184 2860 1433 2911 Τάλλετε
1465 2856 1699 2916 συνετῶς
1722 2872 1770 2917 ς»

199 2953 1092 3022 Τουτέστινοιτνεχῶς.φρονίμως.
1127 2951 1255 3004 Μετ’
1279 2951 1570 3017 ἑπιστήνης
1606 2948 1775 3014 γνῶτε

201 3052 273 3102 τὰ
300 3050 597 3116 λεγόμενα,
631 3047 806 3112 γνῶτε
846 3046 911 3095 τὰ
974 3044 1345 3112 πραττόμενα.
1379 3041 1470 3111 Μὴ
1533 3042 1773 3107 κροτεῖτε

1879 1948 2120 2002 cundum
2172 1964 2416 2012 carnem,
2467 1949 2557 2017 qui
2608 1957 2664 2002 et
2704 1948 2874 2017 ipsius
2911 1946 3129 2000 Davidis
3178 1945 3320 2014 regis
3364 1950 3453 1996 est

1877 2042 2044 2103 ﬁlius.
2072 2040 2342 2094 salvandse
2374 2051 2577 2105 essent,
2616 2040 2789 2094 dixit:
2839 2058 2856 2090 ι
2890 2038 3175 2107 Principes
3222 2036 3454 2103 populo-

1878 2146 1996 2184 rum
2032 2130 2345 2200 congregati
2378 2140 2507 2183 sunt
2538 2147 2660 2184 cum
2695 2130 2806 2182 Deo
2840 2130 3143 2192 Abraham;
3177 2147 3194 2177 ι
3247 2129 3298 2180 in
3337 2142 3455 2178 mc—

1880 2223 2111 2276 moriam
2150 2238 2413 2276 revocans
2448 2222 2704 2275 omnibus
2738 2222 3056 2274 hominibus
3088 2221 3217 2272 olim
3258 2220 3452 2271 factam

1881 2315 2051 2383 ipsius
2081 2314 2315 2367 Abraha:
2363 2328 2549 2367 coram
2587 2313 2700 2366 Deo
2748 2312 3148 2371 adorationcm.
3175 2320 3230 2365 et
3269 2309 3359 2363 Dei
3390 2310 3454 2361 ad

1876 2404 2030 2459 illum
2068 2404 2526 2474 promissionem:
2563 2411 2618 2456 et
2647 2404 2906 2472 impletus
2936 2404 3209 2470 voluptate
3237 2401 3458 2453 inenar-

1876 2498 2033 2552 rabili
2076 2496 2340 2566 propheta
2385 2495 2563 2549 dixit:
2620 2514 2637 2547 ι
2664 2496 2886 2551 Psallite
2920 2495 3031 2548 Deo
3069 2503 3279 2556 nostro,
3315 2494 3458 2561 psal-

1874 2588 1988 2642 lite.
2037 2587 2255 2641 Psallite
2300 2585 2432 2655 Regi
2468 2594 2682 2651 nostro,
2724 2584 2958 2653 psallite.
2995 2581 3196 2637 Omnes
3224 2591 3415 2652 gentes
3438 2621 3454 2642 ,

1881 2678 2124 2748 plaudite
2180 2677 2511 2730 manibus.»
2577 2675 2785 2729 Deinde
2841 2689 2973 2727 vero
3026 2675 3229 2727 docens
3288 2673 3455 2726 dixit:

1887 2791 1902 2821 ι
1937 2769 2153 2824 Ρςειὶίισ
2189 2766 2511 2835 prudenter.
2545 2786 2563 2817 ι
2601 2765 2873 2831 Quidnam
2910 2765 3013 2817 hoc
3044 2774 3146 2827 est,
3183 2783 3200 2814 ι
3236 2763 3460 2816 Psallite

1866 2862 2222 2933 prudenter?
2252 2880 2270 2913 ›
2326 2859 2382 2912 ld
2421 2869 2525 2922 est,
2561 2858 2805 2922 cordate,
2840 2857 3141 2926 sapienter,
3170 2871 3294 2908 cum
3327 2871 3457 2908 vera

1876 2955 2101 3008 Sz'ientia
2136 2951 2452 3021 cognoscite
2503 2966 2623 3018 quae
2667 2949 2947 3012 dicuntur,
2994 2948 3329 3016 cognoscite,
3370 2945 3458 2999 in-

1876 3059 2059 3112 quam,
2075 3059 2135 3095 ea
2152 3058 2270 3110 quae
2289 3041 2441 3105 tiunt,
2461 3056 2558 3095 nec
2576 3039 2905 3109 complodite
2926 3051 3134 3092 ves:ras
3158 3052 3353 3090 manus
3394 3034 3461 3089 it-

202 3144 304 3203 τὰς
334 3144 522 3209 χεῖρας
572 3138 725 3207 ὑμῶν
781 3138 1034 3205 ἁθὲσμως
1102 3136 1196 3187 καὶ
1255 3134 1521 3195 ἀτάκτως,
1590 3131 1663 3189 ὼς
1715 3134 1773 3183 ἐν

1879 3136 2029 3189 licito
2058 3144 2111 3186 et
2136 3133 2348 3187 turbato
2383 3134 2563 3193 modo,
2614 3132 2740 3185 utin
2765 3128 3255 3183 comessationibus
3282 3127 3461 3181 mani-

204 3236 321 3293 τοῖς
379 3229 699 3297 συμποσίοις
732 3226 985 3296 κροτοῦσι
1041 3226 1141 3288 τάς
1175 3226 1362 3296 χεῖρας
1425 3225 1473 3275 ot
1522 3224 1776 3291 ἄφρονες,

205 3322 346 3373 ἀλλὰ
402 3319 663 3387 μαθόντες
716 3319 877 3371 πόθεν
924 3318 956 3386 ἡ
1010 3318 1155 3385 νίκη,
1203 3315 1425 3383 πόθενὴ
1491 3311 1780 3382 ἐλευθερία

205 3415 376 3465 πιθεν
430 3414 463 3481 ή
522 3412 786 3480 σωτηρία,
848 3411 963 3464 δότε
1026 3409 1440 3477 μεγαλωσύνην,
1520 3405 1638 3462 δότε
1693 3406 1782 3455 εὖ-

203 3499 499 3571 χαριστίαν
540 3500 615 3566 τῷ
667 3498 923 3564 νικοποιῴ
954 3498 1093 3565 Θεῷ·
1132 3515 1151 3548 ι
1185 3496 1502 3566 Κροτήσατε
1540 3494 1636 3552 τὰς
1668 3494 1780 3560 χεῖ-

207 3610 332 3661 ρσς,
368 3592 487 3641 δότε
537 3588 721 3656 φωνὴν
751 3588 1009 3646 αἰνέσεως
1040 3586 1131 3637 καὶ
1149 3585 1520 3649 ἀγαλλιάσεως
1552 3583 1629 3650 τῷ
1659 3579 1776 3647 Θεῷ

204 3682 301 3732 τοῦ
322 3679 595 3747 Ἀϐραάμ,
623 3695 639 3727 ι
664 3676 908 3727 τουτέστι
940 3672 1015 3741 τῷ
1039 3673 1354 3741 γεννηθέντι
1378 3675 1439 3723 ὲκ
1467 3672 1779 3738 σπέρματος

206 3771 302 3825 τοῦ
337 3770 593 3839 ’Δϐραάμ
618 3767 757 3820 κατά
790 3766 988 3835 σάρκα,
1047 3766 1107 3818 ὃν
1154 3764 1427 3834 ἐκήρυξαν
1485 3764 1687 3822 πάντες
1730 3760 1779 3811 οί

206 3861 510 3929 προφῆται,
542 3857 601 3909 ὃν
638 3857 1007 3924 ἀπεφήναντο,
1045 3854 1104 3907 ὃν
1144 3853 1503 3920 ὡμολόγησαν
1538 3850 1672 3901 Θεόν
1720 3865 1780 3901 τε

207 3955 303 4005 καὶ
345 3951 653 4017 ἄνθρωπον,
686 3946 749 4005 ὃς
825 3945 1074 3998 ἐκάθισεν
1108 3944 1197 3996 ἐπὶ
1236 3942 1328 3995 τοῦ
1365 3941 1554 4010 θρόνου
1611 3938 1777 3993 αὑτοῦ

206 4042 303 4094 τοῦ
350 4042 542 4105 ἁγίου,
586 4038 645 4088 ὸν
683 4039 748 4088 ὲκ
794 4035 890 4104 τῆς
948 4034 1109 4098 ἁγίας
1184 4032 1457 4100 Παρθένου
1523 4029 1782 4082 ἀνέλαϐεν

209 4130 357 4196 ὑπὲρ
390 4128 549 4194 φύσιν
578 4125 877 4193 ἄνθρωπον,
904 4140 922 4172 ι
954 4122 1196 4174 Ψάρλετε
1229 4119 1485 4182 συνετῶς.
1520 4137 1538 4169 ι
1579 4118 1784 4184 Ἤγουν

210 4219 491 4285 ἐγκύψατε
513 4217 590 4276 είς
615 4214 671 4266 τὸ
689 4212 849 4280 βάθος
867 4214 972 4264 τῶν
999 4210 1307 4280 νιημάτων,
1325 4210 1459 4261 ἴδετε
1481 4209 1571 4260 τὸν
1592 4208 1649 4259 ἰν
1669 4207 1783 4269 τοῖς

212 4310 576 4379 προφητικοῖς
609 4307 787 4373 λόγοις
814 4302 1261 4373 ἐγκεκρυμμένον
1287 4303 1533 4372 οὐράνιον
1568 4318 1641 4367 μα
1653 4316 1783 4367 ργα-

214 4397 596 4467 ρίτην,ὦσπερ
647 4398 738 4448 τὸν
767 4396 918 4463 παρά
940 4396 1052 4455 τοῖς
1078 4393 1288 4453 πολλοῖς
1319 4396 1375 4443 ὲν
1409 4393 1517 4452 τοῖς
1543 4391 1786 4459 ὀστρέοις

1884 3228 1982 3279 bus
2019 3223 2281 3293 plaudere
2312 3223 2491 3276 solent
2519 3224 2897 3277 insanientes:
2926 3220 3019 3276 sed
3055 3236 3176 3273 cum
3203 3221 3461 3274 didiceri-

1883 3316 1951 3368 tis
1980 3322 2104 3366 ante
2133 3312 2404 3367 undenam
2434 3312 2547 3366 haec
2575 3311 2831 3375 victoria,
2866 3312 3010 3363 unde
3038 3310 3283 3373 libertas,
3315 3309 3461 3363 unde

1883 3406 1993 3459 haec
2018 3406 2183 3470 salus,
2219 3404 2477 3457 exhibete
2510 3403 2989 3471 magniﬁcentiam,
3023 3402 3282 3456 exhibete
3339 3416 3462 3471 gra-

1883 3497 2086 3549 tiarum
2129 3496 2402 3549 actionem
2450 3495 2557 3548 lico
2602 3494 2812 3548 auctori
2851 3495 3111 3547 victorias.
3160 3512 3177 3543 ι
3211 3494 3460 3547 Plaudite

1880 3588 2152 3647 manibus,
2201 3587 2347 3639 edite
2383 3600 2569 3638 vocem
2625 3585 2802 3638 laudis
2838 3594 2893 3638 ct
2928 3583 3312 3638 exsultationis
3354 3584 3459 3653 ipsi

1886 3679 1992 3729 Deo
2025 3677 2337 3741 Abraham;
2374 3695 2391 3726 ι
2437 3677 2487 3729 id
2522 3687 2626 3739 est,
2662 3677 2739 3730 illi
2791 3678 2883 3745 qui
2925 3688 3124 3731 enatus
3150 3687 3232 3730 est
3268 3693 3336 3731 ex
3368 3692 3458 3729 se-

1882 3770 2026 3821 mine
2062 3769 2292 3821 Abrabre
2342 3768 2645 3822 secundum
2678 3784 2921 3833 carnem,
2960 3785 3121 3838 quem
3170 3770 3460 3822 annuntia-

1886 3864 2086 3909 verunt
2139 3870 2331 3908 omnes
2367 3854 2665 3923 ιιι-οιιιιθιιιι,
2712 3870 2874 3924 quem
2919 3855 3457 3917 demonstraverunt,

1882 3962 2045 4016 quem
2090 3946 2321 3999 confessi
2368 3956 2497 3999 sunt
2525 3945 2694 3999 Deum
2741 3956 2796 3999 et
2828 3945 3149 4010 hominem;
3180 3945 3277 4013 qui
3320 3945 3461 3998 sedit

1886 4056 2050 4110 super
2083 4044 2340 4093 thronum
2389 4054 2548 4093 suum
2596 4048 2868 4103 sanctum,
2906 4037 3182 4091 hominem
3226 4037 3461 4096 stitit-vt,

1891 4149 2055 4204 quem
2087 4148 2154 4187 ex
2186 4131 2310 4185 diva
2347 4130 2646 4198 assumpsit
2674 4130 2897 4200 Virgine
2939 4128 3100 4182 modo
3131 4139 3463 4196 supernatu-

1886 4224 2006 4277 rali.
2071 4242 2088 4273 ι
2119 4222 2337 4275 Psallite
2386 4220 2705 4290 prudenter,
2735 4240 2753 4272 ι
2810 4221 2865 4275 in
2918 4219 3248 4289 profundum
3289 4218 3460 4272 animi

1886 4316 2142 4368 nimirum
2174 4312 2343 4366 vestri
2396 4312 2705 4375 recondi-te,
2757 4313 3015 4381 respicite
3060 4312 3354 4379 repositam
3404 4310 3458 4363 in

1888 4400 2226 4469 propheticis
2267 4400 2508 4454 oraculis
2546 4400 2824 4454 cwlestem
2875 4400 3247 4469 margaritam,
3282 4415 3400 4466 quze
3430 4415 3460 4453 ιι

207 4491 545 4558 τιμώμενον.
567 4506 585 4537 ι
606 4486 848 4539 Ψάλλετε
883 4483 1134 4543 συνετῶς.
1167 4502 1184 4533 ι
1206 4485 1264 4533 'U
1282 4483 1386 4550 γάρ
1408 4483 1668 4540 ὶκένωτος
1687 4482 1773 4548 θη·

1893 4490 2078 4542 multis
2122 4498 2383 4558 tanquam
2433 4489 2487 4542 in
2518 4491 2716 4542 ostreis
2758 4489 3021 4542 honorata
3048 4499 3153 4543 est.
3194 4508 3212 4539 ι
3242 4489 3460 4543 Psallzlc

212 4581 421 4651 σαυρὸς
467 4581 521 4629 ὲν
569 4580 683 4640 ταῖς
715 4579 903 4645 χερσὶν
929 4576 1079 4643 ὑμῶν
1118 4579 1283 4627 ἐστιν.
1338 4574 1775 4637 Ἀυαπτύξίντες

210 4677 310 4733 τὰς
341 4672 454 4722 τῶν
507 4670 751 4738 πατέρων
782 4670 992 4737 ῥήσεις,
1019 4668 1299 4737 εὑρίσκετε
1333 4666 1517 4730 αὐτὸν,
1549 4668 1605 4727 ὃς
1632 4668 1782 4717 ἔστιν

213 4766 243 4815 ὁ
282 4761 521 4831 Χριστὸς
566 4760 740 4820 ὁΥἱὸς
798 4761 888 4809 καὶ
937 4758 1104 4823 Λόγος
1158 4756 1251 4809 τοῦ
1289 4757 1447 4816 Θεοῦ.
1488 4760 1515 4809 ὁ
1558 4758 1785 4824 πησιητὴς

214 4854 404 4918 πάσης
467 4849 711 4909 κτίσεως.
751 4865 769 4898 ι
811 4849 898 4916 Τῷ
931 4849 1037 4916 γάρ
1058 4848 1198 4917 λόγῳ
1258 4848 1461 4915 Κυρίου
1493 4851 1539 4900 οἱ
1572 4848 1788 4918 οὐρανοὶ

212 4943 649 5012 ἐστερεώθησαν,
712 4944 803 4993 καὶ
832 4940 909 5009 τῷ
939 4942 1207 5010 πνεύματι
1236 4940 1329 4993 τοῦ
1360 4942 1628 5009 στόματος
1681 4942 1783 4993 αὑ-

214 5036 314 5087 τοῦ
371 5036 573 5102 πᾶσαη
600 5033 826 5099 δύναμις
852 5032 1050 5085 αὐτῶν.
1089 5052 1107 5083 ι
1158 5034 1341 5102 Ὁρᾷς,
1378 5033 1492 5095 πῶς
1526 5034 1653 5085 ποτὲ
1689 5036 1786 5099 μὲν

215 5128 350 5178 Θεὸν
375 5126 629 5193 ὀνομάζει
673 5126 893 5177 αὑτὸνό
934 5126 1111 5188 Δαϐὶδ,
1176 5127 1304 5177 ποτὲ
1376 5126 1432 5177 δὲ
1498 5129 1630 5179 Θεὸν
1693 5130 1786 5180 καὶ

211 5218 527 5285 ἇνθρωπον,
585 5217 716 5268 ποτὲ
740 5216 797 5268 δὲ
852 5216 1025 5284 Λόγον
1077 5216 1236 5283 Θεοῦ,
1264 5221 1392 5270 ποτε
1439 5220 1495 5272 δὲ
1554 5222 1784 5290 ποιητὴν

214 5309 398 5376 πάσης
433 5306 695 5373 κτίσεως;
745 5307 831 5358 Ἐν
871 5309 981 5375 γάρ
1018 5308 1092 5375 τῷ
1144 5309 1321 5360 εἰπεῖν
1349 5311 1509 5362 αὐτὸν
1550 5312 1781 5381 ποιητὴν

210 5395 304 5447 τοῦ
330 5396 588 5464 οὐρανοῦ,
621 5397 800 5463 πάσης
833 5396 1063 5459 κτίσεως
1093 5398 1319 5468 ποιητὴν
1365 5400 1528 5451 αὑτὸν
1560 5402 1777 5469 dats-pf}-

214 5504 365 5541 νατο.
408 5488 466 5539 Ὀ
496 5487 604 5556 γὰρ
629 5490 861 5555 ποιήσας
892 5480 1016 5548 τοῦς
1065 5489 1348 5555 οὐρανοὺς,
1411 5490 1573 5553 αὐτός
1630 5493 1780 5544 ἐστιν

209 5579 244 5633 ὁ
271 5579 508 5645 ποιήσας
534 5580 658 5639 τοὺς
687 5578 948 5645 ἀγγέλους
976 5580 1071 5630 καὶ
1098 5581 1220 5639 τοὺς
1253 5581 1595 5649 ἀνθρώπους.

282 5671 344 5721 ε’.
384 5670 495 5721 Kc:
526 5671 553 5721 ὀ
580 5669 679 5737 μὲν
715 5670 946 5737 Μωῦσῆ,
974 5670 1138 5737 λέγει,
1179 5688 1195 5721 ι
1236 5672 1321 5724 Ἐν
1347 5673 1490 5744 ἀρχῇ
1525 5673 1779 5743 ἐποίησεν

286 5847 333 5879 ³⁵
372 5846 513 5903 Gen.
546 5863 675 5916 xm,
709 5849 757 5903 5.
839 5851 882 5882 ’⁵⁵
934 5851 1075 5905 Psal.
1120 5868 1289 5918 xxxii,
1319 5854 1369 5909 6.

1892 4584 2220 4649 prudenter;
2256 4600 2272 4631 ι
2310 4582 2603 4635 thesaurus
2622 4580 2766 4635 enim
2795 4581 3153 4635 inexhaustus
3174 4579 3316 4634 intra
3344 4598 3459 4633 ma-

1891 4686 1995 4726 nus
2042 4681 2256 4726 vestras
2300 4682 2413 4736 est,
2461 4688 2621 4740 quem
2655 4673 2890 4725 evolutis
2931 4683 3143 4741 patrum
3181 4673 3463 4727 vaticiniis

1896 4762 2209 4826 invenietis,
2246 4764 2337 4832 qui
2375 4773 2457 4815 est
2493 4761 2745 4816 Christus
2779 4762 2947 4815 Filius
2980 4773 3035 4816 et
3071 4763 3304 4816 Verbum
3345 4764 3461 4826 Dei,

1894 4866 2112 4908 creator
2142 4854 2318 4905 omnis
2351 4862 2636 4906 creaturae.
2671 4871 2688 4902 ι
2721 4852 2898 4905 Verbo
2923 4853 3069 4905 enim
3102 4852 3310 4906 Domini
3340 4851 3464 4906 caeli

1892 4945 2195 4998 conﬁrmati
2230 4957 2377 5007 sunt,
2411 4954 2464 4997 et
2493 4942 2701 5013 Spiritu
2727 4945 2840 4998 oris
2873 4944 2956 4998 sui
2991 4946 3170 4997 omnis
3200 4944 3375 4997 virtus
3403 4944 3467 4996 il-

1890 5036 2066 5089 lorum
2102 5036 2165 5088 ⁶⁰.
2199 5054 2215 5085 ι
2252 5036 2483 5089 Videsne
2527 5037 2801 5106 quomodo
2851 5053 2999 5091 nunc
3036 5036 3255 5106 quidem
3290 5036 3463 5090 Deum

1893 5130 2130 5196 appellat
2162 5128 2352 5192 David,
2383 5145 2528 5183 nunc
2552 5145 2679 5182 vero
2710 5129 2875 5183 Deum
2899 5140 2954 5183 et
2981 5129 3291 5193 hominem;
3321 5145 3467 5183 nunc

1892 5222 2055 5274 etiam
2100 5221 2335 5275 Verbum
2388 5222 2508 5286 Dei,
2551 5237 2696 5277 nunc
2731 5223 2897 5276 etiam
2937 5230 3245 5276 creatorem
3285 5222 3467 5275 omnis

1889 5313 2190 5365 creaturae?
2236 5310 2371 5365 Cum
2402 5313 2547 5367 enim
2582 5313 2704 5366 cmli
2740 5322 3043 5367 creatorem
3090 5312 3249 5375 dixit,
3287 5311 3468 5365 omnis

1890 5417 2151 5460 creatura:
2201 5420 2500 5460 creatorem
2548 5421 2667 5460 esse
2699 5405 3016 5460 declaravit.
3050 5404 3151 5469 Qui
3183 5404 3329 5457 enim
3354 5416 3466 5454 cm:

1891 5499 1973 5552 los
2010 5498 2157 5563 t‘ecit,
2196 5497 2340 5551 idem
2376 5508 2460 5553 est
2486 5499 2578 5568 qui
2612 5500 2821 5553 creavit
2853 5498 3073 5567 angelos
3106 5504 3160 5550 et
3188 5494 3460 5548 homines.

1960 5678 2011 5731 5.
2046 5678 2110 5731 Et
2140 5676 2317 5733 Moses
2350 5678 2573 5748 quidem
2610 5677 2786 5748 inquit
2816 5695 2829 5732 :
2873 5698 2890 5729 ι
2922 5676 2979 5732 1η
3012 5674 3278 5747 principio
3310 5688 3459 5728 crea-
