4204 6444
776 467 870 530 511

1939 468 2256 527 IUANNIS
2291 464 2812 524 CANTACUZENI

3910 471 4018 533 512

777 585 854 636 \it
878 586 1017 638 Dens
1043 584 1240 636 malum
1265 591 1318 635 et
1345 592 1540 635 terram
1567 583 1630 646 δ’,
1659 601 1673 632 ι
1710 582 1875 635 David
1901 592 2104 642 autem,
2130 579 2340 634 «Verbo
2375 584 2413 635 A

2375 584 2413 635 A
2446 584 2473 633 ὁ
2513 583 2645 642 Θεὸς
2706 583 2793 633 τὸν
2825 581 3050 648 οὐρανὸν
3100 581 3190 634 καὶ
3233 582 3329 650 τὴν
3387 583 3511 651 γήν·
3550 601 3569 633 ι
3643 584 3670 636 ὁ
3714 583 3769 636 δὲ
3822 586 4010 638 Δαίῖιδ.

779 675 996 742 (inquit)
1044 674 1251 727 hoinini
1309 674 1429 725 (λιιιΙί
1485 673 1676 726 lirmati
1714 685 1859 727 sunt.
1897 692 1912 723 ι
1969 673 2126 726 Certe
2176 688 2336 739 quem

777 766 1084 818 Mahometh
1136 763 1374 816 Verbum
1414 765 1504 816 Ι)νὶ
1547 773 1724 830 vocat,
1761 774 1814 817 et
1852 763 2172 815 Musnlmani
2223 780 2340 814 oui-

780 871 897 917 nes,
947 870 1108 923 quem
1151 869 1343 906 omnes
1388 854 1683 907 Christiani
1733 871 1830 906 ceu
1883 854 2118 907 Verbum
2154 855 2246 907 Dei
2287 865 2340 908 et

777 947 944 995 limini
996 944 1245 1004 adorant,
1301 950 1367 996 ile
1421 945 1522 996 hoc
1552 945 1742 998 eodem
1778 945 1945 997 David
1984 945 2136 1006 dicit,
2193 943 2336 1012 quod

776 1037 942 1086 caelos
975 1034 1270 1087 ill‘lllﬂt't‘l‘ll
1293 1076 1307 1098 ,
1349 1035 1398 1088 id
1436 1045 1542 1099 est,
1575 1035 1863 1088 creaverit.
1916 1035 1986 1088 De
2023 1036 2124 1088 hoc
2148 1036 2338 1087 eodem

777 1127 954 1180 Moses
986 1128 1139 1186 dicit.
1173 1130 1316 1195 quod
1353 1130 1402 1180 in
1435 1131 1698 1196 principio
1726 1129 2034 1182 condiderit
2063 1128 2260 1182 callum
2287 1138 2340 1180 et

779 1229 995 1269 terram.
1057 1219 1118 1270 Ιζι
1173 1219 1298 1287 quis
1353 1232 1454 1271 tam
1511 1220 1711 1273 stultus
1744 1230 1828 1273 est
1875 1229 1932 1272 ut
1964 1219 2196 1282 dubitet,
2241 1236 2342 1272 nec

776 1327 896 1361 eum
952 1310 1166 1368 adoret.
1209 1294 1386 1379 'quem
1444 1311 1606 1362 David
1652 1312 1817 1363 lli-nm
1877 1326 1995 1363 esse
2048 1311 2343 1378 pra'dicat?

775 1417 939 1468 quem
987 1401 1162 1454 Moses
1198 1403 1361 1453 Deum
1398 1418 1516 1454 esse
1552 1401 1791 1454 fatetur?
1828 1403 1905 1454 Tu
1947 1418 2077 1455 vero
2113 1419 2235 1455 cum
2273 1403 2338 1455 de

776 1488 929 1539 crelis
960 1488 1134 1552 audis,
1191 1505 1297 1541 non
1338 1499 1421 1543 est
1467 1492 1611 1558 quod
1663 1492 1844 1556 plures
1871 1493 2039 1544 caelos
2070 1509 2188 1546 esse
2221 1495 2338 1546 exi-

779 1579 988 1640 :‘timcs,
1039 1578 1131 1631 sed
1169 1595 1358 1643 unum,
1410 1590 1465 1632 et
1506 1596 1611 1632 non
1649 1582 1853 1649 plures.
1890 1583 2160 1650 Interpres
2195 1585 2340 1637 enim

780 1666 1102 1724 llebraicam
1150 1669 1389 1738 phrasim
1429 1680 1670 1734 secutus,
1718 1673 1868 1738 juxta
1921 1673 2065 1725 illius
2113 1675 2257 1744 leges
2287 1685 2343 1728 et

777 1759 1231 1812 consuetudinem
1262 1759 1544 1826 pluraliter
1574 1763 1866 1814 transtulit.
1900 1763 2191 1817 Videamus
2216 1781 2341 1819 vero

780 1851 847 1902 de
873 1851 1198 1917 quibusnam
1225 1851 1388 1906 David
1414 1852 1527 1906 hiec
1553 1853 1730 1907 dii-at:
1763 1854 1960 1924 «Cujus
1984 1855 2152 1909 fortes
2179 1867 2338 1912 terra:

2451 693 2468 723 ι
2509 675 2596 740 Τῷ
2620 675 2778 740 Λόγῳ
2814 675 3009 739 Κυρῖου
3033 674 3080 724 οἰ
3103 675 3321 740 οὐρανοὶ
3356 675 3780 744 ἐστερεώθησαν.
3814 694 3832 724 ι
3875 676 4016 727 Πάν-

2441 783 2545 824 τως
2570 765 2626 816 ὃν
2658 764 2802 831 λέγει
2836 767 2860 815 ὁ
2891 764 3131 833 Μωάμεθ
3155 766 3326 831 Λόγον
3379 766 3538 826 Θεοῦ,
3572 769 3665 818 καὶ
3730 759 4016 828 πάντεςόῖ

2443 858 2880 922 Μουσουλμάνοι,
2933 855 2991 905 ὃν
3057 855 3419 924 προσκυνοῦσι
3479 857 3679 918 πάντες
3704 858 3750 908 οἱ
3788 857 4018 924 Χριστιο

2443 950 2557 1001 avo“.
2585 950 2658 1009 ὠς
2683 947 2852 1012 Λόγον
2891 946 3026 998 Θεοῦ
3059 947 3152 997 καὶ
3197 945 3348 1010 Θεὸν,
3384 947 3476 998 τὸν
3508 947 3670 998 αὑτὸν
3701 946 3851 1011 λέγει
3912 951 4019 997 Δα-

2444 1039 2546 1100 616,
2571 1040 2652 1091 ὅτι
2682 1039 2976 1105 ὲστερέωσε
3001 1039 3122 1096 τοὺς
3150 1039 3430 1107 οὐρανοὺς,
3468 1039 3740 1091 τουτέστιν
3764 1039 4014 1104 ὲποίησε,

2443 1131 2544 1182 Τὸν
2575 1130 2736 1183 αὑτὸν
2759 1131 2906 1194 λέγει
2941 1131 3199 1196 Μωῦσῆς,
3234 1129 3314 1181 ὅτι
3348 1147 3366 1180 ι
3413 1130 3501 1181 Ἐν
3555 1131 3697 1198 ἀρχῇ
3753 1130 4016 1197 ἐποίησεν

2442 1226 2468 1275 ὁ
2497 1223 2626 1284 Θεὸς
2661 1224 2751 1273 τὸν
2778 1223 3006 1290 οὐρανὸν
3037 1222 3131 1272 xci.
3175 1222 3274 1290 τὴν
3326 1221 3453 1288 γῆν.
3491 1240 3510 1272 ι
3594 1222 3695 1274 Καὶ
3743 1222 3824 1283 τίς
3871 1223 4018 1272 οὑτω

2447 1313 2766 1380 μάταιο;,ὂς
2789 1312 3138 1377 ἀμφιϐάλλει,
3179 1313 3271 1364 καὶ
3313 1313 3373 1364 οὑ
3401 1315 3694 1380 προσκυνεῖ
3728 1313 3788 1364 ὃν
3835 1317 3859 1362 ο
3913 1313 4011 1362 Δα-

2444 1404 2527 1455 615
2557 1402 2810 1470 κηρύττει
2845 1403 2995 1466 Θεὸν,
3039 1401 3096 1452 ὃν
3123 1403 3148 1452 ὁ
3188 1403 3388 1468 Μωσῆς
3441 1402 3585 1467 λέγει
3629 1402 3795 1467 Θεόν;
3853 1403 3925 1451 Σὺ
3961 1401 4018 1451 δὲ

2443 1495 2703 1562 οὐραὶ-οῦς
2732 1493 2990 1555 ἀκούσας,
3025 1493 3187 1561 μηδὲν
3232 1493 3516 1562 ὑπολάϐῃς
3552 1494 3778 1555 πολλοὺς
3798 1494 4022 1560 γεγονό-

2443 1601 2540 1646 τας
2567 1583 2845 1652 cupavo-3;,
2887 1583 3142 1639 ἀλλ”ένα.
3183 1585 3274 1634 καὶ
3313 1583 3375 1633 οὑ
3409 1583 3662 1645 πολλοὺς.
3721 1583 3781 1636 Ὀ
3835 1585 3891 1636 δὲ
3922 1586 4021 1652 ἐρ-

2447 1674 2650 1741 pri-leg;
2676 1674 2739 1738 τῇ
2764 1669 3002 1740 Ἐϐραΐδι
3033 1669 3404 1739 ἀκολουθήσας
3461 1671 3750 1740 διαλέκτῳ.
3805 1673 3857 1738 ἔγ
3876 1674 4017 1743 put}:

2445 1761 2823 1828 πληθυντικῶς
2857 1763 2994 1811 κατά
3028 1759 3136 1828 τὴν
3175 1761 3397 1812 ἐκείνων
3427 1760 3580 1824 τάξιν
3609 1779 3666 1812 τε
3701 1764 3799 1814 καὶ
3854 1765 4020 1831 συνὴο

2449 1851 2617 1902 Οειαν.
2653 1853 2882 1917 Ἰδωμεν
2925 1851 2981 1903 δὲ
3031 1851 3123 1902 καὶ
3175 1852 3301 1920 περὶ
3343 1852 3502 1904 τίνων
3544 1853 3689 1919 λέγει
3742 1855 3910 1906 Δαϐἐδ
3941 1857 4023 1915 τὸ,

781 1942 936 1993 Valde
962 1941 1155 1993 clevati
1183 1951 1324 1993 sunt.
1356 1962 1373 1992 ι
1401 1941 1674 2007 Quinam?
1703 1922 1963 2012 Discipuli
1996 1945 2139 2000 illius
2163 1951 2341 2015 pauci,
2380 1922 2418 1978 Β

2380 1922 2418 1978 Β
2457 1936 2562 1994 (Ob
2587 1944 2634 1993 οἱ
2673 1942 2924 2008 κραταιοί
2950 1943 3043 2009 τῆς
3073 1941 3177 2008 γῆς
3224 1942 3428 2012 σφόδρα
3506 1943 3884 2012 ἐπήρθησαν.»
3930 1946 4021 1996 Τί-

780 2033 872 2099 qui
923 2035 1082 2083 modo
1132 2042 1286 2084 ermit
1327 2033 1580 2098 humiles,
1629 2033 1831 2088 indocti
1872 2043 1925 2088 et
1970 2037 2152 2100 rudes,
2205 2054 2348 2093 nunc

785 2137 912 2172 νε·το
953 2121 1205 2173 doctores
1236 2120 1402 2174 tutius
1448 2123 1628 2174 orbis:
1664 2125 1753 2190 qui
1790 2129 2220 2190 persecutionem
2254 2144 2348 2180 su-

784 2212 1102 2264 stinuerunt
1158 2211 1225 2263 ab
1274 2213 1549 2274 omnibus,
1599 2214 1688 2280 qui
1739 2214 1952 2283 injuriis
2007 2217 2207 2276 allecti.
2257 2220 2347 2286 qui

782 2302 1027 2369 colaphis
1064 2301 1208 2362 uesi,
1247 2302 1338 2369 qui
1396 2320 1500 2355 non
1535 2303 1810 2357 habebant
1851 2321 1960 2372 quo
1991 2317 2150 2375 caput
2189 2311 2347 2363 recli-

781 2400 994 2452 uarcnt,
1032 2407 1176 2442 nunc
1215 2392 1474 2445 sublimes
1503 2401 1556 2445 et
1588 2395 1765 2463 magni
1794 2395 2070 2460 videntur,
2103 2407 2156 2450 et
2184 2397 2349 2455 fortes

784 2480 900 2541 ltei,
940 2489 991 2532 ct
1033 2483 1101 2532 ad
1145 2480 1369 2534 honoris
1396 2483 1668 2550 fastigium
1699 2485 1918 2538 elerati.
1951 2484 2154 2541 Omnes
2202 2490 2347 2542 enim

785 2571 1078 2639 principes,
1122 2587 1312 2624 omnes
1341 2583 1592 2641 satrapai.
1630 2589 1821 2628 omnes
1855 2591 2007 2644 reges
2039 2587 2194 2632 terra:
2230 2589 2353 2648 post

783 2661 955 2714 Deum
997 2665 1278 2731 aposuilos
1325 2663 1530 2718 habent
1574 2665 1887 2729 advocatos,
1926 2667 2180 2739 ipsosque
2225 2672 2354 2727 doc-

784 2763 934 2808 tores
987 2763 1043 2807 et
1093 2755 1262 2808 duros
1311 2757 1502 2810 salutis
1531 2773 1643 2810 sua:
1695 2759 2047 2812 conﬁtentur.
2104 2763 2349 2829 Apostoli

785 2844 930 2896 enim
987 2844 1291 2898 docuerunt
1341 2847 1695 2916 Erangelium
1747 2864 1962 2903 onmem
2019 2864 2350 2920 creaturam,

793 2936 1072 2990 miraculis
1115 2937 1278 2990 simul
1314 2937 1445 2990 illud
1495 2940 1934 3006 eomprobantes,
1990 2953 2048 2996 ut
2076 2942 2348 3002 diximus:

786 3033 844 3080 et
898 3026 989 3093 qui
1049 3027 1200 3093 prius
1234 3035 1611 3094 persecutores
1663 3040 1819 3081 erant
1863 3033 2099 3085 nominis
2127 3032 2350 3100 Christi,

789 3132 936 3169 nunc
961 3133 1056 3186 pro
1081 3118 1173 3170 illo
1198 3119 1365 3170 vitam
1392 3119 1673 3186 deponunt
1696 3139 1710 3173 ;
1741 3131 1795 3173 et
1821 3122 1914 3190 qui
1942 3125 2093 3190 prius
2119 3125 2170 3176 in
2202 3126 2350 3180 illum

791 3208 1093 3263 calumnias
1146 3218 1200 3262 et
1257 3210 1592 3280 tyrannidem
1649 3214 1997 3279 exercebant,
2063 3233 2204 3270 nunc
2259 3234 2352 3286 per

789 3296 1067 3352 Christum
1094 3309 1146 3353 ct
1177 3302 1452 3369 apostolos
1476 3303 1599 3356 facti
1630 3314 1754 3357 sunt
1781 3314 2045 3372 pastores.
2077 3308 2348 3373 doctores,

789 3399 844 3441 et
876 3389 1025 3442 orbis
1055 3389 1344 3444 luminaria
1395 3391 1512 3461 ipso
1556 3395 1668 3448 sole
1711 3395 2118 3463 splendidiora:
2164 3409 2219 3453 et
2257 3401 2349 3468 qui

794 3479 960 3533 modo
1007 3480 1276 3535 idolorum
1326 3494 1481 3537 erant
1515 3486 1772 3551 cultores,
1813 3503 1958 3541 nunc
1988 3488 2187 3543 Christi
2226 3504 2347 3544 sunt

794 3583 1086 3640 martyres,
1133 3583 1187 3626 et
1218 3585 1437 3642 accepta
1485 3591 1514 3628 a
1546 3576 1657 3630 Deo
1696 3581 1866 3646 gratia
1904 3578 1984 3650 (ut
2009 3581 2214 3634 dictum
2249 3585 2350 3654 est)

797 3661 1055 3714 miracula
1087 3662 1247 3715 edere
1295 3665 1728 3732 conspiciuntur.
1769 3665 2032 3736 Martyres
2062 3671 2207 3722 enim
2245 3688 2352 3726 non

796 3751 904 3804 viti
955 3753 1117 3806 modo
1165 3755 1427 3807 miracula
1479 3765 1532 3809 et
1568 3757 1812 3826 prodigia
1859 3759 2112 3820 edebant,
2155 3763 2355 3830 quibus

794 3844 928 3897 visis
955 3846 1255 3898 idololatrie
1283 3848 1708 3916 obstupuerunt,
1741 3850 1834 3903 sed
1867 3853 2027 3904 etiam
2062 3863 2180 3921 post
2212 3871 2350 3907 mor-

797 3947 906 3988 tem
942 3953 1135 4005 magna
1183 3948 1238 3991 et
1286 3940 1553 4006 stupenda
1589 3941 1847 3994 miracula
1878 3941 2185 3997 ediderunt.
2237 3946 2354 3999 Viri

795 4029 940 4081 enim
971 4029 1147 4082 adhuc
1177 4029 1230 4082 in
1251 4039 1612 4100 tyrannorum.
1630 4043 1926 4100 conspectu
1949 4033 2357 4105 interrogabant

797 4114 961 4180 idola,
1011 4117 1254 4173 dicentes
1315 4137 1327 4172 :
1369 4121 1424 4173 In
1478 4122 1698 4176 nomine
1743 4121 1942 4177 Christi
1995 4123 2159 4178 dicite
2218 4127 2357 4179 veri-

800 4215 992 4260 tatem.
1031 4207 1098 4260 Et
1158 4212 1564 4277 responderunt
1617 4212 1781 4273 idola,
1819 4212 2070 4268 Christus
2103 4223 2187 4268 est
2218 4215 2359 4271 Deus

797 4314 980 4352 verus.
1031 4297 1281 4355 lnlidelcs
1311 4311 1494 4355 autem
1531 4303 1615 4356 his
1649 4304 1853 4357 auditis
1883 4321 2074 4375 magna
2106 4322 2236 4360 voce
2268 4323 2360 4360 ex-

798 4390 1136 4444 clamabant:
1169 4393 1390 4460 Magnus
1414 4403 1498 4448 est
1523 4395 1662 4447 Dens
1685 4393 2141 4457 Christianormu,
2169 4411 2359 4466 magna

797 4482 964 4534 etiam
1011 4482 1143 4538 tides
1175 4483 1437 4552 ipsorum,
1471 4495 1526 4538 et
1577 4486 1632 4538 in
1666 4484 1946 4539 Christum
1981 4488 2355 4542 crediderunt.

2452 2051 2574 2093 νες;
2617 2035 2678 2086 Οἱ
2718 2032 2954 2101 μαθηταὶ
2983 2032 3146 2085 αὑτοῦ
3174 2033 3222 2084 οἰ
3261 2033 3454 2100 ὀλίγοι,
3514 2037 3562 2087 οἰ
3631 2035 3824 2105 πρώην
3876 2038 4026 2088 εὐτε-

2451 2125 2562 2186 λεῖς
2601 2127 2690 2176 καὶ
2723 2124 2952 2193 ἀμαθεῖς
2988 2127 3080 2175 καί
3112 2126 3382 2193 ἄγροικοι,
3442 2124 3535 2176 νῦν
3596 2125 3650 2176 δὲ
3705 2126 4023 2178 διδάσκαλοι

2453 2217 2548 2281 τῆς
2573 2217 2920 2282 οἰκουμένης,
2981 2216 3030 2266 οἰ
3102 2215 3429 2282 διωκόμενοι
3471 2215 3623 2282 παρὰ
3678 2216 3922 2277 πάντων,
3974 2217 4022 2266 οἰ

2455 2307 2828 2374 ὑϐριζόμενοι,
2863 2309 2910 2357 οἱ
2963 2306 3404 2373 κολαφιζόμενοι,
3455 2305 3502 2356 οἱ
3539 2305 3612 2373 μὴ
3646 2306 3862 2373 ἔχοντες
3914 2306 4024 2357 ποῦ

2452 2393 2547 2464 τὴν
2576 2393 2814 2460 κεφαλὴν
2853 2395 3049 2452 κλῖναι,
3087 2392 3182 2445 νῦν
3228 2392 3616 2460 ἀναφαίνονται
3669 2393 3865 2461 ὑψηλοὶ
3925 2399 4023 2445 καὶ

2458 2484 2704 2553 μεγάλοι,
2745 2483 2837 2536 καὶ
2872 2483 2966 2535 τοῦ
2997 2483 3131 2536 Θεοῦ
3180 2485 3456 2554 κραταιοί,
3516 2487 3612 2537 καὶ
3651 2487 3732 2545 εἰς
3792 2486 3896 2553 τὴν
3927 2486 4027 2551 τῆς

2454 2575 2617 2641 τιμῆς
2655 2573 2900 2642 κορυφὴν
2951 2573 3297 2642 ἀναχθέντες.
3348 2576 3556 2636 Πάντες
3598 2575 3704 2641 γὰρ
3761 2575 4026 2642 ἄρχοντες

2456 2665 2657 2727 πάντες
2683 2666 2979 2735 σατράπαι,
3015 2667 3214 2726 πάντες
3244 2667 3292 2717 οἰ
3331 2665 3573 2734 βασιλεῖς
3621 2668 3716 2735 τῆς
3747 2668 3851 2733 γῆς
3889 2668 4028 2734 μετὰ

2455 2753 2587 2806 Θεὸν
2611 2755 2734 2812 τοὺς
2775 2756 3105 2817 ἀποστόλους
3132 2756 3310 2824 ἔχουσι
3345 2757 3680 2823 προστάτας,
3715 2758 3811 2808 καὶ
3829 2757 4030 2816 αὐτοὺς

2456 2841 2776 2908 ὁμολογοῦσι
2828 2843 3330 2904 διδασκάλους-καὶ
3372 2845 3599 2911 ὁδηγοὺς
3660 2845 3759 2911 τῆς
3815 2843 4030 2895 ἑαυτῶν

2460 2935 2750 3003 σωτηρίας.
2792 2936 2854 2984 Οἱ
2884 2934 3168 2986 ἀπόστολοι
3234 2938 3336 3005 γὰρ
3390 2936 3633 2999 ἐδῖδαξαν
3679 2937 3739 2988 τὸ
3777 2937 4032 3004 Εὐαγγέ-

2455 3024 2571 3075 λιον
2615 3024 2760 3092 πάσῃ
2814 3027 2878 3091 τῇ
2932 3024 3125 3087 κτίσει,
3178 3029 3293 3088 τοῖς
3349 3025 3589 3094 Θαύμασι
3651 3029 4028 3095 πιστούμενοι,

2459 3112 2639 3174 καθὼς
2675 3115 2921 3182 εἴπομεν.
2958 3116 3066 3167 Καὶ
3094 3117 3142 3166 οἱ
3175 3116 3437 3183 προτέρον
3457 3117 3808 3184 διῶκταῃτοῦ
3834 3119 4034 3184 ὀνόμα-

2459 3220 2546 3264 τος
2579 3202 2675 3254 τοῦ
2705 3203 2944 3271 Χριστοῦ
2975 3204 3070 3255 νῦν
3107 3204 3247 3274 ὑπὲρ
3271 3206 3434 3258 αὑτοῦ
3458 3207 3890 3276 ἀποθνήσκουσι.
3920 3211 4032 3262 Καὶ

2462 3295 2510 3345 οἰ
2558 3295 2822 3363 πρότερον
2874 3294 3131 3363 ὑϐρισταὶ
3185 3296 3278 3348 καὶ
3331 3296 3621 3364 τύραννοι,
3657 3297 3753 3350 νῦν
3801 3299 3894 3351 διὰ
3939 3300 4032 3351 τοῦ

2462 3383 2698 3455 Χριστοῦ
2733 3386 2826 3436 καὶ
2875 3385 2983 3438 τῶν
3019 3387 3336 3439 ἀποστόλων
3366 3388 3623 3455 ποιμένες
3660 3389 3752 3439 καὶ
3783 3390 4035 3442 διδάσκα-

2460 3480 2541 3532 λοι
2573 3454 2668 3531 κὰι
2698 3478 2982 3547 φωστῆρες
3003 3479 3099 3548 τῆς
3129 3479 3454 3546 οἰκουμένης
3488 3478 3859 3546 κατέστησαν,
3893 3481 4034 3551 ὑπὲρ

2462 3573 2552 3626 τὸν
2599 3572 2748 3642 ἥλιον
2797 3571 3124 3640 λάμποντες.
3185 3571 3288 3624 Καὶ
3311 3571 3360 3622 oi
3409 3571 3519 3622 τῶν
3569 3569 3807 3622 εἰδώλων
3868 3573 4036 3625 πάλαι

2464 3664 2838 3734 προσκυνηταὶ
2876 3662 2969 3716 νῦν
3011 3663 3106 3716 τοῦ
3150 3661 3389 3732 Χριστοῦ
3447 3663 3744 3731 μάρτυρες,
3792 3661 3891 3713 καὶ
3937 3663 4035 3714 λα-

2463 3757 2652 3817 ϐόντες
2685 3756 2781 3825 τὴν
2807 3754 2917 3807 ἀπὸ
2947 3754 3038 3807 τοῦ
3086 3755 3221 3806 Θεοῦ
3273 3755 3452 3823 χάριν,
3513 3755 3862 3821 εὑρίσκονται
3923 3772 4041 3806 ποι-

2464 3849 2670 3912 οῦντες,
2725 3848 2800 3909 ὡς
2831 3846 3068 3915 εἴρηται,
3111 3845 3387 3914 Θαύματα.
3437 3845 3510 3898 Οὐ
3545 3847 3706 3912 μόνον
3743 3848 3854 3913 γὰρ
3907 3846 4038 3907 ζῶν-

2462 3957 2553 4000 τες
2583 3941 2630 3992 οἱ
2662 3940 2938 4008 μάρτυρες
2969 3937 3241 4005 ἐνήργουν
3286 3935 3541 4004 θαύματα
3591 3936 3683 3986 καὶ
3741 3935 4033 4003 τεράστια,

2465 4033 2607 4101 ἅπερ
2648 4030 2870 4083 ἔϐλεπον
2896 4029 2945 4080 οἱ
2977 4027 3383 4097 εἰδωλολάτραι,
3431 4030 3524 4079 καὶ
3563 4025 3871 4089 ἐξίσταντο,
3906 4027 4040 4078 ἀλλά

2465 4125 2558 4178 καὶ
2591 4123 2726 4192 μετά
2752 4123 2980 4175 θάνατον
3027 4117 3239 4190 μεγάλα
3265 4120 3356 4170 καὶ
3396 4117 3610 4181 ἐξαίσια
3669 4115 3933 4186 θαύματα
3955 4120 4038 4168 ἑν-

2466 4217 2690 4285 ήργουν.
2721 4213 2926 4274 Ζῶντες
2947 4212 3056 4281 γὰρ
3083 4210 3314 4280 ἠρώτων
3335 4207 3644 4276 ἔμπροσθεν
3671 4206 3787 4259 τῶν
3839 4208 4043 4275 τυράν-

2466 4322 2569 4358 νων
2595 4304 2661 4356 τὰ
2691 4302 2904 4367 εῐδωλα,
2925 4301 3173 4369 λέγοντες
3204 4299 3289 4352 ὅτι
3309 4299 3401 4352 Ἐν
3425 4299 3502 4368 τῷ
3531 4297 3762 4366 ὀνόματι
3786 4299 3883 4350 τοῦ
3911 4301 4046 4368 Χρι-

2469 4395 2596 4448 στοῦ
2647 4397 2846 4448 εἴπατε
2904 4394 3002 4462 τὴν
3074 4390 3355 4460 ἀλήθειαν,
3421 4388 3514 4442 καὶ
3552 4387 3929 4457 ἀπεκρίναντο
3975 4390 4047 4440 τὰ

2470 4485 2689 4552 εἴδωλα,
2717 4485 2872 4538 ὅτιὈ
2895 4483 3126 4554 Χριστὸς
3153 4483 3283 4545 Θεὸς
3305 4482 3550 4551 ἀληθινός
3583 4483 3716 4533 ἐστι.
3745 4483 3848 4535 Καὶ
3871 4482 4046 4535 ταῦτα

802 4571 865 4626 Ει
889 4573 1107 4641 quidem
1143 4575 1289 4644 quod
1327 4592 1519 4630 omnes
1557 4587 1826 4646 martyres
1859 4577 2059 4631 Christi
2098 4579 2359 4634 miracula
2393 4595 2434 4649 ι)

2393 4595 2434 4649 ι)
2467 4577 2754 4638 ἀκούοντες
2774 4579 2822 4628 οἱ
2852 4577 3088 4640 ἀσεϐεῖς,
3142 4574 3233 4626 καὶ
3263 4573 3550 4642 βλέποντες
3606 4572 3795 4640 ἔλεγον
3828 4575 4047 4645 μεγάλῃ

795 4665 1093 4728 ediderint,
1126 4681 1246 4734 quae
1280 4678 1501 4736 prepter
1535 4668 1757 4722 nimiam
1785 4669 1994 4732 copiam
2031 4686 2176 4725 nunc
2200 4674 2362 4726 omit-

801 4765 1010 4819 tnntur,
1047 4768 1281 4812 constat.
1319 4760 1702 4814 Verumtamen
1751 4776 1781 4815 e
1823 4761 2010 4815 multis
2057 4779 2162 4815 non
2195 4779 2363 4832 pauca

801 4847 870 4898 ab
903 4848 1047 4902 illius
1072 4851 1255 4903 saeculi
1283 4850 1646 4919 scriptoribus
1669 4851 1898 4905 collecta
1930 4860 2078 4918 sunt,
2111 4868 2139 4906 e
2162 4853 2364 4922 quibus

795 4951 853 4994 et
887 4940 992 4993 hoc
1024 4957 1189 4994 unum
1238 4941 1426 4996 fuerit.
1455 4942 1658 4997 Christi
1697 4954 1901 5014 martyr
1931 4943 2218 5012 Georgius,
2272 4946 2365 5013 qui

798 5047 826 5084 a
862 5031 1022 5085 nobis
1049 5029 1378 5092 Christianis
1405 5033 1604 5086 colitur
1633 5033 1817 5102 (quem
1841 5035 2006 5088 etiam
2041 5034 2141 5102 ipsi
2168 5031 2369 5087 Musul-

800 5122 942 5172 mani
1001 5121 1052 5173 in
1109 5121 1317 5175 honore
1353 5123 1576 5187 habent,
1616 5133 1672 5178 et
1706 5123 1774 5177 ab
1829 5124 1936 5177 illis
1982 5123 2184 5178 Cheter
2218 5124 2366 5176 Eliaz

801 5212 1044 5281 dicitur),
1087 5215 1369 5267 tormentis
1402 5224 1454 5267 et
1488 5215 1880 5284 quaestionibus
1913 5217 2258 5268 excruciatus
2286 5223 2370 5268 est

799 5304 869 5355 ab
903 5305 1084 5372 impiis
1114 5314 1166 5358 et
1196 5304 1518 5371 idololatris,
1553 5316 1613 5360 ut
1642 5307 1921 5360 Christum
1963 5307 2281 5375 abnegaret,
2311 5314 2365 5359 et

800 5397 1018 5450 illorum
1052 5399 1182 5452 deos
1213 5399 1418 5452 coleret
1445 5398 1824 5469 adoraretque.
1865 5399 1965 5452 llic
2017 5413 2145 5451 vero
2174 5399 2364 5451 maluit

801 5483 1043 5541 inlinitas
1095 5499 1299 5544 mortes
1344 5499 1400 5543 et
1449 5491 1655 5543 infinita
1689 5500 1958 5544 tortnenta
2013 5504 2110 5557 pro
2143 5489 2362 5541 nomine

798 5578 1004 5634 Christi
1063 5581 1353 5642 sustinere,
1387 5596 1547 5651 quam
1604 5581 1762 5636 ﬁdem
1818 5597 1969 5635 suam
2003 5581 2056 5635 in
2087 5580 2364 5636 Christum

803 5674 1048 5744 lej‘ccre.
1106 5672 1288 5728 Multis
1323 5674 1484 5744 igitur
1525 5675 1811 5730 tormentis
1851 5683 1906 5729 et
1955 5673 2236 5743 suppliciis
2275 5687 2366 5727 cx-

886 5846 922 5876 "
965 5849 1098 5903 Gen.
1139 5866 1173 5911 t,
1207 5847 1250 5899 i.

2461 4673 2528 4739 τῇ
2563 4671 2735 4738 φωνῇ,
2775 4668 2968 4734 Μέγας
3023 4671 3049 4720 ὸ
3079 4667 3210 4728 Θεὸς
3249 4667 3357 4720 τῶν
3407 4666 3776 4734 Χριστιανῶν,
3822 4668 4044 4735 μεγάλη

2462 4762 2494 4828 ὴ
2528 4760 2706 4821 πίστις
2736 4759 2933 4820 αὐτῶν,
2949 4759 3039 4810 καὶ
3057 4757 3338 4809 ἐπίστευον
3357 4756 3434 4818 είς
3460 4755 3549 4807 τὸν
3565 4755 3824 4823 Χριστόν.
3848 4757 3949 4809 Καὶ
3965 4758 4049 4808 ὅτι

2467 4849 2566 4919 μὲν
2590 4853 2788 4910 πάντες
2817 4853 2864 4900 οἱ
2904 4849 2997 4900 τοῦ
3031 4847 3266 4916 Χριστοῦ
3295 4849 3569 4916 μάρτυρες
3599 4847 3858 4914 θαύματα
3888 4850 4053 4914 ἐνήρ-

2464 4956 2592 5008 γουν
2622 4940 2844 5008 ἄπειρα,
2879 4940 3034 4993 ἅτινα
3065 4939 3153 4990 διᾶι
3175 4939 3237 4989 τὸ
3284 4937 3487 5006 πλῆθος
3516 4936 3806 5000 εἰάθησαν,
3867 4937 4053 4989 τοιοῦ·

2469 5031 2568 5084 τόν
2600 5032 2775 5088 ἔστιν.
2811 5033 2960 5098 ὅμως
3007 5029 3062 5081 δὲ
3099 5030 3162 5081 ὲκ
3194 5027 3298 5081 τῶν
3352 5027 3564 5079 πολλῶν
3629 5027 4054 5096 συνεγράψαντο

2470 5124 2518 5174 cl.
2548 5121 2628 5192 τῷ
2652 5122 2826 5190 καιρῷ
2851 5121 3237 5192 εὑρισκόμενοι
3282 5121 3477 5189 ἐκείνῳ
3506 5120 3606 5172 οὑκ
3633 5117 3818 5184 ὀλίγα,
3877 5118 3938 5182 ἐξ
3969 5114 4052 5170 ὧν

2470 5216 2531 5266 ἓν
2557 5217 2672 5266 ἐστι
2692 5213 2869 5266 τοῦτο.
2907 5212 2968 5264 ὐ
2999 5209 3127 5279 παρ’
3156 5210 3320 5280 ἡμῶν
3350 5211 3457 5267 τῶν
3485 5208 3829 5278 Χριστιανῶν
3875 5209 4055 5277 τιμῶ-

2472 5323 2628 5376 μενος
2716 5306 2921 5375 μάρτυς
2993 5305 3085 5356 τοῦ
3145 5303 3380 5372 Χριστοῦ
3436 5302 3730 5369 Γεώργιος,
3832 5301 3896 5362 ὃς
3957 5303 4055 5352 καὶ

2474 5397 2607 5466 παρ’
2634 5395 2812 5448 αὑτῶ)
2883 5397 2989 5446 τῶν
3044 5393 3482 5461 hlium-alpion
3540 5393 3792 5459 τιμᾶται,
3842 5392 4052 5459 ὀνομα-

2472 5489 2622 5552 ζεται
2647 5487 2702 5540 δὲ
2723 5488 2850 5556 παρ’
2873 5508 2888 5538 ;
2905 5487 3046 5538 ὑτῶν
3070 5487 3249 5555 Χετὴρ
3273 5483 3477 5547 Ἧλίσζ,
3509 5481 3936 5551 βασανιζόμενος
3962 5481 4056 5533 καὶ

2475 5578 2870 5648 πειραζόμενος
2902 5577 3052 5645 παρὰ
3081 5577 3190 5628 τῶν
3245 5573 3458 5628 ἀσεϐῶν
3492 5575 3586 5626 καὶ
3619 5571 4054 5641 εἰδωλολατρῶν,

2475 5673 2559 5726 ἵνα
2605 5670 2696 5724 τὸν
2728 5668 2828 5740 μὲν
2876 5669 3110 5740 Χριστὸν
3181 5670 3506 5740 ἀρνήσηται,
3562 5664 3806 5737 σεϐασθῇ
3841 5664 3905 5718 δὲ
3960 5665 4059 5716 καὶ
