4204 6444
179 408 289 474 5‘3

1127 403 1421 464 CONTRA
1464 400 1943 461 MAIIOMETEM
1986 398 2355 459 APOLOGIA
2400 398 2511 458 Ιῖῐ.

3329 395 3435 459 514

182 519 543 589 προσκυνήσῃ
583 518 692 580 τοῖς
764 515 985 568 ἐκείνων
1013 513 1176 576 θεοῖς,
1205 516 1231 564 ὁ
1256 514 1309 565 δὲ
1342 516 1624 582 προείλετο
1667 530 1764 580 μυ-

1874 511 2146 564 cruciatns
2181 520 2405 573 martvr,
2436 508 2569 561 dicit
2594 514 2858 577 tyranno:
2902 506 3109 560 Euntcs
3152 505 3437 561 videamus

186 611 335 678 ρίους
367 610 629 670 θανάτους
658 609 749 660 καὶ
783 608 983 676 μυρίας
1023 606 1286 674 βασάνους
1323 605 1461 673 ὑπὲρ
1497 603 1591 655 τοῦ
1645 604 1765 654 ὀνό-

186 719 361 767 ματος
408 700 501 753 τοῦ
544 700 804 769 Χριστοῦ,
861 700 891 766 ἢ
946 700 1080 759 ὃλως
1115 696 1375 758 ἀθετῆσαι
1435 697 1533 762 τὴν
1566 697 1646 756 εἰς
1676 696 1768 747 τὸν

183 792 422 861 Χριστὸν
471 792 653 843 πίστιν
688 788 884 845 αὐτοῦ.
929 791 1038 842 Καὶ
1088 790 1348 857 ὲποίησαν
1386 786 1536 855 αὐτῷ
1600 803 1769 854 τιμω-

187 886 310 953 pia:
344 885 608 952 μεγάλας,
645 884 737 933 καὶ
789 882 1148 948 πειρατήρια.
1188 881 1351 945 Λέγει
1404 879 1459 930 δὲ
1490 881 1517 931 ὁ
1551 879 1766 947 μάρτυς

182 975 261 1038 te?»
293 974 563 1039 τυράννῳ.
610 970 963 1031 Ἀπελθόντες
996 970 1198 1034 ἴδωμεν
1221 967 1347 1027 τοὺς
1397 966 1550 1025 θεοὺς
1588 963 1762 1031 ὑμῶν’

195 1064 256 1115 Ὀ
280 1064 335 1114 δὲ
364 1062 599 1125 ἀκούσας
626 1063 797 1130 ἐχάρη
834 1061 977 1122 λιάν,
1036 1056 1323 1110 ὑπολαϐὼν
1355 1059 1433 1109 ὅτι
1466 1058 1766 1124 ἀπέρχεται

185 1155 369 1205 θύσων
402 1159 511 1215 τοῖς
545 1154 686 1213 θεοῖς
728 1153 914 1205 αὑτοῦ.
975 1151 1345 1205 Ἀπελθόντων
1392 1149 1573 1199 τοίνυν
1632 1149 1765 1197 πάν-

184 1258 296 1291 των
325 1240 457 1307 ὁμοῦ
486 1241 579 1291 τοῦ
602 1256 657 1290 τε
684 1240 945 1307 τυράννου
982 1242 1076 1289 σὺν
1111 1238 1271 1289 παντὶ
1293 1237 1370 1302 τῷ
1404 1237 1619 1302 πλήθει,
1645 1251 1769 1286 συν-

186 1332 413 1400 εισῆλθε
444 1333 521 1391 είς
566 1331 657 1382 τὸν
690 1331 871 1399 βωμὸν
916 1331 1009 1382 καὶ
1041 1331 1069 1381 ό
1113 1330 1317 1399 μάρτυς
1353 1326 1637 1394 Γεώργιος.
1675 1330 1767 1377 καὶ

184 1424 339 1489 λέγει
371 1424 581 1492 μεγάλῃ
611 1426 677 1490 τῇ
715 1425 866 1491 φωνῇ
902 1439 915 1454 ·
942 1422 1033 1474 Ἐν
1056 1421 1133 1489 τῷ
1155 1422 1381 1488 ὀνόματι
1418 1418 1591 1487 Ἰησοῦ
1630 1419 1766 1487 Χρι-

190 1513 326 1564 στοῦ
355 1512 426 1562 τά
467 1512 655 1577 ἄφωνα
690 1511 883 1565 εἴδωλα
947 1512 1137 1563 εἴπατε
1177 1510 1277 1579 τὴν
1341 1508 1622 1575 ἀλήθειαν,
1682 1507 1765 1569 τίς

187 1604 310 1653 ἐστι
343 1601 476 1663 Θεὸς
523 1601 759 1669 ἁληθήςς
819 1602 921 1655 Καὶ
978 1601 1258 1668 παρευθὺς
1320 1600 1631 1667 λαλήσαντα
1695 1598 1763 1649 τὰ

186 1692 389 1745 εἴδωλα
420 1688 674 1754 cina)va
716 1692 949 1760 Χριστὸς
1005 1691 1034 1742 ὁ
1075 1691 1199 1754 Υἱὸς
1249 1690 1341 1743 τοῦ
1378 1691 1531 1752 Θεοῦ,
1592 1691 1683 1740 καὶ
1739 1689 1768 1740 ό

184 1780 382 1833 τούτου
422 1784 605 1849 Πατὴρ
633 1785 660 1833 ὀ
684 1781 833 1843 Θεός.
871 1782 977 1833 Καὶ
1019 1781 1182 1833 πάλιν
1234 1782 1261 1833 ὁ
1293 1781 1520 1848 μάρτυς,
1555 1779 1643 1829 Ἐν
1690 1779 1767 1849 τῷ

1870 603 2004 656 deus
2039 613 2270 655 vestros.
2331 599 2430 653 Hic
2460 615 2590 652 vero
2644 599 2747 653 hoc
2786 598 2995 657 audito,
3033 597 3188 650 valde
3221 600 3439 666 gavisus

1869 700 1976 751 est,
2008 692 2329 743 existimans
2364 689 2507 740 hunc
2536 686 2642 739 diis
2688 687 2800 739 suis
2829 702 2949 739 esse,
2982 686 3435 739 sacriﬁcaturum.

1868 781 2134 836 Omnibus
2186 797 2315 835 vero
2353 779 2513 834 simul
2549 777 2828 846 profectis,
2879 788 2932 831 et
2963 792 3192 847 tyranno
3220 792 3439 843 qtloqttc

1868 885 1991 923 cum
2030 870 2186 923 turba
2224 885 2319 923 sua
2361 869 2507 921 hunc
2560 867 2883 929 comitan'e,
2924 878 3127 935 martyr
3173 866 3439 933 Georgius

1874 963 1939 1014 ad
1977 978 2122 1014 arant
2159 962 2407 1019 accessit,
2438 971 2493 1013 et
2529 959 2662 1012 dicit
2691 973 2822 1011 voce
2854 974 3076 1026 magna:
3120 959 3176 1011 In
3220 958 3439 1011 nomine

1868 1052 2094 1109 Christi,
2134 1067 2167 1102 o
2215 1050 2358 1103 idola
2394 1062 2563 1111 mnta,
2600 1050 2883 1101 veritatem
2939 1048 3124 1101 dicite.
3178 1050 3436 1108 Quisnam

1868 1144 2012 1197 Deus
2038 1158 2200 1194 verus
2224 1142 2341 1194 est?
2366 1141 2429 1194 Et
2460 1150 2680 1208 repente
2715 1141 2855 1193 idola
2890 1141 3146 1208 loquendi
3184 1140 3437 1193 facultate

1868 1234 2085 1293 donata.
2142 1233 2420 1293 dixerunt,
2486 1230 2740 1285 Christus
2798 1230 2966 1283 Filius
3009 1232 3121 1284 Dei.
3185 1241 3238 1284 et
3276 1230 3437 1297 hujus

1868 1329 2036 1380 Pater
2071 1326 2230 1379 Deus.
2272 1326 2337 1378 Et
2372 1340 2590 1377 rursum
2624 1322 2825 1392 adjecit
2859 1331 3095 1390 martyr:
3131 1322 3184 1373 1;ι
3222 1324 3438 1374 nomine

1868 1417 2069 1471 Christi
2116 1426 2275 1467 terra:
2315 1414 2455 1467 illisa
2513 1413 2914 1476 conteramini;
2968 1423 3014 1465 et
3068 1412 3183 1481 ipso
3238 1412 3435 1465 ναι-ειη

1868 1509 2093 1562 verbum
2127 1506 2233 1559 hoc
2266 1504 2586 1567 comitante,
2618 1505 2799 1557 omnia
2831 1504 2971 1557 idola
3006 1505 3057 1557 in
3086 1512 3283 1558 terram
3313 1518 3445 1557 con-

1869 1602 2144 1659 ciderunt,
2206 1607 2259 1651 et
2287 1596 2564 1650 confracta
2594 1604 2723 1649 sunt
2778 1593 3073 1648 Hominum
3105 1611 3234 1650 vero
3271 1594 3444 1647 turbae

1870 1690 1974 1743 hoc
2028 1690 2293 1742 miraculo
2326 1688 2464 1751 viso,
2509 1702 2699 1756 magna
2741 1697 2795 1741 et
2829 1686 2972 1739 clara
3006 1701 3138 1738 voce
3170 1686 3443 1739 exclama-

1869 1789 2101 1833 verunt:
2138 1779 2321 1845 Magna
2356 1788 2441 1832 est
2479 1780 2608 1832 ﬁdes
2635 1777 3099 1838 Christianorum,
3131 1786 3184 1829 et
3216 1790 3443 1843 magnus

188 1870 422 1936 ὀνόματι
483 1834 841 1935 τούιΧριστόῦ
878 1869 1111 1921 πεσόντα
1142 1882 1226 1929 εις
1261 1834 1517 1935 τῖὴνιγῆν,
1554 1834 1767 1935 συντρίο

1874 1877 1954 1921 est
1991 1866 2129 1920 [lens
2159 1834 2399 1933 Georgii.

188 1964 348 2029 ϐητε.
379 1963 485 2015 Καὶ
515 1961 1038 2031 ὲπακολουθησάσης
1066 1962 1143 2029 τῷ
1190 1962 1330 2027 λόγῳ
1382 1962 1475 2012 καὶ
1554 1959 1857 2028 ἐνεργείας,
1900 1960 2094 2011 ἔτεσον
2128 1960 2304 2010 πάντα
2338 1958 2404 2009 τὰ
2434 1956 2625 2009 εἴδωλα
2652 1957 2729 2018 εἰς
2768 1956 2864 2025 τὴν
2895 1957 3017 2025 γὴν,
3069 1957 3158 2008 καὶ
3200 1955 3447 2025 συνετρῶ

190 2059 393 2123 ϐησαν.
435 2055 507 2106 Τὸ
537 2055 589 2106 δὲ
623 2054 826 2123 πλῆθος
876 2055 1076 2115 ἰδόντες
1100 2054 1160 2105 τὸ
1193 2053 1528 2121 τεράστιον,ῗ
1566 2052 1775 2122 μεγάλῃ
1813 2054 1905 2105 καὶ
1943 2053 2175 2123 λαμπρᾷ
2238 2054 2304 2122 τῇ
2371 2054 2520 2121 φωνῇ
2554 2050 2873 2120 ἐξεϐόησαν,
2916 2052 3139 2119 Μεγάλη
3171 2052 3205 2116 ἡ
3264 2051 3444 2113 πίστις

187 2148 301 2199 τῶν
338 2146 697 2215 Χριστιανῶν,
734 2145 909 2215 μέγας
940 2147 966 2197 ὁ
996 2144 1125 2205 Θεὸς
1156 2144 1451 2212 Γεωργίου.

266 2280 346 2346 ς’.
378 2282 794 2335 Ἀκουσάτωσαν
815 2282 862 2334 οἱ
894 2282 967 2350 μὴ
1001 2281 1343 2346 πιστεύοντες
1385 2284 1465 2345 εἰς
1491 2284 1580 2337 τὸν
1605 2284 1772 2353 Χρισ-

189 2377 311 2435 τὸν,
344 2377 439 2427 καὶ
460 2375 926 2444 αἱσχυνθήτωσαν,
950 2375 1029 2426 ὅτι
1055 2379 1081 2426 ὁ
1103 2375 1276 2444 πατὴρ
1304 2374 1395 2426 τοῦ
1414 2375 1641 2443 ψεύδους
1660 2376 1773 2428 διά-

193 2467 352 2527 6ο).ος
388 2466 486 2517 οὑκ
518 2465 755 2534 ἠδυνήθη
808 2464 1013 2533 κρύψαι
1045 2465 1102 2516 τὸ
1133 2465 1214 2527 ὃν,
1275 2464 1389 2517 ἀλλ’
1430 2466 1771 2535 ἐπιτιμηθεὶς

192 2556 351 2625 παρὰ
379 2555 471 2607 τοῦ
504 2555 680 2622 ἁγὶου,
726 2556 819 2607 καὶ
845 2550 955 2607 οἷον
981 2555 1169 2615 ὥσπερ
1225 2555 1328 2607 ὑπὸ
1364 2556 1462 2623 τῆς
1508 2556 1770 2625 ἀληθείας

200 2646 549 2715 μαστιχθεὶς,
607 2646 926 2714 ὡμολόγησε
979 2646 1069 2697 τὸν
1135 2646 1369 2713 Χριστὸν
1419 2644 1550 2696 Θεὸν
1628 2640 1768 2696 εἶναι

196 2737 478 2805 ἀληθινόν.
512 2738 573 2788 Οἱ
605 2736 659 2787 δὲ
699 2737 771 2805 μὴ
830 2735 1215 2797 πιστεύσαντες
1249 2736 1329 2787 ἔτι
1376 2737 1451 2797 ὡς
1506 2736 1561 2785 ἐν
1606 2734 1768 2802 βαθυ-

197 2832 354 2898 τάτῳ
385 2828 565 2881 σκότει
601 2827 962 2896 περιπατοῦσι
1018 2828 1385 2895 πλανώμενοι.
1443 2828 1563 2879 Ἔτι
1591 2828 1647 2878 δὲ
1683 2826 1773 2877 τοῦ

199 2918 442 2987 Χριστοῦ
500 2918 591 2970 ἐπὶ
648 2918 745 2986 τῆς
791 2918 893 2985 γῆς
927 2918 1337 2985 εὑρισκομένου,
1395 2918 1587 2987 ἔφερον
1641 2917 1773 2982 πρὸς

199 3008 369 3060 αὑτὸν
397 3006 681 3075 ἄνθρωπον
740 3007 790 3059 οἱ
856 3009 1033 3075 γονεῖς
1085 3006 1249 3059 αὑτοῦ
1304 3007 1773 3074 δαιμονιζόμεναν,

201 3098 300 3150 καὶ
326 3097 669 3164 παρεκάλουν
699 3097 880 3160 αὑτὸν,
914 3096 1001 3149 ἱνα
1030 3094 1344 3167 θεραπεύσῃ
1378 3096 1581 3150 τοῦτον.
1624 3095 1692 3148 Ὀ
1716 3097 1771 3148 δὲ

1949 2282 2003 2336 6.
2037 2283 2295 2349 Audiam,
2342 2284 2435 2353 qui
2490 2283 2542 2337 in
2600 2281 2877 2338 Christum
2928 2298 3033 2334 non
3089 2284 3341 2344 credunt,
3392 2291 3448 2336 et

1876 2376 2301 2439 confundantur,
2326 2375 2471 2444 quod
2502 2387 2654 2443 pater
2673 2373 2943 2426 mendacii
2978 2373 3227 2427 diabolus
3254 2390 3443 2429 verum

1874 2468 2127 2521 occulere
2167 2481 2273 2519 non
2326 2467 2521 2534 potuit,
2552 2464 2644 2519 sed
2676 2480 2705 2517 a
2738 2474 2929 2517 sancto
2960 2465 3285 2532 increpatus,
3333 2475 3387 2519 et
3416 2480 3447 2517 a

1875 2562 2102 2610 Vt-ritate
2131 2573 2230 2611 ceu
2263 2556 2582 2626 ilagellatus.
2612 2556 2893 2611 Christum
2928 2556 3095 2609 Deum
3119 2572 3238 2609 esse
3259 2573 3445 2610 verum

1876 2648 2159 2701 eonfe‘sus
2188 2634 2303 2700 est,
2332 2648 2434 2711 Qui
2476 2663 2603 2700 vero
2633 2662 2741 2700 non
2801 2646 3051 2709 credunt,
3094 2657 3358 2719 tanquam
3392 2651 3446 2700 in

1882 2740 2225 2793 densissimis
2278 2740 2518 2793 tenebris
2565 2747 2812 2792 errantes
2858 2738 3231 2792 obambulant.
3277 2740 3448 2793 Porro

1878 2830 2094 2883 Christo
2120 2829 2299 2882 adhuc
2332 2830 2381 2880 in
2420 2829 2580 2881 terris
2627 2838 2844 2897 agente,
2881 2828 3180 2881 attulerunt
3232 2830 3306 2883 illi
3355 2846 3449 2899 pa-

1881 2929 2060 2972 rentes
2090 2920 2311 2987 quidam
2364 2919 2533 2972 lilium
2581 2920 2671 2987 qui
2722 2920 2989 2973 daemonio
3036 2919 3363 2990 agitabatur,
3393 2930 3449 2973 et

1879 3012 2108 3064 orabant
2167 3026 2293 3063 eum
2344 3022 2400 3064 ut
2438 3012 2587 3063 illum
2622 3023 2859 3064 sanaret.
2899 3011 3115 3064 D:emon
3162 3026 3312 3074 vero,
3354 3011 3446 3080 qui

1887 3102 2164 3155 hominem
2225 3113 2607 3169 occupaverat,
2659 3103 2778 3157 viso
2835 3100 3052 3155 Christo
3106 3101 3449 3164 exclamavit,

202 3193 261 3241 ὲν
290 3188 373 3256 τῷ
400 3187 669 3257 ἀνθρώπῳ
694 3187 1082 3256 εὑρισκόμενος
1113 3187 1345 3255 δαίμων,
1376 3186 1497 3239 ἰδὼν
1540 3189 1631 3239 τὸν
1675 3188 1768 3256 ’1η-

1880 3193 2112 3247 dicens:
2155 3211 2171 3242 ι
2202 3194 2340 3258 Quid
2376 3194 2506 3246 mihi
2544 3202 2721 3246 tceum
2754 3194 2829 3247 rei
2880 3203 2987 3259 est,
3035 3192 3133 3247 Fili
3177 3193 3306 3247 Dei?
3352 3190 3453 3247 Ve-

214 3280 373 3343 σοῦν,
437 3280 631 3349 ἔκραξε
683 3279 877 3346 λέγων,
917 3298 933 3329 ι
970 3279 1032 3331 Τί
1077 3280 1198 3349 ἐμοὶ
1252 3281 1345 3331 καὶ
1398 3280 1499 3340 σοὶ,
1561 3280 1642 3332 υἱὲ
1682 3278 1777 3330 τοῦ

202 3372 342 3424 Θεοῦ
370 3368 566 3440 ﬁnes;
601 3371 704 3440 πρὸ
726 3370 917 3439 καιροῦ
954 3370 1235 3439 βασανίσαι
1260 3373 1425 3439 ἡμᾶς.
1467 3390 1483 3420 i
1508 3373 1639 3423 usas
1670 3374 1778 3441 γὰρ

207 3461 288 3525 εἷς
317 3463 561 3525 διάϐολος
590 3459 656 3532 ἦν
682 3466 739 3514 ὲν
778 3462 855 3530 τῷ
886 3462 1187 3531 ἀνθρώπῳ,
1228 3464 1360 3515 ἀλλὰ
1419 3463 1625 3515 πολλοί.
1673 3462 1778 3515 Τοῦ

203 3556 260 3606 δὲ
311 3554 489 3621 Ἰησοῦ
566 3554 991 3621 ἐπιτιμήσαντος
1047 3554 1231 3616 αὑτὸν,
1292 3554 1527 3617 ἐξὲλθον
1562 3573 1624 3606 εκ
1684 3554 1778 3604 τοῦ

206 3644 525 3714 ἀνθρώπου,
562 3645 655 3696 καὶ
700 3643 915 3710 ἐγένετο
988 3642 1166 3711 ὑγιής.
1200 3645 1264 3696 Τί
1315 3645 1389 3708 δὲ,
1444 3645 1501 3695 ὃν
1537 3642 1778 3711 ἐμαρτύ-

212 3753 382 3804 ρησεν
407 3740 433 3786 ὁ
465 3735 617 3797 Θεὸς,
651 3734 708 3785 ὃν
731 3732 1006 3803 ἐκήρυξαν
1036 3735 1085 3786 οἱ
1119 3735 1417 3803 προφῆται,
1450 3737 1529 3796 εἰς
1564 3735 1623 3786 ὃν
1665 3737 1781 3785 επί-

209 3844 367 3879 στευε
401 3830 545 3878 πᾶσι
581 3828 954 3895 ἠεοὶκουμένη,
1008 3827 1067 3878 ὃν
1102 3828 1195 3878 καὶ
1244 3827 1396 3877 αὐτοὶ
1429 3828 1474 3878 οἱ
1526 3828 1778 3894 δαίμονες

213 3920 291 3988 μὴ
329 3918 641 3986 βουλόμενοι
670 3917 1027 3985 ὡμολόγησαν
1056 3916 1209 3976 Θεὸν,
1266 3916 1547 3985 φρίττουσι
1592 3917 1648 3967 δὲ
1684 3918 1779 3968 καὶ

208 4012 477 4077 τρέμουσι
510 4008 827 4075 τῷὀνίὶματι
879 4005 1067 4069 αὑτοῦ,
1129 4005 1320 4057 τοῦτον
1362 4006 1409 4056 οἱ
1467 4007 1539 4072 μὴ
1591 4005 1781 4071 ὁμολο-

210 4101 441 4167 γοῦνται
486 4098 618 4150 Θεὸν
646 4099 745 4149 οὑκ
796 4096 901 4148 εἰσὶ
938 4098 1156 4163 μάταιοι
1215 4100 1305 4149 καὶ
1337 4096 1778 4164 πεπλανημένοις

213 4186 389 4239 "avri
442 4202 541 4236 που
577 4184 752 4251 δῆλον.
784 4184 892 4235 Καὶ
947 4184 1065 4234 τότε
1125 4182 1533 4249 πληςωθήσεται
1570 4181 1656 4234 ἐπ’
1686 4182 1783 4233 αὑ-

210 4281 337 4336 τοὺς
364 4275 425 4324 τὸ
458 4274 789 4341 προφητικὸν
834 4272 1014 4338 λόγιον
1069 4271 1159 4323 τοῦ
1200 4272 1385 4334 Δαϐὶδ,
1457 4274 1537 4322 ὅτι
1596 4291 1611 4320 ι
1655 4274 1782 4323 Ἀν-

212 4370 435 4435 θρωπος
465 4369 519 4416 ὲν
548 4367 683 4432 τιμῇ
724 4362 823 4423 ὢν,
853 4362 913 4414 οὑ
944 4362 1162 4429 συνῆκε.
1199 4362 1645 4431 Παρεσυνεὸλὴθη
1673 4363 1781 4422 τοῖς

1881 3284 2009 3337 nisti
2056 3294 2182 3335 ante
2210 3293 2422 3351 tempus
2447 3281 2513 3335 ad
2542 3282 2886 3351 alﬂigendum
2923 3284 3058 3335 nos?
3098 3299 3118 3331 ›
3154 3282 3268 3336 Non
3303 3281 3448 3335 enim

1882 3392 2024 3431 unus
2055 3384 2265 3429 tantum
2299 3376 2353 3428 in
2390 3375 2612 3428 homine
2646 3384 2764 3428 erat
2804 3376 3077 3436 diabolus,
3128 3375 3223 3429 sed
3268 3374 3451 3428 multi.

1879 3469 2015 3523 Cum
2047 3478 2230 3521 autem
2264 3467 2424 3521 Jesus
2459 3467 2604 3520 hunc
2636 3467 2967 3534 increparet,
3004 3482 3069 3519 ex
3100 3466 3322 3520 homine
3369 3465 3451 3519 di-

1880 3560 2053 3629 gressi
2086 3567 2235 3617 sunt.
2278 3568 2332 3611 et
2366 3558 2581 3611 sanitati
2624 3558 2913 3611 restitutus
2948 3566 3052 3611 est.
3084 3558 3254 3622 Quem
3288 3556 3452 3625 igitur

1881 3652 2025 3705 Deus
2054 3651 2170 3719 ipse
2204 3660 2433 3702 testatus
2485 3657 2588 3713 est,
2646 3664 2805 3717 quem
2841 3648 3275 3716 praediczn'erunt
3321 3664 3451 3713 pro-

1884 3743 2083 3810 phetaa,
2118 3742 2169 3793 in
2203 3754 2364 3808 quem
2410 3740 2697 3791 universus
2727 3738 2874 3791 Orbis
2918 3737 3169 3798 credidit,
3205 3722 3366 3806 quem
3398 3746 3454 3792 et

1881 3832 1983 3901 ipsi
2016 3831 2288 3884 daemones
2319 3830 2447 3882 licet
2476 3830 2629 3882 inviti
2680 3829 2848 3882 Deum
2885 3844 3005 3883 esse
3036 3830 3271 3885 confessi
3300 3820 3463 3896 sunt,

1881 3924 2036 3992 cujus
2066 3936 2264 3975 nomen
2301 3921 2525 3973 horrent
2585 3929 2640 3973 et
2693 3929 2953 3985 tremunt,
3008 3921 3152 3974 hunc
3205 3923 3450 3990 inquam,

1882 4014 1976 4079 qui
2011 4028 2120 4066 non
2161 4011 2512 4075 conﬁteatur,
2576 4025 2757 4064 nonne
2790 4012 2941 4065 stulti
2970 4022 3098 4066 sunt
3126 4022 3172 4066 et
3205 4014 3452 4069 seducti?

1884 4102 2120 4157 Omnino
2154 4110 2321 4154 certe.
2351 4100 2505 4154 Tunc
2536 4100 2718 4169 itaque
2756 4103 3072 4171 implebitur
3106 4104 3160 4157 in
3199 4104 3303 4159 illis
3327 4120 3451 4173 pro—

1884 4176 2157 4261 pheticum
2190 4189 2321 4243 illud
2374 4189 2593 4243 Davidis
2633 4194 2956 4245 oraculum:
2995 4210 3013 4242 ι
3056 4191 3229 4247 Hanno
3269 4195 3320 4247 in
3356 4196 3454 4249 ho-

1883 4299 2018 4336 nere
2060 4283 2349 4343 exsistens,
2385 4297 2491 4333 non
2524 4283 2833 4349 intellexit;
2871 4292 3219 4350 comparatus
3256 4294 3335 4338 est
3360 4289 3452 4354 ju-

1886 4372 2085 4424 nientis
2124 4370 2320 4432 brutis,
2353 4379 2407 4422 et
2434 4370 2624 4423 similis
2647 4370 2732 4425 his
2754 4370 2927 4424 factus
2962 4381 3045 4424 est
3070 4372 3135 4423 δ’.
3175 4391 3193 4425 ι
3225 4373 3287 4425 Ει
3322 4390 3452 4428 sane

213 4462 439 4521 κτήνεσι
499 4452 608 4511 τοῖς
647 4452 915 4519 ἀνοήτοις,
969 4451 1061 4503 καὶ
1115 4451 1351 4518 όμοιὼθη
1386 4452 1585 4509 uinci,"
1630 4469 1649 4501 ι
1690 4452 1768 4503 καῖ

1887 4460 2069 4514 felices
2100 4469 2302 4521 essent.
2341 4459 2385 4512 si
2443 4475 2539 4529 pro
2597 4461 2774 4513 brutis
2820 4462 3153 4515 haberentur
3206 4463 3454 4517 animali-

217 4547 492 4613 μακάριον
518 4544 699 4603 αὑτοῖς
723 4538 813 4612 ἦν,
840 4542 995 4610 εῐτιιρ
1033 4541 1329 4610 ἐκρίθησαν
1368 4542 1441 4603 ὡς
1498 4543 1565 4594 τὰ
1615 4544 1782 4607 ἄλογα

214 4636 358 4697 ζῶα.
424 4633 638 4685 Ἐκεῖνα
704 4633 811 4700 γὰρ
870 4633 991 4684 επεὶ
1035 4632 1131 4700 οὑχ
1191 4632 1614 4699 ἁμαρτάνουσιν,
1661 4631 1781 4684 οὑδὲ

216 4722 552 4788 κολασθῆναι
590 4722 891 4789 μέλλουσιν.
924 4720 1056 4773 Οὑαὶ
1098 4721 1153 4772 δὲ
1179 4722 1287 4780 τοῖς
1319 4720 1392 4789 μὴ
1427 4721 1782 4772 πιστεύσασιν

216 4821 297 4878 εἰς
330 4818 422 4868 τὸν
456 4816 685 4883 Χριστόν
718 4834 730 4848 ο
759 4814 871 4867 εἴθε
899 4814 971 4884 μὴ
999 4813 1366 4884 ἐγεννήθησαν
1427 4815 1473 4865 οἱ
1506 4812 1782 4880 ἄνθρωποι

219 4913 419 4960 ἐκεῖνοι
445 4910 456 4957 ε

294 5020 339 5083 ζ’
352 5062 363 5072 .
393 5022 546 5074 Μετὰ
566 5020 620 5072 δὲ
634 5020 724 5072 τὸν
739 5020 963 5071 θάνατον
981 5018 1090 5069 τῶν
1114 5015 1405 5086 μαρτύρων
1424 5017 1785 5085 προσέτρεχον

219 5120 269 5169 οἱ
298 5116 577 5179 ἄνθρωποι
603 5114 679 5172 εἰς
704 5114 829 5174 τοὺς
858 5111 1057 5177 τάφους
1100 5111 1191 5160 καὶ
1223 5108 1288 5159 τὰ
1318 5111 1555 5177 μνημεῖα
1585 5109 1782 5169 αὐτῶν,

219 5210 319 5260 καὶ
350 5204 750 5274 ἐθεραπεύοντο
783 5202 879 5262 τὰς
912 5203 1098 5263 νόσους
1122 5199 1320 5253 αὑτῶν.
1369 5199 1525 5251 Ἀλλὰ
1568 5200 1664 5251 καὶ
1695 5198 1788 5269 μὲ-

222 5320 314 5370 χρι
339 5299 441 5366 τῆς
476 5298 715 5364 σήμερον
757 5294 961 5361 ἄπειρα
1003 5292 1257 5361 θαύματα
1313 5290 1657 5358 ὲνεργοῦνται
1711 5292 1789 5351 εἰς

224 5396 351 5452 τοὺς
379 5390 584 5455 τάφους
619 5386 725 5438 τῶν
772 5383 1064 5455 μαρτύρων
1104 5383 1199 5435 καὶ⁵
1228 5382 1333 5433 τῶν
1372 5381 1545 5433 ἄλλων
1594 5382 1785 5447 ἁγίων,

226 5483 335 5534 τῶν
362 5475 834 5545 πολιτευσαμένων
866 5476 1006 5527 κατὰ
1041 5475 1135 5535 τὰς
1165 5474 1384 5534 ἐντολὰς
1416 5471 1509 5523 τοῦ
1542 5472 1788 5537 Εὑαγγς-

226 5572 366 5632 λεου,
399 5568 527 5620 ἔνθα
560 5564 873 5634 εὑρίσκοντο
896 5563 1159 5633 κείμενοι.
1202 5562 1363 5614 Ἀλλὰ
1390 5562 1480 5614 καὶ
1536 5563 1673 5614 κατὰ
1729 5562 1787 5612 τὸ

297 5768 343 5798 ⁸³
384 5763 527 5820 Psal.
562 5782 745 5830 XLVIII,
780 5766 860 5819 l3.

1889 4552 2012 4605 bus.
2066 4549 2190 4603 Haec
2240 4551 2387 4603 enim
2439 4566 2561 4602 cum
2617 4565 2722 4604 non
2782 4561 3032 4619 peccent,
3081 4568 3181 4607 nec
3235 4571 3450 4622 pinnam

1889 4640 2053 4694 etiam
2090 4638 2283 4693 datura
2331 4648 2477 4692 sunt.
2516 4638 2606 4692 Vae
2658 4647 2839 4691 autem
2900 4640 2953 4693 in
3003 4639 3284 4696 Christum
3344 4660 3449 4697 non

1890 4730 2267 4796 credentibus;
2304 4731 2511 4783 utinam
2543 4744 2652 4783 non
2680 4731 2793 4785 nati
2822 4740 3006 4786 essent
3040 4733 3288 4789 homines
3323 4734 3447 4790 isti!

1964 5015 2012 5067 7.
2042 5014 2169 5069 Post
2196 5024 2425 5068 mortem
2463 5030 2592 5068 vero
2621 5025 2918 5086 martyrum
2960 5032 3357 5077 concurrerunt
3385 5027 3451 5080 ad

1891 5104 2161 5172 sepulcra,
2186 5111 2239 5156 et
2276 5116 2629 5157 monumenta
2665 5103 2857 5158 horum
2887 5104 3159 5171 homines,
3192 5117 3248 5162 et
3279 5115 3451 5165 sanati

1891 5206 2017 5250 sunt
2048 5211 2076 5248 a
2113 5194 2318 5248 morbis
2362 5198 2497 5249 suis.
2534 5194 2798 5247 Cancrum
2829 5212 2999 5265 usque
3030 5200 3095 5251 ad
3132 5202 3452 5256 hodiernum

1894 5288 2037 5341 diem
2066 5287 2275 5340 inﬁnita
2300 5286 2539 5340 eduntur
2573 5285 2832 5340 miracula
2856 5289 2999 5342 circa
3030 5292 3280 5360 sepulcra
3313 5311 3455 5347 mar-

1896 5387 2096 5447 tyrum,
2129 5386 2182 5431 et
2229 5378 2459 5430 aliorum
2511 5386 2845 5442 sanctorum,
2876 5382 2968 5448 qui
2999 5383 3146 5451 juxta
3178 5383 3452 5450 Evangelii

1894 5476 2162 5537 pra'cepta
2212 5468 2376 5521 vitam
2434 5484 2584 5521 suam
2635 5468 3013 5525 instituerunt.
3058 5474 3199 5539 Quin
3229 5486 3281 5529 et
3314 5494 3457 5532 nunc

1894 5561 2113 5615 modum
2149 5576 2257 5615 non
2286 5561 2491 5615 habent
2533 5560 2623 5613 Dei
2656 5562 2922 5629 homines,
2977 5566 3068 5633 qui
3107 5568 3298 5621 salutis
3347 5581 3458 5622 stu-
