4204 6444
770 342 875 410 515

1925 341 2165 400 JOANN
2180 341 2194 397 1
2208 341 2247 399 S
2281 340 2807 400 CANTACUZENI

3909 344 4013 407 516

769 454 903 506 ulzosi
941 464 1086 516 sunt,
1122 463 1167 507 et
1209 452 1425 522 quidam
1468 459 1633 521 agunt
1665 453 1716 503 iu
1751 453 2030 504 montil.us
2096 451 2171 504 illi
2204 467 2334 505 vero
2367 461 2411 514 Α

2367 461 2411 514 Α
2446 455 2631 522 παρὸν
2691 454 2788 505 οὐκ
2838 452 3018 522 ἔχουσι
3055 454 3248 523 μέτρον
3305 455 3353 506 οἱ
3405 454 3496 506 τοῦ
3545 455 3681 508 Θεοῦ
3737 457 4010 528 ἆιθρωποι

773 549 823 597 in
851 546 1147 613 sptluncis,
1185 547 1272 597 alii
1299 560 1421 598 cum
1460 543 1774 598 hominibus
1820 552 2237 604 convcrsantur,
2287 554 2340 595 et

766 636 1024 688 \Zrtntcm
1068 634 1267 686 habent
1302 633 1709 703 potentiamque
1741 631 1937 685 edendi
1974 632 2249 683 miracula.
2284 641 2332 683 et

768 728 957 779 edunt.
990 724 1126 789 Quid
1161 741 1289 777 vero
1338 724 1432 776 tibi
1488 722 1739 775 videtur?
1788 720 1928 774 Num
1984 729 2210 789 pr0pter
2247 719 2342 771 lal-

769 832 913 877 sum,
968 816 1174 878 lictum,
1229 826 1283 867 et
1332 813 1497 866 fucati
1544 814 1634 867 Dei
1673 828 1867 865 nomen
1902 821 2229 880 cooperatus
2259 819 2341 862 est

772 907 1062 960 duodecim
1092 905 1350 974 apostolis
1384 905 1544 969 Deus,
1574 902 1807 956 indoctis
1838 903 1964 966 illis,
1997 913 2051 955 et
2083 902 2339 961 rudibus;

772 1014 870 1066 per
920 999 1129 1050 inlinita
1168 996 1451 1053 miracula,
1496 1004 1551 1047 ct
1581 995 1850 1048 convertit
1898 995 2213 1047 universum
2256 1010 2343 1046 or-

774 1086 895 1139 bent
923 1088 985 1139 all
1025 1088 1182 1140 lidem
1213 1086 1437 1147 Christi,
1471 1094 1525 1138 et
1551 1085 1643 1138 Dei
1681 1085 2069 1151 cognitionem,
2104 1088 2344 1136 frenum-

775 1196 882 1247 que
917 1178 1101 1247 injecit
1133 1179 1446 1231 rbotoribus
1468 1187 1523 1229 et
1563 1175 1906 1244 pitiIUSopliis
1932 1174 1953 1226 ?
1984 1175 2050 1228 Et
2080 1180 2201 1242 quis
2234 1184 2340 1226 tant

776 1272 893 1323 Ιιιίδι
918 1287 943 1322 r
974 1275 1065 1337 qui
1101 1271 1201 1322 hoc
1237 1267 1468 1321 dixerit?
1515 1268 1872 1321 Nobilissima:
1922 1267 2067 1320 enim
2097 1267 2340 1318 muniunt

775 1374 1153 1413 creaturarum
1201 1370 1349 1418 sunt,
1384 1357 1606 1427 angelus
1637 1370 1689 1408 et
1741 1355 1925 1407 homo.
1973 1355 2239 1408 Carterum
2288 1363 2344 1406 et

775 1453 1021 1521 angelus,
1073 1466 1195 1504 eum
1242 1450 1425 1502 animo
1456 1464 1553 1502 suo
1587 1448 1928 1501 divinitatem
1974 1446 2267 1504 affectarat,
2314 1460 2342 1497 a

774 1544 990 1613 propria
1033 1543 1203 1611 gloria
1245 1542 1463 1599 excidit,
1497 1549 1547 1592 et
1571 1555 1637 1592 ex
1673 1539 1865 1607 angelo
1897 1537 2146 1590 diabolus
2172 1537 2345 1589 laetus

773 1647 878 1699 est,
918 1646 1065 1687 ctex
1116 1634 1235 1687 luce
1282 1633 1334 1685 in
1381 1632 1634 1684 tenebras
1686 1639 1943 1683 mutatus.
1988 1627 2250 1681 Similiter
2290 1636 2345 1679 et

776 1723 962 1787 homo,
1002 1739 1124 1776 cum
1168 1731 1386 1775 sanctus
1421 1729 1585 1782 esset,
1624 1727 1680 1773 ct
1716 1718 2027 1787 paradisum
2062 1718 2340 1779 incoleret,

774 1824 1063 1883 postquam
1100 1813 1440 1866 divinitatem
1468 1786 1725 1864 all‘chare
1754 1810 1945 1878 empit,
1988 1826 2055 1862 en
2087 1809 2268 1862 statim
2313 1824 2344 1862 e
2372 1786 2418 1843 Β

775 1920 964 1962 sancto
1002 1918 1252 1975 peccator
1286 1906 1617 1973 comparuit,
1659 1912 1715 1958 ct
1759 1904 2012 1973 paradiso
2059 1903 2339 1972 expulsus,

776 1998 842 2051 ad
892 2006 1050 2050 terra:
1085 1998 1355 2049 culturam
1394 1996 1789 2048 condemnatus
1818 2003 1921 2047 est.
1960 1994 2041 2053 Et,
2074 1993 2217 2061 quod
2259 2010 2346 2047 ea-

776 2087 1246 2140 lamitosissimum
1298 2098 1400 2149 est,
1444 2086 1535 2153 qui
1584 2085 1904 2138 immortalis
1951 2095 2069 2138 erat
2108 2094 2343 2148 creatus,

776 2179 942 2231 morti
987 2178 1267 2245 subjectus
1293 2185 1393 2233 est.
1430 2186 1486 2229 et
1517 2176 1726 2230 audivit
1769 2193 1783 2229 :
1821 2195 1838 2227 ι
1873 2176 1930 2229 1η
1977 2177 2176 2230 sudore
2226 2176 2347 2227 vul-

779 2282 867 2323 tus
887 2269 962 2323 tui
983 2268 1236 2322 comedes
1256 2283 1449 2335 panem
1479 2276 1631 2319 tuum
1655 2283 1669 2319 :
1696 2284 1714 2316 ι
1749 2274 1805 2320 et
1829 2284 1847 2317 ι
1868 2265 2004 2331 Quia
2022 2275 2163 2319 terra
2184 2280 2264 2325 es,
2294 2266 2345 2316 in

779 2371 981 2414 terram
1017 2359 1310 2413 reverteris
1329 2358 1391 2410 “.
1425 2376 1443 2406 ι
1475 2357 1577 2410 Sed
1604 2355 1732 2425 quid
1760 2355 1826 2408 de
1853 2356 2042 2424 angelo
2061 2362 2115 2407 et
2144 2354 2348 2406 Adamo

778 2454 1039 2513 dicimus,
1084 2452 1227 2520 quod
1297 2461 1518 2519 propter
1590 2447 1895 2500 divinitatis
1949 2444 2346 2498 aﬂ‘ectationem

784 2547 898 2599 hare
926 2543 1084 2596 modo
1112 2542 1257 2595 dicta
1286 2540 1427 2607 passi
1460 2539 1592 2600 sint,
1623 2552 1748 2592 cum
1783 2538 1869 2589 vel
1896 2537 1951 2590 hi
1989 2536 2081 2604 qui
2114 2535 2243 2589 Mosi
2291 2551 2348 2589 se

780 2647 1057 2702 opponere
1101 2631 1398 2693 audebant,
1433 2638 1489 2683 et
1524 2630 1807 2681 incensum
1840 2627 1948 2680 Deo
1980 2628 2179 2681 ollerre
2226 2626 2352 2679 reli-

780 2724 954 2793 gionis
981 2722 1175 2792 gratia,
1205 2721 1350 2791 quod
1380 2734 1487 2773 non
1524 2720 1652 2783 illis,
1678 2719 1772 2773 sed
1796 2718 1928 2773 solis
1951 2718 2148 2771 licebat
2169 2732 2351 2772 sacer-

782 2814 1027 2875 dotibus,
1059 2822 1218 2867 terra:
1246 2813 1397 2865 hiatu
1429 2820 1617 2880 aperto
1657 2809 1899 2876 absorpti
1951 2810 2062 2862 sint
2095 2826 2108 2861 :
2140 2809 2347 2863 Datban

782 2906 1065 2967 nimirum,
1100 2903 1329 2963 Abiron,
1360 2909 1415 2955 et
1460 2900 1639 2955 Core?
1679 2900 1918 2953 Emicuit
1945 2901 2109 2952 etiam
2150 2899 2289 2968 ignis
2320 2913 2351 2952 e

786 3005 954 3055 terra,
998 3002 1055 3047 et
1078 2993 1381 3047 combussit
1406 2990 1656 3059 Ophnem
1689 2998 1742 3043 et
1774 2989 2025 3044 Phinees.
2068 2987 2352 3042 Sacriﬁca—

782 3087 863 3138 vit
888 3084 1048 3140 Ozias
1071 3085 1382 3139 Iudaeorum
1412 3099 1527 3146 rex,
1565 3091 1620 3134 et
1651 3080 1931 3149 repentina
1972 3081 2115 3146 lepra
2156 3081 2351 3132 multa-

2444 547 2491 597 οἱ
2529 543 2953 612 ἐπιμελούμενοι
2992 546 3090 612 τῆς
3152 546 3447 614 σωτηρίας,
3500 549 3594 599 καὶ
3622 549 3668 599 πί
3727 548 3827 615 μὲν
3868 549 4010 618 εὑρί-

2445 654 2667 688 σκονται
2694 638 2773 697 είς
2805 638 2869 687 τὰ
2898 636 3019 705 ὅρη,
3045 638 3093 688 οἱ
3123 637 3273 696 δὲεὶς
3298 638 3364 690 τὰ
3405 639 3671 707 σπήλαια,
3704 641 3754 693 οί
3783 640 3841 691 δὲ
3877 644 4011 708 μετᾶ

2443 732 2550 783 τῶν
2578 731 2902 799 ἀνθρώπων,
2932 732 3023 781 καὶ
3074 732 3254 799 ἔχουσι
3282 731 3510 797 δύναμιν
3570 732 3665 783 καὶ
3712 732 3872 800 ἰσχὺν
3903 750 4011 783 7.0:-

2443 820 2573 889 ἧσαι
2628 822 2882 889 θαύματα
2934 821 3028 873 καὶ
3093 822 3356 873 ποιοῦσιν.
3392 817 3536 890 ’Λρα
3580 824 3631 874 τί
3691 840 3773 875 σοι
3828 823 4008 877 δοκεῖ;

2446 915 2673 966 Ἕνεκεν
2698 914 2931 982 ψευδοῦς
2963 915 3057 965 καὶ
3089 914 3472 981 πεπλασμένον
3504 915 3593 964 καὶ
3625 913 3874 966 ἀντιθέου
3907 915 4013 963 6w!-

2449 1020 2615 1071 ματος
2645 1006 2987 1071 συνήργησεν
3036 1002 3063 1052 6
3090 1000 3220 1062 35";
3270 1004 3381 1062 τοῖς
3414 1001 3620 1053 δώδεκα
3672 1002 4010 1061 ἁποστόίο“,

2446 1096 2557 1151 τοῖς
2595 1092 2834 1159 ἀμαθέσι
2865 1093 2959 1144 καὶ
2992 1092 3268 1159 ἀγροίκοις
3322 1091 3407 1143 διὰ
3443 1092 3550 1141 τῶν
3603 1093 3850 1161 ἀπείρων
3890 1093 4011 1143 θαυ-

2450 1186 2656 1249 μάτων,
2689 1182 2783 1233 καὶ
2841 1182 3184 1249 ἐπέστρεψαν
3221 1182 3400 1233 πᾶσαν
3450 1182 3546 1247 τὴν
3576 1184 3907 1249 οἰκουμένην
3938 1186 4013 1241 εἰς

2446 1278 2544 1339 τὴν
2580 1273 2671 1324 τυῦ
2713 1272 2951 1339 Χριστοῦ
3006 1274 3188 1324 πῖστιν
3243 1273 3335 1323 καὶ
3362 1272 3459 1339 τὴν
3514 1273 3870 1338 θεογνωσίαν,
3923 1277 4013 1327 καὶ

2448 1363 2810 1430 ἐπεστόμιζον
2838 1364 2963 1424 τοὺς
2999 1366 3235 1433 ῥήτορας
3263 1364 3355 1414 καὶ
3388 1364 3750 1431 φιλοσοφουςς
3784 1363 3901 1416 Καὶ
3934 1364 4013 1422 τίς

2446 1454 2618 1511 οὕτως
2649 1454 2855 1517 ἄθλιος,
2892 1454 3039 1514 ὅστις
3066 1455 3211 1507 εἴποι
3241 1454 3407 1515 αὑτός
3457 1456 3565 1505 Καὶ
3594 1458 3703 1521 γὰρ
3725 1454 3794 1505 τὰ
3823 1452 4014 1519 τιμιιὶ-

2447 1558 2578 1610 τερα
2604 1544 2904 1609 πράγματα
2946 1542 3165 1608 ἁπάσης
3195 1541 3294 1610 τῆς
3320 1543 3555 1602 κτίσεως
3594 1542 3622 1593 6
3653 1541 3888 1609 ἄγγελος
3924 1543 4010 1592 καὶ

2445 1632 2473 1683 6
2503 1632 2786 1698 ἄνθρωπός
2836 1632 2994 1684 εἰσιν.
3037 1631 3196 1683 Ἀλλὰ
3220 1633 3313 1683 καὶ
3338 1634 3365 1684 6
3403 1632 3631 1698 ἄγγελος
3684 1633 4010 1701 ἐνθυμηθεὶς

2447 1723 2704 1789 γενέσθαι
2758 1724 2914 1787 Θεὸς,
2944 1724 3165 1788 ἐξέπεσε
3190 1726 3287 1792 τῆς
3318 1725 3524 1785 οίκείας
3552 1724 3733 1793 δόξης,
3773 1726 3869 1777 καὶ
3899 1726 4012 1777 ἀντὶ

2446 1814 2685 1881 ἀγγέλου
2722 1814 2941 1878 ἐγένετο
2966 1815 3232 1877 διάῦολος,
3283 1818 3378 1869 καὶ
3410 1817 3531 1869 ἀντὶ
3574 1816 3752 1885 φωτὸς
3797 1817 4011 1883 ἐγένετο

2448 1906 2657 1967 σκότος.
2684 1905 2724 1958 Τ
2730 1906 2759 1958 ὸ
2787 1907 2916 1959 αὐτὸ
2944 1910 3035 1961 καὶ
3075 1909 3103 1960 6
3134 1910 3418 1976 ἄνθρωπος
3458 1910 3609 1977 ἅγιος
3648 1908 3747 1974 ὢν,
3804 1911 3904 1963 καὶ
3934 1914 4005 1961 ἐν.

2447 1997 2537 2060 τὸς
2568 1998 2662 2049 τοῦ
2699 1997 3032 2065 παραδείσου
3056 2000 3471 2067 εὑρισκόμενος.
3507 2000 3826 2068 ἐπεθύμησε
3858 2004 4008 2068 γι·νέ-

2449 2084 2572 2137 σθαι
2607 2084 2761 2147 Θεὸς,
2800 2086 2893 2136 καὶ
2921 2086 3199 2152 παρευθὺς
3222 2086 3347 2137 ἀντὶ
3386 2088 3479 2138 τοῦ
3528 2081 3671 2141 εἶναι
3719 2087 3876 2153 ἆγιος
3925 2089 4006 2139 εὐ-

2453 2175 2581 2245 ρέθη
2608 2176 2954 2244 ἁμαρτωλός.
3010 2177 3121 2228 Καὶ
3176 2176 3460 2245 ἐκϐληθεὶς
3516 2177 3609 2229 τοῦ
3657 2179 4005 2247 παραδείσου.

2449 2267 2813 2337 κατεδικάσθη
2845 2266 3175 2336 ἐργάξεσθαι
3211 2268 3311 2332 τὴν
3336 2267 3459 2335 γῆν.
3488 2268 3591 2322 Καὶ
3615 2270 3675 2321 τὸ
3702 2268 3767 2340 δὴ
3802 2274 4003 2340 χεῖρον,

2460 2355 2540 2406 ὅτι
2572 2354 2838 2416 ἀθάνατος
2877 2355 3117 2419 κτισοε“ις
3177 2354 3448 2425 παρεδόθη
3496 2356 3574 2418 είς
3622 2356 3871 2419 θάνατον,
3921 2360 4010 2409 καὶ

2449 2445 2679 2512 ἤκουσεν
2706 2445 2787 2498 ὅτι
2825 2461 2843 2495 ι
2901 2445 2988 2497 Ἐν
3015 2445 3203 2513 ἱδρῶτι
3233 2444 3327 2498 τοῦ
3368 2447 3658 2514 προσώπου
3708 2464 3803 2498 σου
3863 2449 4010 2517 φάγῃ

2447 2535 2539 2585 τὸν
2566 2534 2727 2601 ἄρτον
2751 2550 2868 2597 σου,
2902 2553 2922 2585 ι
2960 2534 3051 2586 καὶ
3077 2536 3160 2587 ὅτι
3203 2551 3221 2584 ι
3252 2534 3324 2603 Γῆ
3380 2530 3452 2598 ei,
3500 2537 3596 2588 καὶ
3642 2536 3719 2597 είς
3750 2536 3856 2603 γῆν
3905 2538 4005 2586 ἀτε-

2450 2625 2666 2696 ελεὺσῃ.
2707 2644 2725 2676 ι
2776 2627 2885 2679 Καὶ
2929 2624 2981 2677 τί
3027 2625 3168 2692 λέγω
3215 2627 3343 2696 περὶ
3379 2626 3470 2677 τοῦ
3524 2627 3755 2694 ἀγγέλου
3798 2627 3891 2679 καὶ
3922 2626 4013 2678 τοῦ

2464 2716 2657 2785 Ἀδὰμ,
2692 2717 2773 2769 ὃτι
2819 2716 3258 2787 ἐπιθυμήσαντες
3308 2718 3559 2785 γενέσθαι
3619 2718 3755 2783 θεοὶ,
3818 2718 4015 2771 ἔπαθον

2451 2805 2552 2858 ὅσα
2585 2806 2808 2874 εἴπομεν
2834 2822 2850 2872 ;
2881 2806 3016 2858 ἀλλὰ
3050 2808 3144 2860 καὶ
3195 2807 3289 2859 επὶ
3342 2807 3434 2859 τοῦ
3462 2807 3766 2870 Μωῦσέως,
3812 2809 4013 2875 τολμη-

2456 2896 2668 2947 σάντων
2702 2894 2864 2947 τινῶν
2912 2895 3136 2963 ποιῆσαι
3189 2894 3225 2949 ἃ
3262 2895 3336 2966 μὴ
3374 2897 3533 2965 θέμις
3595 2901 3794 2961 ποιεῖν,
3848 2899 4016 2966 ἤγουν

2455 2985 2722 3055 θυμιᾶσαι
2749 2985 2825 3055 τῷ
2853 2986 2972 3055 Θεῷ
2996 2986 3241 3048 δουλείας
3280 2987 3462 3057 χάριν.
3495 2987 3583 3041 διὰ
3614 2988 3675 3040 τὸ
3712 2988 3786 3058 μὴ
3816 2981 4016 3053 ἐξεῖναι

2456 3080 2638 3140 αὐτοῖς
2680 3078 3084 3148 θυμιῶαιάλλδ
3122 3080 3155 3149 ἢ
3188 3079 3370 3147 μόνοις
3392 3082 3505 3142 tot;
3547 3080 3806 3149 ἱερεῦσιν.
3836 3081 4017 3149 ⁴ιγνοίχ-

783 3186 874 3231 tus
901 3184 1004 3230 est.
1042 3175 1206 3230 Vides
1235 3176 1419 3243 igitur,
1445 3183 1506 3227 ut
1534 3187 1658 3227 cum
1692 3186 1854 3225 omne
1884 3180 2166 3239 peccatum
2212 3170 2354 3224 Deus
2380 3173 2422 3230 c

2380 3173 2422 3230 ο
2456 3166 2522 3237 θη
2563 3169 2595 3236 ἠ
2632 3168 2725 3236 γῆ,
2756 3170 2852 3222 καὶ
2877 3169 3109 3220 κατέπιε
3136 3168 3226 3221 τὸν
3254 3169 3432 3222 Δαθὰν
3468 3171 3565 3222 καὶ
3612 3170 3703 3222 τὸν
3755 3170 4018 3238 Ἀὁειρὼν

784 3270 851 3322 ad
898 3278 1113 3337 tempus
1143 3266 1289 3321 ferre
1333 3266 1525 3326 soleat,
1554 3272 1609 3318 et
1641 3264 1940 3332 peccatoris
1974 3263 2348 3330 paenitentiam

784 3366 1125 3422 exspectare,
1168 3355 1309 3408 hanc
1341 3354 1512 3407 solam
1551 3351 1831 3405 audaciam
1856 3364 1963 3403 non
1999 3351 2123 3411 fert,
2163 3350 2257 3404 sed
2288 3367 2355 3403 eo

786 3444 906 3513 ipso
940 3451 1219 3497 momento
1260 3443 1356 3497 Dei
1401 3441 1707 3511 indignatio
1736 3448 1792 3495 et
1820 3441 1900 3495 ira
1938 3440 1992 3493 i-n
2041 3440 2355 3511 hujusmodi

788 3535 1083 3590 audentem
1116 3534 1411 3590 oboritur?

2457 3262 2550 3312 καὶ
2582 3260 2674 3312 τὸν
2714 3260 2874 3330 Κορὲ.
2914 3258 3138 3328 Ἐξῆλθε
3168 3259 3279 3331 πῦρ
3323 3260 3431 3314 ἀπὸ
3452 3261 3549 3331 τῆς
3581 3260 3705 3329 γῆς,
3735 3262 3830 3312 καὶ
3860 3261 4017 3313 κατέ-

2453 3366 2625 3403 καυσε
2682 3351 2772 3402 τὸν
2864 3351 3045 3416 Ὀφνεὶ
3102 3350 3198 3403 καὶ
3287 3349 3493 3414 Φινεές.
3550 3350 3661 3403 Καὶ
3724 3350 4018 3418 ὲθυμίασεν

2464 3443 2646 3504 Ὀζίας
2675 3442 2835 3494 ὁτῶν
2882 3442 3154 3494 Ἰουδαίων
3213 3441 3491 3509 βασιλεὺς.
3551 3441 3689 3495 ἀλλὰ
3733 3442 4013 3510 παρευθὺς

2456 3531 2765 3600 ὲλεπρώθη.
2800 3533 3029 3594 Βλέπεις
3062 3532 3181 3595 πῶς
3221 3534 3401 3604 πάσης
3436 3534 3712 3604 ἁμαρτίας
3764 3535 4018 3599 ἀνέχεται

785 3629 812 3679 ὁ
837 3626 987 3688 Θεὸς,
1021 3627 1111 3677 καὶ
1142 3627 1402 3694 καρτερεῖ
1428 3624 1528 3687 τὴν
1563 3623 1656 3677 τοῦ
1688 3623 2013 3693 ἀμαρτωλοῦ
2068 3626 2379 3693 μετάνοιαν,
2416 3628 2621 3694 ταύτην
2671 3626 2728 3679 δὲ
2786 3628 2885 3697 τὴν
2916 3627 3124 3695 τόλμαν
3152 3628 3254 3679 οὐκ
3282 3613 3555 3696 ἀνέχεται,
3605 3627 3743 3681 ἀλλὰ
3770 3629 3891 3681 κατ’
3924 3631 4017 3681 αὖ·

785 3721 884 3789 τὴν
931 3720 1029 3789 τὴν
1075 3718 1224 3789 ὥραν
1287 3718 1504 3786 ἔρχεται
1554 3717 1588 3786 ἡ
1645 3716 1740 3769 τοῦ
1781 3716 1916 3768 Θεοῦ
1947 3716 2323 3785 ἀγανάκτησις
2363 3718 2457 3772 καί
2490 3719 2626 3790 ὀργὴ
2658 3719 2739 3781 είς
2777 3718 2868 3770 τὸν
2905 3717 2972 3770 τὰ
3002 3717 3227 3771 τοιαῦτα
3256 3718 3573 3788 τολμῶντας

859 3855 914 3909 8.
965 3852 1418 3922 Quandoquidem
1451 3852 1635 3923 igitur,
1684 3861 1746 3907 ut
1782 3853 2215 3909 demonstratum
2244 3865 2351 3921 est,

786 3946 929 4000 Deus
984 3944 1247 4012 apostolis
1302 3954 1626 4012 cooperatus
1675 3953 1779 4008 est,
1816 3953 1873 3997 et
1906 3945 2257 4014 martyribus,
2293 3947 2350 4001 in

789 4035 913 4089 tidei
940 4034 1266 4089 Christiana:
1294 4035 1818 4102 comprobationem,
1850 4035 1941 4104 qui
1979 4038 2031 4089 in
2066 4036 2349 4091 Christum

787 4141 896 4179 non
926 4123 1123 4187 credit,
1152 4138 1263 4178 non
1296 4124 1471 4177 credit
1502 4124 1634 4178 Deo.
1656 4124 1746 4178 Sic
1779 4125 1926 4178 enim
1959 4126 2070 4194 ipse
2100 4125 2355 4181 Christus

789 4216 844 4268 in
879 4213 1188 4284 Evangeliis
1222 4214 1359 4268 dixit
1401 4232 1415 4267 :
1456 4232 1474 4265 ι
1518 4213 1620 4280 Qui
1675 4231 1781 4269 non
1820 4216 1998 4270 credit
2049 4216 2205 4283 Filio,
2255 4232 2356 4271 nec

789 4304 934 4358 Patri
984 4305 1180 4369 credit,
1212 4323 1230 4354 ι
1260 4313 1316 4358 et
1352 4321 1365 4356 :
1411 4322 1429 4353 ι
1483 4303 1583 4369 Qui
1617 4319 1721 4358 non
1776 4305 1948 4359 habet.
1988 4306 2205 4370 Filium,
2255 4322 2354 4361 nec

2528 3857 2598 3927 η’.
2638 3860 2790 3912 Ἐπεὶ
2824 3858 2974 3925 γοῦν,
3008 3859 3081 3921 ὠς
3113 3859 3506 3919 ἀποδέδεικται,
3532 3861 3663 3923 Θεὸς
3682 3855 3750 3928 ἦν
3774 3864 3802 3912 6
3831 3880 4019 3931 συνερο

2456 3947 2569 4014 γῶν
2600 3949 2713 4008 τοῖς
2736 3962 2795 3997 τε
2826 3945 3150 4008 ἀποστόλοις
3199 3948 3292 3998 καὶ
3333 3948 3606 4017 μάρτυσιν
3654 3949 3735 4010 είς
3794 3950 3897 4019 τὴν
3926 3951 4017 4003 τοῦ

2457 4036 2697 4107 Χριστοῦ
2722 4035 2926 4103 πίστιν,
2957 4040 2985 4089 6
3017 4038 3092 4107 μὴ
3117 4038 3392 4093 πιστεύων
3427 4040 3509 4101 είς
3530 4041 3622 4092 τὸν
3655 4041 3917 4110 Χριστὸν,
3957 4044 4017 4095 οὐ

2455 4129 2707 4183 πιστεύει
2730 4131 2870 4199 Θεῷ,
2927 4129 3084 4182 Οὕτω
3118 4129 3226 4199 γὰρ
3280 4130 3375 4182 καὶ
3423 4132 3451 4183 6
3497 4132 3728 4201 Χριστὸς
3788 4134 3847 4185 ἐν
3909 4136 4019 4194 τοῖς

2457 4219 2814 4288 Εὖαγγελίοις
2858 4220 3109 4289 εἴρηκεν,
3158 4222 3240 4273 ὅτι
3307 4239 3327 4272 ι
3383 4220 3442 4276 ’0
3473 4223 3548 4290 μὴ
3616 4224 3892 4277 πιστεύων
3945 4227 4017 4295 τῷ

2456 4308 2587 4373 Υίῴ,
2610 4306 2730 4359 οὐδὲ
2750 4306 2828 4375 τῷ
2850 4306 3073 4375 Πατρὶ,ι
3104 4308 3249 4373 καὶ,‹
3271 4306 3329 4361 '0
3344 4309 3423 4379 μὴ
3439 4309 3576 4377 ἔχων
3596 4312 3708 4375 τὸν,
3736 4312 3882 4374 Υίδν,
3902 4315 4017 4367 οὐδὲ

790 4394 1006 4449 Patrem
1036 4395 1220 4449 habet.
1266 4412 1283 4445 ι
1323 4393 1477 4458 Quod
1509 4394 1552 4448 si
1592 4394 1756 4464 igitur
1802 4394 2054 4450 Christus
2086 4411 2193 4450 non
2235 4404 2354 4449 erat
2386 4394 2431 4449 D

2386 4394 2431 4449 ι)
2456 4398 2548 4449 τὸν
2568 4399 2785 4466 Πατέρα
2819 4398 2954 4466 ἔχει.
2989 4416 3007 4447 ι
3042 4398 3217 4468 Εἴπερ
3263 4398 3392 4465 γοῦν
3425 4400 3526 4452 οὐκ
3578 4396 3647 4469 ἦν
3700 4404 3728 4454 6
3785 4404 4014 4471 Χριστὸς

791 4489 956 4552 Deus,
1004 4502 1104 4541 nec
1136 4488 1231 4541 Dei
1268 4484 1464 4552 Filius,
1497 4486 1590 4540 sed
1630 4488 1935 4540 temeritate
1961 4487 2193 4554 quadam
2238 4488 2353 4541 haec

791 4579 972 4631 dicere
996 4594 1161 4631 ausus
1187 4576 1311 4638 fuit,
1346 4592 1524 4630 annon
1559 4577 1747 4631 eadem
1782 4578 1888 4646 pati
1920 4577 2172 4640 debebat,
2230 4593 2352 4646 qua:

791 4669 1041 4722 diabolus
1069 4678 1125 4722 et
1155 4668 1325 4723 Adam
1363 4668 1504 4737 passi
1558 4668 1717 4722 sunt?
1747 4668 1852 4723 Sed
1888 4684 2011 4723 cum
2041 4670 2182 4723 Deus
2209 4679 2352 4723 esset

792 4775 976 4823 verus,
1020 4771 1206 4829 aperte
1247 4775 1440 4813 omnes
1478 4759 1686 4823 docuit,
1741 4772 1799 4811 ut
1844 4775 2031 4827 puram
2071 4761 2352 4813 veritatem

791 4858 1175 4918 agnoscerent,
1197 4850 1328 4917 quin
1358 4850 1537 4918 potius
1555 4850 1699 4902 illius
1716 4848 2078 4902 divinitatem.
2100 4850 2354 4914 Quando-

796 4938 1016 5007 quidem
1060 4939 1225 5007 igitur
1260 4939 1417 5008 plane
1453 4949 1509 4993 et
1553 4940 1893 4995 conﬁdenter
1925 4954 1983 4993 se
2030 4940 2196 4994 Deum
2238 4955 2357 4995 esse

796 5030 955 5093 dixit,
991 5040 1048 5083 et
1079 5028 1275 5082 Filium
1321 5031 1414 5085 Dei
1443 5031 1688 5086 altissimi
1720 5032 1786 5094 “,
1825 5046 1927 5085 nec
1956 5032 2008 5083 in
2039 5030 2357 5086 abscondito

797 5133 853 5174 et
878 5121 1074 5190 angulo
1099 5122 1353 5182 obscuro,
1382 5122 1474 5176 sed
1506 5123 1558 5175 in
1583 5122 1762 5176 medio
1782 5122 2024 5175 omnium
2058 5122 2161 5175 hoc
2185 5123 2351 5177 dixit:

799 5228 921 5265 cum
969 5213 1205 5281 denique
1241 5224 1294 5265 et
1331 5216 1444 5283 ipse
1489 5213 1759 5267 Mahomet
1811 5229 2109 5281 omnesque
2152 5213 2352 5267 Musul-

798 5304 945 5358 mani
978 5305 1342 5359 conﬁteantur
1385 5305 1660 5359 Christum
1692 5305 1927 5358 Verbum
1978 5306 2071 5359 Dei
2107 5322 2247 5369 esse,
2295 5316 2351 5359 et

799 5394 1063 5464 Spiritum
1093 5395 1206 5457 Dei,
1238 5404 1293 5451 et
1326 5396 1559 5450 animam
1594 5395 1711 5457 Dei,
1746 5410 1934 5448 omnes
1960 5395 2123 5449 etiam
2155 5396 2353 5448 Musul-

797 5485 941 5538 mani
976 5485 1075 5540 hac
1102 5487 1361 5555 religione
1397 5496 1670 5550 tenentur,
1709 5494 1769 5538 ut
1799 5487 1915 5540 sine
1946 5489 2093 5540 omni
2140 5487 2353 5539 dubita-

893 5689 935 5719 "
972 5690 1104 5742 Gen.
1134 5706 1211 5751 Ill,
1250 5690 1333 5752 18,
1372 5690 1450 5742 l9.
1561 5696 1604 5723 δ’
1647 5692 1832 5746 Matth.
1865 5712 1941 5756 ιιι,
1979 5696 2079 5759 l7;
2113 5711 2241 5757 xvii,
2273 5698 2321 5749 li.

2457 4488 2585 4550 Θεὸς
2612 4491 2703 4540 καὶ
2732 4488 2866 4540 Θεοῦ
2896 4488 3045 4551 Υἱὸς.
3072 4488 3210 4541 ἀλλὰ
3245 4489 3458 4558 τολμῶν
3485 4492 3638 4559 ἔλεγε
3687 4492 3889 4560 ταῦτα,
3922 4496 4016 4549 οὐκ

2457 4580 2647 4645 ἔμελλε
2676 4579 2892 4642 παθεῖν,
2916 4580 3058 4649 ἅπερ
3116 4580 3317 4633 ἔπαθεν
3365 4582 3393 4634 ὅ
3442 4598 3501 4633 τε
3532 4583 3778 4647 διάϐολος
3834 4588 3935 4640 καὶ
3988 4588 4016 4639 6

2469 4668 2667 4735 Ἀδάμ;
2688 4668 2847 4719 Ἀλλὰ
2880 4668 3010 4731 Θεὸς
3039 4668 3114 4722 ὢν
3146 4669 3415 4738 ἀληθινὸς,
3448 4671 3601 4739 ἔλεγε
3632 4673 3895 4742 καθαρῶς
3928 4679 4017 4728 καὶ

2460 4759 2705 4811 ἐδίδασκε
2728 4761 2835 4821 τοῖς
2863 4761 3052 4821 πᾶσιν,
3103 4761 3187 4813 ἵνα
3240 4762 3411 4828 γνῶσι
3442 4764 3700 4832 καθαρῶς
3754 4766 3858 4834 τὴν
3885 4768 4017 4836 ἀλή-

2458 4848 2633 4910 θειαν,
2674 4849 2954 4918 μᾶλλονδὲ
3005 4849 3104 4919 τὴν
3162 4850 3329 4904 αὐτοῦ
3394 4851 3642 4921 θεόσητα,
3682 4854 3837 4908 Ἐπεὶ
3892 4855 4015 4924 γοῦν

2453 4940 2663 5006 τρανῶς
2703 4941 2797 4990 καὶ
2826 4944 3401 5010 πεπαρῤησιασμένως
3433 4943 3638 5011 ἔλεγεν,
3686 4946 3769 4999 ὅτι
3826 4964 3849 4998 ‹
3889 4947 4016 5010 Θιός

2455 5030 2570 5094 εἰμι
2588 5027 2681 5078 καὶ
2701 5027 2823 5091 Υἱὸς
2846 5027 2937 5080 τοῦ
2959 5028 3090 5080 Θεοῦ
3114 5029 3205 5081 τοῦ
3230 5030 3505 5099 ὑψίστου.»
3526 5035 3619 5085 καὶ
3642 5033 3742 5088 οὐκ
3769 5037 3830 5089 ὲν
3846 5052 4016 5103 παρα-

2463 5120 2646 5189 ϐύστῳ
2688 5122 2782 5174 καὶ
2809 5121 2982 5193 γωνίᾳ
3014 5121 3196 5190 ἔλεγεν
3219 5123 3373 5189 αὐτὸ,
3407 5124 3544 5178 ἀλλὰ
3581 5125 3745 5195 μέσον
3774 5127 4011 5191 πάντων,

2463 5211 2714 5280 ὁμολογεῖ
2737 5212 2793 5264 δὲ
2837 5214 2962 5282 περὶ
2987 5213 3179 5266 τούτου
3207 5215 3234 5267 ὁ
3268 5214 3539 5285 Μωάμεθ,
3619 5217 3713 5269 καὶ
3740 5218 3946 5279 πάντες
3968 5217 4011 5268 οί

2459 5303 2894 5372 Μουσουλμάνοι,
2924 5305 3003 5357 ὅτι
3026 5306 3197 5372 Λόγος
3229 5307 3365 5359 Θεοῦ
3406 5309 3551 5360 ἐστιν
3578 5310 3606 5360 6
3638 5308 3896 5378 Χριστὸς,
3926 5310 4013 5360 καὶ

2461 5395 2677 5463 πνεῦμα
2705 5394 2841 5446 Θεοῦ
2867 5397 2958 5448 καὶ
2989 5397 3135 5466 ψυχὴ
3164 5396 3322 5461 Θεοῦ,
3349 5397 3491 5450 οὓτω
3513 5400 3855 5467 χρεωστοῦσι
3882 5400 4010 5453 πάν-

2459 5502 2547 5549 τες
2582 5486 2631 5537 οἱ
2683 5487 3117 5556 Μουσουλμάνοι,
3168 5490 3253 5543 ἵνα
3288 5489 3654 5554 ἀνεξετάστως
3681 5492 3777 5545 καὶ
3812 5490 4012 5545 ἀπολο-
