4204 6444
770 379 875 441 5l9

1938 373 2258 435 JOAN’NIS
2298 365 2823 427 CANTACUZENI

3908 361 4011 424 520

3862 482 3879 505 1

776 498 900 549 linis
936 504 990 547 et
1021 506 1220 562 scapus
1266 492 1356 546 hic
1390 499 1493 554 est,
1554 496 1613 545 ιιι
1667 487 1878 544 scilicet
1944 487 2124 541 omnis
2176 488 2339 539 homo
2371 492 2412 544 Α

2371 492 2412 544 Α
2443 484 2537 536 ἄνθ
2547 500 2715 551 ρωποι
2746 482 2837 533 τδν
2866 480 3025 550 μόνον
3051 479 3146 532 καὶ
3173 479 3429 547 ἀληθινὸν
3454 477 3608 541 Θεὸν,
3637 482 3729 531 καὶ
3763 478 3825 531 ὃν
3860 481 4010 545 ἐγέν-

774 601 893 639 sese
919 586 987 639 ab
1018 585 1293 652 impietate
1348 582 1412 634 ad
1451 581 1543 634 Dei
1580 582 1894 649 religionem
1946 586 2249 641 convertat,
2283 588 2339 630 ut

774 676 981 729 dictum
1031 685 1132 738 est,
1161 682 1215 727 et
1245 682 1303 725 ut
1335 672 1585 725 homines
1618 687 1781 739 opera
1815 671 2015 723 faciant
2050 671 2222 723 salute
2254 668 2338 719 di-

773 780 900 833 gna.
930 766 1271 831 Quapropter
1319 761 1570 815 Christus
1622 760 1865 828 quotidie
1917 761 2017 811 hoc
2077 759 2236 820 dixit,
2286 766 2339 810 et

775 858 981 913 docuit,
1025 853 1168 921 quod
1222 853 1290 906 ab
1344 853 1435 905 illo
1464 852 1797 920 excipientes
1831 851 2054 919 apostoli
2104 851 2342 916 Evange-

775 944 908 996 lium
937 944 1404 1010 conscripserunt,
1435 950 1490 993 et
1533 940 1839 993 docuerunt
1874 942 1924 991 in
1961 938 2092 991 orbe
2123 938 2343 990 univer—

776 1052 838 1089 so
874 1053 887 1089 :
922 1044 976 1088 ct
1029 1044 1248 1103 propter
1312 1034 1452 1085 hanc
1503 1031 1832 1095 doctrinam,
1888 1030 2237 1097 Evangelium
2286 1036 2341 1081 et

777 1124 1049 1191 dogmata.
1108 1122 1484 1175 occubuerunt
1542 1122 1641 1189 ipsi
1705 1121 1863 1173 simul
1927 1129 1982 1171 et
2053 1128 2339 1187 martyres.

776 1215 944 1268 Porro
984 1224 1037 1266 ct
1068 1213 1157 1265 alii
1187 1213 1406 1279 quidam
1438 1212 1813 1265 lim-reticerqu
1842 1210 1907 1263 de
1951 1209 2169 1263 Christo
2192 1208 2343 1261 dixe-

776 1312 927 1371 runt,
976 1302 1119 1370 quod
1156 1301 1405 1356 Christus
1454 1315 1638 1351 revera
1679 1298 1898 1366 quidem
1952 1306 2077 1350 ante
2121 1310 2338 1349 omnem

776 1392 946 1448 fuerit
988 1402 1313 1453 creaturam,
1365 1389 1619 1458 quodque
1677 1389 1991 1457 angelorum
2042 1397 2097 1440 et
2151 1385 2340 1438 Adami

777 1494 994 1539 Creator
1026 1483 1118 1545 sit,
1167 1482 1290 1535 cadi
1332 1482 1523 1544 etiam,
1552 1490 1605 1534 et
1638 1491 1818 1541 terra),
1855 1480 2140 1546 omnisque
2193 1492 2345 1528 crea-

776 1584 912 1627 turae
942 1591 954 1624 :
986 1571 1128 1641 quod
1160 1585 1345 1625 revera
1383 1569 1483 1635 sic,
1514 1581 1570 1623 et
1602 1583 1707 1621 non
1745 1569 1904 1621 aliter
1930 1576 2047 1621 est:
2088 1564 2339 1620 eumdem

776 1682 911 1718 vero
945 1662 1141 1718 Filium
1176 1662 1266 1715 Dei
1302 1675 1422 1714 esse
1468 1667 1824 1727 negaverunt.
1875 1656 1977 1721 Qui
2012 1671 2142 1709 sane
2173 1656 2344 1707 hrere-

778 1760 1009 1810 ticornm
1057 1754 1285 1807 multum
1338 1749 1518 1803 damni
1569 1764 1713 1802 vera:
1766 1748 1892 1802 ﬁdei
1936 1746 2342 1800 confessorilms

778 1847 1099 1900 intulerunt.
1131 1842 1233 1908 Qui
1264 1843 1412 1895 enim
1437 1841 1529 1893 illo
1557 1847 1804 1907 tempore
1838 1839 2065 1906 imperio
2092 1846 2341 1904 praterat,

779 1939 995 1993 iilurum
1026 1934 1423 2004 astipulabatur
1446 1932 1751 1992 sententias,
1787 1930 2111 1995 illorumque
2158 1938 2343 1996 partes

778 2030 1018 2091 fovebat,
1068 2038 1123 2081 et
1150 2026 1436 2095 adjuvabat
1468 2026 1520 2076 in
1551 2022 1639 2075 tali
1673 2020 1943 2090 dogmate.
1992 2019 2144 2083 Quod
2180 2020 2223 2070 si
2264 2020 2339 2082 hi,

778 2119 1131 2188 Evangelium
1166 2130 1375 2169 summa
1406 2113 1759 2167 veneratione
1800 2120 2212 2181 prosequentes,
2247 2111 2339 2162 de-

780 2220 1083 2264 monstrare
1137 2214 1410 2275 poterant,
1472 2218 1739 2271 nusquam
1797 2202 1863 2254 de
1889 2216 2008 2254 sese
2060 2200 2341 2254 Christum

780 2299 981 2352 dixisse
1020 2297 1163 2366 quod
1194 2294 1335 2347 Deus
1380 2293 1471 2354 sit,
1506 2301 1562 2345 et
1607 2290 1699 2345 Dei
1745 2287 1937 2350 Filius,
1966 2303 2198 2357 quanam
2234 2288 2341 2341 alia

782 2384 1099 2453 probatione
1146 2396 1285 2451 Opus
1336 2390 1453 2433 erat
1506 2394 1666 2447 quam
1721 2378 1863 2431 hac?
1921 2376 2043 2430 Haec
2074 2377 2217 2430 enim
2259 2380 2341 2430 vel

779 2476 892 2529 sola
924 2473 1248 2528 servavisset
1286 2485 1381 2525 eos
1413 2486 1524 2539 pra:
1557 2468 1768 2523 c:rteris
1806 2468 2143 2537 argumentis
2169 2467 2343 2520 omni-

783 2569 907 2621 bus.
959 2565 1227 2619 Caaterum
1263 2562 1617 2632 Evangelium
1674 2561 1726 2613 in
1761 2562 1935 2629 pretio
1963 2559 2255 2623 habebant,
2290 2570 2344 2613 et

779 2653 1270 2724 amplectebantur,
1327 2660 1687 2719 sanctumque
1744 2648 2117 2712 nominabant,
2161 2656 2215 2701 et
2263 2647 2343 2701 le-

780 2756 970 2812 gentes
1007 2744 1111 2797 hoc
1162 2750 1426 2811 perpetuo
1487 2754 1610 2792 eum
1674 2738 2065 2808 prophetarum
2125 2735 2344 2805 scriptis

781 2835 1073 2889 miserrimi
1124 2833 1394 2896 homines,
1442 2831 1798 2885 nihilominus
1842 2829 1956 2882 haec
2010 2828 2234 2881 ridicula
2288 2837 2344 2881 et

782 2930 945 2982 stulta
977 2927 1341 2997 protulerunt.
1392 2926 1459 2979 Et
1484 2924 1574 2978 alii
1608 2924 1827 2993 quidem
1888 2922 1941 2975 in
1997 2920 2095 2973 hae
2146 2919 2339 2973 haeresi

781 3018 925 3072 diem
956 3018 1232 3081 obierunt,
1272 3025 1328 3070 et
1355 3016 1700 3070 anathemate
1733 3023 1986 3067 tenentur
2014 3028 2029 3072 ;
2080 3010 2168 3064 alii
2213 3024 2343 3063 vero

781 3112 973 3163 vivunt
1001 3120 1057 3164 et
1097 3110 1388 3178 Egyptum
1432 3106 1696 3171 incolunt,
1742 3105 2030 3172 Arianique
2062 3101 2339 3163 Jacobitaz,

781 3210 835 3253 et
868 3199 1172 3253 Nestoriani
1228 3200 1507 3253 dit-untur.
1566 3197 1970 3263 [interrogentur
2030 3193 2210 3261 itaque
2267 3195 2341 3254 hi,

780 3302 836 3345 et
864 3292 1181 3347 fatebuntur
1210 3292 1495 3344 veritatem
1532 3304 1771 3349 omnem,
1811 3287 1955 3355 quod
1995 3284 2343 3354 Evangelium

784 3385 889 3438 tale
936 3385 1002 3438 ab
1052 3384 1209 3438 initio
1255 3385 1521 3452 scriptum
1580 3382 1670 3444 sit,
1725 3382 1884 3450 quale
1940 3382 2204 3435 hodierno
2258 3382 2346 3435 die

782 3486 983 3529 exstat.

2443 593 2604 644 νησεν
2634 576 2747 627 υἱὸν
2778 576 2883 643 πρὸ
2914 577 3133 628 πάντων
3166 575 3275 626 τῶν
3306 575 3522 627 αἰώνων
3554 573 3685 626 Θεὸν
3730 572 4016 641 ἀληθινόν.

2445 670 2626 721 "Arta:
2656 671 2746 718 καὶ
2777 670 2882 734 γὰρ
2907 671 2933 720 6
2964 670 3161 735 τρόπος
3193 684 3226 719 κ
3265 669 3284 717 ὶ
3318 670 3345 718 6
3371 668 3572 725 σκοπδξ
3629 665 3723 717 τοῦ
3758 665 4011 730 Εὐάγγε-

2442 760 2558 811 λίου
2585 754 2741 824 οὗτός
2772 762 2937 820 ἐστιν,
2985 760 3070 810 ἵνα
3118 759 3362 827 δηλονότι
3406 757 3713 825 ἐπιττξιὲψῃ
3769 760 3881 819 πᾶς
3923 757 4012 808 ἄν·

2444 850 2658 918 Ορωπος
2697 851 2925 918 ἁπδτῆς
2979 850 3236 909 ἀσεϐείας
3299 850 3378 911 εἰς
3432 849 3766 913 θεοσέϐειαν,
3831 848 4014 909 καθὼς

2443 942 2679 1007 εἴρηται,
2718 943 2809 991 καὶ
2845 940 2927 990 ἵνα
2961 941 3275 1007 πράττωσιν
3303 941 3348 990 οἱ
3374 939 3647 1006 ἄνθρωποι
3671 937 3806 1007 ἔργα
3840 953 4017 997 σωτή-

2448 1033 2561 1099 ρίας
2606 1028 2755 1091 ἄξια,
2787 1032 2879 1081 καὶ
2930 1031 3017 1081 διά
3076 1030 3281 1095 ταύτην
3327 1029 3426 1097 τὴν
3480 1028 3659 1081 αἰτίαν
3709 1028 3865 1090 ἔλεγε
3920 1026 4011 1075 καὶ

2445 1120 2724 1170 ἐδίδασκεν
2774 1122 2801 1172 6
2835 1120 3068 1187 Χριστὸς
3103 1119 3426 1187 καθημέραν
3478 1118 3654 1169 τοῦτο.
3691 1117 3878 1183 "Aa-:29
3925 1118 4014 1166 καὶ

2445 1207 2856 1274 παραλαϐόντες
2884 1208 2992 1260 ἀπὸ
3023 1206 3115 1257 τοῦ
3149 1205 3386 1271 Χριστοῦ
3419 1207 3466 1255 οἱ
3497 1204 3810 1262 ἀπόστολοι,
3855 1219 4013 1253 συνε-

2444 1302 2721 1369 γράψαντο
2788 1298 2848 1350 τὸ
2916 1297 3269 1363 Εὑαγγέλιον,
3340 1297 3433 1347 καὶ
3479 1295 3724 1358 ὲδζδαξαν
3778 1296 3861 1351 εἰς
3929 1292 4015 1343 τὸν

2448 1395 2665 1446 ἅπαντα
2722 1391 2949 1459 κόσμον,
2996 1391 3093 1441 καὶ
3144 1390 3329 1440 ἕνεκεν
3365 1387 3566 1453 ταύτης
3620 1387 3719 1454 τῆς
3780 1385 4015 1444 πίστεως

2446 1484 2669 1537 καὶτοῦ
2712 1481 3045 1548 Εὐαγγελίου
3079 1481 3175 1532 καὶ
3237 1480 3347 1531 τῶν
3405 1478 3693 1545 δογμάτων
3740 1476 4016 1528 ἀπέθανον

2443 1570 2591 1629 οὗτοι
2616 1576 2709 1626 καὶ
2753 1575 2801 1625 οἱ
2832 1573 3131 1641 μάρτυρες.
3188 1570 3380 1635 Ὀμως
3410 1567 3553 1627 τινὲς
3587 1564 3697 1617 τῶν
3723 1565 4013 1633 αἱρετικῶν

2446 1664 2633 1727 ελεγον
2662 1659 2789 1728 περὶ
2824 1658 2915 1710 τοῦ
2950 1656 3190 1726 Χριστοῦ
3231 1658 3313 1708 δτι
3350 1657 3449 1724 μὲν
3474 1655 3688 1722 άληθῶς
3714 1655 3740 1704 6
3776 1653 4013 1718 Χριστὸς

2446 1756 2551 1821 πρὸ
2586 1753 2764 1817 πάσης
2833 1751 3087 1810 κτίσεως,
3162 1746 3495 1815 εὑρίσκεται,
3529 1745 3623 1796 καὶ
3675 1745 3840 1805 αὐτὸς
3890 1746 4009 1795 ἐστι

2375 1819 2418 1876 Β
2444 1819 2776 1913 δήμιουργδς
2824 1841 2935 1891 τῶν
2999 1839 3245 1906 ἀγγέλων
3284 1839 3379 1890 καὶ
3417 1836 3511 1888 τοῦ
3556 1837 3727 1903 Ἀδὰμ
3798 1835 3892 1887 καὶ
3923 1833 4012 1885 τοῦ

2445 1932 2698 2003 οὐρανοῦ,
2741 1934 2837 1999 τῆς
2866 1931 2969 1996 γῆς
3003 1946 3060 1979 τε
3088 1932 3181 1982 καὶ
3210 1929 3425 1995 ἁπάσης
3451 1928 3545 1992 τῆς
3581 1926 3830 1986 κτίσεως,
3856 1924 4015 1975 τοῦτο

2448 2022 2620 2083 οὕτως
2653 2021 2817 2088 ἔχειν,
2882 2018 2976 2068 καὶ
3005 2017 3101 2066 οὐν
3138 2016 3332 2075 ἄλλως·
3372 2016 3451 2065 ὅτι
3478 2014 3532 2064 δὲ
3562 2014 3687 2075 Υἱὸς
3724 2012 3820 2064 τοῦ
3853 2009 4012 2071 Θεοῦ,

2443 2114 2602 2164 τοῦτο
2625 2113 2723 2163 οὐκ
2750 2111 2886 2161 ἐστι.
2922 2109 3034 2161 Kal.
3081 2109 3345 2175 ἐποίησαν
3384 2108 3429 2157 οἱ
3462 2105 3688 2157 τοιοῦτοι
3745 2104 4017 2173 αίρετικοὶ

2444 2204 2579 2257 πολὺ
2614 2203 2784 2255 κακὸν
2807 2202 2932 2261 τοὺς
2958 2198 3293 2267 ὀρθοδὸξους.
3355 2196 3412 2249 Ὀ
3445 2196 3553 2264 γὰρ
3602 2196 3903 2263 βασιλεύων
3939 2195 4017 2262 τῷ

2442 2296 2560 2347 τότε
2603 2290 2671 2362 ἦν
2702 2290 2913 2361 φρονῶν
2952 2292 3019 2343 τά
3077 2289 3321 2352 ἐκείνων,
3365 2291 3460 2341 καὶ
3506 2288 3757 2355 συνήργει
3818 2286 3914 2338 καὶ
3966 2287 4021 2334 ἑο

2444 2384 2632 2452 ϐοήθει
2666 2382 2851 2439 αὐτοῖς
2892 2380 2985 2431 ἐπὶ
3021 2380 3095 2448 τῷ
3128 2378 3351 2447 τοιούτῳ
3394 2378 3643 2444 δόγματι.
3686 2377 3838 2429 Ἐπεὶ
3884 2376 4020 2441 γοῦν

2442 2473 2585 2544 εἶχον
2602 2473 2658 2525 τὸ
2677 2470 3023 2538 Βύαγγέλιον,
3043 2468 3235 2537 καὶζετί
3244 2486 3357 2536 μων
3387 2469 3537 2532 σύτο,
3555 2469 3672 2519 εἷπε
3680 2484 3712 2534 ρ
3729 2465 3881 2516 οὐδὲν
3902 2466 4019 2516 ξλε-

2443 2582 2537 2631 γεν
2567 2566 2594 2617 6
2618 2563 2850 2631 Χριστὸς
2878 2560 3002 2630 περὶ
3040 2558 3232 2611 ἑαυτοῦ
3261 2560 3341 2610 ὅτι
3374 2559 3503 2617 Θεός
3523 2564 3637 2611 ἐστι
3656 2558 3748 2610 καὶ
3762 2556 4017 2625 τοῦιθεοῦ

2445 2656 2594 2720 Υἱὸς,
2642 2654 2785 2715 τίνος
2836 2652 2999 2722 ἄλλης
3032 2653 3430 2721 παραστάσεως
3462 2652 3689 2713 ἐδέοντο,
3721 2648 4020 2715 ἢταύτηςς

2444 2747 2553 2800 Kal
2578 2745 2684 2814 γὰρ
2705 2744 2841 2813 αὕτη
2872 2746 2964 2795 καὶ
3006 2744 3140 2811 μόνη
3170 2743 3369 2804 ἔσωζεν
3405 2742 3524 2793 ἀντὶ
3569 2742 3758 2794 πασῶν
3816 2739 4023 2808 ἐτέρων

2444 2838 2854 2908 παραστάσεων.
2876 2836 3033 2887 Ἀλλὰ
3045 2837 3105 2887 τὸ
3124 2837 3221 2904 μὲν
3238 2835 3473 2900 Εὐαγγέὶ
3489 2851 3563 2887 ιον
3588 2835 3681 2887 καὶ
3692 2834 3893 2902 ἐτίμων
3921 2833 4020 2884 καὶ

2445 2931 2724 2999 ἔστεργον,
2753 2930 2853 2979 καὶ
2895 2929 3048 2994 ἅγιον
3078 2926 3378 2996 ὠνόμαζον.
3414 2929 3521 2979 Καὶ
3545 2925 4018 2991 ἀναγινώσκοντες

2441 3017 2600 3069 τοῦτο
2651 3018 2697 3068 οἱ
2743 3017 2989 3076 τάλανες,
3053 3016 3149 3068 καὶ
3202 3015 3329 3076 τοὺς
3383 3016 3669 3085 προφήτας
3726 3011 4018 3083 διηνεκῶς,

2452 3109 2637 3172 ἔλεγον
2664 3109 2731 3159 τὰ
2756 3108 2894 3159 αὐτὰ
2936 3106 3324 3172 καταγάλαστα
3358 3109 3449 3160 καὶ
3481 3123 3875 3176 μεμεστωρενα
3909 3124 4024 3169 μω·-

2455 3200 2573 3266 ρίας
2604 3198 2781 3264 λόγια.
2835 3199 2945 3251 Καὶ
2984 3199 3031 3250 οἱ
3082 3199 3178 3266 μὲν
3227 3198 3585 3266 ἐτελεύτησαν
3640 3199 3694 3248 ἐν
3734 3200 3904 3267 ιαύῖῃ
3953 3199 4020 3265 τῇ

2451 3291 2685 3360 αἱρέσει,
2715 3292 2807 3343 καὶ
2833 3292 2969 3341 εἰσιν
3023 3289 3126 3341 ὑπὸ
3157 3289 3482 3356 ἁναθέματι,
3536 3290 3583 3340 οί
3612 3289 3667 3340 δὲ
3717 3288 3873 3351 ζσῖσι,
3926 3307 4022 3341 καί

2450 3381 2797 3449 εὑρίσκονται
2847 3380 2988 3432 κατὰ
3067 3382 3169 3450 τὴν
3219 3382 3518 3449 Αἴγυπτον,
3571 3384 3666 3433 καὶ
3726 3382 4022 3433 καλοῦνται

2463 3470 2755 3540 Ἀρειανοὶ,
2780 3474 2874 3522 καὶ
2916 3470 3248 3534 ’1ακωϐῐται,
3281 3474 3376 3525 καὶ
3414 3472 3780 3539 Νεστοριανοί.
3854 3474 4025 3538 Ἐρω-

781 3571 1104 3641 τηθήτωσαν
1172 3572 1351 3625 τοίνυν
1393 3562 1566 3636 οὗτοι,
1607 3573 1701 3624 καὶ
1766 3572 2052 3639 μέλλουσιν
2126 3570 2478 3640 ὁμολογήσειν
2515 3570 2613 3639 τὴν
2648 3570 2830 3621 πᾶσαν
2890 3569 3169 3639 ἀλήθειαν,
3207 3568 3287 3620 ὅτι
3346 3566 3519 3629 οὓτως
3588 3570 3735 3619 ἐστὶν
3784 3569 4023 3636 ὲξαρχῆς

779 3670 841 3720 τὸ
874 3668 1203 3735 Εὑαγγέλιον
1228 3667 1629 3736 γεγραμμένον,
1660 3666 1733 3727 ὼς
1764 3666 2081 3735 εὑρίσκεται
2118 3666 2210 3717 καὶ
2250 3668 2350 3733 τὴν
2392 3667 2655 3737 σήμερον.

855 3762 909 3814 9.
936 3760 1126 3816 Dicitis
1174 3774 1461 3829 praeterea,
1510 3762 1849 3816 Christianos
1877 3764 1930 3815 in
1971 3771 2082 3816 tres
2125 3761 2349 3816 credere

782 3866 1066 3921 personas,
1101 3850 1336 3915 Patrem,
1386 3852 1610 3905 Matrem
1646 3862 1702 3904 et
1738 3851 1958 3904 Filiutn.
1989 3853 2055 3905 Et
2087 3853 2345 3921 quoniam

786 3944 838 3995 in
881 3942 1133 3996 omnibus
1162 3958 1282 4012 qua:
1304 3943 1742 3997 Christianorum
1791 3946 2040 4013 dogmata
2074 3952 2343 4011 spectant,

782 4032 1039 4103 profanus
1067 4048 1148 4097 es,
1192 4042 1249 4087 ut
1294 4034 1346 4086 in
1380 4035 1522 4097 aliis,
1558 4035 1637 4088 sic
1670 4037 1830 4088 etiam
1879 4035 1968 4087 hic
2020 4050 2191 4087 erras.
2240 4032 2345 4087 Sed

782 4123 929 4174 audi.
959 4120 1067 4176 Nos
1096 4122 1370 4191 equidem.
1399 4140 1487 4191 qui
1512 4122 1787 4176 Christum
1814 4125 2150 4190 prolitemur,
2180 4138 2345 4177 unum

784 4215 955 4267 Deum
990 4214 1302 4276 adoramus,
1334 4226 1638 4267 creatorctn
1669 4215 1937 4277 omnium,
1969 4214 2267 4267 visibilium
2294 4224 2352 4269 et

783 4306 1136 4360 iuvisibilium
1174 4323 1187 4359 :
1223 4306 1491 4375 hujusque
1543 4307 1778 4360 Verbum
1825 4314 1878 4358 et
1925 4305 2141 4369 Filium,
2192 4305 2350 4360 Chri-

782 4405 922 4446 stum
955 4396 1184 4449 scilicet.
1231 4396 1355 4449 lltec
1387 4412 1511 4449 vera
1562 4405 1709 4461 sunt,
1745 4412 1845 4450 nec
1875 4398 2140 4450 sentimus
2167 4398 2343 4450 aliter.

2533 3758 2620 3813 tO'.
2646 3759 2871 3825 Λίγετε,
2905 3759 2987 3811 ὅτι
3009 3758 3337 3828 πιστεύομεν
3363 3760 3411 3812 οἱ
3435 3760 3751 3830 Χριστιανοὶ
3782 3762 3864 3823 εἰς
3906 3764 4022 3831 ερτα

2456 3852 2843 3921 πρόσωπα,εἰς
2875 3852 3116 3919 Πατέρα,
3159 3852 3410 3920 Μητέρα,
3444 3855 3538 3903 καὶ
3573 3854 3718 3906 Υίὸν.
3751 3854 3860 3904 Καὶ
3896 3858 4022 3905 ἐπει.

2453 3944 2531 4001 εἰς
2560 3946 2627 3994 τά
2660 3942 2769 3993 τῶν
2802 3942 3144 4008 Χριστιανῶν
3182 3944 3414 4013 εὑρίσκῃ
3448 3942 3587 3994 κατὰ
3629 3945 3807 3995 πάντα
3842 3945 4027 4013 ἀμύη-

2450 4050 2562 4095 τος,
2591 4031 2781 4101 ῶσπερ
2833 4034 2927 4083 ἐπὶ
2964 4032 3072 4084 τῶν
3096 4033 3291 4093 ἄλλων,
3319 4035 3584 4085 πλανᾶσαι
3612 4037 3704 4085 καὶ
3741 4052 3805 4085 πε
3816 4038 3874 4098 pl.
3895 4039 4021 4090 τού-

2445 4136 2559 4172 του.
2588 4121 2696 4172 Καὶ
2732 4122 2963 4174 ἄκουσον
2994 4123 3076 4173 ὅτι
3120 4124 3216 4188 μὲν
3241 4123 3399 4191 ἡμεῖς
3420 4124 3469 4174 oi
3505 4121 3821 4191 Χριστιανοὶ
3850 4142 4025 4192 προση

2446 4209 2719 4279 κυνοῦμεν
2770 4211 2869 4264 ἕνα
2894 4213 3044 4278 Θεὸν,
3071 4213 3161 4265 τον
3182 4214 3415 4282 ποιητὴν
3444 4213 3682 4274 πάντων,
3714 4213 3933 4282 ὁρατῶν
3965 4231 4027 4265 τε

2454 4302 2548 4354 καὶ
2585 4303 2855 4370 ἀοράτων,
2911 4305 3000 4355 καὶ
3046 4306 3136 4355 τὸν
3181 4306 3372 4355 τούτου
3415 4282 3542 4356 Υίδν
3585 4304 3677 4355 καὶ
3706 4304 3905 4371 Λόγον,
3934 4307 4027 4356 τοι

2454 4394 2686 4461 Χριστὸν
2715 4394 2989 4460 δηλονότι’
3035 4396 3192 4448 τοῦτο
3239 4395 3479 4448 τοιοῦτόν
3506 4398 3642 4460 ἐστι,
3672 4399 3766 4449 καὶ
3796 4398 3897 4449 οὐκ
3930 4400 4029 4449 ἆλ-

782 4485 967 4538 Talem
1001 4487 1149 4538 enim
1196 4486 1341 4539 hunc
1386 4487 1685 4553 credimus,
1748 4499 1804 4541 et
1850 4487 2104 4540 fatemur.
2160 4489 2344 4541 Divam
2382 4476 2422 4529 Ο

2382 4476 2422 4529 Ο
2454 4487 2576 4549 λως.
2615 4486 2725 4539 Καὶ
2764 4487 3090 4556 πιστεύομεν
3125 4489 3219 4540 καὶ
3268 4488 3635 4556 ὁμολογοῦμεν
3681 4492 3870 4543 αὐτόν.
3912 4491 4028 4555 Τὴν

781 4590 912 4627 vero
954 4574 1225 4644 Virginem
1259 4576 1499 4637 Mariam,
1540 4586 1842 4630 creaturam
1888 4578 1982 4631 Dei
2010 4577 2338 4645 iudicamus,

782 4671 837 4714 et
874 4663 966 4716 Dei
1004 4664 1274 4717 auc-illam.
1306 4663 1590 4717 Credimus
1642 4674 1846 4728 autem,
1897 4675 1953 4719 et
1996 4667 2339 4730 conﬁtemur,

782 4754 925 4821 quod
958 4752 1085 4808 huic
1116 4754 1311 4806 similis
1339 4754 1500 4806 homo
1538 4770 1636 4807 nec
1669 4764 1826 4807 natus
1849 4757 1939 4815 sit,
1973 4771 2072 4808 nec
2119 4757 2343 4824 posthac

782 4861 849 4896 ex
879 4843 1001 4896 viro
1052 4852 1106 4897 et
1152 4844 1380 4896 muliere
1414 4846 1724 4897 nasciturus
1764 4861 1932 4912 usque
1979 4848 2045 4897 ad
2093 4860 2345 4898 consum—

784 4937 1075 4987 mationem
1126 4936 1329 4987 szeculi.
1370 4935 1436 4988 Et
1466 4935 1765 4988 secundum
1797 4936 2087 4988 humanam
2123 4935 2343 5003 quidem

786 5038 1059 5088 naturam,
1087 5041 1206 5079 eam
1264 5027 1469 5093 angelis
1516 5026 1829 5080 interiorem
1862 5042 1981 5080 esse
2015 5028 2343 5095 iudicamus,

788 5129 1038 5184 tanquam
1065 5117 1370 5179 hominem;
1405 5116 1609 5169 honore
1643 5128 1824 5171 autem
1873 5127 1929 5172 et
1959 5119 2341 5180 sanctimonia,

786 5208 957 5274 ipsam
1020 5208 1275 5259 omnibus
1328 5208 1535 5275 angelis
1585 5207 1809 5261 indubie
1864 5208 2228 5276 prmferimus,
2282 5222 2349 5262 eo

786 5296 931 5363 quod
960 5295 1197 5348 Verbum
1230 5304 1284 5347 et
1313 5293 1508 5348 Filium
1543 5296 1635 5349 Dei
1665 5297 1964 5363 secundum
1995 5312 2210 5350 carnem
2259 5313 2351 5366 pe-

790 5384 1020 5450 pererit;
1053 5398 1354 5451 omnesque
1394 5399 1492 5438 nos
1519 5384 1665 5437 illam
1699 5386 2016 5438 advocatam
2048 5393 2105 5439 et
2126 5386 2350 5439 auxilia—

789 5474 981 5525 tricem
1025 5473 1392 5542 agnoscimus.
1442 5472 1574 5527 Orat
1605 5485 1661 5529 et
1698 5474 1991 5528 intercedit
2041 5475 2352 5529 indesinen-

788 5576 872 5621 ter
930 5580 1029 5634 pro
1083 5567 1483 5634 peccatoribus.
1538 5568 1792 5623 Miracula
1835 5568 1948 5623 edit
1994 5579 2048 5621 et
2096 5579 2355 5637 cperatur

788 5657 1147 5713 admiratione
1177 5669 1232 5713 et
1263 5670 1483 5728 stupore
1510 5660 1689 5729 digna.
1719 5660 1867 5715 llane
1903 5669 2082 5715 autem
2099 5662 2351 5723 colimus,

789 5766 898 5805 non
949 5761 1007 5805 ut
1037 5752 1226 5816 Deum,
1260 5752 1355 5805 sed
1400 5761 1458 5805 ut
1495 5752 1717 5807 Matrem
1760 5753 1880 5807 Filii
1917 5753 2009 5807 Dei
2053 5754 2353 5808 secundum

2442 4574 2499 4626 δὲ
2532 4575 2617 4625 ἀεὶ
2670 4574 2943 4642 Παρθένον
2968 4575 3130 4641 ἁγίαν
3161 4576 3378 4644 Μαρίαν
3407 4576 3601 4646 ἔχομεν
3619 4575 3845 4647 πλάσμα
3867 4578 4027 4635 Θεοῦ,

2445 4668 2538 4715 καί
2578 4664 2771 4733 δούλην
2803 4665 2960 4718 Θεοῦ.
3000 4668 3107 4719 Καὶ
3139 4667 3468 4736 πιστεύομεν
3499 4670 3594 4720 καὶ
3642 4669 4029 4737 ὁμολογοῦμεν

2443 4755 2524 4807 ὅτι
2581 4754 2703 4809 οὒτε
2754 4757 3056 4824 ἐγεννήθη,
3122 4756 3244 4809 οὕτε
3294 4758 3644 4828 ηγεννηθῆναι
3709 4761 3904 4827 μέλλει
3970 4762 4033 4823 ἐξ

2452 4848 2642 4916 ἀνδρὸς
2672 4849 2763 4901 καὶ
2791 4849 3046 4915 γυναικὸς
3070 4848 3352 4918 ἄνθρωπος
3383 4850 3543 4917 μέχρι
3585 4854 3685 4917 τῆς
3711 4852 4031 4914 συντελείας

2444 4936 2538 4988 τοῦ
2559 4938 2774 5002 αἰῶνος,
2807 4937 2882 4998 ὼς
2916 4937 3075 5007 αὕτη.
3093 4938 3205 4989 Καὶ
3238 4941 3383 4991 κατὰ
3425 4939 3524 5006 μὲν
3545 4939 3647 5008 τὴν
3669 4940 4030 5009 ἀνθρωπίνην

2449 5028 2607 5095 φύσιν
2670 5028 2995 5095 λογιζόμεθα
3038 5030 3207 5096 αὐτὴν
3258 5030 3408 5082 κάτω
3450 5029 3556 5081 τῶν
3601 5030 3858 5097 ἀγγέλων
3884 5069 3902 5094 ,
3950 5034 4031 5096 ὡς

2449 5117 2752 5185 ἄνθρωπον,
2776 5124 2840 5187 τῇ
2860 5118 2916 5170 δὲ
2940 5122 3068 5187 τιμῇ
3089 5123 3179 5171 καὶ
3198 5125 3262 5188 τῇ
3282 5119 3560 5190 ἁγιωσύνῃ
3594 5122 3777 5173 ἐπάνω
3804 5139 4031 5177 παντων

2452 5207 2556 5259 τῶν
2610 5209 2856 5275 ἀγγέλων
2886 5209 3250 5277 ἀσυγκρίτως.
3278 5209 3359 5259 ὅτι
3391 5208 3480 5260 τὸν
3532 5209 3660 5260 Υίὸν
3706 5210 3801 5261 καὶ
3847 5211 4032 5277 Λόγον

2453 5299 2544 5352 τοῦ
2599 5298 2733 5352 Θεοῦ
2782 5299 3039 5365 ἐγέννησε
3074 5302 3215 5351 κατά
3256 5301 3457 5369 σάρκα,
3489 5300 3583 5351 καὶ
3620 5301 3819 5368 ἔχομεν
3850 5305 4031 5367 αὐτὴν

2455 5391 2765 5459 προστάτην
2798 5392 2996 5452 πάντες
3026 5391 3122 5443 καὶ
3156 5391 3370 5460 βοηθὸν,
3408 5394 3499 5443 καὶ
3521 5393 3698 5444 δέεται
3721 5394 3814 5445 καὶ
3846 5411 4032 5464 παρα-

2457 5479 2614 5532 καλεί
2666 5478 2930 5548 διηνεκῶς
2967 5479 3109 5548 ὑπὲρ
3135 5480 3243 5531 τῶν
3294 5480 3651 5548 ἁμαρτωλῶν,
3682 5484 3777 5532 καὶ
3807 5482 4033 5549 ἔνεργεί

2459 5572 2555 5624 καὶ
2613 5571 2843 5641 πράττει
2893 5570 3149 5640 θαύματα
3218 5571 3430 5639 μεγάλα
3497 5571 3591 5625 καὶ
3642 5571 3884 5634 ἐξαίσια.
3918 5576 4035 5628 Καὶ

2458 5663 2870 5731 προσκυνοῦμεν
2916 5663 3084 5728 αὐτὴν
3115 5662 3211 5730 οὐχ
3240 5662 3314 5724 ὡς
3355 5661 3509 5728 Θεὸν,
3544 5660 3656 5714 ἀλλ’
3679 5663 3753 5725 ὡς
3793 5664 4036 5733 Μητέρα

2460 5754 2553 5807 τοῦ
2593 5753 2719 5806 Υἰοῦ
2767 5754 2859 5806 τοῦ
2911 5752 3047 5806 Θεοῦ
3089 5754 3229 5806 κατὰ
3262 5754 3466 5822 σάρκα.
3507 5754 3690 5808 Ἔστω
3714 5753 3897 5807 τοίνυν
3920 5755 4035 5811 ὑπὸ
