4204 6444
728 376 831 441 527

1886 366 2206 427 JOANNIS
2245 367 2762 431 CANTACUZENI

3847 368 3951 430 538

729 505 974 562 magnam
1014 486 1355 542 dulcedinem
1406 493 1460 537 et
1504 479 1766 535 lrctitiam.
1820 479 1990 532 Porro
2064 490 2282 546 progre-
2313 481 2354 538 Α

2313 481 2354 538 Α
2391 479 2554 549 μένῳ,
2588 484 2679 535 καὶ
2712 484 2787 554 μὴ
2810 486 3169 553 εὑρισκόντων
3194 479 3332 551 ὕδωρ
3350 480 3487 532 ὥστε
3520 482 3683 541 πιεῖν,
3716 480 3809 532 καὶ
3841 484 3953 551 γὰρ

727 586 912 639 diente
937 580 1082 634 Mose
1112 594 1206 648 per
1237 577 1512 630 desertum
1541 588 1666 627 cum
1700 570 1936 641 populo,
1964 577 2281 637 serpentum

726 671 1019 727 multitudo
1045 672 1097 724 in
1130 670 1304 722 locum
1342 664 1632 733 quemdam
1676 662 1884 723 incidit,
1915 660 2117 729 quibus
2140 658 2284 727 peri-

729 765 1020 820 clitabatur
1048 758 1297 829 populus.
1329 756 1504 810 Moses
1530 768 1660 807 vero
1694 751 1786 806 Dei
1825 751 1980 822 jussu
2012 750 2140 804 fecit
2167 766 2284 804 ser-

730 862 946 923 pentem
981 862 1216 908 azncum,
1272 845 1586 913 lignumque
1628 848 1836 894 rectum
1880 848 2038 894 terra:
2087 837 2281 899 inﬁxit,

729 944 817 996 cui
851 949 1162 1009 serpentem
1211 946 1577 989 transversum
1606 930 1795 993 afﬁxit,
1852 942 2152 997 omnesque
2190 926 2283 997 qui

728 1052 755 1087 a
785 1030 1130 1100 serpentibus
1160 1025 1246 1078 icti
1282 1023 1518 1085 fuerant,
1555 1021 1672 1075 viso
1700 1034 1852 1073 aeneo
1874 1018 1990 1083 illo,
2017 1015 2286 1072 sanaban-

734 1136 856 1189 tur;
904 1136 1004 1175 nec
1042 1120 1185 1171 ullus
1207 1123 1324 1169 erat
1357 1114 1450 1183 qui
1479 1129 1507 1167 a
1535 1111 1884 1180 serpentibus
1926 1109 2098 1171 ictus,
2134 1121 2286 1162 teneo

727 1217 843 1268 viso
871 1227 977 1266 non
1018 1218 1322 1265 sanaretnr.
1359 1205 1625 1259 Nimirum
1660 1212 1715 1255 et
1739 1200 1832 1254 illo
1888 1197 2154 1252 miraculo
2183 1197 2287 1251 hoc

732 1306 1031 1367 innuente,
1092 1300 1235 1369 quod
1287 1304 1529 1351 erectum
1584 1294 1789 1362 lignum
1863 1290 2161 1359 aﬂixnsque
2211 1288 2285 1341 illi

730 1406 1072 1449 transversus
1094 1405 1315 1459 serpens
1339 1387 1518 1441 crucis
1542 1395 1727 1457 typum
1748 1383 2059 1447 denotabat,
2082 1395 2291 1435 aeneus-

727 1501 835 1555 qne
869 1499 1094 1554 serpens
1126 1481 1271 1535 haud
1304 1480 1473 1533 dubie
1502 1476 1707 1532 Christi
1741 1486 1900 1545 typus
1928 1483 2061 1528 erat.
2090 1473 2288 1538 Quem-

728 1577 1022 1631 admodum
1071 1578 1216 1629 enim
1268 1584 1493 1641 serpens
1524 1570 1615 1622 hic
1651 1568 1878 1622 formam
1909 1566 2129 1635 quidem
2174 1579 2290 1619 ser-

729 1670 910 1737 pentis
930 1668 1140 1729 habuit,
1165 1677 1436 1718 venenum
1460 1675 1587 1714 vero
1618 1672 1997 1727 nequaquam;
2032 1657 2108 1710 sic
2123 1654 2285 1709 etiam

728 1759 980 1812 Christus
1032 1757 1193 1809 homo
1247 1754 1469 1821 quidem
1520 1760 1639 1804 erat
1685 1748 1925 1809 futurus,
1957 1746 2049 1801 sed
2079 1744 2286 1815 peccati

730 1864 944 1917 expers,
996 1855 1051 1899 et
1095 1846 1328 1915 quilibet
1377 1841 1577 1896 diaboli
1634 1854 1819 1893 morsu
1884 1838 2206 1907 impetitus,
2241 1836 2287 1890 si

728 1939 946 1993 Christo
982 1942 1233 2005 respecto
1282 1934 1334 1986 in
1377 1932 1530 1985 illum
1582 1928 1899 1992 crediderit,
1949 1927 2287 1993 salvabitur;

730 2030 823 2098 qui
858 2044 986 2083 vero
1032 2029 1084 2080 in
1120 2027 1272 2080 illum
1305 2039 1415 2078 non
1462 2020 1784 2090 respexerit,
1828 2032 1929 2073 nec
1972 2016 2285 2080 crediderit,

730 2129 952 2188 pr0pter
986 2126 1269 2187 peccatum
1320 2113 1607 2167 morietur.
1654 2112 1887 2179 insuper
1950 2108 2100 2163 bello
2147 2111 2289 2161 inter

728 2210 945 2265 Judzeos
994 2222 1118 2262 cum
1154 2202 1473 2258 Amalekitis
1492 2212 1703 2265 exorto,
1756 2198 2087 2253 extendente
2136 2196 2283 2251 Mose

730 2301 797 2355 ad
832 2301 1002 2354 Deum
1034 2312 1228 2351 manus
1258 2309 1385 2349 suas
1407 2332 1421 2356 ,
1452 2292 1804 2347 Hebraeorum
1840 2290 2043 2344 milites
2069 2291 2288 2345 Amale-

731 2391 858 2445 kitis
880 2389 1191 2457 superiores
1209 2394 1395 2448 erant;
1423 2385 1524 2437 hoc
1538 2391 1718 2437 autem
1739 2397 1932 2436 manus
1948 2381 2289 2447 demittente,

731 2479 1045 2535 Amalekitar.
1077 2475 1335 2530 lsraelem
1390 2472 1750 2541 repellebant.
1812 2472 2082 2540 Praecepit
2128 2472 2291 2540 igitur

733 2573 928 2631 Moses,
966 2580 1026 2624 ut
1056 2583 1113 2623 se
1142 2582 1335 2620 manus
1369 2563 1751 2620 extendentem
1774 2563 2029 2632 juvarent
2056 2600 2072 2625 ,
2117 2562 2293 2616 donec

735 2664 793 2717 in
826 2663 1139 2715 universum
1176 2658 1423 2712 devictus
1457 2663 1599 2710 esset
1640 2653 1884 2707 Amalek.
1934 2654 2074 2707 Ecce
2128 2654 2291 2708 etiam

734 2754 834 2806 hac
857 2767 914 2805 re
949 2748 1235 2803 manifeste
1270 2745 1452 2800 crucis
1498 2756 1682 2812 typum
1714 2741 2037 2811 prmierebat
2065 2753 2121 2797 et
2146 2744 2291 2812 eius-

735 2844 858 2897 dem
887 2841 1210 2910 potentiam.
1240 2836 1347 2891 Sed
1379 2845 1437 2889 et
1464 2834 1658 2889 beatus
1689 2835 1779 2888 ille
1799 2833 1967 2889 Jacob
1998 2834 2295 2903 nepotibus

738 2932 855 2985 suis
888 2928 1301 2989 benedicturus,
1345 2940 1540 2980 manus
1595 2938 1722 2980 suas
1758 2926 1810 2978 in
1861 2924 2080 2978 modum
2111 2926 2294 2978 crucis

736 3032 1075 3074 transversas
1125 3019 1318 3075 iisdem
1366 3014 1667 3085 imposuit,
1733 3012 1911 3068 crucis
1942 3022 2127 3084 typum
2194 3014 2295 3066 hac

737 3114 907 3167 forma
938 3111 1253 3166 ostendens.
1296 3112 1471 3164 Porro
1497 3106 1839 3161 manifestius
1868 3106 2177 3175 clariusque
2210 3105 2295 3161 his

740 3205 881 3258 Deus
905 3220 998 3273 per
1026 3202 1339 3272 prophetam
1366 3200 1557 3254 Isaiam
1583 3198 1715 3252 dicit
1738 3215 1753 3250 :
1787 3196 2019 3252 «Gentes
2039 3206 2093 3250 et
2116 3212 2292 3265 reges,

738 3297 828 3363 qui
861 3294 959 3347 tibi
992 3309 1100 3347 non
1124 3292 1436 3354 servierint,
1480 3290 1758 3357 peribunt,
1780 3298 1857 3342 ..ει
1890 3296 2076 3357 gentes
2106 3288 2297 3341 solitu-

738 3388 859 3439 dine
886 3384 1295 3443 desolabuntur,
1323 3382 1377 3435 in
1397 3395 1674 3449 cupresso,
1692 3380 1821 3447 pinu
1849 3389 1903 3433 et
1922 3378 2087 3435 cedro
2112 3378 2296 3445 simul,

738 3487 796 3531 ut
826 3477 1131 3547 glorificent
1160 3476 1335 3529 locum
1369 3482 1615 3527 sanetum
1649 3487 1851 3536 meum,
1890 3480 1947 3525 et
1988 3472 2166 3525 locum
2199 3484 2295 3538 pe-

738 3569 864 3621 dutn
884 3564 1601 3635 meorumlgloriiieabo."-"
1626 3564 1883 3617 «Attende
1899 3563 2081 3631 igitur,
2105 3560 2295 3615 etvidn

741 3676 853 3712 rem
889 3673 1084 3712 novam
1132 3669 1186 3712 et
1220 3654 1615 3709 admirabilem.
1648 3654 2115 3720 Quemadmodum
2148 3653 2293 3706 enim

739 3750 941 3804 Christi
980 3750 1285 3817 passionem
1338 3748 1707 3817 praedixerunt
1746 3746 2046 3814 prophetae,
2094 3754 2148 3798 et
2188 3760 2294 3799 non

742 3842 917 3897 solum
975 3843 1135 3906 hanc,
1186 3855 1373 3893 verum
1438 3838 1598 3891 etiam
1634 3836 1877 3905 ejusdem
1931 3836 2176 3904 species,
2218 3846 2297 3902 ut,

748 3951 767 3984 ι
799 3933 1075 3987 Dederunt
1117 3931 1248 3985 mihi
1280 3931 1332 3984 in
1362 3928 1542 3983 cibum
1571 3927 1661 3992 fel,
1698 3938 1753 3980 et
1784 3928 1837 3980 in
1860 3926 1950 3981 siti
1984 3942 2100 3981 mea
2142 3937 2298 3995 pota-

741 4033 938 4078 verunt
992 4037 1078 4077 me
1125 4030 1301 4083 aceto,
1336 4029 1391 4074 et
1438 4018 1792 4089 perfoderunt
1838 4032 2030 4071 manus
2067 4032 2217 4071 meas
2245 4026 2300 4071 et

745 4114 909 4181 pedes
938 4128 1108 4176 meos,
1143 4122 1197 4165 et
1224 4111 1528 4165 diviserunt
1557 4108 1876 4162 vestimenta
1905 4123 2041 4171 mea,
2062 4117 2117 4161 et
2136 4122 2299 4177 super

742 4214 949 4259 vestem
976 4218 1151 4258 meam
1184 4202 1451 4255 miserunt
1472 4210 1730 4261 sortem,»
1763 4207 1817 4251 et
1836 4198 1939 4251 alia
1962 4197 2047 4251 his
2066 4198 2294 4252 similia:

742 4296 821 4349 sic
854 4294 1020 4347 etiam
1050 4292 1229 4358 crucis
1257 4290 1402 4343 illius
1446 4298 1632 4355 typum
1672 4288 2205 4353 demonstraverunt,
2243 4297 2299 4341 et

742 4383 885 4452 quod
932 4396 1030 4450 per
1086 4380 1229 4433 hanc
1264 4378 1530 4432 abolenda
1581 4387 1728 4431 esset
1778 4376 1976 4430 diaboli
2033 4378 2293 4447 tyrannis.

2385 572 2557 641 πικρὰ
2592 573 2910 641 εὑρίσκοντο
2944 574 3009 626 τὰ
3052 573 3148 642 τῆς
3202 572 3428 639 suppa;
3478 570 3665 637 ὕδατα,
3696 572 3896 637 ἔδειξεν
3924 576 3954 625 6

2384 659 2516 722 Θεὸς
2548 662 2624 730 τῷ
2651 665 2878 717 Μωῦσεῖ
2921 666 3101 730 ξύλον,
3128 662 3221 715 καὶ
3249 663 3427 731 βαλὼν
3451 664 3579 716 αὐτὸ
3605 666 3660 716 ὲν
3682 666 3795 725 τοῖς
3828 663 3953 715 ὕδε-

2386 768 2492 815 σιν,
2524 752 2960 822 ἐγλυκάνθησαν,
2996 751 3092 807 καῖ
3118 755 3270 807 ἔπιεν
3300 755 3446 816 ἄπας
3474 755 3501 805 6
3523 754 3648 815 λαὸς
3677 755 3785 805 τῶν
3822 756 3956 807 Ἰουο

2386 840 2573 905 δαίων,
2611 847 2704 898 καὶ
2750 847 3014 915 ἐκορέσθη
3042 862 3055 876 ·
3093 845 3252 897 τοῦτο
3295 844 3583 915 δηλοῦντος
3609 846 3701 898 τοῦ
3739 847 3953 914 θαύμαο

2384 949 2498 998 τος,
2526 937 2605 989 ὅτι
2633 938 2665 1005 ἡ
2690 938 2839 1006 παρὰ
2863 937 2954 990 τοῦ
2983 935 3234 989 διαϐόλου
3285 936 3546 1003 γεγονυῖα
3577 937 3633 988 ὲν
3665 936 3742 1005 τῷ
3764 937 3955 1006 κόσμῳ

2387 1026 2587 1096 πικρία
2624 1027 2987 1097 ἀφανισθῆναι
3029 1027 3215 1097 μέλλει
3264 1029 3358 1082 καὶ
3409 1027 3821 1097 μεταϐληθῆναι
3870 1031 3957 1081 διὰ

2386 1114 2481 1168 τοῦ
2505 1116 2741 1187 σταυροῦ
2776 1119 2857 1181 εις
2879 1118 3121 1187 μεγάλην
3144 1117 3458 1185 γλυκύτητα
3478 1119 3570 1169 καὶ
3591 1118 3954 1187 εὐφροσύνην.

2392 1205 2525 1259 "Em
2559 1209 2925 1277 πορευομένου
2965 1208 3060 1261 τοῦ
3097 1207 3376 1262 Μωῦσέως
3407 1210 3463 1260 έν
3497 1211 3561 1276 τῇ
3594 1208 3787 1279 ἐρήμῳ
3821 1211 3958 1277 μετᾶ

2389 1292 2483 1345 τοῦ
2524 1293 2675 1359 λαοῦ,
2717 1295 2919 1365 εὑρέθη
2958 1297 3015 1349 ἐν
3050 1297 3197 1363 τόπῳ
3251 1296 3357 1348 τινὶ
3390 1295 3593 1364 πλῆθος
3625 1296 3825 1363 ὄφεων,
3868 1298 3959 1348 καὶ

2390 1387 2729 1439 ἐκινδύνευεν
2752 1389 2779 1440 6
2813 1387 2938 1447 λαὸς
2971 1386 3061 1437 ὑπ’
3091 1385 3371 1439 αὐτῶν.Ὀ
3387 1385 3442 1437 δὲ
3474 1387 3737 1454 Μωῦσῆς,
3769 1387 3959 1437 κελευ-

2391 1476 2537 1537 σθεὶς
2555 1477 2705 1540 παρὰ
2726 1475 2819 1529 τοῦ
2853 1475 3008 1541 Θεοῦ,
3036 1476 3290 1545 ἐποίησεν
3338 1474 3459 1543 ὅφιν
3490 1476 3747 1544 χαλκοῦν.
3785 1478 3960 1546 Ἐπη-

2393 1564 2449 1628 ξε
2486 1566 2541 1618 δὲ
2573 1567 2725 1630 ξύλον
2774 1566 2975 1635 δρθιον,
3002 1569 3095 1621 καὶ
3124 1567 3323 1634 έθηκεν
3359 1567 3522 1620 αὑτὸν
3564 1568 3866 1635 έγκάρσιον
3898 1569 3953 1619 ἐν

2390 1655 2561 1725 αὐτῷ.
2596 1658 2705 1710 Καὶ
2749 1657 2951 1719 πάντες
2995 1659 3043 1709 οἱ
3098 1657 3416 1727 δακνόμενοι
3455 1658 3559 1709 ὑπὸ
3606 1658 3713 1709 τῶν
3759 1658 3957 1724 ὄφεων,

2392 1746 2620 1798 ἔϐλεπον
2649 1748 2741 1799 τὸν
2770 1749 3010 1800 τοιοῦτον
3031 1748 3270 1817 χαλκοῦν
3306 1748 3453 1817 ὄφιν,
3489 1749 3580 1801 καὶ
3602 1748 3963 1817 ἐθεραπεύον-

2392 1854 2474 1899 το,
2505 1837 2598 1890 καὶ
2615 1838 2789 1901 οὐδεὶς
2818 1836 2885 1908 ἦν
2922 1840 3031 1892 ἀπὸ
3060 1840 3168 1892 τῶν
3203 1839 3550 1908 δακνομένων
3581 1838 3685 1889 ὑπὸ
3725 1838 3833 1890 τῶν
3864 1840 3962 1890 αύ-

2391 1928 2499 1980 τῶν
2528 1928 2702 1998 ὄφεων
2755 1930 2783 1982 6
2835 1928 3110 1997 ἐμϐλέψας
3145 1930 3225 1992 ei;
3273 1931 3454 1991 αὐτὸν,
3501 1928 3560 1990 ὃς
3611 1929 3711 1981 οὐκ
3769 1929 3962 1997 ἐθερα-

2392 2021 2605 2073 πεύετο.
2628 2020 2797 2074 Τοῦτο
2822 2019 3104 2089 δηλοῦντος
3140 2021 3347 2075 καὶτοῦ
3370 2020 3611 2073 τοιούτου
3657 2020 3959 2089 θαύματος,

2389 2113 2471 2165 ὅτι
2517 2113 2577 2165 τὸ
2617 2112 2821 2182 πηχθὲν
2852 2112 3033 2181 ὄρθιον
3072 2113 3250 2179 ξύλον,
3288 2114 3384 2166 καὶ
3430 2116 3458 2165 6
3494 2117 3550 2167 ὲν
3606 2115 3756 2183 αύτῷ
3783 2116 3963 2176 τεθεὶς

2391 2200 2679 2267 ἔγκάρσιος
2708 2202 2851 2269 ὄφις,
2874 2202 2965 2254 τὸν
3001 2202 3095 2255 τοῦ
3129 2201 3362 2271 σταυροῦ
3385 2204 3557 2256 τύπον
3578 2205 3863 2267 εικόνιζεν.
3904 2207 3964 2257 Ὀ

2395 2292 2576 2358 μέντοι
2607 2291 2841 2361 χαλκοῦς
2868 2292 2990 2359 ὖφις
3029 2292 3315 2361 προδήλως
3352 2292 3543 2363 ἐδήλου
3580 2295 3669 2346 τὸν
3703 2295 3961 2363 Χριστόν.

2393 2381 2592 2445 Καθὼς
2634 2384 2741 2451 γὰρ
2796 2384 2825 2435 6
2875 2383 3000 2449 ὄφις
3061 2386 3271 2446 ἐκεῖνος
3305 2383 3365 2435 τὸ
3403 2385 3500 2452 μὲν
3539 2380 3676 2446 εἶδος
3721 2380 3835 2455 εἶχε
3868 2385 3963 2439 τοῦ

2392 2472 2591 2539 ὄφεως,
2627 2474 2704 2526 ἰὸν
2737 2473 2791 2525 δὲ
2819 2473 3091 2543 οὐδαμῶς,
3124 2474 3266 2526 οὕτω
3302 2476 3395 2527 καὶ
3426 2478 3453 2528 6
3481 2477 3719 2543 Χριστὸς
3752 2476 3963 2547 ἄνθρω-

2394 2582 2493 2625 πος
2529 2565 2623 2633 μὲν
2666 2566 2849 2634 μέλλει
2894 2565 3168 2632 γενέσθαι,
3228 2565 3504 2635 ἁμαρτιας
3544 2568 3600 2619 δὲ
3655 2569 3807 2621 ἄνευ.
3850 2568 3966 2621 Καὶ

2395 2658 2502 2717 πᾶς
2527 2656 2554 2706 6
2585 2657 2914 2725 δακνόμενος
2955 2656 3059 2708 ὑπὸ
3084 2656 3177 2708 τοῦ
3208 2657 3485 2722 διαϐόλου,
3513 2659 3608 2710 καὶ
3642 2658 3857 2725 βλέπων
3885 2660 3965 2721 εἰς

2394 2748 2483 2797 τὸν
2513 2747 2768 2815 Χριστὸν,
2807 2748 2901 2799 καὶ
2931 2748 3203 2799 πιστεύων
3254 2750 3333 2807 εἰς
3392 2748 3575 2811 αὑτὸν,
3613 2748 3919 2817 σωθήσεται
3947 2766 3962 2781 ο

2392 2836 2423 2887 6
2461 2837 2515 2889 δὲ
2559 2836 2635 2907 μὴ
2664 2834 2878 2905 βλέπων
2925 2838 3005 2899 εἰς
3040 2838 3228 2901 αὐτὸν,
3265 2837 3399 2906 μηδὲ
3427 2838 3721 2903 πιστεύων,
3760 2840 3967 2891 ἀποθα-

2395 2931 2565 2982 νεῖται
2607 2929 2711 2981 ύπὸ
2757 2930 2856 2997 τῆς
2912 2928 3211 2998 ἁμαρτίας.
3250 2930 3371 2982 Ἐτι
3420 2929 3658 2999 πολέμου
3680 2931 3967 2998 γεγονότος

2400 3020 2535 3089 μετὰ
2563 3020 2670 3073 τῶν
2713 3020 2976 3089 Ἐϐραίων
3010 3021 3231 3073 καὶτῶν
3264 3021 3663 3090 Ἀμαληκιτῶν,
3689 3023 3967 3073 ἐκτείναι-

2323 3133 2367 3192 c
2401 3129 2491 3174 τος
2529 3113 2621 3165 τοῦ
2668 3113 2911 3174 Μωσέως
2945 3113 3042 3175 τὰς
3070 3115 3260 3181 χεῖρας
3307 3112 3472 3166 αὑτοῦ
3500 3115 3631 3181 πρὸς
3676 3116 3768 3166 τὸν
3806 3113 3963 3177 Θεὸν,

2399 3202 2801 3273 κατετροποῦτο
2858 3203 2952 3255 τὸν
2995 3204 3247 3272 Ἀμαλὴκ
3281 3206 3309 3256 6
3341 3204 3450 3255 τῶν
3494 3204 3763 3273 Ἐϐραίων
3815 3205 3966 3266 λα6ς⁸

2398 3295 2581 3353 θέντος
2609 3294 2652 3345 δ’
2684 3295 2854 3356 αύτὰς
2885 3295 3061 3357 κάτω,
3101 3294 3502 3364 κατετροποῦτο
3532 3298 3559 3347 6
3600 3296 3848 3364 ’Δμαλὴκ
3876 3296 3967 3348 τὸν

2409 3384 2650 3455 Ἰσραήλ.
2697 3384 3003 3454 Προσέταξε
3032 3385 3211 3438 τοίνυν
3241 3384 3330 3438 διὰ
3357 3385 3515 3437 τοῦτο
3543 3386 3572 3437 6
3608 3386 3852 3457 Μωῦσῆς
3875 3388 3967 3438 δύο

2396 3479 2569 3541 τινὰς,
2598 3476 2736 3529 ὥστε
2770 3476 2987 3547 βοηθεῖν
3026 3476 3173 3546 αύτῷ
3219 3478 3313 3529 ἐπὶ
3344 3480 3409 3546 τῇ
3444 3478 3665 3529 ἐκτάσει
3705 3479 3816 3529 τῶν
3844 3478 3968 3530 τού-

2398 3580 2492 3617 του
2524 3564 2741 3634 χειρῶν,
2776 3566 2970 3633 μέχρις
3003 3564 3068 3619 ἂν
3091 3566 3170 3627 εἰς
3199 3566 3352 3627 τέλος
3395 3567 3603 3637 ἡττήθη
3626 3569 3653 3617 6
3692 3568 3967 3636 ’Δμαλὴκ.

2412 3655 2541 3708 Ἰδοὺ
2572 3657 2666 3710 καὶ
2688 3656 2845 3709 τοῦτο
2864 3659 3156 3727 προφανῶς
3174 3657 3263 3709 τὸν
3284 3655 3379 3709 τοῦ
3400 3659 3630 3728 σταυροῦ
3648 3660 3819 3712 τύπον
3841 3663 3967 3729 ἐδή-

2399 3748 2491 3799 λου
2515 3765 2573 3800 τε
2600 3748 2693 3801 καὶ
2714 3748 2812 3819 τὴν
2844 3748 3092 3817 δύναμιν,
3111 3748 3271 3800 Ἀλλὰ
3304 3749 3399 3801 καὶ
3417 3749 3444 3800 6
3483 3751 3751 3819 μακάριος
3767 3752 3968 3803 Ἰακὼϐ

2397 3840 2786 3907 τοὺςὲγγόνους
2820 3840 2982 3893 αὐτοῦ
3016 3841 3274 3907 εὐλογῶν,
3312 3839 3536 3906 ἐναλλὰξ
3572 3845 3666 3895 καὶ
3685 3860 3971 3914 σταυροει-

2398 3926 2500 3986 δῶς
2522 3928 2619 3987 τὰς
2649 3929 2839 3996 χεῖρας
2868 3927 3032 3980 αὑτοῦ
3062 3929 3154 3979 ἐπὶ
3178 3931 3285 3979 τῶν
3321 3928 3573 3995 κεφαλῶν
3594 3930 3820 3983 ἐκείνων
3844 3935 3973 3986 ἑπέ-

2400 4018 2557 4085 θηκε,
2580 4018 2669 4069 τὸν
2690 4018 2859 4070 τύπον
2886 4017 2981 4069 τοῦ
3005 4017 3239 4086 σταυροῦ
3264 4017 3449 4071 ἔκτοτε
3469 4018 3879 4074 δεικνύων.Ἐτι
3914 4024 3972 4075 δὲ

2398 4108 2590 4159 τούτου
2647 4109 2979 4176 σαφέστερόν
3014 4125 3074 4159 τε
3108 4109 3201 4160 καὶ
3233 4107 3619 4179 καθαρώτερον
3648 4113 3675 4161 6
3711 4110 3847 4172 Θεὸς
3881 4114 3973 4166 διὰ

2397 4199 2492 4250 τοῦ
2527 4199 2807 4269 προφήτου
2857 4199 3081 4251 Ἡσαΐου
3122 4199 3321 4251 οὑτωσί
3355 4216 3513 4267 φησι,
3544 4218 3561 4250 ι
3591 4200 3671 4251 Τὰ
3704 4200 3835 4269 ἔθνη
3877 4204 3976 4257 καὶ

2398 4291 2447 4341 οἱ
2468 4287 2729 4357 βασιλεῖς,
2760 4288 2958 4349 οἵτινές
2984 4305 3063 4340 σοι
3093 4289 3152 4339 ού
3186 4287 3584 4351 δουλεύσουσιν,
3614 4290 3973 4357 ἀπολοῦνται,

2400 4380 2494 4429 καὶ
2523 4378 2591 4429 τὰ
2621 4376 2748 4444 ἔθνη
2771 4378 2977 4447 ἐρημίᾳ
3011 4378 3483 4447 ἐρημωθήσονται.
3518 4380 3605 4432 Ἐν
3644 4383 3977 4451 κυπαρίσσῳ

744 4451 851 4529 Sed
896 4482 952 4527 et
980 4486 1148 4538 genus
1175 4469 1307 4540 ligni
1342 4468 1502 4522 Isaias
1537 4469 1766 4531 notavit,
1816 4468 2042 4521 dicens:
2079 4468 2166 4521 «ιη
2202 4483 2297 4521 cu-
2328 4451 2404 4518 D:

2328 4451 2373 4506 Ῑ)
2401 4468 2493 4519 καὶ
2522 4467 2698 4537 πεύκη
2725 4469 2819 4520 καὶ
2837 4468 3009 4537 κέδρῳ
3024 4467 3139 4536 ἆμα
3165 4467 3383 4532 δοξάσαι
3401 4468 3491 4521 τὸν
3524 4470 3687 4522 τόπον
3707 4470 3797 4521 τὸν
3816 4472 3976 4537 ἇτιὸν

746 4578 954 4632 presso,
987 4562 1118 4630 pinu
1149 4572 1204 4613 et
1233 4561 1397 4613 cedro
1461 4558 1621 4612 simul
1661 4558 1933 4627 gloriﬁces
1959 4558 2133 4612 locum
2174 4574 2298 4612 san-

745 4662 890 4707 ctum
916 4666 1116 4715 meum,
1148 4658 1203 4703 et
1230 4650 1409 4703 locum
1441 4649 1639 4717 pedum
1664 4661 1907 4701 meorum
1928 4647 2259 4716 gloriﬁcabo.
2277 4667 2295 4697 ι

748 4744 829 4797 Ex
860 4742 946 4795 his
974 4743 1119 4795 enim
1158 4740 1334 4793 tribus
1370 4739 1497 4807 ligni
1522 4737 1815 4807 generibus
1843 4752 1977 4790 crux
2021 4749 2300 4807 compacta

745 4841 852 4899 est,
878 4846 1045 4885 unum
1069 4830 1287 4898 quidem
1304 4840 1569 4889 ereCtum,
1590 4827 1887 4881 secundum
1909 4836 2299 4891 transversum,

750 4923 971 4977 tertittm
1001 4936 1131 4974 vero
1162 4919 1408 4983 inferius,
1430 4918 1519 4972 cui
1551 4917 1690 4970 aﬂixi
1716 4926 1842 4969 sunt
1872 4917 2038 4984 pedes
2074 4916 2297 4971 Christi.

753 5014 916 5067 David
938 5028 1066 5066 vero
1094 5014 1173 5065 sic
1194 5010 1493 5063 exelamat:
1526 5008 1799 5061 tExaltate
1826 5007 2112 5060 Dominum
2134 5009 2299 5061 Deum

747 5113 1010 5165 vestrum,
1062 5112 1117 5154 et
1164 5101 1385 5155 adorate
1448 5099 1740 5153 scabellum
1798 5096 1991 5165 pedum
2051 5113 2298 5162 suorum,

749 5198 1009 5264 quoniam
1047 5203 1269 5247 sanctus
1298 5203 1381 5245 est
1404 5193 1469 5244 ".
1506 5210 1524 5241 ι
1561 5190 1713 5244 Nunc
1733 5205 1862 5244 vero
1890 5190 1957 5243 de
2008 5204 2192 5252 cruce,
2238 5205 2300 5242 ea

747 5301 866 5353 qua:
895 5286 1038 5337 dicta
1080 5292 1210 5337 sunt
1238 5282 1531 5335 sufﬁciant.
1587 5280 1783 5334 Verum
1832 5290 1887 5334 et
1925 5280 2092 5333 Jaeob
2128 5280 2298 5332 bene-

748 5375 958 5438 dicens,
1001 5384 1059 5426 ut
1085 5375 1292 5425 dictum
1323 5380 1424 5434 est,
1468 5370 1592 5422 (iliis
1639 5369 1861 5437 Juseph,
1903 5384 2094 5423 manus
2127 5379 2296 5422 trans-

747 5475 933 5515 Versas
977 5462 1089 5515 illis
1127 5463 1406 5529 imposuit,
1440 5468 1494 5512 et
1544 5459 1597 5511 in
1631 5458 1847 5510 modum
1880 5459 2059 5511 erucis
2102 5457 2293 5510 iisdem

747 5551 1043 5608 benedixit.
1096 5552 1461 5605 Praevidentes
1488 5548 1634 5602 enim
1677 5547 1977 5616 propheta),
2008 5546 2154 5615 quod
2197 5560 2294 5614 per

816 5731 930 5765 sui
974 5734 1069 5786 ιδῃ,
1111 5746 1194 5795 ιχ,
1232 5728 1312 5792 19.,
1354 5730 1434 5781 l3.
1511 5730 1555 5759 ‘3
1599 5726 1736 5781 Psal.
1776 5743 1955 5785 xcvm.
1992 5726 2022 5777 :‘i

2399 4576 2522 4627 μου,
2541 4559 2636 4609 καὶ
2660 4559 2749 4609 τὸν
2772 4559 2935 4610 τόπον
2956 4558 3063 4611 τῶν
3080 4559 3255 4611 ποδῶν
3287 4576 3388 4627 μου
3410 4558 3632 4623 δοξάσω.
3648 4578 3666 4611 ›
3695 4561 3977 4629 Πρόσεξον

2396 4649 2601 4711 τοίνυν,
2632 4649 2725 4699 καὶ
2747 4647 2821 4698 ῖδε
2849 4648 3083 4716 πρᾶγμα
3106 4664 3158 4699 τι
3196 4648 3347 4712 ξένον
3372 4650 3467 4701 καὶ
3493 4649 3977 4721 ὲξαίσιον.Ὠσπερ

2398 4742 2505 4808 γὰρ
2537 4742 2666 4809 περὶ
2696 4739 2789 4790 τοῦ
2822 4739 3029 4801 πάθους
3061 4737 3155 4791 τοῦ
3179 4739 3419 4809 Χριστοῦ
3476 4741 3897 4809 προηγόρευσαν
3921 4746 3977 4795 οἱ

2402 4833 2697 4899 προφῆται,
2733 4834 2826 4883 καὶ
2853 4830 2927 4899 μὴ
2961 4832 3122 4899 μόνον
3152 4833 3364 4895 τούτου,
3390 4832 3522 4885 ἀλλὰ
3545 4832 3640 4885 καὶ
3672 4833 3781 4885 τῶν
3811 4834 3981 4888 εἰδῶν

2396 4918 2493 4971 τοῦ
2547 4920 2774 4982 πάθους,
2803 4922 2922 4987 ἡτοι
2953 4917 3067 4981 τοῦ,
3104 4937 3123 4970 ι
3162 4920 3410 4973 Ἔδωκαν
3444 4922 3521 4980 ei;
3543 4920 3602 4972 τὺ
3633 4921 3837 4990 βρῶμὰ
3869 4940 3977 4990 μου

2399 5009 2578 5077 χολὴν,
2608 5013 2701 5061 καὶ
2732 5014 2811 5072 εἰς
2840 5010 3143 5083 τὴνίδίψαν
3206 5027 3307 5078 μου
3367 5010 3621 5062 ἐπύτισάν
3691 5028 3760 5077 με
3827 5011 3977 5075 δξος,

2400 5100 2496 5151 καὶ
2526 5098 2741 5169 ῶρυξαν
2778 5100 2965 5169 χεῖράς
3014 5118 3114 5167 μου
3153 5103 3247 5153 καὶ
3298 5100 3462 5163 πόδας
3497 5117 3619 5168 μου,
3656 5104 3755 5153 καὶ
3786 5103 3981 5171 διεμε-

2406 5192 2630 5256 ρίσαντο
2668 5192 2735 5242 τὰ
2759 5191 2954 5258 ἱμάτιά
3000 5207 3124 5259 μου,
3156 5192 3247 5242 καὶ
3279 5192 3369 5243 ἐπὶ
3413 5194 3503 5243 τὸν
3540 5192 3843 5261 ἱματισμόν
3868 5211 3979 5264 μου

2410 5282 2602 5334 ἔϐαλον
2636 5282 2863 5351 κλῆρον,
2892 5300 2909 5331 ι
2947 5282 3041 5333 καὶ
3084 5281 3191 5332 τῶν
3225 5282 3422 5348 ὁμοίων
3452 5280 3682 5345 τούτοις,
3705 5281 3855 5335 οὕτω
3877 5288 3981 5337 καὶ

2403 5372 2496 5422 ἐπὶ
2529 5371 2623 5423 τοῦ
2656 5370 2891 5440 σταυροῦ
2926 5370 3131 5433 ἔδειξαν
3164 5370 3262 5437 μὲν
3283 5369 3374 5422 τὸν
3399 5370 3564 5421 τύπον
3588 5370 3681 5422 τοῦ
3707 5374 3979 5441 σταυροῦ,

2404 5464 2494 5512 καὶ
2515 5462 2597 5513 ὅτι
2620 5460 2687 5513 δι’
2710 5461 2872 5513 αὑτοῦ
2899 5461 3083 5529 μέλλει
3099 5459 3502 5529 καταϐληθῆναι
3533 5462 3565 5529 ἡ
3604 5458 3697 5512 τοῦ
3719 5461 3980 5517 διαϐόλου

2401 5550 2671 5615 ταραννὶς.
2699 5546 2858 5599 Ἀλλὰ
2882 5550 2977 5600 καὶ
3022 5548 3119 5617 τὴν
3161 5546 3322 5616 φύσιν
3366 5545 3458 5600 τοῦ
3518 5547 3642 5600 ύλου
3668 5550 3696 5602 6
3740 5548 3981 5619 Ἠσαίας
