4204 6444
238 445 340 506 529

236 553 502 623 ιδήλωσεν
563 555 751 619 εἰπὼν,
830 578 848 608 ι
882 557 971 610 Ἐν
1025 558 1350 627 κυπαρίσσῳ
1376 556 1471 609 καὶ
1504 557 1685 629 πεύκη
1716 558 1809 611 καὶ

236 648 410 719 κέδρῳ
434 649 551 716 ἅμα
573 649 789 715 δοξάσαι
817 650 907 702 τὸν
923 650 1087 702 τόπον
1129 651 1219 703 τὸν
1251 649 1405 717 ἅγιόν
1440 668 1563 718 μου.
1587 651 1683 703 καὶ
1712 650 1803 701 τὸν

237 741 405 792 τόπον
432 741 540 792 τῶν
573 741 752 793 ποδῶν
783 756 884 809 μου
914 740 1145 803 δοξάσω.
1175 758 1194 792 ι
1246 739 1336 804 Ἐξ
1370 741 1552 793 αὐτῶν
1579 740 1668 793 καὶ
1694 739 1801 809 γὰρ

235 831 349 885 τῶν
374 834 542 901 τριῶν
590 831 763 897 ξύλων
821 832 1233 901 κατεσκευάσθη
1266 834 1295 886 6
1329 832 1557 902 σταυρός
1578 850 1593 865 ο
1622 831 1682 884 τὸ
1709 832 1804 901 μὲν

1164 444 1458 505 CONTRA
1498 446 1980 508 MAHOMETEM
2020 448 2395 509 APOLOGIA
2439 452 2546 511 lll.

1838 606 1875 662 Α

3362 450 3468 512 530

1911 575 2126 614 crucem
2158 576 2303 614 mors
2322 571 2464 615 esset
2488 561 2774 625 abolenda,
2809 569 2864 616 ct
2898 562 3237 629 dejiciendus
3271 563 3467 619 diabo-

1909 649 2014 712 lus,
2048 651 2512 719 pro,dtetaverunt
2547 653 2612 706 de
2657 653 2778 718 hac,
2814 654 2953 708 hanc
2976 653 3380 720 adoraverunt,
3413 665 3471 709 et

1911 755 2011 794 ceu
2045 756 2074 793 a
2111 742 2409 809 longinquo
2434 742 2582 796 illam
2614 743 2860 798 venerati
2894 751 3044 809 sunt,
3090 743 3260 798 veluti
3290 755 3343 798 et
3374 759 3472 799 nos

1912 829 1967 883 in
1996 831 2250 899 praesenti
2289 829 2541 886 facimus.

239 925 301 980 ἓν
332 926 534 996 δρθιον,
564 929 625 980 τὸ
652 929 708 981 δὲ
734 926 921 996 ἕτερον
962 929 1280 996 ὲγκάρσον,
1344 928 1403 981 τὸ
1458 929 1513 981 δὲ
1544 929 1732 996 ἕτερον
1796 924 2062 991 κάτωθεν,
2087 927 2146 978 ἐν
2176 918 2219 992 ᾧ
2248 926 2345 978 καὶ
2378 925 2813 996 προσηλὼθησαν
2837 927 2887 979 οἱ
2917 928 3072 991 πόδες
3098 927 3193 980 τοῦ
3213 926 3474 998 Χριστοῦ.

248 1019 313 1071 Ὀ
342 1020 398 1071 δὲ
430 1019 595 1071 Δαὸὶδ
626 1019 767 1072 οὕτω
815 1018 936 1088 βοᾷ,
976 1018 1249 1087 «Ὑψοῦτε
1297 1020 1504 1089 Κύριον
1557 1020 1649 1073 τὸν
1710 1018 1844 1071 Θεὸν
1882 1018 2059 1086 ήμῶν,
2128 1019 2223 1071 καὶ
2269 1022 2623 1087 προσκυνεῖτε
2674 1020 2753 1089 τῷ
2788 1020 3066 1089 ὑποποδίῳ
3120 1021 3230 1072 τῶν
3295 1016 3476 1073 ποέῶν

243 1108 433 1173 α“.τοῦ,
464 1111 543 1162 ὅτι
569 1110 731 1177 ἆγιός
761 1114 929 1165 ἐστιν.
954 1130 973 1164 ι
1021 1111 1157 1164 ’ἰδοῦ
1215 1110 1347 1180 γοῦν
1404 1112 1499 1166 καὶ
1556 1109 1806 1179 περὶτοῦ
1848 1109 2082 1179 σταυροῦ
2127 1108 2290 1162 ἱκανά
2346 1109 2450 1161 εἱσι
2481 1111 2549 1163 τὰ
2580 1111 2731 1175 παρὰ
2780 1112 2890 1163 τῶν
2924 1111 3221 1183 προφητῶν
3256 1112 3477 1181 λεχθέν-

240 1218 347 1253 τσ.’
388 1203 527 1255 ἀλλὰ
574 1206 669 1257 καὶ
698 1207 726 1258 6
773 1204 965 1260 Ἰακὼὸ
1012 1206 1271 1273 εὐλογῶν,
1341 1209 1415 1269 ὡς
1469 1208 1708 1276 εἴρηται,
1752 1206 1879 1268 τοὺς
1915 1206 2062 1267 υἱοὺς
2102 1204 2323 1274 Ἰωσὴφ,
2351 1204 2576 1268 ἐναλλὰξ
2594 1207 2693 1267 τάς
2713 1208 2898 1275 χεῖρας
2923 1206 3294 1275 ὲπέθηκε,καὶ
3320 1224 3483 1259 σταυ-

246 1294 464 1363 ροειδῶς
496 1296 791 1367 εὐλόγησεν
819 1297 1037 1360 αὐτούς.
1090 1300 1404 1369 Προῖδόντες
1451 1300 1559 1369 γάρ
1589 1299 1638 1353 οἱ
1672 1299 1946 1373 προφῆται
1976 1297 2055 1350 ὅτι
2111 1299 2199 1351 διὰ
2254 1297 2350 1349 τοῦ
2410 1296 2649 1367 σταυροῦ
2690 1298 2874 1362 μέλλει
2934 1299 3414 1368 καταργηθήσεθάι
3454 1301 3483 1350 6

245 1390 495 1453 Θάνατος,
530 1391 626 1444 καὶ
667 1392 1182 1463 καταδληθήσεσθαι
1232 1397 1260 1447 ό
1312 1393 1578 1459 διάϐολος,
1652 1395 1913 1463 προεῖπον
1964 1394 2091 1463 περὶ
2129 1390 2318 1458 αὐτοῦ,
2377 1394 2471 1445 καὶ
2531 1390 2956 1463 προσεκύνησαν
3009 1391 3106 1444 καὶ
3163 1392 3478 1458 ἠσπάζοντο

245 1483 407 1535 αὐτὸν
429 1485 725 1551 μακρόθεν,
749 1486 937 1556 ῶσπερ
971 1488 1063 1539 καὶ
1088 1489 1253 1556 ἡμεῖς
1292 1486 1434 1541 κατὰ
1457 1488 1517 1540 τὸ
1543 1486 1743 1557 παρόν.

320 1573 406 1642 ιβ’.
444 1575 602 1629 Μετὰ
632 1578 765 1642 γοῦν
788 1578 895 1631 τῶν
927 1579 1100 1633 ἄλλων
1141 1581 1508 1649 κατηγοριῶν,
1545 1573 1619 1632 ῶν
1660 1579 1810 1647 παρά

242 1663 355 1717 τῶν
397 1666 837 1737 Μουσουλμόινων
895 1669 1350 1740 κατηγορούμεθα
1383 1671 1432 1723 οἱ
1470 1671 1807 1738 Χριστιανοὶ,

244 1757 702 1826 κατηγορούμεθα
720 1758 812 1811 καὶ
838 1759 1016 1825 τοῦτο,
1047 1762 1127 1813 ὅτι
1154 1759 1567 1829 προσκυνοῦμεν
1593 1758 1688 1820 τὰς
1709 1756 1816 1810 τῶν

245 1844 419 1911 ἀγὶων
449 1848 817 1911 εἱκόνας.ιΚαί
842 1852 895 1903 τι
925 1851 1339 1921 προσκυνοῦμεν
1366 1870 1379 1916 ς
1410 1852 1633 1910 Πάντως
1666 1849 1815 1901 οὐδὲν

245 1935 377 1988 ἄλλο
423 1937 455 2006 ἢ
501 1937 630 2003 ξύλα
666 1941 762 1993 καὶ
792 1941 906 2009 χοῶ
924 1960 1054 1996 κατα
1108 1943 1202 1995 καὶ
1254 1943 1479 2013 πέτροις-
1514 1941 1667 1994 Ἐπεὶ
1691 1939 1821 2008 γοῦν

248 2028 331 2087 εἰς
359 2027 501 2097 ἅπερ
531 2031 865 2101 κατηγόρουν
904 2032 1081 2101 ἡμῶν,
1106 2033 1207 2089 οὐκ
1229 2035 1522 2100 ἐγίνωσκον
1550 2031 1691 2102 ἅπερ
1709 2032 1826 2085 ἔλε-

247 2133 368 2184 γικν,
387 2117 497 2170 ἀλλ’
514 2120 576 2172 ὲκ
604 2120 712 2172 τῶν
735 2124 1091 2192 γεννημάτων
1112 2123 1221 2177 τῶν
1244 2125 1480 2195 καρδιῶν
1507 2123 1682 2176 αὐτῶν
1705 2122 1823 2176 ἐλε-

246 2225 365 2273 γον,
402 2209 541 2282 ἅπερ
576 2210 782 2279 ἔλεγον,
818 2213 961 2266 τοῦτ’
991 2215 1122 2268 αὐτό
1152 2217 1267 2268 ἐστι
1306 2215 1399 2267 καὶ
1430 2214 1522 2266 ἐπὶ
1552 2213 1657 2266 τῶν
1691 2211 1829 2267 εἰκό-

246 2301 497 2353 νωνΚαὶ
515 2304 563 2354 εἱ
602 2301 777 2372 βούλει
820 2306 1009 2374 μαθεῖν
1029 2306 1129 2376 τὴν
1154 2306 1433 2373 ἀλήθειαν,
1469 2307 1697 2358 άκουσον
1724 2304 1813 2370 δή.

250 2388 396 2443 rma
407 2408 542 2443 σκων
565 2393 591 2445 6
625 2392 756 2457 Θεὸς
788 2396 846 2447 τό
872 2395 1145 2449 εὐόλισθον
1162 2397 1269 2449 τῶν
1293 2396 1387 2448 ἀνθ
1396 2394 1613 2463 ρώπων,
1638 2394 1827 2459 ἔταξεν

248 2482 349 2533 ἐπὶ
380 2482 439 2535 τὸ
474 2483 722 2550 παλαιὸν,
763 2485 847 2537 ῖνα
875 2485 924 2537 οἱ
985 2485 1148 2554 ἱερεῖς
1177 2486 1429 2555 γράφωσι
1466 2488 1534 2537 τὰ
1569 2485 1826 2553 γινόμενα

250 2573 408 2641 ταρὰ
437 2573 531 2626 τοῦ
570 2574 703 2627 Θεοῦ
753 2575 1029 2644 θαύματα,
1064 2578 1159 2629 καὶ
1211 2576 1500 2641 διαπαντὸς
1525 2576 1829 2646 κρέμανται

247 2664 323 2715 τὰ
343 2666 702 2734 γεγραμμένα
722 2667 779 2718 ὲν
810 2670 930 2728 ταῖς
959 2668 1118 2737 χερσὶ
1144 2667 1252 2720 τῶν
1290 2667 1500 2739 ἱερέων,
1531 2668 1618 2719 ἵνα
1654 2667 1830 2735 καθη-

254 2758 457 2823 μέριν,
494 2757 693 2823 μᾶλλον
720 2757 777 2809 δὲ
812 2758 985 2810 διόλου
1014 2757 1345 2827 θεωροῦντες
1366 2757 1501 2808 οἵτε
1540 2757 1705 2825 ἱερεῖς
1742 2760 1834 2811 καὶ

250 2845 283 2895 ὁ
327 2845 451 2907 λαὸς
478 2846 545 2899 τὰ
578 2847 940 2917 γεγραμμένα
963 2848 1214 2919 θαύματα
1241 2849 1333 2902 τοῦ
1354 2849 1511 2915 Θεοῦ,
1544 2851 1609 2902 τὰ
1631 2851 1698 2903 δι’
1734 2853 1833 2904 αὐ-

247 2938 387 3000 τοὺς
424 2940 979 3011 γεγονότα,ἕρχωνται
1014 2942 1092 3004 εἱς
1125 2942 1342 3012 μνήμην
1368 2942 1552 3009 αὐτοῦ,
1573 2944 1667 2996 καὶ
1701 2946 1835 2997 ἀπο-

252 3030 503 3097 νέμωσιν
519 3032 868 3102 εὐχαριστίαν
888 3035 982 3086 καὶ
1007 3034 1165 3099 δόξαν
1180 3035 1259 3105 τῷ
1283 3035 1421 3099 Θεῶ,
1439 3036 1515 3099 τῷ
1536 3036 1835 3107 ἐλευθερῶ-

255 3138 418 3173 σαντι
444 3124 635 3186 αὐτοὺς
652 3124 713 3177 ἐκ
732 3124 828 3193 τῆς
854 3124 1095 3188 δουλεὶας
1110 3124 1330 3194 Φαραὼ,
1347 3126 1441 3178 καὶ
1466 3126 1833 3179 καταλύσαντι

1990 1577 2074 1629 12.
2106 1577 2233 1631 Post
2264 1576 2367 1629 alia
2393 1592 2524 1629 vero
2552 1575 2806 1639 crimina,
2838 1575 3038 1644 quibus
3063 1591 3091 1628 a
3127 1575 3485 1629 Musulmanis

1919 1684 2016 1723 nos
2048 1669 2139 1737 qui
2163 1668 2435 1722 Christum
2469 1668 2811 1737 proﬁtemur,
2852 1658 3199 1727 accusantur,
3230 1669 3393 1721 etiam
3428 1668 3482 1719 in

1926 1759 2025 1813 hoc
2073 1760 2139 1813 ab
2204 1759 2396 1813 iisdem
2452 1760 2906 1822 condemnamur,
2961 1759 3109 1827 quod
3172 1770 3485 1812 sanctorum

1924 1850 2214 1905 adoremus
2256 1852 2537 1917 imagines.
2576 1851 2645 1904 Et
2692 1850 2821 1918 quid
2870 1848 3205 1903 adoramus?
3253 1849 3488 1902 Prorsus

1928 1956 2036 1994 non
2063 1933 2211 1995 aliud
2246 1956 2410 2009 quam
2441 1940 2608 2009 ligna,
2635 1940 2847 1993 colores
2880 1948 2935 1994 et
2959 1940 3185 2007 lapides.
3219 1939 3489 2004 Quoniam

1924 2046 2061 2085 vero
2097 2031 2281 2085 omnia
2311 2032 2378 2085 de
2407 2032 2608 2098 quibus
2640 2041 3041 2085 accusaverunt.
3093 2045 3227 2095 nos,
3261 2045 3367 2083 non
3411 2013 3493 2084 ii:-

1926 2121 2280 2187 tellexerunt,
2306 2120 2400 2176 sed
2430 2122 2585 2191 juxta
2613 2120 2976 2189 cogitationes
3002 2119 3186 2173 cordis
3217 2118 3300 2172 sui
3337 2119 3492 2173 dixe-

1929 2222 2058 2267 runt
2086 2213 2200 2268 hare
2232 2214 2454 2276 omnia,
2499 2213 2641 2267 idem
2679 2226 2827 2267 nunc
2857 2211 3021 2266 etiam
3056 2212 3135 2272 lit,
3180 2212 3324 2281 quod
3364 2213 3494 2264 ima-

1928 2305 2079 2374 gines
2100 2306 2321 2359 attinet.
2358 2303 2512 2369 Quod
2541 2304 2586 2359 si
2615 2319 2748 2359 vero
2778 2304 3024 2358 veritatis
3054 2302 3237 2357 studio
3266 2306 3491 2364 teneris.

1928 2396 2052 2452 audi
2077 2410 2286 2465 quaeso.
2320 2396 2464 2451 Deus
2492 2412 2615 2451 cum
2645 2396 2869 2450 humani
2892 2394 3096 2464 ingenii
3121 2394 3494 2448 lubriritatem

1929 2489 2202 2558 cognitam
2234 2488 2480 2552 haberet,
2512 2489 2770 2557 praecepit
2817 2487 2868 2541 in
2920 2487 3104 2541 Veteri
3144 2486 3497 2541 Testamento

1932 2587 1992 2632 ut
2019 2578 2332 2634 sacerdotes
2371 2580 2634 2634 miracula
2669 2580 2737 2633 ab
2777 2578 2869 2632 illo
2919 2578 3065 2632 edita
3096 2577 3493 2640 describerent,

1933 2687 2105 2739 eaque
2155 2671 2430 2741 descripta
2482 2687 2700 2741 semper
2741 2686 2769 2724 a
2798 2672 3145 2725 sacerdotum
3186 2671 3500 2739 .penderent

1935 2763 2185 2816 manibus
2220 2780 2232 2816 :
2269 2771 2324 2815 ut
2358 2764 2603 2831 quotidie
2637 2772 2742 2817 tam
2786 2762 3102 2817 sacerdotes
3129 2778 3290 2831 quam
3327 2778 3499 2832 popu-

1934 2850 2018 2903 lus
2052 2850 2184 2903 visis
2230 2850 2503 2905 miraculis
2552 2852 2644 2906 Dei
2696 2852 3006 2921 descriptis,
3060 2866 3181 2919 qua:
3236 2866 3333 2920 per
3381 2852 3502 2905 illos

1935 2943 2298 3010 cont‘gerant,
2335 2943 2389 2996 in
2420 2944 2734 2997 memoriam
2770 2943 2863 2997 Dei
2899 2952 3318 3006 revocarentur,
3367 2943 3503 2996 Deo-

1936 3043 2043 3097 que
2070 3029 2365 3097 gratiarum
2390 3031 2660 3084 actionem
2687 3040 2744 3085 et
2785 3031 3011 3100 gloriam
3049 3030 3365 3093 redderent,
3406 3034 3501 3101 qui

1938 3119 2056 3172 illus
2078 3136 2143 3173 ex
2161 3122 2423 3174 servitute
2444 3123 2742 3176 Pharaonis
2766 3123 3115 3183 liberaverat,
3147 3133 3202 3177 et
3226 3122 3503 3178 devicerat

257 3212 505 3279 βασιλεῖς
551 3213 817 3281 μεγάλους
850 3216 946 3267 καὶ
964 3218 1291 3283 κραταιοὺς,
1323 3217 1417 3270 καὶ
1449 3216 1577 3287 έθνη
1624 3215 1836 3286 ἰσχυρά,
1868 3254 1911 3311 c

1868 3254 1911 3311 ϐ
1942 3226 2095 3279 reges
2119 3227 2343 3281 magnos
2373 3222 2429 3267 et
2460 3213 2650 3277 fortes,
2685 3223 2980 3283 gentesque
3005 3214 3275 3279 robustas,
3300 3215 3501 3285 quique

255 3306 357 3352 καὶ
377 3301 519 3355 δόντι
543 3303 640 3368 τὰς
658 3305 841 3368 πόλεις
858 3306 1034 3358 αὐτῶν
1055 3306 1131 3376 τῷ
1148 3306 1257 3374 λαῷ
1272 3306 1378 3359 τῶν
1408 3306 1686 3365 ἱουδαὶων.
1705 3307 1840 3361 ἀλλὰ

252 3396 327 3464 δὴ
350 3396 441 3447 καὶ
467 3395 535 3447 τά
564 3397 622 3449 ὲν
651 3400 715 3465 τῇ
735 3398 926 3467 ἐρήμῳ
955 3398 1214 3465 γεγονότα
1233 3397 1484 3467 θαύματα
1514 3401 1599 3462 εἱς
1620 3399 1837 3460 αὐτούς.

262 3486 377 3537 Καὶ
406 3486 621 3553 ἐγένετο
650 3486 830 3550 καθὼς
884 3488 1182 3543 ἐνετείλατο
1233 3488 1413 3550 αὐτοῖς,
1454 3490 1481 3541 6
1519 3489 1674 3552 Θεός.
1714 3487 1840 3542 Βλέ-

258 3593 461 3640 ⁸τεσντες
492 3578 599 3646 γὰρ
632 3579 699 3632 τὰ
727 3580 785 3631 ἐν
818 3579 979 3649 χερσὶ
1005 3578 1110 3632 τῶν
1147 3578 1337 3649 ἱερέων
1362 3583 1706 3649 κρεμάμενα,
1734 3580 1836 3650 ἧρ-

259 3683 428 3735 χοντο
467 3670 546 3727 εἰς
579 3669 678 3737 τήν
709 3671 803 3723 τοῦ
824 3669 965 3722 Θεοῦ
1007 3671 1246 3740 μνήμην,
1268 3674 1361 3723 καὶ
1392 3672 1592 3724 ἐδίδουν
1620 3670 1839 3739 εὐχαρι-

263 3758 429 3811 στίαν
454 3758 529 3832 τῷ
555 3759 695 3829 Θεῷ.
711 3759 897 3824 Οὕτως
926 3762 1043 3814 ἐστὶ
1072 3763 1164 3813 καὶ
1187 3762 1281 3813 ἐπὶ
1308 3763 1416 3813 τῶν
1432 3763 1677 3815 εἰκόνων.
1699 3762 1841 3832 Γρά-

270 3867 437 3917 φουσι
483 3852 581 3919 τὴν
611 3852 860 3918 γέννησιν
898 3850 992 3903 τοῦ
1026 3852 1286 3921 Χριστοῦ,
1319 3852 1415 3920 τὴν
1442 3852 1717 3921 βάπτισιν,
1742 3853 1842 3919 τὴν

268 3937 605 4005 σταύρωσιν,
640 3938 739 4006 τὴν
764 3938 1074 3992 ἀνάστασιν.
1114 3939 1224 3992 Κάὶ
1247 3937 1534 4007 βλέποντες
1567 3940 1633 3991 τά
1662 3937 1841 4008 πλήθη

265 4027 384 4079 τῶν
412 4007 737 4093 ἀνθρώπων,
769 4027 1019 4095 ἔρχονται
1053 4030 1131 4089 εἰς
1167 4028 1388 4097 μνήμην
1425 4028 1514 4079 τοῦ
1549 4027 1706 4090 Θεοῦ,
1749 4007 1843 4081 καὶ

268 4115 637 4182 ἐνθυμοῦνται
686 4117 766 4169 ὄτι
797 4118 915 4179 πῶς
940 4117 1014 4171 ὢν
1042 4117 1176 4181 Θεὸς
1220 4120 1248 4172 6
1296 4120 1553 4186 Χριστὸς,
1604 4119 1692 4174 διὰ
1744 4121 1843 4189 τὴν

266 4208 387 4261 τῶν
416 4207 717 4276 ἀνθρώπων
742 4208 962 4277 ἀγάπην
996 4208 1288 4264 ἀνελάόετο
1315 4211 1512 4278 σάρκα,
1538 4214 1635 4263 καὶ
1667 4210 1839 4263 ἔπαθε

268 4299 463 4367 σαρκὶ,
502 4300 595 4350 καὶ
632 4301 732 4351 ὅσα
776 4298 912 4355 ἀλλα
962 4301 1220 4366 ἐποίησεν
1254 4304 1281 4353 6
1327 4299 1459 4364 Θεὸς
1498 4301 1586 4354 διά
1616 4303 1707 4353 τὸν
1751 4301 1845 4353 άν-

267 4386 541 4455 θρωπον,
604 4386 698 4438 καὶ
745 4385 1131 4454 εὐχαριστοῦσι
1189 4389 1284 4439 καὶ
1326 4386 1693 4454 μεγαλύνουσι
1751 4389 1847 4441 καὶ

265 4473 567 4537 δοξάζουσι
595 4473 683 4526 τὸν
715 4473 870 4527 Θεόν.
920 4474 993 4526 Τὸ
1046 4475 1178 4528 αὐτὸ
1229 4478 1321 4529 καὶ
1359 4477 1452 4527 ἐπὶ
1498 4475 1596 4537 τῆς
1637 4477 1844 4539 εἰκόνος

1946 3302 2112 3356 urbes
2139 3302 2356 3359 illorum
2388 3305 2586 3372 populo
2617 3303 2931 3359 Judmorum
2980 3306 3317 3369 tradiderat,
3369 3308 3498 3373 quin

1942 3400 1998 3444 et
2026 3390 2282 3444 miracula
2311 3405 2408 3459 per
2434 3391 2553 3445 illos
2578 3392 2629 3445 in
2655 3392 2873 3445 deserto
2893 3392 3177 3447 edidisset.
3212 3392 3278 3446 Et
3300 3390 3500 3447 factum

1942 3489 2023 3535 est
2068 3480 2211 3534 sicut
2247 3483 2501 3551 praecepit
2547 3483 2651 3538 illis
2696 3482 2983 3537 Dominus.
3032 3483 3292 3539 Videutcs
3330 3485 3501 3544 enim,

1942 3587 2062 3642 qua:
2104 3573 2159 3626 in
2194 3573 2538 3627 sacerdotum
2571 3573 2824 3628 manibus
2878 3589 3142 3643 suspensa
3184 3583 3361 3637 erant,
3409 3574 3503 3629 Dci

1944 3665 2211 3718 recordati
2234 3673 2383 3731 sunt,
2405 3676 2461 3721 et
2488 3666 2565 3725 illi
2590 3666 2793 3737 gratias
2825 3674 3075 3735 egerunt.
3102 3665 3300 3720 Eadem
3322 3676 3502 3721 autem

1946 3756 2240 3826 imaginum
2281 3766 2363 3812 est
2389 3757 2548 3813 ratio.
2572 3758 2879 3827 Depingunt
2906 3755 3110 3812 Christi
3142 3757 3507 3822 nativitatem,

1945 3845 2294 3914 baptismum,
2326 3861 2564 3908 erucem,
2598 3848 3090 3913 resurrectionem;
3140 3856 3196 3901 et
3241 3847 3371 3901 visis
3420 3848 3505 3901 his

1946 3937 2118 3991 turbae
2156 3938 2435 3993 hominum
2474 3939 2528 3992 in
2558 3938 2652 3994 Dei
2685 3939 3121 3993 recordationem
3155 3940 3504 4007 perveniunt,

1944 4036 2000 4080 et
2053 4028 2303 4084 meditari
2365 4029 2663 4099 incipiunt,
2715 4029 2992 4101 quomodo
3041 4029 3314 4093 Christus,
3380 4045 3504 4084 cum

1946 4118 2088 4177 Deus
2108 4129 2272 4183 esset,
2304 4130 2527 4189 propter
2551 4121 2772 4174 humani
2789 4122 3004 4191 generis
3024 4136 3266 4176 amorem
3286 4136 3505 4175 carnem

1947 4212 2321 4279 assumpserit,
2369 4220 2425 4265 et
2473 4211 2531 4275 in
2577 4226 2742 4266 carne
2773 4227 2968 4280 passus
3007 4214 3111 4276 sit,
3167 4228 3507 4282 quaecunque

1949 4298 2077 4352 item
2117 4299 2220 4352 alia
2262 4299 2408 4353 Deus
2444 4310 2668 4370 propter
2703 4301 2980 4355 hominem
3015 4300 3226 4363 fecerit,
3267 4300 3393 4354 hinc
3432 4301 3505 4354 illi

1949 4389 2149 4457 gratias
2177 4398 2364 4459 agunt,
2398 4405 2524 4444 eum
2556 4392 2830 4445 extollunt
2881 4400 2938 4447 et
2986 4391 3311 4461 glorificent.
3352 4391 3505 4457 Quod

1951 4478 2093 4533 idem
2125 4482 2177 4532 in
2198 4481 2429 4550 imagine
2448 4480 2585 4535 divae
2602 4480 2839 4550 Virginis
2857 4481 3146 4550 contingit,
3165 4496 3286 4550 quae
3311 4481 3507 4535 Filium

262 4570 379 4636 τῆς
420 4566 585 4634 ἁγίας
610 4564 888 4635 Παρθένου
928 4567 1023 4635 τῆς
1071 4568 1417 4637 γεννησάσης
1454 4569 1545 4622 τὸν
1586 4568 1712 4620 Υἱδν
1751 4571 1846 4620 καὶ
1874 4571 1922 4629 D

1874 4571 1925 4629 D
1952 4579 2007 4623 et
2057 4569 2294 4624 Verbum
2344 4571 2438 4624 Dei
2470 4571 2771 4625 secundum
2832 4586 3051 4626 carnem
3093 4574 3305 4640 peperit
3345 4590 3357 4624 :
3396 4584 3506 4626 ltlltl

262 4658 458 4724 Λόγον
504 4656 597 4709 τοῦ
638 4656 775 4711 Θεοῦ
827 4657 973 4711 κατὰ
1033 4658 1225 4727 σάρκα,
1289 4658 1427 4710 ἀλλὰ
1483 4660 1548 4726 δὴ
1599 4659 1694 4711 καὶ
1740 4658 1846 4710 τῶν

267 4749 585 4819 μαρτύρων
649 4749 744 4803 καὶ
804 4750 915 4801 τῶν
972 4749 1149 4803 ἄλλων
1217 4749 1435 4802 πάντων
1487 4752 1680 4817 ἁγίων.
1737 4749 1848 4802 Καὶ

257 4841 537 4907 διδόαμεν
586 4840 752 4910 τιμὴν
800 4842 919 4902 ταῖς
958 4840 1129 4892 εἱκόσι
1186 4838 1275 4891 διὰ
1332 4839 1430 4912 τὴν
1483 4840 1706 4909 ἀγάπην
1757 4841 1852 4891 καὶ

256 4931 385 4999 τὴν
417 4931 586 5001 τιμὴν
635 4930 744 4983 τῶν
782 4930 1019 5000 ἐχόντων
1061 4931 1223 4997 ἁγίας
1256 4932 1494 4994 εἰκόνας.
1527 4931 1638 4985 Καὶ
1667 4932 1852 5000 ῶσπερ

259 5024 385 5077 ἐπὶ
438 5021 499 5073 τὸ
552 5022 781 5074 πλλαιδν
827 5019 887 5073 ἐν
948 5037 1006 5074 τε
1056 5023 1123 5090 τῇ
1160 5021 1366 5092 Ῥώμῃ,
1419 5022 1513 5073 καὶ
1560 5021 1855 5091 ἀλλαχόθεν

253 5114 556 5182 ἐνήργουν
608 5114 929 5182 ἀνδριάντας
984 5114 1043 5165 ὲν
1098 5114 1211 5173 τοῖς
1272 5113 1501 5183 ὀνόμασι
1556 5112 1667 5166 τῶν
1716 5115 1856 5165 κατὰ

254 5204 517 5271 καιροὺς
570 5202 856 5270 βασιλέων,
902 5204 984 5255 ἐτι
1019 5202 1077 5257 δὲ
1106 5203 1200 5255 καὶ
1230 5203 1575 5272 στρατηγῶν,
1610 5204 1704 5254 καὶ
1742 5204 1859 5273 βλέ-

254 5310 489 5356 ποντες
527 5293 655 5355 τοὺς
689 5293 1032 5362 ἀνδριάντας,
1066 5294 1300 5362 ήρχοντο
1360 5294 1440 5354 εἰς
1496 5294 1719 5360 μνήμην
1748 5293 1856 5343 τῶν

247 5384 736 5455 κατορθωμάτων
809 5384 919 5439 τῶν
986 5384 1220 5451 ἑχόντων
1302 5382 1426 5444 τοὺς
1492 5383 1859 5450 ἀνδριάντας.

250 5478 391 5535 καὶ
418 5475 513 5527 διά
542 5476 601 5526 τὸ
630 5475 939 5542 μεγαλεῖον,
982 5473 1064 5526 ἔτι
1092 5473 1148 5525 δὲ
1188 5474 1283 5526 καὶ
1312 5472 1411 5542 τὴν
1439 5472 1661 5525 ἐκείνων
1695 5473 1860 5542 τιμὴν

246 5568 566 5635 ἀνήγοντο
626 5566 707 5627 εἱς
768 5566 990 5633 μνήμην
1072 5563 1179 5615 τῶν
1236 5562 1676 5632 κατορθωμάτων
1747 5564 1853 5614 τῶν

247 5658 534 5728 ἑχόντων
562 5654 690 5717 τοῦς
712 5653 1063 5723 ἀνδριάντας,
1098 5654 1193 5705 καὶ
1231 5653 1437 5721 ἐτίμων
1468 5652 1685 5712 αὐτοὺς,
1721 5652 1862 5703 καθά

246 5746 396 5805 καὶ
442 5745 648 5815 ἀρτίως
702 5744 763 5797 έν
798 5746 919 5807 ταῖς
951 5743 1173 5812 στήλαις
1226 5742 1336 5794 τῶν
1375 5741 1639 5811 βασιλέων
1672 5755 1684 5769 ·
1718 5741 1862 5795 οὓτω

262 5837 406 5899 καὶ
456 5838 517 5889 ἐν
567 5837 686 5899 ταῖς
733 5836 937 5890 εἰκόσιν
982 5836 1279 5902 ἀνάγο·.τες
1313 5835 1400 5887 τὸν
1430 5832 1554 5886 νοῦν
1594 5834 1748 5905 ἡμῶν
1778 5836 1867 5887 ἐπὶ

1950 4675 2167 4729 quoque
2191 4674 2484 4730 martyrum
2516 4670 2570 4713 et
2598 4670 2908 4714 sanctorum
2940 4663 3205 4715 omnium.
3241 4664 3307 4718 Et
3335 4665 3480 4718 hnno

1953 4766 2065 4803 rem
2101 4751 2432 4819 imaginibus
2470 4752 2781 4815 tribuimus,
2830 4763 3053 4821 propter
3099 4753 3419 4807 charitatem
3457 4767 3512 4811 et

1954 4842 2217 4895 honorem
2256 4842 2495 4905 illorum,
2555 4842 2757 4910 quibus
2810 4842 3075 4912 imagines
3122 4853 3252 4897 sunt
3300 4845 3507 4912 positae.

1955 4932 2021 4986 Et
2079 4931 2534 5000 quemadmodum
2613 4932 2741 4984 olim
2792 4932 2978 4985 Romae
3032 4940 3085 4985 ct
3136 4932 3264 4985 alibi
3309 4943 3515 4986 statuas

1959 5024 2231 5090 ponebant
2258 5030 2594 5076 vetustorum
2639 5036 2825 5090 regum
2881 5022 3156 5075 memoriae
3184 5032 3238 5074 et
3278 5024 3515 5090 impera.

1961 5120 2163 5175 torum,
2206 5110 2511 5178 statuisque
2539 5110 2671 5163 visis
2702 5109 3138 5163 recordabantur
3168 5111 3513 5179 egregiorum

1963 5201 2283 5262 facinorum,
2343 5215 2463 5269 quae
2515 5215 2610 5267 per
2646 5200 2743 5257 has
2795 5200 3251 5268 suggerebantur,
3309 5210 3363 5253 et
3423 5217 3517 5269 per

1964 5292 2255 5359 imaginum
2289 5289 2743 5361 magnificentiam
2777 5297 2833 5341 et
2868 5288 3131 5340 honorem
3181 5290 3232 5340 in
3267 5289 3521 5342 recorda-

1966 5380 2166 5435 tionem
2200 5378 2422 5449 fortium
2451 5386 2728 5446 gestorum
2762 5377 3143 5437 ducebantur,
3197 5378 3393 5445 illaque
3430 5393 3521 5431 vc-

1967 5471 2320 5530 nerahantur,
2344 5471 2481 5523 sicut
2500 5469 2551 5521 in
2574 5482 2761 5537 regum
2794 5468 3005 5528 statuis,
3031 5467 3103 5520 ita
3127 5468 3179 5520 iu
3199 5467 3525 5537 imaginibus

1967 5561 2249 5629 contingit.
2296 5559 2387 5612 llis
2421 5559 2566 5612 enim
2607 5558 2969 5626 perducentes
3007 5558 3248 5610 animum
3279 5567 3521 5610 nostrum

1969 5654 2031 5707 ad
2068 5654 2178 5720 ipsa
2230 5652 2442 5704 illarum
2504 5648 2858 5717 exemplaria,
2921 5649 3139 5701 illormn
3200 5665 3526 5703 veneramur

1972 5746 2249 5813 imagines.
2296 5743 2362 5795 Ει
2397 5739 2853 5810 quemadmodum
2902 5740 3014 5793 ficri
3058 5740 3231 5797 solet.
3282 5741 3327 5794 si
3385 5740 3526 5807 regis

1972 5834 2283 5885 mandatum
2327 5829 2625 5899 perferatur
2656 5829 2719 5881 ad
2759 5829 2990 5898 aliquem
3015 5829 3077 5900 (si
3108 5829 3264 5883 modo
3286 5831 3528 5883 moribus
