4204 6444
279 419 385 481 533

1229 420 1530 478 CONTRA
1565 420 2047 479 MAIIOMETEM
2089 423 2456 481 APOLOGIA
2500 423 2597 480 IV.
3424 417 3527 485 53-1

276 528 385 579 τῶν
420 529 640 597 ἐτέρων.
678 529 840 579 Ἴζστι
870 527 924 580 δέ
957 528 1080 580 τάδε
1111 568 1123 591 ,
1175 530 1257 582 ὅτι
1311 524 1464 582 εἶπεν
1519 534 1546 583 6
1598 531 1731 592 Θεὸς
1774 531 1849 598 τῷ
1881 535 1922 589 Λ

1881 535 1922 589 Δ
1954 533 2132 585 estde
2165 533 2389 600 reliquis
2438 545 2585 584 nunc
2639 529 2936 583 videmnus.
2992 530 3130 582 Sunt
3174 544 3302 582 veru
3362 529 3516 582 haec:

279 618 547 686 Μωάμεθ,
586 620 665 670 Ti
708 619 887 671 πάντα
920 620 1150 690 ἐποίησα
1185 622 1271 673 διὰ
1305 621 1385 677 σὲ.
1418 622 1512 674 καὶ
1549 622 1605 673 σὲ
1636 622 1700 673 δι’
1733 624 1853 689 ἐμέ.

284 710 398 761 Καὶ
443 708 601 760 τοῦτο
656 711 705 760 οἱ
742 708 1065 779 Χριστιανοὶ
1120 712 1180 763 οὐ
1238 713 1659 782 παραδέχονται.
1694 713 1857 764 Ἀλλὰ

286 802 382 850 καὶ
412 799 469 850 τι)
514 799 604 852 τοῦ
656 800 897 870 Μωάμεθ
933 802 1104 871 ὄνομα
1143 803 1533 873 γεγραμμένον
1569 806 1857 872 εὑρίσκετο

281 892 342 940 ἐν
371 892 448 957 τῳ
479 891 822 960 Εὑαγγελίῳ,
854 893 1105 956 εἰπόντος
1142 894 1300 947 τοῦτο
1334 895 1427 946 τοῦ
1463 896 1703 964 Χριστοῦ
1740 899 1857 957 τοῖς

299 983 576 1044 Ἰουδαίοις
625 985 708 1036 ὅτι
738 984 1177 1055 [εὐαγγελίζομαι
1212 989 1362 1056 ὑμῖν,
1395 990 1818 1058 ἵναγινώσκητε
1842 1030 1855 1053 ,

283 1075 365 1126 ὅτι
393 1076 509 1143 μετ’
539 1076 637 1145 ἐμὲ
686 1077 868 1142 μέλλει
899 1076 1073 1129 ἐλθεῖν
1118 1082 1144 1130 ὁ
1188 1080 1491 1143 ἀπόστολος
1524 1083 1615 1133 καὶ
1640 1085 1857 1152 προφή-

285 1181 408 1233 της.
462 1165 536 1218 Τδ
586 1168 718 1219 αὐτό
772 1169 887 1220 ἐστι
951 1172 1338 1238 γεγραμμένον
1397 1175 1490 1223 καὶ
1547 1175 1858 1243 ἐν.τῴτοῦ

286 1257 530 1320 Μωσέως
587 1259 823 1328 παλαιῷ.
882 1260 945 1312 Οἱ
999 1262 1053 1313 δὲ
1105 1263 1422 1330 Χριστιανοὶ
1493 1266 1860 1335 φθονήσαντες

288 1347 549 1410 ἐξέϐαλον
590 1350 722 1402 αὐτὸ
762 1352 868 1403 ἀπὸ
910 1352 1004 1404 τοῦ
1059 1353 1389 1421 Εὐαγγελίου
1429 1370 1443 1386 ⁸
1496 1360 1589 1409 καὶ
1636 1360 1715 1411 ὃτι
1786 1361 1859 1427 μὴ

290 1439 453 1507 μόνον
484 1442 565 1502 εἰς
597 1443 658 1493 τὸ
713 1443 1046 1510 Εὑαγγέλιον
1076 1447 1169 1497 καὶ
1221 1446 1280 1497 τὸ
1319 1447 1549 1501 παλαιὸν
1578 1449 1864 1518 εὑρίσκετο

285 1534 675 1599 γεγραμμένον
724 1534 785 1585 τὸ
826 1535 919 1588 τοῦ
961 1536 1205 1603 διωάμεθ
1262 1537 1454 1605 ὄνομα,
1490 1540 1625 1591 ἀλλὰ
1671 1543 1766 1593 καὶ
1806 1542 1863 1593 ὲν

283 1624 398 1683 τοῖς
438 1622 633 1687 δεξιοῖς
668 1626 858 1693 μέρεσι
882 1626 979 1678 τοῦ
1012 1626 1201 1696 θρόνου
1236 1645 1328 1680 του
1368 1632 1504 1682 Θεου
1538 1632 1859 1700 εὑρίσκεται

287 1714 697 1781 γεγραμμένον.
750 1715 859 1767 Καὶ
896 1718 1031 1782 ὅτιή
1054 1720 1163 1771 τῶν
1203 1720 1649 1790 Μουσου).μάνων
1679 1722 1863 1786 πίστις

286 1802 400 1853 ἀπὸ
438 1801 531 1854 τοῦ
590 1802 847 1875 Ἀϐραὰμ
896 1807 1236 1878 εὑρίσκεται,
1263 1813 1356 1864 καὶ
1396 1811 1477 1864 ὃτι
1518 1812 1861 1881 παραϐάντες

288 1894 340 1945 οἱ
396 1894 727 1964 Χριστιανοὶ
780 1898 871 1951 τὸν
922 1902 1219 1955 Μωσαῖκδν
1274 1903 1481 1971 νόμον,
1533 1905 1671 1957 εἰσὶν
1722 1904 1864 1971 ἄξιοι

288 1987 630 2053 κατηγορίας
690 1991 783 2044 καὶ
843 1992 1124 2061 μέμψεως.
1178 1994 1559 2063 Κατηγοροῶι
1622 1995 1691 2048 δὲ.
1740 1999 1866 2060 τοὺς

286 2073 779 2142 Μουσουλμάνους,
840 2079 965 2141 τοὺς
1017 2079 1200 2143 ἀξίους
1250 2081 1476 2133 ἐπαίνου
1516 2083 1609 2135 καὶ
1660 2083 1863 2152 τιμῆςο

290 2161 468 2216 ταῦτα
498 2167 635 2217 εἰσιν
665 2167 700 2220 ἃ.
737 2169 883 2237 παρὰ
916 2168 1025 2221 τῶν
1054 2170 1495 2239 Μουσουλμάνων
1532 2175 1868 2245 κατηγορού-

296 2255 437 2322 μεθα
477 2258 526 2310 οί
575 2260 915 2329 Χριστιανοί.
988 2263 1436 2333 Ἀπολογούμεθα
1476 2264 1531 2317 δὲ
1561 2266 1754 2334 οὕτως,
1787 2269 1867 2319 ὅτι

292 2349 427 2413 Θεὸς
461 2351 648 2422 ἐνδεὴς
686 2356 779 2407 καὶ
811 2357 1005 2424 χρείαν
1040 2361 1186 2423 τινὸς
1238 2364 1373 2430 ἔχων
1414 2361 1516 2413 οὐκ
1565 2360 1680 2414 ἔστι
1710 2362 1864 2424 Θεός.

308 2436 456 2490 Ἀλλ’
502 2440 530 2492 6
586 2441 795 2510 ἀληθὴς
833 2442 986 2506 Θεὸς,
1047 2448 1075 2498 6
1116 2450 1343 2517 ποιητὴς
1401 2451 1639 2519 οὐρανιῦ
1676 2470 1733 2505 τε
1776 2456 1868 2507 καὶ

291 2525 422 2593 γῆς,
461 2528 555 2580 καὶ
608 2530 827 2585 πάντων
867 2532 977 2584 τῶν
1023 2533 1538 2603 δημιουργηθέντων
1574 2540 1632 2592 ἐν
1662 2541 1866 2609 αὐτοῖς,

293 2618 325 2669 6
364 2622 599 2689 ποιήσας
654 2622 782 2687 τοὺς
829 2624 1095 2693 ἀγγέλους
1166 2629 1260 2680 καὶ
1319 2628 1446 2690 τοὺς
1503 2632 1864 2700 ἀνθρώπους,

293 2710 487 2778 χρείαν
525 2713 668 2773 τινὸς
698 2716 797 2766 οὐκ
827 2711 995 2785 εἶχεν,
1037 2716 1172 2769 ἀλλά
1220 2717 1308 2771 διὰ
1347 2722 1520 2791 μόνην
1557 2724 1870 2790 ἀγαθὸτητα

298 2803 397 2851 καὶ
449 2802 670 2871 θέλησιν
720 2807 945 2876 ἐποίησε
995 2809 1063 2861 τὰ
1100 2810 1297 2863 πάντα.
1350 2813 1505 2866 Ἐπεὶ
1533 2832 1665 2880 γουν
1710 2816 1869 2869 τοῦτο

292 2892 472 2956 οὕτως
526 2895 676 2964 ἕλει,
718 2900 810 2950 καὶ
862 2900 1039 2964 οὐδείς
1093 2901 1244 2955 ἐστιν
1295 2905 1321 2956 6
1384 2905 1702 2972 ἀντιλέγων,
1760 2910 1866 2978 ἄρα

294 2983 483 3047 κακῶς
518 2986 823 3055 ἐφθέγξατο
878 2991 905 3043 6
947 2993 1192 3062 Μωαμεθ
1217 3036 1229 3058 ,
1263 2994 1337 3058 ὡς
1366 2997 1528 3064 δῆθεν
1578 2996 1698 3052 εἶπε
1733 3002 1867 3070 πρὸς

293 3075 461 3127 αὺτὸν
493 3079 521 3131 6
552 3080 704 3143 Θεὸς,
740 3082 821 3135 ὅτι
853 3084 932 3159 Τὰ
960 3087 1138 3139 πάντα
1175 3089 1407 3159 ἐποίησα
1439 3091 1525 3144 διὰ
1568 3092 1649 3158 σέ,
1683 3095 1776 3146 καὶ
1810 3096 1867 3147 σὲ

1961 624 2106 677 Dixit
2137 627 2279 679 Deus
2308 628 2411 695 ipsi
2455 625 2725 679 lllahomet
2759 642 2771 677 :
2808 624 3001 678 Omnia
3065 621 3164 674 feci
3203 632 3422 689 propter
3452 631 3525 687 te,

1961 724 2012 767 et
2049 724 2099 770 te
2136 726 2359 786 propter
2398 733 2501 771 me.
2548 715 2660 770 lloc
2711 731 2839 768 vero
2876 713 3175 769 Christiani
3209 723 3523 781 pernegant.

1959 805 2099 871 Quin
2132 816 2186 861 et
2217 807 2389 876 ipsius
2417 808 2693 860 Mahomet
2737 820 2935 858 nomen
2977 802 3237 870 scriptum
3269 801 3321 853 in
3355 801 3531 854 Evan-

1960 897 2101 965 gelio
2136 906 2359 963 exstat,
2397 897 2615 952 Christo
2652 896 2912 949 nimirum
2964 894 3027 946 ad
3073 891 3289 945 Judams
3334 890 3413 942 sic
3442 889 3528 942 di-

1960 998 2120 1042 conte
2154 1005 2168 1042 :
2209 990 2417 1043 Bonum
2471 989 2627 1043 vobis
2661 987 2916 1042 nuntium
2952 984 3189 1054 prtedico
3218 1023 3232 1047 ,
3291 992 3348 1035 ut
3396 980 3529 1034 illud

1961 1086 2320 1150 cognoscatis,
2346 1082 2603 1150 quoniam
2638 1090 2759 1148 post.
2808 1095 2891 1132 n‘e
2918 1086 3181 1130 venturus
3206 1085 3287 1128 est
3315 1081 3532 1139 aposto-

1962 1170 2046 1223 lus
2087 1180 2142 1223 et
2179 1172 2466 1241 propheta.
2504 1171 2648 1224 ldem
2674 1171 2835 1221 etiam
2871 1168 2921 1220 in
2955 1166 3117 1220 Mosis
3144 1163 3320 1217 Veteri
3347 1161 3531 1213 Testa-

1964 1272 2149 1315 mento
2179 1264 2441 1331 scriptum
2492 1272 2594 1316 est.
2626 1259 2923 1315 Christiani
2957 1274 3085 1310 vero
3124 1255 3325 1308 invidia
3352 1251 3482 1304 moti
3514 1290 3529 1311 ,

1964 1353 2093 1406 illud
2136 1370 2199 1407 ex
2241 1353 2534 1423 Evangelio
2576 1354 2876 1423 cjecerunt,
2924 1365 3047 1401 cum
3103 1358 3281 1399 tamen
3330 1360 3436 1397 non
3475 1347 3527 1396 in

1964 1445 2255 1512 Evangelio
2288 1455 2497 1499 tantum
2535 1457 2587 1499 et
2619 1443 2799 1498 Veteri
2854 1441 3206 1495 Testamento
3242 1436 3529 1490 Mahomcti

1962 1551 2158 1589 nomen
2196 1536 2461 1605 scriptum
2504 1535 2837 1598 inveniatur,
2887 1532 2981 1587 scd
3032 1530 3195 1585 etiam
3248 1545 3277 1581 a
3326 1526 3533 1581 dextris

1962 1626 2148 1680 throni
2209 1625 2379 1680 divini
2432 1624 2700 1695 partibus.
2747 1625 2813 1677 Et
2861 1621 3332 1676 Musulmanorum
3400 1616 3534 1669 fides

1964 1717 2034 1771 ab
2091 1718 2209 1786 ipso
2270 1717 2544 1771 Abraham
2602 1724 2831 1771 auctore
2883 1713 3176 1782 dependet.
3232 1709 3531 1765 Christiani

1965 1821 2187 1875 quoque
2225 1808 2352 1875 quia
2384 1807 2548 1861 Musis
2572 1808 2745 1875 legem
2780 1804 3280 1871 transgrediuntur,
3312 1814 3538 1853 accusa-

1970 1898 2118 1952 tione
2150 1907 2205 1952 et
2252 1898 2682 1967 reprehensione
2713 1897 2862 1966 digni
2912 1904 3072 1958 sunt;
3119 1893 3218 1962 ipsi
3253 1906 3382 1945 vero
3424 1888 3538 1941 Mu-

1968 1991 2252 2045 sulmanos
2285 1998 2568 2054 accusant,
2596 1989 2753 2043 laude
2778 1988 2974 2057 dignos
3014 1995 3069 2040 et
3110 1985 3341 2037 honore.
3373 1982 3535 2049 Atqui

1968 2080 2082 2136 haec
2133 2090 2262 2135 sunt
2288 2120 2302 2143 ,
2330 2080 2396 2134 de
2432 2081 2631 2149 quibus
2662 2093 2760 2133 nos
2793 2076 3090 2133 Christiani
3121 2091 3148 2128 a
3180 2071 3538 2128 Mnsulmanis

1967 2188 2326 2227 accusamur:
2357 2173 2473 2228 haec
2523 2186 2649 2226 vero
2675 2171 2755 2225 sic
2793 2168 3163 2224 contutamns.
3206 2166 3349 2219 Deus
3397 2163 3540 2215 iudi—

1968 2281 2069 2334 gus
2106 2275 2160 2318 et
2192 2266 2429 2335 alicujus
2468 2264 2543 2317 rei
2578 2263 2761 2331 inopia
2800 2260 3080 2320 laborans.
3121 2259 3263 2312 Deus
3292 2272 3400 2309 non
3428 2266 3534 2308 est.

1971 2356 2076 2411 Sed
2115 2373 2280 2411 verus
2317 2358 2479 2419 hens,
2510 2363 2724 2408 creator
2747 2352 2869 2407 (ξωιί
2899 2363 2954 2406 et
2994 2360 3155 2403 terra:
3191 2359 3246 2403 et
3290 2347 3537 2400 ninnium

1969 2463 2090 2517 qua:
2120 2452 2170 2503 in
2201 2450 2284 2503 his
2316 2459 2497 2502 creata
2525 2456 2653 2501 sunt
2677 2488 2691 2512 ,
2722 2446 2926 2515 quique
2971 2444 3182 2499 creavit
3232 2442 3454 2511 angelos
3486 2452 3542 2496 et

1970 2540 2243 2604 homines,
2281 2541 2425 2593 nulla
2473 2555 2530 2592 re
2564 2553 2787 2607 prorsus
2820 2537 3047 2606 indiget,
3080 2535 3196 2589 sola
3222 2542 3406 2588 autem
3444 2534 3543 2588 bu-

1971 2634 2142 2687 nitate
2173 2648 2268 2686 sua
2315 2640 2371 2685 et
2429 2631 2710 2685 voluntate
2760 2629 2968 2684 creavit
2999 2628 3204 2681 omnia.
3239 2625 3376 2681 Cum
3407 2640 3541 2678 vero

1970 2725 2075 2778 hoc
2101 2735 2206 2778 tam
2232 2725 2448 2776 ﬁrmum
2481 2723 2572 2784 sit,
2604 2732 2664 2775 ut
2712 2736 2872 2775 nemo
2905 2721 2997 2789 qui
3027 2734 3224 2787 negare
3257 2719 3430 2787 possit
3455 2716 3541 2769 in-

1970 2816 2244 2876 veniatur,
2278 2814 2441 2883 impie
2478 2830 2668 2865 revera
2714 2813 2929 2866 locutus
2954 2820 3038 2865 est
3067 2809 3359 2871 Mahomct,
3393 2808 3539 2877 quod

1972 2904 2115 2958 Deus
2135 2906 2200 2957 ad
2236 2905 2385 2956 ilhun
2416 2903 2619 2955 dixerit
2651 2919 2664 2955 :
2697 2902 2890 2956 Omnia
2912 2904 3093 2956 ereavi
3124 2910 3348 2971 pr0pter
3385 2911 3456 2965 te,
3488 2911 3543 2955 et.

1971 3006 2022 3050 te
2054 3005 2280 3065 propter
2316 3010 2419 3047 me.
2446 2993 2588 3047 Deus
2618 2994 2764 3046 enim
2791 2993 2936 3046 nulla
2962 3009 3019 3047 re
3053 3008 3281 3062 prorsus
3311 2993 3538 3062 indiget.

1968 3088 2124 3154 Quod
2154 3103 2285 3140 vero
2315 3086 2778 3139 Musulmanorum
2808 3086 2940 3137 tides
2968 3086 3032 3137 ad
3052 3085 3322 3138 Abraham
3355 3096 3543 3139 aucto-

293 3162 365 3262 δι’
401 3166 518 3262 ἐμὲ.
552 3166 609 3262 'C
645 3170 752 3237 γὰρ
784 3157 919 3262 βεδς
944 3174 1138 3240 χρείαν
1170 3157 1443 3239 τινὸςγοὺκ
1480 3179 1613 3247 ἔχει.
1659 3184 1781 3235 Ὀτι
1812 3183 1867 3236 δὲ
1896 3206 1938 3262 C

1896 3206 1938 3262 ο
1973 3196 2087 3233 rem
2132 3195 2240 3232 non
2278 3180 2450 3247 possit.
2498 3178 2721 3239 referri,
2755 3177 2919 3229 veluti
2956 3176 3231 3229 Mahomet
3264 3178 3446 3240 tradit,
3474 3193 3540 3231 ex

297 3258 332 3324 ἡ
388 3255 496 3307 τῶν
557 3257 1001 3331 Μουσουλμάνων
1072 3267 1256 3328 πίστις
1308 3285 1407 3320 ουκ
1473 3289 1538 3340 η)
1607 3273 1714 3324 ἀπὸ
1773 3276 1866 3329 τοῦ

311 3345 587 3417 Ἂϐραάμ,
620 3350 695 3413 ὠς
725 3352 753 3403 6
783 3354 1025 3422 Μωὰμεθ
1058 3356 1228 3423 λέγει,
1276 3359 1335 3422 ἐξ
1382 3361 1548 3413 αὐτοῦ
1580 3365 1673 3415 τοῦ
1704 3367 1870 3419 Μωα-

304 3439 407 3505 μεθ
441 3438 674 3507 ἔχειτὸν
707 3442 947 3512 ἔλεγχον
994 3448 1156 3510 αὐτὸς
1211 3449 1318 3517 γάρ
1378 3453 1526 3504 ἐστιν
1556 3456 1582 3504 6
1622 3454 1867 3524 ἀρχηγὸς

295 3529 395 3581 καὶ
428 3530 725 3601 νομοθέτης
753 3535 859 3587 τῶν
899 3538 1154 3588 τοιούτων
1204 3538 1510 3605 δογμάτων.
1542 3543 1600 3594 Ei
1633 3543 1688 3595 δέ
1721 3546 1868 3597 ἐστιν

294 3620 510 3688 ἕτερος,
541 3624 826 3693 δειχθήτω.
887 3628 992 3679 Καὶ
1040 3630 1146 3697 γὰρ
1180 3632 1285 3683 ἀπὸ
1324 3636 1417 3683 του
1462 3633 1717 3704 Ἀϐραὰμ
1764 3637 1869 3699 ἓως

295 3714 393 3765 τοῦ
456 3716 701 3785 Μωάμεθ
740 3718 1012 3787 παρῆλθον
1076 3723 1256 3788 χρόνοι
1313 3722 1517 3791 ,βφπβᾭ
1583 3726 1676 3778 καὶ
1732 3728 1868 3795 μετά

297 3807 477 3859 ταῦτα
513 3811 687 3879 ἐφάνη
723 3810 750 3860 6
782 3812 1099 3879 Μαχούμετ·
1136 3814 1333 3865 οὐκοῦν
1376 3818 1474 3867 οὐκ
1515 3818 1662 3870 ἔστιν
1702 3820 1869 3886 ήτιῖιν

295 3901 748 3968 Μουσουλμὰνων
782 3902 968 3964 πίστις
1001 3905 1110 3955 ἀπὸ
1134 3904 1227 3956 τοῦ
1267 3904 1541 3974 Ἀϐραάμ.
1574 3908 1634 3959 El
1660 3909 1704 3961 δ’
1741 3911 1870 3973 ἴσως

297 3989 489 4056 λέγετε
524 3991 683 4044 τοῦτο
725 3992 815 4044 διὰ
857 3993 955 4062 τὴν
999 3995 1324 4063 περιτομὴν,
1367 3996 1475 4062 ἐγώ
1513 4014 1594 4049 σοι
1640 3999 1749 4067 ἐρῶ
1781 4001 1869 4052 τὸν

300 4083 464 4147 λόγον
496 4083 599 4150 τῆς
632 4087 958 4152 περιτομῆς.

373 4174 440 4241 β’.
473 4174 530 4226 Ὀ
558 4174 810 4244 Ἀϐραὰμ
840 4175 1172 4243 θεασάμενος
1194 4177 1282 4228 τὸν
1310 4176 1555 4244 οὐρανὸν,
1579 4178 1670 4229 τὸν
1696 4179 1867 4249 ἥλιον,

298 4267 429 4337 τοὺς
476 4266 709 4335 ἀστέρας
742 4267 895 4335 ,ετὴν
947 4267 1052 4335 γῆν
1082 4307 1095 4329 ,
1151 4269 1251 4334 τὴν
1311 4267 1608 4330 θάλασσαν,
1657 4271 1751 4321 καὶ
1800 4272 1871 4322 τὰ

300 4362 358 4413 ἐν
389 4360 595 4421 αὐτοῖς,
626 4358 979 4424 ὰνελογίσατο
1010 4358 1133 4411 καθ’
1158 4358 1372 4421 ἐαυτὸν,
1408 4359 1501 4410 καὶ
1527 4355 1870 4428 εἶπενυἏρα

296 4453 369 4504 τα
411 4450 636 4504 τοιαῦτα
678 4451 815 4518 ἔργα
862 4449 1072 4517 μεγάλα
1109 4448 1282 4507 οὕτως
1342 4451 1437 4503 καὶ
1469 4449 1681 4512 ἐξαίσια
1719 4451 1866 4510 ὄντα,

1973 3283 2070 3323 sua
2104 3268 2276 3336 ipsius
2306 3283 2535 3336 persona
2591 3268 2961 3334 redarguitur.
3017 3266 3136 3336 lpse
3169 3269 3315 3321 enim
3350 3279 3542 3322 auctor

1969 3368 2024 3412 et
2052 3359 2332 3426 legislator
2389 3367 2475 3409 est
2523 3358 2701 3425 legum
2748 3357 3088 3425 ltujttsnmdi.
3123 3358 3277 3421 Quod
3312 3360 3356 3412 si
3400 3360 3542 3413 alius

1970 3460 2072 3507 est.
2089 3448 2603 3503 demonstreturAh
2623 3449 2914 3501 Abrahami
2938 3450 3083 3502 enim
3108 3460 3350 3517 tempore
3371 3466 3541 3519 usque

1970 3542 2035 3595 ad
2066 3541 2333 3594 illahmnet
2360 3541 2485 3592 anni
2526 3540 2695 3607 elapsi
2719 3549 2848 3592 sunt
2883 3539 2965 3593 bis
3000 3540 3145 3594 mille
3176 3541 3458 3609 quingenti
3487 3556 3544 3595 et

1971 3633 2244 3701 octoginta
2312 3631 2443 3693 duo,
2494 3634 2699 3700 quibus
2734 3632 2968 3686 evolutis
3004 3632 3225 3686 deruunt
3271 3632 3536 3685 Mahomet

1970 3733 2127 3776 ortus
2157 3732 2259 3775 est.
2292 3722 2759 3775 Musulmanorum
2801 3723 2965 3789 igitur
3007 3724 3139 3776 lides
3168 3724 3235 3775 ab
3268 3725 3538 3777 Abraham

1972 3822 2195 3867 auctore
2236 3829 2344 3866 non
2382 3811 2666 3867 descendit
2718 3814 2873 3877 Quod
2929 3813 2973 3867 si
3018 3828 3149 3866 vero
3182 3813 3282 3866 hoc
3314 3812 3543 3868 fortasse

1974 3913 2200 3971 propter
2231 3903 2711 3956 circumcisionem
2762 3904 2965 3965 dicitis,
3008 3918 3105 3972 age
3142 3903 3256 3958 iusc
3292 3904 3390 3959 tibi
3437 3906 3543 3958 cir-

1972 3994 2329 4049 cumeisiouis
2360 3996 2628 4049 rationem
2666 3995 2974 4063 explicabo.

2047 4177 2104 4232 ‘2.
2139 4176 2275 4230 Cum
2302 4177 2529 4229 vidisset
2562 4175 2831 4229 Abraham
2866 4177 3086 4241 caelum,
3116 4178 3310 4244 solem,
3338 4178 3541 4243 sidera,

1976 4278 2201 4331 terram,
2237 4282 2386 4319 mare
2444 4275 2500 4319 et
2533 4281 2654 4333 qum
2690 4266 2744 4318 in
2776 4266 2908 4335 ipsis
2942 4276 3106 4332 sunt,
3138 4268 3415 4336 reputavit
3457 4286 3544 4324 se-

1972 4373 2095 4413 cum
2126 4358 2315 4411 dicens
2349 4375 2361 4411 :
2397 4357 2589 4413 Utrum
2642 4358 2758 4412 hate
2817 4368 2963 4413 tanta
2997 4368 3052 4413 et
3079 4361 3347 4429 stupenda
3373 4375 3539 4429 opera

1973 4448 2058 4500 vel
2095 4449 2329 4516 simplici
2381 4449 2543 4501 modo
2585 4455 2641 4500 et
2672 4462 2767 4500 sua
2807 4457 3002 4516 sponte
3030 4459 3220 4502 exorta
3255 4459 3402 4515 sunt,
3448 4460 3543 4502 aut

299 4542 491 4603 ἁπλῶς
515 4540 656 4593 οὕτω
690 4543 785 4594 καὶ
815 4540 1140 4609 αὐτομάτως
1183 4542 1461 4605 ἐγένοντο,
1495 4542 1527 4607 ἢ
1566 4541 1748 4609 ἔχουσι
1780 4542 1869 4593 καί
1903 4530 1945 4583 D

1903 4530 1945 4583 Β
1975 4538 2177 4591 habent
2246 4539 2482 4606 aliquem
2525 4537 2617 4605 qui
2674 4537 2789 4604 ipsa
2841 4538 3092 4591 creavit?
3129 4538 3541 4606 Contemplatus

299 4651 423 4685 τινα
459 4632 549 4683 τὸν
586 4632 892 4698 ποιήσαντα
945 4632 1121 4691 aviti;
1152 4631 1502 4697 Θεασάμενος
1536 4631 1741 4694 τοίνυν,
1791 4632 1867 4693 ὡς

300 4725 542 4793 εἴρηται,
599 4721 698 4791 τὴν
748 4720 1011 4788 καλλονὴν
1051 4722 1158 4772 τῶν
1202 4720 1556 4794 ξτισμάτων,
1590 4721 1865 4790 ἐθαύμαζε

300 4816 399 4866 καὶ
431 4812 807 4880 ἐξεπλήττετο,
842 4811 937 4863 καὶ
958 4811 1256 4863 ἐσκέπτετο
1279 4812 1421 4863 κατᾶ
1454 4811 1602 4871 νοῦν,
1640 4813 1713 4881 μή
1751 4830 1867 4874 πως

300 4907 401 4958 οὐκ
438 4903 621 4972 ἔχουσί
672 4919 793 4955 τινα
839 4904 931 4955 τὸν
971 4902 1275 4971 ποιήσαντα
1305 4902 1465 4964 αὐτὰ,
1495 4902 1630 4955 ἀλλὰ
1668 4904 1868 4972 μᾶλλον

299 4996 475 5049 ταῦτα
515 4996 622 5046 εἱσι
688 4992 822 5056 θεοὶ,
887 4990 1073 5053 καθὼς
1128 4991 1380 5056 ἐνόμιζον
1434 4991 1529 5043 καὶ
1590 4993 1639 5043 οί
1691 4997 1867 5060 γονεῖς

301 5081 471 5135 αὐτοῦ
519 5084 616 5133 καὶ
663 5082 860 5141 πάντες
916 5080 965 5130 οἱ
1004 5078 1408 5147 εξῗωλολάτραι.
1453 5078 1561 5131 Καὶ
1592 5080 1673 5131 ὅτι
1710 5082 1805 5148 μὲν
1843 5083 1869 5132 6

300 5175 433 5234 θεδς
479 5170 702 5240 ἐποίησε
743 5170 813 5222 τὰ
860 5171 1037 5223 πάντα
1080 5168 1217 5220 καλὰ
1261 5168 1413 5231 λίαν,
1472 5168 1563 5219 καὶ
1607 5169 1734 5231 ἄξια
1770 5170 1867 5235 τῆς

304 5263 474 5317 αὐτοῦ
511 5262 793 5331 ἐνεργείας
820 5299 836 5325 ,
877 5259 951 5321 ὡς
997 5259 1062 5311 ἂν
1089 5259 1198 5325 ,διὰ
1235 5260 1337 5325 τῆς
1392 5258 1627 5327 θεωρίας
1662 5262 1868 5312 τούτων

304 5357 619 5417 ἀνάγωνται
672 5352 873 5413 πάντες
927 5350 1204 5415 ἄνθρωποι
1248 5351 1327 5411 είς
1378 5350 1731 5417 θεογνωσίαν,
1777 5354 1871 5403 κ.λί

309 5422 676 5519 μεγαλύνωσι,
711 5443 808 5496 καλ⁵
840 5442 1105 5507 δοξάζωσι
1148 5442 1238 5493 τὶν
1270 5441 1475 5494 τούτων
1509 5444 1742 5513 ποιητὴν
1776 5446 1870 5497 καὶ

298 5538 643 5609 δημιουργόν
665 5552 680 5566 ⁶
714 5536 871 5589 τοῦτο
911 5535 1085 5597 οὕτως
1126 5534 1259 5602 ἔχει,
1307 5535 1400 5585 καὶ
1453 5535 1551 5586 οὐκ
1580 5536 1775 5589 ἄλλως.
1806 5538 1870 5588 Ol

299 5632 344 5684 δ’
369 5631 647 5700 ἄνθρωποι
688 5626 1141 5699 παρα-τραπέντες
1176 5626 1276 5693 τῆς
1309 5625 1541 5694 ἀληθοῦς
1574 5628 1666 5677 καὶ
1704 5626 1870 5695 ὀρθῆς

303 5725 581 5792 γνώσεως,
610 5722 705 5775 καὶ
735 5721 967 5788 ἀφέντες
996 5718 1325 5786 προσκυνεῖν
1359 5718 1453 5768 καὶ
1484 5717 1739 5769 σέϐεσθαι
1782 5720 1869 5770 τὸν

308 5814 538 5885 ποιητὴν
572 5814 680 5865 τῶν
720 5812 937 5864 πάντων
982 5809 1138 5871 Θεὶν,
1203 5808 1400 5876 μᾶλλον
1458 5809 1867 5878 προσεκὺτηταν

1978 4630 2168 4697 igitur,
2218 4640 2277 4682 ut
2310 4629 2470 4682 modo
2501 4628 2705 4681 dictum
2760 4638 2864 4688 est,
2904 4638 3281 4682 creaturarum
3326 4632 3545 4699 elegan-

1973 4718 2125 4778 tiam,
2168 4717 2530 4769 admiratione
2574 4715 2770 4768 durtus
2793 4716 3114 4783 obstupuit,
3141 4726 3198 4771 et
3236 4718 3417 4770 animo
3442 4734 3541 4771 suo

1973 4808 2089 4862 hac
2138 4810 2359 4862 volvere
2408 4807 2573 4874 cmpit
2622 4826 2634 4859 :
2684 4806 3037 4875 Nequaquam
3076 4808 3189 4863 haec
3235 4818 3537 4862 creatorem

1971 4902 2135 4953 alium
2163 4898 2391 4963 habent,
2418 4897 2510 4951 sed
2541 4899 2653 4951 [nec
2684 4897 2799 4965 ipsa
2829 4898 3087 4951 nimirqu
3113 4899 3187 4951 dii
3219 4910 3362 4951 sunt.
3397 4898 3451 4951 ln
3478 4918 3539 4954 ea

1972 4994 2116 5047 enim
2154 4991 2417 5059 opinione
2445 4998 2499 5041 et
2525 5001 2783 5059 parentes
2816 4991 2983 5052 illius,
3006 5000 3060 5043 et
3089 5007 3278 5045 omnes
3313 4993 3537 5046 simula-

1971 5096 2187 5134 crorum
2219 5081 2461 5133 cultores
2512 5080 2859 5133 tenebantur.
2917 5081 2983 5133 Et
3032 5080 3161 5135 licet
3212 5082 3325 5135 ha‘c
3355 5083 3536 5135 omnia

1972 5173 2115 5225 Deus
2146 5171 2303 5224 valde
2330 5171 2472 5224 bona
2501 5172 2817 5234 creavisset,
2843 5181 2898 5224 et
2939 5186 3040 5225 suo
3078 5171 3238 5241 digna
3277 5174 3496 5241 opiﬁcio
3521 5213 3535 5237 ,

1974 5272 2033 5314 ut
2064 5263 2258 5314 hormn
2290 5260 2749 5328 contemplatione
2783 5260 3030 5313 homines
3071 5262 3125 5313 in
3152 5261 3243 5314 Dei
3268 5262 3537 5330 cognitiu—

1972 5368 2097 5405 ncm
2143 5352 2599 5419 perducerentur,
2648 5351 2955 5419 horumque
2992 5362 3374 5406 creatoremet
3420 5371 3535 5421 opt-

1975 5444 2130 5497 licem
2154 5443 2518 5505 celebrarent,
2546 5441 2909 5511 laudibusque
2941 5443 3207 5497 veherent
3239 5444 3380 5511 (qum
3407 5460 3534 5500 sane

1969 5537 2081 5589 sola
2110 5544 2165 5587 et
2208 5550 2315 5588 non
2347 5535 2451 5587 alia
2474 5535 2668 5585 horum
2702 5549 2864 5588 causa
2888 5533 2993 5603 est)
3022 5552 3035 5598 ;
3075 5536 3324 5589 homines
3356 5547 3532 5590 tantm

1974 5642 2001 5679 a
2043 5641 2168 5678 vera
2200 5636 2255 5678 et
2292 5635 2436 5678 recta
2486 5625 2798 5693 cognitione
2850 5625 3207 5690 aberrantes,
3239 5636 3294 5679 et
3337 5628 3537 5680 omissa

1973 5716 2235 5771 creatoris
2256 5718 2525 5780 omnium,
2557 5716 2647 5768 Dei
2678 5716 2909 5778 scilicet,
2941 5717 3153 5769 cultura
3175 5726 3230 5771 et
3254 5718 3535 5788 religione.

1975 5818 2277 5863 creaturam
2314 5809 2495 5878 potius
2525 5807 2912 5875 adoraverunt,
2943 5816 2999 5862 et
3037 5806 3177 5863 hanc
3214 5808 3337 5879 plus
3372 5823 3531 5879 quam
