4204 6444
239 394 342 462 537

1163 400 1462 461 CONTRA
1501 400 1995 462 MAIIOMETEM
2032 403 2412 465 APOLOGIA
2458 406 2559 467 ιν.

3398 410 3502 475 538

238 512 305 565 ἂν
365 510 543 564 ἐκεῖσε
592 509 953 566 διαϐιϐάσωσι
1010 512 1239 583 χρόνους
1294 517 1685 585 τετρακοσίους
1731 517 1825 569 καὶ

1933 514 2351 586 quadringentis
2382 526 2438 573 et
2458 516 2679 587 triginta
2707 518 2809 585 (sic
2835 516 2982 573 enim
3008 517 3177 573 Deum
3197 519 3300 590 ipsi
3329 520 3499 575 Abra-

235 605 570 673 τριάκοντα,
633 606 730 660 καὶ
787 606 895 674 γάρ
960 606 1131 671 οὕτως
1180 609 1405 679 εἴρηκεν
1470 609 1499 661 6
1562 609 1693 672 Θεὸς
1740 610 1819 679 τῷ

249 695 529 765 Ἀϐραάμ,
562 699 641 749 ὅτι
681 717 697 749 ι
743 699 940 751 Ἔσται
987 700 1048 752 τὸ
1081 701 1305 770 σπέρμα
1334 718 1429 754 σου
1473 703 1531 754 ἐν
1562 704 1633 773 γῇ
1663 703 1820 755 ἀλλο-

236 788 388 857 τρίᾳ,
446 788 505 839 τὸ
563 789 618 841 δὲ
664 789 838 851 ἔθνος,
887 790 916 843 ὃ
968 792 1064 843 ἐάν
1113 792 1356 863 δουλώσῃ
1388 795 1609 859 αὐτοὺς,
1642 794 1815 865 κρινῶ

237 876 372 940 ἐγὼ.
422 896 439 929 ι
471 878 498 929 ὃ
530 878 622 930 καὶ
649 879 873 947 γέγονεν
902 881 994 933 ἐπὶ
1023 882 1118 935 τοῦ
1168 883 1393 951 Φαραὼ,
1440 888 1534 937 καὶ
1578 886 1667 938 διά
1720 886 1820 955 τὴν

242 968 602 1039 πολυχρόνιον
666 972 953 1044 διατριϐὴν
1006 974 1115 1027 τῶν
1192 975 1463 1045 Ἐϐραίων
1524 980 1662 1046 μετὰ
1713 979 1821 1032 τῶν

239 1060 628 1128 Φαραωνιτῶν,
664 1061 739 1131 μή
774 1078 905 1115 ποτε
937 1063 1234 1125 ἐνωθέντες
1268 1065 1485 1132 μάθωσι
1516 1067 1584 1118 τά
1615 1068 1820 1120 τούτων

241 1149 408 1217 ἔθιμα
442 1151 535 1202 καὶ
566 1150 664 1221 τὴν
694 1151 1137 1226 εἰδωλολατρείαν
1165 1171 1180 1186 ’
1214 1157 1416 1227 ἐτάχθη
1456 1158 1490 1225 ἡ
1530 1159 1821 1229 περιτομὴ,

241 1239 317 1301 ὥς
363 1258 417 1293 τι
454 1246 682 1311 σημεῖον
726 1245 820 1297 καὶ
858 1245 1151 1316 σύμϐολον,
1186 1248 1433 1317 διαιροῦν
1482 1252 1577 1304 καὶ
1620 1253 1824 1320 διαχω-

246 1333 397 1401 ρίζον
430 1338 560 1397 τοὺς
601 1335 889 1406 Ἐϐραίους
933 1340 1040 1392 ἀπὸ
1100 1342 1206 1394 τῶν
1262 1343 1600 1410 Αἰγυπτίων,
1638 1347 1718 1405 είς
1766 1345 1825 1397 τὸ

246 1422 323 1489 μὴ
359 1424 725 1494 συνέρχεσθαι
766 1428 988 1491 τούτους
1050 1430 1132 1492 είς
1179 1432 1359 1500 γάμου
1391 1434 1683 1485 κοινωνίαν
1731 1437 1825 1486 καὶ

243 1514 464 1578 ἕνωσιν,
497 1518 558 1569 τὸ
590 1518 688 1587 μὲν
738 1520 827 1574 διά
868 1521 965 1592 τὴν
1006 1522 1205 1586 αἰτίαν,
1238 1523 1305 1591 ἢν
1339 1524 1647 1591 φθάσαντες
1678 1526 1826 1577 εἴπο-

246 1622 370 1672 μεν,
411 1607 472 1659 τὸ
502 1608 546 1659 δ’
587 1610 674 1663 ἵνα
715 1614 808 1665 καὶ
848 1612 906 1664 ἐν
934 1613 1010 1683 τῷ
1052 1614 1233 1683 καιρῷ
1261 1614 1361 1682 τῆς
1391 1615 1701 1684 ἐλευθερίας
1731 1615 1827 1669 αὑ-

240 1695 351 1749 τῶν
385 1691 519 1752 ὦσιν
540 1699 749 1771 ἕτοιμοι
784 1706 876 1757 καὶ
907 1704 1175 1775 γνώριμοι
1196 1706 1246 1759 οι
1278 1706 1540 1777 Ἑϐραῖοι.
1576 1709 1683 1760 Καὶ
1715 1708 1825 1777 γάρ

243 1788 408 1857 εἴπερ
460 1790 688 1859 ἠνοῦντο
738 1794 878 1862 μετὰ
939 1796 1047 1848 τῶν
1100 1796 1438 1864 ἀλλοφύλων,
1476 1798 1592 1859 πῶς
1622 1797 1817 1864 ἔμελλε

241 1875 614 1941 φυλάττεσθαι
664 1880 725 1933 τὸ
758 1882 849 1934 τοῦ
889 1883 1148 1952 Ἀϐραάμ
1179 1886 1403 1957 σπέρμα
1466 1888 1563 1939 καὶ
1627 1889 1826 1955 γένοςς

243 1966 346 2020 Διά
394 1985 476 2020 τοι
528 1969 686 2024 τοῦτο
718 1973 1105 2043 εὑρισκόμενοι
1134 1978 1192 2028 ἐν
1226 1979 1291 2047 τῇ
1329 1979 1522 2048 ἐρήμῳ
1553 1978 1613 2031 οὐ
1646 1996 1833 2049 περιε-

249 2059 517 2125 τέμνοντο
570 2066 985 2133 τεσσαράκοντα
1068 2067 1294 2136 χρόνους
1368 2068 1829 2135 διαϐιϐάσαντες,

241 2145 362 2197 ἀλλ’
388 2148 449 2201 ἐν
473 2149 537 2218 τῇ
560 2149 822 2220 Αἰγύπτῳ
846 2169 861 2182 '
894 2154 988 2205 καὶ
1016 2156 1152 2219 μετά
1179 2156 1278 2225 τὴν
1302 2155 1399 2223 τῆς
1425 2157 1632 2226 ἐρήμου
1656 2158 1831 2223 ἔξοδον

250 2236 421 2290 πάλιν
453 2238 692 2309 ἡρξαντο
724 2243 1177 2311 περιτέμνεσθαι.
1210 2245 1321 2297 Καὶ
1362 2247 1389 2298 6
1420 2245 1519 2314 μὲν
1554 2248 1651 2314 τῆς
1678 2263 1834 2317 περι-

242 2327 423 2396 τομῆς
478 2330 681 2393 σκοπὸς
726 2332 840 2402 ἔχει
902 2332 1069 2396 οὕτω,
1101 2333 1288 2398 καθὼς
1334 2336 1581 2403 εἴπομενο
1622 2340 1649 2389 6
1680 2339 1727 2392 δ’
1761 2336 1828 2392 αὖ

245 2421 441 2490 ἕτερος
476 2420 591 2491 ἔχει
646 2422 843 2489 οὕτως,
900 2426 1045 2487 ὅπως
1078 2426 1512 2496 περιτμηθέντες
1541 2432 1607 2508 τῇ
1644 2430 1829 2500 σαρκὶ,

245 2512 483 2568 ἔλθωσιν
536 2515 617 2578 είς
673 2516 937 2585 συστολὴν
970 2518 1063 2570 καὶ
1100 2520 1478 2590 σωφρονισμὸν
1536 2524 1633 2590 τῆς
1682 2522 1833 2575 πολι-

246 2606 401 2669 τείας
452 2607 656 2673 αὐτῶν,
718 2608 813 2661 καὶ
869 2610 970 2663 οὐκ
1020 2604 1124 2666 ὦσι
1180 2611 1370 2681 λάγνοι
1418 2613 1513 2666 καὶ
1544 2613 1828 2683 ἀκρατεῖς,

246 2700 549 2754 κάντεῦθεν
607 2701 930 2769 λογίζωντάι
982 2703 1079 2767 τάς
1145 2705 1406 2775 πορνείας
1476 2705 1657 2757 αὐτῶν
1715 2704 1830 2758 ἀντ’

250 2792 469 2855 οὐδενὸς
499 2834 513 2858 ,
547 2793 665 2845 ἀλλ’
699 2795 1016 2862 ἀνάγωνται
1068 2794 1412 2865 καταμικρδν
1462 2795 1541 2855 είς
1592 2793 1654 2846 τὸ
1703 2794 1830 2862 ἑξῆς

247 2889 333 2949 εἰς
391 2887 730 2957 ὑψηλοτέραν
780 2889 983 2955 γνῶσιν
1035 2889 1128 2941 xui.
1169 2886 1484 2941 πολιτείαν·
1536 2889 1660 2940 ἐπεὶ
1724 2888 1826 2942 οὐκ

247 2979 411 3049 ἐδόθη
470 2980 781 3048 ὀρθοδοξῗας
833 2980 995 3050 χάριν
1043 2979 1197 3049 παρά
1252 2979 1389 3032 Θεοῦ
1457 2980 1488 3049 ἡ
1536 2980 1826 3050 περτομὴ,

245 3072 390 3126 ἀλλά
418 3073 490 3124 δι’
530 3072 595 3134 ἃς
625 3073 784 3140 μόνον
820 3075 1049 3143 εἴπομεν
1080 3074 1284 3136 αἰτίας.
1320 3071 1447 3126 ’Ότι
1479 3074 1536 3127 δὲ
1576 3073 1826 3136 ἐλθόντος

244 3164 347 3217 τοῦ
391 3165 629 3232 Χριστοῦ
684 3167 937 3236 ἡργησεν
984 3167 1012 3217 6
1050 3166 1237 3233 νόμος,
1272 3165 1364 3217 καὶ
1405 3165 1524 3217 οὐδὲ
1553 3166 1826 3234 περιτομή

246 3255 426 3319 ἐστιν,
472 3253 563 3324 ἀφ’
599 3248 672 3309 ὧν
709 3255 924 3324 μέλλεις
968 3252 1245 3318 ἀκούσειε),
1300 3254 1593 3323 πρόσσχες.
1626 3254 1698 3306 Τὸ
1732 3253 1832 3323 μὲν

252 3347 544 3417 βάπτισμα
578 3349 732 3419 παρά
763 3347 898 3401 Θεοῦ
923 3347 1096 3412 δοθὲν,
1121 3346 1432 3415 ὀρθοδυξίας
1460 3346 1619 3416 χάριν
1652 3347 1830 3416 ἐδόθη,

249 3438 350 3491 καὶ
386 3437 478 3490 διά
529 3437 688 3491 τοῦτο
736 3438 938 3499 πάντες
969 3436 1160 3506 ἄνδρες
1214 3434 1309 3487 καὶ
1357 3434 1529 3488 πᾶσαι
1577 3436 1831 3502 γυναῖκες

251 3526 607 3595 βαπτίζονται
637 3542 651 3556 ο
685 3527 713 3579 6
739 3526 793 3579 δέ
831 3526 904 3596 μὴ
940 3525 1263 3595 βαπτισθεὶς
1298 3526 1398 3579 οὐκ
1429 3526 1578 3578 ἔστιν
1608 3525 1829 3596 690660-

247 3615 368 3680 ξος.
413 3611 479 3666 Ἦ
512 3613 569 3666 δὲ
607 3614 881 3684 περιτομὴ
924 3615 1021 3683 οὐχ
1052 3612 1247 3678 οὕτως,
1287 3613 1420 3666 ἀλλά
1472 3614 1625 3682 μόνοι
1659 3615 1705 3665 οἱ
1734 3615 1831 3667 ἄν·

250 3704 382 3774 δρες
418 3705 887 3775 περιτέμνονται,
935 3705 989 3757 αἱ
1042 3703 1099 3757 δέ
1155 3706 1415 3771 γυναῖκες
1464 3704 1608 3773 οὐχί.
1647 3703 1831 3755 Ἐοικε

249 3795 389 3863 γοῦν
415 3838 431 3862 ,
468 3797 554 3850 ἵνα
588 3796 639 3849 oi
682 3796 782 3866 μέν
826 3796 1017 3865 ἄνδρες
1065 3795 1142 3859 ὼς
1194 3796 1657 3866 περιτετμημένοι
1700 3790 1833 3849 ὧςιν

249 3888 553 3957 ὀρθόδῦξοι,
583 3889 640 3941 αἱ
688 3889 742 3941 δέ
774 3889 1038 3956 γυναῖκες
1075 3887 1151 3951 ὡς
1190 3888 1560 3958 ἀπερίτμητοι
1594 3887 1831 3953 ἀσεϐεῖς.

251 3979 489 4041 Βλέπεις
520 3978 636 4042 πῶς
686 3979 847 4042 ἄλλος
883 3979 1032 4031 ἐστὶν
1088 3979 1116 4029 6
1166 3979 1264 4048 τῆς
1319 3977 1833 4049 περιτομῆςλόγος,

250 4071 352 4123 καὶ
407 4070 587 4132 άλλως
635 4068 884 4123 ποιοῦσιν
941 4068 1400 4138 Μουσουλμάνοι;
1433 4069 1500 4121 0i
1544 4070 1652 4137 γὰρ
1678 4071 1833 4124 αὐτοὶ

251 4161 436 4215 πάντα
489 4159 867 4229 ἀπερίτμητον
921 4158 1094 4228 ἀσεϐῆ
1150 4158 1486 4226 λογίζονται.
1545 4161 1654 4213 Καὶ
1720 4162 1829 4216 ἰδοὺ

250 4252 410 4306 αὐτοὶ
461 4252 674 4314 ἑαυτοῖς
724 4251 992 4321 μάχεσθε,
1023 4252 1118 4304 καὶ
1152 4252 1297 4322 ᾶπερ
1336 4251 1645 4321 ὀρθοδοξίας
1672 4254 1834 4323 χάριν

248 4345 486 4413 τιμᾶτε,
544 4342 717 4397 ταῦτα
773 4344 883 4397 ἀπὸ
950 4344 1153 4414 μέρους
1211 4344 1531 4413 ἀτιμάζετε.
1592 4347 1703 4399 Καὶ
1770 4348 1831 4399 οὐ

254 4436 421 4504 μόνον
449 4437 530 4497 εἰς
557 4435 691 4488 αὐτὸ
719 4435 877 4488 τοῦτο
906 4435 1299 4503 ἀναφαίνονται
1342 4437 1391 4487 οἱ
1415 4437 1832 4505 Μουσουλμάνοι

1925 606 2005 661 hae
2036 607 2239 663 dixisse
2274 608 2526 679 legimus,
2577 627 2595 660 ι
2639 609 2839 665 Semen
2879 621 3036 665 tuum
3092 611 3199 666 erit
3251 612 3303 665 in
3357 622 3503 667 terra

1921 698 2121 761 aliena,
2141 707 2354 768 gentem
2379 716 2506 755 vero
2528 700 2614 754 cui
2647 702 2908 763 servient,
2930 700 3298 771 egoijudicabo
3316 704 3455 769 “-“;
3486 726 3503 753 ι

1926 790 2073 858 quod
2100 800 2158 845 et
2193 790 2392 845 factum
2417 803 2500 846 est
2524 793 2830 848 Pharaonis
2871 794 3254 864 temporibus),
3286 810 3354 847 nc
3383 810 3507 863 pro—

1924 889 2047 949 pter
2106 881 2423 935 diuturnam
2462 883 2815 937 Hebraeorum
2846 898 2967 938 cum
3004 884 3351 938 Pharaonitis
3376 900 3507 938 con-

1928 971 2302 1027 versationem
2339 972 2477 1027 uniti
2534 974 2825 1042 utrinque,
2862 974 3241 1045 Egyptiorum
3290 977 3427 1031 ritus
3453 985 3509 1030 et

1927 1061 2291 1116 idololatriam
2327 1064 2678 1127 imbiberent,
2723 1064 3071 1120 circumcisio
3114 1066 3363 1120 instituta
3398 1074 3508 1123 est.

1931 1162 2189 1221 tauquam
2232 1154 2447 1223 signum
2482 1164 2538 1209 et
2565 1155 2875 1225 symbolum
2937 1156 3197 1212 Hebraeos
3243 1156 3312 1211 ab
3343 1155 3509 1227 Egy-

1926 1242 2053 1310 ptiis
2090 1258 2368 1312 separans,
2407 1260 2476 1299 ne
2532 1245 2585 1298 bi
2621 1246 2677 1299 in
2714 1244 3027 1314 nuptiarum
3075 1247 3407 1300 commercia
3453 1256 3509 1300 et

1926 1347 2261 1388 consensum
2309 1335 2719 1389 convenirent:
2764 1335 2963 1404 partim
3013 1334 3234 1404 quidem
3285 1346 3513 1406 preptcr

1927 1437 2167 1489 causam,
2195 1440 2357 1494 quam
2389 1426 2553 1479 modo
2578 1426 2982 1490 recensuimus,
3040 1426 3237 1495 partim
3264 1441 3415 1492 vero,
3452 1436 3514 1481 ut

1928 1522 2178 1582 tempore
2231 1513 2577 1568 liberationis
2631 1528 2745 1568 sua:
2784 1512 2993 1568 Περὶ)νωί
3028 1515 3267 1583 prompti
3328 1526 3514 1570 essent

1929 1614 1982 1659 et
2014 1604 2199 1671 agnitu
2228 1603 2435 1659 faciles.
2474 1603 2529 1659 Si
2558 1604 2706 1659 enim
2740 1620 2864 1659 cum
2905 1604 3232 1673 alienigenis
3278 1603 3514 1659 fuissent

1931 1694 2095 1760 uniti,
2147 1695 2427 1764 quomodo
2465 1694 2786 1749 conservari
2836 1694 3108 1763 potuisset
3154 1694 3384 1747 Abrahae
3430 1709 3515 1749 sc-

1931 1800 2053 1838 men
2078 1794 2132 1838 et
2163 1785 2375 1852 genus?
2406 1785 2756 1853 Quapropter
2783 1785 2947 1838 etiam
2992 1784 3045 1837 in
3077 1784 3297 1837 deserto
3326 1798 3515 1837 errau-

1937 1883 2017 1929 tes
2044 1890 2153 1929 non
2189 1876 2749 1940 eircumcidehantur,
2786 1890 2963 1929 annos
3003 1875 3084 1929 sic
3126 1884 3353 1943 agentes
3379 1891 3515 1944 qua-

1937 1965 2213 2035 draginta,
2251 1982 2439 2021 verum
2472 1966 2523 2020 in
2549 1966 2804 2038 Egypto,
2840 1975 3207 2036 etpostquam
3232 1969 3512 2022 desertum

1934 2059 2141 2127 egressi
2173 2067 2301 2113 sunt
2324 2097 2339 2121 .
2370 2072 2589 2112 rursum
2620 2058 2944 2113 circumcidi
2979 2068 3288 2130 cmperunt.
3328 2060 3394 2113 Et
3421 2059 3516 2113 hic

1940 2149 2163 2219 quidem
2207 2165 2372 2215 unus,
2408 2157 2467 2204 ut
2495 2150 2759 2215 diximus,
2787 2150 3229 2207 eircumcisionis
3258 2152 3381 2205 linis
3406 2161 3514 2207 est.

1932 2242 2084 2297 Alter
2110 2257 2239 2296 vero
2271 2242 2363 2297 hic
2391 2249 2498 2306 est,
2538 2251 2597 2297 ut
2624 2242 2944 2298 circumcisi
2985 2258 3173 2306 carne,
3204 2252 3515 2312 temperan-

1935 2338 2011 2389 tia
2042 2346 2096 2391 et
2128 2334 2513 2391 moderatione
2545 2336 2601 2390 in
2638 2350 2803 2391 unam
2839 2337 3084 2406 politiam
3118 2339 3515 2391 contraheren-

1933 2435 2044 2489 tur,
2096 2441 2197 2481 nec
2224 2425 2418 2481 lascivi
2471 2436 2657 2483 essent
2714 2436 2769 2482 et
2804 2427 3091 2491 molliculi,
3120 2437 3174 2483 et
3225 2437 3514 2497 propterea

1936 2516 2359 2573 fornicationem
2411 2532 2568 2573 suam
2624 2532 2725 2573 ceu
2782 2533 2896 2573 rem
2946 2518 3103 2572 nihili
3138 2527 3458 2587 reputarent
3499 2537 3512 2571 :

1932 2620 2188 2663 caeterum
2216 2618 2275 2662 ut
2293 2608 2422 2663 hinc
2444 2608 2704 2678 paulatim
2729 2609 2795 2663 ad
2818 2609 3193 2680 augustiorem
3220 2611 3508 2665 scientiam

1931 2708 1987 2754 et
2039 2698 2282 2768 politiam
2333 2699 2752 2770 pertingerent,
2823 2715 2948 2753 cum
3001 2700 3264 2755 nimirum
3314 2716 3422 2755 non
3460 2703 3518 2755 in

1931 2803 2072 2841 vera?
2092 2790 2375 2860 religionis
2404 2789 2622 2859 signum
2656 2790 3005 2845 circumcisio
3033 2791 3158 2845 data
3190 2792 3284 2855 sit,
3318 2791 3411 2846 sed
3446 2792 3517 2845 iis

1933 2888 2145 2934 tantum
2175 2881 2242 2935 de
2279 2880 2485 2945 causis,
2518 2896 2655 2950 quas
2678 2896 2845 2951 supra
2877 2882 3325 2937 memoravimus.
3356 2883 3514 2948 Quod

1934 2985 2065 3024 vero
2090 2971 2158 3025 ad
2187 2971 2391 3027 Christi
2428 2972 2722 3027 adventum
2753 2976 2839 3028 lex
2876 2973 3135 3043 abrogata
3170 2975 3259 3036 sit.
3292 2986 3347 3029 ct
3370 2975 3515 3029 nulla

1931 3070 2146 3116 maneat
2176 3062 2385 3132 reliqua
2416 3063 2794 3128 circumcisio,
2823 3064 2979 3118 exiis
3010 3080 3130 3135 qua:
3159 3080 3303 3120 nunc
3326 3065 3519 3119 dicun-

1940 3162 2028 3206 tur
2062 3152 2355 3207 attendito.
2391 3153 2707 3223 Baptismus
2733 3155 2955 3222 quidem
2996 3172 3024 3208 ιι
3057 3156 3168 3210 Deo
3202 3156 3516 3219 institutus,

1934 3244 1990 3299 in
2021 3259 2160 3299 verae
2188 3244 2470 3314 religionis
2500 3246 2714 3314 signum
2744 3245 3031 3301 institutus
3062 3255 3166 3311 est,
3186 3254 3243 3301 et
3266 3256 3516 3316 propter-

1934 3353 1996 3390 ea
2050 3352 2245 3393 omnes
2281 3338 2443 3392 simul
2497 3338 2599 3393 viri
2661 3339 2823 3401 simul
2859 3347 2914 3394 et
2945 3340 3205 3395 mulieres
3234 3338 3520 3409 baptizan-

1934 3438 2023 3483 tur
2063 3445 2077 3484 :
2116 3438 2170 3484 et
2212 3430 2304 3499 qui
2355 3445 2465 3485 non
2498 3429 2815 3500 baptizatus
2855 3430 3044 3494 fuerit,
3076 3446 3205 3487 vera
3246 3431 3517 3499 religione

1931 3528 2105 3576 caret.
2134 3519 2497 3576 Circumcisio
2535 3530 2717 3577 autem
2755 3522 2878 3577 talis
2903 3538 3014 3577 non
3051 3531 3135 3578 est
3174 3541 3186 3577 :
3235 3523 3337 3577 soli
3369 3523 3513 3577 enim

1933 3611 2034 3665 viri
2083 3611 2582 3676 circumciduntur,
2619 3614 2879 3668 mulieres
2910 3626 3092 3669 autem
3141 3628 3512 3683 nequaquam.

1933 3702 2239 3770 Appareret
2272 3702 2419 3756 enim
2468 3704 2637 3768 hinc,
2668 3704 2814 3774 quod
2862 3704 2962 3758 viri
3015 3705 3234 3775 quidem
3265 3720 3363 3757 cen
3404 3704 3514 3759 cir-

1933 3793 2159 3848 cumcisi
2198 3809 2296 3862 pro
2328 3794 2654 3851 orthodoxis
2686 3796 3047 3861 haberentur,
3092 3797 3351 3851 mulieres
3383 3811 3517 3851 vero

1932 3897 2031 3938 ceu
2088 3884 2486 3939 incircumcisze
2539 3900 2638 3955 pro
2688 3886 2893 3955 impiis.
2959 3886 3297 3957 intelligisne
3348 3901 3516 3956 quam

1937 3973 2098 4045 longe
2128 3974 2231 4028 alia
2264 3975 2336 4028 sit
2366 3975 2808 4031 eircumcisionis
2832 3977 2973 4032 ratio
2991 3994 3153 4047 quam
3188 3977 3516 4035 Musulmani

1944 4065 2293 4135 sequantur?
2346 4064 2408 4118 lli
2448 4068 2596 4121 enim
2646 4082 2867 4122 omnem
2921 4068 3362 4123 incircumcisum
3417 4082 3520 4137 pro

1936 4156 2105 4225 impio
2137 4157 2405 4227 judicant.
2437 4158 2543 4214 Sed
2581 4174 2710 4213 ecce
2741 4174 2840 4215 vos
2875 4172 3070 4216 contra
3109 4174 3210 4215 vos
3240 4160 3391 4228 ipsos
3414 4174 3520 4237 pu-

1938 4249 2118 4315 gnatis
2146 4288 2160 4312 ,
2202 4259 2257 4304 et
2286 4265 2408 4319 quae
2454 4265 2554 4305 ceu
2602 4267 2745 4306 νει-το
2780 4250 3064 4321 religionis
3092 4252 3244 4319 signa
3292 4267 3522 4307 venera-

1938 4339 2096 4406 mini,
2126 4340 2315 4394 eadem
2347 4356 2413 4397 ex
2449 4351 2605 4411 parte
2636 4343 3012 4399 contemnitis.
3046 4342 3151 4397 Sed
3183 4359 3292 4397 non
3346 4343 3401 4397 in
3430 4344 3521 4400 bis

1940 4432 2075 4484 solis
2138 4431 2466 4486 Musulmani
2524 4434 2629 4488 sibi
2696 4434 2833 4504 ipsis
2883 4434 3181 4489 dissentire
3213 4435 3517 4500 videntur,

250 4524 788 4593 ἑναντιοφωνοῦντες
815 4527 950 4596 πρὸς
999 4525 1253 4587 ἑαυτοὺς,
1286 4524 1421 4577 ἀλλά
1468 4526 1562 4578 καὶ
1601 4527 1659 4577 ἐν
1715 4526 1828 4579 ἐτέ-

1942 4522 2039 4577 sed
2067 4524 2232 4578 etiam
2278 4524 2331 4578 in
2368 4524 2491 4578 aliis
2529 4526 2749 4587 multis,
2779 4541 2899 4594 quae
2932 4541 3040 4579 non
3072 4541 3217 4595 opus
3252 4536 3337 4580 est
3372 4543 3519 4581 nunc

251 4634 376 4687 ροις
433 4616 649 4681 πολλοῖς
680 4658 695 4681 ,
735 4618 878 4687 ἅπερ
929 4617 1029 4671 οὐκ
1077 4616 1194 4669 ἐστι
1247 4632 1332 4678 τις
1378 4618 1540 4686 χρεὲα
1581 4617 1720 4671 κατὰ
1774 4616 1834 4670 τὺ

250 4708 440 4777 παρὸν
470 4708 654 4774 λέγειν
678 4708 808 4776 περὶ
839 4708 1088 4761 ἐκείνων.
1126 4708 1315 4775 Ὅμως
1343 4708 1474 4776 περὶ
1509 4709 1625 4770 ἐνὸς
1664 4709 1835 4762 εἴπω-

249 4812 377 4864 μεν.
412 4795 577 4860 Λέγει
600 4796 628 4847 6
647 4793 878 4863 Χριστὸς
902 4797 962 4848 ἐν
993 4794 1071 4863 τῷ
1104 4793 1421 4863 Εὐαγγελίῳ
1446 4796 1526 4847 ὅτι
1553 4813 1573 4847 ‹
1597 4796 1723 4849 Ἐάν
1758 4799 1832 4867 μὴ

258 4904 350 4949 τις
387 4885 685 4955 βαπτισθῇ,
728 4886 826 4939 οὐκ
877 4886 994 4939 ἐστι
1044 4884 1138 4938 τοῦ
1166 4884 1327 4949 Θεοῦ,
1356 4885 1477 4938 οὐδὲ
1516 4886 1614 4953 τῆς
1655 4904 1833 4950 σωτη-

247 4978 401 5046 ρίας.
441 4996 460 5029 ι
509 4978 569 5030 ὐ
619 4977 863 5048 Μωάμεθ
900 4980 1170 5048 μαρτυρεῖ
1193 4976 1252 5030 τὸ
1281 4977 1613 5045 Εὑαγγέλιον
1653 4978 1829 5046 ἆγιον,

245 5071 348 5122 καὶ
378 5067 609 5129 τέλειον,
644 5068 742 5120 καὶ
790 5068 968 5129 εὑθές.
1017 5069 1079 5119 Ol
1117 5067 1538 5135 Μουσουλμάνοι
1570 5066 1695 5129 τοὺς
1736 5085 1831 5121 πε-

246 5158 693 5230 ριτετμημένους
724 5159 1033 5226 λογίζονται
1088 5157 1428 5229 ὀρθοδόξους,
1478 5159 1605 5220 τοὺς
1647 5158 1701 5210 δέ
1741 5157 1829 5226 βε-

244 5248 672 5316 ϐαπτισμέ-.ους
726 5250 964 5312 ἀσεϐεῖς.
1016 5249 1079 5301 Ei
1141 5249 1241 5319 μὶν
1287 5248 1381 5301 οὖν
1431 5248 1688 5319 στέργετε
1737 5250 1828 5302 τὶν

241 5340 527 5409 Μωάμεθ,
573 5340 658 5393 ὅτι
704 5340 919 5409 ἀληθῶς
956 5341 1150 5409 λέγει,
1190 5340 1305 5403 πῶς
1355 5341 1654 5410 ὀνομάζετε
1705 5343 1831 5406 τοὺς

244 5432 729 5502 βεϐαπτισμένους
781 5431 1040 5495 ἀσεϐεῖς,
1084 5431 1180 5484 καὶ
1232 5434 1333 5485 οὐκ
1386 5432 1731 5485 ἀκολουθεῖτε
1760 5436 1828 5502 τῇ

246 5523 347 5577 τοῦ
410 5524 755 5599 Εὐαγγελίου
830 5523 1172 5592 διδασκαλίᾳ,
1234 5526 1327 5576 καὶ
1366 5523 1649 5590 λογίζεσθε
1699 5525 1829 5587 τοὺς

248 5616 355 5678 μὲν
416 5616 931 5685 περιτετμημένους
985 5616 1169 5677 κακῶς
1252 5614 1562 5680 ποιοῦντας,
1616 5617 1739 5678 τοὺς
1768 5618 1823 5671 δὲ

245 5706 730 5779 βεϐαπτισμένους
787 5705 1263 5773 εὐσεϐεῖςςᾋλλὰ
1324 5708 1608 5761 τούναντά
1682 5726 1810 5778 c990-

325 5822 443 5857 ‘u‘
481 5822 619 5877 Gen.
653 5838 741 5882 xv.
800 5824 882 5887 15,
924 5822 1006 5875 Η.

1936 4614 2004 4669 de
2035 4614 2169 4684 ipsis
2216 4632 2507 4685 exponere.
2557 4618 2811 4673 Dicamus
2868 4629 3051 4671 tamen
3110 4618 3178 4673 de
3230 4618 3337 4673 hoc
3382 4634 3509 4671 uno.

1939 4707 2200 4761 Christus
2232 4707 2285 4761 in
2317 4708 2615 4777 Evangelia
2645 4708 2781 4764 dicit
2816 4727 2832 4764 :
2875 4729 2892 4761 ι
2929 4709 3033 4777 Qui
3065 4725 3173 4764 non
3209 4710 3520 4780 baptizatus

1942 4796 2134 4862 fuerit,
2159 4811 2267 4851 non
2296 4796 2362 4850 ad
2404 4798 2574 4851 Deum
2630 4799 2872 4867 pertinet
2902 4808 2957 4853 et
2990 4801 3245 4853 salutem.
3282 4817 3300 4850 ι
3334 4798 3518 4851 Multo--

1940 4897 2053 4943 met
2089 4898 2270 4942 autem
2318 4902 2443 4941 cum
2498 4889 2855 4958 Evangelium
2906 4902 3177 4951 sanctum,
3207 4890 3515 4943 absolutum

1944 4981 2262 5047 bonumque
2292 4993 2415 5033 esse
2449 4980 2801 5047 confiteatur,
2831 4982 3165 5036 Mnsnlmani
3202 4992 3382 5036 tamen
3413 4983 3517 5035 eir-

1938 5067 2211 5121 cumcisos
2239 5067 2673 5122 orthodoxorum
2724 5070 2846 5123 loco
2892 5070 3161 5140 judicant,
3200 5070 3522 5139 baptizatos

1938 5170 2120 5214 autem
2157 5159 2339 5229 impiis
2366 5142 2765 5216 adnumerant:
2789 5160 2845 5215 Si
2877 5162 3045 5232 igitur
3070 5162 3428 5218 Mabometem
3460 5175 3520 5217 ut

1937 5266 2062 5305 vera
2087 5250 2376 5306 docentem
2428 5252 2849 5321 amplectimini,
2897 5269 3003 5322 qua
3038 5254 3250 5308 ratione
3285 5270 3381 5307 eos
3420 5254 3516 5323 qui

1940 5341 2199 5410 baptizati
2240 5350 2405 5407 sunt,
2458 5343 2657 5413 impios
2703 5344 2903 5408 dicitis,
2944 5360 3042 5399 nec
3096 5345 3379 5415 Evangelii
3420 5348 3518 5399 do-

1938 5435 2169 5488 ctrinam
2203 5435 2524 5504 sequimini,
2582 5436 2950 5507 cogitatisque
2993 5436 3353 5491 circumcisos
3385 5436 3514 5506 qni-

1935 5526 2062 5579 dem
2094 5541 2351 5594 perverse
2396 5542 2559 5596 agere
2613 5536 2669 5581 et
2717 5528 2922 5582 sentire
2944 5568 2959 5587 .
2990 5528 3299 5597 baptizatos
3327 5536 3510 5583 autem

1933 5633 2059 5669 vero
2117 5617 2404 5687 religiosos
2448 5632 2568 5672 esse
2597 5618 2620 5670 ’ί
2654 5619 2761 5672 Sed
2823 5619 2911 5674 his
2963 5618 3236 5673 diversum
3270 5619 3509 5675 sentitis.

1933 5709 2123 5762 Nonne
2156 5715 2371 5762 constat
2417 5721 2513 5761 vos
2545 5708 2699 5763 vobis
2728 5709 2862 5779 ipsis
2897 5707 3203 5763 contrarios
3241 5721 3403 5774 esse,
3450 5717 3508 5763 ct
