4204 6444
738 414 843 476 539

1893 419 2216 478 JOANNIS
2257 416 2783 477 CANTACUZENI

3857 415 3962 477 5:20

735 540 838 579 vos
885 525 1131 594 vosipsos
1189 528 1517 581 confutare?
1563 528 1667 583 Sed
1724 528 1843 582 haec
1896 530 2020 583 talia
2072 529 2293 597 quidem
2325 534 2368 589 Α

2325 534 2368 589 Α
2400 532 2560 583 νείτε.
2599 530 2711 581 Οὐκ
2763 529 2877 581 ἔστι
2940 529 3204 598 πρόδηλον
3249 531 3331 581 ὅτι
3386 528 3541 581 aitet
3598 530 3812 588 εαυτοῖς
3856 528 3962 595 μά-

740 624 889 669 sunt.
924 616 1191 680 Quoniam
1225 632 1352 669 vero
1407 618 1622 681 lsmael,
1668 634 1777 687 quo
1811 620 2136 673 Musulmani
2170 636 2296 687 pro-

738 706 989 774 genitere
1028 708 1284 776 gaudent,
1324 723 1448 761 cum
1484 709 1726 763 llcbrazis
1766 724 1873 763 non
1923 712 1977 763 in
2007 709 2295 779 (Egyptum

740 796 1026 851 descendit
1050 837 1064 860 ,
1114 800 1165 850 in
1204 798 1294 851 illo
1324 801 1485 851 etiam
1536 801 1972 855 eireumcisionis
2002 803 2146 855 nulla
2181 808 2299 855 erat

741 884 966 947 utilitas,
992 886 1449 953 quemadmodum
1488 889 1539 942 in
1572 889 1809 944 llebrzcis
1838 909 1851 956 ;
1884 907 1989 944 non
2022 893 2171 944 enim
2204 892 2300 942 ad-

740 984 1062 1027 numeratur
1087 977 1312 1031 Abraha:
1349 979 1670 1034 Incredibus.
1695 982 1831 1033 Deus
1864 982 2009 1033 enim
2045 981 2301 1047 praecepit

739 1064 1003 1127 Abralm,
1053 1066 1238 1121 dicens
1278 1086 1292 1122 ;
1345 1086 1362 1118 ι
1403 1070 1545 1139 Ejice
1572 1072 1821 1123 ancillam
1855 1086 1979 1125 eum
2016 1071 2124 1124 lilio
2159 1072 2297 1138 ejus,

741 1168 1080 1223 nequaquam
1111 1158 1253 1209 enim
1284 1157 1457 1214 hazrcs
1490 1161 1595 1214 erit
1629 1162 1838 1214 ancillae
1870 1161 2010 1215 ﬁlius
2033 1178 2153 1215 cum
2189 1162 2301 1215 lilio

738 1244 943 1297 liberae.
987 1262 1004 1293 ι
1047 1244 1112 1297 Et
1155 1246 1361 1315 ejectus
1411 1258 1495 1301 est
1545 1264 1608 1302 ex
1646 1250 1808 1304 domo
1846 1251 2072 1304 Abraba:
2113 1252 2300 1305 lsmael

737 1348 860 1387 cum
896 1344 1069 1389 matre
1108 1351 1205 1389 sua
1229 1340 1387 1407 Agar.
1420 1339 1573 1403 Quod
1599 1342 1641 1395 si
1676 1352 1854 1396 tamen
1884 1344 2021 1397 forte
2052 1360 2302 1398 nonnun-

736 1440 901 1493 quam
934 1426 999 1478 ad
1037 1428 1307 1480 Abraham
1356 1431 1539 1495 rediit,
1582 1432 1908 1488 visitationis
1938 1450 2101 1489 causa
2132 1434 2300 1498 venit,

734 1530 845 1568 non
883 1525 941 1569 ut
974 1517 1115 1569 tilius
1158 1528 1213 1571 et
1252 1534 1438 1573 semen
1472 1520 1751 1591 bzeresque
1785 1526 1947 1579 illius.
1983 1526 2108 1580 llaac
2142 1528 2303 1596 igitur

735 1622 860 1659 cum
882 1608 961 1661 sic
976 1622 1032 1661 se
1058 1608 1317 1673 habeant,
1341 1612 1609 1666 undenam
1628 1614 1786 1669 ﬁdem
1804 1631 1954 1669 suam
1978 1617 2301 1671 Musulmaui

735 1696 1163 1764 desumpserint,
1212 1714 1319 1752 non
1366 1699 1546 1755 video.
1581 1702 1873 1771 Propterea
1919 1705 2069 1756 nullo
2098 1705 2302 1758 indicio

732 1788 933 1855 conjici
982 1798 1180 1857 potest.
1234 1790 1697 1846 Musulmanorum
1740 1794 1901 1849 fidem
1947 1807 2072 1850 ante
2122 1796 2305 1851 Mallo—

733 1886 933 1931 ntetem
972 1880 1038 1931 ab
1083 1880 1355 1934 Abraham
1389 1893 1610 1938 auctore
1648 1884 1905 1940 derivari.
1951 1887 2151 1941 Verum
2185 1888 2298 1956 ipse

733 1965 1044 2035 huiusmodi
1086 1968 1398 2037 dogmatum
1432 1982 1623 2026 auctor
1655 1984 1759 2037 est,
1801 1984 1856 2028 et
1881 1991 1947 2029 ex
1980 1978 2063 2029 sui
2097 1977 2297 2044 ingenii

732 2060 922 2113 nidulo
952 2060 1138 2115 docuit
1158 2078 1495 2133 quacunque
1525 2065 1731 2129 docuit,
1763 2075 1819 2120 et
1852 2083 1958 2121 non
1992 2084 2055 2121 ex
2095 2067 2223 2121 Deo.

2400 625 2581 691 χεσθε,
2614 624 2704 674 καὶ
2734 622 2886 673 αὐτοὶ
2930 623 3126 682 αὐτοὺς
3179 620 3514 690 ἀνατρέπετε
3541 636 3555 683 ;
3604 618 3759 671 Ἀλλά
3791 619 3965 670 ταῦτα

2404 712 2501 779 μὲν
2560 712 2756 772 οὕτως.
2788 710 2939 763 Ἐπεὶ
2991 712 3048 763 δὲ
3102 711 3131 762 6
3183 711 3447 777 Ἰσμαὴλ,
3493 712 3551 760 ὃν
3610 710 3863 773 ἒέτουσιν
3915 708 3967 757 οἱ

2401 802 2813 869 Μουσουλμάνοι
2871 801 3016 867 ἔχειν
3075 802 3417 868 προπάτορα,
3483 799 3605 851 οὕτε
3658 800 3797 865 μετά
3850 798 3965 847 τῶν

2412 891 2680 959 Ἐϐραίων
2709 891 2973 959 κατῆλθεν
3006 892 3085 951 είς
3126 892 3420 957 Αἴγυπτον,
3452 891 3534 941 ὅτι
3582 891 3775 955 ἐγείκῳ
3806 889 3970 955 ’χρεία

2401 981 2498 1032 οὐκ
2545 977 2631 1050 ἦν,
2669 984 2855 1049 ὥσπερ
2890 983 3001 1041 τοῖς
3045 980 3345 1049 Ἑϐραίοις,
3376 981 3498 1031 οὐδὲ
3554 984 3662 1046 γάρ
3701 994 3971 1044 συγκατε-

2402 1072 2589 1136 λέγετο
2619 1072 2757 1138 μετά
2791 1071 2898 1123 τῶν
2937 1071 3290 1138 κληρονόμων
3336 1069 3430 1122 τοῦ
3475 1070 3733 1137 Ἀϐραάμ
3766 1085 3779 1098 ·
3832 1070 3971 1119 διότι

2402 1164 2430 1213 6
2458 1161 2587 1223 Θεὸς
2619 1160 2790 1223 οὕτως
2817 1162 3115 1214 ἐνετείλατο
3144 1161 3223 1229 τῷ
3272 1160 3525 1228 Ἁϐραάμ
3557 1160 3748 1219 εἰπὼν,
3790 1177 3805 1207 ι
3839 1160 3973 1209 Ἐκ-

2403 1252 2532 1304 6αλε
2558 1252 2654 1320 τὴν
2680 1253 2973 1323 παιδίσκην
3008 1254 3144 1321 μετά
3187 1252 3280 1304 τοῦ
3313 1253 3502 1312 παιδὸς
3534 1254 3721 1318 αζιτης,
3759 1251 3820 1300 οὐ
3858 1252 3969 1317 γάρ

2406 1344 2480 1413 μὴ
2528 1345 2928 1413 κληρονομήσει
2984 1347 3011 1395 6
3054 1344 3167 1405 υίὸς
3214 1343 3313 1410 τῆς
3370 1344 3667 1409 παιδίσκης
3699 1342 3840 1408 μετὰ
3874 1340 3969 1391 τοῦ

2403 1435 2521 1487 υίοῦ
2542 1436 2639 1501 τῆς
2673 1434 2981 1501 ἐλευθέρας·
3020 1454 3038 1486 ι
3079 1435 3175 1487 καὶ
3204 1434 3471 1503 ἐξεϐλήθη
3504 1435 3533 1485 6
3576 1432 3799 1501 Ἰσμαὴλ
3830 1434 3969 1499 μετὰ

2401 1526 2502 1593 τῆς
2571 1524 2776 1594 μητρὸς
2832 1524 3004 1590 αὐτῆς
3064 1525 3240 1593 Ἀγαρ
3307 1524 3417 1576 ἀπὸ
3476 1523 3572 1575 τοῦ
3650 1525 3802 1575 οῑκου
3874 1522 3970 1573 τοῦ

2416 1615 2668 1685 Ἀϐραάμ
2693 1632 2706 1645 ·
2748 1617 2794 1668 εἰ
2826 1616 2873 1667 δ’
2908 1614 3041 1677 ἴσως
3096 1615 3224 1667 ποτὲ
3260 1616 3355 1667 καὶ
3402 1615 3537 1683 πρὸς
3569 1614 3660 1664 τὸν
3714 1612 3973 1680 Ἀϐραάμ

2402 1704 2586 1778 ἦλθεν,
2620 1708 2853 1775 θεωρίας
2884 1709 3045 1777 χάριν
3075 1701 3259 1776 ἦλθεν,
3292 1706 3406 1759 ἀλλ’
3436 1708 3534 1773 οὐχ
3588 1705 3662 1765 ὡς
3711 1704 3827 1765 υἱδς
3879 1704 3973 1755 καὶ

2407 1796 2630 1866 σπέρμα
2661 1795 2755 1848 καὶ
2786 1796 3122 1864 κληρονόμος
3167 1794 3354 1847 αὑτοῦ.
3382 1793 3591 1847 Τούτου
3626 1793 3759 1859 γοῦν
3793 1791 3971 1852 οὕτως

2404 1887 2638 1956 ἔχοντος,
2675 1885 2839 1936 πόθεν
2872 1884 3088 1953 ἔχουσιν
3109 1884 3158 1935 οἱ
3190 1881 3605 1950 Μουσουλμάνοι
3634 1881 3731 1950 τὴν
3760 1878 3972 1939 πίστιν,

2406 1980 2507 2031 οὐκ
2553 1973 2695 2030 οἶδα.
2747 1975 2847 2028 Διὰ
2901 1974 3058 2027 τοῦτο
3107 1974 3207 2028 οὐκ
3266 1974 3620 2042 ἀναφαίνεται
3675 1970 3785 2024 ἀπό
3823 1986 3972 2029 τινος

2406 2072 2732 2139 πράγματος
2762 2067 2869 2137 πρὸ
2896 2068 2989 2119 τοῦ
3019 2066 3260 2137 Μωάμεθ
3299 2068 3364 2119 ἐκ
3394 2067 3490 2119 τοῦ
3540 2064 3797 2133 Ἀϐραὰμ
3832 2060 3967 2114 εἶναι

732 2150 831 2218 τὴν
869 2152 975 2202 τῶν
1045 2152 1486 2219 Μουσουλμάνων
1540 2156 1742 2216 πίστιν,
1784 2156 1920 2209 ἀλλὰ
1960 2159 2122 2219 αὑτός
2171 2161 2317 2210 ἐστιν
2356 2161 2384 2211 6
2432 2159 2673 2229 ἀρχηγὸς
2748 2158 2856 2211 τῶν
2908 2156 3167 2210 τοιούτων
3218 2158 3538 2226 δογμάτων,
3592 2160 3687 2209 καὶ
3735 2158 3819 2209 ὅτι
3862 2155 3970 2207 ἀπὸ

735 2246 941 2309 κοιλίας
972 2247 1135 2300 αὑτοῦ
1167 2249 1405 2313 ἐδίδαξεν
1454 2252 1553 2305 ὅσα
1588 2252 1792 2316 ἐδίδαξε
1836 2296 1851 2320 ,
1890 2254 1981 2307 καὶ
2033 2255 2135 2307 οὐκ
2181 2255 2289 2308 ἀπὸ
2331 2255 2488 2311 Θεοῦ.

802 2340 857 2393 3.
898 2340 1051 2405 Quod
1084 2356 1213 2395 vero
1260 2340 1584 2397 Musulmani
1614 2345 1873 2410 tradunt,
1904 2346 2075 2417 ipsius
2108 2346 2293 2402 Illabo-

2460 2355 2530 2418 γ’.
2570 2348 2691 2401 Ὅτι
2738 2346 2817 2411 δὲ,
2847 2346 2921 2409 ὼς
2963 2346 3209 2413 λέγουσιν
3248 2345 3297 2397 οἱ
3323 2343 3757 2411 Μουσουλμάνοι,
3779 2342 3856 2403 ὡς
3880 2360 3970 2411 γε·

732 2433 864 2484 mcti
906 2446 1107 2486 nomen
1141 2432 1193 2486 in
1238 2433 1535 2501 Evangelio
1566 2435 1723 2489 citari
1752 2435 1991 2505 (dicente
2033 2437 2294 2492 nimirum

2392 2441 2710 2510 γραμμένον
2744 2439 3030 2507 εὑρίσκετο
3077 2438 3137 2490 τὸ
3164 2434 3255 2489 τοῦ
3288 2438 3585 2505 Μαχούμετ
3608 2436 3779 2503 ὄνομα
3807 2438 3867 2487 ἐν
3894 2434 3968 2504 τῷ

732 2522 801 2576 de
841 2522 949 2576 hoc
971 2521 1190 2577 Christo
1218 2538 1231 2575 :
1264 2524 1544 2579 Annuntio
1592 2526 1750 2581 vobis
1780 2526 2005 2593 bonum,
2038 2530 2297 2597 quoniam

733 2623 861 2682 post
889 2628 974 2666 me
1002 2625 1269 2669 venturus
1297 2618 1675 2686 estapostolus
1704 2628 1758 2673 et
1780 2620 2065 2689 propheta,
2098 2634 2300 2675 nomen

734 2710 811 2762 illi
849 2708 1171 2777 Mahomet),
1202 2711 1541 2765 Christianos
1569 2727 1698 2765 vero
1727 2712 1926 2767 invidia
1954 2722 2131 2767 motos
2162 2712 2293 2766 illud

733 2800 1062 2868 cxpunxisse
1111 2814 1175 2853 ex
1226 2799 1549 2869 Evangelio;
1606 2802 1834 2870 agedum
1878 2802 2041 2855 etiam
2092 2802 2158 2854 de
2194 2802 2295 2856 hoc

734 2890 1098 2957 inquiramus,
1126 2900 1179 2944 et
1206 2890 1421 2944 videtur
1450 2892 1585 2945 mihi
1612 2894 1896 2947 veritatem
1937 2909 2046 2945 non
2069 2893 2299 2946 abscon-

733 2992 847 3029 sam
881 2976 1153 3039 futuram;
1185 2987 1392 3031 attente
1426 2978 1593 3046 igitur
1624 2978 1739 3033 haec
1788 2979 1999 3032 audias.
2032 2979 2167 3032 Tres
2214 2979 2296 3032 le-

733 3068 1027 3134 gislatores
1078 3076 1249 3129 sunt,
1284 3067 1377 3136 qui
1418 3068 1564 3137 leges
1619 3069 1863 3123 tulerunt
1913 3069 2291 3123 universales:

2397 2531 2736 2599 Εὑαγγελίῳ,
2794 2529 3041 2591 εἰπόντος
3086 2527 3178 2580 τοῦ
3241 2526 3477 2597 Χριστοῦ
3542 2532 3669 2595 περὶ
3731 2528 3968 2587 ἐκείνου),

2396 2624 2477 2676 ὅτι
2537 2621 2971 2690 Εὐαγγελίζομαι
3002 2621 3128 2689 ύμῖν
3181 2620 3261 2672 ὅτι
3291 2619 3409 2687 μετ’
3440 2618 3537 2687 ἐμὲ
3575 2617 3761 2685 μέλλει
3792 2618 3844 2667 ἐ)
3860 2617 3971 2668 θεῖν

2403 2716 2431 2768 6
2482 2713 2779 2776 ἀπόστολος
2813 2712 2909 2765 καὶ
2946 2711 3252 2780 προφήτης,
3287 2710 3456 2779 ὄνομα
3509 2710 3656 2777 αύτῷ
3697 2709 3969 2777 Μωάμεθ,

2404 2808 2452 2860 οί
2508 2808 2565 2860 δέ
2613 2807 2929 2874 Χριστιανοὶ
2980 2806 3349 2873 φθονήσαντες
3402 2801 3652 2864 ἐξέϐαλοι
3712 2802 3849 2853 αὐτὸ
3908 2802 3969 2852 ἐκ

2396 2898 2491 2953 τοῦ
2529 2897 2879 2965 Εύαγγελίου,
2903 2896 3063 2966 δεῦρο
3100 2893 3431 2962 σκεψώμεθα
3469 2895 3560 2946 καὶ
3588 2895 3718 2961 περὶ
3773 2894 3963 2955 καλοῦ,

2394 2987 2488 3039 καί
2553 3002 2643 3054 μοι
2685 2985 2828 3036 δοκεῖ
2877 2984 2951 3043 ὡς
3000 2983 3060 3034 οὐ
3106 2981 3179 3051 μὴ
3214 2979 3551 3050 κρυόήσεται
3608 2980 3640 3045 ἡ
3697 2980 3965 3049 ἀλήθειαο

2399 3080 2631 3133 ἄκουσον
2658 3077 2839 3129 τοίνυν
2904 3074 3194 3142 νουνεχῶς.
3228 3075 3389 3142 Τρεῖς
3416 3074 3520 3124 εἱσι
3552 3072 3869 3141 νομοθέται,
3920 3072 3966 3123 οἱ

736 3156 914 3210 Moses
936 3197 949 3217 .
983 3171 1143 3223 quem
1189 3168 1371 3210 secuta
1404 3168 1487 3211 est
1534 3158 1883 3213 Hebraeorum
1917 3176 2089 3229 gens;
2142 3160 2296 3213 Cbri-
2326 3146 2368 3204 (ἶ

2326 3146 2368 3204 C
2401 3168 2711 3231 διδάξαντες
2743 3168 2941 3235 νόμους
2997 3164 3320 3225 καθολικούς
3342 3179 3356 3194 ·
3390 3167 3418 3217 6
3448 3165 3711 3230 Μωῦσῆς,
3771 3158 3817 3228 ᾧ
3845 3167 3968 3230 ἡκο-

735 3258 875 3309 stus,
910 3262 1073 3315 quem
1118 3258 1318 3302 secutae
1350 3260 1477 3303 sunt
1510 3264 1699 3303 omnes
1740 3260 1950 3319 gentes,
1980 3262 2033 3305 et
2064 3252 2294 3306 maxima

734 3337 1095 3390 Hebra-ornm
1145 3338 1199 3391 in
1262 3338 1414 3390 illum
1465 3340 1804 3392 credentium
1856 3342 2150 3395 multitudo
2180 3345 2295 3411 (qui

733 3430 880 3483 enim
931 3446 993 3483 ev
1032 3430 1117 3483 his
1159 3446 1264 3482 non
1298 3430 1689 3494 crediderunt,
1731 3448 1957 3485 numero
2009 3435 2297 3502 pauciores

738 3530 869 3573 sunt
897 3522 1017 3581 illis.
1042 3523 1131 3589 qui
1178 3522 1549 3586 crediderunt,
1579 3531 1633 3575 et
1658 3534 1943 3577 numeratu
1970 3525 2176 3593 faciles)
2202 3544 2215 3591 ;
2243 3535 2297 3580 et

736 3610 1010 3663 Mallomxt
1038 3650 1050 3668 .
1088 3627 1249 3679 quem
1310 3612 1633 3665 lllusulmani
1692 3615 1864 3667 secuti
1903 3627 2047 3668 sunt.
2098 3616 2296 3669 Praeter

734 3713 919 3756 autem
970 3704 1090 3756 illos
1124 3715 1251 3763 tres,
1279 3720 1371 3771 qm
1409 3702 1579 3772 legem
1614 3706 1796 3759 tulerit
1842 3709 2023 3760 nullus
2048 3716 2148 3760 est.
2184 3709 2297 3761 Mo-

733 3808 847 3844 sem
882 3807 1009 3843 vero
1033 3809 1057 3843 a
1087 3792 1195 3843 Deo
1237 3796 1458 3847 missum
1491 3808 1633 3857 esse,
1657 3794 1837 3848 statim
1863 3796 1929 3848 ab
1962 3796 2116 3848 initio
2142 3798 2296 3850 testi-

734 3883 935 3936 moniis
985 3884 1391 3951 comprobatur.
1425 3884 1558 3938 Cum
1600 3886 1745 3939 enim
1774 3888 1952 3941 adhuc
1987 3888 2038 3940 in
2065 3886 2295 3957 {Egypto

733 3983 903 4037 esset,
934 3975 1060 4025 ferit
1085 3975 1236 4042 signa
1270 3986 1323 4028 et
1359 3978 1617 4031 miracula
1649 3994 1861 4044 magna,
1898 3989 1952 4032 et
2001 3979 2292 4050 Egyptum

732 4066 1046 4135 tlagellavit,
1078 4067 1263 4135 plagas
1300 4067 1375 4120 illi
1411 4068 1672 4123 inducens
1708 4070 2001 4133 terribiles.
2029 4073 2296 4139 percussit

731 4168 787 4211 et
820 4158 1064 4221 sanavit,
1114 4168 1225 4210 tum
1259 4160 1421 4213 etiam
1477 4160 1655 4212 futura
1702 4176 1801 4213 ceu
1837 4162 2125 4228 prophetes
2154 4177 2295 4231 prae-

731 4249 871 4301 dixit
904 4266 917 4301 :
964 4266 981 4299 ι
1045 4246 1197 4312 Quod
1233 4249 1275 4301 si
1312 4250 1571 4317 populum
1600 4250 1692 4303 Dei
1724 4250 1998 4304 dimittere
2029 4252 2293 4316 volueris,

730 4339 977 4399 dimitte;
1007 4337 1149 4405 quod
1185 4338 1231 4389 si
1264 4338 1426 4401 nolis,
1474 4337 1588 4390 hcec
1630 4347 1683 4389 et
1708 4338 1799 4390 illa
1830 4338 1926 4391 tibi
1958 4347 2013 4390 et
2060 4338 2163 4391 toti
2200 4352 2294 4405 po-

732 4430 861 4497 pulo
892 4428 1105 4496 Aigypti
1136 4430 1409 4483 evenient.
1448 4448 1466 4481 ι
1494 4430 1556 4482 Ει
1590 4429 1797 4482 Pharao
1825 4445 1947 4483 cum
1982 4445 2038 4483 se
2066 4429 2289 4483 verbum

736 4520 952 4574 Domini
987 4521 1255 4572 lucturum
1282 4535 1401 4573 esse
1450 4522 1808 4588 promisisset,
1841 4537 1868 4575 a
1902 4522 2045 4574 lllose
2069 4530 2293 4575 sanatus

732 4622 853 4675 est,
890 4621 1077 4679 utpote
1111 4611 1203 4679 qui
1250 4618 1569 4678 potestatem
1602 4626 1629 4662 a
1674 4612 1780 4664 Deo
1819 4612 2137 4679 accepisset.
2168 4612 2297 4665 Post

734 4707 852 4757 haec
878 4719 1005 4756 vero
1032 4702 1205 4755 Moses
1234 4702 1426 4756 eduxit
1454 4702 1679 4755 brachio
1708 4704 1913 4770 potenti
1947 4712 2161 4769 gentem
2187 4701 2293 4756 lle-

737 4797 1008 4849 brzeorum
1046 4811 1110 4848 ex
1142 4805 1282 4847 terra
1318 4792 1557 4863 Aigypti,
1596 4804 1651 4846 et
1687 4793 1984 4847 Pharaonis
2008 4793 2291 4846 servitute.

735 4888 842 4941 Eos
877 4899 1059 4937 autem
1099 4885 1376 4937 insecutus
1411 4886 1657 4945 Pharao,
1712 4898 1741 4935 a
1785 4884 1932 4936 Mose
1980 4883 2295 4936 submersus

733 4984 818 5028 est
854 4975 905 5027 iu
942 4975 1076 5027 mari
1115 4975 1295 5028 ltubro
1326 4989 1448 5028 cum
1477 4975 1623 5026 omni
1662 4990 1761 5027 suo
1798 4973 2060 5027 exercitu.
2089 4973 2294 5026 Deinde

734 5068 789 5122 in
827 5066 1064 5120 desertis
1098 5065 1470 5119 obambulavit
1504 5066 1661 5119 annis
1703 5064 2083 5133 quadraginta,
2138 5065 2297 5117 mira-

732 5158 853 5211 cuia
881 5158 1052 5210 edens
1080 5156 1309 5211 inﬁnita.
1340 5156 1481 5221 Quin
1518 5166 1571 5209 et
1600 5171 1781 5210 coram
1824 5166 1933 5209 tnta
1979 5154 2291 5208 Judaeorum

733 5259 891 5313 gente
947 5249 1000 5300 in
1038 5256 1275 5301 montem
1308 5246 1457 5300 Sinai
1492 5248 1777 5310 ascendit,
1823 5248 1901 5301 sic
1931 5246 1994 5299 ad
2027 5247 2175 5299 illum
2209 5246 2293 5298 di-

732 5340 986 5392 centibus
1011 5336 1213 5391 .ludaeis
1241 5354 1255 5390 :
1292 5355 1309 5388 ‹
1342 5336 1588 5391 Ascende
1620 5338 1673 5391 in
1704 5347 1964 5401 montem,
1998 5346 2052 5389 et
2077 5334 2167 5387 Dei
2205 5350 2293 5386 vo.

733 5433 999 5485 luntatem
1030 5429 1290 5494 ediscite;
1318 5442 1418 5482 nos
1454 5430 1595 5481 enim
1631 5428 1723 5481 Dei
1750 5442 1934 5481 vocem
1965 5426 2152 5479 audire
2184 5440 2291 5477 non

737 5535 1049 5590 possumus.
1088 5535 1158 5573 ne
1198 5520 1337 5573 forte
1360 5520 1678 5571 moriamur.
1710 5536 1727 5569 ι
1760 5516 1996 5585 Populus
2035 5530 2161 5567 vero
2186 5523 2293 5566 sta-

737 5613 829 5664 bat
875 5610 1065 5680 procul
1111 5625 1139 5663 a
1196 5623 1401 5673 monte,
1435 5624 1558 5662 cum
1595 5617 1827 5661 tremore
1859 5608 2090 5658 adorans
2124 5604 2292 5656 Deum

735 5721 859 5755 rum
886 5704 1031 5757 Mose
1060 5702 1493 5769 colloquentem.
1529 5701 1700 5754 Moses
1733 5709 1912 5752 autem
1949 5697 2041 5749 Dei
2088 5712 2292 5749 sermo-

736 5796 900 5848 tibus
957 5795 1175 5851 auditis.
1211 5794 1433 5848 eosdem
1493 5792 1731 5846 Ηιςὶιτίοὶς
1783 5800 2067 5855 ςκροειιιις
2106 5797 2161 5840 ct
2208 5804 2291 5841 rc-

2401 3260 2635 3328 λούθησε
2670 3259 2731 3310 τὸ
2765 3260 2919 3325 γένος
2947 3257 3055 3309 τῶν
3084 3256 3351 3321 Ἐϐραίων
3376 3272 3391 3286 ·
3425 3258 3453 3307 6
3488 3256 3743 3324 Χριστος,
3776 3250 3821 3321 ᾧ
3844 3256 3970 3323 ἠκο-

2406 3350 2679 3417 λούθησαν
2718 3350 2895 3402 πάντα
2924 3348 2990 3401 τά
3040 3348 3191 3416 Εθνη,
3224 3349 3319 3399 καὶ
3364 3348 3411 3398 οἱ
3446 3349 3525 3407 είς
3559 3347 3724 3397 αὑτὸν
3749 3346 3969 3397 πιστεύ-

2408 3460 2597 3503 σαντες
2636 3443 2697 3492 τὸ
2754 3442 2937 3492 πλεῖον
2968 3440 3131 3508 μέρος
3172 3439 3282 3491 τῶν
3339 3438 3617 3505 Ἐϐραίων
3660 3453 3674 3465 ·
3712 3439 3839 3488 ἐπεὶ
3866 3439 3971 3490 ἀπὸ

2401 3534 2604 3584 τούτων
2640 3531 2689 3582 οἱ
2746 3529 2820 3598 μὴ
2861 3528 3257 3590 πιστεύσαντες
3307 3526 3488 3593 πολλῷ
3518 3527 3785 3588 ἐλάττους
3831 3528 3968 3577 εἰεὶν

2402 3622 2584 3675 αὐτῶν
2610 3622 2673 3687 δὴ
2704 3618 2811 3671 τῶν
2843 3621 3275 3680 πιστευσάντων,
3323 3620 3417 3670 καὶ
3452 3620 3635 3687 σχέδον
3668 3619 3967 3687 ἐνῖρίοδιηο

2402 3726 2505 3762 τον
2534 3710 2625 3772 καὶ
2649 3712 2676 3761 6
2710 3710 2975 3776 Μωάμεθ,
3104 3707 3478 3775 ἠκολούθησαν
3506 3708 3553 3757 οἱ
3598 3707 3967 3775 Μουσουλμά·

2401 3816 2502 3851 νοι.
2556 3800 2718 3849 Ἀνευ
2742 3796 2946 3848 τούτων
2996 3797 3059 3863 δὴ
3092 3795 3200 3848 τῶν
3230 3796 3398 3865 τριῶν
3438 3795 3623 3862 ἕτερός
3657 3811 3738 3851 τις
3769 3797 3794 3844 ὀ
3823 3795 3969 3845 atad-

2406 3888 2502 3953 ξας
2532 3889 2626 3940 καὶ
2659 3888 2781 3949 δοὺς
2809 3888 2969 3955 νόμον
2996 3887 3094 3938 οὐκ
3134 3888 3301 3938 ἐστιν.
3354 3885 3495 3937 Ἀλλ’
3536 3888 3563 3936 6
3592 3889 3689 3952 μὲν
3722 3886 3967 3952 Μωῦσῆς

2407 3978 2827 4049 μεμαρτύρηται
2877 3976 3285 4045 ἀπεσταλμένος
3342 3973 3478 4028 εἶναι
3528 3978 3677 4045 παρά
3712 3976 3852 4027 Θεοῦ
3911 3976 3971 4039 ἐξ

2400 4071 2594 4140 ἀρχῆς.
2629 4069 2745 4121 Ἔτι
2785 4068 2858 4119 ῶν
2891 4071 2947 4121 ἐν
2976 4070 3040 4136 τῇ
3064 4066 3344 4135 Αἰγύπτῳ,
3369 4067 3591 4134 ἐποίησε
3625 4072 3828 4133 σημεῖα
3869 4069 3967 4118 καὶ

2399 4160 2601 4226 τέρατα
2630 4157 2860 4223 μεγάλα,
2880 4158 2971 4209 καὶ
3000 4156 3257 4224 ἐμάστιξε
3282 4156 3381 4225 τὴν
3410 4156 3711 4221 Αἴγυπτον,
3758 4158 3971 4221 ἐπάξας

2400 4251 2456 4301 ἐν
2477 4251 2609 4319 αὐτῇ
2642 4248 2854 4315 πληγάς
2880 4250 3116 4317 μεγάλας
3139 4250 3339 4317 σφόδρα
3362 4266 3375 4279 ·
3394 4249 3694 4317 καὶέπληξε
3714 4251 3812 4301 καὶ
3855 4250 3975 4302 ἐθε-

2403 4340 2661 4407 ράπευσε,
2683 4342 2779 4392 καὶ
2811 4341 3067 4409 προέλεγε
3084 4340 3151 4393 τά
3179 4341 3519 4410 γενησόμενα
3548 4342 3621 4401 ὡς
3650 4344 3967 4410 προφήτης,

2401 4428 2482 4479 ὃτι
2525 4446 2543 4477 ‹
2589 4428 2649 4478 Et
2691 4429 2789 4495 μὲν
2826 4429 3115 4491 ἀπολύσεις
3162 4432 3253 4481 τὸν
3288 4431 3413 4484 λαὸν
3438 4430 3531 4482 τοῦ
3567 4429 3725 4495 Θεοῦ,
3761 4433 3969 4483 ἀπόλυ-

2401 4535 2489 4569 σον
2509 4535 2521 4547 ·
2543 4519 2591 4570 ει
2620 4520 2663 4569 δ’
2689 4519 2804 4583 οῦν,
2830 4519 2899 4571 τά
2918 4523 3008 4572 καὶ
3026 4522 3092 4573 τά
3115 4521 3487 4589 συμϐήσονται
3515 4521 3595 4573 σοί
3615 4537 3674 4573 τι
3693 4522 3788 4573 καὶ
3802 4526 3971 4575 παντὶ

2394 4604 2471 4673 τῷ
2496 4604 2607 4672 λαῴ
2636 4606 2732 4666 τῆς
2766 4606 3067 4673 Αἰγύπτου.
3106 4626 3123 4658 ι
3164 4608 3271 4658 Καὶ
3302 4607 3732 4674 ὑπισχνούμενος
3760 4610 3970 4678 Φαραὼ

2396 4698 2618 4765 ποιῆσαι
2658 4698 2718 4749 τὸ
2752 4700 2902 4766 ῥῆμα
2937 4698 3168 4764 Κυρίου,
3211 4698 3580 4766 ἐθεραπεύετο
3647 4700 3803 4765 παρά
3870 4705 3968 4754 τοῦ

2400 4792 2701 4851 Μωῦσὲως,
2730 4792 2803 4852 ὡς
2831 4791 3076 4855 ἐξουσίαν
3102 4791 3359 4853 λαϐόντος
3383 4792 3489 4842 ἀπὸ
3527 4789 3682 4845 Θεοῦ.
3720 4793 3882 4845 Μετὰ
3913 4794 3970 4844 δὲ

2395 4880 2567 4933 ταῦτα
2626 4880 2881 4945 ἐξέϐαλεν
2926 4882 2954 4932 6
3004 4881 3206 4947 Μωσῆς
3244 4880 3383 4948 μετὰ
3416 4880 3695 4949 βραχίονος
3753 4881 3969 4949 ὑψηλοῦ

2395 4974 2455 5023 τδ
2494 4972 2649 5038 γένος
2678 4972 2783 5023 τῶν
2816 4972 3087 5040 Ἐϐραίων
3145 4973 3207 5023 ἐκ
3255 4973 3357 5040 γῆς
3410 4972 3686 5036 Αἰγύπτου
3740 4973 3840 5022 καὶ
3868 4972 3970 5039 τῆς

2394 5063 2631 5123 δουλείας
2664 5062 2886 5131 Φαραώ.
2942 5062 3295 5126 Καταδιώξας
3341 5062 3397 5113 δὲ
3427 5063 3454 5114 6
3488 5060 3708 5127 Φαραὼ,
3739 5061 3970 5111 ἐποντί-

2398 5152 2498 5220 σθη
2528 5155 2583 5203 ἐν
2610 5155 2674 5221 τῇ
2725 5153 2957 5223 Ἐρυθρᾷ
2978 5152 3219 5221 θαλάσσῃ
3262 5154 3400 5219 μετά
3432 5152 3613 5219 πάσης
3653 5150 3758 5215 τῆς
3792 5168 3972 5216 στρα-

2398 5245 2516 5305 τιᾶς
2566 5244 2725 5295 αὑτοῦ
2791 5244 2941 5312 παρὰ
2988 5246 3075 5295 τοῦ
3130 5242 3426 5304 Μωῠσέως.
3480 5243 3634 5295 Μετὰ
3668 5242 3725 5293 δὲ
3784 5242 3969 5293 ταῦτα

2398 5336 2717 5402 περιεπάτει
2740 5335 2793 5386 ἐν
2815 5338 2878 5404 τῇ
2896 5336 3081 5404 ἐρήμῳ
3100 5334 3319 5402 χρόνους
3337 5331 3766 5400 τεσσαράκοντα,
3792 5331 3973 5382 ποιῶν

2396 5426 2648 5493 θαύματα
2677 5426 2902 5492 ἄπειρα.
2943 5424 3102 5476 ’Λλλὰ
3161 5427 3255 5476 καὶ
3294 5423 3525 5481 ἐνώπιον
3582 5423 3803 5473 πάντων
3853 5423 3970 5473 τῶν

2406 5516 2675 5584 Ἐϐραίων
2729 5514 2893 5581 ἀνέϐη
2966 5516 2991 5565 6
3045 5513 3287 5579 Μωῧσῆς
3349 5512 3444 5564 ἐπὶ
3478 5510 3571 5561 τοῦ
3599 5509 3762 5578 ὅρους
3805 5510 3967 5572 Σινᾶ,

2396 5608 2653 5659 εἰπόντων
2702 5606 2858 5657 τοῦτο
2916 5605 3021 5657 τῶν
3092 5604 3360 5656 Ἰουδαίων
3432 5601 3568 5669 πρὸς
3631 5594 3818 5662 αὐτὸν,
3885 5603 3971 5655 ὅτι

2402 5696 2723 5750 ι’Λνάόαινε
2786 5698 2863 5757 εἰς
2922 5696 2982 5747 τὸ
3038 5695 3185 5764 ὅρος,
3251 5694 3343 5745 καὶ
3385 5691 3551 5757 γνῶθι
3600 5690 3661 5741 τὸ
3695 5690 3791 5741 τοῦ
3824 5692 3971 5743 θεοῦ

2406 5786 2615 5849 θέλημα
2684 5788 2869 5848 ’ἱῖ,.εεῗς
2899 5788 3002 5853 "5t;
3036 5788 3168 5837 θεοῦ
3202 5785 3381 5854 ςτμνὴν
3446 5782 3676 5835 ἀκοῖται
3710 5782 3771 5831 θ’)
3804 5781 3971 5835 δυ’λά-
