4204 6444
234 418 336 481 541

1148 421 1439 479 CONTRX
1484 421 1968 480 Ill.-‘.llth\{ETE.\l
2013 426 2389 487 APOLOGIA
2434 428 2535 488 IV.

3354 431 3459 493 542

236 529 406 597 μεθα,
430 528 503 595 μή
531 544 654 579 ποτε
684 526 1156 597 τελευτήσωμεν.»
1182 530 1287 580 Καὶ
1306 532 1332 579 ὀ
1356 530 1451 596 μὲν
1469 529 1593 589 λαὸς
1611 532 1797 581 ἵστατο
1831 544 1866 586 Α

1831 544 1866 586 Α
1904 545 2081 597 ponte,
2123 535 2267 603 quod
2295 535 2523 599 dixerat,
2550 536 2830 605 impletum
2865 544 2968 589 est.
3012 537 3276 590 Pra-terca
3317 554 3457 592 nun-

235 618 514 688 μακρόθεν
536 617 629 669 τοῦ
662 619 843 683 ὅρους,
886 617 1315 684 προσκυνοῦντες
1349 620 1424 686 τῷ
1481 621 1598 688 Θεῷ
1658 621 1796 687 μετά

229 711 440 780 τρόμου
482 709 558 776 τῷ
585 708 835 775 λαλοῦντι
890 709 1109 761 Μωῦσεί
1137 726 1145 737 δ
1172 711 1198 760 6
1230 710 1283 761 δὲ
1322 712 1525 777 Μωσῆς
1579 712 1796 763 ἀκούων

226 817 361 861 τους
422 800 617 865 λόγους
646 798 740 851 τοῦ
766 798 926 863 Θεοῦ,
985 800 1137 865 ἔλεγε
1170 802 1393 860 τούτους
1424 804 1531 860 τοῖς
1573 801 1794 868 Ἐϐραί-

226 909 334 955 οις,
367 892 459 941 καὶ
491 890 769 958 παρευθὺς
792 891 851 942 τὸ
892 891 1127 958 λαληθὲν
1178 891 1495 959 ἐπληροῦτο.
1540 893 1678 943 ’Λλλ’
1707 892 1797 941 ού-

227 982 422 1031 δέποτε
464 979 721 1046 ἐκίνησαν
768 982 894 1040 τοὺς
950 981 1359 1047 τεσσαράκοντα
1412 983 1632 1048 χρόνους
1687 980 1795 1033 ἀπὸ

226 1069 327 1120 τοῦ
364 1070 530 1121 τόπου
563 1070 746 1123 αὐτῶν
774 1071 902 1123 ἄνευ
949 1070 1106 1135 λόγου
1136 1071 1227 1122 τοῦ
1263 1071 1419 1124 Θεοῦ.
1456 1075 1657 1138 Μωσῆς
1686 1074 1795 1140 γὰρ

227 1158 434 1220 ἐλάλει,
466 1160 561 1210 καὶ
593 1162 621 1211 6
650 1160 780 1220 Θεὸς
811 1158 1137 1224 ἀπεκρίνετο
1158 1163 1327 1227 φωνῇ,
1352 1160 1496 1226 λέγει
1524 1163 1554 1228 ἡ
1581 1161 1789 1228 Γραφή.

226 1247 390 1299 Μετά
422 1248 553 1313 γοῦν
598 1248 707 1300 τῶν
768 1247 980 1299 πολλῶν
1012 1250 1332 1317 μαρτυριῶν
1369 1267 1427 1301 τε
1459 1254 1552 1303 καὶ
1584 1251 1793 1318 θαυμάο

223 1356 339 1390 των
370 1338 602 1402 ἐξέδωκε
632 1340 724 1391 τὸν
755 1341 917 1407 νόμον
946 1342 1059 1401 τοῖς
1099 1340 1390 1400 Ἰουδαίοις.
1427 1341 1517 1392 καὶ
1550 1341 1795 1403 ἐδέξανό

220 1430 407 1491 τοῦτο,
440 1432 534 1481 καὶ
570 1430 1006 1499 προσεκύνησαν,
1044 1430 1137 1481 καὶ
1176 1431 1482 1498 παρέλαϐον
1512 1432 1603 1483 τὸν
1640 1434 1789 1501 παρὰ

226 1522 326 1572 τοῦ
360 1522 603 1582 Μωσέως
656 1522 876 1575 δοθέντα
934 1522 1118 1588 νόμον,
1148 1525 1224 1583 ὡς
1278 1521 1370 1573 τοῦ
1403 1521 1537 1572 Θεοῦ
1597 1524 1783 1589 νόμον.

221 1607 433 1662 Ἦλθεν
490 1614 516 1664 6
546 1612 797 1680 Χριστὸς,
853 1612 947 1663 καὶ
988 1607 1098 1678 εἶχε
1155 1611 1252 1670 τὰς
1285 1610 1589 1678 μαρτυρίας
1641 1614 1789 1675 παρά

217 1704 447 1754 πάντων
494 1703 601 1755 τῶν
627 1702 941 1769 προφητῶν.
998 1703 1109 1754 Καὶ
1143 1704 1170 1752 6
1209 1701 1305 1769 μὲν
1339 1702 1577 1768 Mum;
1630 1700 1787 1752 ἔλαϐε

213 1791 319 1863 τὴν
341 1794 646 1863 μαρτυρίαν
663 1791 1140 1859 ὀγδοηκοντούτης,
1159 1791 1425 1843 τοσούτων
1458 1793 1549 1843 καὶ
1574 1792 1679 1859 γὰρ
1696 1792 1787 1842 εύ-

216 1884 447 1951 ρίσκετο
475 1884 633 1947 ἑτῶν,
668 1883 827 1935 ὁπότε
888 1881 1199 1951 προσετάγη
1233 1882 1383 1949 παρὰ
1410 1880 1546 1933 Θεοῦ
1586 1879 1779 1948 ἐξᾶραι

210 1977 344 2037 τοὺς
376 1974 529 2036 υἱοὺς
569 1974 782 2043 Ἰσραὴλ
825 1972 883 2035 ἐξ
911 1972 1186 2039 Δίγύπτου
1221 1987 1235 2003 ο
1278 1975 1304 2024 6
1329 1972 1385 2024 δὲ
1416 1970 1648 2040 Χριστὸς
1669 1967 1782 2038 εἶχε

209 2068 317 2128 τὰς
354 2066 665 2136 μαρτυρίας
723 2064 830 2118 ἀπὸ
886 2062 1193 2131 καταϐολῆς
1254 2062 1489 2129 κόσμου,
1530 2061 1665 2122 τέως
1721 2060 1778 2113 δὲ

210 2155 353 2225 πρὶν
406 2155 440 2223 ἢ
490 2153 819 2222 γεννηθῆναι
858 2150 1019 2204 αὐτόν
1048 2166 1063 2182 ο
1104 2151 1210 2202 ἀπὸ
1237 2150 1344 2219 γὰρ
1382 2148 1477 2201 τοῦ
1526 2147 1776 2217 Ἀϐραὰμ

206 2247 457 2315 ἤρξαντο
482 2244 878 2313 ἀναφαίνεσθαι
912 2245 966 2296 al
1023 2241 1119 2294 τοῦ
1154 2241 1392 2309 Χριστοῦ
1452 2241 1773 2311 μαρτυρίαι,

212 2335 404 2397 καθὼς
433 2337 491 2388 ὲν
521 2338 631 2398 τοῖς
679 2333 988 2405 ἔμπροσθεν
1034 2333 1429 2385 ἀποδέδεικται.
1489 2333 1777 2398 Γεννηθεὶς

205 2428 266 2480 δὲ
302 2427 468 2480 πάλιν
495 2425 850 2495 ἐμαρτυρήθη
918 2423 1015 2491 τὴν
1056 2425 1204 2493 παρὰ
1236 2424 1325 2476 τοῦ
1356 2424 1491 2476 Θεοῦ
1542 2426 1636 2477 καὶ
1668 2427 1781 2477 I13.-

204 2521 338 2589 τρδς
369 2517 677 2587 μαρτυρίαν
728 2516 881 2587 μίαν,
911 2518 1001 2569 καὶ
1022 2516 1124 2579 δίς.
1162 2516 1415 2583 Ἐποίησε
1440 2517 1494 2568 δὲ
1530 2518 1622 2569 καὶ
1646 2517 1775 2570 θαύ-

207 2621 360 2676 ματα
413 2610 475 2662 οὐ
531 2607 672 2661 κατὰ
718 2607 809 2660 τὸν
874 2607 1111 2661 Μωῦσέα
1156 2608 1212 2659 ἐν
1261 2605 1516 2676 Αἰγύπτῳ
1569 2609 1658 2659 καὶ
1706 2610 1768 2676 τῇ

205 2702 426 2770 ἐρήμῳ,
456 2699 589 2752 ἀλλὰ
623 2696 855 2767 μεγάλα,
886 2698 979 2751 κα)⁸
1018 2698 1158 2767 ὑπὲρ
1212 2696 1394 2762 φύσιν,
1431 2700 1523 2748 καὶ
1579 2696 1767 2748 τοσοῦ-

200 2806 297 2841 τον
330 2790 556 2842 ἐκείνων
584 2788 829 2857 μείζονα,
876 2785 1000 2838 ὅσον
1051 2785 1299 2853 διαφέρει
1330 2785 1595 2851 δεσπότης
1648 2783 1767 2835 δού-

1827 1847 1864 1900 Β

1901 639 2060 687 quam
2096 640 2193 692 per
2242 626 2599 693 quadraginta
2640 625 2741 680 hos
2775 641 2947 679 annos
2986 626 3161 679 locum
3212 637 3455 681 mutave-

1900 723 2026 765 runt
2071 714 2207 766 citra
2240 714 2332 766 Dci
2366 714 2670 768 oraculum.
2716 715 2892 769 Moses
2925 716 3071 769 enim
3108 715 3451 783 loquebatur,

1895 812 1946 853 et
1975 802 2115 855 Deus
2162 817 2296 856 voce
2328 818 2426 857 sua
2454 804 2756 873 respondit,
2786 813 2843 857 ut
2882 804 3163 872 Scriptura
3201 812 3452 859 testatur.

1897 888 2076 941 lllultis
2137 889 2304 957 igitur
2354 891 2682 945 testimoniis
2723 900 2778 945 et
2827 892 3102 945 miraculis
3136 893 3452 952 instructus,

1896 976 2065 1045 legem
2125 978 2367 1034 llehrzeis
2415 982 2557 1045 tulit,
2590 993 2643 1035 et
2677 982 2848 1047 legem
2883 981 2951 1035 ab
2989 982 3093 1034 hoc
3140 983 3326 1045 latam,
3355 998 3453 1037 ceu

1896 1065 2132 1118 divinam
2219 1079 2546 1135 receperunt
2608 1078 2663 1123 et
2719 1070 2961 1123 venerati
3024 1080 3172 1123 sunt.
3223 1071 3456 1126 Secutus

1898 1155 2043 1208 hunc
2075 1165 2159 1208 est
2188 1157 2460 1220 Christus,
2498 1160 2739 1212 omnium
2779 1160 3165 1229 prophetarum
3195 1162 3454 1229 probatus

1896 1246 2241 1301 testimoniis.
2282 1249 2347 1303 Et
2394 1250 2573 1303 Moses
2596 1250 2814 1317 quidem
2850 1252 3222 1306 testimonium
3254 1256 3453 1323 recepit

1890 1336 2002 1405 jam
2030 1340 2413 1407 octogenarius
2447 1348 2547 1402 (tot
2575 1341 2719 1394 enim
2744 1340 2855 1409 jam
2893 1355 3065 1395 annos
3104 1352 3261 1397 natus
3293 1354 3410 1397 erat
3434 1382 3450 1402 .

1892 1440 2015 1480 cum
2044 1444 2071 1481 a
2104 1429 2214 1482 Deo
2241 1438 2299 1481 ut
2323 1430 2573 1484 lsraelem
2608 1430 2838 1501 Egypto
2864 1432 3146 1495 educeret,
3176 1434 3454 1487 ordinare-

1894 1518 2034 1584 tur),
2070 1518 2321 1571 Christus
2351 1529 2531 1571 autem
2588 1521 2915 1573 testimoniis
2950 1522 3210 1589 probatus
3236 1520 3337 1573 fuit
3384 1524 3452 1575 ah

1892 1608 2008 1675 ipsa
2053 1608 2240 1661 mundi
2269 1608 2612 1671 fundatione,
2645 1620 2700 1663 et
2742 1613 3052 1679 priuSquam
3084 1613 3173 1665 ille
3204 1627 3452 1665 nascere-

1892 1707 2002 1751 tur.
2062 1694 2254 1751 Statim
2310 1699 2456 1753 enim
2502 1698 2737 1753 Abrahae
2796 1702 3132 1768 temporibus
3186 1703 3447 1756 declarari

1894 1797 2179 1855 coeperunt
2207 1789 2356 1845 illius
2390 1790 2699 1845 testimonia
2724 1831 2738 1855 ,
2776 1791 3231 1860 quemadmodum
3274 1795 3327 1845 in
3360 1808 3450 1846 su-

1893 1880 2199 1949 perioribus
2233 1880 2789 1934 demonstratumest.
2821 1881 2938 1935 Jam
2977 1896 3107 1934 vero
3150 1890 3330 1944 natus,
3358 1896 3445 1934 se-

1889 1969 1996 2023 mel
2040 1977 2203 2038 atque
2249 1970 2448 2022 iterum
2481 1968 2575 2023 Dei
2608 1969 2785 2023 Patris
2812 1969 3182 2023 testimonium
3216 1969 3441 2035 accepit.

1882 2058 2154 2113 Prmterea
2179 2059 2438 2113 miracula
2468 2074 2684 2128 quoque
2712 2059 2902 2123 edidit,
2934 2075 3040 2113 non
3076 2060 3238 2113 veluti
3272 2059 3445 2112 Moses

1880 2151 1936 2204 in
1960 2149 2193 2219 Egypto
2217 2160 2273 2205 et
2299 2151 2537 2217 deserto,
2557 2150 2649 2206 sed
2677 2152 2935 2220 ingentia,
2964 2160 3019 2205 et
3045 2166 3260 2205 omnem
3284 2166 3445 2217 supe-

1880 2241 2058 2295 rantia
2084 2252 2352 2305 naturam,
2376 2251 2633 2311 tantoque
2654 2243 2760 2296 illis
2783 2243 3008 2312 majora,
3032 2251 3235 2309 quanto
3267 2241 3443 2294 domi-

1879 2349 1983 2388 nus
2013 2349 2173 2389 servo
2202 2342 2285 2388 est
2320 2334 2689 2403 praestantior.
2719 2334 2787 2387 Et
2816 2341 2937 2402 post
2967 2332 3135 2385 multa
3160 2333 3259 2385 ista
3292 2331 3441 2385 testi-

1880 2426 2058 2478 monia
2089 2465 2102 2486 ,
2133 2434 2256 2494 post
2285 2424 2497 2479 intinita
2549 2433 2604 2478 ct
2637 2423 2757 2492 plus
2785 2440 2945 2493 quam
2979 2423 3242 2477 naturalia
3278 2422 3442 2477 mita-

1876 2518 2018 2579 cula,
2039 2515 2315 2583 Evangelii
2344 2515 2427 2570 lex
2456 2516 2790 2585 promulgata
2820 2524 2923 2569 est.
2947 2515 3246 2570 Colueruut
3271 2515 3434 2568 etiam

1876 2618 1929 2662 et
1965 2608 2225 2675 :uuplexae
2259 2616 2386 2662 sunt
2415 2609 2557 2662 hanc
2612 2622 2802 2662 omnes
2829 2618 3019 2677 gentes
3060 2617 3115 2661 et
3147 2606 3440 2661 universus

1877 2698 2048 2757 orbis,
2078 2700 2323 2767 atquein
2361 2698 2638 2755 Christum
2664 2700 3039 2766 crediderunt,
3066 2698 3159 2767 qui
3192 2699 3434 2766 Evange-

1875 2785 2008 2838 lium
2036 2786 2283 2844 dederat.

201 2884 325 2933 λου.
355 2881 464 2933 Καὶ
499 2879 639 2949 μετά
678 2879 777 2943 τὰς
847 2877 1047 2940 πολλὰς
1093 2877 1312 2937 ἐκείνας
1356 2876 1683 2944 μαρτυρίας,
1751 2876 1845 2927 καὶ
1884 2880 1948 2929 τὰ
1976 2878 2176 2948 ἄπειρα
2207 2881 2298 2932 καὶ
2320 2880 2468 2951 ὑπὲρ,
2496 2879 2655 2947 φύσιν
2706 2878 2958 2949 θαύματα
2989 2879 3174 2932 ἔκτοτε
3217 2878 3432 2949 ἐξεδόθη

198 2974 357 3029 ὀτοῦ
420 2973 749 3042 Εὐαγγελίου
806 2974 988 3044 νόμος,
1043 2973 1139 3026 καὶ
1194 2972 1609 3041 προσεκύνησαν
1676 2971 1767 3024 καὶ
1804 2974 2120 3043 ἠσπάσαντο
2177 2974 2337 3029 αὐτὸν
2367 2976 2543 3029 πάντα
2565 2977 2634 3029 τὰ
2665 2976 2991 3046 ἔθνη,πᾶσα
3049 2975 3431 3046 ήοξκουμένη,

199 3069 297 3120 καὶ
326 3067 651 3119 ἰπίστευσαν
675 3068 753 3129 είς
777 3067 869 3121 τὸν
900 3066 1153 3136 Χριστὸν,
1184 3066 1276 3119 τὸν
1308 3066 1464 3118 δόντα
1495 3065 1554 3118 τὸ
1594 3066 1944 3132 Εὑαγγὲλιον.

270 3163 337 3214 δ’.
379 3159 440 3213 '0
476 3160 533 3213 δὲ
575 3160 813 3228 Μωάμεθ
848 3161 1030 3213 οὐτοσὶ
1064 3160 1226 3213 πόθεν
1269 3157 1448 3213 λαϐὼν
1486 3159 1585 3221 τὰς
1629 3175 1765 3226 μαρ-
1791 3162 1832 3219 C

1791 3162 1832 3219 C
1933 3160 1985 3216 4.
2025 3162 2298 3219 Mabomet
2325 3171 2505 3218 autem
2538 3162 2737 3229 quibus
2770 3162 3094 3216 testimoniis
3121 3163 3431 3218 instructus

195 3253 417 3319 τυρίας,
447 3252 649 3317 ἐδίδαξε
672 3253 739 3305 τὰ
757 3252 999 3323 δόγματα
1020 3253 1160 3320 ἆπερ
1178 3252 1406 3317 ἐδίδαξε,
1425 3253 1517 3303 καὶ
1535 3251 1764 3314 ἐξέδωκε

196 3346 289 3398 τὸν
318 3346 481 3414 νόμον
512 3348 620 3407 τοῖς
648 3345 1119 3412 Μουσουλμὰνοις;
1158 3345 1380 3405 Πάντως
1422 3346 1521 3396 οῦκ
1546 3344 1766 3398 ἄλλοθεν

194 3438 227 3507 ἦ
258 3439 427 3500 αὑτίς
456 3439 544 3503 ἀφ’
569 3436 761 3489 ἑαυτοῦ
793 3438 939 3488 ἐστιν
964 3440 988 3486 ό
1009 3437 1302 3505 μαρτυρῶν
1321 3437 1449 3506 περὶ
1466 3437 1648 3488 αὐτοῦ.
1670 3437 1763 3497 Εἰς

193 3531 306 3598 γὰρ
325 3527 613 3595 πᾶσαντὴν
631 3528 779 3580 θείαν
805 3524 1025 3595 Γραφὴν
1052 3527 1148 3577 οὐκ
1182 3527 1591 3595 ἀναφαίνεταιή
1634 3529 1763 3595 περὶ

197 3620 369 3674 αὐτοῦ
405 3621 701 3687 μαρτυρία,
748 3619 882 3670 ἀλλὰ
915 3617 1240 3670 τούναντίον.
1293 3619 1350 3670 '0
1389 3621 1496 3686 γὰρ
1520 3618 1758 3686 Μωῦσῆς

192 3712 368 3775 οὕτως
383 3711 573 3781 εἴρηκε
595 3728 658 3763 πε
669 3711 718 3781 pl.
736 3711 829 3763 τοῦ
850 3709 1081 3779 Χριστοῦ
1108 3712 1239 3779 πρὸς
1259 3711 1347 3763 τὸν
1364 3711 1466 3763 τῶν
1497 3710 1757 3778 Ἐϐραίων

190 3801 345 3863 λαὸν,
364 3802 447 3853 ὅτι
474 3819 492 3851 ι
517 3801 835 3868 Ἀναστήσει
855 3800 1053 3867 Κύριος
1068 3800 1237 3859 όΘεὸς
1263 3801 1549 3870 προφήτην
1571 3802 1631 3853 ἐκ
1649 3802 1755 3854 τῶν

189 3889 442 3957 ἀδελφῶν
465 3888 621 3956 ἡμῶν
642 3888 713 3951 ὡς
733 3889 853 3956 ἐμὲ.
876 3890 1032 3941 Πᾶσα
1053 3887 1197 3957 ψυχὴ
1211 3889 1328 3957 ἥτις
1349 3890 1449 3940 ούκ
1465 3889 1754 3941 ἀκούσεται

192 3977 288 4030 τοῦ
352 3980 636 4048 προφήτου
705 3979 936 4043 ἐκείνου,
998 3978 1538 4047 ὲξολοθρευθήσεται.
1579 3998 1596 4030 ›
1637 3980 1752 4033 Κᾶν

189 4067 326 4133 γοῦν
378 4068 475 4120 καὶ
536 4069 592 4118 ὲν
621 4069 729 4129 τοῖς
789 4067 1096 4138 ἔμπροσθεν
1127 4069 1255 4137 περὶ
1281 4069 1472 4120 τούτου
1504 4071 1748 4138 εἴπομεν,

184 4158 430 4210 ἀλλὀὐκ
454 4159 763 4226 δκνήσομεν
814 4159 975 4210 πάλιν
1027 4160 1201 4210 εἰπεῖν
1236 4158 1361 4227 περὶ
1412 4160 1611 4212 αὐτῶν.
1662 4160 1749 4212 Ἑν

185 4251 298 4316 γὰρ
323 4250 399 4318 τῷ
430 4250 601 4301 εἰπεῖν
653 4249 743 4301 τὸν
801 4251 1087 4319 προφήτην
1124 4251 1385 4314 Μωῦσέα,
1417 4252 1500 4303 ὅτι
1537 4270 1553 4301 ι
1600 4252 1744 4321 Προ-

186 4344 368 4409 φήτην
397 4341 694 4410 ἀναστήσει
730 4340 938 4408 Κύριος
995 4344 1022 4393 ὁ
1071 4341 1201 4402 Θεὸς
1235 4342 1296 4392 ὲκ
1348 4341 1456 4393 τῶν
1506 4342 1746 4408 ἀδελφῶν

182 4430 365 4503 ήμῶν,
405 4449 422 4480 ι
461 4430 659 4495 ἔδειξεν
680 4430 760 4483 ὅτι
793 4431 855 4481 ὲκ
872 4431 981 4481 τῶν
1022 4429 1292 4483 Ἰουδαίων
1322 4431 1469 4482 ἐστὶν
1490 4433 1517 4482 6
1538 4433 1744 4499 μέλλων

1868 3249 2119 3319 dogmata
2181 3268 2279 3307 sua
2325 3252 2494 3314 dedit,
2538 3262 2593 3307 et
2634 3252 2988 3305 Musulmauis
3045 3252 3217 3320 legem
3274 3267 3429 3306 suam

1866 3342 2266 3411 promulgavit?
2304 3343 2518 3396 Nullius
2568 3351 2716 3395 certe
2783 3342 3011 3394 alterius
3081 3342 3426 3403 auctoritate,

1863 3432 1955 3487 sed
1991 3449 2086 3487 sua
2120 3434 2338 3503 propria
2376 3434 2514 3487 hanc
2546 3433 2762 3487 statuit.
2806 3434 2871 3486 Et
2911 3434 2999 3486 hic
3037 3434 3148 3501 ipse
3179 3444 3283 3507 est,
3331 3433 3425 3502 qui

1862 3523 1930 3577 de
1969 3538 2027 3578 se
2084 3524 2456 3578 testimonium
2508 3523 2635 3577 fert.
2690 3524 2746 3576 In
2777 3524 3028 3577 universa
3079 3525 3226 3577 enim
3268 3539 3427 3579 sacra

1862 3614 2147 3682 Scriptura
2192 3616 2400 3668 nullum
2449 3614 2514 3669 de
2552 3615 2644 3669 illo
2692 3624 2869 3668 exstat
2899 3614 3294 3678 testimonium,
3328 3616 3423 3668 sed

1858 3718 1979 3769 quae
2010 3704 2084 3757 illi
2114 3703 2389 3757 contraria
2424 3704 2554 3758 sint.
2590 3703 2766 3758 Moses
2803 3704 2948 3758 enim
2997 3702 3065 3758 dc
3106 3703 3322 3757 Christo
3356 3705 3421 3758 ad

1859 3792 2211 3845 Hebraeorum
2244 3794 2506 3861 populum
2538 3793 2617 3847 sic
2642 3795 2819 3847 dixit:
2858 3813 2874 3844 ι
2908 3793 3205 3847 δυεοῖιαιιίι
3236 3793 3420 3846 Demi-

1854 3899 1959 3937 nus
1996 3884 2137 3937 Deus
2187 3886 2504 3953 prophetam
2537 3901 2603 3940 ex
2649 3885 2907 3940 fratribus
2934 3886 3135 3940 nostris
3165 3894 3419 3953 tanquam

1854 3989 1963 4027 me.
2008 3972 2198 4028 Omnis
2247 3975 2429 4027 anima
2462 3991 2582 4044 quae
2620 3992 2724 4029 non
2774 3976 3047 4031 audiverit
3096 3976 3414 4045 prophetam

1854 4064 2025 4128 illum,
2059 4065 2476 4133 exstirpabitur.
2518 4084 2537 4118 ι
2582 4066 2643 4119 Et
2677 4067 2805 4120 licet
2842 4069 2897 4120 in
2939 4068 3316 4136 superioribus
3350 4067 3421 4120 de

1850 4155 1935 4207 his
1965 4154 2287 4220 dixerimus,
2319 4170 2426 4209 non
2459 4165 2638 4209 tamen
2672 4156 2877 4225 pigebit
2905 4156 2969 4210 de
3006 4157 3198 4210 iisdem
3232 4156 3416 4210 denuo

1849 4246 2051 4300 dicere.
2073 4247 2209 4301 Cum
2239 4248 2384 4300 enim
2419 4246 2596 4301 Moses
2626 4247 2887 4316 propheta
2918 4247 3082 4302 dicit:
3120 4266 3137 4299 ι
3172 4248 3416 4318 Prophe-

1847 4345 1954 4391 tam
1979 4337 2265 4391 suscitabit
2291 4337 2555 4390 Dominus
2580 4336 2721 4390 Deus
2745 4351 2811 4390 ex
2835 4337 3100 4391 fratribus
3130 4339 3352 4403 nostris,
3389 4360 3408 4391 ι

1846 4426 2173 4495 signiﬁcavit
2204 4444 2266 4481 ex
2314 4428 2515 4482 Judaeis
2564 4428 2710 4481 hunc
2750 4428 3067 4495 prophetam
3120 4431 3414 4483 oriundum

180 4500 359 4569 ἐλθεῖν
391 4518 695 4585 προφήτης.
728 4516 841 4568 Καὶ
871 4517 1079 4570 ἐκείνου
1130 4519 1472 4583 ἀκούσονται,
1502 4522 1660 4575 ἄλλον
1692 4523 1747 4574 δὲ
1775 4500 1825 4561 D

1775 4500 1990 4572 1)esse.
2045 4518 2111 4571 Et
2166 4520 2309 4572 hunc
2358 4518 2602 4579 audient,
2635 4517 2910 4584 aliumque
2942 4519 3251 4573 venientem
3303 4537 3412 4577 non

176 4609 430 4669 ἐλθόντος
459 4608 519 4659 οὐ
551 4606 945 4677 παραδέξονται
980 4608 1163 4673 αὑτὸν,
1217 4610 1351 4664 ἀλλὰ
1386 4614 1480 4665 καὶ
1530 4615 1747 4682 μακράν

174 4715 281 4751 που
334 4698 613 4762 διώξουσιν
664 4697 826 4751 αὐτὸν
860 4699 917 4763 ἐξ
977 4700 1177 4753 αὐτῶν.
1238 4702 1400 4769 Λέγει
1446 4706 1473 4755 6
1512 4704 1744 4773 Χριστὸς

174 4794 307 4862 περὶ
351 4792 601 4844 Ἰωάννου
629 4790 722 4845 τοῦ
756 4792 875 4845 υἱοῦ
904 4794 1197 4863 Ζαχαρίου,
1257 4797 1554 4865 μαρτυρῶν
1579 4797 1741 4851 αὑτὸν

172 4887 485 4952 προφήτην,
515 4885 611 4936 καὶ
647 4884 906 4952 μέγιστον
948 4885 1257 4954 προφήτην,
1288 4886 1384 4938 καὶ
1436 4881 1609 4954 λέγων
1656 4889 1739 4940 ὅτι

175 4991 194 5023 ι
229 4975 436 5035 Πάντες
459 4976 506 5025 οἱ
536 4972 819 5042 προφῆται
848 4973 952 5033 ἕως
994 4974 1237 5028 Ἰωάννου
1295 4977 1732 5046 προεφήτευσαν,

168 5063 282 5113 ἀπὸ
322 5062 377 5115 δὲ
410 5062 505 5114 τοῦ
548 5062 789 5116 Ἰωάννου
820 5064 852 5128 ἡ
897 5063 1139 5130 βασιλεία
1168 5065 1259 5116 τοῦ
1286 5066 1420 5118 Θεοῦ
1451 5069 1735 5135 εὐαγγελίο

168 5148 345 5208 (stat.
374 5165 393 5198 ι
448 5148 609 5216 Ὁρᾷς
638 5148 785 5209 ὅπως
819 5150 845 5198 6
881 5149 979 5216 μὲν
1019 5150 1257 5218 Μωῦσῆς
1285 5155 1621 5221 παρήγγειλε
1655 5155 1733 5224 τῷ

166 5240 315 5303 γένει
361 5238 473 5290 τῶν
526 5237 791 5306 Ἐδραίων
824 5239 911 5292 ἵνα
966 5240 1125 5309 μόνον
1168 5242 1255 5293 τὸν
1288 5243 1351 5293 ἐκ
1383 5244 1479 5297 τοῦ
1535 5248 1721 5311 γένους

167 5328 278 5378 τῶν
322 5328 589 5398 Ἐϐραίων
611 5328 832 5381 ἐλθόντα
872 5332 1158 5401 προφήτην
1187 5332 1464 5399 δέξωνται,
1493 5336 1649 5388 ἄλλον
1671 5337 1726 5389 δὲ

166 5417 453 5487 οὐδαμῶς
489 5417 647 5471 Ἀλλά
683 5420 777 5472 καὶ
802 5420 1003 5483 πάντες
1024 5422 1072 5473 oi
1100 5423 1376 5491 προφῆται
1429 5426 1491 5477 ἐκ
1514 5426 1604 5478 τοῦ
1634 5426 1724 5493 γέ-

163 5523 291 5569 νους
334 5507 449 5560 τῶν
518 5508 783 5562 Ἰουδαίων
830 5510 988 5565 είσίν.
1038 5512 1095 5564 ’0
1150 5512 1207 5563 δὲ
1263 5514 1498 5581 Χριστὸς
1558 5516 1721 5569 πάλιν

161 5594 549 5665 καθαρώτερον
576 5598 817 5666 εἴρηκεν,
844 5599 926 5652 ὅτι
956 5619 971 5651 ι
1012 5600 1217 5664 Πάντες
1239 5602 1291 5663 ,οἱ
1322 5604 1596 5671 προφῆται
1618 5605 1723 5668 ἕως

173 5683 441 5751 Ἰωάννου,
493 5684 590 5737 καὶ
644 5686 805 5740 πλέον
859 5689 997 5759 οὐχί.
1039 5708 1056 5742 ι
1095 5692 1191 5743 Διά
1248 5708 1325 5744 τοι
1358 5694 1511 5745 τοῦτο
1555 5698 1580 5748 6
1647 5699 1718 5765 μή

231 5817 279 5848 ⁸⁸
313 5818 503 5874 Matth.
536 5835 609 5889 Il,
646 5820 727 5883 12,
766 5823 844 5875 l5.

1848 4609 2133 4677 recipient,
2166 4610 2295 4677 quin
2330 4609 2519 4677 procul
2556 4608 2624 4661 ab
2665 4609 2793 4673 ipsis
2827 4608 3215 4663 exsibilabunt.
3249 4611 3413 4665 Chri-

1845 4710 1963 4754 stus
1984 4701 2247 4755 Joannem
2278 4700 2553 4752 Zacharice
2586 4700 2755 4751 lilium
2792 4700 3206 4767 prophetam,et
3238 4704 3412 4757 maxi-

1844 4808 1991 4846 mum
2042 4792 2365 4861 prophetam
2439 4791 2850 4851 testiﬁcaturus,
2918 4790 3095 4843 dicit:
3152 4808 3169 4841 ι
3211 4790 3414 4846 Omnes

1842 4882 2119 4950 propheta)
2164 4896 2335 4948 usque
2381 4880 2448 4933 ad
2491 4880 2753 4934 Joannem
2808 4880 3316 4948 prophetat/erunt,
3374 4899 3406 4936 a

1838 4972 2046 5027 Joanne
2107 4985 2236 5025 vero
2270 4984 2497 5039 regnum
2547 4968 2641 5024 Dei
2690 4971 3044 5023 annuntiatur
3067 4973 3131 5024 “.
3160 4990 3178 5022 ι
3214 4972 3409 5028 Jamuc-

1843 5063 2123 5131 intelligis,
2156 5060 2434 5131 quomodo
2478 5061 2653 5116 Moses
2698 5061 3007 5117 Judmorum
3040 5064 3240 5131 populo
3269 5081 3405 5133 pra:-

1841 5151 1997 5219 cipit,
2046 5162 2105 5205 ut
2134 5152 2353 5205 unicum
2384 5153 2760 5204 tantummodo
2792 5150 3142 5205 Hebraeorum
3191 5154 3406 5207 semine

1836 5251 2021 5296 natum
2076 5244 2402 5312 prophetam
2449 5243 2745 5311 recipiant,
2787 5242 2954 5296 alium
3012 5259 3142 5297 vero
3193 5261 3401 5315 nequa-

1832 5348 1993 5403 quam
2022 5334 2045 5386 ?
2072 5334 2462 5388 Verumtamen
2496 5348 2688 5386 omnes
2720 5334 2998 5402 prophetae
3026 5349 3053 5388 e
3084 5335 3399 5391 Iudaeorum

1832 5424 2035 5493 populo
2068 5425 2179 5478 nati
2214 5435 2361 5479 sunt.
2393 5424 2649 5479 Christus
2693 5436 2877 5479 autem
2922 5441 3116 5479 rursus
3150 5427 3251 5480 hoc
3282 5429 3396 5497 pla-

1831 5515 1952 5569 nius
1981 5515 2251 5585 exposuit,
2276 5515 2505 5570 iOmncs
2523 5515 2800 5584 prepheta:
2820 5530 2991 5585 usque
3016 5515 3081 5569 ad
3108 5514 3393 5580 Joannem,

1836 5616 1895 5662 et
1925 5608 2157 5661 ulterius
2185 5624 2293 5660 non
2322 5615 2529 5661 erunt.»
2565 5605 2906 5676 Quapropter
2931 5608 3023 5676 qui
3048 5607 3142 5661 Dei
3179 5616 3234 5661 et
3261 5624 3390 5676 pro-

1830 5699 2117 5767 phetarum
2176 5698 2487 5754 testimonio
2541 5697 2781 5751 caruerit
2879 5708 2931 5750 et
2998 5696 3171 5752 ipsius
3223 5711 3388 5753 sacra:
