4204 6444
196 424 296 485 515

1139 417 1437 475 CONTRA
1483 414 1969 475 ΜΛΗΟΜΕΤΕΜ
2012 413 2381 473 APOLOGIA
2424 412 2521 475 IV.

3331 415 3436 480 516

198 536 335 603 ἆττερ
358 531 425 584 τὰ
448 531 617 597 ἄλογα
640 530 751 594 ζῶα
777 529 923 597 νόμῳ
941 529 1157 596 φύσεως
1177 529 1239 578 οὐ
1265 525 1498 588 ποιοῦσι,
1522 530 1693 578 ταυτα
1723 525 1752 576 δ
1781 564 1789 584 λ

1889 534 1940 577 st
1978 526 2083 591 (est
2129 524 2273 576 enim
2331 523 2576 576 cordium
2608 523 2932 589 scrutator),
2975 539 3075 580 nec
3107 540 3432 595 personam,

196 625 435 694 Μωάμεθ
477 623 776 692 νομοθετεῖ.
811 622 906 683 Τίς
942 625 1050 688 γὰρ
1084 616 1187 671 εἶδε
1216 621 1407 671 λέοντα
1426 618 1614 670 λέοντα
1655 635 1757 685 φα-

194 719 330 782 γεῖν,
353 716 386 785 ἢ
408 714 609 781 ἄρκτον
633 711 906 781 ἀρκτον,ἢ
947 711 1217 776 πάρδαλιν
1250 708 1513 778 πάρδαλιν
1540 725 1553 771 ;
1587 701 1759 769 Οὗτος

197 804 248 855 δὲ
272 800 575 867 ἀναφανδὸν
602 801 838 853 διδάσκει
862 801 1106 866 φονεύειν
1124 800 1211 851 τὸν
1236 799 1518 866 ἄνθρωπον
1548 798 1758 864 ἀνθρω-

200 910 316 946 πον.
343 894 453 945 Καὶ
488 892 574 952 τίς
601 892 849 961 μάταιος,
877 892 1029 954 ὅστις
1079 890 1266 959 μέλλει
1305 889 1549 954 δέξεσθαι
1573 887 1761 940 τοῦτον

197 983 336 1036 εἶναι
356 982 463 1037 ἀπὸ
481 982 617 1035 Θεοῦ
634 1000 648 1046 ;
668 984 786 1036 οὐδὲ
807 983 916 1052 γὰρ
933 984 1185 1052 ἁρπαγὰς
1203 982 1295 1035 καὶ
1315 983 1505 1051 φόνους
1522 982 1762 1035 διδάσκει

196 1075 348 1137 Θεός,
384 1074 526 1142 Πρὸς
549 1074 606 1126 δὲ
639 1074 870 1138 τούτοις,
898 1070 987 1126 δτι
1009 1075 1105 1126 καὶ
1132 1073 1303 1126 κακία
1336 1073 1533 1134 κακίας
1564 1072 1763 1125 ἀλλάσο

203 1182 377 1218 σεται.
412 1166 579 1232 Λέγει
609 1166 739 1234 γὰρ,
771 1166 853 1217 ὅτι
888 1165 961 1217 Ἣ
1003 1165 1446 1228 ἀποθανέτωσαν,
1475 1163 1507 1234 ἦ
1558 1163 1761 1232 φόρους

197 1257 513 1317 διδότωσαν,
570 1256 663 1308 καλ⁵
720 1255 1045 1309 ἀλλάσσεται
1119 1256 1276 1323 φόνος
1331 1255 1762 1326 φιλοχρηματίᾳ.

197 1348 272 1399 Οὐ
310 1348 470 1415 μόνον
501 1347 557 1399 δὲ
594 1346 755 1415 μέχρι
786 1347 977 1399 τούτου
1006 1347 1040 1415 ἡ
1090 1347 1259 1399 κακία
1290 1346 1445 1415 ἔστη,
1497 1344 1634 1399 ἀλλά
1670 1344 1767 1398 καὶ

198 1440 512 1508 περαιτέρω
535 1438 764 1507 προέϐη.
816 1438 881 1490 Τί
912 1440 1019 1508 γὰρ
1070 1438 1168 1506 τῆς
1204 1440 1460 1509 τοιαύτης
1480 1438 1766 1509 ὠμότητος

199 1532 297 1602 καὶ
341 1530 756 1598 μισανθρωπίας
784 1531 964 1599 χεῖρον
1001 1529 1197 1596 γένοιτ’
1222 1529 1309 1595 ἂν,
1343 1530 1483 1583 ὥστε
1515 1529 1764 1598 φονεύειν

204 1623 375 1691 μηδὲν
407 1622 780 1692 ἠδικηκότας;
820 1621 917 1673 καὶ
948 1624 1056 1692 γὰρ
1080 1625 1280 1676 ὁπόταν
1308 1620 1585 1676 ἀπέλθωσι
1618 1623 1769 1675 Μου-

201 1714 499 1782 σουλμάνοι
535 1714 672 1783 πρὸς
729 1713 993 1782 πόλεμον,
1026 1714 1119 1766 καὶ
1170 1715 1228 1765 ὲν
1252 1713 1328 1782 τῷ
1362 1712 1584 1782 πολέμῳ
1630 1713 1770 1783 πέσῃ

199 1817 285 1862 τις
318 1800 379 1864 ἐξ
418 1801 615 1865 αὐτῶν,
671 1800 730 1852 οὐ
770 1800 1069 1869 λογίζονται
1126 1803 1350 1863 ἑαυτοὺς
1402 1801 1586 1866 ἀξίους
1627 1801 1769 1870 μέμ-

1864 615 1957 669 scd
1994 629 2091 668 cor
2124 614 2368 683 respicit.
2404 615 2471 668 Et
2499 631 2619 683 qure
2652 615 2814 668 bruta
2845 615 3100 671 animalia
3131 632 3227 686 per
3263 618 3437 687 legem

1867 715 2075 761 naturae
2117 722 2227 759 non
2276 705 2505 769 iaciunt,
2553 721 2616 759 ca
2664 705 2881 777 legibus
2926 707 3092 777 exigit
3138 708 3436 765 Maliomet.

1863 794 1998 859 Quis
2045 797 2193 850 enim
2240 798 2454 850 leonem
2491 810 2520 849 a
2551 797 2710 851 leone
2756 797 3011 854 devorari
3043 800 3201 864 vidit,
3235 810 3330 855 aut
3358 802 3430 855 ab

1865 899 1995 939 urso
2023 900 2235 949 ursum,
2272 894 2367 938 aut
2393 899 2420 938 a
2448 884 2659 954 pardali
2697 886 2961 954 pardalim
2985 889 3008 942 ?
3034 889 3134 945 llic
3167 905 3297 944 vero
3327 905 3440 943 ma-

1865 973 2062 1029 nifeste
2109 973 2340 1035 homini,
2383 983 2443 1028 ut
2476 974 2756 1029 hominem
2796 976 3035 1042 occidat,
3072 979 3339 1049 praecipit.
3372 980 3439 1033 Et

1865 1064 1990 1132 quis
2018 1072 2125 1117 tam
2154 1077 2350 1127 vanus,
2378 1071 2433 1116 ut
2464 1064 2609 1118 hunc
2631 1079 2661 1118 a
2692 1063 2803 1118 Deo
2832 1079 2953 1119 esse
2983 1068 3298 1123 crediturus
3326 1067 3442 1122 sit?

1868 1154 2010 1209 Deus
2033 1154 2179 1208 enim
2210 1154 2434 1222 rapinas
2465 1164 2521 1209 et
2561 1154 2737 1209 credes
2767 1169 2876 1208 non
2906 1157 3175 1227 praecipit.
3211 1157 3293 1212 Ad
3324 1158 3439 1212 lure

1867 1247 2048 1301 scelus
2091 1245 2286 1301 sceleri
2320 1254 2686 1315 permutatur.
2723 1246 2867 1302 Dicit
2896 1247 3043 1301 enim
3105 1266 3119 1303 :
3177 1249 3287 1303 Aut
3321 1264 3411 1303 mo

1868 1338 2101 1401 riantur,
2181 1344 2275 1389 aut
2330 1337 2595 1390 tributum
2641 1337 2875 1394 solvant.
2948 1337 3041 1394 Sic
3084 1338 3231 1393 enim
3266 1340 3442 1394 caedis

1868 1436 2214 1498 permutatur
2242 1426 2494 1482 avaritia.
2518 1427 2638 1482 Non
2667 1436 2848 1482 tamen
2881 1428 3024 1483 inter
3050 1430 3151 1485 bos
3175 1431 3442 1485 terminos

1870 1518 2049 1572 scelus
2072 1516 2346 1581 consistit,
2376 1517 2470 1571 sed
2509 1517 2827 1573 extenditur
2854 1518 3093 1587 longius.
3124 1519 3266 1585 Quid
3293 1520 3445 1574 enim

1874 1618 2027 1663 tanta
2079 1608 2406 1663 crudelitate
2458 1616 2514 1661 et
2561 1609 2690 1664 odio
2742 1609 3237 1681 humani'generis
3288 1613 3446 1682 pejus

1872 1708 1977 1760 est,
2005 1708 2065 1753 ut
2093 1699 2261 1753 etiam
2295 1698 2419 1753 illos
2458 1699 2721 1765 trucidet,
2752 1700 2844 1768 qui
2879 1701 3017 1753 nihil
3049 1702 3177 1755 mali
3207 1703 3448 1755 adurim-

1875 1791 2047 1846 runt?
2080 1789 2134 1845 Si
2177 1791 2325 1843 enim
2381 1790 2745 1846 Musulmanis
2789 1792 2843 1846 in
2895 1792 3101 1847 bellum
3160 1793 3446 1862 profectis,

198 1893 372 1959 ψεως,
396 1893 470 1954 ὠς
509 1892 718 1956 αἰτίους
777 1894 874 1947 τοῦ
907 1894 1171 1963 πολέμου,
1202 1894 1316 1947 ἀλλ’
1340 1895 1432 1947 ἐπὶ
1477 1895 1539 1948 τὸ
1576 1893 1772 1963 νεκρὸν

1888 1881 2072 1949 aliquis
2113 1880 2334 1935 illorum
2379 1879 2666 1944 ceciderit,
2700 1896 3051 1950 nequaquam
3100 1884 3333 1951 scipsos,
3388 1893 3449 1935 ut

202 1986 368 2053 σῶμα
402 1983 495 2036 τοῦ
550 1986 900 2049 πεπτωκότος
934 1988 1229 2055 σφάττουσι
1260 1986 1467 2051 ζῶντας
1514 1987 1672 2049 ὅσους
1708 1987 1773 2039 ἂν

198 2074 405 2143 δυνηθῇ
438 2073 688 2139 ἕκαστος,
719 2076 811 2129 καὶ
852 2076 975 2128 ὅσον
1014 2075 1228 2138 πλείους
1269 2077 1491 2139 κτείνει,
1519 2074 1774 2127 τοσοῦτον

201 2164 479 2230 ὠφέλειαν
507 2164 781 2231 λογίζεται
809 2166 907 2233 τῆς
936 2166 1031 2219 τοῦ
1065 2167 1360 2229 τεθνεῶτος
1388 2166 1585 2234 ψυχῆς.
1630 2165 1694 2219 Ei
1727 2164 1774 2218 δ’

200 2257 338 2319 ἴσως
370 2258 479 2309 αύκ
504 2257 618 2327 ἔχει
647 2258 843 2321 αὐτοὺς
874 2259 953 2321 είς
988 2258 1239 2323 ἐξουσίαν
1271 2257 1440 2312 αὐτοῦ
1463 2260 1490 2311 ὁ
1512 2257 1776 2327 βουλόμε-

199 2366 294 2411 νος
331 2348 595 2418 βοηθῆσαι
628 2352 693 2419 τῇ
710 2349 804 2402 τοῦ
826 2349 1116 2414 τεθνεῶτος
1146 2350 1317 2420 ψυχῇ,
1340 2349 1618 2414 ὲξωνεῖται
1643 2350 1778 2420 Χρι-

200 2438 484 2505 στιανοὺς,
510 2439 665 2508 εἴπερ
690 2439 861 2508 εὖροι,
890 2442 985 2492 καὶ
1024 2440 1055 2510 ἢ
1111 2441 1296 2494 ἐπάνω
1323 2441 1415 2494 τοῦ
1447 2440 1641 2510 νεκροῦ
1673 2440 1777 2493 σώ-

203 2545 381 2597 ματος
424 2529 647 2595 σφάττει
673 2530 895 2595 αὐτοὺς,
925 2531 957 2601 ἢ
992 2531 1083 2588 ἐπὶ
1120 2532 1198 2600 τῷ
1220 2532 1376 2600 τάφῳ
1400 2530 1587 2584 αὑτοῦ.
1618 2532 1728 2584 Καὶ
1751 2531 1778 2582 ὁ

198 2617 385 2671 ταῦτα
439 2619 745 2687 νομοθετῶν
798 2620 914 2682 πῶς
952 2621 1058 2673 ἀπὸ
1111 2620 1289 2686 Θεοῦ;
1323 2623 1444 2674 Ἔτι
1496 2620 1779 2690 νομοθετεῖ

200 2709 288 2761 ὅτι
329 2709 389 2760 '0
417 2709 536 2771 δοὺς
568 2713 633 2780 τῇ
663 2711 839 2781 πόρνῃ
870 2712 1151 2780 μίσθωμα,
1206 2715 1299 2766 καὶ
1336 2711 1621 2782 κοιμηθεὶς
1659 2712 1776 2779 μετ’

200 2802 381 2869 αὐτῆς
412 2802 509 2871 οὐχ
559 2802 888 2871 ἁμαρτάνει.
936 2805 1043 2856 Καὶ
1069 2808 1095 2857 ό
1128 2804 1452 2873 βιασάμενος
1503 2802 1772 2872 παρθένον

206 2893 548 2961 ἁμαρτάνει,
575 2894 602 2944 ὁ
631 2894 687 2946 δὲ
728 2894 868 2963 μετά
912 2896 1009 2963 τῆς
1043 2895 1316 2962 θελήσεως
1362 2895 1530 2963 αὐτῆς
1576 2911 1778 2965 κοιμη-

206 2984 330 3045 θεὶς
366 2983 486 3051 μετ’
509 2983 678 3051 αὐτῆς
708 2985 807 3052 οὐχ
844 2984 1171 3052 ἁμαρτάνει.
1217 2986 1326 3035 Καὶ
1355 2984 1449 3037 ὲάν
1501 2982 1779 3051 αίχμαλω-

207 3074 371 3134 τίδας
430 3090 514 3137 τις
575 3074 711 3144 λάϐῃ
761 3077 818 3127 ὲν
881 3076 1121 3144 πολέμῳ,
1163 3074 1373 3139 ἔξεστιν
1429 3072 1577 3141 αύτῷ
1608 3075 1781 3126 ποιεῖν

207 3166 303 3217 ἐπ’
340 3165 528 3227 αὐταῖς
555 3165 581 3216 ὃ
605 3164 853 3233 βούλεται
906 3164 1222 3226 ἀκωλύτως.
1274 3166 1331 3216 Ὀ
1363 3165 1493 3231 γοῦν
1525 3164 1777 3233 πορνείας

206 3259 311 3311 καὶ
343 3256 815 3326 παρθενοφθορίας
841 3256 1149 3325 νομοθετῶν
1182 3254 1296 3317 πῶς
1326 3256 1434 3308 ἀπὸ
1469 3254 1642 3319 Θεοῦ;
1676 3256 1779 3306 Καὶ

201 3349 272 3400 τὸ
312 3347 377 3415 δὴ
403 3346 700 3417 χείριστον,
755 3346 840 3398 ὄτι
878 3346 1006 3409 τοὺς
1058 3346 1199 3398 κατά
1253 3346 1350 3415 τὴν
1378 3345 1650 3415 ἀποδοχὴν
1688 3344 1783 3397 τοῦ

202 3440 350 3493 Θεοῦ
386 3441 873 3509 περιπατήσαντας
933 3440 990 3491 ἐν
1045 3438 1122 3506 τῷ
1177 3439 1405 3508 παρόντι
1446 3439 1600 3491 αἰῶνι
1646 3438 1785 3507 μετὰ

200 3537 314 3603 τὴν
366 3532 574 3585 ἐνθένδε
634 3530 933 3583 ἀποδίωσιν
992 3530 1173 3583 αὐτῶν
1211 3532 1411 3601 λουτρά
1466 3532 1556 3583 καὶ
1602 3531 1786 3591 οἴκους

202 3624 568 3693 περικαλλείς
626 3623 720 3675 καὶ
751 3623 1041 3690 ,γυναῖκας
1101 3624 1406 3693 παρθένους
1454 3623 1538 3675 ὅτι
1587 3623 1787 3684 πολλρς

204 3715 564 3781 ὑπισχνεῖται
629 3710 951 3780 δοθήσεσθαι
1001 3712 1084 3764 ἐνὶ
1143 3712 1358 3778 ἑκάστῳ
1418 3713 1569 3781 παρὰ
1629 3709 1784 3764 Θεοῦ.

199 3808 326 3860 Καὶ
352 3806 490 3874 ὅπερ
528 3805 577 3855 οἱ
628 3803 743 3855 τῶν
801 3802 1204 3872 εξδωλολατρῶν
1264 3802 1532 3871 Ἑλλήνων
1592 3803 1790 3870 ὀνομα-

198 3897 443 3963 ζόμενοι
476 3894 715 3960 θεολόγοι
764 3893 864 3945 οὐκ
915 3887 1089 3955 εἷπον,
1138 3891 1258 3944 οὐδὲ
1317 3891 1571 3961 ἐνόμισαν
1619 3886 1786 3955 εἶναι,

194 3987 393 4039 ταῦτα
427 3984 457 4035 ὁ
480 3982 722 4051 Μωάμεθ
747 3982 1256 4051 ἀνακεκαλυμμένῳ
1284 3980 1361 4050 τῷ
1393 3979 1678 4051 προσώπῳ
1701 3997 1788 4033 νο-

196 4077 472 4147 μοθετεῖ.
515 4073 745 4127 Ἐκεῖνοι
786 4072 894 4141 γὰρ
951 4071 1093 4125 οὕτω
1127 4072 1400 4139 λέγουσιν,
1436 4072 1517 4124 ὅτι
1578 4072 1627 4124 σί
1692 4071 1791 4140 μὲν

195 4169 404 4230 καλῶς
459 4167 646 4220 ἐνθάδε
681 4165 997 4235 βιώσοντες,
1048 4165 1187 4217 ὲπάν
1220 4163 1534 4217 ἀποθάνωσι
1568 4163 1664 4216 καὶ¹
1693 4180 1793 4215 κα-

194 4260 408 4330 θαρῶς
435 4258 867 4327 ἀποδημήσωσιν
897 4256 951 4310 al
1006 4256 1178 4325 ψυχαὶ
1226 4256 1333 4309 ἀπὸ
1358 4257 1466 4309 τῶν
1500 4257 1789 4325 σωμάτων,

188 4357 302 4416 είς
354 4352 484 4413 τοὺς
537 4349 692 4411 θεοὺς
749 4349 1107 4417 ἀπέρχονται,
1170 4353 1266 4402 καὶ
1319 4350 1455 4416 μετὰ
1492 4349 1600 4401 τῶν
1649 4348 1789 4401 θεῶν

186 4442 573 4512 εὑρίσκονται
618 4441 697 4500 είς
732 4440 829 4502 τὰς
854 4441 961 4492 τῶν
995 4441 1260 4509 μακάρων
1289 4443 1508 4510 νήσους,
1554 4439 1648 4491 καὶ
1674 4438 1790 4509 μετ’

1878 1972 2001 2026 belli
2034 1980 2308 2036 auctores,
2338 1969 2816 2039 reprehendendos
2846 1970 3181 2037 existimant,
3220 1970 3316 2027 sed
3357 1986 3452 2025 su-

1879 2078 1975 2132 per
2022 2062 2190 2117 occisi
2226 2062 2461 2117 cadaver
2499 2062 2701 2132 singuli
2752 2071 2831 2116 tot
2862 2062 3110 2118 viventes
3149 2063 3450 2125 trucidant.

1877 2167 2009 2223 quot
2035 2155 2322 2222 acquirere
2348 2153 2571 2208 licuerit
2598 2172 2612 2207 :
2643 2164 2695 2208 et
2732 2170 2841 2223 quo
2880 2155 3003 2224 plus
3030 2155 3353 2218 occiderint,
3385 2169 3453 2208 co

1879 2246 2049 2315 magis
2088 2246 2257 2300 occisi
2317 2246 2555 2299 animam
2611 2254 2805 2316 putant
2830 2261 2952 2300 esse
2987 2246 3253 2316 adjutam.
3294 2245 3451 2313 Quod

1878 2339 1923 2392 si
1956 2352 2087 2392 vero
2122 2335 2380 2391 homines
2409 2338 2664 2407 proprios
2689 2353 2801 2393 non
2839 2338 3119 2404 habuerit,
3145 2338 3240 2407 qui
3284 2338 3453 2392 occisi

1878 2428 2117 2481 animam
2160 2426 2355 2496 juvare
2390 2426 2568 2496 cupit,
2615 2425 2959 2482 Chrisrianos
3004 2427 3323 2496 ubicunque
3369 2427 3457 2480 in-

1882 2524 2072 2572 ventos
2114 2516 2269 2582 emit,
2319 2531 2526 2585 eosque
2558 2526 2652 2571 aut
2685 2531 2853 2585 super
2882 2531 3086 2585 corpus
3128 2516 3329 2581 occisi,
3361 2525 3458 2570 aut

1882 2624 2047 2678 super
2077 2609 2393 2677 sepulcrum
2428 2607 2575 2661 illius
2598 2608 2833 2677 jugulat.
2864 2607 2931 2660 Et
2957 2623 2985 2661 a
3018 2609 3129 2663 Deo
3154 2623 3274 2664 esse
3306 2609 3459 2664 dice-

1885 2710 1992 2767 tur,
2045 2701 2136 2770 qui
2192 2701 2320 2754 talia
2364 2699 2580 2771 legibus
2630 2700 2746 2755 suis
2795 2701 3029 2756 statuit?
3073 2701 3223 2757 Idem
3278 2702 3454 2757 dicit:

1889 2811 1906 2843 ι
1946 2791 2049 2857 Qui
2081 2807 2204 2846 cum
2230 2800 2413 2845 scorto
2443 2791 2701 2847 mercede
2732 2793 2911 2846 soluta
2938 2792 3324 2854 concubuerit,
3345 2805 3457 2847 non

1883 2891 2113 2954 peccat;
2150 2890 2207 2936 at
2236 2882 2328 2951 qui
2360 2883 2632 2952 virginem
2666 2883 2721 2936 vi
2754 2882 3065 2950 violaverit,
3104 2893 3332 2955 peccat;
3362 2885 3459 2954 qui

1883 2983 2068 3029 autem
2104 2986 2231 3027 cum
2265 2972 2356 3027 illa
2388 2973 2497 3028 sibi
2528 2974 2911 3031 consentiente
2938 2976 3319 3041 concubuerit,
3347 2990 3458 3030 non

1885 3075 2093 3135 peccat.
2136 3065 2204 3120 Et
2232 3065 2327 3135 qui
2379 3065 2627 3135 captivas
2681 3066 2733 3120 in
2776 3066 2921 3124 bello
2953 3068 3184 3136 ceperit,
3236 3067 3321 3121 his
3358 3081 3459 3137 pro

1889 3173 1987 3211 sua
2034 3155 2266 3211 libidine
2311 3156 2464 3211 nullo
2539 3156 2865 3226 prohibente
2908 3166 3111 3212 utatur.
3172 3158 3460 3225 Quomodo

1889 3248 2057 3318 igitur
2090 3247 2204 3302 Deo
2235 3256 2464 3302 auctore
2512 3246 2567 3301 id
2624 3246 2813 3314 faciet,
2862 3248 2957 3316 qui
3009 3247 3374 3303 scortationes
3406 3256 3466 3302 et

1888 3343 2165 3411 virginum
2205 3341 2531 3396 violationes
2585 3340 2800 3410 legibus
2844 3339 3174 3395 conﬁrmat?
3204 3341 3273 3395 Et
3314 3341 3463 3410 quod

1886 3440 2047 3507 longe
2073 3435 2519 3491 scelestissimum
2541 3444 2647 3502 est,
2678 3436 2764 3490 his
2786 3436 2879 3505 qui
2896 3437 3049 3507 juxta
3074 3437 3169 3492 Dei
3192 3446 3464 3507 praecepta

1891 3535 1944 3587 in
1990 3532 2095 3585 hoc
2124 3530 2324 3584 saeculo
2355 3529 2612 3597 vixerint,
2662 3529 2769 3586 illis
2815 3530 3046 3599 singulis
3080 3542 3203 3599 post
3248 3531 3461 3585 obitum

1890 3629 2134 3694 ipsorum
2166 3622 2358 3676 balnea
2384 3631 2440 3676 et
2467 3621 2685 3685 domus,
2719 3632 2995 3690 augustas,
3022 3620 3281 3677 mulieres
3309 3623 3470 3678 deni-

1891 3726 1997 3783 que
2027 3722 2082 3766 et
2111 3710 2353 3780 virgines
2396 3726 2559 3780 quam
2589 3709 2854 3779 plurimas
2885 3724 2913 3763 ο
2946 3708 3062 3766 Deo
3098 3711 3308 3767 dandas
3347 3711 3467 3767 fore

1892 3806 2206 3876 promittit;
2256 3812 2311 3858 et
2356 3802 2502 3872 quod
2549 3802 2957 3858 idolol‘atrarun.
3016 3802 3326 3859 Graecorum
3368 3819 3469 3858 no-

1893 3896 2083 3951 minati
2127 3896 2365 3965 theologi
2415 3896 2600 3951 dicere
2649 3910 2750 3951 nec
2803 3896 2920 3951 ausi
2969 3904 3133 3961 sunt,
3180 3910 3285 3951 nec
3341 3896 3469 3950 talia

1892 4002 2014 4044 esse
2044 3988 2420 4053 crediderunt,
2454 3986 2572 4042 haec
2601 3986 2876 4043 Mahomet
2912 3994 3104 4057 aperto
3133 4001 3228 4042 ore
3254 3986 3469 4057 legibus

1896 4080 2013 4133 suis
2067 4077 2282 4133 sancire
2337 4093 2442 4131 non
2496 4077 2790 4132 erubescit.
2851 4076 2916 4130 lli
2972 4077 3113 4132 enim
3194 4076 3469 4137 sentiunt,

1894 4168 2042 4239 quod
2076 4169 2171 4239 qui
2194 4170 2365 4223 vitam
2397 4182 2551 4222 suam
2583 4167 2814 4223 honeste
2845 4167 2899 4221 in
2930 4166 3035 4222 hoc
3060 4166 3267 4222 mundo
3292 4176 3471 4222 trans-

1897 4259 2131 4329 egeriut,
2166 4274 2313 4324 cum,
2343 4268 2468 4326 post
2489 4258 2696 4312 obitum
2733 4259 3001 4328 ipsorum,
3025 4254 3219 4311 animas
3252 4257 3468 4311 illorum

1896 4366 2032 4420 pure
2067 4365 2097 4405 a
2130 4351 2453 4419 corporibus
2497 4350 2742 4404 liberatas
2786 4350 2921 4412 sint,
2960 4357 3090 4404 tunc
3118 4362 3211 4404 eos
3245 4348 3300 4402 in
3338 4348 3472 4403 deo-

1898 4454 2019 4494 rum
2075 4454 2363 4493 numerum
2426 4437 2658 4504 referri,
2706 4440 2959 4509 interque
3004 4439 3128 4494 illos
3168 4440 3475 4494 fortunatus

184 4534 404 4590 αὐτῶν
461 4531 921 4598 συναγάλλονται·
958 4532 1067 4584 τῶν
1094 4532 1150 4584 δὲ
1204 4532 1390 4594 κακῶς
1423 4531 1610 4584 ἐνθάδε
1663 4530 1785 4599 βιω⁸

1900 4528 2107 4583 insulas
2155 4528 2418 4593 incolere,
2468 4536 2524 4581 et
2576 4542 2701 4582 cum
2755 4528 2864 4583 illis
2908 4528 3209 4582 exsultare.
3268 4526 3473 4580 Eorum

185 4628 461 4688 σάντων,
499 4624 594 4677 καὶ
620 4623 970 4693 ἀκαθάρτων,
1002 4626 1094 4678 καὶ
1152 4624 1576 4694 μεμολυσμένων
1625 4622 1793 4676 ἀπελ-

180 4722 452 4782 θόντων,
483 4717 538 4769 αἱ
569 4715 773 4770 τούτων
804 4716 975 4785 ψυχαὶ
1025 4718 1104 4778 είς
1137 4715 1398 4785 ζοφώδεις
1434 4714 1529 4767 καὶ
1584 4730 1793 4766 σκοτει-

176 4810 349 4872 νοὺς
384 4806 719 4876 ἀπέρχονται
751 4808 975 4871 τόπους,
1006 4807 1100 4861 καὶ
1150 4808 1231 4869 είς
1260 4806 1351 4859 τὸν
1409 4804 1653 4875 ποταμὸν
1695 4802 1788 4856 τὸν

178 4898 734 4968 Πυριφλεγέθοντα.

279 4993 378 5058 ς’,
437 4992 547 5044 Καὶ
597 4992 645 5042 ol
685 4991 781 5059 μὲν
834 4988 1506 5060 είδωλολάτραιἝλληνες
1571 4994 1791 5062 λέγουσι

1901 4634 2031 4674 vero
2078 4618 2174 4688 qui
2241 4619 2408 4687 impie
2458 4618 2550 4674 hic
2596 4620 2884 4682 viventes,
2937 4619 3154 4689 impure
3206 4619 3367 4673 simul
3420 4629 3477 4673 et

1904 4708 2111 4778 pollute
2148 4707 2413 4773 obierint,
2448 4709 2661 4763 animas
2691 4707 2746 4761 in
2781 4707 3048 4762 obscuros
3072 4716 3126 4762 et
3162 4706 3476 4762 tenebrico-

1904 4815 1996 4853 sos
2023 4800 2174 4853 locos
2202 4798 2514 4866 discedere,
2542 4809 2597 4855 et
2632 4800 2688 4854 in
2714 4798 2941 4854 ﬂuvium
2974 4800 3254 4869 perpetuis
3278 4798 3478 4854 arden—

1904 4902 2012 4945 tem
2047 4891 2285 4960 ignibus.

1979 5006 2030 5058 6.
2078 5006 2145 5059 Et
2176 5005 2289 5059 haec
2320 5005 2541 5073 quidem
2566 5006 2863 5061 idololatria
2882 5007 3055 5063 Graeci
3090 5009 3331 5064 tradunt.
3365 5011 3479 5065 Ma-

172 5089 398 5141 ταῦτα
423 5099 436 5113 ⁸
482 5087 510 5136 δ
541 5081 595 5134 δὲ
619 5080 862 5149 Μωάμεθ
894 5082 1007 5143 πῶς
1042 5079 1300 5150 ὀνομάζει
1334 5084 1523 5136 ἑαυτὸν
1574 5086 1795 5154 090060—

176 5185 325 5247 ξον,
377 5178 471 5229 καὶ
495 5172 723 5242 πλησίον
757 5171 850 5226 τοῦ
884 5173 1017 5226 Θεοῦ
1054 5175 1482 5242 εὐρισκόμενον;
1517 5177 1678 5243 Λέγει
1706 5183 1801 5231 καὶ

170 5269 513 5341 νομοθετεῖ
558 5264 782 5318 τοιαῦτα
838 5266 1169 5335 ἀτοπήματα
1226 5268 1448 5335 αἰσχρά.
1514 5269 1628 5321 Ούκ
1686 5270 1800 5339 ἔχει

168 5358 535 5425 ἐνθύμησιν
564 5354 700 5415 ὅλως
753 5352 836 5403 ὅτι
870 5351 1044 5405 ταῦτα
1077 5354 1251 5406 πάντα
1291 5354 1462 5423 ὀργῆς
1508 5358 1601 5407 καὶ
1664 5359 1798 5410 ἀπο-

170 5448 476 5522 στροφῆς
517 5445 681 5512 ἔργα,
739 5446 833 5497 καὶ
888 5443 989 5511 τῆς
1052 5445 1327 5513 ἁμαρτίας
1384 5448 1803 5516 ἁποτελὲσματά

170 5551 349 5599 εἰσι,
392 5539 507 5608 Πρὸ
548 5537 658 5604 γὰρ
690 5535 787 5605 τῆς
850 5534 1214 5603 παραῦάσεως
1262 5537 1354 5588 καὶ
1401 5539 1676 5606 ἁμαρτίας
1708 5541 1801 5592 τοῦ

182 5634 417 5700 Ἀδὰμ
445 5627 550 5681 ποῦ
609 5627 847 5694 λουτρά;
880 5624 981 5679 ποῦ
1031 5626 1167 5688 ὅλως
1217 5628 1529 5697 οἱκήματας
1590 5630 1693 5683 ποῦ
1747 5634 1803 5685 αἱ

170 5721 431 5783 πολλαὶ
462 5720 765 5787 γυναῖκεςς
837 5717 999 5771 Ἀλλά
1061 5718 1197 5786 μετά
1231 5720 1330 5785 τὴν
1392 5720 1669 5786 ἁμαρτίαν
1703 5724 1798 5775 καὶ

167 5825 299 5891 τὴν
340 5815 607 5884 κατάραν
643 5811 917 5883 ἐπανέστη
946 5811 1005 5866 τδ
1030 5811 1187 5880 σῶμα
1213 5810 1401 5880 ὥσπερ
1432 5812 1619 5884 θηρίον
1655 5816 1797 5869 κατὰ

1908 5095 2094 5149 homet
2150 5110 2326 5158 vero,
2381 5096 2475 5164 qui
2541 5111 2597 5149 se
2667 5096 3015 5151 orthodoxou
3074 5112 3195 5154 esse
3253 5107 3309 5154 et
3368 5101 3480 5155 Dee

1910 5187 2221 5254 proximum
2290 5186 2454 5250 dicit,
2520 5186 2834 5256 liujusmodi
2888 5188 3126 5241 absurda
3180 5198 3236 5243 et
3300 5191 3481 5260 turpia

1908 5275 2123 5343 legibus
2153 5274 2493 5328 constituit?
2524 5276 2743 5328 Minime
2774 5285 2922 5330 certe
2972 5277 3296 5347 perpendit,
3333 5282 3482 5349 quod

1909 5365 2093 5417 omnia
2139 5364 2257 5418 haee
2298 5365 2433 5428 odii,
2476 5366 2568 5419 ira:
2597 5374 2654 5420 et
2686 5366 2895 5435 peccati
2942 5365 3169 5421 eil'ectus
3228 5368 3357 5422 sint.
3395 5368 3484 5424 Si-

1911 5455 2133 5519 quidem
2195 5466 2321 5510 ante
2372 5456 2564 5510 Adami
2621 5458 3145 5524 transgressionem,
3196 5459 3291 5513 ubi
3349 5469 3481 5515 tunc

1914 5549 2144 5602 balnea?
2190 5548 2279 5602 ubi
2312 5548 2546 5603 domus?
2576 5548 2665 5602 ubi
2691 5548 2989 5603 mulieres?
3038 5549 3172 5604 Post
3196 5559 3481 5620 peccatum

1915 5650 2046 5690 vero
2082 5647 2135 5690 et
2162 5637 2601 5692 maledictionem
2632 5677 2644 5701 .
2666 5652 2879 5707 corpus
2907 5646 3098 5693 contra
3128 5640 3364 5693 animam
3396 5640 3482 5691 iu-

1909 5734 2022 5778 star
2056 5724 2183 5779 lene
2229 5726 2512 5794 cujusdam
2550 5726 2847 5781 insurrexit
2880 5741 2896 5781 :
2929 5734 2985 5779 et
3016 5740 3143 5779 cum
3174 5725 3292 5780 haec
3322 5725 3485 5779 absu-

1907 5817 2020 5871 luta
2047 5817 2137 5873 Dei
2188 5817 2629 5875 consideratione
2671 5827 2906 5885 careret,
2945 5830 3146 5887 corpus
3175 5814 3331 5886 vicit,
3364 5819 3483 5870 aui-
