4204 6450
196 391 298 453 549
1140 392 1433 451 CONTRA
1480 393 1531 450 Μ
1548 387 1856 448 ΑΗΟΜΕΤ

1772 386 1971 447 ΕΤΕΜ
2010 386 2383 447 APOLOGIA
2429 387 2517 448 IV.
3325 386 3432 453 550

192 502 357 567 ἄνδρα
382 499 479 567 τὴν
507 500 757 564 γυναῖκα.
814 499 973 551 Ἀλλὰ
1012 501 1103 551 καὶ
1150 501 1308 551 τοῦτο
1342 502 1477 567 pati
1524 501 1620 569 τὴν
1666 517 1765 551 κα·
1800 505 1842 558 Α

1800 505 1842 558 Α
1876 510 2074 550 uxores
2106 498 2308 565 plures,
2341 496 2643 565 domusque
2680 495 2906 565 pulchre
2954 498 3255 553 instructm.
3287 501 3432 568 Quo-

193 592 366 658 τάραν
392 590 604 655 ἐγένενο
628 590 715 641 διὰ
743 590 841 656 τὴν
876 590 1246 655 τεκνογονίαν,
1299 590 1373 651 ὼς
1409 591 1645 657 εἴρηται.
1696 589 1755 640 '0

1864 587 2026 639 modo
2056 588 2220 655 igitur
2246 603 2274 639 a
2298 587 2409 639 Deo
2434 588 2599 641 fuisse
2624 587 2860 649 dicetur,
2885 590 2975 655 qui
3001 590 3125 643 talia
3147 591 3429 645 instituit?

192 682 250 734 δὲ
280 680 524 748 Μωάμεθ
566 679 808 732 διδάσκει
852 680 1156 748 ἀναφανδὸν
1205 681 1287 731 ὅτι
1343 681 1375 748 ὴ
1414 682 1564 748 παρὰ
1622 675 1757 731 Θεοῦ

196 774 310 831 τοῖς
375 770 609 832 δικαίοις
665 770 1021 831 ἀνταπόδοσις
1080 768 1282 838 λουτρὰ
1344 772 1439 824 καὶ
1496 770 1759 838 γυναῖκες

200 862 399 915 πολλαὶ
423 862 505 915 ἐνὶ
537 863 772 931 ἑκάστῳ,
801 862 897 915 καὶ
924 858 1063 913 οἴκοι
1122 860 1493 930 περικαλλεῖς.
1544 860 1604 913 '0
1629 859 1760 927 γοῦν

192 952 367 1004 ταῦτα
428 952 739 1020 νομοθετῶν
798 951 916 1014 πῶς
974 952 1083 1004 ἀπὸ
1140 951 1316 1018 Θεοῦ;
1352 952 1596 1012 Μὰταιος
1642 950 1754 1003 δὲδ

194 1041 369 1093 ταῦτα
394 1042 837 1109 παραδεχόμενος
876 1042 969 1093 καὶ
1018 1041 1290 1094 πιστεύων
1341 1045 1423 1095 ὅτι
1452 1043 1511 1094 τὸ
1542 1040 1761 1109 γεγονὸς

194 1132 260 1182 δι’
292 1130 464 1199 ὀργὴν
497 1131 576 1199 τῷ
635 1131 944 1201 ἁμαρτωλῷ
991 1133 1530 1196 πολλαπλασιάζεται
1589 1135 1645 1183 ἐν
1681 1133 1760 1201 τῷ

194 1222 373 1289 καιρῷ
402 1223 499 1288 τῆς
530 1223 957 1289 μισθαποδοσίας
985 1225 1077 1277 τοῦ
1104 1225 1270 1277 καλοῦ
1298 1226 1391 1277 καὶ
1412 1224 1616 1291 ἀγαθοῦ
1649 1227 1763 1286 τοῖς

193 1314 371 1377 ἁγίοις
390 1314 484 1363 καὶ
515 1314 763 1374 δικαίοις.
789 1313 897 1365 Καὶ
920 1316 1183 1383 πρόσεξον
1204 1316 1270 1366 τὰ
1289 1316 1568 1381 γεγονότα.
1600 1314 1761 1381 Λέγει

191 1406 218 1453 ὁ
240 1404 509 1468 Μωῡσῆς,
551 1420 570 1452 ι
613 1404 720 1453 Καὶ
749 1404 961 1471 εἰσῆλθε
994 1404 1115 1457 Νῶε
1147 1406 1225 1466 εἰς
1260 1404 1355 1474 τὴν
1387 1404 1636 1470 κιϐωτὸν,
1671 1404 1764 1456 καὶ

191 1495 241 1544 οἱ
271 1498 377 1544 υἱοὶ
406 1496 594 1557 αὐτοῦ,
628 1498 715 1545 καί
741 1497 771 1563 η
798 1496 935 1563 γυνὴ
959 1497 1144 1557 αὐτοῦ,
1171 1499 1261 1548 καὶ
1288 1500 1343 1549 αἱ
1375 1499 1629 1563 γυναῖκες
1658 1495 1765 1547 τῶν

193 1581 326 1632 υἱῶν
358 1580 552 1633 αὐτοῦ.
588 1600 605 1633 ι
641 1578 770 1634 Εἶτα
797 1583 966 1647 λέγει,
999 1599 1017 1631 ι
1064 1583 1171 1636 Καὶ
1200 1584 1388 1652 ἐξῆὶθε
1424 1583 1549 1635 Νῶε
1576 1585 1639 1635 ὲκ
1665 1583 1763 1645 τῆς

190 1670 432 1722 κιϐωτοῦ
463 1672 557 1722 καὶ
586 1673 618 1735 ἠ
646 1674 782 1740 γυνὴ
814 1671 979 1723 αὐτοῦ
1014 1675 1106 1725 καὶ
1138 1675 1185 1725 οἱ
1245 1677 1351 1727 υἱοὶ
1383 1675 1545 1727 αὐτοῦ
1579 1674 1671 1726 καὶ
1702 1674 1756 1725 αἱ

190 1762 455 1824 γυναῖκες
484 1776 590 1809 των
618 1759 748 1811 υἱῶν
795 1759 982 1813 αὑτοῦ.
1013 1779 1032 1812 ι
1078 1762 1187 1813 Καὶ
1217 1764 1295 1825 εἰς
1347 1764 1443 1831 μὲν
1492 1763 1588 1831 τὴν
1620 1763 1760 1815 είσέ-

190 1850 374 1901 λευσιν
406 1852 578 1917 λέγει,
608 1870 625 1902 ι
650 1850 899 1919 Ἐίσῆλθε
924 1852 1047 1903 Νῶε
1070 1854 1163 1905 καὶ
1187 1855 1234 1905 ol
1258 1854 1419 1906 αὑτοῦ
1441 1856 1534 1906 καὶ
1562 1857 1592 1923 ἡ
1618 1856 1753 1924 γυνὴ
1791 1829 1835 1885 Β

190 1944 361 1994 αὑτοῦ
390 1947 480 1997 καὶ
516 1944 571 1994 αἱ
600 1946 855 2008 γυναῖκες
880 1942 990 1994 τῶν
1019 1943 1151 1995 υίῶν
1182 1944 1347 1997 αὐτοῦ
1371 1961 1386 1976 ο
1428 1964 1445 1996 ι
1472 1946 1548 2008 είς
1578 1946 1632 1998 δὲ
1664 1944 1762 2015 τὴν

189 2034 472 2097 ἐξὲλευσιν
494 2034 587 2101 οὺχ
625 2032 819 2095 οὕτως,
847 2033 963 2085 ἀλλ’
995 2052 1012 2084 ι
1038 2033 1259 2101 Ἑξῆλθε
1291 2036 1409 2089 Νῶε
1441 2038 1539 2088 καὶ
1566 2037 1598 2105 ἡ
1622 2036 1761 2102 γυνὴ

191 2120 358 2173 αὑτοῦ
398 2122 495 2172 καὶ
528 2123 577 2173 οἱ
607 2122 713 2172 υἱοὶ
751 2120 916 2173 αὑτοῦ
969 2122 1064 2173 καὶ
1096 2124 1153 2173 αἱ
1189 2125 1446 2188 γυναῖκες
1489 2125 1598 2175 τῶν
1633 2124 1764 2174 υἱῶν

189 2214 353 2266 αὑτοῦ
394 2212 510 2279 μετ’
544 2213 704 2264 αὑτοῦ
729 2228 741 2242 °
786 2231 805 2264 ι
848 2213 1059 2275 πάντως
1109 2214 1265 2265 οὐδὲν
1302 2213 1489 2281 ἕτερον
1534 2212 1762 2282 δηλοῦν-

187 2322 280 2367 τος
322 2304 417 2355 τοῦ
473 2304 631 2370 λόγου
691 2304 724 2372 ἢ
758 2304 841 2356 ὅτι
898 2305 999 2357 κᾶν
1053 2303 1149 2356 καὶ
1179 2303 1306 2371 μίαν
1338 2304 1432 2356 καὶ
1459 2305 1626 2373 μόνην
1667 2321 1763 2371 γυ-

187 2399 352 2449 ναῖκα
384 2396 531 2446 ἔστιν
565 2395 673 2447 ἀπὸ
703 2396 914 2446 δικαίου
963 2395 1108 2465 ἔχειν
1169 2395 1261 2448 τὸν
1294 2396 1599 2465 ἄνθρωπον,
1648 2397 1763 2450 ἀλλ’

187 2485 341 2535 ἐστιν
371 2485 460 2536 ὅτε
486 2484 579 2535 καὶ
606 2484 775 2550 αὐτῆς
799 2485 1096 2551 ἀπέχεσθαι
1133 2486 1341 2554 πρέπον
1362 2487 1528 2540 ἐστίν.
1548 2486 1635 2540 Ἐν
1658 2489 1765 2557 γὰρ

187 2575 267 2641 τῷ
295 2575 489 2637 εἰπεῖν,
522 2576 603 2625 ὅτι
658 2592 675 2624 ι
715 2572 941 2642 Εἰσῆλθε
976 2575 1099 2626 Νῶε
1129 2577 1212 2636 εἰς
1260 2576 1358 2644 τὴν
1390 2576 1639 2638 κιϐωτὸν,
1672 2580 1765 2628 καὶ

190 2666 241 2715 οἱ
272 2666 384 2716 υἱοὶ
420 2664 605 2730 αὐτοῦ,
638 2683 656 2715 ι
693 2665 861 2730 ἔδειξε
894 2667 1018 2727 τοὺς
1050 2667 1197 2728 υἱοὺς
1230 2667 1395 2719 αὑτοῦ
1432 2664 1541 2720 οἷόν
1563 2684 1614 2719 τι
1649 2669 1765 2721 δια-

189 2753 456 2821 τείχισμα
485 2753 717 2820 χωρίζον
747 2753 837 2804 τὸν
871 2753 993 2805 Νῶε
1028 2755 1133 2805 ἀπὸ
1162 2755 1260 2822 τῆς
1288 2756 1544 2821 γυναικὸς
1580 2756 1765 2809 αὐτοῦ.

204 2845 297 2897 Ἐν
339 2845 396 2895 δὲ
440 2843 517 2910 τῷ
565 2846 764 2907 εἰπεῖν,
798 2844 880 2897 ὅτι
925 2862 944 2894 ι
1000 2844 1221 2914 Ἐξῆλθε
1255 2847 1379 2899 Νῶε
1438 2848 1531 2901 καὶ
1564 2849 1594 2914 ἡ
1623 2844 1761 2915 γυνὴ

191 2933 386 2995 αὑτοῦ,
426 2950 443 2981 ι
478 2932 675 2996 ἔδειξεν
724 2932 808 2985 ὅτι
861 2932 971 2985 ἀπὸ
1033 2933 1129 2985 τοῦ
1180 2934 1332 2986 οὐδέν
1378 2936 1495 2985 ἐστι
1539 2934 1599 2985 τὸ
1656 2951 1764 2985 κω-

192 3026 327 3078 λύον
356 3023 607 3077 ένοῦσθαι
637 3027 701 3092 τῇ
738 3024 933 3077 ἑαυτοῦ
974 3024 1219 3092 γυναικί.
1262 3024 1317 3077 '0
1342 3025 1385 3075 δ’
1410 3025 1569 3086 αὐτὸς
1612 3024 1766 3091 λόγος

1861 674 2002 740 Quin
2031 677 2196 730 etiam
2229 692 2400 731 vanus
2434 686 2538 740 est,
2589 677 2680 747 qui
2716 678 2841 733 talia
2875 678 3089 747 recipit,
3117 682 3426 752 creditquc,

1865 767 2010 835 quod
2044 782 2107 821 ea
2148 782 2269 835 quas
2302 768 2396 822 Dei
2443 767 2521 823 ira
2557 770 2832 837 peccatori
2865 784 3023 839 poena
3049 773 3254 837 evenit,
3296 783 3429 828 tem-

1863 873 2000 927 pore
2057 857 2438 914 retributionis
2472 860 2526 913 in
2577 860 2703 913 boni
2759 872 2815 914 et
2868 862 3082 916 honesti
3122 864 3429 919 mercedem

1864 948 2068 1001 sanctis
2124 948 2399 1016 justisque
2484 949 2862 1018 multipliciter
2911 953 3269 1007 rctribuatur.
3322 954 3425 1009 Sed

1863 1036 2084 1089 attende
2132 1037 2216 1089 his
2260 1053 2381 1104 qua:
2435 1038 2570 1091 facta
2601 1047 2749 1092 sunt.
2797 1039 2935 1094 Dicit
2956 1040 3130 1095 Moses
3161 1060 3174 1095 :
3205 1061 3221 1093 ι
3250 1042 3317 1096 Ει
3350 1044 3431 1096 in-

1863 1141 2081 1195 gressus
2111 1136 2195 1179 est
2233 1127 2344 1180 Noe
2370 1128 2421 1181 in
2448 1144 2645 1192 arcam,
2678 1140 2728 1182 et
2762 1128 2855 1182 ﬁlii
2885 1130 3022 1197 ejus,
3047 1138 3101 1184 ct
3127 1146 3263 1184 uxor
3288 1133 3423 1201 ejus.

1862 1228 1918 1271 et
1968 1233 2166 1272 uxores
2212 1219 2447 1273 ﬁliorum
2499 1222 2761 1276 ῙΙΙῙιιε⁸⁰.›
2801 1222 2865 1274 Et
2888 1233 3074 1288 postea
3103 1223 3275 1278 dicit:
3310 1242 3328 1274 ι
3359 1223 3425 1276 Ει

1863 1306 2028 1359 exivit
2058 1306 2169 1360 Noe
2198 1308 2265 1360 de
2299 1324 2449 1371 arca,
2496 1318 2549 1361 et
2589 1324 2725 1361 uxor
2764 1313 2915 1378 ejus,
2966 1320 3021 1363 et
3047 1312 3142 1365 lilii
3178 1311 3345 1373 illius,
3376 1322 3429 1363 et

1865 1417 2060 1456 uxores
2089 1404 2324 1457 ﬁliorum
2364 1404 2617 1458 illius"°.i
2658 1405 2834 1474 Atque
2864 1406 2915 1459 in
2947 1405 3174 1460 introitu
3208 1406 3425 1473 quidem

1867 1492 2046 1545 dicit:
2085 1512 2103 1543 ι
2140 1494 2422 1562 Ingressus
2465 1506 2544 1548 est
2578 1496 2711 1555 Noe,
2766 1506 2821 1549 et
2867 1496 2960 1549 ﬁlii
3000 1497 3138 1565 ejus,
3183 1506 3237 1549 ct
3293 1508 3433 1548 uxor

1866 1580 2051 1642 illius.
2084 1591 2138 1634 et
2182 1597 2382 1635 uxores
2428 1582 2662 1637 ﬁliorum
2708 1584 2906 1638 illius.»
2950 1586 3007 1638 ln
3050 1601 3269 1655 egressu
3300 1602 3430 1638 vero

1866 1684 1972 1723 non
2004 1670 2101 1728 sic.
2132 1670 2248 1731 sed,
2291 1689 2308 1720 ι
2330 1670 2591 1739 Egressus
2620 1681 2703 1725 est
2733 1673 2867 1735 Noe,
2914 1681 2969 1726 et
3003 1690 3139 1727 uxor
3170 1676 3312 1742 ejus,
3369 1686 3427 1726 et

1868 1758 1967 1811 lilii
1996 1757 2160 1820 illius,
2195 1766 2249 1811 et
2282 1774 2483 1813 uxores
2519 1761 2751 1814 liliorum
2792 1763 2940 1815 illius
2971 1778 3095 1816 cum
3132 1778 3233 1827 eo;
3266 1782 3284 1814 ι
3317 1779 3427 1816 non

1866 1849 2011 1903 aliud
2042 1850 2300 1903 nimirum
2333 1850 2434 1903 hac
2457 1851 2715 1919 loquendi
2748 1852 2915 1922 ﬁgura
2955 1853 3207 1918 innuens,
3261 1868 3425 1922 quam

1867 1940 2014 2007 quod
2046 1939 2250 2007 justum
2285 1955 2611 2009 acquumque
2669 1942 2776 2003 sit,
2824 1943 3001 1995 Virum
3038 1958 3199 1995 unam
3228 1943 3429 1996 habere.

1864 2043 2117 2083 uxorem.
2145 2030 2532 2084 Verumtamen
2569 2040 2781 2099 tempus
2805 2032 3099 2101 aliquando
3130 2032 3344 2092 incidit.
3370 2042 3429 2085 ut

1866 2120 2028 2174 etiam
2053 2121 2120 2175 ab
2144 2120 2234 2174 illa
2267 2122 2540 2177 abstinere
2575 2126 2882 2178 conveniat.
2918 2124 3054 2179 Cum
3083 2126 3229 2180 enim
3250 2126 3428 2180 Moses

1868 2210 2068 2279 inquit,
2113 2229 2129 2261 ι
2160 2211 2435 2282 Ingressus
2470 2214 2689 2268 estNoé
2715 2215 2767 2267 in
2801 2232 3002 2280 aream,
3037 2229 3085 2271 et
3124 2218 3218 2271 lilii
3246 2220 3423 2286 ejus,o

1867 2300 2010 2356 ﬁlios
2050 2301 2196 2354 illius
2225 2316 2324 2355 ceu
2363 2316 2581 2355 murum
2626 2303 2973 2373 interposuit,
3007 2308 3186 2375 ipsum
3218 2307 3332 2360 Noe
3358 2308 3427 2357 ab

1865 2405 2035 2445 uxore
2083 2406 2180 2446 sua
2235 2401 2599 2459 separantem.
2645 2394 2782 2447 Dum
2830 2411 2957 2449 vero
2991 2411 3210 2451 rursum
3252 2396 3425 2449 dicit:

1873 2480 2184 2549 «Egressus
2241 2490 2325 2535 est
2369 2482 2482 2535 Noe
2539 2493 2594 2536 et
2642 2499 2780 2537 uxor
2828 2485 2972 2539 illius
3001 2504 3018 2537 ι
3076 2487 3426 2557 signiﬁcavit.

1867 2573 2011 2642 quod
2052 2572 2271 2627 abhinc
2318 2573 2452 2627 nihil
2486 2574 2761 2642 impediat,
2806 2579 3101 2643 quominus
3128 2578 3283 2631 uxori
3318 2593 3429 2631 suae

1867 2666 2249 2735 coniungatur.
2282 2667 2487 2721 Eadem
2518 2668 2681 2721 etiam
2713 2670 2851 2722 ratio
2876 2680 2959 2723 est
2986 2669 3226 2724 ﬁliorum
3261 2670 3427 2731 illius.

1867 2764 1921 2809 et
1949 2771 2179 2810 uxorum
2211 2756 2447 2809 illorum.
2488 2758 2651 2811 Porro
2682 2770 2737 2812 et
2770 2759 2881 2827 ipse
2906 2758 3079 2812 Moses
3111 2759 3162 2813 in
3186 2768 3430 2813 montem

1869 2847 2015 2903 Sinai
2046 2862 2395 2911 ascensurus,
2424 2847 2640 2901 Judaeos
2688 2848 2768 2901 sic
2800 2848 3091 2916 compellat
3123 2865 3135 2900 :
3188 2867 3206 2899 ι
3235 2849 3433 2903 Puriﬁ-

1867 2947 1984 2991 cate
2016 2952 2115 2991 vos
2150 2938 2296 3005 ipsos
2328 2937 2528 3006 singuli
2559 2952 2730 3006 usque
2762 2938 2828 2991 ad
2860 2939 3082 2992 tertium
3114 2938 3259 2993 dicm
3284 2980 3297 3001 ,
3354 2942 3432 2993 la-

1867 3037 2059 3082 vantes
2088 3027 2408 3081 vestimenta
2433 3037 2705 3090 vestra,et
2736 3043 2956 3083 uxorem
2982 3044 3048 3084 ne
3079 3031 3426 3099 tangatis'h

194 3120 318 3171 ἐστὶ
353 3118 603 3187 καὶπερὶ
652 3117 761 3168 τῶν
812 3116 946 3168 υἱῶν
998 3115 1184 3179 αὑτοῦ,
1234 3117 1327 3168 καὶ
1352 3116 1461 3168 τῶν
1489 3116 1762 3182 γυναικῶν
1794 3153 1837 3210 c

1794 3153 1837 3210 ο
1870 3120 2008 3185 Quin
2044 3128 2099 3172 et
2132 3118 2245 3188 ipse
2276 3118 2446 3171 Adam
2479 3133 2602 3172 cum
2626 3118 2790 3172 Evam
2818 3119 3063 3180 vidisset,
3088 3120 3246 3186 dixit,
3278 3118 3432 3174 illam

194 3210 406 3261 αὐτῶν.
476 3207 638 3259 Ἀλλὰ
698 3208 789 3259 καὶ
819 3205 982 3268 αὐτὸς
1022 3208 1051 3257 ὁ
1078 3207 1313 3273 Μωῡσῆς
1353 3207 1445 3256 ἐπὶ
1476 3208 1568 3257 τοῦ
1607 3204 1767 3274 ὅρους

195 3301 295 3354 τοῦ
332 3301 464 3352 Σινᾶ
490 3298 851 3367 ἀνερχόμενος
880 3297 1077 3351 οὑτωσί
1129 3313 1260 3366 φησι
1299 3299 1410 3359 τοῖς
1471 3296 1765 3359 Ἰουδαίοις,

203 3413 223 3444 σ
274 3390 565 3458 Ἀγνίσατε
619 3390 843 3450 ἑαυτοὺς
890 3388 1116 3449 ἕκαστος
1145 3388 1249 3449 ἕως
1288 3387 1477 3455 τρίτης
1537 3387 1765 3453 ἡμέρας,

198 3485 499 3542 πλύναντες
522 3482 587 3532 τὰ
629 3482 820 3550 ἱμάτια.
860 3480 1034 3547 ὑμῶν,
1083 3482 1176 3530 καὶ
1234 3476 1491 3544 γυναικὸς
1525 3476 1597 3545 μὴ
1624 3476 1765 3545 ἅψη-

198 3575 318 3626 σθε.
359 3591 379 3623 ι
437 3573 508 3624 Οὐ
573 3571 677 3640 μὴι
727 3570 862 3623 ἀλλὰ
914 3570 1007 3621 καὶ
1054 3570 1214 3630 αὐτὸς
1270 3568 1437 3635 Ἀδὰμ
1494 3567 1591 3637 τὴν
1628 3565 1770 3620 Εὕαν

198 3666 561 3732 θεασάμενος,
596 3663 765 3724 οὕτως
829 3662 1075 3731 εἴρηκεν,
1112 3680 1130 3712 ι
1173 3660 1318 3729 Αὕτη
1375 3661 1523 3712 ἐστὶν
1576 3658 1769 3711 ὀστοῦν

198 3758 267 3806 ἐκ
294 3755 404 3805 τῶν
432 3754 633 3805 ὀστέων
674 3770 798 3820 μου,
824 3753 945 3809 ,καὶ
977 3751 1112 3821 σὰρξ
1147 3753 1209 3803 ἐκ
1261 3753 1357 3819 τῆς
1409 3750 1611 3820 σαρκός
1642 3767 1766 3820 μου.

199 3850 440 3898 Ἕνεκεν
487 3847 677 3897 τούτου
725 3844 1039 3912 καταλείψει
1087 3845 1369 3913 ἄνθρωπος
1417 3845 1508 3895 τὸν
1561 3847 1771 3913 πατέρα

197 3938 394 4000 αὑτοῦ,
470 3941 563 3991 xui.
611 3939 709 4006 τὴν
756 3938 987 4007 μητέρα,
1065 3939 1158 3989 καὶ
1235 3934 1771 4005 προσκολληθήσεται

194 4032 348 4102 πρὸς
408 4032 509 4098 τὴν
569 4032 801 4097 γυναῖκα
861 4026 1048 4092 αὑτοῦ,
1098 4030 1431 4081 καὶὲσοιται
1490 4030 1536 4080 oi
1569 4027 1661 4081 δύο
1692 4028 1773 4089 εἰς

197 4126 388 4189 σάρκα
421 4123 567 4189 μίαν.
604 4138 621 4171 ι
666 4122 775 4172 Καὶ
822 4120 1095 4189 πρόσσχες
1150 4120 1295 4179 ὅπως
1331 4118 1468 4186 μετὰ
1508 4117 1599 4170 τοῦ
1635 4120 1771 4186 ἑφα-

198 4215 421 4281 μὰρτου
470 4211 655 4262 καὶτὸ
698 4208 893 4278 εὔηθες
934 4211 1197 4275 κέκτηται
1256 4210 1291 4275 ἡ
1344 4207 1673 4276 πολυγαμία.
1708 4206 1771 4263 Ὀ

194 4308 318 4373 γὰρ
376 4303 549 4368 Ἀδὰμ
589 4301 690 4353 οὐκ
721 4296 894 4361 εἶπεν,
927 4302 1008 4352 ὅτι
1043 4300 1293 4352 Ἔσονται
1352 4298 1541 4350 πολλαὶ
1586 4300 1640 4350 αἱ
1676 4315 1772 4364 γυ-

195 4398 392 4451 ναῖκες
427 4392 565 4456 μετᾶ
599 4391 690 4443 τοῦ
723 4392 913 4459 ἀνδρὸς
948 4393 1025 4450 εἰς
1059 4392 1239 4458 σάρκα
1291 4390 1439 4457 μίαν,
1492 4388 1629 4441 ἀλλὰ
1659 4388 1771 4448 δύο,

194 4486 487 4537 τουτέστιν
530 4484 558 4533 ὁ
594 4483 731 4551 ἀνὴρ
760 4485 855 4534 καὶ
892 4482 925 4550 ὴ
973 4480 1162 4533 τούτου
1201 4481 1361 4549 γυνή.
1428 4478 1540 4532 Μία
1586 4479 1642 4531 δὲ
1684 4481 1775 4531 καὶ
1808 4478 1851 4532 D

808 4485 855 4534 ιι
892 4482 925 4550 ὴ
973 4480 1162 4533 τούτου
1201 4481 1361 4549 γυνή.
1428 4478 1540 4532 Μία
1586 4479 1642 4531 δὲ
1684 4481 1775 4531 καὶ
1808 4478 1851 4532 D
1880 4488 2099 4543 scopum
2127 4472 2404 4540 implendo
2456 4490 2468 4525 :

193 4577 405 4628 πολλαὶ
425 4576 489 4627 οὑ
516 4573 736 4625 ταυτόν.
790 4571 854 4624 Et
879 4571 923 4624 δ’
956 4571 1084 4632 ἴσως
1112 4571 1204 4622 καὶ
1243 4572 1270 4622 ὁ
1325 4569 1620 4637 νομοθέτης
1650 4572 1777 4622 Μω-

194 4670 307 4736 σῆς
363 4665 592 4715 ἐνέδωκε
619 4666 730 4725 τοῖς
776 4662 1050 4723 Ἰουδαίοις
1103 4646 1247 4729 ἔχειν
1276 4659 1373 4712 ἕνα
1419 4660 1648 4712 ’ἑκαστον
1678 4676 1776 4727 γυ-

192 4761 426 4819 ναῖκας,
486 4754 946 4822 συγκαταόἀσεως
994 4753 1181 4805 ἕνεκεν
1251 4750 1410 4805 τοῦτο
1452 4751 1772 4821 πεποίηκεν,

189 4848 399 4913 ῶσπερ
463 4847 556 4896 καὶ
594 4845 686 4896 ἐπὶ
732 4844 831 4912 τῆς
890 4842 997 4894 τῶν
1047 4842 1201 4905 ζώων
1259 4842 1472 4906 θυσίας,
1540 4842 1625 4892 ἵνα
1680 4840 1781 4907 τῆς

195 4938 415 5007 μιαρᾶς
448 4933 732 5005 ἀπαλλάξῃ
790 4933 985 4994 αὐτοὺς
1020 4932 1128 4984 τῶν
1175 4932 1382 4984 παίδων
1448 4928 1778 4998 μιαιφονίας.

206 5030 271 5081 '0
305 5030 368 5077 δὲ
402 5024 640 5091 Χριστὸς
681 5022 869 5084 ἐλθὼν,
902 5020 1091 5090 ὥσπερ
1119 5020 1357 5072 ἐκώλυσε
1392 5021 1491 5087 τὴν
1540 5018 1649 5069 τῶν
1673 5017 1779 5080 ζὼ-

190 5136 275 5171 ων
311 5116 535 5177 θυσίαν,
572 5112 789 5180 πληρῶν
813 5112 902 5164 τὸν
930 5111 1022 5161 τοῦ
1052 5112 1215 5178 νόμου
1252 5108 1473 5167 σκοπὸν,
1499 5105 1641 5159 οὕτω
1684 5106 1780 5157 καὶ

188 5214 300 5281 τὴν
335 5207 687 5272 πολυγαμίαν
730 5203 1023 5256 ἐκώλυσεν.
1064 5203 1121 5254 '0
1171 5201 1227 5253 δὲ
1289 5198 1532 5266 Μωάμεθ
1594 5198 1778 5248 οὑτοσὶ

189 5301 330 5355 ἀντὶ
396 5297 751 5365 σωφροσύνης
826 5295 1119 5346 ἀκολασίαν
1193 5289 1622 5359 νενομοθέτηκε,
1704 5286 1778 5354 μὴ

192 5393 378 5460 μόνον
408 5391 466 5439 ὲν
500 5387 579 5454 τῷ
612 5385 839 5450 παρόντι
868 5383 1042 5446 αἰῶνι,
1073 5381 1207 5433 ἀλλὰ
1238 5380 1329 5432 καὶ
1354 5382 1408 5429 ἐν
1434 5378 1508 5445 τῷ
1534 5376 1777 5444 μέλλοντι

188 5482 389 5534 ταῦτα
421 5479 574 5545 παρὰ
602 5475 735 5527 θεοῦ
771 5471 1344 5536 πολλαπλασιασθῆναι
1387 5469 1623 5529 διδάξας.
1669 5468 1778 5517 Καὶ

191 5575 361 5626 ἐστιν
395 5570 522 5621 ἰδεῖν
556 5571 614 5619 ἐν
652 5564 797 5637 αὐτῷ
822 5566 883 5617 τὸ
909 5564 1003 5616 τοῦ
1036 5562 1198 5614 Δαὸὶδ
1223 5562 1422 5628 λόγιον,
1454 5562 1513 5609 τὸ
1550 5558 1775 5624 φάσκον,

287 5780 340 5810 ⁸⁵
392 5774 526 5828 Cen.
570 5788 663 5836 vn,
692 5771 744 5824 7.
821 5772 866 5803 ⁷ο
904 5770 1040 5825 Gen.
1071 5785 1184 5831 vui,
1223 5768 1308 5823 i8.

1386 5768 1426 5797 τί
1470 5765 1637 5819 Exod.
1672 5780 1781 5827 xxx,
1830 5762 1909 5817 lO.

1869 3220 1953 3265 est
1986 3225 2047 3263 os
2084 3210 2151 3263 de
2174 3209 2390 3264 ossibus
2420 3208 2557 3263 meis
2578 3250 2593 3275 ,
2627 3217 2681 3262 et
2727 3224 2858 3263 caro
2900 3209 2968 3263 de
3000 3224 3161 3265 carne
3195 3225 3335 3265 mea.
3368 3211 3436 3264 Et

1870 3312 2155 3370 propterea
2196 3299 2539 3369 derelinquet
2571 3300 2733 3353 homo
2762 3309 2972 3368 patrem
3004 3315 3164 3355 suum
3190 3310 3265 3355 et
3321 3317 3437 3355 ma-

1870 3404 2029 3455 trem,
2062 3404 2115 3447 et
2176 3392 2478 3446 adhaerebit
2524 3392 2683 3445 uxori
2710 3407 2845 3455 suae,
2899 3400 2953 3446 et
3008 3399 3175 3446 erunt
3234 3392 3344 3445 duo
3375 3392 3433 3445 in

1869 3499 2031 3537 carne
2064 3483 2242 3536 una".
2271 3482 2293 3534 i
2319 3481 2617 3536 Considera
2650 3482 2814 3550 igitur
2843 3480 3118 3550 quomodo
3146 3489 3269 3549 post
3301 3496 3429 3549 pec-

1869 3585 2049 3628 catum
2078 3573 2295 3626 demum
2329 3580 2385 3625 et
2415 3572 2765 3627 stoliditatem
2819 3572 3100 3625 hominum
3126 3572 3434 3641 polygamia

1870 3665 2182 3720 increverit.
2218 3662 2389 3717 Adam
2422 3663 2566 3717 enim
2599 3678 2709 3716 non
2738 3664 2867 3716 dicit
2895 3678 2907 3715 :
2942 3661 3004 3715 Et
3045 3672 3211 3715 erunt
3250 3661 3435 3715 multa:

1871 3757 2131 3812 mulieres
2156 3769 2278 3808 cum
2312 3754 2429 3807 viro
2458 3754 2511 3807 in
2548 3768 2711 3807 carne
2739 3769 2870 3818 una,
2904 3751 2998 3806 sed
3032 3752 3161 3817 duo,
3200 3752 3302 3805 boc
3349 3760 3433 3805 est

1871 3846 1954 3900 vir
1979 3854 2034 3899 et
2061 3844 2279 3898 mulier.
2310 3842 2427 3898 Una
2469 3857 2596 3895 vero
2626 3853 2681 3895 et
2704 3842 2884 3910 plures
2910 3840 3058 3894 inter
3087 3855 3145 3895 se
3168 3848 3432 3910 pugnant.

1871 3935 2129 4000 Quamvis
2150 3942 2333 3987 autem
2362 3932 2637 4000 legislator
2657 3932 2834 3986 Moses
2864 3931 3093 4000 singulis
3118 3931 3439 3985 Judaeorum—

1876 4042 2075 4081 uxores
2103 4026 2294 4094 plures
2327 4022 2665 4077 concesserit
2692 4060 2706 4085 ,
2742 4022 2797 4075 in
2828 4020 3090 4090 temporis
3125 4020 3432 4076 successio-

1872 4133 1996 4173 nem
2026 4117 2155 4170 illud
2180 4116 2426 4184 permisit
2452 4131 2465 4167 :
2496 4113 2953 4182 quemadmodum
2977 4121 3031 4165 et
3052 4112 3105 4165 in
3123 4111 3435 4165 animalium

1872 4205 2153 4261 sacriﬁciis
2190 4206 2391 4259 factum
2428 4212 2532 4268 est,
2585 4211 2644 4256 ut
2687 4216 2784 4256 eos
2822 4201 2890 4255 a‘b
2939 4201 3152 4271 impura
3200 4200 3434 4255 ﬁliorum

1873 4296 2017 4350 caede
2050 4305 2108 4349 et
2153 4294 2426 4349 oblatione
2479 4292 2794 4346 abduceret.
2833 4290 2984 4345 Sicut
3030 4305 3159 4344 vero
3187 4289 3435 4345 Christus

1875 4387 2173 4440 adveniens
2225 4382 2542 4437 animalium
2621 4381 2887 4436 sacriﬁcia
2940 4381 3250 4449 prohibuit,
3304 4381 3439 4451 legis

2527 4474 2599 4525 ita
2654 4473 2816 4526 etiam
2867 4487 3093 4525 uxorum
3126 4473 3435 4540 pluritatem

1876 4565 2115 4619 sustulit.
2160 4561 2433 4616 Mahomet
2472 4577 2604 4615 vero
2650 4562 2740 4617 hic
2770 4563 2892 4617 loco
2938 4565 3313 4632 temperantia:
3356 4564 3435 4616 in-

1875 4654 2287 4721 temperantiam
2318 4652 2528 4719 legibus
2577 4652 2692 4706 suis
2724 4652 3030 4716 constituit,
3070 4668 3177 4706 non
3230 4654 3282 4706 in
3333 4653 3437 4706 hoc

1874 4754 2085 4800 tantum
2113 4744 2334 4807 saeculo,
2388 4742 2485 4796 sed
2528 4743 2583 4796 in
2629 4742 2815 4797 futuro
2841 4744 3001 4797 etiam
3053 4745 3163 4798 liazc
3204 4744 3271 4798 ab
3320 4744 3437 4812 ipso

1885 4835 1995 4888 Deo
2023 4848 2146 4886 cum
2177 4832 2348 4884 multo
2378 4831 2589 4885 ftenore
2623 4832 2852 4900 rependi
2898 4833 3125 4896 docens,
3168 4840 3224 4885 et
3253 4833 3437 4885 videre

1888 4923 1940 4976 in
1991 4923 2082 4974 illo
2130 4921 2257 4973 licet
2312 4920 2444 4972 illttd
2481 4920 2697 4973 Davidis
2749 4921 3027 4974 oraculum
3064 4940 3075 4975 :
3114 4939 3132 4971 ι
3166 4919 3439 4973 Laudatur

1886 5020 2137 5079 peccator
2169 5010 2222 5061 in
2259 5008 2719 5076 concupiscentiis
2744 5010 2939 5062 anima:
2971 5024 3103 5062 suae.
3132 5009 3198 5062 Et
3221 5010 3439 5079 iniquus

1886 5100 2287 5159 benedicitur"
2321 5118 2338 5150 ι
2379 5115 2391 5151 :
2429 5100 2480 5152 id
2512 5110 2594 5154 est
2632 5100 2884 5153 laudatur
2922 5109 2977 5152 et
3026 5099 3336 5152 celebratur
3370 5098 3443 5150 ab

1886 5194 1992 5247 illis
2017 5191 2109 5260 qui
2132 5190 2423 5244 adulantur
2462 5189 2538 5242 illi
2588 5199 2642 5243 et
2690 5190 2872 5242 scelus
2912 5189 3086 5257 ipsius
3118 5190 3357 5251 irritant,
3384 5196 3440 5241 es

1888 5283 1980 5353 qui
2018 5296 2119 5335 nec
2153 5296 2374 5335 sensum
2412 5280 2846 5349 quidem-morbi
2890 5289 3114 5349 propter
3161 5278 3438 5333 silentium

1884 5382 2111 5445 possunt
2160 5373 2400 5436 habere;
2447 5380 2735 5440 propterea
2788 5371 2952 5424 etiam
2997 5370 3087 5424 ille
3122 5369 3440 5424 incnrabilis

1885 5463 2115 5518 exsistit.
2147 5461 2301 5525 Quod
2333 5463 2477 5514 enim
2507 5461 2681 5513 morbi
2714 5476 2877 5515 sensu
2915 5469 3087 5528 caret,
3112 5460 3438 5515 medicinam

1885 5571 1989 5609 non
2012 5553 2225 5622 quaerit,
2246 5567 2346 5606 nec
2372 5552 2631 5605 admittit.
2659 5552 2725 5605 Et
2757 5551 2859 5607 hoc
2880 5552 3126 5606 omnium
3157 5548 3435 5606 atrocissi~

2023 5763 2068 5795 ⁷³
2108 5761 2242 5817 Gen.
2282 5776 2341 5826 ιι,
2372 5760 2462 5827 25,
2489 5760 2576 5814 ill.
2652 5761 2697 5792 ⁷³
2738 5758 2881 5815 Psal.
2919 5771 2974 5827 ι,
3004 5756 3060 5812 3.
