4204 6450
766 399 865 463 551
1929 399 2250 460 JOANNIS
2291 400 2426 459 CAN

2341 398 2817 458 ANTACUZENI
3895 397 4001 461 552

769 526 919 565 mum
954 519 1057 575 est,
1086 522 1208 562 cum
1252 507 1459 561 malitia
1488 506 1739 561 laudatur
1766 551 1778 572 ,
1830 522 1929 562 nec
1967 511 2174 564 malitia
2210 526 2328 565 esse
2358 517 2399 571 Α

2358 517 2399 571 Α
2430 511 2509 563 ὅτι
2546 529 2564 561 ι
2625 512 2958 563 Ἐπαινείται
3001 511 3028 562 0
3056 510 3377 580 ἁμαρτωλὸς
3424 513 3481 563 ἐν
3525 513 3642 573 ταῖς
3681 512 4006 583 ἐπιθυμίαις

772 604 1036 657 creditur.
1071 601 1344 654 Mahomet
1381 600 1548 661 etaim,
1576 599 1642 653 de
1666 614 1776 668 quo
1802 615 1984 655 sermo
2012 610 2119 666 est,
2155 602 2327 655 homi-
2429 623 2432 635 ε

2429 603 2528 669 τῆς
2560 602 2737 670 ψυχῆς
2765 602 2956 667 αὐτοῦ,
2976 602 3070 655 καὶ
3098 604 3125 653 0
3153 601 3352 655 ἀδικῶν
3378 603 3753 671 ὲνευλογεῖται,
3788 622 3808 655 ι
3841 623 4003 658 τουτ-

775 708 903 746 num
927 693 1195 746 voluntati
1227 700 1282 745 et
1317 691 1580 759 voluptati
1641 691 1692 743 in
1745 692 1941 760 primis
1978 692 2220 759 studuit,
2273 703 2331 747 et
2432 716 2435 742 ε

2432 693 2599 756 ἐστιν,
2634 694 2939 746 ἐπαινεῖται
2984 692 3086 745 καὶ
3144 692 3548 759 ὲγκωμιάζεται
3596 697 3743 762 παρὰ
3772 695 3881 746 τῶν
3913 711 4005 746 κο-

770 785 1072 840 secundum
1103 784 1202 837 has
1240 783 1445 845 docuit,
1479 791 1537 836 ut
1564 782 1858 851 voluptatis
1886 784 1938 837 vi
1964 799 2123 853 quam
2158 784 2332 854 pluri-

2432 785 2767 838 λακευόντων
2800 784 2983 849 αὐτὸν,
3015 784 3111 837 καὶ
3160 784 3518 853 ὲρεθιζόντων
3580 786 3745 839 αύτοῦ
3777 785 3878 855 τὴν
3908 804 4006 838 κα-

774 890 891 929 mos
918 875 1202 929 stultorum
1254 873 1577 927 attraheret.
1637 872 1866 942 Insuper
1911 890 2042 928 num
2079 875 2178 929 soli
2227 875 2327 928 viri

2439 876 2586 937 κίαν,
2641 876 2734 926 καὶ
2772 873 2905 943 μηδὲ
2946 872 3201 936 αἴσθησιν
3250 873 3347 941 τῆς
3384 874 3539 925 νόσου
3592 872 3722 940 γοῦν
3756 874 3845 926 διὰ
3878 890 4006 924 σιω-

776 965 885 1018 Deo
916 979 1059 1017 cura:
1088 973 1235 1026 sunt,
1271 971 1527 1031 tanquam
1554 972 1820 1017 creatura:
1860 962 2052 1031 ipsius,
2074 963 2331 1017 mulieres

2436 965 2545 1031 πῆς
2578 964 2873 1033 ἐμποιῆσαι
2905 956 3273 1030 ἀνεχομένων.
3326 962 3416 1014 Διὸ
3461 964 3556 1015 καὶ
3586 964 3801 1023 ἀνίατος
3834 966 3862 1015 0
3894 980 4010 1015 τοι·

778 1068 906 1107 vero
960 1070 1336 1122 nequaquam,
1381 1066 1501 1106 cum
1531 1067 1638 1105 non
1693 1052 1802 1106 sint
1836 1052 1930 1107 Dei
1974 1052 2333 1123 ﬁgmentum?

2438 1052 2593 1113 οὗτος
2628 1051 2968 1120 εὑρίσκεται.
3002 1050 3076 1103 Τὸ
3097 1054 3208 1120 γὰρ
3239 1052 3375 1121 μηδὲ
3399 1051 3650 1121 αἴσθησιν
3678 1052 3769 1105 τοῦ
3802 1054 4010 1115 πάθοος

772 1145 1021 1213 Numqne
1052 1146 1217 1214 igitur
1278 1144 1379 1196 viri
1410 1153 1617 1196 tantum
1661 1144 1854 1199 talibus
1882 1160 1908 1198 a
1942 1145 2050 1198 Deo
2084 1146 2326 1213 acceptis

2437 1142 2558 1211 ἔχον
2613 1143 2908 1212 θεραπείαν
2961 1141 3083 1194 οὕτε
3136 1143 3308 1210 ζητεῖ,
3363 1142 3487 1195 οὒτε
3542 1144 3847 1211 προσίεται.
3904 1146 4012 1196 Καὶ

776 1235 930 1287 bonis
957 1236 1224 1296 lruentur,
1247 1233 1507 1298 mulieres
1527 1248 1656 1287 vero
1679 1235 1841 1287 nullis
1870 1234 2127 1287 omnino?
2156 1234 2336 1299 Quan-

782 1322 1077 1389 doquidem
1109 1330 1288 1376 autem
1320 1338 1424 1375 una
1449 1332 1696 1377 creatura
1727 1330 1808 1377 est
1858 1321 1963 1375 viri
1986 1330 2042 1375 et
2069 1323 2335 1386 mulieris,

776 1412 1035 1481 idemque
1088 1413 1251 1466 homo
1279 1421 1364 1466 est
1391 1414 1566 1466 omnis
1608 1414 1790 1475 homo,
1842 1412 1998 1481 sique
2044 1427 2234 1467 Omnes
2266 1414 2340 1466 si-

776 1501 890 1555 mili
922 1501 1129 1555 ratione
1154 1500 1431 1570 jndieandi
1468 1508 1617 1562 sunt,
1662 1509 1714 1555 et
1761 1499 1929 1554 simili
1958 1502 2171 1555 ratione
2194 1517 2343 1555 recc-

778 1591 946 1658 pturi,
979 1590 1071 1657 qui
1098 1590 1318 1653 quidem
1352 1589 1578 1643 honeste
1598 1590 1873 1655 vixerunt,
1898 1590 2062 1655 bona,
2090 1591 2184 1660 qui
2207 1607 2338 1647 vero

779 1680 939 1743 male,
966 1680 1100 1732 iram
1130 1678 1244 1741 Dei,
1286 1680 1559 1749 repulsam
1588 1695 1935 1749 pmnatnque,
1969 1683 2193 1735 omnino
2226 1700 2340 1737 ma-

786 1774 983 1827 nileste
1014 1782 1228 1827 constat
1250 1789 1438 1827 onmcs
1475 1775 1718 1827 homines
1752 1775 1891 1828 idem
1912 1776 2179 1844 judicium
2210 1792 2270 1831 su
2285 1778 2342 1829 b—

2438 1234 2594 1286 τοῦτό
2617 1234 2733 1287 ἐστι
2762 1235 2821 1285 τὸ
2844 1234 3060 1285 πάντων
3083 1232 3409 1298 δεινότατον,
3440 1234 3568 1287 ὅταν
3587 1236 3619 1301 ἠ
3653 1236 3821 1287 κακία
3854 1237 4015 1286 ἐπαι-

2439 1326 2615 1392 νῆται,
2649 1325 2742 1376 καὶ
2781 1324 2911 1392 μηδὲ
2950 1325 3118 1377 κακία
3151 1318 3292 1378 εἶναι
3318 1325 3628 1394 νομίζηται.
3670 1324 3731 1377 '0
3771 1325 3885 1394 γὰρ
3916 1326 4011 1395 δην

2440 1414 2631 1477 λωθεὶς
2681 1415 2928 1484 Μωάμεθ
2968 1416 3036 1468 τὰ
3070 1415 3201 1486 πρὸς
3230 1416 3391 1485 χάριν
3414 1419 3510 1470 καὶ
3542 1416 3742 1485 τέρψιν
3775 1418 3886 1469 τῶν
3920 1419 4013 1469 ἀν-

2442 1505 2674 1574 θρώπων
2713 1506 3012 1559 ἐσπούδασε
3058 1507 3152 1559 καὶ
3201 1506 3461 1574 ἐδίδαξεν,
3503 1508 3592 1561 ἵνα
3624 1508 3712 1561 διὰ
3741 1509 3844 1576 τῆς
3894 1509 4016 1576 ἠδο-

2442 1598 2538 1665 νῆς
2573 1598 2948 1667 ἐπισπάσηται
2982 1599 3043 1651 τὸ
3065 1598 3268 1668 πλῆθος
3288 1599 3396 1651 τῶν
3418 1600 3690 1669 ἀφρόνων.
3727 1600 3852 1651 Ἐτι
3886 1600 4017 1665 περὶ

2441 1686 2548 1737 τῶν
2590 1688 2797 1757 ἀνδρῶν
2851 1688 3010 1755 μόνον
3048 1687 3200 1757 μέλει
3248 1688 3323 1757 τῷ
3364 1688 3503 1756 Θεῷ,
3549 1689 3624 1751 ὡς
3672 1689 4018 1757 πλασμάτων

2444 1775 2632 1839 αὐτοῦ,
2664 1780 2791 1844 περὶ
2828 1777 2884 1829 δὲ
2934 1776 3042 1828 τῶν
3073 1778 3346 1844 γυναικῶν
3400 1779 3669 1846 οὐδαμῶς,
3728 1779 3818 1832 διὰ
3847 1780 3909 1832 τὸ
3941 1779 4017 1847 μὴ

782 1867 973 1925 ituros.
1027 1876 1132 1918 tam
1187 1866 1329 1920 viros
1349 1881 1508 1935 quam
1534 1867 1813 1932 mulieres,
1843 1881 1967 1921 cum
1994 1883 2101 1921 una
2126 1868 2345 1922 eadem—
2372 1841 2417 1899 Β

2372 1841 2417 1899 Β
2447 1861 2583 1919 εἶναι
2640 1866 2810 1927 αὐτας
2858 1866 3080 1936 πλάσμα
3128 1867 3288 1920 Θεοῦ.
3357 1868 3466 1921 Καὶ
3511 1868 3598 1921 δια
3630 1867 3791 1921 τοῦτο
3825 1871 3874 1921 οί
3916 1868 4015 1935 μὲν

781 1974 884 2024 que
922 1958 1112 2010 horum
1146 1966 1337 2010 natura
1372 1958 1444 2011 sit
1475 1976 1488 2011 :
1515 1958 1708 2012 eodem
1750 1960 1912 2013 etiam
1962 1959 2123 2013 modo
2156 1976 2344 2014 omnes

780 2053 933 2115 juxta
964 2066 1127 2118 opera
1184 2065 1302 2112 sua.
1362 2065 1481 2118 qna:
1527 2058 1907 2118 patraverunt,
1950 2052 2033 2106 vel
2085 2053 2225 2116 bona
2261 2053 2344 2107 vel

785 2142 925 2194 mala
957 2152 1085 2195 sunt
1110 2143 1405 2210 recepturi.
1442 2141 1629 2197 Restat
1665 2141 1848 2211 igitur,
1885 2147 2026 2213 quod
2055 2154 2110 2198 et
2136 2146 2343 2215 justum

782 2240 837 2282 et
866 2231 1122 2285 decorum
1152 2241 1253 2294 est,
1288 2241 1345 2283 ut
1370 2230 1628 2284 mulieres
1676 2233 1865 2285 eadem
1892 2274 1906 2297 ,
1942 2248 2062 2303 qua:
2088 2234 2220 2298 viri,
2256 2250 2345 2289 ac-

785 2321 1011 2389 cipiant.
1044 2322 1109 2375 Et
1144 2322 1602 2391 quemadmodum
1627 2323 1950 2394 unicuique,
1977 2326 2071 2395 qui
2113 2327 2345 2383 honeste

787 2414 950 2465 vitam
985 2430 1138 2466 suam
1167 2415 1451 2482 transegit,
1495 2416 1649 2486 juxta
1676 2415 1971 2471 Mabometi
2021 2416 2169 2487 leges
2205 2433 2348 2473 mer-

784 2505 934 2557 cedis
963 2504 1082 2557 loco
1114 2505 1298 2559 multa:
1329 2505 1591 2559 mulieres
1623 2505 2026 2572 retribuuntur,
2049 2508 2128 2562 sic
2152 2509 2349 2565 dentur

783 2596 946 2647 etiam
980 2593 1233 2663 singulis,
1281 2611 1402 2664 quae
1432 2595 1661 2651 honeste
1689 2597 1964 2663 vixerunt,
1993 2599 2344 2666 mulieribus,

784 2684 972 2750 plures
1032 2685 1156 2739 viri.
1207 2685 1360 2751 Quod
1390 2686 1433 2739 si
1464 2687 1567 2741 hoc
1606 2696 1859 2755 tanquam
1893 2689 2192 2745 absurdum
2219 2693 2350 2745 reti-

783 2777 920 2841 cuit,
943 2775 1130 2830 eadem
1159 2786 1337 2832 mente
1371 2777 1654 2846 ctjudieio
1690 2780 1757 2832 de
1786 2780 1920 2835 viris
1945 2796 2164 2850 quoque
2196 2783 2346 2837 illum

784 2868 989 2920 sentire
1041 2875 1097 2920 et
1136 2866 1385 2936 judicare
1432 2867 1811 2923 conveniebat.
1854 2869 2126 2925 Praeterea
2163 2872 2351 2940 plures

791 2957 868 3009 illi
899 2957 1000 3010 viri
1050 2958 1223 3012 unicae
1277 2956 1388 3010 dati
1420 2958 1675 3022 mulieri,
1722 2960 1807 3013 vel
1860 2959 2038 3015 laudis
2064 2962 2238 3031 gratia
2272 2963 2347 3016 illi

790 3050 1069 3105 dabuntur
1127 3051 1313 3121 (quod
1377 3052 1587 3107 scilicet
1648 3053 1880 3109 honeste
1940 3055 2224 3125 vixerint)
2267 3057 2349 3111 vel

790 3142 1183 3197 damnationis.
1255 3142 1462 3206 Quodsi
1510 3158 1608 3199 ceu
1643 3144 1870 3199 honeste
1907 3144 2018 3199 vita
2046 3159 2144 3200 sua
2176 3145 2349 3200 functi

789 3234 870 3286 sic
905 3244 1343 3299 remunerantur,
1402 3250 1500 3288 cur
1528 3234 1614 3289 his
1639 3250 1748 3289 non
1802 3234 1988 3304 plures
2039 3236 2177 3290 data:
2226 3247 2354 3290 sunt

796 3323 1051 3377 mulieres
1072 3361 1085 3386 ,
1143 3322 1391 3378 beneﬁcii
1417 3332 1470 3377 et
1492 3323 1758 3379 mercedis
1781 3324 1947 3394 gratia
1969 3363 1984 3388 ,
2038 3332 2099 3378 ut
2137 3324 2344 3380 dictum

793 3420 916 3476 est,
968 3412 1062 3467 sed
1087 3413 1265 3482 potius
1297 3413 1428 3467 viris
1472 3413 1658 3468 multis
1697 3412 1893 3466 mulier
1926 3413 2078 3466 una?
2122 3412 2179 3467 Si
2226 3428 2355 3467 vero

796 3500 928 3554 illud
960 3516 1059 3555 ceu
1092 3502 1466 3557 condemnatis
1514 3502 1813 3571 contingit,
1868 3500 1982 3556 haec
2009 3501 2199 3556 eadem
2226 3516 2356 3557 sane

796 3590 1059 3644 beneﬁcia
1106 3590 1321 3655 laudis,
1377 3599 1431 3645 et
1454 3590 1610 3645 bonae
1660 3590 2038 3645 retributionis
2081 3589 2353 3644 domicilia

796 3692 945 3742 sunt,
979 3679 1148 3733 veluti
1177 3678 1449 3733 Mahomct
1483 3689 1724 3733 enarrat.
1755 3678 1910 3743 Quod
1937 3678 2080 3732 idem
2116 3678 2181 3733 de
2218 3680 2357 3733 mul-

797 3768 867 3821 tis
897 3769 1215 3823 mulleribus
1266 3768 1357 3822 uni
1393 3770 1511 3822 viro
1558 3768 1699 3824 datis
1742 3768 2087 3823 sentiendum
2139 3779 2242 3824 est.
2301 3768 2355 3824 Si

793 3860 944 3912 enim
977 3859 1110 3913 viris
1148 3858 1347 3913 dantur
1374 3874 1474 3913 ceu
1518 3858 1927 3914 damnationem
1957 3860 2165 3914 merita:
2190 3898 2205 3923 ,
2260 3874 2358 3913 cur

795 3952 851 4003 in
886 3951 1102 4004 easdem
1142 3949 1257 4004 haec
1305 3949 1660 4004 conferuntur
1705 3948 2009 4004 beneﬁcia?
2060 3951 2116 4003 Si
2171 3960 2353 4005 autem

795 4039 1012 4092 laudem
1045 4048 1381 4104 meruerunt,
1408 4053 1506 4092 cur
1528 4040 1619 4092 uni
1650 4039 1768 4093 viro
1796 4039 1979 4092 multae
2006 4038 2359 4094 tribuuntur?

801 4131 867 4184 Et
895 4131 1150 4199 quidnam
1185 4131 1287 4185 hac
1322 4130 1640 4186 confusione
1669 4141 1750 4185 est
1772 4130 2068 4186 absurdius
2112 4142 2166 4186 et
2189 4134 2359 4203 magis

797 4219 1079 4274 deforme?
1124 4218 1351 4274 Videsne
1385 4218 1439 4272 in
1476 4228 1607 4287 quot
1638 4218 1874 4274 absurda
1916 4220 2000 4274 vel
2044 4221 2248 4277 invitus
2279 4223 2361 4277 iu-

798 4310 953 4373 eidit,
981 4311 1071 4379 qui
1096 4326 1127 4364 a
1148 4310 1231 4363 via
1255 4324 1384 4364 vera
1410 4309 1723 4364 aberravit?
1756 4308 1859 4363 Sed
1898 4310 2119 4365 minime
2148 4312 2260 4365 hac
2288 4312 2360 4366 ita

798 4412 959 4466 sunt;
988 4416 1092 4454 non
1131 4410 1281 4463 sunt,
1316 4400 1569 4469 inquam,
1599 4400 1732 4453 hac.
1788 4399 1919 4464 Qua:
1968 4403 2115 4454 enim
2158 4402 2361 4457 sanctis

2447 1954 2641 2023 ἄνδρες
2703 1956 2991 2024 μέλλουσιν
3051 1956 3347 2011 ἀπολαύειν
3403 1955 3513 2009 τῶν
3559 1957 3706 2027 παρά
3750 1956 3847 2010 τοῦ
3877 1956 4016 2008 θεοῦ

2447 2044 2703 2097 τοιούτων
2744 2045 2984 2113 ἀγαθῶν,
3016 2047 3072 2098 αἱ
3101 2047 3158 2099 δὲ
3194 2048 3455 2114 γυναῖκες
3488 2047 3751 2112 ούδόλως;
3787 2044 3871 2100 Ἠ
3896 2048 4017 2101 ἐπεὶ

2451 2134 2548 2204 μία
2584 2135 2741 2204 φύσις
2796 2136 2943 2188 ἐστὶν
2989 2136 3179 2205 ἀνδρὸς
3210 2138 3308 2189 καὶ
3359 2138 3637 2205 γυναικὸς,
3684 2141 3779 2192 καὶ
3804 2134 3886 2199 εἷς
3923 2140 4017 2192 ἀν-

2450 2225 2668 2294 θρωπός
2704 2228 2820 2279 ἐστι
2854 2229 2960 2290 πᾶς
3012 2228 3320 2297 ἄνθρωπος,
3370 2230 3464 2282 καὶ
3520 2230 3721 2298 ὁμοίως
3758 2230 4018 2299 μέλλουσι

2447 2316 2702 2385 κριθῆναι
2754 2320 2801 2371 οί
2853 2320 3075 2383 πάντες,
3110 2322 3207 2373 καὶ
3239 2321 3443 2390 ὁμοίως
3476 2321 3758 2391 μέλλουσιν
3808 2322 4019 2373 ἀπολα-

2447 2406 2585 2471 ϐεῖν,
2616 2410 2665 2461 οί
2696 2410 2795 2478 μὲν
2822 2410 3003 2474 καλῶς
3035 2412 3487 2482 πολιτευσάμενοι
3520 2413 3720 2480 ἀγαθὰ,
3749 2414 3799 2465 οί
3834 2412 3893 2466 δὲ
3927 2431 4025 2465 κα-

2447 2497 2558 2561 κῶς
2582 2498 2751 2568 ὀργὴν
2781 2499 2915 2554 Θεοῦ
2946 2502 3040 2553 καὶ
3069 2502 3423 2573 ἀποστροφὴν
3456 2503 3552 2557 καὶ
3581 2503 3831 2563 κόλασιν,
3884 2505 4024 2556 πάν-

2445 2606 2555 2653 τως
2602 2608 2703 2644 που
2745 2592 2907 2645 παντί
2965 2609 3068 2646 που
3116 2594 3274 2664 δῆλον
3324 2596 3405 2647 ὅτι
3463 2594 3669 2657 πάντες
3738 2595 4023 2664 ἄνθρωποι

2446 2683 2647 2751 ὁμοίως
2723 2686 2975 2754 μέλλουσι
3046 2687 3321 2757 κριθῆναι,
3373 2689 3564 2758 ἄνδρες
3610 2706 3669 2741 τε
3702 2691 3794 2741 καὶ
3832 2693 4021 2756 γυναῖο

2450 2790 2584 2837 κες,
2643 2775 2766 2827 ἐπεὶ
2820 2779 2913 2830 κα)⁸
2962 2779 3060 2847 μία
3118 2779 3212 2832 καὶ
3253 2781 3287 2848 ἡ
3336 2780 3475 2849 αὐτὴ
3530 2779 3689 2848 φύσις
3751 2781 3874 2832 ἐστὶ
3937 2782 4028 2831 καὶ

2448 2863 2650 2932 ὁμοίως
2717 2865 2999 2934 μέλλουσιν
3056 2867 3368 2931 ἀπολαϐεῖν,
3426 2869 3500 2930 ὠς
3550 2870 3777 2932 ἕκαστος
3846 2870 4028 2923 αὐτῶν

2450 2953 2654 3022 επίκιιξε
2678 2958 2825 3010 κακά
2850 2973 2907 3009 τε
2938 2957 3030 3010 καὶ
3069 2957 3273 3025 ἀγαθά.
3317 2960 3427 3011 Καὶ
3461 2960 3651 3013 λοιπὸν
3678 2961 3739 3013 τδ
3774 2962 3914 3013 αὐτὸ
3945 2962 4027 3013 δίο

2451 3046 2609 3099 καιόν
2641 3048 2753 3099 ἐστι
2788 3049 2881 3101 καὶ
2918 3049 3151 3119 πρέπον,
3184 3050 3269 3102 ῐνα
3299 3050 3507 3105 λάϐωσι
3545 3054 3639 3105 καὶ
3671 3056 3724 3107 αξ
3758 3056 4029 3119 γυναῖκες

2453 3138 2589 3208 ὅπερ
2615 3139 2664 3190 oi
2692 3138 2880 3209 ἄνδρες
2912 3156 2926 3170 ο
2978 3141 3075 3192 καὶ
3106 3140 3295 3212 ὥσπερ
3324 3142 3556 3197 δίδονται
3601 3143 3739 3212 πρὸς
3760 3152 3895 3209 toi);
3934 3162 4030 3198 κα-

2379 3195 2423 3253 c
2456 3195 2572 3289 λῶς.
2612 3195 3104 3297 πολιτευσαμένους
3146 3232 3227 3284 ἑνὶ
3266 3195 3492 3302 ⁵ἑκάστῳ
3544 3195 3735 3286 πολλαὶ
3766 3195 4032 3301 γυναῖκες

2456 3317 2791 3385 ἀντιμισθία,
2841 3318 3023 3382 καθὼς
3051 3322 3080 3373 0
3143 3321 3388 3390 Μωάμεθ
3436 3323 3736 3391 νομοθετεῖ,
3773 3324 4035 3379 διδόσθω.

2460 3425 2559 3460 σαν
2588 3410 2682 3461 καὶ
2716 3409 2853 3479 πρὸς
2890 3412 2989 3472 τὰς
3022 3410 3204 3475 καλῶς
3246 3413 3717 3483 πολιτευσαμένας
3755 3419 4033 3482 γυναῖκας

2461 3496 2561 3565 μιᾷ
2590 3496 2797 3566 ὲκάστῃ
2826 3498 3007 3549 πολλοὶ
3030 3498 3242 3567 ἄνδρες.
3267 3500 3328 3552 Εἰ
3352 3500 3400 3552 δ’
3422 3500 3498 3563 ὼς
3520 3502 3720 3555 ἄτοπον
3745 3506 4035 3573 παρεσιὼο

2458 3604 2631 3655 πησεν
2668 3588 2819 3655 αὐτὸ,
2856 3589 2952 3659 τὴν
3001 3590 3169 3659 αὐτὴν
3194 3590 3399 3644 ιννοιαν
3442 3594 3538 3644 καὶ
3562 3594 3742 3662 κρίσιν
3781 3594 4035 3664 ἔπρεπεν

2462 3678 2549 3732 ἶνα
2577 3680 2966 3751 ἀναλογίσηται
3017 3685 3111 3735 καὶ
3163 3684 3325 3753 κρίνῃ
3348 3683 3443 3735 καὶ
3476 3688 3605 3754 περὶ
3647 3686 3755 3738 τῶν
3789 3688 4033 3757 ἀνδρῶν.

2462 3770 2581 3823 Ἐτι
2615 3772 2664 3823 οί
2719 3772 2903 3825 πολλοὶ
2949 3773 3141 3843 ἄνδρες
3186 3774 3235 3826 οί
3281 3773 3628 3844 δοθησόμενοι
3667 3777 3767 3845 μιᾷ
3805 3781 4039 3844 γυναικὶ

2459 3857 2534 3922 ὡς
2566 3859 2834 3930 ἀποδοχῆς
2872 3861 3012 3925 ἄξιοι
3065 3861 3318 3931 μέλλουσι
3357 3863 3575 3932 δοθῆναι
3634 3864 3723 3917 διὰ
3752 3866 3814 3918 τὸ
3849 3868 4039 3930 καλῶς

2460 3947 2653 4009 αὐτοὺς
2692 3949 3090 4019 πολιτευθῆναι,
3132 3952 3164 4019 ἢ
3205 3950 3280 4015 ὡς
3316 3952 3614 4021 καταδίκης
3650 3968 3664 3983 ο
3704 3953 3805 4006 καὶ
3838 3959 3889 4007 εί
3934 3959 4039 4025 μὲν

2458 4036 2532 4098 ὡς
2559 4037 2739 4100 καλῶς
2786 4040 2983 4100 αὐτοὺς
3030 4039 3541 4109 πολιτευσαμένους,
3597 4042 3739 4095 διατί
3785 4045 3891 4097 οὐκ
3916 4048 4041 4099 £50-

2462 4123 2630 4193 θησαν
2664 4126 2847 4189 αὐτοῖς
2902 4128 2982 4180 ἐνὶ
3029 4128 3243 4198 ἑκάστῳ
3274 4132 3533 4197 γυναῖκες
3559 4132 3753 4185 πολλαὶ
3806 4135 4041 4204 εὐεργε-

2463 4217 2581 4279 σίας
2612 4218 2770 4288 χάριν
2797 4220 2891 4272 καὶ
2913 4220 3275 4289 ἀντιμισθίας,
3318 4221 3394 4284 ὡς
3441 4222 3626 4290 λέγετε
3649 4260 3666 4288 ,
3698 4224 3840 4277 ἀλλά
3899 4229 4045 4295 μᾶλα

2460 4306 2549 4359 λον
2589 4311 2699 4370 τοῖς
2728 4308 2939 4371 πολλοῖς
2966 4311 3190 4379 ἀνδράσι
3225 4310 3364 4382 γυνὴ
3412 4312 3545 4382 μίας
3585 4312 3647 4365 Et
3680 4314 3727 4367 δ’
3752 4314 3832 4378 ὡς
3863 4334 4046 4372 κατα-

2464 4399 2692 4464 κρίτοις,
2732 4400 2825 4451 καὶ
2880 4398 2989 4469 μὴν
3020 4402 3070 4453 αι
3120 4401 3366 4453 τοιαῦται
3415 4401 3725 4473 εὐεργεσίαι
3759 4407 4046 4478 ἀποδοχῆς

798 4492 1094 4545 exsolvitur
1118 4491 1427 4556 retributio,
1455 4506 1561 4544 non
1589 4490 1642 4544 in
1671 4484 1883 4546 deliciis
1906 4500 2176 4556 versatur,
2208 4502 2358 4562 pota-
2385 4512 2438 4573 Ι)

2386 4512 2438 4573 D
2465 4487 2556 4538 καὶ
2588 4488 2799 4556 ἀγαθῆς
2834 4490 3181 4558 ἁντιμισθίας
3215 4490 3426 4560 δόματα
3463 4495 3621 4558 εἰσιν,
3653 4494 3729 4557 ὡς
3785 4497 3815 4549 0
3865 4500 4046 4553 Μωα-

802 4582 1063 4644 tionibus,
1105 4583 1310 4637 balneis
1356 4592 1408 4636 et
1440 4580 1796 4646 mulieribus,
1859 4597 1979 4649 quae
2018 4584 2199 4636 omnia
2236 4600 2361 4651 pec-

798 4672 906 4723 cati
940 4681 993 4724 et
1027 4673 1118 4723 ira:
1150 4672 1361 4724 fruetus
1400 4680 1548 4731 sunt,
1584 4679 1642 4722 ut
1674 4669 1879 4723 dictum
1909 4678 2031 4735 est;
2062 4686 2250 4725 verum
2280 4688 2362 4726 re.

805 4760 1029 4812 tributio
1064 4759 1178 4813 haec
1201 4760 1464 4814 sanctitas
1491 4768 1591 4823 est,
1626 4759 1832 4826 puritas
1855 4766 1908 4811 et
1934 4758 2044 4812 vita
2095 4759 2357 4827 angelica,

799 4850 1053 4919 gaudium
1074 4859 1126 4903 et
1142 4850 1409 4915 hilaritas,
1427 4860 1481 4903 et
1497 4849 1838 4913 exsultatio,¢
1864 4863 2025 4916 quam
2041 4849 2232 4904 oculus
2250 4865 2359 4904 non

800 4938 955 5001 vidit,
978 4947 1031 4991 et
1047 4939 1194 4991 auris
1211 4954 1317 4990 non
1333 4939 1561 5002 audivit,
1584 4955 1683 4992 nec
1701 4938 1752 4991 in
1768 4954 1860 4991 eor
1876 4938 2112 4994 hominis
2126 4955 2362 5007 unquam

798 5029 1127 5082 ascendit“.
1161 5046 1179 5079 ›
1218 5028 1378 5082 Vides
1417 5030 1601 5098 itaque
1632 5028 1869 5081 fructum
1901 5028 2198 5098 legislatori
2232 5029 2361 5084 huic

797 5131 861 5168 ex
885 5132 979 5169 sua
1003 5118 1115 5187 lege
1136 5118 1851 5188 provenientem.Cognoscil
1863 5134 1926 5171 ur
1940 5128 2121 5173 autem
2135 5135 2163 5173 a
2180 5118 2360 5174 fructu

794 5222 1020 5274 operum
1052 5210 1189 5261 ratio
1218 5209 1384 5275 illius,
1408 5220 1500 5263 aut
1539 5209 1685 5263 non?
1724 5210 1786 5262 Et
1811 5210 1931 5278 quis
1961 5218 2067 5263 tam
2104 5211 2356 5279 stupidus

795 5306 850 5347 et
880 5308 1201 5359 excaecatus,
1237 5299 1429 5352 uthwc
1446 5314 1564 5367 quae
1584 5299 1729 5354 dicta
1752 5309 1881 5354 sunt
1910 5315 2017 5355 non
2047 5300 2358 5371 intelligat?

796 5382 1083 5445 Quomodo
1114 5386 1276 5454 igitur
1305 5386 1474 5441 Deum
1509 5399 1783 5441 auctorem
1805 5388 2019 5453 referet,
2050 5390 2144 5458 qui
2170 5391 2358 5461 hujus-

798 5469 943 5522 modi
974 5475 1197 5525 statuit?
1224 5474 1290 5527 Et
1312 5474 1377 5528 de
1404 5475 1488 5529 his
1515 5476 1773 5544 quidnam
1807 5478 2051 5545 pluribus
2075 5494 2212 5547 opus
2242 5481 2359 5536 est?

2467 4580 2564 4647 μεθ
2595 4579 2925 4647 διαγορεύει.
2958 4581 3031 4635 Τὸ
3064 4582 3203 4634 αὐτὸ
3237 4583 3332 4637 καὶ
3358 4584 3449 4636 ἐπὶ
3476 4581 3586 4637 τῶν
3609 4584 3823 4639 πολλῶν
3847 4605 4047 4656 γυναι-

2464 4670 2575 4722 κῶν
2598 4670 2705 4722 τῶν
2729 4670 3101 4739 δοθησομένων
3127 4673 3207 4724 ἐνὶ
3226 4672 3381 4742 ἀνδρί
3400 4689 3414 4704 ο
3441 4675 3491 4727 εί
3517 4675 3617 4744 μὲν
3639 4675 3713 4740 ὡς
3731 4683 4053 4751 καταδίκης

2468 4761 2636 4826 ἄξιαι,
2698 4762 2817 4825 πῶς
2862 4764 3095 4817 δίδονται
3148 4766 3284 4835 πρὸς
3333 4768 3507 4831 αὐτας
3564 4752 3927 4840 εὐεργεσίαις
3993 4778 4045 4829 εἰ

2464 4851 2508 4903 δ’
2539 4852 2805 4923 ἀποδοχῆς
2867 4855 3050 4922 ἄξιαι,
3096 4857 3239 4909 διατί
3302 4858 3531 4913 δζδονται
3587 4863 3643 4916 at
3699 4863 3905 4919 πολλαὶ
3966 4869 4052 4921 ἑνὶ

2464 4941 2654 5010 ἁνδρί;
2688 4944 2796 4997 Καὶ
2824 4946 2876 4997 τί
2924 4947 3022 5014 τῆς
3053 4948 3310 5018 τοιαύτης
3341 4952 3651 5021 συγχύσεως
3686 4954 4053 5027 ἀτοπώτερόν

2468 5045 2523 5081 τε
2559 5031 2653 5084 καὶ
2681 5034 3043 5105 ἀηδέστερον;
3074 5037 3296 5102 Βλέπεις
3329 5041 3444 5105 πῶς
3467 5045 3495 5096 0
3520 5048 3913 5115 παρατραπεὶς
3940 5051 4049 5119 τῆς

2465 5118 2679 5183 εὐθείας
2707 5123 2829 5176 ὀδοῦ
2851 5129 2928 5189 εἰς
2952 5128 3090 5179 πόσα
3113 5130 3289 5182 ἄτοπα
3322 5134 3699 5201 παρεμπίπτει
3721 5136 3818 5188 καὶ
3850 5118 4052 5207 ﬁxum;

2475 5210 2611 5262 Ἀλλ’
2641 5214 2739 5266 οὐκ
2765 5216 2879 5269 ἐστι
2908 5218 3085 5282 τοῦτο,
3111 5222 3209 5274 ούκ
3240 5222 3407 5277 ἐστιν.
3444 5224 3519 5277 Ού
3550 5225 3658 5294 γάρ
3694 5227 3846 5281 ἐστιν
3880 5234 3918 5301 ἠ
3950 5236 4053 5287 τοῦ

2463 5300 2601 5354 Θεοῦ
2636 5306 2770 5373 πρὸς
2828 5310 2952 5371 τοὺς
3001 5311 3187 5377 ἁγίους
3241 5312 3635 5381 μισθαποδοσία
3688 5300 3914 5389 τροφαὶί
3945 5328 4056 5379 καὶ

2470 5391 2669 5460 πόσεις,
2702 5398 2792 5449 καί
2824 5398 3024 5469 λουτρὰ
3062 5402 3158 5454 καὶ
3181 5407 3460 5473 γυναῖκες,
3503 5409 3660 5463 ἀτινά
3680 5413 3822 5466 εἰσιν
3854 5416 4057 5489 ἁμαρ-

2467 5484 2585 5547 τίας
2612 5488 2706 5540 καὶ
2756 5490 2923 5560 ὀργῆς
2977 5494 3431 5566 ἀποτελέσματα,
3492 5500 3567 5565 ὡς
3621 5503 3865 5574 εῑρηται,

807 5560 1063 5634 artos-.301;
1097 5566 1190 5617 καὶ
1219 5568 1544 5639 καθαρότης,
1580 5573 1674 5625 καὶ
1698 5574 1969 5646 ἀγγελικὴ
2006 5577 2267 5669 πολιτεία,
2311 5580 2453 5650 χαρά
2493 5598 2549 5637 τε
2576 5587 2672 5640 καὶ
2704 5586 3009 5659 εὐφροσύνη
3034 5592 3129 5644 καὶ
3154 5560 3495 5663 ἀγαλλίασις,
3608 5560 4062 5681 ἠίὸυὸφθιίμῖξξ

865 5735 916 5769 ⁹⁴
959 5739 1060 5791 lsa.
1100 5754 1241 5804 Lmv,
1276 5741 1329 5808 4;
1360 5740 1376 5795 i
1407 5741 1530 5797 Cor.
1565 5760 1623 5810 ιι,
1650 5747 1703 5803 9.
