4204 6450
236 463 345 527 569

1166 461 1465 521 CONTRA
1508 454 2002 517 MAIIOMETEM
2047 455 2426 516 APOLOGIA
2472 456 2568 519 Ν.

3383 455 3491 522 5Ἷο

228 584 288 635 οὗ
306 580 422 647 ,τῆς
449 577 669 649 σαρκόξ.
695 576 769 629 Τὸ
790 590 897 646 γαρ
922 574 1182 642 περισσὴν
1204 575 1300 641 τὴν
1317 572 1540 638 καρδίας
1567 573 1598 638 ἡ
1630 572 1811 638 ἁμαρ-

1918 578 1970 620 et
2007 566 2234 631 bonum,
2260 578 2320 621 .et
2368 569 2656 622 abundans
2686 577 2771 622 est
2804 568 2961 623 nihil.
2997 569 3050 625 Si
3100 569 3284 639 itaque
3323 571 3491 629 homo

230 674 320 724 τία
369 672 535 731 ἐστὶν,
580 670 770 736 ἥντινα
802 667 1160 735 προεξένηςεν
1202 666 1229 716 ὁ
1272 665 1540 726 διὰὖολος,
1579 664 1674 716 καὶ
1718 661 1806 712 διὰ

231 762 326 811 τὰς
358 759 551 827 ἡ“ονὰς
578 760 604 810 6
662 758 972 826 ἄνθρωπος.
1006 755 1186 823 Ὅπερ
1214 754 1270 806 δὲ
1313 754 1570 821 ἐποίησεν
1598 753 1625 802 6
1674 751 1807 813 Θεὲς

232 854 290 901 ὲν
343 849 421 917 τῷ
469 848 761 916 ἀνθρώπῳ,
815 848 916 899 οὐκ
965 845 1083 897 ἔστι
1128 844 1408 910 περισσόν.
1451 843 1672 894 Τέλειον
1710 841 1807 891 μέν

230 939 349 989 ἐστι
376 932 472 989 καὶ
500 935 686 997 καλὸν,
721 935 970 1004 περιττὸν
1001 933 1057 984 δὲ
1081 932 1181 983 οὐκ
1214 931 1350 983 ἔστι.
1399 931 1524 982 Ἐὰν
1549 927 1678 995 γοῦν
1707 944 1805 979 πε-

235 1026 437 1095 ριτέμῃ
459 1027 486 1075 6
518 1024 800 1093 ἄνθρωπος
843 1023 910 1076 τὰ
942 1024 1167 1091 περιττὰ
1198 1022 1297 1089 τῆς
1333 1020 1560 1090 καρδίας
1620 1017 1805 1081 αὐτοῦ,

226 1116 487 1166 τουτέστι
520 1115 617 1185 τὴν
658 1115 955 1182 ἁμαρτίαν,
988 1114 1156 1175 ὅντως
1206 1114 1368 1171 αὐτός
1402 1114 1546 1163 ἐστιν
1593 1108 1808 1175 ἀληθῶς

230 1206 722 1274 περιτετμημένος.
755 1206 813 1257 Ei
839 1203 894 1256 δὲ
923 1207 986 1273 τῇ
1005 1204 1250 1271 ἁμαρτίᾳ
1275 1202 1587 1271 εὑρίσκεται
1618 1213 1808 1267 περιτ-

227 1296 430 1354 τ;ὐων,
463 1299 529 1363 τῇ
574 1294 628 1345 δὲ
669 1294 836 1361 σαρκὶ
870 1293 1364 1362 περιτετμημένος,
1408 1291 1613 1357 ματαία
1666 1290 1810 1340 ἐστὶν

226 1391 260 1454 ἡ
291 1388 487 1438 τούτου
525 1386 814 1454 περιτομὴ,
858 1386 954 1437 καὶ
982 1385 1289 1451 ἀνωφελής.
1350 1382 1511 1434 Ἀλλὰ
1541 1383 1630 1433 καί
1678 1382 1804 1433 Μω·

230 1479 331 1544 σῆς
367 1477 564 1528 οὑτωσί
618 1492 772 1543 φησι,
817 1494 834 1526 ι
868 1475 1025 1528 Κατὰ
1070 1474 1169 1544 τὴν
1214 1475 1425 1544 ἡμέραν
1458 1471 1664 1536 ταύτην
1716 1470 1810 1522 καὶ

229 1565 622 1634 περιτεμείσθε
648 1568 745 1634 τὴν
772 1565 1211 1634 σκληροκαρδίαν
1235 1566 1410 1633 ὑμῶν,
1444 1564 1537 1617 καὶ
1564 1564 1654 1614 τὸν
1681 1563 1811 1630 τρά-

225 1658 399 1727 χηλον
451 1656 604 1723 ὑμῶν
640 1658 698 1708 οὺ
744 1657 1100 1723 σκληρυνεῐτε
1150 1654 1254 1711 ἔτι,
1314 1656 1374 1707 '0
1408 1654 1514 1723 γὰρ
1549 1654 1753 1721 Κύριος
1784 1655 1810 1704 6

230 1748 367 1808 (θεὸς
405 1748 581 1816 ὑμῶν,
612 1742 759 1807 οὗτο,
798 1748 931 1808 Θεὸς
981 1747 1088 1798 τῶν
1140 1746 1278 1797 οειῖιν
1309 1748 1401 1798 καὶ
1449 1746 1654 1814 Κύριος
1700 1744 1810 1797 τῶν

231 1839 469 1907 κυρίων,
501 1841 528 1892 6
563 1839 694 1900 Θεὸς
727 1842 752 1892 6
783 1841 957 1906 μέγας
987 1839 1079 1889 καὶ
1112 1837 1349 1906 ἰσχυρός.
1388 1856 1405 1887 ι
1435 1832 1603 1899 Οἶδας
1651 1838 1811 1888 ποίαν

1910 658 2096 712 cordis
2118 660 2509 713 abundantiam
2529 660 2959 725 circumciderit,
2981 661 3032 715 id
3059 672 3141 717 est
3169 673 3483 732 peccatum,

1910 752 1997 803 hic
2025 766 2213 805 revera
2248 768 2375 806 vere
2424 753 2783 808 circumcisus
2812 763 2920 808 est.
2950 753 3006 808 Si
3035 763 3218 808 autem
3264 766 3491 824 peccato

1909 841 2175 895 obnoxius
2206 842 2392 905 fuerit,
2421 852 2475 895 et
2498 860 2663 898 carne
2696 844 3083 907 circumcisus,
3128 861 3264 899 vana
3290 857 3343 901 et
3369 847 3493 901 iuu-

1913 934 2024 987 tilis
2078 942 2161 987 est
2210 934 2376 1003 hujus
2406 936 2775 991 circumcisio.
2813 936 2918 990 Sed
2946 945 3003 990 et
3047 936 3220 991 Moses
3272 937 3351 991 sic
3410 940 3492 991 in-

1910 1024 2073 1094 quit:
2124 1044 2140 1074 ι
2183 1024 2354 1079 Hodie
2394 1028 2575 1094 itaque
2631 1028 3013 1083 circumcidite
3064 1028 3324 1082 duritiam
3366 1043 3491 1081 cor-

1911 1114 1996 1166 dis
2028 1115 2221 1175 vestri,
2255 1125 2311 1169 et
2352 1116 2622 1171 cervicem
2660 1126 2898 1170 vestram
2937 1132 3002 1170 ne
3058 1118 3333 1170 induretis
3376 1133 3493 1170 ama-

1912 1203 2073 1272 plius.
2111 1203 2375 1256 Dominus
2407 1206 2555 1257 enim
2605 1206 2748 1258 Deus
2798 1215 3003 1271 vester,
3040 1207 3131 1260 hic
3180 1207 3323 1260 Deus
3364 1208 3493 1261 deo-

1913 1310 2030 1345 rum
2061 1303 2162 1352 est.
2195 1303 2251 1347 et
2290 1293 2551 1347 Dominus
2583 1294 2982 1347 dominantium
3014 1311 3027 1348 ε
3074 1296 3217 1348 Deus
3258 1312 3491 1364 magnus

1913 1395 1965 1435 et
2016 1385 2173 1439 fortis
2200 1386 2266 1438 ‘9.
2317 1405 2335 1437 ι
2388 1382 2466 1440 En
2518 1368 2745 1453 qualern
2788 1387 2964 1440 Moses
3016 1386 3490 1442 circumcisioncm

1912 1472 2118 1527 faciat?
2165 1474 2282 1528 Non
2327 1477 2513 1528 carnis
2559 1484 2731 1539 certe,
2786 1476 2879 1527 sed
2929 1476 3134 1529 cordis.
3187 1475 3384 1530 Verum
3438 1486 3495 1529 ct

1914 1572 2118 1633 martyr
2149 1563 2357 1619 Christi
2405 1566 2719 1633 Stephanus
2751 1581 2874 1618 cum
2914 1560 3159 1619 llebrmis
3205 1566 3493 1633 disputans

1912 1653 2093 1706 dixit:
2141 1673 2158 1704 ι
2197 1656 2330 1708 Duri
2372 1656 2585 1709 cervice
2632 1665 2686 1708 ct
2740 1656 3111 1709 incircumcisi
3163 1656 3351 1717 corde,
3397 1656 3491 1724 qui

1915 1748 2200 1816 recepistis
2245 1747 2445 1816 legem.
2478 1758 2533 1801 et
2590 1763 2697 1800 non
2754 1748 3150 1802 olrservavistis
3207 1752 3421 1803 eam”.
3466 1769 3486 1801 ι

1915 1839 2213 1894 Sabbatum
2252 1856 2382 1893 vero
2414 1854 2521 1893 non
2560 1855 2689 1894 casu
2744 1850 2836 1893 aut
2889 1824 3133 1893 fortuito
3173 1842 3488 1895 institutum

226 1930 410 1997 κρίνει
444 1930 649 1999 Μωσῆς
688 1932 1032 2000 περιτομὴνς
1074 1930 1294 1990 Πάντως
1338 1928 1400 1981 οὐ
1438 1928 1536 1996 τῆς
1584 1925 1809 1992 σαρκὸς,

1913 1938 2021 1995 est,
2057 1941 2117 1985 ut
2164 1930 2415 1985 homines
2457 1948 2523 1986 eo
2571 1932 2659 1986 die
2712 1932 2873 1985 otiosi
2925 1931 3241 1986 desiderent
3292 1934 3488 1998 (otium

226 2022 371 2074 ἀλλὰ
398 2022 498 2091 τῆς
526 2023 778 2093 καρδίας.
829 2022 991 2074 Ἀλλά
1022 2022 1116 2073 καὶ
1146 2022 1173 2072 ὁ
1196 2021 1288 2072 τοῦ
1334 2016 1573 2089 Χριστοῦ
1600 2017 1807 2086 μάρτυς

226 2110 505 2174 Στέφανος
553 2109 690 2177 μετὰ
734 2109 845 2161 τῶν
908 2108 1181 2178 Ἐϐραίων
1226 2105 1626 2174 διαλεγόμενος,
1671 2104 1808 2174 πρὸς

226 2197 434 2258 αὐτοὺς
463 2195 637 2258 οὕτως
668 2196 910 2265 εἴρηκεν,
956 2213 973 2245 ι
1010 2192 1482 2263 Σκληροτράχηλοι
1512 2192 1605 2244 καὶ
1619 2191 1811 2259 ἀπερί-

227 2288 435 2358 τμητοι
466 2292 529 2357 τῇ
567 2288 789 2357 καρδίᾳ,
826 2290 1021 2350 οἵτινες
1066 2287 1289 2339 ἐλάϐετε
1342 2288 1433 2337 τὸν
1480 2288 1666 2354 νόμον,
1712 2284 1807 2338 καὶ

229 2382 335 2431 οὐκ
366 2381 670 2446 ἐφυλάξατε
702 2380 886 2432 αὐτόν.
918 2398 935 2431 ι
976 2379 1050 2431 Τὸ
1078 2380 1132 2432 δὲ
1162 2378 1439 2433 Σάϐϐατον
1471 2378 1570 2430 οὐκ
1605 2377 1806 2446 ἐτάχθη

226 2473 409 2534 οὕτως
443 2474 629 2536 ἁπλῶς
678 2473 772 2525 καὶ
801 2471 874 2535 ὼς
921 2470 1100 2541 ἔτυχε,
1134 2471 1222 2525 διὰ
1265 2473 1325 2523 τὸ
1352 2471 1439 2523 ἶνα
1486 2470 1727 2538 ἁργῶσιν
1759 2470 1807 2520 οἱ

231 2564 521 2632 ἅνθρωποι
577 2562 697 2615 κατ’
732 2563 903 2632 αὐτὴν
950 2562 1048 2631 τὴν
1102 2562 1339 2632 ἡμέραν,
1393 2562 1514 2614 ἐπεὶ
1566 2562 1598 2629 ἡ
1640 2560 1810 2629 ἀργία

227 2657 374 2723 αὑτὴ
394 2655 513 2707 καθ’
533 2654 699 2725 αὐτὴν
716 2656 886 2709 κακία
912 2656 1078 2718 ἐστὶν,
1103 2654 1237 2707 ἀλλὰ
1258 2654 1398 2708 διότι
1421 2652 1809 2723 ὲνησχολοῦντο

227 2748 282 2798 oi
328 2745 574 2799 Ἰουδαῖοι
599 2748 891 2809 διαπαντὸς
922 2748 1015 2799 ἐπὶ
1040 2748 1110 2799 τὰ
1143 2746 1393 2815 βιωτικὰ,
1426 2732 1535 2798 τῶν
1562 2746 1617 2797 δὲ
1647 2760 1811 2797 meo.

233 2840 487 2908 ματικῶν
520 2837 769 2908 ἠμέλουν.
817 2839 974 2891 Κατᾶ
1021 2836 1181 2890 τοῦτο
1207 2838 1438 2907 ἐτάχθη,
1466 2836 1551 2905 ἶνα
1597 2836 1808 2906 ἁργῶσι

234 2934 341 2999 μὲν
367 2929 488 2983 κατ’
511 2930 679 2999 αὐτὴν
705 2929 801 2999 τὴν
844 2929 1059 2999 ἡμέραν
1097 2927 1191 2982 τοῦ
1239 2928 1519 2981 Σαῧὸάτου
1564 2928 1671 2980 ἀπὸ
1701 2930 1809 2979 τῶν

234 3021 514 3091 βιωτικῶν
546 3022 899 3093 μελημάτων,
943 3022 1022 3083 είς
1052 3022 1109 3074 δὲ
1153 3020 1253 3090 τὴν
1286 3020 1588 3089 ἐκκλησίαν
1637 3020 1807 3089 ἀπέρ-

234 3130 443 3181 χιονται
479 3113 624 3183 πάσῃ
678 3112 878 3180 σπουδῇ
922 3113 1015 3164 καὶ
1059 3111 1367 3181 ἐπιμελείᾳ.
1403 3112 1509 3163 Καὶ
1540 3109 1695 3176 δῆλον
1745 3111 1809 3161 ἐκ

231 3206 433 3254 τούτου
460 3206 537 3255 ἔτι
572 3207 598 3257 6
627 3204 804 3269 ίερείις
835 3204 973 3254 κατὰ
1006 3203 1063 3254 τὸ
1093 3203 1369 3256 Σάδδατον
1394 3202 1614 3254 διπλοῦν
1647 3202 1807 3271 ἔργον

233 3296 437 3355 ἑποί;ι,
487 3296 585 3348 καὶ
630 3296 823 3359 διπλᾶς
870 3296 968 3357 τὰς
1017 3295 1207 3356 θυσίας
1250 3295 1610 3363 προσέφερεν,
1645 3294 1709 3347 οι
1750 3293 1808 3345 δὲ

246 3387 499 3439 Ἰουδαῖοι
544 3386 635 3438 καὶ
668 3386 822 3438 τοῦτο
844 3385 1293 3455 παραϐλέποντες
1336 3384 1425 3438 ἐπὶ
1468 3389 1566 3446 τας
1618 3384 1810 3451 ἡδονὰς

233 3482 333 3530 καὶ
384 3477 595 3548 τρυφὰς
630 3476 832 3544 μᾶλλον
884 3476 1238 3538 ἐσπούδαζον.
1264 3476 1362 3530 Διά
1407 3492 1489 3529 τοι
1518 3475 1685 3529 τοῦτο
1717 3475 1811 3527 καὶ

230 3574 259 3623 6
292 3569 578 3639 προφήτης
605 3569 1012 3637 καοαπτὸμενος
1039 3568 1237 3632 αὐτῶν,
1269 3566 1473 3633 ἔλεγεν,
1514 3585 1532 3618 ι
1560 3566 1716 3629 Οὐαὶ,
1754 3566 1804 3617 oi

237 3661 534 3729 ἐρχόμενοι
580 3659 658 3720 είς
712 3657 929 3727 ἡμέραν
977 3657 1192 3724 κακὴν,
1250 3656 1299 3705 oi
1347 3654 1659 3723 ἐγγίζοντες
1710 3655 1804 3707 καὶ

235 3754 543 3820 ἁπτόμενοι
571 3749 862 3803 Σαόὁάτων
907 3747 1141 3815 ψευδῶν.
1183 3764 1201 3795 ι
1249 3746 1356 3799 Kal.
1381 3746 1492 3807 τοῖς
1543 3745 1640 3815 μὲν
1680 3745 1806 3799 Ἰου-

234 3847 419 3906 δαίοις
442 3843 599 3911 ἐδόθη
628 3841 688 3893 τὸ
723 3838 1019 3900 Σάϐϐατον,
1051 3840 1135 3891 ἴνα
1172 3838 1524 3906 ἀπεχόμενοι,
1550 3838 1623 3898 ὠς
1663 3840 1814 3908 εἴρη-

234 3956 353 3999 ται,
387 3936 497 3988 τῶν
531 3933 822 4004 βιωτικῶν,
856 3934 949 3984 ἐπὶ
980 3930 1075 4002 τὴν
1105 3931 1402 3998 ἐκκλησίαν
1432 3929 1775 3992 σπουδάζωσι
1798 3945 1812 3960 ·

232 4029 440 4089 nigris
474 4026 817 4095 Χριστιανοίς
842 4025 940 4091 οὐχ
995 4022 1191 4083 οὕτως,
1243 4020 1377 4073 ἀλλὰ
1409 4020 1530 4073 καθ’
1579 4022 1815 4087 ἑκάστην

234 4124 461 4186 ἡμέραν
514 4121 572 4170 ἐν
624 4120 687 4184 τῇ
740 4117 1004 4184 ἐκκλησία
1043 4116 1133 4167 καὶ
1162 4117 1225 4183 τῇ
1284 4117 1559 4183 προσευχῇ
1612 4114 1817 4181 ἐτάχθη

232 4211 605 4279 ἀπέρχεσθαι.
644 4209 755 4260 Καὶ
787 4207 959 4268 οὕτως
990 4207 1318 4276 ἐνεργεῖται·
1349 4207 1395 4256 οί
1426 4206 1522 4271 μὲν
1563 4205 1743 4267 πλέον,
1769 4207 1818 4256 οἰ

231 4304 291 4353 δὲ
326 4303 547 4352 ἔλαττον
563 4296 684 4351 καθ’
702 4298 915 4366 ἡμέραν
931 4294 1341 4363 προσεύχονται.
1368 4295 1477 4345 Καὶ
1499 4293 1689 4363 ὥσπερ
1715 4294 1812 4346 ἐπὶ

234 4391 437 4443 πασῶν
457 4389 562 4441 τῶν
580 4386 802 4441 ἐντολῶν
828 4387 856 4438 ὁ
875 4386 974 4455 μὲν
998 4386 1157 4454 νόμος
1176 4384 1360 4451 ἔλεγεν
1377 4384 1555 4449 ὀλίγον
1578 4385 1671 4435 καί⁵
1696 4386 1821 4436 ἁτε·-

233 4484 358 4546 λὲς,
374 4483 434 4534 τι
448 4481 501 4533 ἰὲ
520 4480 844 4545 Εὖαγγέλιον
863 4476 1158 4536 καθολικῶς
1172 4476 1265 4527 καὶ
1277 4475 1515 4537 τελείως,
1527 4472 1587 4526 οὖ
1598 4492 1694 4530 τως
1709 4476 1825 4527 ἐστὶ

1909 2016 2055 2072 enim
2087 2033 2184 2087 per
2219 2033 2278 2073 se
2306 2018 2439 2071 vitio
2458 2018 2733 2087 habetur),
2764 2019 2856 2073 sed
2886 2018 3138 2073 utJudzci
3168 2021 3393 2073 omnino
3424 2021 3493 2075 ab

1912 2110 1977 2166 iis
2009 2125 2128 2180 qum
2164 2110 2330 2164 vitam
2380 2110 2615 2163 attinent
2654 2121 2939 2172 vacantes,
2982 2110 3289 2179 spiritualia
3329 2128 3492 2165 cura-

1910 2212 2052 2256 ri-nt.
2084 2202 2151 2255 Et
2194 2201 2249 2253 in
2285 2202 2431 2254 hunc
2480 2200 2641 2254 linem
2672 2200 2983 2252 institutum
3020 2209 3124 2262 est,
3157 2210 3213 2252 ut
3246 2200 3492 2253 Sabbato

1910 2294 2135 2364 quidem
2181 2303 2439 2346 vacarent
2486 2307 2515 2369 a
2569 2292 2718 2347 curis
2764 2293 2927 2345 vitam
2976 2293 3378 2361 spectantibus,
3435 2293 3489 2345 in

1910 2385 2234 2439 concionem
2260 2397 2393 2437 vero
2423 2383 2637 2436 ardenti
2684 2382 2867 2436 studio
2894 2392 2949 2435 et
2984 2398 3115 2437 cura
3150 2382 3383 2436 abirent.
3425 2379 3490 2435 Et

1911 2477 2058 2530 clare
2103 2483 2340 2540 constat,
2372 2473 2519 2543 quod
2557 2475 2817 2527 sacerdos
2852 2473 2904 2527 in
2940 2472 3179 2527 Sabbato
3214 2472 3489 2541 duplicem

1912 2568 2157 2623 laborem
2193 2566 2541 2629 absolrebat,
2586 2574 2642 2621 et
2680 2566 2929 2635 duplices
2958 2566 3268 2620 oblationes
3295 2565 3493 2617 immo-

1913 2663 2075 2717 labat.
2112 2660 2286 2716 Judaei
2339 2668 2521 2713 autem
2552 2658 2717 2713 etiam
2768 2658 2871 2712 hoc
2911 2658 3162 2727 neglecto
3198 2656 3493 2724 voluptati-

1912 2753 2058 2807 tihus
2111 2751 2284 2819 magis
2329 2750 2625 2805 studebant
2674 2759 2730 2803 et
2758 2749 2993 2804 deliciis.
3055 2748 3398 2817 Quapmptcr
3437 2757 3494 2802 et

1912 2844 2178 2914 propheta
2226 2843 2518 2911 increpans
2565 2841 2706 2905 illos,
2752 2840 2893 2894 dixit
2926 2859 2938 2892 :
2976 2858 2995 2891 ι
3034 2839 3124 2895 Va:
3153 2839 3493 2893 abeuntihus

1917 2938 1981 2989 ad
2012 2936 2159 2989 diem
2209 2936 2434 2996 malum,
2463 2934 2557 3002 qui
2590 2931 3041 3001 appr0pinquatis
3085 2939 3140 2984 et
3169 2928 3492 2998 conting’tis

1910 3028 2146 3081 Sabbata
2200 3024 2321 3078 ﬁcta
2350 3026 2419 3077 ⁹¹.
2462 3043 2479 3074 ι
2517 3023 2581 3077 Ει
2609 3023 2815 3077 Judaeis
2845 3023 3089 3089 quidem,
3124 3029 3180 3073 ut
3228 3021 3491 3086 diximus,

1915 3118 2212 3172 Sabbatum
2248 3115 2562 3168 institutum
2595 3125 2711 3174 ρει,
2755 3122 2819 3167 ut
2851 3129 2879 3166 a
2912 3113 3062 3167 curis
3093 3112 3295 3165 victum
3340 3126 3494 3178 spec-

1914 3209 2159 3263 tantibus
2217 3214 2509 3266 varantes,
2563 3206 2629 3258 ad
2685 3205 2982 3259 conciones
3025 3219 3210 3257 sacras
3248 3203 3495 3256 studiose

1912 3298 2294 3361 convenirent,
2324 3296 2656 3351 Christianis
2687 3311 2818 3350 vero
2851 3312 2957 3349 non
2994 3294 3270 3355 similite.°,
3302 3303 3492 3362 utpote

1913 3408 2036 3446 cum
2068 3390 2317 3461 quotidie
2364 3389 2430 3442 ad
2482 3388 2777 3442 conciones
2804 3396 2859 3442 et
2888 3402 3080 3458 preces
3113 3387 3249 3455 ipsis
3294 3400 3497 3439 conve-

1911 3486 2033 3537 nire
2087 3482 2332 3536 solemne
2382 3480 2471 3543 sit,
2523 3490 2579 3533 et
2625 3482 2706 3533 sic
2752 3480 3037 3532 laboratur
3068 3487 3129 3531 ut
3175 3477 3229 3529 hi
3265 3476 3489 3545 quidem

1914 3573 2073 3641 plus,
2130 3570 2207 3623 illi
2258 3583 2388 3623 vero
2425 3569 2609 3623 minus
2668 3568 2899 3638 singulis
2951 3568 3149 3621 diebus
3192 3575 3371 3621 orent.
3426 3564 3493 3619 Et

1914 3662 2371 3733 quemadmodum
2405 3663 2458 3715 in
2487 3661 2745 3716 omnibus
2773 3660 3063 3730 prteceptis
3086 3660 3172 3714 lex
3205 3658 3493 3712 minimum

1916 3756 2052 3810 illud
2087 3764 2142 3808 et
2190 3753 2577 3824 imperfectum
2629 3752 2908 3822 exposuit,
2959 3750 3314 3821 Evangelium
3363 3766 3495 3804 vero

1917 3845 2229 3901 universale
2285 3846 2418 3899 illud
2468 3853 2524 3898 et
2578 3853 2791 3897 totum:
2825 3844 2900 3895 ita
2935 3843 3099 3895 etiam
3156 3845 3210 3895 in
3259 3841 3499 3896 Sabbato

1919 3937 2031 3989 ﬁeri
2069 3937 2342 3990 videmus.
2394 3935 2502 3988 Lex
2552 3934 2775 4003 quidem
2832 3931 3130 3986 Sabbatum
3184 3933 3494 3995 constituit.

1920 4040 1979 4082 ut
2029 4027 2325 4081 conciones
2379 4026 2615 4079 adirent.
2657 4024 3010 4094 Evangelium
3067 4040 3199 4077 vero
3247 4024 3496 4089 quotidie

1923 4122 2025 4173 hoc
2077 4119 2193 4172 lieri
2246 4117 2439 4180 voluit,
2491 4117 2654 4184 idque
2691 4132 2796 4168 non
2846 4116 3012 4169 semel
3052 4125 3259 4168 tantum
3297 4116 3348 4167 in
3385 4116 3494 4177 die,

1922 4212 2015 4265 sed
2073 4211 2294 4271 millies,
2333 4208 2376 4261 si
2413 4208 2501 4260 cui
2554 4206 2801 4259 libuerit.
2836 4204 2989 4269 Quod
3035 4204 3078 4256 si
3117 4204 3377 4267 volueris,
3416 4204 3503 4256 ἀξίη

1914 4302 2039 4357 catn
2070 4301 2125 4354 ‘d
2176 4299 2494 4353 dilucidius.
2554 4297 2758 4353 Judaais
2808 4296 2873 4349 ad
2926 4296 3205 4349 Christum
3258 4293 3498 4349 Sabbato

1924 4394 2348 4465 appon.....ibus
2381 4388 2631 4462 magnam
2674 4390 3018 4444 inﬁrmorum
3061 4388 3496 4449 tnultitudinrm,

1926 4486 2273 4546 claudcrum,
2338 4496 2631 4544 eiecerunt,
2681 4480 2987 4543 aridorum,
3046 4479 3494 4549 put-:ilytiCorum,

241 4577 347 4629 καὶ
369 4577 463 4625 ἐπὶ
480 4570 571 4624 τοῦ
587 4569 886 4622 Σαδδάτου.
902 4568 961 4619 Ὀ
979 4568 1078 4636 μὲν
1105 4567 1265 4635 νόμος
1281 4567 1341 4619 τὸ
1359 4565 1635 4619 Σάϐϐατον
1649 4563 1812 4632 εἶπενἵ

1927 4577 2409 4635 dtemoniacorum,
2437 4574 2779 4641 aliorumque
2809 4572 2973 4624 variis
3004 4571 3214 4624 morbis
3242 4569 3498 4623 laboran-

238 4671 339 4721 ἵνα
368 4668 448 4726 είς
476 4664 571 4733 τὴν
597 4661 891 4729 ἐκκλησίαν
918 4660 1286 4728 ἀπέρχωνται,
1313 4658 1373 4710 τὸ
1400 4657 1457 4709 δὲ
1492 4658 1819 4723 Εὑαγγέλιον

238 4759 376 4814 καί)¹
412 4758 671 4823 εκάστην,
704 4756 797 4807 καὶ
820 4754 881 4805 οὗ
916 4754 1075 4821 μόνον
1124 4750 1269 4816 ἅπαξ
1301 4752 1399 4819 τῆς
1431 4753 1665 4820 ἡμέρας,
1702 4749 1817 4801 ἀλλ’

233 4858 267 4906 6
308 4850 637 4921 βουλόμενος
665 4848 948 4917 μυριάκις.
986 4844 1045 4895 Εἰ
1073 4843 1127 4895 δὲ
1160 4842 1362 4911 βούλει,
1390 4842 1484 4894 καὶ
1533 4843 1612 4894 ἐτι
1647 4841 1815 4909 σαφέ-

236 4958 449 5009 στερον
496 4940 589 4991 τὸν
637 4936 794 5003 λόγον
850 4936 1174 5001 ποίησυμαι.
1209 4933 1490 5002 Φερόντων
1536 4930 1643 4983 τῶν
1683 4931 1816 4983 ’1ου-

232 5034 420 5088 δαίων
458 5027 768 5099 ἔμπροσθεν
795 5024 888 5079 τοῦ
923 5023 1160 5089 Χριστοῦ
1207 5025 1273 5093 τῇ
1318 5024 1501 5091 ἡμέρᾳ
1546 5021 1637 5073 τοῦ
1674 5020 1814 5072 Σαὸο

233 5128 421 5179 ϐάτου
473 5121 671 5188 πλῆθος
704 5117 1037 5188 γάῤῥὼστων,
1083 5114 1294 5183 χωλῶν,
1327 5114 1564 5182 τυφλῶν,
1612 5113 1817 5182 ξηρῶν,

234 5214 601 5284 παραλύτων,
645 5210 1129 5279 δαιμονιζομένων,
1181 5208 1276 5259 καὶ⁵
1332 5209 1534 5275 ἐτέρων
1586 5208 1821 5274 ἐχόντων

233 5306 567 5379 ἀρρωστίας
627 5304 894 5364 ποικίλας,
926 5301 1052 5362 τοὺς
1093 5300 1298 5360 πάντας
1334 5301 1389 5350 ἐν
1422 5300 1555 5367 αὐτῇ
1592 5301 1661 5368 τῇ
1700 5297 1819 5366 ὥρᾳ

229 5398 615 5469 ἐθεράπευσε.
667 5395 868 5447 Φθόνου
923 5393 979 5445 δὲ
1034 5392 1127 5443 καὶ
1172 5390 1347 5460 Θυμοῦ
1398 5392 1724 5460 πλησθέντες
1773 5390 1821 5441 οί

248 5492 532 5553 Ἰουδαῖοι,
561 5489 659 5541 οὐκ
680 5483 824 5555 εἷλον
847 5488 896 5537 τὶ
927 5486 1101 5536 εἰπεῖν
1128 5484 1267 5535 κατὰ
1289 5480 1382 5535 τοῦ
1412 5481 1448 5534 Χ
1464 5481 1648 5551 ριστοῦ
1669 5481 1817 5540 ἄλλο,

232 5584 353 5641 καὶ
380 5583 632 5649 λέγουσιν
658 5577 825 5646 αὐτῷ,
860 5594 878 5628 ι
912 5577 1025 5629 Οὐκ
1072 5574 1249 5641 ἔξεστί
1298 5591 1380 5625 σοι
1428 5575 1599 5624 ποιεῖν
1647 5573 1816 5624 ταῦτα

229 5677 309 5735 ἄν
343 5677 411 5745 τῇ
460 5673 642 5744 ἡμέρᾳ
675 5671 767 5724 τοῦ
812 5669 1112 5722 Σαϐὂατου.
1143 5686 1161 5719 ι
1214 5666 1373 5719 Ἀλλὰ
1403 5669 1494 5720 καὶ
1542 5668 1667 5727 τοὺς
1720 5683 1817 5727 μα-

321 5862 370 5892 ¹¹⁹
401 5858 560 5915 Dcut.
598 5874 647 5922 κ,
697 5858 778 5920 Hi,
822 5850 901 5910 l7.
978 5858 1021 5888 "'
1060 5859 1179 5910 Act.
1219 5871 1309 5920 vlt,
1347 5858 1433 5911 5|.

1516 5854 1553 5889 "
1598 5859 1791 5913 liscch.
1836 5871 1941 5923 xxx,
1972 5858 2062 5911 23.

1921 4670 2079 4732 tium,
2117 4681 2309 4721 omnes
2339 4664 2529 4718 eadem
2564 4665 2677 4733 ipsa
2710 4665 2844 4716 hora
2866 4663 3097 4716 sanavit.
3125 4662 3299 4716 .lndxi
3335 4677 3493 4726 vero,

1920 4760 2124 4813 invidia
2153 4767 2207 4811 et
2235 4757 2313 4810 ira
2338 4755 2505 4825 pleni.
2526 4770 2648 4808 cum
2677 4754 2825 4807 aliud
2858 4754 3000 4822 quod
3032 4753 3252 4807 Christo
3280 4753 3494 4820 objicc-

1917 4861 2059 4905 rent.
2091 4864 2198 4902 non
2228 4847 2515 4911 haberent,
2547 4846 2739 4898 dicunt
2762 4846 2835 4897 illi
2866 4859 2880 4897 :
2918 4864 2935 4895 ι
2961 4843 3076 4898 Non
3107 4844 3235 4897 licet
3269 4844 3363 4896 tibi
3394 4843 3496 4895 hoc

1918 4942 2096 4994 facere
2117 4938 2354 4993 Sabbato
2370 4939 2434 4988 θ’.
2466 4955 2482 4986 ι
2510 4936 2650 5001 Quin
2668 4944 2723 4989 et
2748 4936 3001 4989 Phariszei
3021 4935 3272 4987 videntes
3291 4934 3492 4987 Chriin

1921 5032 2221 5101 discipulos
2276 5028 2513 5082 Sabbato
2572 5028 2751 5095 spicas
2801 5028 3000 5080 vellere
3055 5039 3107 5078 ct
3168 5026 3491 5088 comedere,

1924 5124 2184 5176 dixerunt
2220 5120 2476 5173 eumdem
2514 5131 2821 5171 sermonem
2851 5116 2917 5169 ”.
2959 5115 3097 5180 Quid
3131 5131 3258 5165 vero
3299 5114 3363 5167 ad
3397 5114 3498 5166 hos

1922 5211 2175 5265 Christus
2199 5209 2221 5260 Ῥ
2247 5228 2264 5259 ι
2301 5210 2495 5260 Annon
2534 5207 2743 5275 legistis
2768 5208 2898 5274 quid
2929 5206 3125 5259 fecerit
3158 5205 3345 5263 David.
3374 5221 3494 5257 cum

1923 5301 2163 5357 esuriret
2210 5300 2349 5367 ipse,
2381 5310 2437 5352 et
2463 5299 2555 5366 qui
2590 5315 2715 5352 cum
2756 5314 2822 5351 eo
2853 5297 3052 5350 erant?
3081 5296 3366 5361 Quomodo
3415 5299 3494 5349 in-

1921 5410 2142 5467 gressus
2188 5395 2258 5447 sit
2289 5395 2341 5447 in
2384 5394 2607 5445 domum
2644 5394 2757 5455 Dei,
2802 5402 2857 5445 et
2896 5406 3063 5459 panes
3100 5389 3498 5459 propositionis

1927 5486 2249 5547 comederit,
2280 5494 2335 5537 et
2381 5482 2597 5536 dederit
2630 5482 2715 5534 his
2743 5484 2835 5549 qui
2867 5497 2988 5534 cum
3023 5496 3089 5532 eo
3132 5488 3289 5531 erant
3321 5479 3375 5529 in
3410 5478 3498 5530 die

1928 5577 2149 5629 Subbati
2176 5576 2199 5627 ?
2229 5575 2527 5627 Sabbatmn
2555 5572 2701 5626 enim
2734 5583 2956 5639 propter
2983 5572 3259 5622 hominem
3294 5568 3495 5620 facuun

1922 5676 2025 5727 est.
2063 5677 2117 5721 et
2148 5682 2252 5718 non
2285 5665 2448 5717 homo
2484 5673 2704 5731 propter
2732 5661 3046 5715 Sabbatum.
3092 5679 3110 5711 ι
3148 5659 3253 5713 Sed
3296 5672 3350 5710 et
3378 5659 3485 5710 alia

2140 5857 2183 5888 ⁹¹
2221 5852 2408 5909 Matth.
2450 5867 2541 5917 xu,
2584 5854 2663 5909 l0.
2742 5855 2783 5885 "
2812 5854 2944 5913 ibid.
2988 5853 3005 5904 1
3049 5867 3202 5918 seqq.
