4204 6450
247 475 352 538 585

1121 463 1415 525 CONTRA
1457 459 1942 518 M.-\llO.\lEl‘E.\I
1982 459 2410 519 ORATIONES
2468 458 2560 518 IV.

3368 463 3469 528 536

248 579 339 648 ιβ’.
373 579 506 628 Ὀτι
535 572 899 633 ἐντέλλεται,
927 571 1028 622 ἵνα
1058 568 1251 631 ουδεὶς
1280 567 1385 631 τῆς
1412 566 1645 619 ἐκείνου
1672 580 1814 632 φρα-
1844 571 1887 624 Α

1844 571 1887 624 Α
1922 564 2004 618 12,
2047 565 2193 627 Quod
2228 568 2578 627 interdixerit.
2608 584 2670 621 ne
2712 570 2827 635 quis
2855 583 2965 621 sua
2992 577 3143 621 sectw
3174 567 3250 620 vel
3280 574 3476 620 ordinis

314 668 483 736 τρίας
534 665 683 731 μετα
728 678 889 725 τινος
936 658 1049 712 τῶν
1103 657 1474 726 Χριστιανῶν
1529 656 1808 723 διαλέγη-

315 775 436 810 ται.

1985 671 2099 707 rum
2128 656 2305 724 aliqua
2327 654 2750 711 Christianorum
2777 660 3027 727 disputet.

245 846 337 910 ιγ’.
376 847 503 897 Ὀτι
553 848 585 897 ό
619 843 749 895 Νῶε
806 842 902 893 καὶ
947 840 1223 906 Ἀϐραὰμ,
1274 837 1435 890 ἀλλὰ
1489 835 1565 901 δὴ
1615 834 1713 886 zeal
1761 836 1812 885 al

1916 833 2002 887 15.
2045 833 2193 897 Quod
2237 832 2353 886 Noe
2396 844 2443 887 et
2488 838 2779 899 Abraham,
2829 838 2930 906 ipsi
2968 840 3191 909 denique
3234 844 3480 910 apostoli,

316 938 648 991 ἀπόστολοι
700 934 806 987 τοῦ
836 931 1024 985 αὑτοῦ
1070 929 1364 997 δόγματος
1413 923 1591 995 ἦσαν,
1623 921 1809 990 οὗπερ

316 1024 498 1090 οὗτος
521 1025 761 1088 ἐξέθετο
784 1023 1062 1088 ὕστερον.

441 1159 749 1213 ΚΕΦΑΔΙΑ
774 1156 922 1210 ΤΟΥ
949 1153 1327 1208 ΔΕΥΤΕΡΟΥ
1350 1148 1613 1204 ΛΟΓΟΥ.

241 1302 315 1352 α’.
351 1296 482 1350 Ὅτι
519 1293 592 1347 τὰ
617 1294 688 1346 ἐν
718 1291 846 1356 ταῖς
877 1287 1219 1350 Μωσαϊιιαῖς
1259 1282 1650 1352 παραδόσεσι,
1691 1294 1814 1343 τοις

264 1399 272 1407 ·
318 1387 656 1455 προφήταις
699 1399 782 1446 τε,
824 1381 905 1445 τῷ
942 1377 1258 1445 Ψαλτηρίῳ
1310 1373 1411 1427 zeal
1452 1370 1812 1466 rep-Eba‘rre:

317 1480 432 1543 λίῳ
456 1472 847 1545 γεγραμμένα,
871 1471 1029 1538 ἅγια,
1049 1469 1145 1522 zeal
1163 1467 1380 1525 δίκαια,
1398 1460 1508 1515 .zeal
1529 1462 1645 1515 ἀπὸ
1666 1460 1814 1510 Θεοῦ

312 1564 606 1632 δεδομένα
654 1560 849 1623 καλεῖ,
901 1557 1001 1610 zeal
1068 1555 1304 1622 στέργει
1356 1550 1454 1604 καὶ
1503 1547 1815 1616 φυλάσσει

309 1655 468 1711 αὺτά
488 1671 502 1685 ·
535 1652 636 1706 zeal
658 1650 838 1706 οὐδὲν
861 1650 1016 1712 ὅλως
1043 1645 1202 1699 εἰσὶν
1225 1647 1279 1696 ot
1309 1642 1526 1695 τούτου
1560 1638 1814 1691 ἀκόλου-

315 1750 433 1809 θοι,
468 1746 518 1797 εί
544 1743 630 1811 μὴ
660 1740 848 1794 ταῦτα
878 1734 1284 1802 πληρώσαιεν.

242 1838 308 1903 β’.
350 1838 478 1887 Ὅτι
507 1836 593 1897 είς
630 1829 1041 1895 ἐϐδομήκοντα
1074 1824 1222 1890 ,πρὸς
1255 1822 1371 1886 τοῖς
1405 1819 1560 1886 τρισί
1602 1818 1813 1885 μοίρας

1985 928 2216 993 ejusdem
2257 944 2417 995 quam
2471 931 2581 999 ipse
2622 940 2802 999 postea
2837 931 3191 1001 promulgavit
3231 933 3484 991 doctrina:

1982 1027 2263 1071 sectatores
2303 1018 2520 1085 fuerint.

2150 1151 2534 1208 ORATIONIS
2569 1152 2930 1210 SECUNDrE
2965 1156 3243 1214 CAPITA.

1919 1284 1968 1335 l.
2011 1283 2161 1347 Quoa
2204 1299 2264 1336 ea
2310 1300 2426 1352 qua:
2472 1285 2525 1337 in
2572 1286 2817 1341 Mosaicis
2868 1292 3157 1359 preeceptis,
3201 1296 3483 1361 prophetis,

1986 1368 2248 1422 Psalterio
2292 1381 2341 1423 et
2375 1370 2661 1440 Evangelia
2689 1368 3042 1439 continentur,
3080 1387 3292 1445 sancta,
3334 1381 3486 1446 justa

1985 1470 2034 1513 et
2076 1463 2168 1515 Dei
2214 1464 2519 1517 traditiones
2566 1466 2815 1528 nominet,
2847 1467 3197 1534 amplectatur
3232 1480 3280 1522 et
3309 1472 3482 1523 obser-

1987 1561 2065 1604 vet
2097 1568 2114 1606 :
2145 1556 2382 1622 quodque
2430 1554 2573 1609 illius
2605 1564 2887 1612 sectatores
2917 1575 3021 1614 non
3067 1560 3192 1627 sint,
3243 1564 3331 1631 qui
3374 1566 3484 1616 lucc

1987 1660 2091 1696 non
2126 1645 2475 1713 impleverint.
3455 1658 3465 1667 '

1918 1823 1970 1874 ἓ.
2015 1821 2165 1886 Quod
2215 1822 2340 1895 legis
2380 1842 2491 1880 sua:
2529 1836 2811 1882 sectatores
2839 1831 2892 1883 in
2931 1838 3107 1899 partes
3147 1837 3482 1905 septuaginta

307 1889 611 1995 μέλλουσι
646 1889 976 1990 σχισθῆναι
1003 1918 1057 1968 οί
1078 1889 1157 1978 τῶ
1173 1915 1335 1980 νόμῳ
1348 1909 1535 1964 αὑτοῦ
1558 1909 1813 1963 ἀκολου·
1849 1889 1886 1943 Β

1849 1889 1886 1943 Β
1980 1924 2084 1966 tres
2112 1915 2218 1966 sint
2240 1915 2523 1981 dividendi,
2548 1935 2772 1986 quarum
2799 1922 2955 1975 unica
2977 1924 3092 1977 sola
3112 1926 3179 1977 sit
3197 1889 3477 1987 εαΙινιῖιιιίιι.

310 2016 647 2080 ϐήσαντες-ο
699 2011 797 2063 zeal
855 2008 893 2073 ἠ
924 2006 1039 2074 μὲν
1072 2005 1180 2072 μία
1220 2001 1315 2055 zeal
1366 2002 1516 2068 μόνη
1573 1999 1641 2050 ἐκ
1670 1995 1809 2047 τού-

310 2123 430 2160 των
466 2103 826 2169 σωθήσεται,
866 2100 927 2152 al
964 2096 1014 2148 δ’
1059 2095 1243 2148 ἄλλαι
1267 2089 1349 2156 τῷ
1376 2090 1517 2155 πυρὶ
1552 2086 1811 2154 παραδο-

315 2197 629 2260 θήσονται.

1981 2003 2214 2072 reliquas
2248 2023 2367 2059 vero
2397 2008 2503 2076 igni
2531 2010 2817 2066 tradendus
2848 2018 2982 2081 fore.

239 2286 311 2355 γ’.
350 2288 482 2339 Ὀτι
508 2288 557 2337 εί
578 2284 665 2353 μὴ
688 2282 846 2350 παρὰ
878 2278 1026 2334 Θεοῦ
1074 2274 1155 2347 ἦν
1187 2276 1252 2329 τὸ
1288 2273 1541 2341 Κορρὰν,
1588 2268 1811 2322 πολλαὶ

1910 2267 1960 2321 5.
2006 2267 2158 2333 Quod
2201 2270 2299 2323 nisi
2335 2287 2368 2322 a
2400 2271 2507 2325 Deo
2552 2283 2681 2327 esset
2725 2276 3001 2344 Alcorran,
3030 2280 3194 2333 multa
3226 2282 3281 2332 in
3316 2297 3374 2334 eo
3405 2300 3475 2337 es-

312 2377 726 2442 ἐναντιότητες
752 2373 1124 2438 εὑρίσκοιντο
1150 2368 1227 2422 ἂν
1255 2362 1516 2427 ὲναὺτῶ.

233 2469 301 2523 δ’.
335 2471 464 2522 Ὀτι
487 2466 638 2536 μετὰ
661 2465 767 2518 τοῦ
796 2461 1064 2529 Γαϐριὴλ
1087 2456 1364 2514 ἀνελθεῖν
1387 2458 1474 2519 είς
1501 2456 1608 2507 τὸν
1638 2451 1805 2513 Θεὸν,

310 2562 410 2615 zeal
459 2558 737 2626 ἐντυχεῖν
789 2554 1042 2624 ἀγγέλῳ,
1092 2548 1371 2619 μυριάκις
1416 2546 1639 2615 μείζονι
1701 2541 1810 2595 τοῦ

311 2655 547 2719 κόσμου
600 2648 848 2712 παντὸς,
886 2642 1205 2712 θρηνοῦντι
1249 2639 1357 2704 τὰς
1414 2638 1598 2692 αὑτοῦ
1627 2637 1811 2703 ἁμαρ-

310 2742 467 2804 τίας,
500 2736 597 2791 zeal
621 2734 827 2803 τυχεῖν
857 2732 1017 2798 παρὰ
1048 2729 1196 2783 Θεοῦ
1223 2725 1580 2794 συγγνώμης
1603 2723 1676 2775 δι’
1706 2722 1812 2774 αὐ-

235 2928 305 2974 εν.
346 2922 480 2973 Ὀτι
508 2920 682 2983 τέλος
715 2915 812 2970 zeal
839 2911 1101 2984 σφραγίς
1131 2911 1248 2965 τῶν
1291 2905 1613 2977 προφητῶν
1640 2906 1812 2960 ἐστιν

317 3007 517 3075 οὗτος.

239 3099 320 3165 ς’.
353 3102 486 3153 Ὀτι
522 3096 797 3166 ἁρπαγὰς
824 3097 923 3150 zeal
965 3096 1193 3165 φόνους
1227 3091 1444 3145 κωλύει
1488 3087 1587 3140 zeal
1613 3086 1811 3151 ἐπιορο

313 3192 476 3255 κίας,
505 3189 604 3242 zeal
636 3188 821 3241 πάλιν
852 3187 1040 3240 ταῦτα
1084 3182 1419 3237 ἐνδίδωσιν.

239 3280 309 3345 ζ’.
346 3282 475 3333 Ὀτι
517 3282 549 3332 ὁ
580 3280 725 3343 Θεὸς
752 3276 1008 3330 ἐνέδωκε
1040 3275 1227 3339 τούτῳ
1255 3267 1637 3337 ἐπιορκῆσαι.

236 3371 313 3437 η’.
361 3369 487 3420 Ὅτι
513 3366 936 3434 διαλεγόμενος
957 3360 1116 3425 αὐτῷ
1139 3363 1170 3413 ὁ
1200 3359 1364 3422 Θεὸς,
1391 3356 1556 3408 εἶπεν
1576 3355 1655 3418 ὠς
1680 3369 1811 3405 παι-

311 3458 450 3524 διᾶς
481 3458 654 3525 χάριν
681 3456 934 3521 ἐποίησε
967 3453 1074 3506 τὸν
1100 3453 1351 3520 κόσμον.

237 3553 309 3607 θ’.
352 3554 485 3605 Ὀτι
528 3550 599 3603 ἐν
630 3547 711 3613 τῷ
744 3546 1044 3616 κεφαλαίῳ
1072 3543 1150 3609 τῷ
1170 3543 1474 3613 λεγομένῳ
1501 3543 1551 3594 Μ
1566 3538 1807 3607 πακαρᾶ,

315 3644 466 3710 ὅπερ
524 3641 908 3709 ἑρμηνεύεται
960 3636 1232 3705 δάμαλις,
1286 3636 1366 3699 ὡς
1427 3637 1479 3686 οὶ
1544 3629 1812 3684 Ἰουδαῖοι

311 3735 415 3787 zeal
445 3735 499 3786 ol
533 3730 871 3798 Χριστιανοὶ
913 3727 1179 3795 σωθῆναι
1225 3726 1555 3793 μέλλουσιν
1579 3740 1592 3754 ο
1625 3725 1694 3774 ἑν
1745 3721 1810 3770 δὲ

310 3822 394 3888 τῷ
420 3821 723 3890 κεφαλαίῳ
741 3817 821 3883 τῷ
845 3818 1069 3887 Ἀμρὰμ
1095 3813 1271 3879 αὖθίς
1299 3829 1490 3881 φησιν
1508 3813 1593 3863 ὅτι
1611 3810 1809 3873 οὐδεὶς

310 3915 565 3968 δύναται
615 3909 880 3978 σωθῆναι
922 3909 1067 3962 ἄνευ
1106 3906 1226 3960 τῶν
1270 3907 1337 3958 ἐν
1372 3904 1451 3967 τῷ
1486 3906 1646 3971 νόμῳ
1694 3901 1809 3953 τῶν

329 4001 748 4073 Ἰσμαηλιτῶν.

242 4098 298 4145 ι’.
331 4092 464 4143 Ὀτι
500 4090 613 4157 πρὸ
659 4085 846 4140 αὐτοῦ
890 4088 961 4139 οὺ
996 4082 1247 4137 δύναταί
1280 4097 1370 4145 τις
1399 4078 1696 4134 εισελθεῖν
1726 4080 1810 4141 εἰς

315 4187 425 4234 τίν
452 4177 840 4246 παράδεισον.
880 4173 985 4227 Kal
1022 4168 1196 4237 αὖθίς
1233 4186 1423 4238 φησιν
1461 4168 1548 4221 ὅτι
1580 4168 1811 4229 ἔδειξεν

316 4269 478 4335 αὐτῷ
511 4273 542 4322 ό
581 4270 723 4331 Θεὸς
762 4264 1051 4336 γυναῖκας
1076 4278 1137 4315 τε
1172 4263 1267 4314 zeal
1294 4259 1516 4327 ἄνδρας
1538 4258 1810 4323 πολλοὺς

315 4364 702 4425 εἰσελθόντας
730 4357 842 4427 πρὸ
865 4356 1049 4411 αὑτοῦ
1074 4357 1162 4419 εις
1185 4353 1291 4407 τὸν
1312 4352 1702 4419 παράδεισον.

244 4461 339 4510 ια’.
376 4454 507 4506 Ὀτι
534 4456 566 4507 ό
598 4454 739 4515 Θεὸς
758 4449 907 4518 μετὰ
945 4446 1059 4513 τὴν
1088 4444 1428 4498 ἀνάστασιν
1464 4442 1671 4506 οἷκους
1709 4456 1810 4494 πε-

1980 2366 2094 2412 sent
2126 2361 2226 2413 sibi
2253 2362 2470 2416 invicem
2499 2366 2793 2418 contraria.

1910 2452 1964 2503 4.
2007 2446 2302 2514 Quod'cum
2332 2452 2575 2508 Gabriele
2600 2458 2670 2509 ad
2699 2457 2867 2511 Deum
2899 2463 3203 2522 ascendens.
3236 2465 3290 2517 in
3323 2484 3480 2536 ange—

1986 2541 2096 2593 lum
2131 2544 2372 2597 inciderit
2406 2546 2573 2601 decies
2602 2549 2827 2602 millenis
2857 2553 3050 2605 vicibus
3092 2556 3343 2622 majorem
3373 2567 3480 2611 toto

1981 2637 2195 2697 mundo,
2255 2635 2529 2706 deﬂentem
2584 2652 2795 2708 peccata
2844 2660 2973 2707 sua,
3030 2647 3119 2713 qui
3165 2664 3261 2700 sua
3317 2650 3481 2715 ipsius

1979 2726 2345 2785 intercessione
2368 2735 2573 2805 veniam
2598 2737 2739 2803 apud
2769 2735 2934 2790 Deuzn
2961 2740 3338 2808 impetraverit.

1915 2904 1969 2958 5.
2009 2904 2160 2969 Quod
2190 2909 2300 2970 ipse
2328 2923 2511 2975 scapus
2537 2920 2585 2963 et
2613 2911 2845 2979 sigillum
2878 2915 2942 2967 sit
2976 2920 3371 2983 prophetarum.

1913 3084 1964 3136 6.
2008 3083 2159 3148 Quod
2178 3086 2420 3153 rapinas.
2440 3088 2602 3141 aedes
2631 3098 2679 3141 et
2702 3091 2935 3159 perjuria
2962 3093 3251 3160 prohibeat,
3281 3098 3484 3151 eadem-

1982 3186 2080 3237 que
2108 3187 2291 3224 rursus
2326 3177 2624 3241 permittat.

1867 3256 1879 3273 ⁸
1923 3261 1974 3316 7.
2014 3262 2164 3325 Quod
2192 3263 2328 3318 Deus
2357 3266 2438 3319 illi
2477 3270 2771 3335 permiserit
2800 3272 3061 3340 pejerare.

1917 3350 1968 3400 8.
2014 3350 2163 3412 Quod
2195 3349 2329 3403 Deus
2357 3368 2532 3405 secum
2555 3355 2861 3421 collocutus,
2896 3359 3087 3411 dixerit
3117 3376 3170 3413 se
3193 3362 3336 3416 lusus
3362 3380 3483 3432 gra-

1986 3436 2063 3487 tia
2098 3438 2344 3491 mundum
2373 3441 2680 3493 condidisse.

1918 3526 1970 3578 9.
2016 3524 2165 3588 Quod
2220 3528 2274 3579 in
2320 3530 2489 3591 capite
2538 3528 2831 3597 Mipacora,
2867 3533 2921 3583 id
2962 3543 3037 3585 est
3064 3531 3303 3589 Juvenca
3344 3539 3484 3589 dicta

1986 3614 2196 3667 Jutttros
2237 3624 2283 3666 et
2325 3614 2650 3669 Christianos
2692 3619 2917 3671 salutem
2962 3634 3323 3677 consecuturos
3379 3646 3483 3679 esse

1987 3707 2199 3770 dixerit,
2232 3707 2285 3759 in
2318 3707 2488 3774 capite
2512 3722 2631 3760 vero
2658 3710 2898 3775 Aiuram,
2930 3723 3114 3764 contra
3145 3731 3289 3766 αδδινγ
3316 3726 3353 3775 t,
3398 3735 3487 3769 nc-

1988 3795 2175 3846 minem
2215 3795 2326 3846 sine
2352 3794 2743 3850 Ismaelitarum
2777 3798 2887 3867 lege
2911 3804 3111 3854 servari
3143 3820 3308 3871 posse.

1920 4070 2002 4122 10.
2049 4069 2200 4134 Quod
2225 4079 2347 4124 ante
2373 4072 2544 4139 ipsum
2567 4089 2715 4126 nemo
2737 4086 2897 4144 possit
2921 4080 3227 4145 paradisum
3257 4082 3483 4151 ingredi.

1988 4164 2055 4213 Et
2085 4177 2295 4214 rursum
2325 4164 2473 4228 dicit,
2516 4166 2655 4232 quod
2690 4165 2824 4218 Deus
2866 4167 2948 4219 illi
2998 4169 3191 4222 multas
3242 4173 3487 4228 mulieres

1984 4254 2223 4321 virosque
2290 4263 2415 4307 ante
2482 4272 2536 4308 se
2604 4260 2918 4325 paradisum
2992 4263 3249 4330 ingressos
3316 4276 3490 4319 osten-

1987 4343 2146 4395 derit.
3117 4344 3126 4351 '

1919 4430 2005 4486 Η.
2047 4431 2195 4495 Quod
2226 4433 2363 4487 Deus
2395 4446 2507 4504 post
2541 4442 2969 4493 resurrectionem
2995 4441 3176 4497 domus
3204 4447 3485 4515 elegantes,

308 4544 646 4613 ρικαλλεῖς,
690 4541 787 4593 zeal
819 4538 1065 4605 λουτρὰ,
1098 4536 1197 4588 zeal
1246 4532 1674 4601 παραδείσους,
1710 4534 1808 4584 zeal
1843 4558 1889 4616 υ

1843 4558 1889 4616 D
1986 4524 2173 4577 balnea
2215 4535 2263 4577 et
2308 4529 2504 4591 hortos,
2550 4529 2829 4598 pluresque
2868 4532 3109 4586 mulieres
3144 4552 3198 4589 se
3239 4539 3486 4592 daturum

316 4636 609 4707 γυναῖκας
651 4634 741 4687 ὅτι
770 4631 1005 4694 πολλὰς
1037 4625 1415 4694 ὑπισχνεῖται
1452 4621 1662 4679 δοῦναι
1690 4624 1813 4691 τοῖς

313 4730 427 4785 τοῦ
457 4727 706 4791 Μωάμεθ
736 4727 942 4793 νόμοις
968 4718 1439 4777 ἀκολουθοῦσιν.

242 4822 332 4893 ιβ’.
365 4822 497 4874 Ὀτι
527 4820 595 4871 ἐν
623 4817 702 4881 τῷ
731 4813 1033 4884 κεφαλαίῳ
1068 4811 1149 4876 τῷ
1179 4810 1290 4863 Σὲιδ
1322 4850 1336 4875 ,
1370 4810 1450 4875 ὡς
1478 4812 1532 4863 ot
1566 4808 1683 4878 μὲν
1716 4808 1816 4877 ἄγε

312 4915 481 4981 τελοι
507 4909 575 4962 ἐκ
601 4906 791 4975 πυρὸς
810 4901 1395 4971 ἐδημιουρτήθησαν,
1423 4903 1477 4954 ol
1504 4899 1571 4952 δὲ
1595 4899 1815 4966 ἄνθρω·

317 5015 421 5051 ποι
448 4998 517 5049 ἐκ
554 4996 716 5062 χούς.

243 5094 333 5156 ef.
372 5087 506 5138 Ὅτι
536 5084 605 5136 ἐν
632 5082 711 5148 τῷ
742 5081 1045 5149 κεφαλαίῳ
1074 5080 1151 5145 τῷ
1179 5081 1391 5150 Νεμελὲ
1418 5120 1431 5143 ,
1460 5080 1607 5147 ὅπερ
1638 5078 1816 5147 ἑρμη-

309 5175 547 5230 νεύεται
581 5173 738 5241 μυῖα,
780 5170 929 5238 φησὶ
956 5170 1089 5237 περὶ
1136 5169 1239 5223 τοῦ
1282 5168 1668 5239 Σολομῶντος
1718 5168 1815 5220 zeal

308 5265 434 5319 τῶν
461 5260 652 5333 μυιῶν
682 5260 906 5329 ψεῦδός
934 5278 989 5314 τι
1019 5261 1249 5328 εὔηθες,
1282 5262 1426 5328 ὅπερ
1471 5262 1568 5313 zeal
1602 5261 1812 5328 φησίν.

243 5362 326 5416 ιδ’.
359 5362 494 5411 Ὀτι
520 5357 591 5408 ἐν
620 5356 702 5420 τῷ
729 5356 1031 5423 κεφαλαίῳ
1068 5353 1148 5419 τῷ
1179 5354 1442 5407 Ῥουϐεσὰ
1492 5355 1643 5421 φησὶ
1684 5352 1816 5419 περὶ

313 5449 424 5504 τοῦ
455 5446 844 5516 Σολομῶντος
886 5447 986 5499 zeal
1014 5445 1119 5499 τοῦ
1146 5447 1462 5513 σκώληκος
1494 5446 1706 5516 ὁμοίως
1737 5443 1815 5509 τῷ

315 5544 593 5608 ἀνωτέρῳ
624 5539 859 5607 ψεύδει.

241 5631 332 5688 ιε’.
361 5633 486 5685 ὀτι
515 5631 585 5683 ἐν
614 5628 693 5693 τῷ
717 5629 937 5693 βιϐλίῳ
972 5629 1078 5681 τῶν
1120 5632 1438 5701 Διηγήσεων
1484 5631 1817 5685 ἀποδίδωσι

317 5725 436 5791 τὴν
476 5723 699 5787 αἰτίαν,
729 5722 803 5775 δι’
856 5720 937 5788 ἢν
963 5725 994 5776 ὀ
1032 5719 1195 5789 οἶνος
1229 5723 1559 5778 κεκώλυται
1591 5726 1811 5789 αὐτοῖς.

246 5817 347 5886 ις’.
383 5816 516 5873 ὀτι
556 5818 587 5868 ό
643 5814 885 5879 κτιστὸς
933 5816 1186 5883 οὐρανὸς
1226 5814 1403 5884 οὗτος
1459 5817 1700 5887 γέγονεν
1746 5818 1815 5872 ἐκ

454 5910 725 5968 ΡΑτιιοι..
773 5909 893 5969 Gn.
931 5904 1132 5969 CLIV.

1989 4621 2260 4683 promittat
2293 4616 2655 4675 Hahometica:
2689 4622 2817 4692 legis
2860 4628 3221 4681 sectatoribus.

1919 4804 2002 4861 12.
2041 4804 2190 4870 Quod
2238 4807 2293 4861 in
2338 4810 2509 4878 capite
2544 4810 2651 4865 Sad
2702 4815 2916 4883 angelos
2963 4832 3025 4869 ex
3072 4819 3208 4888 igne,
3257 4823 3486 4879 homines

1986 4914 2106 4950 vero
2132 4914 2194 4951 ea:
2228 4900 2439 4968 pulvere
2466 4904 2631 4968 [actos
2658 4919 2768 4958 esse
2802 4906 3043 4974 aﬂirmet.

1920 5076 2006 5131 15.
2051 5079 2199 5142 Quod
2232 5080 2285 5130 in
2312 5081 2486 5148 capite
2516 5077 2721 5145 Emele,
2761 5082 2898 5150 quod
2932 5098 3173 5139 muscam
3199 5086 3483 5153 significat,

1987 5172 2049 5221 de
2074 5168 2363 5223 Solomone:
2386 5180 2436 5223 et
2490 5174 2676 5224 muscis
2724 5175 3053 5228 mendacium
3100 5179 3289 5243 prodat
3337 5182 3485 5231 stoli-

1986 5263 2130 5324 dum;
2156 5262 2293 5330 quod
2323 5272 2370 5314 et
2397 5264 2612 5329 fatetur.

1921 5350 2007 5404 Η.
2047 5350 2195 5412 Quod
2232 5352 2287 5401 in
2322 5351 2489 5418 capite
2532 5351 2770 5415 Ruboso,
2812 5354 2875 5404 de
2906 5352 3185 5408 Solomone
3232 5369 3277 5407 et
3315 5374 3484 5409 verme

1988 5443 2190 5507 tradat,
2221 5443 2481 5510 superiori
2513 5444 2781 5497 mendacio
2823 5445 3117 5499 simillima.

1923 5637 2006 5691 i5.
2052 5635 2203 5699 Quod
2235 5636 2286 5688 in
2310 5636 2441 5688 libro
2468 5634 2886 5689 Enarrationum
2945 5652 3158 5689 causam
3198 5644 3364 5705 ponit.
3393 5656 3485 5690 tur

1986 5729 2092 5782 illis
2130 5729 2247 5781 vino
2274 5728 2606 5780 interdictum
2639 5730 2729 5784 sit.

1923 5820 2010 5874 16.
2054 5818 2202 5884 Quod
2235 5820 2417 5873 caelum
2448 5820 2542 5873 hoc
2586 5829 2845 5888 creatum,
2875 5837 2937 5875 ea:
2971 5821 3114 5889 fumo
3150 5820 3343 5890 factum
3380 5825 3484 5894 sit;

3063 5915 3134 5973 19
