4204 6450
319 430 427 494 597

1339 436 1635 495 CONTRA
1667 433 2151 495 MAHOMETEM
2190 432 2475 494 ORATIO
2515 434 2565 497 Ι.

3447 437 3551 500 598

310 546 489 611 Λόγου
547 545 644 598 τοῦ
700 545 837 598 Θεοῦ
904 547 1245 617 μυστήριον).
1301 549 1497 603 Λαϐὼν
1555 550 1735 603 τοίνυν
1785 550 1871 609 τὰς

1988 547 2139 607 bilia.
2166 548 2330 601 etiam
2378 547 2434 601 in
2476 558 2721 619 tempore
2748 550 3016 619 passionis
3061 563 3173 605 sua:
3205 557 3261 605 et
3306 565 3553 605 resurre-

314 636 642 705 μαρτυρίας,
674 636 749 698 ὡς
796 638 1036 705 είρηται,
1076 639 1256 702 καθὼς
1294 641 1353 691 ὲν
1394 643 1516 704 ταῖς
1568 642 1883 711 ἔμπροσθεν

309 726 628 793 ἀπολογίαις
659 727 801 779 κατὰ
849 727 1015 796 μέρος
1048 730 1237 795 σαφῶς
1282 731 1688 795 ἀποδέδεικται,
1714 734 1884 800 ἀρξα-

313 824 483 887 μὲνας
528 819 635 871 ἀπό
677 836 734 870 τε
783 820 881 887 τῆς
926 820 1021 873 τοῦ
1066 821 1235 887 Ἀδὰμ
1267 823 1538 884 πλάσεως,
1572 825 1652 876 ἔτι
1688 842 1744 876 τε
1787 824 1883 876 τοῦ

311 909 458 972 Νῶε,
511 911 606 961 τοῦ
650 911 925 979 Ἀϐραὰμ,
985 913 1191 976 Ἰσαὰκ,
1236 915 1329 967 καὶ
1393 914 1608 977 Ἰακὼϐ,
1639 917 1884 977 Μωσέως

307 1016 371 1053 τε
408 1003 502 1053 καὶ
536 1004 721 1065 Δαϐὶδ,
751 1006 847 1056 καὶ
884 1005 1101 1059 πάντων
1139 1007 1246 1058 τῶν
1274 1008 1591 1076 προφητῶν,
1624 1008 1759 1060 ἀλλὰ
1789 1009 1886 1061 καὶ

311 1095 372 1144 ἓν
416 1097 483 1162 τῇ
527 1092 717 1146 τούτου
754 1098 1005 1165 γεννήσει
1044 1098 1196 1166 παρά
1239 1115 1295 1149 τε
1333 1099 1441 1151 τῶν
1474 1100 1745 1165 ἀγγέλων,
1776 1101 1886 1155 τῶν

312 1186 530 1251 μςὶγων,
564 1187 657 1237 καὶ
703 1187 798 1239 τοῦ
831 1188 1080 1258 ἀστέρος,
1121 1194 1212 1245 καὶ
1260 1192 1321 1242 τὸ
1353 1191 1414 1261 δὴ
1463 1192 1645 1259 πολλῷ
1674 1193 1881 1259 μεῖζον,

310 1278 373 1328 δν
398 1279 465 1345 τῇ
510 1280 698 1330 τούτου
737 1279 987 1346 βαπτίσει
1018 1280 1115 1351 τὴν
1161 1282 1308 1351 παρὰ
1339 1283 1430 1336 τοῦ
1479 1284 1611 1336 Θεοῦ
1644 1284 1735 1335 καὶ
1767 1285 1882 1335 Πα-

308 1367 439 1435 τρὸς
469 1369 671 1437 φωνὴν,
697 1370 793 1438 τὴν
822 1389 840 1422 ι
876 1373 947 1425 Σὺ
983 1369 1034 1424 εἴ
1062 1375 1088 1425 ὁ
1120 1373 1249 1436 Υἱός
1290 1392 1389 1442 μου
1423 1378 1450 1426 ὁ
1481 1375 1785 1443 ἀγαπητὸς,
1824 1376 1882 1426 ὲν

311 1452 361 1522 ᾧ
403 1458 673 1527 εὐδόκησα
727 1479 745 1511 ι
794 1461 889 1528 (ἐῶ
944 1465 1052 1529 γὰρ
1110 1464 1286 1530 λέγειν
1332 1466 1399 1517 τὰ
1443 1466 1704 1532 γεγονότα
1757 1465 1886 1532 παρ’

312 1548 484 1599 αὑτοῦ
516 1551 571 1600 ἐν
605 1550 684 1619 τῷ
728 1552 908 1621 καιρῷ
938 1554 1038 1620 τῆς
1071 1554 1210 1622 μετὰ
1243 1555 1351 1607 τῶν
1389 1556 1691 1624 ἀνθρώπων
1716 1555 1882 1607 αὐτοῦ

311 1639 661 1709 ἀναστροφῆς
709 1641 963 1709 θαύματα
1005 1645 1099 1695 καὶ
1133 1645 1344 1711 μεγάλα
1399 1645 1681 1713 τεράστια,
1717 1646 1885 1698 πολλά

308 1747 372 1782 τε
402 1732 530 1782 ὄντα
556 1732 649 1783 καὶ
681 1734 1027 1803 ἁναρίθμητα
1054 1735 1111 1787 ἔν
1143 1752 1202 1787 τε
1235 1736 1309 1802 τῷ
1349 1739 1525 1806 καιρῷ
1554 1737 1646 1789 τοῦ
1676 1737 1883 1801 πάθους

308 1817 479 1867 αὐτοῦ
530 1820 627 1871 καὶ
676 1820 774 1886 τῆς
832 1823 1204 1884 ἀναστάσεως,
1260 1824 1396 1876 ἀλλὰ
1448 1829 1543 1878 καὶ
1599 1827 1739 1894 μετὰ
1787 1829 1882 1895 τὴν

311 1909 636 1980 ἀνάστασιν)
659 1929 672 1942 ·
699 1912 820 1963 τότε
848 1914 1076 1976 ἐξέδωκε
1094 1918 1183 1969 τὸν
1210 1917 1303 1969 τοῦ
1330 1919 1662 1987 Εὑαγγελίου
1691 1920 1873 1988 νόμον.

325 1999 487 2053 Ἀλλὰ
520 2002 849 2071 παραϐραχῦ
884 2004 1243 2074 διαπέφευγεν
1290 2009 1439 2077 ἡμᾶς
1484 2012 1516 2080 ἠ
1566 2012 1623 2061 ὲν
1658 2011 1734 2080 τῷ
1766 2010 1877 2064 Θα-

307 2091 501 2157 ϐωρίω
528 2092 622 2144 τοῦ
666 2094 917 2161 Σωτῆρος
960 2098 1115 2164 ἡμῶν
1149 2104 1598 2169 μεταμὸρφωσις.
1630 2118 1647 2150 ι
1677 2101 1876 2171 Θαϐὼρ

304 2184 440 2251 γὰρ,
476 2185 640 2252 φησὶν
678 2187 705 2236 ὁ
732 2187 912 2249 Δαϐὶδ,
957 2190 1051 2240 καὶ
1085 2191 1300 2259 Ἐρμὼν
1342 2193 1398 2243 ὲν
1427 2192 1504 2259 τῷ
1536 2194 1759 2256 ὀνόματί
1782 2210 1875 2245 σου

305 2274 693 2338 ἁγαλλιὰσεται
730 2297 748 2326 ι
779 2280 887 2331 Καὶ
916 2280 1050 2343 πῶς,
1074 2275 1118 2333 ὦ
1150 2283 1388 2351 μακάριε
1406 2284 1590 2343 Δαϐιδ,
1612 2286 1641 2353 ἡ
1672 2285 1878 2353 ἄψυχος

307 2363 413 2432 ῦλη
467 2367 894 2433 ἀγαλλιάσεται;
948 2373 1081 2439 Ναὶ,
1140 2376 1294 2443 φησὶ,
1349 2376 1423 2444 μὴ
1460 2376 1642 2440 ἁπλῶς
1687 2379 1778 2429 καὶ
1803 2376 1876 2439 ὡς

306 2457 489 2527 ἔτυχε,
550 2460 683 2528 μηδὲ
733 2463 1067 2528 ἐπιπολαίως
1118 2468 1372 2536 θεωρεῖτε
1412 2468 1481 2521 τὰ
1525 2470 1617 2521 τοῦ
1669 2470 1874 2538 Κυρίου

304 2542 589 2618 τεράστια,
629 2553 742 2605 ἀλλ’
772 2554 1047 2623 ensum
1089 2559 1167 2619 είς
1204 2558 1262 2609 τὸ
1290 2559 1397 2610 τῶν
1443 2562 1730 2628 νοημάτων
1776 2560 1873 2625 βά-

305 2641 423 2704 θος,
460 2644 552 2694 καὶ
602 2644 846 2715 μεγάλην
893 2648 1154 2717 εὑρήσετε
1205 2649 1305 2721 τὴν
1362 2651 1650 2718 ὠφέλειαν.
1702 2653 1875 2723 Δεῦρο

302 2729 488 2782 τοίνυν
548 2726 918 2799 σκεψώμεθα,
967 2734 1050 2796 τίς
1100 2737 1248 2789 ἑστιν
1301 2739 1333 2806 ἡ
1382 2738 1477 2790 τοῦ
1535 2742 1873 2811 πατριάρχου

307 2819 617 2888 είσήγησις.
684 2840 703 2872 ι
740 2824 938 2891 Θαϐὼρ
988 2826 1079 2877 καὶ
1125 2827 1373 2897 Ἐρμὼν,
1437 2832 1639 2900 φησὶν,
1696 2835 1752 2885 ὲν
1795 2834 1873 2902 τῷ

303 2908 541 2977 ὀνόματί
579 2928 671 2963 σου
722 2915 1163 2979 ἀγαλλιάσονται.
1194 2937 1212 2970 ι
1255 2920 1467 2989 Ὥσπερ
1497 2923 1604 2991 γὰρ
1658 2924 1750 2975 ἐπὶ
1794 2924 1873 2993 τῷ

300 2999 403 3050 τοῦ
438 3001 648 3069 Κυρίου
680 3003 843 3057 πάθει
888 3006 1036 3057 πᾶσα
1067 3007 1097 3075 ἠ
1131 3007 1310 3070 κτίσις
1354 3010 1804 3079 ἐσκυθρώπασεν,
1836 3014 1870 3083 ἦ

302 3102 365 3138 τε
410 3088 544 3155 ἁγία
583 3090 748 3144 αὑτοῦ
798 3095 1001 3161 μήτηρ,
1048 3094 1102 3145 οἰ
1150 3112 1208 3145 τε
1243 3097 1551 3161 ἀπόστολοι,
1597 3099 1732 3153 ἀλλὰ
1779 3103 1872 3153 καὶ

304 3179 513 3243 πάντες
538 3183 588 3234 οί
620 3185 826 3247 πιστοὶ,
858 3184 953 3238 καὶ
1000 3186 1028 3237 ὁ
1069 3187 1167 3255 μὲν
1197 3188 1345 3256 ἥλιος
1386 3191 1696 3261 ἐσκοτίσθη,
1729 3193 1761 3261 ὴ
1798 3194 1867 3260 γῆ

301 3270 361 3323 δὲ
399 3272 645 3341 ἐσείσθη.
696 3275 787 3328 καὶ
820 3277 875 3328 ai
908 3276 1103 3345 πέτραι
1154 3279 1506 3351 ἐσχίσθησαν,
1540 3284 1600 3335 τὸ
1629 3287 1868 3336 καταπέ-

300 3378 494 3428 τασμα
520 3363 807 3433 διερῤἀγη,
840 3367 889 3417 ei
928 3366 985 3419 δὲ
1019 3369 1240 3435 ἄγγελοι
1276 3371 1596 3441 ἐξέστησαν,
1637 3375 1869 3443 ὁρῶντες

300 3450 365 3503 τὸ
399 3452 547 3514 ξένον
587 3453 678 3505 τοῦ
711 3456 846 3508 Θεοῦ
879 3458 1053 3524 Λόγου
1096 3462 1425 3530 μυστήριον·
1456 3464 1599 3516 οὕτω
1647 3467 1740 3518 καὶ
1776 3469 1870 3518 ἐπὶ

303 3540 402 3594 τοῦ
433 3543 592 3611 ὅρους
633 3544 830 3615 Θαϐὼρ
858 3551 1007 3603 πᾶσα
1050 3553 1082 3619 ἡ
1122 3553 1295 3615 κτίσις
1342 3556 1729 3623 ἠγαλλιάσατο,
1761 3559 1869 3611 ἀπὸ

306 3633 411 3700 μὲν
443 3632 551 3685 τῶν
576 3635 821 3706 ἀψύχων,
854 3639 929 3700 ὼς
953 3643 1017 3693 ἐκ
1045 3644 1223 3713 πάσης
1245 3646 1343 3713 τῆς
1385 3648 1487 3716 γῆς
1509 3650 1602 3700 καὶ
1633 3650 1742 3703 τῶν
1765 3670 1868 3720 φυ-

304 3723 439 3813 τῷν.
487 3726 685 3795 Θαϐὼρ
721 3729 814 3781 καὶ
858 3730 1095 3800 Ἐρμὼν,
1144 3736 1253 3788 ἀπὸ
1293 3738 1347 3789 δὲ
1378 3740 1483 3791 τῶν
1517 3742 1573 3793 ὲν
1620 3743 1869 3813 αἰσθήσει

302 3812 528 3877 ζώντων
558 3817 627 3869 τὰ
676 3820 734 3869 ὲν
768 3818 846 3887 τῷ
875 3820 1141 3892 Θαϐωρίῳ
1195 3823 1328 3890 ζῶα,
1367 3828 1475 3880 ἀπὸ
1521 3828 1626 3883 τῶν
1658 3833 1869 3901 νεκρῶν

300 3903 567 3972 Μωῦσῆς,
598 3905 705 3958 ἀπὸ
729 3909 835 3961 τῶν
866 3911 1083 3973 ζώντων
1116 3913 1321 3982 Πέτρος
1368 3917 1461 3968 καὶ
1496 3917 1747 3983 Ἰάκωϐος
1777 3924 1870 3973 καὶ

312 3994 594 4065 Ἰωάννης.
633 3998 765 4051 Ἀπὸ
795 4000 851 4052 δὲ
882 4002 983 4069 τῆς
1014 4003 1202 4073 ἑτέρας
1230 4005 1386 4092 ξένης
1412 4010 1505 4060 καὶ
1538 4010 1872 4081 ἐνηλλαγμέ-

300 4103 401 4155 νης
432 4086 581 4156 ζωῆς
636 4090 738 4159 τῆς
783 4093 919 4162 μήτε
965 4086 1317 4168 ἀνθρωπίνης
1366 4102 1501 4168 μήτε
1550 4102 1869 4174 ἀγγελικῆς,

298 4176 441 4229 ἀλλὰ
496 4178 598 4247 τῆς
643 4181 738 4233 τοῦ
783 4184 953 4255 Ἐνὼχ
989 4187 1083 4239 καὶ
1124 4188 1329 4253 Ἠλίου,
1386 4191 1549 4254 αὐτὸς
1600 4195 1627 4246 ὁ
1663 4194 1868 4259 Ἠλίας,

298 4268 394 4319 καὶ
436 4266 495 4334 ἐξ
522 4270 751 4337 οὐρανοῦ
794 4274 990 4345 νεφέλη
1019 4278 1257 4348 φωτεινὴ
1283 4280 1377 4332 καὶ
1408 4282 1455 4332 οί
1487 4282 1728 4347 ἄγγελοι.
1766 4285 1872 4336 Καὶ

299 4358 416 4410 ίδοῦ
447 4358 648 4429 Θαϐὼρ
681 4363 775 4413 καὶ
822 4363 1038 4432 Ἐρμὼν
1075 4368 1173 4418 σὺν
1215 4369 1362 4437 πάσῃ
1397 4372 1460 4438 τῇ
1500 4371 1675 4423 κτίσει
1704 4372 1873 4439 ἠγαλ-

295 4447 580 4512 λιάσαντο,
626 4451 846 4520 Ἐρμὼν
870 4454 928 4505 ὲν
956 4458 1021 4524 τῇ
1060 4456 1337 4524 βαπτίσει,
1363 4462 1458 4512 καὶ
1482 4460 1683 4531 Θαϐὼρ
1711 4466 1767 4514 ὲν
1804 4466 1870 4534 τῇ

1896 3222 1941 3282 C

1988 638 2205 699 ctionis,
2256 646 2311 691 et
2347 646 2469 706 post
2516 640 2674 702 hanc)
2706 640 3116 708 comprobatus,
3168 650 3298 695 tunc
3326 640 3549 695 demum

1986 729 2265 798 Evangelii
2314 730 2486 798 legem
2522 732 2772 799 protulit.
2817 732 3088 788 (Laterum
3134 732 3247 788 fere
3295 734 3550 787 transfor-

1986 821 2281 873 mationem
2302 819 2603 874 salvatoris
2627 822 2796 875 nostri
2818 822 2871 875 in
2901 822 3121 875 Thabor
3150 832 3335 877 monte
3355 822 3548 877 factam

1986 910 2443 979 prasterieramus.
2501 930 2519 963 ι
2574 911 2796 965 Thabor
2846 914 3014 973 enim,
3057 913 3236 980 inquit
3276 914 3460 973 David.
3497 921 3554 967 et

1986 998 2225 1052 llermon
2290 1000 2345 1053 in
2392 1000 2611 1054 nomine
2672 1010 2765 1054 tuo
2809 1002 3163 1056 exsultabant
3187 1002 3226 1053 ⁵.
3269 1019 3287 1053 ι
3323 1003 3385 1054 Ει
3413 1015 3553 1069 quo-

1988 1088 2170 1145 modo.
2200 1103 2234 1140 o
2264 1089 2405 1143 bone
2458 1090 2649 1153 David,
2698 1090 2994 1145 inanimata
3027 1091 3322 1147 exsultabit
3375 1100 3548 1145 matc-

1988 1179 2105 1232 ria?
2150 1179 2264 1243 Nae,
2317 1178 2515 1247 inquit,
2554 1197 2659 1234 nou
2691 1182 2918 1236 fortuito
2967 1198 3113 1247 casu,
3151 1199 3327 1253 neque
3369 1185 3549 1238 obiter

1988 1273 2203 1327 Domini
2236 1273 2484 1342 prodigia
2514 1275 2785 1342 inspicite,
2817 1277 2910 1330 sed
2968 1258 3247 1331 recondite
3299 1278 3350 1329 in
3398 1276 3548 1343 cogi-

1991 1364 2256 1416 tationum
2285 1363 2736 1431 profunditatem,
2775 1375 2831 1419 et
2879 1382 3131 1436 magnum
3165 1366 3546 1436 deprehende-

1990 1453 2058 1504 tis
2105 1452 2479 1507 commodum.
2535 1454 2647 1523 Age
2704 1455 2887 1523 itaque
2947 1456 3247 1517 videamus,
3297 1470 3547 1523 quamam

1986 1543 2309 1611 patriarcha:
2362 1544 2611 1597 doctrina
2663 1543 2734 1598 sit
2781 1562 2795 1598 :
2857 1564 2875 1596 ι
2923 1544 3137 1598 Tbabor
3187 1556 3242 1598 et
3286 1546 3543 1611 llermon,

1987 1634 2183 1702 inquit,
2215 1635 2269 1687 in
2303 1636 2522 1687 nomine
2566 1643 2660 1686 tuo
2706 1636 3084 1691 exsultabunt.
3130 1655 3148 1685 ›
3185 1635 3550 1701 Quemadmo-

1987 1724 2117 1776 dum
2167 1725 2313 1777 euim
2374 1726 2424 1777 in
2480 1724 2694 1777 Domini
2749 1727 3002 1793 passione
3056 1727 3235 1780 omnis
3296 1737 3548 1781 creatura

1990 1814 2225 1867 tristitiae
2263 1816 2412 1883 signa
2448 1815 2641 1879 edidit,
2676 1827 2863 1870 saneta
2900 1817 3320 1872 videlicetillius
3354 1828 3547 1881 mater,

1988 1904 2237 1968 apostoli,
2270 1913 2325 1956 et
2352 1918 2543 1957 omnes
2577 1904 2783 1968 ﬁdeles,
2814 1908 2945 1974 quin
2970 1917 3025 1961 et
3058 1909 3134 1961 sol
3162 1909 3551 1965 obtenebratus

1986 2000 2088 2051 est,
2132 2001 2273 2045 terra
2310 2008 2597 2056 concussa,
2632 2005 2687 2048 et
2737 2005 2906 2063 petrae
2955 1998 3155 2061 scissae,
3211 1999 3390 2052 velum
3437 1999 3551 2053 dis-

1986 2092 2206 2151 ruptum
2262 2095 2364 2148 cst,
2413 2094 2468 2138 et
2515 2086 2614 2152 ipsi
2645 2088 2820 2157 angeli
2871 2088 2937 2141 ad
2986 2105 3187 2143 novum
3244 2089 3403 2143 Verbi
3452 2090 3545 2145 Dei

1986 2175 2308 2243 mysterium
2340 2177 2744 2244 obstupuerunt
2777 2196 2790 2231 :
2823 2180 2903 2233 sic
2931 2180 3095 2233 etiam
3125 2180 3178 2233 in
3205 2189 3387 2235 monte
3405 2181 3549 2236 Tha-

1958 2264 2084 2319 rbor
2118 2264 2294 2317 omnis
2328 2274 2575 2317 creatura
2622 2267 2936 2331 exsultavit,
2972 2283 3038 2321 ex
3066 2268 3378 2322 inanimatis
3424 2270 3549 2338 qui-

1985 2350 2107 2404 dem
2138 2341 2295 2420 quasi
2323 2362 2433 2405 tota
2464 2361 2608 2407 terra
2636 2364 2686 2407 et
2716 2355 2934 2421 plantis,
2962 2356 3183 2410 Thabor
3208 2366 3263 2410 et
3286 2356 3544 2421 llermon;

1982 2456 2047 2495 ex
2070 2442 2179 2497 illis
2198 2457 2329 2498 vero
2359 2457 2479 2512 qua:
2507 2458 2670 2498 sensu
2702 2445 2913 2508 vivunt,
2945 2463 3065 2516 quze
3092 2449 3147 2502 in
3177 2448 3397 2502 Thabor
3422 2459 3547 2503 sunt

1983 2533 2285 2587 animalia:
2326 2550 2392 2587 ex
2438 2536 2669 2590 mortuis
2729 2535 2940 2601 Moses;
2985 2553 3050 2592 ex
3103 2539 3407 2593 viventibus
3451 2540 3549 2593 Pe-

1985 2634 2121 2689 trus,
2162 2624 2396 2679 Jacobus
2429 2636 2481 2679 et
2508 2626 2782 2690 Joannes;
2817 2643 2882 2681 ex
2913 2629 3023 2682 vita
3067 2639 3247 2681 autem
3289 2630 3375 2683 illa
3408 2645 3545 2683 nova

1980 2722 2034 2767 et
2060 2713 2361 2778 immutata,
2410 2729 2529 2783 quae
2584 2730 2688 2770 nec
2735 2718 2969 2771 humana
3018 2734 3119 2773 nec
3151 2720 3391 2789 angelica
3441 2730 3546 2782 est,

1981 2802 2077 2856 sed
2122 2803 2338 2871 qualem
2389 2804 2574 2858 Enoeh
2611 2815 2666 2859 et
2698 2806 2846 2861 Elias
2891 2818 3074 2874 agunt.
3113 2809 3228 2877 ipse
3266 2809 3445 2872 Elias;
3482 2824 3547 2863 ex

1980 2894 2120 2948 caelo
2143 2905 2322 2948 autem
2375 2898 2548 2952 nubes
2573 2896 2751 2951 lucida
2784 2909 2839 2953 et
2868 2900 3059 2968 angeli.
3091 2900 3157 2953 Et
3178 2914 3306 2954 ecce
3332 2899 3551 2954 'l‘babor

1980 2995 2036 3040 et
2092 2984 2328 3042 Hermon
2391 3002 2516 3042 cum
2577 2990 2725 3044 omni
2774 2999 3022 3045 creatura
3064 2992 3479 3046 exsultaverunt
3532 3013 3544 3046 :

1982 3078 2219 3133 llermon
2264 3080 2319 3134 in
2369 3080 2659 3149 baptismo,
2695 3082 2912 3137 Thabor
2959 3084 3013 3136 iu
3043 3084 3544 3139 transformatione.

1981 3171 2037 3224 lu
2067 3185 2176 3239 quo
2204 3171 2454 3240 negotio?
2480 3173 2536 3225 ln
2567 3187 2698 3227 voce
2724 3172 2819 3226 Dei
2852 3174 3028 3227 Patris
3043 3174 3111 3229 de
3139 3175 3418 3245 unigenito
3447 3191 3548 3231 suo

1974 3260 2132 3325 Filio,
2162 3277 2268 3330 qua
2313 3262 2470 3327 dixit,
2529 3281 2548 3314 ι
2586 3263 2685 3319 Hic
2712 3274 2793 3319 est
2829 3265 2997 3320 Filius
3023 3281 3176 3321 meus
3200 3265 3451 3330 dilectus,
3489 3267 3546 3320 in

1971 3366 2081 3420 quo
2115 3352 2249 3405 mihi
2279 3353 2663 3422 complacitum
2695 3364 2797 3418 est,
2830 3356 3007 3424 ipsum
3041 3357 3227 3412 audite
3252 3359 3295 3412 ⁸.
3338 3377 3357 3410 ι
3391 3358 3457 3412 Et
3490 3358 3545 3412 in

1972 3442 2227 3509 passione
2265 3443 2485 3511 quidem
2522 3446 2703 3500 omnis
2751 3456 3000 3500 creatura
3036 3448 3396 3513 alienabatur,
3437 3464 3547 3504 om-

1971 3531 2168 3600 niaque
2199 3535 2699 3601 permiscebantur;
2737 3538 2789 3589 in
2820 3537 3116 3593 Salvatoris
3150 3549 3332 3593 autem
3368 3550 3548 3595 trans-

1970 3619 2296 3678 formatione
2338 3627 2515 3680 omnis
2562 3640 2809 3683 creatura
2840 3632 3144 3686 exsultabat
3181 3644 3405 3703 propter
3438 3652 3538 3690 uo-

1973 3726 2097 3766 men
2130 3712 2268 3768 Filio
2320 3715 2415 3770 Dei
2468 3718 2672 3772 datum.
2728 3720 2833 3774 Sed
2880 3722 3217 3777 redeundum
3263 3741 3350 3791 eo,
3398 3726 3541 3780 unde

1973 3816 2164 3857 sumus
2194 3805 2447 3875 digressi.
2479 3807 2655 3864 Moses
2688 3812 2928 3881 quidem.
2965 3823 3022 3867 ut
3049 3814 3260 3869 dictum
3306 3828 3411 3881 est,
3453 3834 3541 3872 ac-

1973 3902 2130 3961 cepto
2170 3896 2321 3962 prius
2355 3912 2383 3950 a
2418 3899 2528 3952 Deo
2566 3901 2956 3956 miraculorum
2994 3907 3326 3971 testimonio,
3368 3909 3538 3977 legem

1974 3985 2115 4039 tulit.
2173 3986 2461 4057 Propheta:
2512 4003 2694 4045 autem
2760 3995 3142 4051 vaticiniorutn
3199 4012 3432 4061 eventu,
3486 4009 3541 4053 et

1976 4090 2370 4147 nonnunquam
2421 4081 2703 4138 miraculis
2756 4100 2978 4155 quoque
3038 4098 3167 4142 sunt
3210 4089 3537 4145 continuati.

1973 4169 2223 4226 Christus
2246 4175 2412 4228 etiam
2444 4177 2573 4244 illis,
2608 4195 2731 4249 quae
2782 4184 3179 4249 recensuimus,
3210 4185 3540 4241 testimoniis

1974 4262 2255 4329 probatus,
2303 4273 2358 4317 et
2399 4266 2630 4323 inﬁnitis
2675 4271 2972 4334 miraculis,
3014 4274 3126 4341 ipse
3175 4291 3393 4344 quoque
3443 4291 3538 4332 ore

1974 4352 2181 4406 docuit.
2223 4354 2346 4408 Post
2398 4356 2546 4411 illius
2592 4368 2774 4415 autem
2818 4364 3244 4430 assumptionem
3283 4367 3536 4435 discipuli

1979 4442 2149 4512 hujus
2181 4444 2535 4514 Evangelium
2570 4453 3035 4520 conscripserunt,
3069 4454 3281 4525 ipsique
3342 4460 3541 4512 docue-

297 4539 751 4607 μεταμορφώσει.
780 4542 903 4595 Ἐπὶ
950 4546 1058 4597 τίνι
1088 4547 1416 4615 πράγματι;
1454 4550 1575 4601 Ἐπὶ
1605 4552 1698 4603 τοῦ
1734 4552 1869 4605 Θεοῦ

1977 4543 2122 4599 runt,
2150 4537 2423 4591 miraculis
2461 4540 2563 4592 sibi
2609 4541 2767 4595 [idem
2808 4544 3144 4601 vindicantes
3180 4566 3192 4601 :
3224 4564 3331 4602 non
3359 4560 3535 4604 tamen

293 4629 397 4681 καὶ
430 4629 643 4698 Πατρὸς
673 4635 825 4703 φωνῇ
865 4634 1003 4705 ὑπὲρ
1044 4636 1135 4688 τοῦ
1168 4638 1491 4706 μονογενοῦς
1512 4641 1679 4694 αὑτοῦ
1716 4642 1867 4707 Υἱοῦ,

292 4720 391 4786 τῇ.
432 4735 450 4767 ε
487 4712 654 4783 Οὗτός
685 4722 837 4774 ἔστιν
866 4723 894 4774 ὁ
920 4723 1047 4777 Υἱός
1084 4742 1187 4794 μου
1215 4730 1242 4778 ὁ
1271 4729 1573 4798 ἀγαπητὸς,
1618 4732 1675 4782 ἐν
1713 4724 1756 4797 ᾧ
1784 4733 1893 4805 εὑ..

290 4808 505 4876 δόκησα
534 4826 548 4840 ’
577 4811 744 4865 αὐτοῦ
773 4814 1022 4869 ἀκούετε.
1062 4834 1081 4867 ι
1120 4818 1232 4872 Καὶ
1273 4821 1367 4872 ἐπὶ
1404 4821 1503 4888 μὲν
1530 4821 1623 4873 τοῦ
1667 4825 1870 4887 πάθους

290 4900 329 4967 ἡ
358 4900 513 4952 πᾶσα
552 4902 727 4965 κτίσις
763 4905 1061 4974 ἠλλοιοῦτο.
1096 4909 1191 4960 καὶ
1222 4910 1290 4961 τὰ
1315 4911 1491 4963 πάντα
1522 4914 1724 4983 ἀναμὶξ
1750 4916 1871 4982 ἐγέ-

290 5007 419 5044 νετο
442 5007 457 5022 ·
493 4993 552 5045 ἐν
582 4992 640 5045 δὲ
661 4996 729 5064 τῇ
774 4995 867 5048 τοῦ
900 4996 1152 5067 Σωτῆρος
1185 5004 1611 5071 μεταμορφώσει
1651 5007 1799 5059 πᾶσα
1833 5009 1866 5077 ἡ

290 5080 475 5145 κτίσις
502 5084 770 5151 ἠγάλλετο
796 5086 890 5139 ἐπὶ
910 5087 987 5158 τῷ
1018 5088 1307 5158 λαληθέντι
1328 5093 1553 5162 ὀνόματι
1579 5094 1676 5149 τοῦ
1708 5096 1864 5151 Υίοῦ.

302 5171 451 5227 Ἀλλ’
489 5174 776 5241 ἐπανιτέον
828 5178 950 5232 ὅθεν
994 5179 1315 5250 ἐξήλθομεν.
1357 5182 1420 5239 Ὀ
1468 5185 1568 5253 μὲν
1624 5187 1868 5255 Μωῡσῆς

286 5263 517 5335 πρῶτον
547 5263 750 5331 λαϐὼν,
800 5268 981 5331 καθὼς
1027 5272 1265 5342 εἴρηται,
1300 5273 1400 5344 τὴν
1439 5277 1549 5329 ἀπὺ
1601 5279 1694 5331 τοῦ
1729 5279 1865 5353 Θεοῦ

286 5358 388 5410 καὶ
420 5356 530 5409 τῶν
556 5357 853 5427 θαυμάτων
880 5363 1212 5433 μαρτυρίαν,
1234 5365 1444 5428 ἐξέδοτο
1473 5369 1567 5422 τὸν
1598 5372 1787 5440 νόμον,
1814 5374 1865 5426 οί

283 5450 345 5501 δὲ
378 5449 662 5520 προφῆται
685 5449 784 5520 τὴν
814 5452 1040 5507 ἔκϐασιν
1068 5456 1176 5509 τῶν
1202 5461 1575 5528 προφητειῶν,
1606 5462 1755 5515 ἐστιν
1775 5464 1862 5515 ὅτε

284 5539 389 5593 καὶ
416 5538 526 5591 τῶν
562 5539 879 5610 θαυμάτων.
925 5546 983 5599 '0
1013 5547 1069 5599 δὲ
1094 5549 1328 5619 Χριστὸς
1360 5551 1500 5621 ἔχων
1524 5556 1622 5616 τὰς
1656 5571 1861 5625 μαρτυ-

284 5628 440 5698 ρίας,
470 5629 538 5692 ἃς
557 5630 865 5699 φθάσαντες
886 5635 1134 5705 εἴπομεν,
1166 5639 1343 5693 καὶτὰ
1361 5641 1559 5710 ἄπειρα
1580 5642 1858 5711 θαύματα,

360 5804 380 5833 ⁸
421 5801 563 5857 Psal.
597 5819 867 5875 Luxvm,
902 5789 992 5863 l5.
1069 5812 1302 5868 ‘Matth.
1339 5831 1467 5882 XV”,
1637 5820 1656 5851 ⁷
1698 5818 1865 5873 Matth

1976 4626 2252 4679 miraculis
2281 4627 2646 4690 solummodo,
2676 4631 2769 4684 sed
2800 4634 2962 4686 etiam
3009 4648 3231 4705 propter
3275 4640 3535 4708 optimam

1974 4730 2153 4768 rerum
2202 4715 2755 4785 administrationem,
2808 4723 2969 4778 ﬁdem
3022 4728 3375 4782 merebantur
3404 4747 3538 4802 apo-

1973 4806 2121 4859 stoli.
2155 4806 2339 4861 Primo
2374 4810 2518 4861 enim
2552 4826 2677 4864 cum
2720 4815 2816 4868 hos
2842 4819 3146 4871 exacuisset
3174 4820 3447 4883 Christus,
3481 4835 3538 4878 et

1972 4910 2071 4951 ceu
2102 4896 2309 4952 ferreos
2337 4899 2553 4954 fecisset
2582 4911 2637 4956 et
2661 4904 3063 4972 adamantinos,
3096 4910 3159 4962 ad
3195 4913 3538 4977 praedicatio-

1972 5004 2100 5043 nem
2128 4990 2331 5054 emisit,
2371 4991 2558 5046 dicens
2586 4994 2694 5049 illis
2726 5014 2739 5049 :
2778 5014 2797 5048 ι
2832 4998 2968 5052 Ecce
2997 5001 3152 5053 mitto
3179 5016 3277 5056 vos
3310 5015 3369 5057 ut
3402 5020 3534 5061 oves

1972 5081 2028 5134 in
2065 5080 2245 5135 medio
2271 5083 2521 5151 luporum
2546 5085 2589 5138 '.
2628 5103 2647 5138 ι
2686 5085 2750 5139 Hi
2774 5102 2904 5143 vero
2936 5089 3296 5146 humilitatem
3329 5094 3534 5161 induti,

1970 5167 2220 5224 leonibus
2263 5168 2724 5228 iormidabiliores
2774 5190 3163 5245 apparuerunt.
3214 5183 3334 5237 Non
3382 5184 3529 5239 enim

1972 5259 2201 5314 audacia
2232 5261 2370 5315 tollit
2395 5263 2703 5328 audaciam,
2738 5268 2834 5321 sed
2866 5270 3092 5337 aequitas
3135 5285 3190 5327 et
3221 5276 3525 5332 humilitas.

1975 5367 1994 5401 ι
2027 5349 2227 5405 Luceat
2277 5354 2447 5419 enim,
2486 5356 2662 5425 inquit
2688 5357 2963 5425 Christus,
3007 5363 3096 5417 lux
3131 5378 3307 5420 vestra
3340 5385 3526 5421 coram

1967 5440 2302 5508 hominibus,
2332 5453 2395 5497 ut
2425 5447 2645 5502 videant
2692 5464 2857 5519 opera
2904 5463 3083 5507 vestra
3129 5455 3288 5521 bona,
3330 5468 3384 5511 et
3410 5460 3529 5526 κιο-

1966 5533 2179 5588 riticent
2227 5535 2439 5590 Patrem
2486 5549 2727 5595 vestrum
2773 5545 2867 5611 qui
2914 5545 2967 5598 iu
2998 5547 3152 5600 caalis
3190 5550 3335 5603 est“.
3389 5569 3407 5601 ι
3461 5552 3528 5605 Et

1969 5623 2086 5677 haec
2137 5624 2360 5693 quidem
2406 5637 2492 5683 est
2543 5631 2619 5683 rei
2646 5633 2865 5702 veritas,
2899 5636 3044 5703 quod
3080 5639 3188 5693 vita
3238 5639 3444 5710 integra
3472 5652 3528 5697 ct

1874 5859 1886 5875 .
1919 5836 1971 5884 ι,
2010 5822 2093 5875 lb‘.
2171 5821 2191 5852 ⁸
2217 5821 2405 5878 Matth.
2446 5840 2499 5889 v,
2538 5825 2619 5880 l6.
