4204 6450
651 451 754 510 599

1811 463 2130 525 JOANNIS
2170 468 2689 533 CANTACUZENI

3768 478 3878 538 600

647 564 825 614 virtus
851 561 1035 614 multis
1053 562 1328 618 miraculis
1348 565 1417 618 sit
1439 567 1799 632 praestantior.
1831 570 2013 624 «Multi
2044 575 2212 638 enim,
2242 579 2291 636 Α

2242 579 2291 636 Δ
2320 581 2520 646 ἐδίδαξε
2573 585 2671 648 μὲν
2702 588 2793 642 καὶ
2843 586 3002 648 αὐτὸς
3038 589 3123 639 διὰ
3163 589 3449 654 στόματυ,,
3488 592 3626 654 μετά
3674 588 3730 640 δὲ
3776 590 3877 658 τὴν

649 652 784 704 dicit
837 651 1116 718 Dominus,
1166 656 1220 708 in
1267 655 1359 709 illo
1397 657 1486 711 die
1519 657 1704 713 dicent
1749 661 1904 721 mihi,
1962 665 2208 731 Domine,

650 742 897 805 Domine,
941 759 1124 799 nonne
1166 747 1218 799 in
1253 748 1473 802 nomine
1525 757 1617 802 tuo
1657 751 2125 820 prOphetavimus,
2157 767 2212 809 et

649 833 701 883 in
759 833 978 888 nomine
1030 843 1122 888 tuo
1176 838 1406 892 virtutes
1458 841 1656 893 multas
1710 841 2001 903 edidimus,
2051 856 2103 899 et
2159 847 2210 899 in

648 922 867 975 nomine
923 931 1020 977 tuo
1067 925 1338 980 daemones
1388 927 1687 996 ejecimus?
1731 930 1798 982 Et
1827 932 2001 984 dicam
2053 935 2210 986 illis:

650 1011 764 1063 Non
812 1012 934 1064 novi
970 1027 1088 1076 vos,
1115 1013 1262 1068 abite
1295 1030 1323 1067 a
1367 1030 1451 1067 me
1482 1016 1575 1083 qui
1609 1019 1912 1083 Operamini
1957 1021 2214 1088 iniquita-

653 1112 758 1154 tem
784 1102 823 1152 ’.
866 1120 881 1151 ι
915 1101 1048 1156 Etsi
1085 1102 1233 1157 dicat
1261 1104 1458 1171 aliquis
1494 1121 1504 1155 :
1549 1105 1752 1173 Ecquid
1801 1122 1937 1174 opus
1982 1123 2204 1178 evange-

650 1194 753 1246 liea
781 1194 1054 1250 adducere
1087 1197 1246 1250 verba
1276 1195 1538 1250 adversus
1571 1212 1632 1250 ea
1662 1213 1782 1266 qua:
1824 1214 1851 1250 a
1908 1198 2214 1256 Mahomete

651 1291 949 1344 dicuntur?
1004 1308 1106 1346 nos
1145 1293 1219 1346 illi
1277 1294 1750 1362 respondebimus,
1785 1295 1928 1363 quod
1986 1295 2214 1347 multum

653 1381 739 1434 his
769 1398 906 1450 opus
936 1383 1026 1446 sit,
1054 1391 1108 1435 et
1139 1383 1394 1438 maxime.
1430 1384 1764 1438 Testimonia
1782 1383 1925 1437 enim
1957 1384 2023 1437 ab
2047 1384 2219 1438 hosti—

653 1473 755 1524 hns
786 1482 1004 1540 accepta
1048 1472 1153 1527 ﬁde
1183 1474 1427 1542 digniora
1478 1483 1626 1528 sunt.
1677 1473 1839 1537 Num,
1881 1484 1941 1528 ut
1976 1474 2218 1543 Evange—

656 1564 788 1615 lium
834 1563 1072 1616 hostium
1110 1565 1434 1618 testimoniis
1464 1565 1746 1634 indigeat?
1776 1566 1932 1620 Absit
1958 1567 2216 1634 blasphe-

657 1652 804 1705 mial
858 1653 1148 1716 Caeterum,
1204 1662 1264 1708 ut
1322 1654 1367 1708 si
1401 1655 1525 1721 quis
1570 1655 1636 1708 ab
1669 1655 1850 1723 aliquo
1890 1656 2215 1708 talentorum

655 1745 843 1796 decem
875 1744 1040 1797 millia
1081 1751 1271 1796 mutuo
1304 1745 1617 1810 sumpserit,
1655 1754 1749 1798 aut
1781 1745 2019 1798 creditor
2045 1746 2218 1798 mutui

659 1835 929 1887 forensem
979 1844 1168 1888 contra
1207 1834 1510 1888 debitorem
1549 1835 1817 1887 actionem
1861 1836 2131 1898 instituat,
2166 1846 2221 1889 et

2313 673 2478 725 αὐτοῦ
2509 675 2774 744 ἀνάληψιν
2799 680 3201 746 συνεγράψαντο
3234 679 3328 731 καὶ
3357 681 3403 731 οἱ
3434 679 3673 748 μαθηταὶ
3709 679 3877 733 αὑτοῦ

2313 768 2361 817 οἱ
2395 768 2678 819 ἀπόστολοι
2713 769 2771 820 τὸ
2807 769 3162 835 Εὖαγγέλιον,
3193 774 3286 825 καὶ
3333 773 3609 824 ἐδίδασκον
3650 774 3744 823 καὶ
3781 773 3881 824 αύο

2313 854 2416 914 τοῖ,
2444 857 2552 915 τοῖς
2587 855 2824 924 θαύμασι
2865 858 3233 925 πιστούμενοι.
3259 861 3331 912 Ού
3367 861 3524 929 μόνον
3554 860 3609 912 δὲ
3631 860 3740 912 ἀπὸ
3770 862 3880 911 τῶν

2317 947 2629 1012 θαυμάτων,
2669 947 2805 999 ἀλλά
2839 951 2929 1001 καὶ
2975 951 3081 1001 ἀπὸ
3107 951 3203 1018 τῆς
3234 951 3466 1020 ἀρίστης
3499 951 3769 1012 πολιτείας
3802 949 3878 1003 εἶ-

2315 1051 2407 1100 χον
2443 1037 2488 1086 οξ
2527 1037 2812 1090 ἀπόστολοι
2842 1040 2902 1089 τὸ
2935 1041 3145 1094 πιστόν.
3183 1043 3452 1110 Πρότερον
3484 1044 3578 1092 καὶ
3611 1043 3719 1109 γὰρ
3757 1060 3884 1094 στο-

2321 1127 2506 1192 μώσας
2541 1128 2734 1190 αὐτοὺς
2769 1131 2796 1180 6
2838 1131 3095 1198 Χριστὸς,
3151 1132 3246 1182 καὶ
3297 1133 3460 1183 οἱονεὶ
3503 1132 3752 1201 σιδηροῦς
3789 1136 3885 1182 καὶ

2316 1215 2709 1282 ἀδαμαντίνους
2738 1221 3111 1289 ἐργασάμενος
3137 1222 3378 1286 τούτους,
3405 1223 3597 1274 ἔπειτα
3624 1224 3884 1274 ἀπέστει-

2317 1305 2408 1356 λεν
2436 1308 2632 1370 αὐτοὺς
2667 1311 2760 1362 ἐπὶ
2792 1311 2851 1361 τὸ
2893 1312 3173 1379 κήρυγμα,
3208 1313 3366 1376 λέξας
3408 1313 3542 1382 πρὸς
3572 1314 3767 1374 αὐτοὺς
3804 1316 3885 1366 ὅτι

2326 1414 2344 1444 ι
2396 1396 2524 1448 Ἰδοὺ
2554 1398 2754 1465 πέμπω
2793 1400 2933 1468 ὑμᾶς
2966 1402 3037 1463 ὡς
3070 1403 3319 1471 πρόϐατα
3351 1405 3406 1454 ἐν
3437 1405 3585 1472 μέσῳ
3620 1404 3820 1456 λύκων.
3859 1422 3876 1453 ι

2318 1485 2374 1540 οι
2403 1487 2456 1538 δὲ
2487 1489 2584 1556 τὴν
2616 1491 2941 1543 ταπείνωσιν
2978 1494 3305 1557 ἐνδυοὲντες,
3342 1495 3708 1564 φοόερωτεροι
3742 1496 3890 1546 λεόν-

2318 1593 2426 1629 των
2465 1579 2869 1648 ἀνεδείχδθησαν.
2923 1585 2997 1635 Οὔ
3053 1587 3157 1654 γὰρ
3218 1587 3492 1656 θρασύτης
3545 1589 3889 1654 θρασύτητος

2321 1664 2660 1733 ἀναιρετικὴ,
2698 1667 2813 1718 ἀλλ’
2844 1669 3116 1724 ἐπιείκεια
3149 1677 3242 1723 καὶ
3274 1674 3626 1735 ταπείνωσις.
3669 1693 3686 1723 ι
3730 1677 3889 1740 Λαμ-

2320 1755 2474 1822 oin»
2533 1759 2659 1826 γὰρ,
2723 1761 2887 1826 φησὶν
2954 1765 2980 1813 6
3048 1763 3272 1830 Κύριος,
3314 1765 3373 1816 τὸ
3431 1765 3543 1831 φῶς
3584 1765 3740 1833 ὑμῶν
3791 1766 3892 1831 έμ-

2323 1847 2558 1912 προσθεν
2582 1851 2689 1900 τῶν
2722 1849 3042 1916 ἀνθρώπων,
3085 1855 3230 1916 ὅπως
3265 1855 3418 1907 ἴδωσι
3463 1857 3530 1908 τὰ
3565 1858 3701 1907 καὶά
3734 1856 3892 1922 ὑμῶν

662 1924 1012 1978 illicdebilor
1065 1925 1432 1993 interrogatus
1465 1942 1493 1979 a
1533 1929 2030 1981 controversiarum
2073 1929 2218 1998 judi-
2248 1899 2289 1956 Β

2248 1899 2289 1956 Β
2323 1938 2481 2006 ἔργα,
2516 1939 2606 1991 καλ⁵
2632 1941 2895 2004 δοξάσωσι
2924 1944 3014 1994 τὸν
3039 1944 3254 2012 Πατέρα
3280 1945 3432 2012 ὑμῶν
3459 1946 3549 1997 τὸν
3582 1950 3638 1998 ἐν
3668 1950 3776 2008 τοῖς
3802 1947 3893 1997 δύ-

658 2016 830 2077 rihus,
879 2015 1135 2067 annuerit
1161 2023 1216 2067 et
1271 2015 1554 2070 confessus
1594 2016 1755 2070 fuerit
1783 2031 1895 2068 rem
1947 2015 2024 2071 sic
2058 2033 2115 2072 se
2166 2027 2220 2072 et

660 2121 769 2160 non
810 2105 965 2159 aliter
1000 2105 1226 2166 habere,
1258 2121 1358 2158 nec
1400 2107 1578 2174 aliqua
1607 2122 1692 2159 res
1719 2106 1883 2160 fuerit
1910 2107 1961 2160 in
1992 2123 2097 2177 qua
2125 2109 2221 2164 fal-

659 2210 780 2247 sum
830 2194 1014 2257 dicat,
1053 2196 1219 2261 jndex
1270 2196 1577 2265 ltujusmodi
1626 2196 1970 2251 sermonibus
2021 2199 2222 2254 auditis

663 2286 826 2340 tacite
882 2299 1067 2339 secum
1138 2285 1250 2351 ipse
1310 2287 1654 2353 perpendens
1707 2287 1868 2339 hosce
1919 2294 2218 2356 sermones,

665 2372 992 2426 antiit-lentes
1014 2373 1220 2442 judicat
1249 2375 1302 2430 in
1327 2374 1699 2428 testimonium
1722 2360 2200 2456 debilia-odisti.

664 2462 866 2516 Eadem
937 2464 1072 2518 mihi
1135 2466 1203 2520 de
1263 2465 1411 2520 omni
1476 2480 1628 2521 sacra
1695 2452 2006 2536 Scriptura.
2046 2452 2218 2523 fertur

665 2554 872 2624 opinio.

2323 2034 2520 2097 ρανοῖς.
2559 2051 2576 2083 ι
2607 2033 2715 2086 Καὶ
2748 2033 2918 2095 οὕτως
2948 2035 3096 2086 ἐστὶν
3127 2038 3158 2104 ὴ
3192 2037 3438 2105 ἀλήθεια.
3462 2039 3647 2103 Πολλῷ
3684 2037 3764 2101 τῷ
3792 2039 3895 2105 μέ-

2321 2139 2433 2190 τρῳ
2484 2121 2729 2191 διαρέρει
2794 2124 2950 2194 ὀρθὸς
3009 2126 3121 2194 βίος
3187 2130 3280 2178 καὶ
3334 2129 3505 2195 ἀρετὴ
3566 2129 3890 2196 θαυμάτων.

2333 2231 2347 2259 ι
2387 2211 2576 2263 Πολλοὶ
2642 2215 2784 2282 γὰρ,
2858 2216 3021 2283 φησὶν
3086 2218 3113 2268 6
3174 2217 3399 2287 Κύριος,
3463 2221 3519 2270 ἐν
3589 2219 3774 2290 ἐκείνῃ
3823 2223 3890 2286 τῇ

2325 2301 2508 2370 ἡμέρᾳ
2547 2302 2729 2370 ἐροῦσί
2766 2321 2874 2372 μοι,
2905 2305 3100 2374 Κύριε,
3137 2307 3329 2376 Κύριε.
3364 2309 3422 2360 οὐ
3455 2310 3528 2376 τῷ
3563 2309 3638 2376 σῷ
3669 2310 3896 2375 ἑνύματι

2325 2393 2830 2462 προεφητεύσαμεν,
2865 2397 2959 2447 καὶ
2992 2396 3068 2466 τῷ
3104 2399 3180 2468 σῷ
3205 2399 3430 2466 ὀνόματι
3463 2398 3724 2466 δυνάμεις
3754 2398 3891 2448 πο).-

2325 2475 2424 2538 λάς
2457 2477 2810 2548 ἐποιήσαμεν,
2845 2485 2938 2536 καὶ
2967 2485 3044 2552 τῷ
3090 2485 3165 2554 σῷ
3208 2486 3435 2553 ὀνόματι
3487 2486 3743 2552 δαιμόνια
3778 2484 3897 2548 ἐξεο

2327 2565 2596 2638 6άλομεν;
2655 2571 2763 2624 Καὶ
2801 2574 2910 2640 ἐρῶ
2945 2576 3080 2644 πρὸς
3141 2577 3360 2640 αὐτοὺς,
3399 2577 3511 2629 Οὐκ
3550 2573 3666 2628 οἶδα
3710 2577 3858 2642 ὑμᾶς
3882 2591 3894 2603 ·

667 2648 1004 2728 αποχωρείτε
1047 2645 1142 2699 ἀπ’
1170 2646 1304 2714 ἐμοῦ
1337 2649 1385 2699 οἱ
1416 2648 1642 2716 ἐργάται
1673 2650 1770 2717 τῆς
1819 2651 2046 2712 ἀδικίας.
2077 2671 2094 2702 ι
2131 2654 2189 2704 Ei
2222 2655 2267 2706 δ’
2307 2654 2432 2718 ἴσως
2490 2658 2608 2725 ἐρεῖ
2634 2677 2736 2724 τις,
2769 2665 2881 2716 Καὶ
2903 2666 2984 2727 τίς
3013 2666 3165 2734 χρεία
3189 2667 3296 2719 τῶν
3319 2667 3692 2735 εύαγγελικῶν
3715 2665 3899 2736 ῥητῶν

671 2738 803 2804 πρὸς
844 2725 921 2789 τά
953 2738 1100 2804 παρὰ
1139 2737 1232 2790 τοῦ
1263 2739 1507 2806 Μωάμεθ
1576 2741 1877 2807 λεγέμενα;
1945 2746 2103 2812 ἡμεῖς
2158 2747 2292 2816 πρὸς
2332 2749 2494 2801 αὑτὸν
2522 2750 2744 2820 λέξομεν
2771 2725 3168 2827 ὄτιπολλίὶγκαὶ
3226 2725 3630 2830 μεγάλτίςΔιότι
3664 2725 3901 2827 αίπαρά

665 2831 776 2882 τῶν
807 2830 1017 2901 ἐχθρῶν
1046 2832 1344 2902 μαρτυρίαι
1375 2832 1816 2921 ἁξιοπιστότελξαί
1843 2838 1999 2900 εἰσιν,
2026 2838 2086 2889 οὐ
2113 2840 2218 2907 μὴν
2259 2840 2333 2904 ὼς
2371 2843 2559 2911 χρείαν
2601 2845 2816 2913 ἔχοντος
2882 2850 2973 2901 τοῦ
3011 2852 3346 2920 Εὑαγγε).ίου
3384 2855 3480 2922 τῆς
3542 2855 3896 2908 τῶν“ἀντιοἐσ

664 2941 776 2978 των
807 2925 1111 2994 μαρτυρίας
1133 2927 1332 2995 (ἄπαγε
1358 2927 1456 2995 τῆς
1511 2917 1916 3007 βλασφημίαςῖ)
1945 2930 2059 2982 ἀλλ’
2113 2931 2303 3003 ὥσπερ
2341 2939 2484 3000 τινὸς
2529 2939 2932 3010 ἀπαιτουμένου
2986 2917 3147 3013 χρέος
3175 2917 3393 3017 *μυρίων
3429 2917 3706 3002 ταλάντων
3748 2950 3902 3019 παρά

669 3035 837 3081 τινος,
892 3019 926 3088 ἢ
980 3021 1268 3088 πορευθεὶς
1318 3022 1346 3073 6
1400 3022 1624 3076 ἀπατῶν
1659 3023 1718 3074 τὸ
1751 3027 2269 3105 ἡκεχρεωστημένον
2306 3029 2364 3081 ἐν
2427 3030 2761 3103 δικαστηρίῳ
2797 3041 3001 3090 ποιοῖτο
3065 3040 3161 3110 τὴν
3223 3041 3339 3093 κατ’
3391 3039 3556 3094 αὑτοῦ
3613 3041 3898 3109 ἐγκλησιν,

671 3107 966 3162 κάντεῦθεν
991 3112 1358 3182 ἐρωτηθέντος
1416 3113 1509 3166 τοῦ
1570 3114 1850 3183 ὀφειλέτου
1916 3117 2068 3185 παρά
2111 3117 2220 3170 τῶν
2289 3120 2616 3185 δικαζόντων
2662 3128 2728 3180 τὰ
2768 3129 2869 3196 τῆς
2916 3107 3244 3195 ὑποθέσεως,
3291 3135 3383 3186 καὶ
3428 3107 3904 3201 συνθεμένουήκαὶ

675 3199 1206 3270 συνομολογήσαντος
1237 3202 1317 3254 ὅτι
1370 3201 1543 3265 οὕτως
1600 3204 1736 3268 ἐστὶ,
1774 3205 1868 3272 καὶ
1902 3207 2002 3258 οὐκ
2027 3207 2220 3271 ἄλλως,
2263 3211 2353 3262 καὶ
2391 3211 2487 3264 οὐκ
2511 3214 2658 3269 ἐστιν
2694 3218 2750 3269 ἐν
2785 3214 2865 3282 οἷς
2919 3221 3068 3287 λέγει
3127 3220 3341 3288 ψεῦδος,
3370 3225 3398 3274 6
3428 3199 3619 3294 κριτὴς
3647 3224 3902 3292 ἀκηκοὼς

673 3293 783 3347 τῶν
817 3293 1075 3347 τοιούτων
1108 3294 1308 3362 λόγων,
1340 3297 1434 3346 καὶ
1486 3296 1544 3347 ἐν
1579 3299 1777 3366 σιωπῇξ
1803 3297 1867 3350 τὰ
1908 3301 2082 3351 πάντα
2125 3300 2256 3363 θεὶς,
2295 3305 2422 3366 τοὺς
2456 3306 2668 3360 ἐκείνου
2709 3308 2897 3379 λόγους
2948 3315 3309 3381 ἀποχρῶντας
3355 3316 3528 3382 κρίνει
3577 3319 3654 3380 εἰς
3689 3335 3906 3388 μαρτυ-

679 3382 803 3450 ρίαν
829 3382 918 3441 διὰ
939 3382 1041 3452 τὴν
1067 3381 1159 3434 τοῦ
1193 3383 1381 3454 χρέους
1411 3383 1691 3449 ἀπόδοσιν,
1724 3384 1867 3439 οὕτω
1916 3405 2004 3457 μοι
2034 3390 2142 3442 νόει
2175 3393 2266 3444 καὶ
2307 3393 2398 3445 ἐπὶ
2423 3399 2599 3466 πάσης
2625 3401 2721 3468 τῆς
2764 3400 2913 3462 θείας
2954 3403 3196 3471 Γραφῆς.

749 3547 802 3600 4.
855 3545 1087 3600 Mosaica
1149 3547 1294 3600 enim
1359 3549 1598 3617 scripta,
1651 3550 1974 3606 Psalterium
2005 3561 2059 3607 et
2113 3560 2306 3623 pro-C

676 3635 965 3704 phetarum
1011 3637 1256 3700 oracula,
1296 3635 1573 3692 Mahomet
1621 3649 1830 3703 saneta,
1874 3643 2016 3711 jusla
2039 3651 2234 3696 etvera

677 3741 800 3781 esse
847 3724 1058 3788 docuit,
1088 3726 1550 3796 quemadmodum
1600 3730 1656 3783 in
1690 3730 1972 3800 Apologiis
2024 3733 2240 3801 planius

678 3816 1177 3870 demonstravimus
1203 3835 1217 3879 ;
1247 3819 1523 3887 praecipue
1553 3833 1682 3873 vero
1709 3831 1832 3875 ante
1855 3823 2034 3874 omnia
2067 3824 2241 3876 excel-

677 3907 1046 3962 lentissimum
1085 3907 1462 3977 Evangelium,
1489 3919 1736 3964 sanctum
1765 3925 1886 3966 esse
1922 3920 1976 3965 et
1997 3913 2204 3981 justum
2225 3955 2240 3977 ,

684 4006 893 4052 rectum
914 4038 929 4062 ,
961 4012 1151 4051 verum
1186 4007 1240 4051 et
1269 3998 1581 4052 absolutum
1626 3995 1828 4070 saepius
1857 4040 1870 4063 ,
1921 4001 2241 4065 declaravit,

685 4089 822 4143 adeo
853 4097 914 4142 ut
937 4088 1038 4143 hoc
1074 4089 1165 4142 Dei
1204 4090 1658 4145 commonitiones
1690 4091 1954 4144 nominet.
1978 4091 2245 4156 Quemad-

689 4179 906 4234 modum
934 4181 988 4234 in
1018 4179 1192 4249 capite
1216 4178 1374 4244 Iona,
1404 4180 1548 4249 quod
1587 4180 1642 4233 in
1673 4181 1969 4235 Alcorrano
2000 4185 2246 4236 contine-

688 4281 799 4336 tur,
841 4269 921 4324 sic
964 4269 1142 4337 inquit
1173 4268 1285 4325 :De
1334 4269 1422 4323 his
1457 4285 1578 4338 qua:
1607 4270 1763 4324 vobis
1789 4271 2172 4336 revelavimus,
2199 4274 2244 4326 si

684 4361 1098 4422 dubitaveritis,
1145 4359 1214 4413 ab
1244 4358 1352 4412 illis
1389 4359 1682 4428 inquirite,
1732 4361 1822 4428 qui
1856 4361 1964 4430 jam
2001 4369 2126 4414 ante
2160 4375 2246 4414 me

686 4451 854 4506 lti'blia
884 4451 1154 4520 legerunt,
1188 4460 1244 4504 et
1284 4451 1568 4505 veritatem
1617 4450 2058 4520 deprelrendetis.
2111 4452 2247 4517 Qui-

687 4559 811 4596 nam
851 4543 1016 4611 igitur
1050 4551 1199 4606 sunt,
1235 4542 1328 4612 qui
1355 4553 1481 4596 ante
1508 4541 1868 4597 Mahometem
1898 4542 2067 4595 Bihlia
2097 4543 2244 4612 lege-

690 4637 856 4688 runt?
881 4633 1109 4689 Constat
1136 4643 1283 4686 certe
1320 4632 1573 4685 llebrmos
1612 4648 1751 4698 esse,
1797 4635 1886 4702 qui
1919 4633 2079 4686 Mosis
2113 4634 2248 4687 Pen-

689 4726 1004 4780 tateuchum
1063 4734 1116 4778 et
1175 4724 1493 4794 prophetica
1562 4723 1762 4791 scripta
1820 4723 2138 4791 recipiunt,
2193 4733 2248 4777 et

688 4818 1010 4882 Christiani,
1042 4816 1135 4885 qui
1162 4831 1267 4868 una
1294 4829 1417 4868 cum
1465 4813 1548 4867 his
1577 4815 1739 4868 etiam
1768 4813 2117 4883 Evangelium
2149 4814 2246 4868 ad-

2407 3557 2468 3610 δ’.
2505 3561 2584 3615 Τά
2627 3579 2685 3613 τε
2721 3563 2826 3632 γὰρ
2859 3565 3146 3630 Μωσαῖκά,
3192 3568 3250 3620 τὸ
3281 3569 3612 3638 Ψαλτήριον,
3666 3571 3758 3622 καὶ
3810 3570 3908 3630 τὰς

2343 3649 2452 3700 τῶν
2489 3653 2783 3720 προφητῶν
2813 3658 3166 3726 προρρήσεις,
3200 3659 3327 3725 ἆγια
3372 3662 3467 3711 καὶ
3494 3659 3676 3712 δίκαια
3709 3661 3807 3711 καὶ
3845 3662 3909 3712 ἀ-

2342 3739 2480 3808 ληθῆ
2526 3742 2555 3792 6
2600 3743 2843 3812 Μωάμεο
2872 3742 3008 3800 εἶναι
3056 3748 3284 3815 ἐδίδαξε,
3336 3749 3517 3814 καθὼς
3571 3751 3663 3802 καὶ
3695 3753 3752 3801 ἐν
3787 3754 3911 3814 ταῖς

2342 3831 2637 3898 προτέραις
2659 3833 2978 3900 ἀπολογίαις
3008 3838 3330 3906 τρανότερον
3349 3840 3741 3910 ἀπεδείξαμεν.
3768 3841 3907 3893 Κατ’

2344 3917 2620 3985 ἐξαίρετον
2638 3920 2695 3972 δέ
2715 3922 2825 3973 τῶν
2850 3922 3026 3975 ἄλλων
3057 3927 3270 3978 πάντων
3289 3927 3620 3997 ὲξοχὼτατον
3647 3931 3706 3981 τὸ
3731 3932 3914 3997 Εὐαγ-

2345 4003 2542 4069 γέλιον,
2573 4006 2725 4074 ἅγιόν
2758 4026 2816 4060 τε
2852 4011 2943 4062 καὶ
2975 4011 3197 4076 δίκαιον,
3225 4016 3320 4067 καὶ
3346 4015 3500 4077 eset;
3531 4019 3623 4070 καὶ
3656 4021 3916 4090 ἀληθινδν

2347 4092 2440 4150 καὶ
2487 4093 2692 4146 τέλειον
2738 4097 3061 4160 πλειστάκις
3097 4102 3439 4171 ἀπεφήνατο,
3478 4105 3617 4158 ῶστε
3647 4109 3738 4159 καὶ
3772 4110 3913 4162 Θεοῦ

2347 4179 2680 4248 ὑπομνήσεις
2712 4184 2879 4236 ταῦτα
2918 4186 3206 4254 ὀνομάσαι,
3226 4191 3409 4253 καθὼς
3439 4194 3530 4244 καὶ
3561 4197 3616 4244 ἐν
3644 4195 3719 4261 τῷ
3738 4213 3916 4265 κειρα-

2347 4269 2480 4338 λαίῳ
2529 4272 2605 4339 τῷ
2639 4272 2810 4339 Ἰωνᾶ,
2850 4276 2986 4344 ὅπερ
3030 4279 3147 4329 ἐστὶ
3198 4283 3256 4331 ἐν
3297 4281 3375 4348 τῷ
3425 4284 3668 4352 Κορῤὲν,
3711 4288 3915 4338 οὑτωσί

2348 4373 2532 4424 φησιν,
2586 4361 2668 4413 ὅτι
2717 4360 2887 4431 Ὑπὲρ
2931 4358 3006 4415 ὦν
3059 4365 3187 4432 ὑμῖν
3241 4368 3694 4436 ἀπεκαλύψαμεν,
3752 4376 3918 4442 εἴπερ

2347 4446 2741 4514 ἀμφιϐάλλετε,
2776 4452 3036 4527 αἱτήσατε
3071 4457 3220 4522 παρὰ
3247 4456 3354 4509 τῶν
3377 4458 3646 4526 πρότερον
3674 4462 3812 4526 ἐμοῦ
3851 4463 3920 4512 τά

2351 4538 2532 4606 βιϐλία
2566 4541 2978 4608 ἀνεγνωκότων,
3014 4546 3106 4595 καὶ
3155 4546 3416 4613 εὑρήσετε
3471 4548 3569 4616 τὴν
3627 4549 3915 4618 ἀλήθειαν.

2351 4631 2506 4692 Τίνες
2543 4631 2669 4696 γοῦν
2696 4635 2834 4684 εἰσιν
2864 4636 2911 4686 oi
2943 4636 3046 4702 πρὸ
3082 4635 3175 4688 τοῦ
3217 4638 3460 4704 Μωάμεθ
3497 4641 3828 4705 ἀναγνόντες
3851 4644 3921 4694 τα

2353 4721 2571 4789 βιϐλίας
2602 4718 2680 4774 Ἤ
2729 4723 2886 4792 δῆλον
2939 4725 3012 4786 ὠς
3059 4729 3106 4777 oi
3142 4727 3382 4796 Ἑϐραῖοι
3410 4731 3458 4780 οἱ
3492 4730 3777 4798 δεξάμενοι
3826 4733 3923 4800 τὴν

2349 4810 2442 4862 τοῦ
2472 4813 2711 4873 Μωσέως
2741 4815 3130 4883 Πεντάτευχον,
3150 4818 3241 4869 καὶ
3267 4820 3334 4869 τά
3362 4821 3697 4888 προφητικά,
3739 4825 3837 4875 καί
3871 4825 3922 4875 οἱ

690 4880 940 4970 mittunt,
975 4876 1031 4962 et
1060 4876 1430 4976 apostolorum
1465 4908 1787 4974 scripturas.
1815 4904 1952 4959 Ecce
1976 4920 2139 4972 quam
2167 4905 2246 4957 di-
2273 4876 2326 4936 D

2273 4876 2326 4936 D
2351 4901 2688 4970 Χριστιανοὶ,
2720 4903 2771 4954 οἱ
2805 4905 2902 4956 σὺν
2931 4906 3140 4966 τούτοις
3191 4907 3475 4976 δεξάμενοι
3522 4912 3581 4962 τό
3611 4927 3670 4960 τε
3739 4912 3921 4978 Εὐαγ-

689 5002 868 5055 lneide
899 4999 1221 5053 Mahometis
1243 4998 1556 5051 testimonio
1591 5006 1834 5064 apparet,
1869 4996 2012 5065 quod
2045 4996 2247 5065 posteri

691 5091 987 5160 majoribus
1039 5089 1353 5158 indigeant,
1393 5103 1493 5141 nec
1539 5089 1771 5156 majores
1824 5087 1956 5154 ipsis
1996 5087 2247 5154 posteris,

689 5178 1151 5244 quemadmodum
1209 5179 1374 5230 etiam
1421 5179 1474 5230 in
1527 5178 1704 5245 capite
1757 5174 2036 5227 Helmaida
2071 5175 2249 5243 (quod

694 5287 930 5324 mensam
962 5271 1417 5338 interpretantur)
1463 5267 1736 5336 copiosius
1767 5266 2020 5334 explicat.
2067 5266 2252 5318 Maho-

695 5373 806 5416 met
833 5377 965 5414 vero
994 5375 1099 5430 qna
1131 5374 1296 5414 causa
1329 5361 1500 5428 legem
1533 5374 1684 5412 suam
1720 5357 1924 5418 tulerit,
1963 5357 2042 5409 vel
2070 5357 2252 5424 potius

698 5448 1038 5518 iniquitatem
1081 5448 1295 5519 legibus
1331 5449 1540 5500 honesti
1588 5449 1859 5507 solutam,
1905 5448 2111 5510 nescio,
2147 5447 2252 5498 nisi

693 5547 836 5595 torte
866 5557 897 5594 a
939 5551 1092 5610 patre
1123 5557 1220 5594 suo
1251 5541 1472 5594 diabolo
1509 5550 1706 5592 motus.
1750 5538 1909 5590 Nullo
1935 5539 2076 5591 enim
2106 5538 2259 5590 testi-

704 5635 884 5696 monio
916 5634 1135 5688 aliunde
1167 5635 1337 5702 petito
1374 5633 1641 5695 innititur,
1673 5645 1850 5697 neque
1870 5628 2046 5685 Veteri
2077 5630 2263 5684 Testa-

773 5800 787 5828 '
822 5797 1006 5852 Matth.
1045 5815 1138 5864 \‘ll,
1167 5800 1255 5861 ‘22,
1286 5797 1370 5850 27').

2354 4993 2532 5058 γέλιον
2592 4993 2682 5044 καὶ
2711 4994 2780 5045 τά
2839 4996 2946 5045 τῶν
2977 4997 3309 5049 ἀποστόλων.
3359 4999 3469 5050 Καὶ
3499 4999 3606 5051 ἰδοὺ
3656 5002 3784 5052 ὅσον
3811 5006 3924 5057 ἀπὸ

2354 5085 2450 5152 τῆς
2495 5083 2592 5135 τοῦ
2627 5071 2868 5153 Μωάμεθ
2901 5088 3207 5155 μαρτυρίας
3261 5088 3517 5158 καθαρῶς
3555 5092 3922 5158 ἀναφαίνεται

2356 5174 2430 5234 ὡς
2463 5175 2511 5225 οἱ
2563 5176 3006 5244 μεταγενέστεροι
3041 5177 3222 5246 έχουσι
3263 5184 3450 5247 χρείαν
3475 5181 3584 5232 τῶν
3609 5184 3921 5253 προτέρων,

2356 5266 2417 5315 ού
2453 5266 2560 5332 μὴν
2587 5265 2632 5318 δ’
2664 5266 2716 5316 οἱ
2759 5267 3014 5335 πρότεροι
3045 5267 3152 5320 τῶν
3181 5272 3679 5338 μεταγενεστέρων,
3734 5277 3922 5338 καθὼς

2355 5359 2447 5410 καὶ
2467 5360 2523 5407 ἐν
2545 5359 2619 5426 τῷ
2639 5361 2912 5429 κεφαλαίῳ
2936 5361 3011 5428 τῷ
3044 5362 3390 5430 Ἐλαματδᾷ,
3407 5366 3541 5434 ὅπερ
3557 5369 3925 5434 ἑρμηνεύεται

2362 5449 2632 5515 τράπεζα,
2691 5451 3131 5517 πλατυκωτέρως
3163 5452 3436 5516 διέξεισιν.
3483 5456 3540 5507 '0
3572 5457 3628 5507 δὲ
3673 5458 3923 5527 ἣὶωάμεθ

2363 5542 2563 5601 οὑτοσὶ,
2594 5541 2693 5591 οὐκ
2720 5537 2815 5592 οἷδ’
2844 5543 2964 5593 ὅθεν
2991 5543 3338 5613 ὡρμημένος,
3365 5545 3592 5610 ἐξέδωκε
3621 5548 3714 5600 τὸν
3735 5550 3922 5618 νόμον,

2366 5629 2397 5698 ἢ
2434 5630 2826 5698 τάληθέστερον
2858 5631 3048 5698 εἰπεῖν,
3079 5636 3177 5702 τὴν
3216 5636 3462 5704 ἀνομίαν,
3501 5638 3549 5687 εί
3577 5637 3652 5707 μὴ
3689 5638 3797 5690 ἀπὸ
3826 5639 3925 5697 τοῦ
