4204 6450
210 427 314 492 601

1203 428 1496 486 CONTRA
1539 424 2023 487 ΜΛΙΙΟΜΕΤΕΜ
2065 427 2348 488 ORATIO
2395 429 2443 488 l.

3349 411 3458 483 60‘3

216 542 426 612 πατρὸς
453 539 618 593 αὐτοῦ
658 540 750 593 τοῦ
780 540 1049 593 διαϐόλου.
1087 541 1219 591 Οὐδὲ
1253 544 1359 606 γὰρ
1393 536 1537 607 εἶχεν
1584 539 1780 607 ἑτέρωι

1901 551 2078 595 mento
2127 553 2181 594 et
2213 539 2496 610 prophetis
2520 579 2534 603 ,
2570 552 2746 605 neque
2778 553 2841 592 ex
2889 551 3029 590 noro
3057 545 3111 589 ct
3146 535 3408 604 apostolis
3438 552 3455 587 :

215 636 309 686 θεν
338 633 437 702 τὴν
461 634 803 703 ⁸μαρτυρίαν,
830 631 943 684 οὔτ’
975 631 1077 681 ἀπὶ
1109 631 1208 697 τῆς
1263 633 1497 692 παλαιᾶς
1523 632 1787 698 διαθήκης

214 728 310 777 καὶ
346 725 443 776 τῶν
478 724 793 791 προφητῶν,
829 721 940 775 οὔτ’
991 720 1058 772 αὖ
1104 722 1209 773 ἀπὸ
1243 722 1341 786 τῆς
1393 722 1515 783 νέας
1551 723 1646 774 καὶ
1676 722 1787 773 τῶν

209 816 551 880 ἀποστόλων,
570 815 684 866 ἀλλ’
704 815 776 877 ὡς
806 813 996 882 ἰχθρδν
1023 814 1115 864 καὶ
1138 814 1394 871 πολέμιον
1426 813 1613 864 τοῦτον
1639 816 1693 874 ἐς
1720 814 1784 863 τὸ

216 906 478 968 παντελὲς
501 907 825 961 ἀπεδίωκον.
854 904 1001 957 Καὶδ
1028 904 1126 971 μὲν
1145 905 1412 972 μακάριος
1436 903 1671 971 illm-33?};
1703 903 1791 955 0-3-

210 1000 347 1049 τωσί
380 1015 514 1067 φησι
538 1000 649 1058 τοῖς
673 998 806 1058 υἱοῖς
848 996 1088 1065 Ἰσραὴλ,
1129 1013 1146 1045 ι
1186 996 1504 1063 Ἀναστήσει
1537 994 1736 1064 Κύριος
1765 994 1793 1044 ὁ

210 1088 345 1149 Θεὸς
372 1090 436 1139 ἐκ
457 1088 565 1140 τῶν
587 1086 831 1154 ἀδελφῶν
860 1086 1015 1154 ήμῶν
1044 1087 1329 1155 προφήτην
1358 1084 1431 1145 ὠς
1457 1084 1554 1147 ἐμέ
1579 1100 1593 1114 ο
1626 1082 1791 1134 αὑτοῦ

213 1179 358 1229 κατὰ
387 1177 562 1228 πάντα
590 1176 836 1228 ἀκούετε.
865 1175 1020 1225 Πᾶσα
1046 1174 1101 1225 δὲ
1128 1173 1295 1241 ψυχὴ,
1314 1174 1432 1240 ἥτις
1448 1173 1547 1225 οὐκ
1565 1171 1794 1225 ἀκούσεσ

212 1286 304 1319 ται
338 1266 431 1318 τοῦ
460 1267 740 1335 προφήτου
791 1265 1026 1327 ἐκείνου,
1072 1262 1609 1331 ἐξολοθρευθήσεται.
1639 1280 1656 1312 ι
1679 1263 1791 1312 Καὶ

217 1357 412 1407 σκόπει
453 1355 513 1406 τὸ
552 1355 842 1423 λεγόμενον
897 1354 1035 1421 μετὰ
1091 1353 1396 1420 ἀκριϐείας.
1446 1353 1534 1404 Ἐν
1581 1351 1690 1418 γάρ
1721 1349 1796 1418 τῷ

213 1453 395 1504 εἰπεῖν
438 1451 529 1502 τὸν
575 1450 778 1503 Μωσέα
828 1449 911 1501 ὅτι
939 1467 959 1500 σ
1007 1450 1323 1517 ’Δναστήσει
1374 1448 1575 1517 Κύριος
1619 1444 1797 1507 ὁΘεδς

212 1543 503 1610 προφήτην
530 1540 593 1591 ὲκ
609 1539 714 1591 τῶν
733 1540 977 1603 ἀδελφῶν
1000 1541 1177 1607 ἡμῶν,
1200 1556 1218 1589 ι
1248 1538 1481 1603 ἐδίδαξεν
1496 1537 1582 1589 ἴνα
1600 1535 1797 1599 δέξων-

212 1650 307 1683 ται
342 1633 433 1684 τὸν
471 1630 603 1699 παρ’
657 1632 822 1685 αὐτοῦ
883 1632 1378 1700 πῳφητευόμενον,
1406 1628 1652 1681 τουτέστι
1708 1628 1799 1681 τὸν

214 1723 474 1788 Χριστὸν,
508 1722 688 1785 καθὼς
716 1725 773 1773 ὲν
800 1725 865 1791 τῇ
897 1724 1088 1792 πρώτῃ
1138 1721 1405 1790 ἀπολογίᾳ
1440 1719 1627 1784 σαφῶς
1668 1721 1800 1771 ἀπο-

215 1812 523 1865 δέδεικται·
575 1812 944 1881 ἀποπέμψουσι
992 1812 1070 1873 δὲ,
1141 1815 1234 1865 καὶ
1281 1814 1472 1881 πὸῥρω
1522 1813 1580 1877 ἐξ
1617 1810 1798 1863 αὐτῶν

216 1902 477 1966 δὼξωσι,
518 1904 608 1955 τὸν
661 1904 719 1966 ἐξ
774 1903 1075 1956 ἀλλοδαποῦ
1128 1903 1319 1967 γένους
1369 1904 1666 1971 ἐρχόμενον
1717 1903 1792 1964 ὡς

218 1997 532 2065 προφήτην.
575 1995 636 2047 '0
672 1996 728 2047 δὲ
783 1996 1013 2065 Χριστὸς
1077 1996 1276 2047 οὑτωσί
1314 2013 1446 2063 φησι
1496 1994 1630 2063 πρδς
1670 1994 1793 2055 τοὺς

218 2089 304 2148 εἰς
366 2088 529 2138 αὐτὸν
588 2088 1050 2151 πεπιστευκότας,
1100 2104 1118 2136 ι
1183 2088 1488 2156 Προσέχετε
1540 2085 1648 2137 ἀπὸ
1686 2084 1793 2136 τῶν

215 2180 708 2248 ψευδοπροφητῶν,
744 2180 943 2241 οἵτινες
1005 2179 1259 2249 ἔρχονται
1289 2178 1424 2247 ττρδς
1450 2178 1592 2246 ὑμᾶς
1630 2180 1686 2229 ἐν
1712 2179 1796 2228 ἕνα

216 2253 429 2340 δύμασι
476 2273 788 2340 προϐάτων,
822 2272 1023 2323 ἔσωθεν
1078 2273 1133 2323 δέ
1187 2272 1291 2323 είσι
1340 2270 1493 2321 λύκοι
1526 2269 1791 2337 ἅρπαγες.

234 2366 374 2416 Ἀπὸ
422 2364 532 2417 τῶν
577 2352 806 2433 καρπῶν
854 2363 1035 2417 αὐτῶν
1080 2362 1448 2429 ἐπιγνώσεσθε
1493 2361 1738 2422 αὐτούς’·
1772 2377 1790 2410 ι

221 2458 319 2508 καὶ
360 2457 440 2508 ὅτι
490 2475 508 2507 ι
548 2458 619 2509 Οὐ
660 2457 888 2509 δύναται
918 2456 1133 2523 δένδρον
1169 2456 1370 2521 ἀγαθδν
1422 2455 1664 2522 καρποὺς
1703 2469 1799 2505 σα-

222 2550 403 2616 προῦς
432 2548 629 2610 ποιεῖν,
663 2546 781 2598 οὐδὲ
825 2546 1040 2614 δένδρον
1069 2546 1278 2613 σαπρὶν
1314 2545 1557 2613 καρποὺς
1599 2543 1795 2604 καλοὺς

222 2639 430 2691 ποιεῖν.
472 2655 492 2688 ι
529 2636 628 2689 Διά
676 2653 759 2689 τοι
803 2635 962 2687 τοῦτο
1019 2633 1113 2686 καὶ
1168 2636 1328 2703 ἡμεῖς
1366 2633 1796 2697 ἀναπτύξαντες,

219 2729 431 2796 ἴδωμεν
457 2728 599 2780 κατά
625 2727 683 2779 τὸ
720 2726 1003 2796 κυριακὸν
1026 2726 1227 2792 λόγιον,
1270 2726 1453 2787 ὁποῖός
1484 2727 1634 2776 ἐστιν
1666 2727 1693 2775 ὁ
1718 2724 1797 2776 δι-

220 2816 497 2878 δάσκαλος
531 2818 736 2877 οὐτοσὶ,
766 2816 863 2869 καὶ
896 2815 980 2876 τίς
1008 2817 1040 2885 ἡ
1076 2816 1267 2866 τούτου
1291 2814 1505 2882 διδαχὴ,
1537 2814 1633 2866 καὶ
1658 2812 1710 2864 τί
1742 2813 1803 2865 τὸ

222 2906 468 2975 δένδρον,
499 2906 592 2958 καὶ
634 2906 815 2967 ὁποῖος
844 2907 871 2956 ὁ
902 2905 1136 2973 καρπὸς,
1164 2904 1310 2965 ὅπως
1354 2904 1420 2956 ἂν
1447 2904 1506 2967 ἐξ
1535 2904 1700 2956 αὐτοῦ
1738 2904 1803 2974 δὴ

222 2996 324 3049 τοῦ
352 2994 571 3065 καρποῦ
598 2995 820 3064 γνῶμεν
848 2994 1102 3063 καθαρῶς
1138 2994 1197 3045 τὸ
1230 2993 1469 3063 δένδρον,
1498 2997 1594 3048 καὶ
1619 2996 1681 3046 ὲκ
1705 2996 1802 3065 τῆς

221 3088 453 3158 διδαχῆς
484 3088 575 3141 τὸν
604 3085 946 3140 διδάσκαλον.
975 3086 1067 3155 Τῷ
1093 3085 1199 3137 ἀπὸ
1227 3086 1327 3154 τῆς
1352 3086 1445 3138 τοῦ
1472 3087 1681 3154 Κυρίου
1709 3084 1804 3139 καὶ

1893 647 2012 698 quae
2044 632 2225 699 potius
2264 631 2411 682 hunc
2441 644 2538 682 ceu
2573 630 2780 680 hostem
2810 637 2861 679 et
2892 627 3171 680 inimicum
3206 640 3460 678 aversan-

1894 731 2005 773 tur.
2058 721 2258 774 Beatus
2291 720 2509 788 quidem
2551 720 2638 772 ille
2682 719 2857 771 Moses
2901 720 2965 771 ad
3014 717 3151 770 lilios
3178 715 3343 769 Israel
3378 714 3458 767 sic

1893 809 2069 863 dicit:
2111 831 2130 862 ι
2169 811 2467 865 Suscilabit
2525 810 2788 862 Douinus
2837 809 2981 862 Deus
3036 808 3354 876 prophetam
3395 820 3458 857 ex

1898 902 2161 955 fratribus
2216 904 2438 965 nostris,
2475 901 2620 953 sicut
2665 916 2784 962 me;
2824 916 2947 953 eum
2984 900 3035 951 in
3074 899 3330 951 omnibus
3368 913 3464 950 au—

1895 995 2021 1049 dite.
2060 992 2252 1047 Omnis
2277 1002 2459 1045 autem
2486 992 2688 1054 anima,
2741 1008 2859 1059 qua:
2899 1007 3004 1044 non
3041 990 3315 1043 audiverit
3339 1004 3464 1057 pro—

1894 1086 2112 1156 phetam
2148 1085 2316 1144 hunc.
2349 1083 2738 1151 exstirpabitur
2769 1083 2831 1133 ’⁵.
2867 1100 2883 1129 ι
2916 1082 2994 1134 En
3014 1081 3298 1149 diligenter
3321 1080 3462 1148 quod

1895 1177 2095 1230 dicitur
2124 1174 2431 1229 considera.
2468 1174 2602 1225 Cum
2643 1174 2788 1225 enim
2816 1171 2992 1225 Moses
3025 1172 3177 1235 dicit,
3220 1191 3237 1220 ι
3289 1172 3467 1225 Domi-

1896 1283 1999 1321 nus
2044 1268 2191 1321 Dcus
2255 1265 2547 1320 suscitabit
2592 1265 2912 1332 pr0p|s¢tam
2963 1277 3028 1315 ex
3076 1261 3332 1315 fratribus
3363 1275 3467 1313 no-

1897 1359 2048 1423 stris,
2086 1376 2104 1408 ι
2142 1357 2330 1410 docuit
2370 1364 2428 1409 ut
2459 1356 2606 1409 hunc
2635 1368 2663 1406 a
2700 1368 2757 1408 se
2789 1353 3109 1420 praedictum
3146 1351 3464 1419 suscipiant,

1900 1447 1953 1502 id
1981 1456 2065 1501 est
2099 1447 2377 1501 Christum
2406 1446 2595 1514 (veluti
2632 1447 2685 1498 in
2724 1444 2896 1512 prima
2936 1442 3198 1510 Apologia
3228 1438 3469 1493 dilucide

1899 1536 2330 1591 demonstratum
2361 1535 2484 1604 est).
2506 1536 2760 1604 ablegent
2796 1548 2929 1586 vero
2954 1541 3007 1585 et
3026 1532 3336 1599 longissime
3359 1545 3387 1582 a
3411 1543 3470 1582 se

1899 1635 2124 1679 arceant
2150 1640 2214 1679 ex
2236 1625 2518 1695 peregrina
2540 1632 2700 1694 gente
2730 1621 2798 1676 ad
2833 1622 2978 1690 ipsos
3005 1620 3315 1674 venientem
3347 1633 3472 1686 pro-

1902 1729 2141 1799 phetam.
2183 1730 2437 1785 Christus
2486 1744 2616 1783 vero
2644 1727 2709 1781 ad
2743 1728 2863 1781 illos
2895 1727 2989 1795 qui
3036 1726 3089 1779 in
3129 1727 3305 1794 ipsum
3353 1736 3472 1776 cre-

1903 1821 2040 1874 dunt
2091 1822 2169 1875 sic
2210 1820 2385 1875 dicit:
2441 1836 2458 1869 ι
2509 1818 2711 1872 Cavete
2763 1833 2792 1870 a
2851 1815 3001 1869 falsis
3032 1813 3337 1883 prophetis,
3375 1810 3468 1879 qui

1897 1914 2129 1967 veniunt
2174 1912 2238 1966 ad
2273 1926 2372 1965 vos
2404 1909 2588 1963 vestiti
2626 1908 2866 1976 pellibus
2898 1906 3107 1968 ovium,
3156 1905 3302 1957 intus
3339 1917 3472 1955 vero

1897 2012 2025 2057 sunt
2054 2001 2165 2069 lupi
2193 2014 2441 2069 rapaces.
2473 1999 2516 2053 Α
2545 1999 2819 2053 fructibus
2857 1998 3099 2065 ipsorum
3128 1991 3473 2063 cognoscetis

1896 2108 2011 2146 eos.
2046 2111 2063 2143 ι
2108 2092 2212 2146 Et:
2253 2108 2269 2141 ι
2293 2090 2409 2145 Non
2449 2099 2629 2159 potest
2666 2089 2829 2143 arbor
2871 2088 3013 2142 bona
3052 2087 3263 2139 fructus
3301 2083 3473 2137 malos

1896 2182 2058 2246 ferre,
2109 2196 2287 2251 neque
2320 2181 2485 2235 arbor
2518 2181 2654 2235 mala
2698 2181 2907 2235 fructus
2943 2179 3113 2233 bonos
3137 2178 3316 2231 facere
3356 2177 3419 2230 “.
3446 2194 3466 2226 ›

1896 2273 2237 2342 Quapropter
2265 2288 2362 2326 nos
2384 2273 2467 2326 his
2484 2273 2861 2335 considerazis,
2886 2272 3240 2339 inspiciamus
3258 2269 3472 2324 Domini

1900 2362 2205 2423 oraculum,
2243 2362 2493 2430 quisnam
2531 2363 2601 2415 sit
2632 2362 2887 2431 magister
2925 2362 3049 2425 hic,
3086 2377 3333 2429 quaenam
3367 2360 3473 2413 hu-

1897 2454 1983 2525 jus
2014 2454 2259 2508 doctrina
2296 2492 2310 2517 ,
2360 2469 2480 2522 qua:
2503 2454 2667 2507 arbor
2701 2464 2754 2507 ct
2786 2455 3004 2522 quinam
3047 2454 3271 2515 fructus,
3300 2462 3359 2506 ut
3391 2454 3473 2505 vel

1901 2560 1967 2599 ex
1997 2547 2115 2614 ipso
2143 2544 2321 2598 [ructu
2353 2545 2604 2597 arborem
2635 2559 3020 2613 agnoscamus,
3052 2556 3107 2598 et
3135 2560 3197 2597 ex
3229 2543 3474 2597 doctrina

1901 2636 2206 2690 doctorem.
2240 2636 2400 2690 Anno
2427 2653 2456 2687 a
2487 2634 2701 2688 Domini
2732 2644 2785 2688 et
2813 2634 3303 2689 Salvatorisnostri
3347 2634 3476 2689 Jesu

1901 2727 2105 2783 Christi
2154 2727 2265 2780 veri
2318 2727 2414 2781 Dei
2476 2725 2849 2781 incarnatione
2894 2727 3182 2779 millesimo
3218 2727 3479 2780 ducente-

1905 2819 2046 2874 simo‘
2074 2827 2129 2872 et
2159 2818 2395 2881 decimo,
2431 2818 2652 2885 quidam
2695 2817 2904 2871 ordinis
2935 2817 3359 2871 Prredicatorum
3389 2817 3483 2870 Ri-

1905 2910 2134 2965 chaldus
2158 2910 2401 2974 nomine,
2428 2909 2757 2980 Babylonem
2788 2910 3084 2977 prolectus.
3119 2909 3210 2962 ubi
3234 2909 3477 2962 studium

1909 3010 1965 3055 et
2023 3002 2342 3071 mysterium
2376 3000 2684 3070 iniquitatis
2737 3000 3120 3063 exercebatur,
3160 3014 3373 3053 summo
3403 2998 3483 3051 la-
3560 3052 3603 3063 ,η

1909 3092 2043 3147 bore
2064 3107 2185 3147 sese
2214 3092 2269 3146 in
2300 3091 2541 3146 Arabum
2578 3092 2763 3161 lingua
2791 3092 3057 3147 exercuit.
3092 3091 3189 3145 llic
3218 3091 3483 3145 discussis
3534 3086 3543 3089 ’

223 3179 486 3248 Σωτῆρος
537 3178 693 3249 ἡμῶν
742 3178 915 3247 Ἰησοῦ
950 3176 1188 3246 Χριστοῦ
1244 3176 1340 3229 τοῦ
1384 3176 1639 3246 ἀληθινοῦ
1672 3178 1805 3231 Θεοῦ

1915 3184 2076 3238 simul
2101 3190 2155 3236 et
2188 3183 2539 3237 exactissime
2583 3182 2941 3252 deprehensis
2967 3183 3032 3236 iis
3058 3197 3177 3251 qua:
3204 3183 3257 3235 in
3281 3181 3483 3235 Ismae-

226 3273 561 3342 σιρκώσεως
590 3271 843 3344 χιλιοστῷ
860 3271 1214 3342 διακοσιοστῷ
1243 3271 1452 3341 δεκάτῳ
1477 3271 1585 3324 ἔτει
1607 3290 1691 3336 τις
1716 3274 1815 3341 τῆς

222 3366 442 3430 τάξεως
472 3366 581 3419 τῶν
618 3364 1054 3436 Πρεδικατόρων,
1099 3364 1218 3432 ἦτοι
1247 3363 1355 3415 τῶν
1386 3364 1661 3433 κηρύκων,
1701 3363 1813 3415 Ῥιυ

1918 3276 2142 3329 litarum
2184 3274 2300 3343 lege
2354 3276 2732 3339 continentur,
2792 3274 2981 3330 eadem
3015 3274 3069 3328 in
3101 3272 3350 3327 Latinam
3380 3272 3486 3326 lin-

1918 3379 2075 3435 guam
2116 3379 2181 3418 ex
2210 3363 2442 3418 Arabica
2474 3365 2775 3419 transtulit.

228 3461 430 3522 καὶδος
482 3460 653 3526 ὄνομα
690 3458 860 3528 αὐτῷ,
907 3457 1159 3511 ἀπελθὼν
1212 3461 1291 3521 είς
1340 3460 1437 3528 τὴν
1484 3458 1801 3523 Βαϐυλῶνα,
1843 3459 1973 3513 ἔνθα
2002 3460 2063 3512 τὸ
2092 3462 2345 3530 μουσεῖον
2400 3461 2492 3515 ml.
2509 3461 2569 3512 τὸ
2601 3461 2900 3531 μυστήριον
2923 3460 3022 3529 τῆς
3077 3456 3307 3527 ἀνομίας
3332 3458 3484 3525 ἐνερ-

226 3556 439 3621 γεῖται,
510 3552 605 3604 καὶ
656 3549 1024 3619 φιλοπονήσας
1062 3552 1144 3613 είς
1190 3551 1379 3619 ἄκρον,
1426 3549 1698 3621 ἑξήσκησε
1772 3550 1870 3619 τὴν
1910 3551 2019 3604 τῶν
2056 3552 2304 3621 Ἀράϐων
2350 3551 2655 3605 διάλεκτονο
2693 3550 2753 3614 δς
2800 3554 2895 3605 καὶ
2942 3550 3229 3612 ἐξετάσας,
3265 3550 3360 3602 καὶ
3397 3551 3482 3610 είς

224 3646 519 3716 ἀκρίϐειαν
572 3646 747 3715 εὑρὼν
779 3645 849 3697 τὰ
924 3646 981 3697 ἐν
1045 3643 1123 3714 τῷ
1171 3646 1321 3714 νόμῳ
1361 3646 1469 3699 τῶν
1510 3646 1872 3715 Ἰσμαηλιτῶν
1912 3647 2449 3720 ἐμπεριειλημμένα,
2500 3647 2580 3711 είς
2625 3648 2724 3715 τὴν
2783 3647 2890 3700 τῶν
2946 3646 3191 3701 Λατίνων
3236 3644 3483 3714 γλῶτταν

226 3740 341 3793 ἀπὸ
371 3740 472 3807 τῆς
502 3738 607 3790 τῶν
647 3737 895 3807 Ἀράϐων
934 3741 1296 3806 μετήνεγκεν.

304 3828 371 3886 ε’.
414 3831 475 3882 Ὀ
502 3828 632 3895 γοῦν
668 3829 830 3897 νόμος
860 3828 969 3881 τῶν
1002 3829 1383 3898 Ἰσμαηλιτῶν,
1421 3829 1449 3879 δ
1476 3830 1809 3900 ὀνομαζόμε-

225 3942 321 3985 νος
362 3920 609 3990 Κορρὰν,
642 3920 671 3971 ὁ
696 3918 792 3970 καὶ
832 3917 984 3985 παρὰ
1023 3917 1118 3970 τοῦ
1152 3918 1448 3987 Μαχούμετ
1478 3919 1676 3983 δοθεὶς,
1709 3921 1807 3973 οὐκ

228 4012 398 4080 ἐτίθη
429 4011 561 4080 παρ’
599 4009 763 4063 αὐτοῦ
794 4011 886 4061 καὶ
931 4010 1117 4075 μόνου,
1150 4010 1287 4061 ἀλλὰ
1314 4012 1408 4063 καὶ
1444 4012 1576 4079 παρ’
1607 4012 1810 4082 ἑτέρων

232 4101 426 4159 τ.νῶν,
450 4098 545 4153 τοῦ
575 4116 632 4151 τε
675 4099 875 4169 δηλαδὴ
902 4100 1155 4167 γαμϐροῦ
1193 4100 1358 4153 αὑτοῦ
1402 4102 1497 4153 τοῦ
1536 4101 1683 4169 Ἀλῗ,
1719 4104 1812 4154 καὶ

225 4193 417 4246 illum
444 4191 604 4253 ἑπτὰ,
631 4186 799 4244 ὧνιτὰ
829 4190 1068 4259 ὀνόματά
1098 4191 1213 4243 εἱσι·
1233 4191 1403 4243 ταῦτα
1424 4208 1437 4223 ·
1468 4190 1640 4260 Ναφὲ,
1670 4195 1806 4255 Ἐδν,

237 4284 411 4349 Ὂμὰ.
448 4282 733 4352 Ἑλρεσὰρ,
784 4281 950 4350 Ἀσὴρ
996 4281 1111 4333 υἱοῦ
1140 4281 1233 4332 τοῦ
1287 4282 1490 4351 Χετὴρ,
1539 4284 1631 4335 καλ⁸
1688 4282 1806 4336 υἱοῦ

221 4378 327 4429 τοῦ
370 4374 567 4443 Ἀμέρ.
598 4375 884 4427 Λαϐόντων
918 4374 1096 4426 τοίνυν
1124 4374 1235 4427 τῶν
1277 4375 1373 4443 μὲν
1397 4378 1606 4437 τοῦτον,
1631 4377 1736 4429 τῶν
1763 4377 1809 4428 δ’

224 4470 471 4523 ἐκεῖνον,
506 4465 601 4517 καὶ
652 4464 988 4533 βουλομένων
1018 4464 1263 4517 ἑκάστων
1318 4466 1510 4534 στῆσαι
1552 4467 1642 4519 τδν
1679 4468 1810 4519 ἴδιον

1976 3831 2035 3883 5.
2062 3828 2170 3884 Lex
2199 3829 2382 3898 itaque
2412 3827 2803 3883 lsmaelitarum
2853 3828 3209 3883 Aleorranum
3237 3828 3398 3893 dicta,
3427 3835 3485 3881 et

1905 3934 1934 3972 a
1978 3918 2283 3971 Mabomete
2311 3918 2670 3987 promulgata,
2698 3931 2807 3970 non
2847 3918 2913 3971 ab
2947 3916 3066 3987 ipso
3092 3918 3205 3971 Solo
3238 3917 3341 3969 lata
3377 3924 3482 3978 est,

1914 4025 2104 4063 verum
2136 4009 2302 4063 etiam
2360 4009 2428 4062 ab
2461 4008 2584 4062 aliis
2633 4008 2997 4077 quibusdam,
3051 4020 3235 4078 utpote
3280 4024 3484 4078 genero

1908 4100 2054 4154 illius
2080 4099 2175 4154 Ala
2202 4140 2216 4163 ,
2248 4109 2304 4153 et
2335 4098 2455 4153 aliis
2503 4108 2732 4167 septem,
2774 4116 3006 4169 quorum
3061 4099 3283 4152 nomina
3323 4108 3479 4161 sunt,
3521 4114 3525 4123 ’

1915 4191 2126 4259 Naphe,
2160 4190 2300 4253 Eon,
2332 4188 2486 4254 Oma,
2525 4190 2762 4255 Elresar,
2818 4196 2975 4265 Aser,
3032 4188 3122 4243 lilii
3154 4188 3377 4251 Cheu-r,
3430 4196 3485 4241 et

1920 4284 2011 4337 lilii
2046 4285 2233 4337 Amer.
2266 4284 2401 4337 Cum
2436 4282 2602 4352 igitur
2631 4282 2685 4335 hi
2712 4282 2932 4351 quidem
2966 4283 3090 4345 hoc,
3118 4282 3210 4335 alii
3263 4296 3391 4335 vero
3424 4281 3487 4332 il-

1919 4373 2013 4427 lud
2045 4374 2376 4443 reciperent,
2413 4382 2469 4428 et
2498 4373 2701 4441 singuli
2737 4375 3018 4443 pr0prium
3050 4372 3253 4441 aliquid
3285 4381 3491 4425 statue-

1922 4473 2064 4526 rent,
2098 4471 2220 4533 post
2261 4472 2494 4518 mortem
2545 4463 2689 4517 Halat-
2734 4472 2789 4517 et
2821 4462 3148 4516 Mahometis
3189 4462 3485 4526 factiones,

228 4556 386 4627 μετὰ
421 4553 651 4607 θάνατον
670 4552 766 4605 τοῦ
799 4568 855 4605 τε
892 4552 1020 4619 Ἀλῆ
1057 4552 1265 4606 καὶτοῦ
1292 4554 1560 4622 Μωάμεθ,
1593 4556 1805 4617 στάσεις

1921 4552 2307 4607 contentiones
2331 4591 2345 4615 ,
2376 4552 2519 4606 bella
2548 4561 2603 4606 et
2629 4552 2807 4607 caedes
2834 4553 3255 4607 successoribus
3292 4551 3487 4603 horum

222 4651 335 4702 καὶ
364 4644 696 4712 φιλονεικίαι
724 4644 820 4697 καὶ
848 4644 1075 4712 πόλεμοι
1108 4646 1201 4697 καὶ
1231 4644 1417 4713 χύσεις
1440 4648 1687 4713 αἱμάτων
1718 4648 1813 4715 μὲ-

224 4756 332 4792 σον
360 4735 474 4790 τῶν
513 4735 774 4803 διαδόχων
819 4734 1002 4787 αὐτῶν
1038 4736 1477 4806 ὲμεσολάϐησαν.
1515 4737 1674 4790 Ἀλλὰ
1711 4739 1812 4804 τὴν

226 4829 490 4897 σήμερον
518 4826 566 4877 οἱ
598 4825 695 4894 μὲν
722 4824 859 4895 πρὸς
897 4824 1160 4894 ἀλλήλους
1201 4824 1430 4895 πόλεμοι
1472 4824 1739 4889 ἔπαυσαν,
1775 4829 1809 4895 ἡ

223 4922 293 4974 δὲ
326 4920 611 4981 διάστασις
640 4919 736 4971 καὶ
760 4918 1028 4988 διαίρεσις
1058 4919 1428 4989 ἐπεκράτησε,
1454 4920 1548 4971 καὶ.
1568 4920 1814 4989 δέχονται

223 5015 284 5066 οἱ
320 5012 424 5076 μὲν
457 5009 631 5073 τόνδε,
665 5011 716 5063 οί
735 5009 791 5062 δὲ
816 5011 992 5064 τόνδε.

312 5106 391 5165 ς’.
443 5099 583 5153 ‘AD.’
609 5101 637 5152 δ
665 5100 767 5169 μὶν
799 5102 1018 5171 πρῶτος
1054 5101 1233 5165 τεθεὶς
1274 5102 1439 5171 νόμος
1491 5102 1597 5156 ὑπὸ
1622 5101 1809 5170 δαίμο-

222 5208 327 5252 νος
358 5189 602 5257 ἐξετέθη.
631 5190 739 5242 Καὶ
772 5189 880 5258 γὰρ
907 5190 1058 5241 πᾶσα
1088 5188 1286 5258 ἀνομία
1322 5188 1414 5240 καὶ
1436 5188 1682 5257 ἁμαρτία
1699 5185 1814 5239 δαί-

226 5299 409 5352 μονας
431 5280 545 5349 ἔχει
563 5282 685 5342 τοὺς
710 5280 1108 5349 συνεργοῦντας
1132 5282 1225 5333 καὶ
1243 5279 1607 5341 συνιστῶντας
1627 5280 1817 5348 αὑτήν.

237 5372 397 5426 Ἀλλ’
432 5371 528 5424 ἐπὶ
552 5370 644 5423 τοῦ
676 5373 846 5439 νόμου
880 5370 1096 5423 τουτουῒ
1126 5372 1223 5439 οὐχ
1258 5370 1452 5434 οὕτως,
1487 5373 1621 5424 ἀλλὰ
1646 5373 1819 5439 στόμα

240 5466 391 5533 πρ“.ς
430 5460 524 5523 οὖς
557 5462 909 5532 ὑπηγορεύθη
944 5463 1095 5531 παρὰ
1120 5461 1215 5515 τοῦ
1250 5463 1524 5532 δαίμονος.
1548 5464 1709 5515 Ὥστε
1731 5464 1823 5515 καὶ

235 5555 298 5609 οι
338 5557 396 5605 ὲν
459 5552 743 5606 Βαϐυλῶνι
787 5553 895 5606 τῶν
946 5554 1152 5605 πολλῶν
1199 5553 1552 5622 ἀληθέστεροι
1598 5554 1658 5605 οὐ
1690 5554 1822 5622 κρυ-ι

236 5662 450 5698 naeus:
483 5644 763 5706 παντελῶς
791 5645 888 5712 τὴν
916 5643 1192 5712 ἀλήθειαν,
1228 5644 1363 5695 ἀλλὰ
1390 5646 1528 5712 πρὸς
1558 5643 1649 5707 οὓς
1682 5644 1818 5713 02p-

329 5782 368 5810 ‘°
411 5779 567 5835 Deut.
608 5794 755 5845 mn,
795 5778 880 5834 l7.
962 5780 999 5810 "
1035 5780 1227 5834 Matth.
1262 5796 1355 5845 rn,
1387 5780 1473 5847 15,
1506 5781 1592 5837 lli.

1919 4642 2258 4697 inciderunt.
2295 4643 2496 4697 Verum
2545 4643 2708 4697 hodie
2743 4642 2964 4712 quidem
3008 4644 3149 4697 bella
3188 4654 3372 4696 mutua
3402 4657 3493 4697 so-

1890 4737 2029 4806 .pita
2062 4742 2231 4800 sunt,
2267 4734 2554 4790 dissidium
2604 4751 2737 4789 vero
2767 4744 2823 4790 et
2870 4735 3141 4790 dissensio
3176 4734 3490 4807 perduravit

1920 4826 2148 4892 adhuc;
2194 4833 2251 4879 et
2302 4824 2394 4879 alii
2426 4824 2649 4894 quidem
2683 4824 2810 4890 hoc,
2847 4825 2938 4879 alii
2988 4840 3120 4879 vero
3162 4825 3292 4879 illud
3349 4823 3489 4879 reci-

1920 4924 2099 4982 piunt.

1989 5106 2041 5161 ϐ.
2082 5105 2348 5159 Caeterum
2384 5106 2469 5160 lex
2506 5106 2595 5159 illa
2616 5105 2883 5176 principio
2921 5121 2949 5159 a
2979 5105 3223 5161 daemone
3249 5107 3354 5161 lata
3384 5116 3488 5160 est.

1922 5191 2111 5247 Omnis
2140 5193 2286 5247 enim
2326 5194 2589 5263 iniquitas
2619 5204 2673 5248 et
2704 5204 2990 5264 peccatum
3025 5196 3299 5249 d.rmones
3330 5196 3494 5250 habet

1928 5280 2208 5348 adjutores
2234 5322 2247 5345 ,
2302 5290 2356 5335 et
2394 5282 2765 5351 cooperarios.
2815 5283 2872 5337 ln
2909 5284 3024 5352 lege
3074 5298 3202 5336 vero
3244 5283 3346 5336 hac
3381 5299 3489 5336 non

1925 5371 2087 5435 item;
2122 5372 2214 5425 sed
2249 5388 2344 5426 ore
2398 5372 2463 5425 ad
2513 5389 2700 5430 aurem
2758 5390 2788 5428 a
2834 5373 3079 5427 dzvmonc
3127 5374 3325 5428 dictata
3356 5384 3488 5427 est:

1926 5463 2388 5533 quemadmodum
2424 5464 2587 5517 etiam
2641 5465 2694 5517 hi
2728 5464 2821 5533 qui
2860 5466 2913 5519 in
2943 5465 3215 5535 Babylone
3248 5464 3492 5517 velitatis

1924 5554 2283 5609 studiosiores
2302 5565 2449 5619 sunt,
2483 5556 2766 5611 veritatem
2805 5573 2911 5611 non
2952 5557 3228 5617 occulunt,
3263 5555 3356 5609 sed
3382 5557 3494 5608 sin-

1924 5648 2032 5717 guli
2074 5648 2137 5703 iis
2183 5648 2385 5717 quibus
2422 5649 2738 5717 conﬁdunt,
2773 5650 2964 5706 dicunt
3000 5650 3126 5716 hoc,
3162 5658 3218 5704 et
3247 5648 3491 5704 fatentur
