4204 6450
236 345 347 401 δίὶό

222 481 440 546 san-36.1;
510 501 525 531 ει
566 482 760 551 Κύριος
814 485 923 551 γὰρ
955 525 969 545 ,
1048 489 1179 553 φησὶ
1246 489 1411 539 Δαίίδ
1444 532 1457 550 ,

224 575 418 633 πραεῖς
465 576 523 625 ἐν
564 576 766 643 κρίςει,
819 577 1015 640 διδάξει
1075 582 1271 646 πραεῖς
1327 582 1481 639 ὁδους
1536 582 1724 633 aito-3.
1770 601 1787 631 ι

229 684 249 716 r
296 667 699 734 ’Υπεργιφάνοις
738 669 814 729 δὲ,
852 672 1017 736 φησὶν
1051 671 1321 740 Σολομὼν,
1353 676 1380 725 ὁ
1418 672 1617 741 Κύριος
1648 677 1796 727 ἀντι-

221 756 531 819 τάσσεται,
588 760 867 819 ταπεινοῖς
922 760 975 811 δὲ
1035 760 1214 812 δίδωσι
1276 764 1458 832 χάριν.
1501 783 1518 814 ι
1576 765 1634 815 ΕΞ
1687 765 1797 831 γὰρ

220 848 529 916 ἀκάθαρτος
568 848 714 916 παρὰ
742 849 860 917 Θεῷ
894 853 997 911 πᾶς
1034 852 1446 920 ὑῴηλοκάρῗιος.
1478 858 1559 915 τίς
1590 856 1794 908 ὀδυνά-

222 953 386 1001 μενος
433 938 727 1007 καθαρίσαι
770 939 972 1004 αὑτον;
1020 940 1131 993 Καὶ
1173 943 1219 993 εἰ
1276 943 1302 991 ὁ
1361 942 1557 1011 Κύριος
1599 945 1799 1012 ὑπερη·

220 1030 418 1094 φάνοις
456 1031 902 1097 ἀντιστάσσεται,
929 1031 1014 1095 τίς
1044 1034 1072 1085 ὁ
1125 1033 1407 1101 βοηθήσων
1459 1036 1611 1103 αὑτῷ
1644 1055 1656 1101 ;
1690 1036 1796 1089 Καὶ

220 1118 269 1167 εἰ
297 1120 323 1169 ὁ
350 1117 550 1185 Κύριος
576 1117 836 1185 ὁδηγήσει
872 1121 1066 1185 πραεῖς
1103 1121 1161 1171 ὲν
1226 1123 1429 1191 κρίσει,
1481 1122 1684 1186 διδάξει
1739 1124 1795 1175 δὲ

218 1207 421 1271 πραεῖς
452 1205 603 1265 ὁδοὺς
635 1205 822 1268 αὐτοῦ,
858 1208 949 1257 τὸν
977 1206 1209 1271 ἀλαζόνα
1246 1211 1342 1260 καὶ
1372 1212 1688 1279 ἐπηρμένον
1711 1214 1793 1265 τίς

219 1296 589 1363 δδηγήσειείς
612 1297 732 1349 ὁδὸν
760 1300 1038 1366 σωτηρίας
1108 1304 1202 1351 καὶ
1253 1300 1555 1369 ἁληθείας;
1615 1303 1679 1356 Τί
1741 1306 1796 1356 δὲ

219 1392 353 1456 περὶ
389 1389 482 1441 τοῦ
518 1389 766 1463 ᾧεύδους,
797 1391 824 1443 ὃ
879 1393 1172 1454 διαπαντὸς
1207 1395 1528 1463 ὑποϐάθραν
1582 1398 1675 1449 καὶ
1710 1397 1793 1449 θε-

220 1482 415 1543 μέλιον
474 1483 639 1535 αὑτοῦ
690 1484 951 1546 τέθεικε;
995 1485 1094 1536 Καὶ
1139 1486 1293 1538 οὐδέν
1341 1489 1459 1539 ἐστι
1505 1489 1614 1540 τῶν
1664 1491 1797 1558 παρ’

216 1574 457 1633 ἐκείνοις
489 1574 792 1641 λεχθέντων
825 1577 1052 1643 ἄμοιρον
1102 1577 1357 1643 ψεύδους,
1390 1578 1526 1631 ἀλλὰ
1579 1579 1646 1631 τά
1700 1579 1797 1647 μέν

215 1666 330 1716 εἰσι
384 1665 610 1718 καθόλου
637 1669 731 1719 καὶ
773 1668 1012 1735 παντελῆ
1044 1669 1218 1736 ψεύδη
1247 1669 1343 1721 καὶ
1378 1669 1696 1738 πλάσματα,
1729 1670 1797 1721 τὰ

215 1752 277 1804 δὲ
318 1754 657 1821 δραξάμενος
714 1756 893 1823 ἴχνους
921 1758 1204 1823 ἀληθείας,
1260 1759 1484 1812 πλάττει
1531 1762 1797 1829 τεράστια

1214 371 1509 429 CONTRA
1558 373 2041 432 ἷνῙᾹῐΙεῙῖΜΕΤΕΜ
2087 374 2372 434 ORATIO
2416 375 2465 435 Ῑ.

1535 492 1701 558 ίδηγή
1715 507 1792 541 πει

1903 489 2068 547 dicio,
2099 488 2327 542 docebit
2353 498 2669 543 mansuetos
2704 487 2819 542 vias
2854 500 2980 540 suas
3003 489 3065 540 η.
3103 504 3119 537 ι
3156 504 3174 538 ι
3212 485 3478 554 Superbis

3370 374 3476 434 CllG

1896 581 2040 632 enim
2085 580 2262 647 inquit
2292 578 2574 642 Solomon,
2613 578 2825 632 resistit
2856 577 3149 639 Dominus;
3176 578 3478 630 humilibus

1894 671 2038 722 enim
2068 670 2160 722 dat
2187 669 2413 738 gratiam
2469 668 2533 722 ¹³.
2569 687 2587 719 ›
2644 668 2698 722 Si
2727 669 2870 722 enim
2929 667 3245 720 immundus
3295 684 3475 720 coram

1896 762 2008 814 Deo
2044 771 2351 829 reputatur,
2385 760 2644 829 quisquis
2671 761 2856 812 animo
2891 760 3195 823 extollitur,
3224 758 3474 825 quisnam

1897 853 2046 905 hunc
2106 852 2372 905 mundare
2431 851 2678 921 poterit?
2729 852 2794 905 Et
2827 852 2870 905 si
2930 850 3193 904 Dominus
3226 851 3480 919 superbis

1900 943 2123 1005 resistit,
2159 943 2282 1011 quis
2316 944 2445 996 huic
2477 942 2844 996 auxiliaturus
2884 941 3008 995 est?
3041 942 3105 995 Et
3138 942 3183 995 si
3212 941 3481 995 Dominus

1898 1034 2051 1088 ducit
2100 1043 2418 1088 mansuetos
2472 1033 2525 1086 in
2575 1032 2785 1102 judicio
2814 1074 2828 1096 ,
2874 1040 2931 1085 et
2970 1039 3286 1084 mansuetos
3316 1029 3479 1084 docet

1902 1122 2016 1175 vias
2042 1137 2171 1175 suas
2194 1162 2208 1185 ,
2246 1129 2596 1190 arrogantem
2641 1130 2697 1173 et
2734 1120 3033 1188 superbum
3067 1119 3191 1187 quis
3222 1118 3387 1172 ducet
3420 1120 3476 1173 in

1900 1211 2042 1263 viam
2082 1211 2275 1264 salutis
2303 1222 2358 1263 et
2406 1208 2693 1262 veritatis?
2727 1207 2867 1273 Quid
2914 1224 3044 1261 vero
3090 1208 3159 1261 de
3187 1206 3479 1261 mendacio

1900 1303 1945 1353 is
2014 1303 2104 1369 qui
2148 1302 2250 1354 hoc
2290 1316 2388 1354 ceu
2428 1300 2602 1354 basim
2638 1308 2694 1353 et
2730 1298 3147 1352 fundamentum
3180 1314 3340 1352 suum
3364 1298 3480 1352 col-

1898 1395 2118 1452 locavit.
2157 1404 2212 1448 et
2251 1410 2279 1446 ιι
2310 1408 2423 1461 quo
2454 1393 2591 1446 nihil
2623 1393 2743 1446 sine
2792 1392 3077 1447 mendacio
3111 1394 3318 1446 dictum
3369 1393 3483 1447 sit?

1896 1485 2167 1538 (lu-terum
2234 1485 2335 1536 alia
2393 1484 2616 1551 quidem
2681 1484 2735 1537 in
2788 1485 3108 1537 universum
3154 1493 3212 1537 et
3257 1484 3483 1559 omnino

1899 1576 2035 1630 falsa
2082 1587 2138 1627 et
2173 1574 2296 1627 [icta
2328 1581 2478 1636 sunt,
2511 1573 2614 1626 alia
2642 1588 2794 1638 vero,
2831 1574 3079 1627 veritatis
3113 1572 3335 1642 aliquod
3391 1588 3485 1627 ve-

1899 1666 2121 1732 stigium
2165 1674 2381 1728 naetus,
2417 1665 2729 1735 prodigiosa
2765 1666 2992 1718 omnino
3020 1676 3071 1718 et
3111 1665 3347 1719 absurda
3386 1664 3483 1719 [in-

1899 1760 1996 1820 git.
2032 1757 2094 1811 Et
2130 1756 2592 1825 quemadmodum
2621 1756 2805 1808 nullus
2832 1764 2915 1809 est
2938 1770 3222 1817 sensuum,
3255 1756 3347 1823 qui
3374 1770 3481 1809 non

215 1845 319 1895 καὶ
348 1845 614 1898 ἀλλόκοτα
688 1847 1014 1916 πράγματα.
1082 1848 1189 1901 Καὶ
1236 1849 1427 1921 ὥσπερ
1501 1853 1598 1903 οὐκ
1649 1853 1799 1907 ἔστιν

1905 1860 2049 1903 laetu
2087 1851 2259 1902 instar
2296 1849 2535 1903 vehiculi
2566 1857 2770 1905 utatur;
2803 1847 2882 1899 sic
2936 1846 3118 1900 nullus
3154 1856 3236 1900 est
3282 1845 3352 1899 ab
3382 1846 3486 1901 hoc

214 1938 477 2004 αἴσθησις
503 1940 533 2006 ή
564 1940 636 2007 μὴ
665 1939 862 2008 ἔχουσα
893 1940 990 2010 τὴν
1016 1942 1161 2009 ἁφὴν
1209 1943 1399 2013 ὥσπερ
1430 1945 1632 2013 ὄχημα,
1659 1946 1802 1998 οῦτω

215 2028 531 2095 οὐδὲλόγος
574 2030 787 2100 λεχθεὶς
837 2033 969 2102 παρ’
1004 2034 1237 2099 ἐκεὲνον,
1296 2037 1443 2097 ὅστις
1498 2039 1597 2089 οὐκ
1653 2038 1799 2089 ἔστιν

214 2119 419 2187 ψεῦδος
447 2122 637 2188 σαφὲς,
686 2123 718 2190 ἢ
760 2125 939 2191 μίγμα
977 2125 1210 2192 ψεύδους
1246 2127 1342 2179 καὶ
1388 2128 1667 2193 ἀληθείας.
1702 2130 1798 2193 Τίς

213 2211 332 2277 γάρ
362 2210 469 2262 τῶν
494 2212 741 2266 ὁπωσοῦν
774 2215 1007 2282 ἐχόντων
1046 2217 1249 2282 γνῶσιν
1285 2218 1347 2270 οὐ
1386 2219 1661 2285 λογίσεται
1694 2240 1795 2273 κα-

215 2302 394 2371 θαρὸν
418 2304 642 2372 πλάσμα
679 2307 773 2357 καὶ
798 2304 1016 2373 ψεῦδος,
1044 2308 1123 2360 ὅτι
1161 2308 1467 2362 διαϐάλλων
1507 2314 1599 2363 τὸν
1627 2312 1784 2373 Θεὸν,

212 2395 375 2460 λέγει
432 2396 688 2464 περὶτοῦ
741 2396 960 2468 Βορρᾶν
1013 2400 1088 2462 ὼς
1147 2403 1210 2453 ὲκ
1255 2401 1549 2470 προσώπου
1606 2403 1796 2468 αὐτοῦ,

214 2485 305 2536 δτι
340 2484 401 2534 Εί
432 2486 512 2545 εἰς
550 2484 608 2536 ἓν
639 2486 746 2537 τῶν
779 2486 951 2557 ὀρέων
1008 2489 1336 2558 ἐπέμψαμεν
1368 2491 1523 2552 αὐτὸ,
1575 2491 1797 2560 σχισθῆ-

216 2594 312 2627 ναι
343 2575 572 2644 ἔμελλεν
606 2577 671 2629 ἂν
700 2577 805 2631 ὑπὸ
853 2578 947 2630 τοῦ
996 2578 1167 2646 φόϐου
1229 2583 1323 2632 καὶ
1367 2581 1466 2648 τῆς
1506 2581 1795 2645 εὐλαϐείας

214 2668 414 2721 αὑτοῦ.
467 2669 627 2721 Ἀλλά
671 2670 769 2722 καὶ
819 2672 1072 2741 περὶτοῦ
1109 2672 1370 2741 ἄρχοντος
1422 2675 1459 2725 Γ
1463 2675 1685 2743 αϐριὴλ,
1720 2675 1796 2738 ὡς

212 2763 354 2815 ὅταν
384 2760 527 2831 φέρῃ
557 2760 748 2814 τοῦτον
780 2762 1169 2832 διαλεγόμενον
1197 2765 1347 2834 αὐτῷ
1376 2767 1434 2817 ἐν
1471 2769 1535 2835 τῇ
1562 2766 1680 2837 ὥρα
1702 2768 1797 2818 τοῦ

216 2854 434 2915 πάθους
456 2853 642 2907 αὐτοῦ.

294 2952 353 2999 ι’.
380 2946 481 2999 Καὶ
515 2948 645 3016 περὶ
671 2948 766 2999 τοῦ
798 2949 1061 3018 ὀνόματος
1093 2950 1257 3003 αὐτοῦ
1282 2951 1374 3003 τοῦ
1426 2953 1699 3021 Μωάμεθ,
1727 2954 1803 3015 ὡς

212 3040 540 3108 εὑρίσκεται
566 3041 625 3105 ἐξ
664 3041 835 3095 ἀϊδίου
877 3044 1270 3113 γεγραμμένον
1327 3047 1387 3098 ὲν
1439 3048 1550 3110 τοῖς
1609 3047 1801 3111 δεξιοῖς

218 3134 424 3202 μέρεσι
456 3132 551 3187 τοῦ
583 3135 899 3189 δεσποτικοῦ
932 3136 1122 3205 θρόνου
1153 3141 1209 3190 ὲν
1228 3137 1304 3205 τῷ
1329 3139 1586 3209 ἁνωτέρῳ
1622 3140 1798 3209 μέρει.

212 3224 335 3278 Καὶ
374 3224 455 3277 ὅτι
484 3226 612 3294 περὶ
638 3225 805 3278 αὑτοῦ
841 3226 1201 3295 προφητεύων
1226 3231 1253 3281 ό
1276 3230 1512 3298 Χριστὸς
1536 3233 1645 3293 τοῖς
1668 3231 1802 3293 υἱοῖς

227 3313 476 3384 Ἰσραὴλ,
524 3314 698 3377 οὕτως
733 3318 971 3386 εἴρηκεν,
1036 3320 1474 3389 Εὑαγγελίζομαι
1523 3324 1651 3390 ὑμῖν
1713 3323 1805 3376 τὸν

212 3405 525 3459 ἀπόστολον
550 3405 643 3458 τοῦ
693 3407 849 3470 Θεοῦ,
880 3408 969 3461 τὸν
1021 3410 1218 3478 ἥξοντα
1284 3413 1400 3481 μετ’
1442 3412 1564 3481 ἐμὲ,
1618 3415 1709 3467 καὶ
1744 3416 1804 3467 τὸ

212 3499 393 3565 ὄνομα
426 3497 591 3551 αὑτοῦ
622 3499 887 3568 Μωάμεθ.
934 3502 1088 3553 Ἐπεὶ
1114 3504 1170 3554 δὲ
1213 3504 1336 3555 οὕτε
1370 3508 1427 3556 ὲν
1480 3509 1547 3576 τῇ
1593 3507 1807 3577 Παλαιᾷ

213 3589 538 3657 εὑρίσκεται
564 3590 777 3660 Γραφῇ,
818 3590 941 3644 οὔτε
968 3594 1024 3645 ἐν
1058 3596 1121 3663 τῇ
1159 3594 1294 3663 Νέᾳ,
1325 3596 1439 3647 ἀλλ’
1491 3598 1604 3651 ἐστι
1638 3601 1807 3665 σαφὲς

180 3700 183 3703 ν
210 3682 441 3749 ψεῦδος,
475 3683 750 3751 ἐκήρυξαν
784 3685 876 3735 καὶ
909 3683 1216 3737 ὲπλάσαντο
1246 3690 1293 3739 οί
1325 3689 1534 3741 ἐκείνου
1568 3690 1806 3760 διάδοχοι

211 3773 291 3835 ὡς
329 3772 490 3840 δῆθεν
510 3771 687 3841 φθόνῳ
710 3774 1006 3841 τρωθέντες
1037 3776 1287 3837 ἐξέϐα).ον
1307 3779 1438 3830 αὐτὸ
1460 3781 1508 3831 οἱ
1545 3780 1645 3849 μὲν
1675 3782 1809 3833 ‘lou-

209 3865 359 3916 δαίοι
398 3863 624 3931 ἀπδξτῆς
654 3864 892 3927 παλαιᾶς
923 3866 1167 3935 Γραφῆς,
1190 3870 1237 3920 ei
1261 3868 1315 3920 δὲ
1355 3871 1673 3939 Χριστιανοὶ
1702 3874 1809 3926 ἀπὸ

208 3954 314 4005 τοῦ
340 3952 696 4020 Εὖαγγελίου.
714 3955 901 4024 Ἡμεῖς
926 3956 983 4008 δὲ
1001 3958 1158 4011 τοῦτο
1174 3962 1386 4031 τρανῶς
1405 3966 1462 4016 έν
1484 3969 1551 4034 τῇ
1576 3967 1809 4039 τετάρτῃ

208 4045 489 4113 ἀπολογίᾳ
515 4044 855 4113 ὲλέγξαντες,
889 4049 1251 4119 ἀπεδείξαμεν
1311 4053 1456 4117 ὅπως
1492 4058 1608 4109 ἐστὶ
1644 4058 1810 4125 σαφὲς

208 4138 445 4202 ψεῦδος.
486 4136 596 4189 Διὰλ
634 4137 791 4190 τοῦτο
831 4142 1090 4210 περισσὸν
1129 4145 1223 4195 καὶ
1270 4146 1543 4213 παρέλκον
1574 4148 1808 4217 ἥγημαι,

206 4232 286 4283 τά
320 4229 462 4282 αὐτὰ
490 4230 583 4281 καὶ
607 4234 734 4300 περὶ
756 4232 863 4284 τῶν
882 4234 1060 4288 αὐτῶν
1085 4236 1344 4300 πολλάκις
1381 4241 1697 4311 ἐπιχειρεῖν.

292 4328 393 4374 ια’.
427 4322 568 4387 Ἔτι,
599 4324 713 4375 Οὐκ
738 4319 921 4393 ἦλθον,
976 4327 1133 4397 φησι,
1162 4329 1249 4381 διὰ
1301 4330 1611 4398 θαυμάτων,
1679 4334 1815 4385 ἀλλὰ

206 4412 304 4463 διὰ
336 4409 525 4478 ξίφους
578 4415 671 4465 καὶ
697 4416 1004 4482 τιμωρίας·
1048 4419 1141 4470 καὶ
1193 4422 1305 4482 τοῖς
1362 4422 1435 4491 μὴ
1473 4424 1814 4492 πειθομένοις

1900 1942 2084 1994 dictus
2112 1954 2333 2002 sermo,
2402 1941 2494 2007 qui
2547 1953 2655 1991 non
2689 1948 2785 1993 aut
2829 1938 3118 1991 manifeste
3153 1937 3386 1992 mendax
3429 1946 3486 1990 et

1902 2031 2071 2084 falsus
2099 2031 2191 2091 sit,
2224 2039 2319 2082 aut
2343 2045 2406 2081 cx
2443 2027 2729 2083 mendacio
2758 2036 2806 2081 et
2840 2026 3077 2081 veritate
3107 2026 3322 2079 mistus.
3351 2024 3486 2090 Quis

1902 2123 2051 2176 enim
2084 2123 2171 2176 vel
2214 2123 2423 2175 tantilla
2456 2120 2770 2189 cognitione
2808 2118 3091 2186 praeditus,
3126 2132 3237 2171 non
3264 2114 3485 2185 judica-

1908 2227 1988 2267 ret
2024 2217 2163 2269 inter
2188 2215 2414 2279 simplex
2444 2212 2759 2281 ﬁgmentum
2820 2209 3168 2277 falsumque?
3198 2206 3344 2277 quod
3374 2206 3485 2259 Deo

1904 2316 2238 2368 obtrectans,
2271 2306 2338 2358 de
2373 2304 2676 2357 Alcorrano
2715 2302 2871 2373 quasi
2900 2303 2954 2356 in
2997 2301 3218 2371 propria
3247 2314 3484 2368 persona

1902 2401 2169 2470 loquitur,
2204 2397 2358 2463 Quod
2402 2396 2445 2450 si
2488 2396 2541 2450 in
2588 2396 2824 2465 aliquem
2871 2395 3144 2449 montium
3174 2394 3488 2449 miserimus

1909 2493 2085 2555 illum,
2123 2490 2504 2558 disrumpctur
2540 2488 2732 2555 utique
2763 2501 2877 2557 prae
2910 2487 3105 2539 timore
3139 2494 3193 2537 et
3223 2482 3487 2553 religione

1905 2585 2109 2655 hujus;
2168 2581 2300 2651 quin
2354 2580 2527 2634 etiam
2573 2577 2681 2633 hoc
2738 2578 2806 2633 de
2852 2576 3181 2647 archangelo
3223 2575 3487 2643 Gabriel,

1905 2691 2067 2746 quem
2102 2675 2205 2728 sub
2252 2682 2499 2742 tempore
2565 2668 2741 2725 morbi
2778 2669 2863 2725 sui
2930 2682 3120 2729 secum
3166 2668 3487 2738 loquentem

1907 2769 2139 2825 inducit.

1976 2953 2064 3008 lO.
2106 2953 2401 3013 Prmterea,
2433 2949 2578 3019 quod
2602 2949 2671 3004 de
2705 2948 2927 3005 nomine
2959 2962 3063 3004 suo
3098 2947 3375 3003 Mahomet
3409 2948 3489 3005 ef-

1906 3046 2085 3111 ﬂuxit,
2117 3044 2261 3114 quod
2288 3060 2353 3098 ex
2381 3052 2588 3098 aeterno
2606 3041 2872 3112 scriptum
2906 3040 3221 3094 inveniatur
3251 3039 3306 3095 in
3339 3040 3487 3094 fasti-

1906 3138 1994 3209 gio
2034 3137 2241 3191 dextrae
2293 3135 2470 3205 partis
2504 3133 2684 3188 throni
2718 3133 2889 3188 divini
2926 3150 2942 3189 :
2975 3132 3236 3202 quodque
3293 3132 3361 3188 de
3391 3132 3486 3187 illo

1907 3227 2240 3284 vaticinatus
2267 3225 2524 3281 Christus
2573 3225 2702 3280 ﬁliis
2727 3225 2898 3280 Israel
2932 3224 3174 3279 dixerit:
3205 3224 3487 3279 Annuntio

1906 3320 2083 3383 vobis,
2127 3319 2432 3389 apostolum
2469 3317 2564 3373 Dei
2598 3326 2894 3372 venturum
2935 3324 3062 3386 post
3116 3328 3205 3371 me
3232 3355 3247 3379 ,
3283 3331 3483 3372 nomen

1908 3412 1986 3466 illi
2021 3410 2316 3465 Mahomet.
2356 3409 2493 3465 Cum
2518 3424 2652 3463 vero
2680 3424 2781 3463 nec
2802 3408 2858 3462 in
2892 3406 3078 3463 Veteri
3110 3422 3213 3463 nec
3250 3410 3303 3463 in
3331 3408 3486 3463 Novo

1912 3504 2267 3559 Testamento
2332 3502 2647 3574 bujusmodi
2710 3504 2984 3572 scriptura
3052 3502 3383 3567 inveniatur,
3431 3511 3487 3556 et

1908 3595 2257 3650 mendacium
2315 3594 2389 3648 sit
2419 3593 2853 3663 apertissimum,
2890 3593 3151 3648 dixerunt
3182 3592 3487 3647 ﬁnxerunt-

1910 3703 2016 3756 quc
2050 3700 2398 3740 successores
2425 3685 2608 3755 hujus,
2638 3683 2905 3754 quosdam
2957 3683 3162 3739 invidia
3212 3693 3389 3739 motos
3422 3682 3488 3738 ii-

1909 3775 2003 3828 lud
2036 3776 2369 3844 expunxisse
2392 3816 2407 3838 ,
2441 3774 2661 3830 Judaeos
2698 3775 2920 3844 quidem
2968 3789 3037 3829 ex
3072 3775 3247 3830 veteri
3297 3774 3491 3829 Testa-

1912 3877 2122 3931 mento,
2151 3866 2496 3922 Christianos
2529 3874 2713 3920 autem
2759 3880 2824 3919 ex
2870 3864 3188 3937 Evangelio.
3219 3866 3330 3921 Nos
3353 3881 3483 3921 vero

1913 3957 2155 4011 dilucide
2186 3957 2293 4011 hoc
2325 3956 2379 4009 in
2412 3964 2607 4026 quarta
2635 3956 2898 4024 Apologia
2932 3956 3236 4021 confutata,
3261 3957 3491 4012 demon-

1914 4048 2214 4102 stravimus
2238 4063 2402 4116 quam
2431 4057 2617 4116 aperte
2642 4046 2750 4101 hoc
2780 4046 2975 4101 falsum
3015 4048 3120 4114 sit;
3152 4058 3487 4119 quapropter

1916 4153 2387 4208 supervacaneum
2444 4148 2499 4192 et
2558 4139 2933 4208 importunum
2965 4139 3256 4205 existimo,
3293 4142 3485 4198 eadem

1914 4243 1965 4283 cl
1994 4231 2061 4285 de
2096 4231 2285 4284 iisdem
2324 4230 2521 4298 saepius
2549 4233 2846 4300 disputare.

1989 4323 2074 4374 tt.
2106 4321 2188 4375 Ad
2238 4322 2353 4377 haec
2387 4340 2401 4376 :
2435 4322 2552 4377 Non
2587 4321 2711 4375 veni
2742 4361 2755 4385 ,
2813 4322 3013 4392 inquit,
3054 4339 3153 4394 per
3182 4325 3445 4394 miracula
3469 4369 3485 4394 ,

1915 4411 2011 4466 sed
2056 4428 2156 4481 per
2194 4411 2430 4481 gladium
2481 4421 2539 4467 et
2586 4391 3103 4483 supplicia,iiisque
3133 4391 3247 4485 qui.
3281 4391 3487 4471 nostrae

204 4504 294 4573 τῷ
334 4505 590 4575 ἡμετέρῳ
612 4505 765 4576 νόμῳ
796 4509 889 4560 καὶ
924 4512 987 4579 τῇ
1038 4510 1253 4581 διδαχῇ,
1287 4512 1517 4576 θάνατος
1558 4515 1715 4569 ἔσται
1768 4519 1802 4588 ἡ

1911 4503 2021 4573 legi
2050 4512 2106 4559 et
2135 4505 2401 4559 doctrina:
2426 4518 2538 4558 non
2556 4504 2846 4568 obediunt,
2877 4505 3071 4560 mortis
3097 4521 3255 4575 poena
3286 4508 3491 4562 consti-

204 4596 489 4664 τιμωρία,
517 4598 550 4666 ἢ
587 4598 784 4667 φόρους
843 4598 1159 4654 διδότωσαν.
1202 4602 1267 4654 Τί
1334 4602 1536 4671 τοῦτο;
1586 4606 1808 4670 Πάντως

204 4685 316 4736 οὐκ
347 4684 499 4747 ἄλλο,
531 4687 564 4755 ἡ
607 4686 929 4756 βουλόμενος
976 4690 1270 4743 συσκιάσαι
1324 4691 1424 4760 τὴν
1474 4694 1668 4745 ἑαυτοῦ
1705 4714 1809 4764 μα-

203 4774 486 4842 ταιότητα
544 4775 637 4828 καὶ
692 4776 1012 4843 ἀσθένειαν,
1066 4779 1189 4830 ἐπεὶ
1222 4778 1345 4833 οὔτε
1392 4781 1490 4851 τὴν
1545 4783 1652 4835 ἀπὸ
1703 4785 1811 4836 τῶν

205 4862 487 4933 Γραφῶν,
527 4863 652 4917 οὔτε
704 4865 803 4935 τὴν
835 4866 925 4918 διὰ
990 4866 1282 4935 θαυμάτων
1323 4865 1435 4940 εἶχε
1499 4876 1810 4943 μαρτυρίαν

204 4954 312 5005 καὶ
361 4952 433 5003 τά
460 4953 649 5017 mota,
682 4956 995 5022 μηχανᾶται
1020 4957 1110 5009 τὸν
1138 4958 1319 5024 φόνον,
1349 4961 1435 5012 ἵνα
1466 4960 1555 5013 διὰ
1588 4961 1682 5013 τοῦ
1720 4964 1811 5030 φά.

202 5047 314 5097 6ου
356 5046 575 5115 ἐκφύγῃ
608 5048 698 5099 τὸν
747 5047 986 5117 ἔλεγχον,
1046 5048 1075 5100 ὃ
1112 5051 1495 5132 καὶιγέγονεν.
1556 5054 1647 5123 Τῷ
1697 5058 1804 5125 γὰρ

204 5136 379 5202 φόϐῳ
430 5134 523 5187 τοῦ
560 5136 787 5189 θανάτου
827 5141 1218 5210 παρῃτήσαντο
1271 5140 1371 5208 μὲν
1427 5143 1518 5195 τὸν
1559 5144 1801 5213 ἔλεγχον,

206 5224 434 5290 μᾶλλον
460 5222 643 5292 δὲτὴν
689 5223 971 5292 ἀλήθειαν,
1010 5226 1103 5277 καὶ
1140 5228 1460 5295 ἠσπάσαντο
1495 5232 1554 5283 τὸ
1606 5232 1800 5300 ψεῦδος

203 5316 311 5365 καὶ
349 5313 454 5380 τήν
486 5313 780 5367 ἀπώλειαν.
813 5316 977 5367 ’Ὥστε
1011 5320 1101 5369 καὶ
1129 5320 1175 5370 οἱ
1222 5319 1454 5390 διάδοχοι
1498 5322 1685 5375 τούτου
1735 5328 1798 5394 τῇ

203 5405 341 5475 ὥρᾳ
402 5404 497 5468 τῆς
547 5404 891 5468 διδασκαλίας
947 5408 1147 5469 αὐτῶν,
1191 5411 1339 5477 ξίφος
1386 5413 1671 5480 γυμνοῦσι,
1709 5419 1801 5468 καὶ

206 5495 441 5547 τιθέασι
480 5494 646 5562 μέσον
680 5497 879 5561 αὐτῶν,
914 5499 1160 5563 λέγοντες
1192 5502 1266 5562 ὡς
1296 5505 1355 5554 ἐκ
1380 5504 1674 5571 προτώπου
1708 5507 1799 5557 τοῦ

208 5584 498 5653 Μωάμεο,
533 5583 667 5638 Τάδε
700 5590 860 5656 φησὶν
891 5591 918 5640 ὁ
952 5592 1255 5660 προφὴτης
1294 5594 1501 5662 Μέχρις
1538 5594 1599 5648 ἂν
1632 5594 1691 5648 τὸ
1720 5595 1799 5661 ξῖ-

288 5745 338 5773 ⁸³
378 5739 525 5794 Paul.
566 5757 711 5806 λλιν,
744 5744 792 5797 ‘J.
876 5748 916 5778 ³³
956 5749 1115 5802 Γων.
1149 5767 1226 5804 in.
1255 5752 1344 5805 Si.

1913 4602 2123 4657 tuatnr,
2182 4602 2279 4648 aut
2330 4594 2535 4647 tributa
2584 4593 2848 4663 pendant.
2879 4595 3151 4659 Quidnam
3186 4596 3328 4651 hoc?
3368 4599 3485 4653 Non

1913 4684 2062 4738 aliud
2099 4693 2270 4751 certe,
2308 4700 2472 4754 quam
2505 4695 2686 4755 tegere
2725 4685 2917 4739 volens
2956 4701 3110 4740 suam
3151 4688 3323 4756 ipsius
3354 4691 3489 4743 stul—

1914 4778 2091 4831 titiam
2122 4785 2178 4829 et
2215 4775 2613 4839 inﬁrmitatem,
2641 4792 2765 4831 cum
2796 4792 2898 4831 nec
2934 4777 3340 4848 Scripturarum
3389 4796 3491 4834 nec

1912 4868 2300 4921 miraculorum
2358 4867 2689 4922 auctoritate
2746 4867 2905 4922 ﬁdem
2955 4868 3265 4935 inveniret,
3314 4871 3492 4924 caedes

1913 4961 2190 5023 adornat,
2253 4970 2314 5012 ut
2370 4962 2569 5014 timore
2622 4960 3106 5019 reprehensionem
3170 4960 3437 5031 eﬂugeret
3471 5002 3485 5025 .

1911 5051 2059 5121 quod
2092 5051 2259 5104 etiam
2316 5052 2523 5106 evenit.
2557 5051 2777 5107 Timore
2831 5052 2979 5106 enim
3016 5052 3207 5107 mortis
3238 5054 3484 5107 confuta-

1916 5145 2143 5208 tionem,
2185 5144 2293 5197 imo
2327 5144 2613 5199 veritatem
2635 5145 3043 5208 devitaverunt,
3075 5155 3130 5199 et
3148 5146 3491 5200 mendacium

1910 5234 2201 5304 amplexati
2261 5244 2428 5300 sunt,
2470 5247 2636 5303 atque
2673 5235 3037 5305 perditionem
3087 5253 3100 5290 :
3146 5236 3283 5290 adeo
3335 5246 3394 5290 ut
3434 5247 3494 5291 οε.

1910 5339 2263 5378 successores
2292 5325 2456 5393 hujus
2484 5341 2550 5378 eo
2575 5334 2841 5394 tempore,
2866 5341 2975 5395 quo
3004 5324 3306 5379 doctrinam
3335 5342 3490 5380 suam

1910 5417 2207 5485 explicant,
2240 5416 2494 5469 strictqu
2529 5416 2771 5482 gladium
2798 5419 2851 5470 in
2878 5417 3116 5471 medium
3152 5417 3369 5471 illorum
3397 5418 3485 5471 de.

1914 5518 2140 5576 ponant,
2178 5516 2435 5576 tanquam
2467 5508 2570 5561 sub
2596 5508 2919 5562 Mahometis
2944 5525 3175 5577 persona
3211 5508 3485 5563 dicentes:

1914 5597 2035 5652 Haec
2073 5597 2202 5652 dicit
2239 5600 2502 5667 propheta
2543 5617 2553 5651 :
2588 5598 2778 5665 Quoad
2823 5599 3034 5669 gladius
3066 5610 3378 5669 permanet,
3418 5616 3488 5657 en
