4204 6450
200 475 303 537 609

1200 466 1499 529 CONTRA
1536 466 2020 527 ΜΑΙῙΟΜΕΤΕΜ
2065 464 2346 525 ORATIO
2388 466 2430 527 Ῐ.

3344 463 3447 525 610

199 590 308 643 τῶν
334 586 522 655 δεξιῶν
551 585 719 656 νεύσῃ
759 584 898 656 πρὸς
952 586 1020 637 τὰ
1054 583 1296 649 ἐναντία,
1344 580 1697 648 κινηθήσεται
1748 580 1775 630 6

1883 590 2287 646 permoventur,
2338 587 2389 630 et
2445 578 2668 631 humani
2706 577 2920 647 generis
2956 577 3284 645 pcrditorem
3332 593 3447 631 ser-

202 680 368 748 θυμὸς
404 679 547 733 κατὰ
578 678 674 731 τοῦ
702 677 975 746 δαίμονος,
1042 675 1136 727 καὶ
1184 676 1274 726 τὶν
1332 670 1776 741 ἀνθρωπόλεθρον

200 772 319 836 ὀριν
357 769 578 833 διώξας.
611 768 765 821 ἔσται
796 767 873 835 τῷ
899 763 1187 833 ἡττηθέντι
1237 762 1429 830 ὁδηγὸς
1464 761 1567 829 τῆς
1606 761 1779 813 ἀπλα-

202 861 317 921 νοῦς
350 862 443 913 καὶ
476 860 689 921 εὐθείας
724 857 866 913 ὁδοῦ.
902 858 963 909 Ei
992 857 1051 909 δὲ
1083 856 1173 909 καὶ
1200 857 1228 907 6
1254 854 1421 923 θυμὸς
1458 854 1625 922 ἀργὸς
1658 855 1776 921 μεί-

208 968 301 1013 νας
334 952 427 1004 καὶ
461 952 845 1018 ἀνενέργητςς,
886 949 920 1017 ἢ
952 947 1194 1016 κινηθεὶς
1230 947 1354 1016 μὲν,
1383 945 1445 997 οὐ
1500 944 1641 997 κατὰ
1683 942 1776 995 τοῦ

200 1044 372 1111 Sesto;
403 1044 481 1107 δὲ,
535 1044 670 1097 ἀλλὰ
694 1044 836 1096 κατὰ.
886 1041 978 1093 τοῦ
1039 1039 1311 1109 όμοφυοῦς
1363 1036 1530 1091 αὐτοῦ
1565 1034 1778 1104 ἀνθρὼ-

202 1153 324 1199 που,
358 1136 479 1187 τότε
514 1134 574 1187 τὸ
599 1134 839 1200 λογικὸν,
868 1131 1148 1184 τουτέστιν
1170 1131 1197 1182 6
1226 1127 1451 1198 ἡγεμὼν
1482 1127 1578 1180 καὶ
1596 1126 1779 1197 ἄρχων

202 1228 342 1291 νοῦς,
370 1228 560 1295 ὥσπερ
608 1246 690 1289 τις
721 1230 913 1296 κριτὴς
956 1224 1175 1294 ἰσχυρὸς
1218 1223 1316 1275 καὶ
1340 1222 1637 1280 ἀδέκαστος
1654 1219 1777 1269 ὲπι-

200 1319 382 1370 τάττει
432 1318 571 1371 αὐτὰ
614 1318 753 1370 κατὰ
782 1317 964 1385 χῶραν
1020 1316 1224 1385 μένειν,
1282 1313 1378 1366 καὶ
1432 1311 1663 1363 ἕκαστον
1720 1309 1778 1359 ὲν

199 1410 260 1475 τῇ
298 1408 451 1471 τάξει
500 1407 685 1461 αὐτοῦ.
723 1406 821 1457 Διά
855 1423 936 1457 τοι
966 1406 1125 1458 τοῦτο
1156 1405 1218 1456 τὸ
1254 1404 1354 1471 μὲν
1377 1397 1778 1468 ἐπιθυμητικὸν

200 1494 440 1547 τέθεικεν
484 1495 511 1545 6
548 1495 767 1546 πάντων
796 1493 1127 1561 δημιουργὸς
1159 1494 1218 1543 ὲν
1270 1489 1349 1559 τῷ
1407 1489 1606 1557 ἥπατι,
1642 1487 1779 1552 ὅπερ

200 1580 347 1629 ἐστὶν
381 1578 488 1629 ὑπὸ
519 1579 616 1647 τὴν
652 1579 901 1647 καρδίαν,
938 1579 997 1629 τὸ
1024 1578 1080 1629 δὲ
1109 1577 1343 1646 θυμικὸν
1371 1578 1428 1627 ὲν
1456 1578 1524 1643 τῇ
1558 1572 1776 1642 καρδίᾳ,

199 1671 321 1736 ἥτις
345 1670 666 1732 ὑπέρκειται
697 1669 790 1721 τοῦ
822 1670 1054 1738 ἥπατος,
1100 1670 1173 1729 ὡς
1221 1666 1605 1737 ἀρχικωτέρα·
1643 1663 1780 1715 τὸδὲ

202 1760 417 1824 λογικὸν
445 1761 502 1812 ἐν
532 1760 607 1827 τῷ
643 1760 953 1829 ἐγκεφάλῳ,
982 1759 1040 1821 ὃς
1077 1760 1226 1810 ἐστιν
1289 1758 1476 1809 ἐπάνω
1536 1755 1777 1820 πάντων,

199 1850 391 1918 ῶσπερ
433 1867 516 1911 τις
575 1849 831 1918 βασιλεὺς
885 1851 977 1899 καὶ
1029 1847 1256 1916 ἡγεμὼν
1294 1846 1389 1898 καὶ
1440 1846 1625 1914 ἄρχων
1685 1845 1781 1899 καὶ

1881 679 2097 736 pentem
2140 680 2487 737 persecutus,
2536 669 2997 737 concupiscentee
3039 680 3304 737 superata:
3337 669 3449 721 dux

1879 758 1950 812 sit
1984 760 2037 812 in
2076 761 2159 812 via
2198 768 2342 813 recta
2372 769 2428 813 ct
2461 759 2746 813 erroribus
2774 770 3016 814 carcnte.
3047 758 3201 824 Quod
3231 760 3274 811 si
3319 774 3446 811 vero

1879 849 2048 903 etiam
2084 850 2173 904 hic
2228 851 2393 902 animi
2447 852 2595 905 zelus
2644 851 2854 903 otiosus
2885 859 2940 902 et
2991 850 3296 904 desidiosus
3330 866 3454 918 per-

1879 937 2166 999 manserit,
2190 948 2286 990 aut
2335 950 2618 1007 permotus
2637 956 2743 993 non
2776 948 2966 993 comra
2994 952 3322 1002 serpentem,
3356 940 3449 993 sed

1881 1027 2161 1082 hominem
2189 1028 2290 1083 sibi
2321 1039 2609 1097 cognatum
2634 1032 2903 1101 insurgat,
2932 1038 3061 1085 tunc
3093 1031 3253 1089 ratio,
3286 1031 3335 1083 id
3368 1042 3453 1084 cst

1882 1118 1989 1171 dux
2021 1128 2077 1173 et
2111 1120 2371 1188 princeps
2402 1121 2516 1189 ipsa
2558 1138 2711 1174 mens
2752 1122 2923 1175 instar
2965 1121 3168 1191 judicia
3214 1120 3371 1175 fortis
3399 1133 3454 1173 et

1881 1204 2212 1275 incorrupti,
2248 1207 2396 1263 hunc
2431 1208 2572 1261 intra
2608 1210 2872 1263 terminos
2904 1211 3205 1263 consistere
3236 1210 3448 1277 jubcaI.

1883 1297 2208 1367 singulaque
2238 1316 2399 1354 suum
2447 1301 2698 1355 ordinem
2752 1302 3057 1355 custodire.
3110 1305 3455 1371 Quapropter

1880 1391 2045 1444 etiam
2071 1394 2320 1445 omnium
2347 1394 2529 1460 epii'ex
2568 1394 3032 1461 concupiscentia:
3061 1393 3247 1447 sedem
3294 1394 3347 1445 in
3374 1393 3456 1462 jc-

1880 1494 2008 1534 core
2035 1481 2538 1549 constituit,quod
2594 1483 2745 1535 cordi
2804 1483 3085 1552 subjacet;
3143 1483 3278 1535 iram
3326 1496 3457 1534 vero

1883 1580 1979 1623 aut
2010 1571 2178 1623 animi
2212 1558 2392 1624 zelum
2447 1572 2499 1624 in
2533 1573 2697 1625 corde
2729 1573 3035 1632 collocavit.
3076 1573 3221 1641 quod
3270 1573 3457 1641 jecore

1883 1664 1984 1714 ceu
2020 1660 2379 1729 principalior
2417 1676 2561 1729 pars,
2592 1670 2678 1715 est
2725 1664 3015 1731 superius;
3066 1663 3292 1717 rationis
3324 1677 3457 1715 vero

1882 1751 2067 1805 sedem
2105 1750 2233 1805 fecit
2260 1753 2571 1818 cerebrum,
2608 1755 2752 1821 quod
2779 1755 3025 1805 omnium
3050 1767 3322 1805 suuunum
3350 1765 3456 1814 est,

1885 1858 1983 1897 ceu
2014 1858 2104 1896 rex
2141 1845 2456 1912 quispiam,
2497 1846 2606 1898 dux
2636 1854 2692 1898 et
2743 1845 2997 1913 princeps
3054 1844 3109 1897 in
3146 1844 3325 1897 omnia
3358 1862 3456 1913 po-

200 1941 451 2005 ἐξουσίαν
480 1940 621 2009 ἔχων
652 1943 793 1993 κατὰ
832 1941 1072 2002 πάντων,
1134 1938 1210 2007 μὴ
1276 1939 1439 2006 μόνον
1500 1938 1608 1991 τῶν
1657 1939 1776 1991 κατ’

1885 1942 2139 1990 testatem
2178 1936 2389 1990 habens
2416 1976 2431 1999 ,
2467 1952 2574 1989 non
2629 1938 2807 1991 solum
2844 1938 3021 1991 abhis
3059 1952 3179 2004 qure
3224 1938 3365 1990 circa
3402 1952 3459 1989 se

199 2032 366 2083 αὐτὸν
409 2031 487 2101 τῷ
538 2031 869 2100 αὐτεξουσίῳ
923 2031 1195 2101 τιμηθεὶς,
1260 2029 1395 2082 ἀλλὰ
1460 2031 1554 2081 καὶ
1604 2031 1783 2097 πάσης

199 2124 469 2191 αἰσθητῆς
500 2123 734 2187 φύσεως,
764 2122 944 2182 καθὼς
974 2123 1065 2173 ἐπὶ
1117 2121 1211 2173 τοῦ
1250 2120 1443 2188 Ἄδαμ,
1476 2120 1555 2171 ἔτι
1590 2137 1649 2171 τε
1687 2117 1782 2170 τοῦ

198 2211 344 2276 Νῶε,
382 2211 609 2263 καὶτῶν
666 2213 723 2263 ὲν
775 2214 841 2280 τῇ
888 2210 1099 2280 ιίαλαιᾷ
1147 2227 1206 2262 τε
1255 2212 1349 2262 καὶ
1389 2210 1499 2279 Νέᾳ
1542 2209 1781 2278 Διαθήκῃ

198 2303 413 2367 τρανῶς
451 2304 855 2371 πεφανέρωται.
888 2304 997 2355 Καὶ
1027 2301 1115 2354 διὰ
1164 2301 1325 2354 τοῦτο
1360 2301 1467 2362 πᾶς
1500 2300 1784 2369 ἄνθρωπος

198 2397 345 2448 κατὰ
376 2396 486 2447 τῶν
525 2395 713 2449 παθῶν
773 2396 978 2463 ὀφείλει
1028 2393 1271 2464 χρῆσθαι
1321 2393 1398 2463 τῷ
1458 2392 1634 2461 θυμῷ,
1689 2394 1785 2446 καὶ

198 2488 325 2540 καθ’
349 2489 679 2558 οξουδήτινος
714 2490 1040 2557 πράγματος
1094 2488 1418 2557 χωρίζοντος
1472 2486 1633 2539 αὑτὸν
1688 2485 1787 2543 τοῦ

198 2576 363 2629 Θεοῦ.
401 2577 460 2629 '0
482 2578 538 2629 δὲ
590 2577 835 2645 Μωὰμεθ
891 2577 1013 2629 ἀντὶ
1074 2575 1185 2629 τῶν
1234 2575 1423 2629 παθῶν
1488 2575 1631 2628 κατὰ
1686 2575 1783 2628 τοῦ

197 2664 479 2732 ὁμοφυοῦς
530 2663 819 2733 ἀνθρώπου
854 2663 1033 2731 τούτῳ
1065 2663 1363 2732 ἐχρήσατο,
1417 2656 1507 2719 οἷὰ
1546 2679 1653 2715 τινι
1687 2662 1783 2731 θη-

197 2755 299 2823 ρίῳ
330 2752 694 2822 ἁπηνεστάτῳ
740 2754 836 2805 καὶ.
888 2752 1174 2822 ἀνημέρῳ,
1210 2752 1257 2803 εί
1300 2752 1375 2821 μή
1434 2768 1549 2812 πως
1602 2754 1669 2822 τῇ
1700 2769 1786 2820 φι-

195 2845 543 2915 λοχρηματίᾳ
571 2845 662 2897 τὸν
699 2844 891 2914 θυμὸν,
926 2844 1001 2907 ὼς
1033 2845 1248 2911 είρηται
1300 2841 1685 2911 καταπραΰνῃ.
1724 2840 1783 2893 Ὀ

193 2936 240 2989 δ’
286 2938 454 2998 αὐτὸς
492 2932 646 2996 αὖθις
683 2937 739 2986 ὲν
772 2935 848 3004 τῷ
878 2932 1158 3002 κεφαλαίῳ
1190 2930 1268 3001 τῷ
1298 2932 1436 2997 Ἔμ,
1461 2929 1649 3000 ὥσπερ
1677 2930 1783 2981 τῶν

196 3030 422 3081 πάντων
474 3027 885 3097 ἐπιλαθόμενος,
926 3024 1099 3087 οὕτως
1133 3023 1380 3093 εἴρηκεν,
1413 3022 1495 3074 ὅτι
1550 3021 1671 3073 Τῶν
1702 3020 1785 3072 δε-

193 3122 449 3190 χομένων
477 3119 609 3172 Θεὸν
634 3120 822 3188 ἕτερον
875 3117 1015 3187 πλὴν
1073 3114 1169 3169 τοῦ
1198 3113 1336 3168 Θεοῦ
1374 3114 1567 3167 τούτου
1600 3113 1698 3165 οὐκ
1733 3107 1786 3165 εἴ

194 3216 259 3266 σὺ
287 3213 639 3280 παιδαγωγὸς
679 3211 711 3279 ἢ
766 3207 1127 3279 ἐπιμελητὴς,
1169 3208 1289 3259 ἐπεὶ
1341 3204 1500 3258 τοῦτο
1553 3206 1785 3273 τετήρη-

194 3322 289 3357 κεν
320 3307 349 3357 6
403 3304 538 3366 Θεὸς
597 3302 795 3372 ἑαυτῷ.
839 3301 948 3353 Καὶ
991 3301 1073 3363 τίς
1114 3298 1181 3352 ἂν
1249 3297 1437 3366 ἔτερος
1493 3298 1779 3366 γενήσεται

193 3396 490 3464 ἀξιόλογος
529 3397 836 3463 κατήγορος
873 3391 967 3445 τοῦ
1014 3388 1279 3461 Μωάμεθ,
1315 3389 1392 3452 ὡς
1440 3389 1603 3449 αὐτὸς
1647 3388 1778 3441 ἑαυ-

191 3489 335 3555 τοῦς
404 3489 738 3557 Βουλόμενος
788 3488 898 3553 γὰρ
944 3484 1252 3551 ἀντιλέγειν
1304 3483 1401 3544 τὰς
1437 3482 1681 3552 Γραφὰς,
1715 3481 1780 3542 ἂς

187 3578 416 3640 δικαίας
451 3579 545 3629 καὶ
572 3577 733 3643 ἁγίας
762 3577 1046 3639 ἐκάλεσεν,
1079 3576 1106 3627 ὁ
1128 3575 1185 3627 δὲ
1228 3573 1290 3628 οὐ
1357 3572 1519 3642 μόνον
1577 3570 1781 3633 ταύτας

190 3669 455 3738 φαίνεται
504 3669 823 3736 ἀντιλέγων,
856 3668 992 3721 ἀλλὰ
1055 3666 1244 3737 σχεδὸν
1307 3667 1364 3719 ὲν
1410 3668 1576 3719 πᾶσιν
1620 3664 1782 3725 αὐτὸς

186 3763 380 3830 ἑαυτῷ
406 3762 743 3815 ἀντιπίπτει.
763 3761 850 3812 Ἐν
876 3758 1077 3829 γὰρτῷ
1103 3757 1383 3829 κεφαλαίῳ
1402 3758 1479 3827 τῷ
1504 3754 1779 3816 Ἑλιέσᾶ.

186 3854 333 3922 ὅπερ
362 3853 732 3921 ἑρμηνεύεται
774 3849 1092 3919 γυναῖκες,
1128 3850 1329 3901 οὑτωσί
1378 3862 1577 3916 φησιν’
1608 3847 1669 3898 Εἰ
1703 3846 1779 3913 μὴ

186 3948 347 4012 παρὰ
373 3944 515 3996 Θεοῦ
553 3939 620 4013 ἦν
649 3945 710 3995 τὸ
753 3944 997 4013 Κορρὰν,
1040 3942 1237 3994 πολλαὶ
1274 3940 1647 4008 ἐναντιότητες
1687 3940 1779 3989 εί»-

188 4038 483 4100 ρίσκοιντο
510 4034 573 4087 ἂν
605 4037 663 4084 ὲν
706 4033 872 4101 αὐτῷ.
924 4034 1015 4101 Μὴ
1061 4032 1358 4100 δυνάμενος
1397 4030 1575 4081 τοίνυν
1627 4032 1786 4081 ἀντο-

181 4123 479 4190 φθαλμεῖν
516 4121 649 4189 πρὸς
682 4122 777 4181 τὰς
809 4121 1050 4191 Γραφὰς,
1087 4119 1397 4186 ὲξανάγκης
1448 4118 1781 4184 καταφεύγει

181 4215 243 4263 ἐν
268 4214 352 4282 τῷ
384 4212 581 4281 ψεύδει
606 4252 620 4276 ,
655 4212 727 4273 ὡς
760 4211 923 4282 δῆθεν
955 4212 1064 4263 ἀπὸ
1090 4211 1229 4263 Θεοῦ
1253 4211 1361 4263 είσι
1388 4211 1456 4262 τὰ
1488 4210 1778 4279 λεγόμενα.

181 4308 298 4358 Καὶ
356 4304 486 4366 πῶς
519 4304 625 4356 ἀπὸ
649 4304 807 4367 Θεοῦ,
841 4304 1070 4371 ψεύδους
1098 4302 1316 4354 διάκονε
1354 4302 1446 4354 καὶ
1476 4305 1737 4369 γεννῆτορ
1764 4316 1780 4364 ;

182 4394 371 4446 Ἔνθα
409 4392 525 4460 γὰρ
554 4389 773 4459 ψεῦδος.
807 4390 936 4451 Θεὸς
968 4390 1069 4441 οὐκ
1121 4389 1237 4442 ἔστι
1259 4406 1275 4420 ·
1328 4392 1421 4443 καὶ⁸
1450 4389 1584 4441 ὅπου
1623 4389 1779 4452 Θεὸς,

175 4487 239 4538 τὸ
263 4485 484 4553 ψεῦδος
515 4482 877 4551 ἀπελήλαται.
921 4482 996 4534 Οὐ
1034 4482 1146 4551 γὰρ
1174 4481 1440 4548 ὑπομένει
1472 4482 1533 4531 τι)
1586 4479 1781 4542 σκότος

1891 2038 2022 2082 sunt
2049 2040 2274 2098 propter
2298 2030 2533 2082 liberum
2559 2031 2641 2083 sui
2670 2031 2956 2084 arbitrium
2991 2030 3341 2094 honoratum,
3364 2031 3460 2083 sed

1883 2119 1947 2171 ad
1984 2119 2130 2171 omni
2195 2127 2384 2171 natura
2416 2134 2578 2173 sensu
2611 2120 2833 2187 praedita
2886 2120 3353 2188 quemadmodum
3405 2137 3458 2172 in

1882 2208 2112 2267 Adamo.
2148 2208 2200 2261 in
2260 2210 2409 2269 Noe.
2452 2209 2683 2277 aliisque
2732 2219 2838 2263 tam
2875 2209 2928 2263 in
2987 2210 3168 2263 Veteri
3200 2227 3362 2279 quam
3404 2209 3457 2263 in

1883 2298 2035 2351 Novo
2062 2298 2412 2354 Testamento
2444 2300 2781 2354 declaratum
2832 2310 2938 2355 est.
2973 2302 3318 2371 Quapropter
3339 2320 3462 2371 qu.-

1882 2389 2017 2443 Iibet
2051 2390 2217 2443 homo
2246 2401 2434 2444 contra
2466 2391 2694 2445 allectus
2726 2392 2805 2445 ira
2828 2393 2906 2446 uti
2941 2392 3127 2457 debet,
3176 2402 3232 2446 ct
3272 2393 3462 2446 adt-vr-

1883 2496 1976 2534 sus
2010 2480 2315 2548 quamlibet
2344 2497 2457 2535 rem
2490 2498 2610 2550 quae
2654 2484 2830 2550 ipsum
2863 2500 2892 2537 a
2931 2483 3039 2537 Deo
3073 2483 3318 2537 abducit.
3351 2484 3463 2537 Ma-

1887 2569 2076 2624 homct
2109 2586 2240 2625 vero
2268 2587 2375 2625 non
2408 2581 2599 2625 contra
2634 2572 2885 2635 aﬂccnus,
2925 2572 3019 2626 sed
3044 2583 3333 2641 cognatum
3356 2573 3459 2625 sibi

1887 2662 2163 2714 hominem
2192 2661 2296 2715 hac
2337 2670 2599 2731 tanquam
2634 2662 2749 2716 fera
2778 2665 3142 2717 immitissitna
3172 2675 3228 2718 et
3268 2665 3463 2718 erude-

1884 2754 2092 2808 lissima
2126 2768 2256 2808 usus
2283 2762 2385 2818 est,
2414 2754 2516 2807 nisi
2574 2755 2718 2822 quod
2748 2755 2995 2821 avaritia,
3025 2766 3083 2809 ut
3117 2756 3323 2810 dictum
3354 2766 3431 2809 est

1886 2847 2024 2901 iram
2046 2846 2298 2900 nonnihil
2327 2845 2615 2913 mitigavit.
2649 2844 2795 2898 Idem
2823 2862 2954 2900 vero
2982 2862 3174 2900 rursus
3200 2848 3253 2900 in
3280 2849 3462 2916 capite

1885 2937 1987 2991 Em
2011 2980 2024 3002 ,
2064 2944 2322 3006 tanquam
2352 2937 2596 2990 omnium
2628 2936 2836 2990 oblitus
2868 2976 2883 2999 ,
2924 2938 3003 2991 sic
3043 2938 3179 2991 dixit
3206 2955 3219 2990 :
3258 2940 3459 2992 Eorum

1885 3030 1977 3098 qui
2031 3030 2204 3084 Deum
2227 3028 2396 3083 alium
2432 3045 2594 3099 quam
2631 3029 2775 3083 hunc
2805 3030 3098 3097 rccipiunt,
3133 3041 3187 3084 tu
3215 3033 3465 3100 piedago-

1886 3135 1985 3189 gus
2036 3136 2145 3175 non
2177 3137 2260 3186 es,
2296 3135 2398 3175 nec
2443 3131 2771 3190 procurator
2808 3138 2821 3173 :
2866 3122 3130 3193 quoniam
3169 3121 3312 3176 Deus
3359 3124 3463 3178 hoc

1886 3211 1991 3265 sibi
2042 3211 2147 3281 ipsi
2198 3213 2519 3267 reservavit.
2560 3213 2626 3266 Et
2652 3214 2903 3283 quisnam
2952 3214 3094 3269 alius
3139 3214 3465 3270 Mahometis

1884 3313 2174 3358 accusator
2216 3315 2323 3358 tam
2378 3306 2559 3375 gravis
2617 3304 2820 3370 fuerit,
2881 3321 3044 3375 quam
3098 3307 3212 3375 ipse
3250 3315 3339 3359 est
3373 3305 3460 3359 sui

1885 3396 2103 3466 ipsius?
2138 3396 2344 3451 Voleus
2375 3397 2523 3451 enim
2560 3396 2863 3465 Scripturis
2892 3398 3292 3460 contradicere,
3323 3412 3462 3467 quas

1883 3498 2043 3542 antea
2069 3490 2244 3558 justas
2270 3498 2323 3542 et
2354 3499 2571 3543 sanctas
2597 3489 2830 3550 vocavit,
2858 3505 2962 3542 non
2987 3488 3071 3541 his
3104 3497 3312 3542 tantum
3332 3503 3462 3541 con-

1887 3579 2155 3633 tradicere
2189 3579 2644 3647 deprehenditur,
2695 3579 2788 3633 sed
2814 3581 2866 3632 in
2905 3579 3162 3631 omnibus
3193 3579 3305 3631 fere
3346 3579 3461 3647 ipse

1883 3672 1986 3723 sibi
2022 3670 2119 3739 ipsi
2145 3683 2229 3724 est
2250 3671 2585 3725 contrarius.
2618 3671 2673 3724 In
2707 3671 2883 3739 capite
2913 3669 3059 3724 enim
3083 3669 3460 3738 Elncsa,qnod

1884 3761 2129 3814 mulieres
2155 3762 2444 3831 signiﬁcat,
2472 3763 2551 3815 sic
2584 3762 2761 3831 inquit
2792 3780 2804 3813 :
2835 3761 2947 3816 Nisi
2979 3778 3007 3815 a
3042 3762 3152 3816 Deo
3192 3770 3338 3816 esset
3362 3762 3458 3814 Al—

1883 3870 2171 3917 con-anum,
2205 3856 2371 3909 multa
2418 3856 2468 3909 in
2507 3871 2574 3909 eo
2610 3855 2986 3909 invenirentur
3016 3853 3457 3909 contratlittoria.

1883 3946 2017 4001 Cum
2052 3963 2183 4002 sane
2208 3949 2436 4018 ipsemet
2468 3965 2572 4001 non
2601 3959 2784 4016 posset
2815 3950 2930 4002 suis
2958 3948 3131 4002 oculis
3149 3948 3462 4017 Scripturas

1884 4040 2088 4093 intueri
2117 4081 2131 4104 ,
2170 4042 2481 4095 necessario
2507 4041 2743 4108 confugit
2771 4040 2838 4093 ad
2892 4039 3196 4101 mendacia,
3223 4042 3375 4108 quasi
3399 4056 3460 4093 ea

1884 4148 2003 4202 qua:
2035 4135 2294 4187 dicuntur
2327 4149 2357 4185 a
2395 4132 2503 4187 Deo
2531 4133 2660 4187 sint.
2696 4131 2761 4184 Et
2790 4133 3066 4200 quomodo
3095 4148 3123 4185 a
3146 4134 3257 4185 Deo
3284 4149 3457 4192 esses.

1886 4224 2157 4277 mendacii
2195 4224 2447 4277 minister
2470 4236 2524 4279 et
2551 4236 2703 4293 pater
2729 4225 2870 4279 ?l3bi
2900 4226 3047 4278 enim
3076 4226 3419 4278 mcndacnum
3444 4267 3459 4288 ,

1887 4316 1960 4368 ibi
1997 4316 2137 4369 Deus
2184 4316 2363 4368 locum
2420 4331 2528 4369 non
2564 4318 2770 4380 habet;
2811 4327 2867 4371 et
2910 4316 2999 4369 ubi
3044 4317 3187 4369 Deus
3216 4324 3339 4377 est,
3386 4316 3459 4369 ibi

1885 4406 2229 4459 mendacium
2258 4404 2475 4460 defecit.
2504 4406 2925 4460 Tenebrwcnim
2958 4406 3185 4459 luminis
3218 4421 3459 4473 praesen-

1888 4495 2019 4549 tiain
2054 4510 2161 4548 nou
2206 4495 2484 4548 sustinent
2515 4534 2529 4557 ,
2579 4492 3043 4560 quemadmodum
3097 4508 3200 4546 nec
3235 4493 3462 4546 morbus

176 4578 279 4647 τὴν
326 4575 434 4629 τοῦ
478 4576 654 4642 φωτὸς
685 4574 1011 4644 παρουσίαν,
1063 4574 1139 4634 ὡς
1191 4572 1311 4625 οὐδὲ
1358 4574 1512 4635 νόσος
1567 4571 1779 4640 ὑγιείας

1883 4586 2121 4643 sanitate
2156 4586 2483 4641 succedente
2516 4585 2787 4639 subsistit.

176 4668 576 4736 ἐπιλαϐούσης
610 4668 849 4721 ἵσταται.

249 4761 347 4826 ιγ’.
402 4761 534 4811 Ἔτι
568 4758 809 4828 ἀρχηγὸν
863 4759 958 4809 καὶ
1008 4758 1329 4811 διδάσκαλον
1391 4756 1585 4809 ἑαυτὸν
1641 4750 1781 4809 εἶναι

172 4848 366 4916 λέγων
438 4845 537 4897 τοῦ
589 4848 782 4913 νόμου,
854 4846 1022 4917 ὅνπερ
1073 4849 1185 4908 τοῖς
1251 4848 1478 4915 ἀνόμοις
1545 4844 1779 4911 ἐξέθετο,

170 4942 271 4992 καὶ
316 4937 427 4990 τοῦ
497 4936 826 5006 Κορῤὰν,ὃν
875 4938 1275 5007 συνεγράψατο,
1333 4940 1435 4990 οὐκ
1493 4939 1778 5007 ᾐσχύνετο.

167 5032 321 5100 Φησὶ
344 5034 470 5100 γὰρ
508 5029 589 5082 ὅτι
622 5030 651 5080 6
684 5029 832 5090 Νῶε,
877 5032 905 5081 ὁ
955 5030 1225 5099 Ἀίλραάμ,
1258 5032 1285 5082 6
1344 5031 1554 5093 Ἰσαὰκ,
1604 5032 1630 5080 6
1675 5031 1778 5081 Ἰα-

169 5122 317 5184 κὼὸ,
363 5120 519 5174 ἀλλὰ
555 5120 649 5171 καὶ
684 5122 733 5172 οἱ
768 5120 863 5173 τοῦ
898 5122 1134 5190 Χριστοῦ
1170 5122 1456 5175 ἀπόστολοι
1500 5123 1591 5174 τοῦ
1612 5120 1777 5173 αὐτοῦ

167 5210 482 5277 δόγματος
514 5203 679 5279 ἦσαν.
728 5211 839 5263 Καὶ
892 5212 1007 5274 πῶς
1054 5209 1148 5263 τοῦ
1190 5212 1356 5264 αὑτοῦ
1410 5212 1681 5279 δόγματος
1734 5210 1781 5261 οἱ

170 5303 523 5367 ἀπόστολοι,
563 5302 613 5353 οἱ
644 5302 749 5371 πρὸ
804 5303 896 5354 σοῦ
931 5302 1288 5371 γεννηθέντες
1345 5305 1561 5373 χρόνοις
1612 5302 1782 5355 ἑπτα-

172 5396 426 5458 κοσίοις,
470 5393 632 5463 εἴπερ
658 5396 721 5445 σὺ
756 5395 993 5464 ἀρχηγὸς
1053 5395 1143 5446 τοῦ
1204 5394 1510 5463 δόγματοςς
1570 5393 1690 5455 Πῶς
1730 5393 1784 5444 δὲ

173 5490 274 5539 καὶ
330 5488 388 5539 οἱ
438 5485 554 5553 πρὸ
614 5486 920 5548 ὲκείνων,ὅ
978 5502 1037 5537 τε
1106 5486 1385 5556 Ἀϐραὰμ,
1432 5488 1522 5560 καί
1568 5486 1779 5549 Ἰσαὰκ,

170 5580 273 5634 καὶ
320 5576 543 5630 Ἰακὼὸ
572 5576 932 5645 γεννηθέντες
967 5578 1214 5649 χρόνοιςς
1251 5579 1372 5642 Πῶς
1398 5574 1615 5641 ὀάὖοις
1636 5580 1782 5644 Νῶε,

170 5674 198 5723 6
234 5671 355 5740 πρὸ
385 5668 615 5722 τούτων
650 5671 874 5739 χρόνους
906 5673 1329 5741 τετρακισίου;;
1369 5675 1428 5725 Et
1467 5674 1568 5743 μὲν
1593 5672 1684 5725 οὖν
1720 5674 1783 5725 σὺ

173 5758 227 5817 εἷ
258 5766 289 5817 6
322 5760 597 5833 ἀρχηγὸς
629 5763 725 5815 καὶ
776 5763 873 5831 τῆς
913 5766 1112 5826 κακίας
1151 5767 1475 5836 ἐφευρετὴς,
1503 5767 1639 5834 ὅπερ
1670 5767 1784 5817 ἐστὶ

170 5858 269 5911 καὶ
304 5856 584 5925 ἀλήθεια,
634 5855 807 5929 ψεύδῃ
835 5858 1007 5927 λέγων
1066 5854 1207 5912 εἶναι
1240 5859 1480 5929 ἐκείνους
1504 5858 1596 5912 τιῦ
1661 5878 1783 5929 μια-

1958 4763 2043 4816 15.
2071 4764 2338 4817 Praeterea
2369 4766 2562 4817 ducem
2588 4770 2642 4815 et
2671 4763 2988 4829 magistrum
3027 4774 3085 4813 se
3114 4758 3303 4813 dicens
3336 4772 3458 4812 esse

1883 4853 2039 4922 legis,
2069 4869 2230 4921 quam
2263 4854 2469 4921 iniquis
2508 4853 2651 4916 tulit,
2685 4852 2969 4907 AlCUl‘l‘alll
3004 4853 3181 4920 ipsum
3212 4866 3319 4903 non
3352 4866 3455 4918 pu-

1885 4946 2026 4999 duit.
2053 4945 2192 4997 Dicit
2224 4945 2391 5002 enim.
2422 4944 2567 5011 quod
2597 4944 2730 5005 Noe,
2764 4945 2825 4994 Ai
2852 4943 3057 4997 raham.
3082 4943 3246 5002 lsaac,
3268 4941 3455 5001 Jacob,

1885 5036 1977 5090 sed
2010 5044 2064 5087 et
2090 5034 2261 5102 ipsius
2288 5034 2488 5088 Christi
2519 5034 2749 5102 apostoli
2782 5034 3028 5101 ejusdem
3060 5034 3195 5101 legis
3219 5040 3457 5085 sectato-

1888 5144 1974 5183 res
2006 5128 2232 5182 fuerint.
2267 5129 2331 5180 lit
2357 5130 2632 5195 quomodo
2656 5126 2906 5195 ejusdem
2934 5126 3201 5193 dogmatis
3224 5123 3456 5192 apostoli

1886 5221 2128 5280 fuerunt,
2156 5220 2247 5287 qui
2293 5220 2612 5287 priusquam
2651 5227 2704 5271 tu
2752 5231 3080 5273 nascercris,
3115 5216 3277 5266 anuis
3312 5216 3463 5267 \ixe-

1889 5320 2014 5362 runt
2063 5309 2283 5362 circiter
2332 5308 2710 5376 septingentis,
2767 5308 2811 5358 si
2863 5314 2919 5357 tu
2979 5306 3247 5372 dogmatis
3299 5303 3459 5369 hujus

1887 5411 2078 5456 auCltif
2101 5402 2195 5453 es?
2222 5399 2507 5464 Quomodo
2534 5414 2661 5452 vero
2700 5397 2996 5456 Abraham,
3028 5396 3173 5448 Intrat:
3196 5384 3455 5457 t-tJat-ob,

1891 5503 1968 5549 tot
2002 5504 2128 5547 ante
2160 5492 2260 5545 hos
2313 5492 2525 5545 εωοιιίίδ
2565 5490 2675 5543 nati
2707 5510 2717 5541 :
2768 5487 3044 5555 quomodo
3089 5487 3284 5538 iterum
3322 5485 3457 5542 λον,

1887 5585 1977 5654 qui
2018 5595 2146 5637 ante
2199 5583 2300 5636 hos
2354 5583 2489 5634 vixit
2518 5582 2678 5635 annis
2724 5578 2961 5633 circiter
3003 5568 3460 5644 quadringentis?

1887 5675 2041 5740 Quod
2080 5675 2123 5729 si
2178 5683 2233 5728 tu
2276 5674 2435 5744 igitur
2463 5682 2654 5727 auctor
2684 5682 2734 5725 et
2778 5671 3027 5723 inventor
3056 5666 3353 5735 impietatis
3398 5676 3460 5714 es

1892 5767 2160 5836 (utetiam
2188 5769 2514 5833 cs.revcra),
2542 5765 2677 5819 falso
2708 5761 2987 5817 dicisillos
3014 5758 3211 5827 impuri
3241 5757 3461 5822 degunt-

1891 5860 1958 5916 tis
2007 5859 2242 5915 asscclas
2285 5858 2472 5915 fuisse.
2521 5857 2577 5914 Si
2618 5872 2767 5924 vero,
2803 5865 2861 5912 ut
2896 5855 3048 5919 iacis,
3106 5853 3225 5911 illos
3268 5845 3457 5902 eadem
