4204 6450
222 420 326 481 695

1215 423 1509 483 CONTRA
1550 421 2023 500 ΜΑῌΟΜΕΤΕΗ
2062 425 2340 483 ORATIO
2389 428 2463 486 ξῖ.

3354 422 3456 482 6'26

224 530 341 581 {ore
381 527 595 581 d’xerit.
639 528 772 583 Cum
833 529 978 583 enim
1040 531 1375 600 voluptatum
1419 533 1589 601 gratia
1647 541 1703 585 et
1749 545 1932 585 amore
1980 532 2290 586 divitiarum
2338 536 2519 587 Omnia
2568 534 2705 588 bella
2760 540 3098 591 moveantur,
3146 530 3306 584 etiam
3350 531 3458 583 illie

224 618 369 670 idem
436 618 619 672 dicere
684 622 1001 689 ripnrtebat;
1034 624 1288 691 quoniam
1320 623 1411 690 qui
1440 626 1621 690 plures
1652 623 1704 674 in
1736 636 1794 674 se
1825 621 2127 689 voluptates
2157 623 2435 684 transfert.
2465 623 2584 677 aliis
2609 623 2777 675 multo
2807 630 2891 675 est
2923 621 3152 673 beatior.

297 709 386 776 ιβ’.
414 710 531 761 Ἔτι
578 715 603 763 ό
633 714 792 775 αὐτὸς
823 731 984 780 φησιν
1024 717 1079 765 ἐν
1121 715 1197 782 τῷ
1228 716 1506 784 κεφαλαίῳ
1543 716 1620 784 τῷ
1659 717 1799 774 Σὰὸ,
1832 715 1875 768 Α

220 800 305 849 ὅτι
353 801 400 849 οἱ
433 801 530 868 μὲν
560 803 779 869 ἄγγελοι
815 806 876 855 ὲκ
912 806 1081 874 πυρές
1126 807 1655 875 ἐδημιουργήθησαν,
1687 809 1713 858 ὁ
1737 807 1794 858 δὲ

220 891 508 960 ἄνθρωπος
551 895 613 945 ἐκ
648 896 789 960 χοῦς.
841 896 948 947 Καὶ
993 891 1103 948 οἷον
1146 898 1335 965 ὥσπερ
1368 898 1424 948 τὸ
1458 897 1617 965 σῶμά
1648 899 1797 948 ἐστιν

223 981 289 1028 ὲκ
319 980 417 1046 τῆς
446 981 546 1046 γῆς
569 983 769 1049 χοῖκθιν,
798 983 939 1035 οὕτω
967 985 1060 1037 καὶ
1087 988 1163 1037 το“
1187 1002 1211 1047 ς
1240 985 1504 1052 ἀγγέλους
1531 989 1593 1037 ὲκ
1626 986 1799 1055 πυρὸς

227 1069 449 1129 ὑλικοὺς
476 1066 611 1122 εἶναι
652 1072 923 1137 λογίζεται
945 1089 956 1101 ’
996 1076 1059 1126 ὲκ
1093 1074 1186 1126 τοῦ
1223 1076 1590 1143 προφητικοῦ,
1620 1071 1795 1144 οἶμαι,

229 1158 397 1225 ῥητοῦ
427 1163 526 1223 τὴν
551 1161 756 1230 πλάνην
789 1162 995 1232 ταύτην
1030 1164 1229 1224 λαϐὼν,
1251 1166 1344 1218 τοῦ
1377 1165 1643 1233 λέγοντος,
1683 1184 1700 1217 ι
1742 1167 1799 1219 Ὀ

227 1250 402 1300 ποιῶν
429 1253 551 1311 τοὺς
582 1252 842 1319 ἀγγέλους
877 1254 1039 1305 αὐτοῦ
1075 1255 1381 1323 πνεύματα,
1422 1256 1666 1317 καὶτοὺς
1692 1257 1801 1307 λει-

226 1340 496 1405 τουργοὺς
523 1342 683 1393 αὐτοῦ
707 1360 775 1393 πυ
787 1343 875 1409 pb;
900 1343 1071 1410 φλόγα
1088 1360 1099 1373 ·
1132 1365 1149 1395 ι
1193 1346 1268 1415 μὴ
1295 1348 1489 1414 νοήσας
1510 1348 1534 1397 ὁ
1551 1346 1799 1409 δείλαιος,

225 1429 309 1479 ὅτι
334 1431 614 1493 πνεύματα
639 1432 994 1501 ὀνομάζονται
1040 1436 1088 1486 οἱ
1140 1429 1270 1486 θεῖοι
1308 1436 1424 1496 νόες
1461 1436 1549 1489 διὰ
1573 1436 1631 1487 τὸ
1664 1436 1801 1502 ταχὺ

228 1523 327 1572 καὶ
372 1521 573 1588 κοῦφον
603 1523 693 1573 καὶ
749 1524 980 1591 ἐλαφρὸν
1028 1525 1124 1575 καὶ
1169 1525 1476 1592 ἀσώματον,
1523 1525 1694 1594 πυρὸς
1748 1525 1803 1577 δὲ

229 1611 384 1676 φλὸξ,
420 1613 503 1667 διὰ
522 1616 580 1668 τὸ
608 1622 928 1682 φωτιστικὺν
954 1625 1047 1675 καὶ
1072 1622 1363 1690 δραστικὸν
1390 1624 1485 1675 καὶ
1504 1623 1804 1691 ὀξύρροπον

232 1710 321 1755 καὶ
353 1706 701 1775 καθαρτικὸν,
732 1711 877 1763 ἐστιν
906 1713 993 1765 ὅτε
1030 1714 1121 1766 καὶ
1144 1713 1519 1780 ἀφανιστικδν,
1549 1712 1690 1766 ὥστε
1712 1716 1805 1765 καὶ

231 1797 289 1845 αἱ
328 1798 587 1850 ἀνωτάτω
616 1802 817 1865 τάξεις,
844 1804 1045 1866 αἵτινες
1074 1805 1294 1872 ἀμέσως
1324 1805 1419 1866 τὰς
1438 1805 1585 1866 θείας
1609 1802 1809 1873 ὲλλάμ-

232 1886 359 1952 ᾧεις
403 1890 772 1958 ὑποδέχονται,
807 1895 1057 1965 Σεραφὶμ
1088 1897 1240 1965 παρὰ
1272 1897 1379 1948 τῶν
1429 1897 1497 1948 τά
1535 1896 1805 1966 Ἐϐραίων

238 1978 460 2030 εἰδότων
509 1982 969 2051 ὲπονομάζονται,
1040 1988 1288 2039 τουτέστι
1336 1988 1651 2057 πρηστῆρες
1711 1988 1806 2040 καὶ

238 2069 619 2137 θερμαίνοντες
654 2075 741 2128 διὰ
780 2077 838 2128 τὸ
856 2079 1160 2147 ἀεικίνητον
1200 2079 1378 2132 αὐτῶν
1407 2080 1535 2149 περὶ
1561 2080 1629 2134 τὰ
1661 2079 1800 2146 θεῖα,

237 2162 335 2211 κ.ὶ
379 2164 776 2234 ἀκατάληκτον,
844 2175 935 2221 καὶ
977 2171 1037 2222 τὸ
1092 2171 1382 2239 θερμαῖνον
1443 2174 1537 2223 καὶ
1569 2171 1661 2235 ὀξὺ
1704 2175 1802 2224 καὶ

239 2251 508 2318 ὑπερζέον
535 2256 633 2324 τῆς
660 2259 956 2329 προσεχοῦς
986 2264 1078 2313 καὶ
1127 2263 1405 2316 ἀνενδότου
1436 2263 1529 2316 καὶ
1554 2264 1805 2328 ἀκλινοῦς

238 2343 599 2411 ἀεικινησΐας.
656 2348 715 2399 El
743 2349 850 2421 γὰρ
902 2352 961 2402 τὸ
1015 2351 1196 2405 ὑλικὸν
1234 2354 1391 2406 τοῦτο
1435 2355 1544 2423 πῦρ
1570 2353 1681 2423 ἔχει
1709 2356 1806 2422 μὲν

241 2437 579 2505 φωτιστικὴν
614 2438 868 2508 ἰδιότητα,
905 2440 1022 2510 ἔχει
1049 2442 1103 2494 δὲ
1139 2443 1230 2494 καὶ
1265 2444 1598 2514 καθαρτικὴν
1622 2445 1697 2507 ὡς
1729 2447 1808 2509 εἱς

238 2521 333 2570 τὸν
363 2524 581 2589 χρυσὸν,
616 2526 922 2597 φθαρτικὴν
966 2532 1021 2582 δὲ
1073 2532 1151 2594 εἰς
1197 2533 1301 2585 πᾶν
1350 2534 1620 2602 κίϐδηλον,
1662 2521 1811 2606 πόσῳ

223 2607 450 2673 ⁴μίὶλον
478 2612 727 2665 δύνανται
778 2614 921 2684 ἔχειν
970 2620 1025 2669 αί
1080 2619 1328 2686 οὐράνιαι
1360 2621 1660 2690 ἱεραρχίαι,
1693 2624 1809 2692 ἦτοι

240 2701 290 2748 οἱ
322 2699 465 2766 ᾰγιοι
514 2704 756 2770 ἄγγελοι,
812 2711 1146 2779 φωτιστικὴν
1184 2712 1282 2779 μὲν
1335 2714 1428 2764 καὶ
1473 2713 1810 2783 καθαρτικὴν

242 2790 475 2860 δόναμιν
508 2794 599 2845 καὶ
623 2796 906 2866 ἐνέργειαν
936 2800 1070 2868 πρδς
1108 2802 1234 2864 τοὺς
1264 2803 1445 2868 ἀξίους
1479 2804 1812 2870 φωτίζεσθαι

246 2883 341 2933 καὶ
370 2884 742 2955 καθαίρεσθαι,
774 2888 847 2949 ὡς
879 2890 970 2942 καὶ
1004 2890 1096 2940 ἐπὶ
1126 2892 1234 2943 τῶν
1271 2893 1441 2960 ἁγίων
1483 2895 1576 2945 καὶ
1602 2911 1816 2964 προφη-

247 2973 377 3033 τῶν,
418 2977 724 3048 φθαρτικὴν
755 2982 811 3033 δὲ
858 2985 948 3034 καὶ
1004 2985 1369 3053 ἀφανιστικὴν
1417 2989 1512 3039 καὶ
1550 2986 1812 3055 ἐλατῆρα,

245 3060 323 3121 ὡς
349 3062 439 3113 ἐπὶ
466 3062 558 3114 τοῦ
599 3064 940 3136 Σεναχηρεὶμ
967 3069 1230 3137 βασιλέως
1261 3074 1598 3141 Ἀσσυρίωνς
1629 3074 1814 3127 Ταῦτα

246 3152 427 3203 τοίνυν
460 3153 533 3222 μὴ
562 3156 755 3224 νοήσας
789 3158 817 3209 ὸ
853 3159 1101 3227 μάταιος,
1122 3161 1218 3230 τὴν
1247 3163 1355 3215 τῶν
1384 3165 1631 3231 ἀγγέλων
1655 3164 1817 3234 φύσιν

249 3242 315 3292 ὲκ
350 3243 521 3310 πυρὸς
546 3239 682 3298 εἶναι
706 3248 945 3316 ἐνόμισε.
979 3251 1112 3320 Περὶ
1152 3255 1334 3322 μέντοι
1360 3256 1468 3308 τῶν
1503 3258 1690 3325 μύθων
1723 3261 1817 3312 καὶ

1979 715 2059 767 I2.
2094 715 2233 779 Quin
2284 716 2374 769 ille
2422 716 2561 768 idem
2601 716 2733 770 dicit
2766 716 2820 767 in
2853 714 3030 782 capite
3066 710 3196 772 Sed.
3237 712 3459 781 angelos

1900 806 2118 873 quidem
2152 821 2216 859 ex
2243 807 2365 875 igne
2394 815 2609 859 creatos
2635 822 2777 867 esse.
2804 805 3080 858 hominem
3106 818 3233 855 vero
3255 818 3318 855 ex
3347 804 3462 870 pul-

1903 910 2048 949 vere.
2102 896 2168 949 Et
2200 896 2660 963 quemadmodum
2711 910 2912 964 corpus
2940 909 3005 946 ex
3054 904 3196 947 terra
3239 906 3465 958 compa-

1902 998 2047 1043 ctum
2087 998 2192 1050 est,
2244 990 2314 1042 ita
2349 990 2511 1042 etiam
2555 990 2775 1056 angelos
2821 1003 2884 1041 ex
2934 987 3055 1056 igne
3103 1002 3200 1039 ceu
3233 983 3462 1038 materia

1904 1081 2233 1149 compositos
2290 1090 2485 1147 putat:
2552 1097 2583 1134 e
2634 1079 2816 1132 verbis
2866 1080 3124 1132 nimirum
3185 1077 3463 1146 prOphetzn

1904 1171 2049 1223 hunc
2084 1184 2329 1224 errorem
2367 1170 2647 1233 hauriens,
2689 1169 2782 1237 qui
2815 1168 2981 1222 dicit:
3019 1188 3036 1219 ι
3063 1169 3165 1232 Qui
3213 1167 3341 1220 fecit
3372 1182 3467 1217 an—

1904 1259 2050 1327 gelos
2103 1274 2230 1313 suos
2276 1259 2523 1326 spiritus.
2579 1267 2634 1311 ct
2675 1257 2957 1311 ministros
3013 1272 3141 1309 suos
3194 1257 3465 1309 ﬂammam

1906 1348 2045 1417 ignis
2068 1351 2149 1415 ἰς
2190 1367 2206 1399 ι
2251 1365 2357 1403 non
2422 1348 2730 1416 intelligens
2784 1349 2968 1409 miser,
3020 1345 3165 1413 quod
3218 1346 3468 1398 cmlesles

1906 1439 2074 1493 animi
2103 1439 2327 1507 spiritus
2357 1439 2615 1492 dit-untur
2643 1446 2865 1506 propter
2888 1437 3222 1491 celeritatem
3248 1444 3303 1487 ct
3325 1435 3472 1487 velo-

1905 1532 2149 1593 citatem,
2188 1531 2362 1583 levem
2401 1531 2563 1583 etiam
2585 1537 2642 1583 ct
2671 1529 3048 1595 iucorpoream
3082 1527 3467 1585 substantiam.

1909 1618 2050 1687 ignis
2098 1628 2280 1670 autem
2336 1616 2607 1669 ﬂammam
2640 1616 2821 1671 vocari
2870 1626 3093 1685 propter
3141 1616 3468 1673 claritatem.

1906 1708 2316 1770 strenuitatcm;
2364 1707 2706 1775 repentinum
2738 1714 2966 1768 motum,
3025 1706 3241 1771 vimque
3278 1718 3474 1771 purga-

1909 1798 2126 1853 toriam.
2187 1806 2242 1850 et
2295 1798 2538 1851 fortassis
2584 1798 2747 1851 etiam
2806 1805 3028 1865 prepter
3080 1795 3469 1864 corrumpendi

1908 1889 2228 1956 potentiam.
2260 1887 2729 1953 Quemadmodum
2756 1896 2811 1941 et
2836 1888 3074 1955 supremi
3105 1885 3348 1947 ordines.
3377 1886 3472 1953 qui

1909 1978 2221 2032 immediate
2250 1977 2549 2047 maiestatis
2573 1977 2771 2031 divinae
2801 1975 3148 2045 splendorem
3174 1975 3471 2034 sustinent,

1907 2068 2193 2136 Seraphim
2226 2067 2292 2121 ab
2325 2067 2567 2122 llehrmis
2598 2067 2877 2131 dicuntur,
2904 2052 2981 2118 1id
3013 2074 3095 2118 est
3130 2064 3357 2118 ﬂammae
3388 2078 3478 2115 ar-

1908 2159 2101 2212 dentes
2131 2169 2184 2213 et
2215 2160 2571 2221 calescentes,
2602 2166 2824 2226 propter
2856 2165 3061 2210 motum
3097 2156 3245 2209 illum
3276 2155 3477 2221 scrupi-

1910 2257 2123 2302 ternum
2158 2250 2302 2303 circa
2339 2249 2523 2302 divina
2560 2257 2613 2301 et
2673 2247 3097 2311 indesinentem,
3134 2255 3473 2315 propterque

1910 2339 2172 2403 calorem.
2228 2339 2569 2393 velocitatem
2620 2348 2675 2392 et
2716 2338 2980 2392 fervorem
3030 2337 3300 2399 continui,
3338 2337 3476 2389 irre-

1909 2432 2079 2500 quieti
2113 2441 2169 2483 et
2218 2430 2475 2485 indefessi
2511 2439 2713 2484 motus.
2767 2430 2820 2483 Si
2880 2430 3026 2482 enim
3066 2429 3204 2498 ignis
3235 2428 3325 2482 ille
3366 2443 3481 2480 ma-

1914 2523 2117 2577 terialis
2150 2524 2534 2591 proprietatem
2587 2522 2751 2575 habet
2785 2520 3226 2574 illuminatoriam
3259 2528 3315 2572 et
3342 2532 3476 2586 pur-

1918 2618 2206 2685 gatoriam,
2255 2624 2313 2668 ut
2345 2615 2398 2669 in
2448 2631 2605 2679 auro,
2636 2614 3021 2683 corrumpendi
3058 2627 3187 2665 vero
3222 2612 3477 2664 virtutem

1915 2709 1969 2760 in
2028 2707 2211 2760 omnia
2252 2706 2579 2767 adulterina,
2636 2714 2838 2773 quanto
2893 2703 3063 2772 magis
3093 2701 3477 2757 cmlestesilli

1915 2799 2275 2867 principatus,
2300 2797 2471 2852 sancti
2501 2797 2758 2851 nimirum
2784 2797 3255 2866 angeli,virtutem
3281 2793 3485 2847 illumi-

1916 2890 2084 2945 nandi
2116 2901 2170 2944 et
2216 2890 2502 2959 purgandi,
2545 2898 2600 2944 et
2629 2890 2925 2943 efﬁcaciam
2960 2887 3027 2941 ad
3062 2886 3480 2941 illuminandum

1916 2992 1971 3037 et
2020 2982 2365 3050 purgandum
2406 2981 2801 3034 illuminatione
2841 2990 2895 3033 et
2931 2978 3253 3048 purgatione
3286 2975 3483 3044 dignos

1920 3072 2129 3141 (quales
2178 3071 2439 3124 nimirum
2498 3072 2671 3124 sancti
2710 3080 2837 3124 sunt
2880 3080 2935 3124 et
2982 3066 3280 3138 prophetae)
3312 3067 3481 3121 habe-

1920 3159 2085 3223 bunt;
2138 3159 2525 3227 corrumpendi
2560 3173 2690 3212 vero
2738 3166 2793 3212 et
2841 3157 3087 3210 vastandi
3155 3155 3480 3224 potentiam.

1922 3257 1982 3304 ut
2016 3257 2209 3304 contra
2244 3249 2581 3303 Senacherib
2615 3248 2958 3317 Assyriorum
3001 3247 3222 3315 regem?
3251 3244 3345 3299 His
3377 3243 3483 3297 ita.

250 3332 365 3426 τῶν
396 3336 667 3403 περάτων,
703 3332 776 3390 ὧν
810 3343 1181 3408 τερατεύεται,
1218 3349 1309 3398 καὶ
1350 3346 1495 3413 λέγει
1526 3342 1679 3411 οὗτος
1712 3369 1817 3422 μη·
1849 3364 1892 3426 c

1849 3364 1892 3426 ο
1924 3354 2029 3408 que
2074 3354 2181 3393 non
2236 3339 2551 3402 intellectis,
2585 3337 2816 3391 stolidus
2869 3336 3181 3405 angelorum
3231 3342 3481 3388 naturam

251 3416 340 3467 δὲν
366 3418 729 3489 διαφερόντων
753 3427 1006 3492 γραῐδίων
1056 3431 1516 3502 κωθωνιζομένων
1560 3416 1815 3509 ληρημά-

253 3526 385 3573 των,
420 3512 470 3563 τί
498 3515 605 3583 χρὴ
630 3517 724 3570 καὶ
770 3518 945 3585 λέγειν
971 3536 987 3584 ;

334 3789 423 3849 ιγ’.
457 3784 590 3852 Φησὶ
629 3787 735 3857 γὰρ
766 3791 821 3841 ὲν
857 3792 935 3860 τῷ
977 3795 1253 3866 κεφαλαίῳ
1278 3796 1356 3866 τῷ
1392 3800 1639 3869 Νεμελὲ,
1680 3805 1822 3874 ,ὅπερ

256 3873 620 3939 ἑρμηνεύεται
638 3879 803 3947 μυῖα,
838 3881 910 3943 ὼς
941 3884 1034 3936 τοῦ
1058 3886 1400 3956 Σολομῶντος
1424 3873 1823 3960 συναγαγόντος

261 3967 508 4036 μεγάλην
565 3970 810 4036 ἀγγέλων
868 3962 1161 4041 στρατιὰν,
1230 3980 1322 4031 καὶ
1380 3981 1688 4049 ἀνθρώπων
1728 3986 1823 4037 καὶ

260 4058 474 4122 ἀλόγων
499 4058 673 4123 ζώων,
701 4064 792 4114 καὶ
840 4065 1180 4120 ἀπελθόντων
1214 4070 1307 4122 καὶ
1335 4073 1606 4141 εὑρόντων
1635 4074 1824 4147 ῶσπερ

262 4150 391 4199 τινὰ
420 4151 592 4216 μυιῶν
622 4156 886 4223 ποταμὸν,
924 4156 1028 4225 ἔφη
1074 4160 1106 4226 ἡ
1151 4163 1306 4227 μυῖα,
1336 4157 1406 4213 Ὦ
1438 4166 1590 4232 μυῖαι
1613 4205 1628 4225 ,
1668 4167 1825 4234 ὑμεῖς

264 4240 538 4293 εἰσέλθετε
566 4246 642 4297 si:
673 4245 769 4305 τὰς
797 4249 1077 4311 κατοικίας
1104 4249 1278 4318 ὑμῶν,
1311 4253 1398 4305 ἵνα
1433 4253 1507 4323 μὴ
1539 4256 1827 4327 διαφθείρῃ

261 4331 411 4398 ὑμᾶς
455 4332 483 4382 ό
542 4332 790 4401 Σολομῶν
827 4336 918 4387 καὶ
962 4336 1022 4388 τὸ
1063 4340 1375 4409 στράτευμα
1420 4342 1608 4397 αὑτοῦ.
1648 4346 1753 4398 Καὶ
1792 4348 1823 4415 ή

261 4422 401 4484 μυῖα
426 4419 822 4486 ὕπεμειδίασεν.

342 4511 426 4563 ιδ’.
456 4512 576 4563 Ἔτι
608 4514 664 4563 ἐν
695 4512 773 4582 τῷ
804 4517 1081 4583 κεφαλαίῳ
1109 4519 1184 4586 τῷ
1228 4519 1515 4574 Ῥουϐεσᾶ
1533 4539 1718 4589 φησιν,
1752 4524 1828 4586 ὡς

263 4598 363 4651 τὸν
398 4598 659 4667 σκώληκα
694 4603 936 4671 σημῆναι
981 4606 1072 4657 τὸν
1103 4607 1195 4658 τοῦ
1226 4607 1569 4677 Σολομῶντος
1600 4610 1829 4666 θάνατον

1926 3444 1989 3483 ex
2044 3429 2166 3499 igne
2212 3440 2461 3483 constare
2491 3426 2716 3496 putavit.
2754 3427 2827 3478 De
2872 3425 3069 3479 fabulis
3098 3437 3229 3480 vero
3260 3434 3315 3478 et
3355 3433 3499 3491 pro-‘

1927 3520 2107 3589 digiis,
2132 3533 2252 3587 qua:
2276 3518 2582 3588 prodigiose
2637 3517 2809 3572 edidit
2836 3515 3101 3583 dixitque,
3129 3529 3156 3567 a
3184 3516 3483 3585 vetlularum

1926 3611 2264 3666 ebriosarum
2314 3608 2685 3662 deliramentis
2735 3606 2871 3660 nihil
2907 3604 3310 3668 differentibus,
3349 3604 3482 3673 quid

1929 3704 2087 3772 plura
2120 3701 2304 3756 dicere
2330 3714 2467 3769 opus
2506 3700 2625 3753 est?

1999 3793 2087 3848 15.
2122 3791 2263 3845 Dicit
2286 3791 2431 3844 enim
2482 3791 2535 3844 in
2588 3790 2765 3859 capite
2794 3788 3193 3857 Emele.quod,
3240 3788 3286 3841 si
3322 3788 3492 3841 inter-

1931 3885 2184 3954 preteris,
2235 3899 2470 3936 muscam
2520 3882 2807 3951 significat.
2846 3880 3192 3935 Salomonem
3234 3886 3487 3947 magnum

1931 3973 2267 4041 angelorum,
2290 3971 2574 4024 hominum
2602 3979 2655 4023 et
2683 3972 2967 4025 brutorum
2992 3960 3305 4041 animalium
3335 3981 3492 4020 exer—

1932 4063 2102 4117 citum
2136 4064 2438 4133 collegisse.
2469 4061 2572 4127 Qui
2621 4062 2673 4114 in
2701 4060 3104 4129 expeditionem
3135 4059 3359 4127 egressi.
3412 4059 3493 4111 in-

1931 4164 2145 4224 gentem
2176 4156 2279 4207 ceu
2324 4166 2632 4207 muscarum
2664 4150 2884 4204 ﬂuvium
2937 4152 3293 4215 invenerunt;
3326 4148 3494 4204 dixit-

1933 4261 2039 4314 que
2094 4260 2300 4307 musca.
2333 4244 2377 4299 Ο
2417 4258 2639 4305 muscae.
2695 4242 3039 4312 ingredimini
3087 4256 3182 4295 vos
3228 4242 3283 4293 in
3337 4250 3493 4295 antra

1933 4344 2137 4399 vestra,
2166 4349 2235 4389 ne
2261 4349 2357 4388 vos
2399 4334 2592 4404 perdat
2622 4332 2880 4388 Solomon
2931 4339 2986 4386 et
3011 4330 3159 4385 illius
3187 4321 3500 4386 exercitus.

1936 4427 2003 4480 Et
2038 4440 2221 4480 musca
2263 4423 2511 4479 subrisit.

2008 4517 2096 4569 M.
2130 4517 2359 4584 Insuper
2394 4516 2448 4570 in
2480 4516 2660 4586 capite
2705 4516 2904 4569 Rubcsa
2936 4513 3091 4576 dicit,
3133 4510 3492 4565 vermiculum

1937 4608 2228 4677 quemdam
2255 4607 2596 4662 dmmonibus
2624 4606 2931 4663 Salomonis
2957 4613 3186 4660 mortem
3208 4604 3501 4657 denuntia-

264 4691 386 4751 τοῖς
418 4690 687 4756 δαίμοσιν,
716 4693 843 4745 ἔνθα
872 4698 1034 4764 φησὶν
1068 4698 1099 4760 ἠ
1125 4696 1382 4766 ἐξήγησις
1404 4700 1486 4752 ὅτι
1517 4701 1545 4749 ὁ
1582 4702 1832 4769 Σολομῶν
1865 4706 1908 4759 D

1865 4706 1908 4759 ι)
1940 4700 2121 4755 visse:
2167 4698 2324 4767 cujus
2355 4699 2435 4752 rei
2479 4698 2719 4751 narratio
2769 4698 2890 4750 talis
2918 4706 3021 4749 est.
3066 4694 3201 4749 Cum
3240 4693 3494 4746 Salomon

267 4781 684 4849 ἐπερειδόμενος
714 4786 778 4853 τῇ
831 4784 1023 4837 ἑαυτοῦ
1081 4786 1371 4858 βακτηρία,
1429 4790 1531 4843 ὑπὸ
1566 4792 1835 4862 τοσαύτης

269 4873 434 4937 ἄφνω
465 4873 755 4942 συνεσχέθη
784 4875 997 4944 ὀδύνης,
1037 4877 1109 4938 ὡς
1137 4880 1476 4948 παραχρῆμα
1514 4882 1835 4946 ἐκπνεῦσαι,

273 4964 413 5031 θείῳ
449 4963 505 5015 δὲ
555 4964 792 5031 θαύματι
841 4968 900 5017 οὑ
935 4968 1251 5022 κατέπεσεν.
1306 4970 1369 5021 Οἱ
1419 4971 1475 5022 δὲ
1502 4971 1677 5041 τούτῳ
1719 4974 1839 5025 δου-

270 5053 528 5114 λεύοντες
591 5054 841 5123 δαίμονες
890 5057 1123 5128 δρῶντες
1180 5059 1338 5112 αὑτὸν
1383 5060 1592 5114 ἑστῶτα
1630 5062 1837 5128 οὕτως,

270 5146 528 5213 ἐνόμιζον
580 5145 699 5217 ζῇν.
733 5146 983 5218 Ἀνεδόθη
1032 5149 1089 5201 δέ
1125 5167 1206 5210 τις
1258 5151 1473 5222 σκώληξ
1508 5154 1570 5205 ἐκ
1603 5154 1703 5221 τῆς
1738 5157 1840 5224 γῆς

271 5234 562 5324 suam)“
584 5236 682 5304 τὴν
709 5236 964 5305 τοιαύτην
995 5238 1320 5306 βακτηρίαν,
1354 5236 1420 5310 ἧς
1458 5243 1839 5312 συντριϐείσης

275 5324 583 5376 κατέπεσεν
614 5328 639 5376 ὁ
687 5326 957 5395 Σολομῶν.
1007 5330 1067 5379 Οἱ
1124 5329 1178 5380 δὲ
1211 5329 1468 5398 δαίμονες
1516 5334 1837 5403 δραμόντες,

273 5420 527 5485 ἔγνωσαν
555 5418 714 5471 αὐτὸν
743 5420 1078 5489 τεθνηκέναι,
1107 5427 1199 5473 καὶ
1222 5422 1403 5475 ἔκτοτε
1436 5425 1669 5494 ἧρξαντο
1700 5428 1842 5482 κατὰ

278 5510 469 5560 πᾶσαν
530 5508 707 5561 αὐτῶν
748 5513 845 5580 τὴν
897 5510 1125 5581 δύναμιν
1156 5513 1413 5581 βλάπτειν
1456 5517 1579 5578 τοὺς
1634 5519 1841 5588 ἀνθρὼ-

274 5616 440 5662 πους.

354 5786 401 5815 ³⁸
441 5784 584 5838 Ρείιι.
627 5798 741 5849 cm,
784 5786 835 5836 4.

1939 4792 2171 4860 scipioni
2206 4805 2305 4845 suo
2337 4790 2691 4854 inniteretur,
2729 4798 2879 4842 tanto
2908 4796 3131 4856 repente
3161 4787 3345 4839 dolore
3376 4800 3501 4839 cor-

1940 4890 2127 4950 reptus
2155 4888 2260 4943 est,
2310 4891 2370 4933 ut
2398 4879 2687 4933 confestim
2732 4878 3069 4946 exspiraret;
3104 4876 3289 4930 divino
3319 4885 3499 4929 tamen

1940 4971 2173 5035 quodam
2199 4969 2460 5023 miraculo
2484 4984 2589 5023 non
2620 4968 2849 5022 corruit.
2876 4967 3013 5022 Huic
3037 4981 3167 5021 vero
3190 4966 3505 5019 ministrari-

1942 5071 2023 5115 tes
2046 5063 2339 5123 daemones.
2374 5076 2497 5114 cum
2528 5060 2680 5113 illum
2706 5061 2783 5113 sic
2804 5071 2948 5113 Stare
2978 5068 3288 5119 cernerent.
3315 5058 3499 5110 vivere

1942 5153 2124 5207 adhuc
2156 5153 2401 5206 arbitrati
2438 5162 2584 5205 sunt.
2626 5152 2905 5219 l’rorepsit
2942 5142 3122 5204 autem
3156 5166 3184 5203 e
3218 5160 3360 5203 terra
3390 5164 3504 5201 ver—

1947 5246 2069 5301 mis.
2107 5244 2402 5311 scipionem
2430 5244 2574 5297 illius
2597 5244 2901 5297 arrodens:
2928 5256 3035 5310 quo
3062 5240 3221 5295 simul
3258 5256 3501 5293 ωιτν-ρει».

1947 5336 2199 5391 Salomon
2253 5337 2511 5391 concidit.
2552 5337 2834 5390 Dmmones
2859 5351 2987 5390 vero
3035 5344 3403 5393 aCCUI'I‘CIIUS,
3448 5343 3505 5385 ιιι

1946 5444 2070 5484 eum
2121 5429 2322 5483 obiisse
2368 5438 2760 5499 cognoverunt,
2800 5444 2861 5483 ex
2910 5444 2976 5481 eo
3012 5438 3255 5493 tempore
3296 5427 3505 5479 cunctis

1951 5523 2064 5574 suis
2091 5519 2299 5573 viribus
2329 5520 2565 5574 humano
2594 5521 2774 5589 generi
2804 5535 3001 5575 nocere
3040 5527 3343 5586 caeperunt.
