4204 6450
161 467 268 530 649

1139 470 1436 530 CONTRA
1479 465 1755 527 MMIOM
1768 462 1970 524 ETEM
2012 458 2297 520 ORATIO

3255 452 3364 515 650

160 581 449 636 κάντεῦθεν
484 584 626 635 εἰσιν
661 582 1057 651 ἀνεπίγνωστοι
1092 585 1265 637 όποῖοί
1294 601 1424 636 ποτε
1461 585 1555 637 καὶ
1587 584 1713 647 eici,
1743 593 1759 644 Α

1847 578 2108 632 Videamus
2156 575 2322 642 igitur
2371 584 2618 639 quaenam
2655 584 2819 639 opera
2850 568 2992 638 apud
3026 567 3194 621 Deum
3226 568 3363 623 reci-

159 676 306 743 παρά
337 675 393 727 δὲ
426 674 503 743 τῷ
527 674 647 744 Θεῷ
683 676 777 727 καὶ
810 674 955 744 μόνῳ
986 675 1092 727 εἰσὶ
1121 676 1510 743 γινωσκόμενοι
1530 690 1543 705 '
1579 675 1627 726 οι
1655 675 1712 726 δὲ

156 766 345 833 ῶσπερ
375 766 572 835 χρυσὸς
605 767 662 817 ἐν
684 767 1033 836 χωνευτηρίῳ
1059 766 1286 836 καθαροὶ⁵
1313 764 1713 833 ἀναφαίνονται,

159 858 252 911 καὶ
306 858 380 919 ῶς
417 858 463 909 οἱ
519 860 576 909 ὲν
615 857 894 911 Βαϐυλῶνι
947 858 1154 920 παῖδες.
1225 858 1363 912 Ἀλλ’
1413 860 1511 911 οὑκ
1558 860 1719 926 ἀρκεῖ

159 951 291 1017 μόνη
325 948 489 1015 ή-τῶν
514 948 798 1015 δογμάτων
828 949 1005 1012 πίστις
1034 952 1167 1019 πρὸς
1197 950 1490 1017 σωτηρίαν,
1513 950 1607 1000 ἐὰν
1645 950 1717 1017 μὴ

160 1039 298 1104 μετὰ
331 1038 439 1091 τῶν
473 1039 650 1105 ἔργων
685 1040 1113 1108 συγκεκραμένη
1159 1041 1273 1092 ἐστὶ
1317 1041 1406 1091 καὶ
1450 1042 1480 1106 ἡ
1516 1042 1717 1098 πίστις.

164 1148 180 1178 ι
217 1129 398 1193 Δεῖξον
431 1131 539 1198 γάρ
565 1146 675 1199 μοι,
710 1150 727 1182 ι
757 1131 889 1200 φησι
912 1131 971 1184 τὸ
1002 1132 1198 1199 λόγιον,
1232 1150 1250 1182 ‹
1282 1133 1380 1200 τὴν
1408 1132 1590 1183 πίστιν
1622 1146 1714 1182 σου

160 1223 223 1272 ἐκ
255 1220 363 1271 τῶν
415 1220 592 1289 ἔργων
629 1240 744 1286 σου,
782 1223 939 1289 κάγὼ
976 1222 1032 1275 δέ
1083 1240 1162 1274 σοι
1197 1223 1352 1285 δείξω
1402 1223 1500 1291 τὴν
1540 1221 1722 1272 πίστιν

163 1324 265 1372 μου
303 1309 365 1358 ἐκ
394 1307 505 1359 τῶν
557 1308 734 1377 ἔργων
791 1326 913 1374 μου.
954 1327 972 1359 ι
1014 1310 1244 1377 Ἰδωμεν
1294 1308 1474 1360 τοίνυν
1506 1308 1631 1358 ποῖα
1661 1306 1725 1358 ἐκ

160 1397 371 1449 τούτων
412 1398 519 1449 τῶν
551 1398 728 1466 ἔργων
768 1400 873 1451 εἰσὶ
906 1399 1070 1452 δεκτὰ
1122 1399 1272 1467 παρά
1306 1397 1381 1466 τῷ
1435 1396 1572 1464 Θεῷ,
1631 1398 1727 1449 καὶ

160 1489 307 1550 τίνες
345 1490 646 1558 μέμνηνται
681 1488 773 1541 τοῦ
804 1489 961 1555 Θεοῦ,
989 1492 1041 1542 οἱ
1076 1492 1133 1542 ὲν
1164 1489 1392 1558 ἀφθονίᾳ.
1424 1489 1516 1541 καὶ
1548 1488 1726 1555 τρυφῇ

160 1579 632 1649 εὑρισκόμενοι,ἢ
686 1582 736 1631 ot
785 1581 1134 1650 ταλαιπωρίᾳ
1169 1579 1263 1632 καὶ
1313 1578 1583 1648 κακουχίᾳ
1638 1593 1729 1627 συ-

162 1669 384 1731 ζῶντες.
439 1670 605 1721 Παντί
650 1686 753 1721 που
797 1669 952 1738 δῆλον
1023 1670 1073 1721 ot
1131 1668 1394 1738 δεύτεροι.
1439 1686 1457 1718 ι
1495 1667 1666 1736 Κύριε
1706 1684 1727 1718 ι

161 1761 296 1828 γὰρ,
320 1761 505 1828 φησὶν,
537 1779 554 1812 ι
587 1763 641 1814 ὲν
669 1760 838 1829 θλίψει
869 1760 1218 1831 ἐμνήσθημεν
1243 1777 1357 1814 σου.
1398 1778 1415 1809 ι
1448 1759 1579 1825 Καὶ,
1615 1776 1633 1809 ι
1669 1760 1731 1811 Oi

162 1851 484 1918 σπείροντες
505 1852 560 1902 ὲν
577 1851 836 1919 δάκρυσιν
859 1853 916 1904 ἐν
933 1852 1252 1919 ἀγαλλιάσει
1276 1849 1532 1919 θεριοῦσι.
1552 1867 1569 1899 ι
1598 1849 1729 1913 Καὶ,

1817 669 2057 738 piantur,
2085 675 2137 721 et
2192 666 2411 732 quinam
2456 663 2510 716 hi
2554 663 2665 716 sint
2719 662 2809 729 qui
2837 661 2928 714 Dei
2962 661 3364 722 meminerunt,

1818 773 1947 812 num
1995 756 2203 811 scilicet
2261 755 2312 807 hi
2345 755 2435 822 qui
2468 756 2520 808 in
2543 754 2758 807 deliciis
2794 762 2850 807 et
2881 752 3123 806 libertate
3155 752 3368 812 vivunt,

1817 865 1883 900 an
1916 848 2007 915 qui
2056 847 2110 901 in
2158 845 2453 898 alllietionc
2486 853 2542 897 et
2569 842 2823 897 miseria?
2848 842 2910 895 lli
2936 854 3083 895 certe
3104 842 3247 894 haud
3274 843 3375 894 du-

1818 937 1924 989 bie.
1961 935 2051 987 Ait
2102 934 2284 1005 enim:
2320 951 2337 982 ι
2389 931 2635 994 Domine,
2671 932 2724 983 in
2758 930 3053 983 aﬂlictionc
3086 930 3162 982 tui
3193 945 3376 983 recor-

1816 1020 1927 1073 dati
1961 1034 2150 1072 sumus
2177 1020 2245 1073 “5.
2294 1038 2312 1069 ι
2352 1019 2439 1080 Et,
2494 1036 2511 1067 ι
2549 1018 2650 1082 Qui
2688 1018 2739 1068 in
2786 1018 3038 1086 Iacrymis
3085 1018 3375 1080 seminam,

1820 1118 2034 1163 metunt
2080 1112 2133 1162 in
2161 1109 2521 1162 exsultatione
2581 1109 2648 1160 ⁸⁵.
2690 1125 2705 1156 ι
2745 1108 2810 1160 Et
2847 1127 2860 1160 :
2911 1126 2929 1157 ι
2977 1108 3383 1162 Tribulationes

1821 1200 2009 1255 multa:
2031 1200 2322 1268 jnstorunt,
2343 1214 2492 1252 mors
2513 1208 2694 1252 autem
2732 1208 3080 1266 peccatorum
3100 1203 3237 1253 mula
3263 1202 3326 1252 ‘°.
3363 1221 3380 1250 ι

1823 1292 1979 1344 Licet
2009 1289 2154 1342 enim
2189 1290 2242 1341 in
2272 1289 2370 1343 hac
2404 1291 2511 1342 vita
2558 1289 2701 1342 l‘eliei
2735 1303 2986 1342 successu
3036 1290 3307 1352 ferantur,
3333 1300 3388 1342 et

1824 1380 2051 1452 perinde
2078 1395 2140 1434 ac
2171 1380 2216 1432 si
2248 1380 2370 1448 quis
2416 1379 2670 1432 laudetur
2712 1379 2856 1446 quod
2889 1380 3129 1448 prudens
3158 1382 3246 1444 sit,
3285 1381 3393 1433 for-

1828 1470 1919 1531 tis,
1948 1481 2258 1537 temperans
2315 1477 2370 1521 et
2411 1469 2614 1537 justus,
2681 1468 2823 1522 alius
2872 1483 3004 1521 vero
3065 1469 3218 1520 nihili
3278 1468 3394 1521 hzec

1826 1559 2053 1622 faciens,
2078 1560 2333 1628 pinguem
2363 1573 2419 1611 se
2446 1574 2565 1611 esse
2604 1559 2866 1627 glorietur
2890 1569 2944 1613 et
2971 1560 3351 1627 corpulentum
3381 1578 3395 1623 ;

1831 1649 1912 1703 sic
1943 1651 2009 1703 de
2045 1650 2240 1719 seipsis
2270 1648 2513 1703 sentiunt
2536 1648 2831 1702 miserrimi
2864 1649 3134 1710 homines,
3164 1665 3225 1703 ae
3254 1651 3399 1703 veris

1834 1741 2288 1809 inexhaustisque
2317 1740 2524 1794 divitiis
2566 1739 2917 1807 contemptis,
2947 1739 3067 1792 illas
3097 1755 3230 1807 quas
3256 1756 3403 1793 som-

1821 1836 1926 1888 nia
1974 1833 2258 1895 simulant,
2284 1832 2735 1900 amplectuntur:
2768 1841 2822 1885 et
2874 1831 3111 1898 pretiosa
3139 1831 3228 1885 illa
3264 1847 3404 1885 mar-

168 1958 185 1986 σ
224 1940 429 1991 Πολλαὶ
460 1942 515 1992 αί
556 1940 762 2009 θλίψεις
792 1941 900 1993 τῶν
924 1940 1170 1992 δικαίων.
1196 1938 1435 2000 Θάνατος
1471 1937 1525 1991 δὲ
1551 1938 1728 2007 ἁμαρ-

1847 1926 2029 1996 ςιιτίιιι,
2071 1923 2291 1980 Christo
2349 1923 2632 1987 nimirum,
2672 1923 2885 1986 relicta,
2920 1924 3159 1979 conchas
3197 1924 3282 1979 vel
3328 1925 3406 1978 la-

160 2033 354 2083 τιυὶῶν
390 2034 633 2101 πονηρὸς,
664 2052 683 2085 ›
721 2032 823 2085 κᾶν
855 2032 950 2084 καὶ
981 2035 1037 2084 ὲν
1076 2032 1151 2099 τῷ
1183 2030 1405 2099 παρόντι
1446 2030 1545 2099 βίῳ
1594 2030 1735 2081 κατά

164 2122 300 2189 ῥοῦν
357 2126 645 2191 φέρωνται.
693 2124 803 2177 Καὶ
833 2119 943 2176 οἷον
974 2123 1161 2191 ῶσπερ
1192 2124 1255 2175 ἄν
1278 2139 1358 2184 τις
1389 2123 1437 2174 εί
1483 2122 1736 2191 ἐπῃνεῖτο

168 2215 276 2279 μὲν
308 2214 384 2276 ὠς
411 2215 673 2284 φρόνιμος
702 2213 796 2267 καὶ
823 2214 1085 2283 ἀνδρεῖος,
1130 2211 1360 2281 σώφρων
1390 2211 1480 2263 καὶ
1510 2211 1735 2276 δίκαιος,

161 2306 252 2356 ἓτε
268 2323 357 2373 ρος
388 2306 442 2358 δὲ
478 2304 613 2375 παρ’
647 2306 811 2369 οὐδὲν
849 2303 1022 2357 ταῦτα
1051 2304 1352 2371 τιθέμενος,
1382 2303 1734 2370 ὲνεκαυχᾶτο,

163 2397 517 2466 πολύσαρκον
545 2397 739 2451 ἑαυτὸν
771 2391 910 2450 εἶναι
945 2396 1139 2462 λέγων,
1176 2395 1269 2448 καὶ
1300 2394 1573 2465 ἐμπληοὲς
1601 2394 1737 2463 ἔχων

162 2490 225 2540 τὸ
261 2490 423 2557 σῶμα
462 2506 474 2520 ⁸
508 2489 677 2551 οὕτως
718 2489 857 2557 ὑπὲρ
888 2487 1068 2541 αὐτῶν
1101 2485 1387 2555 φρονοῦσιν
1416 2488 1461 2539 oi
1487 2484 1736 2549 τάλανες,

163 2584 267 2633 καὶ
296 2581 387 2633 τὸν
409 2581 582 2651 ἀληθῆ
613 2582 708 2634 καὶ
735 2580 1005 2634 άκένωτον
1028 2578 1253 2633 πλοῦτον
1274 2578 1736 2649 παραόλέποντες,

162 2672 508 2734 ἀσπάζονται
558 2672 649 2724 τὸν
698 2670 757 2723 ὃν
793 2671 989 2740 ὄνειροι
1024 2669 1356 2722 πλάττουσιο
1390 2670 1483 2720 καὶ
1519 2668 1609 2720 τὸν
1643 2684 1742 2718 πο-

165 2766 403 2831 λίστιμον
436 2764 805 2834 μαργαρίτην,
832 2762 1078 2816 τουτέστι
1108 2762 1200 2815 τὸν
1227 2759 1463 2830 Χριστὸν
1493 2758 1740 2825 ἀφέντες,

164 2856 304 2915 τοὺς
355 2854 637 2924 κάχληκας
672 2849 1081 2923 θησαυρίζουσι.
1138 2848 1248 2902 Ποῦ
1302 2849 1361 2901 δὲ
1411 2848 1634 2917 Θήσουσι
1684 2848 1744 2900 τὸ

166 2946 518 3015 προφητικὸν
551 2946 727 3012 λόγιον
756 2946 816 2997 τὸ
842 2947 1071 3013 φάσκον,
1098 2943 1178 2995 ὅτι
1215 2960 1233 2993 ι
1271 2943 1366 2995 “Ov
1413 2942 1601 3011 ἀγαπᾷ
1625 2938 1743 2991 Κύ-

168 3053 319 3103 ριος,
355 3033 619 3086 παιδεύει·
655 3034 908 3101 μαστιγοῖ
938 3031 995 3083 δὲ
1026 3032 1159 3095 υἱὸν,
1188 3029 1248 3083 εν
1281 3028 1687 3099 παραδέχεται;
1718 3046 1737 3080 ι

170 3130 330 3198 ’Δρα
376 3126 439 3180 οὐ
488 3123 875 3195 παραδίδονται
909 3123 961 3176 οἱ
1005 3122 1325 3193 Χριστιανοὶ
1357 3122 1547 3190 ὥσπερ
1580 3122 1749 3190 ἀπερ-

168 3219 443 3289 ῥιμμένοι
503 3218 594 3269 καὶ
653 3214 1251 3283 ἐγκαταλελειμμένα,
1315 3212 1388 3275 ὼς
1432 3215 1460 3266 ὁ
1497 3211 1743 3282 Μωάμεθ

1837 2014 1995 2084 pillos
2031 2020 2383 2082 congregant.
2418 2011 2558 2076 Quid
2578 2020 2761 2065 autem
2800 2011 2868 2066 de
2913 2015 3135 2065 oraculo
3158 2013 3252 2065 illo
3282 2029 3407 2081 pro-

1838 2104 2055 2173 phetico
2102 2105 2367 2175 iudicant,
2402 2104 2547 2173 quod
2602 2104 2776 2158 dicit:
2819 2122 2837 2155 ι
2891 2103 3062 2168 Quem
3094 2104 3273 2174 diligit
3304 2104 3410 2157 De-

1839 2200 2022 2256 minus
2075 2216 2202 2256 eum
2265 2201 2516 2268 castigat,
2565 2210 2621 2253 et
2660 2199 2894 2267 ﬂagellat
2934 2216 3096 2269 quem
3142 2200 3234 2254 ﬁlii
3288 2202 3411 2256 loco

1838 2302 2061 2372 adoptat
2095 2304 2140 2334 ⁸⁷
2173 2304 2196 2356 ?
2233 2321 2250 2354 ι
2286 2302 2582 2357 Christiani
2613 2303 2796 2370 itaque
2842 2317 2953 2356 non
2981 2302 3270 2358 traduntur
3296 2316 3415 2359 tan—

1839 2411 2003 2465 quam
2048 2395 2234 2467 rejeCti
2262 2406 2316 2450 et
2344 2395 2547 2451 deserti
2591 2411 2620 2449 a
2653 2395 2786 2460 Deo,
2822 2405 2879 2448 ut
2913 2396 3183 2453 Mahomet
3224 2409 3414 2466 aperte

1842 2496 2111 2543 testatur:
2144 2488 2238 2541 sed
2273 2502 2374 2542 ceu
2416 2486 2511 2540 ﬁlii
2545 2502 2710 2541 causa
2756 2488 3118 2541 correctionis
3148 2490 3230 2556 (ut
3256 2505 3418 2558 snpe-

1841 2577 1957 2631 rius
1986 2576 2225 2631 dilucide
2256 2576 2691 2631 demonstratum
2720 2576 2827 2646 est)
2850 2585 2906 2629 et
2934 2587 3156 2646 propter
3182 2578 3415 2633 aliorum

1840 2666 2275 2736 resipiscentiam
2302 2674 2359 2720 et
2390 2667 2703 2720 utilitatem.
2734 2666 2947 2721 Habent
2971 2668 3119 2722 enim
3155 2668 3419 2724 Christia-

1842 2757 1923 2822 ni,
1949 2757 2043 2827 qui
2076 2758 2219 2812 inter
2247 2767 2437 2826 gentes
2456 2767 2645 2825 agunt,
2683 2758 3046 2825 patriarchas,
3083 2760 3420 2846 sacerdotes.

1844 2848 2153 2918 pontiﬁces,
2185 2863 2282 2919 per
2314 2863 2450 2916 quos
2494 2847 2925 2910 sanetiticantur,
2963 2850 3256 2919 omniaque
3298 2868 3420 2920 qua:

1843 2940 2170 2996 Christianis
2218 2942 2491 2995 solemnia
2545 2949 2691 3004 sunt,
2740 2940 3148 3003 administrant,
3184 2944 3238 2997 in
3280 2945 3424 3014 ipso-

1847 3048 1971 3087 rum
2004 3032 2229 3101 quidem
2280 3033 2596 3097 utilitatem,
2639 3032 2695 3087 in
2732 3032 2949 3102 signum
2976 3048 3106 3088 vero
3131 3035 3277 3102 quod
3320 3052 3424 3091 nee

1847 3123 1916 3178 ab
1958 3121 2251 3191 adoptione
2304 3123 2540 3176 ﬁliorum
2587 3122 2707 3187 Dei,
2746 3124 2865 3177 nec
2893 3124 2962 3177 ab
3004 3124 3149 3177 illius
3182 3127 3423 3182 amicitia

1849 3212 2176 3268 exciderint.
2227 3212 2538 3282 Agnoscant
2599 3212 2768 3282 igitur
2824 3214 3068 3276 omnino,
3110 3217 3255 3285 quod
3291 3219 3428 3288 justi

166 3279 394 3379 τρανῶς
448 3279 788 3377 ἀπεφήνατο,
844 3304 961 3359 ἀλλ’
1130 3305 1239 3358 υἱοὶ
1298 3303 1388 3357 διὰ
1441 3279 1747 3368 παίδευσιν,

1855 3302 2078 3372 quidem
2119 3300 2317 3370 saepius
2340 3302 2393 3355 in
2431 3316 2625 3357 manus
2656 3299 2949 3370 impiortim
2985 3279 3428 3369 tradaiitur,'non

166 3396 367 3457 καθὼς
396 3397 652 3466 ἀνωτέρω
683 3394 947 3464 λαμπρῶς
975 3392 1369 3456 ἀποδέδεικται,
1400 3392 1492 3444 καὶ
1521 3390 1586 3444 δι’
1619 3390 1749 3443 ἑτέ-

172 3508 293 3554 ρων
324 3487 702 3557 σωφρονισμδν
741 3488 834 3540 καὶ
860 3485 1146 3555 ὠφέλειαν.
1188 3486 1297 3538 Καὶ
1321 3485 1429 3555 γὰρ
1462 3485 1678 3553 ἔχουσιν
1701 3483 1749 3535 οξ

168 3587 259 3643 εἰς
294 3581 363 3633 τά
400 3581 527 3650 ἔθνη
558 3577 880 3647 Χριστιανοὶ
920 3578 1288 3647 πατριάρχας,
1330 3578 1516 3646 ἱερεῖς,
1559 3578 1751 3645 ἀρχιεο

170 3675 327 3741 ρεῖς,
370 3671 498 3741 παρ’
522 3665 596 3724 ῶν
630 3668 971 3738 ἀγιάζονται,
1010 3670 1101 3721 καὶ
1136 3670 1316 3721 πάντα
1344 3669 1411 3720 τά
1446 3668 1613 3734 ἔθιμα
1646 3665 1752 3717 τῶν

166 3764 532 3834 Χριστιανῶν
561 3764 640 3821 είς
676 3762 947 3839 ὠφέλειαν
976 3760 1075 3829 μὲν
1116 3759 1316 3822 αὐτῶν,
1356 3760 1435 3820 εἰς
1471 3761 1669 3825 δεῖγμα
1697 3757 1752 3809 δὲ

165 3860 268 3908 ὅτι
311 3856 526 3924 καὶτῆς
559 3854 833 3916 υἱοθεσίας
873 3852 965 3905 τοῦ
1007 3852 1142 3905 Θεοῦ
1181 3853 1282 3905 οὐκ
1324 3851 1600 3916 ἐξέπεσον,
1630 3849 1753 3901 οὔτε

166 3948 283 4015 τῆς
311 3945 495 4012 φιλίας
522 3944 709 3997 αὑτοῦ.
747 3943 910 3996 Ὅθεν
941 3944 1033 3996 καὶ
1064 3944 1482 4011 γινωσκέτωσαν
1508 3941 1754 4012 ἀκριϐῶς

167 4038 267 4089 ὅτι
302 4035 685 4104 παραδίδονται
740 4034 841 4104 μὲν
894 4033 1157 4095 πολλάκις
1198 4034 1395 4085 δίκαιοι
1437 4033 1515 4093 εἰς
1568 4032 1756 4101 χεῖρας

164 4130 435 4193 ἀσεϐῶν,
474 4129 571 4196 οὐχ
611 4127 698 4179 ἵνα
731 4127 780 4178 oi
819 4125 1036 4188 ἀσεὸεῖς
1080 4123 1431 4189 δοξασθῶσιν,
1460 4124 1575 4174 ἀλλ’
1611 4122 1677 4174 ἵν’
1708 4122 1755 4173 οι

164 4218 394 4269 δίκαιοι
461 4212 1031 4283 δοκιμασθῶσι,,καὶ
1099 4212 1323 4279 χρυσίου
1384 4210 1757 4279 καθαρώτεροι

166 4313 482 4378 γένωνται.
514 4307 580 4357 Τί
610 4306 666 4357 δὲ
699 4306 825 4376 περὶ
856 4303 951 4358 τοῦ
991 4304 1199 4357 δικαίου
1239 4300 1396 4366 Ίώὸς
1438 4302 1509 4354 ὲῶ
1538 4301 1645 4369 γὰρ
1677 4303 1761 4354 λέ-

171 4419 322 4468 γειν
346 4401 415 4452 τά
450 4400 577 4469 περὶ
612 4397 705 4450 τοῦ
736 4398 1076 4466 πατριάρχου
1113 4396 1380 4465 Ἀϐραὰμ.
1414 4396 1536 4447 ἐπεὶ
1574 4395 1764 4445 κάκείο

176 4511 287 4555 νος
334 4492 473 4561 πρὸς
517 4490 704 4558 καιρὸν
753 4491 831 4550 είς
896 4488 1110 4551 ἀσεὸεῖς
1158 4488 1451 4556 παρεδόθη,
1499 4487 1591 4539 καὶ
1627 4485 1764 4548 τέως

167 4579 400 4650 ἐρωτῶ
452 4579 581 4646 περὶ
629 4577 721 4629 τοῦ
778 4576 998 4646 σιδηροῦ
1051 4578 1143 4628 καὶ
1200 4578 1563 4645 ἀδαμαντίνου
1622 4576 1761 4629 Ίώϐ.

1858 3402 1919 3447 ιιι
1950 3392 2325 3463 gloriﬁcentur
2354 3391 2529 3462 impii,
2556 3391 2651 3447 sed
2688 3402 2746 3445 ut
2770 3394 3072 3460 probentur
3096 3396 3189 3462 pii,
3220 3406 3428 3451 etauro

1853 3484 2105 3552 puriores
2154 3482 2474 3537 reddantur.
2526 3481 2666 3548 Quid
2696 3498 2878 3537 autem
2928 3483 2995 3537 de
3021 3484 3169 3553 justo
3199 3487 3289 3539 illo
3325 3487 3428 3542 Joh

1854 3574 2127 3629 dicemus?
2163 3574 2378 3643 (omitto
2401 3573 2547 3627 enim
2597 3573 2778 3628 dicere
2810 3575 2879 3629 de
2916 3576 3224 3644 patriarcha
3258 3579 3432 3633 Abra-

1854 3666 2003 3729 ham,
2033 3680 2156 3719 cum
2182 3675 2238 3719 et
2259 3665 2350 3718 ille
2388 3664 2453 3719 ad
2481 3673 2695 3733 tempus
2726 3666 2871 3719 inter
2899 3667 3103 3736 impios
3129 3684 3430 3724 eonversa-
3504 3677 3509 3681 '

1856 3765 1945 3810 tus
1979 3758 2072 3826 sit)
2117 3766 2172 3809 et
2221 3771 2353 3810 sane
2397 3756 2463 3810 de
2511 3755 2690 3810 ferreo
2739 3757 2831 3812 illo
2861 3768 2917 3812 et
2944 3760 3293 3814 adamantino
3327 3764 3430 3818 Job

1858 3849 2155 3916 interrogo.
2225 3845 2363 3900 Num
2405 3861 2506 3900 ceu
2562 3846 2811 3901 desertus
2862 3858 2919 3901 et
2958 3865 2988 3901 a
3036 3850 3146 3904 Deo
3197 3854 3434 3921 reiectus

1859 3940 2075 3995 diahulo
2166 3939 2403 3992 traditus
2475 3946 2561 3992 est
2644 3948 2700 3993 et
2772 3949 2851 3995 tot
2931 3942 3205 4012 tantisque
3274 3947 3434 4001 malis

1861 4032 2155 4085 mobilibus
2210 4031 2370 4085 simul
2428 4030 2911 4101 immobilibusque
2967 4033 3271 4103 llagellatus
3325 4048 3430 4104 est,

1860 4123 2160 4176 liberorum
2223 4122 2437 4175 scilicet
2480 4123 2794 4187 amissione,
2854 4132 2910 4177 et
2974 4128 3181 4194 preprii
3243 4144 3437 4197 corpo-

1863 4216 1938 4269 ris
1971 4214 2297 4268 alllictione?
2358 4215 2617 4268 Diabolus
2647 4231 2775 4269 vero
2824 4215 2915 4284 qui
2962 4218 3164 4286 justum
3199 4219 3436 4290 ﬂagella-

1865 4306 1973 4365 bat,
2003 4321 2111 4357 non
2146 4313 2401 4373 tauquam
2453 4307 2660 4359 amicus
2711 4305 2800 4357 Dei
2837 4308 3107 4376 allligebat
3132 4310 3295 4375 hune,
3328 4314 3437 4366 Deo

1866 4395 2088 4464 quidem
2123 4404 2248 4449 ante
2276 4396 2687 4463 generationem
2725 4396 2883 4463 hujus
2915 4407 3127 4463 notum,
3158 4403 3439 4455 ‘sanetum-

1866 4502 1972 4555 que
2010 4486 2196 4539 abillo
2231 4487 2561 4555 judicatum,
2597 4487 2915 4542 hominibus
2939 4500 3121 4542 autem
3155 4491 3443 4559 ignotum?

1870 4576 2211 4643 Quapmpter
2268 4576 2410 4628 Deus
2470 4591 2593 4628 eum
2640 4576 2692 4627 in
2757 4577 2995 4629 medium
3046 4583 3236 4633 statuit
3268 4582 3441 4634 instar

165 4634 252 4723 ’ξι
270 4688 352 4740 ρα
372 4671 446 4731 ὡς
474 4634 1036 4737 ἐγκαταλελειμμένος
1064 4667 1159 4721 καὶ
1184 4634 1595 4737 ἀπερριμμένος
1619 4665 1759 4734 παρὰ

1876 4667 2142 4720 columnae
2173 4675 2227 4719 et
2266 4674 2457 4719 statuae
2513 4666 2794 4735 cujusdam
2828 4670 3100 4732 animatae,
3158 4672 3209 4724 in
3263 4688 3343 4724 ex:
3371 4691 3445 4725 m-

165 4761 339 4816 Θεοῦ
378 4760 652 4829 παρεδόθη
698 4760 775 4828 τῷ
810 4758 1061 4829 διαόόλῳ,
1114 4759 1205 4810 καὶ
1240 4757 1546 4826 ἐμαστίχθη
1580 4756 1670 4808 διά
1709 4772 1768 4807 τε

164 4852 445 4921 κινητῶν
476 4850 571 4902 καὶ
587 4851 864 4918 ἀκινήτων
888 4849 1230 4917 πραγμάτων
1253 4848 1427 4900 τόσων
1455 4848 1547 4900 καὶ
1572 4850 1765 4911 τόσων,

163 4947 282 4998 διὰ
324 4958 392 4993 τε
426 4941 527 5009 τῆς
576 4942 886 5011 στερήσεως
920 4941 1030 4994 τῶν
1069 4940 1298 5005 παίδων,
1346 4939 1438 4991 καί
1477 4938 1642 4991 αὑτοῦ
1676 4940 1770 4991 τοῦ

164 5038 493 5104 σώματος’
521 5034 549 5084 ό
590 5032 646 5085 δὲ
672 5033 916 5094 διάϐολος
948 5034 976 5085 ό
1014 5032 1105 5085 τὸν
1134 5033 1342 5085 δίκαιον
1376 5031 1661 5101 μαστίξας,
1694 5031 1768 5092 ὡς

164 5129 363 5197 φίλος
392 5123 528 5176 Θεοῦ
564 5124 888 5192 ἐτιμωρεῖτο
920 5123 1011 5175 τὸν
1045 5121 1220 5188 ἆγιον,
1254 5123 1328 5183 ὡς
1363 5122 1768 5189 γινωσκόμενον

164 5222 290 5290 μὲν
332 5216 469 5285 πρὶν
506 5215 810 5284 γεννήσεως
841 5214 993 5282 παρά
1032 5214 1107 5283 τῷ
1153 5214 1290 5282 Θεῷ,
1324 5213 1418 5265 καὶ
1452 5212 1605 5279 ἅγιον
1640 5213 1769 5280 παρ’

158 5307 424 5364 ἐκείνου
460 5306 805 5374 κρινόμενον,
829 5306 976 5374 παρά
1001 5306 1056 5357 δὲ
1087 5309 1199 5367 τοῖς
1221 5303 1527 5374 ἀνθρώποις
1553 5303 1769 5369 ἀγνοού-

163 5410 411 5472 μενονο
473 5397 567 5448 καὶ
604 5395 690 5447 διὰ
733 5395 891 5446 τοῦτο
918 5395 1112 5465 ἔφερεν
1151 5395 1312 5446 αὐτὸν
1358 5396 1386 5446 ό
1434 5394 1562 5455 Θεὸς
1605 5395 1681 5453 εἰς
1714 5394 1774 5444 τὸ

163 5491 403 5562 μέσον,
458 5486 646 5553 ῶσπερ
695 5489 816 5538 τινὰ
844 5484 1086 5553 ἔμψυχον
1137 5486 1358 5555 στήλην,
1405 5485 1499 5535 καὶ
1536 5484 1775 5550 ἔμπνουν

157 5580 526 5651 ἀνδριάντα,
570 5579 650 5640 εἰς
705 5577 1055 5651 παράδειγμα
1101 5578 1193 5629 καὶ
1243 5575 1512 5641 ὠφέλειαν
1543 5574 1652 5626 τῶν
1686 5590 1777 5642 με-

159 5672 662 5743 ταγενεστέρων;
703 5671 979 5740 Θαυμάζω
1033 5671 1081 5721 εἰ
1137 5670 1210 5739 μὴ
1267 5670 1360 5722 καὶ
1403 5669 1530 5738 περὶ
1565 5668 1775 5720 ἐκείνου

256 5855 318 5890 ³⁵
373 5850 481 5906 lsa.
527 5862 675 5911 xxvi,
721 5846 785 5901 16
880 5849 924 5881 ⁵⁸
965 5846 1102 5899 Psal.
1147 5861 1307 5911 cxxv,
1350 5846 1403 5900 5.

461 5948 732 6009 PATROL.
773 5947 887 6007 Gtt.
927 5941 1133 6005 CLlV.

1483 5846 1531 5878 ετ
1568 5844 1708 5899 Psal.
1756 5861 1963 5913 xum,
2007 5846 2097 5898 9.1.

1878 4757 2027 4826 plum
2071 4766 2124 4809 et
2152 4755 2442 4808 utilitatem
2483 4757 2837 4823 posteritatis.
2868 4757 3035 4811 Miror
3073 4775 3203 4815 sane
3247 4763 3347 4814 ιιίδὶ
3377 4765 3444 4815 de

1878 4849 1981 4903 hoc
2008 4848 2084 4902 sic
2108 4864 2325 4917 quoque
2356 4849 2504 4916 loqui
2552 4848 2807 4904 audeant.
2837 4851 3224 4919 lnquirendum
3264 4865 3439 4907 Lunea

1875 4952 2058 5002 est,et
2102 4956 2188 4996 res
2221 4942 2334 5010 ipsa
2386 4942 2612 5002 indicat,
2653 4944 2842 5009 quales
2877 4945 2943 4995 de
2982 4946 3092 4997 Deo
3135 4954 3189 4999 et
3223 4947 3442 5000 dialmli

1875 5034 2160 5101 Opiniones
2211 5032 2410 5085 habeat
2460 5032 2751 5085 Mahomct.
2788 5035 3007 5087 Summa
3043 5037 3189 5089 enim
3225 5038 3442 5090 dicendi

1876 5124 2127 5178 libertate
2157 5123 2460 5184 contendit,
2490 5124 2654 5177 etiam
2686 5124 2962 5178 daemones
2989 5127 3277 5180 Salv-aniles
3306 5130 3443 5190 fore,

1879 5215 2165 5283 Origenem
2212 5214 2473 5266 nimirum
2501 5226 2741 5267 secutus.
2774 5217 2914 5279 Quin
2962 5227 3125 5269 etiam
3171 5222 3220 5270 in
3268 5219 3383 5287 lege
3419 5236 3446 5270 a

1881 5322 1938 5359 sc
1992 5307 2118 5369 lata,
2171 5305 2472 5358 Alcorrano
2534 5307 2817 5367 nitnirum,
2849 5308 2926 5359 sic
2984 5308 3214 5376 inquit:
3260 5309 3446 5377 Magna

1878 5399 2184 5452 daemonum
2245 5398 2533 5452 mult'tudo
2608 5412 2732 5450 cum
2795 5400 2907 5452 luce
2969 5399 3070 5468 legi
3125 5402 3445 5461 ιιιιιιινιςςιιι,

1880 5489 2147 5543 admirata
2178 5499 2283 5551 est,
2322 5498 2375 5542 et
2416 5499 2635 5557 propter
2676 5491 2776 5542 hoc
2809 5492 2989 5556 gavisa
3021 5501 3122 5553 est,
3153 5492 3245 5558 qui
3277 5494 3442 5544 etiam

1884 5581 1958 5634 illi
2010 5580 2298 5634 credentes
2344 5581 2571 5633 salutem
2627 5585 2905 5635 consecuti
2965 5592 3113 5635 sunt.
3166 5582 3449 5648 Quomodo

1884 5680 2064 5724 autem
2135 5671 2332 5740 aliquis
2387 5672 2583 5724 salvari
2646 5674 2865 5740 poterit,
2921 5673 3022 5725 nisi
3064 5674 3213 5741 prius
3258 5674 3451 5743 resipi-

2174 5847 2218 5877 ⁵⁷
2258 5847 2418 5901 Prov.
2451 5864 2544 5911 ιιι,
2592 5849 2689 5914 ll;
2735 5848 2897 5901 ilebr.
2946 5863 3040 5900 xu.
3085 5849 3137 5902 G.

2978 5947 3049 6000 21
