4204 6450
156 367 255 429 653

1127 369 1419 429 CONTRA
1465 363 1947 426 .‘ilMli’lRlETEM
1993 362 2275 424 ORATIO
2317 364 2432 424 Ill.

3272 359 3378 422 654

152 475 409 541 ὀνόματος
443 473 557 543 ἔχει
605 477 701 545 τήν
736 475 1048 544 aquas-51v;
1095 480 1153 530 Εἰ
1185 482 1239 531 δὲ
1287 479 1443 530 τοῦτο
1491 479 1586 545 μὲν
1615 478 1712 526 03x

1844 487 1930 526 em
1954 473 2068 526 hare
2097 471 2236 526 ratio
2258 472 2403 526 nulla
2436 472 2622 538 fuerit,
2660 470 2754 527 sed
2791 471 2837 526 si
2870 479 3156 541 [roytcrca
3189 473 3379 527 Sermo

151 568 318 628 ἐστιν,
357 567 471 618 ἀλλ’
501 568 573 629 ὡς
603 567 762 635 ὅὴθεν
797 567 963 620 ἐλθὼν
1013 571 1040 621 6
1091 571 1450 640 ἀρχάγγελος,
1486 568 1605 622 εἶπε
1641 572 1706 639 τῇ

151 655 566 725 κεχαριτωμένη
625 654 882 725 παρθένῳ
930 659 1116 728 Μαρίᾳ
1150 659 1240 711 τὸν
1291 659 1708 727 εὐαγγελισμὶιν,

151 748 289 798 κατὰ
318 745 474 798 τοῦτο
502 746 674 812 Λόγος
721 747 858 799 Θεοῦ
889 750 916 799 6
947 749 1184 818 Χριστὸς
1221 749 1570 817 ὀνομάζεται,
1606 749 1712 802 ἔδει

152 837 338 890 λοιπὸν
370 838 462 889 καὶ
488 838 580 888 τὶν
624 838 716 890 τοῦ
759 839 956 892 Μανωὲ
987 841 1100 892 υἱὸν
1140 840 1231 891 τὸν
1271 839 1511 908 Σαμψὼν
1542 841 1714 905 Λόγον

149 928 281 979 Θεοῦ
316 927 699 996 ὀνομάζεσθαι,
724 929 844 981 ἐπεὶ
870 931 1117 990 κάκεῖνος
1145 930 1204 994 ἐξ
1231 931 1556 996 ἐπαγγελίας
1578 928 1712 981 Θεοῦ

148 1018 438 1086 ἐγεννήθη.
472 1019 738 1086 Ἀγγελος
793 1020 899 1088 γὰρ
961 1019 1131 1074 ἐλθὼν
1183 1022 1417 1090 ἐδήλωσε
1457 1021 1555 1088 τὴν
1592 1022 1714 1071 τούς

147 1127 239 1160 του
293 1111 570 1180 γέννησιν.
638 1113 800 1164 ’Λλλά
849 1114 940 1164 καὶ
992 1113 1080 1164 τὸν
1126 1114 1219 1165 τοῦ
1274 1112 1548 1182 Ζαχαρίου
1598 1113 1714 1163 υἱὸν

161 1203 432 1274 Ἰωάννην,
483 1206 575 1257 καὶ
621 1203 782 1255 αὐτὸν
830 1203 1030 1272 ὁμοίως
1060 1204 1119 1267 ἐξ
1151 1204 1479 1270 ἐπαγγελίας
1520 1221 1716 1272 γεννη-

148 1294 335 1360 θέντα,
375 1295 545 1361 Λόγον
595 1295 984 1362 ὀνομασθῆναι,
1035 1295 1125 1348 διὰ
1173 1297 1234 1347 τὸ
1288 1293 1580 1364 λαληθῆναι
1638 1294 1716 1365 τῷ

147 1385 400 1456 Ζαχαρία
448 1384 515 1437 δι’
569 1385 803 1452 ἀγγέλου
843 1386 942 1456 τήν
992 1388 1185 1438 τούτου
1242 1386 1509 1454 γέννησιν.
1564 1387 1718 1438 Ἐπεὶ

144 1473 241 1529 οὖν
271 1477 394 1528 οὔτε
425 1479 711 1548 προφήτης
738 1478 1031 1550 ὠνομάσθη
1061 1481 1190 1531 ποτε
1219 1478 1386 1546 Λόγος
1415 1479 1574 1541 Θεοῦ,
1603 1478 1720 1532 ἀλλ’

143 1569 270 1621 οὐδὲ
296 1569 378 1630 τὶς
402 1568 460 1631 ἐξ
492 1569 824 1638 ἐπαγγελίας
849 1569 1147 1638 γεννηθεὶς,
1169 1570 1275 1639 ἄρα
1308 1569 1415 1622 οὐδ’
1440 1571 1465 1620 ὁ
1487 1565 1719 1638 Χριστὸς

144 1659 448 1727 ὠνομάσθη
472 1659 644 1726 Λόγος
677 1660 814 1713 Θεοῦ
866 1659 957 1714 διὰ
999 1658 1058 1711 τὸ
1095 1659 1186 1712 τὸν
1225 1658 1455 1726 ἄγγελον
1489 1657 1719 1726 λαλῆσαι

144 1755 212 1821 τῇ
268 1753 523 1822 παρθένῳ
554 1752 746 1823 Μαρίᾳ
793 1753 887 1803 τὸν
917 1751 1227 1820 ἀσπασμὸν,
1257 1751 1290 1818 ἢ
1323 1749 1384 1801 τὸ
1416 1749 1515 1819 τὴν
1557 1749 1718 1818 βασι·

144 1819 302 1895 λείαν
333 1819 426 1896 τοῦ
474 1819 607 1897 Θεοῦ
654 1819 1122 1910 εὐαγγελίσασθαι
1171 1843 1262 1894 τὸν
1300 1838 1556 1909 Χριστὸν,
1605 1839 1718 1892 ἀλλ’
1751 1819 1794 1874 Β

146 1931 324 2000 ἑτέρῳ
353 1931 460 1983 τινὶ
505 1931 669 1999 λόγῳ,
704 1930 764 1982 ὃν
791 1931 890 1981 οὐκ
918 1925 1058 1983 οἶδεν
1112 1932 1140 1982 6
1186 1930 1451 1997 Μωάμεθ.
1499 1930 1561 1981 Ei
1610 1930 1720 1999 γάρ

145 2021 269 2090 ῇδ-ι
301 2021 483 2086 αὐτὸν,
517 2021 615 2073 οὐκ
645 2020 712 2073 ἂν
737 2020 1098 2089 ἐϐλασφήμει.
1143 2019 1404 2083 Ἀκούσας
1432 2022 1540 2090 γὰρ
1571 2019 1721 2090 παρὰ

144 2117 247 2177 τῆς
284 2112 505 2182 Γραφῆς
537 2111 709 2180 Λόγον
757 2113 895 2166 Θεοῦ
937 2111 1077 2167 εἶναι
1109 2112 1200 2167 τὸν
1231 2115 1489 2184 Χριστὸν,
1525 2116 1585 2166 τὸ
1622 2113 1722 2180 μὲν

149 2205 321 2272 ῥητὸν
378 2204 720 2274 ὡμολόγησε,
760 2204 859 2274 τὴν
899 2204 954 2257 δέ
994 2221 1056 2272 γε
1102 2204 1331 2274 δύναμιν
1379 2206 1570 2258 τούτου
1621 2205 1724 2257 οὐκ

148 2296 398 2359 ἐδέξατο,
439 2294 558 2347 οὐδὲ
593 2294 726 2346 Θεὸν
772 2293 937 2349 αὐτὸν
965 2295 1309 2365 ὡμολόγησε,
1355 2296 1428 2364 μή
1470 2312 1599 2348 ποτε
1630 2297 1725 2350 δύο

148 2387 324 2448 Θεοϋς
356 2385 683 2456 προσκυνῶν
715 2385 937 2456 εὑρεθῇ.
973 2386 1084 2438 Καὶ
1111 2385 1220 2438 ίδοὺ
1248 2385 1505 2439 ἐδειλίασε
1536 2389 1720 2457 φόϐον,

148 2467 212 2524 οῦ
245 2472 349 2524 οὐκ
391 2470 460 2540 ἦν
497 2473 682 2540 φόϐος.
714 2474 788 2525 Οὐ
820 2474 928 2543 γὰρ
957 2473 1162 2526 σύνοιδε
1188 2474 1460 2545 διάκρισιν
1492 2479 1727 2532 ὑποστά-

151 2576 319 2623 σεων,
370 2561 418 2612 εἰ
452 2560 526 2629 μὴ
569 2562 662 2612 καὶ
691 2560 788 2631 τὴν
823 2561 1032 2614 οὐσίαν.
1085 2562 1255 2630 Λόγος
1289 2566 1394 2635 γὰρ
1431 2567 1459 2618 6
1491 2567 1726 2636 Χριστὸς

149 2652 487 2720 ὀνομάζεται
517 2653 614 2704 καὶ
663 2654 942 2721 ὑμνεῖται,
976 2654 1034 2704 οὐ
1071 2653 1232 2721 μόνον
1259 2655 1338 2707 ὅτι
1383 2657 1475 2708 καὶ
1505 2656 1596 2709 νοῦ
1633 2658 1726 2710 καὶ

151 2746 322 2813 λόγου
377 2746 473 2797 καὶ
525 2747 718 2811 σοφίας
763 2747 884 2799 ἐστὶ
927 2747 1184 2816 χορηγὸς,
1223 2747 1336 2799 ἀλλ’
1371 2749 1451 2800 ὅτι
1483 2750 1576 2801 καὶ
1629 2750 1728 2813 τὰς

151 2838 382 2888 πᾰντων
429 2838 626 2901 αἰτίας,
677 2838 926 2890 τουτέστι
975 2839 1045 2891 τὰ
1087 2839 1523 2907 παραδείγματα,
1571 2840 1728 2894 ἅτινα

151 2931 252 2981 καὶ
301 2929 447 2991 ἰδέας
487 2929 750 2982 καλοῦσιν
781 2970 795 2993 ,
859 2931 1025 3000 ἤγουν
1057 2931 1153 2992 τὰς
1185 2931 1387 2993 ἀῖὸῐους
1423 2933 1640 3002 νοήσεις
1671 2939 1729 2987 ὲν

151 3018 664 3089 ἑαυτῷ-μονοειδῶς
700 3022 1054 3092 προείληφεν,
1089 3023 1174 3075 ὅτι
1209 3023 1266 3085 ἐξ
1305 3022 1470 3074 αὑτοῦ
1510 3023 1603 3075 τοῦ
1645 3023 1732 3077 λό-

150 3131 256 3180 γου
298 3113 481 3182 ἔχουσι
513 3113 572 3165 τὸ
618 3114 822 3181 λογικοὶ
867 3112 1007 3166 εἶναι
1055 3114 1108 3166 οἵ
1154 3130 1210 3166 τε
1249 3114 1470 3182 ἄγγελοι
1508 3118 1600 3169 καὶ
1635 3117 1728 3171 ἄν·

152 3207 412 3274 θρωποι,
451 3206 546 3258 καὶ
593 3207 673 3258 ὃτι
729 3206 816 3258 διὰ
870 3206 1088 3259 πάντων
1129 3211 1299 3277 χωρεῖ
1335 3209 1726 3278 διικνούμενος,

151 3298 234 3362 ὡς
271 3297 341 3352 τ)
381 3297 537 3367 λειτεά
575 3315 760 3370 μσς),
805 3297 932 3367 ἄχρι
978 3297 1071 3350 τοῦ
1117 3299 1333 3352 πάντων
1380 3301 1603 3363 τέλους·
1639 3303 1734 3355 καὶ

153 3393 270 3459 πρό
311 3408 373 3458 γε
413 3391 641 3456 τούτων,
675 3391 757 3445 ὅτι
788 3391 973 3462 πάσης
1004 3391 1307 3463 mmo;
1334 3392 1362 3446 ὁ
1397 3391 1538 3459 θεῆς
1569 3394 1736 3466 ὑπερ-ι

152 3485 415 3552 ήττλωται
440 3484 630 3551 Λόγος,
663 3485 757 3536 καὶ
795 3485 1011 3538 πάντων
1047 3485 1194 3538 ἐστὶν
1225 3485 1364 3557 ὑπὲρ
1389 3487 1566 3539 πάντα
1597 3488 1737 3540 κατᾶ

150 3578 218 3626 το
262 3575 595 3644 ὑπερούσιον
646 3575 1067 3643 ἀπολελυμένος.
1122 3577 1275 3629 Ἐπεὶ
1318 3579 1447 3646 γὰρ,
1482 3579 1738 3649 ὼςῖεῖρη-

149 3683 278 3732 ται,
321 3667 444 3719 οὔτε
484 3667 559 3729 ὡς
588 3667 872 3737 προφήτης
910 3667 1238 3737 ὀνομάζεται
1277 3670 1469 3737 Λόγος,
1501 3668 1624 3722 οὔτε
1662 3671 1738 3734 ὼς

153 3763 221 3826 ἐξ
276 3761 631 3828 ἐπαγγελίας,
692 3760 903 3829 τρανῶς
955 3761 1054 3831 ἤδη
1108 3763 1467 3830 ἀναφαίνεται
1524 3765 1606 3816 ὅτι
1664 3765 1740 3827 ὠς

153 3851 402 3919 φυσικὸς
433 3852 588 3917 λόγος
612 3850 706 3903 τοῦ
733 3850 870 3904 Θεοῦ
897 3852 1119 3919 λέγεται
1147 3856 1241 3905 καὶ
1265 3852 1412 3906 ἐστιν
1434 3855 1462 3907 6
1484 3855 1735 3926 Χριστός·

156 3944 266 3995 καὶ
292 3943 382 3994 διὰ
411 3943 567 3995 τοῦτο
601 3943 724 4006 Υἱὸς
760 3941 894 3995 Θεοῦ
943 3946 1037 3996 καὶ
1075 3944 1291 4012 λέγεται
1330 3946 1425 3996 καὶ
1459 3945 1738 4010 ἕστιν.⁹Ως

151 4036 277 4100 γὰρ
323 4034 349 4084 6
377 4032 532 4096 λόγος
555 4033 645 4085 νοῦ
673 4033 918 4104 γέννημά
947 4036 1116 4098 ἐστιν,
1142 4034 1285 4088 οὕτω
1316 4035 1410 4087 καὶ
1449 4038 1477 4088 6
1507 4035 1742 4105 Χριστὸς

155 4123 422 4191 ἀχρόνως
452 4126 546 4175 καὶ
571 4124 800 4203 ἀπαθῶς
829 4128 922 4180 καὶ
948 4126 1055 4195 πρὸ
1078 4125 1183 4176 τῶν
1215 4126 1426 4179 αἰώνων
1460 4127 1744 4195 γεννηθεὶς

154 4217 229 4267 ἐκ
246 4214 390 4266 θεοῦ
417 4216 540 4278 Υἱὸς
561 4216 725 4270 αὑτοῦ
749 4217 1095 4285 ὀνομάζεται.
1125 4218 1257 4270 Οὐδὲ
1274 4222 1379 4286 γὰρ
1399 4218 1554 4288 θέμις
1574 4221 1746 4272 εἰπεῖν

155 4305 384 4371 φθάσαι
424 4306 549 4366 τοὺς
607 4306 808 4366 αἰῶνας
847 4310 944 4374 τὴν
995 4308 1321 4375 προαιώνιον
1350 4308 1623 4375 γέννησιν.
1682 4308 1747 4360 ΕΞ

150 4395 207 4446 δ’
249 4389 379 4456 οὖν,
418 4393 562 4446 ἐστιν
603 4396 690 4446 ὅτε
731 4394 1018 4464 εὑρίσκετο
1057 4396 1085 4446 ὁ
1117 4396 1248 4457 Θεὸς
1289 4399 1381 4448 καὶ
1415 4397 1629 4464 ἄλογος,
1652 4396 1748 4450 καὶ

1816 564 1909 616 Dei
1939 562 2159 624 dicitur,
2213 561 2360 629 quod
2416 561 2779 631 archangelus
2829 560 3046 615 Gabriel
3075 559 3376 616 adveniens

1819 653 2028 721 Virgini
2060 653 2229 722 gratia
2261 653 2435 722 plena:
2469 654 2704 706 faustum
2732 651 2864 706 illud
2891 654 3140 706 nuntium
3167 668 3383 706 annun-

1815 745 1987 806 tiat-it,
2012 745 2299 812 oportebat
2347 752 2496 798 certe
2542 753 2598 798 et
2630 744 2950 798 Samsonem
2977 743 3178 797 Manere
3209 744 3382 799 lilium

1813 837 2004 889 eodem
2037 838 2256 891 nomine
2297 836 2584 905 appellari,
2615 836 2874 903 quoniam
2923 843 2978 889 et
3010 834 3124 903 ipse
3153 851 3216 888 ex
3252 851 3385 904 pro-

1818 927 2082 981 missione
2134 927 2229 980 Dei
2287 938 2448 980 natus
2495 935 2599 982 est.
2624 927 2864 996 Angelus
2894 928 3040 980 enim
3091 928 3386 980 adveniens

1817 1017 1965 1072 illius
2014 1018 2418 1085 generationem
2475 1017 2750 1086 exposuit.
2801 1017 2940 1083 Quin
3006 1027 3062 1072 cl.
3112 1019 3388 1073 Zachariae

1819 1110 1990 1160 tilium
2043 1109 2304 1162 Joannem
2357 1109 2614 1164 similiter
2669 1124 2737 1162 ex
2768 1108 3132 1177 promissione
3175 1119 3384 1172 natum,

1818 1200 2136 1254 Sermonem
2177 1200 2270 1254 Dei
2309 1202 2489 1254 vocari
2541 1208 2780 1270 Oportet,
2817 1211 3109 1268 propterea
3137 1200 3282 1265 quod
3310 1200 3390 1268 ip-

1820 1292 1935 1345 sius
1995 1292 2257 1346 natiritas
2309 1292 2588 1346 Zacharia:
2639 1307 2738 1360 per
2781 1292 3032 1359 angelum
3067 1289 3390 1344 annuntiata

1821 1380 1910 1434 sit.
1965 1381 2419 1451 Quandoquidem
2483 1383 2652 1452 igitur
2709 1397 2810 1438 nec
2871 1383 3137 1451 propheta
3192 1379 3391 1450 aliquis

1821 1467 2012 1523 Sermo
2045 1471 2139 1523 Dei
2171 1481 2400 1529 vocatus
2430 1481 2534 1535 est,
2568 1485 2669 1526 nec
2692 1471 2890 1540 aliquis
2937 1486 3002 1524 ex
3031 1471 3392 1540 promissione

1820 1572 2003 1625 natus,
2037 1572 2183 1615 certe
2213 1575 2314 1614 nec
2341 1560 2592 1615 Christus
2643 1562 2836 1616 Sermo
2886 1563 2977 1616 Dei
3026 1561 3228 1615 dicitur
3267 1575 3395 1630 pro-

1821 1661 2024 1720 ptcrea.
2075 1651 2220 1720 quod
2256 1652 2486 1720 angelus
2519 1651 2720 1721 virgini
2765 1652 2945 1706 Maria:
2968 1654 3198 1708 salutem
3236 1654 3394 1708 dixe-

1823 1745 1917 1803 rit,
1952 1751 2044 1795 aut
2101 1741 2246 1811 quod
2296 1742 2343 1796 is
2393 1757 2618 1812 regnum
2673 1742 2772 1798 Dei
2829 1745 3259 1799 annuntiaverit.
3286 1746 3394 1800 Sed

1822 1832 1928 1886 alia
1973 1822 2207 1900 quadam
2262 1832 2499 1898 ratione,
2556 1847 2718 1901 quam
2776 1833 3044 1902 ignoravit
3095 1835 3391 1900 Mahomet,

1827 1926 1930 1979 hoc
1958 1940 2160 1979 nomen
2209 1925 2440 1993 accepit.
2490 1924 2546 1978 Si
2598 1925 2743 1978 enim
2782 1927 3022 1980 nmisset
3050 1941 3197 1993 eum,
3221 1943 3250 1981 a
3283 1929 3396 1983 bla-

1821 2015 2085 2083 Sphcmiis
2143 2026 2295 2070 certe
2349 2016 2403 2069 in
2442 2016 2594 2070 illum
2644 2018 2806 2087 jactis
2853 2019 3230 2075 abstinuisset.
3257 2021 3393 2075 Cum

1823 2104 1968 2161 enim
1999 2119 2067 2160 ex
2118 2105 2418 2176 Scripturis
2473 2109 2774 2164 audivisset
2818 2111 3100 2165 Christum
3125 2130 3246 2167 esse
3269 2114 3390 2168 St-r-

1827 2208 2064 2258 nionem,
2125 2195 2257 2248 illud
2316 2197 2537 2266 quidem
2581 2200 2729 2268 quod
2777 2199 3063 2256 dicebatur
3109 2203 3395 2260 confessus

1825 2295 1926 2347 cst.
1959 2287 2105 2341 illius
2139 2303 2268 2342 vero
2317 2304 2541 2343 sensum
2583 2305 2685 2344 nec
2735 2294 2956 2361 recepit,
2989 2310 3089 2349 nec
3116 2295 3396 2352 Christum

1825 2377 1993 2432 Deum
2018 2394 2138 2433 esse
2162 2380 2446 2436 confessus
2474 2390 2580 2448 cst,
2606 2399 2674 2438 ne
2691 2383 2829 2439 forte
2857 2384 2994 2442 duos
3013 2387 3144 2443 deos
3167 2389 3401 2445 adorare

1825 2468 2353 2537 deprehenderetur.
2404 2470 2542 2526 Ecce
2587 2483 2768 2526 autem
2837 2476 3036 2539 timuit,
3085 2479 3176 2531 ubi
3234 2479 3400 2533 timor

1829 2576 1933 2614 non
1965 2572 2121 2628 erat;
2153 2579 2262 2618 non
2279 2565 2425 2618 enim
2454 2565 2724 2620 intellexit
2748 2567 3180 2622 sub5tantiarum
3204 2569 3401 2624 discri-

1830 2669 1977 2717 men,
2011 2670 2112 2708 nec
2170 2656 2342 2723 ipsam
2404 2657 2790 2712 substantiam.
2825 2657 3078 2714 Christus
3101 2661 3248 2715 enim
3274 2662 3402 2718 Scr-

1829 2761 1918 2799 mo
1957 2747 2181 2810 dicitur,
2225 2757 2282 2800 et
2329 2747 2664 2810 celebratur,
2707 2765 2818 2803 non
2851 2751 3011 2804 modo
3033 2753 3180 2820 quod
3204 2755 3404 2809 mentis

1829 2848 1886 2891 et
1905 2836 2134 2890 rationis
2161 2844 2215 2891 et
2245 2837 2529 2906 sapientia:
2561 2839 2670 2893 dux
2705 2849 2808 2903 est,
2842 2855 3025 2896 rerum
3063 2844 3231 2898 etiam
3254 2846 3404 2914 quod

1831 2927 2075 2982 omnium
2116 2944 2330 2991 causas,
2394 2928 2446 2982 id
2498 2937 2582 2983 est
2617 2932 2885 3000 exempla,
2917 2947 3038 3000 quae
3064 2933 3231 2988 etiam
3254 2936 3406 2992 ideas

1831 3020 2110 3083 dixerunt,
2133 3030 2366 3075 aeternas
2396 3022 2658 3076 nimirum
2691 3023 3159 3082 considerationes
3183 3037 3240 3082 et
3267 3044 3406 3084 con-

1755 3156 1800 3215 c
1833 3110 1952 3164 silia
1985 3111 2041 3164 in
2076 3111 2258 3179 seipso
2286 3112 2402 3166 solo
2439 3115 2800 3182 pra-sumpsit,
2838 3116 3055 3185 etquod
3090 3133 3155 3171 ex
3184 3135 3250 3172 eo
3288 3119 3407 3189 ipso

1836 3217 2093 3257 sermone
2158 3203 2260 3258 hoc
2324 3203 2502 3273 ipsum
2553 3207 2697 3273 quod
2751 3221 3058 3262 sermonem
3116 3208 3320 3264 habent
3352 3220 3410 3266 et

1835 3295 2013 3364 angeli
2043 3302 2100 3349 et
2142 3295 2391 3350 homines
2443 3306 2792 3365 acceperunt,
2819 3308 2877 3353 et
2924 3299 3068 3368 quod
3097 3314 3196 3368 per
3223 3302 3410 3356 omnia

1839 3394 2118 3461 penetrat;
2163 3396 2223 3440 ut
2270 3387 2526 3441 vaticinia
2588 3389 2830 3451 tradunt,
2862 3407 3036 3460 usque
3090 3393 3158 3447 ad
3189 3408 3408 3448 omnem

1839 3479 2022 3533 linem.
2057 3481 2124 3534 Et
2144 3488 2404 3550 praeterea
2437 3482 2786 3552 qnou’strper
2823 3495 3051 3541 omnem
3085 3486 3405 3557 simplicita-

1839 3581 1946 3624 tem
1973 3571 2194 3627 divinus
2224 3572 2419 3627 Sermo
2471 3575 2818 3644 cXpanditur,
2878 3588 2935 3631 et
2981 3579 3206 3633 omnino
3244 3595 3413 3651 super

1839 3661 2020 3716 Omnia
2045 3661 2200 3731 juxta
2233 3663 2386 3717 illum
2423 3679 2640 3720 onmem
2664 3667 3022 3722 substantiam
3053 3671 3412 3728 excedentem

1839 3760 1928 3806 est
1960 3751 2264 3808 absolutus.
2291 3755 2748 3825 Quandoquidem
2778 3757 2966 3827 igitur,
2987 3769 3048 3813 ut
3077 3760 3282 3814 dictum
3305 3773 3410 3830 est,

1842 3855 2024 3910 neque
2048 3849 2107 3895 ut
2131 3842 2398 3912 propheta
2431 3847 2625 3900 Sermo
2647 3849 2981 3913 nominatur,
3005 3866 3184 3921 neque
3204 3868 3270 3906 ex
3291 3870 3417 3924 pro-

1843 3933 2128 3999 missione,
2169 3935 2454 3991 manifeste
2479 3953 2626 3991 nunc
2655 3949 2828 4005 patet,
2866 3942 3013 4010 quod
3048 3957 3150 3998 ceu
3184 3955 3415 4000 natura-

1842 4023 1912 4079 lis
1941 4039 2123 4079 sermo
2167 4025 2261 4079 Dei
2297 4029 2546 4083 Christus
2587 4028 2804 4085 dicatur
2852 4042 2910 4086 ct
2953 4033 3046 4097 sit,
3081 4047 3418 4106 quapropter

1843 4116 2010 4170 etiam
2068 4117 2238 4172 Filius
2278 4119 2372 4172 Dei
2433 4120 2632 4176 dic'tur
2684 4133 2740 4178 et
2793 4133 2897 4178 est.
2945 4125 3418 4192 Quemadmodum

1846 4205 1992 4260 enim
2019 4222 2200 4263 sermo
2231 4209 2427 4265 mentis
2461 4211 2693 4267 eﬂ'ectus
2731 4222 2836 4278 est,
2876 4217 2956 4270 sic
2982 4218 3147 4272 etiam
3167 4218 3420 4275 Christus

1848 4297 1918 4350 ab
1941 4307 2168 4363 aeterno,
2196 4309 2252 4353 et
2294 4300 2412 4355 sine
2457 4303 2731 4370 passione,
2756 4317 2885 4361 ante
2904 4309 3102 4363 sa’cula
3137 4325 3168 4364 e
3191 4311 3303 4366 Deo
3326 4328 3419 4384 ge-

1851 4387 2019 4452 nitus,
2048 4389 2217 4445 Filius
2247 4392 2394 4447 illius
2431 4395 2767 4450 nominatur.
2813 4398 2924 4452 Nec
2948 4401 3094 4454 enim
3125 4402 3309 4457 dicere
3341 4404 3421 4459 fas

149 4483 516 4549 ἑσοφο;,κςιὶ
546 4483 827 4546 ἀδύνατος,
870 4487 964 4536 καὶ
999 4485 1151 4553 πηγὴ
1184 4486 1320 4553 ξηρᾶι
1362 4487 1489 4538 ἄνευ
1527 4485 1738 4549 ὕδατος.

1852 4487 1953 4544 est,
2015 4480 2212 4535 szecula
2272 4483 2513 4552 attigisse
2575 4495 2832 4541 mternam
2872 4489 3016 4544 illam
3069 4503 3197 4548 ante
3240 4498 3424 4552 omnia

166 4573 335 4624 Ἀλλ’
358 4572 480 4624 ἐπεὶ
503 4572 692 4644 ὥσπερ
719 4574 888 4641 Λόγος
913 4574 1048 4626 Θεοῦ
1076 4573 1401 4638 ὀνομάζεται
1432 4575 1459 4626 6
1483 4576 1743 4644 Χριστὸς,

147 4664 320 4715 οὕτω
364 4665 457 4715 καὶ
486 4667 655 4732 ’σοφία
688 4665 783 4718 καὶ
815 4665 1046 4734 δύναμις
1075 4665 1310 4731 λέγεται.
1347 4667 1457 4718 Καὶ
1485 4670 1516 4738 ἢ
1552 4671 1745 4735 ἄλογος

148 4755 260 4806 καὶ
299 4753 505 4820 ἅσοφος
542 4757 638 4806 καὶ
670 4754 946 4824 ἁδύναμος
972 4754 1260 4820 εὑρίσκετο
1297 4758 1394 4824 μὲν
1429 4752 1692 4828 πῇοτερον
1718 4762 1746 4811 ὁ

133 4847 336 4909 Θεὸς,
371 4846 508 4912 μετά
541 4847 596 4899 δὲ
628 4847 802 4899 ταῦτα
837 4847 1203 4914 προσελάϐετο
1233 4850 1428 4917 σοφίαν
1460 4854 1554 4903 καὶ
1589 4852 1748 4917 λόγον

150 4941 268 4992 καὶ
317 4936 575 5007 δύναμιν,
605 4937 796 5009 ὥσπερ
833 4941 884 4992 οἱ
919 4939 1221 5008 ἀνθρωττοι,
1264 4945 1356 4994 καὶ
1386 4945 1505 4995 τότε
1531 4944 1748 5009 ἐγένετο

142 5026 406 5087 τέλειος,
443 5025 476 5092 ἢ
530 5026 588 5090 ἐξ
642 5026 812 5078 ἀϊδίου
846 5029 942 5079 καὶ
984 5029 1089 5096 πρὸ
1142 5029 1358 5080 πάντων
1388 5030 1498 5080 τῶν
1536 5032 1748 5082 αἰώνων

140 5118 384 5177 τέλειος
407 5113 504 5178 ὢν,
551 5115 642 5169 τδν
673 5117 875 5170 ἑαυτοῦ
907 5119 1079 5185 Λόγον
1109 5119 1385 5187 ἐγέννησε.
1433 5120 1539 5172 Καὶ
1563 5124 1617 5196 ἐἰ
1652 5120 1752 5190 μὲν

143 5208 318 5278 μετὰ
373 5212 561 5275 καιρὸν
602 5210 699 5261 καὶ
755 5214 948 5280 χρόνον
1003 5213 1093 5263 τὸν
1148 5212 1320 5278 Λόγον
1371 5214 1749 5283 ὑπεστήσατο,

141 5299 288 5360 πῶς
324 5297 460 5360 Θεὸς
493 5301 522 5351 6
553 5302 820 5371 πρότερον
855 5303 1079 5368 ἄλογοςς
1130 5305 1237 5355 ἀπ’)
1268 5306 1375 5372 γὰρ
1416 5305 1523 5356 τῶν
1565 5306 1751 5374 σωμά-

113 5405 276 5442 ντων
355 5386 457 5439 κᾶν
521 5389 643 5441 ὅσον
675 5391 946 5461 ἀφέληταί
1003 5410 1105 5453 τις,
1167 5394 1226 5444 τὸ
1285 5394 1748 5462 καταλειπόμενον

143 5479 347 5549 σῶμά
401 5483 570 5535 ἐστιν.
614 5483 747 5535 ’Λπὸ
785 5485 843 5537 δὲ
899 5485 996 5554 τῆς
1051 5485 1161 5536 τῶν
1198 5487 1504 5554 ἀσωμάτων
1539 5489 1750 5552 φύσεως

140 5576 269 5630 κᾶν
308 5572 378 5623 τὸ
411 5574 776 5642 σμικρότατον
806 5576 1152 5645 ἁφαιρήσῃς,
1193 5577 1252 5628 τὸ
1298 5582 1405 5629 πᾶν
1440 5579 1750 5642 ἀπώλεσας.

145 5667 277 5720 Καὶ
326 5665 422 5714 ἐὰν
462 5667 552 5716 ἐπὶ
603 5667 710 5719 τῶν
750 5669 1059 5736 ἀσωμάτων
1095 5672 1341 5737 ἁγχέλων
1387 5672 1556 5735 οὕτως
1605 5676 1754 5726 ἐστὶν

143 5760 182 5827 ἡ
232 5753 506 5836 ἀλήθεια,
560 5760 710 5827 πόσῳ
771 5760 986 5828 μᾶλλων
1049 5765 1141 5813 ἐπὶ
1198 5766 1331 5817 Θεοῦ
1383 5768 1536 5819 τοῦτό
1603 5771 1752 5820 ἐστιν

1850 4569 2046 4622 saecula
2067 4572 2494 4638 generationem.
2529 4574 2670 4628 Num
2694 4576 2877 4647 itaque
2909 4581 3200 4650 aliquando
3229 4586 3425 4656 deprc-

1848 4659 2108 4715 heuditur
2125 4661 2289 4715 Deum
2321 4679 2571 4720 sermone
2582 4670 2846 4734 caruisse,
2869 4673 3236 4743 insipientem,
3253 4680 3427 4749 impn-

1853 4759 2054 4804 tcntem
2096 4752 2412 4824 fontemque
2435 4759 2648 4814 sit-cum.
2680 4763 2837 4830 aquis
2863 4764 3185 4822 destitutum
3226 4768 3427 4826 fuisse?

1854 4845 1960 4901 Sed
1985 4851 2711 4917 quemadmodumChristus
2746 4873 2932 4914 sermo
2963 4863 3054 4916 Dei
3089 4867 3424 4931 nominatur.

1853 4939 1931 4994 sic
1954 4942 2117 4994 etiam
2149 4945 2415 5013 sapientia
2445 4956 2498 5000 et
2529 4951 2768 5017 potentia
2794 4953 3016 5009 dicitur.
3045 4953 3107 5009 Et
3131 4957 3274 5012 Deus
3309 4963 3429 5029 qui--

1855 5032 1978 5086 dem
2001 5041 2094 5086 aut
2116 5047 2275 5088 antea
2302 5052 2550 5093 sermone
2575 5042 2770 5106 caruit,
2797 5045 3061 5114 insipiens
3109 5047 3212 5101 fuit
3233 5061 3288 5104 et
3324 5052 3428 5104 in:-

1854 5134 2072 5193 potens,
2115 5136 2301 5193 postea
2354 5143 2502 5194 vero,
2543 5141 2600 5184 nt
2655 5133 2907 5188 homines
2959 5137 3158 5201 solent,
3216 5141 3430 5209 sapien-

1856 5217 2008 5278 tiam,
2049 5233 2361 5272 sermonem
2401 5230 2458 5276 et
2512 5226 2812 5292 potentiam
2844 5231 3162 5297 assllmpsit,
3187 5243 3427 5302 tuncque

1857 5308 2138 5374 perfectus
2199 5311 2445 5366 redditus
2481 5326 2583 5377 est;
2629 5325 2730 5368 aut
2780 5333 2905 5371 cum
2952 5319 3021 5372 ab
3051 5331 3262 5376 mterno
3299 5336 3428 5380 ante

1855 5404 2036 5453 omnia
2082 5405 2277 5460 sa-cula
2318 5405 2589 5473 perfectus
2616 5421 2782 5473 esset,
2815 5425 2974 5464 suum
3023 5414 3194 5482 ipsius
3223 5430 3433 5471 sermo-

1857 5509 1980 5546 nem
2015 5496 2222 5562 genuit.
2255 5499 2315 5549 Et
2348 5499 2394 5553 si
2434 5500 2654 5567 quidem
2685 5513 2807 5572 post
2839 5515 3055 5574 tempus
3091 5507 3312 5577 aliquod
3336 5523 3433 5566 aut

1857 5587 2149 5640 articulum
2215 5591 2474 5659 temporis
2528 5609 2834 5648 sermonem
2872 5611 2939 5650 ex
2999 5613 3060 5653 se
3116 5605 3439 5676 progenuit,

1857 5679 2134 5745 quomodo
2172 5681 2314 5735 Dens
2366 5693 2481 5735 erat
2539 5695 2666 5738 ante
2722 5687 2814 5754 qui
2864 5703 3118 5744 sermone
3174 5693 3441 5748 carebm?

1857 5775 2407 5844 Quentulnmcunqne
2436 5779 2581 5832 enim
2622 5780 2744 5848 quis
2777 5797 2804 5835 a
2834 5784 3160 5854 corporibus
3191 5783 3432 5846 abstu‘e‘
