4204 6450
220 409 323 471 657

1206 414 1501 472 CONTRA
1544 413 2031 473 ΜΛΠΟΜΕΤΕΜ
2068 415 2351 474 ORATIO
2390 415 2498 475 lll.

3346 418 3452 479 658

218 526 486 595 ἡτοίμασε
511 527 567 579 δὲ
605 526 868 595 οὐρανοὺς
911 529 969 581 ἐν
1012 529 1291 599 φρονήσει.
1325 550 1341 582 ι
1380 534 1439 582 ‘0
1470 532 1524 583 δε
1559 531 1790 599 μεγαλοο

1856 567 1863 587 ι
1894 531 2251 599 eamdemque
2295 530 2656 584 divinitatem.
2692 528 2757 582 Et
2793 528 2886 582 Dei
2934 529 3020 582 ille
3054 530 3449 598 contemplator

220 619 532 685 φωνότατος
571 618 820 683 Ἡσαΐας,
864 642 880 672 ι
928 622 986 674 '0
1026 622 1157 685 Θεὸς
1210 624 1237 675 6
1277 624 1515 687 αἰώνιος,
1543 626 1569 676 6
1612 642 1783 676 κατα-

219 713 499 771 σκευάσας
529 710 597 763 τά
620 712 763 780 ἄκρα
784 712 880 778 τῆς
902 713 1023 781 γῆς.
1069 733 1087 765 ι
1134 714 1193 766 '0
1218 714 1273 766 δὲ
1307 716 1575 784 μακάριος
1610 717 1786 768 Ἰωάν-

218 821 316 871 νης
354 805 384 855 6
412 806 541 865 παῖς
589 805 682 856 τοῦ
735 804 1036 865 Ζεϐεδαίου,
1066 805 1250 859 ὅντινα
1292 810 1383 859 καὶ
1424 807 1649 876 βροντῆς
1672 807 1786 858 υἱὸν

218 893 481 945 ἐκάλεσεν
510 895 537 945 6
578 893 804 962 Κύριος,
839 893 926 945 διὰ
974 893 1035 945 τὸ
1072 895 1170 962 τὴν
1206 895 1316 948 ἄνω
1354 897 1609 961 γέννησιν
1657 912 1786 963 τραο

219 984 441 1049 νότερον
494 984 725 1052 βροντῆς
772 987 835 1053 τῇ
890 987 1182 1055 οἰκουμένῃ
1242 985 1522 1048 σαλπίσαι,
1588 987 1785 1038 οὑτωσί

218 1090 390 1138 φησιν
413 1074 470 1125 ἐν
495 1073 569 1141 τῷ
604 1075 940 1142 Εὑαγγελίῳ,
969 1094 986 1126 ι
1012 1077 1101 1128 Ἐν
1124 1079 1265 1144 ἀρχῇ
1290 1073 1357 1146 ἦν
1380 1079 1405 1127 ὁ
1429 1077 1619 1144 Λόγος,
1641 1077 1735 1128 καὶ
1759 1079 1787 1128 ὁ

223 1165 395 1229 Λόγος
422 1158 489 1233 ἦν
510 1165 645 1234 πρὸς
670 1165 761 1217 τὸν
785 1167 935 1232 Θεὸν,
958 1169 1049 1220 καὶ
1068 1168 1198 1231 Θεὸς
1228 1166 1294 1237 ἦν
1315 1170 1341 1219 6
1366 1169 1555 1235 Λόγος.
1605 1170 1786 1220 Πάντα

220 1255 291 1305 δι’
313 1255 477 1307 αὐτοῦ
510 1256 746 1323 ἐγένετο,
771 1258 861 1310 καὶ
884 1260 1048 1328 χωρὶς
1072 1260 1235 1311 αὑτοῦ
1269 1261 1479 1325 ἐγένετο
1498 1261 1615 1312 οὖδὲ
1653 1261 1734 1319 ἓν.
1760 1260 1787 1311 ὃ

218 1345 439 1411 γέγονε.
478 1364 494 1396 ι
536 1347 764 1410 Βλέπεις
792 1350 906 1407 πῶς
928 1350 1013 1402 διὰ
1044 1351 1102 1402 τὸ
1122 1352 1299 1420 ἄωρον
1323 1351 1413 1403 τοῦ
1441 1351 1631 1419 καιροῦ
1668 1368 1788 1402 συν-

217 1442 594 1507 εσκιασμένως
614 1442 661 1492 οἱ
680 1444 952 1510 προφῆται
970 1442 1254 1510 ἐλάλησαν,
1270 1446 1295 1495 ὁ
1316 1443 1357 1494 δ’
1387 1444 1634 1508 Ἰωάννης
1660 1445 1788 1494 ἀνσ-

217 1530 417 1596 φλνδὸν
439 1534 529 1583 καὶ
546 1536 725 1602 γυμνῇ
748 1537 813 1602 τῇ
838 1534 1206 1601 κεφαλῇίμέγα
1231 1535 1419 1602 ἐϐόησε
1444 1552 1457 1596 ;
1484 1536 1590 1585 Καὶ
1612 1536 1659 1585 οἱ
1691 1535 1787 1587 πά-

216 1620 309 1672 λαι
346 1623 617 1691 προφῆται
641 1626 668 1676 6
712 1624 810 1692 μὲν
839 1626 1014 1692 λόγον,
1037 1627 1062 1677 6
1085 1626 1139 1676 δὲ
1161 1626 1368 1692 σοφίαν,
1388 1629 1413 1679 6
1429 1626 1480 1678 δὲ
1501 1628 1786 1695 φρόνησιν,

213 1714 243 1765 6
265 1714 321 1766 δὲ
340 1715 672 1785 δημιουργὸν
701 1716 860 1769 τοῦτο
888 1718 1166 1782 ἐκάλεσεν,
1191 1720 1216 1769 6
1239 1719 1291 1770 δὲ
1314 1718 1464 1780 Θεὸν,
1494 1720 1565 1789 μὴ
1584 1722 1786 1771 ἀνακα-

213 1806 396 1874 λύψας
426 1808 488 1859 τὸ
538 1809 856 1878 ἀπόκρυφον
909 1811 1204 1879 μυστήριον
1246 1811 1335 1862 διὰ
1371 1813 1427 1863 τὸ
1458 1811 1657 1879 ἄωρον,
1709 1811 1783 1871 ὡς

215 1894 459 1964 εἴρηται,
510 1898 605 1949 τοῦ
654 1899 870 1967 καιροῦ.
912 1899 1141 1952 Ὀπόταν
1171 1900 1227 1952 δὲ
1263 1902 1559 1970 περιῃρέθη
1597 1902 1657 1953 τὸ
1685 1901 1783 1951 κά-

214 1990 438 2057 λυμμα,
462 1991 562 2043 οῦκ
602 1987 671 2062 ἦν
700 1993 866 2057 ὅσιον,
898 1996 1019 2046 οὐδὲ
1047 1994 1273 2048 δίκαιον.
1310 1996 1428 2047 Ἔτι
1460 1997 1487 2047 6
1517 1994 1608 2047 τοῦ
1648 1994 1783 2046 Θεοῦ

216 2079 348 2142 Υἱὸς
375 2080 469 2132 καὶ
502 2080 633 2142 Θεὸς
666 2084 1077 2152 αἰνιγματωδῶς
1110 2101 1223 2146 πως
1260 2087 1548 2153 εὑρίσκετο
1584 2100 1783 2153 κηρυτ-

215 2172 470 2240 τόμενος,
500 2176 592 2227 καὶ
632 2175 718 2227 διὰ
759 2177 914 2229 τοῦτο
941 2178 969 2229 ὁ
992 2178 1085 2246 τῆς
1119 2178 1346 2247 βροντῆς
1393 2180 1505 2241 υίὸς
1534 2180 1614 2242 τὸ,
1661 2198 1679 2230 ι
1701 2180 1785 2230 Ἐν

220 2267 365 2336 ἀρχῇ
399 2263 468 2337 ἦν
500 2269 526 2319 6
565 2270 755 2336 Λόγος,
810 2290 827 2320 ι
887 2271 983 2322 καὶ
1026 2271 1094 2322 τὰ
1148 2271 1276 2339 ἑξῆς
1326 2273 1535 2339 τρανῶς
1586 2272 1788 2340 ὑπηγό-

223 2376 414 2429 ρευσε.
466 2361 577 2415 Καὶ
615 2361 804 2429 ὥσπερ
851 2366 879 2416 6
924 2364 1070 2432 ἥλιος
1108 2364 1211 2416 ὑπὸ
1245 2364 1546 2432 βαθυτάτου
1595 2366 1788 2431 νέφους

220 2455 321 2505 καὶ
342 2453 605 2523 χειμῶνος
634 2455 1009 2524 κρυπτόμενος
1038 2457 1188 2524 παρά
1220 2464 1316 2524 μὲν
1349 2460 1458 2519 τοῖς
1484 2457 1789 2526 ἀνθρώποις

221 2548 443 2615 ἀφανής
494 2548 633 2610 ἐστι,
680 2549 741 2600 τὸ
773 2547 818 2599 δ’
847 2549 1012 2601 αὐτοῦ
1047 2549 1165 2616 φῶς
1198 2551 1358 2602 οἱονεὶ
1411 2552 1541 2621 παρ’
1594 2552 1786 2604 ἐαυτὸν

223 2640 475 2705 κατέχων
505 2640 845 2706 εὑρίσκεται,
880 2641 1134 2704 λυθέντος
1165 2643 1220 2696 δὲ
1246 2644 1339 2697 τοῦ
1374 2647 1661 2714 χειμῶνος,
1694 2647 1792 2698 καὶ

221 2724 320 2776 τοῦ
344 2725 503 2792 ἀέρος
530 2726 868 2789 ἐπελθόντος,
888 2732 1000 2792 τοῖς
1033 2732 1198 2784 πᾶσιν
1235 2733 1480 2799 ἀφθόνως
1509 2736 1605 2793 τὰς
1637 2737 1791 2786 ἀκτῖ-

221 2834 324 2879 νας
370 2818 629 2893 ἀφίησιν·
672 2819 812 2872 οὕτω
853 2837 942 2887 μοι
988 2820 1098 2874 νόει
1135 2824 1231 2876 καὶ
1264 2826 1357 2876 ἐπὶ
1402 2824 1496 2876 τοῦ
1530 2826 1657 2878 Υἰοῦ
1697 2832 1791 2881 καὶ

224 2912 402 2976 Λόγου
430 2910 525 2961 τοῦ
556 2910 711 2964 Θεοῦ.
746 2913 882 2976 Θεὸς
913 2914 990 2965 ὢν
1015 2916 1222 2985 ἀληθὴς
1253 2916 1347 2968 καὶ
1381 2918 1484 2986 πρὸ
1521 2919 1630 2969 τῶν
1664 2918 1795 2971 αἰώ-

223 3020 356 3066 νων,
390 3002 515 3064 Υἱὸς
550 3002 685 3055 Θεοῦ
720 3005 815 3056 καὶ
845 3006 1073 3076 ποιητὴς
1103 3008 1281 3075 πάσης
1318 3010 1566 3075 κτίσεως,
1597 3012 1669 3072 ὡς
1700 3012 1794 3063 καὶ

222 3098 286 3147 ἐν
326 3099 447 3158 ταῖς
480 3096 790 3168 ἔμπροσθεν
826 3097 1169 3167 ἀπολογίαις,
1222 3100 1314 3151 καὶ
1364 3100 1503 3152 κατά
1530 3102 1590 3152 τὸ
1623 3101 1794 3169 παρὸν

222 3190 631 3253 ἀποδέδεικται,
673 3190 790 3243 ἀλλ’
822 3192 1128 3260 ἐκρύπτετο
1158 3194 1304 3259 ὅμως
1333 3193 1438 3245 ὑπὸ
1477 3194 1571 3245 τοῦ
1599 3193 1795 3260 νέφους

222 3284 330 3351 τῆς
360 3283 657 3348 ἀγνωσίας,
700 3284 792 3337 καὶ
828 3283 923 3337 τοῦ
970 3285 1237 3355 χειμῶνος
1274 3286 1372 3355 τῆς
1412 3286 1522 3338 τῶν
1557 3286 1792 3339 εἰδώλων

225 3377 681 3445 προσκυνήσεως,
719 3377 858 3444 μετά
889 3393 947 3429 τε
979 3377 1074 3430 τοῦ
1118 3378 1329 3448 Πατρὸς
1369 3380 1463 3431 καὶ
1498 3380 1591 3432 τοῦ
1621 3380 1794 3432 [Ινεύ-

224 3482 421 3534 ματος.
470 3467 663 3520 Ἦνίκα
712 3468 770 3521 δέ
825 3468 1069 3538 ἐπεφάνη
1119 3469 1179 3520 τὸ
1235 3470 1356 3539 ἔαρ,
1416 3470 1694 3524 τουτέστιν
1759 3473 1791 3541 ἡ

220 3560 420 3611 τούτου
457 3559 719 3628 ἐνσαρκος
750 3561 1056 3631 οἰκονομία,
1097 3564 1191 3615 καὶ
1228 3563 1493 3635 ἐγεννήθη
1544 3564 1604 3617 τὸ
1651 3565 1793 3618 κατά

222 3652 409 3721 σάρκα
459 3654 521 3706 ἐκ
549 3655 805 3721 γυναικὸς
837 3656 934 3725 τῆς
974 3656 1134 3725 ἀγίας
1164 3658 1437 3727 παρθένου
1487 3659 1579 3711 καὶ
1609 3658 1793 3712 θεοτό-

222 3762 327 3795 κου
359 3746 608 3814 Μαρίας,
638 3749 759 3800 τότε
790 3749 1035 3819 ἐπεφάνη
1062 3751 1094 3819 ἡ
1120 3750 1279 3821 χάρις
1308 3750 1402 3803 τοῦ
1434 3750 1589 3814 Θεοῦ,
1620 3753 1652 3822 ὴ
1688 3769 1792 3804 σω-

218 3840 417 3905 τήριος
451 3839 614 3890 πᾶσιν
641 3839 973 3908 ἀνθρώποις.
998 3841 1108 3892 Καὶ
1130 3841 1537 3911 προσεκύνησεν
1558 3843 1590 3912 ἡ
1620 3841 1794 3904 κτίσις

218 3930 316 3980 τὸν
354 3928 618 3983 κτίσαντα
642 3930 832 4002 αὐτὴν.
873 3933 966 3986 καὶ
1000 3932 1262 3999 ἐδόξασαν
1297 3933 1388 3986 τὸν
1422 3934 1585 4002 μόνον
1616 3934 1791 4004 ἀληθῆ

218 4022 380 4083 θεὸν,
410 4022 500 4075 τὸν
528 4024 745 4091 Πατέρα
770 4023 863 4076 τοῦ
899 4026 1103 4096 Κυρίου
1135 4025 1292 4095 ἡμῶν
1328 4025 1500 4095 Ἰησοῦ
1530 4028 1790 4092 Χριστοῦ,

217 4115 322 4165 καὶ
361 4114 521 4166 αὑτὸν
550 4116 641 4166 τὸν
673 4114 799 4167 Υίὸν
830 4116 924 4168 καὶ
962 4118 1135 4184 Λόγον
1189 4117 1284 4170 τοῦ
1320 4118 1549 4187 Πατρὸς,
1594 4120 1685 4171 καὶ
1734 4121 1794 4171 τὸ

218 4206 498 4272 πανάγιον
542 4206 638 4258 καὶ
695 4205 956 4269 ζωοποιὸν
1012 4208 1261 4277 Πνεῦμα,
1306 4212 1407 4278 τὴν
1465 4213 1593 4278 μίαν
1634 4210 1795 4277 ἁγίαν

215 4299 513 4364 ὁμοούσιον
542 4298 633 4349 καὶ
663 4299 965 4371 ἀδιαίρετον
990 4303 1081 4353 καὶ
1119 4301 1428 4371 ἀσύγχυτον
1475 4302 1677 4371 Τριάδα
1703 4304 1794 4354 τὸν

216 4390 319 4441 ἕνα
360 4389 509 4442 Θεόν.
548 4392 656 4443 Καὶ
688 4393 810 4444 τότε
851 4392 1046 4461 ἐθεάθη
1085 4394 1117 4460 ἡ
1155 4394 1248 4446 τοῦ
1289 4393 1526 4463 Χριστοῦ
1560 4394 1688 4457 δόξα
1718 4394 1790 4457 ὼς

206 4478 553 4543 μονογενοῦς
583 4480 733 4548 παρὰ
769 4480 1001 4548 Πατρός.
1030 4484 1139 4535 Καὶ
1167 4483 1285 4535 τότε
1321 4484 1501 4552 ἀφῆκε
1554 4484 1650 4545 τὰς
1684 4484 1792 4535 θεῖ-

216 4566 329 4626 κᾶς
368 4565 537 4618 αὑτοῦ
574 4569 820 4632 ἀκτῖνας,
876 4572 969 4622 καὶ
1017 4571 1076 4623 τὸ
1130 4574 1321 4633 σκότος
1370 4576 1470 4642 τῆς
1519 4574 1791 4640 ἀγνωσίας

216 4658 487 4723 ἐφώτισε,
521 4659 617 4709 καὶ
658 4660 759 4721 τὰς
806 4661 1227 4731 κατεψυγμὲνας
1265 4667 1356 4717 καὶ
1387 4666 1585 4734 νεκρὰς
1613 4666 1791 4734 ψυχὰς

216 4752 285 4817 τῇ
332 4748 511 4818 θέρμῃ
549 4750 648 4818 τῆς
679 4753 913 4816 πίστεως
944 4754 1276 4818 ἀνεζώωσεν.

1824 4527 1871 4583 D

1889 623 2061 676 Moses
2099 624 2214 676 ait:
2247 640 2264 672 ι
2308 623 2366 675 ln
2425 621 2694 689 principio
2736 619 2942 673 ereavit
2996 620 3136 672 Deus
3162 620 3360 675 emlutu
3388 631 3444 673 et.

1892 725 2087 768 terram
2114 715 2179 768 ⁸ο.
2215 734 2231 764 ι
2291 714 2356 767 Ει
2412 713 2679 783 propheta
2723 711 2891 765 David
2924 728 2938 763 :
2978 729 2995 761 ι
3032 712 3221 764 Omnia
3273 711 3450 765 fecisti

1889 809 1941 861 in
1972 805 2234 874 sapientia
2260 807 2323 869 ⁶¹;
2363 824 2379 856 ι
2403 814 2477 866 et,
2516 822 2534 855 ι
2562 803 2827 857 Sermone
2851 804 3064 856 Domini
3094 803 3217 857 cadi
3255 804 3451 857 ﬁrmati

1891 909 2019 952 sunt
2049 898 2116 951 '5’.
2148 916 2165 948 ›
2196 896 2365 963 llujus
2402 896 2569 949 etiam
2609 895 2753 949 ﬁlius
2782 895 3059 957 Salomon,
3091 896 3453 949 admiratione

1888 992 2034 1043 muni
2064 991 2260 1059 dignus
2290 1008 2300 1042 :
2342 1008 2359 1040 ι
2407 990 2547 1043 Deus
2581 989 2632 1042 in
2666 989 2929 1055 sapientia
2954 988 3199 1041 fundavit
3234 998 3453 1049 terram,

1890 1084 2057 1136 ccelos
2088 1094 2269 1135 autem
2305 1081 2511 1147 [aravit
2543 1080 2593 1132 in
2631 1080 2922 1147 prudentia
2955 1079 3017 1131 “.
3054 1098 3071 1130 ι
3106 1080 3452 1145 1ίῖΙο‹ιιιοιιιὶε-

1890 1174 2059 1225 simus
2092 1183 2270 1225 autem
2315 1172 2404 1226 ille
2448 1172 2649 1225 Isaias:
2682 1190 2699 1221 ‹
2738 1171 2880 1223 Deus
2912 1182 3150 1224 aeternus
3179 1171 3271 1238 qui
3304 1186 3455 1235 para--

1892 1266 1964 1317 vit
1994 1276 2234 1317 extrema
2268 1273 2425 1317 terra:
2448 1265 2513 1315 “.
2552 1282 2571 1313 ι
2611 1263 2807 1317 Beatus
2850 1279 2981 1316 vero
3016 1262 3257 1317 JOaunes
3283 1261 3453 1314 Zebu-

1888 1354 1987 1407 d;ei
2023 1354 2165 1405 liiius
2204 1354 2388 1420 (quem
2418 1356 2579 1406 etiam
2610 1351 2836 1405 tonitrui
2867 1352 3031 1403 ﬁlium
3066 1351 3325 1403 Dominus
3352 1366 3451 1401 uo.

1888 1446 2134 1505 minavit,
2154 1459 2218 1497 eo
2245 1444 2385 1511 quod
2413 1445 2862 1512 superuamtllam
2884 1442 3288 1512 generationem
3316 1440 3425 1493 toni
3444 1471 3455 1478 -

1891 1540 1993 1591 lrui
2021 1538 2219 1591 clm-ius
2237 1535 2793 1601 orbiehuceinaverit)
2826 1535 2877 1588 in
2915 1534 3205 1602 Evangelia
3254 1533 3331 1584 sie
3359 1532 3452 1591 ait,

1894 1653 1910 1683 ι
1939 1632 1992 1684 lu
2020 1627 2285 1697 principio
2306 1638 2422 1681 erat
2441 1627 2649 1689 Sermo,
2670 1639 2724 1681 ct
2746 1627 2935 1680 Sermo
2956 1635 3071 1681 erat
3094 1624 3233 1692 apud
3259 1624 3450 1686 Deum,

1886 1730 1940 1775 et
1963 1723 2101 1775 Deus
2121 1729 2237 1773 erat
2263 1719 2351 1772 ille
2381 1719 2590 1773 Sermo.
2613 1718 2802 1771 Omnia
2836 1733 2933 1786 per
2964 1717 3112 1770 illum
3142 1716 3281 1768 facta
3304 1725 3454 1773 sum,

1887 1822 1941 1865 et
1975 1812 2091 1866 sine
2107 1828 2172 1866 co
2190 1811 2389 1864 factum
2421 1819 2503 1864 est
2529 1809 2663 1862 nihil
2694 1808 2838 1877 quod
2870 1809 3073 1863 factum
3101 1816 3185 1861 est
3214 1807 3279 1858 ⁸⁵.
3312 1825 3327 1856 ι
3364 1805 3456 1857 \‘i—

1886 1905 2009 1959 den‘
2032 1904 2306 1973 quomodo
2325 1911 2543 1971 prepter
2569 1903 2827 1970 temporis
2850 1901 3315 1970 importunitatem
3343 1914 3439 1966 pro

1886 2000 2070 2069 pheta:
2103 1997 2393 2052 obscurius
2436 1995 2604 2050 locuti
2657 1996 2789 2058 sint,
2811 1996 3049 2049 Joannes
3073 2003 3253 2046 autem
3291 1992 3458 2047 clare.

1886 2102 2076 2161 aperto
2128 2090 2295 2159 (quod
2356 2088 2531 2157 aiunt)
2594 2089 2774 2157 capite
2808 2088 2977 2141 altum
3032 2081 3461 2140 exclamaverit?

1890 2186 1955 2239 Et
1989 2195 2233 2239 veterum
2262 2184 2482 2253 quidem
2513 2183 2900 2252 prepltctarum
2931 2181 3068 2233 alius
3103 2179 3452 2234 Sermonem,

1888 2280 2028 2335 alius
2055 2278 2410 2347 Sapientiam,
2460 2277 2600 2330 alius
2645 2274 3188 2331 Prudentiam.alius
3229 2270 3460 2323 Creato-

1890 2387 2005 2424 rem
2039 2370 2185 2424 hunc
2233 2368 2534 2423 nominavit
2570 2387 2583 2423 :
2625 2369 2715 2422 hic
2751 2383 2879 2421 vero
2914 2368 3110 2427 Deum,
3146 2363 3463 2419 noucelaus

1890 2477 2145 2516 arcanum
2189 2461 2291 2515 hoc
2333 2460 2478 2528 quod
2514 2472 2737 2529 propter
2787 2458 3049 2526 temporis
3081 2456 3467 2524 importunita'

1892 2563 1999 2608 tem
2035 2554 2220 2608 tandiu
2273 2552 2529 2615 latuerat,
2571 2566 2694 2605 cum
2751 2549 2993 2604 nondum
3046 2548 3459 2618 fasjustumque

1892 2658 2037 2702 esset
2088 2650 2266 2701 velum
2301 2644 2528 2700 auferri.
2575 2643 2721 2710 Quin
2777 2654 2832 2698 et
2875 2644 2992 2712 ipse
3042 2642 3212 2696 Filius
3272 2641 3365 2694 Dei
3408 2649 3461 2692 tl.

1894 2740 2035 2794 Deus
2065 2737 2218 2806 quasi
2253 2752 2349 2804 per
2391 2736 2674 2805 :enigmata
2702 2734 3059 2788 aununtiatus
3094 2747 3212 2785 esse
3237 2728 3463 2784 videba-

1897 2842 2017 2895 tur;
2053 2836 2386 2897 quapropter
2410 2824 2638 2881 tonitrui
2678 2824 2821 2878 ﬁlius
2850 2824 2993 2877 hoc:
3032 2842 3050 2873 ι
3102 2823 3159 2875 1η
3194 2822 3464 2891 principio

1894 2931 2013 2974 erat
2042 2920 2253 2983 Sermo,
2290 2937 2307 2969 ι
2353 2927 2484 2974 etc..
2522 2916 2724 2970 clarius
2751 2914 3091 2985 praedicavit.
3119 2914 3466 2982 thuemad-

1898 3011 2117 3065 modum
2154 3010 2235 3064 sol
2270 3008 2599 3063 densissima
2628 3008 2777 3063 nube
2821 3017 2878 3064 et
2921 3015 3243 3076 tempestate
3266 3014 3460 3065 lectus,

1896 3103 2159 3158 obscurus
2184 3111 2287 3164 est,
2318 3101 2592 3169 propriam
2638 3108 2815 3154 tamen
2837 3099 3012 3154 lucem
3048 3114 3199 3153 suam
3223 3114 3388 3167 penes
3406 3113 3463 3151 διε

1822 3197 1865 3258 C
1899 3196 2103 3249 habere
2150 3193 2394 3256 videtur,
2441 3201 2763 3262 tempestate
2808 3207 2939 3246 vero
2987 3191 3168 3246 soluta
3221 3200 3278 3245 et
3326 3205 3464 3257 puro

1896 3302 2024 3341 aere
2076 3301 2300 3340 reverso
2349 3284 2608 3339 omnibus
2666 3284 2849 3337 radios
2911 3297 3040 3337 suos
3088 3282 3464 3350 cepiosissime

1897 3379 2161 3444 immittit,
2212 3380 2285 3431 ita
2348 3378 2513 3431 etiam
2549 3391 2667 3431 mea
2714 3376 2782 3430 de
2816 3390 3067 3430 sermone
3113 3383 3170 3428 et
3198 3372 3338 3427 Filio
3372 3373 3463 3425 Dei

1895 3472 2070 3526 fertur
2095 3470 2386 3525 sententia.
2414 3469 2553 3523 Deus
2575 3468 2721 3523 enim
2749 3469 3019 3524 exsistens
3041 3480 3199 3521 verus
3221 3475 3343 3520 ante
3360 3480 3465 3518 sm-

1895 3565 2040 3630 cula,
2060 3563 2226 3617 Filius
2253 3564 2366 3621 Dei.
2388 3570 2443 3615 et
2465 3570 2678 3617 creator
2698 3561 2875 3615 omnis
2898 3567 3161 3624 creaturae
3180 3558 3464 3629 (quemad-

1898 3656 2119 3710 modum
2158 3656 2210 3709 in
2260 3653 2641 3723 superioribus
2662 3652 2961 3721 Apologiis,
3010 3660 3067 3704 et
3118 3650 3172 3703 in
3208 3649 3459 3718 prtesenti

1897 3764 2110 3818 quoque
2135 3749 2562 3801 demonstratum
2592 3749 2718 3815 est),
2742 3746 2947 3800 latebat
2978 3753 3158 3799 tamen
3186 3742 3286 3799 sub
3320 3741 3465 3795 nube

1898 3842 2238 3912 ignorantiae,
2260 3849 2315 3894 et
2351 3837 2675 3892 idololatria:
2710 3845 3048 3906 tempestate,
3074 3850 3197 3890 cum
3227 3834 3384 3887 Patre
3411 3844 3467 3886 et

1898 3935 2126 4005 Spiritu.
2154 3933 2448 4000 Postquam
2481 3938 2663 3983 autem
2686 3944 2782 3983 ver
2811 3928 3083 3997 apparuit,
3117 3926 3171 3981 id
3197 3934 3282 3981 est
3305 3926 3466 3995 hujus

1897 4030 1949 4081 in
1984 4040 2145 4079 carne
2202 4021 2633 4086 administratio,
2680 4031 2735 4075 et
2784 4019 3085 4075 secundum
3143 4032 3361 4072 carnem
3399 4030 3464 4069 ex

1899 4119 2123 4172 muliere
2172 4125 2334 4169 natus
2375 4122 2477 4175 est,
2524 4122 2710 4167 saneta
2756 4113 2967 4167 scilicet
3000 4111 3211 4181 virgine
3238 4111 3463 4175 Deipara

1897 4210 2085 4269 Maria,
2113 4219 2240 4261 tunc
2274 4206 2527 4275 apparuit
2576 4205 2748 4275 gratia
2787 4202 2884 4257 Dei
2919 4201 3178 4257 omnibus
3210 4199 3466 4255 salutaris

1899 4297 2234 4359 hominibus,
2264 4305 2319 4349 et
2359 4295 2606 4349 adoravit
2654 4300 2903 4347 creatura
2946 4301 3246 4346 creatorem
3280 4305 3465 4347 suum.

1896 4391 2180 4457 solumque
2211 4402 2399 4440 verum
2426 4385 2593 4439 Deum
2636 4383 3103 4454 gloriﬁcaverunt,
3137 4381 3464 4449 Patremque

1896 4482 2111 4536 Domini
2172 4480 2342 4532 nostri
2389 4479 2514 4531 Jesu
2564 4476 2789 4539 Christi,
2841 4483 2897 4530 et
2952 4474 3129 4542 ipsum
3170 4472 3366 4526 Filium
3410 4479 3466 4524 ct

1904 4576 2222 4629 Sermonem
2280 4570 2489 4630 Patris,
2565 4577 2927 4635 sanctumque
2984 4575 3040 4619 et
3100 4562 3463 4617 viviﬁcantem

1905 4665 2191 4733 Spiritum,
2228 4676 2390 4714 unam
2429 4660 2699 4723 videlicet,
2740 4667 3006 4720 sanetam,
3031 4654 3466 4709 consubstantia-

1903 4755 2033 4816 lem,
2072 4751 2357 4805 indivisam
2411 4757 2466 4802 et
2509 4748 2847 4802 iucoul‘usatn
2903 4748 3247 4808 Trinitatem,
3298 4759 3464 4796 unum

216 4857 429 4911 nempe
467 4845 655 4899 Deum.
696 4845 763 4899 Et
817 4855 945 4901 tunc
966 4849 1081 4902 visa
1120 4858 1203 4904 est
1242 4849 1442 4905 Christi
1501 4851 1672 4921 gloria
1716 4850 1884 4905 veluti
1920 4847 2087 4916 gloria
2111 4843 2382 4912 Unigeniti
2417 4857 2447 4895 a
2511 4843 2690 4895 Patre.
2761 4842 2826 4894 Et
2861 4849 2991 4893 tunc
3018 4840 3202 4893 emisit
3256 4839 3469 4891 divinos

216 4951 356 4990 suos
388 4937 592 5004 radios,
616 4942 974 5010 tenebrasque
998 4943 1316 5011 ignorantia:
1379 4946 1751 5009 illuminavit,
1796 4940 2128 5010 [rigidasque
2166 4948 2223 4989 et
2267 4944 2507 4988 mortuas
2540 4936 2750 4987 animas
2783 4933 2964 4987 calore
2986 4933 3107 4986 ﬁdei
3151 4932 3463 4986 vivilicavit.

295 5032 364 5084 δ’.
407 5029 528 5083 Ἔτι
562 5035 589 5085 6
624 5034 866 5102 Μωάμεθ
902 5038 991 5087 τεὸν
1020 5037 1252 5105 Χριστὸν
1284 5041 1346 5091 ὲκ
1377 5040 1647 5108 παρθένου
1671 5057 1793 5106 γεν-

219 5123 463 5192 νηθῆναι
502 5122 755 5191 ὁμολογεῖ
801 5127 931 5181 ἄνευ
979 5129 1195 5197 ἀνδρὸς,
1248 5131 1510 5201 αἱρετικῷ
1568 5133 1793 5201 Καρττο⁹

219 5216 427 5286 κράτει
466 5217 799 5281 ἀκολουθῶν,
822 5221 955 5272 Θεὸν
985 5222 1040 5274 δὲ
1076 5222 1167 5275 καὶ
1192 5224 1325 5274 Θεοῦ
1368 5224 1491 5276 Υἰὸν
1520 5223 1793 5293 οὐδαμῶς,

217 5309 385 5361 δυσὶν
420 5308 728 5373 ἀποδείξεσι
760 5312 1040 5381 χρώμενος
1067 5327 1081 5342 ·
1111 5314 1192 5367 ὅτι
1229 5308 1287 5366 τε
1334 5318 1361 5367 6
1390 5316 1621 5385 Χριστὸς
1650 5317 1799 5367 οὐδέ-

218 5414 367 5451 ποτε
397 5398 527 5466 περὶ
555 5398 752 5451 ἐαυτοῦ
780 5399 937 5452 τοῦτο
964 5400 1089 5470 ἔφη,
1126 5403 1221 5457 καὶ
1261 5402 1339 5454 ὅτι
1380 5404 1490 5464 τοῖς
1523 5402 1799 5465 Ἰουδαίοις

218 5482 376 5549 εἷπε,
416 5504 436 5537 ι
473 5487 833 5567 Προσκυνεῖτε
879 5489 971 5541 τὸν
1012 5489 1143 5542 Θεόν
1190 5509 1291 5556 μου
1322 5491 1412 5544 καὶ
1454 5490 1586 5542 Θεὸν
1618 5490 1796 5558 ὑμῶν,

224 5579 329 5632 καὶ
362 5577 571 5649 Κύριόν
607 5597 707 5650 μου
759 5581 855 5634 καὶ
880 5582 1083 5653 Κύριον
1118 5582 1291 5653 ὑμῶν.
1334 5601 1352 5635 ›
1398 5583 1458 5636 '0
1506 5582 1560 5635 δὲ
1598 5582 1800 5644 σκοπὸς

305 5736 361 5767 ⁸⁸
402 5734 538 5791 Gen.
583 5754 632 5804 ι,
680 5736 729 5792 l.

238 5805 295 5870 1,
341 5806 401 5859 ει.

808 5738 850 5770 ⁵⁸
890 5738 1029 5794 Psal.
1072 5754 1185 5801 Clll,
1233 5738 1324 5793 21.

1402 5739 1443 5770 ⁶¹
1487 5738 1626 5794 Psal.
1672 5754 1840 5805 usu,
1885 5739 1936 5793 G.

1974 5035 2028 5086 4.
2066 5032 2331 5085 Praeterea
2361 5028 2653 5093 Maltomet,
2696 5026 3040 5096 Carpoeratis
3080 5027 3319 5081 haeretici
3352 5028 3470 5094 opi-

1906 5124 2124 5178 nionem
2169 5131 2409 5183 selutus,
2446 5118 2726 5173 Christum
2772 5133 2836 5171 ex
2870 5118 3081 5187 virgine
3134 5128 3317 5170 natum
3354 5117 3467 5169 sine

1904 5221 2051 5273 virili
2100 5234 2262 5289 opera
2314 5218 2627 5275 conﬁtetur,
2664 5216 2831 5269 Deum
2868 5231 2995 5268 vero
3034 5226 3090 5269 et
3135 5215 3228 5268 Dei
3276 5214 3465 5267 Filiun;

1904 5328 2024 5366 esse
2060 5318 2237 5379 negat.
2270 5310 2484 5363 duobus
2513 5310 2601 5362 hic
2628 5308 2963 5377 argumentis
2994 5322 3123 5361 usus
3151 5322 3162 5358 :
3198 5306 3344 5375 quod
3374 5320 3471 5358 nec

1904 5403 2156 5456 Christus
2186 5401 2287 5453 hoc
2313 5416 2550 5469 unquam
2580 5400 2646 5451 de
2674 5415 2731 5453 se
2759 5399 2980 5463 dixerit,
3025 5398 3246 5467 etquod
3270 5397 3463 5450 ludatis

1908 5495 2106 5549 dixerit
2137 5513 2149 5547 :
2187 5512 2204 5545 ι
2250 5492 2485 5547 Adorate
2516 5494 2683 5545 Deuut
2710 5506 2891 5545 meum
2924 5500 2978 5544 et
3008 5491 3178 5544 Deum
3206 5500 3444 5543 vestrum

1907 5583 2196 5639 Dominqu
2256 5598 2436 5638 meum
2489 5591 2543 5635 et
2606 5581 2893 5635 Dominum
2958 5590 3224 5636 vestrum.
3262 5579 3465 5648 iltnpi.

2036 5740 2078 5771 ⁶³
2119 5740 2279 5795 l’rov.
2325 5755 2404 5807 tu,
2452 5740 2534 5795 19.
2641 5738 2684 5770 ⁸⁵
2724 5738 2827 5794 lsa.
2868 5754 2976 5805 xu,
3006 5742 3057 5799 5.
3149 5738 3193 5771 ⁶⁸
3232 5734 3389 5795 Ιοιιιι.
3428 5754 3444 5793 ι
