4204 6450
232 424 337 491 661

1215 430 1509 489 CONTRA
1554 429 2032 489 ΜΑΙΙΟΝᾹΕΤΕΜ
2074 431 2356 491 ORATIO
2399 430 2506 489 ΙΙΙ.

3361 428 3467 491 662

234 540 552 609 καιοσύνης,
600 541 876 593 τουτέστιν
924 544 951 594 6
1006 543 1265 611 Χριστος,
1318 545 1439 605 τοὺς
1497 544 1577 604 είς
1641 544 1835 600 αὐτὸν.

1868 543 2067 600 letiam
2120 544 2399 597 rationalis
2447 544 2536 597 ille
2582 542 2807 613 iustitia:
2855 543 2945 597 Sol
2990 542 3263 607 Christus,
3307 545 3362 599 in
3406 560 3465 600 se

234 635 591 696 πεττεύοντας
637 635 886 704 ὲμπιπλᾷ
926 636 1117 705 νοητοῦ
1162 637 1360 703 φωτός.
1400 638 1588 689 “inv
1617 634 1671 687 δὲ
1702 636 1797 700 ἄγα

233 743 389 778 νοιαν
423 728 517 778 καὶ
548 726 756 795 πλάνην
787 727 998 780 ἐλαύνει
1047 729 1110 779 ἐκ
1143 731 1331 780 πασῶν
1376 728 1587 796 ψυχῶν,
1618 723 1705 787 αἷς
1738 728 1802 779 ἂν

238 815 552 880 ἐγγένηται,
588 818 680 867 καὶ
706 814 830 877 τοὺς
866 818 1084 885 vespa-Ii;
1110 817 1290 868 αὐτῶν
1321 816 1632 883 ὀφθαλμοὺς
1663 816 1800 867 ἀπο-

237 905 513 974 καθαίρει.
551 908 659 959 Καὶ
689 909 797 974 γὰρ
839 908 1026 974 ὥσπερ
1057 911 1088 977 ἠ
1129 908 1320 971 ἄγνοια
1360 907 1662 977 διαιρετικὴ
1694 906 1803 957 τῶν

239 992 684 1058 πεπλανημένων
730 996 897 1057 ἐστὶν,
940 995 1109 1056 οὕτως
1151 998 1184 1062 ἡ
1232 996 1327 1046 τοῦ
1380 993 1572 1061 νοητοῦ
1628 981 1804 1061 φωτὸς

241 1084 523 1152 παρουσία
557 1085 869 1150 συναγωγὸς
900 1089 991 1136 κοιλ⁸
1030 1086 1261 1154 ἑνωτικὴ
1291 1086 1393 1138 τῶν
1422 1086 1805 1155 φωτιζομένων

239 1174 378 1226 ἐστί.
408 1177 504 1227 Διὰ
544 1175 675 1240 γοῦν
718 1178 869 1229 τοῦτ)
911 1178 1004 1229 καὶ
1033 1179 1059 1229 6
1089 1179 1320 1248 Χριστὸς
1355 1177 1560 1243 ἔλεγεν.
1598 1196 1615 1228 ι
1668 1176 1808 1244 Ἐγώ

238 1267 358 1333 εἰμι
388 1266 448 1318 τὸ
477 1269 592 1335 φῶς
626 1268 719 1320 τοῦ
772 1269 1001 1336 κόσμου,
1034 1271 1129 1321 καὶ
1194 1273 1221 1322 6
1264 1268 1535 1321 πιστεύων
1579 1269 1655 1329 εἰς
1709 1268 1808 1330 ἐμὲ

242 1361 305 1412 οῦ
344 1364 417 1429 μὴ
446 1362 799 1437 περιπατήσῃ
834 1362 891 1412 ὲν
914 1364 978 1429 τῇ
1018 1360 1228 1428 σκοτία,
1269 1379 1287 1409 ι
1330 1360 1429 1429 τῆς
1475 1360 1680 1426 πλάνης
1715 1357 1808 1426 δη-

239 1449 443 1511 λονότι,
491 1468 508 1499 ι
546 1448 662 1500 ἀλλ’
701 1450 810 1514 ἔξει
842 1447 902 1500 τὸ
959 1449 1073 1514 φῶς
1120 1448 1217 1516 τῆς
1251 1448 1416 1517 ζωῆς,
1457 1467 1475 1497 ι
1513 1448 1609 1500 καλ⁸
1650 1447 1811 1515 ’ἐτερα

240 1540 343 1593 ὅσα
378 1542 659 1609 μετολίγον
691 1544 717 1593 ὁ
743 1541 895 1608 λόγος
933 1541 1067 1609 δῆλα
1095 1542 1328 1609 ποιήσει.
1368 1541 1520 1592 Ἐπεὶ
1549 1538 1702 1605 γοῦν,
1735 1538 1811 1599 ὡς

239 1633 461 1700 εἴρηται
498 1633 554 1683 ὲν
588 1630 666 1698 τῷ
696 1630 975 1699 κεφαλαίῳ
1006 1630 1082 1697 τῷ
1125 1628 1410 1695 Ἑλμαῖδᾱί,
1442 1627 1626 1689 διττὰς
1670 1630 1809 1680 ἀπος

238 1722 439 1785 δείξεις
467 1722 646 1791 φέρων
678 1722 990 1789 εὑρίσκεται
1018 1721 1156 1773 κατᾶ
1197 1720 1289 1772 τοῦ
1331 1719 1569 1788 Χριστοῦ
1599 1721 1627 1770 6
1652 1718 1815 1771 ιιιωά-

244 1814 373 1883 μεθ,
405 1813 662 1867 δεικνύων
690 1814 761 1873 ὡς
789 1813 887 1865 οὐκ
914 1813 1027 1866 ἔστι
1058 1813 1210 1874 Θεὸς,
1238 1811 1317 1864 διὸ
1368 1811 1627 1864 οὐδέποτε
1663 1811 1813 1879 εἴρη-

1904 635 2188 688 credentes
2232 637 2354 690 luce
2407 634 2592 702 implet
2641 635 2911 698 rationali,
2942 651 3269 706 omnemque
3318 639 3467 707 ignr-

1906 727 2130 779 rantiam
2158 738 2211 781 et
2236 741 2480 780 errorem
2522 741 2585 780 ex
2617 727 2923 793 animabus,
2953 728 3149 796 quibus
3192 728 3464 793 inciderit,

1904 818 2157 885 expellit,
2223 827 2278 870 ct
2324 818 2549 871 vitiosos
2597 818 2809 871 illarum
2880 820 3068 872 oculos
3130 829 3343 887 purgat.
3398 819 3467 873 Et

1906 908 2367 976 quemadmodum
2430 908 2735 976 ignorantia
2795 918 3039 963 errantes
3094 918 3144 963 et
3212 908 3469 963 seductos

1908 1000 2139 1069 dissipat
2184 1000 2314 1053 hinc
2357 1000 2501 1064 inde,
2549 1000 2627 1053 sic
2662 999 2941 1051 rationalis
2990 999 3127 1053 lueis
3182 999 3469 1067 praesentia

1908 1106 1999 1146 eos
2030 1093 2121 1160 qui
2158 1092 2532 1145 illuntinantur
2557 1090 2781 1159 colligit.
2809 1099 2863 1143 et
2889 1089 2940 1143 in
2971 1104 3137 1143 unum
3169 1087 3470 1157 coniungit.

1908 1181 2248 1249 Quapmptcr
2288 1181 2403 1249 ipse
2451 1180 2702 1234 Christus
2749 1179 2966 1248 inquit:
3005 1198 3021 1230 t
3066 1180 3177 1247 Ego
3223 1193 3341 1231 sum
3381 1180 3470 1231 lux

1911 1273 2121 1325 mundi.
2166 1273 2232 1327 Et
2282 1273 2374 1341 qui
2430 1272 2484 1324 in
2536 1286 2622 1324 me
2665 1270 2861 1335 credit,
2910 1285 3018 1323 non
3063 1269 3367 1322 ambulabit
3420 1268 3472 1321 in

1913 1362 2151 1414 tenebris
2175 1401 2189 1423 ,
2226 1378 2243 1410 ι
2282 1374 2531 1414 errorum
2582 1373 2806 1426 nempe,
2860 1377 2877 1409 ι
2908 1358 3000 1411 sed
3034 1358 3252 1411 habebit
3296 1359 3470 1411 lucem

1912 1453 2037 1505 vitm.
2064 1452 2133 1515 ⁷ο,
2176 1471 2191 1501 ι
2228 1459 2283 1505 et
2313 1451 2543 1519 reliqua,
2574 1464 2692 1519 qua:
2723 1450 2901 1503 oratio
2940 1460 3127 1504 nostra
3158 1450 3321 1518 paulo
3352 1458 3475 1518 post

1913 1552 2165 1612 exponet.
2214 1542 2477 1605 Quoniam
2535 1543 2700 1609 igitur
2755 1542 2807 1594 in
2855 1542 3033 1609 capite
3078 1540 3383 1602 llelmaidu,
3420 1547 3480 1593 ut

1913 1634 2120 1686 dictum
2164 1639 2267 1695 cst,
2308 1630 2523 1684 duabus
2566 1643 2759 1685 contra
2807 1631 3082 1685 Christum
3134 1633 3480 1684 demonstra-

1918 1722 2158 1777 tiouibus
2189 1720 2442 1774 innititur
2465 1721 2754 1784 Mahomet,
2792 1721 3087 1773 ostendens
3119 1720 3267 1773 hunc
3309 1720 3477 1771 Deum

1916 1830 2024 1868 non
2074 1829 2214 1879 esse,
2268 1828 2333 1867 eo
2380 1812 2525 1883 quod
2568 1811 2821 1866 Christus
2858 1827 3123 1882 nusquam
3172 1810 3373 1865 dixerit
3421 1824 3479 1863 se

242 1924 342 1959 κεν
377 1908 567 1959 ἑαυτὸν
596 1906 728 1958 Θεὸν
766 1905 793 1956 6
829 1905 1081 1974 Χριστὸς,
1120 1904 1212 1956 καὶ
1254 1904 1335 1956 ὅτι
1384 1905 1494 1966 τοῖς
1537 1903 1809 1957 Ἰουδαίοις

1868 1896 1886 1949 ἶ
1924 1908 2087 1961 Deum
2114 1921 2233 1960 esse
2259 1922 2274 1972 ;
2301 1914 2414 1958 tum
2448 1904 2592 1973 quod
2626 1904 2831 1958 Iudaeis
2863 1902 3182 1972 praeceperit
3211 1921 3225 1959 ι
3268 1922 3285 1954 ι
3330 1902 3479 1956 Ado-

242 1987 403 2045 εἶπεν
433 1992 514 2045 ὃτι
556 2010 574 2042 ι
613 1995 974 2059 ιιροσκυνεῑτε
1011 1991 1102 2043 τὸν
1148 1990 1280 2043 Θεόν
1314 2008 1415 2058 μου
1452 1991 1545 2041 καὶ
1589 1990 1721 2041 Θεὸν
1751 1990 1811 2041 ύ-

244 2082 392 2151 μῶν,
431 2084 528 2135 καὶ
556 2082 759 2152 Κύριόν
796 2100 896 2150 μου
923 2086 1017 2137 καὶ
1048 2082 1251 2150 Κύριον
1277 2081 1431 2149 ὑμῶν
1454 2097 1467 2111 ⁸
1510 2100 1528 2132 ι
1560 2079 1718 2148 δεῦρο
1747 2079 1815 2148 δὴ

244 2173 576 2243 σκεψώμεθα
599 2176 840 2242 περὶτῆς
864 2173 1154 2243 προτέρας,
1176 2172 1388 2236 ἔπειτα,
1408 2173 1540 2225 Θεοῦ
1559 2172 1813 2235 διδόντος,

243 2268 502 2332 καὶπερὶ
533 2269 631 2336 τῆς
670 2266 949 2337 δευτέρας.
992 2264 1310 2334 Ἀρξώμεθα
1352 2265 1530 2317 τοίνυν
1577 2265 1684 2317 ἀπὸ
1718 2265 1815 2333 τῆς

249 2359 349 2410 τοῦ
405 2358 649 2427 Μωάμεθ
698 2359 1009 2427 ὁμολογίας.
1045 2353 1214 2419 Οὗτος
1266 2361 1357 2411 τὸν
1397 2360 1631 2428 Χριστὸν
1660 2359 1817 2424 λόγον

245 2451 411 2515 Θεοῦ,
448 2454 540 2504 καὶ
573 2451 750 2522 ψυχὴν
774 2453 932 2517 Θεοῦ,
963 2455 1059 2505 καὶ
1087 2454 1255 2523 πνοὴν
1283 2452 1419 2506 Θεοῦ
1463 2454 1610 2520 λέγει
1653 2448 1816 2513 εἶναι,

249 2542 441 2605 καθὼς
470 2545 705 2613 εἴρηται,
741 2545 835 2596 καὶ
862 2545 931 2597 τὰ
982 2547 1133 2613 παρα
1162 2544 1255 2597 τοῦ
1300 2543 1537 2614 Χριστοῦ
1573 2544 1667 2596 καὶ
1712 2545 1820 2596 τῶν

250 2637 573 2688 ἀποστόλων
600 2639 880 2706 γραφέντα
906 2639 996 2689 καὶ
1028 2638 1339 2707 πραχθέντα
1370 2638 1426 2690 ἐν
1459 2637 1532 2705 τῷ
1573 2635 1816 2703 Εὑαγγεο

254 2729 360 2798 λίῳ
388 2728 574 2781 δίκαια
622 2730 717 2781 καὶ
750 2730 879 2796 ἆγια
916 2730 1008 2781 καὶ
1042 2728 1227 2782 τέλεια
1274 2730 1365 2780 καὶ
1394 2729 1569 2796 ἀληθῆ
1613 2728 1823 2796 ὡμολό-

256 2838 423 2889 γησε.
448 2822 558 2874 Καὶ
582 2821 823 2884 δικαίως·
852 2823 883 2891 ἡ
914 2819 1021 2890 γὰρ
1038 2822 1129 2874 τοῦ
1151 2820 1355 2892 Κυρίου
1382 2821 1606 2892 ἀλήθεια
1630 2822 1710 2881 εἰς
1734 2822 1825 2872 τὸν

259 2913 441 2966 αἰῶνα
473 2914 645 2983 μένει.
684 2914 816 2966 Ἀπὸ
850 2914 958 2983 γὰρ
984 2912 1074 2966 τοῦ
1107 2914 1282 2981 Λόγου
1311 2914 1403 2966 τοῦ
1444 2913 1579 2965 Θεοῦ
1625 2913 1684 2964 οὗ
1733 2912 1827 2964 δύ-

258 3022 424 3058 ναται
448 3003 686 3071 ἐξελθεῖν
730 3004 944 3074 ψεῦδος.
976 3005 1184 3058 Ταυτὸν
1212 3006 1320 3073 γάρ
1362 3007 1511 3057 εστιν
1544 3006 1719 3057 εἰπεῖν
1747 3005 1830 3058 ὅτι

257 3101 289 3151 ὁ
342 3096 473 3169 Θεὸς
508 3097 607 3150 οὐκ
635 3096 750 3149 ἐστι
786 3098 939 3161 Θεὸς,
975 3098 1068 3150 καὶ
1098 3099 1131 3167 ή
1186 3097 1415 3166 ἀλήθεια
1460 3097 1654 3165 ψεῦδός
1688 3100 1827 3163 ἐστι,

261 3189 362 3241 καὶ
385 3188 446 3241 τὸ
469 3187 585 3256 φῶς
617 3188 825 3251 σκότος.
863 3189 996 3242 Ἰδοὺ
1035 3189 1166 3256 γοῦν
1199 3190 1260 3242 τὸ
1293 3190 1491 3244 ἄτοπον
1524 3190 1616 3242 καὶ
1642 3192 1669 3241 6
1700 3188 1831 3241 Μω-

260 3275 409 3345 άμεθ
437 3276 657 3345 νοήσας,
684 3276 992 3343 κατέφυγεν
1015 3277 1092 3337 είς
1124 3276 1184 3328 τὸ
1219 3276 1293 3345 μή
1323 3292 1452 3328 ποτε
1483 3276 1573 3328 τὸν
1594 3274 1830 3344 Χριστὸν

260 3369 398 3441 περὶ
425 3369 617 3421 ἑαυτοῦ
645 3369 818 3421 είπείν
850 3368 932 3420 ὅτι
959 3366 1078 3419 ἐστὶ
1104 3367 1257 3430 Θεός.
1303 3366 1496 3438 Ἡμεῖς
1530 3369 1663 3436 γοῦν
1694 3370 1750 3421 ἔν
1773 3386 1833 3422 τε

260 3462 337 3529 τῇ
378 3457 574 3531 πρώτῃ
600 3456 870 3527 ἀπολογίᾳ
894 3459 988 3511 καὶ
1031 3458 1261 3526 δευτέρα
1292 3458 1385 3509 καὶ
1416 3460 1573 3529 τρίτῃ
1623 3457 1833 3511 πεπλα-

259 3554 554 3621 τυσμένως
582 3550 678 3605 καὶ
697 3550 906 3622 τρανῶς
924 3550 1304 3619 ἀπεδείξαμεν,
1336 3551 1446 3604 ἀπό
1474 3569 1533 3604 τε
1554 3550 1648 3603 τοῦ
1665 3552 1835 3620 Ἀδὰμ,

261 3643 375 3703 ἕως
424 3641 525 3711 τῆς
569 3641 805 3708 Χριστοῦ
859 3642 1164 3711 γεννήσεως
1217 3642 1365 3702 ὅπως
1418 3644 1836 3711 προεφήτευσαν

262 3734 475 3795 πάντες
501 3735 550 3785 οἱ
580 3732 882 3802 προφῆται,
910 3733 1058 3791 ὅπως
1110 3730 1251 3784 εἶδον
1286 3732 1335 3785 οἱ
1385 3733 1650 3802 Πατέρες,
1682 3732 1832 3794 ὅπως

265 3826 539 3896 ἐλάλησεν
567 3824 729 3887 αὐτὸς
752 3826 778 3877 ὁ
800 3824 928 3886 Θεὸς
962 3825 1058 3877 καὶ
1083 3823 1270 3894 Πατὴρ
1296 3825 1422 3895 περὶ
1452 3822 1546 3876 τοῦ
1571 3820 1834 3892 Χριστοῦ,

264 3920 370 3973 καὶ
405 3916 652 3985 φανερῶς
687 3917 781 3970 καὶ
838 3913 1223 3984 ἀναμφιῦόλως
1250 3913 1544 3982 ἀπεδείχθη
1589 3914 1684 3965 καὶ
1715 3914 1840 3965 ἁνε-

266 4014 417 4084 φάνη
448 4011 578 4072 Θεὸς
610 4010 704 4061 καὶ
735 4006 869 4061 Θεοῦ
902 4007 1047 4069 Υἱὸς,
1071 4008 1165 4063 καὶ
1193 4005 1318 4067 Υἱὸς
1348 4005 1654 4074 ἀνθρώπου.
1684 4003 1839 4056 Μετὰ

263 4105 326 4158 δὲ
362 4104 422 4156 τὸ
443 4102 712 4157 ’Ἰωάννου
757 4101 1041 4169 βάπτισμα
1085 4099 1179 4150 καὶ
1224 4098 1316 4149 τὸν
1348 4098 1579 4149 θάνατον
1627 4096 1838 4150 ἐκείνου

268 4196 481 4270 ἤρξατο
512 4194 676 4256 αὐτὸς
714 4193 742 4245 ό
790 4192 1024 4262 Χριστὸς
1063 4187 1511 4257 εὐαγγελίζεσθαι
1553 4189 1651 4256 τὴν
1683 4189 1839 4257 βασι-

270 4288 429 4342 λείαν
476 4285 571 4339 τοῦ
607 4283 767 4337 Θεοῦ.
818 4282 929 4335 Καὶ
958 4280 1042 4332 ὅτι
1094 4279 1193 4347 μὲν
1231 4276 1516 4347 κηρύττων
1556 4277 1654 4328 οὐκ
1713 4275 1840 4328 ὲὸόα

270 4375 489 4443 συχνῶς
514 4374 597 4426 ὅτι
632 4371 775 4437 Ἐγώ
830 4371 944 4437 είμι
976 4371 1004 4421 6
1049 4368 1182 4428 Θεὸς
1208 4369 1236 4418 6
1285 4365 1461 4418 λαλῶν
1498 4365 1620 4434 μεθ’
1666 4363 1839 4433 ὑμῶν,

268 4467 449 4527 οὓτως
478 4462 651 4526 ἐστὶν,
685 4459 876 4528 ὥσπερ
913 4460 1032 4511 οὑδὲ
1068 4456 1322 4525 βασιλεὺς
1366 4454 1684 4525 περιπατῶν
1720 4454 1840 4523 βοᾷ,

268 4559 361 4612 ὅτι
386 4556 528 4624 Ἐγώ
555 4557 670 4623 εἰμι
692 4556 720 4605 6
742 4550 1017 4621 βασιλεὺς,
1043 4549 1157 4601 ἀλλ’
1186 4548 1291 4601 ἀπὸ
1313 4545 1404 4599 τοῦ
1433 4545 1717 4613 μεγαλείου
1745 4546 1838 4597 καὶ

270 4653 378 4718 τῆς
410 4649 567 4717 δόξης
601 4646 701 4715 τῆς
730 4640 897 4696 αὐτοῦ
929 4639 1177 4707 ἐξουσίας
1202 4639 1296 4691 καὶ
1329 4637 1612 4705 δυνάμεως
1641 4637 1840 4700 πάντες

270 4742 470 4797 τοῦτον
497 4739 867 4808 διακρίνουσιν
917 4733 1026 4788 ἀπὸ
1073 4731 1178 4785 τῶν
1226 4729 1429 4784 δούλων
1460 4729 1624 4782 αὑτοῦ
1650 4744 1664 4759 ⁸
1698 4727 1841 4780 οὓτω

275 4838 379 4891 καὶ
403 4836 495 4886 ἐπὶ
519 4833 613 4884 τοῦ
648 4826 913 4897 Χριστοῦ.
951 4826 1068 4888 Κᾶν
1120 4825 1214 4877 καὶ
1243 4823 1320 4890 τῷ
1355 4821 1583 4889 στόματι
1634 4820 1842 4889 συχνῶς

275 4928 385 4981 οὐκ
409 4923 595 4990 ἔλεγεν
626 4920 707 4972 ὅτι
752 4916 894 4985 Ἐγώ
923 4917 1037 4985 είμι
1079 4917 1106 4967 6
1145 4913 1295 4977 Θεὸς.
1343 4911 1483 4965 ἀλλά
1520 4927 1583 4979 γε
1620 4912 1730 4973 τοῖς
1758 4908 1845 4979 ἔρ-

277 5036 404 5089 γοις
439 5016 599 5070 τοῦτο
652 5013 942 5066 ἐδείκνυεν.
981 5004 1121 5060 ’Λ·λλ’
1149 5006 1296 5073 ὅμως
1330 5004 1431 5056 οὐκ
1466 5002 1706 5072 ἔκρυπτε
1747 5000 1844 5070 τὴν

278 5109 454 5166 αὐτοῦ
486 5107 740 5174 θεότητα,
793 5099 913 5154 οὐδὲ
963 5099 1055 5151 τὸν
1103 5095 1270 5150 αὐτοῦ
1306 5095 1525 5163 Πατέρα
1571 5093 1665 5145 καὶ
1695 5092 1849 5152 Θεὸν,

277 5203 407 5258 οὐδὲ
430 5198 636 5254 ἐκώλυε
664 5196 791 5256 τοὺς
817 5190 978 5247 αὐτὸν
998 5185 1413 5259 ὡμολογοῦντας
1443 5183 1575 5237 Θεὸν
1601 5184 1690 5234 καὶ
1713 5180 1849 5233 Θεοῦ

280 5293 441 5350 Υίόν.
484 5288 546 5343 Ὀ
580 5288 686 5358 γὰρ
716 5282 1014 5352 Ναθαναὴλ
1063 5281 1233 5334 εἰπὼν
1277 5279 1359 5331 ὅτι
1412 5294 1430 5328 ι
1476 5277 1548 5328 Σὺ
1580 5272 1631 5326 εἷ
1669 5276 1695 5327 6
1724 5272 1850 5335 Υἱὸς

279 5383 380 5441 τοῦ
403 5378 564 5444 Θεοῦ,
594 5380 660 5431 σὺ
691 5373 742 5430 εί
775 5378 804 5428 6
836 5373 1087 5445 βασιλεὺς
1128 5371 1221 5424 τοῦ
1271 5367 1509 5439 Ἰσραὴλ,
1546 5387 1564 5419 ο
1594 5368 1693 5418 οὐκ
1723 5369 1851 5419 ὲπε·

276 5475 497 5550 τιμήθη
520 5473 713 5545 ὥσπερ
739 5474 788 5525 el
818 5475 878 5524 ὲν
911 5466 1192 5536 Λυκαονία
1224 5463 1538 5536 βουλόμενοι
1569 5461 1852 5530 ὁμολογῆ-

283 5588 379 5626 σαι
408 5568 505 5623 τόν
532 5583 592 5621 τε
614 5564 828 5618 Παῦλον
862 5564 952 5615 καὶ
984 5558 1269 5629 Βαρνάϐαν
1312 5556 1489 5619 θεοὺς,
1528 5555 1626 5606 καὶ
1669 5551 1854 5638 θύσειν

278 5662 498 5729 αὐτοῖς,
517 5660 593 5725 ὡς
617 5658 780 5727 θεοῖς,
799 5651 1213 5725 ιπετιμήθησαν
1237 5649 1366 5720 παρ’
1392 5645 1571 5702 αὐτῶν
1590 5644 1852 5697 εἰπόντων

356 5824 404 5857 ⁷⁸
444 5820 606 5877 Joan.
648 5830 782 5885 vui,
824 5812 910 5870 t2.
987 5811 1029 5844 τι
1071 5806 1213 5864 Psal.
1257 5820 1398 5871 cui,
1438 5803 1492 5856 ‘2.

1914 2009 2027 2053 rate
2082 1999 2251 2053 Deum
2298 2011 2479 2051 meum
2530 2005 2585 2050 et
2638 1994 2807 2049 Deum
2866 2003 3145 2059 vestrum,
3188 1994 3477 2049 Dominum

1914 2105 2092 2144 meum
2131 2097 2187 2143 et
2217 2089 2503 2143 Dominum
2545 2099 2783 2143 vestrum
2816 2104 2831 2154 ;
2876 2106 2894 2140 ι
2930 2087 3157 2158 agedum
3196 2088 3263 2141 de
3305 2086 3479 2156 prima

1910 2182 2021 2250 jam
2057 2181 2359 2247 videamus,
2396 2180 2523 2235 dein
2575 2179 2687 2234 Deo
2724 2181 2941 2234 volente
2973 2181 3137 2233 etiam
3182 2176 3477 2232 secundam

1918 2274 2293 2330 discutiemus.
2334 2272 2661 2340 Incipiamus
2698 2273 2881 2341 itaque
2919 2273 2986 2325 ab
3012 2271 3126 2339 ipsa
3160 2268 3482 2324 Mahometis

1920 2365 2283 2421 confessione.
2319 2365 2417 2419 llic
2442 2363 2723 2418 Christum
2756 2379 3067 2422 sermonem
3096 2362 3213 2424 Dei,
3243 2360 3481 2413 animam

1920 2457 2039 2522 Dci,
2079 2466 2135 2511 et
2163 2456 2417 2524 spiritum
2451 2453 2567 2519 Dei,
2617 2464 2677 2508 ut
2725 2455 2929 2509 dictum
2969 2464 3074 2517 est,
3122 2460 3301 2507 vocat.
3346 2452 3479 2505 Item

1922 2566 2043 2618 qua:
2072 2549 2140 2603 de
2173 2548 2390 2603 Christo
2423 2558 2479 2604 et
2523 2547 2786 2617 apostolis
2832 2547 2889 2600 in
2937 2545 3230 2615 Evangelia
3279 2543 3483 2598 descri-

1922 2642 2148 2705 buntur,
2178 2642 2340 2709 justa,
2374 2648 2586 2701 sancta,
2632 2637 2873 2707 perfecta
2922 2646 2976 2692 et
3006 2652 3135 2691 vera
3164 2650 3285 2692 esse
3313 2634 3486 2689 confi-

1926 2744 2104 2793 tetur;
2133 2744 2188 2789 et
2227 2734 2407 2787 bene:
2457 2749 2477 2784 ι
2510 2730 2724 2785 Veritas
2759 2730 2905 2784 enim
2950 2729 3166 2783 Domini
3202 2735 3383 2782 manet
3429 2726 3483 2780 in

1925 2838 2189 2883 :eternum
2223 2827 2291 2878 '".
2329 2843 2346 2875 ι
2394 2824 2435 2876 Α
2468 2837 2721 2877 sermone
2763 2821 2963 2889 quippe
3004 2819 3095 2874 Dei
3140 2817 3487 2874 mendacium

1928 2921 2077 2975 exire
2119 2917 2342 2987 nequit;
2392 2917 2535 2971 idem
2583 2914 2729 2969 cnim
2763 2922 2908 2967 esset
2934 2911 3117 2966 dicere
3165 2910 3332 2965 Deum
3378 2924 3490 2963 non

1928 3027 2050 3067 esse
2100 3011 2309 3071 Deum,
2355 3018 2411 3063 et
2459 3007 2748 3061 veritatem
2803 3004 3188 3067 mendacium,
3244 3002 3493 3056 lucemve

1933 3103 2206 3158 tenebras.
2265 3100 2539 3154 Mabomct
2588 3099 2759 3168 igitur
2816 3096 3157 3150 absurditate
3205 3095 3283 3149 rei
3333 3092 3495 3146 intel-

1932 3198 2093 3261 lecta,
2139 3196 2203 3250 ad
2244 3196 2349 3250 hoc
2390 3192 2657 3257 confugit,
2690 3189 2969 3245 Christum
3028 3199 3295 3255 nusquam
3330 3182 3398 3237 de
3438 3196 3499 3237 se

1934 3289 2078 3359 quod
2135 3289 2277 3342 Deus
2318 3287 2388 3341 sit
2421 3284 2644 3339 dixisse.
2697 3281 2806 3336 Nos
2847 3281 3031 3349 itaque
3079 3279 3134 3331 in
3175 3277 3369 3346 prima,
3414 3286 3502 3332 se-

1934 3380 2109 3436 cunda
2153 3387 2206 3433 et
2248 3378 2406 3432 tertia
2453 3374 2714 3443 Apologia
2753 3373 2974 3440 cepiose
3027 3369 3191 3424 simul
3243 3377 3300 3423 et
3346 3367 3493 3422 clare

1936 3470 2453 3533 demonstravimus,
2484 3468 2552 3521 ab
2578 3468 2700 3536 ipso
2731 3465 2939 3519 Adamo
2976 3478 3152 3531 usque
3184 3461 3251 3515 ad
3286 3457 3495 3514 Christi

1935 3560 2385 3632 generationem,
2444 3555 2590 3626 quod
2652 3556 2931 3624 propheta:
2979 3565 3175 3605 omnes
3218 3547 3499 3603 vaticinati

1937 3654 2067 3713 sint,
2100 3652 2244 3721 quod
2268 3652 2453 3705 Patres
2484 3648 2742 3712 viderint,
2767 3645 2913 3715 quod
2939 3645 3053 3713 ipse
3086 3643 3228 3696 Deus
3256 3649 3311 3695 et
3340 3641 3509 3694 Pater

1938 3744 2006 3798 de
2038 3743 2260 3799 Christo
2288 3742 2504 3795 locutus
2544 3739 2640 3804 sit,
2669 3749 2725 3792 et
2752 3737 2898 3807 quod
2932 3735 3218 3789 manifeste
3248 3734 3500 3800 citraque

1938 3847 2153 3889 omnem
2186 3829 2611 3886 controversiam
2659 3829 3070 3882 tlcinonstratus
3104 3835 3158 3878 et
3193 3822 3503 3877 declaratus

1939 3925 2009 3979 sit
2062 3922 2204 3976 Deus
2254 3931 2310 3974 et
2358 3920 2450 3973 Dei
2501 3919 2692 3981 Filius,
2745 3927 2801 3971 et
2850 3914 3025 3969 Filius
3068 3914 3328 3968 hominis.
3374 3910 3504 3966 Post

1940 4014 2267 4085 baptismum
2306 4025 2437 4065 vero
2487 4008 2753 4071 Joannis,
2806 4016 2862 4061 et
2892 4016 3126 4060 mortem
3169 4005 3337 4067 illius,
3383 4001 3501 4071 ipse

1939 4106 2105 4158 etiam
2140 4101 2389 4157 Christus
2424 4113 2651 4166 regnum
2695 4096 2788 4151 Dei
2819 4096 3116 4165 praedicare
3159 4094 3346 4162 erepit.
3393 4092 3502 4144 Sed

1939 4194 2085 4264 quod
2126 4192 2268 4245 inter
2308 4187 2715 4257 praedicandum
2750 4201 2856 4239 non
2890 4185 3206 4253 frequenter
3232 4174 3505 4238 exclama-

1939 4286 2119 4340 verit:
2146 4284 2257 4352 Ego
2293 4282 2433 4334 Deus
2464 4294 2586 4333 sum
2614 4280 2709 4347 qui
2741 4278 3021 4334 vobiscum
3055 4277 3271 4345 loquor,
3310 4288 3501 4329 verum

1941 4385 2059 4431 est:
2088 4371 2551 4443 quemadmodum
2590 4385 2691 4424 nec
2722 4384 2815 4423 rex
2857 4367 3220 4423 obambulans
3256 4366 3458 4419 clamat
3487 4383 3501 4419 :

1943 4466 2056 4535 Ego
2098 4480 2193 4518 rex
2254 4478 2414 4529 sum;
2455 4470 2830 4516 verumtamen
2874 4476 2941 4514 ex
2995 4455 3395 4527 magnificentia
3452 4462 3509 4508 et

1868 4568 1920 4628 D
1946 4556 2116 4624 gloria
2165 4552 2508 4608 auctoritatis
2552 4560 2607 4605 et
2634 4550 2892 4619 potentia;
2931 4550 3080 4604 illius
3110 4563 3301 4602 omnes
3361 4547 3508 4598 hunc

1948 4664 1979 4702 a
2019 4645 2192 4701 servis
2217 4652 2446 4713 possunt
2488 4642 2843 4696 discernere:
2896 4640 2976 4693 sic
3003 4639 3165 4691 etiam
3206 4639 3260 4691 in
3293 4637 3510 4691 Christo

1950 4736 2031 4790 fit.
2068 4733 2327 4801 Quamvis
2358 4732 2502 4787 enim
2528 4745 2621 4784 ore
2654 4744 2756 4783 suo
2784 4743 2891 4782 non
2920 4728 3239 4795 frequenter
3266 4726 3467 4780 dixerit
3492 4744 3508 4781 :

1948 4830 2061 4899 Ego
2090 4828 2231 4881 Deus
2263 4840 2408 4889 sum,
2444 4822 2706 4892 operibus
2751 4830 2927 4873 tamen
2960 4819 3064 4872 hoc
3102 4818 3246 4872 idem
3279 4818 3511 4871 depon-

1945 4920 2159 4976 stravit.
2209 4918 2396 4986 Neque
2435 4924 2613 4968 tamen
2660 4928 2812 4965 suam
2865 4910 3206 4965 divinitatem
3245 4908 3508 4970 occuluit.

1948 5025 2126 5080 neque
2164 5009 2329 5064 etiam
2363 5008 2531 5061 Demu
2572 5005 2787 5058 Patrem
2830 5018 3025 5057 suum:
3061 5017 3162 5055 nec
3191 5003 3356 5055 etiam
3391 5001 3512 5054 illos

1948 5102 2207 5163 inhibuit,
2250 5100 2344 5169 qui
2390 5113 2448 5153 se
2475 5107 2531 5153 et
2564 5097 2731 5151 Deum
2760 5111 2900 5159 esse,
2939 5105 2993 5149 et
3023 5095 3113 5148 Dei
3152 5092 3348 5147 Filium
3381 5109 3512 5147 con-

1950 5193 2076 5246 fessi
2112 5198 2260 5245 sunt.
2289 5185 2577 5242 Nalhaniel
2622 5184 2771 5237 enim
2802 5182 3026 5235 dicens:
3062 5198 3080 5230 t
3121 5180 3199 5232 Tu
3233 5195 3293 5233 es
3343 5179 3512 5233 Filius

1950 5284 2068 5349 Dei,
2109 5293 2164 5336 tu
2210 5296 2270 5335 es
2322 5295 2415 5332 rex
2451 5276 2668 5330 lsraelis
2696 5276 2796 5339 ²²,›
2830 5287 2941 5327 non
2991 5272 3358 5341 reprehensus
3407 5282 3513 5334 est,

1952 5382 2014 5429 ut
2046 5372 2101 5425 hi
2131 5370 2223 5438 qui
2248 5367 2532 5439 Lycaonia:
2560 5364 2785 5418 Paulum
2815 5373 2869 5417 et
2892 5361 3195 5415 Barnabam
3227 5361 3360 5413 deos
3390 5376 3513 5413 esse

1952 5462 2304 5524 sentiebant,
2369 5459 2610 5527 ipsisque
2659 5465 2915 5522 tanquam
2982 5452 3084 5507 diis
3141 5450 3509 5505 sacrificaturi

1953 5560 2131 5613 erant,
2179 5549 2445 5618 increpati
2493 5553 2622 5601 sunt
2668 5546 2737 5599 ab
2780 5544 2913 5614 ipsis
2942 5539 3247 5594 dicentibus
3288 5558 3301 5596 :
3343 5558 3360 5590 ι
3408 5542 3503 5591 ειυ-

1955 5642 2130 5697 sistitc
2180 5655 2211 5695 a
2255 5654 2313 5694 re
2363 5646 2470 5693 tam
2520 5636 2796 5703 absurda,
2848 5648 2945 5690 nos
3001 5633 3199 5690 etenim
3262 5625 3505 5684 homines

1570 5801 1613 5833 ⁷³
1656 5799 1806 5854 Joau.
1852 5812 1889 5861 ι,
1932 5795 2017 5851 49.
