4204 6450
287 444 397 507 665

1244 445 1543 504 CONTRA
1593 445 2070 503 ΜΛΙῙΟΜΕΤΕΜ
2115 446 2396 503 OliA'l‘ltl
2430 445 2538 505 lll.

278 557 375 609 καὶ
404 552 775 617 ἀνταπόδοσιν,
812 573 829 605 ι
864 553 1029 618 ἔδειξε
1062 554 1160 624 μὲν
1184 555 1314 607 Θεὸν
1342 555 1552 613 ἑαυτὸν,
1581 553 1711 604 ἀλλὰ
1736 555 1828 603 καὶ
1864 560 1880 609 ί

1974 556 2072 604 tum
2108 563 2161 605 et
2194 553 2628 614 retrilnttionem,
2658 570 2673 602 ι
2712 550 2951 618 seipsum
2984 551 3150 603 Deum
3185 564 3305 604 esse
3336 562 3519 606 osten-

278 647 583 714 ἄνθρωπον.
616 647 797 699 Ταῦτα
837 646 944 715 γὰρ
992 647 1169 699 πάντα
1198 645 1333 697 Θεοῦ
1372 647 1508 713 ἔργα
1557 645 1839 711 προδήλως

278 736 607 806 ὑπάρχουσι.
644 738 753 790 Καὶ
803 738 891 790 διὰ
930 738 1084 790 τοῦτο
1128 739 1158 807 ἡ
1213 740 1310 805 μὲν
1342 738 1547 789 παλαιὰ
1598 736 1842 802 θεολογία

278 829 547 892 καλεῖται,
576 830 652 889 ὼς
679 830 878 898 ἔχουσα
904 831 1026 891 τοὺς
1057 828 1149 881 τοῦ
1181 829 1315 880 Θεοῦ
1348 830 1536 892 λόγους
1560 844 1573 858 ο
1609 830 1638 896 ἡ
1669 828 1722 878 δὲ
1750 827 1841 879 νέα

280 920 498 986 λέγεται
533 922 632 989 μὲν
655 924 751 973 καὶ
779 921 916 989 αὐτὴ
947 921 1213 985 θεολογία,
1244 920 1330 972 διὰ
1375 922 1436 972 τὸ
1468 922 1560 971 κα)⁵
1592 918 1762 987 αὐτὴν
1790 921 1844 970 6-

284 1014 454 1081 μοίως
483 1014 780 1083 κεκτῆσθαι
810 1014 1026 1075 αὐτοὺς,
1055 1013 1255 1082 ἐξόχως
1290 1013 1344 1064 δὲ
1381 1012 1638 1081 θεουργία
1662 1010 1845 1063 καλεῖ-

279 1123 395 1167 ται,
429 1105 563 1157 διότι
589 1107 623 1157 ἀ
651 1106 819 1157 πάλαι
843 1109 1106 1175 προεῖπον
1144 1108 1190 1158 οῖ
1228 1105 1525 1173 προφῆται,
1549 1105 1719 1156 ταῦτα
1745 1103 1844 1156 αὑο

280 1199 374 1259 τδς
422 1198 450 1248 6
482 1198 716 1260 Χριστὸς
757 1200 1030 1266 ἐνήργησε
1081 1198 1175 1249 καὶ
1223 1199 1534 1265 ἐπλήρωσε,
1573 1198 1666 1248 καὶ
1706 1199 1847 1262 ἀγα-

282 1288 531 1353 θουργῶς
579 1288 1120 1357 διεπραγματεύσατο
1167 1288 1233 1341 τὰ
1262 1287 1381 1340 καθ’
1424 1289 1566 1355 ἡμᾶς
1596 1287 1847 1350 τιπεινᾶ,

282 1380 397 1438 τοῖς
432 1377 731 1439 θειοτάτοις
784 1376 949 1429 αὑτοῦ
1007 1378 1128 1430 κατ’
1156 1377 1323 1446 ἄκρον
1379 1378 1584 1438 ὲνώσας
1635 1378 1852 1447 εὐδοκία

284 1470 381 1521 τοῦ
404 1470 569 1536 [ἰατρῖ
587 1487 633 1533 ς,
653 1471 745 1520 καὶ
768 1470 1028 1539 συνεργία
1055 1469 1148 1521 τοῦ
1172 1468 1507 1535 [Ινεύματος.
1536 1469 1643 1519 Καὶ
1670 1468 1852 1520 λοιπὸν

284 1558 512 1617 δικαίως
535 1558 600 1608 ἂν
628 1556 898 1625 εἴποιμεν,
928 1558 1002 1616 ὡς
1031 1576 1048 1607 1
1072 1556 1447 1624 Ἐμεγαλύνθη
1474 1559 1542 1609 τὰ
1566 1556 1701 1623 ἔργα
1733 1574 1852 1615 σου,

288 1647 487 1714 Κύριε,
522 1648 701 1699 πάντα
753 1648 812 1698 ἐν
869 1648 1033 1717 σοφίᾳ
1084 1646 1369 1715 ἐποίησας,
1410 1666 1426 1696 ι
1470 1648 1622 1698 Ἐπεὶ
1669 1645 1799 1712 γοῦν
1828 1649 1856 1699 6

286 1737 523 1804 Χριστὸς
555 1737 671 1789 ἐστι
707 1736 838 1797 Θεὸς
885 1737 1005 1804 μὲν,
1040 1736 1114 1797 ὡς
1161 1735 1559 1799 ἀποδέδεικται,
1590 1737 1681 1789 καὶ
1720 1735 1855 1788 Θεοῦ

286 1825 441 1885 Υἱὸς,
464 1825 580 1876 ἔστι
606 1825 661 1877 δὲ
689 1827 781 1878 καὶ
802 1825 1089 1894 ἄνθρωπος
1121 1825 1215 1877 καὶ
1244 1824 1371 1886 Υἱὸς
1398 1825 1682 1895 ἀνθρώπου
1716 1827 1856 1878 κατᾶ

1948 644 2048 705 dit,
2105 644 2196 697 sed
2250 643 2413 696 etiam
2455 642 2752 694 hominem.
2810 641 2934 694 llaec
2986 640 3131 693 enim
3189 641 3368 695 omnia
3424 642 3514 695 llci

1950 750 2111 802 Opera
2166 745 2311 788 sunt.
2357 735 2698 801 Quapropter
2744 742 2798 786 et
2838 742 2995 786 vetus
3049 731 3330 801 Scriptura
3367 733 3521 787 theo-

1952 826 2101 894 logi:c
2137 842 2331 880 nomen
2374 826 2601 894 accepit.
2664 834 2850 892 utpote
2903 840 3024 892 quze
3086 824 3176 877 Dei
3235 840 3519 879 sermones

1954 918 2283 969 contineat:
2344 933 2478 969 nova
2532 930 2752 984 quoque
2812 915 2955 967 idem
3016 915 3254 969 nominis
3317 915 3520 978 hahct,

1954 1022 2075 1060 cum
2115 1017 2169 1058 ct
2215 1007 2328 1074 ipsa
2369 1006 2621 1059 similiter
2649 1003 2870 1059 eosdem
2921 1004 3368 1071 comprehendat.
3416 1004 3520 1055 lin-

1956 1098 2148 1165 primis
2177 1115 2307 1152 vero
2356 1098 2626 1164 'l‘heurgia
2672 1108 2919 1152 vocatur.
2969 1112 3035 1149 eo
3079 1097 3222 1165 quod
3269 1095 3522 1150 Christus

1957 1205 2121 1257 opere
2150 1200 2203 1243 et
2236 1189 2395 1243 factis
2432 1190 2813 1257 compleverit,
2845 1204 2967 1258 quae
3011 1188 3140 1241 olim
3180 1202 3209 1240 a
3244 1189 3524 1257 prophetis

1958 1288 2120 1333 crant
2166 1280 2467 1348 prmdicla:
2510 1288 2565 1332 et
2616 1294 2825 1333 summa
2874 1296 2997 1332 cum
3048 1278 3290 1331 bonitate
3348 1278 3524 1331 admi-

1960 1372 2214 1425 nistravit
2239 1386 2300 1425 ea
2340 1386 2459 1438 qua:
2496 1372 2641 1424 inter
2669 1384 2767 1423 nos
2796 1370 3020 1423 humilia
3058 1377 3238 1433 erant,
3282 1385 3406 1422 cum
3440 1370 3526 1422 di-

1960 1463 2102 1517 vinis
2142 1464 2255 1518 suis
2303 1477 2556 1532 snpreme
2607 1464 2963 1531 conjungens,
3015 1462 3315 1514 secumlum
3353 1461 3527 1515 Patris

1960 1554 2357 1622 beneplacitum
2390 1565 2444 1607 et
2475 1552 2711 1622 Spiritus
2737 1553 3199 1620 cooperationem.
3233 1553 3387 1607 Unde
3420 1568 3531 1606 nte-

1960 1644 2068 1696 rito
2123 1660 2250 1697 sane
2297 1644 2639 1697 dixerimus:
2682 1661 2699 1694 1
2734 1642 3013 1712 Magniﬁca
3049 1652 3176 1695 sunt
3203 1658 3367 1710 opera
3414 1652 3528 1708 tua,

1966 1732 2211 1795 Domine,
2236 1734 2417 1787 omnia
2466 1735 2641 1788 fecisti
2685 1735 2963 1801 sapienter
2995 1733 3062 1785 ⁷⁸.
3102 1752 3119 1783 ι
3172 1732 3306 1788 Cum
3350 1737 3533 1801 itaque

1962 1820 2213 1877 Christus
2257 1825 2401 1876 Deus
2441 1823 2532 1889 sit,
2592 1835 2647 1876 ut
2695 1824 3132 1877 demonstratum
3180 1832 3286 1887 est,
3335 1833 3391 1878 et
3440 1824 3531 1877 Dei

285 1916 388 1983 τὴν
420 1916 622 1984 σάρκα,
653 1918 749 1969 καὶ
779 1916 1108 1986 ἐκηρύττετο
1131 1916 1239 1969 ἀπὸ
1283 1918 1594 1977 συστάσεως
1624 1918 1852 1985 κόσμου,

1974 1913 2149 1978 ἳὶΙίυε,
2186 1924 2271 1969 est
2312 1914 2480 1968 etiam
2520 1915 2702 1977 homo,
2740 1914 3090 1983 hominisque
3130 1914 3303 1969 Filius
3337 1932 3536 1970 secun-

286 2007 386 2058 καὶ
442 2007 759 2072 ἀνεφαίνετο
803 2006 981 2073 λόγοις
1032 2009 1397 2074 προφητικοῖς
1437 2008 1532 2059 καὶ
1586 2009 1859 2075 ὁράσεσιν,

286 2096 431 2149 ἀλλὰ
450 2096 515 2164 δὴ
545 2096 639 2147 καὶ
666 2094 832 2147 αὑτοῦ
862 2094 954 2149 τοῦ
977 2096 1112 2148 Θεοῦ
1140 2097 1234 2148 καὶ⁸
1266 2094 1500 2164 Πατρδς,
1536 2094 1628 2147 τοῦ
1658 2094 1855 2164 καιροῦ

289 2189 348 2239 δὲ
388 2186 719 2248 καλέσαντος
751 2189 847 2240 καὶ
891 2186 1054 2248 αὐτὸς
1086 2188 1115 2238 6
1143 2185 1378 2255 Χριστὸς
1419 2186 1668 2255 ἐναργῶς
1706 2184 1863 2237 τοῦτο

290 2278 543 2345 ὑπέδειξε
598 2277 686 2329 διά
717 2292 776 2327 τε
808 2276 983 2341 λόγων
1032 2277 1127 2327 καὶ
1177 2276 1452 2344 πράξεων,
1490 2277 1582 2328 καὶ
1630 2275 1863 2327 συνελὼν

287 2371 361 2420 τὰ
392 2369 591 2433 πάντα,
625 2361 778 2419 εἶπεν
800 2367 881 2419 ὅτι
914 2385 931 2417 1
957 2366 1014 2419 '0
1049 2367 1324 2420 πιστεύων
1351 2368 1428 2430 είς
1455 2367 1552 2436 ἐμὲ
1586 2366 1696 2437 ἔχει
1718 2368 1864 2435 ζωὴν

290 2464 539 2525 αἰώνιον,
577 2479 597 2511 ι
632 2461 892 2513 διέστειλε
921 2459 1022 2529 τὴν
1046 2451 1285 2529 ιέκυχικὴν
1311 2459 1455 2527 ζωὴν
1488 2463 1583 2529 τῆς
1615 2478 1864 2529 σωματι-

292 2552 422 2620 κῆς.
469 2553 535 2603 'll
565 2552 671 2621 γὰρ
703 2552 991 2620 σωματικὴ
1019 2550 1160 2619 πρὸς
1195 2551 1376 2618 ὀλίγον
1398 2555 1630 2619 φανεῖσα
1664 2552 1867 2621 παρέρ-

292 2663 474 2715 χεται,
508 2647 541 2714 ἡ
577 2645 633 2698 δὲ
664 2645 868 2715 ψυχικὴ
919 2645 1143 2707 αἰώνιός
1173 2647 1342 2711 ἐστιν,
1368 2644 1556 2714 ὥσπερ
1592 2644 1685 2697 καὶ
1712 2648 1739 2697 6
1768 2645 1864 2697 θά-

293 2748 458 2794 νατος
486 2732 679 2799 αὐτῆς.
720 2731 862 2783 Ἀλλ’
895 2731 1045 2799 ὅμως
1076 2734 1172 2783 καί
1215 2733 1275 2783 τὸ
1307 2731 1544 2801 φθαρτὸν
1577 2731 1735 2783 τοῦτο
1772 2731 1867 2784 καὶ

291 2825 492 2894 θνητὸν
523 2825 682 2893 σῶμα
718 2825 747 2877 6
772 2824 1105 2893 δημιουργὸς
1135 2824 1301 2878 αὑτοῦ
1338 2825 1470 2887 Θεὸς
1498 2826 1596 2877 οὐκ
1630 2827 1867 2890 ἐγκατα-

290 2915 472 2982 λείψει
497 2912 554 2965 ἔν
580 2930 639 2966 τε
672 2913 749 2980 τῷ
776 2913 993 2981 Θανάτῳ
1017 2914 1112 2965 καὶ
1136 2915 1200 2982 τῇ
1236 2912 1433 2983 φθορᾷ,
1474 2912 1590 2966 ἀλλ’
1624 2913 1752 2964 ὅταν
1777 2913 1864 2963 ἐν·

290 3007 433 3074 δύσῃ
464 3005 595 3057 αὐτὸ
626 3004 942 3074 ἀφθαρσίαν
973 3004 1068 3057 καὶ
1098 3003 1420 3067 ἀθανασίαν,
1468 3005 1562 3056 καὶ
1598 3003 1869 3073 ἄφθαρτοι

296 3101 394 3151 καὶ
432 3097 691 3151 ἀθάνατοι
719 3097 1072 3159 ἀναστάντες,
1127 3099 1250 3150 τότε
1281 3097 1423 3149 κατὰ
1469 3098 1529 3148 τὸ
1560 3096 1739 3162 λόγιον
1770 3095 1868 3149 σὺν

291 3191 375 3258 τῷ
400 3186 590 3256 Κυρίῳ
620 3188 876 3256 ἐσόμεθα.
907 3188 1099 3239 Τοίνυν
1128 3187 1215 3239 δια
1239 3188 1346 3238 τῶν
1379 3186 1642 3256 ῥημάτων
1665 3186 1866 3253 αὐτῶν,

294 3280 396 3333 καὶ
429 3271 506 3333 ὧν
536 3280 802 3349 πρότερον
825 3279 1087 3339 πολλάκις
1111 3277 1392 3346 ἐλάλησεν,
1430 3278 1583 3330 οὐδὲν
1610 3278 1666 3331 δὲ
1705 3277 1865 3330 ἐλατ-

292 3393 392 3428 τον
416 3376 514 3427 καὶ
545 3372 606 3437 ἐξ
628 3367 702 3427 ὧν
728 3374 888 3441 ἡμεῖς
916 3370 1017 3423 οὐκ
1046 3369 1387 3439 ἐγράψαμεν,
1422 3368 1636 3439 τρανῶς
1678 3370 1705 3422 6
1736 3371 1868 3438 Χρι-

298 3471 428 3533 στὶς
458 3468 591 3520 Θεόν
650 3485 709 3520 τε
774 3467 870 3521 καὶ
926 3465 1213 3535 ἄνθρωπον
1268 3465 1463 3517 ἑαυτὸν
1498 3464 1864 3533 ὲναπὲφηνεν.

307 3562 457 3616 Ἀλλ’
486 3563 574 3614 ὅτε
602 3561 694 3613 καὶ
730 3564 822 3612 τὸν
850 3560 914 3612 ἐκ
945 3560 1171 3627 γενετῆς
1202 3557 1404 3624 τυφλὸν
1434 3555 1570 3609 σῶον
1617 3559 1709 3609 καὶ
1739 3556 1871 3609 θεω-

298 3655 506 3727 ροῦντα
554 3653 967 3721 ἀποκατέστησε
1040 3650 1177 3720 μετά
1230 3650 1293 3701 τὸ
1326 3649 1625 3715 ἀναϐλέψαι
1690 3648 1871 3711 αὐτὸν,

295 3746 479 3808 οὕτως
506 3746 697 3815 εἴρηκε
733 3742 871 3812 πρὸς
928 3743 1109 3805 αὐτὸν,
1169 3760 1187 3792 1
1242 3742 1313 3794 Σὺ
1364 3740 1643 3804 πιστεύεις
1673 3742 1752 3802 είς
1783 3740 1875 3793 τὸν

310 3840 447 3892 Υίὸν
475 3836 567 3890 τοῦ
598 3834 763 3901 Θεοῢ;
793 3854 811 3887 ι
844 3834 904 3887 ’0
935 3834 990 3887 δέ
1016 3850 1172 3903 φησι,
1204 3850 1219 3883 1
1258 3832 1367 3886 Καὶ
1394 3835 1473 3894 τίς
1504 3833 1642 3894 ἐστι,
1679 3833 1872 3902 Κύριε,

297 3933 393 3985 ἵνα
426 3928 702 3983 πιστεύσω
731 3928 812 3990 είς
846 3926 1044 3991 αὑτόν;
1088 3945 1106 3976 ι
1146 3920 1279 3978 Εῐπε
1311 3925 1369 3978 δὲ
1403 3925 1553 3997 αύτῷ
1582 3929 1609 3978 ὁ
1646 3924 1875 3994 Ἰησοῦς,

301 4042 322 4071 1
370 4022 477 4073 Kal.
507 4017 756 4086 ἑώρακας
789 4017 970 4081 αὑτὸν,
999 4018 1091 4069 καὶ
1131 4018 1159 4068 6
1183 4016 1361 4069 λαλῶν
1391 4016 1528 4084 μετὰ
1555 4015 1646 4068 σοῦ
1674 4017 1879 4075 ἐκεῖνός

297 4118 476 4165 ἐστιν.
514 4128 533 4160 ι
579 4109 637 4161 '0
662 4108 717 4160 δὲ
744 4108 873 4175 ἔφη,
917 4125 933 4157 1
978 4107 1243 4172 Πιστεύω,
1277 4107 1471 4174 Κύριε.
1500 4125 1518 4156 ι
1550 4106 1657 4158 Καὶ
1682 4121 1881 4175 προσε-

298 4201 545 4269 κύνησεν
578 4198 760 4251 αὐτόν.
803 4196 943 4248 Ἀλλ’
974 4196 1123 4265 ὅμως
1152 4198 1179 4248 6
1221 4195 1385 4257 αὐτὸς
1432 4194 1676 4264 λίωάμεθ
1713 4212 1881 4265 κατη-

299 4293 491 4362 γορῶν
545 4290 697 4357 λέγει
758 4288 886 4356 περί
930 4304 1092 4338 τινων
1131 4288 1213 4339 ὅτι
1276 4287 1691 4352 ἀπεδοκίμασαν
1726 4289 1883 4340 ἀτινα

298 4383 435 4435 οὔτε
468 4380 698 4445 νοοῦσιν,
729 4378 852 4432 οὔτε
903 4378 1160 4431 δύνανται
1205 4378 1541 4447 ἐξηγεῖσθαι,
1571 4380 1707 4448 ὅπερ
1740 4380 1882 4448 μᾶλ-

300 4474 401 4525 λον
434 4474 594 4533 αὐτὸς
634 4472 922 4534 πέπονθεν,
956 4469 1367 4538 ἀποδοκιμάσας
1406 4470 1496 4523 τὸν
1532 4471 1771 4540 Χριστὸν
1807 4471 1883 4541 μὴ

290 4562 452 4616 εἶναι
492 4563 613 4614 Υίὺν
642 4560 804 4623 Θεοῦ,
854 4560 987 4629 μηδὲ
1030 4561 1410 4629 σαρκωθῆναι,
1451 4562 1543 4612 καὶ
1580 4561 1668 4613 διὰ
1695 4561 1757 4612 τὸ
1788 4563 1881 4629 τῆς

301 4653 692 4719 ἀιαταληψίας
735 4650 962 4720 μέγεθος
994 4649 1169 4705 ταῦτα
1200 4652 1495 4720 ἠρνήσατο,
1526 4653 1664 4705 ἀλλά
1692 4653 1786 4705 καὶ
1821 4652 1880 4703 τὸ

301 4746 411 4813 τῆς
444 4742 672 4812 Τριόῐδος
710 4744 1005 4811 μυστήριον
1048 4743 1110 4795 οὐ
1159 4743 1533 4812 προσεδέξατο.
1569 4745 1643 4795 Οὐ
1675 4747 1785 4814 γὰρ
1819 4747 1880 4813 ἡ·

302 4837 511 4891 δύνατο
536 4837 677 4886 νοεῖν
699 4836 799 4903 τὴν
836 4834 942 4885 τῶν
977 4834 1285 4903 προσώπων
1310 4834 1583 4901 διάκρισιν
1626 4835 1754 4887 ἄνευ
1784 4838 1881 4900 τῆς

304 4930 458 4982 κατὰ
480 4926 578 4994 τὴν
601 4925 786 4977 οὐσίαν
812 4925 1155 4992 διακρίσεως,
1178 4925 1253 4986 ὡς
1281 4924 1515 4993 εἴρηται.
1557 4944 1574 4978 1
1611 4926 1884 4995 Ἐθαυμα-

309 5016 502 5086 anth
533 5019 665 5083 γὰρ,
708 5034 728 5067 ι
761 5017 949 5083 φησιν,
996 5032 1013 5063 1
1055 5015 1086 5083 ἡ
1128 5018 1323 5081 γνῶσίς
1353 5032 1446 5067 σου
1490 5017 1545 5080 ἐξ
1578 5016 1732 5085 ἐμοῦ,
1766 5017 1884 5068 λίαν

305 5106 682 5175 ὲκραταιώθη.
727 5104 789 5157 οὐ
827 5105 902 5173 μὴ
942 5103 1187 5171 δύνωμαι
1242 5105 1373 5171 πρὶς
1407 5106 1594 5175 αὑτήν.
1658 5130 1676 5156 ι
1737 5108 1800 5158 Τί
1831 5109 1886 5159 δὲ

307 5201 445 5253 ἄλλο
500 5198 647 5248 ἐστὶν
680 5196 775 5265 ἢή
815 5194 1201 5263 ἀκατάληπτος
1251 5197 1344 5247 καὶ
1395 5196 1755 5267 ἀπερινὸητος
1793 5200 1885 5251 τοῦ

308 5288 457 5344 Θεοῦ
521 5288 742 5356 γνῶσις,
790 5286 913 5356 ἥτις
958 5287 1202 5357 ἀγνωσία
1264 5290 1662 5357 παρεικάζεται
1703 5291 1791 5344 διὰ
1835 5296 1893 5343 τὸ

310 5384 621 5452 ὑπεραῖρον
641 5381 809 5449 αὐτῆς
823 5380 1003 5447 πάσης
1034 5379 1260 5452 κτιστῆς
1279 5382 1528 5447 γνώσεως
1554 5381 1650 5445 ;'il
1674 5384 1780 5451 γὰρ
1798 5386 1890 5436 τοῦ

309 5450 460 5526 θεοῧ
494 5452 738 5536 ἀγνωσία
765 5467 825 5519 οὐ
854 5450 1242 5533 λέγεταιοιατά
1284 5468 1559 5537 στέρησιν,
1593 5471 1727 5523 ἀλλὰ
1752 5450 1887 5525 καθ’

313 5561 622 5631 ὑπεροχήν.
674 5558 772 5611 Διά
819 5557 927 5627 γὰρ
968 5558 1029 5609 τὸ
1084 5557 1421 5626 ὑπερϐάλλον
1468 5563 1559 5614 καὶ
1595 5564 1892 5633 ἀπρόσιτον

315 5654 447 5724 φῶς
479 5652 573 5705 τοῦ
623 5651 759 5705 Θεοῦ
793 5652 981 5711 σκότος
1013 5648 1145 5701 αὐτὸ
1190 5650 1500 5719 ὠνόμασαν.
1542 5654 1614 5706 Τὸ
1661 5656 1765 5723 γὰρ
1822 5656 1895 5726 μὴ

1962 2004 2092 2058 dum
2148 2020 2404 2069 carnem,
2460 2013 2517 2059 et
2589 2005 2916 2073 praedicatus
2979 2015 3063 2061 est
3133 2022 3162 2061 a
3217 2008 3537 2061 conditione

1962 2094 2178 2158 mundi,
2228 2104 2284 2148 et
2318 2095 2573 2163 apparuit
2621 2111 2686 2149 ex
2720 2096 2904 2151 verbis
2945 2098 3340 2167 prophetarum
3372 2108 3427 2152 et
3460 2101 3539 2151 vi-

1961 2185 2231 2249 sionibus,
2258 2186 2390 2254 quin
2419 2185 2537 2255 ipso
2561 2184 2672 2239 Deo
2704 2184 2862 2241 Patre
2889 2188 3021 2241 illud
3047 2190 3112 2242 de
3140 2189 3254 2257 ipso
3279 2199 3534 2244 testante.

1963 2277 2235 2347 Tempore
2279 2292 2459 2333 autem
2503 2279 2607 2334 hoc
2645 2280 2974 2349 postulante,
3007 2280 3265 2336 Clnistus
3302 2282 3408 2335 hoc
3455 2283 3539 2351 ip-

1963 2384 2085 2422 sum
2125 2369 2365 2423 dilucide
2410 2369 2708 2425 declaravit
2738 2370 2922 2426 verbis
2970 2371 3135 2426 simul
3169 2382 3223 2426 et
3254 2374 3538 2441 operibus,

1964 2461 2257 2528 omniaque
2292 2461 2770 2531 comprehenderis
2814 2462 2993 2517 dixit:
3048 2480 3066 2514 1
3110 2461 3216 2530 Qui
3265 2464 3442 2519 credit
3486 2468 3541 2519 in

1966 2569 2072 2616 me,
2101 2553 2265 2608 habet
2308 2554 2476 2607 vitam
2516 2565 2799 2609 aeternam.
2851 2574 2869 2606 ι
2911 2556 3031 2623 llis,
3076 2556 3321 2626 inquam,
3356 2556 3545 2612 divisit

1964 2646 2133 2699 vitam
2162 2646 2357 2699 anima:
2401 2644 2469 2698 ab
2498 2644 2601 2699 hac
2628 2645 2924 2715 corporali.
2977 2646 3104 2701 [hec
3151 2647 3300 2702 enim
3349 2649 3438 2702 ubi
3476 2647 3545 2700 ad

1966 2743 2182 2803 tempus
2226 2735 2345 2788 visa
2396 2732 2585 2799 fuerit,
2653 2735 2886 2798 transit;
2949 2735 3147 2789 anima:
3197 2743 3379 2788 autem
3434 2735 3547 2788 vita

1968 2826 2306 2895 sempiterna
2361 2833 2482 2891 est,
2528 2825 2992 2895 quemadmodum
3046 2835 3101 2881 et
3160 2840 3310 2881 mors
3372 2826 3543 2881 illius.

1965 2917 2336 2971 Nihilominus
2390 2925 2571 2971 tamen
2622 2931 2824 2987 corpus
2887 2916 3021 2972 illud
3080 2918 3440 2987 corruptibilc
3492 2925 3547 2971 et

1969 3009 2199 3064 mortale
2240 3008 2469 3063 Creator
2507 3009 2694 3079 hujus,
2739 3008 2882 3063 Deus
2910 3008 3198 3071 nimirum,
3236 3022 3345 3061 non
3390 3007 3551 3062 dere-

1968 3102 2182 3171 linquet
2225 3103 2280 3156 in
2343 3112 2519 3158 morte
2568 3110 2621 3156 et
2662 3101 3055 3171 eorruptione‘;
3112 3101 3208 3156 sed
3259 3107 3551 3168 postquam

1972 3193 2105 3247 illud
2150 3193 2555 3264 incorruptibili
2596 3202 2653 3248 et
2687 3191 2983 3247 immortali
3038 3198 3234 3246 natura
3287 3189 3550 3252 induerit,

1968 3284 2163 3354 integri
2220 3294 2278 3339 et
2331 3286 2668 3341 immortales
2724 3284 3072 3347 resuscitati,
3151 3284 3304 3352 juxta
3350 3296 3551 3335 oracu-

1966 3376 2077 3430 lum
2113 3379 2181 3443 ",
2217 3392 2341 3432 cum
2370 3380 2484 3433 Deo
2512 3378 2738 3432 erimus.
2769 3377 2874 3433 Per
2907 3377 3021 3445 ipsa
3054 3374 3218 3445 igitur
3245 3375 3407 3429 verba
3434 3389 3554 3442 qua:

1969 3478 2129 3522 antea
2180 3470 2381 3538 saepius
2415 3470 2784 3532 locutus.est,
2834 3469 3085 3537 nihilque
3140 3468 3321 3521 minus
3368 3482 3435 3520 ex
3472 3466 3556 3518 his

1970 3577 2090 3630 quae
2144 3576 2244 3617 nos
2295 3577 2402 3617 non
2434 3563 2831 3631 ascripsimus,
2878 3560 3133 3615 Christus
3164 3560 3401 3629 seipsnm
3438 3572 3557 3611 ma-

1974 3652 2172 3707 nifeste
2213 3654 2384 3708 Deum
2429 3662 2486 3708 et
2521 3653 2800 3707 hominem
2846 3667 2969 3707 esse
3006 3652 3329 3705 declaravit.
3380 3653 3553 3707 Crete-

1980 3757 2102 3795 rum
2131 3756 2255 3795 cum
2294 3741 2369 3795 illi
2397 3742 2491 3810 qui
2532 3758 2561 3795 a
2592 3742 2877 3796 nativitate
2904 3756 3000 3795 sua
3034 3756 3210 3795 caecus
3246 3744 3557 3803 exstiterat.

1980 3833 2271 3887 sanitatem
2320 3843 2377 3888 et
2422 3834 2598 3887 visum
2653 3832 3006 3893 restituisset,
3038 3845 3163 3885 cum
3208 3832 3295 3885 ille
3328 3834 3435 3899 jam
3482 3836 3560 3887 \i-

1976 3926 2152 3987 deret,
2207 3924 2287 3977 sic
2339 3924 2405 3977 ad
2463 3937 2588 3976 eum
2637 3922 2813 3976 dixit:
2874 3940 2893 3973 1
2949 3921 3213 3977 Credisne
3270 3923 3323 3976 in
3359 3923 3555 3977 Filium

1978 4018 2117 4071 Dei?
2152 4035 2170 4068 ι
2214 4015 2305 4071 Ille
2349 4030 2480 4070 vero
2514 4016 2591 4069 ait
2628 4032 2641 4068 :
2694 4033 2712 4065 1
2755 4013 2821 4068 Et
2873 4015 3125 4081 quisnam
3156 4025 3261 4085 est,
3308 4015 3557 4082 Domine,

1981 4115 2041 4161 ut
2090 4105 2305 4159 credam
2360 4105 2413 4158 in
2460 4104 2657 4157 illum?
2706 4122 2724 4154 ι
2784 4102 2930 4157 Dixit
2993 4112 3177 4158 autem
3234 4104 3307 4157 illi
3359 4103 3557 4159 .li-sus:

1988 4220 2006 4251 1
2055 4200 2121 4253 Et
2149 4197 2331 4252 vidisti
2364 4212 2511 4263 eum,
2541 4205 2596 4251 et
2623 4196 2715 4266 qni
2750 4196 2995 4265 loquitur
3030 4205 3233 4258 tecum,
3262 4198 3350 4250 ille
3386 4207 3491 4251 est.
3538 4218 3556 4249 ι

1981 4294 2077 4348 llle
2127 4308 2255 4348 vero
2308 4292 2479 4356 dixit,
2540 4311 2557 4343 1
2595 4291 2802 4357 Credo,
2838 4292 3097 4357 Domine,
3142 4310 3160 4343 ι
3215 4303 3269 4347 et
3316 4293 3565 4346 adoravit

1987 4386 2140 4439 illum
2179 4385 2243 4440 '°.
2307 4383 2574 4440 Caeterum
2633 4383 2908 4445 Mahogmet
2965 4384 3233 4453 quosdam
3296 4378 3564 4439 accusans

1988 4473 2157 4528 dicit:
2188 4474 2516 4541 Rejecerunt
2542 4486 2604 4525 ea
2636 4487 2756 4541 quae
2787 4487 2897 4525 non
2932 4472 3263 4542 intelligunt,
3304 4491 3403 4528 nec
3437 4492 3564 4542 pos-

1920 4578 1959 4631 υ
1989 4574 2119 4622 sunt
2167 4578 2445 4619 enarrare.
2500 4564 2614 4617 Hoc
2670 4564 2772 4634 ipsi
2824 4565 3095 4633 imprimis
3142 4568 3389 4635 contigit,
3439 4584 3563 4620 cum

1988 4659 2267 4713 Christum
2301 4657 2519 4728 negavit
2550 4650 2672 4712 esse
2703 4657 2799 4712 Dei
2833 4658 3056 4726 Filium,
3088 4675 3187 4715 nec
3223 4660 3563 4713 incarnatqu

1989 4750 2248 4804 credidit.
2310 4750 2541 4820 Propter
2610 4750 2932 4803 immensam
2994 4750 3139 4803 enim
3208 4750 3565 4805 stoliditatem

1989 4842 2123 4895 illud
2157 4841 2396 4909 negavit.
2459 4841 2600 4906 Quin
2657 4850 2711 4895 et
2754 4838 3043 4895 Trinitatis
3094 4842 3411 4911 mysterium
3459 4858 3567 4895 non

1992 4932 2236 4986 admisit.
2281 4930 2397 4985 Non
2432 4932 2573 4985 enim
2614 4941 2825 4999 poterat
2855 4947 3216 5001 personarum
3253 4932 3569 4998 discrimen,

1992 5032 2050 5075 ut
2078 5022 2282 5075 dictum
2318 5030 2423 5085 est,
2457 5022 2577 5076 sine
2612 5021 3046 5076 substantiarum
3089 5022 3410 5076 discrimine
3441 5036 3572 5075 con-

1994 5113 2193 5166 sistens
2232 5113 2558 5183 intelligere.
2614 5132 2632 5163 1
2676 5112 2982 5176 Mirabilis,
3040 5114 3250 5181 inquit,
3302 5113 3442 5167 facta
3486 5122 3571 5166 est

1998 5205 2221 5259 scientia
2276 5215 2364 5259 tua
2412 5223 2439 5261 a
2495 5223 2601 5268 me.
2651 5208 2881 5261 multum
2927 5208 3233 5263 confortata
3280 5217 3403 5271 est;
3465 5225 3572 5263 non

2000 5306 2189 5366 potero
2220 5298 2287 5349 ad
2334 5299 2504 5367 ipsam
2541 5299 2608 5353 ".
2658 5317 2675 5348 ι
2712 5298 2853 5365 Quid
2904 5300 3049 5353 enim
3097 5299 3243 5354 aliud
3291 5310 3375 5354 cst
3412 5317 3573 5369 quam

2002 5388 2579 5457 incomprehensibilis
2626 5399 2681 5444 et
2734 5390 3012 5446 intellectu
3071 5392 3428 5460 impossibilis
3476 5392 3570 5447 Dei

1998 5480 2256 5548 cognitio.
2301 5496 2425 5549 qua:
2475 5481 2801 5550 ignorantia:
2839 5485 3121 5538 confertur
3162 5494 3388 5554 propter
3422 5501 3573 5538 sum-

2000 5586 2141 5624 mam
2191 5572 2333 5624 illam
2375 5588 2484 5640 pra:
2516 5575 2664 5627 omni
2716 5575 3027 5643 eOgnitione
3076 5577 3353 5630 mundana
3396 5580 3576 5631 excet-

2002 5662 2266 5716 lentiam?
2301 5662 2607 5733 Ignorantia
2652 5667 2798 5720 cnim
2837 5668 2931 5723 Dei
2975 5685 3083 5725 non
3118 5666 3417 5724 secundum
3458 5669 3573 5739 pri-

394 5816 441 5848 "
485 5815 624 5870 Psal.
658 5830 765 5869 ειη.
810 5814 899 5868 SM.
974 5814 1019 5848 "
1060 5816 1077 5872 l
1120 5818 1309 5876 Thess.
1357 5836 1423 5885 ιν,
1474 5820 1553 5874 lli.
1632 5821 1674 5851 δ’*
1716 5820 1870 5878 .lean.
1916 5838 1998 5889 ix,
2042 5826 2221 5883 3-3-58.
2303 5829 2343 5862 δ’
2387 5829 2527 5886 l’sal.
2576 5846 2842 5901 cxsxvm,
2885 5831 2939 5886 6.
