4204 6450
201 372 313 434 €69

1157 388 1455 447 LUNTRA
1496 390 1978 450 ΜΛΙΙΟΜΕΤΕΜ
2019 393 2304 454 ORATIO
2346 398 2460 458 lll.

3338 405 3444 467 670

213 482 513 535 ’Λναΰαίνω
546 486 679 554 πρὸς
724 490 813 541 τὸν
839 490 1050 561 Πατέρα
1089 513 1215 561 μου,
1251 502 1341 553 ἐπὶ
1369 502 1587 568 πρώτου
1614 518 1740 570 προσ

1846 514 2147 559 ,ιιοειι-ιιηι.
2200 506 2334 560 Cum
2388 523 2518 561 vero
2570 508 2869 563 distinctim
2904 511 3087 565 dicat:
3141 529 3159 561 ι
3196 512 3445 570 Aseendo

197 573 374 633 ῶπου,
424 571 539 625 εἷτα
597 578 690 627 καὶ
742 580 957 648 Πατέρα
1018 585 1193 651 ὑμῶν,
1228 590 1301 649 ῶς
1354 592 1445 642 ἐπὶ
1490 593 1766 662 δευτέρου,

196 666 418 726 παντως
442 666 592 718 οὐδὲν
623 668 810 736 ἕτερον
842 674 1087 742 εἴρηκεν,
1112 679 1223 730 οὐδ’
1255 681 1384 733 ἄλλο
1413 685 1698 752 ἐδήλωσεν,
1734 687 1765 755 ἢ

192 755 280 809 ἔτι
307 758 467 819 αὐτὸς
506 760 603 827 μὲν
635 764 662 813 6
700 764 933 832 Χριστὸς
964 767 1119 834 φύσει
1148 772 1294 823 ἐστὶν
1328 774 1451 836 Υἱὸς
1480 777 1570 828 τοῦ
1605 778 1765 840 Θεοῦ,

193 848 247 897 οἱ
279 848 325 899 δ’
377 850 526 904 ἄλλοι
576 854 774 914 πάντες
824 858 1009 925 χάριτι
1040 876 1053 889 ·
1087 861 1163 922 ὡς
1210 865 1292 928 τὸ,
1352 884 1368 915 t
1418 866 1558 933 Ἐγὼ
1614 864 1762 935 εἶπα,

199 940 326 989 Θεοί
351 942 471 993 ἐστε
496 944 589 996 καὶ
620 945 994 1014 υἱοὶὝψίστου
1023 953 1244 1015 πάντες.
1284 975 1302 1006 ι
1344 958 1446 1009 Τὸν
1479 961 1641 1010 αὑτὸν
1672 962 1765 1013 καὶ

194 1029 382 1093 ὅμοιον
432 1034 630 1101 τρόπον
684 1037 872 1102 ἐδήλου
908 1042 1005 1092 καὶ
1045 1046 1106 1095 τὸ
1142 1065 1159 1095 ι
1201 1046 1334 1098 Θεὸν
1368 1065 1471 1115 μου
1503 1052 1597 1102 καὶ
1631 1053 1764 1103 Θεὸν

192 1118 370 1186 ὑμῶν.
406 1139 424 1172 t
463 1126 569 1176 Καὶ
598 1128 679 1178 ὅτι
712 1128 811 1195 μὲν
853 1130 927 1192 ὡς
961 1133 1242 1201 ἄνθρωπος
1262 1140 1449 1204 εἴρηκε
1479 1140 1539 1191 τὸ
1572 1160 1590 1192 ι
1629 1142 1761 1194 Θεόν

192 1227 320 1277 μου,
362 1230 380 1261 ι
416 1217 573 1268 παντί
605 1235 706 1271 που
736 1220 897 1285 δῆλον
921 1240 935 1253 ·
968 1224 1086 1275 ἀλλ’
1134 1226 1242 1277 οὐδ’
1276 1228 1405 1280 αὐτὸ
1448 1230 1647 1297 ὁμοίως
1687 1234 1762 1294 ὡς

192 1304 397 1367 πάντες
448 1309 751 1376 ἅνθρωποι.
809 1314 900 1374 Et;
940 1319 1047 1381 γαρ
1096 1318 1304 1382 πάντας
1336 1321 1528 1388 ἁγίους
1554 1324 1763 1391 ἀνθρώ-

192 1410 330 1455 nco;
386 1400 524 1449 κατὰ
559 1400 720 1467 χάριν
771 1402 988 1467 λέγεται
1017 1408 1045 1457 ὁ
1079 1407 1208 1471 Θεὸς
1238 1410 1369 1466 Θεὸς
1401 1414 1585 1465 αὐτῶν
1610 1428 1624 1443 ο
1684 1415 1759 1477 ὼς

185 1480 321 1532 ὅταν
354 1483 577 1552 λέγηται
600 1488 736 1550 Θεὸς
781 1491 1033 1562 Ἀϐραὰμ
1060 1497 1154 1547 καὶ
1197 1499 1381 1552 Ἰσαὰκ
1414 1504 1507 1554 καὶ
1538 1501 1757 1566 Ἰακὼϐ,

187 1572 284 1623 καὶ
314 1574 423 1625 τῶν
474 1578 679 1641 ὁμοίων
711 1580 914 1646 αὐτοῖς.
946 1585 1053 1637 Καὶ
1099 1587 1207 1657 γὰρ
1252 1591 1520 1661 πρότερον
1555 1594 1761 1665 καθαρ-

187 1663 377 1725 Θέντες
429 1670 523 1721 καὶ
554 1668 947 1741 ἀπονιψάμενοι
977 1677 1074 1737 τὰς
1128 1679 1263 1742 ἰδίας
1317 1683 1611 1751 ἁμαρτίας,
1665 1688 1757 1738 καὶ

184 1756 474 1820 γενόμενοι
529 1762 699 1829 σκεύη
750 1763 933 1826 ἐλέους
965 1766 1153 1819 ἔκτοτε
1202 1770 1447 1839 δέχονται
1501 1775 1597 1843 τὴν
1659 1778 1753 1830 τοῦ

189 1844 329 1897 Θεοῦ
356 1848 536 1916 χάριν,
574 1853 667 1903 καὶ
699 1854 940 1920 γίνονται
966 1859 1071 1910 υἱοὶ
1115 1861 1274 1925 Θεοῦ,
1307 1865 1398 1915 καὶ
1427 1865 1756 1931 ὀνομάζεται

186 1934 213 1984 6
248 1934 382 1995 Θεὸς
405 1937 538 2000 Θεὸς
568 1942 773 1996 αὐτῶν.
792 1945 913 1997 Ἐπὶ
936 1946 991 1998 δὲ
1022 1946 1116 2000 τοῦ
1146 1949 1388 2017 Χριστοῦ
1414 1954 1510 2023 οὐχ
1541 1955 1715 2019 οὕτως
1737 1971 1754 1989 ⁶

182 2026 320 2080 ἀλλὰ
350 2030 538 2099 Πατὴρ
566 2034 731 2085 αὑτοῦ
755 2035 972 2103 λέγεται
996 2040 1022 2091 ὁ
1052 2039 1203 2102 Θεὸς,
1222 2043 1355 2095 διότι
1393 2045 1629 2115 γέννημα
1654 2050 1754 2117 τῆς

185 2117 535 2185 ὑποστάσεως
567 2123 658 2177 τοῦ
685 2127 895 2194 Πατρός
918 2131 1053 2193 ἐστι,
1083 2133 1173 2183 καὶ
1203 2133 1299 2201 μία
1330 2138 1509 2202 φύσις.
1536 2140 1628 2191 καὶ
1657 2141 1753 2207 μία

181 2208 362 2271 οὐσία,
383 2212 473 2263 καὶ
501 2215 711 2283 θεότης,
736 2221 829 2271 καὶ
851 2220 1077 2289 δύναμις
1101 2224 1311 2292 Πατρὸς
1335 2230 1427 2278 καὶ
1460 2229 1584 2282 Υίοῦ
1608 2233 1743 2287 ἐστι.

180 2300 315 2365 Θεὸς
344 2304 402 2357 δὲ
431 2305 526 2358 τοῦ
560 2309 796 2377 Χριστοῦ
824 2313 1042 2379 λέγεται
1065 2317 1152 2368 διὰ
1176 2318 1274 2387 τὴν
1297 2319 1418 2371 καθ’
1453 2323 1749 2377 ὑπόστασιν

181 2389 380 2447 ἕνωσιν
406 2396 501 2449 τοῦ
529 2398 657 2452 Υξοῦ
690 2402 765 2470 τῷ
794 2406 1207 2475 προσλήμματι,
1236 2410 1356 2477 οὐχὶ
1387 2411 1441 2462 δὲ
1467 2416 1601 2467 κατὰ
1626 2419 1749 2479 τοὺς

179 2484 391 2551 ἁγίους.
432 2490 542 2542 Καὶ
570 2492 657 2543 δια
688 2494 846 2547 τοῦτο
872 2493 991 2549 εἷπε
1025 2501 1116 2552 καὶ
1176 2508 1306 2571 περὶ
1335 2507 1526 2561 τούτου
1573 2527 1747 2579 κεχω-

179 2580 453 2646 ρισμένως
482 2585 563 2649 τὸ,
608 2604 626 2635 ι
675 2589 979 2643 Ἀναϐαίνω
1033 2594 1170 2661 πρὸς
1220 2597 1311 2649 τὸν
1340 2601 1469 2651 Θεόν
1514 2620 1617 2671 μου
1649 2603 1747 2655 καὶ

176 2670 313 2722 Θεὸν
348 2672 525 2738 ὑμῶν.
557 2694 576 2726 ι
613 2676 840 2741 Βλέπεις
876 2682 992 2743 πῶς
1024 2685 1117 2736 καὶ
1141 2686 1206 2737 τὰ
1229 2688 1491 2744 δοκοῦντα
1514 2696 1745 2748 ταπεινὰ

174 2759 269 2811 ἐπὶ
308 2761 405 2814 τοῦ
438 2764 676 2831 Χριστοῦ
712 2769 889 2835 μέγαν
936 2773 1030 2823 καὶ
1071 2774 1328 2842 ὑπερφυᾶ
1361 2781 1455 2831 καὶ
1504 2781 1744 2843 ἐξαίσιον

174 2850 289 2917 ἔχει
324 2855 416 2906 τὸν
447 2856 608 2922 νοῦν;
644 2858 837 2915 Τοίνυν
866 2865 925 2928 ἐξ
969 2866 1170 2929 αὐτῶν,
1200 2862 1275 2920 ὧν
1306 2873 1335 2923 6
1381 2872 1481 2940 μὲν
1512 2875 1743 2943 Χριστὸς

173 2945 357 3006 καλῶς
403 2949 645 3017 εἴρηκεν.
680 2954 708 3005 6
757 2953 813 3004 δὲ
850 2956 1092 3024 Μωάμεθ
1139 2962 1324 3023 κακῶς
1376 2966 1739 3036 προσέφερεν,

171 3034 532 3104 ἀναφαίνεται
558 3044 584 3095 ὁ
607 3044 843 3113 Χριστὸς
886 3048 1015 3110 Θεὸς
1046 3065 1103 3102 τε
1131 3052 1223 3103 καὶ
1252 3052 1555 3123 ἄνθρωπος.

242 3243 304 3300 ε’.
341 3248 462 3299 Ἔτι
517 3251 762 3317 ἀρνεῖται
799 3253 896 3321 μὲν
930 3255 957 3306 ὁ
990 3256 1234 3325 Μωάμεθ
1271 3258 1329 3311 τὸ
1368 3260 1459 3313 τὸν
1504 3261 1740 3331 Χριστὸν

170 3338 302 3391 Υἰὸν
329 3334 471 3392 εἶναι
501 3340 633 3393 Θεοῦ
670 3345 759 3395 καὶ
786 3346 916 3396 Θεόν
937 3362 953 3378 ’
977 3349 1225 3415 ἀρνεῖται
1249 3351 1301 3402 δὲ
1335 3352 1430 3403 καὶ
1455 3354 1534 3404 ὅτι
1571 3354 1740 3423 ὲσαρ·

169 3427 346 3494 κὼθη.
394 3429 550 3480 ’Δλλὰ
582 3429 733 3497 ψιλὸν
765 3434 921 3499 μόνον
953 3434 1237 3504 ἄνθρωπον
1263 3438 1406 3503 λέγει
1441 3440 1578 3493 κατα
1622 3442 1736 3493 Νε-

168 3518 404 3585 στόριον,
452 3517 543 3573 καὶ
614 3520 675 3571 ἐκ
723 3522 990 3590 παρθένου
1062 3526 1437 3594 γεγεννῆσθαι,
1498 3531 1650 3597 ἅγιον
1685 3532 1741 3584 δὲ

171 3609 315 3676 ὑπὲρ
348 3610 556 3671 πάντας
589 3612 929 3681 ἀνθρώπους.
966 3616 1058 3667 καὶ
1104 3618 1285 3685 σοφὸν,
1325 3619 1420 3671 καὶ
1459 3623 1742 3694 προφήτην

170 3702 401 3767 μείζονα
448 3704 666 3756 πάντων
714 3706 822 3756 τῶν
861 3707 1181 3776 προφητῶν.
1218 3710 1323 3761 Καὶ
1355 3712 1533 3780 ῥητῶς
1567 3714 1743 3782 ὑπερ-

168 3792 461 3861 ἅνθρωποι)
506 3795 693 3847 τοῦτον
722 3798 895 3859 καλεῖ,
924 3800 1055 3852 Θεὸν
1088 3801 1144 3853 δὲ
1176 3802 1268 3853 καὶ
1307 3803 1439 3855 Θεοῦ
1485 3804 1610 3857 Υἱδν
1650 3806 1741 3857 οὐ·

164 3880 379 3947 δαμῶς.
413 3882 567 3937 Ἐπεὶ
601 3884 731 3949 γοῦν
756 3887 789 3952 ἠ
817 3888 966 3938 πᾶσα
1002 3895 1358 3956 πραγματεία
1383 3892 1477 3959 ’τῆς
1507 3910 1560 3944 τε
1593 3895 1740 3962 πρῶο

163 3987 268 4038 της
298 3973 389 4023 καὶ
427 3972 683 4043 δευτέρας
714 3976 806 4027 καὶ
838 3978 1025 4045 τρίτης
1053 3979 1347 4045 ἀπολογίας
1386 3983 1543 4034 τοῦτό
1569 3986 1734 4050 ἐστιν,

166 4064 253 4114 ῖια
288 4065 494 4133 δειχθῇ,
525 4067 669 4127 ὅπως
697 4069 725 4119 6
748 4068 980 4135 Χριστὸς
1007 4070 1140 4132 Θεὸς
1164 4074 1255 4122 καὶ
1279 4072 1412 4123 Θεοῦ
1449 4074 1573 4135 Υἱός
1598 4077 1737 4139 ἐστι,

167 4156 266 4207 καὶ
297 4156 443 4213 ὅπως
480 4157 613 4218 Θεὸς
648 4158 726 4211 ῶν
761 4159 847 4211 ἐπ’
874 4162 1117 4229 ἐσχάτων
1155 4163 1264 4215 τῶν
1306 4165 1527 4233 ἡμερῶν
1557 4166 1737 4219 λαΰὼν

167 4247 234 4297 ὲκ
270 4247 370 4314 τῆς
405 4248 564 4314 ἁγίας
605 4249 880 4320 Παρθένου
932 4254 1134 4322 σάρκα,
1158 4253 1375 4321 ἐγένετο
1408 4256 1610 4319 τέλειος
1640 4259 1734 4310 ἄν·

166 4338 410 4405 Ορωπος,
440 4338 627 4408 ὥσπερ
660 4344 754 4393 καὶ
794 4343 999 4406 τέλειος
1032 4345 1183 4409 Θεὸς,
1217 4346 1475 4412 περιττὸν
1507 4349 1598 4400 καὶ
1634 4366 1738 4402 πα-

166 4430 363 4497 ρέλκον
417 4431 561 4483 δοκεῖ
607 4434 693 4486 ἴνα
726 4434 818 4486 καὶ
853 4435 1007 4499 αὖθις
1051 4438 1116 4488 τὰ
1167 4437 1305 4489 αὐτὰ
1332 4440 1732 4507 ἐπιχειρῶμεν⁸

1872 595 1935 646 ad
1974 596 2187 652 Patrem
2220 614 2421 661 meum,
2456 620 2473 651 ι
2501 602 2551 652 in
2589 602 2761 670 prima
2795 618 3051 671 persona,
3090 604 3311 668 deinde,
3341 626 3360 658 ς
3390 620 3444 662 ct

1869 696 2074 753 patrem
2132 701 2394 751 vestrum,
2437 711 2456 741 ι
2489 694 2643 758 quasi
2698 694 2750 745 in
2806 694 3067 757 secunda,
3100 694 3234 749 nihil
3294 696 3441 750 aliud

1868 778 2091 830 omnino
2125 779 2282 841 dixit,
2334 797 2433 833 nec
2487 782 2635 833 aliud
2704 784 3031 846 signiﬁcavit
3082 801 3240 853 quam
3296 789 3440 856 quod

1869 865 1983 933 ipse
2038 866 2289 921 Christus
2344 881 2537 923 natura
2598 872 2669 923 sit
2738 873 2826 926 Dei
2896 874 3104 929 Filius:
3164 876 3252 929 alii
3309 894 3441 930 vero

1867 971 2075 1020 omnes,
2107 959 2295 1027 gratia.
2338 959 2491 1014 Sicut
2516 971 2571 1015 et
2603 962 2770 1015 illud:
2809 982 2827 1013 ι
2857 965 2968 1033 Ego
3003 967 3136 1028 dixi,
3173 968 3256 1021 Dii
3287 972 3437 1028 estis.

1865 1058 1919 1102 et
1945 1065 2146 1118 omnes
2168 1050 2260 1103 lilii
2281 1052 2540 1105 Altissiini
2568 1055 2633 1106 ⁸⁸.
2664 1073 2678 1105 ι
2720 1055 2983 1109 Eutmlem
3018 1058 3180 1123 igitur
3200 1062 3440 1114 similem

1865 1140 2085 1192 modum
2124 1141 2227 1194 hoc
2290 1151 2467 1204 notat,
2504 1162 2521 1193 ι
2567 1143 2735 1196 Deum
2784 1161 2965 1197 meum
3018 1155 3071 1199 ct
3119 1148 3284 1201 Deum
3341 1165 3438 1202 ve-

1864 1240 2060 1285 strum.
2104 1252 2121 1283 »
2170 1233 2236 1287 Ει
2272 1234 2416 1303 quod
2464 1250 2565 1289 ceu
2599 1235 2762 1288 homo
2812 1237 2914 1290 hoc
2958 1236 3176 1300 dixerit,
3218 1256 3235 1288 ι
3270 1240 3435 1292 Deum

1841 1339 2065 1387 .meum,
2108 1344 2126 1376 ι
2172 1341 2268 1394 per
2307 1327 2490 1380 omnia
2520 1328 2727 1381 clarum
2757 1339 2858 1382 est.
2898 1330 3096 1383 Verum
3130 1346 3303 1399 neque
3336 1331 3439 1386 hoc

1861 1413 2113 1468 similiter
2162 1424 2221 1468 ut
2266 1431 2459 1470 omnes
2510 1418 2763 1471 homines
2824 1419 2980 1473 dixit.
3050 1421 3125 1473 De
3180 1422 3437 1475 omnibus

1860 1505 2004 1556 enim
2038 1506 2240 1558 sanctis
2276 1505 2589 1560 hominibus
2631 1508 2855 1571 dicitur,
2908 1510 3077 1562 Deum
3109 1525 3229 1565 esse
3257 1511 3428 1564 Deum

1860 1595 2124 1664 ipsorum,
2179 1612 2275 1664 pcr
2324 1597 2553 1666 gratiam
2599 1598 2850 1654 scilicet:
2913 1608 2972 1654 ut
3020 1617 3144 1656 cum
3206 1603 3435 1670 dicitur,

1864 1703 1883 1736 ι
1922 1688 2061 1740 Deus
2094 1687 2390 1755 Abraham,
2425 1688 2571 1743 Isaac
2594 1699 2644 1743 et
2676 1690 2865 1756 Jacoh,
2906 1709 2924 1742 ι
2965 1702 3021 1745 et
3044 1692 3130 1746 his
3150 1693 3435 1747 similium.

1860 1775 2019 1832 Prius
2052 1780 2197 1831 enim
2236 1780 2483 1832 mundati
2527 1790 2582 1833 et
2611 1782 2783 1835 abluti
2832 1797 2861 1835 a
2903 1784 3140 1851 propriis
3170 1788 3431 1854 peccatis,

1859 1877 1915 1923 et
1937 1868 2328 1923 misericordiae
2372 1885 2499 1926 vasa
2533 1871 2683 1937 facti,
2710 1873 2943 1941 gratiam
2974 1874 3071 1928 Dei
3101 1877 3429 1945 suscipiunt,

1854 1969 1913 2014 et
1956 1959 2051 2013 ﬁlii
2083 1960 2175 2014 Dei
2226 1961 2552 2027 redduntur,
2585 1963 2837 2032 Dcusque
2881 1964 3096 2019 illorum
3129 1966 3274 2021 Deus
3310 1984 3431 2024 esse

1855 2049 2078 2103 dicitur.
2128 2051 2185 2102 In
2215 2048 2432 2104 Christo
2458 2060 2641 2105 autem
2672 2067 2782 2106 non
2824 2053 2927 2117 sic,
2970 2053 3064 2107 sed
3098 2054 3242 2109 Deus
3274 2055 3432 2110 Pater

1854 2139 2003 2193 illius
2031 2154 2151 2195 esse
2188 2141 2417 2195 dicitur.
2450 2141 2800 2213 Quapropter
2844 2143 3030 2213 proles
3073 2157 3143 2203 ex
3197 2162 3427 2215 persona

1854 2230 2026 2285 Patris
2049 2241 2153 2294 est,
2192 2241 2248 2285 et
2270 2248 2374 2285 una
2409 2243 2630 2296 natura,
2660 2249 2769 2288 una
2798 2230 3132 2301 substantiaﬁ
3162 2237 3427 2292 divinitas

1850 2332 1906 2375 et
1934 2323 2176 2391 potentia
2225 2323 2404 2379 Patris
2445 2334 2529 2379 est
2583 2335 2639 2380 et
2676 2324 2823 2380 Filii.
2859 2326 3007 2381 Deus
3052 2342 3182 2382 vero
3223 2328 3425 2382 Christi

1848 2430 1972 2469 esse
2025 2416 2250 2479 dicitur,
2304 2427 2528 2486 propter
2582 2419 2842 2473 unionem
2902 2419 3026 2474 Filii
3052 2436 3176 2475 eum
3234 2422 3424 2475 eodem

1848 2519 2207 2577 cognomento
2237 2509 2543 2563 secundum
2573 2511 2957 2578 sushtantiam,
2986 2527 3098 2566 non
3126 2513 3424 2568 secundum

1847 2620 2156 2664 sanctorum
2184 2609 2655 2665 consuetudinem.
2684 2610 2863 2676 Quare
2891 2613 3053 2668 etiam
3074 2614 3141 2668 de
3169 2614 3273 2669 hoc
3303 2616 3424 2669 dis-

1846 2700 2056 2754 tinctim
2101 2699 2239 2754 dixit
2280 2719 2294 2754 :
2330 2718 2350 2751 ι
2385 2700 2637 2755 Ascendo
2662 2701 2729 2755 ad
2757 2701 2927 2756 Deum
2956 2718 3135 2757 meum
3162 2714 3216 2758 et
3247 2705 3417 2758 Dcunt

1847 2803 2107 2848 vestrum.
2139 2812 2158 2845 ι
2216 2793 2401 2857 Vides,
2456 2792 2731 2862 quomodo
2778 2809 2843 2848 ea
2891 2810 3014 2864 qua:
3085 2796 3311 2851 humilia
3368 2799 3422 2851 in

1842 2882 2066 2939 Christo
2099 2894 2247 2949 sunt,
2282 2898 2503 2939 sensum
2535 2884 2733 2940 habent
2756 2900 3033 2960 magnum,
3068 2888 3327 2941 eximium
3369 2898 3424 2942 ct

1841 2976 2263 3032 admirandum?
2296 2978 2375 3032 Ex
2423 2976 2508 3032 his
2563 2978 2879 3049 ergo,-:qute
2916 2978 3165 3034 Christus
3205 2980 3422 3049 quidem

1845 3071 1985 3125 bene
2051 3072 2266 3125 locutus
2316 3080 2421 3133 est.
2472 3070 2613 3125 male
2689 3086 2819 3125 vero
2877 3071 3063 3126 citavit
3118 3072 3418 3137 Mahomet,

1765 3165 1807 3222 C
1838 3172 2051 3221 constat
2072 3164 2357 3218 Christum
2395 3163 2567 3217 Deum
2599 3177 2720 3218 esse
2751 3172 2807 3217 et
2836 3162 3140 3218 hominem.

1920 3258 1974 3312 5.
2001 3257 2173 3326 Negat
2236 3266 2499 3324 praeterea
2567 3254 2839 3311 Mahomet
2901 3255 3179 3311 Christum
3225 3257 3416 3312 Filium

1845 3350 1941 3404 Dei
1966 3362 2087 3403 esse
2118 3354 2174 3402 et
2213 3347 2406 3407 Deum,
2436 3356 2597 3416 negat
2619 3347 2783 3400 etiam
2808 3346 2951 3415 quod
2984 3347 3297 3403 incarnatus
3326 3351 3416 3413 sit,

1847 3439 2056 3494 nudum
2115 3452 2244 3493 vero
2302 3437 2435 3491 dicit
2491 3437 2769 3491 hominem
2831 3440 3128 3493 secundum
3182 3441 3419 3497 Nestorii

1847 3529 2197 3591 sententiam,
2236 3537 2292 3583 et
2335 3543 2401 3582 ex
2442 3528 2649 3596 virgine
2701 3540 2889 3582 natum
2942 3548 2954 3583 :
3010 3532 3416 3587 sanctissimum

1844 3636 1977 3677 vero
2001 3635 2120 3677 esse
2150 3619 2395 3675 omnium
2421 3618 2728 3685 hominum,
2753 3620 3076 3690 sapientem,
3096 3633 3151 3676 et
3177 3624 3415 3693 prophe-

1849 3723 1959 3767 tam
1990 3714 2235 3768 omnium
2264 3712 2656 3782 prophetarum
2698 3714 3011 3767 maximum.
3044 3714 3112 3768 Et
3137 3715 3417 3771 manifeste

1846 3807 1994 3860 hunc
2029 3804 2344 3859 hominibus
2380 3803 2829 3859 excellentiorem
2882 3819 3002 3858 esse
3033 3805 3187 3870 dicit,
3242 3807 3411 3861 Deum

1845 3910 1974 3949 vero
2008 3895 2211 3963 Deique
2234 3893 2428 3949 Filium
2462 3908 2572 3948 non
2608 3910 2750 3951 esse.
2779 3894 2914 3973 Cum
2954 3898 3137 3965 itaque
3164 3898 3414 3954 universa

1844 3988 2100 4042 secunda:
2141 3996 2197 4040 et
2231 3987 2405 4042 tertiae
2430 3986 2704 4056 Apologia:
2740 3991 2987 4042 tractatio
3023 3989 3075 4042 in
3102 3988 3204 4042 hoc
3233 4005 3413 4045 verse-

1847 4087 1953 4142 tnr,
1988 4088 2049 4133 ut
2082 4078 2422 4142 ostendatur,
2462 4077 2745 4133 Christum
2791 4091 2847 4133 et
2877 4080 3045 4134 Deum
3084 4097 3204 4135 esse
3237 4091 3294 4136 et
3318 4083 3411 4137 Dei

1843 4167 2063 4233 Fiiium,
2091 4177 2147 4224 et
2180 4169 2328 4238 quod
2365 4170 2509 4225 Deus
2545 4170 2817 4225 exsistens
2860 4173 3121 4227 extremis
3150 4175 3413 4242 tempori-

1845 4255 1947 4310 hus
1969 4270 2034 4310 ex
2062 4264 2249 4309 sancta
2277 4255 2499 4326 Virgine
2539 4268 2815 4329 assumpta
2842 4276 3005 4315 carne
3042 4262 3204 4315 homo
3238 4262 3413 4317 factus

1843 4346 1914 4397 sit
1942 4343 2238 4413 perlectus,
2258 4345 2719 4414 quemadmodum
2743 4357 2798 4402 et
2818 4348 2981 4402 homo
3003 4351 3275 4418 perfectus
3296 4363 3409 4418 est;

1842 4451 2308 4503 supervacaneum
2353 4444 2409 4492 et
2456 4438 2615 4492 nimis
2650 4439 2872 4509 longum
2921 4442 3140 4497 videtur
3189 4445 3323 4509 fore,
3366 4449 3410 4501 si

161 4523 343 4574 ἐκεῖσε
376 4524 483 4591 γαρ
514 4525 725 4590 τρανῶς
750 4525 1123 4579 ἀποδέδεικται
1171 4528 1200 4580 ὁ
1242 4529 1476 4597 Χριστὸς
1511 4530 1641 4594 Θεό,
1669 4548 1727 4584 τε

1846 4530 2030 4582 i-adem
2075 4544 2265 4584 rursus
2311 4529 2755 4598 aggrederemur.
2804 4531 2918 4587 lllic
2951 4534 3095 4588 enim
3129 4537 3412 4591 manifcs'e

161 4611 265 4663 καὶ
291 4611 597 4680 ἄνθρωπος.

244 4781 321 4847 ς’.
350 4786 471 4837 Ἔτι
503 4788 665 4855 φησὶν
704 4789 731 4839 ὁ
778 4788 1020 4857 Μωάμεο
1060 4789 1134 4858 μὴ
1184 4790 1287 4842 ὑπὸ
1315 4791 1424 4843 τῶν
1464 4794 1732 4848 Ἰουδαίων

163 4877 263 4929 τὸν
315 4877 548 4946 Χριστὸν
606 4878 975 4947 ἀναιρεθῆναι,
1011 4881 1147 4947 μήτε
1174 4883 1570 4952 σταυρωθῆναι,
1599 4886 1733 4941 ἀλλά

162 4983 294 5020 τινα
310 4968 396 5019 ἒτε
407 4985 495 5035 ρον
514 4968 705 5039 ἐκείνῳ
721 4971 926 5038 ὅμοιον,
952 4973 1042 5022 καὶ
1064 4972 1204 5024 κατὰ
1231 4976 1532 5040 φαντασίαν
1558 4978 1731 5031 ἐδόκει

160 5062 256 5113 τὸν
309 5062 543 5129 Χριστὸν
596 5062 994 5130 ἐσταυρῶσθαι,
1040 5064 1365 5134 Μανιχαίοις
1399 5068 1728 5123 ἁκοὶουθῶν.

160 5154 382 5215 Ὠσπερ
421 5154 525 5222 γὰρ
572 5154 887 5215 σπουδάζων
940 5155 1253 5223 εὑρίσκεται
1314 5160 1497 5211 πεῖσαι
1555 5161 1730 5213 πάντα

157 5245 451 5315 ἄνθρωπον
500 5244 622 5306 οὔτε
681 5247 811 5299 Θεὸν
845 5246 970 5300 οὔτε
1018 5249 1151 5302 Θεοῦ
1182 5250 1309 5302 Υἰὸν
1340 5250 1600 5314 δέξασθαι
1636 5255 1727 5305 τὸν

157 5338 426 5407 Χριστὸν,
456 5337 598 5391 οὕτω
631 5340 726 5391 καὶ
750 5340 900 5411 πασῃ
921 5342 1142 5406 δυνάμει
1174 5345 1486 5409 σπουδάζει,
1523 5345 1608 5397 ἵνα
1636 5348 1728 5399 καὶ

152 5428 262 5496 τὴν
289 5428 549 5495 ἔνσαρχον
579 5428 769 5479 τούτου
799 5430 1111 5497 οἰκονομίαν
1137 5434 1436 5503 ἀνατρέψῃ,
1469 5435 1601 5487 ἀλλὰ
1632 5438 1725 5489 καὶ

152 5522 252 5570 τὸν
288 5517 497 5569 ἐκείνου
545 5516 797 5573 θάνατον.
833 5519 1023 5588 Ἡμεῖς
1057 5522 1189 5583 γοῦν
1224 5526 1317 5576 καὶ
1358 5527 1485 5592 περὶ
1531 5526 1722 5579 τούτου

150 5610 392 5676 εἴπομεν
421 5608 478 5659 ὲν
510 5610 576 5678 τῇ
616 5610 843 5679 δευτέρα
891 5611 1177 5683 ἀπολογία,
1226 5616 1319 5670 καὶ
1360 5617 1723 5687 ἀπεδείξαμεν

228 5766 275 5795 ⁸³
320 5767 464 5822 l‘sal.
508 5784 688 5830 Lxxst.
732 5770 781 5822 (ἲ.

1840 4618 2273 4675 demonstratum
2315 4629 2420 4687 est,
2452 4620 2731 4677 Christum
2769 4633 2823 4679 et
2863 4622 3033 4679 Deum
3058 4640 3179 4680 esse
3215 4638 3270 4681 ct
3317 4628 3413 4682 lto-

1838 4711 2062 4765 minem.

1910 4800 1961 4855 6.
2015 4802 2251 4856 Rursum
2281 4802 2411 4857 dicit
2452 4804 2760 4869 Mahomet,
2798 4823 2906 4862 non
2937 4808 3214 4864 Christum
3248 4827 3275 4864 a
3318 4813 3410 4867 Ju-

1838 4890 1973 4946 daeis
2004 4892 2245 4945 occisum
2271 4904 2328 4947 ct
2364 4895 2685 4949 cruciﬁxum
2718 4911 2860 4964 esse,
2888 4900 2981 4953 sed
3024 4901 3189 4955 alium
3220 4919 3411 4972 quent-

1837 4985 1959 5038 dam
1992 4984 2067 5036 illi
2111 4984 2343 5037 similem
2381 5002 2397 5039 :
2429 4995 2484 5041 et
2513 4989 2657 5056 quod
2686 5005 2783 5058 per
2822 4990 3264 5060 imaginationem
3305 4996 3407 5049 fal-

1836 5090 1951 5129 sam
2013 5076 2281 5141 videatur,
2331 5076 2611 5132 Christum
2673 5096 2792 5135 esse
2842 5083 3186 5145 cruciﬁxum,
3238 5086 3408 5141 Mani-

1837 5168 2109 5224 chaeorum
2144 5171 2459 5239 opinionem
2497 5184 2738 5228 secutus.
2792 5175 3263 5240 Quemadmodum
3302 5180 3406 5234 hoc

1831 5259 1950 5327 ejus
1984 5259 2228 5313 Studium
2262 5276 2381 5316 esse
2414 5264 2734 5331 percipitur,
2763 5281 2871 5333 quo
2894 5268 3153 5322 omnibus
3177 5286 3404 5339 persua-

1830 5350 1958 5404 deat
1984 5366 2051 5404 ne
2074 5351 2352 5407 Christum
2384 5355 2551 5407 Deum
2582 5354 2785 5425 Deique
2815 5357 3011 5413 Filium
3045 5376 3164 5416 esse
3207 5364 3406 5418 admit-

1831 5447 1981 5504 tant;
2032 5438 2105 5492 ila
2136 5443 2300 5494 etiam
2337 5442 2482 5495 omni
2521 5443 2704 5497 studio
2746 5445 2801 5498 in
2838 5446 2942 5501 hoe
2991 5458 3096 5511 est,
3153 5461 3211 5503 ut
3252 5452 3404 5505 illius

1829 5529 2098 5584 incarnati
2129 5548 2345 5586 omnem
2398 5534 2929 5591 administrationem
2982 5539 3285 5605 subvertat,
3333 5545 3404 5596 si-

1830 5618 1943 5673 mul
1980 5629 2032 5675 ct
2067 5622 2208 5681 illius.
2238 5635 2487 5680 munem.
2522 5624 2632 5683 Nos
2670 5625 2851 5697 itaque
2880 5627 2950 5686 de
2988 5629 3179 5685 eodem
3221 5634 3274 5686 in
3310 5648 3397 5686 sa-
