4204 6450
224 425 330 488 673

225 539 403 608 παρὸν
432 540 459 592 ὁ
484 540 747 607 ᾒίωάμςη.
788 543 1083 612 Τέταρτον,
1126 544 1209 596 ὅτι
1251 547 1347 598 οὐκ
1380 548 1619 600 ἀπέθανε
1648 548 1814 601 ῦάνα-
1845 555 1886 605 Α

223 649 317 683 τον
344 634 592 698 φυσικὸν,
614 636 749 687 ἀλλὰ
776 639 886 698 τοῖς
916 638 1192 701 Ἰουδαίοις
1229 641 1501 709 ἐπέτρεψε
1535 643 1626 694 τὸν
1659 643 1807 695 ὲκεί.

226 741 318 775 νου
358 724 607 778 θάνατον.
644 728 910 797 Καοὰπτρ
941 747 1022 791 τις
1059 731 1361 800 παλαιστὴς
1392 738 1658 797 γενναῖος,
1709 734 1808 787 οὐκ

225 814 388 875 αὐτὸς
445 816 653 877 ἐκεῖνος
692 818 975 884 ἐκλέγεται
1032 820 1123 872 τὸν
1174 823 1584 891 ἀνταγωνιστὴν
1638 824 1807 877 αὑτοῦ

229 905 323 954 καὶ
367 904 680 968 ἀντίπαλον,
720 908 835 959 ἀλλ’
868 910 941 969 ὡς
969 911 1032 963 ἄν
1060 930 1141 972 τις
1178 913 1434 983 βούληται
1468 917 1639 984 τούτῳ
1674 934 1810 985 συμ-

226 992 491 1045 πλέκεται
519 1012 531 1023 θ
563 997 704 1048 οὕτω
748 1001 837 1050 καὶ
868 1001 893 1049 ὁ
920 1002 1175 1068 Χριστὸς,
1209 1003 1266 1064 ὃς
1312 1004 1418 1056 ἀπὸ
1453 1004 1611 1071 λόγου
1644 1007 1806 1074 μόνου

222 1083 389 1147 ῥίζας
455 1086 533 1145 εἰς
592 1088 695 1153 γὶζν
771 1090 892 1150 τοὺς
936 1090 1231 1158 ζητοῦντας
1304 1094 1490 1158 αὐτὸν,
1530 1097 1627 1163 τὴν
1661 1095 1808 1160 ἐξου-

224 1174 348 1225 οο⁵αν
392 1178 572 1227 πᾶσαν
639 1180 749 1239 τοῖς
799 1180 1078 1245 Ἰουδαίοις
1141 1186 1340 1251 ἁᾳῆκε.
1401 1188 1508 1239 Καὶ
1562 1189 1713 1241 αὐτοὶ
1755 1190 1804 1240 οἰ

223 1267 467 1318 Ἰουδαῖοι
542 1270 849 1333 ἐξελέξαντο
917 1277 1005 1327 τὸν
1076 1276 1163 1328 διὰ
1250 1280 1486 1348 σταυροῦ
1556 1282 1803 1345 θάνατον,

223 1358 550 1422 ἀγνοοῦντες
579 1364 622 1411 οἱ
654 1364 878 1427 τάλανες
930 1369 1011 1419 ὅτι
1060 1371 1153 1419 καὶ
1190 1369 1353 1430 αὐτὸς
1388 1374 1414 1422 6
1446 1371 1674 1430 θάνατος
1715 1373 1804 1439 ἔμ-

223 1450 395 1511 ςασίν
454 1468 578 1503 τινα
636 1458 976 1523 προφητείας
1017 1461 1359 1529 ἐπλήρωσεν.
1404 1466 1462 1513 't)
1497 1466 1603 1531 γὰρ
1641 1467 1805 1518 Δαὸίὸ

228 1558 397 1607 φησι,
443 1561 458 1591 ι
497 1546 658 1595 Λίίιον
706 1548 763 1596 ὃν
820 1550 1236 1618 ἀπεδοκίμαῖαν
1287 1557 1334 1605 οἱ
1368 1556 1799 1623 οἰκοδομοῦντες,

222 1630 378 1691 οὗτος
412 1637 641 1704 ἓγενήῠη
704 1640 782 1698 εἰς
829 1640 1069 1706 κεφαλὴν
1106 1644 1329 1708 γωνίας.
1357 1663 1374 1695 ι
1416 1646 1479 1697 Τί
1533 1646 1802 1715 δηλοὺσης

218 1725 325 1787 τῆς
351 1729 685 1795 προςητείας
710 1746 723 1787 ;
758 1731 980 1792 Πάντως
1000 1734 1152 1787 οὐδὲν
1180 1735 1440 1806 ἓτερον,ἢ
1478 1738 1579 1803 ὅτι,
1611 1737 1802 1806 ὥσπερ

218 1818 253 1882 ἡ
290 1834 371 1882 τι.)
412 1819 462 1868 ἔα
501 1820 626 1882 τους
663 1821 757 1871 δύο
784 1822 996 1890 τοίχους
1038 1824 1148 1877 ἑνοῖ
1176 1827 1269 1877 καὶ
1305 1828 1501 1892 συνδεῖ,
1541 1830 1635 1881 καὶ
1659 1832 1803 1882 ποιεῖ

1179 435 1477 494 CONTRA
1528 435 1796 496 MAIIOM

1899 436 2008 495 ΕΜ
2045 436 2326 499 ORATIO
2371 442 2485 503 III.
3388 455 3496 519 6ῗὶ

1919 546 2211 603 Mahomet.
2246 550 2472 614 Quarto,
2512 555 2656 623 quod
2694 572 2802 611 non
2831 571 3003 615 morte
3051 566 3287 619 naturali
3332 568 3492 632 obiit,

1913 638 2005 691 sed
2039 638 2242 695 Judaeis
2286 646 2480 698 mortis
2509 662 2620 701 sua:
2652 648 2941 704 arbitrium
2983 656 3231 721 permisit
3260 675 3272 710 :
3306 673 3497 726 quem-

1912 731 2204 786 admodum
2253 750 2555 804 gencrosus
2599 742 2801 795 athleta
2870 758 2980 796 non
3040 745 3155 812 ipse
3213 763 3498 803 concerta-

1912 830 2086 876 torem
2121 836 2176 878 et
2204 827 2613 881 colluctatorem
2659 832 2833 901 eligit,
2866 834 2959 888 sed
2990 850 3113 891 cum
3164 853 3273 890 uno
3317 841 3493 907 quoli—

1910 912 2003 967 bet
2031 918 2414 984 congreditur;
2448 922 2528 973 sic
2555 922 2720 975 etiam
2762 926 3036 989 Christus,
3063 929 3154 997 qui
3180 930 3297 983 solo
3322 933 3491 983 verbo

1911 1006 1965 1060 in
2018 1016 2216 1059 terram
2272 1023 2642 1077 prestraverat
2691 1028 3003 1084 quzerentcs
3036 1035 3115 1083 se,
3149 1036 3368 1075 omnem
3397 1037 3492 1088 μοι

1912 1105 2162 1151 testatem
2195 1099 2397 1155 Juilmis
2431 1105 2702 1171 permisit,
2736 1107 2829 1172 qui
2864 1116 2917 1160 et
2959 1109 3060 1175 ipsi
3105 1114 3288 1165 crucis
3340 1128 3488 1165 mor-

1913 1198 2018 1241 tem
2066 1190 2370 1259 elegerunt,
2428 1194 2739 1261 ignorantes
2797 1198 2984 1251 miseri
3041 1202 3205 1254 etiam
3255 1212 3485 1259 mortem

1911 1280 2050 1333 hanc
2092 1284 2391 1349 prophetia:
2452 1284 2673 1353 ﬁguram
2719 1290 2967 1357 implere.
3010 1291 3176 1345 David
3209 1295 3353 1346 enim
3408 1298 3488 1350 in-

1908 1373 2065 1439 quit:
2106 1392 2122 1423 ι
2165 1375 2420 1444 Lapidem
2456 1393 2617 1445 quem
2665 1383 3101 1448 rcprobaverunt
3130 1385 3485 1451 :edilieantos,

1907 1464 1996 1517 hic
2026 1465 2201 1519 factus
2230 1475 2311 1518 est
2354 1468 2404 1519 in
2437 1482 2600 1537 caput
2646 1474 2826 1537 anguli
2872 1474 2959 1527 ‘0:
3023 1494 3041 1526 ι
3073 1477 3333 1543 quidnam
3385 1479 3488 1530 hoc

1905 1552 2165 1607 vaticinio
2198 1556 2498 1609 iunuentc?
2547 1559 2663 1611 Non
2702 1561 2849 1615 aliud
2899 1575 3068 1627 certe,
3122 1581 3285 1634 quam
3338 1568 3485 1636 quod

1905 1645 2073 1697 veluti
2104 1646 2335 1713 angulus
2374 1648 2513 1701 duos
2548 1652 2831 1719 coniungit
2857 1663 2912 1707 et
2957 1655 3179 1723 colligat
3228 1660 3483 1724 parietes.

1906 1747 2183 1802 unumque
2238 1734 2389 1800 facit,
2436 1739 2515 1793 sic
2556 1748 2612 1793 et
2648 1741 2924 1807 Christus,
2986 1760 3148 1813 quem
3201 1746 3484 1816 Scriptura

1906 1835 2114 1891 petram
2148 1829 2383 1893 vocavit,
2419 1846 2580 1898 quam
2628 1834 3080 1901 reprobat-erunt,
3114 1847 3171 1892 et
3211 1852 3309 1892 ceu
3361 1838 3483 1891 inu~

219 1912 301 1969 ἓν,
338 1912 480 1963 οὕτω
509 1916 602 1965 καὶ
642 1916 668 1964 6
707 1917 962 1983 Χριστὸς,
1007 1919 1067 1981 ὃς
1102 1920 1274 1987 πέτρα
1314 1922 1608 1991 ὠνομάσθη
1651 1927 1796 1993 παρὰ

1909 1910 2057 1964 lilem
2090 1914 2424 1982 rejccerunt,
2459 1898 2770 1988 nulliusque
2815 1924 2976 1989 pretii
3009 1926 3370 1982 aediﬁcatores
3391 1928 3485 1984 Ju-

216 2001 317 2069 τῆς
364 2006 607 2073 Γραιξῆς,
668 2009 846 2061 ὅντινα
894 2012 1039 2063 λίθον
1086 2013 1517 2082 ἀπεδοκίμασαν,
1578 2017 1671 2069 καὶ
1724 2016 1799 2079 ὡς

215 2096 472 2163 ἀνωφελῆ
525 2098 619 2149 καὶ
660 2100 930 2169 ἄχρηστον
977 2103 1215 2173 ἔρριψαν
1278 2106 1323 2157 οἱ
1375 2106 1797 2176 οἰκοδομοῦντες

230 2188 503 2249 Ἰουδαῖοι,
533 2189 729 2252 οἵτινες
761 2196 1224 2266 ἐνεπιστεὺθησαν
1254 2199 1320 2249 τὰ
1354 2198 1446 2249 τοῦ
1478 2198 1612 2250 Θεοῦ
1643 2198 1799 2263 λόγια

216 2281 301 2340 εἰς
338 2282 629 2352 οἰκοδομὴν
662 2288 756 2339 καὶ
790 2290 1064 2356 σωτηρίαν
1098 2290 1189 2342 τοῦ
1224 2290 1416 2357 γένους
1471 2290 1673 2353 αὐτῶν,
1702 2285 1799 2345 οὗ·

213 2384 327 2431 τος.
358 2371 527 2438 ἤγουν
556 2372 584 2422 ὁ
612 2373 869 2440 Χριστος,
906 2378 1138 2447 ἐγενήθη
1170 2378 1249 2439 εἰς
1296 2377 1536 2447 κεφαλὴν
1568 2380 1794 2446 γωνίας,

214 2461 464 2513 τουτέστι
508 2464 708 2531 συνῆψε
740 2468 839 2533 τήν
870 2482 925 2515 τε
977 2468 1213 2519 παλαιὰν
1268 2469 1566 2538 Διαοτικην,
1602 2472 1693 2523 καὶ
1725 2472 1795 2524 τὰ

212 2550 368 2617 ἔθνη,
426 2554 519 2603 καὶ
571 2554 775 2615 ἑνώσας
814 2566 877 2608 τα
917 2558 1030 2621 δύο,
1060 2558 1157 2610 ἕνα
1197 2556 1346 2611 οἷκον
1397 2562 1651 2630 ἐποίησεν
1706 2564 1787 2625 είς

215 2641 643 2711 κατοικητήριον
674 2644 829 2698 Θεοῦ.
873 2648 976 2698 Καὶ
1025 2647 1207 2711 τείνας
1246 2649 1340 2712 τὰς
1385 2654 1574 2722 χεῖρας
1624 2655 1683 2706 ὲν
1716 2652 1793 2725 τῷ

217 2734 464 2803 σταυρῷ,
500 2738 568 2789 τὰ
600 2738 864 2792 διεστῶτα
905 2746 1201 2810 συνήγαγε,
1235 2748 1323 2797 καὶ
1359 2748 1436 2807 εἰς
1469 2747 1567 2799 ἓν).
1593 2750 1781 2801 καινὸν

216 2824 511 2894 ἄνθρωπον
553 2831 646 2881 καὶ
681 2831 810 2897 μίαν
877 2834 1060 2886 πίστιν
1106 2837 1578 2904 ἀποκατέστησεν.
1634 2839 1794 2892 Ἀλλὰ

214 2918 313 2968 καὶ
348 2918 442 2970 τὸν
475 2919 633 2988 ἀέρα,
667 2921 849 2977 ὅντινα
901 2927 929 2977 6
977 2927 1161 2995 ἄρχων
1209 2928 1303 2979 τοῦ
1337 2929 1501 2996 ἀέρος
1548 2929 1792 2994 διάϐολος

211 3010 436 3075 ἐμίανε,
471 3011 659 3063 τοῦτον
690 3014 719 3066 6
751 3016 986 3082 Χριστὸς
1022 3018 1241 3086 ἡγίασε,
1274 3018 1362 3073 δ;ὰ
1409 3021 1469 3070 τὸ
1517 3021 1792 3090 ἀναϐεϐη-

212 3104 372 3156 κέναι
405 3104 566 3156 αὐτδν
596 3108 675 3168 εἰς
695 3105 756 3159 τὸ
778 3106 871 3160 τοῦ
902 3109 1138 3176 σταυροῦ
1172 3110 1323 3177 ὕψος.
1358 3112 1515 3164 Εἴποι
1542 3112 1587 3165 δ’
1616 3115 1680 3167 ἄν
1708 3131 1793 3178 τις

210 3194 308 3246 καὶ
344 3193 525 3257 τοῦτο,
558 3197 637 3248 ὅτι
668 3196 769 3249 οὐκ
818 3198 1089 3252 ἀπέθανεν
1124 3202 1150 3252 6
1180 3202 1413 3271 Χριστὸς
1448 3204 1540 3256 τόν
1572 3221 1629 3256 τε
1675 3205 1788 3256 Ἰω-

212 3283 382 3337 άννου
410 3286 658 3351 θάνατον,
691 3286 724 3355 ἢ
758 3286 849 3339 τὸν
892 3288 1142 3354 Ἡσαΐου,
1172 3292 1368 3354 οἵτινες
1397 3295 1423 3344 6
1452 3293 1553 3359 μὲν
1578 3294 1788 3362 ἐτμήθη

208 3379 315 3446 τὴν
373 3378 640 3449 κεφαλὴν,
677 3381 703 3432 6
751 3379 807 3432 δὲ
839 3380 1075 3451 ἐπρίσοη
1122 3384 1289 3451 μέσον
1334 3384 1532 3452 ξυλίνῳ
1586 3386 1788 3454 πρίονι,

206 3468 347 3520 ἁλλὰ
388 3468 528 3520 σῶον
574 3469 713 3536 ἔχων
761 3468 820 3522 τὸ
861 3470 1042 3541 σῶμα,
1096 3471 1446 3526 διδασκαλίαν
1497 3475 1678 3542 ἀφεὶς,
1710 3478 1791 3529 ὅτι

206 3556 338 3607 ἐπεὶ
373 3557 533 3626 σῶμα
562 3557 804 3626 Χριστοῦ
837 3560 869 3628 ἡ
897 3559 1198 3627 Ἐκκλησία
1228 3562 1396 3623 ἐστὶν,
1434 3565 1532 3615 οὐκ
1561 3563 1680 3615 ἔστι
1714 3564 1764 3616 δί

204 3662 390 3708 καιον,
421 3646 509 3698 ἴνα
539 3648 801 3717 σχίζωσιν
829 3650 1002 3719 αὐτὴν
1031 3653 1079 3703 οἱ
1117 3654 1303 3715 κακῶς
1335 3653 1679 3722 φρονοῦντες.

276 3732 346 3797 ζ’.
396 3735 514 3788 Ἔτι
541 3738 703 3805 φησιν
726 3739 809 3790 ὅτι
843 3739 935 3791 τὸν
970 3741 1206 3809 Χριστὸν
1260 3744 1285 3793 6
1317 3743 1447 3804 Θεὸς
1479 3748 1557 3804 εἰς
1590 3745 1788 3797 ἑαυτὸν

208 3826 642 3894 μετεκαλέσατο,
672 3827 952 3882 τουτέστιν
981 3832 1058 3892 είς
1088 3830 1216 3892 τοὺς
1252 3831 1539 3898 οὐρανούς.
1574 3834 1706 3897 Περὶ
1733 3831 1789 3884 δὲ

202 3917 273 3967 τὰ
302 3916 436 3985 τέλη
459 3916 551 3968 τοῦ
580 3918 785 3986 κόσμου
824 3918 985 3970 πάλιν
1048 3921 1371 3989 φανήσεται,
1405 3922 1500 3972 καὶ
1549 3920 1791 3973 Οανατώ-

208 4023 298 4058 σει
354 4009 446 4060 τὸν
476 4007 869 4078 ’Δντίχριστον,
905 4012 1044 4080 μετὰ
1069 4012 1123 4063 δὲ
1155 4010 1325 4064 ταῦτα
1359 4011 1541 4063 Οα-,εῖν
1573 4013 1665 4063 καὶ
1698 4013 1789 4064 τὸν

205 4093 473 4161 Χριστὸν,
523 4098 636 4159 τοῖς
685 4098 981 4163 αίρετικοίς
1046 4099 1397 4159 Δονατισταῖς
1455 4097 1787 4166 συμφωνῶν,

203 4186 301 4235 καὶ⁵
335 4184 508 4255 ταύτῃ
536 4189 600 4254 τῇ
650 4187 860 4257 αἱρέσει
913 4188 970 4239 τὸ
1000 4188 1380 4257 ὁμολογεῖσθαι
1440 4189 1672 4258 Χριστὸν
1700 4189 1789 4241 τὸν

200 4277 345 4328 Θεὶν
398 4278 714 4346 ἀνατρέπει.
750 4280 871 4332 Ὀτι
926 4281 1024 4348 μὲν
1076 4282 1183 4350 γὰρ
1238 4282 1516 4349 ἀνελήφθη
1552 4282 1630 4343 εἰς
1663 4280 1789 4341 τοὺς

203 4366 472 4434 οὐρανους
505 4370 531 4420 6
566 4368 822 4436 Χριστὸς,
847 4370 1119 4439 ὁμολογεῖ,
1149 4372 1241 4423 καὶ
1296 4374 1379 4425 ὅτι
1418 4373 1581 4424 πάλιν
1635 4372 1788 4423 ἐλεύ·

202 4455 400 4507 σεσοαι
459 4456 643 4525 μέλλει
685 4460 783 4511 οὐκ
837 4463 1124 4528 ἀρνεῖται·
1178 4462 1258 4514 ὅτι
1310 4462 1364 4514 δὲ
1415 4463 1490 4523 ὡς
1532 4463 1661 4523 Θεὸς
1694 4463 1788 4514 καὶ

1904 1999 2029 2063 daai,
2062 2004 2157 2071 qui
2196 2019 2327 2059 sane
2362 2007 2829 2065 conﬁrmaverunt
2869 2013 2965 2067 Dei
3005 2018 3224 2070 oracula
3264 2019 3317 2071 in
3348 2019 3483 2072 andi—

1905 2092 2215 2147 ﬁcationcm
2261 2106 2317 2149 et
2376 2098 2608 2152 salutem
2654 2104 2834 2169 gentis
2869 2120 3017 2171 sua};
3075 2106 3199 2171 hic,
3234 2110 3480 2179 inquam,

1901 2182 2155 2239 Christus
2177 2186 2352 2241 factus
2378 2199 2463 2242 est
2487 2188 2539 2242 iu
2569 2205 2735 2260 caput
2765 2195 2970 2264 anguli,
3005 2197 3055 2249 id
3089 2209 3174 2252 est
3196 2201 3481 2268 conjunxit

1907 2285 2058 2332 vetus
2112 2277 2549 2346 Testamentum,
2602 2292 2657 2338 et
2706 2295 2919 2353 gentes,
2971 2298 3025 2342 et
3087 2288 3170 2344 his
3221 2294 3482 2360 utrinque

1899 2369 2211 2439 conjunctis
2242 2387 2406 2424 unam
2428 2373 2558 2427 fecit
2587 2376 2810 2430 domum
2837 2379 2892 2432 in
2934 2379 3308 2436 habitaculum
3350 2384 3477 2448 Dei;

1898 2468 1955 2512 et
2007 2460 2252 2515 extensis
2283 2463 2338 2515 in
2369 2478 2533 2517 cruce
2585 2466 2860 2531 manibus,
2902 2468 3163 2524 distantia
3221 2473 3364 2526 inter
3418 2488 3478 2527 se

1899 2549 2137 2619 collegit,
2178 2560 2235 2606 et
2268 2552 2326 2606 in
2354 2569 2521 2608 unum
2558 2570 2758 2610 novum
2795 2558 3073 2614 hominem
3108 2576 3382 2631 unamque
3418 2566 3480 2617 ti-

1896 2643 2021 2698 dem
2049 2645 2359 2702 constituit.
2405 2644 2509 2701 Sed
2562 2658 2617 2703 et
2665 2664 2871 2715 aerem,
2908 2655 3165 2721 quoniam
3224 2656 3480 2725 princeps

1897 2736 2039 2790 aeris
2069 2735 2336 2790 infecerat
2369 2738 2645 2804 diabolus,
2692 2742 3055 2799 sanctilicavit
3098 2744 3354 2799 Christus
3382 2763 3478 2815 per

1897 2842 2057 2881 suum
2113 2828 2169 2881 in
2223 2831 2407 2884 crucis
2465 2832 2834 2886 summitatem
2893 2848 3202 2889 ascensum.
3266 2836 3479 2892 P0terit

1899 2931 2029 2969 vero
2056 2916 2257 2985 aliquis
2321 2927 2377 2971 et
2420 2918 2527 2973 hoc
2581 2919 2789 2982 dicere,
2860 2924 3006 2991 quod
3058 2924 3313 2980 Christus
3366 2942 3475 2981 nou

1895 3017 2148 3063 mortuus
2181 3010 2275 3076 sit,
2316 3026 2381 3066 ea
2415 3027 2523 3081 qua
2570 3012 2814 3069 Joannes
2841 3025 2896 3069 et
2926 3016 3096 3072 isaias
3121 3030 3298 3073 morte
3323 3019 3477 3075 obie-

1894 3110 2025 3154 runt
2055 3099 2109 3170 (e
2137 3102 2341 3170 quibus
2388 3102 2479 3156 ille
2529 3103 2749 3172 quidem
2799 3108 2978 3175 capite
3031 3118 3337 3175 truncatus,
3385 3110 3475 3164 hic

1898 3206 2028 3245 vero
2062 3206 2213 3245 serra
2236 3192 2413 3261 lignea
2439 3192 2652 3247 medius
2682 3194 2956 3250 dissectus
2984 3201 3112 3267 est),
3147 3198 3242 3253 sed
3273 3214 3475 3268 corpus

1895 3280 2104 3335 salvum
2145 3292 2201 3336 et
2235 3283 2510 3353 integrum
2564 3299 2914 3353 conservans,
2950 3287 3136 3343 docuit
3176 3291 3279 3344 hoc
3328 3290 3473 3345 facto

1892 3386 2013 3435 nos,
2045 3376 2190 3441 quod
2216 3373 2539 3440 Ecclesiam,
2565 3375 2696 3444 quia
2728 3391 2930 3447 corpus
2970 3377 3173 3434 Christi
3217 3390 3327 3443 est,
3364 3396 3471 3436 non

1891 3463 2050 3520 liceat
2081 3464 2365 3520 malevolis
2398 3466 2453 3520 in
2492 3466 2739 3522 diversas
2771 3478 2957 3537 partes
2989 3469 3327 3526 discindere.

1962 3734 2015 3786 7.
2056 3732 2282 3801 Insuper
2307 3729 2461 3798 dicit,
2490 3731 2662 3786 Deum
2687 3731 2756 3788 ad
2787 3746 2867 3799 se,
2899 3732 2952 3787 id
2988 3742 3074 3787 est
3100 3732 3155 3787 in
3185 3734 3353 3789 caelos
3376 3750 3469 3789 vo-

1891 3823 2101 3877 cavisse
2126 3821 2432 3887 Christum,
2460 3818 2662 3876 deinde
2718 3836 2850 3876 vero
2892 3833 2949 3877 et
3002 3821 3182 3892 ipsum
3237 3823 3470 3877 moritu-

1890 3930 2054 3969 rum:
2087 3912 2358 3968 haereticis
2413 3912 2711 3968 Donatistis
2763 3914 3134 3977 censentiens,
3180 3929 3301 3984 qua:
3361 3916 3468 3967 lue-

1892 4005 2030 4058 resis
2057 4003 2152 4058 Dei
2187 4005 2253 4058 de
2291 4002 2511 4057 Christo
2553 4002 2955 4059 confessionem
3006 4003 3260 4058 destruit.
3310 4002 3468 4069 Quod

1889 4095 2036 4149 enim
2062 4093 2117 4147 in
2160 4094 2330 4149 caelos
2378 4102 2694 4162 assumptus
2750 4093 2823 4148 sit
2887 4094 3162 4157 Christus,
3217 4104 3464 4159 testatur,

1891 4202 1991 4241 nec
2024 4186 2278 4241 eumdem
2326 4194 2490 4257 negat
2538 4186 2722 4240 denuo
2759 4197 3077 4241 venturum.
3124 4185 3278 4251 Quod
3334 4202 3465 4239 vero

1889 4294 1988 4332 ceu
2022 4277 2165 4333 Deus
2208 4287 2262 4332 et
2291 4277 2457 4348 judex
2508 4278 2777 4331 universa:
2824 4286 2983 4331 terra;
3044 4288 3306 4331 venturus
3371 4278 3463 4342 sit,

1888 4370 2154 4439 abnegat;
2190 4370 2285 4424 sed
2335 4368 2510 4422 instar
2536 4367 2669 4421 Eliae
2711 4376 2766 4420 et
2797 4366 2981 4421 Enoch
3016 4365 3313 4444 Christum
3336 4383 3467 4421 ven-

1891 4469 2071 4513 turum
2116 4474 2235 4512 esse
2276 4457 2553 4527 prmdicat.
2590 4458 2739 4511 Illius
2768 4466 2944 4510 morte
2975 4467 3158 4509 autem
3206 4469 3331 4511 ante
3371 4474 3465 4510 nc-

201 4546 403 4614 κριτὴς
482 4547 662 4616 πάσης
734 4551 987 4614 κτίσεως,
1058 4553 1443 4606 ἁποόαλλεται.
1510 4552 1654 4603 Ἀλλ’
1709 4552 1784 4612 ὡς

1899 4560 2028 4619 gata,
2068 4564 2213 4602 nunc
2262 4549 2397 4603 dicit
2437 4550 2601 4604 etiam
2635 4549 2918 4604 Christum
2970 4551 3325 4613 moriturum,
3368 4550 3462 4603 ubi

202 4638 396 4690 Ἠλίαν
428 4639 457 4707 ἢ
488 4638 676 4710 Ἑνὼχ,
709 4642 851 4693 οὕτω
891 4642 1147 4711 κηρύττει
1173 4646 1265 4696 τὸν
1297 4644 1530 4714 Χριστὸν
1558 4644 1777 4696 ἐλεύσε-

200 4730 354 4783 σθαι.
390 4732 750 4802 Ἀρνούμενος
782 4736 838 4786 δὲ
858 4736 953 4787 καὶ
982 4734 1071 4787 τὸν
1099 4737 1311 4788 ἐκείνου
1341 4736 1593 4799 ῡάνατον,
1630 4739 1777 4805 λέγει

196 4826 283 4875 ὅτι
336 4825 474 4890 μετὰ
516 4826 577 4876 τὸ
604 4825 914 4880 Θανατῶσαι
940 4829 1032 4900 τὸν
1060 4829 1449 4895 Ἀντίχριστον,
1485 4830 1577 4880 καὶ
1603 4831 1769 4881 αὑτὸν

197 4916 294 4966 τον
356 4915 591 4983 Χριστὸν
631 4918 942 4971 ἀποθανεῖν.
1002 4920 1143 4973 Ἀλλ’
1198 4920 1321 4972 ἐπεὶ
1368 4920 1631 4981 πολλάκις
1685 4920 1777 4972 καὶ

195 5007 476 5079 διαφόρως
529 5009 838 5080 ἔμπροσθεν
881 5015 1011 5084 περὶ
1074 5014 1167 5067 τοῦ
1225 5014 1463 5084 Χριστοῦ
1526 5013 1774 5080 εἴπομεν,

1885 4643 2283 4697 Antichristum
2337 4642 2621 4697 occiderit.
2692 4644 2960 4708 Quoniam
3014 4658 3144 4696 vero
3210 4645 3463 4711 superius

1886 4750 2027 4804 saepe
2058 4744 2113 4789 et
2151 4735 2501 4788 multifariam
2537 4735 2604 4788 de
2638 4734 2857 4788 Christo
2888 4735 3149 4799 diximus,
3182 4736 3461 4788 sutliciunt

1885 4842 1949 4880 ea
1977 4840 2098 4893 quae
2125 4825 2268 4878 dicta
2319 4834 2466 4887 sunt,
2502 4825 2556 4876 in
2595 4833 2756 4877 tanta:
2792 4824 3089 4892 impietatis
3134 4824 3461 4876 confutatio-

1877 4929 2011 4967 nem
2037 4922 2093 4967 et
2122 4913 2475 4967 solutionem.
2505 4912 2571 4966 Et
2599 4914 2716 4967 haec
2742 4928 2871 4966 sane
2896 4921 3025 4966 sunt
3053 4927 3173 4981 qua:
3205 4914 3271 4966 de
3298 4912 3457 4966 Chri-

1886 5016 1970 5061 sto
2000 5022 2028 5060 a
2055 5006 2358 5058 Mahomete
2392 5012 2519 5059 sunt
2544 5006 2757 5059 tradita.

195 5108 421 5174 ἀπόχρη
446 5108 512 5157 τὰ
543 5107 812 5172 λεγόμενα
856 5111 931 5168 είς
982 5109 1294 5178 ἀνασκευὴν
1328 5111 1421 5161 καὶ
1468 5108 1763 5160 κατάλυσιν
1813 5103 1904 5155 καὶ
1937 5101 2125 5154 τούτου
2184 5098 2275 5150 τοῦ
2314 5098 2683 5167 ἀσεὸήματος.
2746 5100 2857 5153 Καὶ
2897 5099 3026 5167 περὶ
3070 5097 3168 5167 μὲν
3200 5115 3291 5149 του
3322 5098 3456 5168 Χρι-

198 5200 337 5253 στοῦ
368 5198 542 5251 ταῦτά
564 5201 670 5251 εἰσι
699 5200 767 5251 τὰ
799 5198 949 5268 παρὰ
980 5200 1071 5251 τοῦ
1107 5202 1354 5269 Μωάμεο
1387 5201 1665 5268 λεχθέντα.

272 5290 350 5362 η’.
388 5291 523 5360 Περὶ
557 5290 613 5344 δὲ
645 5293 743 5360 τῆς
775 5288 943 5360 ἁγίας
990 5294 1209 5363 Μαρίας
1242 5296 1337 5359 τῆς
1366 5293 1639 5362 nepos-.02
1680 5291 1774 5342 καὶ

192 5382 463 5438 θεοτὸκου
490 5383 690 5436 οὑτωσί
723 5401 907 5453 φησιν,
944 5385 1026 5437 ὅτι
1055 5386 1103 5437 ot
1150 5387 1467 5455 Χριστιανοὶ
1499 5384 1775 5437 0561:0on-

192 5493 283 5528 σιν
304 5475 499 5544 αὐτὴν.
526 5475 679 5527 Ἐπεὶ
713 5476 843 5541 γοῦν
868 5478 959 5529 καὶ
992 5477 1119 5545 περὶ
1150 5476 1242 5527 τοῦ
1290 5476 1532 5527 τοιούτου
1571 5478 1774 5545 ἁτοπή-

195 5583 377 5637 ματος
430 5566 679 5634 ἀρκετῶς
726 5568 1033 5636 εἰρήκαμεν
1062 5568 1117 5619 έν
1157 5570 1222 5637 τῇ
1268 5567 1429 5639 τρίτῃ
1484 5566 1770 5636 ἀπολογίᾳ,

194 5658 369 5710 πλέον
389 5659 451 5709 οὐ
487 5655 735 5728 λέγομεν.
760 5660 999 5729 Ἀρκετὲι
1029 5660 1253 5729 καὶγὰρ
1295 5661 1401 5711 εἰσι
1428 5661 1489 5709 τὰ
1518 5660 1769 5727 ρηυέλτα.

271 5824 321 5858 ⁸⁸
358 5823 552 5880 Matth.
596 5840 708 5890 ut,
749 5826 839 5880 42.

1945 5288 1995 5340 8.
2024 5287 2096 5340 De
2124 5294 2310 5339 sancta
2341 5300 2471 5337 vero
2506 5284 2669 5337 Maria
2705 5283 2911 5352 virgine
2957 5293 3012 5337 et
3042 5286 3266 5353 Dcipara
3291 5288 3445 5352 dicit,

1874 5381 2019 5449 quod
2078 5378 2373 5432 Christiani
2410 5379 2552 5430 illam
2590 5379 2645 5429 in
2694 5381 2822 5431 t'eos
2881 5378 3139 5433 referant.
3183 5381 3448 5442 Quoniiam

1876 5487 2005 5526 vero
2037 5471 2201 5524 etiam
2235 5474 2299 5524 tle
2332 5472 2432 5523 hac
2473 5469 2807 5522 absurditate
2860 5471 2911 5522 in
2961 5471 3118 5522 tertia
3185 5470 3447 5537 Apologia

1873 5564 2108 5618 diximus
2155 5562 2508 5625 sullieientcr,
2545 5562 2694 5629 plura
2730 5578 2836 5615 non
2865 5562 3145 5627 dicemus;
3188 5577 3251 5615 ea
3299 5564 3445 5613 enim

1874 5673 1993 5726 quae
2027 5656 2171 5709 dicta
2214 5664 2363 5720 sunt,
2425 5656 2531 5708 huc
2579 5654 2874 5708 sutliciunt.
2926 5653 3056 5707 Item
3108 5652 3165 5706 in
3209 5654 3449 5721 capitulo
