4204 6450
788 406 855 467 79
1916 392 2241 454 JOANNIS
2280 387 2806 449 CANTACUZENI

3874 383 3980 447 680

753 529 896 574 mata
921 512 1284 572 discernere?
1314 512 1431 566 Non
1475 508 1620 564 enim
1662 505 1899 559 Gabt'ieli
1936 505 2034 558 soli
2073 518 2130 556 se
2181 510 2334 554 ante-

2476 514 2623 567 ισπερ
2678 499 2801 550 τινὰ
2852 495 3074 550 κώδωνα
3116 495 3349 565 χαλκοῦν
3400 495 3656 565 ἠχοῦντα.
3702 494 3763 547 Ὀ
3812 498 3994 548 τοίνυν

754 612 927 681 ponit,
976 592 1072 662 sed
1122 606 1289 661 etiam
1340 603 1597 655 omnibus
1647 599 1732 651 his
1780 597 1844 650 ad
1891 610 2028 664 quos
2074 592 2313 647 Gabrieli

754 719 869 755 non
917 698 1339 769 permittebatur
1386 692 1635 762 ingredi:
1692 692 1786 744 sed
1838 698 1988 742 tanto
2042 686 2148 739 illis
2201 691 2322 737 erat

758 792 1011 852 iulerior,
1049 802 1107 843 ut
1138 789 1314 856 ipsum
1357 785 1713 837 Malmmetem
1751 779 1904 833 alteri
1946 778 2136 847 angelo
2171 790 2321 828 (τοπι-

760 886 1025 944 mitteret,
1059 881 1149 949 qui
1184 888 1237 931 et
1280 879 1395 945 ipse
1427 876 1609 937 alteri,
1654 884 1707 925 et
1739 872 1818 924 sic
1853 870 2114 937 deinceps
2143 882 2198 919 se
2230 880 2325 934 per

767 977 1011 1041 singulos
1046 975 1096 1025 iu
1127 972 1445 1038 angelorum
1486 968 1693 1020 turbam
1731 964 2065 1033 pervenisse,
2096 974 2232 1027 quos
2271 965 2327 1009 et

765 1071 913 1135 ipsos
951 1065 1163 1117 tandem
1204 1060 1623 1117 transcenderit,
1657 1057 1833 1108 donec
1885 1052 1949 1115 ad
2002 1052 2168 1103 Deum
2207 1064 2326 1117 per-

763 1157 989 1209 veniens
1016 1167 1205 1206 mutuo
1230 1168 1352 1205 cum
1390 1153 1480 1202 illo
1510 1162 1638 1200 usus
1686 1148 1755 1199 sit
1786 1143 2073 1211 colloquio.
2109 1142 2187 1194 Ad
2218 1141 2331 1193 lucc

765 1266 822 1302 St‘
862 1265 967 1299 non
1000 1246 1160 1298 modo
1189 1245 1443 1296 omnibus
1470 1242 1552 1292 his
1588 1238 1824 1307 [ιι-πίονι,
1860 1234 1952 1286 sed
1982 1234 2144 1286 etiam
2170 1247 2331 1283 oran-

768 1350 877 1391 tem
933 1354 988 1390 se
1049 1352 1147 1404 pro
1206 1336 1311 1387 illis
1367 1332 1597 1384 inducit.
1638 1330 1803 1382 (Συεςο
1857 1339 2000 1377 nunc
2054 1324 2235 1373 dicere
2266 1321 2333 1372 de

769 1444 966 1496 magno
1009 1428 1101 1479 illo
1152 1426 1243 1477 llci
1296 1430 1606 1489 spectatore
1656 1417 1821 1476 Mose,
1858 1429 2041 1482 quem,
2102 1420 2160 1464 ut
2221 1411 2335 1477 ipse

772 1520 931 1582 dicit,
965 1522 1018 1570 in
1046 1524 1244 1585 quarto
1274 1513 1413 1566 cudo
1440 1509 1745 1575 conspexit,
1776 1521 1898 1558 cum
1929 1505 2044 1571 ipse
2074 1501 2137 1553 ad
2171 1499 2337 1566 septi-

776 1627 924 1664 mum
963 1623 1132 1675 usque
1170 1604 1508 1664 ascenderit,
1540 1611 1595 1654 et
1638 1599 1704 1653 ad
1746 1598 1912 1650 lleum
1946 1609 2116 1661 usque
2150 1606 2339 1659 perve-

772 1702 936 1765 nerit,
987 1712 1223 1764 cumque
1290 1695 1382 1747 illo
1439 1693 1510 1746 sit
1559 1692 1900 1748 coiiocutus,
1951 1697 2006 1739 ct
2057 1693 2176 1753 post
2226 1687 2339 1734 haec

771 1806 1023 1861 egressus
1053 1790 1144 1852 sit,
1178 1797 1233 1840 et
1264 1785 1608 1839 descenderit
1643 1781 1707 1833 ad
1741 1787 2249 1845 cwluuiquartum,
2283 1785 2342 1827 ut

774 1885 982 1938 dictum
1034 1890 1155 1943 est;
1208 1879 1301 1930 ubi
1352 1877 1499 1929 etin
1553 1871 2058 1931 Mosemineidet‘it,
2095 1878 2150 1923 et
2197 1869 2341 1922 hunc

2430 589 2503 659 μὴ
2560 589 2807 657 δυνηθεὶς
2862 591 3049 657 φερειν
3098 589 3213 647 ἑνὸς
3266 589 3499 655 ἀγγέλου
3559 587 3823 640 ὀπτασίαν
3877 588 3994 648 πιές

2433 682 2697 732 τοσούτων
2731 679 2978 745 ἀγγέλων
3026 679 3199 747 αὐγὴν
3234 680 3471 749 ἡδυνήθη
3505 678 3808 731 θεάσασθαι
3837 696 3852 740 ;
3899 694 3998 728 πει

2435 768 2826 837 ριεργάσασθαί
2858 783 2915 817 τε
2964 769 3059 819 καὶ
3092 769 3381 836 ’μετρῆσαι
3430 770 3530 827 τας
3580 768 3848 827 τοσαύτας
3909 783 3998 817 κε-

2434 858 2609 926 φαλὰς
2640 858 2749 909 τῶν
2785 858 3057 925 ἀγγέλων,
3107 858 3205 919 τὰς
3242 857 3389 919 ἐντός
3435 875 3495 908 τε
3551 859 3658 908 τῶν
3712 857 4001 924 στομάτων

2435 952 2612 1003 αὐτῶν
2646 950 2922 1018 γλώσσας,
2962 952 3098 1004 ἀλλὰ
3137 951 3200 1017 δὴ
3244 952 3339 1002 καὶ
3372 955 3470 1011 τὰς
3504 949 3794 1018 διαφόρους
3845 947 4003 999 ἐναλ-

2436 1042 2608 1107 λαγὰς
2665 1043 2756 1092 καὶ
2824 1042 3092 1105 ἰδιότητας
3144 1040 3249 1092 τῶν
3308 1039 3491 1109 ὓμνων
3550 1036 3645 1088 τοῦ
3696 1035 3883 1099 Θεοῦ;
3928 1039 4003 1102 μὴ

2441 1135 2597 1202 μονον
2624 1132 2732 1200 γὰρ
2765 1132 2858 1183 τοῦ
2898 1131 3137 1199 Γαϐριὴλ
3181 1131 3401 1199 μείζονα
3432 1125 3570 1181 εἶναι
3604 1129 3748 1193 λέγει
3786 1129 4000 1187 ἑαυτὸν,

2439 1228 2576 1279 ά)λὰ
2615 1228 2708 1279 καὶ
2750 1225 2969 1278 πάντων
3009 1228 3254 1288 ἐκείνων,
3289 1226 3385 1285 ἐίς
3427 1224 3517 1283 οὒς
3564 1223 3592 1273 ὁ
3626 1221 3868 1288 Γαϐριὴλ
3908 1224 4003 1271 οὲκ

2440 1316 2555 1388 εἶχε
2594 1318 2970 1387 παρείσδυσιν.
3011 1317 3169 1370 Ἀλλὰ
3196 1315 3450 1367 τοσοῦτον
3482 1311 3548 1383 ἦν
3581 1314 3827 1366 ἀποδέων
3864 1312 4007 1362 ἐκεῖ-

2442 1431 2569 1473 νων,
2600 1411 2741 1463 ὥστε
2776 1410 2868 1462 τὸν
2910 1409 3153 1477 Μωάμεο
3187 1408 3347 1459 αὐτὸν
3379 1407 3549 1474 ἑτέρῳ
3577 1405 3795 1472 ἀγγέλῳ
3829 1419 4004 1469 1:792-

2445 1505 2648 1567 δοῦναι,
2686 1506 2711 1555 ὁ
2739 1504 2782 1554 δ’
2814 1501 2880 1554 αὖ
2914 1502 3106 1570 ἑτέρῳ,
3158 1501 3252 1553 καὶ
3284 1501 3479 1566 ἑφεξῆς
3508 1501 3672 1566 ἄλλῳ,
3714 1499 3811 1548 καὶ
3840 1496 4008 1552 οὖτως

2446 1598 2687 1650 ἀνελθεῖν
2720 1599 2796 1658 εἰς
2839 1595 2899 1646 τὸ
2949 1594 3152 1661 πλῆθος
3197 1592 3305 1644 τῶν
3354 1589 3621 1658 ἀγγέλων,
3664 1585 3784 1641 εἶτα
3826 1586 4010 1639 κάκεί-

2448 1708 2555 1741 νων
2608 1688 3060 1758 ὑπεραναδῆναι,
3109 1686 3203 1737 καὶ
3258 1683 3430 1746 οὕτως
3487 1682 3748 1734 εἰσελθεῖν
3797 1681 3878 1739 εἰς
3928 1680 4012 1726 τὶν

2450 1784 2602 1844 Θεὸν,
2644 1782 2739 1833 καὶ
2774 1779 3052 1848 συντυχεῖν
3098 1776 3367 1843 ἀλλήλοις.
3412 1774 3530 1826 Ἔτι
3581 1771 3654 1840 μὴ
3694 1770 3860 1839 μόνον
3896 1768 4011 1835 μεί-

2451 1875 2580 1935 ζονα
2617 1874 2836 1925 πάντων
2894 1872 3114 1922 ἐκείνων
3159 1868 3393 1919 δεικνύει
3458 1866 3690 1927 ἑαυτὸν,
3750 1862 3894 1915 ἀλλὰ
3923 1864 4012 1913 καὶ

776 1988 995 2043 quoque
1046 1973 1117 2024 illi
1156 1970 1524 2031 consuluisse,
1560 1976 1619 2019 ut
1656 1979 1909 2018 reversus
1951 1973 2135 2015 oraret
2178 1962 2343 2013 Deum

2476 1965 2597 2032 ιπὲρ
2628 1965 2855 2016 ἐκείνων
2904 1963 3216 2031 εὐχόμενον.
3268 1959 3373 2011 Ἐὦ
3407 1959 3586 2025 λέγειν
3625 1957 3757 2023 περὶ
3792 1954 3885 2007 τοῦ
3924 1970 4013 2021 με·

778 2081 878 2134 pro
928 2063 1152 2133 populo,
1177 2072 1477 2129 votumque
1512 2058 1767 2111 redderet
1803 2056 1999 2116 levius,
2033 2053 2235 2122 populo
2268 2051 2348 2103 ui-

781 2160 981 2211 mirum
1032 2157 1334 2209 inﬁrmiore
1380 2156 1445 2207 ad
1484 2156 1585 2207 hoc
1629 2154 1944 2206 cxsistenle.
1978 2151 2094 2215 Quo
2121 2148 2351 2203 consilio

784 2266 940 2303 usum
980 2248 1045 2301 ad
1080 2250 1247 2300 Deum
1295 2246 1548 2311 rediisse,
1597 2253 1652 2297 et
1702 2245 1814 2297 haec
1840 2244 2085 2295 oravisse
2115 2243 2183 2294 ab
2215 2241 2350 2293 illo:

780 2339 926 2408 quod
990 2341 1155 2392 etiam
1218 2338 1296 2392 illi
1342 2352 1665 2391 concessum
1717 2335 1820 2399 sit,
1872 2334 2096 2401 votique
2145 2330 2356 2400 pondus

782 2430 1119 2484 al‘leviatum.
1150 2431 1286 2483 Cum
1322 2445 1449 2481 vero
1484 2430 1664 2481 Moses
1697 2427 1848 2480 illum
1881 2433 2122 2493 cogeret,
2153 2424 2354 2484 denuo,

785 2534 841 2577 et
874 2524 953 2577 sic
980 2523 1223 2591 quinque
1249 2521 1460 2575 vicibus
1487 2520 1550 2571 ad
1591 2519 1759 2572 Deum
1789 2517 2038 2580 rediisse,
2062 2526 2359 2582 votumque

787 2616 968 2668 denuo
1012 2630 1131 2669 esse
1165 2614 1537 2666 inuninutum.
1579 2611 1725 2664 Mose
1753 2623 1881 2661 vero
1915 2621 2090 2675 neque
2122 2606 2202 2659 sic
2232 2619 2360 2657 con-

785 2718 962 2769 tento,
989 2706 1083 2759 sed
1115 2705 1382 2758 suadente
1414 2712 1472 2756 ut
1502 2704 1683 2755 denuo
1716 2707 2111 2763 reverteretur,
2138 2695 2362 2765 votique

788 2798 1173 2852 remissionem
1208 2797 1468 2865 majorem
1496 2796 1913 2861 impctraret,se
1943 2807 2051 2845 non
2078 2790 2362 2857 annuisse,

789 2890 884 2943 sed
947 2903 1250 2942 conscenso
1298 2888 1547 2956 jumento
1602 2899 1702 2937 suo
1755 2882 2025 2952 Emparak
2074 2884 2128 2936 in
2181 2883 2363 2936 locum

793 2995 953 3033 suum
981 2978 1278 3046 pristinum
1309 2974 1636 3044 porrexisse.
1655 2973 1885 3042 Inspice,
1905 2986 2111 3040 quaeso,
2139 2970 2363 3024 menda—

794 3072 939 3124 cium
999 3068 1179 3122 omnis
1231 3065 1550 3135 ignorantia:
1596 3066 1836 3133 plenum.
1876 3063 2070 3122 Deum,
2111 3076 2273 3129 quem
2309 3070 2366 3114 et

795 3163 911 3228 ipse
947 3160 1223 3213 Mahomet
1259 3158 1570 3212 Creatorem
1610 3155 1731 3209 cmli
1765 3164 1821 3208 et
1855 3162 2013 3207 terra:
2042 3168 2162 3207 esse
2196 3149 2367 3205 conli-

2448 2058 2615 2123 γὰλου
2644 2055 2853 2108 ἐκείνου
2887 2056 2978 2106 καὶ
3011 2054 3238 2106 θεόπτον
3271 2051 3567 2111 Μωῦσέως,
3602 2050 3680 2111 ὃν,
3716 2048 3792 2105 ὥς
3831 2063 4012 2113 φησιν,

2452 2146 2593 2200 εἶδεν
2643 2148 2700 2199 ἐν
2748 2146 2826 2217 τῷ
2871 2144 3118 2213 τετάρτῳ
3157 2143 3395 2212 οὐρανῷ,
3438 2141 3599 2194 αὐτὸν
3648 2139 3704 2191 δὲ
3743 2139 4015 2205 ὑπερανα-

2453 2239 2613 2306 6ῆναι
2643 2238 2737 2290 καὶ
2767 2236 2861 2289 τοῦ
2891 2236 3143 2302 ἑϐδόμου,
3178 2236 3270 2286 καὶ
3310 2233 3565 2285 ἀπελθεῖν
3598 2231 3761 2299 μέχρι
3789 2229 3886 2281 καὶ
3926 2227 4014 2279 τοῦ

2454 2324 2614 2387 θεοῦι
2656 2324 2915 2392 ὁμιλῆσαῖ
2965 2340 3022 2375 τε
3068 2322 3238 2388 αὐτῷ.
3285 2320 3437 2374 Μετὰ
3482 2319 3537 2370 δὲ
3578 2317 3749 2369 ταῦτα
3783 2315 4017 2379 ἐξελθεῖν

2458 2420 2571 2471 καὶ¹
2614 2415 2899 2468 κατελθεῖν
2945 2416 3001 2466 ὲν
3031 2414 3107 2481 τῷ
3142 2414 3380 2482 τετάρτῳ
3408 2410 3639 2479 οὐρανῷ,
3674 2408 3748 2469 ὡς
3780 2410 4017 2474 εἴρηται,

2461 2510 2551 2559 καὶ
2585 2508 2862 2575 συντυχεῖν
2916 2505 2993 2576 τῷ
3038 2506 3283 2568 Μωῡσεῖ,
3327 2500 3725 2572 συμϐουλεῦσαί
3759 2517 3821 2551 τε
3863 2501 4021 2551 αὐτὸν

2457 2601 2671 2669 τούτῳ,
2734 2598 3219 2667 ἐπαναστραφέντα
3292 2596 3673 2664 παρακαλέσαι
3728 2595 3825 2645 τὸν
3886 2592 4018 2643 θεον

2462 2690 2601 2757 ὑπὲρ
2633 2686 2727 2739 τοῦ
2761 2686 2917 2750 λαοῦ,
2959 2689 3050 2741 καὶ
3100 2686 3358 2754 γενέσθαι
3404 2687 3741 2753 κουφοτέραν
3787 2686 3889 2749 τὴν
3938 2682 4022 2731 εὐ-

2460 2780 2584 2851 χὴν,
2616 2780 2690 2841 ὡς
2726 2778 3002 2840 ἀδυνάτως
3042 2778 3256 2845 ἔχοντος
3288 2778 3420 2843 πρὸς
3450 2775 3637 2842 αὑτήν·
3672 2774 3769 2828 καὶ
3802 2771 4028 2839 δεξαμέ-

2462 2888 2566 2922 νου
2599 2866 2787 2921 τούτου
2818 2867 2914 2935 τὴν
2952 2866 3148 2936 βουλὴν
3170 2906 3183 2929 ,
3216 2866 3698 2934 ὲπαναστραφῆναι
3752 2864 3895 2932 πρὸς
3942 2861 4029 2912 τὸν

2462 2959 2617 3023 Θεὸν,
2649 2960 2744 3012 καὶ
2772 2959 3006 3029 ζητῆσαι
3037 2958 3106 3010 τὸ
3146 2958 3279 3028 περὶ
3311 2957 3523 3018 τούτου,
3555 2955 3647 3008 καὶ
3681 2954 4026 3024 προσδεχθῆ-

2466 3067 2554 3102 ναι
2591 3050 2690 3119 τὴν
2727 3049 2958 3118 ζήτησιν
3002 3048 3189 3111 αὐτοῦ,
3225 3050 3319 3101 καὶ
3349 3046 3605 3115 γενέσθαι
3650 3046 4030 3115 ἐλαφροτέραν

2466 3141 2565 3212 τὴν
2598 3140 2782 3209 εὐχήν.
2816 3141 2929 3192 Καὶ
2963 3134 3028 3193 αὗ
3070 3138 3165 3192 τοῦ
3208 3139 3449 3201 Μωσέως
3489 3137 3910 3204 ἀναγκάσαντος
3942 3136 4034 3187 αὖ·

794 3262 962 3315 tetur,
998 3264 1323 3319 corporeum
1370 3248 1521 3313 facit,
1554 3262 1659 3300 non
1709 3247 2115 3314 incorporeum.
2152 3243 2359 3297 Numen

2476 3232 2558 3282 τὸν
2595 3229 2750 3293 αὖθις
2785 3230 3271 3299 ὲπαναστραφῆναι
3301 3229 3405 3291 ἕως
3452 3229 3716 3288 πεντάκις
3768 3228 3912 3295 πρὸς
3947 3228 4035 3276 τὸν

798 3352 977 3394 autetn
1012 3343 1392 3409 incorporeum
1424 3350 1524 3403 est,
1554 3338 1859 3406 quantitate
1888 3344 2037 3390 caret
2082 3344 2135 3388 et
2162 3334 2365 3401 magni-

798 3429 1010 3491 tudine,
1044 3443 1141 3480 ncc
1167 3427 1345 3495 specie
1386 3426 1492 3479 ulla
1530 3424 2021 3478 circumscribitur.
2053 3420 2205 3487 Quod
2240 3435 2363 3472 eum

797 3525 993 3567 natura
1027 3528 1123 3566 sua
1169 3512 1385 3579 propria
1429 3512 1535 3565 tale
1569 3512 1658 3573 sit,
1689 3511 1963 3578 quomodo
1991 3524 2057 3561 ex
2106 3507 2366 3561 membris

796 3600 1106 3654 consistet?
1142 3588 1353 3666 Siquis
1385 3598 1527 3652 enim
1564 3599 1668 3651 hoc
1699 3598 2057 3658 concesserit,
2090 3594 2365 3664 quomodo

798 3691 1185 3757 incorporeum
1215 3704 1333 3741 esse
1359 3688 1698 3756 intelligetur
1722 3688 1745 3739 ?
1774 3687 1926 3752 Quod
1955 3686 2102 3738 enim
2142 3685 2364 3754 ﬁguram

798 3781 989 3845 habet,
1038 3779 1263 3834 omnino
1313 3788 1367 3832 et
1398 3781 1692 3847 quantitati
1735 3779 2023 3848 subiacet:
2058 3778 2201 3847 quod
2236 3791 2368 3830 vero

801 3872 1165 3940 quantitatem
1195 3871 1464 3935 habuerit,
1492 3872 1673 3924 locum
1704 3870 1905 3926 habeat
1931 3878 2148 3939 oportet
2173 3887 2186 3933 ;
2222 3869 2367 3937 quod

801 3970 982 4014 autem
1034 3961 1088 4012 in
1143 3960 1265 4012 loco
1340 3970 1422 4013 est
1451 3998 1465 4023 ,
1514 3961 1826 4013 necessario
1875 3957 2367 4012 circumscribitur.

804 4052 1086 4115 Quomodo
1117 4062 1296 4104 autem
1339 4052 1539 4120 aliquis
1571 4052 1684 4104 hazc
1732 4065 1992 4117 corporea
2023 4059 2078 4103 et
2124 4050 2371 4118 corporis

806 4143 1047 4209 propria,
1081 4151 1279 4195 sancta:
1327 4142 1403 4195 illi
1441 4154 1495 4195 et
1529 4142 1865 4210 ineorporeae
1904 4150 2111 4193 natura:
2147 4141 2242 4194 Dei
2276 4141 2373 4193 tri-

807 4234 1121 4301 buerit,qui
1154 4233 1316 4286 modo
1347 4229 1557 4287 ratione
1588 4248 1697 4285 non
1725 4232 2031 4286 careat?Et
2063 4232 2372 4301 patriarcha

805 4324 1023 4391 quidem
1092 4325 1362 4378 Abraham
1409 4325 1462 4376 in
1504 4326 1676 4376 veteri
1731 4323 1820 4375 illa
1870 4322 1965 4376 Dei
2010 4323 2371 4391 apparitione,

808 4415 1046 4483 seipsum
1080 4426 1280 4469 terram
1330 4426 1385 4470 et
1441 4416 1683 4469 cinerem
1740 4429 1860 4468 esse
1911 4414 2183 4483 reputavit
2212 4415 2375 4467 dixit—

808 4521 932 4571 que.
989 4506 1210 4558 Daniele
1262 4515 1484 4569 autem,
1531 4506 1624 4573 qui
1684 4505 1807 4558 talis
1866 4513 2159 4571 tantusque
2214 4514 2371 4566 erat,

2467 3324 2621 3386 Θεὸν,
2652 3324 2748 3376 καὶ
2788 3322 2951 3375 πάλιν
2989 3321 3244 3389 γενέσθαι
3287 3319 3466 3389 πο).λῷ
3496 3320 3754 3372 ἐλάττονα
3801 3318 3904 3386 τὴν
3933 3317 4037 3384 ψυ-

2466 3414 2592 3481 χὴν.
2629 3413 2723 3463 καὶ
2774 3412 2849 3481 μὴ
2889 3410 3229 3481 ἀρκεσθέντα
3277 3410 3366 3463 τὸν
3416 3409 3653 3476 Μωῡσῆν
3706 3407 3887 3459 εἰπεῖν
3947 3420 4040 3457 κει

2465 3503 2618 3564 αὖθις
2672 3502 2759 3555 ἵνα
2807 3503 3199 3573 ἐπαναστραφῇ
3229 3500 3363 3571 πρὸς
3409 3501 3498 3552 τὸν
3543 3499 3672 3551 Θεὸν
3712 3499 3806 3550 καὶ
3840 3497 4041 3565 αἰτήσῃ

2466 3595 3020 3662 συγγνωμονεστέραν
3056 3593 3307 3659 γενέσθαι
3339 3592 3436 3659 τὴν
3469 3590 3652 3659 εὐχὴν,
3679 3589 3741 3641 οὐ
3775 3590 4041 3640 κατένευο

2469 3701 2580 3748 σεν,
2625 3684 2761 3738 ἀλλὰ
2790 3684 3068 3736 κατελθεῖν
3106 3685 3185 3742 εἰς
3216 3684 3276 3735 τὸ
3308 3682 3622 3751 Ἐμπαρακ,
3652 3682 3746 3731 καὶ
3790 3678 4044 3729 ἐλαύνειν

2466 3776 2570 3839 ἕως
2603 3777 2668 3830 ἂν
2713 3775 2840 3845 ἔλθῃ
2889 3774 3013 3829 ἔνθα
3047 3769 3115 3844 ἦν
3150 3774 3427 3844 πρότερον.
3459 3771 3655 3823 Σκόπει
3682 3768 3816 3835 γοῦν
3848 3767 4045 3836 ψεῦδος

2470 3868 2652 3937 πάσης
2711 3866 2987 3932 ἀγνωσίας
3045 3863 3489 3934 μεμεστωμένονον
3532 3861 3622 3912 τὸν
3668 3859 3824 3919 Θεὸν,
3862 3859 4049 3910 ὅντινα

2470 3942 2723 4024 ὁμολοάεῖ
2754 3955 2783 4006 ὁ
2814 3954 2976 4013 αὐτὸς
3001 3951 3247 4019 Μωάμεθ
3281 3952 3507 4021 ποιητὴν
3533 3948 3762 4019 οὐρανοῦ
3792 3950 3889 3999 καὶ
3924 3948 4048 4015 γῆς,

2473 4042 2781 4112 ἐνσώματον
2829 4041 3105 4105 δεικνύει,
3142 4040 3236 4093 καὶ
3289 4041 3388 4094 οὐκ
3445 4038 3753 4107 ἀσώματον.
3800 4038 3878 4089 Τὸ
3942 4038 4051 4104 γάρ

2472 4136 2628 4187 Θεῖον
2675 4133 2998 4201 ἀσώματον,
3044 4131 3243 4184 ἇποσόν
3276 4148 3332 4182 τε
3369 4129 3461 4182 καὶ
3506 4128 3580 4198 μὴ
3628 4128 3751 4196 ἔχον
3789 4128 4049 4196 μέγεθος,

2473 4224 2595 4276 οὐδὲ
2637 4224 2695 4275 ὲν
2726 4223 2855 4273 εῖδει
2890 4221 3279 4291 περιγραπτόν.
3313 4219 3387 4270 Τὸ
3411 4217 3466 4270 δὲ
3496 4217 3666 4279 οὕτως
3695 4218 3822 4284 ἔχον
3875 4218 3936 4267 ἐν
3986 4221 4051 4285 τῇ

2479 4312 2583 4382 ἰδία
2618 4311 2782 4367 αὑτοῦ
2810 4314 2969 4379 φύσει
3002 4310 3116 4372 πῶς
3144 4308 3208 4361 ἂν
3244 4310 3307 4360 ὲκ
3344 4308 3564 4378 μερῶν;
3596 4308 3642 4358 εἰ
3677 4307 3787 4375 γάρ
3821 4324 3905 4367 τις
3934 4307 4052 4372 δοίη

2477 4406 2632 4458 τοῦτο
2683 4406 2973 4474 ὑπάρχειν,
3039 4401 3155 4464 πῶς
3210 4401 3531 4470 νοηθήσεται
3590 4399 3934 4466 ἀσώματον;
3996 4398 4055 4448 τι

2478 4498 2583 4564 γὰρ
2632 4499 2687 4545 ἐν
2726 4496 2968 4563 σχήματι
3000 4491 3059 4544 ὃν
3106 4492 3321 4550 πάντως
3373 4491 3466 4541 καὶ
3510 4492 3566 4541 ἐν
3597 4489 3769 4556 ποσῷ.
3806 4490 3882 4539 Τὸ
3909 4488 3965 4539 δὲ
4004 4491 4059 4539 ἐν

808 4594 1028 4646 vidente
1082 4595 1357 4663 angelum,
1414 4610 1681 4648 conversa
1734 4602 1816 4647 est
1863 4595 2035 4662 gloria
2088 4594 2260 4661 ipsius
2318 4596 2359 4646 in

2481 4586 2629 4654 ποσῷ
2665 4590 2836 4640 καὶέν
2866 4587 3034 4655 τόπῳ·
3071 4585 3133 4636 τὸ
3162 4585 3218 4635 δὲ
3266 4586 3324 4635 ἐν
3357 4584 3507 4651 τόπῳ
3548 4582 3858 4649 ἐξα-δάγκης
3894 4599 4058 4650 περι·

809 4684 1240 4751 corruptiouem,
1276 4684 1326 4737 id
1357 4694 1459 4747 est,
1480 4685 1758 4753 paulisper
1788 4685 1953 4737 vitam
1981 4700 2134 4739 suam
2162 4685 2375 4753 alijecit.

815 4773 981 4827 David
1041 4785 1223 4828 autem
1258 4775 1393 4828 dicit
1435 4793 1448 4827 :
1488 4794 1504 4824 ι
1536 4775 1639 4840 Qui
1700 4776 1753 4826 in
1809 4785 2006 4828 terram
2050 4775 2378 4844 despiciens,

812 4864 983 4931 ipsam
1060 4875 1296 4919 tremere
1362 4866 1513 4919 facit.
1559 4885 1575 4916 ι
1610 4866 1882 4919 Mahomet
1946 4882 2098 4928 vero,
2132 4866 2383 4919 omnibus

813 4953 1073 5021 angelicis
1132 4957 1427 5010 virtutibus
1502 4959 1756 5026 superior
1806 4959 2013 5021 factus,
2072 4959 2384 5012 immediate

815 5058 934 5095 cum
983 5046 1093 5098 Deo
1136 5048 1439 5102 collocutus
1473 5060 1576 5111 est,
1629 5058 1686 5103 et
1745 5067 1844 5119 pro
1907 5051 2111 5120 angelis
2157 5060 2212 5104 et
2263 5051 2383 5103 uui-

815 5149 971 5186 vcrso
1020 5137 1222 5191 mundo
1259 5155 1450 5207 preces
1485 5141 1716 5205 obtulit,
1762 5150 1815 5194 et
1848 5142 1988 5193 votis
2016 5143 2131 5193 suis
2179 5142 2385 5208 potitus

816 5225 944 5276 est?
979 5226 1242 5281 Cazterum
1296 5232 1494 5294 miror,
1529 5233 1621 5299 qui
1660 5231 1750 5283 ﬁat
1797 5240 1857 5283 ut
1916 5233 2240 5284 temerarius
2297 5231 2386 5283 ille

817 5324 873 5366 et
923 5329 1182 5386 arrogans
1228 5336 1331 5373 non
1386 5322 1501 5375 haec
1547 5324 1713 5376 etiam
1761 5322 1945 5375 dicere
1993 5338 2158 5375 ausus
2200 5322 2385 5383 fuerit,

819 5406 961 5469 quod
1002 5408 1093 5461 Dei
1140 5417 1390 5464 naturam
1430 5413 1878 5483 deprehenderit,
1915 5416 2128 5481 qualem
2160 5425 2214 5466 ct
2246 5413 2388 5466 Deus

819 5498 935 5563 ipse
980 5501 1162 5554 net’il:
1222 5521 1239 5553 ‹
1292 5504 1492 5557 Verum
1533 5507 1624 5574 qui
1676 5506 1883 5559 habitat
1934 5507 1986 5557 in
2036 5506 2205 5557 cmlis.
2262 5505 2387 5556 irri-

821 5588 969 5640 debit
1021 5606 1183 5653 eum,
1239 5604 1293 5648 et
1341 5598 1433 5664 qui
1486 5612 1607 5650 cum
1668 5612 1735 5650 eo
1786 5606 1945 5660 sunt,
2011 5605 2066 5650 et
2130 5596 2391 5650 Dominus

823 5677 1175 5735 subsannabit
1198 5698 1291 5741 eos
1319 5687 1385 5740 ⁸⁸.
1418 5705 1435 5738 ι
1474 5686 1741 5742 Praeterea
1765 5727 1779 5753 ,
1825 5702 1954 5742 num
2013 5686 2157 5742 Dcus
2209 5686 2392 5755 p090”

894 5818 940 5850 "
973 5819 1107 5877 [δεδι.
1138 5840 1197 5891 ιι,
1233 5826 1283 5881 li.

2481 4679 2743 4747 γραπτόν.
2780 4678 2964 4730 Ταῦτα
3005 4677 3061 4729 δὲ
3104 4676 3413 4745 σωματικὰ,
3449 4676 3544 4726 καὶ
3568 4675 3637 4725 τὰ
3665 4673 3760 4725 τοῦ
3799 4677 4059 4741 σώματος

2484 4772 2612 4835 ἴδια,
2649 4771 2763 4832 πῶς
2787 4770 2853 4822 ἂν
2884 4769 2976 4820 ἐπὶ
3005 4769 3101 4835 τῆς
3137 4768 3407 4837 μακαρίας
3450 4766 3665 4831 ἐκείνης
3700 4764 3794 4815 καὶ
3828 4763 4063 4831 ἀσωμά-

2483 4879 2576 4913 του
2615 4861 2829 4926 φύσεως
2856 4859 2947 4911 τοῦ
2973 4858 3106 4910 Θεοῦ
3136 4856 3416 4924 λογίσηταί
3443 4873 3525 4918 τις
3553 4854 3791 4916 διανοίας
3831 4857 4061 4922 μέτοχος

2485 4952 2590 5014 ὥνς
2626 4951 2734 5003 Καὶ
2785 4953 2813 5002 ὁ
2865 4951 2962 5018 μὲν
3010 4950 3361 5017 πατριάρχης
3400 4946 3651 5015 Ἀϐραάμ
3697 4946 3757 4997 ὲν
3788 4949 3860 5014 τῇ
3894 4946 4065 4996 πάλαι

2491 5043 2776 5111 θεοσανεία
2829 5043 2930 5110 γῆν
2984 5044 3078 5093 καί
3134 5042 3325 5093 σποδὸν
3376 5040 3563 5091 ἑαυτὸν
3621 5037 3915 5102 ἐλογίσατο
3975 5038 4067 5089 καὶ

2490 5137 2765 5189 ἐκάλεσεν·
2800 5134 2891 5186 τοῦ
2937 5134 2991 5185 δὲ
3042 5132 3237 5200 Δανιὴλ
3270 5131 3362 5183 τοῦ
3389 5129 3629 5182 τοιούτου
3667 5131 3765 5180 καὶ
3797 5127 4064 5180 τοσούτου

2491 5229 2716 5295 ἄγγελον
2747 5229 2962 5290 ἰδόντος,
2993 5228 3239 5294 ἐστράφη
3275 5228 3306 5293 ἡ
3353 5223 3479 5286 δόξα
3515 5220 3681 5273 αὑτοῦ
3719 5222 3799 5283 εις
3834 5220 4066 5288 διαφθο·

2497 5321 2616 5389 ρὲιν,
2663 5318 2909 5370 τουτέστι
2961 5318 3290 5386 παραϐραχυ
3349 5314 3653 5368 amissam
3701 5312 3805 5381 τὴν
3868 5311 4067 5364 ἑαυτοῦ

2497 5413 2640 5480 ζωήν
2668 5429 2680 5440 ·
2714 5414 2740 5463 ὁ
2769 5412 2821 5462 δὲ
2853 5410 3015 5461 Auﬁdi
3062 5426 3248 5480 φησιν,
3288 5425 3305 5458 ι
3358 5407 3416 5459 'U
3455 5406 3772 5459 ἐπιϐλέπων
3820 5406 3921 5457 ἐπὶ
3972 5405 4068 5474 τὴν

2495 5504 2620 5570 γῆν,
2655 5505 2747 5554 καὶ
2779 5503 2945 5553 ποιῶν
2979 5481 3148 5571 αὐτὴν
3175 5500 3399 5567 τρέμειν
3426 5515 3440 5528 ·
3485 5516 3504 5548 ι
3540 5499 3567 5549 ὁ
3593 5497 3651 5549 δὲ
3683 5497 3943 5564 Μωάμεθ
3976 5497 4069 5556 τὰς

2499 5592 2792 5658 ἀγγελικὰς
2839 5592 3015 5653 πάσας
3049 5589 3394 5660 ὑπεραναδάς
3428 5591 3709 5658 δυνάμεις»
3737 5590 3969 5658 ἀμέσως
3998 5591 4071 5660 τῷ

2502 5684 2619 5755 Θεῷ
2654 5686 3059 5753 προσωμίλησε,
3103 5684 3196 5736 καὶ
3240 5683 3379 5753 ὑπὲρ
3434 5684 3683 5752 ἀγγέλων
3738 5685 3839 5736 καὶ
3871 5685 4072 5747 nam;
