4204 6450
190 404 274 469 θΒὶ

1129 392 1430 451 CONTRA
1474 390 1960 452 ΜΛΗΟΜΕΤΕΜ
2005 392 2285 451 ORATIO
2334 393 2401 449 l't'

3283 390 3391 454 6‘32

190 518 268 573 τοῦ
311 515 508 581 κόσμου
556 510 767 579 δεήσεις
814 508 1057 576 ἐπλίησε,
1109 510 1198 560 καὶ
1250 507 1349 573 τῆς
1407 506 1567 574 εὐχῆς
1624 504 1772 561 οὐκί

1828 504 1970 557 vires
2025 507 2241 560 novisse
2302 522 2407 558 non
2469 513 2716 572 poterat,
2770 501 2863 556 sed
2921 502 3119 555 cervici
3174 501 3390 554 illorum

193 609 466 673 ἀπέτυχεν.
503 601 646 666 Ἐγὼ
692 600 747 651 δὲ
792 599 981 666 ἀπορῶ
1011 598 1126 658 πῶς
1180 598 1277 649 οὑκ
1316 598 1419 664 ἔφη
1454 595 1726 664 τολμήσας

189 703 215 752 6
241 699 461 761 αὐθάδης
502 686 654 752 οὗτος
702 691 797 743 καὶ
825 688 1063 750 ἀλαζὼν,
1108 690 1188 738 ὅτι
1220 685 1486 739 κατέλαϐε
1513 685 1611 753 τὴν
1634 683 1726 736 τοῦ

192 788 311 840 Θεοῦ
347 786 527 855 φύσιν,
562 782 753 849 ὥσπερ
788 782 952 840 αὐτὸς
985 779 1013 829 6
1042 778 1174 837 Θεὸς
1217 773 1359 827 οἶδεν
1386 776 1576 840 αὑτήν·
1614 774 1727 825 ἀλλ’

191 883 217 932 6
244 877 498 931 κατοικῶν
533 876 588 925 ὲν
621 874 866 940 οὐρανοῖς
900 870 1253 935 ἐκγελασεται
1286 866 1448 918 αὐτὸν
1482 867 1573 916 καὶ
1606 866 1728 927 τοὺς

195 971 299 1042 μετ’
336 967 541 1027 αὑτοῦ,
602 964 698 1016 καὶ
753 966 780 1014 6
829 962 1034 1029 Κύριος
1091 958 1455 1025 ὲκμυκτηριεῖ
1510 954 1731 1015 αὐτούς.

195 1064 303 1114 Ἔτι
360 1061 458 1113 οὐκ
491 1057 723 1125 ἠδύνατο
773 1058 801 1107 6
845 1053 977 1115 Θεὸς
1030 1052 1324 1118 γινώσκειν
1374 1051 1473 1117 τὴν
1508 1049 1735 1116 δύναμιν

192 1151 274 1203 τοῦ
306 1149 454 1211 λαοῦ,
490 1146 606 1200 ἀλλ’
638 1144 909 1212 ἐπέθηκεν
961 1144 1054 1194 ἐπὶ
1113 1142 1203 1192 16v
1258 1141 1527 1209 τράχηλον
1558 1137 1737 1189 αὐτῶν

193 1243 359 1308 νόμον,
390 1239 449 1291 ὃν
481 1238 581 1290 οὐκ
609 1236 869 1302 ἡδύναντο
903 1233 1227 1299 βαστάζεινς
1277 1233 1386 1283 Καὶ
1440 1230 1555 1283 πῶς
1584 1229 1734 1290 Θεὸς,

192 1334 244 1393 '6;
273 1333 330 1383 οὐ
366 1331 624 1395 γινώσκει
652 1328 713 1379 τὸ
739 1327 953 1393 ποίημα
985 1322 1170 1384 αὑτοῦ,
1200 1323 1339 1391 μηδὲ
1368 1322 1467 1389 τὴν
1505 1322 1740 1388 δύναμιν

191 1419 276 1471 τοῦ
306 1421 629 1485 ,ποιήματος
671 1416 878 1478 αὑτοῦ;
912 1416 972 1466 Εἰ
1005 1414 1062 1466 δὲ
1113 1413 1245 1473 Θεὸς
1287 1413 1360 1464 ὢν
1390 1412 1618 1479 ἀληθὴς,
1648 1412 1741 1463 καὶ

191 1510 254 1560 1'1
281 1509 452 1560 πάντα
505 1504 791 1572 γινώσκων
845 1505 976 1572 πρὶν
1028 1504 1296 1568 γενέσεως
1330 1502 1530 1565 αὐτῶν,
1571 1501 1738 1553 ἔδωκε

191 1598 341 1664 νόμον
376 1597 474 1664 μὲν
516 1595 682 1662 ἀτελῆ
721 1594 814 1646 τοῦ
864 1595 1104 1655 Μωσέως
1134 1594 1222 1646 διὰ
1254 1594 1354 1661 τὴν
1400 1593 1505 1644 τῶν
1537 1590 1743 1662 ἀνθρὼο

191 1706 299 1739 ττων
326 1688 634 1748 ἀσθένειαν,
665 1685 870 1737 τέλειον
899 1684 957 1735 δὲ
997 1685 1089 1736 τὸν
1122 1683 1209 1735 διὰ
1250 1682 1344 1733 τοῦ
1384 1680 1740 1746 Εὑαγγελίου,

191 1779 298 1837 πῶς
328 1777 388 1828 16
433 1776 639 1828 τέλειον
670 1774 857 1842 ῶσπερ
887 1774 1101 1838 ἀγνοῶν
1140 1775 1171 1839 ἢ
1208 1771 1631 1840 μεταμεληθεὶς,
1665 1771 1743 1832 εἰς

186 1871 244 1920 τὸ
277 1869 459 1929 ἀτελὲς
511 1884 673 1919 ara/4v
727 1868 1041 1935 κατήγαγες
1074 1865 1158 1932 T6;
1189 1865 1293 1933 γὰρ
1323 1864 1525 1915 τέλειον
1573 1862 1744 1923 οὕτως

186 1959 297 2011 ἐστὶ
318 1958 541 2021 τέλειον,
565 1956 722 2023 εἴπερ
756 1954 1128 2023 οῦτεξὲλλιπές
1156 1955 1323 2019 ἐστιν,
1347 1953 1469 2005 οὔτε
1494 1952 1745 2023 περιττὸν

187 2046 279 2097 καὶ
324 2046 623 2113 παρέλκειν,
683 2042 872 2110 ὥσπερ
918 2042 978 2094 τὸ
1010 2042 1342 2109 Εὑαγγέλιον
1392 2041 1658 2109 μαρτυρεῖ
1711 2040 1744 2105 ἡ

185 2136 426 2203 ἀλήθεια.
467 2134 626 2187 Ἀλλὰ
651 2138 743 2189 καὶ
762 2135 922 2196 αὐτὸς
953 2137 981 2188 6
1011 2133 1253 2203 Μωάμεθ
1273 2134 1473 2186 τέλειον
1497 2130 1590 2182 καὶ
1614 2128 1746 2200 ἁλη-

185 2230 271 2288 υὲς
302 2228 392 2278 καὶ
425 2227 599 2291 ἆγον,
631 2226 726 2279 καὶ
751 2226 1027 2295 σωτηρίαν
1078 2227 1174 2279 καὶ
1219 2225 1440 2293 όδηγίαν
1464 2221 1743 2279 ἀποκαλεῖ·

192 2322 230 2371 »ί
256 2318 308 2371 δὲ
337 2318 430 2370 τοῦ
466 2318 701 2370 τοιοῦτον
728 2318 969 2387 Μωάμεθ
994 2318 1275 2371 ἀκόλουθοι
1301 2317 1630 2379 δικαιοῦντες
1658 2318 1748 2370 τὸν

188 2411 628 2478 ἂσεϐῆ,λέγονσιν
644 2411 725 2461 δτι
754 2411 782 2461 6
815 2412 913 2479 μὲν
937 2410 1167 2479 Χριστὸς
1194 2409 1396 2476 ἐδίδαξε
1426 2409 1635 2479 μεγάλα
1659 2411 1750 2463 καὶ

184 2502 438 2556 ἀδύνατα.
482 2501 577 2564 Τίς
615 2501 723 2571 γὰρ
757 2501 984 2555 δύναται
1034 2502 1257 2572 ἀγαπᾷν
1300 2502 1391 2554 τὸν
1419 2501 1645 2569 πλησίον
1673 2502 1750 2563 ὡς

182 2591 373 2643 ἑαυτὸν
397 2631 412 2655 ,
447 2592 540 2642 καὶ
592 2590 691 2642 τὸν
739 2591 871 2643 Θεὸν
906 2590 963 2655 ἐξ
992 2591 1117 2657 ὅλης
1160 2590 1323 2644 αὑτοῦ
1355 2591 1455 2659 τῆς
1484 2591 1746 2659 καρδίας;

190 2684 263 2743 τίς
305 2680 530 2733 δόναται
564 2680 705 2749 ὑπὲρ
734 2680 844 2733 τῶν
882 2680 1186 2733 διωκόντων
1219 2683 1314 2733 καὶ
1358 2680 1752 2749 συκοφαντούν-

190 2788 289 2823 .ων
320 2769 617 2837 salentini;
671 2771 752 2832 τίς
804 2770 1023 2822 δύναται
1067 2770 1295 2838 ἀγαπᾷν
1339 2771 1466 2832 τοὺς
1510 2769 1743 2839 ἐχθροὺς

183 2861 392 2927 αὐτοῦς
449 2863 541 2913 καὶ
594 2862 663 2913 τὰ
703 2861 1039 2929 ἓτεραέξΚαὶ
1076 2861 1164 2914 διὰ
1216 2860 1393 2929 τοῦτοί
1426 2861 1748 2913 ἀπέστειλεν

180 2954 211 3004 6
242 2952 380 3011 Θεὸς
417 2951 507 3003 τδν
538 2950 786 3020 Μωάμεθ
817 2952 912 3005 καὶ
947 2952 1007 3002 τὸ
1039 2952 1259 3022 Κορῤὰν
1283 2953 1749 3019 συγκαταΰάσεως

181 3043 395 3109 ἕνεκεν,
432 3043 518 3096 ἶνα
545 3044 744 3112 ῥαδίως
780 3044 1060 3113 πληρῶσιν
1083 3046 1132 3097 οἱ
1160 3044 1435 3113 ἄνθρωποι
1466 3047 1557 3097 τὸν
1585 3046 1750 3113 νόμον

184 3136 326 3205 πρὸς
361 3134 460 3204 τὴν
516 3133 694 3186 αὐτῶν
745 3133 1041 3205 σωτηρίαν.
1095 3132 1269 3202 Εἴπερ
1309 3135 1439 3200 γοῦν
1478 3136 1578 3188 οὐκ
1625 3136 1750 3186 ἁνε-
1781 3173 1824 3230 c

186 3225 416 3290 φαίνετο
451 3226 479 3277 6
515 3224 751 3293 Χριστὸς
779 3224 913 3285 Θεὸς
961 3224 1055 3276 καὶ
1083 3224 1217 3277 Θεοῦ
1252 3224 1400 3288 Υἱὸς,
1438 3226 1551 3279 ἀλλ’
1580 3225 1751 3288 οὕτως

182 3316 376 3377 ἁπλῶς
408 3315 695 3385 ἄνθρωπος
733 3314 807 3379 ὡς
848 3318 877 3368 6
906 3315 1172 3385 Μωῦσῆς,
1205 3315 1465 3384 ἐδεόμεθα
1493 3316 1556 3369 ἄν
1592 3334 1753 3369 τινων

185 3406 530 3472 ἀποδείξεων
560 3408 641 3469 εἰς
675 3408 775 3477 τὴν
801 3408 901 3477 τῆς
944 3406 1203 3475 ἀληθείας
1233 3410 1560 3476 φανέρωσιν.
1604 3409 1755 3460 Ἐπεὶ

182 3498 243 3552 δὲ
306 3497 440 3559 Θεὸς
499 3496 703 3566 ἀληθὴς
762 3497 977 3567 τρανῶς
1030 3499 1435 3566 ἀναφαίνεται,
1494 3498 1753 3567 περισσὸν

181 3589 408 3657 ἥγημαι
456 3587 593 3648 ὅλως
642 3585 826 3639 δοῦναι
872 3587 1171 3653 ἀπολογίαν
1230 3588 1361 3657 περὶ
1409 3590 1622 3641 τούτου.
1668 3587 1755 3650 Ὦς

183 3680 302 3742 γὰρ
360 3673 493 3735 Θεὸς
555 3672 649 3725 καὶ
704 3673 935 3741 ποιητὴς
992 3669 1099 3726 οἶδε
1150 3675 1249 3743 τὴν
1294 3677 1388 3727 τοῦ
1452 3675 1758 3745 ποιήματος

180 3762 357 3815 αὐτοῦ
384 3761 633 3828 δύναμιν.
680 3759 815 3811 Ἀλλ’
846 3762 998 3828 ὅμως
1027 3760 1225 3831 ἴδωμεν
1278 3764 1373 3816 καὶ
1420 3765 1483 3816 ὲκ
1522 3763 1630 3815 τῶν
1659 3763 1758 3815 τοῦ

184 3857 438 3925 βιωὰμεθ
472 3857 645 3924 λόγων
695 3855 757 3906 16
785 3854 1011 3907 ἄτοπονο
1045 3855 1205 3916 αὑτός
1230 3855 1375 3907 ἐστιν
1399 3855 1427 3906 ὁ
1465 3851 1759 3922 μαρτυρῶν

188 3954 294 4004 καὶ
342 3950 515 4015 λέγων
566 3949 647 4000 ὅτι
702 3946 731 3999 6
784 3946 1018 4016 Χριστὸς
1065 3946 1237 4013 Λόγος
1290 3944 1427 3997 Θεοῦ
1475 3948 1612 4009 ἐστι,
1669 3944 1760 3997 καὶ

186 4038 343 4110 ᾧυχὴ
376 4038 512 4091 Θεοῦ
551 4041 667 4091 ἐστι
692 4077 708 4103 ,
742 4041 835 4091 καὶ
870 4038 1084 4105 πνεῦμα.
1139 4036 1291 4091 Θεοῦ.
1337 4036 1444 4089 Καὶ
1491 4038 1540 4088 εί
1590 4035 1761 4103 Λόγος

177 4132 337 4184 Θεοῦ
373 4132 507 4193 ἐστι,
552 4129 668 4192 πῶς
698 4127 1025 4198 παραλόγως
1052 4129 1081 4179 6
1114 4126 1183 4178 τὰ
1216 4124 1392 4180 πάντα
1432 4124 1586 4186 εἰδὼς
1610 4125 1761 4177 ἐποί-

181 4240 330 4292 ησεν
356 4239 371 4285 ;
407 4222 466 4274 ⁸0
488 4222 596 4291 γὰρ
628 4219 721 4273 τοῦ
750 4218 884 4272 Θεοῦ
913 4220 1083 4285 Λόγος
1103 4222 1202 4271 οὐκ
1232 4218 1297 4271 ἄν
1325 4217 1452 4270 ποτε
1481 4232 1531 4269 τι
1556 4216 1763 4284 ἀγνοῶν

215 4311 548 4381 ὑρίσκηται·
585 4309 711 4361 οὔτε
736 4309 844 4377 γὰρ
872 4306 947 4368 ὠς
981 4306 1107 4369 Υἱὸς
1139 4305 1232 4359 τοῦ
1264 4306 1399 4360 Θεοῦ
1436 4308 1583 4359 ἐστιν
1612 4306 1766 4363 ἐλάτ-

184 4399 307 4455 ἔων
348 4400 510 4454 αὐτοῦ
549 4399 643 4452 τοῦ
693 4399 827 4451 Θεοῦ
875 4398 969 4449 καὶ
1006 4398 1259 4467 Πατρός,
1306 4396 1428 4449 οὔτε
1472 4398 1548 4460 ὼς
1594 4398 1764 4465 Λόγος

1831 593 2003 662 legem
2062 603 2280 662 portatu
2350 592 2735 661 impOSsibilem
2781 590 3079 660 imposuit?
3135 590 3201 643 Et
3260 606 3393 659 qua-

1831 683 2026 736 lisnam
2078 684 2222 737 Deus
2252 683 2339 736 hic
2362 724 2374 745 ,
2422 685 2513 753 qui
2570 696 2670 735 nec
2701 693 3006 736 creaturam
3040 695 3194 732 suam
3226 694 3393 747 agno-

1832 775 1954 839 scit,
2004 791 2105 828 nec
2154 784 2423 828 creatura:
2470 790 2579 828 sua:
2611 774 2801 827 vires?
2854 773 3052 836 Quodsi
3087 788 3215 825 vero
3252 772 3391 824 Deus

1834 881 1957 918 cum
2005 882 2166 920 verus
2212 867 2316 930 sit,
2363 874 2419 919 et
2466 868 2645 919 omnia
2686 866 3002 934 priusquam
3061 876 3393 929 generentur

1836 970 2111 1028 agnoscat.
2150 959 2321 1027 legem
2367 957 2587 1026 quidem
2634 957 2797 1010 Mosis
2829 957 2979 1011 dedit
3017 956 3390 1023 imperfectum

1836 1060 2059 1118 propter
2083 1051 2363 1105 hominum
2393 1048 2788 1109 infirmitatem,
2820 1048 3115 1115 perfectam
3144 1062 3274 1100 vero
3302 1062 3395 1115 per

1838 1139 2519 1207 Evangelium,quomodo
2566 1136 2861 1206 perfectam
2914 1137 3079 1193 illam.
3118 1144 3211 1187 aut
3259 1133 3395 1186 obli-

1838 1230 2451 1296 vioneautpmnitentia
2480 1231 2696 1291 ductus,
2727 1227 2781 1279 in
2815 1226 3185 1293 imperfectam
3211 1227 3394 1278 denuo

1842 1322 2094 1375 reduxit?
2125 1322 2431 1375 Perfectum
2473 1321 2616 1373 enim
2666 1330 2796 1373 tunc
2851 1317 3153 1385 perfectum
3205 1329 3316 1380 est,
3352 1319 3393 1368 si

1842 1426 1949 1467 nec
1993 1410 2240 1466 defectus
2275 1411 2474 1479 aliquis
2507 1411 2655 1472 insit,
2691 1425 2791 1463 nec
2823 1408 3158 1477 superfluum
3190 1408 3395 1475 aliquid

1843 1513 1939 1557 aut
1982 1517 2470 1571 supervacaneum,
2508 1511 2567 1555 ut
2614 1502 2681 1554 de
2731 1500 3026 1567 Evangelio
3060 1499 3170 1567 ipsa
3204 1500 3403 1551 veritas

1846 1603 2093 1648 testatur.
2127 1594 2266 1656 Quin
2325 1604 2378 1646 et
2428 1593 2543 1660 ipse
2594 1591 2868 1643 Mahomet
2911 1590 3014 1643 hoc
3074 1589 3401 1655 perfectum,

1846 1702 2061 1748 verum,
2087 1692 2356 1743 sanetum,
2390 1684 2621 1737 salutem
2655 1690 2710 1735 et
2743 1683 2885 1735 viam
2919 1690 3098 1735 vocat.
3134 1682 3406 1735 Mahome-

1848 1776 1987 1830 tistae
2022 1791 2150 1830 vero
2181 1776 2535 1842 iustiticantes
2583 1774 2840 1842 impium,
2894 1773 3084 1827 dicunt
3127 1773 3403 1826 Christum

1852 1882 2044 1937 magna
2077 1867 2329 1920 docuisse
2357 1876 2411 1920 et
2447 1866 2824 1933 impossibilia.
2876 1863 3010 1930 Quis
3040 1865 3185 1918 enim
3224 1866 3408 1932 proxi-

1853 1971 2001 2011 mum
2036 1945 2092 2009 u't
2134 1957 2371 2023 seipsum
2405 1969 2587 2008 amare
2619 1963 2835 2023 potest,
2882 1963 2937 2008 et
2982 1955 3152 2008 Deum
3197 1969 3261 2007 ex
3294 1964 3407 2008 toto

1853 2047 2017 2101 corde
2060 2061 2161 2100 suo
2185 2047 2207 2098 ?
2234 2046 2367 2111 Quis
2393 2054 2572 2115 potest
2598 2059 2700 2113 pro
2729 2046 3174 2113 persecutoribus
3210 2047 3325 2099 suis
3354 2055 3409 2099 et

1853 2136 2342 2193 calumniatoribus
2366 2137 2563 2191 orare?
2588 2135 2719 2201 Quis
2748 2145 2923 2217 potest
2965 2136 3189 2206 diligere
3227 2137 3412 2190 inimi-

1809 2249 1820 2259 -
1855 2242 1947 2281 eos
1997 2242 2125 2282 suos
2154 2227 2302 2281 ?ete.
2352 2225 2694 2295 Quapropter
2733 2227 2900 2293 misit,
2956 2227 3233 2295 inquiunt,
3268 2229 3409 2283 Deus

1857 2318 2218 2374 hlahometem
2244 2327 2300 2373 et
2332 2318 2716 2381 Alcorranum,
2747 2319 3088 2373 remissionis
3114 2328 3168 2371 et
3199 2320 3411 2373 relaxa-

1857 2408 2022 2462 tionis
2054 2409 2248 2477 gratia,
2281 2421 2389 2476 quo
2421 2406 2672 2463 homines
2718 2407 2932 2463 facilius
2968 2407 3138 2476 legem
3166 2409 3231 2461 ad
3261 2411 3411 2464 salu-

1857 2504 1962 2551 tem
2010 2496 2248 2566 ipsorum
2283 2497 2594 2566 implerent.
2625 2496 2779 2563 Quod
2820 2499 2863 2553 si
2895 2500 3114 2567 quidem
3158 2500 3411 2556 Christus

1856 2600 1963 2639 non
1995 2586 2303 2641 declaratus
2333 2594 2479 2641 esset
2497 2585 2638 2641 Deus
2669 2595 2723 2640 et
2751 2587 2843 2641 Dei
2873 2587 3063 2651 Filius,
3096 2589 3189 2642 sed
3232 2590 3412 2643 nudus

1856 2686 2066 2731 tantum
2118 2677 2322 2742 homo,
2375 2686 2436 2731 ut
2485 2686 2541 2732 et
2590 2675 2804 2741 Moses,
2853 2678 3413 2735 demonstrationibus

1858 2769 2049 2838 utique
2098 2769 2374 2838 aliquibus
2407 2783 2545 2838 opus
2574 2778 2719 2825 esset
2774 2770 2842 2824 ad
2876 2772 3125 2827 veritatis
3169 2773 3414 2827 declara-

1858 2862 2100 2926 tionem;
2155 2874 2278 2915 eum
2333 2875 2465 2915 vero
2517 2861 2666 2918 hune
2717 2862 2887 2916 Deum
2938 2878 3059 2918 esse
3112 2864 3412 2919 clarissime

1858 2960 2129 3021 appareat,
2168 2966 2632 3021 supervacaneum
2657 2952 2875 3007 videtur
2921 2953 3156 3022 aliquam
3199 2954 3266 3008 de
3307 2954 3415 3009 huc

1858 3044 2227 3099 defensionem
2263 3043 2571 3099 instituere.
2601 3042 2918 3098 Secundum
2950 3045 3054 3099 hoc
3082 3047 3228 3099 enim
3264 3048 3409 3115 quod

1860 3138 1999 3191 Deus
2044 3146 2100 3190 et
2139 3142 2353 3189 creator
2395 3142 2501 3197 est,
2552 3144 2817 3188 creaturae
2870 3150 2980 3189 suae
3029 3134 3175 3190 vires
3235 3135 3408 3190 novit.

1859 3226 2248 3281 Verumtamen
2282 3239 2345 3278 ex
2391 3223 2564 3292 ipsius
2601 3223 2923 3279 Mahometis
2958 3225 3304 3279 sermonibus
3335 3223 3410 3280 rei

1856 3317 2251 3372 absurditatem
2297 3314 2641 3384 coliigamus.
2696 3314 2745 3369 ls
2782 3325 2884 3380 est,
2944 3315 3036 3383 qui
3081 3324 3309 3370 testatur
3358 3324 3416 3370 et

1857 3408 2008 3471 dicit,
2035 3408 2315 3462 Christum
2357 3403 2676 3459 Sermonem
2707 3404 2799 3458 Dei
2826 3419 2966 3467 esse,
2998 3406 3250 3474 spiritum
3293 3405 3410 3469 Dei,

1856 3508 1913 3554 et
1958 3498 2191 3552 animam
2231 3496 2346 3549 Dei.
2384 3495 2539 3560 Quod
2593 3494 2638 3548 si
2689 3508 2869 3548 sermo
2910 3502 2964 3549 et
3009 3496 3149 3549 ratio
3182 3496 3275 3549 Dei
3308 3506 3415 3556 est,

1857 3585 2299 3654 cur,qu:eso,qui
2326 3584 2506 3638 omnia
2536 3583 2706 3648 novit,
2737 3582 2853 3636 hac
2880 3583 2997 3637 sine
3028 3583 3174 3637 omni
3207 3584 3415 3639 ratione

1861 3678 2031 3733 fecit?
2061 3676 2153 3731 Dei
2204 3677 2351 3730 enim
2390 3676 2529 3728 ratio
2573 3689 2852 3743 nunquam
2905 3673 3111 3743 aliquid
3162 3675 3411 3744 ignorare

1860 3769 2095 3825 videtur.
2127 3768 2244 3822 Non
2274 3767 2420 3821 enim
2452 3765 2753 3820 secundum
2784 3766 2928 3835 quod
2970 3766 3140 3821 Filius
3174 3767 3270 3822 Dei
3307 3778 3415 3831 cst,

1862 3860 1970 3913 Deo
2015 3867 2070 3911 et
2120 3858 2277 3911 Patre
2325 3857 2503 3910 minor
2532 3862 2661 3921 est;
2696 3870 2873 3924 neque
2922 3857 3223 3912 secundum
3267 3859 3416 3927 quod

1863 3948 2054 4004 Sermo
2086 3956 2191 4011 est,
2222 3947 2306 4000 vel
2343 3945 2481 4001 ratio
2516 3945 2685 4001 illius.
2720 3945 2784 4000 Et
2810 3946 2855 4000 si
2886 3948 3065 4002 anima
3097 3947 3193 4002 Dei
3222 3959 3278 4003 et
3307 3951 3419 4019 spi-

1864 4042 2003 4095 ritus
2031 4040 2125 4093 Dei
2160 4048 2266 4103 est,
2291 4054 2389 4092 cur
2416 4036 2704 4092 animabus
2725 4046 2782 4091 et
2808 4038 3096 4106 spiritibus
3133 4041 3414 4095 hominum

1865 4130 2081 4201 pondus
2143 4128 2401 4198 imposuit
2449 4136 2666 4197 portatu
2715 4128 3101 4196 impossibile?
3151 4130 3231 4184 Ad
3302 4131 3419 4185 haec

1866 4222 2008 4277 idem
2040 4220 2174 4275 dicit
2202 4219 2435 4274 ‘asseclis
2460 4219 2597 4284 suis,
2641 4219 2785 4288 quod
2834 4219 3040 4275 nullius
3073 4221 3183 4275 sint
3214 4223 3418 4277 valoris

1863 4314 1972 4369 nisi
2005 4312 2167 4369 Mosis
2196 4312 2392 4381 legem,
2426 4311 2771 4381 Evangelium
2814 4320 2871 4367 et
2912 4310 3272 4368 Alcorranurn
3325 4317 3424 4369 im-

1866 4404 2151 4474 pleverim.
2185 4401 2339 4468 Quod
2370 4402 2415 4456 si
2470 4401 2633 4471 igitur
2663 4400 3015 4472 Evangelium
3051 4406 3233 4474 gravia
3265 4407 3423 4461 docet

187 4493 395 4547 αὐτοῦ.
442 4492 549 4544 Καὶ
604 4493 650 4544 εί
690 4491 837 4560 ψυχὴ
877 4489 1014 4541 Θεοῦ
1053 4492 1147 4542 καὶ
1191 4490 1405 4557 πνεῦμα
1460 4488 1592 4542 Θεοῦ
1624 4491 1760 4555 ἐστι,

1809 4489 1844 4549 D
1871 4502 1928 4550 et
1952 4500 2168 4563 portatu
2196 4490 2455 4554 difﬁcilia,
2484 4491 2759 4559 quomodo
2786 4502 3087 4562 pmceptor
3121 4506 3302 4549 vester
3324 4496 3427 4551 hoc

192 4584 323 4645 πῶς
359 4582 435 4645 εἷς
465 4598 522 4632 τε
558 4581 652 4641 τὰς
673 4580 848 4648 ψυχὰς
879 4578 972 4631 καὶ
999 4578 1066 4629 τὰ
1098 4576 1383 4645 πνεύματα
1416 4576 1525 4628 τῶν
1547 4574 1760 4645 ἀνθρώ-

191 4690 320 4725 πων
367 4672 531 4741 βάρος
560 4671 786 4739 ἐνέθηκε
822 4669 899 4739 μὴ
927 4666 1196 4736 δυνάμενα
1224 4667 1411 4735 φέρειν
1442 4666 1604 4731 αὑτός
1645 4666 1765 4720 Ἐτι

183 4768 215 4817 ὁ
249 4762 425 4819 αἰετός
469 4775 601 4829 φησι
639 4759 770 4829 πρὸς
828 4759 953 4821 τοὺς
1007 4756 1156 4827 αὑτῴ
1194 4754 1627 4819 ἀκολουθοῦντας
1678 4757 1762 4810 ὃτι

181 4852 362 4907 ὠδέν
429 4851 570 4901 εἰσιν
595 4890 610 4913 ,
664 4849 711 4900 εί
750 4848 824 4917 μὴ
857 4847 1203 4917 πληρώσαιεν
1246 4847 1334 4900 τόν
1375 4864 1433 4900 τε
1475 4848 1767 4903 Μωσαῖκὸν

182 4945 378 5012 νόμον
418 4943 478 4992 16
527 4939 874 5006 Εὐεγγέλιον,
908 4940 1003 4991 καὶ
1038 4938 1097 4990 16
1132 4939 1373 5008 Κορῤάν.
1404 4939 1513 4991 Καὶ
1559 4939 1609 4990 εί
1669 4938 1769 5006 μὲν

184 5031 389 5101 βαρέα
441 5031 534 5081 καὶ
588 5027 968 5080 δυσϐάστακτα
1016 5025 1254 5078 διδάσκει
1304 5025 1377 5091 τὸ⁵
1416 5026 1768 5093 Εὑαγγέλιον,

185 5122 326 5183 πῶς
380 5121 407 5170 ό
459 5117 779 5178 διδάσκαλος
828 5114 982 5184 ὑμῶν
1031 5113 1175 5167 οὕτω
1227 5114 1593 5184 παραγγέλλει
1621 5115 1771 5184 ὑμῖν,

202 5212 274 5271 'o;
314 5208 389 5260 Ei.
433 5207 509 5275 μὴ
557 5205 873 5275 πληρώσετε
902 5206 991 5257 τόν
1020 5221 1077 5255 τε
1111 5203 1337 5257 παλαιὸν
1364 5205 1554 5272 νόμον,
1596 5206 1688 5258 καὶ
1715 5205 1775 5257 16

188 5298 575 5366 Εὐαγγέλιον,
605 5298 755 5349 οὐδέν
798 5299 935 5361 ἐστι,
978 5300 1256 5349 τουτέστιν
1290 5297 1511 5365 οὐδεμία
1540 5296 1777 5364 ὠφέλειά

184 5395 361 5443 ἐστιν
414 5390 469 5441 ὲν
501 5390 659 5457 ὑμῖν;
696 5389 758 5441 Εἰ
802 5388 857 5440 δὲ
900 5390 1105 5439 τέλειον
1154 5389 1271 5441 ἐστι
1307 5387 1367 5439 16
1420 5388 1772 5456 Εὐαγγέλιον,

182 5479 407 5546 ὥσπερ
438 5480 531 5529 καὶ
571 5477 704 5538 ἔστι,
737 5477 981 5544 ματαίως
1047 5476 1153 5545 ἄρα
1199 5476 1500 5529 δικαιοῦται
1544 5479 1603 5530 16
1639 5482 1779 5548 K09-

190 5568 333 5637 ρὰν,
372 5570 458 5619 ὃτι
491 5566 949 5632 συγκαταὸάσεως
976 5566 1135 5635 χάριν
1160 5566 1402 5637 ἐξεδόθη,
1436 5571 1530 5621 καὶ
1560 5569 1776 5639 ἀληθῶς

186 5658 625 5729 καταψεύδεσθε
649 5658 742 5711 τοῦ
775 5659 1103 5726 Εὑαγγελίου
1133 5661 1339 5714 καὶτοῦ
1371 5663 1627 5731 Χριστοῦ·
1663 5665 1781 5728 τιῶς

188 5752 317 5823 γὰρ
368 5752 599 5805 δύναται
649 5750 708 5801 16
760 5750 1087 5817 Εὺαγγέλιον
1136 5752 1336 5805 τέλειον
1375 5748 1512 5807 εἶναι
1543 5754 1772 5824 διορθὼ-

508 5844 780 5903 Ρλταοι..
817 5844 937 5901 (in.
980 5840 1182 5902 CLIV.

1875 4586 2029 4640 vobis
2055 4582 2318 4654 praecipit,
2352 4582 2496 4652 quod
2527 4582 2633 4637 nisi
2664 4582 2938 4651 impleatis
2966 4594 3206 4640 veterem
3250 4587 3425 4657 legem

1872 4686 1928 4732 et
1980 4673 2349 4744 Evangelium,
2376 4672 2513 4727 nihil
2550 4674 2653 4737 sit;
2683 4672 2735 4727 id
2769 4682 2872 4739 est,
2905 4675 3051 4729 nulla
3086 4676 3140 4729 in
3174 4678 3328 4732 vobis
3357 4679 3428 4732 sit

1876 4764 2123 4820 utilitas?
2155 4762 2311 4828 Quod
2339 4762 2382 4819 si
2415 4773 2595 4818 autem
2624 4763 2979 4832 Evangelium
3013 4767 3313 4833 perfectum
3343 4778 3429 4822 est

1876 4856 1961 4923 (ut
2008 4866 2171 4906 nemo
2219 4852 2429 4920 negat),
2462 4851 2660 4907 frustra
2690 4852 3021 4921 justitieatur
3048 4840 3426 4921 Alcorranum,

1874 4942 2019 5013 quod
2049 4941 2421 4996 concessionis
2452 4950 2508 4995 et
2558 4941 2895 4996 remissionis
2925 4957 3088 4998 causa
3121 4946 3286 4997 latum
3320 4947 3427 5010 sit;

1873 5043 1930 5089 et
1954 5047 2146 5087 revera
2172 5032 2438 5087 mendacii
2468 5032 2793 5087 insimulatis
2819 5034 3169 5101 Evangelium
3194 5045 3249 5089 et
3273 5035 3431 5091 Chri-

1876 5135 2042 5179 stum.
2079 5123 2365 5187 Quomodo
2402 5123 2546 5178 enim
2585 5123 2935 5192 Evangelium
2970 5126 3270 5193 perfectum
3310 5143 3432 5181 esse

1878 5224 2083 5284 posset,
2114 5214 2157 5267 si
2192 5213 2457 5281 indigeret
2492 5214 2909 5269 emendatione?
2948 5216 3102 5279 Item,
3135 5218 3177 5269 si
3211 5217 3428 5270 Gabriel

1880 5303 2025 5355 hunc
2086 5300 2333 5354 humeris
2400 5301 2516 5354 suis
2580 5302 2834 5374 sustulit,
2881 5304 3136 5371 quidnam
3185 5305 3432 5371 iumento

1878 5402 2037 5463 opus
2070 5402 2209 5455 erat,
2259 5409 2368 5461 quo
2413 5408 2476 5447 ex
2531 5392 2717 5447 Mecha
2779 5393 3205 5464 Hierosolymam
3259 5410 3431 5460 usque

1879 5482 2220 5539 veheretur?
2257 5483 2413 5549 Item,
2460 5485 2711 5553 quisnam
2759 5484 3037 5539 dimensus
3089 5484 3302 5538 itineris
3348 5485 3434 5537 in-

1884 5575 2194 5635 tervallum.
2226 5575 2370 5642 quod
2404 5576 2545 5628 inter
2572 5576 2766 5629 cmlum
2796 5576 3029 5644 primum
3057 5586 3112 5629 et
3133 5575 3433 5629 secundum

1883 5675 1984 5730 cst,
2017 5664 2378 5734 deprehendit
2409 5664 2541 5719 illud
2565 5665 2987 5735 quingentorum
3018 5681 3285 5721 annorum
3316 5679 3439 5733 spa-

1893 5756 1968 5810 tio
2000 5764 2274 5821 constare,
2327 5763 2380 5809 ct
2417 5755 2546 5811 illud
2596 5754 2884 5813 Mahometi
2934 5755 3158 5811 retulit?
3202 5752 3357 5821 Item,
3386 5754 3432 5809 si

3090 5844 3170 5902 ‘22
