4204 6450
819 416 927 479 683

1985 407 2304 467 JOANNIS
2339 407 2858 471 CANTACUZENI

3940 410 4043 472 684

818 546 912 600 per
951 528 1150 599 pedum
1185 539 1407 597 gressus
1453 522 1798 580 intervallum
1848 523 1954 577 hoc
2002 534 2377 578 mcnsuratum
2408 527 2454 586 Λ

2408 527 2454 586 Δ
2488 542 2624 588 cem;
2648 527 2938 595 ὃεόμενον;
2977 528 3117 589 Ἔτι,
3152 528 3200 579 εἰ
3232 528 3259 580 ὀ
3290 528 3529 597 Γαϐριὴλ
3563 528 3853 582 ἀντελάϐετο
3882 531 4040 581 αὐτὶ-δ

813 629 918 682 est,
948 618 1222 689 quomodo
1255 630 1457 686 corpus
1490 629 1733 670 crassum
1772 614 2113 681 densumque
2154 628 2217 666 ea
2269 614 2379 666 cal-

813 713 993 773 cavit,
1037 723 1158 776 qua:
1207 721 1373 775 supra
1419 704 1586 759 cmlos
1635 712 1785 767 sunt,
1832 714 1890 755 ut
1933 702 2022 756 bic
2070 701 2379 771 prodigiose

818 800 1013 869 ﬁngit?
1055 798 1124 851 Et
1170 797 1216 851 si
1267 798 1371 849 boc
1423 795 1645 863 quidem
1694 792 2031 862 impossibile
2069 801 2172 855 est,
2203 792 2377 859 angeli

817 907 945 945 vero
972 901 1028 945 et
1056 890 1251 943 anima:
1278 886 1561 940 hominum
1595 885 1724 938 illuc
1750 883 2076 947 ascendunt,
2104 886 2378 951 quomodo

816 998 939 1052 qua:
968 981 1290 1047 incorporea
1333 987 1482 1041 sunt,
1516 988 1783 1043 corporeo
1834 989 2025 1043 gressu
2079 974 2379 1026 metiuntur

814 1087 877 1127 ea
908 1086 1029 1139 qua:
1060 1082 1223 1136 supra
1264 1066 1431 1120 cmlos
1463 1072 1591 1118 sunt
1629 1063 1928 1117 constituta
1954 1102 1969 1126 ,
1995 1077 2118 1114 cum
2152 1063 2377 1115 minimo

816 1160 1079 1230 temporis
1107 1157 1283 1227 spatio
1307 1173 1369 1210 ea
1397 1170 1518 1225 qua
1546 1155 1648 1209 sub
1674 1154 1811 1207 caelo
1842 1162 1970 1208 sunt
1999 1153 2229 1206 transire
2257 1168 2379 1222 pos-

814 1255 946 1317 sint,
967 1262 1155 1322 utpote
1187 1247 1608 1313 aerem,zethera
1652 1256 1705 1299 et
1732 1247 1835 1299 alia
1861 1246 1945 1299 his
1982 1246 2217 1299 similia?
2248 1245 2377 1300 Item

817 1346 1095 1415 quomodo
1127 1344 1180 1396 in
1221 1354 1451 1394 ascensu
1495 1348 1555 1391 ut
1585 1339 1782 1393 cmlum
1817 1337 2133 1391 ascenderet
2162 1338 2377 1406 angelo-

817 1452 936 1489 rum
956 1449 1119 1502 opera
1143 1447 1275 1485 usus
1299 1442 1383 1484 est
1399 1468 1415 1493 ,
1435 1429 1489 1481 in
1512 1427 1777 1481 descensu
1795 1435 1973 1480 autem
2011 1440 2376 1493 nequaquam,

814 1528 909 1581 sed
933 1527 1049 1579 solo
1074 1525 1323 1593 iumento
1346 1518 1633 1589 Emparak,
1652 1526 1712 1570 ut
1732 1517 1913 1571 salvus
1945 1518 1996 1570 in
2028 1517 2270 1570 Mechatn
2297 1531 2380 1570 rc-

813 1613 1238 1671 ducereturIEt
1269 1612 1392 1682 quis
1426 1619 1534 1663 tam
1568 1608 1821 1673 stolidus,
1857 1615 1915 1660 ut
1953 1607 2077 1661 talia
2112 1621 2217 1659 non
2247 1621 2376 1659 con-

815 1706 1073 1764 demnet?
1099 1705 1439 1773 QuaprOpter
1476 1700 1814 1755 interdicunt
1840 1700 2060 1752 assecla:
2097 1698 2263 1759 illius,
2311 1712 2379 1750 ne

814 1800 940 1869 quis
960 1814 1080 1851 cum
1106 1796 1380 1863 aliquibus
1402 1788 2115 1861 disputet,redargutionem
2136 1796 2381 1841 metuen-

816 1866 917 1960 tes,
941 1899 1127 1963 utpote
1158 1902 1283 1942 cum
1306 1899 1416 1939 non
1463 1885 1710 1953 ignorent
1743 1880 2092 1949 praeceptoris
2119 1880 2198 1932 sui
2227 1880 2380 1933 vani-
2406 1866 2453 1925 Β

815 1998 1003 2042 tatem.
1040 1982 1426 2038 Verumtamen
1456 1983 1511 2029 et
1551 1972 1607 2026 hi
1642 1973 1785 2026 inter
1839 1987 1897 2025 se
1951 1980 2139 2023 mutuo
2168 1969 2380 2023 dissen—

815 2077 979 2141 tiunt,
1010 2081 1065 2127 ct
1086 2070 1179 2125 alii
1205 2068 1425 2139 quidem
1450 2063 1643 2118 mortis
1673 2072 1819 2115 metu
1852 2061 1933 2114 vel
1961 2059 2112 2113 inviti
2143 2075 2380 2128 sequun-

814 2178 905 2221 tur
930 2204 945 2229 ,
974 2172 1023 2218 et
1052 2163 1097 2216 si
1128 2161 1268 2215 forte
1296 2155 1453 2211 liberi
1484 2164 1541 2208 et
1573 2152 1657 2208 sui
1686 2153 1829 2223 juris
1858 2162 2063 2215 essent,
2097 2150 2380 2204 confestim

815 2250 1145 2313 Christianis
1191 2247 1618 2303 ascriberentur.
1644 2243 1750 2297 Alii
1778 2256 1904 2296 vero
1930 2256 2113 2295 errore
2147 2241 2376 2307 seducti,

816 2364 917 2419 pro
953 2344 1144 2408 firmis,
1182 2340 1324 2396 veris
1381 2349 1437 2394 et
1482 2334 1745 2392 confessis
1795 2332 2027 2388 retinent
2062 2332 2381 2387 Mahomctis

820 2439 1101 2497 mendacia
1126 2446 1181 2492 ct
1207 2431 1515 2505 prodigiosa
1545 2429 1826 2497 figmenta;
1851 2426 1939 2480 alii
1967 2441 2182 2479 rursum
2212 2441 2239 2477 a
2263 2426 2379 2495 lege

819 2531 995 2604 patria
1027 2535 1252 2599 propter
1288 2524 1552 2594 majorum
1585 2518 1944 2574 reverentiam
1976 2517 2238 2571 desistere
2281 2532 2380 2570 no-

820 2627 1196 2687 lunt;verum
1231 2616 1339 2672 illis
1384 2612 1754 2668 defensionem
1789 2624 1971 2665 coram
2016 2608 2127 2663 Deo
2174 2623 2270 2675 pro
2319 2623 2377 2661 se

820 2713 1163 2771 subeundam
1190 2712 1517 2778 imponunt;
1543 2704 1636 2758 alii
1665 2700 1883 2771 quoque
1909 2711 2133 2770 propter
2159 2700 2375 2753 vivendi

820 2806 1098 2862 licentiam
1133 2810 1190 2855 et
1228 2800 1557 2859 libertatem,
1592 2794 2040 2863 voluptatumque
2071 2791 2378 2845 concessio-

822 2912 945 2953 nem
978 2892 1154 2950 crrori
1200 2888 1525 2958 renuntiare
1547 2886 1762 2948 nolunt,
1798 2884 1971 2953 pluris
2002 2883 2258 2937 nimirum
2300 2883 2378 2936 fa-

818 2991 1029 3046 cientes
1059 2984 1428 3053 impuxitatcm
1457 2988 1512 3035 et
1539 2978 1845 3041 stultitiam,
1898 2992 2005 3030 non
2042 2977 2211 3045 ignari
2239 2977 2377 3030 inte-

820 3084 945 3145 rim,
980 3077 1125 3148 quod
1169 3090 1291 3145 qua:
1338 3073 1613 3133 dicuntur,
1646 3087 1675 3125 a
1722 3070 1832 3124 Deo
1867 3084 1974 3123 non
2021 3070 2151 3134 sint;
2185 3069 2374 3123 dicunt

2484 618 2577 668 ἐπὶ
2609 618 2702 669 τοῦ
2735 620 2884 683 ὦμον
2926 618 3109 683 αὑτοῦ,
3138 620 3221 680 τίς
3272 620 3430 686 χρεία
3464 622 3625 684 ζῶον,
3656 622 3741 671 ἶνα
3788 622 3897 673 ἀπὸ
3944 622 4041 672 τοῦ

2483 709 2676 761 Μακκὲ
2734 708 3034 778 διακομίσῃ
3094 709 3259 760 αὐτὴν
3310 710 3413 770 ἕως
3455 709 3857 778 Ἰερονσαλήμ;
3895 712 4039 771 Ἕττ,

2481 801 2563 862 τίς
2602 803 2877 869 μετρήσας
2910 801 2968 851 τὸ
3011 800 3110 867 τῆς
3141 799 3259 852 ὁδοῦ
3298 801 3491 868 μῆκος,
3520 802 3580 852 τὸ
3622 800 3730 853 ἀπὸ
3760 800 3853 852 τοῦ
3889 802 4042 865 πρὼ-

2482 909 2577 943 τιιυ
2611 892 2838 959 οὐρανοῦ
2900 892 3062 959 μέχρι
3118 892 3210 942 καὶ
3261 891 3352 941 τοῦ
3411 891 3663 960 δευτέρου
3689 933 3703 955 ,
3736 893 3829 943 καὶ
3864 892 4040 959 εὑρὼν

2486 983 2615 1034 αὐτὸ
2644 982 3017 1034 πεντακοσίων
3069 981 3206 1033 ὲτῶν
3256 982 3549 1051 διάστημα,
3612 983 3907 1050 ἀνήγγειλε
3963 983 4039 1048 τῷ

2484 1074 2777 1141 Myrrhae?
2798 1075 2964 1139 ;Ἐτι,
2996 1075 3160 1142 εἰμὲν
3178 1074 3264 1128 διὰ
3285 1076 3544 1143 βημάτων
3576 1075 3732 1135 ποδὸς
3758 1072 4038 1140 ἐμετρήθη

2482 1166 2630 1216 τουτὶ
2660 1166 2721 1217 τὸ
2748 1166 3042 1237 διάστημα,
3077 1170 3194 1231 πῶς
3227 1169 3600 1236 περιεπατησε
3658 1166 3817 1233 σῶμα
3865 1164 4035 1229 πὰχθς

2481 1256 2602 1323 ἔχον
2628 1255 2694 1307 τὰ
2723 1256 2982 1326 ὑπεράνω
3010 1260 3117 1310 τῶν
3143 1260 3405 1326 οὐρανῶν,
3439 1258 3512 1317 ὡς
3546 1256 3711 1314 αὐτὸς
3741 1254 4037 1319 τερατεύε-

2479 1364 2568 1398 ται
2595 1362 2612 1407 ;
2646 1347 2704 1398 Ei
2754 1348 2808 1401 δὲ
2836 1350 2995 1402 τοῦτο
3028 1351 3126 1417 μὲν
3156 1350 3438 1409 ἀδύνατον,
3474 1347 3692 1413 ἄγγελοι
3722 1344 3778 1396 δὲ
3810 1344 3842 1411 ἦ
3872 1345 4038 1410 ψυχαί

2479 1436 2785 1504 ἀνθρώπων
2817 1439 3157 1507 ἀνέρχονται,
3184 1439 3301 1502 πῶς
3329 1440 3397 1492 τι
3442 1439 3709 1505 ἀσώματα
3740 1435 4033 1504 σωματικῷ

2484 1527 2692 1596 βήματι
2728 1529 2985 1597 μετροῖσι
3035 1532 3101 1584 τὰ
3152 1532 3293 1598 ὑπὲρ
3342 1532 3431 1582 τὸν
3482 1531 3729 1600 οὐρανὸν,
3783 1530 3950 1581 ἆτινα
3982 1531 4035 1579 ὲν

2485 1617 2753 1687 ἐλαχίστῳ
2779 1621 2950 1686 χρόνῳ
2978 1619 3237 1673 δύνανται
3262 1621 3492 1673 διελθεῖν
3530 1623 3597 1673 τὰ
3628 1622 3729 1673 ὑπὸ
3755 1621 3850 1671 τὸν
3879 1624 4036 1687 οὖρα-

2484 1712 2575 1762 νὸν
2608 1750 2623 1775 ,
2656 1713 2792 1781 ἀέρα
2834 1714 2997 1781 λέγω,
3030 1717 3123 1769 καὶ
3155 1716 3366 1785 αἰθέρα,
3393 1718 3482 1769 καὶ
3514 1720 3578 1769 τὰ
3606 1717 3821 1779 τούτοις
3852 1719 4031 1785 ὅμοια;

2487 1798 2630 1864 Ἔτι,
2683 1802 2798 1863 πιῖςς
2826 1804 2901 1863 εἰς
2950 1804 3048 1871 μὲν
3089 1804 3187 1871 τὴν
3214 1806 3473 1857 ἀνάϐασιν
3522 1806 3713 1875 ἐδεήθη
3766 1808 4033 1873 ἀγγέλων,

2482 1890 2623 1943 ὥστε
2658 1893 2985 1946 ἀναϐιϐάσαι
3016 1896 3177 1947 αὑτὸν
3224 1898 3303 1957 εἰς
3333 1900 3455 1960 τοὺς
3487 1900 3769 1967 οὐρανοὺς,
3802 1902 3859 1949 ἐν
3889 1901 3944 1951 δὲ
3974 1901 4034 1967 τῇ

2483 1979 2786 2033 καταϐάσει
2821 1982 3094 2052 οὐδαμῶς,
3124 1984 3257 2035 ἀλλὰ
3286 1987 3449 2053 μόνου
3474 1986 3568 2039 τοῦ
3600 1989 3737 2050 ζῶον
3766 1988 3864 2041 τοῦ
3912 1991 4036 2057 Ἑμ-

2484 2074 2694 2140 παρακ,
2727 2073 2815 2126 ἵνα
2843 2074 2935 2129 καὶ
2968 2075 3128 2127 πάλιν
3160 2076 3323 2128 αὑτὸν
3354 2080 3431 2141 είς
3461 2080 3518 2130 τὸ
3547 2080 3740 2131 Mane
3769 2081 4036 2145 amen,

2485 2177 2605 2226 ται;
2635 2164 2745 2215 Καὶ
2777 2164 2859 2218 τις
2901 2163 3044 2216 οὓτω
3084 2166 3409 2234 παράφρων,
3455 2168 3481 2217 ὁ
3519 2167 3591 2234 μὴ
3635 2167 3745 2217 τῶν
3786 2166 4036 2218 τοιούτων

2481 2256 2845 2321 κατεγνωκὼς
2872 2272 2887 2319 ;
2923 2256 3023 2310 Διά
3074 2274 3155 2309 τοι
3185 2256 3342 2310 τοῦτο
3370 2259 3644 2320 παντελῶς
3693 2259 3964 2311 κωλύουσι
3992 2262 4037 2311 οἱ

2483 2347 2696 2399 ἐκείνου
2760 2346 3043 2400 ἀκόλουθοι
3100 2349 3239 2415 μετά
3296 2365 3456 2401 τινων
3512 2350 3901 2417 διαλέγεσθαι,
3952 2352 4037 2403 τὸν

2480 2440 2700 2509 ἔλεγχον
2729 2440 3028 2503 δειλιῶντες
3052 2459 3065 2472 ·
3123 2442 3241 2495 οὐδὲ
3291 2445 3398 2511 τὰρ
3450 2443 3765 2509 ἀγνοοῦντές
3800 2445 3908 2495 εἰσι
3945 2444 4037 2510 τὴν

2478 2531 2573 2584 τοῦ
2601 2532 2925 2586 διδασκάλου
2965 2535 3143 2587 αὐτῶν
3176 2536 3530 2604 ματαιότητα.
3580 2538 3718 2589 Ἀλλ’
3760 2537 3909 2606 ὅμως
3943 2541 4039 2590 xi-

2479 2625 2646 2676 κεῖνοι
2694 2624 3016 2693 ἀσύμφωνοι
3056 2626 3192 2695 πρὸς
3238 2626 3497 2696 ἀλλήλους
3557 2630 3916 2697 ὑπάρχωσιν.
3976 2631 4038 2682 0i

2484 2714 2581 2783 μὲν
2613 2714 2720 2781 γὰρ
2747 2714 2826 2785 τῷ
2855 2716 2948 2767 τοῦ
2978 2717 3208 2769 Θανάτου
3239 2720 3388 2789 φόϐῳ
3410 2722 3502 2773 καὶ
3528 2720 3753 2782 ἄκοντες
3783 2723 4029 2775 ἓπονται’

2480 2804 2529 2853 εἰ
2574 2802 2620 2854 δ’
2655 2806 2784 2866 ἴσως
2827 2806 3044 2873 ἀφοὸως
3094 2811 3187 2861 καὶ
3233 2812 3288 2861 ὲν
3336 2811 3552 2880 ἐξυυσῖᾳ
3607 2812 3713 2882 ἰδία
3766 2812 4035 2879 ἑτέ-,οντα

2478 2894 2640 2959 εὐθὺς
2691 2898 3011 2967 Χριστιανοὶ
3062 2900 3311 2967 ἐγένοντο
3367 2902 3463 2954 ἄν·
3519 2905 3567 2954 οἱ
3625 2904 3681 2955 δὲ
3736 2907 3803 2973 τῇ
3867 2904 4040 2975 πελά-,ῃ

2480 2993 2935 3058 συναπαχθέντες,
2970 2991 3042 3051 ὡς
3076 2993 3265 3061 βέϐαια
3311 2996 3403 3044 καὶ
3466 2993 3637 3062 ἁληοῆ
3691 2996 3788 3046 καὶ
3824 2996 4034 3062 ὡμολο-

2483 3082 2697 3149 γημένα
2727 3083 2909 3149 ἔχουσι
2940 3085 3007 3136 τὰ
3045 3087 3137 3136 τοῦ
3178 3084 3419 3152 Μωάμεο
3450 3085 3622 3154 ψεύδη
3649 3085 3743 3136 καὶ
3776 3094 4037 3154 rapax;-

820 3188 1005 3228 tamcn
1041 3169 1243 3239 palam,
1277 3174 1338 3219 ut
1372 3173 1498 3218 ante
1539 3163 1744 3217 dictum
1789 3172 1892 3227 est,
1926 3182 1944 3212 ι
1980 3161 2106 3217 Vias
2138 3176 2375 3231 przeccp-
2403 3197 2446 3251 ε

2403 3197 2446 3251 c
2484 3187 2647 3239 ματα·
2682 3173 2730 3222 οἱ
2767 3173 2822 3224 δὲ
2869 3173 2928 3225 οὐ
2958 3174 3232 3243 βούλονται
3269 3176 3567 3244 ἀποστῆναι
3614 3178 3711 3245 τῆς
3757 3195 4037 3246 πατροπα-

817 3281 997 3322 torum
1027 3273 1244 3315 tuorum
1280 3272 1571 3327 agnoscere
1603 3256 1748 3309 nolo.
1782 3273 1801 3307 ι
1836 3253 1951 3320 Qna
1978 3255 2044 3307 de
2082 3268 2243 3307 causa
2273 3268 2374 3307 nec

818 3368 1027 3411 sacram
1070 3352 1409 3419 Scripturam
1444 3348 1627 3416 legere
1670 3348 2001 3416 permittitur
2050 3346 2192 3413 apud
2224 3346 2371 3409 illos,

817 3469 887 3506 nc
935 3464 1031 3509 per
1062 3446 1201 3498 hanc
1232 3440 1580 3512 praeceptoris
1609 3440 1692 3493 sui
1741 3438 1970 3492 stultitia
2018 3446 2277 3505 appareat
2319 3446 2375 3491 et

817 3545 1149 3595 conlutetur.
1185 3534 1243 3586 In
1278 3532 1457 3600 capite
1485 3529 1623 3584 Jona
1668 3530 1811 3583 enim
1844 3529 1922 3583 sic
1958 3528 2173 3598 inquit:
2216 3526 2375 3593 Quis-

819 3630 945 3701 quis
976 3627 1352 3697 deprehensus
1385 3621 1551 3675 fuerit
1577 3620 1722 3688 quod
1759 3619 2057 3673 Alcorrano
2092 3620 2373 3673 contradi-

820 3732 932 3788 cat,
969 3720 1161 3774 mortis
1209 3713 1535 3785 supplicium
1582 3712 1748 3775 luito,
1796 3726 1897 3765 nec
1953 3711 2043 3763 alii
2088 3726 2250 3779 quam
2297 3711 2374 3765 illi

818 3811 1067 3867 credant.
1096 3809 1155 3862 In
1179 3807 1354 3875 capite
1384 3811 1563 3858 autem
1593 3803 1812 3855 Amram
1838 3802 1952 3854 ait:
1985 3800 2100 3861 Non
2129 3801 2221 3854 alii
2251 3817 2374 3855 cre-

820 3904 932 3959 dite
963 3902 1065 3955 nisi
1101 3899 1273 3968 legem
1305 3904 1547 3949 nostram
1582 3893 1852 3963 sequenti.
1881 3891 1948 3944 Et
1990 3892 2082 3959 qui
2129 3892 2375 3960 Evange-

817 3996 956 4050 lium
1000 3992 1229 4046 salutem
1277 4001 1394 4041 esse
1436 3984 1568 4039 dicit
1627 3992 1683 4038 ct
1728 3983 1870 4036 viam
1898 4023 1911 4045 ,
1956 3982 2202 4050 nihilque
2252 3996 2374 4035 esse

821 4086 1151 4140 Sarracenos
1182 4078 1283 4131 nisi
1318 4074 1669 4144 Evangelium
1696 4072 1978 4142 legemque
2007 4072 2373 4141 implevi-rint,

818 4194 889 4233 cn
948 4175 1131 4229 denuo
1179 4170 1320 4223 idem
1357 4166 1511 4236 quasi
1563 4165 1769 4234 proprii
1817 4163 2089 4217 sermonis
2134 4162 2371 4226 oblitus,

820 4269 877 4320 in
905 4264 1095 4320 eodem
1124 4272 1373 4315 sermone
1398 4256 1532 4310 dicit
1559 4273 1572 4309 :
1602 4254 1734 4308 Mihi
1774 4268 1891 4308 mea
1921 4252 2005 4306 les
2032 4254 2103 4307 sit
2139 4262 2196 4307 et
2220 4254 2375 4307 vobis

818 4364 1025 4412 vestra.
1058 4353 1166 4407 Vos
1205 4351 1273 4406 ab
1313 4348 1397 4402 his
1428 4361 1550 4415 quae
1583 4348 1699 4413 ipse
1740 4342 1881 4397 facio
1913 4343 2184 4400 immunes
2217 4346 2371 4408 estis,

819 4458 876 4503 et
907 4461 1007 4515 ego
1042 4445 1108 4498 ab
1137 4443 1204 4497 iis
1239 4454 1359 4511 quae
1390 4453 1505 4493 vos.
1534 4435 1648 4491 Hoc
1684 4436 1867 4503 itaque
1903 4448 2172 4503 perversa
2201 4444 2256 4488 et
2287 4451 2374 4491 er-

2482 3261 2707 3329 ραδότου
2742 3264 2947 3332 πλάνης
2980 3266 3158 3318 αὐτῶν
3190 3268 3327 3318 αἰδοῖ
3362 3267 3468 3318 τῶν
3518 3270 3741 3336 γονέων,
3800 3269 3918 3323 ἀλλ’
3951 3272 4033 3321 ἐπ’

2479 3355 2705 3415 ἐκείνοις
2762 3358 2975 3410 τιθέασι
3018 3359 3115 3429 τὴν
3162 3362 3340 3414 αἰτίαν
3376 3361 3473 3428 τῆς
3523 3364 3654 3430 πρὸς
3684 3364 3819 3417 Θεὸν
3846 3368 4036 3419 ἀπολο-

2484 3447 2632 3513 γίας.
2675 3449 2736 3500 Οἱ
2779 3450 2832 3501 δὲ
2865 3450 2948 3501 διὰ
3003 3452 3059 3503 τὸ
3108 3452 3294 3504 ἄνετον
3340 3456 3429 3504 καὶ
3463 3454 3744 3524 ἐλεύθερον
3782 3459 4035 3526 καὶπερὶ

2476 3540 2573 3599 τὰς
2623 3539 2810 3609 ἡδονὰς
2843 3542 3120 3610 ἐνδιῦσιμον
3171 3545 3230 3594 οὐ
3282 3544 3557 3611 βούλονται
3604 3551 3911 3619 ἀποστῆναι
3945 3552 4035 3618 τῆς

2478 3630 2707 3699 πλάοης,
2743 3632 2879 3687 ἀλλὰ
2913 3634 3009 3703 τὴν
3040 3634 3381 3704 ἀκαθαρσίαν
3418 3639 3508 3689 καὶ
3546 3642 3785 3707 ματαίαν
3823 3644 4034 3697 δίαιταν

2479 3724 2890 3793 προαιροῦνται,
2946 3726 3304 3793 γινώσκοντες
3360 3729 3457 3798 μὲν
3494 3731 3573 3782 ὅτι
3627 3733 3722 3784 οὐκ
3758 3736 3903 3786 εἰσὶν
3934 3739 4037 3789 ἀπὸ

2476 3812 2609 3865 Θεοῦ
2662 3815 2728 3866 τὰ
2777 3815 3060 3882 λεγόμενα,
3115 3818 3327 3884 λέγουσι
3371 3820 3413 3871 δ’
3462 3822 3605 3887 ὅμως
3636 3824 3917 3893 ἄντικρυς,
3965 3828 4035 3885 ὡς

2475 3904 2815 3973 προείρηται,
2845 3906 2924 3957 ὅτι
2960 3924 2976 3955 ι
3000 3906 3163 3960 Ὀδῶν
3201 3908 3427 3961 ἐντολῶν
3463 3927 3553 3962 σου
3593 3916 3793 3979 γνῶναι
3827 3918 3887 3967 οὔ
3917 3917 4034 3983 μς-

2475 3993 2653 4060 λομαι.
2690 4012 2707 4043 ι
2744 3995 2849 4046 Καὶ
2871 3995 2957 4047 διὰ
3009 3995 3163 4047 τοῦτο
3197 3997 3311 4047 οὐδὲ
3372 4001 3789 4067 παραχωροῦσιν
3842 4006 4034 4067 ἀναγέ-

2476 4083 2776 4137 νὼσκεσυαι
2818 4086 2915 4153 τὴν
2951 4086 3097 4138 θείαν
3128 4086 3344 4157 Γραφὴν
3383 4092 3512 4158 παρ’
3553 4092 3799 4169 ἐκείνοις,
3833 4097 3922 4148 ἵνα
3963 4101 4035 4166 μὴ

2474 4175 2533 4225 τὸ
2563 4173 2655 4225 τοῦ
2698 4173 3013 4227 διδασκάλου
3048 4176 3224 4229 αὐτῶν
3255 4177 3445 4245 ψεῦδος
3491 4183 3569 4241 είς
3622 4182 3845 4253 ἔλεγχον
3884 4186 4033 4256 ἔλθῃ.

2486 4266 2575 4319 Ἐν
2614 4267 2720 4335 γὰρ
2763 4267 2839 4335 τῷ
2885 4267 3158 4337 κεφαλαίῳ
3210 4270 3285 4339 τῷ
3324 4270 3491 4325 Ἰωνᾶ
3523 4272 3663 4325 οὕτω
3709 4278 3897 4345 φησιν,
3957 4283 4033 4332 ὅτι

2474 4355 2595 4407 Κᾶν
2651 4356 2829 4417 ὁποῖός
2877 4373 3003 4409 ποτε
3057 4358 3282 4429 φωραθῇ
3341 4361 3633 4429 ἀντιλέγων
3682 4368 3740 4418 τὸ
3790 4370 4031 4439 Κορῤαν,

2477 4444 2701 4506 θάνατος
2753 4445 2904 4497 ἔσται
2956 4450 2987 4514 ἡ
3036 4450 3296 4517 τιμωρία,
3345 4450 3474 4519 μηδὲ
3530 4456 3809 4508 πιστεύειν
3846 4462 4034 4530 ἕτερον

820 4535 1082 4591 τσιιιιηιιιε
1112 4532 1309 4587 mentis
1344 4528 1627 4598 proprium
1658 4537 1762 4591 est,
1794 4535 1853 4580 ut
1892 4540 2002 4578 non
2044 4527 2113 4580 ab
2142 4526 2372 4581 honesto
2406 4550 2447 4603 ι)

2406 4550 2447 4603 D
2480 4537 2614 4603 πλὴν
2651 4537 2835 4588 αὐτοῦ.
2878 4538 2964 4589 Ἐν
2995 4537 3052 4588 δὲ
3080 4539 3157 4606 τῷ
3188 4542 3462 4611 κεφαλαίῳ
3497 4544 3572 4613 τῷ
3608 4547 3833 4617 Ἀμρὰμ
3878 4526 4033 4623 quia},

819 4634 1030 4679 tantum
1070 4632 1126 4676 et
1170 4621 1313 4673 bono
1355 4617 1660 4679 dissentiat,
1692 4615 1787 4669 sed
1830 4624 2017 4668 utnec
2047 4628 2233 4670 secum
2272 4631 2371 4668 un-

820 4732 985 4785 quam
1013 4712 1302 4768 couvenire
1347 4708 1543 4778 possit,
1572 4706 1751 4776 qualis
1779 4713 1834 4760 et
1875 4704 2145 4759 Mahomet
2192 4705 2281 4759 hic
2317 4706 2372 4758 in

821 4818 936 4862 toto
968 4821 1066 4860 suo
1097 4817 1261 4873 opere
1291 4799 1744 4869 deprehenditur.
1773 4796 2209 4851 ChriStianorum
2246 4810 2373 4849 vero

820 4901 1019 4966 scripta
1051 4911 1159 4948 non
1192 4894 1292 4946 sic.
1321 4892 1519 4946 Verum
1560 4888 1737 4942 omnis
1772 4901 1924 4940 sacra
1956 4885 2232 4953 Scriptura
2263 4895 2371 4938 tant

826 4991 991 5045 Vetus
1042 5000 1203 5055 quam
1254 4982 1435 5044 Nova,
1490 4978 1715 5046 singulae
1769 4976 1871 5030 sibi
1930 4976 2165 5029 invicem
2206 4990 2368 5043 quam

820 5079 1163 5135 exactissime
1194 5072 1542 5128 consentiunt
1570 5085 1584 5133 ;
1619 5078 1673 5123 ct
1705 5081 1921 5120 rursum
1955 5077 2196 5135 utrmque
2231 5068 2374 5121 inter

818 5188 878 5226 se
920 5180 1109 5224 mutuo
1155 5164 1343 5219 eadem
1392 5161 1594 5216 sentire
1638 5170 1693 5213 et
1717 5160 1899 5212 dicere
1951 5157 2371 5227 deprehendun-

822 5274 947 5329 tur;
980 5271 1033 5313 et
1056 5258 1274 5313 merito.
1299 5256 1441 5308 Deus
1466 5254 1612 5307 enim
1648 5252 1763 5321 ipse
1790 5261 1982 5305 auctor
2012 5260 2066 5304 et
2097 5250 2371 5318 legislator

817 5361 900 5407 est
943 5350 1141 5403 veteris
1189 5358 1245 5401 et
1292 5347 1418 5399 novi
1467 5343 1979 5411 Testamenti..Ego
2026 5352 2205 5395 autem
2258 5343 2371 5409 ipse

817 5442 1069 5499 fortassis
1087 5456 1207 5493 cum
1242 5439 1397 5492 Esaia
1437 5446 1491 5490 ct
1539 5435 1738 5489 Davide
1786 5435 1976 5487 dixero
2006 5451 2017 5486 :
2063 5453 2079 5484 ι
2110 5433 2308 5499 Quare,
2338 5448 2371 5487 o

820 5534 1069 5598 Do:i.ine,
1124 5547 1206 5583 na
1253 5529 1543 5597 impiorum
1597 5526 1990 5595 prosperatur?
2036 5526 2137 5580 Mei
2189 5535 2369 5580 autent

818 5642 957 5694 pene
976 5625 1106 5677 moti
1132 5631 1258 5675 sunt
1287 5621 1469 5689 pedes.
1489 5634 1626 5688 pene
1651 5616 1729 5671 cli
1731 5618 1812 5671 usi
1839 5627 1965 5671 sunt
1990 5632 2208 5685 gressus
2238 5618 2367 5673 mei.

815 5716 1081 5780 Quoniam
1122 5714 1287 5767 zelavi
1328 5729 1489 5782 super
1524 5713 1764 5780 iniquos,
1793 5725 1980 5778 pacem
2022 5720 2367 5779 peccatorum

821 5801 1007 5855 videns
1059 5800 1323 5865 Quoniam
1359 5816 1464 5854 non
1496 5810 1578 5855 est
1611 5808 1889 5868 respectus
1922 5798 1973 5852 in
2017 5810 2187 5855 monte
2222 5801 2367 5869 ipso-

2474 4626 2567 4696 Μὴ
2620 4627 2940 4698 πιστεύσητε
2976 4630 3159 4697 ἕτερον
3187 4632 3326 4698 πλὴν
3354 4634 3445 4685 τοῦ
3486 4636 3751 4705 ἑπομένου
3780 4643 3859 4711 τῷ
3897 4647 4034 4713 ἠμε-

2473 4719 2619 4787 τέρῳ
2656 4719 2805 4789 νόμῳ
2832 4760 2845 4781 ,
2885 4722 3058 4773 καίτοι
3116 4738 3177 4789 γε
3220 4724 3280 4775 τὸ
3347 4725 3679 4792 Εὐαγγέλιον
3745 4737 4029 4803 σωτηρίαν

2474 4805 2610 4861 εἶναι
2674 4810 2845 4876 λέγων
2901 4812 2991 4863 καὶ
3034 4811 3286 4881 ὁδηγίαν,
3338 4817 3428 4865 καὶ
3486 4817 3653 4886 μηδὲν
3714 4815 3858 4873 εἶναι
3926 4829 4033 4887 τοῖς

2475 4902 2837 4970 Σαρακηνοῖς,
2870 4903 2944 4971 μὴ
2976 4903 3290 4972 πληρώσασι
3341 4906 3399 4957 τὸ
3447 4907 3778 4975 Εὑαγγέλιον
3817 4918 3913 4969 καὶ
3948 4918 4036 4968 τὶν

2474 4992 2657 5059 νόμον.
2700 4992 2865 5045 Πάλιν
2907 4993 2964 5045 δὲ
2995 4998 3021 5045 ὁ
3059 4996 3237 5058 αὐτὸς,
3274 4995 3461 5064 ὥσπερ
3512 5000 3908 5071 ἐπιλαθόμενος
3930 5009 4035 5060 τῶν

2474 5085 2667 5136 ἑαυτοῦ
2701 5084 2907 5152 λόγων,
2944 5088 3000 5138 ὲν
3032 5087 3109 5157 τῷ
3149 5087 3296 5156 αὐτῷ
3334 5090 3477 5160 λόγῳ
3527 5094 3715 5161 φησιν,
3747 5098 3832 5150 ὅτι
3884 5100 4034 5167 Ἐμοὶ

2471 5175 2499 5227 ὁ
2544 5174 2675 5243 ὲμδς
2699 5175 2881 5245 νόμος,
2924 5178 3015 5230 ml.
3047 5179 3173 5247 ὑμῖν
3209 5181 3237 5231 ὁ
3270 5180 3549 5251 ὑμέτερος.
3599 5184 3787 5254 Ὑμεῖς
3820 5189 4034 5242 ἐλεύθε-

2475 5264 2558 5332 ροί
2592 5265 2709 5315 ἐστε
2762 5259 2834 5317 ὢν
2875 5264 2981 5331 ἐγὼ
3042 5266 3283 5334 πράετω,
3326 5268 3478 5335 κάγὼ
3530 5264 3607 5324 ὧν
3646 5273 3828 5340 ὑμεῖς.
3866 5278 4035 5330 Τοῦτο

2473 5351 2603 5418 γοῦν
2630 5353 2759 5404 ἴδιον
2787 5356 2901 5405 ἐστι
2936 5354 3029 5407 τοῦ
3071 5360 3595 5428 παρατετραμμένου
3629 5366 3727 5415 καὶ
3756 5368 4033 5438 πεπλανη-

2478 5443 2638 5511 μένον
2686 5444 2836 5509 νοὸς,
2886 5447 2944 5496 τὸ
2998 5448 3263 5514 μὴμόνον
3313 5450 3447 5517 μετὰ
3493 5450 3585 5502 τοῦ
3627 5455 3795 5509 καλοῦ
3846 5475 3903 5510 τε
3941 5466 4032 5511 καί

2473 5533 2679 5599 ἀγαθοῦ
2728 5534 3054 5602 ἀσύμφωνον
3091 5534 3275 5589 τοῦτον
3318 5538 3702 5610 εὑρίσκεσθαι,
3746 5545 3885 5600 ἀλλὰ
3940 5552 4031 5601 καὶ

2474 5622 2607 5692 πρὸς
2653 5624 2841 5675 ἑαυτὸν
2890 5626 3155 5694 μηδέποτε
3222 5633 3528 5696 συμσωνείν
3559 5672 3573 5696 ,
3620 5631 3815 5705 ὥσπερ
3868 5640 3961 5691 καὶ
3990 5642 4020 5693 ὁ

2473 5718 2661 5783 παρὼν
2699 5718 2877 5769 οὑτοσὶ
2912 5718 3152 5786 Μωαμεθ
3201 5721 3258 5771 ὲν
3292 5722 3398 5790 ὅλῳ
3432 5722 3508 5775 τῶ
3539 5725 3707 5778 αὐτοῦ
3746 5733 4029 5799 συγγράμ-

2476 5818 2627 5872 ματι.
2660 5803 2702 5855 Τ
2710 5805 2737 5856 ἐι
2766 5805 2817 5858 δὲ
2845 5808 2950 5860 τῶν
2983 5809 3321 5877 Χριστιανῶν
3352 5812 3449 5881 οὐχ
3472 5813 3664 5881 οὕτως,
3697 5817 3838 5875 ἀλλὰ
3871 5822 4014 5877 πᾶσα
