  <div class='ocr_page' id='page_1' title='image "/cluster/home/n/w/nwhite01/storage/ocr_20150623/154/nnc1.0046980970/354.png"; bbox 0 0 4204 6450; ppageno 0'>
   <div class='ocr_carea' id='block_1_1' title="bbox 213 442 3439 541">
    <p class='ocr_par' dir='ltr' id='par_1_1' title="bbox 213 442 3439 541">
     <span class='ocr_line' id='line_1_1' title="bbox 213 442 3439 541; baseline -0.004 -25"><span class='ocrx_word' id='word_1_1' title='bbox 213 454 318 519; x_wconf 82' lang='lat'>693</span> <span class='ocrx_word' id='word_1_2' title='bbox 1159 445 1456 507; x_wconf 75' lang='lat' dir='ltr'>CONTRA</span> <span class='ocrx_word' id='word_1_3' title='bbox 1496 445 1858 505; x_wconf 83' lang='lat' dir='ltr'>BARLAAM</span> <span class='ocrx_word' id='word_1_4' title='bbox 1898 443 1993 504; x_wconf 88' lang='lat' dir='ltr'>ET</span> <span class='ocrx_word' id='word_1_5' title='bbox 2025 442 2496 506; x_wconf 77' lang='lat' dir='ltr'>ACINDYNUM.</span> <span class='ocrx_word' id='word_1_6' title='bbox 3333 444 3439 541; x_wconf 44' lang='lat'>(39“</span> 
     </span>
    </p>
   </div>
   <div class='ocr_carea' id='block_1_2' title="bbox 1435 743 2217 860">
    <p class='ocr_par' dir='ltr' id='par_1_2' title="bbox 1435 743 2217 860">
     <span class='ocr_line' id='line_1_2' title="bbox 1435 743 2217 860; baseline -0.003 -4"><span class='ocrx_word' id='word_1_7' title='bbox 1435 743 2217 860; x_wconf 65' lang='lat' dir='ltr'>PROOEMIUM</span> 
     </span>
    </p>
   </div>
   <div class='ocr_carea' id='block_1_3' title="bbox 575 982 3075 1080">
    <p class='ocr_par' dir='ltr' id='par_1_3' title="bbox 575 982 3075 1080">
     <span class='ocr_line' id='line_1_3' title="bbox 575 982 3075 1080; baseline 0 -5"><span class='ocrx_word' id='word_1_8' title='bbox 575 985 881 1080; x_wconf 89' lang='grc' dir='ltr'>ΤΟΜΙ</span> <span class='ocrx_word' id='word_1_9' title='bbox 962 982 1430 1078; x_wconf 72' lang='lat' dir='ltr'>CONTRA</span> <span class='ocrx_word' id='word_1_10' title='bbox 1520 983 2058 1072; x_wconf 78' lang='lat' dir='ltr'>BABLAAM</span> <span class='ocrx_word' id='word_1_11' title='bbox 2132 983 2283 1073; x_wconf 83' lang='grc' dir='ltr'><strong>ΕΤ</strong></span> <span class='ocrx_word' id='word_1_12' title='bbox 2362 983 3075 1077; x_wconf 84' lang='lat' dir='ltr'>ACINDYNUM</span> 
     </span>
    </p>
   </div>
   <div class='ocr_carea' id='block_1_4' title="bbox 1085 1178 2606 1245">
    <p class='ocr_par' dir='ltr' id='par_1_4' title="bbox 1085 1178 2606 1245">
     <span class='ocr_line' id='line_1_4' title="bbox 1085 1178 2606 1245; baseline 0 -5"><span class='ocrx_word' id='word_1_13' title='bbox 1085 1178 1479 1243; x_wconf 81' lang='lat' dir='ltr'>AUCTORE</span> <span class='ocrx_word' id='word_1_14' title='bbox 1533 1178 2127 1245; x_wconf 83' lang='lat' dir='ltr'>CHRISTODULO</span> <span class='ocrx_word' id='word_1_15' title='bbox 2167 1178 2606 1243; x_wconf 80' lang='grc' dir='ltr'>ΜΟΝΑΟΙΙΟ.</span> 
     </span>
    </p>
   </div>
   <div class='ocr_carea' id='block_1_5' title="bbox 1768 1344 1860 1357">
    <p class='ocr_par' dir='ltr' id='par_1_5' title="bbox 1768 1344 1860 1357">
     <span class='ocr_line' id='line_1_5' title="bbox 1768 1344 1860 1357; baseline -0.011 0"><span class='ocrx_word' id='word_1_16' title='bbox 1768 1344 1860 1357; x_wconf 75' lang='grc' dir='ltr'>σ-</span> 
     </span>
    </p>
   </div>
   <div class='ocr_carea' id='block_1_6' title="bbox 1171 1493 2495 1589">
    <p class='ocr_par' dir='ltr' id='par_1_6' title="bbox 1171 1493 2495 1589">
     <span class='ocr_line' id='line_1_6' title="bbox 1171 1493 2495 1589; baseline 0 -5"><span class='ocrx_word' id='word_1_17' title='bbox 1171 1493 1742 1586; x_wconf 87' lang='lat' dir='ltr'>MONITUM</span> <span class='ocrx_word' id='word_1_18' title='bbox 1816 1494 2495 1589; x_wconf 81' lang='lat' dir='ltr'>EDITORUM.</span> 
     </span>
    </p>
   </div>
   <div class='ocr_carea' id='block_1_7' title="bbox 299 1792 3451 1886">
    <p class='ocr_par' dir='ltr' id='par_1_7' title="bbox 299 1792 3451 1886">
     <span class='ocr_line' id='line_1_7' title="bbox 299 1792 3451 1886; baseline 0.004 -34"><span class='ocrx_word' id='word_1_19' title='bbox 299 1792 431 1852; x_wconf 86' lang='lat' dir='ltr'>Sub</span> <span class='ocrx_word' id='word_1_20' title='bbox 462 1792 678 1855; x_wconf 85' lang='lat' dir='ltr'>ﬁclitio</span> <span class='ocrx_word' id='word_1_21' title='bbox 721 1797 1006 1858; x_wconf 81' lang='lat' dir='ltr'>monachi</span> <span class='ocrx_word' id='word_1_22' title='bbox 1049 1798 1444 1864; x_wconf 80' lang='lat' dir='ltr'>Christoduli</span> <span class='ocrx_word' id='word_1_23' title='bbox 1487 1806 1745 1868; x_wconf 88' lang='lat' dir='ltr'>nomine</span> <span class='ocrx_word' id='word_1_24' title='bbox 1787 1808 1935 1870; x_wconf 89' lang='lat' dir='ltr'>latet</span> <span class='ocrx_word' id='word_1_25' title='bbox 1990 1809 2265 1872; x_wconf 86' lang='lat' dir='ltr'>Joannes</span> <span class='ocrx_word' id='word_1_26' title='bbox 2315 1810 2817 1881; x_wconf 88' lang='lat' dir='ltr'>Cantacuzenus,</span> <span class='ocrx_word' id='word_1_27' title='bbox 2864 1807 2974 1886; x_wconf 89' lang='lat' dir='ltr'>qui</span> <span class='ocrx_word' id='word_1_28' title='bbox 3009 1822 3045 1868; x_wconf 90' lang='lat' dir='ltr'>e</span> <span class='ocrx_word' id='word_1_29' title='bbox 3083 1805 3250 1870; x_wconf 88' lang='lat' dir='ltr'>solio</span> <span class='ocrx_word' id='word_1_30' title='bbox 3279 1806 3451 1869; x_wconf 84' lang='lat' dir='ltr'>Con-</span> 
     </span>
    </p>
   </div>
   <div class='ocr_carea' id='block_1_8' title="bbox 219 1894 3456 1979">
    <p class='ocr_par' dir='ltr' id='par_1_8' title="bbox 219 1894 3456 1979">
     <span class='ocr_line' id='line_1_8' title="bbox 219 1894 3456 1979; baseline 0.005 -29"><span class='ocrx_word' id='word_1_31' title='bbox 219 1894 794 1971; x_wconf 82' lang='lat' dir='ltr'>stantinOpolitano</span> <span class='ocrx_word' id='word_1_32' title='bbox 832 1899 1115 1978; x_wconf 87' lang='lat' dir='ltr'>dejectus</span> <span class='ocrx_word' id='word_1_33' title='bbox 1148 1903 1433 1965; x_wconf 85' lang='lat' dir='ltr'>habitum</span> <span class='ocrx_word' id='word_1_34' title='bbox 1465 1907 1898 1969; x_wconf 86' lang='lat' dir='ltr'>monachalem</span> <span class='ocrx_word' id='word_1_35' title='bbox 1950 1908 2185 1970; x_wconf 83' lang='lat' dir='ltr'>induit.</span> <span class='ocrx_word' id='word_1_36' title='bbox 2214 1908 2635 1971; x_wconf 87' lang='lat' dir='ltr'>Doctissimus</span> <span class='ocrx_word' id='word_1_37' title='bbox 2666 1907 2958 1979; x_wconf 89' lang='lat' dir='ltr'>Bandini,</span> <span class='ocrx_word' id='word_1_38' title='bbox 2995 1907 3063 1969; x_wconf 89' lang='lat' dir='ltr'>in</span> <span class='ocrx_word' id='word_1_39' title='bbox 3097 1906 3299 1969; x_wconf 84' lang='lat' dir='ltr'>Catal.</span> <span class='ocrx_word' id='word_1_40' title='bbox 3338 1908 3456 1967; x_wconf 78' lang='lat' dir='ltr'>Bi-</span> 
     </span>
    </p>
   </div>
   <div class='ocr_carea' id='block_1_9' title="bbox 216 1991 3457 2089">
    <p class='ocr_par' dir='ltr' id='par_1_9' title="bbox 216 1991 3457 2089">
     <span class='ocr_line' id='line_1_9' title="bbox 216 1991 3457 2089; baseline 0.006 -43"><span class='ocrx_word' id='word_1_41' title='bbox 216 1991 444 2053; x_wconf 77' lang='lat' dir='ltr'>blioth.</span> <span class='ocrx_word' id='word_1_42' title='bbox 495 1994 790 2058; x_wconf 82' lang='lat' dir='ltr'>Laurent.</span> <span class='ocrx_word' id='word_1_43' title='bbox 831 2005 874 2060; x_wconf 91' lang='lat' dir='ltr'>t.</span> <span class='ocrx_word' id='word_1_44' title='bbox 920 2002 965 2070; x_wconf 90' lang='grc' dir='ltr'>Ι,</span> <span class='ocrx_word' id='word_1_45' title='bbox 1008 2018 1067 2077; x_wconf 89' lang='lat' dir='ltr'>p.</span> <span class='ocrx_word' id='word_1_46' title='bbox 1103 2002 1241 2076; x_wconf 55' lang='lat'>3&amp;2,</span> <span class='ocrx_word' id='word_1_47' title='bbox 1286 2007 1583 2069; x_wconf 84' lang='lat' dir='ltr'>volumen</span> <span class='ocrx_word' id='word_1_48' title='bbox 1616 2008 1732 2070; x_wconf 93' lang='lat' dir='ltr'>hoc</span> <span class='ocrx_word' id='word_1_49' title='bbox 1761 2015 1821 2070; x_wconf 89' lang='lat' dir='ltr'>et</span> <span class='ocrx_word' id='word_1_50' title='bbox 1851 2017 2155 2072; x_wconf 75' lang='lat' dir='ltr'>memorat</span> <span class='ocrx_word' id='word_1_51' title='bbox 2206 2016 2265 2071; x_wconf 90' lang='lat' dir='ltr'>et</span> <span class='ocrx_word' id='word_1_52' title='bbox 2297 2010 2621 2089; x_wconf 80' lang='lat' dir='ltr'>expendit,</span> <span class='ocrx_word' id='word_1_53' title='bbox 2652 2009 2849 2071; x_wconf 84' lang='lat' dir='ltr'>veluti</span> <span class='ocrx_word' id='word_1_54' title='bbox 2882 2009 3116 2070; x_wconf 87' lang='lat' dir='ltr'>librum</span> <span class='ocrx_word' id='word_1_55' title='bbox 3147 2024 3184 2070; x_wconf 90' lang='lat' dir='ltr'>a</span> <span class='ocrx_word' id='word_1_56' title='bbox 3212 2011 3457 2069; x_wconf 85' lang='lat' dir='ltr'>Joanne</span> 
     </span>
    </p>
   </div>
   <div class='ocr_carea' id='block_1_10' title="bbox 212 2093 3458 2183">
    <p class='ocr_par' dir='ltr' id='par_1_10' title="bbox 212 2093 3458 2183">
     <span class='ocr_line' id='line_1_10' title="bbox 212 2093 3458 2183; baseline 0.005 -34"><span class='ocrx_word' id='word_1_57' title='bbox 212 2093 656 2157; x_wconf 80' lang='lat' dir='ltr'>Cantacuzeno</span> <span class='ocrx_word' id='word_1_58' title='bbox 690 2098 753 2159; x_wconf 91' lang='lat' dir='ltr'>in</span> <span class='ocrx_word' id='word_1_59' title='bbox 785 2099 1089 2162; x_wconf 81' lang='lat' dir='ltr'>Barlaami</span> <span class='ocrx_word' id='word_1_60' title='bbox 1137 2110 1198 2165; x_wconf 89' lang='lat' dir='ltr'>et</span> <span class='ocrx_word' id='word_1_61' title='bbox 1232 2104 1555 2183; x_wconf 83' lang='lat' dir='ltr'>Acindyni</span> <span class='ocrx_word' id='word_1_62' title='bbox 1622 2106 1916 2170; x_wconf 67' lang='lat' dir='ltr'>hairesim</span> <span class='ocrx_word' id='word_1_63' title='bbox 1971 2107 2369 2170; x_wconf 87' lang='lat' dir='ltr'>refutandam</span> <span class='ocrx_word' id='word_1_64' title='bbox 2407 2107 2680 2182; x_wconf 86' lang='lat' dir='ltr'>editum;</span> <span class='ocrx_word' id='word_1_65' title='bbox 2737 2122 2807 2169; x_wconf 90' lang='lat' dir='ltr'>ac</span> <span class='ocrx_word' id='word_1_66' title='bbox 2854 2107 3043 2169; x_wconf 87' lang='lat' dir='ltr'>simul</span> <span class='ocrx_word' id='word_1_67' title='bbox 3093 2106 3458 2183; x_wconf 78' lang='lat' dir='ltr'>suppeditat</span> 
     </span>
    </p>
   </div>
   <div class='ocr_carea' id='block_1_11' title="bbox 215 2198 3463 2286">
    <p class='ocr_par' dir='ltr' id='par_1_11' title="bbox 215 2198 3463 2286">
     <span class='ocr_line' id='line_1_11' title="bbox 215 2198 3463 2286; baseline 0.004 -32"><span class='ocrx_word' id='word_1_68' title='bbox 215 2198 514 2259; x_wconf 86' lang='lat' dir='ltr'>notitiam</span> <span class='ocrx_word' id='word_1_69' title='bbox 555 2203 732 2263; x_wconf 84' lang='lat' dir='ltr'>Tomi</span> <span class='ocrx_word' id='word_1_70' title='bbox 787 2222 978 2284; x_wconf 85' lang='lat' dir='ltr'><strong>quem</strong></span> <span class='ocrx_word' id='word_1_71' title='bbox 1023 2208 1300 2269; x_wconf 86' lang='lat' dir='ltr'>Joannes</span> <span class='ocrx_word' id='word_1_72' title='bbox 1337 2210 1685 2285; x_wconf 81' lang='lat' dir='ltr'>patriarcha</span> <span class='ocrx_word' id='word_1_73' title='bbox 1734 2211 1853 2274; x_wconf 76' lang='grc' dir='ltr'>ΟΡ.</span> <span class='ocrx_word' id='word_1_74' title='bbox 1888 2212 1955 2274; x_wconf 89' lang='lat' dir='ltr'>in</span> <span class='ocrx_word' id='word_1_75' title='bbox 1987 2213 2243 2275; x_wconf 90' lang='lat' dir='ltr'>eosdem</span> <span class='ocrx_word' id='word_1_76' title='bbox 2279 2211 2672 2273; x_wconf 85' lang='lat' dir='ltr'>Barlaamum</span> <span class='ocrx_word' id='word_1_77' title='bbox 2706 2216 2768 2272; x_wconf 87' lang='lat' dir='ltr'>et</span> <span class='ocrx_word' id='word_1_78' title='bbox 2795 2211 3205 2286; x_wconf 85' lang='lat' dir='ltr'>Acindynum</span> <span class='ocrx_word' id='word_1_79' title='bbox 3246 2214 3463 2284; x_wconf 89' lang='lat' dir='ltr'>protu-</span> 
     </span>
    </p>
   </div>
   <div class='ocr_carea' id='block_1_12' title="bbox 216 2298 3462 2390">
    <p class='ocr_par' dir='ltr' id='par_1_12' title="bbox 216 2298 3462 2390">
     <span class='ocr_line' id='line_1_12' title="bbox 216 2298 3462 2390; baseline 0.004 -37"><span class='ocrx_word' id='word_1_80' title='bbox 216 2298 330 2369; x_wconf 83' lang='lat' dir='ltr'>lit;</span> <span class='ocrx_word' id='word_1_81' title='bbox 366 2299 475 2359; x_wconf 89' lang='lat' dir='ltr'>sed</span> <span class='ocrx_word' id='word_1_82' title='bbox 510 2302 661 2362; x_wconf 90' lang='lat' dir='ltr'>mira</span> <span class='ocrx_word' id='word_1_83' title='bbox 695 2303 1156 2368; x_wconf 87' lang='lat' dir='ltr'>inadvertentia</span> <span class='ocrx_word' id='word_1_84' title='bbox 1190 2308 1411 2370; x_wconf 76' lang='lat' dir='ltr'>scribit</span> <span class='ocrx_word' id='word_1_85' title='bbox 1443 2310 1609 2372; x_wconf 89' lang='lat' dir='ltr'>hunc</span> <span class='ocrx_word' id='word_1_86' title='bbox 1641 2314 1912 2375; x_wconf 90' lang='lat' dir='ltr'>Tomum</span> <span class='ocrx_word' id='word_1_87' title='bbox 1964 2313 2155 2390; x_wconf 82' lang='lat' dir='ltr'>dirigi</span> <span class='ocrx_word' id='word_1_88' title='bbox 2195 2311 2491 2373; x_wconf 78' lang='lat' dir='ltr'>adversus</span> <span class='ocrx_word' id='word_1_89' title='bbox 2544 2309 2886 2382; x_wconf 83' lang='lat' dir='ltr'>Palamam,</span> <span class='ocrx_word' id='word_1_90' title='bbox 2948 2308 3350 2369; x_wconf 86' lang='lat' dir='ltr'>Barlaamum</span> <span class='ocrx_word' id='word_1_91' title='bbox 3404 2317 3462 2368; x_wconf 80' lang='lat' dir='ltr'>ct</span> 
     </span>
    </p>
   </div>
   <div class='ocr_carea' id='block_1_13' title="bbox 208 2398 3463 2491">
    <p class='ocr_par' dir='ltr' id='par_1_13' title="bbox 208 2398 3463 2491">
     <span class='ocr_line' id='line_1_13' title="bbox 208 2398 3463 2491; baseline 0.003 -35"><span class='ocrx_word' id='word_1_92' title='bbox 208 2398 638 2477; x_wconf 78' lang='lat' dir='ltr'>Acindynum,</span> <span class='ocrx_word' id='word_1_93' title='bbox 698 2408 877 2483; x_wconf 90' lang='lat' dir='ltr'>quasi</span> <span class='ocrx_word' id='word_1_94' title='bbox 934 2411 1220 2488; x_wconf 75' lang='lat' dir='ltr'>synodus</span> <span class='ocrx_word' id='word_1_95' title='bbox 1283 2430 1427 2491; x_wconf 69' lang='lat' dir='ltr'>qum</span> <span class='ocrx_word' id='word_1_96' title='bbox 1480 2414 1541 2474; x_wconf 90' lang='lat' dir='ltr'>in</span> <span class='ocrx_word' id='word_1_97' title='bbox 1603 2414 1838 2475; x_wconf 89' lang='lat' dir='ltr'>tuenda</span> <span class='ocrx_word' id='word_1_98' title='bbox 1893 2413 2209 2476; x_wconf 81' lang='lat' dir='ltr'>sententia</span> <span class='ocrx_word' id='word_1_99' title='bbox 2258 2412 2519 2475; x_wconf 72' lang='lat' dir='ltr'>Palamaa</span> <span class='ocrx_word' id='word_1_100' title='bbox 2576 2417 2729 2485; x_wconf 89' lang='lat' dir='ltr'>erat,</span> <span class='ocrx_word' id='word_1_101' title='bbox 2790 2426 2927 2472; x_wconf 88' lang='lat' dir='ltr'>eam</span> <span class='ocrx_word' id='word_1_102' title='bbox 2983 2411 3366 2480; x_wconf 82' lang='lat' dir='ltr'>damnasset,</span> <span class='ocrx_word' id='word_1_103' title='bbox 3400 2416 3463 2470; x_wconf 88' lang='lat' dir='ltr'>et</span> 
     </span>
    </p>
   </div>
   <div class='ocr_carea' id='block_1_14' title="bbox 212 2500 3464 2594">
    <p class='ocr_par' dir='ltr' id='par_1_14' title="bbox 212 2500 3464 2594">
     <span class='ocr_line' id='line_1_14' title="bbox 212 2500 3464 2594; baseline 0.004 -37"><span class='ocrx_word' id='word_1_104' title='bbox 212 2500 581 2564; x_wconf 79' lang='lat' dir='ltr'>Barlaamus</span> <span class='ocrx_word' id='word_1_105' title='bbox 619 2522 760 2567; x_wconf 91' lang='lat' dir='ltr'>cum</span> <span class='ocrx_word' id='word_1_106' title='bbox 787 2509 1150 2591; x_wconf 84' lang='lat' dir='ltr'>Acindyno,</span> <span class='ocrx_word' id='word_1_107' title='bbox 1192 2514 1304 2591; x_wconf 88' lang='lat' dir='ltr'>qui</span> <span class='ocrx_word' id='word_1_108' title='bbox 1337 2515 1717 2576; x_wconf 86' lang='lat' dir='ltr'>sententiam</span> <span class='ocrx_word' id='word_1_109' title='bbox 1753 2514 2016 2578; x_wconf 69' lang='lat' dir='ltr'>Palamaa</span> <span class='ocrx_word' id='word_1_110' title='bbox 2044 2516 2270 2577; x_wconf 88' lang='lat' dir='ltr'>acriter</span> <span class='ocrx_word' id='word_1_111' title='bbox 2300 2514 2780 2594; x_wconf 80' lang='lat' dir='ltr'>impugnarunt,</span> <span class='ocrx_word' id='word_1_112' title='bbox 2812 2521 2872 2574; x_wconf 88' lang='lat' dir='ltr'>et</span> <span class='ocrx_word' id='word_1_113' title='bbox 2901 2530 2932 2573; x_wconf 86' lang='lat' dir='ltr'>a</span> <span class='ocrx_word' id='word_1_114' title='bbox 2964 2511 3214 2573; x_wconf 89' lang='lat' dir='ltr'>Palama</span> <span class='ocrx_word' id='word_1_115' title='bbox 3250 2512 3464 2587; x_wconf 85' lang='lat' dir='ltr'>impu-</span> 
     </span>
    </p>
   </div>
   <div class='ocr_carea' id='block_1_15' title="bbox 210 2604 3463 2697">
    <p class='ocr_par' dir='ltr' id='par_1_15' title="bbox 210 2604 3463 2697">
     <span class='ocr_line' id='line_1_15' title="bbox 210 2604 3463 2697; baseline 0.005 -41"><span class='ocrx_word' id='word_1_116' title='bbox 210 2604 392 2679; x_wconf 60' lang='grc' dir='ltr'>δωδιὶ</span> <span class='ocrx_word' id='word_1_117' title='bbox 418 2613 590 2680; x_wconf 87' lang='lat' dir='ltr'>sunt,</span> <span class='ocrx_word' id='word_1_118' title='bbox 629 2609 897 2673; x_wconf 66' lang='lat' dir='ltr'>Palamai</span> <span class='ocrx_word' id='word_1_119' title='bbox 948 2616 1339 2675; x_wconf 88' lang='lat' dir='ltr'>adamussim</span> <span class='ocrx_word' id='word_1_120' title='bbox 1374 2618 1829 2679; x_wconf 86' lang='lat' dir='ltr'>consensisset.</span> <span class='ocrx_word' id='word_1_121' title='bbox 1857 2620 2100 2692; x_wconf 85' lang='lat' dir='ltr'>Postea,</span> <span class='ocrx_word' id='word_1_122' title='bbox 2135 2634 2277 2697; x_wconf 88' lang='lat' dir='ltr'>pag.</span> <span class='ocrx_word' id='word_1_123' title='bbox 2308 2618 2412 2689; x_wconf 78' lang='lat'>‘23,</span> <span class='ocrx_word' id='word_1_124' title='bbox 2445 2631 2725 2677; x_wconf 89' lang='lat' dir='ltr'>errorem</span> <span class='ocrx_word' id='word_1_125' title='bbox 2760 2612 3119 2691; x_wconf 87' lang='lat' dir='ltr'>suum,jam</span> <span class='ocrx_word' id='word_1_126' title='bbox 3149 2611 3463 2689; x_wconf 88' lang='lat' dir='ltr'>agnitum,</span> 
     </span>
    </p>
   </div>
   <div class='ocr_carea' id='block_1_16' title="bbox 210 2708 3467 2800">
    <p class='ocr_par' dir='ltr' id='par_1_16' title="bbox 210 2708 3467 2800">
     <span class='ocr_line' id='line_1_16' title="bbox 210 2708 3467 2800; baseline 0.004 -35"><span class='ocrx_word' id='word_1_127' title='bbox 210 2708 545 2785; x_wconf 77' lang='lat' dir='ltr'>rorrigere</span> <span class='ocrx_word' id='word_1_128' title='bbox 579 2714 801 2774; x_wconf 89' lang='lat' dir='ltr'>volens</span> <span class='ocrx_word' id='word_1_129' title='bbox 832 2715 894 2776; x_wconf 89' lang='lat' dir='ltr'>in</span> <span class='ocrx_word' id='word_1_130' title='bbox 930 2717 1128 2779; x_wconf 89' lang='lat' dir='ltr'>alium</span> <span class='ocrx_word' id='word_1_131' title='bbox 1166 2719 1505 2797; x_wconf 86' lang='lat' dir='ltr'>prolapsus</span> <span class='ocrx_word' id='word_1_132' title='bbox 1544 2729 1660 2783; x_wconf 91' lang='lat' dir='ltr'>est.</span> <span class='ocrx_word' id='word_1_133' title='bbox 1707 2723 2050 2784; x_wconf 87' lang='lat' dir='ltr'>Contendit</span> <span class='ocrx_word' id='word_1_134' title='bbox 2097 2738 2325 2800; x_wconf 85' lang='lat' dir='ltr'>nempe</span> <span class='ocrx_word' id='word_1_135' title='bbox 2353 2723 2660 2783; x_wconf 85' lang='lat' dir='ltr'>Joannem</span> <span class='ocrx_word' id='word_1_136' title='bbox 2691 2720 3197 2782; x_wconf 85' lang='lat' dir='ltr'>Cantacuzenum</span> <span class='ocrx_word' id='word_1_137' title='bbox 3227 2716 3467 2777; x_wconf 87' lang='lat' dir='ltr'>nedum</span> 
     </span>
    </p>
   </div>
   <div class='ocr_carea' id='block_1_17' title="bbox 208 2806 3462 2901">
    <p class='ocr_par' dir='ltr' id='par_1_17' title="bbox 208 2806 3462 2901">
     <span class='ocr_line' id='line_1_17' title="bbox 208 2806 3462 2901; baseline 0.004 -38"><span class='ocrx_word' id='word_1_138' title='bbox 208 2806 534 2867; x_wconf 78' lang='lat' dir='ltr'>Palamam</span> <span class='ocrx_word' id='word_1_139' title='bbox 564 2812 905 2889; x_wconf 85' lang='lat' dir='ltr'>refelleret,</span> <span class='ocrx_word' id='word_1_140' title='bbox 933 2817 1067 2893; x_wconf 85' lang='lat' dir='ltr'>ejus</span> <span class='ocrx_word' id='word_1_141' title='bbox 1098 2819 1403 2881; x_wconf 74' lang='lat' dir='ltr'>doctrinm</span> <span class='ocrx_word' id='word_1_142' title='bbox 1432 2822 1714 2898; x_wconf 89' lang='lat' dir='ltr'>apprime</span> <span class='ocrx_word' id='word_1_143' title='bbox 1750 2823 2009 2893; x_wconf 86' lang='lat' dir='ltr'>favisse,</span> <span class='ocrx_word' id='word_1_144' title='bbox 2045 2823 2217 2901; x_wconf 89' lang='lat' dir='ltr'>quod</span> <span class='ocrx_word' id='word_1_145' title='bbox 2268 2838 2485 2883; x_wconf 87' lang='lat' dir='ltr'>verum</span> <span class='ocrx_word' id='word_1_146' title='bbox 2517 2828 2613 2882; x_wconf 91' lang='lat' dir='ltr'>est</span> <span class='ocrx_word' id='word_1_147' title='bbox 2644 2842 2660 2881; x_wconf 89' lang='lat'><strong>:</strong></span> <span class='ocrx_word' id='word_1_148' title='bbox 2700 2821 2814 2882; x_wconf 91' lang='lat' dir='ltr'>sed</span> <span class='ocrx_word' id='word_1_149' title='bbox 2850 2825 3089 2880; x_wconf 88' lang='lat' dir='ltr'>temere</span> <span class='ocrx_word' id='word_1_150' title='bbox 3112 2816 3462 2896; x_wconf 84' lang='lat' dir='ltr'>conjiciens</span> 
     </span>
    </p>
   </div>
   <div class='ocr_carea' id='block_1_18' title="bbox 210 2908 3450 3001">
    <p class='ocr_par' dir='ltr' id='par_1_18' title="bbox 210 2908 3450 3001">
     <span class='ocr_line' id='line_1_18' title="bbox 210 2908 3450 3001; baseline 0.004 -39"><span class='ocrx_word' id='word_1_151' title='bbox 210 2908 536 2972; x_wconf 52' lang='lat' dir='ltr'>ratariae-zu</span> <span class='ocrx_word' id='word_1_152' title='bbox 575 2912 640 2975; x_wconf 87' lang='lat' dir='ltr'>in</span> <span class='ocrx_word' id='word_1_153' title='bbox 666 2914 785 2987; x_wconf 75' lang='lat' dir='ltr'>illa</span> <span class='ocrx_word' id='word_1_154' title='bbox 817 2920 1187 2994; x_wconf 79' lang='lat' dir='ltr'>praefatione</span> <span class='ocrx_word' id='word_1_155' title='bbox 1222 2922 1614 3001; x_wconf 88' lang='lat' dir='ltr'>impugnari,</span> <span class='ocrx_word' id='word_1_156' title='bbox 1647 2924 1815 3001; x_wconf 78' lang='lat' dir='ltr'>quod</span> <span class='ocrx_word' id='word_1_157' title='bbox 1845 2922 2074 2984; x_wconf 81' lang='lat' dir='ltr'>falsum</span> <span class='ocrx_word' id='word_1_158' title='bbox 2107 2929 2226 2995; x_wconf 83' lang='lat' dir='ltr'>est,</span> <span class='ocrx_word' id='word_1_159' title='bbox 2261 2921 2492 2984; x_wconf 89' lang='lat' dir='ltr'>asserit</span> <span class='ocrx_word' id='word_1_160' title='bbox 2524 2919 2842 2982; x_wconf 87' lang='lat' dir='ltr'>rubricam</span> <span class='ocrx_word' id='word_1_161' title='bbox 2872 2916 3113 2981; x_wconf 89' lang='lat' dir='ltr'>codicis</span> <span class='ocrx_word' id='word_1_162' title='bbox 3145 2932 3306 2993; x_wconf 88' lang='lat' dir='ltr'>pene</span> <span class='ocrx_word' id='word_1_163' title='bbox 3338 2915 3450 2975; x_wconf 84' lang='lat' dir='ltr'>de-</span> 
     </span>
    </p>
   </div>
   <div class='ocr_carea' id='block_1_19' title="bbox 208 3008 3462 3104">
    <p class='ocr_par' dir='ltr' id='par_1_19' title="bbox 208 3008 3462 3104">
     <span class='ocr_line' id='line_1_19' title="bbox 208 3008 3462 3104; baseline 0.003 -38"><span class='ocrx_word' id='word_1_164' title='bbox 208 3008 445 3089; x_wconf 87' lang='lat' dir='ltr'>letam,</span> <span class='ocrx_word' id='word_1_165' title='bbox 481 3016 560 3075; x_wconf 87' lang='lat' dir='ltr'>ita</span> <span class='ocrx_word' id='word_1_166' title='bbox 623 3018 950 3095; x_wconf 84' lang='lat' dir='ltr'>legendam</span> <span class='ocrx_word' id='word_1_167' title='bbox 1007 3040 1146 3083; x_wconf 87' lang='lat' dir='ltr'>esse</span> <span class='ocrx_word' id='word_1_168' title='bbox 1181 3040 1196 3087; x_wconf 86' lang='lat'><strong>:</strong></span> <span class='ocrx_word' id='word_1_169' title='bbox 1230 3026 1499 3086; x_wconf 81' lang='lat' dir='ltr'>Joannis</span> <span class='ocrx_word' id='word_1_170' title='bbox 1571 3026 2016 3104; x_wconf 78' lang='lat' dir='ltr'>Cyparissiota:</span> <span class='ocrx_word' id='word_1_171' title='bbox 2083 3034 2307 3085; x_wconf 78' lang='lat' dir='ltr'>contra</span> <span class='ocrx_word' id='word_1_172' title='bbox 2351 3019 2668 3083; x_wconf 81' lang='lat' dir='ltr'>Palamam</span> <span class='ocrx_word' id='word_1_173' title='bbox 2718 3019 3077 3080; x_wconf 69' lang='lat' dir='ltr'>hwreticum</span> <span class='ocrx_word' id='word_1_174' title='bbox 3122 3032 3462 3076; x_wconf 79' lang='lat' dir='ltr'>sermones.</span> 
     </span>
    </p>
   </div>
   <div class='ocr_carea' id='block_1_20' title="bbox 208 3111 3465 3207">
    <p class='ocr_par' dir='ltr' id='par_1_20' title="bbox 208 3111 3465 3207">
     <span class='ocr_line' id='line_1_20' title="bbox 208 3111 3465 3207; baseline 0.003 -37"><span class='ocrx_word' id='word_1_175' title='bbox 208 3111 447 3173; x_wconf 85' lang='lat' dir='ltr'>Utrum</span> <span class='ocrx_word' id='word_1_176' title='bbox 478 3117 726 3181; x_wconf 87' lang='lat' dir='ltr'>rubrica</span> <span class='ocrx_word' id='word_1_177' title='bbox 760 3140 919 3198; x_wconf 91' lang='lat' dir='ltr'>pene</span> <span class='ocrx_word' id='word_1_178' title='bbox 942 3125 1275 3187; x_wconf 87' lang='lat' dir='ltr'>obliterata</span> <span class='ocrx_word' id='word_1_179' title='bbox 1293 3127 1507 3201; x_wconf 84' lang='lat' dir='ltr'>fuerit,</span> <span class='ocrx_word' id='word_1_180' title='bbox 1529 3145 1751 3203; x_wconf 89' lang='lat' dir='ltr'>necne,</span> <span class='ocrx_word' id='word_1_181' title='bbox 1773 3128 2179 3207; x_wconf 84' lang='lat' dir='ltr'>ignoramus;</span> <span class='ocrx_word' id='word_1_182' title='bbox 2223 3127 2284 3188; x_wconf 87' lang='lat' dir='ltr'>id</span> <span class='ocrx_word' id='word_1_183' title='bbox 2306 3131 2531 3187; x_wconf 83' lang='lat' dir='ltr'>autem</span> <span class='ocrx_word' id='word_1_184' title='bbox 2558 3128 2727 3185; x_wconf 91' lang='lat' dir='ltr'>certo</span> <span class='ocrx_word' id='word_1_185' title='bbox 2762 3121 2998 3184; x_wconf 88' lang='lat' dir='ltr'>certius</span> <span class='ocrx_word' id='word_1_186' title='bbox 3030 3119 3290 3192; x_wconf 89' lang='lat' dir='ltr'>scimus,</span> <span class='ocrx_word' id='word_1_187' title='bbox 3325 3135 3465 3180; x_wconf 91' lang='lat' dir='ltr'>eam</span> 
     </span>
    </p>
   </div>
   <div class='ocr_carea' id='block_1_21' title="bbox 209 3217 3467 3309">
    <p class='ocr_par' dir='ltr' id='par_1_21' title="bbox 209 3217 3467 3309">
     <span class='ocr_line' id='line_1_21' title="bbox 209 3217 3467 3309; baseline 0.005 -35"><span class='ocrx_word' id='word_1_188' title='bbox 209 3217 419 3279; x_wconf 78' lang='lat' dir='ltr'>verba</span> <span class='ocrx_word' id='word_1_189' title='bbox 437 3237 471 3283; x_wconf 90' lang='lat' dir='ltr'>a</span> <span class='ocrx_word' id='word_1_190' title='bbox 492 3222 858 3287; x_wconf 88' lang='lat' dir='ltr'>doctissimo</span> <span class='ocrx_word' id='word_1_191' title='bbox 883 3230 1166 3291; x_wconf 88' lang='lat' dir='ltr'>Bandino</span> <span class='ocrx_word' id='word_1_192' title='bbox 1185 3231 1419 3309; x_wconf 84' lang='lat' dir='ltr'>prolata</span> <span class='ocrx_word' id='word_1_193' title='bbox 1442 3233 1675 3296; x_wconf 82' lang='lat' dir='ltr'>referre</span> <span class='ocrx_word' id='word_1_194' title='bbox 1698 3250 1822 3295; x_wconf 90' lang='lat' dir='ltr'>non</span> <span class='ocrx_word' id='word_1_195' title='bbox 1850 3234 2168 3309; x_wconf 88' lang='lat' dir='ltr'>potuisse;</span> <span class='ocrx_word' id='word_1_196' title='bbox 2189 3231 2535 3309; x_wconf 88' lang='lat' dir='ltr'>siquidem,</span> <span class='ocrx_word' id='word_1_197' title='bbox 2552 3227 2784 3290; x_wconf 88' lang='lat' dir='ltr'>nedum</span> <span class='ocrx_word' id='word_1_198' title='bbox 2803 3225 3115 3288; x_wconf 88' lang='lat' dir='ltr'>Palamam</span> <span class='ocrx_word' id='word_1_199' title='bbox 3140 3227 3467 3303; x_wconf 77' lang='lat' dir='ltr'>impugnat</span> 
     </span>
    </p>
   </div>
   <div class='ocr_carea' id='block_1_22' title="bbox 203 3326 3455 3406">
    <p class='ocr_par' dir='ltr' id='par_1_22' title="bbox 203 3326 3455 3406">
     <span class='ocr_line' id='line_1_22' title="bbox 203 3326 3455 3406; baseline 0.003 -27"><span class='ocrx_word' id='word_1_200' title='bbox 203 3329 471 3394; x_wconf 86' lang='lat' dir='ltr'>auctor,</span> <span class='ocrx_word' id='word_1_201' title='bbox 532 3339 565 3382; x_wconf 92' lang='lat' dir='ltr'>e</span> <span class='ocrx_word' id='word_1_202' title='bbox 620 3333 832 3387; x_wconf 91' lang='lat' dir='ltr'>contra</span> <span class='ocrx_word' id='word_1_203' title='bbox 862 3329 1298 3406; x_wconf 80' lang='lat' dir='ltr'>Hesychiastas</span> <span class='ocrx_word' id='word_1_204' title='bbox 1347 3332 1687 3393; x_wconf 78' lang='lat' dir='ltr'>Palamitas</span> <span class='ocrx_word' id='word_1_205' title='bbox 1732 3351 1807 3395; x_wconf 91' lang='lat' dir='ltr'>ex</span> <span class='ocrx_word' id='word_1_206' title='bbox 1861 3331 2176 3395; x_wconf 86' lang='lat' dir='ltr'>industria</span> <span class='ocrx_word' id='word_1_207' title='bbox 2214 3330 2519 3391; x_wconf 80' lang='lat' dir='ltr'>defendit.</span> <span class='ocrx_word' id='word_1_208' title='bbox 2580 3330 2712 3390; x_wconf 87' lang='lat' dir='ltr'>Hos</span> <span class='ocrx_word' id='word_1_209' title='bbox 2765 3332 2977 3388; x_wconf 89' lang='lat' dir='ltr'>autem</span> <span class='ocrx_word' id='word_1_210' title='bbox 3008 3326 3455 3405; x_wconf 84' lang='lat' dir='ltr'>Hesychiastas</span> 
     </span>
    </p>
   </div>
   <div class='ocr_carea' id='block_1_23' title="bbox 202 3426 3467 3513">
    <p class='ocr_par' dir='ltr' id='par_1_23' title="bbox 202 3426 3467 3513">
     <span class='ocr_line' id='line_1_23' title="bbox 202 3426 3467 3513; baseline 0.004 -36"><span class='ocrx_word' id='word_1_211' title='bbox 202 3427 491 3481; x_wconf 71' lang='lat' dir='ltr'>strenue</span> <span class='ocrx_word' id='word_1_212' title='bbox 532 3426 810 3501; x_wconf 86' lang='lat' dir='ltr'>aggressi</span> <span class='ocrx_word' id='word_1_213' title='bbox 851 3437 999 3489; x_wconf 90' lang='lat' dir='ltr'>sunt</span> <span class='ocrx_word' id='word_1_214' title='bbox 1056 3433 1334 3494; x_wconf 87' lang='lat' dir='ltr'>Joannes</span> <span class='ocrx_word' id='word_1_215' title='bbox 1394 3436 1858 3513; x_wconf 81' lang='lat' dir='ltr'>Cyparissiotes</span> <span class='ocrx_word' id='word_1_216' title='bbox 1889 3443 1951 3499; x_wconf 87' lang='lat' dir='ltr'>et</span> <span class='ocrx_word' id='word_1_217' title='bbox 1993 3435 2300 3503; x_wconf 90' lang='lat' dir='ltr'>Barlaam,</span> <span class='ocrx_word' id='word_1_218' title='bbox 2350 3431 2617 3494; x_wconf 81' lang='lat' dir='ltr'>Palamae</span> <span class='ocrx_word' id='word_1_219' title='bbox 2654 3428 3024 3493; x_wconf 88' lang='lat' dir='ltr'>adversarii.</span> <span class='ocrx_word' id='word_1_220' title='bbox 3057 3429 3310 3491; x_wconf 87' lang='lat' dir='ltr'>Falsum</span> <span class='ocrx_word' id='word_1_221' title='bbox 3368 3438 3467 3492; x_wconf 86' lang='lat' dir='ltr'>est</span> 
     </span>
    </p>
   </div>
   <div class='ocr_carea' id='block_1_24' title="bbox 201 3524 3468 3617">
    <p class='ocr_par' dir='ltr' id='par_1_24' title="bbox 201 3524 3468 3617">
     <span class='ocr_line' id='line_1_24' title="bbox 201 3524 3468 3617; baseline 0.003 -33"><span class='ocrx_word' id='word_1_222' title='bbox 201 3524 433 3601; x_wconf 84' lang='lat' dir='ltr'>igitur</span> <span class='ocrx_word' id='word_1_223' title='bbox 465 3527 769 3589; x_wconf 85' lang='lat' dir='ltr'>Joannem</span> <span class='ocrx_word' id='word_1_224' title='bbox 804 3531 1298 3610; x_wconf 83' lang='lat' dir='ltr'>Cyparissiotem</span> <span class='ocrx_word' id='word_1_225' title='bbox 1333 3536 1523 3617; x_wconf 86' lang='lat' dir='ltr'>hujus</span> <span class='ocrx_word' id='word_1_226' title='bbox 1559 3540 1772 3616; x_wconf 84' lang='lat' dir='ltr'>Operis</span> <span class='ocrx_word' id='word_1_227' title='bbox 1803 3546 2127 3601; x_wconf 84' lang='lat' dir='ltr'>auctorem</span> <span class='ocrx_word' id='word_1_228' title='bbox 2181 3553 2343 3598; x_wconf 87' lang='lat' dir='ltr'>esse.</span> <span class='ocrx_word' id='word_1_229' title='bbox 2376 3535 2596 3613; x_wconf 83' lang='lat' dir='ltr'>Itaque</span> <span class='ocrx_word' id='word_1_230' title='bbox 2627 3532 2823 3596; x_wconf 80' lang='lat' dir='ltr'>codex</span> <span class='ocrx_word' id='word_1_231' title='bbox 2854 3532 2967 3596; x_wconf 90' lang='lat' dir='ltr'>ille</span> <span class='ocrx_word' id='word_1_232' title='bbox 2998 3534 3278 3596; x_wconf 86' lang='lat' dir='ltr'>continet</span> <span class='ocrx_word' id='word_1_233' title='bbox 3306 3529 3468 3596; x_wconf 83' lang='lat' dir='ltr'>scri-</span> 
     </span>
    </p>
   </div>
   <div class='ocr_carea' id='block_1_25' title="bbox 204 3632 3467 3718">
    <p class='ocr_par' dir='ltr' id='par_1_25' title="bbox 204 3632 3467 3718">
     <span class='ocr_line' id='line_1_25' title="bbox 204 3632 3467 3718; baseline 0.003 -32"><span class='ocrx_word' id='word_1_234' title='bbox 204 3634 411 3703; x_wconf 87' lang='lat' dir='ltr'>ptum</span> <span class='ocrx_word' id='word_1_235' title='bbox 459 3645 590 3705; x_wconf 92' lang='lat' dir='ltr'>quo</span> <span class='ocrx_word' id='word_1_236' title='bbox 627 3632 903 3695; x_wconf 88' lang='lat' dir='ltr'>Joannes</span> <span class='ocrx_word' id='word_1_237' title='bbox 963 3636 1466 3716; x_wconf 86' lang='lat' dir='ltr'>Cantacuzenus,</span> <span class='ocrx_word' id='word_1_238' title='bbox 1498 3644 1764 3706; x_wconf 75' lang='lat' dir='ltr'>Palamte</span> <span class='ocrx_word' id='word_1_239' title='bbox 1815 3644 2080 3718; x_wconf 88' lang='lat' dir='ltr'>assecla,</span> <span class='ocrx_word' id='word_1_240' title='bbox 2113 3644 2180 3705; x_wconf 92' lang='lat' dir='ltr'>in</span> <span class='ocrx_word' id='word_1_241' title='bbox 2238 3644 2633 3703; x_wconf 85' lang='lat' dir='ltr'>Barlaamum</span> <span class='ocrx_word' id='word_1_242' title='bbox 2666 3646 2728 3703; x_wconf 91' lang='lat' dir='ltr'>et</span> <span class='ocrx_word' id='word_1_243' title='bbox 2755 3638 3163 3718; x_wconf 82' lang='lat' dir='ltr'>Acindynum</span> <span class='ocrx_word' id='word_1_244' title='bbox 3200 3637 3467 3698; x_wconf 75' lang='lat' dir='ltr'>Palamm</span> 
     </span>
    </p>
   </div>
   <div class='ocr_carea' id='block_1_26' title="bbox 199 3729 3469 3824">
    <p class='ocr_par' dir='ltr' id='par_1_26' title="bbox 199 3729 3469 3824">
     <span class='ocr_line' id='line_1_26' title="bbox 199 3729 3469 3824; baseline 0.004 -37"><span class='ocrx_word' id='word_1_245' title='bbox 199 3729 629 3793; x_wconf 80' lang='lat' dir='ltr'>adversarios</span> <span class='ocrx_word' id='word_1_246' title='bbox 680 3737 1063 3813; x_wconf 90' lang='lat' dir='ltr'>composuit.</span> <span class='ocrx_word' id='word_1_247' title='bbox 1098 3739 1169 3800; x_wconf 90' lang='lat' dir='ltr'>ln</span> <span class='ocrx_word' id='word_1_248' title='bbox 1216 3742 1337 3803; x_wconf 85' lang='lat' dir='ltr'>ﬁne</span> <span class='ocrx_word' id='word_1_249' title='bbox 1392 3745 1630 3807; x_wconf 62' lang='lat' dir='ltr'>notitiae</span> <span class='ocrx_word' id='word_1_250' title='bbox 1685 3745 1980 3819; x_wconf 88' lang='lat' dir='ltr'>Bandini,</span> <span class='ocrx_word' id='word_1_251' title='bbox 2014 3763 2077 3824; x_wconf 90' lang='lat' dir='ltr'>p.</span> <span class='ocrx_word' id='word_1_252' title='bbox 2108 3745 2247 3815; x_wconf 56' lang='lat'>3&amp;9,</span> <span class='ocrx_word' id='word_1_253' title='bbox 2283 3744 2486 3823; x_wconf 88' lang='lat' dir='ltr'>liquet</span> <span class='ocrx_word' id='word_1_254' title='bbox 2515 3752 2838 3807; x_wconf 90' lang='lat' dir='ltr'>auctorem</span> <span class='ocrx_word' id='word_1_255' title='bbox 2874 3740 3020 3802; x_wconf 86' lang='lat' dir='ltr'>libri</span> <span class='ocrx_word' id='word_1_256' title='bbox 3072 3738 3469 3819; x_wconf 83' lang='lat' dir='ltr'>oiimimpe-</span> 
     </span>
    </p>
   </div>
   <div class='ocr_carea' id='block_1_27' title="bbox 204 3830 3265 3922">
    <p class='ocr_par' dir='ltr' id='par_1_27' title="bbox 204 3830 3265 3922">
     <span class='ocr_line' id='line_1_27' title="bbox 204 3830 3265 3922; baseline 0.005 -38"><span class='ocrx_word' id='word_1_257' title='bbox 204 3832 504 3889; x_wconf 87' lang='lat' dir='ltr'>ratorem</span> <span class='ocrx_word' id='word_1_258' title='bbox 530 3844 599 3890; x_wconf 93' lang='lat' dir='ltr'>ac</span> <span class='ocrx_word' id='word_1_259' title='bbox 631 3830 862 3895; x_wconf 87' lang='lat' dir='ltr'>deinde</span> <span class='ocrx_word' id='word_1_260' title='bbox 914 3836 1288 3899; x_wconf 87' lang='lat' dir='ltr'>monachum</span> <span class='ocrx_word' id='word_1_261' title='bbox 1330 3838 1557 3916; x_wconf 85' lang='lat' dir='ltr'>fuisse,</span> <span class='ocrx_word' id='word_1_262' title='bbox 1595 3860 1737 3922; x_wconf 64' lang='lat' dir='ltr'>quas</span> <span class='ocrx_word' id='word_1_263' title='bbox 1790 3848 1955 3905; x_wconf 68' lang='lat' dir='ltr'>notas</span> <span class='ocrx_word' id='word_1_264' title='bbox 1984 3844 2209 3904; x_wconf 87' lang='lat' dir='ltr'>Joanni</span> <span class='ocrx_word' id='word_1_265' title='bbox 2246 3843 2689 3906; x_wconf 88' lang='lat' dir='ltr'>Cantacuzeno</span> <span class='ocrx_word' id='word_1_266' title='bbox 2736 3839 2920 3904; x_wconf 86' lang='lat' dir='ltr'>facile</span> <span class='ocrx_word' id='word_1_267' title='bbox 2949 3847 3265 3919; x_wconf 87' lang='lat' dir='ltr'>aptantur.</span> 
     </span>
    </p>
   </div>
   <div class='ocr_carea' id='block_1_28' title="bbox 2559 3942 2834 4005">
    <p class='ocr_par' dir='ltr' id='par_1_28' title="bbox 2559 3942 2834 4005">
     <span class='ocr_line' id='line_1_28' title="bbox 2559 3942 2834 4005; baseline 0.007 -2"><span class='ocrx_word' id='word_1_268' title='bbox 2559 3943 2721 4004; x_wconf 85' lang='lat' dir='ltr'>J.-B.</span> <span class='ocrx_word' id='word_1_269' title='bbox 2749 3942 2834 4005; x_wconf 85' lang='lat' dir='ltr'>M.</span> 
     </span>
    </p>
   </div>
   <div class='ocr_carea' id='block_1_29' title="bbox 958 4208 2767 4268">
    <p class='ocr_par' dir='ltr' id='par_1_29' title="bbox 958 4208 2767 4268">
     <span class='ocr_line' id='line_1_29' title="bbox 958 4208 2767 4268; baseline 0.003 -6"><span class='ocrx_word' id='word_1_270' title='bbox 958 4208 1190 4264; x_wconf 85' lang='grc' dir='ltr'>ΤΟΜΟΣ</span> <span class='ocrx_word' id='word_1_271' title='bbox 1230 4208 1534 4265; x_wconf 86' lang='grc' dir='ltr'>ΓΕΓΟΝΩΣ</span> <span class='ocrx_word' id='word_1_272' title='bbox 1571 4210 1756 4265; x_wconf 79' lang='lat' dir='ltr'>HAPA</span> <span class='ocrx_word' id='word_1_273' title='bbox 1799 4212 1937 4266; x_wconf 86' lang='grc' dir='ltr'>ΤΟΥ</span> <span class='ocrx_word' id='word_1_274' title='bbox 1973 4210 2422 4268; x_wconf 75' lang='grc' dir='ltr'>ΠΑΤΡΙΔΡΧΟΥ</span> <span class='ocrx_word' id='word_1_275' title='bbox 2461 4208 2767 4268; x_wconf 79' lang='grc' dir='ltr'>ΙΩΑΝΝΟΥ</span> 
     </span>
    </p>
   </div>
   <div class='ocr_carea' id='block_1_30' title="bbox 1526 4352 2177 4411">
    <p class='ocr_par' dir='ltr' id='par_1_30' title="bbox 1526 4352 2177 4411">
     <span class='ocr_line' id='line_1_30' title="bbox 1526 4352 2177 4411; baseline 0.008 -7"><span class='ocrx_word' id='word_1_276' title='bbox 1526 4352 1649 4405; x_wconf 77' lang='grc' dir='ltr'>ΚΑΙ</span> <span class='ocrx_word' id='word_1_277' title='bbox 1682 4353 1819 4408; x_wconf 82' lang='grc' dir='ltr'>ΤΗΣ</span> <span class='ocrx_word' id='word_1_278' title='bbox 1859 4355 2177 4411; x_wconf 82' lang='grc' dir='ltr'>ΣΥΝΟΔΟΥ</span> 
     </span>
    </p>
   </div>
   <div class='ocr_carea' id='block_1_31' title="bbox 1162 4491 2549 4552">
    <p class='ocr_par' dir='ltr' id='par_1_31' title="bbox 1162 4491 2549 4552">
     <span class='ocr_line' id='line_1_31' title="bbox 1162 4491 2549 4552; baseline 0.005 -8"><span class='ocrx_word' id='word_1_279' title='bbox 1162 4491 1352 4547; x_wconf 75' lang='grc' dir='ltr'>ΚΑΤΑ</span> <span class='ocrx_word' id='word_1_280' title='bbox 1388 4492 1523 4546; x_wconf 77' lang='grc' dir='ltr'>ΤΗΣ</span> <span class='ocrx_word' id='word_1_281' title='bbox 1554 4493 1691 4547; x_wconf 87' lang='grc' dir='ltr'>ΤΟΥ</span> <span class='ocrx_word' id='word_1_282' title='bbox 1720 4492 2051 4552; x_wconf 74' lang='grc' dir='ltr'>ΒΑΡΛΔΑΜ</span> <span class='ocrx_word' id='word_1_283' title='bbox 2091 4495 2549 4552; x_wconf 76' lang='grc' dir='ltr'>ΚΑΚΟΔΟΞῙΔΣ.</span> 
     </span>
    </p>
   </div>
   <div class='ocr_carea' id='block_1_32' title="bbox 1039 4761 2671 4830">
    <p class='ocr_par' dir='ltr' id='par_1_32' title="bbox 1039 4761 2671 4830">
     <span class='ocr_line' id='line_1_32' title="bbox 1039 4761 2671 4830; baseline -0.003 -3"><span class='ocrx_word' id='word_1_284' title='bbox 1039 4763 1313 4829; x_wconf 78' lang='lat' dir='ltr'><strong>TOMUS</strong></span> <span class='ocrx_word' id='word_1_285' title='bbox 1367 4765 1668 4830; x_wconf 87' lang='lat' dir='ltr'>FACTUS</span> <span class='ocrx_word' id='word_1_286' title='bbox 1715 4769 1768 4828; x_wconf 76' lang='grc' dir='ltr'><strong>Α</strong></span> <span class='ocrx_word' id='word_1_287' title='bbox 1812 4764 2329 4828; x_wconf 82' lang='lat' dir='ltr'>PATRIARCHA</span> <span class='ocrx_word' id='word_1_288' title='bbox 2373 4761 2671 4825; x_wconf 83' lang='lat' dir='ltr'>JOANNE</span> 
     </span>
    </p>
   </div>
   <div class='ocr_carea' id='block_1_33' title="bbox 1612 4918 2087 4982">
    <p class='ocr_par' dir='ltr' id='par_1_33' title="bbox 1612 4918 2087 4982">
     <span class='ocr_line' id='line_1_33' title="bbox 1612 4918 2087 4982; baseline 0.004 -1"><span class='ocrx_word' id='word_1_289' title='bbox 1612 4920 1716 4981; x_wconf 85' lang='lat' dir='ltr'><strong>ET</strong></span> <span class='ocrx_word' id='word_1_290' title='bbox 1763 4918 2087 4982; x_wconf 83' lang='lat' dir='ltr'><strong>SYNODO</strong></span> 
     </span>
    </p>
   </div>
   <div class='ocr_carea' id='block_1_34' title="bbox 912 5068 2799 5133">
    <p class='ocr_par' dir='ltr' id='par_1_34' title="bbox 912 5068 2799 5133">
     <span class='ocr_line' id='line_1_34' title="bbox 912 5068 2799 5133; baseline -0.004 -1"><span class='ocrx_word' id='word_1_291' title='bbox 912 5068 1288 5132; x_wconf 77' lang='lat' dir='ltr'>CONTRA</span> <span class='ocrx_word' id='word_1_292' title='bbox 1336 5070 1715 5132; x_wconf 72' lang='lat' dir='ltr'>FALSAM</span> <span class='ocrx_word' id='word_1_293' title='bbox 1760 5070 2288 5132; x_wconf 82' lang='lat' dir='ltr'>OPINIONEM</span> <span class='ocrx_word' id='word_1_294' title='bbox 2318 5070 2799 5133; x_wconf 78' lang='lat' dir='ltr'>BARLAAM.</span> 
     </span>
    </p>
   </div>
   <div class='ocr_carea' id='block_1_35' title="bbox 178 5218 3469 5291">
    <p class='ocr_par' dir='ltr' id='par_1_35' title="bbox 178 5218 3469 5291">
     <span class='ocr_line' id='line_1_35' title="bbox 178 5218 3469 5291; baseline 0 -19"><span class='ocrx_word' id='word_1_295' title='bbox 178 5225 429 5291; x_wconf 74' lang='lat' dir='ltr'>(Codex</span> <span class='ocrx_word' id='word_1_296' title='bbox 452 5221 651 5274; x_wconf 71' lang='lat' dir='ltr'>Gnaeus</span> <span class='ocrx_word' id='word_1_297' title='bbox 676 5219 1110 5291; x_wconf 75' lang='lat' dir='ltr'>chartaceus__ms._,</span> <span class='ocrx_word' id='word_1_298' title='bbox 1147 5218 1196 5268; x_wconf 90' lang='lat' dir='ltr'>in</span> <span class='ocrx_word' id='word_1_299' title='bbox 1231 5218 1318 5291; x_wconf 77' lang='lat' dir='ltr'>fol.</span> <span class='ocrx_word' id='word_1_300' title='bbox 1363 5222 1747 5291; x_wconf 42' lang='lat' dir='ltr'>maximo,.s:ec.</span> <span class='ocrx_word' id='word_1_301' title='bbox 1788 5233 1888 5268; x_wconf 77' lang='lat' dir='ltr'>xiv.</span> <span class='ocrx_word' id='word_1_302' title='bbox 1922 5220 2119 5291; x_wconf 64' lang='lat' dir='ltr'>Constat</span> <span class='ocrx_word' id='word_1_303' title='bbox 2159 5219 2289 5291; x_wconf 80' lang='lat' dir='ltr'>foliis</span> <span class='ocrx_word' id='word_1_304' title='bbox 2315 5221 2511 5291; x_wconf 78' lang='lat' dir='ltr'>scriptis</span> <span class='ocrx_word' id='word_1_305' title='bbox 2535 5218 3163 5291; x_wconf 43' lang='lat' dir='ltr'>_379_.‘quem_liol‘stenius</span> <span class='ocrx_word' id='word_1_306' title='bbox 3191 5222 3243 5271; x_wconf 89' lang='lat' dir='ltr'>in</span> <span class='ocrx_word' id='word_1_307' title='bbox 3271 5221 3469 5278; x_wconf 63' lang='lat' dir='ltr'>schedia</span> 
     </span>
    </p>
   </div>
   <div class='ocr_carea' id='block_1_36' title="bbox 730 5279 2980 5347">
    <p class='ocr_par' dir='ltr' id='par_1_36' title="bbox 730 5279 2980 5347">
     <span class='ocr_line' id='line_1_36' title="bbox 730 5279 2980 5347; baseline 0 -17"><span class='ocrx_word' id='word_1_308' title='bbox 730 5294 844 5330; x_wconf 85' lang='lat' dir='ltr'>mss.</span> <span class='ocrx_word' id='word_1_309' title='bbox 873 5287 926 5331; x_wconf 88' lang='lat' dir='ltr'>et</span> <span class='ocrx_word' id='word_1_310' title='bbox 952 5280 1339 5331; x_wconf 75' lang='lat' dir='ltr'>Mentfauconius</span> <span class='ocrx_word' id='word_1_311' title='bbox 1370 5281 1823 5343; x_wconf 66' lang='lat' dir='ltr'>praestantissimum</span> <span class='ocrx_word' id='word_1_312' title='bbox 1852 5288 2045 5347; x_wconf 80' lang='lat' dir='ltr'>vocant.</span> <span class='ocrx_word' id='word_1_313' title='bbox 2074 5281 2285 5343; x_wconf 80' lang='lat' dir='ltr'>.lgnotus</span> <span class='ocrx_word' id='word_1_314' title='bbox 2314 5279 2481 5332; x_wconf 82' lang='lat' dir='ltr'>autem</span> <span class='ocrx_word' id='word_1_315' title='bbox 2505 5283 2569 5330; x_wconf 89' lang='lat' dir='ltr'>cl.</span> <span class='ocrx_word' id='word_1_316' title='bbox 2602 5280 2826 5339; x_wconf 78' lang='lat' dir='ltr'>Fabricio</span> <span class='ocrx_word' id='word_1_317' title='bbox 2848 5279 2980 5344; x_wconf 77' lang='lat' dir='ltr'>fuit.)</span> 
     </span>
    </p>
   </div>
   <div class='ocr_carea' id='block_1_37' title="bbox 259 5562 3477 5636">
    <p class='ocr_par' dir='ltr' id='par_1_37' title="bbox 259 5562 3477 5636">
     <span class='ocr_line' id='line_1_37' title="bbox 259 5562 3477 5636; baseline 0 -16"><span class='ocrx_word' id='word_1_318' title='bbox 259 5562 570 5620; x_wconf 85' lang='lat' dir='ltr'>Continet</span> <span class='ocrx_word' id='word_1_319' title='bbox 598 5562 688 5618; x_wconf 75' lang='lat' dir='ltr'>hic</span> <span class='ocrx_word' id='word_1_320' title='bbox 717 5564 966 5621; x_wconf 80' lang='lat' dir='ltr'>maximae</span> <span class='ocrx_word' id='word_1_321' title='bbox 996 5567 1155 5621; x_wconf 86' lang='lat' dir='ltr'>molis</span> <span class='ocrx_word' id='word_1_322' title='bbox 1201 5567 1373 5622; x_wconf 84' lang='lat' dir='ltr'>codex</span> <span class='ocrx_word' id='word_1_323' title='bbox 1404 5566 1635 5622; x_wconf 84' lang='lat' dir='ltr'>Joannis</span> <span class='ocrx_word' id='word_1_324' title='bbox 1656 5564 1802 5621; x_wconf 83' lang='lat' dir='ltr'>Can-</span> <span class='ocrx_word' id='word_1_325' title='bbox 1913 5566 2104 5631; x_wconf 88' lang='lat' dir='ltr'>mium,</span> <span class='ocrx_word' id='word_1_326' title='bbox 2140 5566 2283 5636; x_wconf 86' lang='lat' dir='ltr'>quod</span> <span class='ocrx_word' id='word_1_327' title='bbox 2313 5580 2439 5620; x_wconf 89' lang='lat' dir='ltr'>cum</span> <span class='ocrx_word' id='word_1_328' title='bbox 2483 5565 2596 5621; x_wconf 81' lang='lat' dir='ltr'>fere</span> <span class='ocrx_word' id='word_1_329' title='bbox 2628 5574 2801 5621; x_wconf 84' lang='lat' dir='ltr'>totum</span> <span class='ocrx_word' id='word_1_330' title='bbox 2833 5565 2902 5620; x_wconf 88' lang='lat' dir='ltr'>sit</span> <span class='ocrx_word' id='word_1_331' title='bbox 2931 5563 3273 5631; x_wconf 88' lang='lat' dir='ltr'>historicum,</span> <span class='ocrx_word' id='word_1_332' title='bbox 3319 5566 3477 5620; x_wconf 83' lang='lat' dir='ltr'>exhi—</span> 
     </span>
    </p>
   </div>
   <div class='ocr_carea' id='block_1_38' title="bbox 169 5652 3476 5729">
    <p class='ocr_par' dir='ltr' id='par_1_38' title="bbox 169 5652 3476 5729">
     <span class='ocr_line' id='line_1_38' title="bbox 169 5652 3476 5729; baseline 0.001 -19"><span class='ocrx_word' id='word_1_333' title='bbox 169 5652 493 5713; x_wconf 78' lang='lat' dir='ltr'>lacuzeni</span> <span class='ocrx_word' id='word_1_334' title='bbox 560 5652 763 5722; x_wconf 84' lang='lat' dir='ltr'>scripta</span> <span class='ocrx_word' id='word_1_335' title='bbox 820 5663 1011 5708; x_wconf 85' lang='lat' dir='ltr'>contra</span> <span class='ocrx_word' id='word_1_336' title='bbox 1068 5655 1363 5717; x_wconf 80' lang='lat' dir='ltr'>Palamam,</span> <span class='ocrx_word' id='word_1_337' title='bbox 1421 5656 1689 5720; x_wconf 84' lang='lat' dir='ltr'>Barlaam,</span> <span class='ocrx_word' id='word_1_338' title='bbox 1751 5662 1807 5707; x_wconf 88' lang='lat' dir='ltr'>et</span> <span class='ocrx_word' id='word_1_339' title='bbox 1912 5659 2149 5714; x_wconf 86' lang='lat' dir='ltr'>bendum</span> <span class='ocrx_word' id='word_1_340' title='bbox 2197 5658 2466 5729; x_wconf 79' lang='lat' dir='ltr'>integrum</span> <span class='ocrx_word' id='word_1_341' title='bbox 2518 5658 2764 5715; x_wconf 82' lang='lat' dir='ltr'>arbitrati</span> <span class='ocrx_word' id='word_1_342' title='bbox 2812 5672 3025 5725; x_wconf 85' lang='lat' dir='ltr'>sumus,</span> <span class='ocrx_word' id='word_1_343' title='bbox 3059 5657 3203 5728; x_wconf 84' lang='lat' dir='ltr'>quod</span> <span class='ocrx_word' id='word_1_344' title='bbox 3238 5672 3476 5727; x_wconf 85' lang='lat' dir='ltr'>sequens</span> 
     </span>
    </p>
   </div>
   <div class='ocr_carea' id='block_1_39' title="bbox 165 5743 2018 5815">
    <p class='ocr_par' dir='ltr' id='par_1_39' title="bbox 165 5743 2018 5815">
     <span class='ocr_line' id='line_1_39' title="bbox 165 5743 2018 5815; baseline 0.001 -14"><span class='ocrx_word' id='word_1_345' title='bbox 165 5743 587 5813; x_wconf 77' lang='lat' dir='ltr'>Acindynum</span> <span class='ocrx_word' id='word_1_346' title='bbox 626 5743 935 5809; x_wconf 74' lang='lat' dir='ltr'>haereticos,</span> <span class='ocrx_word' id='word_1_347' title='bbox 973 5761 1079 5800; x_wconf 86' lang='lat' dir='ltr'>una</span> <span class='ocrx_word' id='word_1_348' title='bbox 1111 5762 1231 5801; x_wconf 90' lang='lat' dir='ltr'>cum</span> <span class='ocrx_word' id='word_1_349' title='bbox 1264 5746 1515 5801; x_wconf 86' lang='lat' dir='ltr'>omnibus</span> <span class='ocrx_word' id='word_1_350' title='bbox 1547 5747 1631 5807; x_wconf 84' lang='lat' dir='ltr'>iis.</span> <span class='ocrx_word' id='word_1_351' title='bbox 1688 5763 1808 5815; x_wconf 83' lang='lat' dir='ltr'>quae</span> <span class='ocrx_word' id='word_1_352' title='bbox 1915 5758 2018 5805; x_wconf 84' lang='lat' dir='ltr'>est.</span> 
     </span>
    </p>
   </div>
   <div class='ocr_carea' id='block_1_40' title="bbox 160 5841 1820 5916">
    <p class='ocr_par' dir='ltr' id='par_1_40' title="bbox 160 5843 1808 5913">
     <span class='ocr_line' id='line_1_40' title="bbox 160 5843 1808 5913; baseline -0.003 -8"><span class='ocrx_word' id='word_1_353' title='bbox 160 5850 304 5905; x_wconf 77' lang='lat' dir='ltr'>hac</span> <span class='ocrx_word' id='word_1_354' title='bbox 342 5856 543 5911; x_wconf 78' lang='lat' dir='ltr'>super</span> <span class='ocrx_word' id='word_1_355' title='bbox 577 5856 634 5897; x_wconf 93' lang='lat' dir='ltr'>rc</span> <span class='ocrx_word' id='word_1_356' title='bbox 663 5850 811 5913; x_wconf 77' lang='lat' dir='ltr'>gesta</span> <span class='ocrx_word' id='word_1_357' title='bbox 841 5853 989 5900; x_wconf 88' lang='lat' dir='ltr'>sunt.</span> <span class='ocrx_word' id='word_1_358' title='bbox 1041 5843 1301 5900; x_wconf 73' lang='lat' dir='ltr'>Praecedit</span> <span class='ocrx_word' id='word_1_359' title='bbox 1338 5844 1594 5900; x_wconf 84' lang='lat' dir='ltr'>omnibus</span> <span class='ocrx_word' id='word_1_360' title='bbox 1623 5844 1808 5900; x_wconf 79' lang='lat' dir='ltr'>Prooe-</span> 
     </span>
    </p>
   </div>
   <div class='ocr_carea' id='block_1_41' title="bbox 1809 5841 3469 5916">
    <p class='ocr_par' dir='ltr' id='par_1_41' title="bbox 1986 5841 3469 5916">
     <span class='ocr_line' id='line_1_41' title="bbox 1986 5841 3469 5916; baseline -0.002 -19"><span class='ocrx_word' id='word_1_361' title='bbox 1986 5843 2027 5897; x_wconf 91' lang='grc'>1.</span> <span class='ocrx_word' id='word_1_362' title='bbox 2070 5857 2189 5914; x_wconf 82' lang='lat' dir='ltr'>pag.</span> <span class='ocrx_word' id='word_1_363' title='bbox 2250 5842 2300 5897; x_wconf 79' lang='grc'>1.</span> <span class='ocrx_word' id='word_1_364' title='bbox 2370 5842 2663 5915; x_wconf 76' lang='grc' dir='ltr'>Προοὶμιον</span> <span class='ocrx_word' id='word_1_365' title='bbox 2708 5842 2787 5916; x_wconf 67' lang='lat' dir='ltr'>ei;</span> <span class='ocrx_word' id='word_1_366' title='bbox 2811 5843 2937 5907; x_wconf 76' lang='grc' dir='ltr'>τοὺς</span> <span class='ocrx_word' id='word_1_367' title='bbox 2993 5842 3143 5916; x_wconf 71' lang='grc' dir='ltr'>παρὰ</span> <span class='ocrx_word' id='word_1_368' title='bbox 3178 5841 3270 5896; x_wconf 79' lang='grc' dir='ltr'>τοῦ</span> <span class='ocrx_word' id='word_1_369' title='bbox 3306 5858 3469 5913; x_wconf 71' lang='grc' dir='ltr'>μονα-</span> 
     </span>
    </p>
   </div>
  </div>
