4204 6450
238 467 345 530 725

1294 477 1376 536 1N
1415 477 2010 537 EXALTATIONEM
2052 479 2107 539 S.
2147 480 2439 540 CRUCIS.

3355 487 3465 548 726

238 579 452 649 ϐληται.
488 584 587 637 Διὰ
637 585 734 638 τοῦ
792 586 1010 657 δένδρου
1064 586 1274 640 ἐκείνου
1328 589 1738 657 κατηγωνίσατο
1776 590 1802 639 ὁ

1924 605 2002 642 ιρι·
2031 604 2247 644 crucem
2306 591 2583 660 superavit
2644 591 2893 648 Christus
2952 594 3181 649 hostem.
3232 593 3466 664 Lignum

238 672 431 743 ἐχθρὸς
470 674 560 726 τὸν
600 676 785 745 Ἀδὰμ,
817 676 904 730 διὰ
929 677 1025 729 τοῦ
1055 677 1288 747 σταυροῦ
1321 677 1688 731 κατεπάλαισε
1712 679 1803 729 τὸν

239 765 433 834 ἐχθρὸν
459 767 488 818 ό
521 768 774 837 Χριστός.
818 769 873 821 ’E
906 771 1025 823 νςῖςο
1061 770 1159 838 μὲν
1209 771 1269 823 τὸ
1300 769 1456 834 ξυλον
1484 771 1576 823 τοῦ
1622 788 1805 840 παρα-

236 858 409 909 δείσου
451 859 684 912 θανάτου
716 860 974 929 πρόξενον
1003 862 1218 929 γέγονε,
1246 863 1338 915 καὶ
1364 865 1443 924 εἰς
1471 862 1602 932 ᾅδην
1631 862 1803 932 παρέ-

241 950 425 1019 πεμψε
451 967 465 981 ’
506 952 566 1003 τὺ
594 952 749 1016 ξύλον
779 954 833 1006 δὲ
875 955 969 1007 τοῦ
996 955 1229 1022 σταυροῦ
1261 956 1354 1010 καὶ
1387 958 1512 1021 τοὺς
1538 956 1806 1010 ἀπελθόν-

237 1059 339 1105 τας
369 1044 449 1105 εἰς
478 1043 613 1113 ᾅδην
635 1045 1023 1100 ἀνεκαλέσατο.
1053 1045 1126 1098 Τὺ
1160 1047 1313 1110 ξύλον
1348 1047 1443 1101 τοῦ
1477 1048 1805 1116 παραδείσου

240 1134 588 1203 αίχμάλωτον
618 1138 710 1189 καὶ
742 1140 947 1206 γυμνὸν
978 1140 1197 1209 ἐποίησε
1230 1139 1530 1208 τὸνἈδὰμ,
1563 1139 1656 1192 καί⁸
1676 1156 1808 1209 κρυ-

241 1226 401 1294 ϐῆναι
432 1230 594 1281 αὐτὸν
621 1235 1005 1295 παρεσκεύασε
1035 1251 1048 1263 ·
1082 1234 1141 1285 τὸ
1181 1232 1339 1298 ξύλον
1370 1233 1425 1285 δὲ
1451 1231 1545 1285 τοῦ
1573 1232 1806 1302 σταυροῦ

243 1318 333 1368 τὸν
379 1321 609 1388 νικητὴν
658 1323 895 1391 Χριστὸν
951 1324 1037 1392 ἐφ’
1067 1324 1269 1392 ὑψηλοῦ
1304 1326 1470 1377 πᾶσιν
1513 1324 1802 1377 ἐδείκνυεν.

254 1407 503 1478 Ἀπάσης
536 1412 641 1479 γὰρ
669 1411 767 1479 τῆς
799 1414 1123 1481 οἰκουμένης
1146 1412 1382 1481 ὁρώσης,
1408 1413 1661 1480 καθάπερ
1685 1430 1811 1479 γεν-

241 1500 391 1560 ναῖος
425 1498 684 1568 ἀθλητης,
728 1502 829 1564 τὰς
856 1504 1242 1571 ἀνακειμένας
1272 1502 1529 1569 δυνάμεις
1575 1502 1809 1555 κατέδα-

240 1588 337 1640 λεν
369 1589 398 1640 6
430 1590 664 1657 Χριστὸς
710 1592 803 1644 ἐπὶ
841 1594 933 1646 τοῦ
983 1594 1137 1658 ξύλου
1173 1594 1497 1663 ἁνυψωθείς.
1536 1593 1596 1647 '0
1625 1594 1679 1646 δὲ
1709 1594 1807 1646 θά-

242 1695 405 1741 νατος
437 1680 530 1732 τοῦ
573 1682 745 1751 Ἀδὰμ
783 1684 878 1736 καὶ
925 1702 1051 1747 τους
1088 1685 1228 1753 μετά
1263 1686 1437 1737 ταῦτα
1488 1684 1808 1753 ἀνθρώπους

241 1769 592 1830 κατεδίκασε,
645 1773 738 1825 καὶ
783 1773 1114 1836 ἐθανάτωσε,
1153 1779 1249 1829 καὶ
1284 1774 1636 1842 κατέκρινεν·
1678 1778 1705 1828 6
1752 1776 1808 1828 δὲ

241 1862 473 1923 θάνατος
518 1862 612 1915 τοῦ
643 1864 878 1933 Χριστοῦ
919 1867 1013 1919 καὶ
1040 1867 1165 1929 τοὺς
1211 1867 1317 1934 πρδ
1344 1866 1510 1921 αὑτοῦ
1544 1868 1807 1928 πεσόντας

240 1954 343 2002 καὶ
367 1952 776 2018 θανατωθέντας
818 1956 1103 2025 ἀνέστησε,
1133 1958 1227 2011 καὶ
1258 1956 1475 2020 ὲςώωσε
1495 1996 1511 2022 ,
1548 1959 1640 2011 καὶ
1672 1960 1805 2012 πᾶσι

240 2040 359 2101 τοῖς
389 2040 698 2110 ἀνθρώποις
729 2044 1001 2113 σωτηρίας
1035 2044 1153 2099 ὁδὸν
1185 2046 1494 2115 ἐχαρίσατο.

319 2129 555 2197 Χριστὸς
581 2131 730 2199 ἡμᾶς
758 2131 1093 2201 ἐξηγόρασεν
1118 2136 1183 2189 ἐκ
1205 2138 1305 2205 τῆς
1339 2135 1581 2204 κατάρας
1609 2135 1703 2189 τοῦ
1728 2136 1812 2188 v6-

244 2238 377 2287 μου,
414 2224 702 2291 γενόμενος
752 2225 892 2295 ὑπὲρ
946 2225 1103 2295 ἡμῶν
1156 2229 1391 2299 κατάρα.
1447 2231 1813 2301 Προσέχωμεν

241 2314 486 2379 ὲαυτοί,,
525 2315 825 2384 ἀγαπητοὶ,
866 2317 941 2387 μὴ
984 2318 1143 2372 πάλιν
1195 2320 1301 2372 ὑπὸ
1347 2323 1591 2390 κατάραν
1640 2325 1813 2391 γενώ-

248 2404 419 2469 μεθα,
448 2405 542 2458 τοῦ
573 2405 719 2459 θείου
751 2408 918 2476 φόὸου
980 2414 1076 2466 καὶ
1126 2410 1237 2464 τῶν
1269 2414 1550 2483 σωτηρίων
1588 2415 1815 2469 ἐντολῶν

242 2492 347 2546 τοῦ
378 2495 617 2566 Χριστοῦ
644 2499 1018 2569 ἀμελήσαντες
1048 2502 1330 2556 .“Ελουσεν
1359 2506 1502 2572 ἡμᾶς
1529 2506 1556 2558 ό
1582 2505 1815 2573 Χριστὸς

243 2587 311 2638 ἐν
337 2587 414 2655 τῷ
443 2586 778 2657 βαπτίσματι
814 2590 910 2644 διὰ
934 2594 1192 2659 λουτροῦ
1232 2598 1699 2665 παλιγγενεσίας
1724 2600 1817 2649 καὶ

245 2680 647 2741 ἀνακαινίςρεω,
679 2683 991 2752 Πνεύματος
1018 2685 1208 2751 ἁγίου’
1246 2688 1320 2758 μὴ
1352 2688 1514 2741 πάλιν
1555 2690 1818 2759 ὑποστρέ-

244 2766 445 2833 ψωμεν
482 2768 580 2821 ἐπὶ
630 2774 738 2824 τὸν
771 2771 925 2825 ἴδιον
963 2774 1193 2841 ἔμετον.
1233 2776 1595 2847 Συμμόρφους
1642 2780 1818 2850 ἑαυτῷ

247 2857 350 2910 καὶ
380 2861 698 2929 συσσώμου;
730 2864 980 2933 ἐποίησεν
1007 2869 1035 2918 6
1054 2867 1284 2935 Χριστός
1310 2884 1323 2898 ’
1354 2868 1427 2937 μὴ
1453 2869 1629 2921 τοίνυν
1655 2872 1819 2923 ποιῶ-

253 2967 361 3017 μεν
420 2953 485 3002 τὰ
531 2953 665 3021 μέλη
696 2953 791 3005 τοῦ
837 2955 1075 3022 Χριστου
1105 2957 1239 3025 μέλη
1289 2959 1513 3027 πόρνης,
1549 2959 1609 3011 τὸ
1661 2961 1821 3029 σῶμα

249 3044 745 3108 καταμολύνοντες,
779 3047 871 3099 καὶ
907 3050 1005 3116 τὴν
1060 3052 1341 3117 βασιλικὴν
1384 3053 1565 3105 εἰκόνα
1592 3054 1822 3117 καταζο-

250 3133 507 3199 φοῦντες.
544 3135 801 3204 Ἡγίασεν
838 3140 984 3207 ἡμᾶς
1038 3141 1067 3192 6
1114 3141 1366 3211 Χριστὸς,
1420 3146 1514 3198 καὶ
1550 3144 1820 3213 ἐκάθηρεν

1906 679 2036 732 illud
2072 691 2299 735 mortem
2333 683 2641 749 progenuit,
2664 692 2717 737 et
2746 684 2813 738 ad
2837 684 3042 739 inferos
3067 687 3464 755 praecipitavit;

1905 781 1958 825 at
1992 773 2193 841 lignum
2248 776 2428 828 crucis
2479 790 2574 827 eos
2618 775 2802 839 etiam,
2854 777 2948 844 qui
2993 777 3104 847 jam
3159 775 3241 843 ad,
3280 791 3467 829 manes

1905 862 2322 925 descenderant,
2367 865 2664 917 revocavit.
2708 864 2933 934 Liguum
2984 865 3221 935 paradisi
3268 866 3320 919 in
3353 880 3469 918 scr-

1906 955 2133 1009 vitutem
2186 955 2434 1019 abduxit,
2491 956 2904 1025 nuditatemquc
2966 957 3175 1010 Adamo
3229 956 3467 1016 induxit.

1907 1057 2052 1100 etut
2106 1062 2229 1100 sese
2276 1048 2571 1114 occuleret,
2629 1049 2830 1103 effecit.
2906 1050 2973 1103 At
3029 1050 3234 1118 lignum
3290 1048 3469 1101 crucis

1905 1136 2177 1191 Christum
2219 1138 2271 1191 in
2326 1138 2537 1192 excelso
2579 1141 2742 1193 situm
2790 1140 3045 1193 omnibus
3110 1140 3465 1207 spectandum

1907 1228 2175 1280 exhibuit.
2226 1229 2361 1281 Nam
2417 1237 2530 1281 toto
2594 1238 2860 1283 terrarum
2916 1230 3048 1283 orbe
3110 1230 3469 1296 inspectante,

1912 1329 2165 1387 tanquam
2220 1334 2519 1388 generosus
2582 1319 2804 1387 quidam
2859 1321 3084 1377 athleta.
3135 1318 3472 1373 adversarius

1907 1412 2139 1465 virtutes
2181 1410 2453 1475 Christus,
2485 1411 2737 1467 sublimis
2766 1426 2832 1463 ex
2865 1411 3011 1475 ligno
3045 1410 3307 1477 pendens,
3342 1424 3473 1461 con-

1910 1503 2061 1556 trivit
2106 1511 2163 1556 et
2210 1502 2444 1571 disjeeit.
2491 1503 2633 1557 Mors
2698 1503 2888 1557 Adamn
2951 1511 3195 1571 posteros
3254 1517 3472 1568 quoque

1908 1594 2210 1669 damnavit,
2242 1596 2541 1661 mortisque
2577 1594 2887 1648 necessitati
2924 1594 3185 1663 subjecit;
3222 1600 3277 1645 at
3326 1607 3472 1644 mors

1908 1685 2110 1741 Christi
2187 1686 2351 1739 etiam
2400 1693 2558 1739 antea
2600 1685 2784 1753 lapsos
2825 1693 2879 1739 et
2935 1694 3181 1738 mortuos
3212 1682 3472 1743 restituit,

1911 1778 2126 1846 vitaque
2157 1779 2398 1842 donavit,
2428 1786 2483 1831 et
2502 1776 2756 1833 omnibus
2781 1776 3095 1831 hominibus
3119 1776 3311 1831 salutis
3332 1776 3475 1828 viam

1913 1868 2189 1937 patefecit.

1981 2138 2234 2195 Christus
2281 2153 2381 2194 nos
2413 2139 2643 2194 redemit
2688 2153 2717 2192 a
2768 2137 3058 2192 maledicto
3108 2134 3264 2206 legis,
3317 2133 3481 2188 malc-

1913 2232 2118 2286 dictum
2158 2246 2255 2300 pro
2292 2230 2455 2285 nobis
2489 2230 2683 2284 factus.
2735 2227 3119 2289 Attendamus,
3148 2223 3477 2285 charissimi,

1914 2339 1982 2379 ne
2039 2339 2230 2377 rursus
2290 2322 2658 2378 cxsecratioui
2720 2319 3099 2390 subjiciamur,
3168 2316 3354 2370 divino
3413 2314 3481 2366 ti-

1916 2429 2066 2468 more
2110 2414 2549 2483 salutaribusque
2596 2397 2799 2468 Christi
2862 2410 3148 2480 prteceptis
3195 2406 3478 2476 neglectis.

1916 2504 2074 2558 Lavit
2098 2519 2199 2558 nos
2224 2504 2478 2558 Christus
2524 2504 2575 2557 in
2613 2502 2941 2571 baptismate
2978 2518 3068 2571 per
3098 2499 3369 2552 lavacrum
3402 2512 3481 2548 re-

1915 2596 2305 2665 generationis’
2346 2604 2403 2649 et
2466 2592 2835 2647 renovatiouis
2883 2591 3120 2661 Spiritus
3163 2590 3361 2653 sancti,
3412 2604 3481 2643 ne

1919 2697 2258 2744 revertamur
2296 2688 2364 2741 ad
2398 2686 2665 2755 proprium
2712 2686 2963 2738 vomitum
2991 2684 3055 2738 ‘°.
3102 2683 3358 2753 Ejusdem
3395 2698 3482 2737 se—

1919 2798 2043 2837 cum
2081 2779 2457 2834 similitudinis
2482 2789 2537 2833 et
2585 2778 2831 2846 corporis
2877 2776 3131 2844 Christus
3176 2791 3275 2829 nos
3303 2775 3432 2828 fecit
3465 2792 3479 2829 :

1919 2890 1990 2930 ne
2037 2874 2202 2943 igitur
2239 2871 2498 2925 faciamus
2545 2870 2789 2923 membra
2821 2867 3023 2923 Christi
3084 2868 3329 2923 membra
3372 2868 3485 2921 dia-

1920 2967 2069 3029 boli,
2107 2979 2336 3032 corpore
2367 2962 2761 3025 contaminato,
2803 2970 2857 3014 et
2900 2960 3065 3030 regali
3107 2959 3339 3030 imagine
3382 2960 3482 3013 ob-

1920 3065 2156 3109 scurata.
2193 3051 2564 3107 Sanctificavit
2609 3065 2709 3104 nos
2735 3050 3011 3113 Christus,
3060 3058 3116 3104 et
3165 3050 3487 3104 emendavit

1922 3163 1952 3202 a
1985 3147 2225 3217 peccatis
2263 3144 2466 3199 nostris
2494 3160 2591 3214 per
2624 3144 2926 3212 pretiosum
2972 3152 3028 3197 et
3075 3142 3482 3197 immaculatum

251 3227 371 3278 απὸ
402 3226 511 3279 τῶν
550 3227 832 3297 ἁμαρτιῶν
864 3229 1023 3299 ἡμῶν
1050 3231 1136 3285 διὰ
1156 3232 1250 3285 τοῦ
1284 3232 1461 3302 τιμίου
1496 3236 1588 3287 καὶ
1616 3235 1818 3304 ἀχράνο

1924 3240 2241 3309 sanguinem
2287 3252 2470 3301 suum,
2516 3246 2574 3290 ut
2603 3236 2749 3289 omni
2802 3235 3010 3288 macula
3057 3244 3114 3287 et
3144 3248 3274 3302 ruga
3302 3248 3470 3287 caree-

250 3336 356 3369 του
382 3321 608 3388 αἵματος
632 3320 818 3386 αὐτοῦ,
845 3321 984 3375 ὥστε
1028 3322 1101 3390 μὴ
1130 3324 1275 3392 ἔχειν
1300 3325 1488 3379 σπίλόν
1516 3342 1638 3379 τινα
1666 3325 1698 3395 ἢ
1726 3328 1823 3394 ρυο

248 3412 403 3476 τίδα,
446 3412 578 3480 μηδέ
619 3430 672 3464 τι
703 3415 813 3467 τῶν
856 3415 1132 3484 ἀμορφίαν
1169 3417 1264 3469 καὶ
1286 3415 1589 3486 εἰδέχθειαν
1631 3419 1823 3483 ἐμποι-

251 3504 468 3555 ούντων
490 3520 504 3535 ο
546 3505 619 3575 μὴ
649 3506 809 3557 πάλιν
846 3506 1311 3577 σὺτομολήσωμεν
1356 3508 1490 3577 πρὸς
1524 3508 1623 3575 τὴν
1648 3508 1824 3574 ἁμαρε

249 3595 403 3658 τίαν,
464 3594 595 3664 μηδὲ
625 3595 1002 3665 ἀγαπήσωμεν
1040 3598 1138 3666 τὴν
1182 3598 1443 3650 δυσωδίαν
1471 3597 1583 3649 τῶν
1602 3598 1821 3661 παθῶν,

252 3686 354 3737 καὶ
385 3684 487 3753 τὴν
518 3686 767 3739 ἐντεῦθεν
786 3686 1125 3756 ἀκαθαρσίαν
1152 3687 1246 3740 τοῦ
1271 3687 1440 3760 ῥύπου
1462 3688 1569 3741 τῶν
1599 3688 1820 3758 ἡδονῶν.

254 3779 544 3847 Ἐπλησεν
597 3782 738 3847 ἡμᾶς
770 3781 796 3830 6
829 3781 1060 3849 Χριστὸς
1091 3780 1265 3847 φωτὸς
1305 3781 1693 3849 λαμπροτάτου
1732 3784 1825 3835 καὶ

251 3871 531 3941 καθαροῦ·
568 3871 642 3940 μὴ
672 3871 836 3925 πάλιν
869 3872 929 3924 τὸ
955 3872 1182 3939 ζοφερὸν
1218 3873 1317 3939 τῆς
1350 3872 1622 3940 ἁμαρτίας
1675 3873 1828 3923 ἐκλε-

252 3963 484 4033 ξώμεθα
540 3965 747 4025 σκότος.
786 3963 1071 4033 Ἐποίησεν
1097 3964 1243 4032 ἡμᾶς
1288 3964 1316 4015 6
1352 3964 1481 4024 Θεὸς
1529 3965 1823 4034 συσκήνους

248 4060 373 4118 τοῖς
400 4057 578 4123 ἁγίοις
610 4057 882 4124 ἀγγέλοις,
913 4059 1007 4111 καὶ
1051 4057 1519 4125 συγκληρονόμους
1555 4058 1661 4108 τῶν
1691 4058 1824 4109 αίω-

248 4148 390 4199 νίων
424 4145 587 4199 αὐτοῦ
629 4145 848 4213 ἀγαθῶν
873 4144 1072 4213 ἠξίωσε
1101 4144 1354 4213 γενέσθαι
1372 4146 1403 4213 ἠ
1414 4148 1537 4213 μᾶς·
1568 4145 1642 4215 μὴ
1666 4146 1827 4198 πάλιν

248 4236 673 4304 αἱρετισῶμεθα
698 4236 795 4303 τὴν
830 4237 1076 4305 ἀτιμίαν,
1110 4236 1202 4287 καὶ
1224 4236 1322 4302 τὴν
1348 4233 1574 4303 φθορὰν,
1603 4237 1697 4287 καὶ
1727 4235 1827 4303 τὴν

249 4325 584 4394 καταδίκην,
640 4325 774 4378 ἀλλὰ
822 4324 921 4396 τὴν
969 4324 1282 4391 ἐλευθερίαν
1408 4326 1640 4394 Χριστὸς
1679 4326 1828 4394 ἡμᾶς

248 4416 503 4481 ἑδόξασε,
526 4415 995 4482 διαφυλάττωμεν,
1013 4414 1104 4468 καὶ
1137 4415 1287 4484 πάσῃ
1312 4413 1513 4482 σπουδῇ
1542 4414 1635 4465 καὶ
1655 4430 1825 4482 προσ-

247 4508 359 4573 οχῇ
415 4503 768 4573 χρησώμεθα,
830 4503 1049 4570 ἀδελφοί
1105 4520 1226 4571 μου,
1272 4503 1356 4555 ἵνα
1391 4498 1471 4564 οἷς
1515 4502 1827 4572 ὲκλήθημεν

1924 3347 2065 3390 mus,
2096 3339 2153 3384 et
2201 3329 2349 3384 omni
2392 3328 2504 3391 illo,
2556 3327 2699 3396 quod
2742 3324 3140 3379 deformitatem
3188 3325 3485 3392 formasque

1924 3419 2317 3489 turpitudinem
2352 3418 2545 3482 aﬂert;
2599 3432 2667 3471 ne
2720 3417 2902 3471 denuo
2950 3415 3017 3469 ad
3078 3414 3279 3484 ﬂagitia
3340 3416 3485 3468 ultro

1923 3512 2266 3574 accedamus,
2310 3524 2485 3577 neque
2532 3508 2822 3577 diligamus
2879 3506 3106 3560 fetorem
3150 3506 3484 3558 immodera-

1927 3610 2103 3656 larum
2152 3599 2536 3669 cupiditatum,
2582 3600 2807 3667 ejusque
2854 3596 3205 3662 impuritatis,
3258 3611 3378 3663 qua:
3417 3612 3485 3650 ex

1924 3693 2261 3760 voluptatum
2289 3703 2447 3744 caeno
2503 3688 2738 3743 exsistit.
2798 3687 3049 3755 Replevit
3085 3702 3182 3739 nos
3231 3685 3487 3741 Christus
3535 3703 3543 3709 ’

1925 3783 2046 3838 luce
2079 3779 2517 3849 splendidissima
2550 3788 2604 3833 et
2640 3776 2973 3847 purissima;
3009 3790 3077 3827 ue
3129 3776 3295 3843 igitur
3333 3784 3485 3827 lene-

1927 3873 2142 3927 brosam
2174 3872 2321 3925 illam
2372 3867 2735 3938 improbitatis
2764 3866 3048 3934 caliginem
3093 3865 3405 3919 subeamus.
3427 3864 3485 3918 In

1926 3965 2273 4032 angelorum.
2307 3959 2729 4015 contubernium
2780 3958 2975 4011 ascivit
3040 3971 3139 4010 nos
3206 3956 3488 4017 Dominus,

1927 4054 2279 4122 haeredesqne
2331 4059 2662 4105 aeternorum
2721 4049 2989 4103 bonorum
3049 4046 3366 4111 constituit;
3422 4062 3489 4100 ne

1926 4146 2094 4215 igitur
2132 4143 2364 4211 amplius
2413 4143 2469 4196 in
2506 4140 2881 4210 ignominiam,
2910 4149 2967 4194 et
3008 4138 3312 4199 interitum,
3346 4145 3401 4191 et
3433 4137 3485 4190 in

1927 4234 2332 4289 damnationem
2363 4245 2461 4284 nos
2490 4230 2867 4299 conjiciamus,
2894 4228 2988 4282 sed
3020 4228 3349 4292 libertatem,
3378 4243 3485 4297 qua

1926 4327 2179 4381 Christus
2212 4340 2313 4378 nos
2368 4322 2573 4377 clarere
2606 4320 2799 4384 voluit,
2854 4319 3250 4382 custodiamus,
3311 4318 3490 4373 omni-

1928 4432 2035 4487 que
2063 4414 2342 4485 diligentia
2375 4422 2432 4468 et
2458 4411 2761 4465 attentione
2791 4411 3089 4473 enitamur,
3124 4409 3321 4463 fratres
3358 4409 3490 4475 mei,

1929 4508 2069 4563 utin
2105 4507 2213 4568 his,
2258 4504 2313 4557 in
2356 4502 2558 4572 quibus
2601 4502 2780 4555 vocati
2832 4508 2887 4554 et
2936 4499 3216 4569 justificati
3279 4514 3486 4560 sumus,

249 4598 353 4648 καὶ
385 4595 809 4663 ἐδικαιώθημεν,
842 4594 1134 4662 μείνωμεν.
1159 4594 1279 4646 Κᾶν
1306 4594 1415 4661 γὰρ
1447 4591 1520 4662 μὴ
1552 4593 1825 4662 μείνωμεν

1931 4605 2264 4647 maneamus.
2296 4589 2429 4643 Nam
2481 4589 2526 4642 si
2574 4590 2728 4641 firmo
2772 4586 2910 4656 pede
2953 4602 3059 4640 non
3107 4587 3487 4650 consistamus,

246 4688 459 4749 οὕτως,
495 4685 610 4738 ἀλλ’
640 4687 720 4747 είς
747 4686 815 4738 τὰ
864 4686 1039 4738 όπίσω
1084 4684 1536 4753 ὑποστρέψωμεν,
1570 4683 1827 4737 κολάσεσι

249 4783 352 4831 καὶ
384 4778 679 4847 τιμωρίαις
713 4776 1222 4845 ὑποὸληθησόμεθα.
1250 4777 1376 4828 ὅταν
1408 4775 1534 4844 ἔλθῃ
1564 4776 1592 4826 6
1627 4774 1828 4843 Κύριος

246 4872 350 4925 τοῦ
392 4873 579 4939 κρῖναι
610 4870 792 4921 πᾶσαν
821 4873 918 4936 τὴν
944 4868 1069 4936 γῆν.
1104 4867 1241 4919 Ἀλλ’
1269 4867 1356 4920 ἵνα
1390 4867 1464 4937 μὴ
1485 4866 1642 4919 τοῦτο
1669 4869 1828 4933 γένη-

247 4980 370 5023 ται,
405 4961 587 5021 καλῶς
629 4958 1095 5027 πολιτευσώμεθα,
1125 4960 1214 5010 καὶ
1238 4957 1311 5017 ὡς
1338 4956 1565 5024 ἀρεστὸν
1598 4955 1675 5024 τῷ
1707 4954 1828 5025 Θεῷ

247 5052 425 5123 ἡμῶν
449 5052 797 5121 καθαρότητα
822 5052 1211 5118 ἀαπιζόμενοι,
1244 5049 1453 5119 δάκρυα
1482 5048 1825 5117 προχέοντες,

249 5146 560 5211 κατὰνυξιν
591 5144 953 5214 πηγὸμζοντες,
1005 5143 1067 5195 τὸ
1096 5142 1253 5210 σῶμα
1296 5140 1706 5202 ὑποτάσσοντες,
1732 5138 1828 5190 καὶ

248 5240 330 5302 ὼς
383 5237 574 5290 δοῦλον
603 5238 847 5303 ἄγοντες,
901 5236 998 5305 τὴν
1040 5234 1217 5303 ψυχὴν
1270 5236 1381 5295 τοῖς
1432 5232 1828 5299 πνευματικοῖς

247 5333 449 5397 λόγοις
492 5327 587 5379 καὶ
615 5329 794 5396 ἔργοις
829 5325 1222 5394 ζωογονοῦντες
1278 5328 1373 5378 καὶ⁵
1422 5323 1827 5393 διατρέφοντες,

246 5424 321 5473 τὰ
343 5420 494 5487 ἔργα
523 5416 616 5469 τοῦ
652 5417 784 5470 Θεοῦ
814 5417 1147 5488 ἀρραθύμως
1181 5414 1572 5476 ἐπιτελοῦντες,
1602 5414 1694 5465 καὶ
1727 5429 1831 5482 μη-

244 5512 426 5571 δόιως
455 5509 936 5570 ἁπονυστάζηντες.

331 5684 402 5747 ζ’.
441 5682 509 5733 Εἰ
537 5681 593 5733 δὲ
644 5683 735 5733 καὶ
770 5681 1163 5751 ρᾳθυμήσομεν
1217 5683 1310 5733 καὶ
1340 5680 1709 5749 ἀμελήσομεν,
1753 5677 1834 5731 ὅτι

326 5861 349 5890 ⁸
394 5856 603 5927 Ενὶιεε.
676 5874 727 5923 v,
794 5858 880 5911 26.
962 5859 1004 5889 ¹⁰
1048 5858 1085 5910 ll
1128 5858 1272 5911 I‘ctr.
1341 5871 1396 5914 ιι.
1446 5856 1529 5910 2'2.

1930 4682 2023 4737 sed
2052 4691 2356 4735 retrorsum
2395 4687 2765 4748 respectemus
2806 4687 2864 4731 et
2904 4678 3235 4741 resiliamus,
3281 4678 3492 4730 crucia-

1930 4773 2075 4826 tibus
2123 4781 2177 4825 et
2220 4770 2504 4839 suppliciis
2559 4767 2933 4835 subjiciemur,
2994 4768 3214 4835 quando
3277 4768 3491 4821 venerit

1928 4859 2216 4925 Dominus,
2254 4860 2567 4913 universum
2602 4857 2791 4912 orbem
2826 4865 3094 4911 terrarum
3122 4855 3487 4926 judicaturus.

1929 4952 2131 5005 Verum
2158 4964 2227 5004 ne
2265 4950 2370 5004 hoc
2399 4947 2636 5014 eveniat,
2668 4957 2816 5002 recte
2855 4947 3019 5000 vitam
3048 4956 3288 5000 nostram
3330 4947 3489 5001 insti-

1930 5052 2170 5104 tuamus,
2208 5050 2264 5094 et
2288 5049 2345 5093 ut
2376 5038 2487 5093 Deo
2515 5049 2728 5108 gratum
2772 5046 3170 5106 acceptumque
3198 5046 3305 5101 est,
3334 5042 3490 5106 puri-

1931 5141 2094 5186 tatem
2127 5128 2538 5197 amplectamur.
2574 5128 2841 5189 lacrymas
2871 5126 3181 5188 fundamus,
3208 5129 3491 5181 contritio-

1930 5236 2054 5276 nem
2090 5230 2145 5274 et
2181 5218 2554 5289 pmnitentiam
2592 5218 2747 5288 quasi
2784 5216 3072 5280 stillemus,
3098 5232 3297 5285 corpus
3324 5217 3493 5287 subji-

1932 5313 2138 5367 ciamus
2164 5322 2221 5366 et
2252 5312 2396 5365 servi
2443 5312 2611 5364 instar
2674 5318 2997 5371 tractemus,
3035 5310 3273 5362 animam
3329 5308 3492 5376 spiri-

1932 5401 2175 5457 tualibus
2219 5399 2563 5455 documentis
2609 5409 2664 5452 et
2714 5398 2871 5453 factis
2922 5398 3098 5450 vivam
3150 5406 3205 5450 et
3245 5406 3488 5466 vegetam

1933 5495 2230 5548 eiliciamus
2258 5502 2313 5546 et
2343 5494 2571 5557 alamus,
2612 5506 2776 5561 opera
2814 5490 2909 5544 Dei
2960 5490 3190 5559 impigre
3226 5503 3493 5558 οχεειιιιεις

1938 5601 2079 5648 mur,
2113 5600 2288 5653 neque
2319 5599 2555 5649 unquam
2587 5584 2950 5639 somniculose
2976 5598 3221 5653 agamus.

2008 5677 2059 5729 ’7.
2082 5675 2235 5741 Quod
2257 5676 2299 5730 si
2324 5676 2645 5745 pigritemur
2669 5686 2720 5731 et
2750 5676 2803 5730 in
2838 5675 3141 5731 socordiam
3168 5674 3495 5738 incidamus,
