4180 6458
134 507 242 571 733

1260 511 1357 570 DE
1402 509 1787 570 MANDATIS
1829 512 1897 569 ι).
1941 510 2008 571 Ν.
2048 510 2105 569 J.
2145 511 2206 567 C-

3260 500 3368 563 734

134 623 275 674 εἴποι
323 622 493 691 αὐτῷ,
538 623 725 690 Μωρὲ,
766 623 945 693 ἔνοχος
989 622 1140 677 ἔσται
1170 627 1237 693 τῇ
1273 626 1499 693 γεέννῃ’
1547 644 1562 674 i
1600 626 1692 675 καὶ
1722 626 1767 683 Α

1814 633 1879 677 ξει
1937 624 2347 692 antiquis,Nun
2408 625 2641 677 occides.
2699 624 2800 689 Qui
2868 632 3051 675 autem
3079 621 3365 685 occiderit,

133 716 202 770 τὰ
258 716 405 780 ἑξῆς.
444 718 539 780 Τίς
568 718 623 771 δὲ
654 721 687 786 ἡ
734 721 1065 785 περιέχουσα
1117 722 1211 772 καὶ
1261 720 1539 787 πληροῦσα
1599 720 1694 780 τὰς

136 808 283 871 τρεῖς
309 806 521 865 ἐντολὰς
542 806 777 869 ταύτας
811 806 1023 857 Παύλου
1049 807 1297 873 λέγοντος
1327 808 1580 867 ἄκουσον,
1602 806 1694 857 τοῦ

138 894 195 945 ἐν
225 894 443 963 Χριστῷ
494 896 668 962 Ἰησοῦ
700 895 978 958 ποιοῦντος
1012 898 1105 949 καὶ
1164 897 1448 958 λαλοῦντος
1469 914 1483 928 ο
1520 916 1535 946 i
1569 898 1698 947 Συν-

142 989 341 1055 ἠδομαι
399 989 529 1055 γὰρ,
579 988 732 1056 φησὶ,
762 988 837 1056 τῷ
874 989 1023 1053 νόμῳ
1051 988 1145 1039 τοῦ
1185 988 1317 1040 θεοῦ
1354 990 1431 1048 εἰς
1469 988 1559 1038 τὸν
1590 986 1698 1037 ἔσω

137 1077 421 1144 ἄνθρωπον
442 1090 456 1105 ⁸
486 1079 671 1144 βλέπω
700 1078 756 1129 δὲ
786 1080 867 1129 Et:
881 1093 971 1145 ρον
1002 1080 1164 1145 νόμον
1188 1096 1199 1107 ·
1226 1096 1245 1128 ι
1294 1079 1385 1129 καὶ
1429 1077 1497 1129 τὰ
1526 1077 1654 1142 ἑξῆς
1680 1092 1693 1105 ’

140 1166 233 1216 καὶ
274 1166 354 1218 ἔτι
386 1170 763 1235 φανερώτερον
793 1171 936 1219 ποιεί⁹
976 1169 1004 1220 ὃ
1038 1168 1218 1234 λέγει’
1268 1189 1285 1219 ι
1326 1169 1432 1219 Καὶ
1495 1169 1697 1236 αἰχμα-

142 1256 459 1319 λωτίζοντες
484 1260 591 1309 πᾶν
608 1260 784 1325 νόημα
805 1263 881 1318 είς
906 1261 1003 1327 τὴν
1026 1260 1271 1326 ὑπακοὴν
1290 1258 1378 1310 τοῦ
1398 1257 1653 1325 Χριστοῦ
1675 1277 1694 1309 ›

141 1348 237 1398 οὐκ
270 1344 386 1399 εἷπε
414 1348 571 1399 τοῦτο
611 1350 807 1411 ἐκεῖνο,
842 1350 977 1400 ἀλλὰ
1008 1348 1130 1401 πᾶν
1156 1349 1336 1417 νόημα
1396 1350 1697 1417 παρακοῆς.

158 1440 212 1487 'U
243 1438 419 1488 τοίνυν
453 1438 744 1504 λογισμοὺς
782 1439 1080 1507 καθαίρων,
1120 1441 1214 1491 καὶ
1247 1441 1493 1506 νοήματα
1518 1440 1704 1507 δαιμο-

144 1548 169 1579 ν
198 1528 313 1596 ὡδη
345 1529 697 1581 καταϐάλλων
729 1529 964 1598 Χριστοῦ
1001 1530 1229 1598 δυνάμει
1266 1531 1373 1583 ἀπὸ
1416 1530 1582 1597 ῥιζῶν
1616 1532 1707 1583 ὲκ-

147 1622 338 1671 κόπτει
364 1622 488 1681 τοὺς
520 1622 786 1689 θυμικοὺς
829 1621 969 1673 κατὰ
992 1622 1083 1673 τοῦ
1113 1621 1341 1688 ἁδελφοῦ
1377 1621 1666 1688 λογισμούς
1688 1634 1703 1650 ⁸

145 1712 170 1761 ὁ
198 1710 254 1760 ἐμὲ
291 1710 503 1761 κόπτων
546 1710 626 1771 εἰς
652 1710 870 1779 ῥήματα
908 1711 1104 1772 αὐτοὺς
1151 1711 1249 1763 οὐκ
1298 1712 1551 1779 ὲκςιέρει·
1588 1716 1615 1764 ὁ
1648 1711 1703 1763 δὲ

149 1801 220 1867 μὴ
262 1800 347 1852 διὰ
394 1800 649 1868 ῥημάτων
679 1800 847 1852 εἰπὼν
888 1799 962 1868 τῷ
1008 1799 1219 1868 ἀδελφῷ
1249 1800 1410 1852 αὐτοῦ
1433 1799 1614 1866 ρἀια,
1665 1800 1698 1869 ἢ

145 1888 317 1955 μιαρὲ,
371 1890 505 1956 μήτε
544 1888 647 1957 μὴν
702 1890 978 1957 ὀργισθεὶς
1035 1890 1179 1958 εἰκῆ,
1215 1891 1568 1959 εὑρεθήσεται
1603 1889 1709 1957 φύ-

148 1978 245 2041 λαξ
280 1978 379 2047 τῆς
420 1980 641 2049 ἐντολῆς
680 1981 774 2031 τοῦ
803 1980 1038 2049 Χριστοῦ
1064 1999 1076 2010 ·
1108 1983 1139 2048 ἡ
1174 1981 1296 2049 ῥίζα
1332 1982 1439 2050 γὰρ
1465 1982 1708 2034 κάτωθεν
1743 1959 1779 2011 Β

147 2071 359 2137 ἐτμήθη
387 2084 399 2099 ⁸
438 2088 454 2119 ι
496 2070 623 2122 Ἐὰν
655 2071 969 2143 προσφέρῃς
996 2070 1055 2123 τὸ
1084 2071 1253 2140 δῶρόν
1285 2089 1378 2123 σου
1406 2072 1712 2141 ἔμπροσθεν

148 2160 236 2211 τοῦ
290 2163 675 2230 θυσιαστηρίου
696 2180 709 2194 ·
740 2182 757 2213 ι
786 2165 897 2226 καὶ,
935 2163 1102 2216 «Ἴσοι
1134 2164 1330 2216 εὐνοῶν
1358 2165 1435 2232 τῷ
1460 2166 1714 2234 ἀντιδίκῳ

152 2268 243 2301 σου
268 2252 459 2321 ταχύη
484 2255 593 2316 καὶ,
625 2272 641 2303 ι
664 2254 722 2305 Ὀ
746 2255 957 2323 βλέπων
978 2259 1205 2323 γυναῖκα
1223 2256 1356 2325 πρὸς
1370 2257 1429 2307 τὸ
1451 2256 1718 2326 ἐπιουμῆ-

152 2358 237 2393 σαι
257 2357 274 2375 ⁸
314 2360 332 2393 i
362 2343 479 2407 καὶ,
521 2362 537 2393 ι
562 2344 684 2395 Ἐὰν
711 2346 929 2411 όδεξιός
968 2363 1061 2398 σου
1086 2346 1357 2414 ὀφθαλμὸς
1386 2348 1715 2421 σκανδαλίζῃ

152 2450 207 2485 σε
235 2450 248 2462 ·
307 2451 328 2484 ι
364 2435 479 2499 καὶ,
518 2454 536 2486 ι
586 2434 726 2504 ’ὶίγὼ
750 2435 806 2488 δὲ
837 2436 978 2504 λέγω
1004 2438 1129 2505 ὑμῖν
1172 2439 1245 2505 μὴ
1274 2438 1467 2503 ὀμόσαι
1496 2438 1650 2500 ὅλως.
1692 2459 1712 2490 ι

1800 730 1925 767 rcus
1953 715 2058 767 erit
2104 715 2320 782 judii'ii.
2356 714 2467 782 Ego
2500 727 2681 767 autem
2719 716 2841 767 diro
2878 713 3036 765 \‘iiliis
3067 728 3080 762 :
3110 712 3211 775 Qui
3261 710 3365 762 ira-

1797 806 1967 857 seilur
1996 807 2144 857 fratri
2167 822 2289 865 suo,
2323 821 2446 857 reus
2474 806 2801 873 eritjndieiu
2829 823 2841 867 ;
2878 804 2969 871 qui
3003 812 3181 854 autem
3220 801 3370 851 dixe-

1807 896 1897 953 rit,
1942 896 2110 953 fatue,
2165 912 2288 948 ri-iis
2334 896 2434 949 erit
2494 897 2755 962 gelu-niue
2783 896 2824 956 ‘,
2858 914 2874 944 ι
2934 905 3039 946 etc.
3084 892 3367 956 Quodnam

1799 1003 1930 1040 veru
1955 988 2269 1040 mandatum
2296 1001 2397 1047 est,
2429 989 2719 1040 continens
2744 988 2795 1038 in
2830 1003 2886 1040 ει·
2920 997 3080 1051 atque
3135 983 3367 1048 impii-iis

1804 1078 1902 1127 tria
1938 1077 2186 1128 mandata
2231 1077 2373 1128 ista?
2412 1077 2549 1129 Audi
2604 1077 2827 1128 l'anluni
2855 1075 3164 1140 loquentem
3187 1109 3202 1131 ,
3235 1072 3373 1123 l’aii-

1800 1165 1934 1226 luin,
1988 1166 2229 1233 inquam,
2287 1167 2381 1233 qui
2440 1165 2494 1218 iii
2554 1165 2771 1218 Chi-ista
2818 1166 2928 1233 agit
2974 1173 3029 1216 ct
3078 1163 3318 1228 loquitur

1810 1273 1828 1305 ι
1860 1255 2221 1308 (ἴοιιὼ-ίυιιιιιι·
2267 1257 2436 1315 enim,
2478 1257 2573 1317 ait,
2607 1256 2708 1322 legi
2748 1256 2841 1307 Dei
2900 1256 2952 1307 in
2984 1251 3229 1305 interiori
3268 1251 3370 1301 lio-

1806 1348 1950 1400 niinc
2013 1364 2026 1399 :
2086 1348 2245 1400 video
2310 1356 2492 1400 autem
2553 1347 2713 1399 aliain
2774 1347 2943 1413 legem
2997 1345 3049 1396 iii
3108 1341 3372 1395 membris

1805 1439 1941 1493 meis
1972 1441 2013 1501 ",
2054 1460 2071 1489 ι
2116 1450 2223 1493 etc.
2269 1441 2387 1505 Quo
2430 1443 2611 1495 adhuc
2658 1440 2998 1493 manifestius
3055 1437 3183 1489 facit
3223 1433 3369 1503 quod

1806 1528 1937 1581 dicit
1973 1547 1984 1580 :
2027 1547 2043 1579 ι
2080 1528 2431 1597 Caplivantes
2486 1546 2703 1583 onmem
2745 1530 3081 1581 intellectum
3139 1525 3192 1577 in
3241 1524 3373 1575 obe—

1807 1620 2067 1673 dientiam
2116 1621 2314 1673 Christi
2348 1624 2390 1684 ",
2432 1642 2447 1669 ι
2502 1638 2607 1674 non
2644 1621 2796 1681 dicit,
2848 1621 2993 1672 hunc
3047 1626 3142 1671 aut
3179 1617 3371 1676 illiilli,

1808 1711 1903 1765 sed
1928 1728 2130 1763 omnem
2169 1713 2527 1773 intellectum,
2563 1714 2668 1765 hoc
2718 1722 2804 1765 est
2833 1712 3217 1778 cogitationem
3252 1724 3372 1774 qua:

1810 1814 2061 1871 suggerat
2137 1804 2581 1857 iiiobedientiam.
2642 1804 2744 1867 Qui
2820 1817 2951 1867 ergo
3014 1800 3373 1866 cogitationes

1813 1902 2027 1960 ΡιιΓὶ-ἷεὶιν
2062 1902 2115 1945 ει
2157 1910 2314 1946 sensa
2376 1912 2471 1962 per
2539 1894 2812 1950 diabolum
2868 1900 3132 1957 suggesta,
3170 1889 3368 1942 Christi

1810 1984 2100 2051 adjuvanie
2157 1986 2358 2037 virtute
2409 1986 2605 2053 rejieit,
2640 1984 2900 2037 radicitus
2930 1984 3075 2035 idem
3108 1981 3371 2047 exstirpat

1813 2083 1992 2127 motus
2048 2074 2341 2128 iracundos
2404 2076 2664 2129 adversus
2714 2074 2938 2128 fratrem
2998 2075 3365 2139 insurgentes.

1812 2166 1913 2229 Qui
1970 2175 2151 2218 autem
2188 2167 2477 2219 verborum
2536 2167 2794 2220 duntaxat
2840 2178 2996 2219 tenus
3049 2165 3166 2215 illus
3198 2174 3376 2215 iIIOl.iS

1813 2257 2081 2325 reprimit,
2115 2274 2220 2310 non
2255 2274 2479 2326 prorsus
2505 2275 2599 2312 eos
2623 2260 2823 2312 aufert.
2864 2257 3042 2323 Quare
3067 2258 3157 2324 qui
3198 2256 3373 2307 solum

1817 2349 1873 2402 in
1912 2350 2015 2402 boc
2044 2351 2298 2415 valuerit,
2334 2362 2392 2404 ut
2442 2360 2623 2405 teneat
2662 2366 2718 2405 se
2758 2368 2787 2404 a
2826 2350 3065 2403 dicende
3098 2350 3246 2401 fratri
3277 2364 3377 2399 suo

1818 2458 1962 2507 raca,
1990 2443 2072 2494 vel
2103 2443 2283 2509 fatue;
2316 2459 2422 2495 non
2467 2454 2649 2497 autem
2692 2444 2826 2496 illud
2862 2444 3013 2511 prius
3052 2442 3374 2509 impleverit,

149 2543 258 2596 quo
314 2540 397 2582 est
439 2533 639 2584 vetitus
696 2533 853 2586 irasci
904 2534 1023 2586 sine
1077 2548 1276 2595 causa;
1336 2550 1442 2587 non
1492 2549 1622 2588 sane
1687 2536 1732 2588 is
1786 2537 2107 2591 satisfecerit
2151 2538 2278 2607 legi,
2352 2548 2464 2593 tum
2532 2538 2752 2593 demum
2822 2550 3005 2593 custos
3044 2540 3162 2605 ejus
3205 2536 3381 2605 perfe-

152 2631 273 2673 ctus
305 2622 689 2684 declarandus,
721 2640 845 2677 cum
896 2625 1102 2692 primos
1150 2627 1329 2678 statim
1406 2628 1751 2695 insurgentes
1792 2628 2084 2682 iracundia:
2118 2639 2299 2683 motus
2359 2631 2609 2695 eliserit;
2682 2640 2796 2684 tum
2851 2631 2995 2683 enim
3051 2630 3165 2697 ipsa
3229 2628 3381 2680 radix

154 2719 328 2770 recisa
391 2720 445 2772 in
515 2720 623 2773 imo
672 2722 853 2775 fuerit.
886 2723 1015 2787 Qua:
1070 2724 1173 2777 ista
1218 2724 1321 2778 alia
1374 2724 1661 2778 mandata?
1688 2744 1704 2775 i
1745 2725 1798 2779 Si
1843 2727 2089 2780 attuleris
2124 2744 2321 2781 munus
2355 2740 2504 2781 tuum
2561 2739 2684 2782 ante
2728 2729 2896 2781 altare
2917 2732 2959 2781 ν.
2996 2748 3013 2778 i
3054 2728 3120 2781 Et
3152 2744 3163 2778 :
3194 2745 3211 2777 i
3256 2726 3383 2779 Este

154 2815 501 2867 tonseniiens
576 2817 890 2871 adversario
951 2828 1045 2871 tuo
1099 2819 1207 2872 cito
1242 2820 1305 2873 “.
1345 2838 1364 2870 ι
1438 2819 1545 2873 Ει;
1586 2839 1603 2870 ι
1645 2820 1745 2885 Qui
1787 2822 1983 2875 viderit
2042 2823 2326 2877 mulierem
2404 2825 2468 2877 ad
2524 2824 3025 2892 concupiscendum
3082 2838 3199 2875 eam
3240 2823 3303 2874 “.
3359 2841 3377 2871 ι

156 2906 217 2961 Ιῗι
253 2927 265 2960 :
304 2927 322 2959 ι
360 2910 415 2962 Si
464 2910 656 2961 oculus
704 2919 829 2963 tuus
903 2911 1095 2965 dexter
1142 2913 1475 2967 scandalizat
1536 2926 1587 2967 te
1660 2916 1724 2969 “.
1768 2934 1785 2965 ι
1835 2916 1896 2968 Ει
1934 2933 1945 2968 :
1988 2933 2004 2964 ι
2054 2914 2167 2983 Ego
2223 2930 2404 2970 autem
2460 2919 2583 2971 dico
2640 2917 2816 2979 vobis,
2867 2933 2975 2970 non
3029 2917 3213 2985 jurare
3262 2932 3379 2968 orn-

155 3004 287 3053 iiinn
324 3004 387 3055 ”.
433 3021 449 3052 ι

225 3099 301 3155 ς’.
337 3090 506 3147 Abeat
541 3097 638 3163 μὲν
674 3095 736 3155 ἂς
766 3097 1065 3164 εἰρήκαμεν
1087 3096 1186 3164 ἤδη
1210 3095 1385 3147 ὲνικαί
1421 3098 1526 3148 εἱσι
1557 3100 1714 3148 πέντε

158 3186 367 3238 ἐντολαὶ
398 3188 481 3252 ἐφ’
510 3186 653 3250 ἅπαξ
678 3203 691 3217 ’
724 3186 832 3255 ἠδὲ
872 3186 1147 3251 πληρ.ὖτκ
1182 3187 1343 3237 πάλιν
1390 3186 1615 3249 ταύτας,
1652 3188 1717 3257 ή-

154 3294 285 3341 γουν
346 3278 667 3347 περιεκτικὴ
714 3277 822 3329 τῶν
871 3271 944 3329 ὧν
1009 3277 1217 3346 ἔφημεν
1271 3277 1516 3339 ἐντολῶν,
1579 3282 1715 3348 αὕτη

157 3368 336 3420 ἐστίν·
379 3386 395 3417 ι
449 3369 569 3419 Ἐὰν
595 3367 864 3435 ὀφθαλμός
898 3384 991 3418 σου
1023 3367 1257 3436 καθαρός
1290 3366 1347 3438 ᾑ,
1382 3386 1401 3418 ι
1442 3368 1717 3421 τουτέστιν

158 3461 184 3507 ὸ
222 3458 372 3521 νοῦς,
408 3478 426 3507 ι
466 3459 583 3509 ὅλον
621 3460 682 3509 τὸ
721 3459 879 3525 σῶμά
930 3475 1024 3509 σου
1061 3460 1318 3525 φωτεινόν
1356 3462 1526 3521 ista,»
1563 3475 1719 3510 τουτ-
1745 3443 1789 3501 C

165 3551 313 3602 ἐστιν
367 3550 464 3617 οὐχ
488 3552 816 3619 ἁμαρτάνει.
860 3548 918 3601 Ὀ
947 3547 1040 3601 οὖν
1069 3550 1159 3600 τὸν
1188 3551 1287 3618 τῆς
1313 3552 1491 3619 ψυχῆς
1521 3550 1722 3615 ὀφθαλ-

164 3642 259 3707 μόν
306 3642 592 3708 φυλάττων
622 3641 857 3709 καθαρὸν
893 3641 981 3693 διὰ
1040 3640 1130 3692 τοῦ
1166 3640 1384 3693 διώκειν
1422 3642 1515 3694 καὶ
1563 3640 1722 3692 ἐλαύ-

161 3748 270 3783 νειν
297 3732 620 3799 λογισμοὺς,
653 3733 748 3783 καὶ
785 3732 915 3799 όρᾷν
953 3732 1085 3800 πρὸς
1112 3730 1263 3794 Θεὸν,
1297 3734 1396 3792 τὰς
1430 3734 1724 3801 εἰρημένας

163 3824 347 3887 πασας
408 3824 625 3885 ἐντολὰς
665 3824 942 3893 ἐποίησεν.
977 3824 1039 3876 Οἱ
1086 3822 1177 3876 οὖν
1212 3821 1477 3891 θεοφιλεῖς
1520 3824 1614 3875 καὶ
1638 3822 1726 3892 βε-

165 3914 472 3968 ϐαιόπιστοι
505 3914 599 3966 ἐπὶ
629 3914 724 3975 τὰς
750 3914 1104 3983 περιεκτικὰς
1129 3913 1348 3975 ἐντολὰς
1377 3913 1576 3982 μᾶλλον
1599 3914 1729 3963 ἐαυ-

163 4011 286 4073 τοὺς
329 4010 610 4079 βιάζουσιν
638 4009 728 4061 ἰπὶ
777 4008 854 4075 τῷ
888 4006 1087 4069 ταύτας
1128 4006 1360 4074 φυλάξαι
1385 4022 1400 4038 ο
1448 4007 1508 4058 οὐ
1542 4009 1727 4074 μέντοι

166 4118 229 4166 γε
259 4100 757 4170 παραπεμπόμενοι
795 4101 885 4152 καὶ
908 4098 1004 4160 τὰς
1037 4103 1264 4167 μερικὰς
1300 4099 1439 4151 κατὰ
1462 4097 1730 4166 σύμϐασιν

166 4193 536 4253 ἀπαντώσας,
576 4190 711 4241 ἀλλά
751 4205 812 4254 γε
868 4189 959 4240 καὶ
1017 4185 1187 4250 αὑτὰς
1230 4190 1288 4240 ὲν
1333 4187 1511 4256 καιρῷ
1554 4187 1731 4239 αὐτῶν

168 4283 549 4347 φυλάττουσιν.
585 4280 761 4331 Ἔστω
788 4281 845 4331 δὲ
876 4282 903 4331 ὀ
930 4279 1083 4346 λόγος
1117 4280 1293 4347 ἡμῶν,
1327 4298 1345 4331 ι
1376 4278 1729 4343 Ναὶ,ναὲ,οὒ,

168 4374 226 4424 οὒ
248 4391 297 4423 Ἰ
328 4373 357 4425 ὃ
390 4388 451 4437 γε
483 4370 589 4437 μὴν
621 4368 900 4437 φυλάττων
926 4368 1017 4420 τό⁶
1055 4368 1196 4419 «Καὶ
1228 4369 1351 4435 περὶ
1372 4367 1543 4436 ἀργοῦ
1573 4367 1730 4433 λόγου

170 4463 326 4529 λόγον
350 4458 564 4512 δὼσετε’
580 4476 623 4519 ι,
652 4458 766 4516 καὶ,
788 4476 804 4506 ι
820 4457 927 4518 Πᾶς
946 4456 1096 4520 λόγος
1117 4457 1179 4507 ὲκ
1193 4454 1283 4507 τοῦ
1302 4455 1564 4523 στόματος
1581 4454 1733 4524 ὑμῶν

175 4553 385 4621 σαπρὸς
420 4551 493 4618 μὴ
520 4547 963 4616 ὲκπορευέσθω·›
989 4546 1123 4608 ὅλως
1158 4547 1214 4598 δὲ
1246 4548 1319 4614 μὴ
1352 4546 1455 4597 ὲῶν
1474 4548 1573 4614 τὴν
1611 4548 1735 4599 ἑαυ-

173 4644 263 4695 τοῦ
306 4642 538 4711 καρδίαν
578 4641 920 4708 ἁργολογεῖν,
951 4633 1102 4700 οὗτος
1151 4640 1244 4691 καὶ
1287 4638 1385 4700 τὰς
1412 4638 1606 4701 ἔξωθεν
1637 4641 1733 4706 ἀρα

174 4735 431 4802 γολογίας
464 4733 681 4799 ἐκτεμεί
711 4732 776 4782 ἐκ
820 4728 917 4781 τοῦ
952 4729 1154 4780 οἰκείου
1186 4727 1324 4797 βίου,
1354 4731 1447 4780 καὶ
1477 4729 1584 4781 πᾶν
1608 4728 1735 4781 ἄλλο

178 4826 384 4891 φαῦλον
410 4823 640 4891 πρᾶγμα
664 4836 679 4851 ⁸
716 4838 734 4871 ι
779 4819 1070 4872 Ἠκούσατε
1094 4820 1173 4871 ὅτι
1199 4818 1736 4889 meummeum

180 4918 300 4969 ἀντὶ
340 4912 654 4981 ὸψθαλμοῦ·
680 4912 789 4977 ἐγὼ
828 4911 883 4963 δὲ
912 4911 1052 4977 λέγω
1083 4911 1212 4979 ὑμῖν
1231 4926 1246 4941 ·
1287 4912 1419 4963 Ὶξάνν
1442 4912 1523 4971 τίς
1556 4927 1615 4961 σε
1646 4913 1739 4972 ῥα-

183 5009 314 5077 πίσῃ
358 5007 443 5065 είς
466 5004 564 5072 τὴν
592 5001 773 5067 δεξιὰν
804 5001 1048 5067 σιαγόνα,
1092 5018 1110 5050 ›
1144 5002 1257 5061 καὶ.
1298 5019 1315 5051 ι
1350 5002 1538 5062 Ὅστις
1570 5002 1740 5067 ἀγγα-

180 5100 350 5169 ρεὺσῃ
382 5112 446 5149 σε
480 5095 649 5163 μίλιον
681 5093 767 5145 ἐν·
802 5110 821 5143 i
850 5093 963 5156 καὶ,
997 5111 1016 5143 ι
1049 5092 1137 5161 Τῷ
1163 5092 1399 5145 αἰτοῦντί
1430 5109 1487 5143 σε
1508 5092 1680 5143 δίδου*
1714 5109 1732 5142 ι

179 5193 291 5251 καὶ,
329 5206 352 5240 ι
400 5184 758 5252 ’Δφεθήσεται
793 5183 939 5249 ὑμῖν.
978 5201 996 5233 i
1045 5183 1172 5235 Ἰδοὺ
1211 5183 1273 5251 δὴ
1317 5183 1474 5235 πάλιν
1521 5184 1577 5233 al
1620 5184 1742 5236 τέσο

184 5297 346 5349 cape;
376 5274 592 5329 ἐντολαὶ
625 5274 781 5325 αὑταὶ
818 5274 1216 5340 περικλείονται
1245 5274 1332 5326 διὰ
1353 5275 1451 5341 τῆς
1476 5273 1741 5343 λεγούσης

181 5371 402 5437 ἐντολῆς
426 5383 441 5396 ο
486 5385 504 5417 ι
546 5363 607 5415 Εἰ
638 5379 719 5423 τις
742 5361 883 5413 θέλει
913 5363 1088 5415 ὀπίσω
1129 5381 1229 5431 μου
1260 5364 1453 5426 ἐλθεῖν,
1493 5365 1739 5433 ἀπαρνη-

184 5464 369 5516 σᾶσοω
424 5461 648 5513 ἑαυτόν·
686 5476 704 5509 ι
754 5460 868 5523 καὶ,
915 5475 934 5508 ι
976 5458 1035 5511 'O
1075 5458 1250 5527 εὑρὼν
1276 5458 1373 5526 τὴν
1402 5458 1581 5527 ψυχὴν
1608 5460 1743 5511 ἀπο·-

184 5555 326 5608 λέσει
350 5555 547 5623 αὑτήν.
593 5571 612 5600 ι

248 5746 268 5775 ⁸
304 5743 496 5795 Matth.
535 5758 582 5794 v.
617 5741 705 5792 2t.
808 5742 825 5770 ν
863 5742 1013 5792 Iliun.
1047 5758 1136 5799 vu,
1163 5742 1248 5793 51-2.
1349 5741 1368 5769 "
1399 5740 1530 5793 ibid.

185 5808 224 5840 “
253 5811 385 5865 ibid.
425 5813 513 5863 54.
594 5814 635 5840 ¹⁴
669 5811 793 5864 Luc.
832 5827 903 5876 Χι,
938 5812 1026 5865 Si.
1103 5814 1143 5843 ’⁵
1189 5812 1374 5866 Matth.
1407 5826 1502 5877 xu,
1564 5808 1651 5864 56.

186 5879 269 5934 3').
346 5882 392 5914 ³⁰
426 5880 559 5934 ibid.
590 5879 672 5933 40.

1641 5740 1660 5769 ’
1685 5739 1871 5793 Matth.
1904 5754 2050 5792 XXI”.
2096 5740 2181 5791 23S.

1730 5811 1770 5841 “3
1801 5810 1930 5862 ibid.

1889 3101 1939 3153 6.
1976 3100 2097 3156 Ιιευο
2143 3118 2263 3170 quze
2332 3103 2649 3157 enumeravi
2716 3102 2959 3171 quinque
3017 3102 3267 3154 mandata
3317 3116 3381 3152 ex

1822 3209 1930 3247 uno
1979 3197 2138 3248 simul
2194 3205 2315 3264 apta
2378 3196 2639 3264 pendent,
2669 3212 2733 3249 ea
2802 3205 2997 3249 cuncta
3032 3204 3381 3263 exscquentv,

1823 3282 2051 3347 ideoque
2084 3286 2135 3337 in
2172 3302 2229 3337 se
2264 3286 2413 3352 prius
2450 3287 2871 3354 eompleetente.
2908 3286 3017 3339 lloc
3054 3294 3232 3338 autem
3265 3293 3381 3337 est:

1829 3391 1847 3423 ι
1878 3374 1933 3427 Si
1976 3376 2162 3427 oculus
2189 3388 2311 3428 tuus
2344 3377 2555 3429 lucidus
2604 3376 2769 3429 fuerit
2806 3378 2932 3441 (huc
2962 3384 3045 3428 est
3075 3378 3272 3439 iiii-ns),
3307 3382 3387 3426 tu-

1825 3476 1936 3517 tum
1988 3482 2183 3534 corpus
2253 3477 2403 3520 tuuni
2460 3468 2697 3521 lucidum
2750 3468 2855 3521 erit
2882 3468 2924 3498 ³⁵
2985 3487 3002 3517 ι
3054 3468 3193 3528 (hoe
3264 3478 3385 3525 est.

1826 3572 1931 3610 non
1987 3559 2269 3625 peccabit).
2301 3559 2401 3624 Qui
2456 3574 2585 3625 ergo
2645 3558 2839 3612 animae
2896 3559 3114 3611 oculum
3150 3559 3389 3611 custodit

1825 3662 2023 3714 purum
2057 3663 2087 3700 a
2126 3649 2553 3715 cogitationibus
2598 3648 2803 3717 pravis,
2838 3649 2917 3701 sic
2968 3648 3200 3701 reddens
3236 3647 3388 3698 illuni

1826 3747 2010 3805 aptum
2082 3740 2145 3790 ad
2205 3738 2497 3792 videndum
2554 3737 2763 3801 Deum,
2824 3748 3019 3792 cuncta
3074 3739 3162 3789 illa
3228 3738 3389 3789 simul

1827 3826 2068 3894 quinque
2127 3827 2252 3880 inde
2285 3830 2576 3896 pendentia
2630 3837 2899 3897 pracepta
2937 3827 3199 3896 implevit.
3235 3827 3390 3881 Unde

1828 3915 1921 3982 qui
1953 3915 2117 3967 Deum
2154 3932 2275 3968 vere
2313 3922 2499 3968 amant
2528 3923 2584 3969 et
2634 3916 2774 3967 lii-ini
2808 3916 2860 3967 in
2906 3915 3011 3968 fide
3050 3924 3198 3973 sunt.
3226 3916 3393 3981 potis-

1829 4004 2027 4057 simum
2078 4006 2404 4059 incumbunt
2460 4008 2512 4059 in
2583 4006 3022 4060 observationem
3078 4005 3391 4070 capitalium

1832 4095 2046 4149 illorum
2094 4107 2149 4150 et
2204 4098 2308 4149 alia
2369 4099 2767 4151 continentium
2828 4097 3228 4157 mandatorum,
3285 4112 3393 4148 non

1833 4197 2009 4240 tamen
2048 4187 2382 4255 negligenter
2426 4188 2858 4242 transmittentes
2899 4189 2989 4241 illa
3019 4188 3122 4240 alia
3154 4187 3393 4255 particu-

1830 4277 1981 4331 laria.
2018 4275 2149 4330 Nam
2196 4289 2249 4331 et
2302 4279 2437 4343 luec,
2473 4279 2563 4331 ubi
2618 4278 2858 4332 occurrit
2907 4280 3143 4342 occasio,
3172 4277 3395 4345 implere

1832 4384 1939 4422 non
1994 4369 2275 4420 omittunt.
2346 4368 2702 4437 Erperianiur
2777 4368 2918 4421 idem
2993 4368 3047 4420 in
3113 4368 3405 4437 praeceptis

1833 4457 1954 4511 aliis
1986 4475 1998 4509 :
2026 4476 2043 4507 ι
2068 4457 2147 4510 Sit
2176 4473 2355 4511 sermo
2382 4468 2582 4521 vester,
2600 4459 2674 4511 ait
2701 4456 2972 4522 Christus,
2994 4458 3108 4521 Est,
3127 4465 3227 4518 est,
3253 4456 3393 4521 Non,

1833 4563 1941 4601 non
1968 4548 2032 4600 ”.
2069 4567 2086 4598 ι
2118 4548 2219 4600 Et:
2257 4568 2273 4598 i
2315 4549 2385 4601 De
2419 4551 2565 4601 omni
2616 4548 2784 4601 verbo
2810 4548 2986 4602 otioso
3035 4546 3275 4601 reddeiis
3313 4563 3397 4598 ra-

1836 4636 2038 4690 tioneni
2084 4638 2150 4688 ".
2210 4656 2227 4687 ι
2289 4637 2399 4691 Et:
2440 4656 2455 4688 i
2490 4636 2681 4691 Omnis
2720 4654 2901 4691 sermo
2952 4637 3128 4691 malus
3182 4652 3248 4691 ex
3299 4652 3397 4689 ore

1767 4760 1810 4815 ο
1839 4748 2020 4792 vestro
2055 4754 2164 4791 non
2202 4739 2458 4806 proceth
2485 4741 2548 4792 ".
2590 4759 2609 4791 ι
2642 4739 2765 4794 Ηεεε
2800 4740 2987 4808 utique
3022 4742 3131 4809 jam
3167 4755 3370 4807 occupa

1838 4830 1915 4883 vit
1944 4828 2258 4891 observare,
2292 4831 2381 4897 qui
2414 4846 2509 4883 cor
2537 4834 2795 4885 mundum
2824 4832 3160 4893 custodiens,
3194 4832 3411 4883 nullam.

1840 4920 1894 4974 in
1916 4935 1985 4974 eo
2018 4936 2206 4973 vanam
2236 4921 2379 4973 nasci
2410 4919 2793 4989 COgitationem
2824 4922 2977 4980 sinit.
3006 4924 3147 4975 unde
3172 4923 3413 4975 verbum

1842 5011 1973 5065 oriri
2003 5011 2238 5064 otiosum
2286 5022 2490 5078 posset.
2520 5010 2703 5080 Itaque
2741 5013 2785 5066 is
2843 5013 3087 5081 prieeidit
3119 5014 3173 5064 in
3217 5013 3415 5065 radice

1844 5118 1954 5157 non
2008 5105 2183 5157 solum
2240 5104 2413 5157 otiosa
2469 5105 2650 5157 omnia
2689 5106 2875 5165 verba.
2942 5106 3034 5157 sed
3091 5116 3146 5157 et
3202 5116 3405 5157 cuncta-

1848 5194 1985 5247 mala
2019 5195 2129 5247 alia
2153 5211 2183 5248 e
2212 5194 2368 5247 vanis
2398 5196 2816 5263 cegitationibus
2842 5196 2986 5248 nasci
3015 5206 3137 5261 apta
3173 5212 3184 5245 :
3224 5212 3241 5244 i
3277 5196 3396 5244 Au-

1840 5285 1996 5338 distis
2029 5284 2153 5351 quia
2210 5284 2417 5336 dictum
2476 5291 2600 5335 est:
2640 5280 2866 5335 Oculum
2924 5296 3022 5349 pro
3074 5280 3250 5332 oculo.
3291 5278 3402 5343 Ego

1842 5383 2021 5429 autem
2052 5374 2174 5427 dico
2202 5374 2356 5427 vobis
2382 5372 2471 5426 :Si
2506 5372 2631 5441 quis
2666 5373 2997 5439 percusserit
3025 5382 3075 5423 te
3102 5370 3153 5421 iu
3185 5370 3401 5420 maxilla

1844 5466 2032 5518 dextra
2058 5465 2123 5527 “',
2162 5482 2179 5515 ι
2212 5474 2319 5517 etc.
2350 5463 2412 5515 Et
2445 5482 2457 5516 :
2498 5481 2515 5511 i
2555 5463 2611 5514 Si
2641 5463 2765 5530 quis
2797 5461 3159 5530 angariaverit
3196 5470 3245 5512 te
3282 5460 3401 5511 inil-

1847 5554 1983 5608 liarc
2017 5568 2184 5607 unum
2222 5554 2285 5618 τ’,
2319 5573 2337 5604 ι
2373 5564 2478 5607 etc.
2504 5552 2567 5605 Et
2599 5569 2612 5605 :
2648 5570 2665 5601 ι
2703 5550 2861 5604 Omni
2890 5552 3097 5620 petenti
3129 5562 3181 5605 te
3212 5551 3394 5604 da’°.i

2295 5740 2333 5769 ¹⁰
2386 5739 2517 5793 ibid.

2012 5810 2051 5838 ¹⁷
2102 5810 2299 5879 lipiies.
2335 5826 2403 5872 iv,
2438 5811 2524 5864 ‘29.

2618 5741 2651 5771 "
2686 5741 2818 5793 ibid.
2874 5740 2963 5793 ‘28.

2608 5814 2647 5841 "
2691 5812 2873 5865 .‘latili.
2921 5828 2972 5873 ν,
3011 5811 3104 5862 38.

3042 5739 3083 5769 ¹³
3118 5736 3254 5793 ibid.
3312 5736 3401 5788 9.9.

3180 5810 3221 5839 ”
3264 5806 3402 5862 ibid.
