4180 6458
270 514 371 578 “Ilii
1385 516 1482 574 DE
1525 512 1914 573 MANDATIS
1958 514 2022 574 D.
2069 512 2137 569 N.
2184 510 2237 570 J.
2283 510 2347 569 C.
3408 507 3516 570 742

280 634 603 699 εστήκασιν.
664 633 732 681 '0
760 631 814 683 δὲ
862 631 1100 684 τοιοῦτος
1136 634 1225 683 καὶ
1256 632 1351 692 τὰς
1381 632 1572 690 λοιπὰς
1622 630 1708 682 διὰ
1742 630 1848 681 τῶν
1876 636 1916 691 Α

1876 636 1916 691 Α
1951 628 2068 695 pria
2108 628 2308 696 quippe
2363 626 2616 696 puritatis
2659 636 2743 682 est
2795 627 3097 691 humilitas,
3126 626 3282 697 cujus
3320 626 3517 682 chara-

271 723 365 772 δύο
398 723 605 773 τούτων
652 723 862 790 ἀρετῶν
896 723 1253 791 εὑρεθήσεται
1295 722 1579 783 φυλαττιιιν
1606 740 1619 753 ·
1656 724 1683 772 ὀ
1740 721 1845 783 γὰρ

1953 731 2129 774 eteres
2180 730 2235 772 et
2287 721 2439 787 signa
2478 720 2620 773 unde
2674 719 3061 789 dignoscantur
3108 729 3235 772 sunt
3283 719 3517 771 rharilas

273 815 525 875 ταπεινὸς
569 813 691 865 οὔτε
743 816 865 882 εἰκῆ
908 816 1208 883 ὀργίζεται,
1242 813 1362 865 οὕτε
1411 815 1628 882 ἑτέραις
1662 813 1850 879 ὕϐρεσι

1955 812 2007 863 iu
2047 811 2214 864 Deum
2275 810 2421 863 dulei
2475 811 2673 863 aﬂ‘celn
2720 812 3035 880 conjuncta,
3061 821 3116 865 et
3143 809 3387 876 ejusdem
3423 808 3518 859 ali-

276 905 593 968 περιϐάλλει
628 906 721 955 τὸν
774 906 1028 972 ἀδελφόν.
1084 907 1156 955 Τὸ
1198 906 1249 957 δὲ
1283 904 1695 969 καταλλαγῆναι
1744 903 1850 970 πρὸ

1956 902 2177 970 quando
2213 900 2425 954 fruendi
2482 904 2682 955 ardens
2731 902 3089 955 desiderium.
3149 901 3297 953 Talis
3356 914 3522 969 porro

273 995 365 1046 τοῦ
406 996 578 1062 δώρου
632 998 751 1047 κατ’
780 997 1001 1063 ἐντολῆς
1052 998 1289 1063 ποίησιν,
1337 996 1423 1047 ὅτε
1463 998 1556 1047 καὶ
1590 998 1849 1063 γένηται,

1954 995 2044 1062 qui
2104 994 2293 1053 luerit,
2330 994 2464 1046 alias
2516 1008 2735 1061 qunque
2797 994 3027 1045 virtutes
3070 1007 3134 1044 ex
3190 992 3276 1043 his
3309 990 3524 1043 duabus

278 1088 478 1152 μᾶλλον
516 1088 646 1138 ἴδιον
674 1088 767 1137 τοῦ
800 1084 1085 1147 ταπεινοῦ,
1116 1088 1173 1149 ὃς
1202 1088 1388 1139 δοῦλον
1444 1088 1674 1154 ἔσχατον
1718 1085 1851 1137 πάνο

1953 1094 2107 1151 aptas
2141 1084 2447 1150 reperietur
2477 1082 2777 1135 custodire.
2806 1081 2935 1133 Nam
2972 1080 3197 1134 humilis
3230 1081 3370 1131 haud
3404 1080 3522 1131 sine

277 1191 385 1224 των
410 1176 571 1226 αὑτὸν
596 1178 829 1242 ἡγεῖται,
864 1175 957 1226 καὶ
996 1177 1128 1244 πρὸς
1158 1177 1420 1243 ἀλήθειαν
1451 1177 1572 1242 γῆν,
1609 1175 1701 1225 καὶ
1722 1190 1853 1225 σπο-

1954 1188 2117 1228 causa
2156 1175 2428 1235 irascitur,
2475 1189 2652 1243 neque
2711 1164 2992 1226 ulciscitur
3024 1173 3076 1225 in
3110 1173 3332 1224 fratrem
3386 1171 3529 1236 iuju-

277 1265 389 1328 δῆν,
422 1268 515 1318 καὶ
547 1269 840 1333 κάθαρμα·
868 1268 926 1329 ὂς
966 1269 1139 1336 πρᾶός
1163 1269 1221 1318 τέ
1256 1270 1371 1319 ἐστι
1401 1267 1496 1319 καὶ
1524 1267 1735 1319 πενθῶν
1760 1266 1854 1318 κα).

1956 1267 2069 1320 rias
2104 1265 2173 1319 ab
2203 1280 2269 1318 eo
2304 1275 2576 1334 acceptas,
2610 1265 2837 1333 paribus
2888 1264 3273 1331 repeudondis.
3309 1263 3525 1315 Manda-

280 1358 482 1408 πεινῶν
525 1362 623 1425 τὴν
653 1360 1016 1428 δικαιοσύνην,
1072 1360 1225 1421 Θεὸν,
1262 1361 1353 1412 καὶ
1394 1361 1632 1426 ἀρετήν’
1663 1361 1757 1410 καὶ
1789 1358 1853 1427 δὴ

1957 1368 2070 1411 tum
2120 1357 2284 1409 etiam
2334 1355 2492 1417 illud.
2549 1353 2937 1409 reconciliandi
2980 1352 3083 1405 sibi
3124 1354 3341 1405 fratrem
3401 1364 3525 1405 ante

280 1450 373 1499 xxi
392 1449 642 1515 ἐλεήμων
662 1465 675 1480 ⁸
704 1450 755 1500 εἴ
772 1466 833 1516 γε
856 1450 1090 1518 χορηγός
1110 1451 1226 1502 ἐστι
1244 1450 1422 1514 πάσης
1444 1449 1704 1516 ἐργασίας
1722 1450 1856 1515 ἀγα-

1956 1446 2160 1500 douuiu
2192 1444 2556 1507 offerendum,
2583 1444 2704 1511 quis
2757 1444 3063 1511 promptius
3095 1452 3149 1494 et
3197 1443 3390 1494 melius
3427 1443 3528 1494 htt-

282 1539 378 1605 θῇς
403 1541 434 1607 ή
466 1543 711 1608 μακαρία
730 1540 1082 1600 ταπείνωσις.
1108 1541 1357 1608 Καθαρὸς
1378 1540 1433 1592 δὲ
1475 1544 1541 1609 τῇ
1559 1540 1754 1608 καρδίᾳ
1773 1539 1855 1599 τίς

1958 1540 2071 1592 mili
2138 1540 2357 1591 homine
2409 1538 2678 1607 implebit.
2737 1537 2829 1605 qui
2886 1552 2943 1590 se
3002 1536 3252 1589 ultimum
3281 1537 3522 1589 omnium

286 1629 486 1694 μᾶλλον
523 1628 614 1679 τοῦ
661 1629 1110 1697 χθαμαλόφρονος
1153 1628 1310 1687 ἄλλος
1348 1629 1531 1679 πλεῖον
1563 1628 1857 1697 εὑρεθήσεο

1958 1638 2195 1698 reputai,
2248 1645 2377 1681 vere
2428 1613 2722 1697 persuasus
2753 1644 2874 1682 esse
2931 1645 2990 1683 se
3045 1630 3344 1697 pulverem,
3378 1629 3528 1680 cine-

282 1734 375 1768 ται
402 1733 416 1779 ;
460 1720 573 1783 εἴγε
602 1718 669 1769 δι’
709 1715 1165 1785 ύψηλοφροσύνην
1209 1720 1302 1768 καί
1334 1717 1511 1767 Σατὰν
1542 1719 1855 1785 ἀκάθαρτος

1959 1735 2097 1780 rem,
2127 1720 2749 1788 purgamentum?Idem
2798 1728 3058 1787 prmterea
3120 1718 3267 1772 mitis
3326 1727 3428 1773 est.
3474 1727 3527 1769 rt

282 1809 313 1857 ό
351 1810 661 1875 ἀσώματος.
695 1810 756 1861 Εἰ
796 1812 853 1861 δὲ
904 1811 998 1862 καὶ
1036 1811 1237 1872 πάντες
1296 1808 1570 1869 ἐθέλοντες
1618 1808 1856 1870 εὐσεϐῶς

1958 1811 2169 1880 lugens,
2198 1823 2248 1865 et
2291 1811 2541 1865 esuriens
2583 1811 2879 1881 justitiam.
2913 1810 3081 1863 Deum
3124 1820 3179 1862 et
3230 1809 3525 1867 \irtuteiu;

285 1900 387 1966 ζῇν
445 1900 502 1950 ἐν
540 1900 760 1968 Χριστῷ
804 1899 976 1968 Ἰησοῦ
1010 1899 1424 1966 διωχθήσονται,
1480 1897 1557 1958 ὥς
1606 1915 1772 1965 φησιν
1820 1897 1854 1963 ἡ

1961 1903 2101 1956 idem
2132 1903 2461 1965 misericors,
2488 1905 2667 1972 largus
2713 1903 2969 1971 prwhitor
3001 1900 3243 1954 omnium
3274 1915 3395 1969 qua:
3430 1899 3526 1951 lia-

286 1989 498 2057 ι’ραφὴ,
525 1990 607 2050 τίς
638 1990 745 2059 ἄρα
778 1991 873 2044 τοῦ
903 1992 1045 2041 κατὰ
1074 1992 1310 2059 λριστξιν
1347 1989 1603 2041 ταπεινοῦ
1632 1987 1854 2041 εύσεσέ-
1885 1983 1928 2042 Β

1885 1983 1928 2042 Β
1961 1995 2053 2048 bet
2083 2004 2177 2048 aut
2214 2002 2394 2061 potest
2452 1994 2787 2047 ministrare.
2822 1994 2961 2059 Quid
3023 1993 3169 2047 enim
3217 1992 3527 2045 beneficen-

287 2097 480 2149 στερος
508 2082 539 2149 ἢ
568 2081 954 2148 δεδιωγμένος,
980 2082 1054 2143 ὼς
1072 2081 1175 2149 ἔφη
1208 2085 1233 2133 ὁ
1268 2081 1474 2150 Σωτὴρ,
1506 2081 1573 2132 τὰ
1603 2079 1856 2149 ἐξαίρετα

1966 2088 2074 2140 tius
2114 2086 2269 2139 licata
2331 2084 2681 2139 humilitate?
2726 2085 2959 2139 Mundus
3014 2100 3145 2137 vero
3200 2084 3365 2135 corde
3406 2082 3529 2149 quis

283 2173 383 2224 τοῦ
425 2174 595 2240 Ἰησοῦ
629 2176 742 2242 βίου
767 2177 823 2224 ἐν
850 2175 930 2240 τῷ
963 2175 1177 2241 σώματι
1209 2172 1492 2243 βαστάσει,
1518 2171 1570 2224 εἰ
1594 2189 1656 2235 γε
1691 2172 1764 2241 μὴ
1788 2170 1837 2225 δι

1963 2192 2202 2245 unquam
2283 2175 2424 2230 alius
2496 2177 2681 2230 verius
2753 2176 3159 2246 perfectiusque
3222 2178 3528 2243 reperietur

286 2263 736 2333 ὑψηλοφροσύνην
766 2267 1124 2325 κατάστικτος
1156 2266 1458 2334 ἁμαρτίαις
1483 2282 1497 2326 ;

1958 2284 2121 2336 quam
2174 2268 2335 2321 homo
2366 2269 2645 2323 humiliter
2696 2270 2762 2323 de
2810 2286 2866 2324 se
2900 2269 3184 2323 sentiens?
3218 2270 3349 2322 Nam
3385 2268 3527 2321 unde

283 2358 454 2409 Satan
505 2371 704 2424 expers
774 2358 1022 2426 corporis
1080 2358 1396 2410 immundus
1453 2357 1630 2412 factus
1675 2367 1787 2421 est,
1824 2360 1929 2415 nisi
1972 2376 2037 2415 ex
2065 2360 2363 2429 superbia?
2401 2362 2456 2416 Si
2511 2371 2691 2415 autem
2727 2376 2916 2416 (mines
2956 2362 3048 2432 qui
3091 2361 3179 2430 pie
3227 2362 3418 2413 volunt
3445 2359 3526 2411 vi~

284 2464 418 2503 vere
476 2450 529 2502 iu
596 2451 818 2504 Christo
855 2451 982 2505 Jesu
1035 2451 1471 2519 persecutionem
1528 2455 1828 2521 patientur.
1859 2463 1919 2508 ut
1957 2454 2034 2508 ait
2087 2454 2374 2524 Scriptura
2420 2471 2436 2508 :
2490 2454 2742 2521 quisnam
2794 2470 2925 2508 vero
2975 2456 3027 2508 in
3058 2452 3279 2509 Christo
3308 2453 3526 2515 luuuih,

283 2553 384 2594 aut
419 2544 639 2611 jttstior,
686 2552 781 2596 aut
857 2544 1029 2612 magis
1074 2545 1511 2612 persecutionem
1556 2546 1812 2613 patiens?
1839 2557 1899 2601 ut
1938 2546 2185 2602 Salvator
2248 2548 2363 2612 ait;
2419 2557 2606 2614 utpote
2662 2562 2785 2600 cum
2827 2547 2872 2600 is
2914 2563 3031 2615 qua:
3092 2545 3440 2600 suntcxiiuia
3475 2546 3528 2595 iu

284 2636 400 2687 vita
434 2635 561 2689 Jesu
621 2638 672 2688 in
703 2651 935 2705 corpore
976 2653 1076 2690 suo
1108 2638 1508 2691 circumferat:
1554 2640 1647 2707 qui
1713 2651 1895 2694 autem
1937 2655 2046 2694 non
2107 2648 2191 2694 est
2261 2641 2501 2703 humilis,
2556 2651 2779 2710 pr0pter
2836 2641 3146 2711 superbiam
3205 2650 3350 2692 tonis
3382 2656 3531 2691 coin-

288 2741 528 2797 Iutnrtus
554 2729 901 2797 stigtuatibus
930 2742 1275 2799 peccatorum
1315 2743 1592 2799 appareat.

364 2825 444 2875 ιδ’.
466 2820 614 2883 Εἶδες
648 2827 881 2893 δύναμιν
907 2824 1065 2877 θείων
1080 2826 1410 2891 εύγγελικῶν
1432 2826 1711 2895 ῥημάτων,
1731 2822 1869 2890 εἶδες

2045 2831 2129 2884 Η.
2159 2828 2355 2884 Vidisti
2392 2831 2500 2883 vim
2546 2829 2854 2884 divinorum
2891 2830 3164 2901 Evangelii
3217 2833 3528 2891 verborum,

287 2917 468 2985 ἀλκὴν
498 2918 596 2983 ὅση
636 2918 720 2978 τίς
775 2919 897 2969 ὲστι
945 2917 1161 2986 νήψεώς
1211 2934 1271 2970 τε
1324 2919 1414 2970 καί
1446 2920 1862 2985 ταπεινιὶισεωςς

1964 2921 2145 2974 vidisti
2192 2930 2455 2990 quantum
2502 2922 2669 2973 robur
2706 2923 2778 2974 sit
2818 2924 3139 2975 attentionis
3165 2931 3218 2976 et
3254 2923 3533 2975 huiuiliia~

286 3009 477 3068 υῦτως
512 3010 619 3073 ἄρα
650 3009 893 3074 πέφυκεν
913 3011 945 3077 ἢ
981 3009 1282 3079 πανὰρετος
1314 3012 1473 3079 στολὴ
1506 3012 1743 3080 Χριστοῦ
1767 3012 1864 3064 τοῦ

1968 3011 2065 3064 iis?
2105 3009 2194 3063 Sic
2245 3012 2405 3079 plane
2464 3019 2662 3064 natura
2695 3011 2779 3072 fit.
2818 3020 2878 3065 ut
2920 3013 3216 3066 virtutibus
3241 3014 3533 3081 splendens

289 3099 429 3151 Υἱοῦ
458 3099 614 3163 θεοῦ,
651 3102 683 3167 ἡ
716 3099 984 3168 μακαρία,
1020 3101 1181 3167 λέγω,
1208 3103 1553 3166 ταπείνωσις,
1587 3106 1679 3157 καὶ
1697 3107 1863 3171 ἀγγε-

1961 3101 2218 3154 omuibus
2276 3103 2410 3155 stola
2463 3102 2667 3156 Christi
2724 3102 2844 3156 Filii
2907 3103 3041 3168 Dei,
3084 3104 3187 3155 hoc
3239 3116 3343 3162 est.
3376 3105 3528 3155 licata

286 3192 422 3259 ὶικὴ
462 3191 769 3261 καθαρότης
804 3192 903 3259 τῆς
948 3193 1188 3256 διανοίας
1244 3194 1575 3261 φυλακτικαὶ
1625 3193 1762 3247 εἷναί
1800 3213 1857 3248 τε

1961 3194 2266 3256 humilitas,
2300 3202 2357 3246 et
2408 3195 2650 3264 angelica
2695 3194 2904 3263 puritas
2949 3196 3451 3261 mentis,custmh-s
3482 3206 3536 3248 rt

286 3286 388 3336 καὶ
418 3284 662 3349 γίνεσθαι
703 3288 761 3334 ἐν
786 3288 897 3346 τοῖς
934 3284 1277 3354 βουλομένοις
1317 3288 1627 3353 φιλοπονεῖν
1672 3289 1860 3341 πασῶν

1962 3300 2109 3339 nunc
2141 3286 2272 3346 sint,
2302 3295 2357 3339 et
2385 3287 2581 3341 futurae
2614 3303 2830 3357 semper
2859 3288 2992 3351 sint,
3026 3288 3339 3341 volentibus
3370 3289 3421 3339 iu
3448 3292 3535 3340 via

287 3374 404 3426 τῶν
430 3373 521 3425 τοῦ
553 3374 688 3425 Θεοῦ
735 3374 963 3425 ἐντολῶν
989 3390 1006 3408 θ
1046 3376 1313 3444 ἄρχουσαι
1339 3377 1447 3446 γάρ
1493 3378 1631 3428 εἰσιν
1664 3377 1858 3446 ἀρχου-

1961 3374 2200 3444 Spiritus
2260 3378 2632 3442 contendere,
2684 3380 2929 3431 onmium
2983 3377 3077 3430 Dei
3131 3378 3536 3431 mandaturum.

289 3466 428 3527 σῶν,
468 3465 735 3535 βασιλξδες
761 3466 992 3520 ἐντολῶν
1024 3468 1057 3536 ἦ
1089 3468 1299 3537 ἀρετῶν
1323 3484 1337 3499 ο
1389 3460 1549 3521 αὗται
1602 3470 1710 3534 γὰρ
1759 3485 1859 3536 φυ-
1884 3474 1927 3530 C

1885 3474 1927 3530 (Γ.
1963 3468 2244 3536 Principes
2271 3469 2474 3538 quippe
2505 3470 2609 3523 illa:
2641 3470 2950 3541 principum
2974 3479 3121 3531 sunt,
3148 3474 3348 3537 regunt!
3386 3485 3536 3521 man-

288 3558 629 3625 λασσόμεναι
663 3558 1027 3625 περιεκτικῶς
1067 3559 1397 3625 φυλάττουσι
1446 3558 1568 3610 καθ’
1611 3557 1672 3609 ὃν
1712 3558 1861 3628 είρή-

1965 3559 2216 3612 datorum
2258 3574 2322 3613 ac
2369 3562 2656 3615 virtutum.
2712 3563 2843 3632 Ipsa:
2872 3562 3018 3616 enim
3049 3562 3178 3616 dum
3212 3561 3532 3615 custodiun-

288 3664 470 3717 καμεν
498 3649 697 3716 τρόπον
750 3651 853 3712 τὰς
887 3651 1079 3713 λοιπὰς
1131 3651 1353 3711 ἐντολὰς
1405 3651 1504 3712 τὰς
1555 3650 1678 3715 ἑξῆς
1710 3649 1862 3719 παρὰ

1966 3658 2074 3711 tur,
2112 3650 2576 3719 comprehcnsive
2624 3653 2962 3715 custodiunt,
2997 3668 3064 3706 eo
3108 3668 3270 3721 quem
3300 3652 3537 3705 diximus

288 3738 607 3801 Ματθαίου,
638 3740 837 3807 μᾶλλον
865 3741 924 3792 δὲ
955 3743 1105 3810 παρὰ
1143 3741 1378 3810 Χριστοῦ
1411 3743 1706 3810 λεγομένας
1725 3756 1740 3771 ·
1770 3741 1865 3794 καὶ⁵

1966 3741 2149 3805 modo,
2189 3751 2385 3795 uetera
2441 3742 2716 3804 mandata,
2765 3741 3024 3812 deinceps
3067 3758 3095 3796 a
3132 3743 3385 3796 Matthazo
3454 3745 3534 3795 \‘ri

287 3832 470 3891 οὕτως
504 3832 819 3899 εὑρίσκεται
851 3836 878 3885 ό
905 3834 1181 3895 ταπεινὸς,
1216 3835 1244 3885 ὃ
1269 3850 1329 3886 τε
1357 3833 1595 3901 καθαρὸς
1636 3837 1702 3903 τῇ
1732 3851 1867 3905 καρ-

1967 3833 2151 3901 potius
2179 3848 2208 3886 a
2235 3834 2455 3888 Christo
2484 3836 2749 3902 exposita.
2800 3834 2856 3888 lu
2890 3835 3035 3889 hunc
3071 3836 3291 3890 modum
3326 3837 3534 3905 reperi-

286 3926 384 3992 δία
413 3925 765 3993 ἐνταλμάτων
806 3925 1063 3978 ἁπάντων
1096 3926 1314 3993 ἄριστος
1340 3927 1512 3994 φύλαξ
1544 3926 1635 3978 τοῦ
1670 3926 1865 3978 ἑαυτοῦ

1968 3934 2057 3977 tur
2087 3927 2308 3980 humilis
2358 3935 2413 3980 et
2472 3928 2709 3981 mundus
2742 3928 2907 3982 corde
2958 3930 3198 3998 optimus
3246 3942 3534 3982 exsecutor

287 4019 571 4071 Δεσπότου
624 4036 681 4069 τε
710 4020 803 4069 καὶ
833 4018 970 4069 θεοῦ
994 4032 1008 4047 ’
1041 4012 1102 4069 οὗ
1126 4019 1310 4069 ἕνεκεν
1356 4019 1449 4070 καὶ
1495 4019 1747 4069 κοπιάσει
1784 4020 1867 4077 εἰς

1965 4016 2213 4067 omnium
2270 4016 2649 4069 mandatorum
2714 4018 2927 4075 Domini
2976 4034 3039 4072 ac
3097 4020 3188 4073 Dei
3242 4021 3534 4090 sui,cujus

287 4110 391 4162 τὸν
432 4109 603 4162 αἰῶνα
631 4108 839 4170 τοῦτον,
895 4111 988 4161 καὶ
1040 4109 1264 4177 ζήσεται
1315 4112 1392 4169 εἰς
1438 4109 1722 4177 μέλλοντα,
1771 4108 1867 4160 καὶ

1966 4120 2131 4159 causa
2188 4106 2398 4160 laborat
2449 4106 2502 4160 in
2554 4107 2656 4161 huc
2713 4109 2935 4170 saeculo,
2971 4119 3027 4164 et
3056 4110 3199 4163 viret
3245 4111 3296 4162 in
3330 4110 3529 4169 futuro.

294 4201 771 4269 μακαρισθήσεται
801 4202 952 4268 παρὰ
1000 4200 1207 4267 Κυρίου
1252 4202 1309 4251 ὲν
1344 4204 1410 4271 τῇ
1453 4203 1744 4270 ἀπεράντῳ
1774 4202 1867 4252 καὶ

1968 4195 2311 4250 beatiﬁcatus
2361 4211 2390 4249 a
2448 4196 2679 4249 Domino
2710 4199 2761 4251 iu
2805 4198 3031 4268 perenni
3069 4208 3351 4253 ctmtcrua
3405 4202 3534 4260 vita,

291 4290 506 4355 αἰωνίῳ
535 4291 644 4358 ζωῇ
680 4291 738 4341 ὲν
772 4292 993 4359 Χριστῷ
1036 4291 1213 4358 Ἰησοῦ
1249 4293 1328 4360 τῷ
1357 4294 1541 4363 Κυρίῳ
1580 4294 1756 4362 ἡμῶν.

1284 4293 1328 4360 ῷ
1357 4294 1541 4363 Κυρίῳ
1580 4294 1756 4362 ἡμῶν,
1968 4284 2022 4337 in
2057 4285 2276 4339 Chrism
2298 4284 2422 4340 Jesu
2452 4286 2688 4341 Domino
2726 4297 2934 4343 nostro.

380 4389 463 4434 ιε’.
495 4384 595 4445 Θὲς
623 4382 912 4452 τοιγαροῦν
947 4383 1035 4433 τὸν
1066 4385 1190 4435 νοῦν
1224 4401 1317 4436 σου
1354 4386 1433 4445 εἰς
1464 4386 1528 4435 τὰ
1559 4384 1828 4453 λεγόμενα
1850 4403 1864 4418 ο

2040 4375 2125 4430 15.
2158 4377 2368 4432 Adhibe
2400 4379 2823 4445 igiturmeutem
2856 4379 2922 4431 ad
2956 4378 3072 4434 hmc
3102 4396 3222 4447 qua:
3257 4381 3538 4447 dicuntur;

292 4474 696 4525 εἰσελθέτωσαν
726 4475 803 4534 είς
829 4474 924 4532 τὰς
949 4474 1117 4534 ἀκοάς
1143 4490 1238 4524 σου
1266 4474 1331 4525 τὰ
1362 4475 1512 4543 παρὰ
1537 4472 1629 4525 τοῦ
1663 4476 1867 4545 Κυρίου

1970 4467 2342 4536 ingrediantur
2373 4469 2425 4522 in
2456 4486 2619 4525 aures
2662 4481 2779 4523 tuas
2809 4486 2930 4539 qua:
2973 4472 3115 4523 dicta
3142 4482 3270 4525 sunt
3298 4488 3329 4527 a
3360 4475 3539 4525 Domi-

294 4567 598 4634 εἰρημένα,
633 4568 684 4616 εἰ
716 4582 776 4631 γε
808 4566 1087 4627 πιστεύεις
1106 4565 1253 4633 αὑτῴ
1276 4581 1290 4597 ο
1321 4566 1421 4635 ἔφη
1480 4569 1587 4635 γὰρ
1643 4568 1723 4619 ὅτι
1776 4568 1867 4619 καὶ

1969 4573 2061 4618 uo.
2093 4558 2135 4610 si
2173 4559 2221 4611 ei
2254 4560 2455 4614 credis.
2478 4564 2554 4613 An
2578 4562 2724 4615 enim
2754 4561 2918 4629 (quod
2954 4562 3069 4631 ipse
3086 4563 3246 4625 dixit)
3273 4565 3339 4617 de
3370 4566 3536 4617 verbo

294 4660 437 4724 περὶ
486 4656 658 4727 ἀργοῦ
692 4658 851 4724 λόγου
888 4658 1044 4723 λόγον
1090 4658 1445 4726 ἀποδώσομεν
1485 4662 1544 4709 εν
1580 4659 1758 4729 ἐκείνῃ
1801 4660 1865 4727 τῇ

1969 4650 2148 4701 otioso
2192 4664 2223 4702 a
2277 4651 2437 4703 nobis
2488 4652 2699 4719 prolato
2744 4651 3034 4705 reddemus
3062 4656 3329 4706 rationein
3365 4657 3414 4708 in
3450 4657 3538 4709 die

295 4750 526 4817 ἡμέρα·
568 4749 750 4810 ἱκανὸς
792 4749 848 4800 δι
876 4744 1030 4811 οὗτος
1065 4749 1095 4800 ό
1142 4750 1318 4814 λόγος,
1348 4751 1442 4802 ἐὰν
1473 4752 1613 4820 νήφῃ
1649 4752 1805 4819 ἡμῶν
1834 4753 1867 4817 ἡ
1901 4804 1938 4820 _

1901 4804 1938 4820 ἢ
1968 4741 2267 4810 judieii,et
2332 4760 2436 4794 uou
2492 4744 2785 4797 reddi-mus
2832 4744 2902 4797 de
2952 4745 3119 4799 verbo
3154 4761 3184 4799 a
3237 4747 3345 4800 Deo
3381 4752 3539 4804 nobis

290 4804 532 4892 έίὰνοία.
569 4840 663 4900 ⁸ος
717 4804 775 4891 de
829 4843 898 4892 τὰ
930 4804 1317 4910 γεγραμμένα,
1352 4840 1414 4892 οὑ
1464 4804 1711 4910 συῖιίἧσξξ
1743 4804 1867 4893 οὔτε
1901 4804 1941 4858 D

1901 4804 1942 4858 θ
1973 4831 2146 4893 dicto.
2182 4850 2212 4887 a
2257 4834 2416 4887 uobis
2467 4836 2717 4903 neglecto
2764 4842 2820 4890 et
2850 4835 3033 4890 otioso
3069 4839 3293 4891 relicto?
3342 4838 3530 4909 Vigitet

294 4930 417 4998 μὴν
446 4928 554 4979 τῶν
577 4927 885 4999 λεγομένων
915 4929 1125 4995 ἀκούει,
1151 4930 1329 4982 ἔοικεν
1351 4932 1379 4982 ό
1405 4930 1643 4991 τοιοῦτος
1666 4931 1865 5000 σωλῆνι

1962 4937 2093 4992 ergo
2123 4940 2280 4979 meus
2312 4938 2498 4981 nostra
2536 4927 2879 4982 contendens
2904 4927 2971 4981 ad
3005 4930 3227 4983 verbum
3260 4937 3405 4987 omni
3443 4949 3534 4984 ae-

290 5020 575 5088 δεχομένῳ
606 5017 746 5089 ὕδωρ
784 5021 880 5072 καὶ
913 5022 987 5090 μὴ
1040 5020 1416 5091 αἰσθανομένῳ
1469 5022 1551 5073 ὅτι
1585 5022 1650 5073 δι’
1699 5023 1863 5075 αὑτοῦ

1962 5019 2214 5086 ceptioue
2258 5021 2482 5090 dignum
2542 5022 2901 5092 implendum.
2929 5024 3033 5089 Qui
3078 5026 3280 5093 scripta
3318 5042 3423 5079 non
3456 5028 3510 5079 in

292 5110 660 5179 παρέρχεται.
698 5111 793 5172 Τίς
828 5110 922 5164 οὖν
950 5114 1057 5179 ἄρα
1090 5113 1164 5181 μὴ
1215 5113 1446 5185 κλαύσῃ,
1489 5114 1572 5174 τίς
1600 5113 1661 5163 ού
1688 5112 1861 5180 λυπη-

1991 5111 2178 5182 elligit.
2212 5126 2311 5165 nec
2348 5126 2411 5166 ea
2457 5129 2578 5181 qua:
2620 5114 2884 5168 dicuntur
2938 5115 3112 5170 audit.
3144 5116 3291 5171 Talis
3339 5119 3540 5171 similis
3626 5160 3642 5175 π

292 5202 369 5271 θῇ
406 5202 501 5254 καὶ
537 5202 886 5272 καταπλαγῇ,
923 5204 1007 5257 ὅτι
1033 5204 1063 5255 ό
1113 5206 1389 5279 Δεσπότης
1410 5207 1509 5273 τῆς
1537 5203 1861 5271 οἰκουμένης

1967 5214 2051 5261 est
2105 5205 2278 5258 canali
2338 5206 2418 5259 sic
2479 5220 2673 5274 aquam
2722 5207 3040 5276 accipienti,
3074 5218 3134 5262 ut
3182 5225 3300 5262 eam
3355 5226 3449 5279 per
3477 5227 3538 5266 se

288 5292 366 5345 δι’
403 5292 594 5344 ἑαυτοῦ
625 5308 684 5344 τε
712 5296 805 5346 καὶ
847 5296 954 5347 τῶν
983 5294 1183 5346 δούλων
1214 5276 1378 5347 αύτόύ
1410 5296 1521 5347 τῶν
1565 5296 1862 5363 προφητῶν

1968 5297 2205 5350 transire
2264 5312 2371 5350 non
2422 5298 2645 5351 sentiat.
2690 5298 2822 5363 Quis
2880 5314 3013 5368 ergo
3062 5316 3170 5354 non
3218 5300 3363 5366 ﬂent,
3429 5319 3535 5355 non

290 5383 398 5435 καὶ
426 5382 735 5437 ἀποστόλων
764 5384 884 5454 βοᾷ,
925 5388 1020 5437 καὶ
1048 5384 1147 5437 οὐκ
1182 5385 1329 5437 ἔστιν
1365 5387 1393 5437 ὁ
1439 5388 1690 5451 ﬁxo-.in;
1730 5387 1863 5439 Τίνα

1967 5389 2204 5459 plangat,
2250 5405 2357 5443 non
2420 5391 2792 5459 Obstupescat,
2853 5393 3000 5461 quod
3057 5395 3317 5448 Dominus
3383 5398 3533 5451 orbis

286 5474 355 5528 δέ
390 5474 506 5527 εστι
538 5474 608 5526 τα
639 5478 1012 5544 κηρυττόμενα
1047 5476 1139 5529 ὑπ’
1174 5477 1391 5542 αύτῶν;
1427 5478 1481 5528 ’0
1522 5477 1704 5545 γάμος
1726 5478 1865 5530 ’ἐτοι-

1969 5481 2205 5534 universi
2265 5496 2387 5534 cum
2424 5492 2478 5535 et
2526 5498 2621 5550 per
2656 5498 2775 5537 sese
2804 5496 2860 5537 et
2890 5501 2986 5554 per
3025 5502 3213 5540 servos
3244 5503 3374 5542 suos
3411 5506 3535 5558 pro-

289 5582 429 5638 μσς,
463 5568 620 5635 φησι,
649 5570 741 5619 καὶ
770 5569 840 5619 τε
868 5569 1168 5638 σιτεύματά
1197 5587 1300 5637 μου
1330 5571 1599 5636 τεθυμένα
1620 5587 1633 5602 ο
1671 5572 1698 5621 ό
1735 5589 1865 5638 νυμ-

1970 5573 2163 5639 phetas
2183 5579 2237 5623 et
2272 5573 2544 5640 apostolos
2570 5575 2790 5639 clamet,
2822 5590 2930 5629 non
2965 5584 3047 5629 est
3081 5586 3261 5630 tamen
3289 5579 3381 5645 qui
3408 5596 3533 5635 eum

294 5658 426 5726 φίας
462 5656 602 5725 μετὰ
626 5657 783 5725 δόξης
814 5659 908 5711 καὶ
938 5659 1413 5727 μεγαλοπρεπείας
1445 5660 1681 5728 κάθηται
1707 5662 1765 5711 ἐν
1786 5662 1863 5730 τῷ

1966 5661 2197 5713 audiat?
2227 5662 2364 5726 Quid
2424 5671 2606 5715 autem
2664 5665 2739 5717 illi
2795 5666 3130 5734 pra-dicant?
3172 5667 3408 5736 Νιιριὶω,
3450 5672 3534 5724 iu—

283 5742 578 5813 νυμφῶνι,
608 5750 703 5797 καὶ
726 5745 937 5814 δέχεται
957 5748 1079 5807 τοὺς
1109 5748 1435 5816 ἐρχομένους
1476 5752 1611 5817 μετὰ
1654 5755 1825 5819 χαρᾶς
1851 5769 1864 5783 ·

1974 5753 2191 5820 quiunt,
2221 5763 2417 5821 parabo
2469 5765 2620 5817 sunt,
2654 5757 2822 5810 altilia
2878 5758 3078 5813 occisa.
3113 5758 3355 5828 Sponsus
3408 5779 3533 5816 cum

280 5838 324 5903 ἠ
358 5834 502 5903 θύρα
535 5835 828 5905 ἀνέῳκται,
856 5839 905 5889 οἰ
936 5838 1203 5907 ὑπηρέται
1231 5839 1611 5903 σπουδάζουσι.
1643 5843 1751 5911 ιΙρὸ
1778 5844 1869 5895 τοῦ

1969 5845 2142 5913 gloria
2177 5854 2231 5898 et
2260 5845 2657 5913 magniﬁcentia
2686 5848 2842 5903 sedet
2886 5849 2941 5903 in
2971 5849 3231 5913 thalamo,
3258 5863 3310 5906 et
3332 5854 3533 5923 excipit

281 5922 615 5994 κλεισθῆναι
665 5925 764 5997 τὴν
817 5927 1006 5998 θύραν,
1064 5928 1438 5993 ιξυποδίσατε,
1481 5932 1718 6001 μήποτε
1768 5933 1871 5997 ἔξω

1972 5937 2249 5990 venientes
2304 5952 2427 5990 cum
2494 5941 2714 6007 gaudio.
2788 5940 2954 5997 Fores
3046 5952 3253 6009 patent.
3300 5922 3532 5999 Ministri
