4180 6458
143 488 239 549 763

1195 481 1580 542 LAUDATIO
1621 483 1869 544 TRIUM
1916 484 2352 546 DOCTORUM.
3272 485 3331 546 ⁸ἶῖ

139 612 379 669 paratum
427 613 549 654 esse
584 615 597 652 :
636 612 732 666 pro
783 596 890 649 hoc
929 594 1290 649 imbecillitati
1361 601 1577 649 veniam
1635 596 1894 665 rogitare,
1961 607 2016 651 ct
2062 611 2510 667 uumnquemque
2575 613 2642 653 cx
2687 597 2774 652 his
2813 612 2934 667 qua:
2959 597 3178 667 pmpria
3209 599 3383 667 possi-

137 699 243 760 det,
276 698 516 750 fructum
542 695 655 749 Deo
681 691 960 746 dedicare.

203 791 362 841 Ἀλλὰ
388 788 547 857 δεῦρό
574 806 688 857 μοι,
734 789 843 839 τῶν
892 787 1156 855 Πατέρων
1205 788 1238 854 ἡ
1299 787 1592 856 θαυμαστὴ
1628 787 1705 856 τῷ

1840 788 2154 847 _Adcsdum
2208 789 2397 858 igitur.
2455 788 2771 844 admiranda
2820 803 2950 842 sane
3011 786 3229 842 Patrum
3288 789 3386 841 tri-

135 885 242 938 6ντι
274 887 450 954 τριὰς,
485 887 530 936 οξ
558 886 656 953 τῆς
685 883 931 951 μεγάλης
955 882 1180 951 Τριάδος
1224 883 1314 934 καὶ
1351 884 1570 952 μύσται,
1612 884 1707 935 καὶ

136 977 295 1044 φίλοι,
328 979 423 1030 καὶ
492 976 787 1044 ὑπηρέταιο
844 974 981 1042 μετὰ
1035 975 1159 1036 τοὺς
1222 974 1498 1042 πρώτους,
1540 978 1706 1044 φημὶ,

137 1069 405 1136 μαθητὰς,
437 1077 531 1120 και
583 1066 882 1134 ὑπηρέτας,
915 1068 1007 1119 καὶ
1043 1066 1228 1132 φίλους
1286 1065 1378 1117 τοῦ
1417 1066 1587 1131 Λόγου
1613 1081 1626 1095 ο
1658 1067 1709 1118 oi

135 1159 496 1226 νυμφαγωγοὶ
523 1158 616 1210 καὶ
645 1157 890 1225 νυμφίος,
928 1158 1023 1208 καὶ
1055 1158 1240 1215 παῖδες
1267 1156 1402 1222 ὁμοῦ
1439 1155 1539 1219 τῆς
1569 1157 1704 1224 ἁλη-

134 1250 284 1316 θινῆς
324 1250 418 1301 καὶ
444 1247 663 1316 πρώτης
691 1248 901 1314 σοφίας,
939 1249 1006 1315 ἦν
1038 1248 1131 1299 καὶ
1185 1247 1338 1299 αὐτοὶ
1391 1246 1709 1313 sesama,

135 1340 276 1391 κατὰ
303 1339 394 1389 τὸν
424 1339 585 1403 σοιερὸν
629 1340 855 1396 ἐκεῖνον,
889 1339 982 1388 καὶ
1038 1338 1104 1405 ἦν
1132 1339 1195 1388 ἐκ
1223 1339 1477 1405 νεότητος
1547 1338 1713 1404 ἐκζη-

131 1433 396 1498 τήσαντες
420 1472 433 1492 ,
473 1432 611 1498 ὑπὲρ
649 1432 852 1482 ἐκεῖνον
877 1429 1081 1497 ταύτην
1113 1429 1288 1492 καλῶς
1325 1432 1418 1483 καὶ
1447 1431 1717 1498 συνήφθη·

129 1537 187 1573 τε
229 1525 326 1572 καὶ
355 1521 688 1590 ἡρμόσθητε.
730 1521 900 1588 Δεῦρο
929 1520 1217 1590 τοιγαροῦν
1259 1523 1290 1589 ἡ
1325 1523 1421 1591 τῆς
1483 1523 1715 1583 πίστεως

131 1613 350 1664 καὶτοῦ
382 1613 537 1678 λόγου
593 1613 771 1680 βάσις,
805 1615 833 1664 ὁ
889 1613 980 1664 τὸν
1031 1614 1174 1665 θεῖον
1234 1613 1409 1680 λόγον,
1472 1615 1565 1665 καὶ
1621 1613 1718 1680 τὴν

131 1704 372 1771 πυρίνην
403 1703 584 1771 αὐχῶν
615 1708 879 1768 γλῶτταν.
911 1707 938 1755 ὁ
966 1706 1056 1756 καὶ
1082 1705 1278 1774 ψυχὴν,
1321 1707 1413 1757 καὶ
1443 1705 1713 1771 γλῶτταν,

130 1797 230 1846 καὶ
263 1795 434 1848 τᾶλλα
466 1797 643 1847 πάντα
669 1795 924 1862 χρυσοῦς.
958 1797 1016 1846 lii
1067 1797 1159 1847 καὶ
1196 1796 1270 1864 μὴ
1313 1798 1580 1864 συμφυῖα,
1627 1799 1721 1851 καὶ

129 1888 413 1954 ὁμοτιμία,
447 1888 539 1939 καὶ
567 1888 778 1950 ἓνωσις,
806 1887 1214 1954 συνεργάσασοὲ
1249 1907 1338 1956 μοι
1385 1889 1483 1958 τὴν
1539 1890 1722 1959 κοινὴν

131 1979 292 2044 ὑμῶν
339 1979 637 2046 εὐφημίαν,
675 1981 723 2030 εί
780 1980 870 2030 καὶ
901 1979 1037 2048 ὑπὲρ
1099 1979 1263 2048 ὑμᾶς,
1300 1980 1436 2050 ὅπερ
1492 1975 1666 2043 εἷπον,
1696 1984 1724 2035 ὁ

130 2070 274 2138 πρὸς
303 2071 431 2129 τοὺς
476 2070 740 2136 μεγάλους
799 2069 944 2134 ὑμᾶς
1004 2070 1143 2122 κατὰ
1211 2073 1344 2123 πολὺ
1410 2073 1588 2138 λόγος,
1629 2074 1723 2125 καὶ

131 2158 296 2224 λόγον
348 2159 603 2220 διδόντες,
667 2159 760 2210 καὶ
819 2159 1052 2220 διανοίας
1114 2161 1430 2228 ἁπτόμενοι,
1464 2164 1554 2212 καὶ
1625 2162 1723 2231 τὴν

129 2251 390 2315 γλῶτταν
414 2249 659 2320 ἀοράτως
687 2249 1090 2312 ὑποκινοῦντες,
1115 2253 1210 2304 καὶ
1233 2252 1718 2320 χειραγωγοῦντες,

131 2345 198 2410 τῇ
233 2342 471 2409 δυνάμει
505 2343 597 2392 τοῦ
650 2343 707 2392 ἐν
763 2343 891 2410 ὑμῖν
950 2343 1278 2408 πνεύματος.
1319 2343 1462 2395 Ἔδει
1498 2345 1598 2411 μὲν
1629 2340 1723 2397 οὖν

131 2433 282 2486 κατά
312 2450 377 2498 γε
429 2434 520 2484 τὸν
556 2433 819 2502 ὑμέτερον
880 2433 1059 2503 (ὑπὲρ
1113 2434 1264 2501 ὑμῶν
1311 2436 1488 2487 αὐτῶν
1543 2435 1722 2506 φημι)

135 2526 316 2592 μέγαν
348 2526 446 2576 καὶ
474 2523 781 2591 σοφώτατον
808 2524 965 2592 λόγον
991 2527 1195 2577 ἐκεῖνον
1223 2525 1320 2587 τὰς
1351 2526 1505 2593 ὑμῶν
1536 2528 1726 2596 παρεῖ-

130 2633 222 2668 ναι
257 2618 448 2684 φωνὰς
485 2619 595 2679 τοῖς
630 2620 870 2670 ἐπαινεῖν
905 2618 1277 2686 ἐπιχειροῦσιν
1306 2620 1448 2686 ὑμᾶς
1471 2635 1486 2651 ·
1520 2621 1724 2672 ἐκεῖναι

132 2712 227 2761 καὶ
259 2712 372 2777 γὰρ
408 2709 473 2762 ἂν
507 2712 663 2775 μόναι
693 2711 751 2760 τὸ
805 2711 938 2777 πρὸς
989 2709 1144 2773 ἀξίαν
1189 2712 1531 2779 εἰργάσαντο.
1572 2712 1631 2763 Εἰ
1668 2711 1724 2763 δὲ

135 2800 214 2867 μὴ
239 2799 430 2861 τοῦτο,
464 2801 668 2868 Πέτρον
699 2801 762 2852 ἂν
793 2797 948 2852 εἷπον
994 2799 1124 2866 ἐγὼ,
1186 2803 1279 2851 καὶ
1345 2802 1598 2868 Ἰωάννην
1634 2803 1726 2853 καὶ

135 2891 381 2956 Παῦλον,
415 2892 510 2958 τὴ]
541 2891 733 2958 τριάδα
780 2893 890 2942 τῶν
954 2894 1287 2961 κορυφαίων,
1342 2894 1451 2944 τῶν
1494 2883 1726 2962 πρώτων

137 2983 408 3052 μαθητῶν
431 3001 488 3034 τε
513 2984 608 3035 καὶ
642 2983 952 3035 ἀποστόλων
981 2985 1074 3035 τοῦ
1098 2984 1295 3050 Λόγου,
1331 2987 1399 3036 τὰ
1432 2983 1522 3038 τοῦ
1561 2984 1730 3036 Ilvati-

137 3091 317 3141 ματος
352 3075 546 3142 πρῶτα
573 3076 666 3125 καὶ
691 3074 894 3142 δοχεῖα,
934 3079 1025 3130 καὶ
1057 3076 1284 3142 ὄργανα,
1317 3075 1502 3127 τοῦτον
1534 3077 1724 3128 ὑπεισ·

133 3165 323 3218 ελθεῖν
344 3166 530 3228 ἀξίους
575 3161 714 3217 εἶναι
771 3166 861 3217 τὸν
924 3162 1102 3229 ἆθλον,
1137 3168 1372 3229 καὶτοῖς
1424 3168 1726 3237 ὁμοτίμοις,

131 3258 237 3309 καὶ
277 3259 479 3324 φίλοις.
505 3259 595 3310 καὶ
629 3259 1008 3323 σπουδασταῖς,
1041 3260 1135 3310 καὶ
1169 3263 1596 3326 συναγωνισταῖς
1623 3261 1732 3314 τῶν

135 3349 333 3401 αὐτῶν
378 3349 716 3418 κατάλληλον
757 3351 850 3401 καὶ
896 3352 1153 3418 προσφυᾶ
1207 3367 1328 3404 τινα
1389 3351 1578 3415 πλέξαι
1642 3353 1731 3405 τὸν

1810 879 1987 941 nitas,
2048 895 2254 944 magna:
2298 878 2447 932 illius
2481 878 2764 932 Trinitatis
2815 879 3202 947 mysteriorum
3249 893 3383 932 con—

1811 971 1950 1032 scii,
2010 979 2059 1023 ct
2119 971 2302 1032 amici,
2367 979 2423 1024 ct
2462 968 2696 1023 ministri
2759 987 2772 1022 :
2834 980 2961 1038 post
3015 971 3244 1036 primos,
3303 968 3386 1021 in-

1811 1076 1996 1128 quam,
2049 1061 2369 1129 discipulos,
2399 1073 2454 1114 et
2492 1060 2794 1120 ministros,
2837 1071 2888 1112 et
2936 1061 3140 1113 amicos
3173 1058 3333 1111 \‘erbi
3369 1075 3382 1109 :

1813 1151 2143 1204 deductores
2173 1166 2407 1218 Sponsa},
2439 1161 2494 1205 et
2521 1151 2743 1220 ips-iuret
2773 1151 2984 1218 sponsi,
3008 1160 3063 1204 et
3095 1151 3258 1203 simul
3291 1149 3387 1201 lilii

1814 1258 1956 1296 vene
1989 1259 2052 1296 ac
2084 1243 2350 1312 principis
2381 1244 2683 1310 sapientiae,
2715 1258 2878 1311 quam
2916 1252 2972 1294 et
3001 1257 3097 1294 vos
3124 1242 3274 1308 juxta
3300 1257 3390 1294 sa-

1817 1336 2058 1403 pientem
2092 1336 2244 1388 illum
2279 1335 2586 1397 amavistis,
2612 1344 2669 1388 et
2699 1353 2726 1386 a
2772 1335 3061 1404 iuventute
3086 1343 3264 1386 vestra
3293 1349 3390 1385 cx-

1816 1427 2122 1494 qnisivistis
2152 1444 2165 1478 :
2214 1441 2270 1481 et
2302 1443 2426 1481 cum
2465 1443 2569 1496 qua
2608 1441 2770 1494 supra
2805 1442 2968 1495 quam
3014 1427 3103 1480 ille
3133 1427 3393 1494 pra-clare

1819 1519 2099 1588 conjuncti
2131 1528 2186 1573 et
2217 1521 2458 1587 copulati
2493 1510 2647 1572 cistis.
2680 1519 2957 1572 Adesdum
2987 1534 3141 1586 ergo,
3182 1518 3307 1570 lidci
3339 1527 3396 1570 cl.

1820 1611 2086 1663 doctrinae
2130 1625 2298 1665 saera:
2340 1612 2800 1670 stabilimentum,
2852 1611 3011 1677 cujus
3071 1610 3258 1662 divina
3311 1621 3398 1662 cst

1822 1703 2022 1767 oratio,
2055 1711 2112 1756 et
2151 1703 2333 1771 lingua
2371 1702 2551 1770 ignea,
2577 1702 2668 1770 qui
2702 1711 2756 1755 et
2786 1702 2985 1762 anima,
3018 1712 3074 1755 ct
3109 1701 3313 1767 lingua,
3341 1711 3399 1754 et

1822 1803 2015 1863 caetera
2070 1794 2252 1848 omnia
2308 1809 2368 1847 es
2417 1807 2640 1847 aureus.
2692 1793 2755 1846 Et
2813 1807 3124 1861 quanquam
3185 1792 3397 1844 nullum

1825 1887 1956 1939 mihi
1985 1887 2265 1940 vinculum
2299 1885 2606 1948 vobiscum,
2643 1900 2744 1938 nec
2791 1884 2965 1936 bonos
3010 1900 3127 1952 par,
3161 1900 3261 1936 nec
3293 1884 3399 1936 ulla

1826 1975 2143 2048 conjunctio
2168 1995 2181 2042 ;
2211 1987 2264 2030 et
2297 1992 2607 2046 quanquam
2636 1976 2704 2031 de
2759 1977 2916 2030 vobis
2941 1987 3048 2028 tam
3078 1975 3400 2028 excellenti-

1829 2072 1928 2123 bus
1956 2069 2092 2124 viris
2125 2069 2380 2122 habenda
2410 2069 2586 2121 oratio
2619 2067 2764 2121 vires
2803 2081 2971 2129 meas,
3010 2074 3070 2117 ut
3099 2063 3234 2129 dixi,
3264 2064 3404 2118 mul-

1831 2173 1942 2216 ιιιιη
1977 2170 2224 2230 superat,
2278 2172 2458 2214 tamen
2493 2160 2558 2213 ad
2605 2174 2895 2213 οοιιιιιιυιιθ
2941 2166 3182 2211 vestrum
3236 2173 3402 2211 enco-

1825 2251 1995 2304 miunt
2045 2250 2177 2303 tnilti
2233 2249 2629 2318 opitulatnini,
2681 2257 2737 2302 et
2790 2247 3070 2316 ingenium
3123 2246 3402 2312 excitate,

1825 2341 1989 2394 verba
2070 2339 2532 2403 subministrate,
2603 2339 2958 2408 linguamque
3019 2338 3402 2405 iuaspcctabili

1827 2432 1989 2486 modo
2013 2431 2253 2500 dirigite,
2281 2440 2337 2484 et
2376 2446 2460 2485 me
2505 2431 2881 2497 manuducite,
2924 2433 3130 2487 virtute
3161 2433 3398 2502 spirittts

1828 2524 1973 2577 illius
2019 2524 2112 2592 qui
2156 2524 2208 2576 in
2246 2522 2406 2576 vobis
2462 2504 2753 2578 habitavit.
2785 2523 3091 2593 Oportebat
3141 2526 3402 2578 nimirum

1827 2617 1894 2669 de
1930 2617 2130 2670 vestris
2160 2617 2420 2669 laudibus
2452 2615 2758 2680 dicturum,
2800 2627 3038 2671 vestram
3068 2633 3287 2687 quoque
3321 2617 3404 2670 in-

1827 2710 2034 2778 signem
2088 2710 2235 2762 illam
2269 2748 2284 2771 ,
2336 2724 2399 2762 ac
2469 2709 2735 2778 sapientia
2789 2711 3053 2763 refertam
3128 2710 3406 2778 cloquen-

1831 2803 1986 2863 tiani,
2049 2810 2373 2869 vestrasque
2419 2817 2585 2856 voces
2638 2801 2880 2867 habere;
2911 2803 3040 2856 sola:
3092 2804 3241 2856 enim
3299 2803 3404 2857 iiita

1831 2911 1942 2948 rem
2001 2910 2104 2964 pro
2157 2895 2422 2964 dignitate
2481 2895 2839 2949 conﬁcerent.
2895 2896 3136 2963 Alioqui,
3184 2896 3405 2950 Petrum

1829 3002 1930 3055 ego
1992 2996 2047 3039 et
2081 2987 2397 3049 Joannem,
2448 2995 2503 3039 et
2570 2986 2822 3050 Paulum,
2875 2987 3286 3058 coryphatorum
3341 3001 3408 3040 ac

1831 3079 2138 3148 primorum
2207 3078 2608 3146 discipulorum
2694 3079 3185 3147 apostolorumque
3251 3077 3407 3130 verbi

1833 3167 2370 3235 triadem,‘Spiritus
2401 3170 2578 3221 sancti
2609 3168 2884 3236 prmcipua
2920 3168 3195 3221 domicilia
3227 3178 3282 3221 et
3318 3168 3407 3221 in-

1833 3267 2139 3311 strumcnta
2167 3259 2498 3313 aﬂirmarem
2530 3275 2631 3329 ego
2663 3261 2860 3329 dignos
2889 3276 3011 3314 esse
3050 3261 3142 3328 qui
3173 3263 3275 3314 boc
3313 3277 3410 3316 ne-

1833 3352 1965 3419 gotii
2021 3351 2390 3420 susciperent,
2425 3361 2481 3404 et
2534 3367 2688 3419 teque
2736 3351 3041 3414 honoratis,
3097 3351 3310 3414 amicis,
3344 3366 3410 3406 ac

131 3441 395 3492 ἔπαινον.
447 3439 730 3492 Ἀλλ’ὲπεὶ
759 3439 867 3491 τῶν
894 3439 1168 3492 ἀδυνάτων
1203 3441 1384 3492 ἐκεῖνα
1436 3442 1528 3492 καὶ
1574 3442 1729 3510 ὑμεῖς

1835 3440 2097 3494 studiosis
2132 3441 2241 3501 sui,
2275 3450 2329 3494 et
2379 3441 2742 3494 certaminum
2796 3441 2966 3496 sociis
3011 3451 3408 3512 congruentem

134 3532 328 3597 ἐρεῖτε
365 3529 644 3595 καθάπαξ,
700 3532 1019 3599 μετριάσετε
1081 3527 1184 3582 οἷδ’
1225 3531 1306 3582 ὅτι
1335 3532 1429 3582 καὶ
1485 3533 1553 3584 τά
1602 3532 1731 3599 παρ’

131 3622 309 3689 ἡμῶν
339 3621 530 3689 ἐντελῆ
562 3626 656 3674 καὶ
713 3625 919 3690 σμικρὰ
979 3621 1172 3686 ταῦτα,
1205 3623 1254 3673 oi
1320 3622 1625 3690 συμπαθεῖς
1674 3640 1732 3673 τε

134 3718 242 3765 καὶ
277 3714 676 3783 φιλάνθρωποι,
703 3716 799 3767 καὶ
860 3714 1136 3783 πανταχοῦ
1165 3715 1225 3767 τὸ
1254 3717 1474 3783 μέτριον
1513 3715 1733 3767 ὲπαινέο

127 3820 347 3865 σαντες
382 3804 571 3866 ὅντως,
596 3805 691 3856 καὶ
747 3805 1004 3874 Χριστὸν,
1035 3807 1192 3873 εἴπερ
1221 3807 1360 3868 τινὲς
1415 3806 1586 3870 ἄλλοι,
1634 3809 1736 3859 κάν

125 3895 328 3962 τούτῳ
353 3896 685 3963 θαυμαστῶς
720 3897 1111 3964 μιμησάμενοι.
1142 3898 1349 3959 Ἀλλως
1378 3914 1435 3949 τε
1499 3899 1593 3950 καὶ
1655 3900 1736 3950 ὅτι

125 3987 214 4055 μὴ
249 3988 378 4048 τοῖς
406 3987 536 4054 παρ’
571 3988 724 4056 ὑμῶν
753 3986 930 4038 αὐτῶν
963 3987 1364 4057 τεθαρρηκότες
1419 3986 1599 4058 ἡμεῖς,
1628 3990 1736 4042 τίσι

121 4079 234 4128 καὶ
303 4077 415 4145 γὰρ
439 4079 533 4130 καὶ
585 4080 788 4140 ὁποίοις
833 4078 1095 4143 ἐκείνοιςς
1134 4081 1268 4132 ἀλλὰ
1319 4082 1428 4141 τοῖς
1456 4081 1735 4149 ὑμετέροις

121 4171 508 4238 μᾶλλον,καὶ
560 4170 752 4240 οἷσπερ
817 4171 974 4224 αὐτοὶ
1027 4172 1161 4224 Θεόν
1211 4188 1269 4224 τε
1325 4173 1419 4225 καὶ
1477 4171 1738 4240 ἀλλήλους

118 4264 517 4327 προσείπετε,
551 4262 623 4312 τά
676 4261 831 4330 ὑμῶν
863 4262 991 4330 ὑμῖν
1026 4259 1180 4323 αὖθις
1229 4264 1552 4332 εἰσφέρομεν
1603 4261 1678 4325 ὡς
1705 4263 1739 4332 ἡ

113 4354 411 4420 δύναμις.
439 4352 681 4419 Δηλώσει
714 4352 772 4402 δὲ
795 4352 889 4404 καὶ
951 4355 979 4404 ὁ
1007 4351 1184 4420 λόγος.

189 4619 450 4686 Νόμους
480 4615 580 4683 μὲν
607 4610 700 4666 οὖν
729 4611 1020 4681 ἐγκωμίων
1055 4612 1166 4664 τῶν
1217 4610 1343 4676 ἔξω,
1372 4613 1423 4665 οἳ
1483 4612 1739 4683 πατρίδα,

107 4712 220 4765 καὶ
296 4711 493 4775 γένος,
520 4709 614 4759 καὶ
656 4706 900 4768 πλοῦτον,
925 4707 1019 4759 καὶ
1045 4705 1108 4775 δὴ
1137 4706 1232 4758 καὶ
1259 4705 1507 4772 σώματος
1531 4705 1740 4774 ῥώμην,

1836 3543 2001 3600 atque
2055 3532 2528 3587 accommodatam
2593 3533 2965 3586 laudationem
3025 3543 3409 3589 contexcrcnt.

1841 3625 2039 3677 Verum
2092 3624 2352 3690 quoniam
2414 3623 2467 3676 id
2506 3624 2664 3678 vobis
2716 3640 2938 3694 quoque
2977 3627 3410 3681 assentientibus

1840 3714 1952 3766 lieri
1988 3728 2211 3781 prorsus
2244 3713 2454 3782 nequit,
2488 3714 2811 3768 tenuitatem
2851 3727 3093 3769 nostram
3128 3717 3411 3772 moderate

1837 3803 2044 3869 feretis,
2107 3815 2192 3858 sat
2227 3807 2364 3870 scio,
2400 3820 2517 3867 vos,
2541 3805 2634 3874 qui
2660 3805 2838 3860 aliena
2864 3807 3080 3860 sentitis
3112 3807 3413 3861 incommo-

1837 3896 1906 3948 da
1935 3913 1948 3947 :
1987 3910 2082 3948 vos
2115 3896 2364 3958 humani,
2396 3905 2452 3949 et
2481 3896 2573 3965 qui
2614 3897 2938 3950 modestiam
2973 3896 3110 3950 locis
3150 3898 3411 3952 onmibus

1841 4003 2033 4041 revera
2065 3988 2521 4052 conuneudastis,
2552 3987 2943 4056 Christumque
2984 3990 3034 4041 in
3071 3989 3174 4042 hoc
3223 3990 3408 4055 etiam,

1840 4089 1895 4131 ut
1926 4077 1970 4131 si
2029 4079 2122 4146 qui
2165 4079 2278 4142 alii,
2306 4078 2622 4133 mirandum
2658 4079 2712 4131 in
2751 4079 2974 4132 modum
3026 4080 3220 4134 imitati
3251 4081 3410 4136 estis.

1841 4165 2152 4220 Praesertim
2188 4184 2311 4222 cum
2346 4169 2492 4221 haud
2528 4185 2557 4222 a
2591 4169 2749 4223 nobis
2775 4171 3097 4239 excogitatis
3130 4180 3185 4225 et
3218 4172 3417 4226 invert-

1844 4259 1936 4322 tis,
1977 4260 2070 4312 sed
2109 4260 2308 4314 vestris
2340 4261 2526 4328 potius
2559 4261 2628 4314 de
2658 4259 2790 4322 Deo,
2820 4271 2876 4313 et
2907 4261 3051 4315 inter
3079 4277 3171 4317 vos
3200 4279 3424 4318 sermo-v

1847 4348 2016 4402 nibus
2050 4348 2417 4413 confidentes,
2462 4359 2643 4402 vestra
2682 4348 2842 4404 vobis
2903 4359 3168 4419 quantum
3217 4368 3415 4423 possu-

1844 4454 1968 4492 mus
2016 4440 2424 4506 retribuamus;
2451 4439 2504 4494 id
2535 4440 2682 4510 quod
2722 4440 2984 4510 deinceps
3024 4441 3201 4496 oratio
3231 4443 3431 4499 declav

1844 4531 2008 4586 rabit.

1918 4621 2088 4691 Leges
2123 4621 2308 4690 itaque
2335 4630 2391 4674 et
2438 4621 2588 4676 locos
2645 4623 3049 4686 encomiorum,
3103 4640 3134 4678 a
3167 4625 3424 4692 profanis

1847 4713 2064 4768 dicendi
2127 4712 2403 4782 magistris
2465 4714 2837 4781 praescriptos,
2878 4714 2973 4782 qui
3029 4715 3280 4781 patriam,
3320 4733 3416 4783 ge-

105 4803 218 4852 καὶ
280 4797 667 4862 κὰλλος,καὶ
723 4798 790 4848 τὰ
850 4795 1076 4848 τοιαῦτα
1133 4795 1590 4862 περιεργάζεσθαι
1641 4795 1730 4864 πρὶ

1851 4821 1977 4870 nus,
2008 4805 2249 4865 divitias,
2273 4805 2520 4873 corporis
2554 4805 2684 4863 item
2718 4805 2909 4868 robur,
2938 4806 3178 4869 speciem
3217 4806 3418 4862 libera-

105 4894 234 4946 τῶν
269 4890 480 4946 ἄλλων
511 4889 609 4941 καὶ
658 4887 1136 4956 πολυπραγμονεῖν
1186 4885 1421 4948 ἀξιοῦσι,
1479 4902 1748 4955 παραιτη-

103 4987 248 5037 τέον
331 4982 482 5050 ἡμῖν
540 4977 799 5041 ἐνταῦθα,
869 4979 928 5028 οὑ
989 4978 1149 5045 μόνον
1213 4977 1293 5028 ὅτι
1340 4975 1751 5045 καταφρονηταὶ

103 5077 380 5130 πάντων
412 5069 662 5131 ἐκείνων,
691 5069 786 5119 καὶ
833 5066 974 5136 ὑπὲρ
1000 5070 1067 5118 τὰ
1104 5067 1255 5120 κάτω
1284 5068 1377 5118 καὶ
1422 5067 1514 5118 τὸν
1547 5067 1749 5133 κόσμον

103 5173 158 5223 οἱ
187 5165 606 5236 ὑπερκόσμιοι
631 5154 777 5213 οὗτοι
794 5174 808 5190 ’
848 5159 964 5212 ἀλλ’
995 5159 1075 5211 ὅτι
1098 5159 1230 5228 μηδὲ
1251 5161 1368 5220 ταῖς
1394 5159 1493 5224 μὲν
1516 5162 1752 5228 μορφαῖς

105 5264 214 5316 καὶ
289 5259 447 5317 ταῖς
502 5254 692 5323 χρόαις
745 5252 1157 5322 δοκιμάζεσθαι,
1206 5255 1349 5303 κατα
1403 5251 1511 5302 τῶν
1569 5253 1751 5303 ἵππων

101 5357 249 5416 τοὺς
287 5346 744 5415 εὐγενεστάτους
774 5345 806 5414 ἢ
860 5344 1238 5410 ἁτιμοτάτους,
1265 5341 1423 5410 ἡμῶν
1445 5342 1499 5392 δὲ
1533 5341 1750 5409 ζωγρα-

103 5444 371 5516 φεῐσθαι
398 5439 522 5498 τοῖς
549 5436 771 5500 ἔξωθεν,
798 5433 1008 5487 δίκαιον
1031 5449 1088 5485 τε
1153 5433 1247 5484 καὶ
1311 5432 1583 5500 εὐπρεπὲς
1611 5429 1751 5484 εἶναι

102 5543 156 5594 οἱ
177 5537 372 5592 αὐτοὶ
415 5531 565 5601 μάλα
589 5527 770 5591 καλῶς
808 5524 981 5580 εἷπον.
1025 5526 1279 5585 Ἐκεινοις
1309 5524 1364 5576 δὲ
1393 5525 1571 5592 μόνοις
1617 5527 1751 5591 πρς

103 5633 212 5702 τὴν
239 5625 568 5694 εὐφημίαν
594 5620 702 5672 τῶν
753 5619 1005 5688 μεγάλων
1057 5617 1166 5669 ἀπὸ
1216 5617 1414 5685 μέρους
1466 5617 1748 5684 γρηστέον,

106 5732 232 5787 τοῖς
264 5716 690 5776 οἰκειοτάτοις.
719 5714 814 5765 καὶ
869 5711 1109 5779 γνησίοις
1136 5708 1315 5761 αὐτῶν
1368 5710 1594 5767 τούτων,
1658 5710 1750 5759 καὶ

106 5816 194 5879 οἷς
217 5812 418 5868 αὐτοὶ
484 5807 610 5867 τοὺς
642 5803 820 5856 αὐτῶν
845 5803 1180 5872 ὁμοτρόπους
1233 5802 1328 5852 καὶ
1386 5799 1516 5851 Θεοῦ
1541 5799 1746 5866 φίλους,

112 5901 457 5981 μάρτυράς
522 5914 688 5967 ςημι,
747 5897 840 5948 καὶ
889 5894 1158 5964 Ματέρας,
1215 5892 1308 5945 καὶ
1372 5891 1746 5955 διδασκάλους,

1845 4898 1976 4957 lem,
2026 4907 2081 4950 et
2136 4895 2337 4949 similia
2371 4896 2591 4949 curiose
2643 4896 2926 4964 inprimis
2985 4897 3314 4965 inquirenda
3362 4910 3419 4952 et

1847 4988 2146 5042 scrutanda
2199 4995 2450 5050 censent,
2503 4986 2557 5040 in
2609 4985 2714 5040 hoc
2753 4998 3078 5056 argumento
3113 4989 3422 5056 praateribio

1851 5094 1992 5143 mus,
2029 5094 2135 5131 non
2163 5078 2342 5131 solum
2377 5076 2522 5145 quod
2555 5077 2610 5130 hi
2648 5077 2751 5129 viri
2799 5078 2987 5132 omnia
3029 5077 3121 5131 illa
3159 5077 3423 5147 despexe-

1850 5179 1999 5234 runt,
2027 5153 2258 5236 seseque
2283 5183 2448 5236 supra
2484 5182 2572 5220 res
2605 5167 2823 5221 intimas
2862 5177 2919 5221 et
2951 5183 3116 5234 supra
3149 5169 3416 5221 mundum

1856 5263 2032 5329 ipsum
2068 5260 2391 5313 extulerunt
2423 5275 2437 5311 :
2479 5258 2573 5312 sed
2612 5258 2757 5326 quod
2792 5258 3032 5326 ipsimet.
3065 5259 3424 5327 quemadmo—

1855 5352 1984 5405 dum
2014 5365 2187 5418 equos
2220 5348 2675 5417 generosissitnos
2723 5358 2816 5401 aut
2847 5347 3270 5417 abiectissimus,
3314 5366 3420 5402 non

1854 5457 1918 5496 ex
1976 5441 2146 5493 forma
2208 5449 2302 5494 aut
2333 5439 2516 5493 colore
2570 5438 2821 5508 probari;
2871 5439 2942 5492 ita
2995 5454 3096 5491 nec
3144 5439 3421 5493 hominem

1855 5531 2120 5585 extremis
2167 5531 2386 5599 dcpingi
2443 5544 2508 5582 ac
2543 5530 2782 5584 describi
2829 5530 3033 5598 justum
3079 5541 3132 5583 et
3163 5531 3422 5583 decorum

1859 5621 2242 5690 percommode
2309 5621 2749 5688 scripserunt,et
2801 5621 2866 5674 iis
2904 5621 3169 5674 duntaxat
3229 5622 3293 5672 ad
3333 5636 3425 5674 co-

1859 5729 1976 5765 ruut
2020 5713 2280 5779 praeconii
2328 5722 2534 5780 partem
2577 5713 2813 5780 aliquant
2852 5721 3090 5775 utemur,
3133 5729 3250 5781 quze
3283 5713 3426 5780 ipso~

1858 5821 1973 5857 rum
2009 5806 2060 5856 in
2101 5803 2290 5872 primis
2333 5805 2549 5872 propria
2587 5815 2637 5854 et
2671 5820 2926 5872 germana
2960 5814 3106 5868 sunt,
3143 5813 3198 5856 ct
3227 5803 3427 5871 quibus

1855 5895 1939 5950 sui
1966 5895 2188 5961 similes,
2225 5911 2286 5949 ac
2323 5895 2416 5951 Dei
2460 5896 2683 5960 amicos,
2717 5910 3003 5966 martyres,
3054 5897 3293 5964 inquam,
3329 5897 3421 5947 Γε-
