4180 6458
741 393 845 455 779

1811 396 2230 458 ΡΙΠωΤΙΙΕΙ
2272 397 2311 455 C
2325 398 2380 456 Ρ.
2426 398 2511 456 ΡΛ
2522 399 2566 456 Τ
2580 397 2652 457 R1
2667 399 2940 459 ARCll/E

3898 408 4001 473 780

742 518 917 569 mines
953 515 1261 583 tyrannide,
1296 516 1498 570 Christi
1543 516 1747 571 virtute
1784 532 1882 586 per
1910 527 2134 572 sanctos
2177 532 2306 586 apo-

2415 514 2720 583 ἀνθρώπων
2764 516 3084 585 τυραννίδος
3125 519 3217 572 καὶ
3278 519 3421 589 βίας,
3464 520 3693 592 δυνάμει
3756 524 3995 594 Χριστοῦ

735 608 906 659 stolos
941 606 1315 674 pulcherrime
1355 606 1422 660 de
1453 607 1630 661 medio
1662 608 1893 663 sublatis
1920 646 1934 669 ,
1966 608 2129 662 aliam
2162 608 2304 660 viam

736 707 909 751 tentat
937 710 1275 767 persecutor,
1314 714 1423 751 non
1472 700 1583 769 jam
1613 700 1789 769 palam
1832 709 1885 753 et
1915 707 2102 768 apertc
2136 697 2305 757 (haud

732 788 882 840 enim
933 789 1241 842 istiusmodi
1274 791 1636 843 certaminum
1659 830 1673 849 ,
1710 798 1769 843 ut
1800 789 2043 859 undique
2076 788 2307 856 expulso

734 893 799 931 ac
835 878 1050 932 devicto
1073 918 1088 943 ,
1122 880 1277 934 locus
1306 882 1355 935 ei
1397 882 1462 935 de
1501 881 1718 951 integro
1748 881 2029 946 dabatur),
2064 882 2156 935 sed
2180 880 2307 934 dolo

735 971 1104 1039 complurium
1135 977 1361 1028 deorum
1398 975 1631 1038 cultum,
1662 985 1719 1030 et
1757 975 1945 1029 ditatum
1994 989 2182 1029 rursus
2218 975 2307 1028 iii-

734 1063 992 1118 ducens:
1042 1079 1205 1133 quam
1256 1080 1441 1119 coma
1473 1066 1748 1135 principio
1788 1066 2061 1136 quondam
2113 1074 2307 1119 contra

735 1157 1107 1224 protolilastos
1153 1158 1208 1210 in
1244 1158 1499 1225 paradiso
1544 1158 1924 1212 fraudulenter
1961 1158 2303 1226 peperisset,

738 1250 1039 1316 multisque
1088 1249 1303 1304 saeculis
1343 1259 1595 1304 naturain
1648 1261 1891 1304 nostram
1924 1264 1985 1302 ra
2016 1248 2307 1321 tyrannide

732 1352 1052 1405 oppressam
1089 1341 1381 1403 tenuisset,
1423 1342 1489 1394 ad
1516 1356 1573 1395 se
1602 1342 1785 1395 denuo
1816 1342 2064 1395 divinum
2095 1341 2303 1395 cultum

731 1434 1109 1500 honoremque
1143 1447 1394 1486 revocare
1423 1433 1711 1501 impudens
1732 1433 2023 1500 laboravit,
2057 1449 2156 1489 nec
2183 1448 2305 1487 cru-

730 1534 872 1583 Ct‘m,
917 1536 1018 1574 nec
1066 1520 1160 1575 Dei
1195 1522 1517 1591 sanguinem
1570 1526 1867 1586 reveritus,
1906 1542 2003 1595 per
2030 1541 2152 1595 qua:
2181 1541 2303 1578 rru-

731 1612 852 1665 dele
883 1617 1005 1681 ejus
1036 1613 1328 1683 imperium
1364 1614 1705 1673 destructum
1743 1630 1863 1685 est;
1896 1620 1989 1672 sed
2038 1627 2165 1688 post
2211 1618 2305 1672 de-

730 1705 1093 1759 sttuctioucut
1147 1708 1326 1762 adhuc
1383 1712 1555 1765 cauda
1610 1711 1876 1780 paipitans
1912 1711 2114 1776 draco,
2152 1719 2206 1763 et
2235 1709 2302 1762 ad

734 1796 998 1849 ultionem
1068 1801 1378 1867 luctataque
1429 1817 1654 1864 amens,
1710 1813 1763 1854 et
1820 1802 2019 1869 impius
2064 1802 2300 1865 seipsum

728 1887 1046 1954 turpissime
1101 1892 1467 1945 cxsuseitans.
1512 1893 1625 1946 lloc
1656 1902 1836 1945 autem
1874 1892 2008 1944 nihil
2044 1892 2190 1944 aliud
2218 1899 2303 1943 cst
2332 1866 2378 1925 Β

729 1995 893 2043 quam
960 1978 1492 2050 iinprobissiinarum
1551 1986 1817 2038 hmresuni
1853 1994 2041 2036 contra
2096 1983 2300 2037 Christi

730 2071 1032 2127 Ecclesiam
1060 2088 1197 2127 nova
1231 2080 1496 2145 tyrannis,
1524 2087 1579 2131 et
1610 2078 1787 2131 inanis
1812 2078 1935 2131 ﬁdei
1970 2077 2302 2144 persecutio;

731 2170 853 2228 post
902 2162 1182 2229 Nerones,
1237 2166 1483 2234 inquam,
1520 2166 1804 2237 Trajanos,
1843 2168 2057 2231 Decios,
2093 2166 2305 2219 Diocle-

730 2257 930 2319 tianos,
992 2256 1349 2312 Maximianos
1408 2268 1463 2313 et
1512 2260 1963 2323 Maxitninos,ct
2034 2269 2307 2329 quotquot

728 2344 920 2413 primae
958 2347 1255 2416 impietatis
1281 2360 1336 2403 ct
1363 2348 1551 2411 ἀθεῖας
1576 2349 1835 2420 przesides
1861 2364 1924 2404 ac
1950 2349 2120 2403 duces
2140 2349 2307 2403 exsti-

732 2448 960 2502 terunt,
999 2438 1311 2506 Sabellios,
1352 2443 1549 2507 Arios,
1602 2441 2002 2510 Apollinarios,
2049 2441 2305 2497 secundae

725 2532 915 2592 ἀθεῖας
977 2531 1295 2588 defensores
1354 2533 1514 2589 nobis
1573 2534 1861 2597 excitans,
1930 2544 1985 2589 et
2042 2534 2302 2590 Ecclesiae

728 2624 932 2678 Christi
974 2637 1374 2693 persecutores,
1428 2642 1537 2681 non
1593 2627 1777 2681 minus
1813 2642 1975 2696 quam
2021 2628 2163 2694 illos,
2193 2629 2300 2683 ni~i

726 2717 893 2770 etiam
925 2717 1240 2771 acerbiores
1276 2734 1291 2772 :
1325 2719 1471 2787 quod
1535 2734 1658 2772 cum
1693 2718 1897 2773 Christi
1950 2735 2147 2774 nomen
2195 2720 2303 2775 fer—

727 2816 873 2871 rent,
906 2807 1084 2875 inquit
1136 2810 1546 2876 (magistrorum
1611 2810 1758 2863 enim
1831 2825 2077 2864 meorum
2135 2810 2303 2864 verba

727 2898 932 2951 iterum
968 2899 1287 2968 usurpabo),
1323 2900 1728 2969 pscudochristi
1783 2914 1839 2955 et
1864 2901 2301 2955 Christianorum

730 2990 1023 3058 opprobria
1072 3002 1273 3055 erant;
1331 2992 1533 3060 quibus
1572 3003 1627 3047 et
1687 2996 1867 3048 lacere
1920 2994 2204 3063 impietas,
2248 3004 2304 3048 et

731 3082 844 3150 pati
892 3082 1133 3137 dedecus
1186 3084 1501 3149 videbatur;
1554 3085 1699 3152 quod
1750 3101 1860 3139 non
1908 3095 2163 3153 putarent
2204 3100 2305 3139 nos

2419 606 2679 659 κάλλιστα
2727 610 3032 675 γεγονότων
3068 612 3132 662 ἐκ
3182 612 3351 679 μέσου
3394 612 3481 667 διά
3514 615 3623 667 τῶν
3661 616 3826 685 ίερῶν
3862 620 3996 671 ἁπο-

2418 700 2640 764 στόλων,
2679 701 2848 771 ἄλλην
2898 702 3117 771 ἔρχεται
3163 705 3361 775 πείρας
3399 706 3518 759 ὁδὸν
3544 710 3571 759 ό
3597 708 3874 775 διώκτης·
3900 712 3997 761 οὐκ

2414 789 2493 841 ἔτι
2533 792 2629 858 μὲν
2667 795 2953 863 παρρησία
3012 793 3155 853 (οὐδὲ
3196 797 3306 865 γὰρ
3357 794 3426 865 ἦν
3474 797 3625 867 αὖτῷ
3669 797 3827 868 χώρα
3891 798 3997 849 τῶι

2411 884 2674 936 τοιούτων
2710 880 2866 947 αὖθις
2921 884 3168 952 ἀγώνων,
3213 888 3557 957 πανταχόθεν
3614 889 3997 959 ἐξεληλαμένῳ

2412 975 2509 1027 καὶ
2556 976 2896 1045 ἡττημένῳ),
2950 978 3087 1046 δόλῳ
3118 978 3174 1031 δὲ
3205 981 3305 1047 τὴν
3355 980 3520 1050 φίλην
3551 982 3875 1048 πολυθεῖαν,
3910 986 3997 1035 καὶ

2412 1066 2601 1120 ἀθεῖαν
2633 1067 2728 1118 καὶ
2781 1068 2945 1120 πάλιν
3000 1070 3261 1137 εἰσάγων,
3292 1070 3468 1140 ἥνπερ
3496 1070 3556 1135 ἐξ
3584 1074 3761 1142 ἀρχῆς
3794 1073 3996 1126 ἄνωθεν

2411 1159 2467 1211 ὲν
2498 1158 2809 1228 παραδείσῳ
2839 1158 3031 1221 δολίως
3054 1160 3320 1230 ὠδινήσας
3352 1163 3493 1216 κατὰ
3522 1163 3628 1215 τῶν
3670 1166 3996 1233 πρωτοπλά-

2410 1264 2578 1314 στων,
2615 1249 2707 1302 καὶ
2743 1250 2918 1321 ταύτῃ
2948 1254 3293 1320 τυραννήσας
3325 1254 3419 1307 ἐπὶ
3463 1255 3675 1324 μακρὸν
3700 1256 3805 1326 τὴν
3840 1257 3995 1325 ἡμῶν

2410 1338 2596 1407 φύσιν,
2625 1343 2704 1402 είς
2737 1341 2930 1393 ἑαυτὸν
2971 1340 3133 1394 πάλιν
3171 1343 3230 1395 τὸ
3253 1343 3389 1413 πρὸς
3412 1344 3544 1395 Θεζν
3577 1344 3743 1405 σέϐας
3777 1350 3873 1396 καὶ
3901 1344 3994 1414 τὴν

2406 1431 2571 1501 τιμὴν
2603 1431 2936 1486 ἐσπούδασεν
2984 1434 3184 1499 ἕλκειν,
3221 1436 3356 1504 μηδὲ
3390 1436 3483 1489 τὸν
3529 1437 3787 1504 σταυρὸν,
3821 1440 3911 1489 καὶ
3941 1438 3995 1488 τὸ

2406 1523 2543 1575 Θεοῦ
2578 1524 2818 1592 φρίττων
2857 1526 2884 1577 ό
2939 1525 3167 1594 ἀναιδὴς
3218 1521 3381 1595 αἷμα,
3412 1527 3479 1579 δι’
3529 1522 3605 1581 ὧν
3646 1530 3677 1596 ἡ
3735 1531 3996 1597 τυραννὶς

2406 1616 2573 1668 αὑτοῦ
2612 1615 2912 1685 κατελύθη·
2948 1618 3085 1669 ἀλλά
3145 1619 3238 1670 καὶ
3289 1619 3431 1687 μετά
3462 1619 3561 1686 τὴν
3600 1620 3892 1690 ἀναίρεσιν
3920 1620 3996 1670 ἔτι

2406 1708 2484 1777 τῷ
2519 1709 2726 1778 οὐραίῳ
2778 1708 3025 1777 σπαίρων
3079 1712 3107 1761 ό
3158 1709 3395 1779 δράκων,
3433 1712 3527 1762 καὶ
3593 1713 3731 1779 πρὸς
3790 1712 3997 1779 ἄμυναν

2407 1800 2571 1867 δῆθεν
2610 1803 2704 1853 καὶ
2742 1803 2921 1873 πάλην
2944 1805 2971 1855 ὁ
3005 1805 3165 1865 ἄνους
3195 1803 3291 1856 καὶ
3320 1804 3480 1865 ἄθεος
3519 1802 3714 1855 ἑαυτὸν
3740 1804 3996 1872 αἴσχιστα

2408 1892 2711 1961 διεγείρων.
2748 1894 2856 1945 Καὶ
2907 1894 3067 1946 τοῦτο
3129 1897 3223 1947 καὶ
3271 1895 3382 1947 τῶν
3422 1896 3702 1948 κακίστων
3731 1896 3996 1964 αἱρέσεων

2411 1984 2553 2036 κατὰ
2584 1985 2684 2052 τῆς
2733 1984 3067 2053 Ἢκκλησίας
3106 1987 3343 2056 Χριστοῦ
3376 1991 3634 2058 τυραννὶς
3683 1982 3873 2051 αὖθις,
3904 1988 3993 2039 καὶ

2408 2077 2436 2127 ό
2471 2077 2629 2138 κενὶς
2656 2076 2751 2140 τῆς
2791 2077 3026 2137 πίστεως
3076 2077 3333 2145 διωγμὸς,
3373 2078 3509 2147 μετά
3538 2079 3803 2149 Νέρωνάς
3834 2094 3995 2146 φημι,

2409 2169 2502 2219 καὶ
2535 2168 2866 2235 Τραϊανους,
2916 2168 3009 2220 καὶ
3058 2168 3302 2232 Δεκίους,
3341 2170 3373 2239 ἢ
3420 2169 3864 2237 Διοκλητιανοὺς,
3908 2168 3997 2218 καὶ

2410 2259 2789 2325 Μαξιμιανούς
2822 2276 2880 2311 τε
2913 2260 3006 2312 καὶ
3056 2259 3427 2329 Μαξιμίνους·
3456 2262 3547 2313 καὶ
3578 2261 3696 2313 ὅσοι
3723 2260 3825 2328 τῆς
3848 2259 3998 2328 πρώ-

2410 2366 2508 2417 της
2535 2349 2789 2412 ἁσεῆείας
2825 2350 2920 2400 καὶ
2976 2348 3163 2413 ἀθεῖας
3194 2352 3519 2419 προστάται,
3556 2349 3886 2408 Σαδελλίους
3918 2362 3995 2407 τε,

2410 2441 2505 2493 καὶ
2542 2440 2810 2508 Ἀρείους,
2839 2438 2930 2491 καὶ
2984 2439 3375 2504 Μακεδονίους,
3409 2439 3504 2492 καὶ
3545 2438 3996 2506 ’Λπολλιναρίονς

2411 2534 2542 2601 ἡμῖν
2592 2532 2900 2601 ἐξεγείρας,
2943 2533 3071 2594 τοὺς
3119 2530 3221 2600 τῆς
3270 2534 3528 2601 δευτέρας
3556 2532 3742 2591 ἀθεῖας
3776 2530 3999 2596 προμά-

2409 2641 2559 2694 χους,
2601 2625 2697 2677 καὶ
2733 2622 2971 2684 διώκτας
3020 2624 3120 2693 τῆς
3162 2624 3398 2694 Χριστοῦ
3445 2623 3795 2690 Ἐκκλησίας,
3842 2622 3999 2672 οὐδὲν

2408 2710 2574 2783 ἦττον
2604 2713 2848 2779 ἐκείνων,
2878 2717 2925 2765 εἰ
2957 2713 3032 2784 μὴ
3067 2714 3162 2766 καὶ
3214 2714 3415 2782 μᾶλλον
3443 2731 3457 2745 ο
3482 2715 3592 2783 ὅσῳ
3614 2713 3707 2765 τοῦ
3731 2712 3998 2782 Χριστοῦ,

2410 2807 2568 2876 φησὶ.
2603 2806 2859 2873 φέροντες
2889 2805 3058 2873 ὄνομα
3092 2805 3181 2872 (τὰ
3212 2808 3321 2873 γάρ
3344 2805 3452 2857 τῶν
3482 2804 3631 2872 ἐμῶν
3655 2803 4000 2855 διδασκάλων

2409 2899 2504 2951 καὶ
2564 2899 2727 2951 πάλιν
2762 2896 3111 2966 φθέγξομαι)
3161 2898 3541 2967 ψευδόχριστοι
3598 2900 3694 2948 καὶ
3725 2896 3999 2964 Χριστια-

2409 2993 2523 3053 νοῖς
2559 2991 2763 3052 ὄνειδος
2812 2986 2954 3060 ἦσαν
2980 3006 2994 3020 ·
3028 2985 3109 3053 οἷς
3143 2991 3236 3045 καὶ⁸
3275 2992 3337 3043 τὸ
3390 2992 3566 3041 ποιεῖν
3595 2988 3774 3051 ἄθεον,
3810 2990 3911 3040 καὶ
3942 2988 4001 3037 τὶ

2413 3085 2645 3153 πάσχειν
2698 3082 2906 3147 ἄδοξον,
2956 3083 3036 3153 τῷ
3100 3082 3237 3153 μηδὲ
3281 3081 3590 3135 ἀδικεῖσθαι
3630 3082 3831 3144 δοκεῖν,
3859 3078 4001 3148 μηδὲ

730 3172 871 3227 allici
908 3172 1111 3241 injuria
1170 3189 1350 3244 neque
1406 3175 1461 3229 in
1517 3192 1618 3231 nos
1673 3177 2020 3246 magnilicum
2057 3180 2302 3249 martyrii

2413 3172 2472 3224 τὸ
2502 3172 2920 3240 μεγαλοπρεπὲς
2956 3171 3128 3239 ὄνομα
3172 3172 3458 3240 προσεῖναι
3492 3170 3591 3238 τὴν
3656 3170 3999 3239 μαρτυρίαν,

730 3280 934 3319 nomen
967 3267 1285 3330 convenire,
1342 3270 1436 3323 sed
1467 3286 1567 3323 nos
1596 3270 1761 3324 etiam
1822 3270 1911 3324 hic
1946 3271 2117 3325 furari
2165 3287 2305 3340 quo-

729 3359 1029 3413 dammodo
1062 3361 1369 3425 veritatem,
1409 3372 1466 3415 et
1496 3362 1603 3430 pati
1646 3371 1704 3415 ut
1757 3362 2097 3416 Christianos
2123 3400 2136 3425 ,
2177 3378 2302 3416 cum

728 3456 948 3510 i.:terim
1006 3464 1067 3509 ut
1111 3454 1261 3524 impii
1306 3470 1497 3524 poenas
1551 3455 1977 3509 exsolverenius.
2008 3455 2184 3524 Atque
2222 3456 2303 3509 id—

729 3550 881 3601 cirro
912 3550 1209 3603 excitatum
1241 3558 1327 3602 est
1364 3548 1544 3613 nobis,
1580 3548 1778 3617 inquit,
1806 3563 1977 3602 cornu
2002 3549 2213 3612 salutis,
2246 3556 2303 3603 et

727 3641 870 3709 lapis
901 3641 1203 3711 angularis,
1236 3638 1343 3694 sibi
1396 3652 1499 3692 nos
1534 3645 1593 3692 et
1624 3646 1839 3692 nosmet
1889 3647 2079 3692 mutuo
2109 3638 2301 3692 eadem

729 3747 994 3802 compage
1031 3733 1392 3802 conjungens.
1422 3730 1669 3784 luunissa
1700 3741 1784 3784 est
1804 3744 1903 3784 suo
1930 3740 2174 3799 tempore
2207 3730 2303 3784 ιιιὶ-

726 3823 983 3878 miranda
1043 3823 1162 3876 hinc
1228 3822 1609 3891 theologorum
1688 3822 1934 3887 trinitas;
1993 3831 2088 3877 aut
2159 3824 2304 3892 ignis

729 3928 973 3983 purgans
1008 3910 1169 3966 fieces
1227 3927 1291 3965 ac
1342 3911 1554 3975 sordes,
1590 3921 1685 3965 aut
1724 3911 2088 3965 ventilahrutn
2138 3913 2305 3967 rusti-

727 4022 878 4069 cum,
904 4020 1013 4073 quo
1042 4004 1236 4058 levitas
1275 4012 1330 4058 et
1358 4005 1597 4074 gravitas
1631 4003 1946 4073 dogmatum
1975 4004 2302 4068 secernitur;

727 4108 825 4153 aut
886 4097 1090 4151 ferrum
1118 4135 1134 4161 ,
1186 4097 1489 4164 nequitiam
1546 4095 1812 4149 radicitus
1855 4096 2203 4152 exscindens.
2240 4098 2307 4152 Et

728 4189 973 4244 Verbum
1024 4202 1158 4242 suos
1191 4187 1296 4241 sibi
1334 4188 1619 4256 adjutores
1665 4188 1911 4250 invenit;
1966 4200 2021 4243 ct
2067 4190 2306 4259 Spiritus

729 4284 823 4351 qui
857 4298 956 4352 pro
991 4282 1111 4351 ipso
1156 4280 1368 4350 spirare
1417 4281 1619 4345 velint,
1653 4282 2013 4335 nanciseitur.
2058 4284 2196 4339 llinc
2223 4300 2307 4339 sc-

735 4376 915 4430 cuuda
946 4373 1165 4427 vocatio
1214 4383 1270 4427 et
1313 4373 1692 4441 apostolatus,
1745 4383 1801 4428 et
1856 4374 2134 4445 Evangelii
2168 4392 2305 4432 nova

728 4467 1073 4539 pra-dicatio,
1110 4465 1267 4520 chori
1302 4464 1525 4518 Patrum
1565 4465 1942 4534 theologorum
1964 4508 1978 4533 ,
2035 4467 2258 4537 inquam
2287 4510 2303 4535 ,

2408 3262 2545 3315 ἀλλά
2577 3262 2855 3316 κάνταῦθα
2895 3260 3223 3314 κλέπτεσθαι
3252 3264 3351 3331 τὴν
3376 3261 3655 3330 ἀλήθειαν,
3685 3264 4001 3329 πάσχοντας

2404 3358 2479 3418 ὡς
2500 3355 2865 3425 Χριστιανοὺς
2894 3354 2968 3417 ὡς
2988 3354 3204 3416 ἀσεὸεῑς
3226 3353 3574 3416 κολάζεσθαι.
3597 3353 3706 3404 Καὶ
3726 3351 3815 3402 δια
3836 3349 4005 3402 τοῦτο

2403 3446 2637 3517 ἠγέρθη,
2664 3446 2820 3514 φησὶ,
2845 3446 3011 3514 κέρας
3044 3446 3318 3515 σωτηρίας
3350 3447 3481 3515 ἡμῖν
3510 3444 3879 3515 ἠδικημένοις,
3908 3443 4005 3494 καὶ

2402 3539 2548 3601 λίθος
2581 3539 2995 3607 ἁκρογωνιαίος,
3032 3538 3268 3591 συνδέων
3314 3536 3495 3606 ἑαυτῷ
3520 3552 3578 3588 τε
3619 3536 3713 3588 καὶ
3738 3533 4005 3602 ἀλλήλοις

2401 3629 2887 3700 ἡμᾶς.Ἐνε6λήθη
2922 3630 3064 3683 κατά
3087 3629 3327 3699 καιρὺνή
3356 3628 3663 3698 θαυμαστὴ,
3690 3626 3853 3695 φημὶ,
3889 3626 4003 3677 τῶν

2406 3724 2673 3792 θεολόγων
2706 3723 2845 3793 αῦτη
2879 3724 3067 3792 τριάς·
3097 3723 3129 3791 ἢ
3168 3721 3282 3791 πῦρ
3333 3722 3698 3790 καθαρτήριον
3726 3718 3824 3786 τῆς
3855 3717 4004 3785 φαύ-

2406 3817 2507 3887 λης
2565 3816 2698 3885 ῦλης
2732 3817 2827 3869 καὶ
2877 3815 3162 3884 μοχθηρᾶς
3182 3828 3196 3843 ⁶
3227 3813 3261 3883 ἢ
3291 3815 3460 3865 πτίον
3511 3810 3837 3881 γεωργικὸν,
3869 3803 3919 3876 ᾧ
3943 3811 4004 3861 τὸ

2404 3909 2612 3976 κοῦφον
2664 3908 2772 3960 τῶν
2803 3907 3117 3976 δογμάτων,
3158 3907 3252 3959 καὶ
3279 3906 3339 3958 τὸ
3372 3905 3511 3975 βαρὺ
3544 3902 3889 3973 διακρίνεται
3915 3916 3928 3928 ⁸
3964 3905 3996 3970 ἢ

2411 4002 2659 4071 μάχαιρα
2691 4001 2786 4062 τὰς
2818 3999 2916 4068 τῆς
2952 3998 3154 4060 κακίας
3189 3999 3345 4067 ῥίζας
3395 3997 3755 4059 ὲκτέμνουσα.
3816 3994 3930 4046 Καὶ
3973 3996 4002 4044 ό

2411 4097 2584 4163 Λόγος
2612 4094 2860 4162 εὑρίσκει
2893 4090 3019 4153 τοὺς
3046 4090 3210 4152 ἰδίους
3234 4089 3583 4157 συμμάχους,
3611 4088 3707 4140 καὶ
3731 4086 3793 4138 τὸ
3820 4084 4001 4137 Πνεῦ-

2410 4205 2485 4257 μα
2520 4184 2941 4257 παραλαμὸάνει
2966 4183 3092 4242 τοὺς
3131 4181 3272 4249 ὑπὲρ
3320 4180 3485 4233 αὑτοῦ
3524 4179 3873 4257 πνεῦσοντας.
3900 4180 4001 4231 Διὰ

2406 4281 2577 4336 ταῦτα
2614 4281 2646 4350 ἠ
2677 4278 2907 4348 δευτέρα
2936 4276 3153 4344 κλῆσις,
3180 4277 3274 4326 καὶ
3298 4272 3593 4341 ἀποστολὴ,
3627 4273 3721 4324 καὶ
3751 4272 3812 4323 τὸ
3836 4272 4002 4336 εὐαγ-

2408 4372 2629 4441 γελικδν
2651 4366 2808 4431 αὖθις
2858 4371 3143 4437 κήρυγμα,
3175 4366 3271 4419 τοῦ
3310 4364 3499 4434 χοροῦ,
3534 4366 3698 4434 φημὶ,
3735 4363 3844 4416 τῶν
3876 4362 4000 4416 θεο-

2409 4462 2588 4528 λόγων
2630 4460 2914 4529 Πατέρων,
2947 4458 3090 4510 κατὰ
3126 4456 3229 4525 τῆς
3266 4456 3525 4524 δευτέρας
3584 4453 3844 4515 ἀσεϐείας
3904 4452 4001 4505 καὶ

731 4569 925 4611 contra
958 4557 1255 4611 secundam
1289 4556 1629 4623 impietatem
1681 4565 1738 4610 et
1774 4556 1985 4621 ἀθεῖαν,
2024 4561 2301 4627 apostolo-

2410 4556 2627 4617 ἀθεϊας,
2664 4554 2775 4607 τῶν
2811 4554 2949 4622 μετὰ
2998 4555 3122 4615 τοὺς
3161 4550 3493 4614 ἀποστόλους
3527 4548 3869 4612 ἀποστόλων,
3902 4549 3998 4601 καὶ

732 4664 852 4701 rum
888 4647 1101 4702 scilicet
1127 4657 1250 4716 post
1290 4646 1588 4715 apostolos,
1619 4656 1674 4700 et
1703 4648 2163 4717 evangelistarum
2184 4660 2308 4719 post

730 4742 1125 4810 evangelistas,
1168 4748 1224 4793 et
1274 4739 1656 4807 theologorum
1706 4750 1829 4808 post
1881 4741 2201 4810 theologos;
2254 4752 2310 4796 et

731 4834 954 4895 Petrus,
980 4839 1036 4883 et
1068 4830 1326 4895 Joannes,
1357 4832 1450 4900 qui
1480 4832 1738 4885 videntur
1784 4840 1838 4884 et
1866 4844 1995 4885 sunt
2042 4833 2309 4887 columna:

734 4922 997 4977 Ecclesia:
1032 4920 1233 4975 Christi
1272 4932 1366 4976 :et
1401 4935 1526 4990 post
1563 4922 1682 4975 illos
1715 4923 1912 4976 tertius
1940 4923 2047 4977 illis
2084 4925 2311 4993 conglu-

735 5017 966 5078 tinatus,
995 5023 1222 5082 etaeque
1265 5013 1621 5067 honorandus
1663 5013 1897 5079 Paulus,
1924 5015 2135 5069 tametsi
2170 5023 2313 5069 tein-

734 5124 871 5178 pore
902 5108 1065 5176 paulo
1101 5106 1396 5175 posterior;
1432 5106 1548 5160 zelo
1579 5116 1782 5167 tamen,
1835 5106 2052 5172 studio,
2080 5116 2218 5171 arte,
2256 5114 2311 5159 et

734 5197 1068 5268 cvangelicis
1094 5197 1492 5251 certaminibus
1530 5212 1648 5265 par,
1683 5198 2002 5267 eisdemque
2028 5207 2083 5250 et
2108 5198 2313 5252 confie-

734 5292 991 5354 iteratus;
1022 5290 1124 5358 ipsi
1150 5291 1386 5343 vertices
1413 5298 1466 5342 et
1501 5290 1760 5358 pitesides
1793 5290 1949 5343 chori
1989 5290 2172 5360 hujus,
2200 5291 2312 5345 sic-

737 5391 795 5435 ut
822 5391 946 5434 antc
973 5380 1219 5434 memini.

805 5474 1006 5526 Verum
1049 5472 1329 5525 enimvero
1404 5470 1706 5539 primorum
1782 5471 2173 5541 discipulmum
2257 5482 2309 5526 ct

736 5565 1110 5635 apostolorum
1168 5564 1336 5616 robur
1372 5562 1425 5614 in
1461 5561 1630 5631 signis
1671 5578 1732 5614 ac
1766 5564 2055 5630 portentis.
2090 5564 2142 5615 in
2199 5561 2308 5617 liti-

736 5657 861 5726 guis
888 5696 901 5716 ,
954 5653 1387 5709 revelatiombus
1412 5693 1427 5718 ,
1474 5653 1750 5707 vaticiniis
1802 5654 2178 5718 consistebat,
2212 5670 2310 5724 per

731 5762 858 5816 qua:
905 5747 1219 5799 universun
1252 5744 1355 5797 sub
1391 5744 1503 5797 sole
1550 5744 1812 5797 mundum
1854 5746 2217 5809 viviticarunt,
2254 5756 2309 5801 ct

733 5838 802 5893 ad
827 5855 887 5893 ea
914 5837 1094 5892 verbis
1122 5851 1229 5890 non
1293 5834 1479 5889 multis
1515 5849 1652 5903 opus
1702 5835 2035 5901 habuerunt,
2081 5836 2131 5891 id
2170 5836 2312 5905 quod

2412 4644 2817 4711 εὐαγγελιστῶν
2843 4644 2985 4711 μετά
3004 4643 3129 4704 τοὺς
3155 4640 3576 4709 εὐαγγελιστάς,
3603 4640 3700 4693 καὶ
3728 4639 3999 4706 θεολόγων

2414 4738 2553 4806 μετά
2598 4736 2725 4797 τοὺς
2770 4734 3070 4803 θεολόγους,
3098 4735 3192 4787 καὶ
3228 4736 3456 4803 Πέτρος,
3497 4735 3592 4786 καὶ
3630 4732 3909 4800 Ἰωάννης,
3947 4733 3996 4783 οἱ

2410 4824 2689 4885 δοκοῦντες
2715 4822 2807 4876 καὶ
2835 4823 2985 4885 ὄντες
3013 4822 3193 4875 στῦλοι
3237 4823 3333 4891 τῆς
3368 4820 3608 4891 Χριστοῦ
3644 4820 3992 4889 Ἐκκλησίας,

2412 4917 2506 4967 καὶ
2528 4919 2707 4985 τρίτος
2733 4915 2846 4984 μετ’
2863 4916 3104 4978 ἐκείνους
3123 4916 3149 4967 ό
3175 4914 3427 4984 συμφυὴς
3444 4914 3538 4965 καὶ
3559 4913 3823 4982 ὁμότιμος
3852 4910 3996 4963 Παῦ-

2413 5008 2527 5070 λος,
2560 5008 2607 5059 εί
2632 5010 2725 5060 καὶ
2759 5007 2837 5077 τῷ
2881 5008 3059 5077 χρόνῳ
3083 5006 3254 5077 βραχὺ
3294 5006 3413 5075 μετ’
3447 5004 3723 5068 ἐκείνους,
3747 5003 3894 5055 ἀλλά
3920 5000 3995 5071 τῷ

2415 5101 2589 5169 ζήλῳ,
2622 5102 2712 5153 καὶ
2742 5104 2805 5171 τῇ
2852 5101 3076 5170 σπουδῇ,
3109 5103 3204 5151 καὶ
3241 5101 3308 5167 τῇ
3341 5098 3528 5168 τέχνῃ,
3560 5097 3653 5149 καὶ
3682 5098 3795 5159 τοῖς
3861 5095 3995 5163 ὑπὲρ

2414 5192 2507 5245 τοῦ
2538 5194 2881 5261 Εὐαγγελίου
2917 5195 3124 5259 ἀγῶσιν
3153 5192 3264 5255 ἴσος
3313 5195 3407 5245 καὶ
3430 5190 3707 5261 όμοταγὴς
3741 5188 3989 5249 ἐκείνοις,

2416 5291 2509 5339 καὶ
2539 5287 2817 5356 σύμπνους
2837 5304 2851 5317 ·
2889 5289 2937 5339 οἱ
2981 5290 3268 5357 κορυφαῖοι
3328 5286 3423 5339 καὶ
3452 5283 3869 5354 προκαθήμενοι
3897 5278 3987 5333 τοῦ

2414 5380 2576 5450 χοροῦ
2608 5382 2819 5445 τούτου,
2862 5379 3002 5433 καθὰ
3031 5380 3094 5449 δὴ
3118 5380 3209 5431 καὶ
3239 5377 3510 5449 «potia-qv.

2500 5469 2661 5522 Ἀλλὰ
2700 5472 2812 5531 τοῖς
2848 5471 2946 5537 μὲν
2971 5468 3208 5537 πρώτοις
3241 5468 3510 5539 μαθηταῖς
3536 5486 3593 5521 τε
3632 5470 3731 5523 καὶ
3759 5473 3987 5527 ἀποστόο

2417 5561 2529 5623 λοις
2565 5563 2621 5612 ὲν
2652 5561 2900 5630 σημείοις
2930 5578 2995 5612 τε
3029 5562 3123 5613 καὶ
3155 5558 3418 5629 θαύμασι,
3451 5560 3546 5613 καὶ
3566 5562 3863 5628 γλώσσαις,
3896 5567 3984 5617 καὶ

2417 5653 2812 5719 ἀποκαλύεᾲεσι,
2860 5653 2955 5704 καὶ
3014 5653 3374 5722 προφητείαις
3424 5654 3484 5705 τὸ
3531 5654 3733 5723 κράτος
3790 5651 3879 5727 ἦν,
3919 5655 3983 5706 δι’

2418 5746 2595 5798 αὐτῶν
2628 5747 2946 5815 ζωγρήσαςι
2998 5746 3098 5814 τὴν
3162 5744 3251 5811 ὑφ’
3285 5745 3435 5813 ἥλιον
3472 5748 3683 5797 πᾶσαν·
3720 5748 3983 5814 κα“ι.βρα-

2418 5839 2515 5908 κέλ
2551 5842 2669 5890 τι·πά
2724 5837 2856 5907 πρὸς
2913 5839 3093 5890 ἐκεῖνα
3125 5836 3362 5908 δεηθεῖσι
3396 5836 3487 5890 τοῦ
3520 5838 3702 5906 λόγου,
3740 5841 3984 5905 καθαπερ
