4180 6458
229 455 326 520 781

1283 463 1666 523 LAUD.\TlO
1707 461 1956 519 TRIUM
2006 463 2432 532 DOCTORUM.

3363 471 3472 535 78?.

226 574 394 626 είπὼν
422 577 591 646 ἔφθην
611 595 624 609 ο
645 578 750 641 τοῖς
773 579 827 631 δέ
846 595 906 645 γε
931 578 1245 648 κορυφαίοις
1276 581 1503 644 τούτοις,
1528 583 1637 642 τοῖς
1670 578 1802 649 μετὰ

1908 599 2070 653 supra
2109 585 2280 654 tetigi.
2319 590 2386 641 At
2409 587 2528 642 istis
2558 587 2917 657 principibus,
2941 587 3314 656 apostolorum
3346 605 3475 644 suc-

227 669 352 726 τοῦς
403 668 734 728 ἀποστόλους
793 670 1110 732 ἀποστόλοις
1156 673 1249 723 καὶ
1306 671 1600 736 θεολόγοις,
1667 670 1804 738 μηδὲ

225 759 430 811 τούτων
463 761 658 822 ἐνδεῶς
718 761 1132 829 μηδοπωστιοῦν
1181 763 1577 831 sanat-631mb:
1624 761 1802 828 λόγοις

227 851 325 901 καὶ
357 852 483 918 περὶ
526 850 718 916 λόγους
753 848 817 921 ἦν
840 854 868 903 ό
905 853 1050 920 ἀγὼν
1080 857 1172 906 καὶ
1207 855 1267 905 τὸ
1311 855 1529 922 κράτος.
1572 853 1797 920 Ἐπειδὴ

224 942 330 1008 γὰρ
355 943 416 993 οὐ
439 945 574 1008 πρὸς
589 943 778 994 εἴδωλα
820 946 914 996 καὶ
938 945 1175 1014 φανερὰν
1197 944 1509 1010 κτισμάτων
1526 944 1800 1012 λατρείαν,

223 1034 358 1087 ἀλλὰ
387 1038 520 1104 πρὸς
544 1036 745 1101 ὕφαλόν
775 1055 896 1090 τινα
920 1039 1013 1089 καὶ
1040 1041 1426 1106 κεκρυμμένην
1473 1038 1659 1089 ἀθεῖαν
1709 1033 1804 1085 καὶ

223 1126 470 1179 δουλείαν
497 1125 650 1189 αὖθις
671 1129 987 1198 κτισμάτων
1004 1130 1030 1180 ό
1052 1127 1200 1194 ἁγὼν
1225 1124 1293 1197 ἦν
1312 1131 1419 1188 τοῖς
1439 1131 1800 1196 κυϐερνήταις

222 1218 431 1281 τούτοις
463 1219 556 1270 τοῦ
587 1218 928 1287 παγκοσμίου
955 1220 1192 1284 σκάφους
1221 1219 1317 1286 τῆς
1364 1218 1701 1286 Ἐκκλησίις.
1738 1216 1802 1268 Τί

220 1315 331 1382 γὰρ
349 1315 441 1364 καὶ
469 1313 716 1365 ἐϐούλετο
735 1315 844 1374 τοῖς
866 1311 1119 1372 διώκταις
1144 1312 1201 1362 τὸ
1227 1310 1357 1362 Θεὸν
1379 1312 1475 1378 μὲν
1489 1309 1794 1378 ὁμωνύμως

223 1405 408 1457 καλεῖν
456 1405 545 1456 τὸν
601 1407 881 1473 μονογενῆ,
915 1403 1006 1454 καὶ
1066 1404 1372 1467 όμοιύσιον.
1410 1403 1506 1454 καὶ
1537 1402 1799 1469 ὁμότιμον

220 1493 316 1545 τοῦ
349 1492 482 1545 Θεοῦ
522 1494 716 1559 Λόγον,
752 1495 831 1553 εὶς
875 1491 1078 1560 κτίσμα
1110 1492 1162 1544 δὲ
1192 1492 1380 1544 τοῦτον
1407 1495 1696 1558 κατάγειν·
1738 1491 1798 1546 τὸ

217 1585 274 1637 δὲ
308 1587 556 1653 συμφυές
611 1601 668 1635 τε
727 1583 821 1634 καὶ
855 1583 1154 1652 σύνθρονον
1201 1584 1365 1636 αὑτοῦ
1410 1583 1632 1652 Πνεῦμα
1661 1584 1798 1650 μήτε

219 1677 354 1729 Θεὸν
387 1675 701 1744 ὀνομάζειν,
727 1678 818 1728 καὶ
843 1678 922 1738 εἰς
957 1677 1135 1727 κτίσιν
1163 1677 1450 1745 κατασπᾷν
1474 1677 1675 1744 ὁμοίως
1704 1675 1799 1727 καὶ

219 1767 382 1819 τοῦτο
405 1783 418 1830 ;
444 1770 474 1835 ἡ
502 1766 737 1834 πονηρὰ,
772 1767 934 1832 φημὶ,
963 1765 1228 1833 διαίρεσις
1264 1764 1316 1816 ’Λ
1330 1768 1478 1830 ρείου
1512 1766 1599 1815 καὶ
1623 1764 1798 1821 ἀθεῖα.

221 1858 286 1910 Τί
317 1858 373 1910 δὲ
423 1859 454 1925 ὴ
512 1855 828 1917 Σαϐἑλλειος
891 1854 1185 1922 συναλοιφή
1238 1859 1328 1906 καὶ
1374 1855 1634 1923 σύγχυσις
1692 1857 1798 1908 τῶν

218 1951 390 2022 τριῶν
425 1950 504 2011 είς
535 1949 595 1999 τὸ
631 1949 724 2012 ἓν;
757 1948 831 2008 ὡς
868 1948 1007 2016 μήτε
1063 1947 1213 2016 τρία,
1249 1949 1384 2017 μήτε
1418 1949 1475 1998 ἒν
1505 1948 1624 1999 κατ’
1657 1949 1800 2000 ὲκεί-

220 2059 349 2104 νους
373 2041 433 2093 τὸ
466 2037 945 2109 προσκυνούμενον
994 2032 1160 2101 εἶναι,
1193 2040 1224 2107 ἡ
1263 2038 1422 2108 καινὴ
1455 2039 1546 2090 καὶ
1580 2038 1802 2090 ἀλλόκο-

219 2151 312 2194 τος
361 2135 537 2187 ἀθεῖα.
571 2132 647 2185 Οὐ
698 2130 803 2200 μὴν
848 2130 983 2183 ἀλλά
1015 2131 1201 2182 καὶτὸ
1251 2129 1488 2198 Χριστοῦ
1544 2129 1800 2197 φέροντες

205 2228 415 2294 ὕνομα,
452 2225 502 2277 oi
537 2222 786 2291 πολέμιοι
817 2220 1053 2292 Χριστοῦ
1109 2223 1204 2275 καὶ
1250 2222 1350 2289 τῆς
1375 2220 1538 2273 αὑτοῦ
1573 2222 1802 2292 Ἐκκλη-

220 2319 369 2380 σίας,
406 2315 710 2385 ἀμφίϐολόν
771 2333 887 2376 πως
938 2315 1303 2382 Χριστιανοῖς,
1358 2313 1390 2382 ἢ
1443 2312 1797 2382 Χριστιανῶν

218 2412 333 2471 τοῖς
386 2408 772 2478 ἁπλουστέροις
829 2423 890 2458 τε
942 2405 1039 2458 καὶ
1068 2404 1316 2473 ἀτέκνοις
1351 2405 1441 2457 τὸν
1469 2406 1655 2472 ἀγῶνα
1707 2406 1802 2458 καὶ

217 2504 319 2571 τὴν
354 2505 453 2570 τῆς
502 2501 758 2569 ἀληθείας
811 2498 1098 2567 ἀνεύρεσιν
1139 2498 1436 2551 ὲνεποίουν.
1493 2497 1593 2550 Διά
1645 2498 1802 2550 τοῦτο

218 2600 334 2655 τοῖς
369 2593 689 2664 κορυφαίοις
724 2591 834 2644 τῶν
861 2591 1198 2644 διδασκάλων
1228 2591 1355 2660 περὶ
1395 2591 1485 2642 τὸν
1514 2590 1671 2657 λόγον
1695 2591 1804 2652 πᾶς

215 2690 246 2739 ό
276 2685 430 2754 ἀγὼν
461 2682 548 2755 ἦν,
583 2687 719 2753 ὅπερ
751 2683 910 2753 ἔφην,
946 2686 1038 2737 καὶ
1094 2685 1185 2736 τὸν
1243 2683 1406 2736 αὐτὸν
1460 2683 1564 2735 ἔδει
1607 2684 1702 2735 καὶ
1743 2681 1804 2736 τδ

218 2781 425 2832 οίκείον
462 2777 758 2837 παιδεύειν,
791 2778 889 2829 καὶ
941 2776 1170 2838 πείθειν,
1207 2777 1299 2828 καὶ
1349 2776 1486 2843 προς
1521 2773 1803 2837 εὐσεϐείας

219 2873 600 2943 καταρτίζειν,
629 2872 723 2923 καί
745 2870 804 2922 τὸ
827 2869 1106 2936 ἀλλότριον
1131 2867 1639 2930 ἀποσκευάζεσθαι·
1667 2867 1806 2935 μᾶλ-

221 2967 316 3019 λον
349 2967 526 3017 δὲκαὶ
564 2964 692 3024 τοὺς
733 2963 833 3029 τῆς
884 2959 1207 3023 κακοδοξίας
1247 2960 1545 3028 ἐξελέγχειν
1577 2958 1809 3027 προστά.

217 3076 343 3122 τας,
377 3056 726 3126 βλασφημίας
772 3056 851 3116 είς
916 3052 976 3105 τὸ
1033 3052 1168 3120 ὕψος
1214 3052 1529 3112 λαλοῦντας.
1559 3052 1806 3104 Ἕθεντο

217 3153 329 3218 γὰρ
367 3149 464 3204 καὶ
495 3151 582 3213 εις
614 3147 878 3213 οὐρανὸν
901 3145 965 3198 τὸ
992 3147 1207 3213 στόμα,
1239 3143 1380 3195 κατά
1405 3143 1495 3193 τὸν
1530 3143 1800 3212 μακάριον

1907 678 2217 732 erssoribus
2250 695 2312 733 ae
2346 680 2628 750 theol03is,
2657 698 2722 735 ne
2751 680 2840 734 hic
2864 681 3083 749 quidem
3109 683 3213 735 ulla
3256 683 3469 736 raliunc

1907 772 2257 837 pauperibus,
2288 771 2342 824 iu
2397 787 2650 827 sermone
2673 815 2686 838 ,
2718 784 2773 828 et
2804 775 2948 828 circa
3001 787 3278 828 sermones
3305 786 3471 843 atque

1907 860 2212 917 doctrinam
2243 880 2406 917 omne
2438 877 2712 921 certamen
2758 883 2820 920 ac
2855 867 3022 919 robur
3047 866 3169 919 fuit.
3203 867 3472 931 Quoniam

1905 967 2012 1006 non
2049 956 2314 1010 adversus
2347 957 2489 1010 idola
2517 998 2532 1020 ,
2591 959 3049 1026 titattifesttittttltte
3097 968 3472 1011 creaturarum

1905 1045 2134 1107 cultum,
2191 1048 2284 1101 sed
2319 1058 2509 1100 contra
2542 1049 2825 1103 subdolam
2858 1049 3169 1118 quanidam,
3197 1058 3252 1101 et
3285 1048 3474 1101 occul-

1907 1148 2013 1190 tam
2049 1140 2098 1192 in
2130 1141 2298 1194 Deum
2328 1141 2685 1207 impietatem,
2725 1152 2777 1195 et
2815 1159 3006 1195 novam
3036 1158 3161 1209 erga
3191 1152 3474 1195 creaturas

1907 1230 2229 1283 servitutem
2270 1230 2555 1284 conflictus
2593 1247 2620 1285 a
2665 1231 3124 1301 gulnernatoribus
3171 1232 3288 1284 istis
3321 1233 3474 1285 navis

1905 1321 2160 1374 licelesim
2229 1323 2395 1376 totius
2436 1324 2624 1377 mundi
2686 1324 3107 1392 suscipiebatur.
3151 1322 3289 1387 Quid
3326 1325 3470 1377 enim

1903 1413 2006 1466 sibi
2053 1415 2310 1470 volebant
2365 1427 2784 1485 persecutores,
2844 1431 2966 1469 cum
3027 1416 3389 1484 unigenitum,
3420 1427 3476 1470 et.

1901 1505 2398 1572 consubstantialc,
2453 1518 2508 1561 et
2558 1509 2766 1561 honore
2821 1510 3027 1576 mquaie
3085 1510 3177 1563 Dei
3231 1508 3470 1561 Verbum

1902 1598 2182 1650 communi
2212 1598 2434 1651 nomine
2465 1599 2632 1652 Deum
2664 1599 3027 1667 appellarent.
3056 1612 3111 1656 et
3143 1601 3282 1655 idem
3326 1601 3472 1653 nihi-

1901 1687 2144 1741 lominus
2179 1690 2244 1743 ad
2274 1703 2578 1744 creaturam
2609 1707 2783 1760 usque
2827 1690 3232 1760 deprimerent;
3265 1709 3472 1746 conua-

1903 1781 2131 1833 turalem
2164 1797 2329 1850 porro
2349 1823 2363 1845 ,
2400 1793 2454 1836 et
2478 1784 2722 1852 ejusdem
2767 1785 2949 1837 throni
2978 1786 3186 1838 socium
3216 1785 3469 1852 spiritum

1903 1884 2004 1922 nec
2034 1870 2125 1924 Dei
2163 1872 2429 1926 vocabulo
2477 1875 2854 1940 nominarent,
2895 1885 2951 1929 et
2981 1877 3046 1930 ad
3095 1888 3471 1930 crcaturarmn

1906 1961 2152 2015 ordinem
2188 1963 2440 2019 similiter
2470 1966 2870 2019 detraherent?
2904 1983 3162 2036 perversa
3184 2010 3198 2033 ,
3230 1969 3472 2035 inquam,

1904 2053 2101 2107 divisio
2146 2066 2201 2108 et
2234 2057 2389 2109 ἀθετα
2433 2057 2570 2110 Arii.
2605 2058 2743 2122 Quid
2785 2058 3092 2112 Sabelliana
3135 2061 3472 2117 commistio.

1902 2154 1956 2197 et
1992 2145 2158 2197 trium
2188 2145 2242 2198 in
2277 2161 2446 2199 unum
2481 2147 2772 2202 confusio?
2803 2158 2861 2201 ut
2896 2150 3198 2203 secundum
3235 2150 3356 2203 illos
3381 2165 3476 2204 ne-

1902 2251 2008 2304 que
2043 2236 2144 2290 tria
2187 2251 2362 2306 neque
2395 2255 2564 2292 unum
2621 2247 2789 2300 esset,
2825 2239 2969 2308 quod
3021 2239 3282 2292 adoratur
3337 2253 3474 2291 nova

1905 2335 1962 2380 et
1991 2325 2227 2380 absurda
2263 2326 2443 2384 ἁθεϊα.
2479 2326 2621 2392 Quin
2684 2327 2848 2382 etiam
2898 2327 3102 2383 Christi
3157 2342 3353 2380 nomen
3385 2342 3476 2396 ge-

1905 2427 2129 2479 rentes.
2186 2417 2413 2472 dubium
2468 2417 2822 2481 Christianis,
2879 2417 2993 2473 sive
3032 2417 3474 2472 Christianorum

1918 2509 2348 2578 simplicioribus
2407 2519 2462 2564 et
2515 2510 2746 2564 rudibus
2799 2518 3072 2564 certamen
3125 2521 3181 2564 et
3231 2510 3478 2564 veritatis

1907 2602 2259 2657 inventionen
2294 2602 2588 2658 faciebant.
2611 2603 2877 2668 Quocirca
2908 2602 2976 2656 ab
3024 2601 3157 2671 ipsis
3185 2603 3473 2671 magistro-

1906 2709 2026 2746 rum
2056 2693 2360 2763 corypha'is
2393 2708 2560 2762 opera
2601 2691 2790 2746 «omnis
2825 2693 2878 2746 in
2919 2707 3227 2747 sermonem
3271 2703 3329 2746 et
3378 2693 3478 2746 do-

1907 2781 2140 2836 ctrinam
2172 2781 2366 2835 collata
2395 2791 2497 2845 est,
2519 2790 2578 2835 ut
2601 2781 2735 2846 dixi,
2764 2782 3125 2850 eumdemque
3151 2782 3477 2836 etdomesti-

1907 2887 2002 2928 cos
2049 2873 2271 2927 erudire
2307 2913 2320 2938 ,
2375 2873 2766 2942 suadendoque
2815 2872 2882 2927 ad
2930 2873 3152 2942 pietatis
3215 2888 3476 2927 numeros

1906 2980 2259 3035 componere,
2299 2977 2354 3020 et
2385 2966 2596 3020 alienos
2623 2965 2836 3019 amoliri
2865 2965 3179 3033 oportebat;
3211 2963 3327 3018 imo
3345 2978 3474 3018 vero

1908 3057 2283 3127 improbatum
2365 3057 2686 3127 opinionum
2761 3065 3023 3124 patronos
3091 3054 3418 3125 redarguere
3457 3095 3474 3119 ,

1908 3149 2276 3218 blasphemias
2305 3149 2359 3204 in
2398 3149 2567 3203 altum
2601 3149 2885 3217 loquentes
2913 3167 2925 3202 :
2961 3148 3255 3201 Posuerunt
3283 3149 3476 3216 quippe

215 3246 388 3313 φάναι
420 3241 603 3304 Δαϐὶδ,
637 3240 735 3292 καί
770 3241 807 3306 ἠ
846 3237 1096 3307 γλῶσσα
1143 3235 1342 3290 αὐτῶν
1392 3234 1646 3301 διῆλθεν
1702 3233 1799 3287 ἐπὶ

1908 3242 1962 3293 in
1993 3239 2178 3291 caelum
2203 3255 2261 3292 os
2288 3256 2461 3304 suum,
2493 3247 2552 3293 ut
2579 3239 2771 3293 beatus
2804 3238 2972 3292 David
3009 3239 3086 3293 ait
3114 3241 3157 3303 ',
3199 3246 3246 3291 ει
3291 3236 3474 3307 lingua

214 3337 332 3404 τῆς
365 3334 499 3404 γῆς,
537 3334 627 3386 τὸν
670 3331 901 3402 οὐρανὸν
945 3329 1233 3384 κλινόντων
1259 3330 1338 3391 είς
1368 3328 1494 3396 γῆν,
1535 3327 1628 3380 καὶ
1653 3326 1793 3393 μετὰ

213 3427 315 3495 τῆς
385 3425 612 3484 κλίσεως
645 3421 1032 3493 ἀριθμούντων
1060 3419 1221 3488 φύσιν
1253 3418 1352 3487 τὴν
1385 3419 1792 3488 ὑπερκόσμιονο

213 3522 282 3588 ἣν
316 3519 440 3571 οὐδὲ
474 3518 670 3586 χωρεῖν
708 3518 740 3585 ἡ
772 3515 948 3576 κτίσις
975 3512 1222 3575 δύναται,
1262 3511 1366 3564 κᾶν
1402 3498 1529 3579 μεθθ
1557 3511 1715 3580 ἡμῶν
1743 3527 1796 3563 τι

215 3614 452 3678 γένηται
515 3607 659 3676 λόγῳ
686 3605 1117 3674 φιλανθρωπίας,
1155 3603 1220 3654 ἵν’
1251 3603 1398 3672 ἡμᾶς
1421 3601 1623 3671 ἐλκύσῃ
1660 3601 1796 3671 πρὸς

213 3702 426 3770 ἑαυτὴν
459 3701 635 3771 χαμαὶ
665 3699 972 3768 κειμένους.
1023 3696 1162 3748 Ἀλλ’
1187 3697 1381 3749 ἐκεῖνοι
1416 3696 1513 3762 μὲν
1544 3694 1795 3761 τοιοῦτοι,

209 3797 318 3849 καὶ
359 3794 533 3855 οὕτως
561 3793 796 3862 ἔχοντες,
832 3790 982 3844 ἄλλοι
1015 3789 1344 3858 Σεναχερείμ
1372 3804 1534 3851 τινες,
1570 3789 1666 3839 καὶ
1687 3788 1798 3840 Να-

213 3886 664 3957 ϐουχοδονόσοροι
705 3882 848 3936 κατά
890 3881 1250 3951 Ἰερουσαλήμ
1298 3898 1357 3933 τε
1387 3883 1481 3933 καὶ
1522 3879 1795 3943 Ἰουδαίας,

210 3976 247 4044 ἢ
285 3975 528 4044 Δαρεῖοι,
561 3975 654 4025 καὶ
710 3970 930 4042 Ξέρξαι,
962 3972 1055 4023 καὶ
1103 3971 1137 4039 ὴ
1177 3969 1612 4040 πολυθρύλλητος
1664 3971 1800 4040 Περ-

209 4073 355 4140 σικὴ
394 4069 642 4136 στρατιὰ,
665 4068 758 4121 καὶ
789 4067 1024 4139 ἀριθμοῦ
1055 4067 1342 4138 κρείττων,
1372 4066 1443 4129 ὣς
1476 4083 1630 4137 φασι,
1659 4066 1800 4119 κατά

211 4164 326 4230 τῆς
372 4161 643 4220 Ἑλλάδος.

289 4253 516 4306 Μᾶλλον
538 4250 593 4303 δὲ
626 4253 738 4311 τοῖς
788 4249 1133 4310 διδασκάλοις
1211 4249 1425 4312 τούτοις
1481 4250 1578 4303 καὶ
1647 4249 1801 4313 αὖθις

201 4346 303 4396 δεῖ
339 4342 741 4412 παραχωρῆσαι
773 4340 867 4393 τοῦ
896 4339 1079 4409 λόγου,
1108 4344 1173 4393 τὰ
1201 4342 1415 4393 ἑαυτῶν
1448 4342 1588 4412 ὑπὲρ
1620 4343 1800 4394 πᾶσαν

216 4441 323 4490 καὶ
346 4437 619 4503 γλῶτταν,
652 4435 816 4504 φημὶ,
851 4436 944 4487 καὶ
972 4435 1213 4488 διάνοιαν
1244 4434 1438 4500 ἄριστα
1465 4435 1800 4498 διδάσκουσι,

211 4534 318 4586 καὶ
343 4531 425 4592 ὼς
457 4529 628 4591 οὐδείς
659 4545 742 4580 πω
777 4527 884 4579 τῶν
910 4526 1149 4579 πάντων.
1193 4523 1300 4578 Ἦν
1338 4528 1428 4579 ὅτε
1460 4527 1679 4595 ἤκμαζε
1735 4527 1802 4581 τά

1901 3348 2082 3386 eorum
2123 3333 2367 3386 transivit
2399 3332 2455 3384 in
2484 3340 2689 3385 terram
2721 3371 2734 3396 ,
2768 3329 2898 3384 dum
2943 3332 3143 3386 cadum
3185 3333 3238 3386 in
3273 3343 3473 3390 terram

1901 3426 2189 3489 inclinant,
2221 3435 2276 3479 et
2325 3439 2452 3479 eum
2495 3433 2746 3479 creatura
2783 3433 3031 3478 naturam
3072 3428 3475 3494 supermunda-

1899 3533 2024 3572 nam
2054 3526 2367 3580 numerant,
2393 3531 2556 3585 quam
2585 3525 2760 3583 neque
2789 3515 3263 3584 comprehendere
3289 3530 3474 3572 creata

1902 3624 1992 3663 res
2027 3618 2210 3679 potest
2237 3625 2252 3674 ;
2281 3609 2382 3662 etsi
2414 3623 2479 3661 ex
2513 3607 2846 3676 benignitate
2882 3606 3158 3676 quidpiam
3190 3608 3475 3662 nobiscum

1895 3701 2081 3756 factus
2110 3709 2218 3763 est,
2248 3708 2307 3752 ut
2336 3714 2437 3753 nos
2489 3698 2915 3777 bumi'jaceutes
2955 3698 3021 3750 ad
3053 3712 3110 3751 se
3151 3701 3474 3756 attraberct.

1901 3791 2171 3845 Cancrum
2215 3789 2290 3842 illi
2338 3788 2555 3856 quidem
2587 3788 2721 3842 tales
2761 3796 2885 3840 sunt
2915 3828 2929 3851 ,
2973 3794 3029 3841 et
3056 3787 3132 3840 ita
3162 3802 3219 3841 se
3251 3788 3473 3844 habent.

1905 3883 2010 3936 Alii
2061 3881 2418 3937 Senacberibi
2451 3889 2506 3934 et
2551 3879 3127 3934 Nabuchodonosores
3159 3891 3350 3933 contra
3383 3880 3476 3934 Je-

1905 3975 2172 4036 rusalem,
2198 3982 2254 4027 et.
2281 3972 2524 4026 Judwam
2554 3971 2935 4037 inveniuntur;
2972 3981 3062 4024 aut
3090 3971 3231 4024 Darii
3263 3983 3318 4024 et
3345 3970 3457 4023 Xer

1903 4081 2026 4129 xes,
2056 4075 2111 4120 et
2146 4064 2235 4119 ille
2273 4063 2412 4117 fama
2445 4062 2765 4116 notissimus
2811 4071 2865 4115 et
2916 4062 3328 4116 innumerabilis
3384 4063 3478 4116 ad-

1906 4169 2102 4210 versus
2136 4153 2399 4208 Grzeeiam
2431 4151 2720 4204 Persarum
2753 4151 3053 4201 exercitus.

1976 4259 2045 4312 At
2073 4256 2221 4312 enim
2257 4263 2479 4324 praestat
2512 4251 2792 4321 magistris
2822 4250 2972 4305 bisce
3006 4265 3222 4304 rursum
3258 4251 3481 4304 auscul-

1908 4359 2045 4413 tare,
2084 4363 2182 4402 sua
2231 4347 2307 4400 ita
2354 4345 2709 4403 docentibus,
2749 4350 2808 4394 ut
2842 4341 3043 4396 melius
3087 4340 3235 4394 nulla
3267 4341 3474 4410 lingua,

1907 4442 2120 4497 nullum
2175 4439 2455 4511 ingenium
2504 4437 2702 4507 possit.
2748 4435 2899 4494 Erat.
2934 4435 3135 4501 inquit,
3173 4449 3294 4487 cum
3331 4433 3480 4502 vige-

1909 4544 2035 4590 rent
2070 4550 2159 4589 res
2187 4540 2410 4594 nostrae,
2445 4541 2502 4584 et
2533 4530 2678 4584 bono
2716 4529 2839 4581 loco
2875 4535 3060 4581 essent
3084 4543 3101 4593 ;
3125 4527 3346 4595 quando
3370 4530 3479 4580 sci-

208 4577 512 4692 ἧᾷὲῖξρςέξ
525 4577 1215 4689 ᾆτίέτιζᾶαἶκαᾷὼςειχέν,
1275 4577 1434 4685 ἡνίκα
1460 4577 1654 4685 {sibi
1710 4577 1802 4669 πεῖ
1835 4577 1880 4631 θ

209 4717 418 4786 ριττὸν
439 4713 614 4776 τοῦτο,
647 4711 741 4764 καὶ
786 4709 1329 4775 κατεγλωττισμένον
1369 4711 1467 4779 τῆς
1526 4707 1802 4774 θεολογίας

205 4810 314 4862 καὶ
366 4805 614 4872 ἔντεχνον
642 4801 761 4854 οὐδὶ
790 4800 1024 4871 πάροδον
1051 4795 1196 4869 εἶχεν
1247 4801 1327 4862 είς
1373 4802 1473 4861 τὰς
1520 4798 1670 4861 θείας
1701 4799 1802 4852 αὐ-

201 4903 339 4965 λὰς.
369 4900 433 4953 τι
467 4899 521 4950 δὲ
553 4894 758 4949 ἁπλοῦν
782 4910 837 4946 τε
864 4896 957 4946 καὶ
1004 4895 1224 4960 εὐγενὲς
1275 4892 1371 4946 τοῦ
1423 4893 1583 4960 λόγου
1645 4894 1803 4946 εὐσε-

205 4997 336 5046 ϐεῖν
374 4989 681 5057 ἐνομίζετο.
724 4979 926 5055 Ἀφ’οῦ
955 4983 1012 5038 δὲ
1067 4984 1273 5049 Σέξτοι,
1324 4984 1421 5037 καὶ
1485 4985 1801 5054 nassam,

201 5089 309 5140 καὶ
347 5086 384 5153 ἡ
442 5082 716 5143 άντίθετος
765 5079 1008 5144 γλῶσσα,
1066 5075 1324 5145 ὧσπερτι
1379 5076 1594 5144 νόσημα
1631 5078 1805 5129 δεινὸν

202 5179 311 5232 καὶ
360 5173 633 5243 κακόηθες
683 5172 782 5233 τὰς
829 5167 1123 5238 ἐκκλησίας
1170 5169 1327 5237 ἡμῶν
1367 5170 1670 5236 είσέφθειρε
1708 5171 1814 5221 καὶ-

204 5270 241 5338 ή
276 5266 534 5335 φλυαρία
565 5263 844 5323 παίδευσις
875 5259 1043 5325 ἔδοξε,
1095 5259 1191 5313 καὶ
1226 5260 1252 5312 ὃ
1292 5276 1425 5328 φησι
1452 5260 1580 5328 περὶ
1638 5259 1804 5330 Ἀθη-

204 5363 398 5414 ναίων
431 5358 463 5426 ὴ
489 5355 665 5426 βίϐλος
694 5353 802 5406 τῶν
837 5353 1118 5423 Πράξεων,
1151 5353 1228 5413 είς
1257 5351 1408 5403 οὐδὲν
1435 5352 1564 5404 ἄλλο
1619 5352 1806 5404 εὐκαι-

207 5453 442 5527 ροῦμεν
471 5449 502 5518 ἢ
539 5448 717 5516 λέγειν
762 5465 813 5499 τι
838 5448 932 5498 καὶ
966 5445 1189 5497 ἀκούειν
1219 5443 1553 5511 καινότερον·
1601 5445 1805 5512 ταύτης

203 5548 314 5616 τῆς
345 5543 560 5609 λύσσης
589 5538 791 5608 ἤρξατο
820 5537 920 5606 μὲν
956 5538 1175 5603 ’Δρειος
1206 5536 1235 5588 ό
1279 5536 1378 5604 τῆς
1412 5536 1607 5605 μανίας
1658 5535 1804 5587 amb.

204 5655 428 5710 νόμος,
457 5636 516 5699 ὃς
545 5637 640 5688 καὶ
669 5634 825 5703 δίκην
865 5632 1067 5685 ἔδωκεν
1098 5629 1400 5683 ἀκολάστου
1429 5629 1681 5698 γλώσσης
1709 5628 1805 5696 τὴν

204 5739 270 5789 ὲν
307 5729 575 5803 βεϐήλοις
612 5728 792 5791 τόποις
823 5726 1139 5791 κατάλυσιν,
1172 5725 1338 5794 εὐχῆς
1378 5724 1537 5809 ἔργον
1558 5724 1619 5775 οὑ
1654 5727 1806 5777 νόσου

1907 4627 2040 4682 licet
2073 4628 2176 4681 ista
2209 4636 2640 4694 supervacanea,
2676 4620 3083 4687 verborumque
3115 4617 3254 4672 fucis
3279 4627 3334 4672 et
3359 4626 3479 4671 arte

1904 4721 2175 4773 instructa
2229 4713 2495 4770 tradenda
2568 4711 2858 4781 theologia:
2912 4711 3053 4764 ratio
3122 4709 3189 4762 ad
3262 4710 3477 4765 divinas

1904 4811 2093 4867 caulas
2169 4824 2452 4865 accessum
2519 4806 2840 4874 neutiquam
2877 4802 3192 4872 reperiebat
3229 4817 3242 4855 :
3283 4812 3478 4856 contra

1905 4905 2139 4974 simplex
2173 4914 2229 4958 et
2262 4904 2497 4971 ingenua
2542 4897 2720 4952 oratio
2765 4899 2939 4965 pietas
3005 4894 3335 4947 ducebatur.
3369 4891 3477 4947 Sed

1907 5007 2196 5065 postquam
2244 4993 2394 5048 Sexti
2446 5001 2501 5044 et
2553 4987 2907 5059 Pyrrhones,
2944 4996 3002 5040 et
3053 4985 3476 5040 contradicendi

1908 5089 2154 5144 studiosa
2203 5087 2411 5155 lingua,
2447 5083 2587 5136 haud
2621 5095 2782 5135 secus
2816 5096 2975 5150 quam
3028 5081 3209 5148 gravis
3247 5079 3475 5147 quidam

1908 5181 2151 5241 morbus,
2172 5189 2225 5230 et
2257 5191 2420 5246 prava
2455 5171 2799 5228 consuetudo
2832 5171 3089 5224 ecclesias
3114 5181 3327 5224 nostras
3353 5185 3478 5225 eor-

1911 5274 2096 5343 rupit,
2148 5281 2204 5326 et.
2259 5268 2546 5339 nugacitas
2593 5267 2709 5319 visa
2761 5273 2848 5318 est
2896 5262 3176 5326 eruditio;
3219 5270 3274 5313 et
3324 5260 3471 5329 quod

1908 5368 2166 5419 Actorum
2197 5362 2338 5415 liber
2378 5359 2444 5414 de
2479 5355 2910 5412 Atheniensibus
2941 5353 3109 5406 refert
3141 5352 3181 5415 ⁸,
3221 5351 3284 5404 ad
3336 5351 3473 5404 nihil

1910 5455 2056 5510 aliud
2096 5468 2383 5516 vacamus,
2425 5465 2588 5521 quam
2625 5448 2690 5501 ad
2725 5445 3020 5500 dicendum
3070 5443 3477 5496 audiendumve

1910 5545 2115 5614 aliquid
2162 5545 2324 5607 novi;
2382 5542 2530 5595 hunc
2583 5540 2826 5592 furorem
2868 5535 3029 5589 Arius
3061 5534 3174 5593 ille.
3205 5549 3232 5585 a
3290 5533 3478 5584 furore

1912 5637 1963 5703 (a
2011 5635 2200 5693 Marte)
2238 5647 2438 5686 nomen
2480 5628 2752 5692 scrtitus,
2803 5625 3117 5689 inchoavit;
3167 5622 3258 5691 qui
3312 5622 3477 5674 etiam

1911 5727 2212 5795 petulantis
2244 5725 2441 5792 linguae
2466 5722 2795 5791 supplicium
2828 5717 3075 5786 pertulit,
3107 5717 3158 5768 in
3192 5715 3327 5768 locis
3359 5726 3485 5767 sor-

292 5893 314 5923 '
355 5888 567 5944 Psalm.
599 5899 766 5951 uxu,
794 5885 850 5937 9.
927 5884 948 5914 '
981 5883 1098 5938 Act.
1131 5880 1354 5950 “11,22
1383 5895 1498 5952 seq.
