4180 6458
728 419 831 481 787

1790 366 2213 471 rumorum
2255 407 2360 469 cp.
2405 406 2915 474 PATltlA‘dClMt

3868 400 3978 467 788

724 532 997 595 h‘a‘altale,
1025 530 1183 583 nolite
1219 530 1421 583 timere.
1453 524 1764 579 Sacerdotes
1801 525 2076 587 loquimini
2115 526 2185 577 ad
2211 539 2299 577 cor

2417 525 2642 598 πριστοῦ
2684 527 3012 595 Ἐκκλησίαν
3043 524 3230 593 φημί).
3252 523 3541 593 ’Υψωσον
3566 538 3638 588 τῃ
3677 521 3833 587 ἰσχύι
3868 522 3981 585 τὴν·

719 622 1039 677 Jerusalem.
1085 619 1311 675 Dimisso
1355 627 1429 672 est
1470 618 1607 670 enim
1642 617 1895 685 iniquitas
1939 612 2087 670 illius
2122 614 2191 668 ".
2233 614 2295 667 Ει

722 714 836 766 hare
870 711 1094 779 quidem
1124 710 1408 763 hactenus.

798 815 904 871 Sed
944 816 1201 883 quoniam
1234 824 1289 868 et
1327 814 1694 883 speculatoris
1722 813 1840 879 Dei,
1877 820 1933 867 et
1970 810 2299 881 legislatoris

726 904 915 968 Musis,
950 906 1204 958 similiter
1243 904 1490 975 ejusdem
1527 912 1891 972 spectatores,
1927 912 1983 957 et
2022 901 2300 970 legislatu-

728 1012 840 1062 res,
873 997 940 1051 de
987 998 1097 1051 Deo
1130 997 1582 1067 philosophantes
1624 1005 1681 1049 et
1721 996 1984 1048 docentes
2029 993 2083 1046 hi
2137 992 2299 1060 paulo

724 1099 853 1145 ante
880 1092 1281 1145 meminerant:
1304 1088 1567 1152 aitenim,
1590 1089 1642 1142 in
1675 1088 1875 1142 nubem
1904 1084 2298 1154 ingrediamur,

731 1183 801 1235 da
833 1182 965 1236 mihi
998 1180 1210 1235 tabulas
1235 1178 1419 1235 cordis
1447 1180 1524 1232 tui
1554 1195 1566 1231 :
1605 1194 1724 1232 sum
1757 1178 1853 1232 tibi
1891 1176 2066 1230 Moses
2091 1176 2305 1245 (quam-

729 1274 815 1325 vis
848 1273 951 1326 hoc
982 1272 1131 1326 dictu
1178 1271 1354 1324 audax
1380 1271 1496 1337 sit),
1530 1270 1767 1323 inscribo
1801 1268 1972 1336 digito
2007 1266 2101 1320 Dei
2139 1267 2301 1320 deca-

730 1364 952 1432 logum;
987 1362 1231 1417 inscribo
1261 1360 1647 1429 compendium
1681 1358 1912 1412 salutis:
1947 1371 2014 1411 ne
2046 1356 2148 1409 hoc
2179 1354 2301 1424 qui-

732 1456 857 1508 dem
897 1454 1293 1507 transeundum
1324 1453 1541 1519 Opinor,
1573 1452 1702 1516 quin
1732 1464 1831 1518 pro
1870 1448 2082 1502 viribus
2124 1446 2306 1499 οοιιεί-

733 1546 1028 1599 deremus:
1061 1543 1360 1611 praesertim
1396 1558 1521 1596 cum
1562 1542 1630 1594 ab
1665 1542 1796 1609 ipsis
1835 1540 1972 1593 adeo
2001 1539 2308 1593 sublimiter

732 1645 787 1690 et
818 1633 1101 1704 magniﬁce
1135 1634 1411 1703 prolatum
1461 1634 1553 1687 sit.
1603 1632 1745 1696 Quid
1804 1631 2011 1697 igitur?
2043 1629 2174 1694 Qua:
2224 1638 2310 1682 est

735 1727 913 1779 oratio
947 1725 1108 1778 mea?
1142 1723 1205 1777 lli
1237 1738 1476 1792 quoque,
1510 1731 1568 1775 ut
1600 1723 1775 1776 Moses
1822 1722 1910 1775 ille
1944 1719 2306 1781 clarissimus,

737 1815 1003 1883 pastorali
1036 1814 1185 1881 virga
1222 1814 1291 1866 ah
1335 1827 1403 1866 eo
1430 1812 1524 1880 qui
1556 1821 1662 1874 est,
1708 1811 1811 1865 sibi
1863 1811 2080 1874 tradita,
2122 1809 2307 1877 diique

738 1903 1045 1960 Pharaonis
1096 1915 1154 1958 et
1191 1902 1409 1956 hostilis
1439 1902 1717 1955 exercitus
1764 1900 1887 1969 ejus
1933 1899 2213 1968 appellati,
2253 1900 2306 1950 in

739 1995 1086 2050 tenebrosam
1130 2005 1186 2050 et
1246 1995 1675 2064 persecutricem
1724 1992 2048 2062 Egyptum,
2088 1991 2143 2045 in
2191 2006 2315 2061 per-

738 2102 973 2151 versam,
992 2088 1239 2156 inquam,
1259 2094 1314 2139 et
1341 2085 1553 2139 ratione
1574 2094 1854 2139 carentem
1880 2084 2071 2136 άθεῐαν
2091 2082 2315 2136 descen-

737 2180 956 2241 derunt,
990 2179 1284 2247 divinoque
1320 2179 1514 2242 verbo,
1558 2187 1615 2231 et
1668 2176 1840 2246 digito
1871 2176 1993 2240 Dei,
2026 2175 2167 2229 sicut
2198 2175 2310 2236 ille,

738 2272 914 2343 plagis
954 2272 1268 2325 saevissimis
1319 2287 1437 2325 eam
1471 2271 1829 2337 ﬂagellorum.
1890 2268 2099 2324 Deinde
2144 2268 2311 2322 ctiam

739 2366 1003 2435 populum
1041 2364 1256 2418 Domini
1302 2365 1428 2417 inde
1459 2365 1793 2427 educentes,
1826 2363 1882 2415 in
1914 2377 2077 2414 manu
2118 2361 2316 2427 potenti

741 2466 792 2509 et
822 2456 1033 2509 brachio
1060 2454 1259 2509 excelso
1283 2456 1351 2520 ",
1390 2454 1720 2522 profundum
1762 2454 1909 2508 falsae
1949 2453 2314 2520 inﬁdelitatis,

744 2544 897 2612 ligno
927 2546 1134 2609 crucis,
1170 2554 1336 2612 atque
1383 2545 1438 2597 in
1472 2560 1536 2597 eo
1574 2544 1747 2597 suﬁixi
1779 2543 2101 2596 admiranda
2139 2543 2317 2596 imita-

745 2635 920 2697 tione,
952 2645 1006 2688 et
1035 2636 1317 2689 communi
1361 2637 1537 2689 salute
1561 2674 1575 2698 ,
1607 2649 1771 2701 quant
1820 2634 1875 2687 in
1921 2633 2103 2687 medio
2152 2641 2316 2687 terra:

743 2723 864 2790 ipse
911 2724 1063 2779 solus
1095 2733 1356 2793 operatus
1394 2732 1517 2782 est,
1558 2732 1679 2790 post
1728 2722 1914 2788 illum,
1960 2728 2017 2775 et
2062 2736 2187 2775 cum
2221 2720 2316 2774 illo

744 2815 1208 2882 pertransierunt,
1243 2814 1688 2885 Egyptiumque,
1718 2823 1773 2869 et
1821 2815 2114 2882 superbam
2164 2828 2316 2866 men-

747 2916 896 2969 tem,
944 2905 1285 2959 Pharaonem
1337 2906 1483 2971 dico,
1516 2907 1609 2974 qui
1655 2906 1839 2960 animo
1867 2907 2135 2973 cernitur,
2186 2921 2312 2960 cum

747 2995 1004 3051 omnibus
1059 2997 1233 3066 copiis
1280 2997 1716 3063 submerserunt,
1743 3010 1935 3066 equos,
1971 3006 2026 3050 et
2063 3011 2320 3050 ascenso-

747 3104 862 3151 res,
900 3097 955 3141 et
984 3087 1155 3142 duces
1182 3088 1387 3142 ibidem
1430 3088 1659 3142 marinis
1688 3091 1846 3156 aquis
1878 3089 2183 3143 obruerunt
2211 3104 2225 3152 ;
2259 3098 2316 3142 et

2400 626 2607 696 φωνήν
2627 642 2764 687 σου,
2786 629 2817 679 ό
2836 623 3354 692 εἴπῃ-ελιζόμενος
3371 617 3787 687 Ἰερουσαλήμ.
3805 615 3985 668 λέλου-

2397 736 2492 772 ται
2517 719 2627 786 γὰρ
2649 720 2686 784 ἡ
2706 717 2903 771 ἀδικία
2929 712 3135 779 αὐτῆς.
3156 714 3264 767 Καὶ
3284 712 3456 767 ταῦτα
3489 710 3586 779 μὲν
3604 710 3681 763 εἰς
3701 705 3976 757 τοσοῦτον.

2483 808 2624 862 Ἀλλ’
2661 809 2784 861 ἐπεὶ
2820 808 2914 860 καὶ
2944 806 3038 859 τοῦ
3088 805 3320 857 θεόπτου
3375 802 3470 855 καὶ
3520 798 3813 867 νομοθέτου
3848 797 3978 849 Mm-

2405 901 2543 964 σέως
2581 902 2632 954 oi
2676 901 2904 953 θεόπται
2958 900 3054 952 καὶ
3117 896 3407 965 νομοθέται
3452 890 3833 958 θεολογοῦντες
3886 887 3981 939 καὶ

2401 994 2745 1054 διδάσκοντες
2787 986 2933 1045 οῦτοι
2984 989 3091 1059 πρὸ
3136 987 3366 1058 βραχέος
3417 984 3767 1053 ἐμνήσθησαν
3794 996 3807 1009 ο
3852 977 3983 1030 εἴσω

2403 1087 2499 1138 καὶ
2538 1084 2847 1153 γὰρ,φησὶ,
2894 1086 2992 1150 τῆς
3045 1082 3273 1148 νεφέλης
3328 1078 3704 1147 χωρήσωμεν·
3746 1072 3834 1134 δός
3894 1086 3981 1137 μοι

2404 1176 2502 1239 τὰς
2542 1177 2754 1237 πλάκας
2781 1175 2878 1238 τῆς
2924 1174 3025 1242 σῆς
3058 1171 3285 1242 καρδίας
3312 1187 3327 1202 ο
3364 1167 3590 1237 γίνομαί
3624 1180 3706 1216 σοι
3733 1162 3978 1225 Μωῦσῆς

2408 1273 2479 1343 (εί
2532 1272 2626 1323 καὶ
2668 1269 2941 1339 τολμηρὸν
2983 1267 3182 1334 εἰπεῖν)
3209 1284 3221 1297 ·
3259 1265 3527 1331 ἐγγράφω
3555 1256 3808 1323 δακτύλῳ
3839 1252 3976 1304 Θεοῦ

2407 1366 2526 1418 νέον
2555 1363 2848 1430 δεκάλογον
2870 1379 2884 1393 ο
2924 1360 3190 1431 ἐγγράφω
3221 1357 3484 1423 σύντομον
3517 1350 3791 1418 σωτηρίας
3813 1362 3828 1378 ⁵
3863 1345 3985 1399 ούδέ

2405 1458 2564 1511 τοῦτο
2622 1459 2756 1518 δεῖν,
2803 1450 2980 1523 οἶμαι,
3030 1450 3411 1521 παραδραμεῖν
3466 1446 3780 1513 ἀθεώρητον
3842 1438 3985 1492 κατά

2407 1549 2657 1616 δύναμιν,
2703 1547 2799 1598 καὶ
2852 1545 3088 1613 μάλιστα
3140 1540 3275 1609 παρ’
3329 1538 3511 1592 αὐτῶν
3563 1537 3787 1587 ἐκείνων
3845 1530 3986 1583 οῦτω

2410 1640 2577 1710 ῥηθὲν
2609 1637 2829 1706 ὑψηλῶς
2858 1652 2919 1688 τε
2958 1635 3053 1687 καὶ
3084 1630 3540 1703 μεγαλοπρεπῶς.
3575 1628 3640 1678 Ti
3680 1621 3773 1677 οὖν
3807 1637 3987 1689 φημις

2415 1736 2523 1786 Καὶ
2555 1734 2637 1795 τίς
2664 1733 2692 1782 ὁ
2721 1732 2850 1799 ἐμὸς
2883 1729 3078 1795 λόγοςς
3110 1727 3220 1778 Καὶ
3269 1716 3437 1785 οὗτοι,
3474 1720 3613 1772 κατα
3655 1716 3861 1771 Μωσέα
3900 1714 3990 1765 τὸν

2418 1826 2591 1895 μέγαν
2621 1822 2719 1891 τὴν
2741 1817 3112 1887 ποιμαντικὴν
3148 1814 3345 1883 ῥάϐδον
3370 1809 3805 1880 ἐγχειρισθέντες
3836 1805 3989 1872 παρά

2414 1918 2506 1972 τοῦ
2540 1916 2714 1981 ὄντος,
2742 1914 2838 1967 καὶ
2863 1912 2978 1965 θεοὶ
3010 1908 3208 1977 Φαραὼ
3238 1905 3581 1976 χρισθέντες,
3605 1901 3701 1953 καὶ
3730 1899 3831 1965 τῆς
3858 1898 3990 1962 περὶ

2414 2010 2578 2064 αὐτὸν
2611 2004 2996 2075 ἀντικειμένης
3027 2001 3332 2070 δυνάμεως,
3362 1996 3443 2059 εἷς
3475 2010 3534 2048 τε
3566 1993 3667 2062 τὴν
3703 1986 3989 2055 σκοτεινὴν

2416 2104 2511 2156 καὶ
2564 2101 2862 2168 διώκτριαν
2917 2096 3213 2161 Αἴγυπτον,
3247 2089 3348 2160 τὴν
3402 2087 3649 2156 πονηράν
3696 2100 3844 2151 φημι
3898 2080 3994 2132 καὶ

2414 2195 2699 2261 ἀλόγιστον
2759 2190 2969 2250 ἀθεῖαν,
3018 2185 3308 2252 κατῆλθον,
3359 2182 3454 2233 καὶ
3502 2180 3647 2247 λόγῳ
3706 2176 3859 2243 θείῳ,
3897 2173 4000 2224 καὶ·

2415 2287 2665 2356 δακτύλῳ
2704 2281 2862 2343 Θεοῦ,
2899 2281 3018 2334 κατ’
3078 2280 3305 2339 ἐκεῖνον,
3369 2274 3604 2342 πληγαῖς
3654 2269 3993 2338 βαρυτάταις

2415 2379 2620 2446 ταύτην
2663 2374 2980 2443 ἐμάστιξαν.
3020 2367 3156 2422 Εἶτα
3211 2368 3307 2420 καὶ
3352 2366 3443 2418 τὸν
3491 2363 3584 2416 τοῦ
3619 2361 3830 2428 Κυρίου
3865 2357 3994 2409 λαὸν

2416 2471 2625 2525 ἐκεῖθεν
2683 2465 3066 2533 ἐξαγαγιεντες,
3107 2461 3178 2514 ἐν
3230 2458 3381 2527 χειρὶ
3439 2451 3689 2524 κραταιᾷ
3754 2450 3885 2503 καὶ.
3923 2449 3994 2501 ἐν

2410 2565 2695 2633 ,βραχίονι
2742 2555 2982 2627 ὑψηλῷ,
3018 2555 3115 2607 τόν
3147 2570 3206 2604 τε
3237 2552 3397 2621 βυθὸν
3447 2550 3544 2617 τῆς
3576 2545 3827 2613 ἁλμυρᾶς
3863 2543 3997 2593 ἀπι-

2417 2656 2570 2714 στίας
2606 2652 2749 2719 ξύλῳ
2780 2646 3039 2716 σταυροῦ,
3070 2646 3164 2698 καὶ
3192 2644 3256 2713 τῇ
3302 2641 3397 2694 τοῦ
3434 2642 3490 2690 ἐν
3533 2636 3685 2703 αὐτῷ
3715 2635 3993 2697 παγέντος

2418 2747 2705 2814 θαυμαστῇ
2738 2740 3038 2810 ἐκμιμήσει
3062 2739 3157 2790 καὶ
3182 2736 3336 2803 κοινῇ
3361 2731 3627 2799 σωτηρία,
3653 2728 3720 2796 ἢν
3751 2728 3808 2777 ἐν
3840 2727 3996 2793 μέσῳ

2418 2843 2517 2909 τῆς
2548 2842 2651 2907 γῆς
2684 2836 2845 2897 αὐτὸς
2897 2834 3053 2903 μόνος
3107 2830 3420 2897 εἰργάσατο,
3458 2822 3573 2892 μετ’
3622 2821 3858 2877 ἐκεῖνον,
3902 2815 4000 2867 καὶ

2421 2936 2518 2986 σὺν
2574 2930 2770 2996 ἐκείνῳ
2826 2923 3153 2994 διέρρηξαν,
3212 2920 3309 2971 καὶ
3356 2916 3448 2967 τὸν
3515 2911 3839 2980 Ἀσσύριον,
3900 2908 3999 2957 καὶ

2421 3116 2614 3183 στρατὶ
2665 3109 3096 3169 κατεδάπτισαν,
3129 3105 3351 3163 ἵππους,
3395 3099 3491 3150 καὶ
3538 3094 3837 3154 ἀναϐάτας,
3876 3108 3996 3158 τρι-

744 3180 1031 3236 victoriale
1064 3196 1285 3236 carmen
1310 3195 1436 3235 cum
1481 3181 1584 3249 ipsi
1632 3181 1974 3245 cecinerunt,
2004 3190 2115 3235 tum
2143 3197 2310 3251 popu-

2424 3206 2624 3269 στάτας
2667 3202 2856 3257 αὐτόθι
2906 3195 3423 3256 καταπινντίσαντες,
3455 3190 3551 3242 καὶ
3597 3186 3689 3239 τὸν
3721 3184 3999 3237 ἐπινίκιον

743 3272 858 3325 lum
887 3270 1101 3326 Domini
1136 3273 1238 3327 sim
1263 3272 1387 3326 liter
1408 3286 1603 3326 canere
1636 3272 1960 3326 docuerunt.
1986 3274 2155 3327 iidem
2187 3289 2309 3326 cum

747 3369 895 3424 Mose
949 3378 1188 3422 montem
1236 3366 1697 3432 conscenderunt,
1731 3369 1953 3424 Amelec
2001 3370 2308 3437 improbum

746 3474 1035 3528 pravarum
1088 3460 1394 3514 motionum
1430 3461 1792 3515 architectum
1826 3462 2149 3516 extensione
2200 3478 2314 3515 ma-

748 3567 955 3612 nuum,
983 3561 1039 3606 et
1079 3550 1249 3619 ﬁgura
1279 3552 1407 3606 novi
1438 3552 1715 3623 mysterii,
1748 3553 2120 3608 inetIahilihus
2156 3555 2316 3608 intel-

750 3645 988 3713 ligentia:
1033 3642 1451 3698 eﬁicacitatibus
1508 3652 1964 3713 prostraverunt;
1994 3645 2123 3714 ‘qni
2192 3655 2316 3714 post

748 3733 982 3800 primam
1012 3731 1157 3785 illaut
1188 3732 1564 3801 illustremque
1610 3734 1897 3789 victoriam
1927 3734 2020 3788 Dei
2052 3738 2312 3803 populum

749 3824 1098 3890 impudenter
1133 3824 1327 3878 iterum
1360 3824 1651 3878 invaserat.
1703 3825 1762 3878 in
1805 3825 2058 3878 columna
2094 3826 2231 3881 lucis
2258 3837 2315 3882 et

754 3913 920 3967 nubis
947 3928 1045 3979 per
1076 3912 1427 3967 solitudinem
1458 3914 1527 3967 iis
1557 3912 1914 3982 prativcrunt.
1945 3913 2139 3967 Manna
2167 3916 2313 3982 quod

751 4006 856 4059 sub
902 4006 1168 4058 rationem
1204 4005 1371 4073 cadit,
1402 4005 1681 4059 Christum
1702 4045 1717 4071 ,
1746 4006 2003 4073 inquam,
2035 4006 2088 4058 in
2127 4007 2318 4060 alimo-

752 4097 900 4151 niam
963 4096 1384 4150 immortalitatis
1426 4096 1631 4150 aﬁatim
1681 4097 1767 4152 his
1810 4098 2189 4167 praebuerunt.
2241 4099 2317 4153 De

755 4198 909 4257 petra
960 4201 1248 4259 percussa,
1302 4188 1490 4243 lateris
1558 4189 1773 4243 Domini
1821 4191 2075 4244 videlicet
2134 4192 2316 4257 melle,

757 4295 900 4333 novo
933 4279 1171 4347 quodam
1214 4280 1380 4333 modo
1419 4295 1515 4336 eos
1549 4290 1915 4334 saturarum:
1954 4283 2120 4351 idque
2164 4294 2318 4338 tanto

750 4368 1131 4430 excellentius,
1154 4379 1363 4435 quanto
1396 4371 1512 4424 haec
1542 4373 1686 4441 typis
1712 4372 1820 4426 illis
1849 4383 1906 4428 et
1936 4375 2317 4431 adumbratio-

752 4459 916 4512 nihus
943 4458 1265 4520 excelsiora.
1284 4461 1694 4529 maiestatisque
1726 4464 1971 4531 pleniora
1994 4474 2143 4519 sunt.
2173 4465 2315 4531 Quid

2423 3298 2576 3353 αὐτοί
2623 3314 2683 3349 τε
2736 3288 3177 3365 μεγαλοπρεπῶς
3211 3286 3464 3357 ᾄσαντες,
3496 3280 3593 3332 καὶ
3621 3278 3712 3330 τὸν
3734 3274 3827 3327 τοῦ
3883 3275 4002 3325 Κυ-

2425 3394 2538 3461 ρίου
2589 3389 2716 3442 λαὸν
2789 3388 2934 3457 ᾄδειν
2983 3380 3244 3441 ὡσαύτως
3312 3374 3645 3438 διδάξαντες.
3713 3369 3842 3421 Ἐπὶ
3904 3363 4000 3417 τοῦ

2420 3458 2579 3555 θροῦς
2624 3479 2856 3550 ἀνῆλθον
2903 3474 3039 3543 μετὰ
3075 3473 3339 3531 Μωσέως,
3371 3469 3467 3519 καὶ
3512 3458 3657 3518 οῦτοι
3687 3462 3777 3513 τὸν
3812 3459 3876 3511 ’Δ
3891 3476 4000 3526 μαι

2423 3576 2547 3645 λὴκ,
2584 3575 2675 3625 τὸν
2724 3568 2961 3638 πονηρὸν
2991 3567 3100 3619 τῶν
3150 3561 3342 3616 παθῶν
3397 3556 3734 3628 προστάτην,
3770 3552 4006 3603 ἐκτάσει

2423 3641 2625 3737 χειρῶν
2678 3662 2773 3715 καὶ
2807 3659 2965 3726 τύπῳ
2998 3652 3186 3709 καινοῦ
3220 3648 3522 3722 μυστηρίου
3549 3648 3670 3706 ταῖς
3702 3641 4007 3709 ἀλαλήτοις

2424 3754 2725 3827 ἐνεργείαις
2750 3750 2844 3803 τοῦ
2876 3748 2970 3802 νοῦ
3010 3747 3258 3801 καθεῖλον
3282 3760 3295 3774 °
3328 3742 3469 3812 μετά
3502 3739 3597 3809 τὴν
3626 3736 3855 3805 πρώτην
3904 3733 4007 3783 καὶ

2426 3825 2668 3917 μεγάλην
2700 3841 2917 3909 ἐκείνην
2958 3838 3116 3906 νίκην
3150 3835 3354 3904 ἰταμῶς
3386 3832 3464 3902 τῷ
3503 3829 3616 3898 λαῷ
3656 3826 3869 3896 Κυρίου
3906 3825 4007 3875 καὶ

2428 3937 2590 3991 πάλιν
2643 3933 3044 4000 ἐπιτιθέμενον.
3074 3928 3258 3995 Στύλῳ
3302 3925 3485 3992 φωτὸς
3537 3923 3633 3974 καὶ
3668 3918 3911 3985 νεφέλης
3948 3920 4013 3967 ἐν

2425 4028 2617 4096 ἐρήμῳ
2668 4024 2888 4084 τούτους
2930 4021 3244 4089 ὡδήγησαν.
3302 4016 3375 4068 Τὸ
3435 4015 3607 4084 μάννα
3657 4012 3717 4063 τὸ
3776 4008 4006 4075 νοητὴν,

2425 4116 2685 4185 Χριστὸν,
2728 4115 2809 4177 είς
2862 4111 3071 4180 τροφὴν
3124 4109 3434 4178 ἀμϐροσίαν
3485 4104 3729 4173 ἀφθόνως
3779 4100 4012 4159 τούτοις

2423 4208 2722 4261 δεδώκασιν
2748 4219 2764 4236 ο
2797 4204 2855 4268 ἐξ
2908 4201 3219 4270 ἀκροτόμου
3267 4199 3497 4266 πέτρας,
3530 4197 3628 4262 τῆς
3662 4193 4010 4255 δεσποτικῆς

2423 4299 2625 4369 δηλαδὴ
2662 4296 2921 4364 πλευρᾶς,
2968 4294 3090 4363 μέλι
3136 4290 3341 4352 καινῶς
3389 4288 3609 4347 τούτους
3668 4284 4010 4353 ἐχόρτασαν,

2423 4391 2536 4457 ὅσῳ
2576 4385 2749 4437 ταῦτα
2804 4384 2915 4435 τῶν
2970 4382 3159 4434 τύπων
3204 4380 3432 4432 ἐκείνων
3464 4375 3772 4445 ὑψηλότερά
3796 4390 3865 4424 τε
3906 4374 4009 4425 καὶ

2433 4478 3014 4551 μεγαλοπρεπέστερα.
3048 4472 3178 4528 Εἶτα
3215 4474 3269 4525 τί
3289 4490 3313 4539 ;ι
3330 4474 3404 4524 Τὸ
3438 4472 3647 4523 Σίναιον
3691 4465 4013 4527 ἀναϐάντες

754 4551 1035 4619 amplius?
1070 4550 1166 4604 Dei
1200 4552 1357 4619 jussu
1391 4551 1541 4605 Sinai
1602 4562 1788 4608 monte
1831 4569 2164 4622 conscenso,
2202 4560 2310 4615 sine

2428 4538 2570 4641 λόγῳ
2600 4538 2759 4633 Θεοῦ,
2791 4538 3091 4638 ἀστραπῶν
3144 4567 3239 4619 καὶ
3268 4563 3506 4633 βροντῶν
3537 4562 3682 4630 δίχα,
3714 4559 3809 4611 καί
3838 4558 4011 4610 θυέλο

755 4642 1083 4711 iulgurihus,
1125 4643 1665 4712 touitruis,procclla
1717 4654 1769 4699 et
1821 4648 2055 4717 caligine
2094 4653 2319 4719 (quibus

756 4734 952 4787 initiati
986 4738 1358 4802 exterrentur)
1388 4744 1444 4790 et
1477 4738 1653 4801 ignem
1690 4752 2082 4808 perrumpunt,
2107 4753 2161 4798 et
2194 4760 2318 4800 eum

761 4824 902 4885 ilose
938 4827 1137 4879 nul-.em
1174 4826 1577 4896 ingrediuntur,
1604 4839 1659 4883 et
1706 4830 1759 4883 in
1794 4832 1993 4887 tabulis
2032 4850 2139 4888 non
2175 4838 2317 4906 lapi-

755 4917 909 4979 deis,
956 4917 1053 4971 sed
1089 4919 1143 4971 in
1189 4919 1453 4974 cordibus
1489 4924 1833 4987 carnalibus,
1877 4926 2053 4997 digito
2092 4930 2187 4984 Dei
2236 4932 2323 5001 (ut

756 5022 883 5061 cum
936 5008 1072 5076 ipsis
1118 5022 1314 5063 rursus
1366 5009 1576 5067 dicam)
1628 5027 1828 5067 novum
1872 5016 2193 5086 decalngnm
2267 5029 2323 5073 et

756 5096 1145 5164 compendium
1198 5096 1401 5151 salutis
1445 5098 1793 5154 inscribunt:
1851 5112 1906 5155 et
1952 5103 2041 5157 hic
2099 5106 2322 5174 quidem

755 5197 1117 5239 sacrosanct:e
1143 5185 1452 5250 Trinitatis,
1480 5196 1538 5241 et
1582 5187 1828 5243 divinum
1864 5190 2063 5248 Christi
2105 5210 2326 5250 recurro-

763 5280 886 5332 miaa
940 5277 1296 5348 mysterium,
1341 5278 1449 5333 illic
1488 5279 1784 5346 Evangelia
1834 5284 2047 5339 aﬂinem
2106 5289 2324 5346 vivendi

762 5369 1005 5433 modum,
1038 5369 1532 5439 mandatorumque
1585 5372 1986 5442 itnpleudorum
2042 5380 2185 5433 viam
2246 5384 2328 5436 in-

755 5459 1020 5530 sculpunt
1039 5460 1186 5528 (fides
1210 5462 1479 5530 siquidem
1500 5466 1612 5518 sine
1631 5468 1875 5531 aperibur
1904 5481 2109 5525 mortua
2151 5485 2227 5527 est
2260 5476 2324 5538 ’⁸,

760 5561 821 5605 ut
866 5567 1032 5622 opera
1063 5553 1182 5607 sine
1228 5552 1376 5609 ﬁde:
1414 5556 1560 5624 quod
1608 5559 1772 5612 etiam
1827 5562 1926 5629 ipsi
1962 5562 2319 5630 docuerunt),

758 5643 887 5701 inde
944 5661 1054 5700 non
1093 5646 1206 5715 jam
1259 5662 1383 5702 cum
1416 5649 1587 5713 Mose,
1630 5652 1725 5705 sed
1779 5653 1901 5721 plus
1946 5670 2109 5725 quam
2150 5659 2325 5715 Moses

832 5801 877 5835 ³⁸
905 5801 1006 5857 lea.
1037 5818 1127 5870 ιι,
1156 5802 1189 5857 9
1225 5804 1307 5859 l0.
1385 5807 1428 5837 ’⁵
1473 5806 1615 5863 Psal.
1666 5824 1857 5877 αυξτ,
1884 5811 1971 5866 21.

2424 4663 2546 4730 λης,
2578 4662 2673 4713 καὶ
2701 4659 2903 4725 γνόφου
2933 4658 3081 4727 (τοὺς
3112 4656 3207 4708 ὑπ’
3231 4652 3397 4707 αὑτοῦ
3432 4646 4012 4721 μυσταγωγουμένους

2424 4750 2934 4820 ἐκδειματούντων),
2957 4751 3019 4800 τό
3048 4764 3108 4799 τε
3154 4746 3267 4814 πῦρ
3303 4744 3680 4802 διακόπτουσι,
3714 4740 3812 4791 καὶ
3863 4738 4014 4807 μετὰ

2422 4843 2667 4903 Μωσέως
2698 4839 2799 4907 τῆς
2849 4840 3078 4909 νεφέλης
3130 4839 3261 4891 εἴσω
3289 4836 3547 4906 χωροῦσι,
3583 4832 3679 4885 καὶ
3709 4828 3917 4893 πλαξὶν
3946 4831 4012 4882 οὐ

2418 4932 2667 4994 λιθίναις,
2696 4931 2833 4983 ἀλλά
2877 4931 3127 5000 καρδίαις
3179 4928 3490 4998 σαρκίναις,
3539 4923 3788 4993 δακτύλῳ
3834 4923 4010 4986 Θεοῦ,

2424 5024 2543 5078 κατ’
2574 5024 2773 5085 αὐτοὺς
2799 5022 3045 5083 ἐκείνους
3077 5017 3233 5081 αὖθις
3270 5020 3470 5080 είπεῖν,
3503 5017 3850 5084 ἐγγράφουσι
3884 5017 4011 5067 νέον

2422 5120 2733 5185 δεκάλογον,
2771 5116 3113 5185 ἐγγράφουσι
3164 5115 3434 5183 σύντομον
3487 5110 3790 5180 σωτηρίας,
3836 5109 4009 5163 ἐνθεν

2429 5215 2528 5282 μὲν
2561 5212 2622 5265 τὸ
2670 5212 2768 5280 τῆς
2830 5208 3076 5280 μεγάλης
3127 5207 3380 5276 Τριάδος,
3426 5206 3522 5258 καὶ
3564 5204 3630 5271 δὴ
3662 5202 3854 5255 καὶτὸ
3906 5203 4011 5269 τῆς

2424 5301 2663 5371 Χριστοῦ
2721 5300 3056 5369 οἰκονομίας,
3110 5298 3253 5351 θεῖον
3315 5297 3635 5367 μυστήριον,
3671 5291 3892 5345 ἐκεῖθεν
3948 5293 4010 5346 δὲ

2423 5393 2523 5461 τὴν
2554 5391 2924 5459 εὐαγγελικὴν
2979 5390 3281 5454 πολιτείαν,
3326 5387 3422 5440 καὶ
3470 5385 3571 5455 τὴν
3621 5384 3732 5437 τῶν
3766 5385 4009 5435 ἐντολῶν

2424 5484 2770 5554 ἐκπλήρωσιν
2824 5483 3251 5553 ἐγχαράττοντες
3295 5478 3509 5551 (ἐπειδὴ
3560 5478 3764 5542 πίστις
3817 5478 4009 5543 lapic-

2422 5577 2616 5644 ἔργων
2644 5574 2847 5644 νεκρὰ,
2886 5575 2963 5637 ὡς
2997 5575 3138 5644 ἔργα
3184 5573 3309 5642 δίχα
3368 5571 3628 5636 πίστεως,
3660 5568 3817 5623 αὐτοὶ
3865 5570 4011 5635 7M-

2426 5683 2621 5732 σαντες
2645 5667 2903 5738 ἔφησαν),
2937 5664 3037 5721 εἶτ’
3072 5666 3282 5721 ἐκεῖθεν
3320 5664 3421 5718 οὐκ
3450 5664 3531 5718 ἐτι
3562 5664 3700 5735 μετά
3726 5662 4002 5728 Μωσέως,

2053 5814 2095 5844 ’⁸
2125 5815 2237 5869 Jac.
2280 5834 2337 5879 ll,
2372 5819 2457 5874 ΞΟ.
