4180 6458
213 445 318 507 730

1244 457 1630 519 LAUDATIO
1671 462 1922 523 TRIUM
1975 464 2407 526 DOC'I‘OitUM.

3352 468 3457 531 790

212 560 326 612 ἀλλ’
359 560 500 630 ὑπὲρ
526 561 734 618 Μωσέα
775 567 872 635 τὴν
895 567 1074 637 ψμχὴν
1107 574 1198 622 καὶ
1223 574 1291 624 τὰ
1325 575 1595 644 πρόσωπα
1623 577 1776 643 δοξά-

1893 579 2061 630 aninta
2080 588 2133 631 ct
2157 580 2305 631 vultu
2332 577 2723 644 gluriiieantur.
2747 576 2901 641 Quod
2933 576 3079 632 enim
3117 576 3206 630 ille
3232 576 3284 630 in
3306 581 3455 632 vultu

214 648 418 712 ζονται.
456 653 634 724 Ὅπερ
672 657 781 725 γὰρ
815 660 1022 721 ἐκεῖνος
1066 662 1160 715 ἐπὶ
1197 666 1297 732 τῆς
1330 666 1507 735 ὂψεως
1557 670 1776 741 ἔφερεν,

215 742 312 794 ἐπὶ
372 744 472 811 τῆς
503 746 681 816 ψυχῆς
723 743 870 818 εἶχον
910 747 1054 805 οὗτοι
1098 758 1680 832 μεγαλοπρεπέστερόν
1722 783 1779 818 τε

215 834 309 886 καὶ
340 835 687 907 ὑψηλότερον.
723 842 783 893 Oi
816 842 971 896 αὐτοὶ
1001 847 1093 898 καὶ
1135 848 1293 900 τοῦτο
1345 854 1534 917 φασίν.
1568 856 1642 907 υὺ
1674 856 1781 926 μὴν

212 925 348 979 ἀλλά
389 929 483 979 καὶ
512 930 747 998 Χριστὸς
777 935 958 996 αὐτὸς,
990 937 1122 990 αὑτὸ
1168 941 1324 995 τοῦτο
1365 943 1450 997 διὰ
1484 947 1593 998 τῶν
1633 947 1783 1017 πρῶο

210 1032 323 1069 των
353 1016 613 1087 μαθητῶν
659 1039 717 1075 τε
762 1028 857 1079 καὶ
887 1028 1204 1083 ἀποστόλων
1250 1036 1385 1101 πρὸς
1417 1039 1616 1101 αὐτοὺς
1649 1016 1783 1107 cilci-

214 1126 352 1170 σας,
411 1111 619 1180 ἔλεγεν,
657 1116 738 1168 ὅτι
790 1121 1015 1173 Πολλοί
1073 1125 1373 1192 προφῆται
1422 1128 1519 1179 καὶ
1569 1131 1785 1184 δίκαιοι

211 1202 605 1272 ἐπεθύμησαν
633 1209 784 1261 ἰδεῖν
810 1210 845 1263 ἄ
873 1212 1159 1282 βλέπετε,
1186 1221 1279 1269 κα)
1306 1222 1415 1271 οὐκ
1445 1220 1608 1276 εἶδον
1632 1239 1645 1256 ο
1686 1226 1785 1277 καὶ

211 1293 474 1348 ἀκοῦσαι
506 1296 545 1351 ἃ
575 1299 841 1363 ἀκούετε,
877 1305 973 1357 καὶ
1004 1309 1115 1360 οὐκ
1148 1309 1446 1375 ἤκουσαν.

296 1386 392 1439 Ἐκ
420 1388 513 1440 τοῦ
550 1390 648 1458 τῆς
684 1391 999 1460 θεοφανείας
1043 1399 1204 1467 ὅρους
1238 1401 1489 1466 θεοειδεῖς
1520 1406 1613 1459 καὶ
1658 1407 1784 1460 Θεο-

210 1478 394 1547 ιρόροι,
427 1481 521 1534 καὶ
564 1483 704 1551 ὴλιοι
740 1485 887 1539 ἄλλοι
919 1489 1296 1560 κατέρχονται*
1349 1496 1551 1561 μᾶλλον
1586 1499 1642 1550 δὲ
1692 1499 1787 1551 καὶ

207 1568 315 1635 τῆς
342 1572 574 1641 νεφέλης
607 1576 737 1628 εἵσω
775 1579 902 1641 τοὺς
951 1586 1520 1655 μυσταγωγουμένους
1557 1588 1651 1657 (ὡς
1684 1592 1787 1642 αὐ-

207 1663 299 1714 τοί
335 1665 491 1730 φασι)
529 1668 669 1735 μετά
704 1669 916 1739 Πέτρου
959 1690 1017 1725 τε
1071 1676 1163 1728 καὶ
1197 1678 1307 1730 τῶν
1339 1679 1469 1732 υἱῶν
1493 1684 1590 1749 τῆς
1629 1681 1788 1751 βρον-

206 1754 315 1820 τῆς
375 1758 706 1828 ἀπορρήτως
760 1763 1040 1831 εἰσάγουσί
1110 1785 1169 1820 τε
1219 1771 1312 1821 καὶ
1376 1774 1789 1841 συνεισάγουσιν

211 1847 455 1912 ἑαυτοῖς*
490 1857 585 1904 καὶ
637 1857 703 1924 τῇ
755 1856 967 1910 ἐκεῖθεν
1001 1861 1162 1931 αἴγλῃ
1216 1864 1309 1915 καὶ
1340 1866 1461 1927 ταῖς
1500 1870 1790 1934 μυστικαῖς

1889 667 2131 734 gerebat,
2152 667 2203 720 lii
2234 668 2667 736 tt‘tagniticcntius
2689 677 2745 721 et
2765 668 3057 722 sublimius
3088 668 3139 721 itt
3169 668 3462 723 animabus

1893 756 2182 810 habebant.
2233 757 2343 812 lloe
2381 772 2598 826 quoque
2632 757 2699 810 ab
2724 756 3209 827 ipsis,quanquant
3238 757 3307 811 de
3338 759 3461 811 aliis

1891 847 2097 899 dictum
2119 848 2376 912 est.Quin
2408 851 2517 902 imo
2533 850 2786 904 Christus
2814 849 2980 904 etiam
3006 849 3119 918 ipse
3154 852 3255 903 boe
3278 851 3457 919 ipsum

1892 940 1945 993 in
1967 955 2196 1009 persona
2224 942 2522 1007 primorum
2546 942 2940 1010 discipulorum
2970 944 3462 1011 apostolorumquc

1892 1048 2115 1086 suorum
2139 1035 2420 1089 confessus
2438 1044 2541 1088 est.
2562 1034 2730 1098 Multi,
2752 1035 2949 1104 inquit,
2964 1036 3235 1105 prophetae
3250 1042 3297 1089 et
3319 1051 3463 1101 rcges

1891 1126 2163 1179 valuerunt
2213 1124 2388 1178 videre
2416 1141 2531 1194 qua:
2569 1141 2655 1178 vos
2704 1127 2906 1187 videtis,
2936 1135 2985 1178 et
3040 1143 3143 1179 non
3185 1128 3464 1180 viderunt:

1894 1228 1941 1269 et
1978 1220 2161 1271 audire
2184 1234 2301 1288 qua:
2322 1233 2411 1271 vos
2442 1218 2653 1283 auditis,
2686 1225 2734 1270 et
2766 1233 2870 1270 non
2900 1218 3186 1271 audierunt
3209 1217 3275 1269 ³⁷.

1965 1399 2008 1453 Ε
2041 1409 2223 1453 monte
2255 1399 2456 1454 divina:
2484 1397 2844 1467 apparitionis
2878 1397 2989 1451 Deo
3015 1396 3225 1452 similes
3256 1396 3456 1459 eﬂeeti,

1893 1500 1951 1545 et
1984 1492 2205 1544 numine
2236 1490 2425 1553 atliati,
2452 1498 2507 1542 et
2544 1490 2689 1543 soles
2722 1490 2850 1543 novi
2911 1489 3254 1544 descendunt
3285 1504 3299 1540 :
3330 1488 3463 1556 quin

1895 1582 2078 1652 potius
2108 1583 2250 1635 intra
2279 1581 2482 1634 nubem
2515 1580 2532 1647 (
2562 1588 2623 1633 ut
2660 1579 2761 1647 ipsi
2802 1580 3103 1647 loquuntur
3137 1578 3154 1647 )
3205 1578 3463 1647 mysteria

1896 1674 2176 1729 docendos
2204 1687 2326 1727 cum
2359 1673 2546 1735 l’etro,
2569 1681 2625 1727 et
2656 1671 2781 1725 ﬁliis
2820 1671 3049 1725 tonitrui
3078 1685 3280 1724 arcano
3305 1669 3467 1721 indu-

1895 1780 2049 1828 cunt,
2091 1775 2146 1820 et
2184 1781 2288 1818 una
2320 1780 2505 1819 secum
2538 1764 2920 1825 introducunt,
2963 1761 3321 1830 claritathue
3351 1761 3464 1821 illa,

1897 1857 2253 1928 mysticisque
2310 1854 2702 1924 splendoribus
2740 1854 3021 1909 altissima:
3050 1854 3359 1915 Trinitatis,
3407 1861 3465 1905 et

208 1933 525 2007 λαμπηδόσι
574 1940 676 2011 τῆς
733 1945 997 2000 ἀνωτάτω
1046 1948 1089 1999 Τ
1096 1948 1278 2015 ριὰδος
1320 1952 1419 2020 τῆς
1471 1933 1658 2024 πηγῆς
1686 1954 1793 2007 τῶν

1898 1952 2066 2006 fontis
2091 1949 2388 2009 luminum,
2422 1963 2519 2001 eos
2554 1947 2869 2003 illuminant
2904 1964 2918 2002 :
2946 1963 3054 2002 non
3088 1949 3308 2017 vulgata
3343 1957 3467 2001 tan-

207 2029 411 2096 φώτων
443 2036 915 2102 καταφωτίζουσιν
945 2052 961 2068 ⁸
1013 2041 1075 2093 οὑ
1131 2041 1198 2094 τὰ
1256 2042 1465 2113 ἔκφορα
1505 2046 1666 2114 μόνον
1695 2046 1790 2100 τοῦ

209 2124 541 2193 μυστηρίου,
570 2129 668 2181 καὶ
704 2131 823 2193 ταῖς
850 2130 961 2185 τῶν
1002 2133 1217 2187 πολλῶν
1260 2136 1451 2200 ἀκοαῖς
1482 2137 1581 2191 οὑκ
1612 2140 1792 2212 ἁπόῤ-

208 2217 357 2284 ρητα
414 2220 905 2286 μυσταγιυγοῦντες
970 2226 1174 2293 ἐκεῖνα,
1228 2228 1484 2298 καθάπερ
1548 2232 1792 2296 εἰπόντες

204 2306 477 2375 ἔφθησαν,
513 2308 650 2362 ἀλλά
708 2314 806 2366 καὶ
845 2316 911 2367 τὰ
964 2316 1193 2370 ἐκείνων
1242 2319 1500 2391 ὲνδὸτερα
1550 2324 1646 2376 καὶ
1686 2342 1792 2392 μυ-

206 2400 544 2470 στικώτερα.
582 2404 767 2472 Ἔχεις
813 2408 909 2459 καὶ
959 2408 1091 2479 γὰρ,
1145 2415 1297 2478 φησὶ,
1339 2413 1435 2466 τοῦ
1485 2417 1790 2487 μυστηρίου

202 2490 281 2542 τὰ
314 2489 550 2559 ἒκςρορα,
587 2497 683 2547 καὶ
705 2498 824 2561 ταῖς
860 2497 972 2551 τῶν
1013 2501 1225 2553 πολλῶν
1256 2504 1450 2567 ἀκοαῖς
1490 2506 1587 2558 οὑκ
1614 2507 1790 2577 ἀπόρο

205 2586 377 2651 ρητω
409 2584 578 2637 τᾶλλα
618 2586 676 2639 δὲ
715 2588 846 2641 εἴσω
894 2592 1137 2663 μαθήσῃ,
1164 2590 1263 2663 τῆς
1311 2596 1537 2666 Τριὰδος
1568 2597 1792 2668 χαριζο-

209 2678 411 2747 μένης·
438 2680 684 2750 δηλονότι
728 2685 864 2752 μετά
907 2687 968 2737 τὸ
1015 2687 1300 2759 βάπτισμα
1331 2692 1426 2743 καὶ
1456 2691 1553 2761 τὴν
1584 2692 1792 2761 κάθαρ-

207 2786 324 2833 σιν,
358 2773 392 2823 ἃ.
427 2776 518 2825 καὶ
551 2776 782 2845 κρύψεις
828 2778 979 2849 παρά
1034 2786 1251 2852 σεαυτῷ
1300 2785 1523 2848 σφαγίὃι
1560 2785 1793 2854 κρατού-

209 2877 383 2926 μενα.
409 2864 518 2915 Καὶ
547 2866 671 2918 τίνα.
700 2867 892 2931 ταῦτα,
938 2870 1031 2922 καὶ
1066 2871 1248 2940 ἡλίκα,
1285 2873 1379 2925 xxi
1405 2874 1529 2927 ὅθεν
1564 2876 1789 2945 ἥκοντα,

203 2954 259 3004 οἱ
301 2955 456 3006 αὐτοὶ
488 2958 580 3009 καὶ
625 2959 786 3012 πάλιν
820 2960 1205 3016 ἐκδιδάσκουσι
1242 2967 1365 3028 τοὺς
1402 2967 1789 3036 μεμυημένους

198 3045 265 3095 ἐν
298 3044 378 3113 τῷ
417 3048 561 3117 αὑτῴ
590 3052 885 3120 πνεύματι,
918 3056 966 3105 εί
1008 3058 1103 3107 καὶ
1143 3057 1513 3126 ἀμυδρότερον
1566 3057 1667 3122 ἔτι,
1695 3059 1792 3110 καὶ

1893 2054 2031 2107 tum,
2062 2043 2473 2111 multorumque
2499 2041 2728 2097 auribus
2757 2056 2868 2096 non
2890 2041 3095 2111 ignota,
3128 2055 3227 2095 nec
3251 2050 3465 2094 secreta

1894 2137 1984 2191 illa
2019 2135 2299 2205 mysteria,
2349 2143 2410 2190 ut
2438 2135 2600 2189 aiunt
2631 2134 2774 2205 ipsi,
2811 2149 3009 2189 verum
3051 2134 3161 2190 illis
3198 2133 3466 2188 interiora

1893 2243 2133 2299 quoque,
2168 2230 2448 2299 magisque
2482 2228 2712 2297 mystica
2743 2227 3029 2281 docentes.
3081 2226 3264 2281 Habes
3292 2226 3464 2287 enim,

1897 2321 2095 2390 inquit,
2133 2321 2378 2391 mysterii
2406 2320 2645 2383 notiora.
2708 2328 2764 2375 et
2801 2320 3098 2373 multorum
3147 2334 3310 2373 aures
3363 2318 3468 2372 tui—

1894 2417 2039 2469 nime
2074 2414 2372 2484 fugientia:
2410 2423 2603 2467 cetera
2637 2411 2805 2475 intus.
2860 2411 3135 2467 Triuitate
3199 2410 3465 2481 largiente

1893 2520 2227 2574 cognosces;
2265 2513 2388 2574 post
2422 2504 2755 2574 baptismum
2802 2512 2854 2558 et
2890 2505 3269 2574 purgationem
3311 2504 3466 2558 vide-

1893 2596 2040 2659 licet,
2080 2611 2203 2666 qum
2225 2595 2369 2665 apud
2401 2607 2450 2650 te
2480 2595 2660 2662 sigillo
2693 2598 2905 2648 munita
2940 2594 3274 2650 abscondes.
3309 2594 3467 2660 Quas-

1894 2704 2017 2742 nam
2047 2698 2229 2742 autcm
2260 2688 2382 2751 illa,
2423 2697 2478 2741 et
2526 2688 2709 2756 qualia
2762 2688 2891 2752 sint,
2944 2696 3001 2741 ct
3039 2688 3184 2742 unde
3218 2688 3462 2751 veniant,

1895 2782 2061 2835 iidem
2112 2781 2357 2836 initiatos
2412 2796 2604 2835 rursus
2660 2780 2861 2836 docent
2897 2780 2950 2834 in
3011 2781 3206 2835 eodem
3242 2780 3463 2849 spiritu,

1896 2873 2114 2928 tametsi
2143 2874 2324 2927 adhuc
2348 2873 2663 2936 obscurius,
2698 2889 2800 2927 nec
2840 2874 3067 2928 omnino
3098 2874 3235 2929 citra
3268 2888 3468 2943 specu-

1895 2966 2035 3029 lum,
2074 2974 2129 3019 et
2169 2966 2542 3033 integumenta
2578 2975 2803 3033 prepter
2839 2966 3151 3019 obstantem
3185 2967 3463 3029 nebulam,

1894 3066 1951 3112 et
1974 3056 2158 3111 carnis
2187 3056 2505 3126 caliginem,
2538 3057 2741 3125 quibus
2776 3058 3023 3126 impliciti
3063 3075 3279 3113 sumus.

197 3143 312 3195 οὐκ
346 3144 450 3207 ἔξω
505 3150 787 3213 παντελῶς
838 3152 947 3205 τῶν
997 3156 1485 3223 προκαλυμμάτων
1537 3155 1632 3208 καὶ
1682 3157 1789 3209 τῶν
1828 3155 2107 3225 ἐσόπτρων
2160 3154 2251 3208 διὰ
2307 3153 2407 3222 τὴν
2479 3153 2933 3223 προϐεϐλημένην
3001 3155 3175 3226 ἀρχὴν
3228 3156 3323 3209 καὶ
3375 3157 3468 3209 τὶν

203 3236 319 3305 τῆς
357 3240 561 3308 σαρκὸς
593 3241 776 3310 ζόφον,
822 3239 903 3307 οἷς
941 3246 1371 3313 συνεζεύγμεθα.

289 3331 499 3384 Τούτου
532 3333 624 3386 τοῦ
657 3333 802 3388 θείου
833 3338 927 3389 καὶ
970 3338 1182 3404 ἀγαθοῦ
1228 3338 1562 3409 Πνεὺματος,
1599 3333 1643 3392 ὧ
1676 3340 1792 3393 θεο-
1823 3343 1867 3401 C

192 3426 372 3496 φόροι
423 3427 755 3495 διδάσκαλοι,
791 3431 886 3483 καὶ
930 3431 1089 3501 ὑμεῖς
1137 3432 1246 3483 τῶν
1294 3432 1650 3502 χαρισμάτων
1702 3433 1795 3484 καὶ

194 3519 310 3582 τῆς
344 3518 623 3588 ἐνεργείας
645 3520 1004 3591 πλησθέντες.
1037 3522 1131 3575 καὶ
1181 3522 1299 3575 ὅλον
1328 3523 1545 3590 σχόντες
1579 3524 1636 3574 ὲν
1671 3523 1795 3574 ἑαυο

193 3614 354 3674 τοῖς,
406 3612 496 3665 διὰ
544 3612 754 3665 τούτων
786 3616 877 3667 τὸν
918 3615 1015 3668 ἕνα
1074 3618 1173 3686 τῆς
1230 3617 1499 3686 Τριάὂο;,
1538 3618 1628 3669 τὸν
1675 3616 1793 3669 ὅλον

195 3706 436 3773 ἑκάστῳ
476 3704 751 3775 διαφόρως
808 3708 1142 3773 ἐνοικοῦντα,
1196 3711 1290 3761 καὶ
1334 3710 1453 3761 ὅλον
1482 3710 1612 3762 ὅντα
1659 3710 1797 3778 μετά

186 3796 373 3861 Θεοῦ,
401 3799 494 3851 καὶ
516 3797 821 3868 πληροῦντα
848 3800 907 3853 τὺ
934 3802 1160 3867 πΞν,κα“ι
1184 3800 1322 3870 ὑπὲρ
1349 3801 1407 3855 τδ
1432 3804 1559 3866 πᾶν,
1582 3802 1675 3856 καὶ
1702 3804 1795 3853 τοῦ

194 3889 423 3952 παντὸς
477 3890 604 3943 ὄντα
663 3891 789 3957 ἔξω,
842 3891 918 3952 ὡς
963 3893 1119 3945 αὐτοὶ
1166 3894 1259 3945 καὶ
1313 3892 1486 3946 ταῦτα
1515 3895 1793 3962 εἰρήκατε’

186 3979 469 4043 ἐδέξασθε
502 3983 608 4049 γὰρ
640 3984 735 4033 καὶ
780 3983 931 4034 αὐτοὶ
962 3984 1059 4046 τὰς
1113 3986 1343 4054 πυρίνας
1378 3985 1629 4048 γλώσσας
1661 3988 1796 4055 μετά

186 4074 324 4125 τῶν
357 4074 669 4127 ἀποστόλων
697 4076 754 4125 ἐν
784 4074 1019 4144 ὑπερῴῳ
1048 4076 1221 4144 τόπῳ,
1248 4077 1344 4144 τῆς
1374 4076 1603 4146 ὑψηλῆς,
1631 4079 1794 4145 φημὶ,

181 4163 299 4219 τοῦ
379 4165 469 4217 νοῦ
501 4166 749 4233 φυλακῆς
804 4184 863 4219 τε
911 4168 1006 4218 καὶ
1043 4166 1273 4236 Θεωρίας
1322 4168 1497 4235 ὑμῶν,
1544 4169 1643 4220 οὐκ
1690 4169 1797 4221 ἀπὸ

182 4258 481 4323 τελωνῶν,
524 4259 617 4312 καὶ
648 4260 1017 4329 σκυτοτόμων,
1053 4262 1145 4313 καὶ
1168 4262 1358 4315 ἁλιέων
1392 4263 1514 4314 κατ’
1556 4264 1797 4325 ἐκείνους

181 4348 509 4415 κληθέντες
543 4352 621 4410 είς
667 4351 999 4413 ἀποστόλους
1044 4355 1137 4405 καὶ
1178 4351 1426 4420 μαθητὰς
1462 4351 1796 4421 (εὐδόκησε

179 4440 306 4496 καὶ
342 4438 455 4509 γὰρ
485 4443 517 4493 ό
550 4442 693 4507 Θεὸς
721 4443 787 4494 τὸ
809 4443 1136 4509 τηνικαῦτα
1158 4443 1255 4496 διὰ
1278 4442 1389 4509 τῆς
1422 4444 1649 4512 μωρίας
1689 4444 1795 4497 τοῦ

175 4535 594 4603 κηρύγματος
640 4536 836 4588 σῶσαι
879 4536 1020 4601 τοὺς
1045 4538 1485 4603 πιστεύοντας;’
1525 4536 1788 4602 Ἐπειδὴ,

182 4627 410 4696 φησὶν,
432 4626 503 4678 ἐν
530 4624 602 4692 τῇ
628 4627 815 4694 σοφίᾳ
861 4627 967 4681 τοῦ
1006 4628 1155 4681 Θεοῦ
1194 4629 1303 4682 οὐκ
1329 4628 1481 4697 ἔγνω
1509 4631 1541 4681 ό
1563 4630 1794 4695 κόσμος

177 4721 303 4775 διὰ
339 4716 458 4785 τῆς
488 4721 708 4787 σοφίας
736 4720 844 4772 τὸν
878 4720 1073 4790 Θεὸν),
1111 4719 1225 4772 ἀλλ’
1258 4721 1365 4772 ἀπὸ
1396 4720 1662 4790 ρητόρων,
1701 4718 1793 4769 καὶ

176 4814 554 4886 φιλοσόφων,
611 4813 706 4865 καὶ
761 4812 1124 4865 διαλεκτικῶν
1173 4812 1265 4864 καὶ
1323 4812 1505 4879 σοφῶν
1541 4812 1638 4864 ἐπὶ
1692 4810 1795 4879 τὴν

171 4906 484 4977 ἀληθινὴν
521 4904 616 4957 καὶ
640 4902 863 4973 πρώτην
901 4903 1147 4966 ἐλθόντες
1173 4904 1364 4972 σοφίαν
1395 4906 1489 4956 xz‘t
1523 4905 1623 4972 τὴν
1658 4906 1795 4957 ἁπο-

174 4998 444 5066 στολὴν,
472 4996 560 5050 ἵνα
592 4998 685 5050 καὶ
722 4996 811 5050 διὰ
841 4998 942 5067 τῆς
974 4998 1128 5052 κάτω
1165 4998 1380 5065 σοφίας,
1412 4998 1613 5051 ὡσανεί
1651 5015 1795 5060 τινος

168 5077 555 5159 σκευοφόρον
610 5089 704 5142 καὶ
760 5091 1122 5160 ὑπηρέτιδος,
1180 5090 1438 5161 ἑξελεγθῇ
1495 5091 1555 5143 τὸ
1612 5090 1796 5161 μωρὸν

165 5188 384 5244 ὅντως
414 5182 507 5232 καὶ
547 5180 770 5242 ἀσθενὲς
798 5180 907 5233 τῶν
949 5180 1055 5244 ἔξω
1095 5182 1296 5249 σοφῶνο
1323 5184 1461 5252 πρὸς
1509 5181 1610 5251 τὴν
1657 5183 1795 5251 ἡμε-

163 5279 381 5346 τέραν
428 5271 684 5340 ἐξήλθετε
730 5275 1030 5342 σωτηρίαν,
1068 5274 1256 5343 ῶσπερ
1288 5275 1430 5336 τινὲς
1466 5274 1620 5327 ἄλλοι
1654 5276 1793 5327 κατά

163 5362 376 5440 χάριν
412 5366 548 5427 θεοὶζ
576 5367 670 5418 καὶ
698 5367 937 5420 πλάσται
960 5368 1069 5420 τῶν
1096 5365 1442 5437 σωζομένων,
1472 5368 1536 5435 τῇ
1566 5366 1794 5433 δυνάμει

160 5462 283 5517 ’τιῦ
328 5459 566 5512 πάντων
595 5458 932 5530 δημιουργοῦ
972 5477 1030 5513 τε
1057 5463 1154 5514 καὶ
1184 5459 1449 5522 πλάστου,
1492 5459 1584 5510 καὶ
1629 5457 1796 5527 μόνου

163 5553 352 5609 κατὰ
398 5550 566 5619 φύσιν
608 5550 772 5604 Θεοῦ.

254 5644 403 5700 Καὶ
437 5642 643 5713 Μωσῆς
679 5646 780 5714 μὲν
818 5646 845 5697 ὁ
874 5645 1045 5716 μέγας
1090 5646 1297 5707 ἐκεῖνος
1324 5645 1383 5699 τὸ
1419 5644 1582 5715 βραδύ
1612 5661 1671 5697 τε
1707 5644 1800 5697 καὶ

167 5732 415 5808 ἰσχνὸν
434 5734 536 5802 τῆς
574 5731 821 5801 γλώττης
853 5737 947 5787 καὶ
975 5737 1072 5804 τῆς
1103 5737 1286 5804 φωνῆς
1322 5735 1515 5789 ἑαυτοῦ
1553 5734 1797 5806 719061).-

264 5895 322 5927 ⁸⁷
371 5890 520 5943 Luc.
551 5907 601 5955 κ,
630 5892 716 5945 “li.
797 5894 838 5923 "‘
873 5891 887 5945 Ι
925 5892 1047 5945 (Zur.
1101 5893 1143 5944 l.
1172 5894 1256 5944 :El.

1974 3337 2147 3408 llujus
2185 3336 2357 3392 divini
2390 3346 2445 3391 et
2479 3337 2607 3391 boni
2636 3336 2885 3406 spiritus,
2944 3353 2978 3392 ο
3002 3340 3211 3397 emicsti
3240 3346 3468 3401 numine

1901 3428 2141 3483 instincti
2171 3429 2447 3491 doctores,
2479 3428 2907 3483 cbarismatibus
2967 3441 3025 3485 et
3051 3432 3342 3490 eﬂicientia
3373 3453 3470 3493 vos

1896 3534 2118 3588 quoque
2149 3521 2341 3588 repleti
2367 3520 2502 3574 estis
2528 3561 2543 3585 ,
2574 3529 2631 3574 et
2674 3536 2771 3588 per
2824 3522 2937 3576 haec
2986 3532 3159 3578 totum
3202 3526 3343 3581 intra
3373 3544 3470 3584 vos

1897 3614 2133 3677 habetis,
2167 3630 2336 3667 unum
2370 3615 2438 3669 de
2474 3625 2663 3670 sancta
2692 3615 2985 3680 Trinitate,
3021 3629 3193 3673 totum
3244 3621 3298 3675 in
3334 3637 3473 3676 uno-

1896 3722 2116 3776 quoque
2143 3707 2501 3771 babitantem,
2535 3715 2585 3761 et
2623 3716 2796 3761 totum
2832 3724 2956 3762 eum
2992 3709 3104 3765 Deo
3134 3723 3467 3778 manentem,

1896 3810 1949 3853 et
1982 3799 2299 3869 implentem
2333 3798 2436 3852 boc
2466 3813 2651 3863 omne,
2686 3809 2742 3853 ct
2771 3816 2942 3870 super
2983 3818 3167 3865 omne,
3214 3812 3268 3858 et
3316 3817 3469 3859 extra

1896 3905 2058 3943 omne
2086 3891 2463 3957 cxsistentem,
2511 3892 2662 3961 juxta
2702 3892 3009 3947 doctrinam
3050 3903 3305 3949 vestram.
3339 3895 3474 3949 Sus-
3532 3964 3535 3969 ί

1897 3982 2121 4049 cepistis
2153 3982 2411 4035 nimirum
2442 3992 2497 4036 et
2525 3984 2623 4052 ipsi
2653 3984 2863 4054 linguas
2885 3984 3069 4055 igneas
3093 4002 3217 4041 cum
3247 3997 3469 4056 aposio-

1898 4074 1965 4126 lis
1994 4074 2045 4124 in
2069 4072 2377 4126 editissimo
2409 4073 2607 4127 aedium
2645 4075 2799 4141 loco;
2847 4075 2951 4130 bac
2990 4085 3094 4140 est,
3146 4078 3199 4130 in
3245 4079 3473 4131 excelsa!

1898 4164 2097 4217 utentis
2142 4172 2335 4217 vestra:
2385 4164 2634 4218 custodia
2691 4176 2747 4219 et
2790 4168 3250 4236 contemplatione
3293 4186 3307 4223 :
3362 4186 3473 4223 non

1897 4254 2356 4323 quemadmodum
2391 4255 2491 4315 illi,
2533 4271 2564 4308 e
2602 4255 2928 4324 publicanis,
2978 4266 3035 4313 et
3077 4260 3379 4322 sutoribus,
3417 4271 3473 4313 et

1898 4346 2267 4416 piscatoribus
2338 4348 2539 4409 vocati,
2572 4349 2828 4417 unctiqne
2875 4350 2928 4402 in
2963 4354 3241 4418 apostolos
3300 4364 3355 4405 et
3387 4353 3473 4404 tli-

1896 4437 2141 4505 scipulos
2172 4439 2397 4507 (placuit
2430 4441 2568 4492 enim
2614 4451 2736 4493 tunc
2757 4440 2863 4494 Deo
2896 4458 2989 4510 per
3012 4443 3299 4497 stultitiam
3329 4462 3470 4512 pra“

1897 4530 2177 4584 dicationis
2203 4531 2374 4584 salvos
2400 4533 2574 4600 facere
2603 4533 2869 4586 credentes
2900 4549 2916 4594 ;
2949 4531 3109 4598 Quia,
3160 4536 3363 4604 inquit,
3414 4539 3467 4589 in

1898 4620 1996 4673 Dei
2028 4622 2293 4690 sapientia
2322 4638 2427 4674 non
2473 4623 2716 4690 cognorit
2744 4623 2973 4676 uitandus
3024 4640 3119 4691 per
3149 4626 3470 4693 sapientium

1823 4674 1871 4734 Β
1899 4712 2171 4784 Deum"),
2204 4714 2298 4768 sed
2330 4713 2398 4766 ab
2432 4713 2768 4777 oratoribus,
2789 4714 3150 4783 pbilosolihis,
3174 4716 3477 4770 diaieCtieis

1894 4817 1952 4861 et
1986 4807 2328 4876 sapientibus
2352 4808 2419 4860 ad
2455 4822 2639 4861 veram
2690 4814 2745 4859 et
2791 4807 3229 4874 antiquissimam
3256 4807 3479 4876 sapien-

1898 4902 2028 4955 tiam
2053 4911 2218 4969 atquc
2246 4899 2612 4968 apostolatum
2645 4898 2877 4952 venistis
2906 4915 2918 4951 :
2972 4910 3032 4952 ut
3056 4899 3223 4956 etiam
3259 4915 3355 4969 per
3386 4901 3476 4954 it:-

1897 4996 2154 5049 feriorem
2182 4994 2531 5063 sapientiam,
2565 4992 2735 5045 veluti
2792 4991 3148 5048 sarcinariam
3178 4993 3472 5060 quamdam

1860 5105 1865 5109 '
1897 5096 1953 5142 et
1985 5088 2290 5140 ministram
2329 5085 2493 5157 stulta
2531 5100 2667 5139 sane
2700 5094 2756 5138 et
2790 5084 3066 5139 imbecilla
3111 5095 3467 5139 externorum

1900 5179 2168 5247 sapientia
2239 5179 2688 5247 redargueretttr.
2760 5178 2839 5231 Ad
2912 5178 3144 5229 salutem
3225 5186 3469 5229 nostrain

1900 5271 2104 5341 egressi
2135 5272 2293 5331 estis,
2322 5287 2423 5325 ceu
2464 5270 2558 5323 alii
2589 5270 2813 5339 quidam
2845 5285 2943 5337 per
2972 5270 3227 5337 gratiam,
3276 5278 3330 5322 et
3359 5269 3473 5319 ior-

1903 5376 2142 5416 matores
2200 5363 2606 5424 salvandorum,
2659 5361 2713 5414 in
2767 5362 2969 5412 virtute
3010 5360 3255 5412 oinnium
3314 5358 3475 5426 opiﬁ-

1903 5454 2002 5517 eis,
2026 5463 2080 5507 et
2106 5452 2440 5515 l'ormatoris,
2472 5451 2676 5519 quique
2703 5449 2852 5504 solus
2882 5449 3183 5503 secundum
3222 5459 3471 5501 naturam

1903 5547 2047 5601 Deus
2081 5556 2184 5599 est.

1974 5640 2048 5691 Ac
2086 5637 2259 5690 Moses
2282 5634 2501 5704 quidem
2536 5633 2771 5687 exinnius
2804 5634 2891 5686 ille
2919 5632 3228 5686 tarditatem
3261 5641 3316 5687 et
3341 5648 3467 5702 gra-

1904 5731 2165 5787 cilitatem
2198 5728 2399 5797 linguae
2433 5742 2496 5782 ac
2554 5726 2708 5781 vocis
2740 5741 2872 5790 suse,
2912 5733 2967 5779 et
2994 5735 3179 5795 postea
3201 5724 3472 5780 Jcretnias
