4180 6458
207 438 311 506 797

1249 441 1628 505 LAUDATIO
1667 438 1791 503 TR!
1808 438 1914 503 ΗΜ
1960 442 2400 507 DOCTORUM.

3338 445 3445 515 798

204 558 403 625 ομοίων
459 554 642 619 αὐτοῖς
713 555 1053 621 κακοδόξων,
1107 558 1420 629 Ἀρειανῶν,
1468 558 1631 625 λέγω.
1679 556 1773 609 καὶ

1880 572 1996 611 rutn
2028 568 2179 626 puta,
2218 559 2674 623 Sabellianorum,
2702 558 3235 629 Macedonianornm,
3276 564 3454 620 Mani~

206 648 578 700 Σαϐελὶιανῶν
629 647 784 717 ὁμοῦ.
840 652 936 703 καὶ
984 651 1423 707 Μακεδονιανῶν.
1472 652 1564 702 καὶ
1601 650 1775 702 Μανι-

204 739 397 809 χαίων,
416 745 509 793 καὶ
538 742 1016 802 Οὑαλεντινιανῶν.
1048 744 1141 796 καὶ
1166 743 1275 794 τῶν
1297 742 1404 794 ἀπὸ
1426 743 1772 810 Μαρκίωνος,

205 834 298 883 καὶ
333 833 438 901 μὴν
470 833 693 884 καὶτῶν
722 834 819 903 τὴν
854 835 1202 901 εἱμαρμένην
1261 834 1470 893 ἀσεϐῶς
1502 849 1773 900 παρεισα-

204 926 407 990 γόντων
440 929 581 978 κατὰ
612 926 670 976 τὸ
703 926 1030 995 αὐτόματον,
1078 925 1389 991 θαυμαστός
1424 943 1505 986 τις
1536 924 1601 977 ἂν
1630 923 1775 987 ἔδοξε

207 1020 298 1069 καὶ
342 1017 647 1087 ὑπερφυὴς.
698 1019 794 1071 καὶ
841 1018 915 1087 τῷ
964 1020 1076 1072 ὄντι
1117 1025 1537 1088 τρισμέγιστος·
1583 1016 1675 1069 νῦν
1717 1017 1775 1069 δὲ

205 1110 444 1176 ποταμοὶ
478 1110 574 1175 μὲν
601 1107 881 1176 θεολογίας
916 1110 979 1161 ἐκ
1012 1109 1104 1161 τοῦ
1129 1110 1365 1176 Χριστοῦ
1391 1111 1652 1176 στόματος
1677 1107 1774 1159 καὶ

201 1197 302 1265 τῆς
328 1198 491 1250 αὑτοῦ
526 1199 776 1266 θεολόγου
812 1200 1061 1269 γλώττης
1106 1201 1430 1265 ἀνέϐλυσαν,
1463 1201 1557 1252 καὶ
1593 1200 1775 1251 πᾶσαν

200 1290 465 1343 ἑπότισαν
497 1292 597 1360 τὴν
631 1291 756 1359 γῆν,
811 1292 941 1361 ὅσην
979 1293 1007 1343 ὁ
1040 1294 1312 1360 σωτήριος
1350 1291 1641 1359 περιέλαϐε
1686 1290 1775 1341 λό-

200 1397 295 1445 γος
320 1396 335 1410 ’
378 1380 438 1432 τὸ
469 1381 523 1432 δὲ
560 1382 668 1432 τῶν
703 1382 879 1448 λόγων
934 1383 1102 1435 αὐτοῦ
1142 1384 1371 1449 πότιμον
1421 1384 1515 1433 καὶ
1559 1382 1774 1448 ἥδιστον

199 1470 457 1535 πέλαγος,
492 1474 590 1538 τὴν
615 1470 671 1523 δὲ
698 1471 806 1524 τῶν
839 1470 1057 1540 ὑψηλῶν
1088 1488 1147 1524 τε
1188 1471 1283 1523 καὶ
1326 1470 1623 1538 ὑπερφυῶν
1648 1484 1774 1537 νοη-

201 1562 392 1629 μάτων
423 1563 728 1630 ἀπέραντον
774 1564 1031 1625 ἄὸυσσον,
1073 1564 1173 1632 τὴν
1208 1563 1262 1615 δὲ
1313 1564 1451 1631 ὑπὲρ
1489 1562 1774 1629 ἄνθρωπον

198 1652 487 1719 εὐπορίαν,
524 1653 584 1705 τὸ
615 1654 670 1705 δὲ
705 1654 836 1722 ὕψος
878 1656 994 1725 ἅμα
1037 1655 1126 1707 καὶ
1171 1656 1636 1723 τὴνλσαφήνειανν
1677 1651 1773 1721 τὴν

197 1742 249 1793 δὲ
288 1743 603 1814 ἀπόρρητον
657 1745 850 1814 ἡδονὴν
894 1746 1111 1816 ἐκείνην
1150 1746 1241 1798 καὶ
1290 1745 1387 1815 τὴν
1435 1746 1768 1814 γλυκύτητα,

193 1832 297 1902 τὴν
336 1836 392 1887 δὲ
417 1836 714 1906 ῥητορικὴν
746 1836 1100 1908 πιθανότητα,
1132 1838 1227 1889 καὶ
1255 1838 1317 1889 τὸ
1348 1836 1484 1906 μετὰ
1515 1838 1611 1904 τῆς
1640 1838 1771 1904 ἀληο
1803 1882 1845 1939 Β

198 1926 352 1989 θείας
382 1926 489 1979 τῶν
517 1928 688 1997 λόγων
715 1930 935 1999 ἰσχυρόν
966 1947 1026 1981 τε
1062 1932 1158 1983 καὶ
1188 1929 1385 1999 βίαιον,
1412 1929 1608 1990 παῖδας
1639 1930 1773 1980 ἀπο-

193 2017 380 2083 δεῖξαν
406 2020 533 2081 τοὺς
560 2020 618 2072 ἐν
646 2022 757 2082 τοῖς
783 2021 962 2087 λόγοις
986 2021 1451 2090 εὐδοκιμήσαντας
1475 2019 1770 2087 Ἕλληνας,

195 2109 263 2161 δι’
298 2103 376 2162 ὧν
413 2112 513 2180 τήν
546 2127 602 2162 τε
658 2111 895 2165 παλαιὰν
953 2112 1089 2180 ὁμοῦ
1134 2116 1229 2165 καὶ⁹
1263 2113 1362 2183 τὴν
1400 2112 1547 2165 Νέαν
1586 2112 1770 2164 πᾶσαν

197 2198 428 2266 Γραφὴν
486 2197 814 2269 ἐξηγήσατο,
864 2201 958 2253 καὶ
1004 2202 1073 2252 τὰ
1115 2200 1283 2270 βαθέα
1334 2200 1430 2253 καὶ
1491 2199 1773 2269 δύσληπτα

193 2288 405 2356 ταύτης
434 2289 513 2350 εἰς
546 2290 662 2359 φῶς
707 2307 763 2342 τε
812 2292 905 2343 καὶ
942 2294 1240 2360 σαφήνειαν
1284 2292 1503 2361 ἤνεγκε,
1546 2290 1638 2343 καὶ
1673 2291 1772 2352 τὰς

194 2380 423 2442 τελετάς
462 2380 569 2433 τῶν
603 2382 814 2434 σεπτῶν
842 2384 1159 2452 μυστηρίων
1197 2383 1499 2453 ἀνύμνησε,
1535 2385 1629 2437 καὶ
1665 2386 1774 2436 [17.-

192 2471 370 2539 τέρας
425 2471 625 2541 ἱεροὺς,
671 2474 766 2525 καὶ
814 2474 1099 2543 μάρτυρας
1141 2475 1515 2546 ἀνευφήμησε,
1555 2478 1646 2529 καὶ
1680 2477 1773 2529 τὸν

194 2560 394 2637 ἠθικὸν
454 2566 549 2615 καὶ
585 2565 1042 2632 συμδουλευτικὸν
1080 2565 1235 2634 λόγον
1260 2568 1448 2637 ὥσπερ
1487 2568 1638 2630 τινὰς
1670 2584 1775 2635 πη-

194 2650 307 2714 γάς
343 2651 598 2711 ἀεννάους
636 2650 733 2703 καὶ
777 2652 1023 2721 ῥεύματα
1074 2657 1335 2722 ποταμῶν
1376 2654 1680 2725 ἀειρῤὑτων
1710 2658 1773 2709 ἐκ

192 2740 297 2807 τῆς
331 2745 775 2811 κεχαριτωμένης
811 2744 1037 2812 καρδίας
1079 2745 1370 2809 ἀνέδωκεν,
1402 2746 1476 2807 ὡς
1507 2746 1637 2798 ποτὲ
1675 2746 1771 2814 μὲν

192 2832 257 2883 τὸ
289 2833 491 2901 πλῆθος
522 2834 703 2887 αὐτῶν
731 2836 871 2903 ὑπὲρ
906 2839 964 2889 τὸ
990 2838 1185 2899 κάλλος
1217 2838 1614 2907 θαυμάζεσθαι,
1642 2839 1772 2890 ποτὲ

189 2917 249 2969 δὲ
285 2920 351 2971 τὸ
396 2923 589 2984 κάλλος
625 2925 766 2993 ὑπὲρ
806 2926 867 2977 τὸ
916 2925 1149 2994 πλῆθος·
1210 2928 1409 2995 μᾶλλον
1458 2928 1503 2981 δ’
1548 2930 1634 2981 ἀεὶ
1682 2931 1772 2980 καὶ

189 3012 489 3081 ἀμφότερα
510 3028 525 3044 ⁸
556 3014 631 3076 ὡς
660 3018 752 3067 καὶ
781 3018 847 3068 τὰ
870 3017 974 3070 τῶν
994 3019 1290 3088 Σειρήνων,
1315 3019 1472 3089 εἴπερ
1498 3019 1571 3088 μὴ
1605 3018 1771 3088 μῦθος

188 3096 285 3169 ἦν,
321 3104 491 3172 λῆρον
533 3108 773 3175 ἀτεχνῶς
805 3105 943 3161 εἶναι
993 3109 1129 3178 πρὸς
1175 3110 1346 3163 ταῦτα
1384 3112 1479 3164 καὶ
1527 3112 1766 3167 παιδιάν.

1878 645 2152 700 οιιιιτοτιιηι
2205 662 2269 702 ac
2328 647 2869 712 Valentinianorum,
2925 648 3394 705 Marcionistarum
3427 693 3442 714 ,

1879 736 2161 807 fatumque
2182 754 2373 792 contra
2403 740 2695 793 voluntatis
2727 740 3032 794 libertatem
3076 741 3239 809 impie
3288 743 3445 797 indu-

1878 831 2119 882 ccntium
2155 830 2512 882 subversione
2538 832 2827 899 gloriosum
2856 831 2958 884 sibi
2997 846 3193 885 nomen
3229 848 3447 900 compa-

1880 929 2052 973 rasset
2080 937 2093 973 :
2122 935 2266 974 nunc
2287 935 2381 974 ore
2413 921 2559 973 Illius
2586 938 2783 983 aureo,
2811 932 2860 975 et
2896 924 3080 991 lingua
3118 924 3440 987 theologica,

1877 1010 2099 1064 flumina
2142 1011 2443 1079 theologica
2472 1016 2837 1080 erumpentia,
2864 1024 3129 1081 quauttnn
3169 1025 3440 1067 terrarum

1876 1102 2131 1154 salutaris
2156 1102 2659 1168 Christidisciplina
2674 1106 2954 1172 complexa
2985 1116 3090 1167 est,
3118 1104 3438 1174 irrigarunt.

1878 1191 2210 1246 Sermonum
2271 1208 2435 1262 porro
2481 1196 2599 1261 ejus
2656 1196 2896 1262 potabile
2944 1198 3442 1265 suavissimumque

1877 1284 2120 1351 pelagus.
2166 1296 2219 1339 et
2271 1285 2586 1339 sublimium
2622 1296 2789 1353 atque
2840 1288 3263 1341 lectissimorum
3314 1304 3443 1342 scn-

1878 1388 2037 1426 suum
2070 1374 2337 1428 inlinitam
2378 1378 2661 1445 abyssum,
2692 1385 2748 1429 et
2797 1376 3036 1429 humano
3091 1388 3251 1445 captu
3286 1394 3445 1446 supe-

1877 1464 2077 1518 riorem
2106 1466 2521 1527 abundantiam,
2574 1468 2916 1521 altitudinem
2955 1470 3160 1537 pariter
3214 1478 3269 1522 et
3319 1486 3443 1537 per-

1874 1555 2259 1621 spicuitatem,
2317 1557 2716 1625 jucunditatem
2790 1572 2845 1613 et
2893 1560 3236 1614 dulcedinem
3296 1562 3440 1614 illam

1876 1646 2341 1715 inexplicabilem.
2369 1648 2813 1717 rhetoricamqne
2857 1650 3225 1718 persuadendi
3261 1650 3447 1704 efﬁca-

1876 1740 2038 1801 ciam,
2075 1747 2130 1792 et
2165 1754 2288 1792 cum
2351 1741 2581 1793 veritate
2612 1742 2880 1796 orationis
2929 1757 3129 1795 nervos
3169 1750 3224 1795 et
3270 1742 3441 1810 impe-

1874 1840 1981 1895 tus,
1999 1832 2201 1899 quibus
2228 1832 2442 1884 Graecos
2460 1832 2707 1899 alioquin
2722 1834 3030 1901 eloquentia
3060 1834 3303 1888 celebres
3334 1849 3443 1900 pra:

1873 1939 1931 1977 se
1961 1937 2158 1991 pueros
2186 1922 2357 1977 fuisse
2384 1923 2644 1987 ostendit,
2670 1924 2982 1993 quibusque
3002 1935 3167 1978 totam
3199 1936 3440 1978 veterem

1871 2024 1927 2070 et
1987 2014 2193 2068 Novam
2256 2006 2593 2083 scripturam
2664 2016 2997 2081 explanavit,
3062 2016 3442 2086 profundaque

1874 2106 2043 2169 illius,
2066 2116 2123 2161 et
2154 2108 2557 2175 comprehensa
2586 2106 2825 2161 dill‘rcilia
2863 2108 2914 2159 in
2946 2108 3123 2162 lucem
3160 2120 3441 2175 apertum-

1875 2214 1982 2268 que
2010 2200 2257 2269 protulit,
2285 2199 2677 2253 venerabilium
2731 2200 3121 2270 mysteriorum
3183 2215 3439 2253 cmremn-

1878 2297 1997 2350 nias
2030 2296 2351 2357 celebravit,
2380 2305 2437 2349 et
2462 2303 2681 2350 sanctos
2735 2295 2922 2348 Patres
2953 2310 3017 2349 ac
3042 2304 3309 2363 martyres
3328 2298 3442 2346 rol—

1879 2388 2143 2451 laudavit,
2178 2397 2235 2442 et
2261 2387 2541 2440 orationes
2594 2386 2662 2440 de
2716 2386 2983 2446 moribus.
3030 2395 3086 2439 et
3140 2387 3442 2445 suasorPas.

1874 2489 2129 2547 tanquam
2203 2478 2380 2533 fontes
2438 2477 2703 2545 quosdam
2777 2492 3061 2545 perennes,
3115 2486 3170 2531 et
3239 2474 3451 2529 iluonta

1875 2571 2159 2625 ﬂuminum
2189 2582 2406 2637 semper
2430 2568 2765 2621 manantium
2792 2582 2859 2619 ex
2889 2567 3055 2621 corde
3082 2567 3253 2634 gratia
3281 2567 3441 2635 plcttn

1875 2663 2091 2717 emisit:
2120 2676 2354 2730 quorum
2384 2674 2530 2711 nunc
2562 2657 2967 2711 multitudinem
3005 2672 3169 2724 supra
3223 2658 3444 2725 elegan-

1880 2752 2211 2812 tiam,nunc
2269 2748 2588 2818 elegantiam
2642 2761 2805 2814 supra
2875 2746 3302 2808 multitudinem,
3337 2748 3454 2799 inm'

1874 2842 2153 2896 enimvero
2188 2849 2480 2907 utrumque
2529 2853 2745 2906 semper
2801 2837 3093 2892 admittere
3136 2856 3149 2891 :
3189 2848 3246 2891 ut
3281 2839 3442 2891 etiam

1874 2931 2151 2985 fabulosus
2177 2931 2265 2984 ille
2296 2929 2551 2985 Sirenum
2585 2938 2799 2993 cantus,
2869 2944 3027 3000 nugae
3057 2928 3290 2983 etludus
3320 2944 3443 2981 cum

1882 3023 2000 3077 istis
2033 3023 2265 3076 collatus
2291 3021 2580 3075 videatur:
2608 3021 2745 3085 hate,
2775 3021 3023 3089 inquam,
3045 3028 3102 3073 et
3134 3019 3441 3073 istiusmodi

1878 3129 1989 3166 non
2044 3112 2221 3165 solum
2274 3126 2435 3164 nemo
2466 3125 2567 3179 pro
2619 3109 2884 3181 dignitate
2934 3110 3180 3171 laudare,
3216 3108 3309 3163 sed
3345 3124 3446 3163 nec

187 3191 391 3243 Ταῦτα
425 3194 606 3245 τοίνυν
639 3197 731 3247 καὶ
771 3196 839 3248 τά
894 3197 1123 3251 τοιαῦτα
1167 3199 1225 3249 οὐ
1282 3199 1445 3266 μόνον
1482 3201 1582 3253 οὑκ
1616 3203 1771 3252 ἐπαι-

1876 3201 2243 3272 particulatim
2275 3201 2467 3254 saltem
2528 3215 2786 3255 enarrare
2814 3209 2868 3253 et
2898 3199 3214 3254 describere
3244 3207 3444 3250 utcun-

186 3285 358 3334 νέσαι
391 3302 476 3347 τις
510 3285 646 3354 πρὸς
686 3286 867 3351 ἀξίαν,
898 3287 1013 3342 ἀλλ’
1050 3288 1169 3341 οὐδὲ
1198 3290 1336 3343 κατὰ
1374 3294 1537 3361 μέρος
1569 3292 1772 3357 διεξελ-

185 3374 311 3425 θεῖν
344 3374 496 3439 γοῦν,
533 3378 626 3428 καὶ
657 3378 972 3448 ὑπογράψαι
1001 3380 1079 3449 τῷ
1104 3380 1245 3451 λόγῳ
1270 3382 1581 3452 δυνήσεται,
1618 3386 1667 3436 εἰ
1694 3386 1768 3453 μὴ

185 3469 392 3538 κυάθῳ
427 3471 487 3523 τὸ
517 3468 863 3535 Ἀτλαντικὸν
891 3476 1221 3542 ἀναμετρεῖν
1253 3475 1508 3543 πέλαγος,
1553 3479 1647 3529 καὶ
1676 3495 1771 3529 κο-

180 3560 334 3632 τύλῃ
372 3563 462 3614 τὸν
495 3563 669 3630 μέγαν
713 3564 927 3628 Νεῖλον,
978 3566 1007 3636 ἢ
1058 3568 1149 3623 τὸν
1184 3568 1476 3638 Εὐφράτην
1510 3570 1776 3638 ἀρύεσθαι

184 3651 471 3719 βούλοιτο.
505 3653 721 3705 Ἐκεῖνα
751 3653 807 3705 δὲ
840 3654 930 3706 τὸν
966 3655 1195 3722 κόσμον,
1223 3652 1368 3729 ᾗπερ
1401 3658 1558 3727 ἔφην,
1592 3660 1776 3711 διαλα-

180 3745 389 3809 ϐόντα,
440 3746 499 3798 οὐ
534 3744 609 3800 δι”
639 3746 906 3814 Ἑλλήνων
949 3746 1044 3800 καὶ
1095 3746 1378 3817 Ῥωμαίων
1420 3751 1599 3817 μόνον,
1642 3753 1780 3806 ἀλλὰ

180 3839 288 3890 καὶ
326 3837 423 3889 διὰ
461 3836 667 3905 Σύρων,
705 3837 801 3889 καὶ
847 3837 1185 3903 Αἰγυπτίων,
1227 3837 1322 3888 καὶ
1368 3838 1629 3906 Μαύρων,
1688 3842 1780 3892 καὶ

192 3926 501 3991 Ἶσπανῶν,
534 3928 626 3980 καὶ
656 3929 696 3979 Γ
698 3927 890 3992 ότθων,
924 3928 1015 3982 καὶ
1039 3928 1081 3979 Τ
1085 3927 1374 3997 ριϐαλλῶν,
1411 3928 1507 3980 καὶ
1534 3930 1775 3996 Σκυθῶν,

1876 3308 1982 3363 que
2004 3292 2231 3362 poterit,
2266 3292 2372 3345 nisi
2399 3291 2597 3361 cyatho
2630 3292 2964 3345 Atlanticum
2989 3304 3159 3354 mare,
3186 3297 3241 3343 et
3265 3288 3443 3357 cotyla

1877 3393 2090 3439 vastum
2123 3383 2307 3438 Nilum
2365 3384 2570 3447 metiri,
2619 3395 2715 3438 aut
2775 3385 3094 3452 Euphraten
3144 3380 3442 3436 exhaurire

1874 3477 2028 3535 velit.
2060 3476 2153 3530 Illa
2183 3486 2367 3531 autem
2400 3477 2687 3539 mundum,
2742 3484 2804 3529 ut
2841 3475 3110 3537 dicebam,
3136 3474 3441 3541 complexa.

1878 3587 1987 3625 non
2021 3585 2117 3639 per
2144 3570 2360 3625 Graecos
2390 3578 2446 3625 et
2473 3570 2749 3623 Romanos
2788 3566 3072 3627 duntaxat,
3124 3562 3217 3616 sed
3276 3563 3451 3616 etiam

1880 3679 1979 3732 per
2007 3662 2197 3732 Syros,
2226 3661 2532 3732 Egyptios,
2570 3660 2810 3724 Mauros,
2863 3657 3156 3727 Hispanos,
3209 3656 3443 3715 Gothos,

1883 3753 2175 3814 Triballos.
2202 3752 2455 3824 Scythas,
2490 3752 2847 3820 omniumque
2880 3750 3237 3803 barbarorum
3277 3762 3444 3799 voces

1881 3851 1936 3896 et
1964 3843 2182 3912 linguas
2228 3842 2653 3905 admirabiliter,
2684 3851 2892 3896 etcum
2924 3838 3092 3910 gloria
3122 3847 3178 3893 et
3220 3845 3455 3906 stupore-

1884 3935 2124 3989 maximo
2156 3949 2279 3989 sese
2306 3934 2672 3989 ditluderunt.

178 4023 283 4071 καὶ
319 4023 512 4090 πάσης
550 4020 825 4090 βαρϐάρου
867 4022 1052 4092 φωνῆς
1094 4038 1157 4075 τε
1190 4022 1286 4075 καὶ
1329 4023 1578 4095 γλώττης
1633 4028 1803 4082 ἑαυτά
1842 4028 2171 4099 θαυμαστῶς
2216 4031 2382 4083 πᾶσιν
2425 4029 2791 4099 ἀνακηρύττει
2838 4027 2975 4096 μετὰ
3047 4026 3309 4096 μεγίστης
3347 4024 3448 4094 τῆς

177 4110 366 4180 δόξης
397 4127 458 4162 τε
495 4112 589 4165 καὶ
617 4112 713 4165 τοῦ
754 4114 1053 4181 θαύματος.

274 4209 453 4261 Ἀλλὰ
482 4210 653 4262 ταῦτα
688 4212 787 4277 μὲν
827 4214 982 4266 κοινά
1019 4213 1116 4267 καὶ
1145 4215 1258 4277 τοῖς
1289 4215 1436 4285 τρισὶ
1466 4216 1740 4284 δήπουθεν
1763 4231 1779 4247 ο

172 4302 239 4354 οὐ
275 4304 457 4371 μόνον
486 4302 569 4354 ὅτι
606 4302 811 4355 τούτων
841 4305 1040 4373 ὁμοίως
1075 4305 1167 4357 καὶ
1209 4307 1319 4358 τῶν
1348 4307 1608 4360 τοιούτων
1640 4308 1775 4360 ἔκα-

173 4407 317 4455 στος
355 4394 543 4446 αὐτῶν
573 4393 690 4447 ἔστι
720 4396 954 4466 πλήρης,
970 4398 1084 4451 ἀλλ’
1101 4399 1182 4451 ὄτι
1216 4401 1349 4468 μηδὲ
1378 4400 1621 4468 φιλοῦσιν
1643 4402 1773 4455 ἴδιόν

169 4503 257 4548 τι,
306 4486 417 4540 καὶ
448 4487 618 4554 χωρὶς
653 4487 763 4539 τῶν
802 4489 1078 4557 ὁμοτίμων
1126 4491 1425 4555 κεκτῆσθαι
1458 4492 1567 4544 τῶν
1608 4495 1772 4562 τριῶν

168 4579 458 4642 ἕκαστος,
479 4580 617 4632 ἀλλά
666 4585 1052 4636 κοινοποιεὴαι
1084 4583 1143 4635 τὸ
1178 4585 1283 4654 ἰδίᾳ
1320 4586 1541 4651 προσὸν,
1562 4586 1656 4637 καὶ
1679 4586 1775 4654 οὐχ

166 4666 401 4721 ἑαυτοῦ
436 4666 657 4736 μᾶλλον,
693 4668 829 4721 ἀλλὰ
870 4673 964 4722 καὶ
1010 4669 1120 4721 τῶν
1160 4670 1349 4736 φίλων,
1389 4672 1483 4723 καὶ
1515 4671 1775 4739 ὁμότιμον

166 4762 378 4812 ἐκεῖνο
437 4760 693 4820 ποιεῖται,
740 4759 1098 4818 ἀντιδιδόντες
1136 4760 1385 4829 ἀλλήλοις
1427 4760 1477 4812 οί
1524 4761 1678 4825 σοφοὶ
1707 4760 1775 4813 τὰ

164 4854 401 4915 οἰκεῖα,
434 4851 530 4903 κα.)⁵
566 4850 637 4903 τὰ
670 4850 799 4918 παρ’
829 4851 1078 4921 ἀλλήλων
1123 4849 1185 4915 ἐξ
1231 4850 1345 4904 ἴσου
1388 4850 1772 4920 λαμϐάνοντες,

160 4946 261 4997 διὰ
297 4945 427 5012 τὴν
450 4943 763 5012 ὀμοτιμίαν,
784 4946 952 5014 φημὶ,
983 4944 1191 5015 καὶτὴν
1223 4943 1553 5013 σύμπνοιαν,
1585 4944 1679 4996 καὶ
1714 4943 1776 4996 τὸ

161 5036 451 5106 φίλτρον.

253 5125 439 5179 Ἐπεὶ
472 5126 566 5177 καὶ
591 5125 871 5178 Βασιλείου
901 5125 998 5191 μιν
1027 5126 1121 5180 τοῦ
1148 5126 1399 5194 Μεγάλου
1430 5126 1586 5181 τοῦτό
1610 5145 1774 5196 φασιν

161 5219 313 5271 ἴδιον
356 5212 540 5279 εἶναι,
578 5216 641 5269 τὸ
672 5217 809 5286 μετά
852 5216 952 5285 τῆς
986 5218 1328 5287 ὑψηλοτάτης
1366 5222 1462 5273 καὶ
1508 5220 1773 5290 μεγίστης

156 5306 485 5373 θεολογίας
528 5304 623 5357 καὶ
670 5304 769 5366 τὰς
812 5305 1056 5375 κινήσεις
1100 5308 1180 5369 είς
1224 5306 1389 5375 βάθος
1420 5309 1658 5377 καθορᾷν
1712 5324 1772 5360 τε

156 5399 266 5451 καὶ
306 5392 635 5461 ἐξετάζειν,
665 5394 1025 5465 δημιουργίας
1062 5412 1119 5448 τε
1161 5396 1256 5448 καὶ
1295 5397 1551 5465 προνοίας
1580 5396 1772 5465 λόγους

154 5488 558 5557 ἀειαμετρεῖν,
610 5487 705 5539 καὶ
755 5487 894 5557 non,
946 5490 1042 5541 καὶ
1095 5488 1283 5559 ψυχῶν
1328 5490 1770 5561 ἐπιτηδειότητας

1950 4215 2222 4271 Caeterum
2256 4216 2372 4270 haec
2408 4215 2571 4269 trium
2609 4213 2918 4268 communia
2947 4220 3095 4276 sunt,
3144 4227 3253 4266 non
3284 4212 3446 4265 modo

1877 4310 2024 4378 quod
2059 4310 2146 4364 his
2169 4318 2226 4363 et
2250 4309 2452 4362 talibus
2488 4322 2681 4361 eorum
2705 4306 3092 4374 unusquisque
3124 4306 3317 4374 plenus
3335 4315 3441 4370 csr,

1877 4403 1971 4457 sed
2030 4401 2175 4471 quod
2212 4416 2313 4455 nec
2367 4401 2645 4469 proprium
2681 4397 2963 4466 quidpiam
3033 4399 3155 4451 sine
3210 4396 3438 4465 paribus

1882 4493 1990 4547 sibi
2021 4494 2234 4547 honore
2262 4492 2547 4560 possidere
2566 4491 2817 4557 eripiunt.
2846 4503 3036 4542 verum
3058 4488 3198 4557 quod
3223 4489 3443 4553 habent,

1810 4574 1854 4630 Ι)
1880 4599 2171 4639 commune
2198 4584 2426 4647 faciunt,
2451 4592 2507 4637 et
2536 4596 2659 4636 cum
2691 4580 2882 4634 amicis
2924 4579 3256 4647 honorisque
3281 4580 3445 4633 sociis

1877 4675 2381 4737 communicant,et
2410 4672 2659 4726 vicissim
2682 4672 2960 4739 sapientes
2988 4669 3076 4724 isti
3108 4684 3206 4724 sua
3236 4670 3442 4738 impar—

1879 4764 2042 4828 tiunt,
2076 4776 2133 4819 et
2157 4765 2395 4818 invicem
2416 4778 2481 4817 ex
2507 4776 2665 4831 aequo
2695 4769 3041 4823 mutuantur,
3069 4768 3297 4828 propter
3331 4760 3437 4810 ho-

1879 4858 2032 4911 noris
2056 4856 2449 4925 aequalitatem,
2480 4854 2949 4922 conspirationem
2998 4860 3162 4920 atque
3206 4864 3461 4909 consen-,

1878 4963 2023 5013 sum,
2047 4958 2104 5003 et
2136 4962 2381 5004 amorem
2414 4956 2664 5000 mutuum
2696 4944 2978 4999 videlicet.

1946 5122 2129 5176 Basilii
2160 5121 2430 5190 siquidem
2467 5121 2642 5186 Magni
2676 5122 2779 5176 hoc
2803 5121 3081 5189 peculiare
3111 5121 3267 5176 aiunt
3288 5138 3437 5185 esse,

1878 5215 2148 5269 motiones
2172 5214 2339 5266 animi
2362 5228 2427 5267 ex
2450 5214 2737 5280 theologia:
2764 5213 3071 5268 rationibus
3089 5215 3443 5271 subtilissime

1874 5317 1931 5362 et
1978 5306 2353 5360 eruditissime
2411 5305 2723 5374 perspicere
2757 5312 2815 5357 et
2868 5305 3208 5369 examinare,
3268 5307 3439 5360 divini

1873 5396 2075 5468 opiﬁcii
2113 5394 2581 5466 providentiaaque
2638 5393 2832 5448 modos
2864 5394 3199 5462 expendere,
3259 5412 3445 5450 mores

1870 5498 1927 5543 et
1955 5486 2268 5541 habilitates
2300 5488 2606 5539 animarum
2637 5484 2916 5553 ingeniose
2937 5490 3251 5545 observare,
3272 5501 3437 5556 atque

1871 5579 1944 5634 ita
1975 5579 2043 5633 de
2074 5579 2161 5632 his
2192 5578 2427 5648 singulis
2460 5576 2755 5638 disserere,
2791 5585 2853 5629 ut
2891 5576 3133 5629 sermoni
3171 5578 3434 5631 inanimo

1868 5666 2164 5740 inspirasse
2219 5672 2483 5731 animam,
2517 5680 2573 5724 et
2626 5669 2744 5739 ejus
2776 5669 2942 5723 verba
2992 5668 3175 5721 vivere
3215 5670 3437 5722 vide-ano

1869 5776 1984 5827 tur,
2020 5763 2164 5817 sicut
2195 5763 2311 5834 ipse
2343 5761 2410 5817 de
2438 5761 2676 5832 quodam
2712 5761 2935 5816 rhetore
2970 5775 3078 5815 non
3113 5760 3393 5815 Christian
3408 5778 3449 5815 οε

1869 5864 2122 5913 testatur.

152 5579 475 5647 εὐστόχως
518 5575 821 5645 ἐπιτηρεῖν.
868 5582 962 5633 καὶ
1011 5577 1200 5650 ὥσπερ
1246 5580 1485 5650 ἔμψυχόν
1518 5599 1639 5636 τινα
1677 5584 1768 5635 καὶ

152 5672 358 5737 ζῶντα
389 5667 498 5719 τὸν
537 5667 667 5735 περὶ
692 5668 925 5721 ἑκάστου
971 5668 1178 5722 τούτων
1227 5670 1538 5725 ἐκτίθεσθαι
1589 5672 1765 5742 λόγον,

149 5761 339 5815 οἱονεί
376 5775 519 5811 τινα
557 5757 735 5828 ψυχήν
777 5761 889 5823 τοῖς
928 5761 1158 5831 ἀψύχοις
1214 5762 1393 5831 λόγοις
1438 5764 1763 5835 ἐμπνέοντι,

147 5858 301 5925 ὅπερ
346 5850 533 5914 αὐτὸς
568 5853 692 5923 περί
722 5870 862 5918 τινος
896 5854 1000 5925 ἔφη
1043 5855 1145 5909 τῶν
1175 5854 1278 5920 ἔξω
1312 5857 1578 5929 ῥητόρων.
