4180 6458
131 433 224 499 801

1151 423 1539 488 LAUDATIO
1586 423 1623 480 ’ξ’
1639 423 1678 479 ῐῖ
1695 423 1831 483 IUM
1895 421 2327 482 DOC'I'OiiUhi.

3273 422 3384 482 802

129 547 286 610 ἄγαν,
344 545 438 596 καί
484 543 623 612 μετά
679 543 774 611 τῆς
809 541 1108 610 σαφηνείας
1161 539 1400 606 ἐκείνης,
1460 537 1553 588 καὶ
1605 536 1702 603 τῆς

1819 541 2097 600 mterqne,
2131 542 2278 585 tanta
2307 534 2680 601 persuasionis
2717 536 2787 596 vi,
2824 534 2960 589 adeo
2994 533 3195 604 perspii
3218 551 3283 588 ue
3313 551 3396 596 et.

130 637 432 705 ἁπορῥήτ·.υ
457 634 814 701 γλυκύτητος,
841 635 934 686 καὶ
968 632 1064 685 τοῦ
1113 632 1410 696 θαύματος,
1449 629 1520 682 ὡς
1569 628 1702 677 κάν-

129 727 314 778 τεῦθεν
346 728 547 794 μᾶλλον
597 726 696 793 τὴν
731 725 968 794 Χριστοῦ
1035 722 1366 789 Ἐκκλησίαν
1409 720 1476 771 τὰ
1530 717 1704 770 σεπτὰ

131 819 403 886 μυστήρια
433 817 507 886 μὴ
557 817 718 885 μόνον
769 818 900 886 όρᾷν
946 815 1163 884 ὑψηλῶς
1214 813 1378 880 ἔχειν,
1431 812 1567 864 ἀλλὰ
1610 810 1706 862 καὶ

130 910 354 978 πάσχειν
389 910 744 978 ὑψηλότερον,
779 911 871 962 καὶ
921 909 1238 979 μανθάνειν,
1287 908 1378 957 καὶ
1411 906 1546 975 πρός
1607 903 1705 972 τὴν

128 1004 332 1054 ἐκεῖθεν
354 1003 666 1070 οἱκονομίλν
698 1021 758 1054 τε
798 1005 888 1056 καὶ
911 1003 1009 1068 τὴν
1055 1002 1330 1070 σωτηρίαν
1382 999 1705 1063 ἀνάγεσθαι,

129 1097 219 1146 καὶ
249 1096 349 1162 τὴν
378 1095 675 1164 καλλίστην
707 1113 763 1147 τε
791 1095 884 1146 καὶ
910 1093 1252 1161 ὑψηλοτάτην
1293 1093 1578 1143 ἀλλοίωσιν
1609 1090 1705 1142 ἁλ-

129 1187 422 1240 λοιιηῦσθλι.
461 1190 525 1240 Ὃ
551 1189 612 1254 δὴ
666 1191 768 1239 κάν
806 1189 912 1249 τοῖς
965 1189 1208 1243 ἐπαίνοις
1250 1186 1356 1236 τῶν
1389 1184 1567 1250 σοφῶν
1601 1200 1706 1235 πα-

129 1279 274 1346 τρῶν
306 1296 361 1330 τε
394 1281 484 1330 καὶ
541 1279 834 1348 μαρτύρων
876 1276 1272 1348 παραπλησίως
1303 1274 1451 1342 αὑτῴ
1480 1275 1704 1342 συνέϐη,

127 1367 211 1420 διὰ
247 1370 355 1420 τῶν
383 1370 711 1437 θαυμαστῶν
736 1370 908 1436 λόγων
935 1370 1158 1420 ἐκείνων
1177 1368 1333 1419 οὐδὲν
1357 1362 1520 1437 ἧττον
1557 1366 1588 1434 ἢ
1620 1367 1709 1418 διὰ

127 1461 238 1512 τῶν
264 1462 423 1530 ἱερῶν
455 1463 726 1531 πράξεων,
755 1466 848 1514 καὶ
889 1463 986 1526 τῆς
1018 1458 1386 1528 ἀποστολικῆς
1409 1459 1709 1520 πολιτείας,

129 1554 222 1602 καὶ
258 1552 365 1602 τῶν
390 1553 635 1618 ἀγώνων,
676 1553 778 1605 ὑπὸ
811 1554 907 1618 τῆς
949 1549 1274 1618 Ἐκκλησίας
1303 1549 1711 1618 ἀνακηρυχθένο

125 1656 237 1692 των
274 1657 330 1690 τε
365 1644 456 1691 xu".
491 1643 965 1709 στεφανωθέντων.

203 1729 503 1798 [Ιοιητικῆς
530 1748 592 1798 γε
632 1733 738 1802 μὴν
773 1731 958 1795 ἕνεκα,
1002 1731 1092 1784 καὶ
1126 1731 1293 1793 ὲπῶν,
1329 1729 1424 1782 καὶ
1453 1728 1711 1781 παντοδα-

130 1822 254 1870 πῶν
308 1821 538 1888 μέτρων.
573 1823 608 1875 ἆ
646 1825 773 1892 περὶ
803 1824 1015 1876 πολλῶν
1059 1841 1117 1875 τε
1165 1825 1261 1875 καὶ
1297 1822 1522 1874 πλεῖστα
1572 1825 1709 1893 πρῦς

126 1912 320 1979 κοινὴν
353 1913 692 1979 Χριστιανῶν
728 1916 975 1968 παιδείαν
1004 1917 1276 1984 διαφόρως
1327 1914 1565 1980 ἐξέθετο,
1613 1916 1708 1968 καὶ

125 2003 306 2068 λόγων
334 2006 632 2075 ποιητικῶν
661 2008 912 2076 ἄσκησιν,
947 2011 1040 2062 καὶ
1074 2010 1288 2076 σοφίαν,
1319 2013 1401 2072 τίς
1431 2009 1578 2078 αὑτῷ
1605 2009 1714 2060 τῶν

126 2097 265 2164 παρ’
309 2098 533 2166 Ἕλλησι
568 2101 808 2167 ποιητῶν
841 2102 1274 2171 ἀμφισϐητήσει,
1321 2106 1414 2154 καὶ
1449 2102 1510 2154 οὑ
1534 2117 1711 2171 παρα-

126 2190 376 2257 χωρήσει
413 2188 505 2240 τοὺ
552 2192 836 2258 μεγέθους,
875 2192 969 2245 καὶ
1011 2193 1109 2260 τῆς
1140 2194 1360 2263 τέχνης,
1395 2195 1490 2245 καὶ
1523 2193 1621 2262 τῆς
1655 2193 1714 2244 έν

125 2280 346 2342 τούτοις
381 2281 696 2351 δυνάμεως
732 2286 866 2354 Περὶ
894 2280 967 2337 ὧν
993 2287 1168 2356 δήπου
1199 2286 1291 2337 καί
1333 2303 1415 2349 τις
1450 2285 1557 2337 τῶν
1591 2285 1713 2340 καθ’

128 2372 285 2440 ἡμᾶς
324 2375 503 2442 σοφῶν
559 2379 614 2428 ὲν
646 2380 760 2440 τοῖς
790 2378 928 2449 ὑπὲρ
983 2378 1147 2432 αὑτοῦ
1207 2380 1385 2449 λόγοις
1419 2383 1580 2434 αὑτὸν
1623 2382 1717 2432 ἑκο

127 2466 507 2532 πληττόμενος
544 2468 748 2534 ἔλεγεν,
783 2469 856 2531 ὡς
885 2470 1136 2523 τοσοῦτον
1164 2473 1313 2542 αὑτῴ
1359 2477 1462 2526 κάν
1501 2472 1714 2534 τούτοις

127 2560 223 2606 καὶ
257 2556 563 2622 δυνάμεως,
621 2561 712 2610 καὶ
759 2561 952 2628 σοφίας
977 2600 991 2625 ,
1045 2563 1136 2614 καὶ
1172 2564 1364 2633 τέχνης
1400 2566 1537 2632 ὑπὲρ
1587 2564 1714 2627 τοὺς

126 2649 404 2708 παλαιοὺς
453 2651 765 2715 πρόσεστιν,
800 2653 872 2714 ὡς
919 2657 966 2704 εἰ
1001 2655 1073 2723 μὴ
1106 2657 1334 2707 καὶτῶν
1357 2657 1532 2710 ἄλλων
1567 2657 1717 2726 αὑτῴ

125 2738 317 2803 λόγων
341 2741 563 2807 μηδενός
589 2758 652 2808 γε
707 2746 970 2813 προσῆκε,
1019 2747 1152 2814 μηδὲ
1193 2748 1366 2815 μέγας
1396 2750 1453 2799 ἐν
1487 2749 1718 2811 ἐκείνοις

127 2831 287 2882 οὑτω
317 2834 404 2881 καὶ
434 2833 743 2901 θαυμαστὸς
763 2831 854 2904 ἦν,
884 2838 990 2889 ἀπὸ
1018 2839 1126 2889 τῶν
1151 2841 1365 2907 μέτρων
1395 2841 1598 2893 τούτων
1627 2843 1719 2894 καὶ

125 2922 238 2989 τῆς
298 2923 585 2990 ποιητικῆς
636 2924 804 2992 μόνης
861 2927 927 2979 ἂν
959 2928 1019 2980 τὸ
1049 2929 1173 2982 κατ’
1202 2930 1363 2982 αὑτὸν
1401 2932 1717 3000 βεδοῆσΟ-αι,

127 3019 234 3066 καὶ
278 3018 426 3084 παρά
463 3018 594 3069 πᾶσι
627 3022 808 3086 σοφοῖς
852 3021 1108 3089 μέγιστός
1145 3040 1225 3085 τις
1270 3019 1434 3076 εἶναι.
1473 3025 1566 3077 καὶ
1591 3025 1720 3077 θαυ-

128 3109 351 3174 μαστὸς
381 3105 507 3163 εἷεν.
1501 3109 1512 3120 ’

1806 634 2068 692 quantum
2115 624 2221 677 dici
2275 640 2381 676 non
2428 636 2626 694 potest,
2675 626 2925 685 doli-iter.
2965 634 3022 679 ct
3061 628 3222 680 modo
3280 639 3388 681 tam

1808 714 2064 779 miritico,
2103 725 2158 767 ut
2188 725 2246 768 et
2279 715 2411 767 hinc
2455 717 2637 783 potius
2677 716 2926 770 Ecciesia
2975 716 3179 770 Christi
3230 732 3394 769 vene-

1809 807 1978 860 randa
2026 807 2284 876 mysteria
2341 823 2451 860 non
2507 809 2681 860 solum
2738 809 3052 863 sublimiter
3097 807 3284 861 videre
3330 825 3392 862 ac

1810 897 2035 960 intueri,
2062 899 2155 950 sed
2185 898 2358 950 multo
2392 899 2556 951 etiam
2591 899 2882 952 sublimius
2907 899 3040 966 pati,
3070 913 3132 951 ac
3165 898 3391 971 suntire,

1807 998 1862 1041 et
1893 990 2198 1056 percipere,
2236 999 2291 1042 et
2333 990 2398 1041 ad
2447 989 2592 1041 illam
2638 991 2998 1043 uacui‘iomiam
3051 989 3393 1057 salutemque

1810 1080 1991 1142 evehi,
2029 1079 2507 1146 pulchrrrimaque
2543 1090 2596 1133 et
2629 1081 2891 1132 altissima
2941 1082 3246 1134 mutatione
3294 1079 3396 1131 im-

1813 1173 2012 1225 mutari
2048 1182 2234 1238 queat.
2272 1175 2450 1235 Quare
2502 1173 2690 1225 iisdem
2723 1187 2864 1241 pene
2895 1173 3166 1236 laudibus,
3193 1173 3393 1240 quibus

1814 1264 2004 1317 Patres
2047 1263 2349 1316 doctissimi
2404 1277 2463 1316 et
2500 1274 2786 1334 martyres,
2839 1265 3239 1319 condccoratus
3269 1274 3390 1318 est:

1811 1355 2139 1423 quisciliect
2181 1367 2407 1424 pmpter
2453 1357 2651 1408 eximia
2695 1356 2962 1410 librorum
3014 1366 3392 1418 monumenta,

1811 1468 1932 1520 qim
1959 1453 2325 1520 reliquerunt,
2368 1468 2473 1504 non
2522 1452 2701 1505 minus
2735 1467 2896 1521 quant
2949 1463 3172 1522 propter
3209 1467 3395 1506 sacras

1811 1546 2078 1606 actiones,
2107 1555 2162 1597 et
2208 1546 2563 1612 apostolicam
2598 1545 2719 1598 vita:
2757 1547 3022 1599 rationem
3065 1545 3396 1599 certamina-

1813 1653 1919 1703 qne
1944 1636 2012 1688 ab
2042 1635 2284 1689 Ecclesia
2317 1637 2587 1690 decantati
2621 1647 2676 1690 et
2712 1637 2961 1691 honorati
2993 1651 3140 1692 sunt.

1886 1731 1942 1784 In
1978 1731 2126 1798 poesi
2169 1738 2350 1782 autem
2396 1740 2458 1783 et
2499 1729 2769 1794 versibus,
2805 1730 3065 1798 varioque
3093 1740 3396 1786 metrorum

1815 1840 2035 1894 genere,
2069 1838 2189 1890 quae
2231 1823 2298 1876 de
2327 1822 2706 1890 compluribus
2742 1822 3100 1892 argumentis,
3134 1832 3189 1875 et
3223 1824 3399 1890 plera-

1817 1933 1922 1987 que
1967 1917 2032 1970 ad
2081 1931 2430 1969 communem
2489 1914 2926 1969 Christianorum
2990 1915 3394 1968 institutionem

1815 2008 2032 2061 diverse
2061 2004 2392 2073 composuit,
2425 2004 2476 2056 in
2503 2003 2732 2073 poeticae
2763 2004 2985 2058 demum
3018 2004 3287 2057 orationis
3341 2012 3398 2057 et

1816 2099 2123 2169 disciplina:
2158 2098 2570 2156 exercitatione.
2607 2098 2729 2166 quis
2759 2097 3076 2152 Graecorum
3107 2108 3396 2167 poetarum

1815 2190 1864 2244 ei
1897 2207 1956 2245 se
1997 2190 2342 2259 Opposueril,
2372 2204 2473 2242 nec
2521 2188 2598 2242 illi
2628 2189 2680 2241 in
2722 2188 2806 2242 his
2834 2191 2969 2243 artis
3003 2189 3396 2259 perfectionem

1815 2281 2239 2348 facultatemque
2290 2279 2657 2333 concesserit?
2696 2279 2771 2332 De
2813 2280 3016 2343 quibus
3072 2280 3236 2333 etiam
3288 2297 3396 2333 non

1815 2385 1980 2424 nemo
2010 2379 2327 2422 nostrorum
2361 2369 2669 2436 sapientum
2705 2368 2757 2421 in
2788 2369 2907 2439 ejus
2941 2368 3254 2422 laudatione
3289 2385 3397 2422 non

1816 2461 1952 2515 citra
1995 2470 2276 2529 stuporem
2305 2460 2462 2524 dixit,
2497 2469 2702 2514 tantum
2750 2459 2802 2513 in
2851 2461 2970 2515 istis
3023 2469 3079 2514 et
3115 2461 3397 2527 facultate,

1817 2561 1870 2606 et
1894 2553 2170 2617 doctrina,
2191 2562 2246 2606 et
2274 2552 2507 2606 artitieio
2535 2553 2793 2617 valuisse,
2821 2563 2880 2607 ut
2902 2554 3067 2608 etiam
3099 2556 3140 2609 si
3169 2555 3398 2608 aliarum

1819 2646 2128 2699 litterarum
2160 2645 2314 2698 rudis
2347 2645 2562 2709 fuisset,
2597 2662 2701 2699 nec
2735 2645 2800 2699 ad
2838 2655 3052 2698 tantum
3086 2647 3138 2700 in
3183 2647 3291 2700 illis
3323 2647 3402 2700 la-

1820 2739 2042 2807 stigiuin
2073 2737 2556 2805 pneslantiamque
2591 2737 2952 2806 pervenisset,
2978 2752 3040 2790 ex
3066 2738 3402 2791 carminibus

1823 2829 1963 2890 istis,
2007 2837 2062 2882 et
2109 2829 2318 2896 poetica
2365 2829 2476 2881 sola
2527 2829 2807 2897 praedicari
2877 2829 3102 2896 ubique.
3160 2840 3207 2883 et
3259 2831 3399 2898 apud

1821 2937 2010 2975 omnes
2039 2921 2286 2974 eruditos
2329 2937 2424 2987 pro
2457 2935 2656 2990 magno
2683 2933 2731 2973 et
2763 2921 3026 2990 singulari
3062 2921 3177 2974 viro
3213 2921 3403 2976 haberi

1821 3014 2084 3084 potuisse.
2119 3015 2296 3082 Atque
2327 3013 2441 3068 haec
2462 3013 2757 3067 hactenus.

222 3200 384 3252 Ἐπεὶ
414 3203 470 3256 δὲ
524 3205 756 3258 τοιοῦτοι
796 3206 896 3275 μὲν
954 3208 1002 3259 σί
1061 3207 1288 3276 μεγάλω
1321 3210 1418 3261 σὺν
1468 3209 1714 3277 ἀλλήλοις

1895 3193 2164 3259 Quoniam
2193 3192 2362 3261 igitur
2393 3191 2448 3245 hi
2488 3200 2598 3245 tres
2636 3191 2812 3260 magni
2848 3200 2976 3245 sunt
3003 3192 3188 3255 simul,
3224 3195 3403 3262 magni

125 3293 438 3361 ὁρώμενοι.
476 3294 704 3348 τοιοῦτοι
725 3296 780 3349 δὲ
813 3297 908 3349 καὶ
938 3298 1329 3365 καθ’ἒκαστον,
1358 3301 1450 3352 καὶ
1483 3301 1623 3352 οὑτω
1655 3301 1723 3353 τὰ

123 3385 324 3433 είκεία
355 3382 448 3433 καὶ
467 3384 714 3452 ἀλλήλων
746 3385 958 3451 φιλοῦσι
995 3391 1287 3451 ποιεῖσθαι,
1316 3391 1720 3459 κοινοποιούμεο

125 3490 245 3534 τοι,
286 3474 383 3526 καὶ
432 3475 685 3545 ἀλλήλοις
731 3478 1107 3547 ἀντιδιδόντες,
1165 3481 1416 3551 καθάπερ
1468 3483 1570 3553 ἤδη
1628 3483 1725 3534 καὶ

123 3566 361 3631 φθάσας
399 3565 553 3636 ἔφην,
579 3569 674 3620 καὶ
698 3569 955 3640 τοσαύτη,
991 3573 1083 3623 καὶ
1131 3571 1301 3635 οὑτως
1341 3574 1522 3642 αὑτῶν
1553 3575 1725 3644 ὑπερ-

124 3657 292 3725 φυὴς
329 3656 364 3724 ἦ
417 3673 476 3708 τε
527 3657 653 3721 δόξα
688 3659 782 3710 καὶ
813 3660 872 3713 τὸ
910 3662 1198 3730 μεγαλεῖον
1231 3664 1432 3732 ὁμοίως
1462 3664 1518 3716 ἐν
1546 3682 1604 3717 τε
1630 3666 1720 3717 λό-

121 3765 285 3815 γοις,
318 3750 411 3801 καὶ
439 3749 744 3818 πράγμασι,
781 3754 875 3804 καὶ
907 3757 938 3823 ἡ
971 3755 1058 3807 διὰ
1086 3755 1302 3808 πάντων
1335 3757 1565 3826 ἀκριϐὴς
1587 3758 1721 3811 ἕνω-

122 3840 218 3901 σίς
257 3855 328 3890 τε
361 3839 453 3891 καὶ
484 3841 790 3909 συμφωνία,
838 3843 912 3905 ὡς
943 3845 1000 3910 ἐξ
1041 3845 1248 3915 ὀνύχων
1278 3850 1410 3914 φασὶ
1433 3848 1599 3912 δεῖξαι
1631 3851 1722 3900 τὸν

117 3930 366 3995 λέοντα,
422 3932 646 3986 κάκεῖνα
700 3936 809 3998 τοῖς
857 3937 1168 4006 είρημὲνοις
1220 3939 1526 4002 ἀκολούθως
1559 3958 1726 4010 προσ-

116 4023 322 4091 θήσω.

199 4114 394 4166 Ὀταν
441 4118 551 4178 τοῖς
588 4117 728 4171 κατά
772 4120 1038 4174 Ἰουδαίων
1073 4140 1130 4175 τε
1157 4122 1249 4176 καὶ
1292 4122 1561 4194 Ἐλλήέων
1605 4143 1730 4196 στη-

113 4204 478 4270 λιτευτικοῖς
526 4209 618 4260 καὶ
641 4213 1045 4280 ἀντιῤῥητικοῖς
1075 4213 1253 4264 αὑτῶν
1288 4215 1466 4278 λόγοις
1497 4215 1722 4285 ἐντύχω,

112 4301 228 4354 καὶ
286 4299 405 4352 τῶν
439 4305 551 4370 μετ’
573 4303 768 4368 αὐτούς
798 4322 854 4358 τε
886 4307 978 4358 καὶ
1016 4308 1112 4359 σὺν
1142 4308 1322 4369 αὑτοῖς
1352 4311 1409 4360 ἐν
1440 4309 1722 4377 πλάσματι

112 4394 590 4465 Χριστιανισμοῦ
646 4396 742 4462 τῆς
796 4399 957 4467 κενῆς
1034 4400 1220 4460 ἀθεῖας
1276 4400 1536 4462 ὡσαύτως
1592 4417 1721 4470 προ-

109 4487 422 4546 στάντων,
480 4486 569 4536 τὸν
620 4485 712 4535 ἐπὶ
748 4486 871 4537 Νῶε
910 4489 1291 4556 κατακλυσμὸν
1325 4491 1433 4558 όρεῦ
1466 4489 1572 4540 τῶν
1604 4491 1727 4542 ὑδά-

1828 3300 2048 3354 quoque
2079 3299 2327 3338 seorsum
2376 3284 2730 3346 considerati,
2767 3283 3012 3352 adeoque
3059 3285 3270 3353 privata
3308 3303 3404 3339 sua

1828 3379 1971 3432 inter
2000 3392 2058 3430 se
2111 3376 2349 3430 libenter
2394 3377 2705 3430 ςοιιεηὶυιιὶει
2757 3378 3028 3442 fecerunt,
3060 3379 3406 3445 vicissimque

1827 3469 2327 3533 communicarunt,
2372 3467 2516 3521 sicut
2566 3486 2596 3522 a
2635 3483 2721 3522 me
2773 3471 2931 3537 paulo
2959 3486 3123 3539 supra
3169 3487 3409 3525 comme-

1827 3571 2098 3616 moratum
2153 3571 2237 3616 cst
2273 3602 2287 3627 ,
2333 3569 2553 3630 tamque
2619 3561 2806 3631 ingens
2853 3572 2937 3617 est
2986 3574 3042 3617 et
3091 3563 3409 3618 admiranda

1827 3668 2017 3708 eorum
2082 3653 2261 3722 gloria
2293 3661 2348 3705 et
2375 3651 2798 3721 magnificentia,
2840 3663 2896 3706 et
2927 3652 3082 3723 teque
3121 3656 3172 3708 in
3202 3656 3408 3708 doctri-

1826 3762 1918 3810 na,
1954 3757 2007 3801 et
2052 3746 2383 3811 actionibus,
2413 3756 2467 3800 et
2512 3761 2611 3814 per
2633 3746 2815 3798 omnia
2861 3747 3020 3815 plena
3069 3747 3404 3816 coniunctio,

1828 3854 2131 3896 consensus
2160 3849 2325 3907 atque
2359 3839 2719 3905 conspiratio,
2764 3848 2822 3892 ut
2853 3840 2997 3908 quod
3031 3841 3082 3892 in
3115 3839 3408 3908 proverbio

1827 3945 1931 4000 est,
1963 3951 2028 3989 ex
2062 3935 2334 4003 unguibus
2359 3934 2575 3988 leonem
2608 3949 2925 4004 cognoscas,
2948 3937 3111 3989 etiam
3138 3934 3224 3988 illa
3246 3933 3410 3990 dictis

1829 4029 2224 4083 convenienter
2254 4027 2530 4096 adjiciam.

1895 4121 2033 4175 Cum
2083 4119 2349 4173 adversus
2377 4117 2596 4173 Judieos
2635 4125 2691 4172 et
2747 4128 2937 4187 gentes
2978 4119 3220 4188 ipsorum
3256 4118 3410 4172 inve-

1831 4219 2004 4269 ctivas
2030 4224 2083 4267 et
2105 4213 2499 4266 confutatorias
2521 4212 2795 4268 orationes
2828 4213 2970 4282 lego,
2997 4223 3052 4264 et
3087 4226 3276 4265 eorum
3317 4211 3410 4281 qui

1832 4319 1954 4377 post
1997 4307 2171 4376 ipsos,
2205 4306 2512 4374 eodemque
2556 4307 2759 4361 saeculo
2804 4323 2928 4360 eum
2968 4307 3100 4375 ipsis
3129 4307 3408 4370 vixerunt,

1831 4399 2178 4454 Christianos
2210 4415 2266 4454 se
2291 4399 2634 4469 ﬁngentium,
2663 4408 2719 4454 et
2745 4399 2962 4453 interim
2987 4399 3276 4468 impietatis
3300 4399 3414 4451 ina-

1840 4493 2066 4545 nitatem
2116 4491 2365 4544 similiter
2403 4491 2696 4554 tuentium,
2749 4491 3024 4544 Noctieam
3080 4492 3412 4556 eluvionem,

103 4595 266 4634 των,
304 4575 408 4625 καὶ
437 4573 535 4642 τὴν
565 4574 670 4627 τῶν
702 4577 916 4644 ἀνέμων
968 4577 1346 4647 πανολεθρίαν,
1380 4575 1460 4640 οἷς
1491 4579 1714 4632 κατασύ·

1834 4585 2335 4651 sceleratorumque
2357 4591 2655 4636 extremam
2678 4582 2976 4651 perniciem
3001 4584 3182 4635 videre
3204 4583 3394 4639 videon

107 4683 342 4737 ρονται
377 4667 529 4733 τείχη
564 4667 774 4734 πονηρὰ
820 4668 911 4718 καὶ
943 4666 1272 4737 ὀχυρώματα
1319 4671 1427 4720 τῶν
1472 4670 1568 4737 τῆς
1601 4671 1714 4721 ἀσε-

1836 4676 1992 4744 cujus
2044 4677 2248 4743 impetu
2305 4687 2772 4745 propugnatorum
2804 4676 3102 4744 impietatis
3133 4691 3194 4728 ac
3227 4685 3411 4745 tyran-

101 4760 298 4812 ὗεὶας
341 4757 664 4823 προστατῶν
715 4758 806 4809 καὶ
843 4759 1140 4828 τυράννων,
1188 4761 1286 4812 οὑκ
1316 4761 1563 4813 εὑάλωτα
1619 4764 1714 4823 τοῖς

1835 4784 2033 4822 norum
2083 4770 2226 4823 muri
2274 4770 2508 4833 scelesti,
2553 4787 2617 4825 ac
2661 4781 3013 4824 monumenta
3058 4771 3415 4841 dejii-iuntur,

101 4850 445 4918 καθαιρεῖν
474 4848 838 4918 βουλομένοις,
870 4850 958 4903 διὰ
998 4853 1095 4920 τὴν
1135 4852 1267 4917 ἕξιν,
1316 4849 1490 4922 οἶμαι,
1524 4854 1617 4906 καλ⁸
1643 4856 1714 4906 tbi

1835 4878 1958 4932 quae
2003 4878 2110 4916 non
2147 4879 2174 4916 a
2219 4863 2431 4931 quovis,
2482 4879 2793 4932 quanquam
2843 4864 3082 4926 volente,
3133 4865 3292 4930 dejici
3355 4879 3418 4918 ac

98 4945 347 5011 τῦφον,
388 4939 484 4993 καὶ
530 4941 631 5010 τὴν
673 4941 915 5012 διπλόην.
962 4943 1133 4997 Ὅταν
1181 4948 1306 5007 τοὺς
1351 4947 1480 5015 περὶ
1516 4945 1647 4998 Υἱοῦ
1675 4964 1714 4998 τι

1837 4955 2134 5008 disturbari
2187 4963 2434 5022 possunt,
2481 4965 2705 5024 propter
2761 4971 2952 5007 eorum
3019 4954 3287 5014 habitum,
3344 4954 3420 5006 in-

105 5037 220 5089 καὶ
288 5032 648 5099 Πνεύμὰτος,
683 5034 776 5085 καὶ
809 5033 912 5102 τῆς
959 5036 1088 5105 μιᾶς
1117 5039 1176 5089 ὲν
1216 5038 1406 5106 Τριάδι
1441 5038 1708 5108 Θεότητος

1839 5062 2024 5117 quam,
2059 5053 2113 5100 et
2157 5047 2480 5098 versutiam.
2531 5046 2761 5111 Quando
2805 5047 2871 5099 de
2911 5045 3073 5106 Filio,
3099 5055 3155 5098 et
3185 5045 3415 5114 Spiritu,

101 5133 220 5183 καὶ
267 5122 392 5178 τοῦ
440 5123 645 5193 ταύτης
691 5125 1078 5192 ἀκαταλήπτου
1122 5127 1330 5190 Λόγους
1353 5128 1710 5195 ἀναγινώσκω

1839 5154 2055 5207 unaque
2094 5138 2145 5190 in
2195 5137 2462 5191 Trinitale
2507 5138 2816 5202 divinitate,
2853 5146 2909 5191 et
2941 5139 3215 5206 quomodo
3264 5153 3420 5191 com-

104 5220 424 5290 γινώσκω
448 5219 578 5269 Θεὸν
606 5217 806 5286 μᾶλλον
826 5217 885 5270 ὃν
915 5219 1044 5288 ἔχω,
1090 5223 1184 5274 καὶ
1207 5221 1304 5287 τὴν
1336 5222 1596 5290 ἀληθινὴν
1635 5239 1714 5290 μο·

1839 5225 2106 5295 prehendi
2147 5242 2252 5278 non
2287 5227 2483 5294 possit,
2524 5227 2727 5295 scripta
2755 5227 2896 5297 lego,
2927 5228 3096 5281 Deum
3127 5242 3291 5296 quem
3323 5227 3416 5281 ha-

100 5310 397 5382 ναρχξαν
433 5305 590 5372 ὁμοῦ,
614 5307 707 5358 καὶ
732 5306 792 5359 τὸ
820 5308 916 5374 τῆς
939 5309 1166 5376 Τριάδος
1209 5312 1504 5378 μυστήριον
1537 5313 1714 5362 ἐκπαιι

1838 5317 1940 5372 beo
1964 5317 2258 5372 dilucidius
2283 5321 2562 5388 magisque
2590 5319 3174 5389 intelligo,veramque
3203 5334 3420 5373 monar-

131 5406 393 5472 εὑομαι
422 5398 551 5467 παρ’
595 5398 839 5462 ἐκείνων,
877 5399 969 5452 καὶ
1002 5401 1100 5462 τὰς
1157 5401 1480 5470 ὑπερϐολὰς,
1513 5404 1605 5456 καὶ
1636 5407 1714 5457 τά.

1837 5410 2017 5464 chiam
2092 5410 2258 5464 simul
2321 5423 2377 5465 et
2426 5412 2708 5467 Trinitatis
2769 5415 3087 5484 mysterium
3165 5428 3230 5466 ex
3285 5412 3420 5480 ipsis

98 5499 413 5567 ὑφέσεις,
445 5492 538 5542 καὶ
579 5491 678 5560 τὴν
735 5491 1098 5561 συναλοιφὴν,
1158 5495 1249 5546 καὶ
1285 5496 1381 5565 τὴν
1430 5496 1696 5565 διαίρεσιν

1839 5501 2121 5571 perdisco;
2161 5513 2215 5556 et
2243 5504 2587 5566 eminentias,
2627 5513 2684 5558 et
2719 5505 3131 5568 submissiones,
3171 5516 3225 5558 et
3290 5521 3421 5558 con-

93 5593 232 5646 τῶν
311 5586 390 5639 δὲ
432 5582 735 5652 προσώπων
765 5583 922 5652 όμοῦ,
959 5587 1050 5637 καὶ
1090 5587 1188 5654 τῆς
1219 5587 1451 5654 φύσεως,
1479 5589 1578 5648 τὰς
1607 5608 1714 5659 χρο,

1833 5594 2197 5664 junctionem,
2246 5595 2686 5666 divisionemque
2728 5613 3115 5665 persornarum
3167 5597 3326 5650 simul
3362 5607 3418 5651 et

89 5685 293 5746 νικάς
332 5694 403 5731 τε
455 5677 733 5746 γεννήσεις
763 5677 896 5745 ὁμοῦ
934 5681 1027 5731 καὶ
1078 5680 1173 5740 τὰς
1210 5681 1582 5750 ἐκπορεὺσεις,
1643 5700 1712 5734 κα

1840 5700 2076 5752 naturae,
2125 5691 2351 5758 tempori
2415 5692 2541 5744 item
2606 5691 2872 5745 obnoxias
2924 5691 3303 5760 generationes
3365 5701 3418 5745 et

90 5782 214 5850 τὴν
255 5769 610 5837 σωματικὴν
663 5771 832 5840 τομήν
880 5786 939 5822 τε
975 5773 1068 5821 καὶ
1109 5771 1316 5837 ρεὑσιν,
1374 5773 1467 5824 καὶ
1500 5774 1558 5823 τὸ
1596 5791 1714 5825 κατε

1843 5781 2244 5851 processioncs,
2274 5783 2610 5851 corporalem
2640 5784 3053 5837 dissolutionem
3108 5794 3163 5836 et
3193 5785 3417 5850 llnxum,

84 5874 208 5946 τὴν
252 5863 452 5936 φύσιν
484 5860 700 5915 ἔλαττόν
733 5878 791 5915 τε
837 5863 929 5917 καὶ
975 5863 1178 5933 μεῖξον,
1233 5866 1323 5918 καί
1364 5867 1452 5920 τὸν
1494 5867 1714 5940 καταλη-

1842 5871 2143 5926 sccundum
2180 5884 2429 5927 naturam
2463 5875 2728 5940 minuset
2759 5875 2959 5947 majus;
2991 5886 3045 5929 et
3069 5875 3239 5929 Deum
3268 5891 3417 5930 coni-
