4180 6458
743 369 846 428 ὃιι3

1804 367 2221 426 PllllDTi'IEl
2267 367 2373 426 Cl'.
2426 368 2932 428 P.’t'l'lilAliCiI.-E

3884 377 4002 441 804

741 480 1098 543 prehensum,
1131 487 1186 530 et
1224 475 1456 530 deorum
1509 476 1941 540 multitudinem,
1988 477 2324 546 inaequalita-

2430 477 2562 528 πτὸν
2593 478 2745 540 Θεὸν,
2776 479 2868 530 καὶ
2901 479 2997 548 τὴν
3038 479 3325 534 πολυθεῖαν
3365 483 3630 536 Ἰουδαίων
3661 503 3718 538 τε
3755 488 3850 538 καὶ
3882 488 4010 538 Ἐλο

737 583 957 637 temque
999 570 1312 624 Judteorum
1362 580 1415 622 et
1471 570 1757 638 gentilium
1836 584 2051 636 respuo,
2110 569 2323 622 theolo-

741 662 949 729 git-que
1013 670 1069 713 ct
1116 660 1506 727 Speculationis
1553 669 1716 712 certa.-
1773 660 2014 711 rationes
2061 658 2322 721 edoccor,

739 761 1014 816 quatenus
1034 751 1253 803 edoceri
1277 768 1359 803 me
1379 749 1460 802 fas
1477 760 1588 813 est;
1616 759 1670 802 et
1701 750 1866 802 Deum
1893 763 2060 800 unum
2083 747 2324 816 legitime

740 859 804 896 ac
833 858 966 910 pure
1008 843 1059 894 in
1110 842 1376 895 'I‘riuitate
1418 841 1611 904 adoro,
1644 842 1735 909 qui
1773 854 1870 892 nec
1901 842 2087 908 coepit,
2121 841 2321 906 inquit,

741 948 842 984 nec
873 933 1164 1000 aliquando
1197 932 1431 992 desinet,
1467 949 1566 985 ceu
1605 933 1829 1000 pelagus
1863 935 2115 986 essentim
2140 932 2324 985 inﬁni-

742 1034 940 1077 tumet
978 1025 1329 1082 immensum.
1366 1039 1581 1076 onmem
1629 1024 2016 1091 cogitationem
2061 1025 2323 1092 temporis

743 1132 807 1169 ac
833 1124 1042 1168 natura:
1071 1131 1411 1184 exsuperans
1439 1127 1620 1168 tuente
1655 1117 1780 1168 sola‘
1818 1115 2228 1176 adumbratum,
2268 1126 2324 1170 et

743 1207 845 1259 hoc
875 1207 1049 1275 ipsum
1081 1224 1338 1276 perquam
1370 1207 1589 1260 exiliter
1615 1223 1676 1261 ac
1710 1208 2079 1271 mediocriter,
2118 1223 2224 1261 non
2254 1225 2319 1261 ex

741 1298 811 1351 iis
835 1315 954 1366 qua:
993 1300 1111 1368 ejus
1155 1309 1345 1350 natura
1377 1300 1749 1362 continentur,
1783 1311 1836 1352 et
1886 1299 2190 1352 secundum
2242 1299 2324 1368 ip-

741 1409 897 1454 sum,
940 1395 1033 1446 Sed
1085 1410 1206 1461 qua:
1255 1395 1400 1446 circa
1450 1396 1627 1462 ipsum
1673 1403 1843 1447 sunt:
1880 1408 1980 1447 nec
2034 1409 2199 1461 super
2236 1394 2322 1448 bis

741 1485 946 1536 deitate
990 1485 1180 1547 eﬂ'usa,
1222 1502 1289 1538 ne
1338 1485 1564 1537 deorum
1615 1493 1892 1539 catervam
1947 1486 2318 1540 inducamus:

740 1589 846 1626 nec
879 1575 963 1629 his
992 1577 1194 1630 deitate
1223 1577 1663 1643 circumscripta,
1697 1592 1764 1630 ne
1811 1579 2150 1646 paupertatis
2181 1577 2321 1631 divi-

739 1668 971 1720 nitatem
1019 1670 1483 1734 condemnemus,
1536 1681 1630 1723 aut
1674 1681 1898 1739 propter
1947 1671 2318 1722 monarchiam

741 1776 866 1811 cum
895 1760 1115 1822 Iudaeis,
1155 1771 1248 1814 aut
1291 1773 1515 1829 propter
1544 1762 1947 1815 multitudinem
1980 1777 2104 1815 cum
2142 1761 2318 1829 genti-

2428 571 2601 640 λήνων
2629 573 2978 642 ἀπορῤίπτω,
3017 572 3292 641 θεολογίας
3330 593 3388 628 τε
3424 579 3517 629 καὶ
3561 577 3789 646 θεωρίας
3819 581 4010 631 ἀπλα-

2426 661 2550 724 νοῦς
2582 663 2965 732 ὲκδιδάσκομαι
2999 665 3211 731 λόγους,
3240 667 3468 720 καθόσον
3495 664 3605 722 οἷον
3625 687 3702 734 τε,
3733 674 3828 723 καὶ
3868 673 4010 724 Θεδν

2427 752 2518 804 ἕνα
2561 755 2801 822 γνησίως
2849 772 2908 807 τε
2941 758 3031 809 καὶ
3066 757 3319 826 καθαρῶς
3366 762 3652 828 προσκυνῶ
3681 765 3738 813 ἐν
3777 764 4007 832 Τριάδι,

2425 843 2546 896 οὕτε
2576 843 2908 912 ἀρξάμενον,
2934 846 3119 915 φησὶν,
3145 847 3267 899 οὔτε
3303 851 3664 919 παυσόμενον,
3687 845 3798 904 οἷόν
3830 869 3882 904 τι
3908 854 4012 905 πέρ

2425 935 2586 1001 λαγος
2613 935 2799 998 οὐσίας
2845 938 3096 1009 ιῐὶττειρονζ
3131 940 3224 993 καὶ
3254 940 3526 1010 ἀόριστον,
3561 946 3739 995 πᾶσαν
3764 944 4011 1012 ὑπερεκ-

2426 1027 2625 1080 πίπτον
2663 1029 2870 1080 ἔννοιαν
2939 1031 3031 1080 καὶ
3067 1032 3258 1100 χρόνου
3302 1033 3393 1084 καὶ
3423 1033 3660 1099 φύσεως,
3702 1034 3777 1096 νῷ
3839 1037 4003 1101 μόνον

2427 1119 2970 1188 σκιαγραφοῦμενον·
3005 1125 3099 1173 καὶ
3151 1122 3308 1176 τοῦτο
3333 1124 3451 1177 λίαν
3492 1125 3748 1192 ἀμυδρῶς
3779 1127 3877 1178 καὶ
3913 1143 4013 1193 με·

2425 1212 2611 1278 τρίως,
2647 1213 2747 1264 οὑκ
2782 1215 2844 1265 ἐκ
2896 1213 3004 1265 τῶν
3058 1214 3180 1266 κατ’
3211 1217 3394 1280 αὑτὸν,
3452 1218 3564 1269 ἀλλ’
3614 1221 3676 1270 ἐκ
3725 1221 3838 1269 τῶν
3871 1221 4005 1286 περὶ

2426 1304 2622 1355 αὐτόν·
2656 1305 2781 1356 οὔτε
2833 1306 2973 1372 ὑπὲρ
3000 1307 3168 1359 ταῦτα
3199 1307 3297 1374 τῆς
3340 1310 3609 1380 θεότητος,
3667 1315 3822 1379 φησὶ,
3880 1329 4004 1381 χεο-

2429 1395 2616 1462 μένης,
2648 1395 2734 1446 ἵνα
2767 1396 2842 1462 μὴ
2877 1398 3048 1466 δῆμον
3082 1399 3218 1451 θεῶν
3251 1402 3654 1470 εἰσαγάγωμεν,
3689 1402 3812 1454 οὔτε
3849 1405 4003 1467 ἐντεις

2424 1487 2625 1538 τούτων
2652 1488 2996 1557 ὁριζομένης,
3051 1492 3138 1543 ἴνα
3200 1495 3272 1560 μὴ
3309 1495 3498 1545 πενίαν
3549 1495 3802 1562 θεότητος
3838 1514 4010 1547 κατα·-

2425 1577 2726 1645 κριθῶμεν,
2779 1579 2810 1647 ἢ
2849 1578 2934 1630 διὰ
2969 1581 3067 1649 τὴν
3113 1583 3409 1650 μοναρχίαν
3464 1583 4009 1653 ίουδαῖζοντες,ἣδιά

2425 1669 2521 1737 τὴν
2552 1669 2816 1735 ἀφθονίαν
2850 1671 3241 1739 ἑλληνίζοντες.
3271 1675 3438 1726 Ὀταν
3481 1675 3548 1726 τὰ
3575 1677 3696 1744 περὶ
3727 1678 3880 1736 θείας
3910 1679 4009 1742 δη-

2428 1761 2716 1829 μιουργίας
2742 1779 2800 1814 τε
2831 1765 2922 1815 καὶ
2954 1765 3209 1832 προνοίας
3233 1765 3414 1816 αὐτῶν
3439 1767 3695 1830 ἐξετάζω,
3742 1770 4009 1836 μανθάνω

743 1851 888 1904 libus
914 1854 1231 1906 sentientes.
1255 1853 1482 1917 Quando
1508 1870 1627 1922 qua:
1652 1854 1717 1906 de
1742 1853 1925 1906 divina
1955 1853 2319 1908 fabricatione

2426 1851 2652 1911 κτίσεως
2683 1856 2776 1906 καὶ
2803 1854 2946 1916 θείας
2968 1856 3251 1925 δυνάμεως
3297 1856 3506 1924 λόγους,
3542 1861 3632 1908 καὶ
3665 1858 3763 1928 τὴ)
3787 1859 4000 1925 γνῶσιν

739 1961 805 1998 ac
835 1946 1177 2013 providentia
1205 1949 1542 2013 scripserunt
1571 1947 1828 2000 evolvens
1857 1945 2113 2009 discutio,
2156 1957 2291 2001 natu

744 2053 816 2088 ra:
845 2047 900 2090 et
944 2038 1143 2091 divina:
1180 2039 1438 2106 potentia:
1471 2041 1710 2092 rationes
1757 2039 2154 2097 animadverto.
2193 2055 2320 2110 pro-

742 2128 1147 2196 ductarumqne
1206 2145 1388 2182 rerum
1451 2131 1821 2199 cognitionem
1891 2131 2193 2198 adipiscor,
2265 2141 2323 2185 ct

741 2219 902 2272 video
934 2221 985 2274 id
1030 2221 1175 2290 quod
1211 2222 1432 2290 proprie
1471 2233 1572 2285 cst,
1616 2232 1770 2276 extra
1809 2221 1996 2274 omnia
2053 2231 2110 2275 et
2154 2237 2319 2291 super

742 2311 926 2364 omnia
969 2327 1120 2377 esse;
1166 2322 1220 2366 et
1269 2328 1379 2380 quo
1425 2325 1604 2380 pacto,
1638 2328 1760 2381 qua:
1803 2313 2123 2381 neutiquam
2169 2321 2318 2374 sunt,

746 2401 963 2459 condat.
998 2410 1053 2454 et
1085 2411 1143 2455 ut
1173 2403 1284 2454 sint
1315 2402 1536 2466 etliciat,
1574 2412 1909 2470 naturasque
1938 2414 1988 2457 ct
2034 2403 2321 2457 facultates

744 2503 1017 2557 procreet,
1062 2501 1120 2543 et
1161 2492 1504 2555 ellicientias,
1544 2501 1599 2545 et
1640 2494 2029 2561 proprietates,
2073 2504 2129 2546 et
2173 2509 2314 2547 com-

750 2585 1067 2647 munitates,
1102 2598 1154 2639 et
1181 2585 1518 2652 discrimina,
1559 2597 1614 2640 et
1644 2587 1896 2652 uniones,
1920 2599 1975 2642 et
2007 2589 2245 2652 habitus,
2266 2599 2322 2643 et.

750 2676 1103 2740 privatioues.
1133 2687 1187 2730 ct
1223 2678 1508 2738 motiones,
1541 2686 1595 2730 et
1640 2680 1988 2742 mutationes,
2030 2689 2084 2733 et
2122 2680 2324 2732 altera-

747 2764 926 2816 tiones
972 2766 1266 2833 unicuique
1323 2777 1688 2834 congruenter
1712 2768 1825 2830 det,
1859 2770 1997 2822 sicut
2042 2770 2156 2838 ipse
2190 2769 2322 2825 dare

747 2857 920 2916 novit,
949 2866 1004 2907 et
1027 2857 1268 2910 rationes
1294 2859 1542 2926 pmprias
1573 2860 1814 2928 impertit
1842 2862 2091 2930 singulis,
2123 2862 2324 2930 quibus

749 2966 837 3002 res
887 2964 1101 3004 nostras
1170 2955 1304 3006 miro
1356 2955 1518 3008 modo
1555 2967 1610 3009 ct
1659 2971 1821 3025 supra
1868 2973 2030 3025 quam
2081 2957 2186 3011 diei
2233 2967 2324 3012 aut

749 3042 973 3108 cogitari
1025 3057 1214 3110 queat,
1263 3046 1576 3099 moderatur
1619 3064 1634 3101 :
1683 3063 1914 3116 quicque
1957 3059 2220 3116 apparent
2269 3051 2320 3104 in

745 3131 1077 3198 quibusdam
1113 3134 1502 3203 iuaaqualitates
1531 3147 1588 3190 et
1611 3135 1967 3204 imparitates,
2005 3139 2125 3207 plus
2159 3155 2321 3208 quam

748 3241 792 3272 ιιε
833 3225 998 3286 ualia,
1038 3235 1092 3278 et
1136 3226 1298 3279 nimis
1365 3227 1430 3280 ad
1478 3230 1738 3282 amussim
1773 3230 1978 3282 directa
2029 3232 2322 3300 perspicio.

748 3317 978 3379 Quando
1027 3316 1092 3369 de
1150 3318 1368 3370 sublimi
1426 3319 1736 3373 sacerdotio
1795 3319 2070 3388 exquisite
2124 3322 2192 3374 ab
2243 3323 2325 3376 cis

746 3408 1058 3474 conscripta
1083 3409 1268 3468 mulio.
1294 3409 1389 3463 Dei
1416 3426 1576 3464 voces
1601 3411 1667 3464 de
1692 3413 1831 3465 cmlo
1857 3414 2106 3482 delapsas
2133 3414 2324 3468 audire

751 3514 836 3548 me
870 3499 1134 3562 arbitror,
1166 3509 1220 3554 et
1259 3516 1287 3552 a
1325 3509 1467 3555 terra
1511 3505 1855 3572 terrenisque
1906 3505 2126 3568 recedo;
2159 3522 2323 3575 ange-

748 3591 1042 3659 lorumque
1097 3591 1299 3659 linguis
1352 3601 1466 3644 tum
1514 3595 1752 3661 primum
1813 3595 1999 3649 divina
2069 3599 2324 3667 mysteria

749 3682 924 3746 disco,
973 3684 1163 3751 quales
1205 3685 1447 3753 ipsorum
1485 3696 1636 3751 sunt,
1688 3685 1839 3741 humi
1894 3691 2321 3753 ambulantibus,

751 3776 1090 3844 materiaque
1112 3777 1494 3831 constantibus
1517 3778 1634 3832 sine
1668 3794 1900 3849 corpore
1929 3784 2321 3850 propemodum

749 3866 1066 3933 loquentes;
1117 3867 1534 3938 celestiumque
1603 3871 1982 3940 mysteriorum
2041 3873 2324 3927 revelatio-

751 3975 898 4022 ncm,
928 3968 981 4011 et
1011 3959 1211 4011 bonum
1236 3959 1482 4013 ordinem
1513 3961 1830 4015 hominibus
1854 3965 2229 4030 priescriptum
2263 3981 2326 4020 ac

750 4048 1079 4116 patefactum
1129 4063 1341 4103 cerno:
1381 4059 1437 4104 et
1489 4052 1802 4120 prophetas,
1843 4056 2205 4121 evangelistas
2269 4067 2325 4110 et

745 4141 1044 4208 apostolos,
1077 4149 1131 4193 et
1155 4141 1393 4195 Priscam
1417 4157 1479 4195 ac
1505 4142 1708 4195 Novam
1741 4141 2075 4212 Scripturam
2110 4145 2327 4199 univer-

750 4248 863 4284 sam
918 4232 1078 4284 simul
1131 4231 1443 4294 docentem,
1500 4247 1608 4301 quo
1657 4243 1838 4301 pacto,
1889 4242 1944 4287 ct
1995 4235 2214 4303 quando
2257 4237 2322 4289 ad

748 4324 1089 4376 inacceSsum
1115 4323 1394 4385 accedere,
1422 4324 1640 4391 quando
1667 4338 1723 4376 se
1753 4324 2080 4386 subducere.
2106 4327 2325 4394 quando

749 4415 816 4467 ad
843 4424 1213 4468 acecrscntem
1251 4416 1401 4469 adire
1449 4425 1735 4483 oporteat:
1771 4417 1928 4480 illud,
1972 4419 2168 4487 inquit,
2199 4434 2325 4487 pro.

750 4521 872 4577 pter
905 4510 1274 4563 inﬁrmitatem
1311 4508 1621 4577 propriam,
1670 4508 1770 4562 hoc
1806 4521 2029 4578 pr0pter
2080 4512 2322 4564 vocantis
2359 4541 2397 4591 ο

747 4600 1072 4667 potentiam.
1106 4600 1169 4652 Et
1193 4601 1466 4667 quomodo
1491 4600 1796 4667 speciosum
1833 4601 2088 4654 Ecclesia:
2120 4601 2322 4656 Christi

748 4706 953 4757 corpus
998 4693 1146 4744 varie
1219 4690 1511 4759 regendum
1567 4701 1619 4743 et
1672 4691 2012 4744 tractandum
2062 4695 2153 4755 sit,
2210 4709 2332 4761 spe-

748 4785 910 4836 ctatis
959 4783 1326 4851 temporibus,
1389 4799 1595 4846 rerum,
1652 4784 1998 4836 voluntatum
2067 4799 2331 4852 persona-

751 4890 988 4942 rumque
1018 4874 1453 4938 discriminibus,
1488 4877 1732 4929 moribus
1765 4887 1820 4929 et
1852 4876 2158 4939 sententiis,
2197 4875 2331 4928 edu-

746 4969 987 5028 catione,
1024 4967 1439 5028 exercitatione,
1483 4967 1826 5021 institutione
1869 4966 2236 5019 communiter
2267 4974 2322 5019 et

747 5058 1050 5126 sigillatim,
1092 5074 1381 5112 comuntne
1417 5059 1659 5112 omnium
1707 5069 1871 5126 caput
1914 5057 2193 5111 Christum
2238 5057 2320 5110 in.

747 5152 988 5213 tuendo,
1059 5152 1296 5220 indeque
1363 5167 1591 5219 operum
1658 5163 1968 5204 nostrorum
2050 5150 2318 5203 calculum

748 5244 1138 5311 exslvet-tando.
1168 5245 1231 5296 Et
1258 5243 1718 5312 quemadmodum
1744 5259 1866 5296 cum
1896 5242 2005 5296 Deo
2027 5242 2321 5310 explorau-

747 5337 804 5388 di
857 5351 918 5388 ac
949 5337 1214 5404 probandi
1251 5337 1381 5399 siut,
1424 5334 1516 5402 qui
1561 5337 1627 5388 ab
1654 5351 1719 5388 eo
1766 5334 1831 5386 ad
1881 5335 1996 5387 haec
2031 5344 2320 5398 vocantur,

751 5442 854 5479 nec
881 5428 1132 5494 tempori,
1171 5443 1269 5480 nec
1304 5427 1585 5496 potentiae,
1614 5442 1711 5482 nec
1739 5427 1988 5480 amicitia:
2018 5426 2328 5493 gratiﬁcan-

748 5519 849 5580 do;
901 5533 966 5570 ne
1023 5533 1128 5570 non
1179 5519 1316 5572 bene
1369 5519 1737 5587 negligantur,
1788 5518 1880 5585 qui
1945 5527 2170 5586 propter
2218 5519 2326 5586 jam

747 5607 890 5662 dicta
917 5609 1062 5676 digni
1083 5619 1210 5662 sunt
1234 5626 1246 5669 ;
1270 5620 1480 5672 contra,
1502 5610 1638 5662 male
1657 5609 2090 5676 deligantur,qui
2116 5621 2335 5676 pr0pter

2423 1941 2662 2010 εὑρίσκω
2690 1944 2798 1996 τῶν
2851 1945 3037 2008 ὄντων,
3072 1950 3165 2002 καὶ
3197 1947 3514 2016 διδάσκομαι
3549 1953 3609 2000 τί,
3661 1951 3871 2019 κυρίως
3923 1950 4005 2014 ὂν,

2423 2033 2526 2098 ἔξω
2556 2037 2664 2088 τῶν
2698 2037 2866 2090 ὅντων
2887 2037 2946 2089 ὃν
2971 2039 3208 2101 πάντων,
3240 2040 3312 2101 ὡς
3345 2040 3481 2109 ὑπὲρ
3522 2041 3716 2105 πάντα,
3755 2050 3849 2092 καὶ
3888 2042 4003 2102 πῶς

2422 2133 2489 2180 τὰ
2515 2128 2778 2197 μηδαμῶς
2808 2129 2933 2180 ὅντα
2965 2129 3225 2198 παράγει,
3273 2132 3365 2181 καὶ
3399 2131 3528 2183 ὄντα
3569 2135 3732 2192 ποιεῖ,
3772 2135 3865 2183 καὶ
3895 2134 4000 2198 φῦ-

2425 2235 2560 2281 σεις,
2598 2222 2691 2274 καὶ
2726 2220 2984 2288 δυνάμεις
3014 2221 3208 2286 κτίζει,
3253 2223 3345 2274 καὶ
3392 2223 3694 2290 ἐνεργείας,
3730 2228 3824 2277 καὶ
3877 2225 4006 2275 ἰδιό-

2422 2326 2612 2380 τητας,
2665 2312 2759 2363 καὶ
2790 2313 3122 2381 κοινότητας,
3176 2318 3269 2366 καὶ
3295 2314 3577 2383 διαφορὰς,
3628 2319 3720 2367 καὶ
3754 2314 4008 2376 ἐνώσεις,

2424 2403 2515 2453 καὶ
2537 2403 2678 2468 ἕξεις
2716 2420 2796 2465 τε,
2833 2404 2926 2456 καὶ
2954 2406 3236 2474 στερήσεις
3259 2443 3275 2466 ,
3310 2407 3402 2457 καὶ
3453 2407 3716 2473 κινήσεις,
3760 2407 3852 2457 καὶ
3885 2422 4011 2472 τρο.

2426 2494 2550 2556 πὰς,
2586 2497 2678 2546 καὶ
2707 2494 3019 2556 ἀλλοιώσεις
3049 2497 3265 2566 ἑκάστῳ
3312 2496 3495 2548 δίδωσι
3532 2498 3912 2566 καταλλήλως,
3933 2499 4012 2558 ὡς

2425 2585 2628 2647 ἐκεῖνος
2658 2585 2822 2650 ἓξοιδε
2874 2587 3066 2655 μόνος·
3115 2589 3211 2638 καὶ
3265 2587 3454 2652 λόγους
3481 2589 3726 2656 ἐντίθησι
3770 2590 3898 2649 τοὺς
3929 2590 4010 2639 οἰ-

2425 2680 2603 2741 κείους
2638 2681 2913 2743 ἑκάστοις,
2937 2674 3017 2742 οἷς
3064 2679 3133 2732 τὰ
3162 2680 3405 2749 ἡμέτερα
3443 2680 3645 2741 καινῶς
3688 2678 3882 2741 ἰθύνει,
3913 2680 4013 2730 καὶ

2426 2772 2566 2841 ὑπὲρ
2591 2771 2783 2837 λόγον’
2830 2772 3046 2834 καὶτὰς
3097 2771 3153 2824 ἐν
3206 2788 3316 2824 τισι
3370 2770 3632 2830 δοκούσας
3687 2769 4011 2838 ἀνωμαλίας

2425 2863 2517 2915 καὶ
2541 2863 2862 2931 ἀνισότητας
2895 2864 3033 2931 ὑπὲρ
3071 2862 3170 2932 τὴν
3203 2864 3422 2930 ἰσότητα
3457 2864 3722 2923 κατανοῶ,
3759 2865 3854 2913 καὶ
3904 2861 4009 2930 τὴν

2427 2956 2689 3024 στάθμην.
2725 2957 2890 3007 ’Ὅταν
2919 2956 2985 3009 τὰ
3013 2959 3138 3023 περὶ
3167 2955 3262 3021 τῆς
3292 2954 3498 3022 ὑψηλῆς
3528 2954 3830 3022 ἱερωσύνης
3869 2955 4012 3021 ὑψη-

2425 3047 2526 3108 λῶς
2554 3047 2680 3114 παρ’
2708 3047 2928 3099 ἐκείνων
2973 3046 3175 3109 ἀκούω,
3200 3043 3334 3096 Θεοῦ
3367 3047 3565 3113 φωναῖς
3592 3046 3888 3112 οὐρανόθεν
3913 3061 4012 3112 φε-

2430 3140 2686 3208 ρομέναις
2710 3139 3057 3206 ἐντυγχάνειν
3093 3136 3320 3205 νομίζω,
3347 3138 3442 3189 καὶ
3469 3137 3570 3204 γῆς
3599 3137 4010 3205 ἀπανίσταμαι,

2431 3234 2522 3281 καὶ
2551 3230 2659 3280 τῶν
2689 3231 3000 3299 περιγείων,
3033 3232 3125 3281 καὶ
3161 3230 3426 3295 γλώσσαις
3459 3228 3706 3294 ἀγγέλων
3734 3228 3875 3280 Θεοῦ
3910 3248 4015 3297 μυ-

2429 3323 2626 3392 στήρια
2657 3323 2776 3373 τότε
2823 3323 3053 3391 πρώτως
3108 3320 3382 3390 μανθάνω,
3447 3320 3649 3380 αἵτινές
3688 3323 3826 3372 ποτέ
3877 3319 4014 3371 εἶσιν

2426 3416 2609 3474 αὑταὶ,
2641 3414 2731 3466 καὶ
2768 3412 2884 3472 πῶς
2911 3412 3023 3474 τοῖς
3071 3411 3219 3464 κάτω
3248 3411 3339 3463 καὶ
3371 3410 3574 3471 ὑλικοῖς
3610 3407 3794 3468 ἀΰλως
3825 3409 4016 3462 λαλοῦσ-

2430 3524 2539 3569 σαι,
2575 3505 2846 3574 οὐρανίων
2873 3521 2933 3555 τε
2970 3503 3284 3573 μυστηρίων
3322 3501 3666 3568 ἀποκάλυψιν
3701 3502 3802 3552 καὶ
3851 3502 4012 3552 εὺταο

2429 3598 2546 3662 ξίαν
2583 3597 2763 3666 βλέπω
2797 3595 3327 3662 ἀποκαλυπτομένην
3359 3592 3669 3662 ἀνθρώποις
3693 3608 3706 3622 ·
3745 3595 3841 3644 καὶ
3876 3608 4010 3661 προ-

2428 3692 2624 3758 φήτας,
2658 3689 2753 3740 καὶ
2786 3686 3182 3754 εὐαγγελιστάς
3207 3724 3222 3748 ,
3255 3687 3350 3737 καὶ
3377 3685 3731 3746 ἀποστόλους,
3780 3687 3880 3736 καὶ
3913 3686 4015 3737 πά-

2429 3800 2528 3836 σαν
2589 3780 2724 3849 ὸμοῦ
2774 3780 2874 3849 τὴν
2909 3780 3154 3832 Παλαιὰν
3203 3777 3297 3830 καὶ
3334 3776 3432 3846 τὴν
3470 3775 3612 3828 Νέαν
3659 3777 4013 3828 ἐκδιδάσκουυ

2430 3889 2549 3935 σαν,
2571 3873 2685 3935 πῶς
2701 3873 2779 3925 δεῖ
2804 3871 2898 3924 καὶ
2922 3871 3049 3924 πότε
3077 3867 3460 3939 προσεγγίζειν
3477 3867 3556 3937 τῷ
3571 3869 3884 3936 ἀπροσίτῳ,
3919 3870 4008 3920 καὶ

2427 3963 2630 4028 πηνίκα
2658 3961 2756 4029 μὲν
2787 3963 3110 4029 ὑποχωρεῖν,
3149 3960 3350 4028 πηνίκα
3377 3958 3433 4011 δὲ
3471 3959 3756 4027 προσιέναι
3784 3958 4012 4011 καλοῦνο

2425 4067 2510 4103 τι·
2548 4053 2605 4103 τὸ
2639 4051 2760 4119 μὲν,
2799 4051 2953 4119 φησὶ,
2985 4051 3074 4103 διὰ
3101 4051 3200 4118 τὴν
3235 4049 3444 4101 οίκείαν
3489 4049 3808 4112 ἀσθένειαν,
3850 4052 3912 4100 τὸ
3956 4049 4012 4101 δὲ

2426 4143 2512 4193 δια
2544 4141 2640 4211 τὴν
2674 4141 2770 4192 τοῦ
2820 4141 3112 4202 καλοῦντος
3145 4139 3396 4208 δύναμιν.
3450 4141 3556 4192 Καὶ
3598 4140 3714 4201 πῶς
3747 4143 3811 4192 το
3846 4141 4009 4192 καλὸν

2429 4232 2585 4299 σῶμα
2610 4228 2865 4298 Χριστοῦ,
2894 4228 2993 4298 τὴι
3032 4228 3375 4294 Ἐκκλησίαν,
3397 4229 3651 4290 ποικίλως
3678 4230 4011 4298 οἰκονομεῖν,

2428 4325 2520 4374 καί
2549 4323 2972 4392 μεταχειρίζειν,
3037 4323 3260 4390 καιροὺς
3292 4320 3708 4388 ἐπιτηροῦντας,
3748 4323 3847 4372 καὶ
3904 4323 4014 4373 δια-

2427 4414 2596 4480 φορὰς
2620 4413 2982 4481 πραγμάτων,
3004 4413 3095 4464 καὶ
3119 4411 3511 4480 προαιρέσεων,
3541 4411 3635 4462 καὶ
3669 4412 4012 4480 προσώπων,

2427 4506 2518 4555 καὶ
2557 4504 2723 4572 ἠθῶν,
2761 4505 2852 4555 καὶ
2879 4503 3133 4572 γνωμῶν,
3166 4503 3258 4554 καὶ
3297 4503 3545 4570 ἀγωγῆς,
3577 4504 3668 4555 καὶ
3691 4505 4010 4572 ἀσκήσεως,

2427 4597 2518 4646 καὶ
2549 4595 2814 4657 παιδείας,
2846 4595 2952 4647 τῶν
2997 4612 3056 4646 τε
3089 4597 3237 4664 κοινῇ
3276 4612 3441 4662 φημι,
3476 4597 3567 4646 καὶ
3599 4595 3719 4647 καθ’
3751 4595 4008 4659 ἕκαστον,

2427 4688 2506 4746 εἰς
2530 4686 2627 4753 τὴν
2670 4688 2857 4750 κοινὴν
2886 4686 3126 4754 κεφαλὴν
3159 4688 3373 4737 πάντων
3404 4687 3636 4754 Χριστὸν
3660 4688 4012 4757 ἀφορῶντίιῖο

2429 4781 2684 4833 κάκεῖθεν
2717 4781 2827 4832 τῶν
2858 4782 2986 4849 παρ’
3019 4780 3176 4849 ἡμῶν
3210 4783 3594 4850 πραττομένων
3622 4782 4014 4851 ἐκδεχομένους

2428 4876 2523 4935 τὰς
2584 4872 2835 4940 ψήφους·
2871 4872 2987 4934 πῶς
3034 4889 3093 4923 τε
3147 4872 3288 4938 μετὰ
3337 4870 3472 4923 Θεοῦ
3520 4871 3840 4941 δοκιμάζειν
3890 4877 4017 4938 τοὺς

2430 4965 2580 5033 παρά
2609 4964 2743 5016 Θεοῦ
2777 4963 3148 5032 καλουμένους
3183 4964 3319 5034 πρὸς
3368 4964 3559 5027 ταῦτα,
3613 4970 3751 5032 μήτε
3799 4969 4014 5036 καιροῖς

2431 5060 2524 5110 καὶ
2551 5056 2891 5117 δυναστείαις
2938 5057 3033 5108 καὶ
3065 5055 3271 5123 φιλίαις
3310 5055 3699 5126 χαριζομένους
3721 5073 3735 5088 ·
3774 5057 3850 5120 ὡς
3883 5076 4016 5111 κατε

2427 5150 2708 5218 ολιγωρείν
2774 5147 2872 5216 μὲν
2919 5149 2980 5199 οὑ
3009 5147 3186 5209 καλῶς
3216 5149 3322 5200 τῶν
3354 5149 3520 5211 ἀξίων
3552 5147 3639 5200 διὰ
3668 5149 3734 5200 τά
3767 5152 4015 5220 προρρη-

2429 5241 2585 5292 θέντα
2608 5255 2619 5268 °
2672 5242 2945 5308 ἐγκρίνειν
2974 5240 3029 5292 δὲ
3062 5241 3247 5302 κακῶς
3282 5241 3371 5292 διὰ
3426 5241 3705 5312 ῥαθυμίαν
3752 5245 3882 5305 τοὺς
3923 5246 4014 5295 ἀν.

2423 5333 2626 5394 αξίοικ,
2659 5333 2731 5393 ὡς
2759 5333 2824 5385 ἀν
2848 5332 3192 5401 ἑκατέρωθεν
3244 5331 3601 5401 ἐκπίπτωμεν
3629 5335 3887 5402 αἴσχιστα
3919 5334 4010 5388 τοῦ

2429 5425 2593 5476 καλοῦ
2659 5427 2752 5477 καὶ
2809 5424 2908 5493 τῆς
2939 5425 3246 5492 ἀκριϐείας,
3277 5425 3396 5475 τότε
3433 5424 3591 5476 καλὸν
3623 5427 4006 5492 ἀτιμάζοντες,

2428 5519 2487 5570 τό
2524 5535 2578 5568 τε
2615 5519 2781 5569 κακὸν
2826 5517 3216 5583 ἐκλεγόμενοι,
3274 5516 3371 5568 καὶ
3406 5515 3562 5576 δίκας
3616 5517 4008 5586 ἀμφοτέρωθεν

2432 5609 2681 5675 ὄφλοντες
2708 5607 2782 5676 τῷ
2815 5606 3128 5666 ἀδεκάστως
3162 5603 3298 5656 αὑτά
3330 5605 3447 5655 τότε
3479 5603 3736 5672 κρίνοντι.

752 5701 1021 5764 ignaviam
1057 5699 1262 5768 indigni
1300 5711 1463 5765 sunt;
1497 5712 1556 5754 ut
1595 5702 1665 5754 ita
1695 5700 1952 5769 utrinque
1983 5701 2051 5752 ab
2085 5714 2150 5753 co
2181 5699 2324 5766 quod
2368 5699 2570 5752 bonum
2614 5708 2668 5752 et
2743 5698 3045 5767 perfectum
3096 5703 3200 5758 est,
3266 5695 3585 5764 turpissime
3635 5692 4010 5752 deﬂectamus.

748 5792 1006 5847 nimirum
1074 5791 1274 5844 bonum
1330 5793 1503 5861 ipsum
1557 5803 1946 5862 aspernantes,
2001 5804 2057 5848 et
2118 5795 2318 5846 malum
2375 5795 2730 5855 aseisn-ntes,
2794 5803 2847 5847 ct

747 5886 876 5941 itide
911 5884 1196 5938 debentes.

2935 5794 3250 5861 incorrupto
3305 5791 3477 5860 iudici
3537 5805 3725 5860 pmnas
3779 5789 3908 5843 hinc
3959 5803 4011 5859 οι
