4180 6458
157 428 256 492 805

1204 425 1592 488 LAUDATIO
1633 424 1887 486 TRIUM
1939 423 2378 485 DOCTORUM.

3301 422 3409 489 806

224 536 524 607 Παρθενίας
584 552 647 604 γε
703 536 809 605 μὴν
861 534 959 604 τῆς
1006 533 1349 603 ὑψηλοτάτης
1400 535 1581 594 ἕνεκα,
1637 534 1733 586 καὶ

1890 516 2022 583 Ἰοιιι
2060 532 2206 597 quod
2240 532 2305 583 ad
2345 528 2709 599 virginitatem
2746 530 3124 591 Celsissimam,
3158 541 3213 585 ct
3248 549 3405 602 regu-

155 630 407 691 κανόνων,
459 631 553 682 καὶ
580 627 764 680 τύπων
798 627 1086 696 μοναδικοῦ
1124 629 1216 680 καὶ
1245 625 1537 693 ἁγγελικοῦ
1590 624 1727 694 βίου,

158 721 247 771 ni.
280 717 373 769 τοῦ
422 719 539 770 κατ’
592 718 754 770 αὑτὸν
790 718 1107 786 ἐσχηκότος,
1163 718 1215 768 τί
1246 717 1353 785 χρὴ
1389 718 1481 770 καὶ
1507 716 1728 782 >.ἑγειν.;

152 815 283 863 δήου
330 829 391 878 γε
426 813 501 879 μὴ
539 811 699 879 μόνον
738 811 977 880 ἀσκηταὶ
1009 811 1214 863 τούτων
1250 810 1539 877 γεγόνασιν
1576 815 1733 879 ἀκρι-

152 897 423 961 σέστατοι,
461 897 578 966 μετ’
617 898 902 951 ’Δντωνίου
936 917 995 953 τε
1025 900 1121 951 καὶ
1159 899 1362 967 Ἀμὼν,
1388 900 1483 952 καὶ
1518 898 1731 950 Παύλου

152 990 258 1041 τῶν
302 988 395 1042 τοῦ
433 989 593 1060 χοροῦ
644 991 1001 1061 κορυφαίων,
1054 991 1195 1060 ὑπὲρ
1237 989 1591 1043 οὑστινασοῦν
1640 990 1733 1043 ἀλο

152 1081 298 1143 ὶους,
329 1081 465 1134 ἀλλά
505 1086 597 1137 καὶ
629 1084 936 1152 νομοθέται,
970 1084 1068 1136 καὶ
1090 1084 1275 1154 ὁδηγοὶ
1298 1086 1392 1137 καὶ
1425 1081 1732 1135 διδάσκαλοι

153 1170 552 1237 χρηματίζουσι
605 1172 810 1226 τούτων
858 1175 971 1235 τοῖς
1014 1174 1229 1235 ἄλλοις·
1280 1174 1353 1234 ὡς
1412 1170 1518 1223 τῶν
1555 1170 1735 1224 αὐτῶν

151 1254 288 1311 εἶναι
317 1261 501 1330 σχεδὸν
536 1262 714 1331 μόνων
762 1264 857 1317 καὶ
892 1262 953 1315 τὸ
1000 1264 1264 1332 πράττειν
1314 1261 1482 1324 ἀξίως
1504 1299 1519 1323 ,
1551 1259 1736 1315 καὶτὸ

151 1352 351 1418 λέγειν,
382 1354 476 1407 καὶ
506 1354 738 1422 γράφειν
770 1355 865 1407 καὶ
892 1354 1254 1425 καθηγεῖσθαι
1283 1357 1397 1416 τοῖς
1439 1352 1619 1416 ἀλλοις
1665 1350 1735 1403 τά

150 1460 212 1511 γε
260 1442 509 1499 τοιαῦτα.
550 1446 643 1506 Τίς
694 1444 838 1499 οὕτω
883 1448 979 1499 καὶ
1036 1445 1184 1515 πάθη
1232 1444 1413 1515 ψυχῆς
1454 1442 1591 1513 ὁμοῦ
1639 1441 1736 1494 καὶ

151 1537 356 1605 σαρκὸς
377 1537 626 1607 ἐξήτασε,
662 1541 755 1593 καὶ
798 1539 898 1608 τὴν
928 1539 1066 1607 πρὸς
1090 1539 1149 1591 τὸ
1184 1538 1319 1608 θῆλυ
1378 1536 1471 1589 τοῦ
1507 1536 1736 1605 ἄρρενος

151 1630 395 1699 φυσικὴν
426 1632 603 1700 ὁρμήν
650 1648 707 1682 τε
738 1634 833 1684 καὶ
864 1632 1070 1699 σχέσιν,
1110 1632 1202 1684 καὶ
1253 1629 1621 1697 συμπάθειαν,
1660 1626 1734 1687 ὼς

153 1723 357 1785 εἰπεῖν,
390 1723 485 1774 καὶ
518 1722 639 1773 τίνα
679 1722 775 1791 μὲν
808 1723 875 1775 τὰ
900 1722 997 1791 τῆς
1028 1721 1264 1790 φύσεως,
1297 1719 1421 1772 τίνα
1456 1718 1511 1769 δὲ
1541 1721 1609 1770 τὰ
1636 1716 1734 1785 τῆς

152 1813 549 1882 προαιρέσεως,
590 1816 685 1867 καὶ
730 1814 828 1883 τῆς
878 1812 1186 1883 συνηθείας,
1223 1813 1317 1865 καὶ⁵
1370 1811 1435 1880 δὴ
1498 1810 1594 1862 καὶ
1637 1808 1733 1877 τῆς

150 1905 425 1976 κακίστης
486 1909 577 1958 καί
634 1907 1010 1976 πονηροτάτης
1069 1905 1234 1970 ἕξεως
1288 1900 1731 1965 δυσαπάλλακτα,

151 1997 245 2048 καὶ
280 1995 561 2063 βιαιότατα
598 1996 762 2066 πάθη,
791 1999 887 2049 καὶ
917 1997 1061 2058 τίνες
1097 1994 1196 2064 μὲν
1218 1996 1273 2046 αἱ
1307 1992 1497 2063 ἀρχαὶ,
1534 1993 1627 2044 καὶ
1655 1992 1740 2044 αἰ-

148 2086 292 2149 τίαι,
340 2088 484 2151 τίνες
528 2088 574 2141 δ’
599 2090 653 2142 αἱ
715 2088 1023 2159 αὑξητικαὶξ
1066 2088 1161 2140 καὶ
1207 2087 1499 2155 θρεπτικαί
1533 2083 1738 2135 τούτων

151 2176 303 2240 ὗλαι,
339 2182 461 2232 τίνα
516 2178 563 2231 δ’
620 2178 778 2243 αὖθις
807 2181 874 2234 τὰ
924 2181 989 2250 τῇ
1030 2181 1171 2250 ῥοπῇ
1209 2180 1304 2232 καὶ
1347 2180 1412 2247 τῇ
1448 2174 1738 2244 συμμαχίᾳ

146 2271 248 2324 τοῦ
282 2274 593 2343 κρείττονος
642 2274 1011 2343 καθαιροῦντα
1045 2269 1329 2325 ταῦτακαὶ
1372 2268 1731 2337 ἀφανίζοντα,

148 2367 244 2419 καὶ
273 2365 377 2437 τὴν
405 2368 463 2420 ὲν
493 2368 760 2437 παρθενίᾳ
789 2367 963 2437 ἀληθῆ
997 2364 1261 2436 ἀφθορίαν
1302 2361 1740 2424 κατασκευάζον-

142 2472 259 2519 "ai
317 2457 442 2526 ἥτες
487 2474 549 2525 γε
595 2461 629 2527 ἠ
665 2457 766 2527 τῆς
834 2459 1014 2526 ψυχῆς
1062 2454 1272 2524 ἀληθὴς
1322 2452 1585 2523 παρθενία
1644 2448 1739 2502 καὶ

146 2551 485 2621 καθαρότης,
508 2554 542 2621 ἡ
577 2554 758 2606 πᾶσαν
797 2552 916 2620 μεθ’
945 2552 1144 2621 ἑαυτῆς
1182 2548 1383 2618 ἔχουσα
1415 2545 1617 2616 δηλαδὴ
1639 2545 1740 2614 τὴν

144 2647 299 2697 κατά
324 2645 524 2714 πρᾶξιν
545 2644 663 2713 ἅμα
707 2645 801 2697 καὶ
832 2644 1067 2715 θεωρίαν
1096 2641 1314 2712 ἀρετὴν,
1350 2639 1442 2692 καὶ
1470 2638 1605 2707 πρὸς
1638 2639 1739 2706 τὴν

143 2738 525 2805 εὐαγγελικὴν
553 2737 866 2805 τελειότητα
916 2736 1161 2804 φέρουσα
1203 2733 1294 2785 τὸν
1339 2731 1652 2793 σπουδαῖον,
1701 2729 1734 2799 ἡ

142 2829 451 2898 ἀγγελικὴ,
476 2832 639 2899 φημὶ,
686 2832 781 2883 καὶ
820 2829 1081 2898 μοναδικὴ
1108 2824 1376 2890 πολιτεία,
1404 2825 1500 2877 καὶ
1529 2822 1740 2890 παρθε-

143 2923 263 2985 νία,
310 2922 408 2974 καὶ
437 2921 693 2987 θεουργὸς
726 2920 901 2984 τάξις.

233 3009 387 3063 Ἀλλ’
406 3002 551 3061 οὗτοί
580 3026 643 3076 γε
689 3012 826 3079 πρὸς
866 3011 978 3072 τοῖς
1008 3010 1319 3081 εἰρημένοις
1365 3010 1485 3062 οὐδὲ
1531 3009 1599 3063 τὰ
1631 3010 1740 3063 τῶν

140 3104 409 3171 νομίμων
431 3101 647 3171 γάμων,
677 3100 797 3154 οὐδὲ
821 3101 890 3152 τὰ
913 3102 1009 3169 τῆς
1043 3102 1270 3171 χηρείας
1298 3100 1534 3154 ἐνταῦθα
1564 3102 1742 3172 παρῆ-

138 3210 290 3245 καν⁸
329 3193 467 3246 ἀλλά
506 3193 733 3245 κάκεῖνα
775 3191 1017 3262 συνῆψαν
1066 3195 1179 3254 τοῖς
1222 3193 1552 3262 εἰρημένοις,
1582 3194 1642 3244 τὸ
1681 3195 1739 3244 ἐν

1833 622 1913 676 las
1960 640 2023 677 ac
2072 623 2496 690 descriptionem
2545 624 2862 677 monasticae
2918 626 3287 693 angelicwque
3354 636 3413 681 et

1834 733 2017 769 Secum
2071 718 2368 771 habitantis
2417 720 2540 771 vita-
2590 719 2820 784 attinet,
2869 719 2998 787 quid
3046 736 3146 789 ego
3196 719 3412 773 dicam?

1833 811 2052 877 quando
2078 826 2185 863 non
2220 810 2397 862 solum
2433 811 2483 864 in
2511 812 2595 864 his
2619 811 3039 879 diligentissime
3069 827 3126 865 se
3155 827 3413 866 exercue-

1835 914 1962 955 runt
1992 918 2115 956 cum
2150 904 2410 967 Antonio,
2447 905 2740 972 Ammone,
2767 906 2955 970 l’aulo,
2992 905 3159 974 hujus
3193 900 3412 960 familia:

1838 994 2099 1061 primanis
2147 1011 2313 1064 supra
2358 1012 2551 1051 ormies
2597 998 2733 1051 alios
2757 1038 2772 1062 ,
2810 999 2905 1053 sed
2942 998 3106 1052 etiam
3135 998 3412 1067 legislatoo

1838 1104 1945 1147 res,
1986 1100 2041 1141 et
2088 1089 2279 1151 duces,
2312 1100 2367 1145 et
2408 1090 2652 1161 magistri
2685 1090 2877 1145 horum
2922 1094 3315 1161 appellantur:
3355 1099 3416 1145 ut

1836 1181 2233 1248 propemodum
2288 1183 2609 1235 eorumdcm
2663 1182 2926 1237 duntaxat
2976 1186 3046 1239 sit
3093 1193 3149 1237 et
3196 1184 3414 1253 egrcg’a

1836 1268 2042 1331 facere,
2082 1278 2136 1324 et
2180 1270 2385 1333 dicere,
2417 1281 2473 1325 ct
2517 1272 2782 1335 scribere,
2823 1283 2879 1327 et
2908 1274 3029 1329 aliis
3058 1275 3183 1328 talia
3219 1276 3417 1343 praci-

1838 1376 1987 1430 pere.
2022 1362 2158 1415 Nam
2190 1363 2315 1431 quis
2345 1363 2667 1420 affectiones
2697 1366 2893 1420 animae
2925 1375 2981 1419 et
3024 1368 3207 1421 carnis
3246 1382 3415 1421 aet-u-

1838 1455 2008 1508 ratius
2039 1456 2393 1519 examinavit,
2425 1460 2700 1528 marisque
2732 1459 2785 1513 in
2820 1459 3075 1514 feminam
3109 1460 3416 1528 appetitum

1839 1548 2167 1611 naturalem,
2188 1558 2244 1602 et
2266 1565 2388 1602 eum
2411 1564 2474 1603 ea
2499 1551 2942 1605 convenientiam
2974 1567 3417 1621 consensumque

1838 1650 1899 1694 ut
1936 1640 2006 1693 ita
2056 1641 2255 1706 dicam,
2305 1654 2361 1696 et
2406 1643 2628 1711 quinam
2670 1654 2880 1698 natura:
2930 1649 3111 1699 motus
3158 1645 3286 1709 sint,
3321 1644 3417 1714 qui

1840 1734 2156 1799 arbitratus,
2192 1736 2285 1803 qni
2336 1737 2778 1801 consuetudinis,
2811 1736 2900 1805 qui
2945 1736 3164 1805 pessimi
3197 1753 3420 1804 perver-

1838 1826 2150 1894 sissimique
2192 1828 2433 1893 habitus,
2471 1839 2526 1883 et
2555 1846 2585 1883 a
2627 1830 2827 1899 quibus
2873 1842 3096 1899 propter
3127 1830 3420 1883 vehenen-

1770 1901 1812 1958 Β
1843 1919 1971 1972 tiam
2002 1935 2146 1989 regre
2181 1920 2396 1974 liberari
2429 1923 2642 1991 possis?
2674 1932 2730 1977 et
2775 1924 2921 1978 unde
2946 1924 3032 1977 his
3075 1923 3336 1993 principia
3363 1933 3419 1976 et

1840 2025 2036 2076 causa,
2067 2012 2210 2066 unde
2236 2011 2573 2068 incrementa
2605 2025 2659 2069 et
2687 2016 2946 2069 alimenta
2976 2033 2991 2069 :
3024 2033 3266 2090 rursum,
3294 2031 3418 2085 quae

1841 2102 2027 2158 favore
2077 2114 2132 2158 ct
2188 2106 2395 2161 auxilio
2451 2108 2547 2162 Dei
2601 2109 2717 2163 haec
2775 2108 3083 2173 destruant,
3142 2109 3416 2173 alioleaut,

1839 2209 2135 2266 veramque
2160 2199 2492 2267 virginitatis
2516 2201 2981 2269 incorruptionem
3006 2201 3277 2255 cfliriant?
3297 2216 3420 2270 qua:

1840 2288 2052 2343 scilicet
2086 2299 2170 2344 est
2220 2292 2417 2347 animae
2467 2308 2593 2347 vera
2628 2293 2919 2363 virginitas
2952 2308 3003 2347 et
3038 2294 3267 2362 peritas,
3301 2308 3420 2349 om-

1840 2394 1964 2434 nem
1996 2389 2052 2433 et
2092 2384 2387 2450 practieam
2424 2393 2479 2437 et
2525 2385 3004 2453 contemplativam
3048 2386 3308 2440 virtutem
3341 2387 3423 2439 iti-

1839 2471 2091 2536 cludens,
2116 2483 2170 2527 et
2200 2474 2508 2529 studiosum
2535 2476 2601 2529 ad
2624 2477 2998 2547 evangelicam
3027 2478 3417 2547 perfectionem

1840 2563 2142 2629 deducens,
2180 2568 2509 2638 angelicum,
2546 2569 2791 2639 inquam,
2832 2577 2889 2625 et
2934 2573 3301 2625 monasticam
3347 2574 3421 2624 vi-

1839 2656 2001 2709 vendi
2066 2657 2401 2723 institutum,
2456 2668 2513 2713 et
2568 2660 2855 2731 virginitas
2908 2668 2966 2717 et
3028 2662 3171 2716 ordo-
3215 2662 3424 2718 divinis

1841 2732 2219 2804 functiouibus
2251 2758 2572 2819 occupatus.

1913 3012 2087 3068 Porro
2143 3012 2197 3066 hi
2248 3013 2438 3067 Patres
2489 3020 2688 3082 preter
2716 3013 2827 3084 jam
2862 3025 3207 3084 enumerata,
3247 3017 3424 3086 legiti-

1841 3119 1958 3159 mas
2007 3118 2223 3172 quoque
2272 3104 2489 3172 nuptias
2537 3104 2973 3173 vidnitatemqne
3047 3106 3420 3169 celebrarunt,

1841 3204 2042 3248 etcum
2073 3194 2180 3246 illis
2202 3194 2633 3262 conjumerunt,
2654 3194 2898 3264 quidque
2924 3194 2977 3247 in
3007 3204 3239 3263 utroque
3268 3199 3421 3261 utile,

137 3286 448 3355 ἑκατέροις
485 3283 759 3353 ὠφέλιμόν
797 3300 851 3335 τε
883 3283 973 3335 καὶ
1003 3281 1284 3352 βλασερὸν,
1334 3283 1429 3334 καὶ
1461 3283 1524 3352 δὴ
1558 3282 1740 3335 καὶτὸ

1844 3283 1976 3353 quid
2019 3284 2243 3336 noxium
2275 3293 2447 3346 esset,
2491 3283 2977 3353 difﬁcultatemque
3001 3294 3057 3338 et
3102 3286 3423 3338 facilitatem

139 3378 300 3446 βαρὺ
348 3378 445 3428 καὶ
478 3376 538 3427 τὸ
573 3375 772 3443 κοῦφον
796 3378 859 3428 ὲκ
881 3376 989 3427 τῶν
1027 3375 1187 3428 θείων
1222 3375 1474 3443 Γραφῶν,
1514 3375 1609 3426 καὶ
1641 3374 1739 3444 τῆς

137 3469 362 3536 πείρας
392 3465 561 3535 αὐτῆς
589 3466 967 3530 ὑποδείξαντες
991 3466 1099 3517 τῶν
1120 3466 1465 3533 πραγμάτων
1502 3464 1635 3514 πᾶσι
1666 3462 1742 3530 τῷ

130 3557 320 3629 λόγῳ,
368 3560 451 3611 ἵνα
476 3560 561 3612 διὰ
588 3559 804 3613 πάντων
854 3558 1059 3626 ἄρτιος
1083 3552 1123 3629 ᾖ
1160 3560 1191 3611 ό
1222 3556 1327 3610 τοῦ
1355 3556 1503 3610 Θεοῦ
1523 3557 1745 3623 ἀνθρω-

127 3667 281 3715 nec,
333 3651 398 3699 ἐν
433 3650 621 3719 μηδενὶ
650 3648 759 3701 τῶν
794 3647 1011 3700 πάντων
1042 3647 1382 3714 λειπόμενος.

206 3746 239 3795 Ἰ
258 3744 322 3806 τίς
361 3742 490 3804 τοὺς
520 3741 646 3810 περὶ
677 3741 990 3810 μετανοίας,
1008 3740 1105 3794 καὶ
1134 3738 1501 3804 κατανύξεως,
1530 3738 1745 3807 καὶτῆς

127 3836 461 3903 καλλίστης
497 3831 925 3902 φιλανθρωπίας,
980 3830 1121 3883 κατά
1150 3830 1275 3893 τοὺς
1299 3830 1580 3896 γενναίους
1600 3829 1745 3897 φημὶ

125 3930 409 3989 τούτους,
438 3926 499 3978 οὺ
528 3926 624 3978 καὶ
654 3926 880 3995 ἐξήτασε
905 3924 1001 3977 καὶ⁸
1029 3922 1233 3987 ἐδίδαξε
1261 3923 1487 3991 λόγους;
1520 3922 1593 3981 ὡς
1620 3924 1747 3984 τοὺς

132 4024 245 4090 μὲν
278 4022 374 4081 εἰς
420 4018 734 4083 ἀπόγνωσιν
762 4015 841 4084 τῷ
892 4014 1049 4084 βάρει
1086 4015 1194 4066 τῶν
1226 4012 1646 4083 ἁμαρτημάτων
1670 4011 1746 4075 ὼς

126 4118 220 4177 εἰς
248 4112 525 4181 κρημνὸν
548 4108 787 4179 εὐχερῶς
816 4105 1323 4176 καταφερομένους,
1368 4105 1578 4174 ταχέως
1605 4106 1748 4155 ἐκεῖ·

123 4208 231 4261 θεν
260 4205 553 4264 ἀνέλκειν,
601 4203 662 4254 τὸ
716 4200 950 4267 πέλαγος
996 4205 1095 4269 τῆς
1138 4197 1285 4261 θείας
1336 4196 1748 4267 φιλανθρωπίας

122 4295 587 4367 ἐξηγουμένους,
614 4294 707 4347 xa‘t
732 4292 919 4362 ὥσπερ
966 4294 1127 4361 χεῖρα
1152 4291 1396 4350 διδόντας
1425 4289 1517 4341 τὸν
1545 4288 1705 4356 λόγον
1729 4303 1745 4320 ο

118 4396 267 4455 τοὺς
306 4391 377 4444 δὲ
412 4388 703 4455 σκληροὺς,
725 4386 820 4439 καὶ
850 4384 1090 4454 θρασεῖς,
1126 4384 1220 4435 καὶ
1242 4379 1649 4442 ἀκατανύκτους
1671 4378 1749 4449 τῷ

120 4486 300 4555 φόσῳ
337 4483 451 4554 τῆς
482 4455 785 4546 ἐξετάσεως
834 4480 944 4531 τῶν
980 4476 1349 4548 βεϐιωμένων,
1404 4472 1502 4525 καὶ
1543 4472 1621 4542 τῷ
1648 4472 1750 4539 τῆς

116 4578 403 4647 κρίσεως
473 4572 571 4624 καὶ
618 4570 717 4640 τῆς
763 4570 1037 4631 κολάσεως
1083 4565 1298 4636 φοϐερῷ
1343 4565 1438 4616 καὶ
1464 4564 1747 4630 ἁδεκὰστμ

115 4670 279 4741 πρὸς
316 4664 506 4734 φόϐον
535 4661 693 4727 Θεοῦ,
757 4662 850 4715 καὶ
885 4660 1177 4719 κατὰνυξιν
1226 4657 1399 4724 ἄγειν.
1431 4651 1746 4723 Φιλανθρὼ-

113 4780 273 4825 παυς
308 4776 388 4828 γε
428 4757 555 4827 μὴν,
581 4756 677 4809 καὶ
706 4754 1097 4823 φιλοπτώχους,
1125 4751 1218 4803 καὶ
1248 4748 1581 4819 συμπαθεῖς,
1606 4746 1751 4799 οὓτω

116 4853 417 4925 σφοδρῶς
443 4850 539 4902 καὶ
566 4850 817 4916 λέγοντες
866 4848 960 4899 καὶ
1012 4846 1339 4917 πράττοντες
1370 4842 1496 4904 τοὺς
1543 4838 1751 4909 ἀνθρώ-

112 4965 270 5011 πους
335 4942 607 5007 ἐδίδαξαν
640 4938 800 5004 εἶναι,
831 4940 925 4992 καὶ
955 4938 1098 4990 οὕτω
1150 4936 1244 4989 τοῦ
1280 4934 1481 4996 παντὸς
1510 4933 1609 5003 τὴν
1638 4934 1751 4985 θεο-

114 5042 407 5112 μίμητον
461 5037 557 5086 καὶ
590 5032 850 5102 θεουργὺν
876 5029 1079 5100 ἀρετὴν
1120 5028 1323 5097 ταύτην
1348 5025 1635 5093 τιμᾶσθαι,
1674 5024 1749 5084 ὡς

112 5138 315 5207 μόνην
350 5128 578 5196 ταύτην
606 5126 773 5191 δεῖξαι
806 5124 990 5194 σχεδὸν
1011 5160 1026 5185 ,
1080 5124 1173 5175 καὶ⁵
1205 5120 1375 5191 ῥύπον
1419 5116 1751 5187 ἁμαρτημά-

108 5248 233 5283 των
268 5224 446 5290 ὑπὲρ
469 5220 568 5281 τὰς
599 5218 763 5281 ἄλλας
802 5216 1108 5286 δυναμένην
1154 5212 1458 5281 καθαίρειν,
1500 5211 1593 5261 καὶ
1628 5224 1749 5260 πει-

110 5319 385 5392 ρασμῶν
423 5310 679 5380 ψυχικῶν
709 5308 845 5379 ὁμοῦ
886 5311 979 5361 καὶ
1000 5306 1325 5375 σωματικῶν
1365 5300 1748 5366 ἀπαλλάττειν,

106 5415 213 5469 καὶ
250 5406 530 5464 θανάτου
566 5399 909 5454 παντοδαποῦ
945 5397 1203 5470 ῥύεσθαι·
1237 5400 1331 5449 καὶ
1357 5397 1559 5465 πρᾶξιν
1588 5393 1746 5464 ὁμοῦ,

107 5510 213 5560 καὶ
280 5497 557 5563 θεωρίαν
606 5496 833 5561 κοσμεῖν
866 5492 944 5562 τῷ
988 5490 1117 5560 παρ’
1154 5490 1352 5556 ἑαυτῆς
1395 5489 1619 5542 itiner
1654 5488 1747 5539 καὶ

104 5594 503 5652 τελευταῖον,
543 5584 940 5654 εὐλογημένους
982 5580 1075 5634 τοῦ
1105 5581 1335 5649 Πατρῦς.
1360 5580 1468 5647 καὶ
1494 5578 1750 5647 κληρονό-

109 5707 262 5765 μους
325 5684 455 5753 τῆς
507 5676 919 5749 ήτοιμασμένης
970 5672 1379 5745 βασιλείας-ἀπο
1430 5669 1738 5738 καταϐολῆς

185 5882 239 5912 ιι
304 5871 355 5926 ιι
401 5864 543 5919 Tim
600 5879 683 5931 Ill,
728 5866 816 5920 l7.

1844 3388 1909 3426 ex
1941 3371 2145 3426 sanctis
2193 3372 2519 3441 Scripturis,
2574 3384 2630 3426 et
2682 3372 2796 3439 ipsa
2854 3389 3036 3426 rerum
3087 3375 3425 3442 experientia

1843 3464 2103 3518 omnibus
2142 3462 2347 3517 diserte
2388 3463 2787 3527 ostenderunt;
2822 3475 2881 3518 ut
2929 3466 2982 3518 in
3020 3465 3279 3519 omnibus
3305 3483 3428 3534 per-

1845 3558 2010 3625 fectus
2037 3556 2102 3608 sit
2132 3555 2413 3609 Dei-homo
2438 3558 2505 3621 ",
2532 3569 2588 3610 et
2613 3557 2669 3610 in
2694 3556 2847 3610 nullo
2870 3557 3030 3627 plane
3060 3558 3300 3613 deficiat.

1916 3736 2049 3803 Quis
2078 3752 2188 3791 non
2229 3752 2354 3793 cum
2407 3736 2476 3792 de
2518 3738 2864 3807 poenitentia,
2896 3748 2952 3794 et
2981 3741 3425 3810 compunctione,

1846 3838 1901 3883 et
1930 3828 2348 3897 praeclarissima
2376 3828 2719 3883 humanitate
2753 3840 2958 3899 ageret,
2993 3832 3258 3885 nobilium
3296 3834 3429 3887 isto-

1849 3936 1971 3974 rum
2017 3921 2348 3989 scriptorum
2393 3932 2717 3991 argumenta
2749 3924 3061 3992 perpendit,
3095 3936 3149 3996 et
3178 3927 3427 3982 docendo

1848 4022 2072 4067 secutus
2126 4011 2243 4067 est?
2286 4012 2379 4083 qui
2438 4024 2496 4067 ut
2547 4012 2619 4067 ob
2673 4006 2890 4084 pondus
2945 4025 3299 4084 peccatorum
3357 4017 3426 4072 ad

1849 4103 2289 4172 desperationem
2336 4104 2646 4173 praecipites
2679 4106 2936 4159 celeriter
2968 4106 3096 4160 inde
3135 4108 3429 4161 rctrahan-

1853 4206 1960 4259 tur,
1995 4195 2220 4264 pelagus
2256 4195 2453 4249 divinae
2485 4196 2842 4266 benignitatis
2872 4200 3168 4267 explicant,
3210 4210 3265 4253 et
3297 4215 3427 4254 ora-

1852 4286 2057 4340 tionem
2109 4295 2169 4340 ιιι
2216 4301 2434 4340 manum
2472 4287 2787 4357 porrigunt;
2830 4289 2999 4343 duros
3024 4299 3205 4343 autern
3238 4300 3292 4344 et
3331 4306 3430 4344 au-

1851 4378 2046 4441 daces,
2102 4387 2160 4430 et
2225 4393 2255 4431 a
2312 4381 2733 4447 compunctione
2786 4380 3180 4443 abhorrentes,
3232 4381 3428 4435 timore

1851 4469 2121 4522 examinis
2153 4483 2336 4522 rerum
2374 4468 2429 4521 in
2479 4469 2580 4523 hac
2630 4470 2740 4522 vita
2777 4479 3235 4539 perpetratarum.
3285 4472 3432 4541 judi-

1853 4560 2030 4630 ciique
2090 4575 2153 4614 ac
2213 4573 2499 4626 pmnarum
2562 4568 2796 4624 terrore,
2858 4570 2914 4613 ct
2985 4560 3430 4630 implacabilitate

1845 4653 2046 4724 judicis
2093 4651 2159 4705 ad
2209 4653 2462 4704 timorem
2510 4650 2628 4715 Dei,
2664 4660 2720 4705 et
2749 4651 2995 4705 dolorem
3048 4652 3215 4705 animi
3253 4653 3431 4705 addu-

1846 4754 1999 4801 cunt.
2051 4743 2331 4797 llumanos
2384 4758 2536 4807 vero,
2584 4751 2640 4795 et
2699 4759 2999 4812 pauperum
3083 4760 3150 4797 an
3174 4754 3331 4799 antes
3374 4754 3432 4800 et

1847 4837 2245 4907 compatieutes
2276 4850 2417 4907 esse,
2446 4837 2583 4888 adeo
2619 4837 2973 4890 \chementer
3001 4837 3163 4889 dictis
3188 4848 3240 4890 et
3270 4838 3431 4891 factis

1849 4929 2181 4988 docuerunt.
2212 4939 2265 4982 et
2288 4906 2443 4982 .adeo
2475 4928 2696 4981 maximi
2742 4930 2880 4982 hanc
2922 4928 3015 4981 Dei
3057 4929 3429 4995 imitatricem,

1852 5024 2205 5091 divinumque
2233 5021 2411 5075 fecere
2443 5021 2726 5082 virtutem,
2756 5029 2815 5074 ut
2854 5020 3250 5089 propemodum
3292 5023 3431 5075 hanc

1853 5114 2022 5168 solam
2088 5109 2441 5179 probaverint
2483 5124 2626 5172 esse,
2670 5124 2791 5178 qua:
2840 5118 3189 5177 peccatorum
3238 5108 3431 5161 sordes

1854 5220 2017 5275 supra
2050 5205 2182 5257 alias
2228 5218 2485 5272 purgare,
2532 5212 2585 5255 et
2632 5218 2659 5253 a
2698 5209 2873 5254 teutat
2909 5200 3111 5254 onibus
3149 5201 3325 5254 animi
3374 5212 3431 5252 ct

1851 5300 2103 5366 corporis
2128 5297 2291 5351 simul
2322 5296 2577 5358 liberare,
2604 5304 2656 5348 et
2688 5293 2757 5347 ab
2784 5293 3075 5347 omnifaria
3105 5306 3277 5346 morte
3312 5308 3434 5345 ser-

1852 5406 2002 5453 vare,
2034 5404 2242 5457 suaque
2275 5386 2689 5458 pulchritudine
2724 5386 2913 5456 praxin
2952 5402 3058 5439 una
3096 5396 3152 5439 et
3185 5396 3435 5439 eontem-

1850 5482 2149 5553 plationem
2199 5495 2398 5533 ornare
2451 5488 2641 5548 queat,
2684 5488 2739 5533 et
2788 5488 3067 5546 posuemo
3113 5477 3431 5530 benedictus

1849 5578 2042 5645 patris,
2094 5584 2149 5628 et
2204 5574 2448 5627 limredes
2511 5573 2660 5641 regni
2706 5586 2736 5623 a
2787 5569 3182 5623 constitutione
3240 5568 3427 5621 mundi

1849 5683 2026 5739 pra-pa
2040 5668 2160 5729 rati,
2181 5667 2297 5737 ejus
2321 5666 2562 5721 cultores
2585 5680 2615 5719 a
2632 5662 2852 5718 Christo
2879 5661 3263 5732 pronuntiatos
3284 5675 3429 5724 esse,
