4180 6458
211 369 317 432 809

1278 361 1662 420 LAUDATIO
1696 360 1948 420 TRIUM
1992 361 2424 421 DOCTOBUM.

3350 364 3452 427 840

209 484 445 537 ἀκτίνων
474 480 578 530 τεῖιν
622 476 884 547 ἡλιακῶν,
921 475 1049 526 ὅταν
1084 474 1115 541 ἡ
1148 474 1214 524 δι’
1241 475 1383 540 ὑμᾶς
1414 474 1618 540 ἀθυμία
1650 470 1786 520 πολὺ

1894 470 2058 522 vestri
2110 485 2274 525 causa
2322 470 2613 539 aegritudo,
2648 471 2823 525 oculis
2854 488 3077 541 magnas
3104 475 3340 531 offundit
3371 491 3452 533 to-

209 573 591 642 κατασκεδάζῃ
626 570 733 621 τῶν
762 567 1058 634 ὀφθαλμῶν
1084 568 1143 617 τὸ
1173 566 1361 626 σκότος
1388 580 1403 626 ;
1434 565 1507 615 Τὸ
1535 565 1643 629 γάρ
1674 559 1789 627 φῶς

208 670 331 719 τότε
359 665 543 723 καλὸν,
574 665 703 713 ὅταν
735 662 793 712 ἐν
820 658 1125 728 εὐφροσύνῃ
1149 655 1337 724 φαίνῃ,
1361 653 1482 704 ἐπεὶ
1502 655 1565 720 τῇ
1593 653 1789 702 λυπου-

212 759 350 828 μένῃ
369 757 511 823 ψυχῇ
530 755 621 804 καὶ
641 752 990 817 παρ;νοχλεῖν
1009 747 1305 800 δοκεῖ.”υτι
1333 745 1386 796 δὲ
1414 744 1474 795 οὑ
1500 743 1731 810 ψεύδομς
1746 758 1784 798 ι,

211 852 289 916 μὴ
316 848 523 910 γένοιτ-ι
551 845 651 911 μέν
673 860 803 893 ποτε
830 844 1024 907 πεῖραν
1051 839 1255 890 λαϐεῖν·
1278 837 1415 903 πλὴν
1438 836 1634 886 εἴποτε
1654 850 1788 899 συμ-

210 940 371 1005 6αίνῃ
392 939 512 988 τινὰ
537 936 686 1001 ὑμῶν
707 936 994 1002 ἁμαρτεῖν.
1016 930 1327 984 καθεύδοντί
1346 946 1434 994 μοι
1450 927 1785 996 παράστητε.

215 1030 278 1081 Εἰ
316 1030 387 1096 μὴ
415 1032 526 1087 τοῖς
563 1027 890 1095 παραλύτοις
920 1026 1093 1080 ἔοικα.
1128 1022 1177 1073 εἰ
1208 1022 1281 1088 μὴ
1312 1022 1420 1081 τοῖς
1448 1020 1533 1080 ὲξε
1548 1019 1784 1086 ττηκὸσι,

208 1123 305 1171 καὶ
340 1120 479 1170 κατά
506 1118 599 1170 τὸν
636 1118 972 1185 προφητικὸν
1005 1116 1184 1179 λόγον,
1231 1112 1337 1165 καὶ
1386 1112 1450 1163 τὸ
1492 1109 1617 1177 φῶς
1672 1110 1788 1161 (ὠν

209 1209 536 1278 ὀφθαλμῶν
558 1226 673 1274 μου
708 1210 805 1261 καί
844 1206 993 1258 αὐτὸ
1031 1208 1141 1257 οὐκ
1169 1203 1300 1255 ἔστι
1324 1201 1450 1270 μετ’
1481 1200 1650 1267 ἐμοῦ,
1692 1200 1784 1252 καὶ

208 1304 259 1353 εί
295 1302 367 1368 μή
402 1301 469 1367 με
500 1317 582 1361 τις
613 1300 797 1367 ἔκρινε
850 1296 1160 1362 φιλοτιμίας
1210 1293 1500 1360 περιττῆς,
1546 1288 1684 1349 εἶδες
1719 1290 1785 1343 ἂν

207 1390 336 1443 καθ’
392 1392 633 1456 ἑκάστην
690 1389 903 1455 ἡμέραν
957 1386 1136 1454 πηγὰς
1195 1386 1446 1453 δακρύων
1509 1383 1779 1449 ἀφιέντα.

209 1486 395 1536 Ταῦτα
424 1482 482 1534 δέ
541 1498 632 1547 μοι
685 1481 926 1532 σύνοιδεν
975 1483 1003 1532 ὁ
1038 1481 1283 1540 οἰκίσκος
1344 1478 1437 1530 καὶ
1487 1479 1519 1545 ή
1559 1476 1782 1544 ἐρημία.

212 1576 551 1625 Ηιστεὺσατε
590 1571 698 1640 γάρ
742 1587 855 1634 μοι’
911 1571 1009 1637 τῆς
1064 1570 1163 1636 μὲν
1212 1567 1452 1636 ἐμαυτοῦ
1511 1566 1785 1633 σωτηρίας

209 1666 481 1729 ἀπέγνων·
509 1664 573 1714 τά
610 1665 719 1730 γὰρ
752 1662 992 1729 ὑμέτερα
1029 1659 1266 1729 θρηνῶν,
1305 1657 1426 1709 οὑδὲ
1463 1656 1655 1725 σχολὴν
1679 1655 1785 1722 ἔχω

205 1756 273 1806 τὰ
317 1753 553 1823 ἐμαυτοῦ
605 1754 750 1805 κακὰ
802 1750 1041 1806 πενθεῖν.
1089 1748 1246 1801 Οὕτω
1284 1764 1373 1814 μοι
1411 1747 1589 1798 πάντα
1627 1746 1783 1811 ὑμεῖς

206 1849 353 1898 ἐστε·
388 1850 491 1898 κᾶν
522 1844 798 1910 αἴσθωμαι
838 1841 1170 1901 ἐπιδιδόντας
1200 1840 1365 1907 ὑμᾶς.
1399 1839 1497 1889 οὐκ
1534 1837 1786 1888 αἰσθάνο-

210 1955 310 2004 μαι
339 1936 444 1987 τῶν
481 1932 722 1996 ἐμαυτοῦ
759 1931 947 1984 κακῶν
996 1931 1103 1983 ὑπὸ
1131 1931 1228 1997 τῆς
1267 1929 1483 1999 ἡδονῆς.
1538 1926 1659 1978 Κᾶν
1691 1926 1784 1978 ῐδω

208 2026 290 2093 μὴ
326 2025 684 2086 ἐπιδιδόντας,
717 2022 821 2075 ὑπὸ
851 2023 948 2092 τῆς
997 2022 1235 2090 ἀθυμίας
1290 2020 1454 2072 πάλιν
1486 2017 1785 2087 παραπέμ-

205 2135 387 2184 πομαι
417 2119 483 2168 τὰ
518 2118 646 2183 ὲμὰ,
698 2115 922 2184 φαιδρὸς
958 2113 1055 2181 μὲν
1088 2111 1164 2166 ῶν
1215 2113 1307 2164 ἐπὶ
1336 2114 1446 2171 τοῖς
1496 2109 1787 2178 ὑμετέροις

204 2209 457 2275 ἀγαθοῖς,
503 2207 601 2258 κᾶν
640 2207 810 2275 μυρία
850 2204 959 2273 ἕλω
1003 2204 1170 2257 δεινά-
1221 2202 1542 2269 σκυθρωπὸς
1590 2202 1647 2253 δὲ
1693 2202 1784 2254 ἐπὶ

203 2301 326 2360 τοῖς
377 2298 661 2366 ὑμετέροις
697 2296 984 2365 λυπηροῖς,
1038 2294 1141 2347 κᾶν
1175 2294 1346 2363 μυρία
1376 2293 1780 2364 κατορθώματα

203 2386 267 2463 ᾖο
304 2390 398 2451 Τίς
431 2389 539 2456 γὰρ
570 2390 702 2458 ἡμῖν
748 2386 907 2449 ἐλπὶς
931 2426 945 2450 .
997 2382 1151 2453 ὑμῶν
1196 2385 1269 2453 μὴ
1318 2384 1780 2453 προκοπτόντωνς

204 2482 306 2541 Τίς
342 2482 396 2533 δὲ
446 2479 674 2548 ἀθυμία,
718 2479 873 2547 ὑμῶν
926 2477 1401 2545 εὑδοκιμοὺντων;
1443 2474 1784 2545 Πτεροῦσθαι

199 2573 373 2636 δοκῶ,
404 2573 532 2626 ὅταν
566 2591 619 2625 τι
650 2574 779 2639 περὶ
812 2571 964 2640 ὑμῶν
997 2568 1219 2622 ἀκούσω
1267 2568 1524 2637 χρηστόν.
1558 2566 1784 2635 Πληρώ-

202 2666 342 2717 σατέ
386 2681 487 2733 μου
516 2663 615 2733 τὴν
658 2664 833 2732 χαράν
858 2699 872 2713 .
924 2661 1140 2713 Γένοιτο
1187 2658 1426 2726 σωθῆναι
1462 2657 1606 2726 ὑμᾶς
1632 2696 1648 2719 ,
1690 2656 1786 2710 καὶ

197 2754 390 2807 δοῦναι
420 2755 577 2819 λόγον
608 2754 710 2821 ἐμὲ
758 2752 827 2805 δι’
870 2752 1031 2819 ὑμᾶς’
1066 2751 1213 2819 ὑμᾶς
1255 2750 1521 2816 σωθῆναι,
1558 2753 1650 2803 καὶ
1686 2752 1785 2818 ἐμὲ

200 2842 597 2912 ἐγκαλεῖσθαι,
624 2839 698 2901 ὡς
726 2840 808 2909 μὴ
848 2840 1216 2908 πληρώσαντα
1245 2838 1312 2891 τά
1360 2838 1489 2907 παρ’
1523 2838 1785 2906 ἐμαυτοῦ,

201 2935 284 2988 Οὑ
325 2936 434 3002 γὰρ
462 2932 556 2987 τοῦ
579 2932 645 2985 δι’
678 2933 810 3001 ἐμοῦ
845 2931 1086 2999 σωθῆναι
1125 2930 1271 2996 ὑμᾶς
1323 2930 1615 3001 φροντίζω,
1650 2931 1786 2982 ἀλλὰ

203 3025 305 3077 τοῦ
342 3024 578 3091 σωθῆναι
630 3024 790 3092 μόνον
817 3021 884 3075 δι’
914 3022 1259 3090 ὁτουδήποτε.
1305 3019 1571 3073 Τοσοῦτον
1624 3021 1785 3088 μόνον

1891 557 2132 613 nebras?
2176 561 2330 615 Tunc
2355 562 2503 615 enim
2536 562 2629 616 lux
2673 566 2809 615 bona
2840 573 2895 617 et
2924 576 3072 633 grata
3097 578 3203 631 est,
3235 571 3456 636 quando

1893 650 2171 705 hilaritate
2205 655 2499 709 hauritur:
2550 660 2749 713 animas
2780 660 2927 713 enim
2982 665 3234 716 maerenti
3289 665 3452 723 etiam

1891 743 2198 797 molestiam
2235 747 2453 801 videtur
2482 765 2793 819 apportare.
2832 756 3003 827 Hujus
3037 762 3283 820 veritatis
3313 769 3455 830 absit

1893 843 1952 886 ut
1994 850 2234 903 unquam
2286 841 2591 905 periculum
2649 845 2882 903 faciatis.
2939 853 3344 925 Verumtamen,
3410 865 3453 919 si

1888 926 2110 989 quando
2139 929 2437 998 contigerit
2465 948 2531 987 ex
2559 936 2714 988 vobis
2742 954 2968 1004 peccare
2999 951 3333 1017 quempiam,
3371 970 3459 1016 me

1888 1009 2250 1066 dormientem
2274 1019 2584 1073 convenite.
2615 1021 2668 1075 Si
2698 1039 2802 1078 non
2834 1042 2953 1080 sutn
2982 1009 3180 1088 similis
3202 1009 3459 1108 paralyti-

1888 1098 1990 1157 cis.
2025 1099 2069 1151 si
2098 1114 2205 1152 non
2238 1105 2570 1169 amentibus,
2589 1119 2664 1172 et,
2684 1121 2743 1163 ut
2772 1111 2965 1181 loquar
2995 1131 3118 1171 cum
3148 1098 3412 1190 Propheta
3440 1143 3453 1179 ';

1892 1186 1954 1239 Et
1997 1189 2171 1243 lumen
2206 1192 2479 1247 oculorum
2516 1215 2746 1254 meorum
2783 1214 2831 1255 et
2866 1206 3039 1272 ipsum
3076 1225 3179 1263 non
3235 1223 3311 1268 est
3352 1232 3451 1272 ιηιετ

1885 1297 2003 1333 cum
2029 1283 2098 1345 ",
2126 1291 2182 1335 et
2210 1284 2313 1338 nisi
2344 1288 2470 1354 quis
2489 1290 2696 1357 judicet
2723 1309 2808 1347 tne
2836 1311 2999 1364 supra
3034 1302 3256 1355 modum
3285 1310 3460 1361 ambiu-

1888 1372 2122 1435 tiosum,
2176 1376 2393 1430 videres
2441 1393 2528 1433 me
2565 1383 2811 1448 quotidie
2868 1387 3050 1444 fontes
3093 1393 3455 1463 lacrymarum

1886 1465 2255 1521 emittentem.
2289 1468 2492 1524 [larum
2547 1473 2679 1528 mihi
2725 1479 2940 1533 conseia
2999 1494 3085 1536 est
3124 1486 3457 1547 domuncula

1886 1564 1942 1607 et
1971 1556 2231 1611 solitudo.
2276 1558 2496 1617 Credite
2539 1565 2697 1627 mihi,
2725 1582 2876 1635 spent
2916 1573 3111 1629 salutis
3146 1594 3275 1633 mea-
3318 1597 3456 1657 pene

1886 1644 2086 1713 alijieio
2115 1663 2128 1700 :
2162 1647 2291 1702 dum
2349 1654 2496 1705 enim
2533 1667 2711 1711 vestra
2752 1659 2948 1725 dcﬁeo,
3004 1681 3280 1736 nunquam
3318 1644 3454 1729 qmoa

1888 1738 2028 1791 mala
2073 1740 2291 1806 lugendi
2323 1744 2494 1797 otium
2546 1749 2679 1801 mihi
2716 1763 2803 1805 est
2832 1770 2845 1813 ;
2885 1752 2957 1807 ita
2992 1757 3123 1813 mihi
3150 1762 3333 1816 omnia
3362 1780 3457 1819 vos

1884 1828 2038 1882 estis.
2073 1830 2128 1883 Si
2178 1847 2402 1886 sensero
2452 1850 2548 1890 vos
2581 1838 2869 1906 prolicere,
2919 1862 3028 1913 pra:
3068 1853 3268 1917 gaudio
3319 1859 3457 1915 mala

1886 1934 2005 1973 mea
2038 1936 2144 1974 non
2180 1924 2451 1980 sentio.Si
2486 1928 2676 1984 videro
2707 1948 2814 1987 non
2844 1938 3259 2009 pt'oficere,|lra}
3286 1948 3455 2002 animi

1886 2008 2076 2063 dolore
2113 2027 2331 2068 rursum
2395 2031 2512 2071 mea
2551 2018 2790 2086 dimitto,
2846 2036 2905 2079 ut
2946 2029 3038 2096 qui
3068 2008 3333 2088 exsinuent
3369 2052 3459 2091 vc,

1888 2099 2018 2154 stris
2042 2101 2220 2165 bonis,
2252 2105 2355 2158 etsi
2387 2108 2525 2161 maia
2551 2109 2777 2165 habeam
2798 2114 3081 2174 innumera
3114 2141 3127 2172 :
3161 2127 3458 2184 contristor

1886 2201 2067 2243 autem
2099 2194 2297 2247 vestris
2333 2196 2515 2262 malis,
2557 2200 2771 2255 etiamsi
2818 2205 3237 2270 innumerabilia
3280 2216 3459 2275 adsint

1886 2282 2022 2337 mihi
2053 2296 2199 2337 recte
2250 2284 2415 2340 facta.
2454 2289 2594 2353 Quid
2644 2294 2790 2348 enim
2846 2311 3060 2365 sperem
3107 2318 3227 2371 ego,
3264 2308 3308 2361 si
3361 2325 3458 2366 vos

1887 2386 1996 2427 non
2032 2375 2367 2441 proﬁciatis?
2402 2378 2512 2433 Cur
2555 2393 2735 2437 autem
2784 2402 2869 2441 me
2904 2392 3205 2461 quidquam
3243 2397 3457 2465 tristem

1886 2464 2102 2527 reddat,
2123 2466 2167 2520 si
2192 2483 2286 2522 vos
2317 2479 2461 2525 recte
2490 2475 2738 2541 geratis?
2763 2476 2820 2531 In
2847 2480 3083 2538 sublime
3113 2486 3305 2541 videor
3328 2464 3461 2544 evo;

1886 2554 2022 2620 lare,
2058 2571 2182 2612 eum
2232 2559 2359 2614 boni
2410 2564 2692 2632 quippiam
2720 2566 2788 2621 de
2821 2571 2977 2626 vobis
3016 2576 3200 2630 audio.
3229 2576 3460 2648 impleta

1886 2646 2143 2715 gaudium
2179 2665 2398 2715 meum;
2452 2652 2615 2707 liceat
2647 2656 2804 2712 vobis
2830 2661 3061 2718 salutent
3102 2646 3343 2738 assequi.
3372 2688 3459 2737 mu

1887 2747 2068 2791 autetn
2128 2751 2355 2808 propter
2400 2758 2495 2797 vos
2527 2747 2760 2802 reddere
2809 2752 3098 2820 rationem,
3143 2760 3300 2817 vobis
3337 2762 3459 2823 dari

1886 2830 2139 2895 salutem,
2170 2848 2256 2887 me
2283 2839 2555 2915 accusari,
2586 2842 2733 2909 quod
2768 2849 2979 2899 muneri
3014 2864 3134 2904 meo
3163 2869 3268 2906 non
3302 2857 3435 2913 satis

1884 2919 2137 2976 fecerim.
2175 2924 2292 2979 Non
2320 2928 2467 2982 enim
2504 2946 2659 2997 curo,
2692 2942 2751 2987 ut
2782 2950 2879 3003 per
2904 2951 2990 2991 me
3029 2940 3161 2993 salvi
3193 2942 3333 3008 sitis,
3365 2948 3458 3000 sed

1887 3013 2088 3075 solum,
2121 3025 2181 3069 ut
2205 3016 2336 3071 salvi
2382 3019 2526 3084 sitis,
2563 3038 2894 3094 quacunque
2929 3030 3164 3095 ratione,
3200 3032 3313 3087 Hoc
3343 3045 3463 3096 tan-

204 3118 512 3181 εἰσήνεγκα
564 3116 640 3177 είς
695 3112 793 3182 τὴν
821 3112 1008 3181 εὑχὴν,
1045 3111 1127 3163 ὅτι
1174 3110 1429 3178 ἐπιθυμῶ
1486 3109 1641 3176 ὑμῶν
1682 3111 1782 3175 τὴν

1889 3110 2001 3155 tum
2052 3114 2137 3157 est
2181 3117 2367 3160 votum
2412 3125 2590 3164 meum
2619 3151 2634 3176 ,
2689 3114 2834 3182 quod
2889 3133 3207 3187 progressus
3250 3136 3461 3186 vestro;

203 3205 517 3275 προκοπὴν,
542 3204 624 3256 ὅτι
642 3202 803 3270 φιλῶ,
830 3203 911 3254 ὅτι
937 3200 1383 3269 συμπέπλεγμαι,
1402 3202 1481 3251 ὅτι
1500 3200 1676 3251 πάντα
1700 3216 1791 3268 μοι

201 3298 370 3365 ὑμεῖς
404 3297 550 3357 ἐστε,
576 3296 669 3347 καὶ
728 3293 915 3361 πατὴρ
949 3293 1043 3345 καὶ
1078 3294 1284 3360 μήτηρ,
1302 3290 1395 3341 καὶ
1425 3289 1664 3355 ἀδελφοὶ,
1700 3290 1793 3342 καὶ

200 3388 305 3440 καὶ
326 3385 536 3440 παιδίαο
566 3386 658 3436 καὶ
675 3384 727 3435 εί
745 3400 807 3450 γε
835 3382 962 3450 ἐνῆν
988 3383 1086 3450 τὴν
1107 3381 1336 3449 καρδίαν
1361 3383 1393 3449 ή
1403 3381 1517 3449 μῶν
1548 3383 1792 3451 ἀναρρῆ-

201 3479 322 3543 ξαι,
356 3476 643 3538 ἐπιδεῖξαι,
672 3476 875 3535 πάντας
910 3474 1050 3541 ὑμᾶς
1088 3473 1257 3524 εἴδετε
1309 3471 1377 3523 ἂν
1420 3472 1558 3540 μετά
1592 3472 1791 3539 πολλῆς

201 3570 359 3621 ενδον
392 3568 549 3627 ὂντας
586 3566 679 3634 τῆς
704 3563 1063 3634 εὐρυχωρίας,
1094 3566 1188 3615 καὶ
1224 3564 1509 3630 γυναῖκας.
1548 3565 1640 3616 καὶ
1661 3566 1789 3614 παῖ-

201 3659 330 3723 δας,
360 3660 455 3711 καὶ
487 3657 705 3727 ἄνδρας.
728 3656 963 3725 Τοιαύτη
990 3656 1142 3725 γάρὴ
1168 3654 1268 3722 τῆς
1300 3656 1519 3725 ἀγάπης
1540 3655 1787 3722 δύναμις,

204 3754 308 3803 καὶ
334 3749 429 3801 τοῦ
465 3746 697 3817 οὑρανοῦ
730 3748 1178 3816 εὐρυχωροτέραν
1210 3746 1352 3798 ποιεῖ
1390 3746 1488 3814 τὴν
1517 3746 1717 3813 ψυχήν.

282 3835 524 3888 Τοιαῦτα
579 3835 648 3886 τά
702 3834 811 3885 τῶν
864 3832 1025 3901 ιερῶν
1066 3832 1162 3885 καὶ
1210 3832 1536 3903 τρισολὸίων
1582 3832 1790 3884 τούτων

205 3928 478 3993 Πατέρων
510 3928 602 3977 καὶ
632 3924 968 3977 διδασκάλων
1002 3926 1097 3976 καὶ
1138 3925 1207 3976 τὰ
1243 3924 1371 3993 περὶ
1419 3925 1666 3993 ἀγάπης,
1697 3928 1792 3979 καὶ

203 4019 359 4085 ὑπὲρ
390 4018 608 4084 ἀγάπης
641 4016 800 4077 Θεοῦ,
848 4016 917 4069 τά
950 4032 1007 4067 τε
1045 4015 1351 4084 πράγματα
1386 4015 1479 4066 καὶ
1526 4016 1575 4066 οί
1620 4015 1788 4081 λόγοι,

205 4110 381 4176 φημι,
420 4106 492 4168 ὡς
517 4106 609 4158 καὶ
642 4104 772 4173 περὶ
805 4104 1010 4163 τούτων
1041 4104 1187 4173 ἡμᾶς
1228 4103 1334 4155 ἀπὸ
1372 4103 1570 4172 μέρους
1601 4103 1792 4155 ἐνταῦ-

203 4201 283 4253 θα
314 4198 506 4262 δεῖξαι·
546 4194 691 4254 οὕτω
729 4196 1023 4261 θαυμαστὰ
1057 4201 1155 4247 καὶ
1187 4196 1465 4263 ὑπερφυᾶ,
1500 4194 1594 4245 καὶ
1648 4194 1789 4261 ὑπὲρ

202 4290 306 4342 τὸν
332 4288 484 4339 κάτω
522 4286 740 4337 τουτονὶ
785 4285 968 4352 λόγον,
1015 4285 1108 4337 καὶ
1162 4284 1254 4337 τὸν
1295 4284 1657 4349 ἀνθρώπινον,
1696 4284 1792 4336 καὶ

204 4379 343 4441 ἄξια
376 4378 537 4445 μόνου
567 4374 727 4437 Θεοῦ,
775 4377 869 4427 καὶ
918 4374 1018 4442 τῆς
1065 4374 1245 4427 αὑτῶν
1294 4373 1515 4442 ψυχῆς,
1564 4374 1658 4428 καὶ
1691 4374 1789 4442 τῆς

206 4468 444 4537 ἀρετῆς,
492 4468 585 4518 καὶ
629 4466 751 4518 οὑδὲ
776 4466 837 4517 τὸ
890 4463 1269 4533 θαυμάζεσθαι
1311 4464 1446 4534 πρὸς
1493 4464 1650 4529 ἀξίαν
1699 4464 1780 4517 διέ

201 4560 316 4625 τὴν
346 4555 651 4625 ὑπερσολὴν
681 4556 777 4609 καὶ
797 4554 858 4606 τὸ
887 4553 1115 4623 μέγεθος
1146 4554 1359 4623 ἔχοντα.
1390 4554 1608 4607 Μᾶλλον
1634 4552 1682 4605 δ’
1701 4554 1785 4608 ἰνα

203 4652 313 4705 καὶ
344 4649 508 4701 πάλιν
539 4648 652 4709 τοῖς
682 4645 1019 4713 θαυμαστοῖς
1062 4645 1241 4697 αὑτῶν
1272 4644 1451 4711 λόγοις
1491 4644 1632 4713 ὑπὲρ
1666 4643 1789 4696 τούο

203 4756 328 4792 των
360 4737 538 4790 αὑτῶν
566 4738 661 4789 καὶ
694 4737 752 4787 ιν
780 4737 993 4798 τούτοις
1026 4739 1340 4804 χρήσωμαι·
1373 4734 1530 4786 τοῦτο
1560 4735 1652 4787 καὶ
1679 4733 1788 4803 γὰρ

208 4830 365 4883 κατὰ
393 4830 528 4879 πολὺ
584 4826 811 4894 βέλτιονο
847 4825 1007 4878 τοῦτο
1055 4825 1165 4877 τῶν
1209 4824 1437 4894 μακρῶν
1471 4824 1652 4875 πόνων
1698 4823 1796 4876 καὶ⁵

208 4926 400 4988 Αὸγων
431 4920 895 4985 λυσιτελέστερον,
926 4914 1019 4978 οὓς
1054 4916 1256 4978 πάντες
1285 4916 1388 4984 ήδη
1423 4914 1795 4983 λογογραφοῦ-

214 5033 334 5077 σιν,
360 5006 441 5073 οἷς
463 5027 515 5062 τι
542 5011 634 5061 καὶ
657 5009 965 5078 φιλοτιμίας
994 5006 1374 5068 συνέζευκταν
1402 5006 1497 5057 καὶ
1523 5005 1612 5057 διὰ
1634 5005 1793 5057 τοῦτο

209 5109 356 5167 ῑσως
384 5120 437 5154 τι
474 5103 567 5154 καὶ
616 5099 1023 5167 καινοτομεῖται
1075 5098 1205 5166 περὶ
1257 5097 1348 5149 τὸν
1380 5097 1558 5162 λόγον.
1622 5094 1796 5152 Τι,ῦτο

206 5200 335 5253 τῶν
358 5194 566 5248 πολλῶν
586 5192 904 5263 ἀγρυπνιῶν
926 5193 1018 5243 καὶ
1034 5190 1349 5259 χαμευνιῶν
1370 5190 1793 5258 προτιμότερον,

207 5291 334 5343 τῶν
383 5287 548 5356 μέχρι
578 5285 688 5336 τῶν
720 5282 1130 5351 κατορθοῦντων
1160 5280 1219 5333 τὸ
1249 5281 1468 5348 κέρδοςο
1498 5279 1656 5332 τοῦτο
1685 5279 1795 5335 τῶν

206 5379 486 5447 ἀοιδίμων
502 5375 745 5444 ὲξοριῶν,
761 5375 855 5425 καὶ
882 5374 1090 5441 φυγῶν,
1125 5374 1216 5425 καὶ
1236 5370 1538 5439 λιθασμῶν,
1561 5371 1651 5423 καὶ
1684 5371 1794 5427 λοι-

206 5470 441 5539 δοριῶν,
463 5472 558 5521 καί
589 5466 800 5535 ὕϐρεων
825 5462 1272 5533 ἐπικερδέστερόν
1306 5478 1364 5514 τε
1390 5462 1482 5514 καὶ
1515 5462 1796 5530 χαριέστε-

212 5580 341 5636 ρον.
379 5562 551 5628 Ὑπὲρ
570 5558 679 5627 γὰρ
707 5556 916 5612 ἐκείνου
939 5555 1031 5608 καὶ
1046 5555 1220 5611 ταῦτα
1248 5553 1437 5609 παθεῖν
1458 5553 1680 5610 εἴλοντο.
1704 5552 1797 5607 Διὸ

290 5744 340 5784 ’⁸
367 5740 514 5803 Psal.
562 5752 767 5801 xxxvn,
801 5737 861 5790 Η

547 5832 814 5893 ΡΑτιιοι..
854 5830 970 5892 Gn.
1014 5827 1214 5891 CLIV.

1892 3193 2169 3258 desidero,
2219 3197 2365 3264 quod
2415 3215 2512 3254 vos
2567 3216 2712 3269 amo,
2757 3205 2903 3273 quod
2951 3222 3048 3262 vos
3103 3213 3460 3281 complector,

1890 3285 2036 3353 quod
2083 3300 2177 3340 vos
2215 3287 2350 3341 mibi
2396 3290 2529 3344 estis
2567 3294 2775 3355 omnia,
2804 3305 2859 3349 ct
2887 3308 3064 3364 pater,
3099 3309 3156 3354 et
3186 3313 3383 3362 mater.
3406 3317 3461 3359 et

1889 3370 2109 3435 fratres,
2139 3384 2195 3427 et
2220 3374 2334 3439 ﬁlii,
2371 3386 2445 3440 et,
2474 3380 2519 3432 si
2554 3380 2743 3436 liceret
2774 3398 2870 3439 cor
2902 3395 3148 3442 nostrum
3178 3406 3457 3467 rumpere,

1889 3474 1947 3519 et
1975 3467 2129 3521 vobis
2159 3469 2415 3523 omnibus
2441 3471 2728 3536 exhibere,
2767 3475 3025 3532 videretis
3070 3478 3124 3532 in
3162 3495 3351 3550 magna
3383 3484 3461 3545 la:

1893 3558 2134 3613 titudine
2168 3561 2315 3615 intus
2344 3576 2464 3617 esse
2495 3573 2551 3617 et
2586 3580 2806 3628 uxores,
2831 3581 2885 3622 et
2920 3569 3083 3637 ﬁlios,
3126 3581 3179 3625 et
3211 3576 3462 3641 maritos,

1891 3647 2171 3715 Ejusmodi
2223 3652 2369 3706 enim
2406 3662 2489 3707 est
2536 3655 2714 3710 virtus
2759 3658 3065 3725 cbaritatis,
3114 3663 3463 3739 animamque

1894 3739 1977 3791 vel
2013 3741 2154 3793 ewlo
2191 3740 2312 3809 ipso
2343 3743 2683 3812 capaciorem
2716 3747 2863 3803 facit.

1962 3828 2115 3885 Talia
2164 3840 2293 3885 sunt
2341 3846 2660 3889 sanctorum
2698 3848 2755 3893 et
2796 3850 2877 3894 ter
2911 3841 3195 3900 beatorum
3231 3849 3461 3911 istorum

1890 3920 2136 3986 Patrum,
2173 3922 2321 3988 talia,
2357 3925 2600 3994 inquam,
2631 3930 2700 3983 de
2727 3930 3013 3995 charitate,
3046 3944 3098 3988 et
3130 3952 3227 4005 pro
3276 3941 3461 3997 citari.

1894 4021 2004 4066 tate
2035 4012 2129 4067 Dei
2156 4022 2209 4067 et
2237 4015 2403 4075 facta.
2439 4028 2495 4071 et
2521 4017 2688 4083 dicta,
2725 4023 2968 4089 qualium
3002 4040 3100 4079 nos
3131 4026 3221 4084 hic
3254 4043 3460 4097 partem

1891 4102 2130 4172 aliquam
2185 4107 2566 4171 ostendimus,
2627 4110 2767 4165 adeo
2816 4113 3159 4181 admiranda,
3198 4131 3253 4173 et
3318 4123 3459 4181 ultra

1892 4195 2117 4247 modum
2149 4198 2389 4267 egregia,
2420 4209 2474 4252 et
2514 4203 2749 4257 terrenis
2790 4202 2912 4258 istis
2946 4205 3309 4275 humanisque
3339 4228 3463 4266 vere-

1892 4285 1976 4339 bis
2022 4291 2326 4355 superiora,
2358 4290 2587 4359 soloque
2628 4293 2737 4346 Deo
2787 4293 3142 4365 ipsorumque
3177 4300 3359 4356 anima
3406 4311 3460 4363 ei

1892 4375 2096 4429 virtute
2124 4377 2307 4444 digna,
2342 4388 2398 4432 et
2437 4397 2558 4447 qua:
2588 4396 2655 4435 ne
2687 4383 2948 4438 admirari
2982 4387 3202 4454 quidem
3247 4406 3344 4458 pro
3372 4393 3461 4444 di-

1894 4465 2101 4532 gnitate
2166 4467 2257 4520 ob.
2284 4468 2659 4526 excellentiam
2692 4472 3234 4543 magnitudinemque
3262 4481 3449 4546 possis,

1893 4554 2035 4619 Quin
2068 4554 2198 4620 imo,
2230 4565 2292 4609 ut
2317 4557 2498 4611 denuo
2524 4559 2900 4628 singularibus
2924 4578 3113 4620 eorum
3146 4566 3330 4622 verbis
3360 4588 3421 4638 pr
3444 4610 3457 4623 .

1896 4640 1981 4694 his
2033 4642 2165 4710 ipsis
2207 4644 2373 4697 etiam
2414 4645 2466 4699 in
2529 4647 2613 4701 his
2648 4654 2770 4701 utar
2798 4684 2817 4712 ,
2857 4649 2960 4706 hoc
3005 4652 3161 4720 longe
3215 4668 3458 4724 praestat,

1895 4731 2000 4787 hoc
2036 4733 2313 4789 diuturnis
2350 4738 2454 4790 illis
2483 4737 2762 4795 laboribus
2789 4755 2853 4794 ac
2884 4744 3233 4800 sermonibus
3287 4751 3459 4807 mulzo

1894 4834 1975 4877 est
2026 4825 2452 4889 conducibilius,
2503 4842 2640 4896 quos
2687 4845 2834 4884 nunc
2886 4847 3077 4889 omnes
3124 4837 3458 4908 scriptitarit,

1895 4915 1987 4984 qui
2014 4918 2318 4971 ambitione
2341 4918 2576 4986 quadam
2605 4930 3059 4993 tenentur,atque
3077 4925 3201 4980 ideo
3228 4928 3461 4984 fortasse

1896 5007 2040 5059 circa
2096 5006 2219 5065 ﬁdei
2272 5008 2581 5063 doctrinam
2630 5013 2876 5079 quaedam
2925 5015 3308 5075 immutantur.
3346 5019 3461 5073 lle:

1898 5097 2084 5150 multis
2135 5098 2335 5167 vigiliis
2380 5109 2437 5154 et
2471 5102 2813 5159 chameuniis
2842 5114 2927 5158 est
2952 5106 3287 5174 prmelarius,
3327 5126 3463 5176 qua.

1898 5202 2017 5241 rum
2074 5190 2378 5244 commodis
2431 5190 2711 5258 fruuntur,
2767 5195 2861 5262 qui
2905 5208 3000 5247 eas
3069 5196 3299 5251 obeunt.
3350 5199 3467 5254 Hoc

1897 5277 2037 5331 fama
2069 5280 2364 5340 celebratis
2393 5284 2627 5346 exsiliis,
2653 5283 2817 5351 fugis,
2845 5284 3298 5353 lapidationibus,
3332 5303 3468 5344 eon~

1901 5369 2158 5433 tumeliis,
2183 5369 2397 5439 injuriis
2425 5372 2597 5426 multo
2625 5381 2709 5426 est
2737 5372 3009 5427 lucrosius
3043 5382 3099 5427 et
3144 5377 3461 5443 gratiosiuz,

1899 5455 2003 5513 Pro
2035 5458 2125 5514 illo
2160 5461 2306 5513 enim
2349 5460 2464 5516 haec
2500 5462 2661 5516 etiam
2687 5463 2895 5531 perpeti
2924 5463 3239 5525 voluerunt,
3262 5463 3464 5530 Quam.

1898 5544 2087 5603 olorem
2133 5554 2190 5600 et
2219 5546 2396 5608 illud:
2439 5544 2498 5604 Si
2536 5547 2706 5619 diligis
2739 5565 2856 5614 me,
2908 5548 3084 5616 Patre,
3128 5564 3283 5617 pasce
3348 5567 3462 5613 om

3062 5823 3142 5892 26
