4180 6458
233 432 335 493 823

1277 433 1667 493 LAUDATIO
1706 434 1953 495 TRIUM
2002 434 2407 495 DOCTORUM

3358 428 3464 492 814

231 548 393 599 πλέον
420 545 689 610 ἐξετάζων
729 544 983 613 εὑρήσεις
1037 542 1183 610 παρά
1219 544 1328 603 τοῖς
1378 547 1529 610 ἐμοῖς
1572 559 1773 612 ποιμεσ

1900 560 2049 598 lucos
2085 546 2318 612 amplius
2343 544 2600 613 quiddam
2638 542 2884 594 invenies
2941 541 3059 596 Non
3088 540 3233 593 enim
3260 540 3312 592 hi
3338 556 3461 596 cum

230 640 328 690 καὶ
360 637 700 701 νομοθέταις.
729 636 866 687 Οὐδὲ
897 636 1004 703 γὰρ
1048 633 1444 685 συναπολέσθαι
1477 637 1587 695 τοῖς
1624 633 1796 699 φίλοις

230 730 327 780 καὶ
360 723 530 789 οὗτοι,
568 728 709 780 καθὰ
738 727 800 793 δὴ
831 727 924 777 καὶ
953 726 1210 790 Μωῡσῆς,
1238 722 1484 791 ηὔχοντο.
1507 724 1642 776 ἀλλὰ
1660 739 1797 791 προ-

231 816 578 867 κινδυνεῦσαι
645 815 846 881 μᾶλλον
886 814 1113 867 ἐκείνων
1157 806 1322 873 οὗτοι,
1372 814 1466 864 καὶ
1499 814 1668 865 θεῖναι
1698 813 1796 881 τὴν

228 906 405 972 ψυχὴν
436 907 573 972 ὑπὲρ
622 905 729 957 τῶν
782 905 953 971 φίλων
1016 904 1154 973 μετὰ
1189 902 1446 971 Χριστοῦ,
1475 903 1541 954 ἵν’
1568 904 1796 962 ἐκείνοις

227 994 287 1045 τὸ
322 992 589 1054 σώζεσθαι
638 994 1017 1063 περιγένηται.
1077 992 1152 1045 Οὐ
1199 992 1306 1060 μὴν
1343 991 1456 1042 ἀλλ’
1482 992 1593 1043 οὐδ’
1616 994 1793 1044 ἐκεῖνο

230 1082 369 1148 μετὰ
400 1083 643 1142 Μωσέως
677 1082 813 1148 πρὸς
843 1082 976 1133 θεὸν
1008 1077 1162 1133 εἷπον
1200 1082 1295 1132 καὶ
1320 1076 1485 1141 οὗτοι,
1522 1081 1660 1132 κατὰ
1686 1080 1793 1131 τῶν

224 1170 467 1221 ἀπε;οῶν
505 1170 946 1238 δυσχεραίνοντες
972 1187 987 1202 ο
1026 1169 1163 1222 "Ira
1212 1169 1269 1221 τί
1320 1169 1637 1233 ἐκάκωσας
1686 1171 1793 1221 τὸν

225 1260 557 1328 θεράποντά
607 1261 882 1323 (munra!
931 1261 1028 1313 διὰ
1069 1261 1125 1313 τί
1178 1263 1290 1327 οὐχ
1338 1261 1565 1326 εὕρηκα
1619 1259 1792 1327 χάριν

221 1352 503 1403 ἐναντίον
531 1365 666 1413 σου,
699 1350 991 1404 ἐπιθεῖναί
1006 1368 1108 1417 μοι
1141 1351 1256 1416 τὴν
1289 1350 1482 1415 ὁρμὴν
1503 1348 1611 1401 τοῦ
1638 1347 1791 1400 λαοῦ

221 1444 438 1493 τούτου
469 1442 560 1494 ἐπ’
603 1442 749 1510 ἐμέ;
788 1443 883 1503 Μὴ
918 1442 1029 1509 ἐγὼ
1068 1442 1137 1493 ἑν
1175 1447 1385 1507 γαστρὶ
1420 1442 1643 1493 ἔλαϐον
1687 1442 1792 1491 τὸν

220 1532 419 1584 πάντα
448 1534 604 1585 λαὸν
640 1533 888 1596 τοῦτον;
928 1532 965 1600 ἢ
1001 1533 1114 1599 ἐγὼ
1166 1534 1376 1584 ἔτεκον·
1425 1531 1669 1596 αὐτοὺς,
1701 1532 1788 1583 ὅτι

215 1624 419 1690 ,λέγεις
434 1641 559 1691 μοι,
588 1623 744 1677 Λάϐε
772 1624 960 1676 αὐτὸν
986 1627 1073 1687 εἰς
1103 1624 1209 1676 τὸν
1241 1625 1475 1675 κόλπον
1505 1638 1641 1685 σου,
1675 1624 1790 1674 ώσ-

213 1715 269 1765 εὶ
328 1716 463 1781 ἆραι
496 1716 736 1781 τιθηνὸς
761 1716 869 1767 τὸν
914 1715 1263 1781 θηλάζοντα,
1307 1717 1393 1777 είς
1424 1715 1537 1781 τὴν
1564 1714 1680 1781 γῆν
1710 1713 1790 1779 ἢν

214 1804 428 1872 ὤμοσα
455 1808 579 1871 τοῖς
603 1807 905 1871 πατράσιν
925 1806 1155 1870 uincor;
1182 1807 1291 1874 Οὐχ
1336 1805 1476 1858 οὓτω
1493 1806 1628 1874 πρὸς
1654 1807 1785 1855 Θεὸν

1901 632 2006 684 sibi
2035 634 2215 685 charis
2247 634 2411 685 etiam
2446 631 2675 685 interire
2704 629 2866 683 Musis
2898 627 3150 695 exemplo
3178 627 3462 695 optabant,

1900 722 1994 774 sed
2050 736 2151 789 pro
2191 723 2322 789 ipsis
2386 722 2568 789 potius
2602 722 2790 774 subire
2837 719 3177 781 discrimina,
3223 730 3279 773 et
3335 733 3462 773 cunt

1896 810 2117 864 Christo
2147 826 2245 879 pro
2275 812 2465 863 amicis
2492 813 2723 863 animum
2762 824 2985 878 ponere.
3033 821 3143 875 quo
3174 808 3250 860 illi
3287 808 3462 860 saluta

1900 901 2228 964 potirentur.
2256 901 2359 955 Sed
2394 917 2569 969 neque
2597 901 2725 953 illud
2761 917 2884 954 cum
2911 902 3054 953 Mosc
3088 900 3141 952 hi
3184 900 3289 951 Deo
3313 899 3463 965 obice

1896 1005 2111 1051 ceruus,
2150 991 2605 1045 inobedicutibus
2638 991 2763 1044 irati
2794 992 3047 1044 videlicet
3085 1006 3098 1042 :
3133 990 3243 1043 Cur
3268 989 3461 1057 afﬂixiv

1894 1084 1960 1135 sti
1999 1082 2259 1150 famulum
2283 1092 2452 1145 tuum,
2486 1092 2534 1135 et
2562 1098 2728 1150 (piare
2771 1098 2871 1133 non
2910 1084 3080 1134 iuveni
3107 1083 3338 1151 gratiam
3369 1096 3460 1135 ro-

1895 1189 2011 1225 ram
2046 1183 2116 1233 te,
2161 1183 2215 1224 ut
2253 1175 2495 1241 imponas
2532 1175 2735 1241 pondus
2780 1175 3015 1225 universi
3060 1173 3241 1241 populi
3299 1173 3457 1240 hujus

1892 1282 2048 1332 super
2080 1282 2160 1317 mc
2185 1268 2210 1320 ?
2244 1266 2510 1331 Numquid
2540 1282 2633 1334 ego
2666 1267 2876 1333 concepi
2906 1281 3113 1317 omnem
3160 1265 3295 1316 hanc
3324 1264 3460 1316 mul-

1893 1355 2188 1413 litudincm,
2226 1363 2283 1406 ut
2335 1355 2479 1407 dicas
2532 1357 2679 1416 mihi,
2714 1355 2876 1407 Porta
2933 1370 3017 1407 eos
3075 1355 3130 1406 in
3182 1354 3302 1406 sinu
3345 1361 3455 1416 tuo,

1890 1448 2023 1498 sicut
2056 1455 2269 1511 portare
2309 1446 2436 1497 solet
2496 1448 2677 1497 uuuix
2724 1446 3070 1513 infantulum,
3104 1453 3154 1496 et
3203 1443 3352 1511 defer
3378 1444 3456 1494 'iu

1892 1545 2112 1594 terram,
2147 1550 2241 1601 pro
2278 1549 2379 1601 qua
2401 1534 2586 1601 juravi
2618 1535 2853 1601 patribus
2896 1550 3075 1585 eorum
3103 1534 3187 1585 "?
3222 1533 3338 1584 Non
3374 1535 3455 1584 sic

1889 1640 2057 1689 super
2109 1624 2196 1677 his
2230 1639 2368 1690 quos
2418 1624 2717 1692 pascebant
2761 1623 2928 1677 etiam
2971 1623 3114 1677 beati
3169 1623 3223 1677 hi
3286 1623 3455 1675 locuti

1889 1725 2057 1769 sunt:
2092 1714 2186 1768 sed
2230 1714 2316 1767 illa
2353 1714 2636 1773 nimirum.
2675 1730 2794 1782 qua:
2821 1723 2876 1767 et
2917 1714 3183 1767 altissima
3222 1723 3371 1773 sunt,
3401 1722 3456 1764 ιιι

1891 1806 2022 1857 satis
2062 1804 2340 1872 prmdicari
2392 1814 2693 1871 nequeunt,
2739 1821 2857 1873 qua:
2894 1806 2996 1873 ipsi
3050 1820 3147 1872 per
3213 1819 3271 1857 se
3312 1803 3456 1870 ipsi

215 1899 351 1966 περὶ
377 1897 485 1949 τῶν
515 1897 958 1967 ποιμαινομένων
992 1898 1086 1948 καὶ
1115 1898 1162 1948 οί
1202 1896 1463 1966 μακάριοι
1499 1890 1647 1948 οὗτοι
1670 1895 1779 1946 ἕλει

1888 1895 2052 1963 digne
2073 1909 2173 1949 nos
2200 1895 2533 1947 docuerunt.

213 2007 350 2058 γον·
385 1991 499 2044 ἀλλ’
532 1994 716 2044 ἐκεῖνα
748 1991 921 2059 δήπου
953 1990 1020 2042 τὰ
1056 1990 1194 2059 ὑπὲρ
1234 1990 1412 2057 λόγον,
1460 1988 1554 2041 καὶ
1619 1987 1952 2057 ὑψηλότατα,
1989 1987 2023 2042 a
2062 1987 2127 2057 δὴ
2190 1987 2283 2038 καὶ
2334 1986 2636 2055 φθάσαντες
2694 1987 2850 2040 αὐτοὶ
2917 1986 2983 2039 δι’
3043 1986 3252 2041 ἑαυτῶν
3290 1985 3454 2050 ἀξίως

212 2084 369 2152 ἡμᾶς
396 2082 661 2147 ἐδίδαξαν.

289 2182 516 2249 Μεγάλα
556 2181 652 2249 μὲν
696 2174 788 2233 οὖν
816 2178 987 2233 ταῦτα
1046 2179 1138 2231 καὶ
1169 2177 1367 2246 ὑψηλὰ,
1397 2175 1593 2245 μᾶλλον
1627 2174 1707 2236 δὲ,
1739 2174 1788 2225 εί

208 2274 364 2327 οὓτω
417 2274 521 2343 χρὴ
542 2273 741 2340 λέγειν.
768 2274 864 2324 καὶ
892 2269 1141 2341 μεγάλων
1172 2268 1413 2339 μείζονα,
1451 2269 1543 2320 καὶ
1565 2265 1787 2335 ὑψηλῶν

212 2366 551 2435 ὑψηλότερα,
609 2365 839 2433 καὶτῆς
878 2365 988 2416 τῶν
1044 2362 1253 2431 ἀνδρῶν
1302 2361 1522 2431 ἀρετῆς,
1565 2356 1782 2410 καὶτοῦ

206 2457 385 2527 ῆθους
422 2456 567 2519 ἄξια,
597 2458 692 2509 καὶ
725 2454 815 2507 τοῦ
862 2454 1209 2515 διδασκαλίας
1249 2456 1503 2521 κράτους,
1551 2450 1783 2501 οἰκειου-

211 2554 387 2617 μένου
415 2550 482 2601 τά
507 2550 734 2617 πέρατα.
778 2543 943 2617 Οἶμαι
974 2549 1080 2617 γὰρ
1120 2546 1209 2615 (ἶν’
1246 2547 1308 2597 ὲκ
1341 2544 1449 2596 τῶν
1474 2543 1651 2595 αὐτῶν
1676 2542 1779 2593 πά-

206 2640 301 2692 λιν
334 2643 459 2707 περὶ
498 2640 677 2691 αὐτῶν
710 2636 1074 2707 φθέγξωμαι).
1106 2637 1158 2687 εἷ
1189 2652 1270 2697 τις
1296 2633 1511 2701 ἐγένετο
1561 2632 1594 2700 ἦ
1619 2632 1779 2697 γενή-

208 2744 373 2780 σεται
428 2729 662 2794 σάλπιγξ
700 2730 794 2780 ὲπὶ
853 2727 987 2779 πολύ
1043 2725 1138 2778 τοῦ
1191 2725 1350 2792 ἀέρος
1414 2723 1712 2790 φθάνουσα,
1744 2720 1777 2787 ἢ

204 2818 356 2871 Θεοῦ
384 2819 534 2889 φωνὴ
579 2820 669 2871 τὸν
701 2821 905 2886 κόσμον
957 2815 1461 2886 περιλαμϐάνουσα,
1497 2814 1528 2882 ἦ
1564 2812 1781 2879 σεισμὸς

204 2911 539 2978 οἰκουμένης
600 2911 663 2961 ἐκ
726 2926 869 2971 τινος
932 2907 1282 2976 καινοτομίας
1344 2906 1437 2958 καὶ
1486 2904 1783 2974 θαύματος,

201 3002 388 3055 ταῦτα
413 2998 550 3053 εἶναι
575 3003 671 3070 τὴν
694 3001 915 3053 ἐκείνων
947 3000 1129 3067 φωνὴν
1165 3000 1258 3051 καὶ
1283 2999 1545 3057 διάνοιαν,
1600 2992 1787 3048 τοσοῦυ

201 3110 306 3146 τον
340 3091 738 3145 ἀπολείπουσαν
773 3091 1001 3155 πάντας,
1036 3088 1132 3142 καὶ
1170 3088 1319 3141 κάτω
1346 3086 1604 3150 τιθεῖσαν,
1660 3086 1784 3138 ὅσον

200 3184 312 3252 τὴν
345 3184 453 3236 τῶν
475 3184 681 3249 ἀλόγων
707 3181 868 3249 φύσιν
890 3183 1071 3251 ἡμεῖς.

1962 2174 2151 2244 Magna
2198 2174 2364 2244 igitur
2392 2176 2509 2230 lucc
2540 2184 2597 2231 et
2626 2179 2836 2233 excelsa
2865 2217 2881 2242 ,
2917 2181 3049 2243 imo,
3078 2177 3121 2232 si
3158 2180 3230 2233 ita
3266 2180 3453 2235 dicere

1888 2264 1971 2319 fas
1996 2275 2101 2329 est,
2146 2275 2201 2320 et
2232 2268 2443 2338 magnis
2474 2269 2705 2337 majora,
2734 2277 2789 2321 et
2839 2269 3074 2323 excelsis
3124 2272 3447 2335 excelsiora,

1887 2358 2242 2426 virorumque
2284 2367 2558 2413 tantorum
2603 2360 2790 2413 virtuti
2824 2370 2876 2413 et
2922 2360 3168 2415 moribus
3220 2378 3452 2431 respon-

1884 2449 2088 2510 dcutia,
2122 2461 2177 2504 et
2208 2452 2466 2519 potentiae
2500 2452 2807 2521 cujusdam.
2842 2468 2962 2521 quas
2990 2468 3211 2506 omnem
3248 2454 3450 2508 doctr‘.

1886 2556 1968 2593 me
1998 2543 2414 2610 amplitudinem
2441 2542 2543 2597 sibi
2581 2544 2916 2598 vendicarit.
2962 2544 3055 2598 Sic
3090 2545 3236 2598 enim
3270 2557 3452 2601 statuo

1889 2634 1969 2701 (ut
1991 2646 2057 2686 ex
2082 2632 2323 2701 ipsorum
2366 2635 2588 2703 scriptis
2619 2635 2685 2688 de
2718 2635 2851 2703 ipsis
2882 2650 3097 2689 rursum
3133 2637 3373 2705 loquar),
3404 2640 3448 2692 si

1889 2740 1995 2795 qua
2034 2725 2160 2789 fuit,
2196 2736 2289 2780 aut
2315 2726 2419 2781 erit
2458 2728 2609 2792 tuba,
2655 2728 2762 2782 late
2803 2744 2901 2797 per
2938 2745 3119 2784 aerem
3162 2745 3449 2792 resonans.

1891 2829 1984 2871 aut
2015 2817 2109 2871 Dei
2137 2833 2240 2871 vox
2272 2818 2533 2873 mundum
2570 2819 2828 2888 implcns,
2860 2831 2954 2874 aut
2986 2829 3144 2876 terra:
3179 2822 3450 2882 universa:

1887 2918 2111 2971 tremor,
2144 2925 2209 2963 ex
2240 2910 2483 2964 noviiate
2515 2910 2699 2978 aliqua
2733 2911 3127 2981 miraculoque,
3180 2912 3294 2967 haec
3328 2929 3450 2972 essu

1887 3000 2103 3053 illormn
2140 3014 2302 3054 voces
2345 3010 2400 3054 et
2429 3015 2612 3065 sensa,
2646 3001 2849 3070 quibus
2890 3016 3083 3057 omnes
3132 3006 3267 3057 alios
3293 3016 3449 3060 anta-

1884 3089 2111 3152 cellunt,
2154 3096 2206 3143 et
2240 3088 2384 3143 inira
2416 3105 2474 3143 sc
2508 3091 2851 3159 relinquunt,
2886 3100 3094 3160 quanto
3120 3108 3219 3147 nos
3248 3094 3450 3155 besda-

1884 3193 2001 3230 rum
2043 3187 2249 3231 natura!
2281 3179 2680 3235 antecellimus.

286 3272 544 3322 Κάκείνοι
589 3269 687 3336 μὲν
721 3266 913 3330 οὕτως,
961 3268 1053 3319 καὶ
1084 3262 1315 3317 τοιοῦτοι
1348 3263 1417 3315 τὰ
1468 3263 1602 3329 πρὸς
1636 3260 1779 3329 ἡμᾶς

1958 3270 2033 3321 Ac
2094 3268 2171 3321 illi
2222 3269 2444 3335 quidem
2498 3271 2569 3325 ita
2625 3286 2683 3325 se
2734 3272 2957 3336 habent,
2996 3274 3238 3343 talesque
3292 3289 3446 3346 sunt,

199 3361 341 3422 εἰσι,
379 3360 471 3410 καὶ
496 3358 594 3427 τὴν
647 3353 885 3426 Χριστοῦ
935 3356 1114 3407 πᾶσαν
1149 3350 1475 3419 Ἐκκλησίαν
1515 3347 1671 3418 ὁμοῦ,
1702 3347 1775 3410 ὠς

203 3449 353 3516 μηδὲ
380 3448 822 3515 παραϐάλλεσθαι
858 3445 979 3514 μηδ’
1009 3443 1341 3511 ἁμιλλᾶσθαι
1370 3443 1501 3511 περὶ
1535 3441 1644 3493 τῶν
1670 3456 1777 3491 τοι-

194 3544 387 3592 ούτων
416 3540 552 3607 πρὸς
568 3540 788 3600 τούτους
821 3536 1054 3607 μηδένας
1080 3536 1188 3589 τῶν
1221 3535 1439 3589 πάντων
1473 3533 1617 3602 ἔχειν
1643 3532 1777 3600 μηδ-

197 3631 412 3685 οτιοῦν.
459 3632 621 3696 Ἡμῖν
652 3629 729 3692 δὲ,
764 3629 918 3696 φησὶ,
950 3631 1035 3691 τίς
1063 3628 1162 3697 μὲν
1216 3627 1352 3692 ἄλλη
1385 3625 1644 3691 συλλόγου
1677 3625 1777 3691 σή-

200 3741 383 3793 μερον
420 3725 612 3791 χάριςς
642 3721 724 3783 τίς
757 3721 813 3773 δὲ
850 3719 1166 3788 συμποσίων
1208 3717 1405 3786 ἡδονῆς
1449 3718 1533 3779 τίς
1562 3717 1617 3769 δὲ
1641 3717 1775 3782 ἁγο-

200 3817 361 3884 ρῶνς
400 3815 480 3873 τίς
528 3812 585 3864 δὲ
635 3811 975 3880 ἐκκλησιῶνς
1011 3809 1093 3870 τίς
1118 3810 1225 3861 τῶν
1264 3812 1323 3862 ὲν
1348 3809 1490 3861 τέλει
1524 3809 1618 3862 καὶ
1670 3810 1779 3860 τῶν

198 3904 333 3975 μετ’
371 3904 592 3957 ἐκείνων
619 3904 794 3972 τρυφή
820 3918 835 3965 ;
863 3902 944 3963 τίς
979 3901 1281 3968 μοναστῶν,
1317 3900 1350 3970 ἢ
1389 3900 1664 3969 μιγάδων;
1693 3900 1778 3961 τίς

193 3999 319 4051 τῶν
343 3994 733 4064 ἀπραγμόνων,
773 3994 805 4062 ἢ
845 3993 952 4044 τῶν
982 3995 1040 4045 ὲν
1068 3993 1353 4062 πράγμασι
1383 4008 1396 4055 ;
1438 3992 1523 4054 τίς
1564 3992 1672 4043 τῶν
1706 3993 1773 4043 τὰ

192 4090 317 4153 ἔξω
356 4088 804 4157 φιλοσοφούντων,
840 4088 873 4155 ἢ
926 4087 993 4139 τὰ
1053 4085 1335 4153 ὴμέτερας
1373 4083 1502 4147 Μία,
1533 4083 1628 4135 καὶ
1686 4081 1775 4135 διὰ

192 4184 449 4243 πάντων,
484 4183 576 4233 καὶ
622 4180 656 4248 ἠ
694 4180 944 4248 μεγίστη,
981 4176 1051 4228 τὰ
1084 4176 1308 4229 ἐκείνων
1367 4173 1775 4241 συγγράμματα

190 4276 307 4328 καὶ
355 4273 667 4341 πονήματα.
720 4270 853 4321 Οὐδὲ
914 4268 1215 4337 γράφουσιν
1265 4266 1492 4333 εὐπορία
1522 4281 1606 4326 τις
1638 4264 1772 4333 ἄλλη

195 4359 339 4431 μετ’
368 4358 607 4415 ἱκείνους
653 4355 685 4425 ἢ
716 4356 784 4408 τὰ
816 4356 1038 4407 ἐκείνων
1076 4353 1504 4424 συγγράμματα.
1556 4352 1775 4404 Σιωπᾶ-

188 4469 299 4506 ται
333 4450 403 4501 τὰ
437 4447 662 4510 παλαιὰ,
694 4446 787 4498 καὶ
821 4446 920 4497 ὅσα
952 4446 1096 4505 τινὲς
1125 4447 1238 4508 τοῖς
1267 4443 1435 4505 θείοις
1469 4443 1646 4511 λόγοις
1670 4443 1775 4494 ivi-

186 4545 423 4611 δρωσαν
450 4554 463 4567 ·
498 4537 686 4606 βοᾶται
737 4536 804 4587 τὰ
830 4537 948 4598 νὲα,
1006 4536 1100 4588 καὶ
1131 4531 1285 4597 οὗτος
1324 4536 1543 4603 ἄριστος
1588 4537 1645 4586 ὲν
1690 4532 1776 4586 λό-

1883 3360 2025 3426 quod
2081 3357 2146 3411 ad
2206 3373 2307 3411 nos
2363 3368 2419 3412 et
2473 3368 2638 3413 totam
2686 3360 2849 3415 simul
2885 3362 3089 3417 Christi
3146 3365 3443 3426 Ecclesiam

1878 3450 2114 3513 attinet,
2159 3457 2219 3503 ut
2272 3464 2435 3504 nemo
2482 3466 2548 3503 ex
2602 3453 2861 3507 omnibus
2910 3453 2964 3507 in
3012 3455 3097 3509 his
3147 3471 3271 3509 cum
3313 3459 3447 3525 ipsis

1877 3539 2136 3603 conferri,
2172 3550 2267 3594 aut
2319 3542 2654 3597 contendere
2684 3543 2796 3597 ullo
2845 3544 3007 3599 modo
3043 3546 3236 3614 possit.
3275 3548 3447 3611 Nobis

1880 3641 2088 3695 autem,
2152 3634 2353 3701 inquit,
2388 3648 2637 3702 quaenam
2694 3635 2800 3689 alia
2835 3635 3089 3692 hodierni
3142 3652 3445 3695 conventu-5

1879 3722 2096 3788 gratia?
2123 3737 2245 3789 quae
2274 3722 3080 3790 compotationumiucunditas
3104 3725 3127 3778 ?
3151 3742 3272 3795 qua:
3299 3727 3448 3790 fori?

1881 3826 2002 3880 quae
2062 3812 2375 3881 principum
2405 3823 2462 3867 et
2487 3813 2838 3869 familiarium
2864 3816 3105 3885 ipsorum
3143 3820 3397 3888 voluptas
3426 3823 3450 3873 ’ί

1878 3918 2001 3971 ηοω
2023 3903 2444 3969 monachorum,
2479 3913 2573 3958 aut
2606 3907 3064 3976 coniugatorum?
3096 3925 3218 3978 quae
3247 3913 3450 3965 otioso-

1880 4008 2025 4056 rum,
2062 4002 2157 4046 aut
2197 3997 2643 4061 occupatorum?
2680 4012 2801 4065 quae
2841 4010 3102 4061 externa,
3144 4010 3238 4054 aut
3286 4001 3450 4056 Chri-

1880 4084 2070 4137 stianae
2099 4085 2457 4154 philosophiae
2489 4088 2891 4142 sectatoribus?
2917 4087 3030 4143 Una
3061 4099 3117 4143 et
3139 4105 3237 4158 per
3265 4109 3390 4145 omn
3417 4108 3446 4149 a

1881 4176 2135 4239 maxima,
2173 4177 2398 4230 illorum
2436 4179 2637 4246 scripta
2690 4186 2745 4233 et
2801 4180 3038 4234 labores.
3070 4181 3258 4251 Neque
3297 4185 3443 4240 enim

1884 4264 2184 4333 scriptores
2210 4267 2413 4334 posteri
2446 4267 2672 4321 aliunde
2702 4282 2865 4336 quam
2913 4284 2977 4323 ex
3013 4271 3256 4339 ipsorum
3285 4272 3449 4331 libris

1881 4361 2094 4427 copiam
2144 4373 2297 4413 suam
2350 4366 2565 4429 petunt.
2621 4357 3035 4414 Pra‘tereuntur
3087 4370 3141 4415 et
3192 4371 3448 4415 tacentur

1879 4458 2086 4512 vetera,
2115 4460 2171 4502 et
2193 4465 2314 4518 quae
2349 4449 2599 4503 nonnulli
2646 4448 2846 4503 divina:
2879 4450 3141 4505 doctrinae
3183 4452 3448 4508 insudan-

1885 4550 1964 4593 tes
2014 4539 2356 4600 laborarunt,
2389 4553 2529 4592 nova
2587 4539 2895 4594 clamautur
2957 4551 3011 4595 et
3054 4544 3446 4617 praedicantur,

186 4649 348 4703 γοις,
388 4630 448 4693 ὃς
480 4629 545 4682 ἂν
577 4629 645 4681 τὰ
666 4628 891 4681 ἐκείνων
924 4628 1153 4695 μάλιστα
1187 4627 1434 4697 τυγχάνῃ
1466 4625 1771 4692 γινώσκων,

1881 4640 2247 4699 censeturque
2279 4632 2326 4683 is
2358 4628 2734 4693 doctissimus,
2764 4633 2856 4700 qui
2890 4632 2941 4683 in
2973 4631 3219 4700 ipsorum
3251 4650 3445 4687 monu-

184 4728 301 4778 καὶ
340 4722 428 4775 διὰ
482 4720 733 4790 γλώσσης
763 4720 965 4787 φέρων,
1014 4719 1109 4770 καὶ
1138 4715 1425 4780 συνετίζων
1451 4717 1549 4778 τὰς
1580 4717 1771 4778 ἀκοάς.

188 4817 496 4882 Ἠρκεσαν
528 4814 635 4882 γὰρ
665 4813 715 4865 οί
738 4814 885 4879 τρεῖς
917 4811 1036 4864 ἀντὶ
1080 4811 1298 4863 πάντων
1341 4810 1454 4870 τοίς
1486 4806 1773 4861 σπουδαιο-

181 4908 255 4961 τέ
270 4921 387 4975 ρηις
440 4906 519 4966 είς
553 4903 783 4971 μίμησιν
807 4916 820 4929 ·
852 4900 902 4953 οἶ
934 4900 997 4970 δὴ
1030 4901 1123 4952 καὶ
1153 4901 1213 4951 τὸ
1244 4900 1563 4951 καινότατον
1614 4898 1772 4950 τοῦτο

183 5001 300 5053 καὶ
333 4996 608 5063 θαύματος
631 4993 842 5062 πλῆρες
869 4994 962 5043 ἐπὶ
994 4994 1163 5044 πὸσιν
1188 4990 1344 5059 ἔσχον
1378 4994 1489 5054 τοῖς
1528 4994 1773 5062 προρρη-

180 5095 371 5154 Θεῖσι,
400 5088 459 5141 τὸ
486 5086 692 5157 πρῶτοι
724 5087 818 5138 καὶ
859 5085 1010 5154 μόνοι
1041 5086 1173 5153 παρ’
1202 5083 1410 5137 ἑαυτῶν
1441 5101 1497 5137 τε
1534 5085 1629 5137 καὶ
1666 5086 1775 5137 τῶν

178 5184 428 5239 οἰκείων
451 5181 646 5247 λόγων,
679 5179 773 5231 καὶ
812 5177 1262 5247 συγγραμμάτων
1303 5174 1371 5227 τὰ
1407 5174 1655 5243 ἐγκώμια
1686 5175 1773 5228 δέ·

178 5272 429 5345 ξσῖσθαι,
456 5275 637 5342 πάσης
671 5272 986 5341 ἐπιστήμης
1024 5287 1105 5333 τε,
1148 5269 1243 5323 καὶ
1268 5268 1442 5334 λόγων
1484 5268 1646 5331 ἰδέας,
1681 5267 1776 5319 καὶ

174 5370 317 5424 τῶν
342 5368 470 5436 περὶ
492 5365 665 5417 ταῦτα
694 5363 881 5415 δεινῶν
905 5380 917 5393 ·
948 5360 1319 5431 ἐξισταμένων
1370 5357 1506 5429 ὁμοῦ
1556 5359 1774 5412 πάντων

176 5462 301 5515 καὶ
336 5456 809 5525 παραχωρούντων
842 5456 952 5514 τοῖς
1011 5453 1266 5523 μεγάλοις
1292 5451 1387 5506 τοῦ
1430 5451 1587 5520 λόγου
1611 5467 1623 5481 ’
1649 5451 1677 5504 δ
1707 5449 1770 5518 δὴ

175 5552 305 5607 καὶ
341 5550 638 5617 ἀρχόμενος
674 5545 812 5615 ἔφην
842 5545 935 5599 τοῦ
956 5545 1137 5613 λόγου.

268 5773 329 5808 ³⁸
354 5772 510 5827 Νυιιι.
549 5786 620 5835 ιι,
658 5770 742 5834 il,
776 5769 857 5826 1‘2.

1887 4720 2088 4773 mentis
2141 4734 2305 4788 quam
2364 4718 2783 4773 accuratissime
2830 4720 3101 4774 volutatus
3149 4721 3332 4785 fuerit,
3394 4737 3451 4785 rt

1883 4809 2069 4863 verbis
2095 4824 2157 4864 ea
2191 4809 2476 4863 commode
2509 4809 2727 4870 elIerre,
2778 4810 3179 4879 audientesque
3218 4815 3443 4867 erudire

1880 4900 2143 4968 potuerit.
2170 4900 2383 4954 Etenim
2425 4900 2481 4952 hi
2542 4908 2653 4954 tres
2690 4900 3117 4956 studiosioribus
3144 4904 3209 4957 ad
3260 4905 3444 4957 imitu-

1886 4992 2088 5045 tionem
2127 5006 2238 5058 prae
2272 4992 2534 5043 omnibus
2586 4990 2904 5054 sulliciunt;
2963 4992 3054 5060 qui
3089 4993 3163 5055 id,
3192 4997 3337 5062 quod
3387 4998 3441 5048 in

1883 5081 2077 5150 primis
2108 5096 2307 5134 novum
2359 5091 2413 5134 et
2437 5081 2798 5135 admiratione
2829 5082 3048 5151 plenum
3080 5093 3185 5147 est,
3246 5085 3297 5135 iu
3326 5099 3443 5135 0m-

1883 5169 2046 5222 nibus
2114 5168 2392 5235 praedictis
2454 5169 2807 5231 habuerunt,
2879 5181 2937 5222 ut
3013 5171 3172 5239 primi
3236 5180 3291 5223 et
3342 5173 3442 5229 soli

1880 5275 1908 5313 a
1970 5259 2203 5328 seipsis,
2260 5261 2606 5329 prOpriisque
2685 5260 3035 5314 sermonibus
3099 5270 3155 5314 et
3221 5263 3443 5331 scriptis

1882 5349 2089 5403 laudari
2119 5357 2363 5415 possent,
2398 5350 2464 5401 de
2487 5351 2635 5401 omni
2662 5364 2861 5413 genere
2891 5351 3135 5404 scientia:
3189 5352 3446 5419 scriptio.

1880 5454 2125 5509 numque
2161 5439 2335 5493 forma
2384 5450 2441 5494 et
2471 5440 2521 5492 vi
2574 5440 2834 5509 singulari
2865 5457 2879 5493 :
2920 5442 3440 5511 obstupescentibua

1877 5532 2039 5585 simul
2073 5532 2355 5594 omnibus,
2396 5540 2453 5585 et
2506 5533 2715 5600 magnis
2742 5532 2862 5586 istis
2907 5534 3156 5588 oratione
3194 5532 3443 5590 cedenti»-

1879 5623 1979 5681 bus
2010 5638 2023 5677 :
2053 5620 2200 5692 quod
2237 5622 2507 5699 principio
2540 5622 2773 5684 asserui.
