4180 6458
199 468 299 529 817

1257 471 1642 530 LAUDATIO
1681 471 1928 529 TRIUM
1974 475 2410 534 Dt)(‘.'l‘t)l{Ui\l.

3326 469 3434 531 818

203 585 296 648 μὲν
352 580 445 631 καὶ
497 579 658 646 μέχρι
692 579 999 642 συντελείας
1038 581 1094 630 ὲν
1128 583 1289 648 σαρκὶ
1335 581 1412 648 τῷ
1443 583 1631 648 κόσμῳ
1667 581 1761 632 καὶ

1877 587 2044 637 saeeuii
2093 587 2144 637 in
2200 577 2382 645 carne,
2428 587 2482 638 in
2521 584 2741 646 mundo,
2794 595 2954 650 atque
2993 583 3134 636 inter
3185 582 3435 637 homines
3477 614 3488 626 -

199 671 325 744 τοῖς.
361 668 665 737 ἀνθρώποις
723 670 982 737 συνῆσαν,
1021 671 1098 738 τῷ
1151 672 1313 723 παντὶ
1361 671 1496 738 τῷδε
1535 671 1627 723 καὶ
1665 671 1762 736 τῆς

198 755 378 806 αὐτῶν
417 756 561 822 ζωῆς
617 759 694 812 εἰς
729 757 906 808 κοινὸν
954 757 1143 824 ὄφελος
1203 760 1296 810 καὶ
1353 760 1536 825 θαῦμα
1581 760 1765 812 καινὸν

201 845 491 910 ὑπερφυῶς
529 851 1029 916 συνεκτεινομενης,
1060 848 1250 915 ὥσπερ
1283 849 1507 916 οὐρανός
1555 867 1612 901 τε
1673 850 1765 900 καλ⁸

198 934 370 1000 ἣλιος,
411 934 506 985 καὶ
537 937 563 986 6
601 936 786 998 λοιπὸς
843 938 953 988 τῶν
982 937 1229 1006 ἀστέρων
1283 942 1488 1000 ἐκεῖνος
1524 941 1698 1008 χορ’.-ς.
1731 939 1763 1007 ἢ

198 1023 306 1071 τῶν
341 1024 591 1089 μεγάλων
624 1025 828 1078 τούτων
863 1029 1141 1094 στοιχείων
1173 1031 1204 1094 ἡ
1242 1031 1564 1091 τετρακτὺς,
1596 1029 1662 1080 δι’
1692 1021 1768 1079 ὧν

199 1115 228 1178 ἡ
269 1115 556 1182 αξεθητικὴ
607 1118 697 1166 καὶ
752 1118 1000 1184 ὁρωμένη
1037 1120 1214 1181 κτίσις
1253 1120 1390 1186 αῦτη
1427 1123 1491 1186 τῇ
1540 1119 1767 1187 δυνάμει

200 1203 294 1252 τοῦ
316 1205 597 1265 κτίσαντος
627 1207 925 1272 συνέχεται,
963 1211 1052 1258 καὶ
1087 1210 1219 1274 πρὸς
1255 1210 1313 1260 τὸ
1337 1210 1619 1260 ἀδιάλυτον
1647 1227 1771 1259 συν-

199 1297 451 1357 τηρεῐται
480 1312 491 1321 ·
531 1295 561 1361 ἢ
591 1296 732 1361 ψυχή
762 1313 844 1357 τις
873 1299 1028 1366 κοινὴ
1068 1300 1162 1350 καὶ
1193 1299 1396 1366 ζωτικὴ
1444 1297 1538 1350 τοῦ
1569 1299 1770 1359 παντὸς

200 1379 430 1443 δύναμις
456 1398 468 1408 ·
505 1381 653 1430 τοῦτο
677 1384 771 1433 καὶ
814 1384 947 1450 πρὸς
977 1386 1128 1450 ὑμῶν
1162 1383 1227 1436 ἂν
1258 1380 1348 1450 ἦν,
1382 1384 1538 1450 εἴπερ
1578 1402 1627 1436 τι
1662 1386 1771 1437 τῶν

205 1471 444 1530 πάντων,
505 1471 722 1524 καὶτοῦ
771 1475 967 1534 παντὸς
1011 1475 1150 1541 ὑπὲρ
1203 1476 1378 1526 πάντα
1431 1476 1767 1541 τιμώμενον,

203 1563 298 1610 καί
337 1578 396 1621 γε
428 1563 522 1624 τῆς
555 1565 792 1630 μεγάλης
824 1567 1079 1631 προνοίας
1110 1566 1202 1617 καὶ
1231 1566 1329 1629 τῆς
1361 1560 1770 1632 παντοὸυναμου

203 1652 337 1700 δυ-ιά
364 1669 490 1712 aeui;
537 1672 686 1713 αςιον
714 1671 726 1682 '
758 1655 874 1707 ἀλλ’
908 1657 1029 1707 ἐπεὶ
1060 1658 1154 1708 καὶ
1195 1657 1420 1718 τούτους
1451 1660 1774 1726 ἀνθρώπους

204 1740 368 1799 ὄντας
406 1742 504 1792 οὐκ
533 1737 598 1810 ἦν
632 1745 705 1810 μὴ
743 1747 854 1805 τοῖς
881 1746 1065 1810 νόμοις
1091 1745 1375 1796 δουλεῦσαι
1409 1746 1506 1812 τῆς
1537 1747 1771 1812 φύσεως,

208 1832 344 1897 μηδὲ
379 1833 464 1883 τὸν
496 1832 623 1900 χοῦν
669 1836 971 1899 ἀποδοῦναι,
1001 1838 1064 1905 τῇ
1099 1839 1190 1904 γῇ,
1226 1839 1434 1902 γίνεται
1481 1839 1580 1904 μὲν
1631 1836 1773 1887 κατὰ

205 1922 374 1986 φύσιν
410 1923 501 1974 καὶ
537 1923 715 1985 τοῦτο,
754 1925 839 1976 ἵνα
875 1927 947 1996 μὴ
988 1927 1080 1978 καὶ
1123 1927 1345 1989 δόξωσιν
1373 1927 1532 1978 οὐσία
1561 1943 1642 1986 τις
1675 1925 1772 1978 ἀῦ-

205 2011 300 2074 λος
333 2008 492 2071 εἶναι,
525 2015 617 2066 καὶ
645 2014 769 2085 ξένη
804 2016 863 2068 τὸ
894 2018 1014 2068 καθ’
1045 2018 1190 2096 ημᾶς
1220 2018 1654 2096 ὑποκριναμένη,
1682 2017 1774 2068 καὶ

203 2108 276 2156 τὰ
312 2108 491 2166 καινὰ,
525 2110 617 2159 καὶ
651 2110 788 2178 ὑπὲρ
817 2109 1102 2179 ἄνθρωπον
1137 2113 1321 2163 ἐκεῖνα
1343 2091 1608 2163 τελέσάσα
1632 2126 1646 2140 ·
1677 2109 1774 2162 καὶ

207 2197 523 2249 ἀποδίδοται
563 2199 660 2264 μὲν
705 2201 846 2251 κατά
886 2201 1075 2268 καιρὸν
1109 2202 1136 2252 6
1166 2201 1292 2270 χοῦς
1324 2201 1401 2269 τῷ
1424 2199 1530 2270 χοῖ,
1564 2200 1649 2252 ἵνα
1683 2201 1774 2252 καὶ

207 2288 325 2337 τῶν
354 2288 576 2356 μακρῶν
605 2289 734 2340 τέω·
763 2287 1009 2355 ἀγώνων,
1042 2292 1135 2341 καὶ
1160 2291 1356 2348 πόνων.
1391 2290 1486 2342 καὶ
1514 2290 1773 2357 ἱδρώτων,

209 2379 311 2428 καὶ
344 2376 450 2429 τῶν
474 2379 828 2431 παντοδαπῶν
855 2381 1169 2450 ἀναπνεύσῃ
1202 2380 1461 2432 κινδύνων
1482 2394 1499 2411 ο
1526 2379 1775 2432 ἀποδίδο-

205 2484 302 2518 ται
327 2467 383 2519 δὲ
414 2470 504 2519 καὶ
536 2471 598 2534 τῇ
658 2470 824 2521 εἰκόνι
873 2471 932 2522 τὸ
963 2469 1081 2522 κατ’
1131 2471 1312 2522 εἰκόνα
1366 2469 1689 2538 τρανότερον
1717 2485 1775 2521 τε

207 2560 310 2609 καὶ
359 2558 722 2630 τελεώτερον·
754 2562 814 2612 τὸ
871 2562 927 2613 δὲ
981 2563 1099 2613 κατ’
1149 2562 1341 2622 αὐτοὺς
1375 2560 1564 2627 θαῦμα
1598 2559 1777 2629 πολλῷ

209 2651 440 2717 μᾶλλον,
474 2655 565 2702 καὶ
603 2652 722 2703 καθ’
751 2653 1055 2722 ὑπερϐολὴν
1095 2652 1188 2706 νῦν
1217 2652 1562 2720 ’ὑψηλότερόν
1592 2669 1651 2703 τε
1687 2652 1778 2703 καὶ

207 2741 697 2812 ὑπερφυέστερον·
749 2745 830 2796 ὃτι
879 2744 968 2794 καὶ
1029 2743 1421 2812 μεταστάντες,
1475 2741 1630 2809 ὴμῶν
1679 2742 1778 2793 οὐκ

205 2834 532 2900 ἀπέστησαν
609 2835 700 2884 καὶ
746 2836 810 2902 τῇ
851 2833 1014 2901 σαρκὶ
1055 2831 1440 2900 χωρισθέντες,
1485 2829 1562 2897 τῷ
1616 2829 1781 2880 πνεύ-

211 2937 353 2987 ματι
401 2921 598 2987 μᾶλλον
635 2922 1004 2990 συνήςθησαν.
1045 2922 1141 2973 καὶ
1174 2921 1412 2973 σύνεισιν
1459 2922 1780 2990 ἀχωρὲστως

204 3013 285 3076 τῇ
332 3011 566 3077 Χριστοῦ
601 3011 918 3080 Ἐκκλησία,
959 3011 1057 3079 τῆς
1097 3011 1340 3080 μεγάλης
1395 3012 1610 3080 ἐκείνης
1645 3027 1782 3081 προ-

209 3097 470 3156 στασίας,
500 3098 592 3150 καὶ
625 3099 720 3163 τῆς
753 3099 1114 3167 ποιμαντικῆς
1138 3099 1522 3167 κραταιὸτερον
1563 3100 1782 3167 ἀντεχό-

211 3204 400 3254 μενοι,
443 3191 536 3240 καὶ
571 3188 1041 3258 προπολεμοῦντες
1088 3191 1186 3256 τῆς
1237 3191 1491 3257 ποίμνης,
1531 3191 1625 3241 καὶ
1657 3190 1783 3252 τοὶτς

207 3281 423 3341 λύκους
457 3281 805 3349 ἀναιροῦντες
829 3281 1070 3343 τελείως,
1108 3281 1199 3341 οὒς
1231 3283 1298 3349 τῇ
1332 3278 1658 3348 καλαύροπι,
1691 3280 1784 3332 καὶ

204 3373 287 3437 τῇ
329 3371 421 3421 τοῦ
447 3370 605 3436 λόγου
634 3373 888 3440 σφενδόνῃ
943 3371 1210 3440 παρόντες
1245 3371 1558 3439 ἀπήλαυνον
1591 3372 1786 3438 πρότε-

208 3477 338 3530 ρον,
367 3461 479 3528 ὅσῳ
501 3463 595 3513 καὶ
629 3461 845 3528 φθόνου,
881 3463 973 3513 καὶ
1001 3459 1323 3528 βασκανίας,
1360 3463 1454 3513 καὶ
1480 3461 1781 3529 λιθασμῶν,

206 3554 318 3604 καὶ
359 3538 636 3618 διωγμῶν,
669 3553 761 3614 καὶ
794 3552 1111 3619 ὑπερορίας,
1167 3551 1262 3604 καὶ
1308 3549 1553 3604 θανάτων
1584 3568 1783 3603 παντο-

206 3644 412 3694 δαπῶν
442 3641 536 3694 νῦν
566 3640 822 3710 ἀνώτεροι
878 3641 1302 3711 χρηματίζουσι,
1339 3643 1436 3694 καὶ
1480 3642 1670 3710 δρῶσι,
1712 3643 1784 3710 μὴ

210 3733 554 3803 πάσχοντες,
579 3733 671 3784 καὶ
694 3733 761 3782 τὰ
790 3732 927 3800 ὑπὲρ
952 3731 1113 3799 φύσιν
1147 3733 1347 3799 μᾶλλον
1378 3732 1474 3784 νῦν
1504 3734 1788 3798 γεγονότες

211 3808 514 3886 ἐξανύουσι
541 3822 802 3875 κάλλιστα
840 3821 923 3873 διὰ
966 3821 1060 3889 τῆς
1093 3821 1274 3873 αὐτῶν
1315 3821 1654 3890 ὑψηλοτάτης
1707 3822 1788 3872 δι.

208 3911 524 3970 δατκαλίας
560 3909 778 3960 καὶτῶν
810 3909 1005 3960 κοινῶν
1040 3912 1435 3976 παραινέσεων.
1473 3911 1582 3961 Καὶ
1615 3911 1643 3978 ἡ
1691 3910 1788 3976 μὲν

208 4001 442 4067 γλῶττα
467 4000 610 4066 σιγᾷ,
635 3999 726 4050 καὶ
743 4000 807 4051 τά
822 3999 999 4066 χρυσᾶ
1021 3997 1158 4049 κατὰ
1182 3997 1345 4065 φύσιν
1366 3997 1576 4065 μέμυκε
1599 3998 1750 4067 χείλη
1771 4013 1786 4030 ο

207 4094 293 4142 τὰ
324 4091 370 4141 δ’
397 4090 519 4155 ἱερὰ
548 4089 770 4150 πυκτία,
799 4091 890 4139 καὶ
920 4090 968 4140 οἱ
1001 4088 1344 4140 θεόπνευστοι
1372 4088 1543 4154 λόγοι,
1572 4090 1791 4141 καὶτῶν

207 4201 287 4235 πε
301 4185 355 4248 ρὶ
391 4180 530 4232 Θεοῦ
555 4180 840 4246 δογμάτων
872 4179 920 4231 ol
953 4178 1154 4241 ζῶντες
1186 4179 1278 4230 καὶ
1322 4177 1556 4247 ἔμψυχοι
1590 4178 1793 4246 θησαυ-

210 4274 334 4340 ροὶ,
360 4271 457 4322 καὶ
481 4271 540 4321 τὸ
565 4269 852 4334 γινώσκειν
885 4269 1179 4337 ὀρθοδόξως
1215 4267 1380 4321 αὑτοῦ
1419 4268 1516 4337 τὴν
1538 4268 1792 4338 θεότητα,

209 4363 376 4428 ἅπερ
404 4363 537 4427 ἡμῖν
566 4360 640 4420 ὡς
687 4359 885 4426 κλῆρός
912 4375 996 4420 τις
1035 4359 1303 4427 πατρικὸς
1352 4360 1447 4410 καὶ
1493 4359 1794 4427 ὑπέρτιμος

207 4456 321 4504 ὑπ’
345 4453 526 4503 αὐτῶν
557 4451 900 4518 κατελείφθη,
934 4448 1006 4509 ὡς
1037 4451 1099 4499 ὲκ
1131 4449 1342 4517 μυρίων
1391 4447 1488 4518 βοᾷ
1535 4449 1794 4514 γλωσσῶν

1870 676 2214 738 mansissent,
2247 686 2299 728 et
2325 692 2464 728 novo
2497 685 2748 741 portento
2783 674 2889 726 vita
2926 674 3142 725 illorum
3189 671 3256 724 ad
3284 687 3434 724 com-

1870 777 2088 815 munetn
2121 764 2356 816 frtu'tum
2399 779 2524 817 cum
2556 762 2907 816 universitate
2950 761 3049 813 hae.
3089 775 3252 828 supra
3282 769 3437 814 natu-

1869 867 1941 905 ra:
1995 867 2215 905 cursum
2262 852 2588 914 duravisset,
2635 849 3094 919 quemadmodum
3139 851 3334 903 emittm
3381 858 3436 901 et

1868 942 1970 1004 sol,
1997 951 2050 994 et.
2081 943 2325 1010 reiiquus
2352 942 2438 995 ille
2475 942 2713 993 siderum
2741 942 2963 1000 ehorus,
3000 950 3094 992 aut
3120 954 3436 1006 magnorum:

1870 1029 2062 1083 horum
2109 1047 2397 1097 corporum
2432 1029 2836 1098 qttatcruarius.
2890 1046 2986 1097 per
3016 1044 3137 1096 quae
3185 1038 3436 1081 creatura

1872 1119 1986 1171 haec
2034 1123 2136 1172 sub
2196 1136 2418 1174 sensum
2478 1131 2536 1174 ct
2602 1131 2880 1186 aspectum
2934 1120 3134 1173 cadens
3195 1119 3470 1187 potentia-

1873 1209 2175 1262 conditoris
2199 1210 2456 1272 eoha‘ret,
2482 1220 2536 1263 et
2561 1211 2696 1264 citra
2733 1209 3060 1262 solutionem
3093 1208 3439 1261 custoditur:

1873 1307 1965 1350 aut
2015 1300 2194 1351 anima
2237 1301 2479 1366 quaedam
2529 1300 2856 1360 communis,
2887 1307 2942 1350 et
2978 1298 3156 1351 vitalis
3199 1297 3439 1350 universi

1873 1391 2084 1450 virtus;
2124 1389 2224 1442 hoc
2255 1400 2309 1442 et
2352 1389 2504 1440 nobis
2555 1388 2905 1448 conduceret,
2936 1387 2979 1440 si
3024 1386 3154 1456 quid
3196 1386 3340 1438 aliud
3377 1401 3441 1438 ex

1873 1479 2152 1535 omnibus,
2206 1479 2398 1543 quavis
2457 1479 2814 1529 a'stimatione
2877 1478 3073 1543 majus,
3125 1487 3180 1530 et
3238 1491 3443 1542 magna:

1877 1567 2230 1634 providentia:
2286 1581 2348 1618 ac
2378 1568 2562 1620 virtuti
2597 1568 2955 1631 omnipotenti
2984 1577 3439 1620 consentaneum.

1876 1656 1979 1708 Sed
2013 1656 2268 1721 quoniam
2304 1666 2360 1708 et
2410 1656 2462 1708 hi
2497 1657 2744 1708 homines
2781 1655 2891 1706 nati
2940 1663 3118 1712 erant.
3163 1669 3262 1704 nec
3295 1663 3445 1721 pote-

1877 1753 1994 1796 rant
2027 1753 2231 1796 natur-'e
2287 1745 2456 1811 legem
2497 1745 2755 1811 rll'ugere,
2809 1760 2907 1797 nec
2962 1745 3234 1811 pulvorem
3286 1753 3445 1796 teme

1877 1848 1981 1884 non
2021 1833 2272 1893 reddere,
2321 1835 2566 1887 debitum
2626 1836 2966 1902 pchulvtttll,
3020 1850 3088 1888 ne
3136 1835 3441 1888 substantia

1875 1921 2121 1990 quaadam
2153 1939 2181 1976 a
2235 1925 2476 1977 materia:
2533 1926 2885 1978 concretione
2921 1925 3113 1989 libera,
3166 1941 3230 1978 ac
3287 1941 3446 1994 perc-

1874 2015 2054 2081 griua.
2111 2014 2272 2067 nobis
2332 2025 2542 2068 tantum
2610 2016 2906 2070 assimilata
2957 2017 3267 2080 decamur,
3321 2032 3446 2084 qua:

1876 2119 2012 2158 nova
2046 2103 2134 2157 illa
2181 2113 2236 2156 et
2269 2105 2505 2160 hominis
2560 2117 2779 2176 captum
2837 2108 3154 2162 excedentia
3205 2116 3445 2174 przestet,

1876 2195 2230 2262 redditurque
2259 2210 2359 2249 suo
2385 2205 2628 2263 tempore
2651 2199 2828 2264 pulvis
2853 2198 3060 2266 pulveri
3091 2238 3105 2259 ,
3138 2207 3194 2249 nt
3225 2198 3444 2249 tandem

1874 2296 1903 2334 a
1964 2281 2235 2336 diuturnis
2300 2283 2587 2351 agonibus,
2648 2285 2950 2348 laboribus,
3017 2285 3336 2346 sudoribus.
3391 2296 3449 2339 et

1875 2384 2035 2422 omne
2094 2385 2265 2440 genus
2320 2372 2576 2438 periculis
2617 2372 2868 2435 respiret,
2919 2383 2972 2426 et
3033 2373 3251 2444 imagini
3305 2374 3448 2441 quod

1876 2457 1978 2513 fuit
2004 2460 2306 2513 secundum
2360 2459 2648 2530 imaginem
2686 2463 2876 2528 purius
2921 2462 3324 2532 perfectiusque
3359 2481 3450 2519 re-

1875 2551 2142 2605 stituitur.
2195 2552 2461 2606 Cmterum
2535 2554 2928 2607 admirabilitas
2995 2554 3236 2618 ipsorum
3305 2570 3452 2610 nunc

1879 2643 2033 2710 longe
2085 2644 2254 2711 major
2299 2653 2354 2696 et
2404 2645 2632 2698 nimium
2698 2645 2854 2698 miris
2936 2643 3112 2698 modis
3165 2645 3453 2699 sublimior

1878 2740 2038 2799 atque
2081 2735 2436 2788 excellentior
2467 2744 2570 2788 est.
2623 2734 2756 2788 Nam
2791 2736 3042 2803 quamvis
3094 2736 3222 2789 hinc
3278 2735 3452 2789 demi-

1879 2823 2175 2891 graverint,
2203 2841 2308 2878 non
2350 2835 2528 2880 tamen
2579 2840 2608 2878 a
2646 2826 2804 2880 nobis
2834 2825 3228 2892 discesserunt,
3257 2842 3455 2895 corpo-

1882 2911 2140 2981 ribusque
2187 2915 2441 2983 separati,
2485 2915 2682 2984 Spiritu
2730 2917 2939 2970 aretius
2988 2916 3273 2970 nobiscum
3320 2931 3456 2969 eon-

1877 3005 2228 3073 junguntur,
2310 3007 2686 3076 Ecclesizeque
2755 3006 2959 3062 Christi
3018 3008 3456 3075 inseparabiliter

1883 3094 2105 3160 adsunt,
2142 3110 2388 3165 magnam
2433 3097 2578 3150 illam
2624 3106 2679 3151 et
2718 3098 3048 3166 pastoralem
3106 3097 3448 3167 provinciam

1886 3189 2121 3242 validius
2170 3189 2618 3255 complectentes,
2658 3197 2715 3243 et
2769 3205 2867 3260 pro
2916 3205 3080 3260 grege
3110 3189 3453 3254 dimicantes,

1886 3290 1941 3332 et
1970 3279 2125 3347 lupos
2155 3279 2392 3348 perfecte
2440 3279 2752 3335 occidentes
2787 3281 2946 3349 (quos
2985 3279 3160 3349 prius,
3203 3279 3330 3332 dum
3367 3279 3457 3332 hic

1886 3369 2152 3435 viverent,
2178 3369 2437 3438 pastorali
2506 3370 2700 3423 baculo
2731 3379 2788 3425 et
2817 3369 2985 3424 funda
3030 3369 3300 3424 sermonis
3340 3368 3457 3422 abi-

1883 3461 2364 3530 gebant),quando
2407 3469 2462 3514 et
2492 3460 2716 3520 invidia.
2753 3470 2808 3516 et
2841 3461 3198 3530 malignitate,
3227 3471 3283 3516 et
3319 3461 3457 3530 lapi-

1885 3549 2216 3612 dationibus,
2246 3556 2302 3602 et
2327 3549 2820 3617 persecutionibus,
2861 3559 2916 3604 et
2944 3551 3156 3614 exsilio,
3186 3561 3240 3604 et
3265 3551 3458 3604 morti-

1888 3639 1990 3693 bus
2038 3639 2340 3708 omnigenis
2375 3640 2536 3693 modo
2570 3641 2888 3708 superiores
2939 3641 3220 3705 dicuntur,
3279 3650 3335 3695 et
3369 3641 3451 3696 fa-

1888 3734 2061 3794 ciunt,
2107 3747 2210 3784 nec
2240 3730 2551 3799 patiuntur,
2583 3740 2635 3784 et
2667 3746 2786 3799 quae
2820 3745 2980 3799 supra
3018 3739 3265 3784 naturam
3300 3739 3454 3796 sunt,

1892 3837 1978 3874 res
2010 3821 2475 3888 przeclarissimas,
2519 3820 2622 3889 ipsi
2663 3830 2911 3873 naturam
2962 3821 3306 3888 transgressi.
3349 3836 3448 3890 per

1890 3912 2332 3965 Sublimissimam
2386 3909 2690 3964 doctrinam
2741 3925 2894 3963 suam
2944 3918 2998 3964 et
3051 3910 3451 3966 admonitiones

1891 4016 2210 4056 communes
2241 4017 2387 4054 nunc
2412 4004 2584 4070 magis
2611 4002 2875 4056 elliciunt.
2909 4002 2985 4055 Ac
3017 4002 3200 4071 lingua
3232 4002 3455 4071 quidem

1891 4090 2033 4152 silet,
2079 4099 2133 4143 et
2167 4105 2331 4143 aurea
2390 4090 2532 4144 labia
2598 4102 2790 4144 natura
2849 4090 3044 4145 clausit
3099 4109 3111 4144 :
3174 4093 3311 4146 sacri
3353 4109 3454 4146 an-

1891 4192 1997 4236 tem
2041 4181 2442 4246 commentarii,
2474 4190 2528 4234 et
2557 4181 2830 4234 orationes
2878 4196 2908 4234 e
2962 4181 3148 4234 divino
3194 4183 3453 4236 instinctu

1893 4273 2166 4342 profectae,
2217 4272 2640 4341 dogmatumque
2694 4271 2760 4324 de
2795 4272 2904 4325 Deo
2954 4273 3057 4324 vivi
3122 4283 3177 4326 et
3233 4274 3458 4328 animati

1895 4361 2158 4423 thesauri,
2193 4371 2250 4412 et
2295 4360 2594 4413 orthodoxa
2651 4361 2958 4414 divinitatis
3011 4362 3136 4428 ejus
3192 4362 3453 4429 cognitio,

1895 4465 2015 4518 qua:
2049 4458 2108 4502 ut
2156 4449 2610 4517 pretiosissimum
2665 4448 3051 4516 patrimonium
3110 4450 3268 4502 nobis
3330 4451 3459 4503 reli-

198 4564 278 4597 τε
323 4547 421 4597 καὶ
477 4545 756 4607 στομάτων
807 4541 1265 4600 ἀκαταπαύστως.
1307 4541 1415 4592 Καὶ
1446 4538 1576 4602 ζῶσι
1611 4542 1708 4608 μὲν
1735 4541 1784 4592 ὲν

1897 4550 2154 4608 querunt,
2195 4541 2675 4594 innumerabil'um
2718 4540 2918 4608 linguis
2943 4550 2998 4594 et
3026 4556 3120 4594 ore
3160 4545 3457 4595 decantau-

199 4639 256 4689 Χ
275 4634 454 4702 ριστῷ
487 4632 581 4701 τὴν
620 4631 893 4700 μακαρίαν
915 4631 1126 4698 ἐκείνην
1154 4629 1298 4698 ζωὴν
1321 4631 1416 4682 καὶ
1448 4629 1751 4698 ἀνώλεθρον
1774 4647 1787 4659 ο

197 4727 366 4790 ζώει
401 4723 459 4774 δὲ
495 4724 585 4773 καὶ
619 4723 744 4790 παρ’
796 4722 924 4790 ἡμῖν
966 4719 1211 4772 ἐντεῦθεν
1261 4718 1572 4783 λαλοῦντες,
1625 4719 1796 4771 καθά-

197 4834 337 4884 περ
383 4814 558 4877 εἷπον,
608 4815 703 4866 καὶ
745 4815 834 4866 τὸν
877 4813 1078 4881 κόσμον
1124 4813 1264 4882 μετὰ
1317 4810 1551 4882 Χριστοῦ
1592 4811 1795 4876 σώζον-

189 4927 344 4970 τες.

290 5000 476 5069 Δεῦρο
521 4998 603 5065 δὴ,
645 4998 996 5062 περιστάντες
1049 5011 1116 5062 με
1153 4996 1257 5058 πᾶς
1301 4996 1329 5046 6
1379 4996 1508 5063 περὶ
1553 4993 1795 5057 ἐκείνους

189 5092 385 5160 φίλος
423 5091 604 5154 χόρος,
659 5085 1063 5154 συνεργάσασθὲ
1103 5102 1192 5153 μοι
1250 5085 1348 5152 τὴν
1401 5085 1792 5151 εὐφημίανοόί

187 5180 498 5247 ποιμένες
531 5179 658 5236 τοὺς
709 5180 971 5242 ποιμένας
1007 5174 1358 5235 ἐπαινοῦντες
1393 5175 1488 5225 καὶ
1536 5173 1791 5224 διδασκά-

185 5277 360 5332 λους
386 5285 400 5297 ·
434 5269 633 5335 οἱπερὶ
659 5268 718 5318 τὸ
745 5266 915 5334 βῆμα,
946 5267 1039 5317 καὶ
1060 5265 1158 5332 τὴν
1191 5265 1342 5334 ἱερὰν
1369 5262 1676 5332 τράπεζαν,
1704 5265 1797 5315 καὶ

180 5367 326 5431 τὴν
363 5358 726 5426 λειτουργίαν,
758 5359 878 5417 τοὺς
916 5359 1013 5425 τῆς
1045 5356 1252 5418 τάξεως
1301 5355 1522 5420 ταύτης,
1562 5354 1654 5405 καὶ
1685 5353 1797 5405 τῶν

187 5453 399 5524 ἱερῶν
422 5450 598 5518 εὐχῶν
633 5447 908 5516 ἀρχηγούς
954 5463 1012 5498 τε
1054 5447 1148 5497 καὶ
1194 5443 1489 5512 νομοθέτας
1517 5458 1530 5472 ·
1563 5443 1612 5493 οἱ
1647 5443 1794 5510 φιλό-

185 5558 413 5612 σοφοι,
442 5541 538 5592 καὶ
567 5539 738 5604 σοφοὶ,
769 5538 864 5589 καὶ
909 5536 1258 5596 διαλεκτικοὶ,
1304 5534 1400 5586 καὶ
1443 5533 1792 5602 λογογράφοι,

182 5638 322 5691 καὶ
365 5634 614 5698 ῥήτορες,
645 5629 741 5694 τήν
767 5644 824 5678 τε
876 5626 1097 5696 πρώτην
1129 5626 1223 5676 καὶ
1263 5623 1544 5690 ἀνωτάτην
1581 5623 1792 5689 σοφίαν,

183 5726 320 5780 καὶ
386 5719 452 5787 δὴ
505 5717 604 5769 καὶ
635 5713 730 5784 τὴν
770 5714 1136 5781 ἀνθρωπίνην,
1169 5713 1262 5763 καὶ
1305 5712 1455 5764 κάτω
1503 5710 1796 5772 ἀσκοῦντες

181 5819 357 5874 τρὺξ
400 5809 606 5862 τούτων
647 5805 910 5874 ἀσκητάς,
960 5806 1054 5859 καὶ
1097 5805 1369 5875 τεχνίτας,
1404 5806 1499 5856 καὶ
1559 5805 1794 5871 καθηγε-

1898 4637 2008 4681 tur.
2052 4629 2250 4682 Vivunt
2301 4629 2519 4696 quidem
2563 4629 2638 4681 illi
2697 4628 2751 4680 in
2808 4627 3025 4682 Christo
3088 4629 3252 4682 vitam
3313 4631 3458 4684 illam

1898 4718 2130 4778 beatam,
2169 4717 2239 4771 ab
2268 4717 2418 4771 omni
2457 4718 2681 4771 interitu
2717 4727 2980 4770 semotam
3017 4734 3030 4770 :
3073 4719 3266 4771 vivunt
3317 4720 3463 4771 nihi-

1896 4804 2135 4858 lominus
2155 4805 2294 4872 apud
2327 4821 2426 4858 nos
2455 4819 2670 4872 quoque
2699 4804 2788 4857 hic
2815 4804 3120 4870 l0quenles,
3155 4815 3214 4859 ut
3239 4805 3372 4868 dixi,
3402 4813 3459 4860 et

1897 4895 2158 4947 mundum
2199 4910 2320 4948 cum
2353 4894 2572 4947 Christo
2604 4894 2808 4946 salvum
2844 4903 3188 4962 prmstantes.

1965 4986 2226 5048 Agedum,
2277 4992 2423 5035 totus
2479 4983 2696 5034 illorum
2748 4997 2933 5036 amans
2970 4983 3175 5037 chorus
3223 4999 3307 5038 me
3350 4987 3458 5039 cir-

1896 5075 2199 5134 cumsistat,
2236 5073 2435 5138 detque
2488 5087 2700 5124 mecum
2742 5071 2958 5124 illormn
3016 5074 3274 5129 laudibus
3324 5091 3458 5142 0pc-

1899 5179 2033 5215 ram.
2057 5163 2159 5227 Qui
2201 5172 2446 5229 pastores
2474 5160 2627 5220 estis.
2664 5169 2908 5228 pastores
2929 5173 2982 5215 et
3010 5164 3296 5232 magistros
3320 5166 3462 5219 cele-

1899 5258 2154 5318 brantes;
2208 5253 2300 5320 qui
2350 5254 2404 5306 in
2449 5253 2691 5306 sacrario
2751 5253 3068 5317 versamini,
3099 5264 3156 5306 et
3203 5255 3254 5306 in
3306 5271 3460 5309 saera

1898 5362 2080 5401 mensa
2149 5345 2482 5412 operamini;
2543 5345 2705 5414 hujus
2784 5343 2992 5399 ordinis
3068 5360 3460 5414 sacrarumque

1896 5435 2265 5506 precationum
2322 5436 2596 5504 principes
2628 5449 2690 5489 ac
2721 5445 3079 5503 praeceptores
3109 5453 3120 5488 :
3148 5436 3454 5504 philosophi

1896 5537 1952 5580 et
1980 5527 2276 5594 sapientes,
2310 5523 2580 5576 dialectici
2641 5532 2698 5576 et
2747 5524 3063 5590 scriptores,
3095 5533 3151 5577 et
3190 5534 3455 5586 oratores,

1897 5618 2099 5686 quique
2146 5616 2375 5684 primam
2437 5623 2494 5666 et
2537 5613 2879 5675 altissimam,
2922 5614 3125 5682 quique
3165 5615 3458 5666 huu'ianam

1897 5718 1952 5763 et
1985 5707 2296 5760 inferiorem
2347 5703 2668 5772 sapientiam
2717 5703 2930 5765 colitis;
2965 5703 3158 5756 horum
3193 5705 3458 5756 exercita-

1900 5809 2044 5856 torcs
2078 5811 2133 5854 ct
2166 5797 2424 5860 artiﬁces,
2461 5805 2516 5848 et
2549 5794 2738 5858 duces,
2782 5805 2834 5848 ct
2864 5794 3112 5850 excelsos
3149 5796 3455 5865 magistros,
