4180 6458
162 456 264 527 825

1094 461 1540 529 DEMETRIUS
1580 465 1974 536 CYDONIUS.
2015 499 2079 510 -
2108 468 2440 535 NOTITIA.

3304 478 3410 544 826

163 576 336 643 τερεῐν
389 574 666 641 ὀφείλουσι
716 576 809 628 καὶ
866 574 975 627 τῶν
1030 575 1414 643 διορισθέντων
1454 580 1604 649 παρὰ
1633 581 1776 649 τῆςι

1848 585 2234 655 Chrysostomo
2265 586 2467 654 scripta
2491 591 2641 648 sunt,
2688 592 2794 637 tam
2844 585 3079 642 decretis
3107 587 3412 644 Chalcedo-

162 668 218 716 ἐν
248 664 546 731 Χαλκηδόνι
577 664 819 728 συνόδου,
873 665 1088 732 καὶτῆς
1128 667 1185 717 ἐν
1246 668 1494 738 Γάγγρᾳ,
1544 671 1731 739 ἐροῦσι

161 756 379 816 πάντως
429 756 475 805 οἱ
526 755 592 808 τὲ
646 755 871 807 τοιαῦτα
922 754 1218 808 διευθετείν
1273 758 1524 822 ἐξουσίαν
1579 760 1733 830 ἔχον-

161 863 268 908 τες.

234 940 341 991 Καὶ
369 939 538 991 ταῦτα
563 939 661 1005 μὲν
689 942 718 992 6
742 940 1088 1010 πατριάρχης
1119 941 1446 1011 Βαλσαμὼν.
1479 944 1732 996 Δείκνυσι

165 1028 291 1096 γοῦν
324 1031 388 1082 ἐκ
420 1030 525 1082 τῶν
560 1031 888 1099 εἰρημένων,
921 1034 1351 1100 προηγουμένως
1381 1035 1478 1102 μὲν
1507 1035 1566 1098 ἐξ
1596 1035 1738 1087 ὲκεί-

165 1138 277 1183 νου,
311 1123 511 1190 μᾶλλον
563 1123 618 1174 δὲ
654 1123 746 1174 καὶ
779 1124 882 1190 πρὸ
931 1125 1038 1175 τῶν
1069 1123 1264 1177 ἑαυτοῦ
1306 1128 1522 1196 ἡμερῶν
1557 1129 1737 1196 ἄπρα-

166 1228 294 1262 κτον
333 1212 423 1262 τὸν
467 1212 849 1281 προρρηθέντα.
898 1213 991 1264 ἐπὶ
1053 1213 1146 1264 τοῦ
1200 1215 1734 1282 Πορφυρογεννήτου,

166 1302 260 1352 καὶ
306 1303 400 1353 τοῦ
452 1305 793 1372 πατριάρχου
838 1304 1008 1372 κυροῦ
1043 1304 1284 1367 Ἀλεξίου
1319 1305 1520 1372 τόμον·
1559 1307 1739 1372 ἠττρὰ-

168 1408 337 1455 κτησε
375 1392 504 1460 γὰρ,
532 1393 717 1461 φησίν.
757 1393 995 1446 Ἐκείνου
1035 1394 1110 1458 δὲ,
1139 1395 1392 1464 καθάπερ
1422 1394 1565 1456 τινὸς
1612 1395 1744 1464 ὲρεί·

169 1499 397 1549 σματος,
450 1483 481 1550 ἦ
545 1483 819 1548 θεμελίου,
855 1483 1317 1546 ὑποσπαςθέντος.
1375 1487 1466 1538 καὶ
1519 1487 1568 1538 οί
1627 1485 1744 1553 μετ’

167 1577 374 1625 ἐκεῖνον
399 1576 679 1641 γεγονότες
718 1575 831 1638 δύο,
864 1576 890 1626 ὃ
913 1592 970 1626 τε
1009 1578 1099 1627 ἐπὶ
1127 1575 1217 1626 τοῦ
1239 1575 1546 1642 Κομνηνοῦ,
1574 1575 1739 1642 φημὶ,

168 1665 338 1733 κυροῧ
365 1666 646 1727 Μανουὴλ,
678 1666 772 1717 καὶ
810 1667 837 1717 6
873 1668 966 1717 ἐπὶ
993 1667 1084 1717 τοῦ
1113 1667 1503 1734 Πειλαιολόγου,
1533 1684 1740 1733 συγκα-

168 1758 531 1808 ταπίπτουσιν
587 1757 647 1821 ἐξ
692 1759 958 1826 ἀνάγκης.
996 1759 1224 1810 Ἔπειτα
1289 1760 1383 1810 σὺν
1438 1759 1610 1828 τούτῳ
1639 1759 1744 1811 δεί-

171 1864 384 1910 κνυσιν,
410 1848 492 1898 ὅτι
521 1847 642 1898 οὐδὲ
663 1849 711 1898 οἱ
738 1850 1175 1916 ἁναθεματισμοὶ
1214 1849 1321 1900 τῶν
1352 1849 1580 1902 συνόδων
1605 1850 1743 1900 ὲκεί-

169 1955 279 1988 νων
333 1938 518 2005 ἔχουσι
549 1937 609 1989 τὸ
660 1938 923 2004 ἀσφαλὲς,
960 1939 1010 1990 εί
1076 1940 1169 1990 καὶ
1223 1937 1315 1991 ἐπὶ
1351 1939 1611 2004 μεγάλοις
1651 1941 1744 1992 καὶ

167 2027 494 2093 ἀναγκαίοις
523 2028 666 2080 τισὶν
695 2028 946 2095 ἐγένοντο
971 2029 1315 2098 πράγμασιν,
1350 2030 1509 2098 εἴπερ
1533 2027 1610 2098 τῷ
1634 2047 1748 2082 κοι-

169 2119 245 2187 νῷ
282 2120 452 2188 Harp”:
480 2120 872 2189 Χρυσοστόμῳ,
900 2121 994 2172 καὶ
1041 2124 1152 2184 τοῖς
1198 2121 1374 2184 ἄλλοις
1403 2123 1581 2190 ἁγίοις
1611 2123 1751 2176 διδα-

171 2211 396 2272 σκάλοις
430 2212 709 2264 πείθεσθαι
739 2213 840 2279 δεῖ,
856 2215 923 2266 τὰ
954 2216 1092 2268 αὐτὰ
1115 2218 1207 2268 καὶ
1253 2216 1538 2284 φρονοῦσιν
1561 2217 1750 2286 ἐκείνῳ

171 2301 267 2352 καὶ
294 2302 627 2368 διδάσκουσι,
657 2306 754 2357 καὶ
790 2308 858 2374 τῇ
899 2306 990 2358 τοῦ
1026 2307 1264 2375 Χρῐστοῦ
1300 2309 1532 2377 μεγίστῃ
1564 2309 1751 2375 φιλαν-

173 2395 396 2463 θρωπίᾳ
423 2397 624 2463 μᾶλλον
656 2398 1067 2467 συνηγοροῦσιν.
1114 2399 1274 2450 Ἀλλὰ
1319 2401 1448 2468 περὶ
1484 2401 1581 2466 μὲν
1639 2400 1749 2453 τῶν

170 2490 456 2550 τοιούτων,
489 2491 538 2542 οἱ
577 2491 676 2559 μὲν
727 2492 922 2554 ταῦτα,
948 2493 995 2543 οἱ
1017 2491 1061 2542 δ’
1094 2492 1281 2544 ἀλλοῖοι
1331 2491 1492 2558 τυχὸν
1538 2493 1746 2561 ἐροῦσι,

171 2583 304 2642 ταῖς
349 2581 591 2644 συνόδοις
624 2581 860 2644 ἐκείναις
895 2583 1302 2650 συνιστάμενοι.
1345 2581 1488 2648 Ἐγὼ
1516 2582 1559 2634 δ’
1613 2583 1754 2634 ἐκεί-

173 2691 289 2725 νων
330 2675 596 2743 ἀφέμενος
638 2675 778 2745 (οὐδὲ
838 2677 946 2740 γὰρ
995 2675 1197 2744 ἐρίζειν
1238 2676 1331 2728 ἐπὶ
1359 2674 1455 2728 τοῦ
1486 2677 1752 2745 παρόντος

175 2764 494 2833 βούλομαι),
528 2767 703 2818 ἐκεῖνό
729 2784 892 2835 φημι,
911 2768 991 2819 ὅτι
1012 2766 1147 2828 τέως
1176 2765 1443 2834 λαμπρῶς
1472 2769 1563 2819 καὶ
1585 2769 1755 2835 ἀνιμ-

174 2855 421 2922 φιῦίὶως
480 2856 777 2926 ἀπεδείχθη
832 2859 895 2910 ὲκ
955 2859 1302 2926 περιουσίας,
1352 2859 1434 2910 ὄτι
1477 2860 1505 2910 6
1540 2859 1755 2926 πρῶτος

177 2948 396 3008 ἐκεῖ-,ος
436 2949 621 3015 τόμος,
655 2948 730 3009 ὡς
765 2948 841 3018 μὴ
871 2950 1114 3018 συνᾴδων
1153 2949 1230 3016 τῷ
1261 2950 1448 3018 σκοπῷ
1493 2951 1590 3016 τῆς
1629 2949 1754 3000 Ἐκο

179 3038 445 3104 κλησίας,
474 3039 568 3092 καὶ
601 3039 833 3114 μάλιστα
862 3041 939 3108 τῷ
966 3039 1127 3107 κοινῷ
1156 3041 1478 3109 διδασκάλῳ,
1511 3041 1586 3108 τῴ
1615 3039 1758 3107 Χρυ-

180 3131 466 3198 σοστόμῳ,
492 3131 653 3200 φημὶ,
677 3133 842 3199 ἀργὸς
865 3131 957 3183 καὶ
978 3131 1259 3201 ἄπρακτος
1284 3148 1349 3200 με
1361 3133 1454 3196 μέν
1467 3149 1582 3198 ἧκε,
1614 3131 1755 3183 κατὰ

1836 677 2012 740 nensi,
2057 693 2216 746 quam
2269 676 2565 746 Gangrensi
2621 676 2859 731 concilio
2898 717 2912 736 .
2945 677 3240 732 dicendum
3300 681 3408 735 illis

1835 769 2060 822 omnino
2115 769 2510 835 relinquimus,
2562 770 2656 838 qui
2715 769 2840 823 talia
2868 769 3035 839 :recte
3083 770 3407 839 disponendi

1839 869 2163 928 potestatem
2190 862 2414 913 habent.

1909 951 1975 1004 Et
1992 952 2107 1005 haec
2129 951 2347 1018 quidem
2368 949 2690 1018 patriarcha:
2708 950 3046 1005 Balsamonis
3066 936 3232 1028 rerba
3257 964 3410 1009 sunt.

1838 1042 2087 1098 Ostendit
2115 1052 2296 1094 autem
2333 1057 2430 1110 per
2459 1057 2544 1096 ea.
2576 1057 2696 1110 quae
2727 1042 2881 1105 dicit,
2922 1045 3155 1110 prinnuu
3189 1044 3412 1113 quidem

1840 1134 1908 1185 ab
1935 1134 2026 1187 illo
2048 1145 2316 1200 tempore,
2338 1132 2420 1184 vel
2445 1134 2625 1199 potius
2656 1133 2818 1184 etiam
2858 1140 2982 1184 ante
3014 1148 3164 1186 suam
3197 1146 3412 1189 aetatem

1840 1238 1958 1276 esse
1991 1223 2044 1275 in
2075 1237 2176 1275 usu
2207 1222 2434 1274 desiisse
2486 1223 2800 1286 praedictum
2844 1223 2996 1274 illum
3040 1233 3268 1286 tomum,
3312 1228 3415 1280 sub

1843 1314 2358 1384 Porphyrogenueta
2381 1323 2435 1366 et
2457 1311 2642 1367 Alexio
2666 1313 2971 1380 patriarcha
3006 1314 3238 1368 factum.
3275 1315 3416 1368 Dicit

1843 1405 1988 1457 enim
2031 1422 2044 1457 :
2079 1403 2248 1458 Desiit
2283 1419 2402 1457 esse
2437 1404 2487 1456 in
2522 1419 2646 1456 usu.
2686 1404 2763 1457 Eo
2805 1418 2934 1457 vero
2972 1418 3071 1458 ceu
3118 1404 3295 1458 fulcro
3331 1407 3416 1457 vel

1845 1495 2203 1549 fundamento
2239 1493 2476 1560 quodam
2515 1493 2768 1553 snbruto,
2797 1493 2963 1544 etiam
3005 1493 3098 1544 alii
3138 1492 3248 1544 duo
3287 1491 3415 1545 tomi
3466 1499 3474 1504 '

1845 1596 2033 1655 postea
2067 1585 2222 1649 facti,
2261 1595 2377 1636 tum
2412 1584 2621 1636 domini
2663 1583 2930 1636 Manuelis
2977 1581 3265 1635 Coumeui.
3301 1591 3414 1635 tum

1845 1673 2132 1741 Palzeologi
2165 1684 2432 1739 tempore,
2485 1670 2797 1724 necessario
2827 1684 2950 1722 cum
2996 1670 3076 1723 eis
3133 1681 3415 1723 corruunt.

1847 1761 2052 1818 Deinde
2085 1771 2277 1831 praeter
2311 1761 2413 1814 hoc
2471 1760 2634 1812 etiam
2683 1757 2816 1812 illud
2852 1759 3060 1821 innuit;
3094 1758 3238 1826 quod
3269 1760 3420 1813 vidc-

1850 1857 1976 1910 licet
2000 1871 2068 1909 ne
2105 1855 2317 1908 illarum
2339 1853 2559 1922 quidem
2605 1852 2939 1921 synodorum
2981 1851 3420 1904 anathematismi

1849 1949 2082 2008 valeant,
2119 1947 2248 2000 licet
2290 1945 2500 2013 magnis
2535 1952 2592 1997 et
2639 1943 2960 1996 necessariis
3005 1943 3327 2010 quibusdam
3367 1942 3418 1994 in

1848 2039 2082 2108 negotiis
2116 2036 2439 2107 promulgati
2489 2035 2618 2098 sint,
2663 2033 2933 2101 siquidem
2967 2036 3243 2089 communi
3277 2036 3421 2088 Patri

1846 2130 2231 2200 Chrysostomo
2285 2139 2340 2182 et
2366 2128 2487 2183 aliis
2522 2127 2727 2182 sanctis
2760 2126 3082 2181 doctoribus
3115 2129 3422 2194 obsequen-

1849 2221 1978 2275 dum
2013 2221 2102 2283 sit,
2133 2219 2228 2288 qui
2275 2219 2467 2273 eadem
2502 2234 2628 2273 cum
2682 2219 2774 2273 illo
2809 2219 3066 2272 sentiunt
3110 2231 3174 2270 ac
3203 2216 3420 2281 docent,

1849 2311 2206 2378 maximaeque
2233 2307 2436 2363 Christi
2459 2307 2763 2361 clementia:
2787 2306 2968 2375 potius
2991 2309 3420 2374 patrocinantur.

1851 2401 1956 2456 Sed
1988 2401 2132 2454 enim
2167 2400 2234 2453 de
2270 2399 2353 2452 bis
2381 2397 2603 2467 quidam
2659 2398 2794 2462 ha-c,
2827 2397 2916 2450 alii
2955 2397 3185 2451 fortasse
3211 2396 3426 2450 diversa

1853 2492 2115 2562 prolaturi
2151 2502 2297 2552 sunt,
2331 2490 2697 2546 conciliisillis
2719 2501 2893 2546 semet
2914 2491 3295 2560 adjungentes.
3315 2490 3426 2560 Ego

1854 2600 1982 2638 vero
2015 2601 2078 2638 ea
2110 2586 2270 2638 missa
2303 2583 2508 2638 faciens
2529 2584 2658 2652 (non
2691 2583 2836 2637 enim
2863 2583 2917 2636 in
2942 2583 3229 2651 praesentia
3268 2584 3428 2636 alter-

1853 2677 1963 2732 cari
2000 2677 2168 2744 volo),
2209 2678 2400 2730 saltem
2457 2676 2562 2729 hoc
2606 2675 2715 2737 aio,
2747 2675 2895 2729 clare
2950 2690 3014 2728 ac
3045 2675 3213 2728 dubio
3240 2675 3429 2743 procul

1857 2769 2121 2822 hactenus
2149 2781 2270 2820 esse
2314 2766 2766 2829 demonstratum,
2792 2775 2848 2819 et
2893 2766 3118 2834 copiose
3181 2765 3428 2833 quidem,

1854 2859 2000 2928 quod
2035 2860 2247 2926 primus
2279 2858 2370 2919 ille
2405 2866 2602 2920 tomus.
2639 2866 2897 2924 tanquam
2931 2872 3042 2910 non
3076 2857 3431 2910 consentiens

1857 2965 1979 3003 cum
2016 2949 2273 3003 Ecclesiae
2303 2963 2490 3017 scopo,
2516 2949 2858 3018 maximeque
2887 2963 3012 3002 cum
3039 2948 3131 3001 illo
3152 2938 3431 3002 communi

1857 3041 2078 3095 doctore
2092 3039 2501 3109 Clirysostomo,
2533 3039 2844 3107 inquam,et
2868 3037 3163 3092 cessaverit
3189 3036 3308 3088 etin
3330 3048 3431 3088 usu

1856 3144 1976 3184 esse
2007 3129 2248 3190 desierit,
2279 3127 2580 3182 secundum
2597 3127 2899 3194 sapientem
2944 3127 3096 3178 illum
3149 3125 3426 3176 Balsamo-

173 3223 277 3274 τὸν
344 3224 502 3289 σοφὸν
535 3224 864 3292 Βαλσαμών·
911 3224 1049 3294 ὅπερ
1099 3223 1196 3276 καὶ
1232 3226 1364 3292 ἡμῖν
1390 3225 1417 3274 6
1461 3225 1658 3275 σκοπὸς
1689 3219 1756 3292 ἦν

1862 3236 1987 3274 nem
2023 3237 2036 3270 :
2071 3217 2214 3286 quod
2246 3217 2403 3271 nobis
2425 3217 2587 3269 etiam
2613 3216 2956 3284 propositum
2979 3220 3099 3268 erat
3119 3212 3430 3267 ostendere.

173 3311 401 3376 δεῖξαι·
440 3313 646 3364 ἐκείνου
673 3314 717 3364 δ’
744 3314 1176 3381 ἀπρακτοῦντπις,
1205 3316 1296 3367 καὶ
1323 3315 1372 3366 οἱ
1410 3312 1527 3381 μετ’
1558 3317 1762 3364 ἐκεῖνον

177 3399 245 3464 ἐξ
275 3400 527 3468 ἀνάγκης
560 3401 820 3467 ὡσαύτως
855 3404 916 3456 τὸ
947 3404 1308 3472 ἀνενέργητον
1352 3403 1448 3454 καὶ
1485 3403 1764 3472 ἄπρακτον

177 3491 407 3558 ἔχουσι,
437 3491 576 3543 καθὰ
607 3491 670 3562 δὴ
698 3494 789 3543 καὶ
817 3493 1124 3559 φθάσαντες
1155 3495 1405 3561 εἴπομεν.

1867 3310 2018 3364 Illius
2041 3320 2220 3363 autem
2246 3323 2344 3361 usu
2372 3310 2703 3374 exsplrante,
2721 3306 2906 3360 caeteri
2939 3318 3156 3372 quoque
3174 3303 3433 3371 deinceps

1869 3401 1996 3454 facti
2029 3399 2342 3453 necessario
2377 3399 2545 3451 robur
2579 3412 2738 3450 suum
2773 3396 3048 3449 consimili
3088 3394 3248 3448 modo
3277 3395 3435 3448 emito

1871 3501 1986 3545 teut
2017 3503 2070 3544 et
2097 3490 2477 3559 empirubunt,
2516 3490 2593 3542 uti
2632 3489 2740 3558 jam
2774 3497 2931 3542 antea
2967 3488 3224 3541 diximus.

783 3710 958 3720 ._——..

961 3693 1977 3699 _________7Hir
2425 3693 2430 3698 .

1384 3858 1417 3899 Α
1430 3856 1554 3899 NNO
1595 3855 1814 3899 DOMINI
1858 3853 2292 3899 MCCCLXXXIV.

269 4041 1831 4251 DEMETBIUS
2000 4033 3355 4244 CYDONIUS

1589 4508 2082 4595 ΝΟΤΙΤΙΑ

1039 4693 1256 4761 (Fuitne.
1292 4695 1580 4746 Bibliotheca
1612 4696 1778 4746 erca
1802 4696 1881 4746 ed.
1920 4697 2114 4757 Harles,
2148 4703 2262 4748 tom.
2292 4696 2370 4756 XI,
2405 4710 2452 4759 p.
2486 4697 2620 4758 598)

266 4969 600 5032 Demetrius
653 4971 682 5024 6
717 4971 943 5040 Κυδώνη
975 5012 990 5036 ,
1047 4983 1105 5024 nt
1138 4972 1189 5024 in
1222 4973 1502 5027 codicibus
1551 4988 1682 5027 mss.
1716 4974 2012 5036 Caesareis,
2050 4974 2189 5041 regis
2229 4973 2682 5043 Christianissimi
2719 4981 2772 5027 et
2802 4972 3138 5028 Coisliniano
3193 4983 3248 5029 et
3302 4976 3446 5045 apud

171 5071 661 5125 Cantacuzenum
688 5065 773 5128 IV,
807 5065 893 5128 16,
931 5066 1240 5134 Δημήτριος
1271 5069 1297 5118 ί,
1328 5065 1582 5132 κυδώντι,
1618 5076 1673 5118 οι
1703 5067 1770 5120 ιγ

1848 5067 1910 5129 με),
1942 5067 2210 5134 παρόντος
2237 5065 2330 5118 τοῦ
2363 5065 2613 5133 Κυδὼνη,
2644 5064 2862 5119 videtur
2898 5068 2969 5120 ita
2999 5069 3319 5136 cognomine
3349 5085 3446 5136 po-

174 5164 314 5218 tius
348 5157 686 5226 appellatus,
719 5172 881 5225 quam
915 5157 1193 5226 Cydouius
1234 5174 1263 5213 a
1293 5158 1534 5230 Cydonia
1567 5158 1762 5218 Creta.
1795 5160 1846 5212 in
1876 5175 1979 5226 qua
2012 5170 2381 5213 commoratus
2410 5159 2502 5222 sit,
2534 5170 2591 5213 ut
2631 5159 2805 5212 visum
2841 5158 3129 5212 Larnhecio
3160 5160 3254 5212 lib.
3302 5177 3351 5220 γ,
3386 5177 3442 5228 p.

175 5257 304 5310 185
355 5253 441 5324 [ρ.
471 5252 570 5305 587
604 5252 877 5320 sqq.Koll,
908 5254 996 5306 ubi
1028 5254 1234 5308 multus
1271 5256 1314 5308 is
1371 5262 1457 5308 est
1486 5255 1552 5307 de
1591 5253 1693 5306 hoc
1728 5253 2043 5323 Demetrio].
2079 5252 2160 5306 Ob
2215 5253 2446 5306 similem
2497 5268 2710 5306 causam
2744 5253 2811 5305 ab
2856 5253 2976 5306 aliis
3003 5253 3182 5306 dictus
3215 5253 3449 5305 Thessa-

169 5343 519 5406 lonicensis
549 5342 624 5413 (ο)
645 5345 727 5396 vel
757 5343 1085 5412 Byzantinus
1119 5361 1132 5396 :
1163 5357 1418 5413 corrupte
1441 5345 1701 5399 Verderio
1728 5345 1930 5414 Sqdon,
1958 5356 2011 5400 et
2036 5345 2124 5403 Jo.
2147 5345 2351 5400 Jacobo
2377 5345 2552 5398 Frisio
2573 5355 2735 5413 atque
2758 5344 3051 5398 Possevino
3085 5343 3328 5396 Sidonius
3348 5344 3444 5411 (ιι).

259 5485 385 5554 (α),
412 5485 472 5536 '0
503 5484 612 5536 ἀπὸ
650 5484 1067 5554 Θεσσαλονίκης.
1101 5484 1153 5537 in
1191 5485 1378 5538 codice
1406 5498 1536 5539 mss.
1566 5485 1772 5550 episto-

166 5558 292 5611 lar.
340 5553 613 5623 Caesareo
648 5553 788 5623 apud
822 5553 1192 5623 Lanibeciutn.
1234 5555 1326 5606 lib.
1368 5569 1420 5616 ν,
1451 5571 1503 5621 p.
1532 5555 1651 5607 184.
1687 5554 1770 5623 ἱΡ.

168 5627 300 5680 585
334 5638 474 5691 sqq.
518 5621 606 5674 ed.
649 5621 850 5693 iiollar.
887 5621 902 5693 1
946 5620 1035 5693 Sic
1056 5630 1111 5675 et
1141 5620 1523 5693 Volaterranos
1557 5624 1660 5693 lib.
1686 5620 1772 5683 iv,

163 5689 594 5750 Cmnnientar.
648 5689 919 5744 Urbanor.
957 5707 970 5742 :
1004 5692 1298 5743 Demetrius
1330 5689 1590 5760 Cydoniam
1624 5692 1777 5744 Thes-

165 5764 594 5819 salonicensis,
619 5775 692 5812 utr
714 5761 892 5812 doctus
915 5775 1060 5824 (τηειρ
1090 5777 1150 5812 ac
1171 5769 1402 5820 sanctus,
1425 5760 1602 5814 (imm
1628 5760 1776 5812 Lall--

165 5845 389 5902 neque
417 5829 666 5896 («cundia
700 5830 967 5895 prwditus.
1004 5830 1106 5883 Sed
1160 5831 1355 5883 Allatio
1383 5869 1395 5890 ,
1443 5847 1494 5896 ιι.
1531 5830 1652 5892 856,
1706 5830 1778 5883 Dc

1871 5502 2119 5539 consensu
2150 5487 2422 5551 utriusque
2455 5482 2724 5541 Ecclesiae.
2750 5489 2833 5532 est
2861 5480 3212 5550 Byzantinus.

1945 5557 2017 5619 (ὁ)
2054 5555 2149 5622 [De
2180 5555 2275 5622 lib.
2302 5548 2555 5606 Demetrii
2584 5552 2713 5622 (lyd.
2759 5551 2829 5601 De
2862 5548 3183 5622 processioue
3210 5548 3440 5622 Spiritus

1872 5619 2062 5682 murti,
2103 5624 2215 5676 vide
2264 5619 2640 5678 Ltunbecium,
2689 5621 2782 5673 lib.
2814 5634 2863 5688 ﬁt.
2911 5637 2960 5685 p.
3008 5621 3128 5672 HS.
3160 5619 3263 5688 [1³.
3310 5621 3434 5670 “liii.

1876 5693 2009 5746 lio“.
2042 5695 2099 5745 it.
2130 5711 2180 5759 p.
2217 5694 2324 5745 272
2361 5693 2427 5743 de.
2472 5690 2755 5757 Augustini
2802 5686 3123 5752 Bue/Hridio,
3159 5686 3300 5756 quin]
3343 5689 3444 5740 De-

1878 5777 2038 5818 Inc-.tr.
2072 5762 2167 5817 (vr.
2196 5762 2377 5816 vertit.
2412 5761 2604 5831 “aut”!
