4180 6458
722 404 827 465 8‘27
1907 406 2361 470 DEMETRIUS

2340 409 2361 467 Ξ
2405 410 2648 471 ΕΥΒΟΝ
2662 411 2677 469 l
2690 410 2801 471 US.
3888 408 3991 471 823

724 514 987 572 Joannem
1017 517 1460 575 Cautaeuzenum
1492 558 1504 581 ,
1542 520 1653 584 cui,
1708 519 2001 590 imper-ium
2033 523 2265 590 gerenti,
2300 521 2500 575 eharus
2536 537 2597 575 ac
2624 521 2911 576 familiaris
2938 514 3139 586 fuerat,
3179 536 3311 575 ann.
3345 519 3503 583 1555,
3537 533 3643 572 una
3676 533 3801 572 eum
3832 520 3995 572 Nito-

725 607 814 661 lao
865 610 1116 665 Cabasila
1149 615 1446 666 comitatus
1481 622 1587 677 est,
1626 629 1749 666 eum
1811 613 1901 666 illc
1940 629 2237 682 purpuram
2276 614 2577 666 monastico
2618 614 2808 667 habitu
2853 621 3210 681 permutaret.
3246 614 3443 667 Postea
3485 610 3849 665 Mediolanum
3900 624 3990 661 re-

725 703 823 766 nit,
877 704 1237 757 anaterrauo
1272 714 1431 768 teste,
1477 706 1564 758 ubi
1603 707 1791 757 litteris
1823 706 2027 759 Latinis
2060 708 2260 775 pariter
2303 715 2349 756 et
2383 705 2652 774 theologia:
2685 723 2902 775 operum
2934 705 3097 758 dedit.
3136 704 3408 759 Postremo
3441 716 3701 759 revertens
3745 703 3799 753 in
3833 701 3995 753 Creta

723 795 977 855 substitit,
1012 798 1112 857 ubi,
1146 800 1374 863 crogatis
1408 799 1459 849 in
1496 813 1747 864 pauperes
1776 797 1941 860 bonis,
1977 800 2030 850 in
2062 801 2293 866 quodam
2321 801 2391 853 ibi
2426 800 2657 851 cmmbio
2720 807 3019 867 persancte,
3062 800 3197 851 ritra
3237 807 3411 852 tamen
3436 799 3812 867 professionem
3838 796 3992 849 v'Iit.

729 885 843 953 Sup
866 888 1012 939 :rtnit
1043 888 1223 940 adhuc
1288 905 1415 941 ann.
1458 888 1610 949 1584,
1642 903 1765 941 cum
1797 889 2005 944 Mauuel
2054 892 2389 961 l’akeolngus
2442 890 2679 945 habenas
2710 890 3003 957 capessivit
3054 889 3295 958 imperii,
3320 900 3375 943 et
3414 889 3480 941 ad
3513 889 3665 943 illum
3697 890 3997 955 imperato-

731 998 846 1034 rem
897 982 1108 1035 litteras
1147 983 1319 1037 dedit.
1361 982 1734 1048 Nieephouem
1766 1025 1780 1047 ,
1823 984 2340 1047 hicromouachum,
2374 984 2629 1036 eumdem
2681 998 2799 1035 esse
2836 997 2960 1035 eum
3008 982 3113 1034 hoc
3161 981 3464 1042 Demetrio.
3531 981 3742 1034 notavit
3775 979 3993 1032 Cat-cus

731 1085 884 1144 parte
914 1075 1157 1128 secunda
1205 1075 1402 1129 llistor.
1434 1075 1712 1129 litterario:
1751 1078 2068 1143 scriptorum
2101 1078 2285 1129 eecles.
2340 1077 2404 1129 ad
2435 1093 2564 1129 ann.
2601 1076 2757 1128 1557.
2810 1075 3021 1141 (Fame)
3066 1076 3123 1128 lu
3172 1074 3334 1128 Cavci
3401 1073 3537 1127 Hist.
3574 1074 3678 1125 litt.
3725 1070 3822 1125 SS.
3865 1070 3993 1124 ercl.

733 1181 864 1221 tnui.
897 1168 960 1230 11,
990 1184 1040 1233 p.
1077 1169 1165 1225 56.
1198 1169 1248 1221 in
1278 1171 1613 1237 Appendicc.
1648 1171 1737 1223 ed.
1773 1170 1935 1223 Basil.
1976 1171 2039 1223 ad
2080 1188 2208 1223 ann.
2253 1170 2410 1231 1557,
2450 1170 2616 1223 llenr.
2648 1170 2913 1222 Wharton
2965 1169 3157 1237 paucis
3212 1168 3494 1221 recensuit
3552 1167 3713 1219 vitam
3750 1178 3803 1219 et
3846 1181 3999 1232 qm!!-

733 1264 856 1311 dam
892 1263 1093 1329 scripta
1143 1261 1293 1314 Dem.
1331 1262 1565 1330 Cydon.;
1607 1272 1663 1315 et
1716 1262 1849 1316 ibid.
1896 1279 1947 1330 p.
1986 1263 2074 1325 59,
2117 1262 2325 1315 Robert
2352 1262 2551 1315 Gerius
2585 1261 2875 1314 Whartoui
2932 1261 3303 1313 narrationem
3338 1259 3532 1328 partim
3562 1258 3822 1316 corn-xit,
3868 1274 3987 1324 par-

737 1349 831 1402 tim
884 1352 1175 1417 supplevit.
1220 1352 1385 1420 Atqui
1432 1352 1627 1405 Gerius
1661 1353 1902 1419 scripsit,
1942 1354 2272 1406 Demetrium
2318 1353 2529 1421 Cydon.
2582 1353 2747 1405 etiam
2782 1353 2889 1406 dici
2942 1352 3251 1421 Nipliouem
3287 1351 3804 1404 llieromouachum.
3848 1350 3998 1402 Pne-

737 1448 884 1492 terea
924 1440 991 1493 dc
1029 1450 1242 1500 nostro.
1272 1443 1518 1508 diligenti
1554 1443 1866 1498 Gut-corum
1913 1454 2181 1508 veterum,
2221 1446 2274 1497 in
2311 1444 2502 1512 primis
2539 1444 2782 1496 Platonis
2825 1444 3100 1497 imitatore
3138 1452 3367 1511 egerunt
3413 1443 3488 1495 Du
3517 1443 3615 1495 Pin
3653 1444 3704 1494 in
3745 1443 3880 1495 Hist.
3920 1457 3999 1493 ec-

734 1532 855 1584 cles.
889 1534 996 1585 vol.
1031 1532 1140 1595 XII,
1171 1550 1223 1602 p.
1254 1535 1344 1587 91.
1374 1535 1578 1589 Casim.
1617 1534 1824 1591 Oudin.
1864 1539 1916 1590 in
1949 1537 2258 1592 Comment.
2294 1539 2362 1593 dc
2394 1540 2472 1592 SS
2517 1540 2714 1592 eccles.
2750 1539 2814 1590 ad
2851 1554 2979 1590 ann.
3010 1537 3169 1599 1550,
3196 1548 3327 1589 tom.
3354 1536 3443 1600 111,
3482 1536 3586 1588 col.
3610 1534 3908 1589 9964063.
3931 1564 4001 1574 —

734 1624 817 1679 ιι».
850 1625 1084 1689 Fabric,
1121 1629 1172 1679 in
1209 1629 1343 1681 llist.
1369 1630 1491 1682 bibl.
1532 1629 1745 1683 Fabric.
1770 1642 1906 1699 part.
1934 1649 1997 1693 ιι,
2039 1648 2091 1699 p.
2122 1633 2247 1693 227,
2285 1632 2385 1687 Sat:

2347 1634 2502 1695 titius,
2543 1633 2595 1684 in
2633 1632 2818 1685 Onam.
2859 1632 3048 1694 litter.,
3074 1643 3215 1701 part.
3258 1649 3319 1695 it,
3351 1649 3405 1701 p.
3430 1632 3629 1695 575,et
3660 1632 3711 1682 iu
3749 1630 3998 1681 Analect.

748 1730 807 1783 Ρ.
840 1718 962 1770 570.
991 1716 1133 1770 Citat
1157 1728 1412 1786 prieterea
1434 1718 1601 1775 Laur.
1634 1722 1849 1775 Metium
1877 1726 1927 1775 in
1951 1724 2069 1777 Vita
2097 1724 2374 1778 Ambrosii
2409 1726 2870 1785 Camaldulensis.
2900 1742 2954 1794 ι).
2982 1741 3187 1789 CCCLVI,
3222 1741 3339 1794 seq.
3378 1724 3521 1778 Add.
3554 1738 3676 1791 qua:
3718 1722 3921 1790 scripsi
3947 1722 4004 1775 in

737 1805 945 1860 Introd.
973 1810 1025 1861 in
1070 1810 1209 1863 llist.
1246 1810 1302 1863 L.
1327 1811 1387 1867 G.
1424 1812 1489 1879 ll,
1521 1826 1661 1882 part.
1688 1831 1728 1880 i;
1752 1830 1803 1884 p.
1840 1815 1942 1869 556
1970 1830 2088 1884 seq.
2123 1814 2342 1883 illaut.)

815 1935 889 1989 Ex
920 1938 1039 2007 ejus
1070 1940 1288 2007 scriptis
1318 1950 1536 1994 exstant
1574 1959 1587 1993 :
1626 1940 1677 2010 1)
1709 1941 1962 2010 Epistolis
1988 1983 2003 2008 ,
2034 1958 2100 1996 ex
2138 1943 2343 2012 quibus
2371 1958 2476 1998 una
2528 1944 2593 1997 ad
2630 1944 3001 2014 Nicephorum
3035 1945 3356 2012 Gregoram,
3390 1954 3444 1998 et
3492 1944 3663 1997 altera
3698 1941 3762 1995 ad
3814 1940 4009 1995 Philo-

740 2025 950 2093 theum,
982 2032 1344 2098 patriarcham
1372 2034 1487 2102 (qui
1520 2035 1587 2087 ab
1617 2049 1747 2088 anu.
1786 2035 1939 2091 l562.
1982 2037 2048 2089 ad
2109 2038 2243 2091 1576
2276 2038 2400 2108 fuit)
2451 2040 2806 2093 Cl’olitauum
2870 2040 3019 2094 edita
3065 2054 3147 2094 est
3179 2040 3363 2094 Graece
3410 2050 3465 2093 et
3492 2039 3684 2093 Latine
3718 2053 3746 2091 a
3787 2037 4009 2092 Joanne

738 2120 967 2175 Boiviuo
992 2134 1117 2178 ante
1147 2135 1350 2178 tomum
1387 2129 1624 2195 primum
1662 2128 1906 2182 Historia:
1943 2131 2223 2198 Marp/tori
2248 2130 2514 2199 Gregorio.
2553 2132 2722 2186 Paris.
2765 2132 2901 2186 1702
2947 2133 3040 2185 fol.
3074 2133 3220 2186 Duas
3251 2132 3317 2184 ad
3372 2132 3722 2185 Pliilotlieum
3767 2144 3904 2181 mss.
3952 2127 4004 2181 in

744 2216 934 2269 codice
968 2218 1118 2285 regio
1154 2216 1309 2278 1554,
1342 2230 1607 2273 memorat
1646 2220 1917 2283 Labbeus.
1953 2238 2007 2290 p.
2035 2223 2125 2285 99,
2155 2222 2287 2275 bibl.
2332 2240 2488 2277 none
2541 2240 2672 2277 mss.
2745 2223 2896 2276 Alias
2931 2223 3001 2277 50
3031 2232 3215 2277 servat
3260 2222 3515 2276 bibliotb.
3569 2222 3910 2276 Coisliniana
3950 2237 4007 2289 p.

738 2308 843 2361 4'28
878 2323 1021 2375 seq.,
1052 2308 1237 2362 decem
1272 2307 1339 2361 ad
1365 2307 1667 2363 Manueleui
1699 2312 2111 2379 imperatorem,
2140 2320 2250 2366 tres
2280 2312 2345 2364 ad
2380 2312 2707 2375 Cabasilam,
2736 2324 2846 2367 tres
2883 2316 2950 2366 ad
2990 2312 3283 2379 Georgium
3325 2313 3733 2383 philosophum.
3762 2312 3903 2365 duas
3938 2312 4008 2369 ad

738 2398 1076 2461 Calol'erum,
1108 2399 1462 2470 singulasque
1492 2404 1559 2456 ad
1594 2404 1902 2473 despotam,
1928 2405 2398 2473 protosebastum,
2428 2422 2683 2475 magnum
2714 2406 3101 2468 domesticum,
3141 2408 3479 2466 Olineotem.
3514 2416 3570 2458 et
3599 2404 4008 2475 scribasimpe-

742 2495 962 2567 tutoris,
988 2504 1253 2561 przelcrca
1284 2497 1523 2563 singulas
1553 2498 1618 2549 ad
1659 2498 1921 2551 lsidorum
1973 2498 2196 2551 Glabam
2257 2501 2430 2568 episc.
2479 2501 3051 2565 Thessalonicensem,
3096 2500 3351 2553 Alexium
3391 2499 3835 2561 Casaudrenum,
3873 2501 4009 2552 Pro-

740 2588 971 2640 chorum
1000 2586 1242 2647 fratrem.
1278 2587 1605 2641 Phai-rasam
1634 2605 1888 2658 maguum
1930 2590 2328 2658 primicerium.
2371 2594 2584 2648 Astram
2636 2604 2691 2649 et
2722 2598 2980 2657 Asanam,
3006 2610 3170 2649 unam
3204 2593 3441 2662 denique
3475 2593 3592 2646 sine
3619 2593 4007 2660 inscriptione-

741 2681 838 2735 Est
864 2684 1027 2735 etiam
1055 2684 1106 2735 in
1146 2683 1277 2739 bibl.
1314 2684 1456 2753 regis
1486 2683 1693 2749 Gallize,
1718 2696 1852 2740 teste
1884 2686 2122 2751 Labbeo,
2148 2702 2203 2756 p.
2232 2688 2337 2741 296
2370 2689 2505 2743 Bibl.
2532 2705 2684 2744 novae
2733 2706 2889 2754 mss.,
2916 2691 3147 2758 epistola
3180 2705 3277 2758 pro
3310 2690 3639 2744 Caueadeno
3673 2688 4009 2754 Theodoro,

746 2773 811 2823 ad
837 2774 1154 2842 quemdam,
1190 2776 1280 2845 qui
1316 2777 1614 2845 plurimum
1645 2788 1861 2846 poterat
1899 2777 2042 2845 apud
2080 2777 2491 2846 imperatorem.
2525 2782 2675 2835 Alias
2699 2782 2958 2836 tredecim
2997 2798 3101 2836 ms.
3142 2788 3323 2833 servat
3380 2780 3710 2832 bibliotheca
3752 2780 4009 2831 Caesarea

750 2866 827 2939 [in
858 2870 978 2923 cod.
1007 2871 1134 2935 261,
1198 2888 1253 2925 n.
1279 2872 1350 2943 4]
1391 2874 1583 2943 dignas
1636 2875 2021 2944 supplemento
2052 2876 2297 2940 corporis
2346 2875 2593 2930 Historia:
2650 2877 2778 2947 Byz.
2816 2876 2984 2930 inseri
3027 2875 3210 2943 judice
3255 2874 3542 2928 Lambeeio
3582 2872 3645 2937 ν,
3679 2888 3732 2941 p.
3766 2872 3866 2926 l8£
3902 2868 3923 2941 [
3955 2884 4009 2935 ρ.

747 2964 875 3032 585,
904 2975 1017 3019 not.
1046 2966 1099 3027 5,
1135 2965 1222 3018 ed.
1258 2965 1459 3019 Kollar.
1510 2968 1665 3036 cujus
1701 2983 1814 3021 net.
1850 2967 2046 3040 eaut],
2090 2988 2154 3026 ex
2184 2970 2388 3041 quibus
2419 2984 2615 3021 novem
2652 2977 2783 3021 sunt
2840 2969 2979 3021 datae
3007 2974 3071 3020 ait
3105 2967 3408 3021 Manuelem
3455 2966 3819 3034 Palaeologum
3868 2969 4009 3036 imp.

750 3066 767 3124 (
795 3062 889 3128 qui
921 3060 1027 3115 fuit
1056 3062 1123 3115 ab
1141 3076 1270 3115 ann.
1300 3061 1439 3116 1584
1490 3064 1555 3116 ad
1588 3064 1746 3134 1M9)
1774 3075 1984 3119 czeterac
2010 3066 2239 3137 singulae
2265 3067 2330 3119 ad
2363 3066 2560 3120 Chium
2596 3064 2893 3127 medicum,
2930 3063 2997 3117 ad
3024 3078 3280 3133 magnum
3307 3063 3810 3132 ehartophylacem,
3840 3062 4014 3116 Joan-

746 3169 872 3207 nem
912 3154 1334 3209 Tarcliaiiiotam
1362 3162 1417 3210 et
1465 3154 1746 3221 despotam
1792 3158 2171 3215 Theodorum.
2209 3159 2319 3213 Illa:
2366 3172 2563 3211 novem
2593 3156 2659 3209 ad
2692 3156 2998 3209 Manueleui
3035 3156 3168 3225 imp.
3204 3156 3478 3211 habentur
3524 3159 3689 3210 etiam
3726 3157 3781 3209 in
3817 3158 4015 3215 codice

746 3245 1080 3303 Barocciano
1102 3250 1190 3303 90.
1219 3248 1360 3320 [Una
1378 3265 1467 3318 ep.
1494 3249 1559 3303 ad
1586 3248 1773 3303 Cabal.
1799 3260 1882 3304 est
1904 3267 2124 3320 quoque
2147 3252 2199 3303 in
2226 3248 2351 3303 cod.
2390 3246 2531 3303 Cass.
2557 3247 2684 3309 267,
2711 3248 2799 3301 52.
2837 3249 2897 3303 V.
2926 3249 3114 3302 Lamb.
3147 3250 3208 3312 V,
3246 3264 3301 3317 p.
3325 3249 3477 3322 441.]
3496 3253 3717 3317 Nescio,
3748 3264 4017 3310 nostenic

745 3341 898 3411 Cydo
923 3345 1039 3400 sive
1075 3345 1331 3415 Cydoues
1360 3346 1719 3415 intelligatur,
1756 3347 1847 3400 ubi
1879 3348 2025 3401 inter
2056 3364 2186 3402 mss.
2218 3349 2387 3403 lsaaci
2428 3347 2601 3402 Vossii
2626 3347 2921 3401 memorari
2949 3347 3135 3401 videas
3160 3347 3500 3420 Gabrilopuli
3548 3351 3614 3405 ad
3646 3351 3934 3421 Cydonem
3958 3360 4017 3407 et

748 3439 990 3509 Cydouis
1022 3441 1087 3494 ad
1119 3441 1539 3511 Gabrilopulum
1572 3443 1885 3509 epistolam,
1916 3459 2040 3496 cum
2067 3444 2373 3499 eanouibus
2406 3444 2471 3499 ad
2501 3444 2798 3513 captandas
2845 3443 3067 3496 umbras
3099 3443 3338 3512 :equales
3376 3455 3430 3499 et
3456 3434 3755 3514 inaequales
3787 3464 3806 3499 :
3842 3448 3897 3501 in
3927 3462 4019 3500 ea-

749 3532 932 3601 talogo
965 3533 1097 3586 bibl.
1128 3533 1430 3597 Leidensis,
1463 3548 1517 3603 p.
1547 3534 1674 3597 597,
1707 3550 1766 3587 n.
1805 3535 1895 3588 45.
1925 3535 2189 3601 (ιτλιιιιιο.)
2227 3535 2283 3588 In
2339 3535 2398 3589 Ni

2366 3535 2629 3603 iicephori
2662 3535 2919 3604 Gregora:
2950 3534 3182 3590 historia
3222 3537 3447 3608 Byzant.
3474 3549 3735 3607 excerpta
3763 3555 3832 3593 ex
3878 3539 4017 3592 seri-

749 3623 860 3692 ptis
892 3624 1149 3677 Demetrii
1185 3623 1413 3693 Cydonii
1441 3635 1495 3679 et
1535 3630 1593 3680 iu
1627 3626 1842 3696 elogiis.
1887 3626 1955 3680 ab
1991 3628 2553 3697 editore‘przemissis,
2590 3629 2743 3682 Dem.
2776 3628 2911 3699 Cyd.
2942 3629 3201 3699 Epistolaa
3238 3630 3309 3685 ad
3346 3629 3699 3684 Philotimum.
3729 3633 3795 3686 ν.
3822 3650 4013 3701 supra,

749 3716 863 3768 vol.
888 3716 996 3779 VII,
1027 3733 1077 3786 p.
1121 3716 1244 3770 655.
1282 3749 1348 3759 -
1380 3719 1527 3772 Bine
1553 3732 1681 3787 epp.
1732 3733 1876 3772 nunc
1907 3718 2145 3787 primum
2181 3721 2362 3785 editae,
2386 3722 2556 3775 altera
2588 3720 2694 3775 Nili
2724 3720 3013 3785 Cabasilie,
3044 3723 3213 3775 altera
3246 3721 3507 3777 Demetrii
3530 3725 3793 3794 Cydonii.
3824 3742 4012 3795 progr.

752 3822 976 3864 auctore
1012 3811 1142 3863 Chr.
1170 3809 1317 3863 Frid.
1365 3810 1625 3863 Matthsei.
1664 3810 1885 3864 Dresdze
1916 3811 2073 3872 1789,
2108 3812 2160 3864 «1.
2194 3841 2263 3850 -
2296 3812 2429 3866 ltcm
2460 3812 2543 3865 vir
2566 3813 2716 3867 doct.
2751 3828 2816 3866 ex
2849 3812 2974 3867 cod.
3009 3812 3181 3881 Mosq.
3216 3822 3427 3883 typogr.
3457 3814 3650 3898 synpd.
3681 3832 3802 3879 xm,
3836 3818 4014 3871 edidit

754 3916 878 3957 octo
906 3903 1167 3970 epistolas
1196 3903 1347 3955 Dem.
1386 3900 1607 3971 Gydone
1642 3904 1707 3955 ad
1743 3903 1977 3957 Manuel.
2008 3904 2389 3969 Palu-ologmn,
2420 3904 2611 3973 imper.
2647 3904 2699 3958 in
2725 3905 2857 3959 libr.
2887 3904 3190 3973 inscripto:
3216 3903 3488 3970 Isocratis,
3524 3906 3777 3961 Demetrii
3800 3908 4016 3978 Cydoue

756 4007 806 4047 et
845 3994 1105 4049 llicliavlis
1133 3994 1308 4063 Clycw
1330 3997 1531 4063 aliquot
1554 3995 1807 4062 epistola.
1844 4026 1909 4034 —
1945 3996 2022 4049 Ex
2057 3996 2218 4049 codd.
2275 3995 2471 4056 edidit,
2516 4006 2571 4050 ct
2609 3998 3004 4051 animadverss.
3037 3995 3317 4063 adjecilC.
3370 3997 3427 4051 Ρ.
3476 3998 3712 4053 Mattheei
3748 3994 4014 4070 ﬂosque,

765 4088 920 4163 1776,
958 4088 1059 4140 mai
1106 4088 1156 4142 8.
1193 4088 1249 4141 In
1281 4088 1675 4141 anitnadvc:ss.
1724 4104 1776 4155 p.
1820 4088 1941 4147 I72,
1989 4087 2088 4154 ipsi
2127 4089 2383 4141 videntur
2446 4088 2702 4142 Demetrii
2726 4088 2862 4157 Cyil.
2896 4089 3140 4157 epistolae
3174 4090 3278 4144 illae
3312 4089 3498 4143 multis
3527 4093 3836 4146 multorum
3880 4111 4019 4163 pra-

758 4161 1021 4237 ferendte.
1080 4201 1097 4232 ς
1130 4198 1252 4236 cum
1297 4193 1516 4250 propter
1570 4183 1892 4251 elegantiam
1941 4192 1996 4235 et
2043 4183 2337 4250 puritatem
2385 4185 2656 4237 sermonis
2700 4185 2893 4247 Graeci,
2951 4194 3064 4237 tum
3129 4185 3255 4253 quia
3321 4187 3551 4239 multum
3605 4199 3689 4241 est
3737 4189 3793 4242 in
3832 4191 3914 4244 eis
3958 4191 4017 4243 τὸ

763 4277 900 4343 μετά
956 4275 1054 4337 τῆς
1119 4276 1338 4343 χάριτος
1398 4275 1491 4326 καὶ
1541 4274 1634 4326 τοῦ
1693 4275 1883 4342 ἠθικυῦ
1950 4274 2184 4344 ἀνθηρόν
2232 4293 2290 4327 τε
2350 4292 2414 4328 κα

2365 4277 2443 4328 καὶ
2490 4277 2705 4343 ἀφελές.
2764 4294 2781 4325 ι
2848 4277 2991 4328 Idem
3056 4274 3120 4329 ν.
3174 4276 3237 4330 C.
3290 4278 3626 4331 mentionem
3684 4280 3823 4334 facit
3870 4285 4016 4338 illius

760 4372 884 4424 eod.
913 4378 967 4422 et
994 4370 1156 4423 codd.
1192 4369 1315 4427 525,
1345 4386 1397 4421 n.
1445 4368 1525 4429 14,
1556 4378 1718 4437 atque
1744 4369 1866 4430 5'25,
1898 4369 2183 4436 inquibus
2206 4377 2382 4422 exstat

2366 4377 2382 4420 ι
2414 4384 2520 4421 una
2546 4369 2801 4422 Demetrii
2829 4368 3060 4436 epistola
3092 4369 3145 4421 in
3176 4368 3343 4423 Notit.
3373 4369 3535 4424 codd.
3559 4368 3654 4428 Gr.
3690 4370 4014 4441 Μοείιυεηε.

762 4474 815 4524 p.
849 4455 973 4519 5t0,
1014 4473 1069 4509 n.
1102 4457 1153 4516 7,
1184 4464 1239 4507 et
1274 4472 1324 4522 ιι.
1361 4453 1486 4509 212.
1517 4485 1588 4495 -
1616 4454 1666 4506 In
1702 4456 1823 4508 cod.
1862 4456 2089 4509 Coisliu.
2122 4456 2247 4517 515,
2276 4466 2404 4508 sunt
2434 4455 2502 4508 56
2547 4454 2810 4523 epistolae.
2840 4470 2869 4507 a
2906 4453 3155 4507 Fabricio
3190 4459 3385 4522 partim
3426 4468 3765 4515 memorate.
3799 4470 3859 4513 et
3910 4463 4014 4515 alia

763 4547 1020 4601 Demetrii
1070 4546 1300 4615 Cydouii
1336 4545 1471 4613 Opp.
1507 4545 1569 4598 Υ.
1605 4544 1925 4613 Montiauc.,
1975 4546 2110 4599 Bibl.
2160 4545 2323 4600 Coisl.
2358 4562 2413 4614 p.
2449 4546 2552 4598 428
2582 4561 2688 4612 sq.;
2730 4554 2783 4597 et
2819 4561 2873 4613 p.
2918 4545 3043 4606 455,
3092 4556 3332 4614 quatuor
3358 4547 3605 4615 epistolae
3651 4552 3920 4619 anonymi
3952 4554 4017 4606 ad

762 4634 971 4704 Cydon.
1002 4635 1054 4687 iu
1078 4634 1198 4686 cod.
1234 4635 1430 4685 'itl.-—-
1456 4633 1628 4686 Paris.
1668 4632 1720 4684 in
1756 4633 1888 4684 bibl.
1917 4634 2067 4699 publ.
2102 4635 2224 4687 eod.
2254 4634 2411 4695 t2t5,

2362 4634 2411 4695 5,
2446 4648 2501 4684 u.
2532 4632 2620 4695 50,
2652 4631 2740 4693 56,
2769 4631 2835 4684 57
2866 4642 2921 4684 et
2952 4633 3041 4694 59,
3070 4633 3234 4685 variae
3263 4647 3390 4701 cpp.
3422 4659 3487 4671 —
3516 4633 3575 4685 lu
3608 4634 3735 4688 cod.
3777 4638 3940 4699 1510,
3959 4656 4013 4691 n.

763 4724 798 4777 4
833 4732 888 4775 et
919 4722 972 4783 5,
1008 4722 1128 4775 duze
1157 4722 1219 4773 ad
1257 4719 1601 4774 Pliilntbeum
1634 4737 1759 4789 epp.
1797 4750 1859 4760 —-—
1895 4720 1950 4772 lu
1983 4720 2108 4773 cod.
2138 4720 2298 4783 “26'”,
2338 4736 2391 4773 ιι.
2431 4721 2517 4783 11,
2544 4720 2775 4786 epistola
2807 4718 2872 4771 ad
2904 4718 3322 4779 Theodoritum.
3372 4726 3727 4779 monachum.
3752 4732 3811 4776 et
3838 4741 3896 4778 n.
3930 4725 4014 4790 1‘2,

766 4811 871 4863 alia
899 4810 967 4862 ad
1001 4809 1313 4878 ψιυιιιιΙςιιιι,
1350 4824 1455 4859 non
1489 4808 1848 4860 nominatum.
1877 4837 1945 4845 —
1977 4806 2217 4860 \‘eni-tiis
2254 4810 2305 4858 iu
2340 4806 2470 4859 bibl.
2500 4806 2666 4858 Marc.
2695 4809 2815 4859 cod.
2850 4805 2953 4859 509
2975 4806 3206 4874 epistola
3231 4806 3296 4857 ad
3314 4805 3613 4874 Josephum
3648 4808 4015 4873 Bryennium:

767 4896 879 4952 ine.
920 4897 1040 4947 '1‘in
1072 4899 1165 4962 μὲν
1201 4897 1327 4949 σῶν.
1367 4897 1628 4964 Sequitur
1667 4896 1997 4963 epigramma
2047 4896 2097 4946 in
2129 4898 2418 4963 sepulcrun

2363 4910 2441 4949 am
2498 4893 2751 4948 Demetrii
2785 4892 3013 4961 Cydonii
3054 4912 3066 4946 :
3105 4894 3215 4947 inc.
3266 4893 3507 4961 Κόσμὸς,
3534 4893 3593 4955 ὃς
3650 4890 3722 4962 ἦν
3773 4899 4014 4963 φύσεως,

768 5002 821 5055 p.
853 4984 974 5038 Cat.
1004 4982 1143 5037 codd
1206 4981 1302 5037 Gr.
1339 4983 1504 5035 Marc.
1542 4999 1593 5050 p.
1631 4983 1759 5034 275.
1786 5011 1853 5020 ——
1892 4979 2117 5032 Taurini
2158 4983 2207 5033 in
2244 4982 2376 5035 litl.
2432 4998 2541 5048 reg.
2586 4981 2709 5032 cod.
2744 4980 2900 5044 1794,
2931 4981 3175 5048 epistola:
3208 4981 3596 5048 septemdecim
3632 4999 3644 5032 :
3685 4991 3802 5036 tres
3829 4986 3896 5038 ad
3928 4987 4019 5041 Jo-

766 5074 956 5140 asaph,
986 5081 1096 5123 tres
1126 5070 1191 5122 ad
1223 5069 1452 5121 Manncl.
1488 5070 1703 5136 imper.,
1731 5084 1835 5120 una
1883 5071 1946 5120 ad
1974 5068 2301 5131 Cabasilam,
2333 5084 2436 5122 una
2470 5068 2535 5120 ad
2571 5082 2823 5134 magnum
2864 5068 3363 5135 chartnphylacem,
3404 5084 3509 5121 una
3574 5071 3640 5121 ad
3696 5071 3885 5125 Nilum
3927 5090 4018 5142 pa—

771 5163 1061 5215 triarcham
1085 5201 1097 5224 ,
1136 5174 1240 5212 una
1276 5157 1340 5211 ad
1373 5156 1643 5209 medicum
1672 5200 1686 5219 ,
1723 5174 1827 5208 una
1853 5161 1920 5209 a-I
1954 5157 2310 5223 Pnropiiiinm
2338 5200 2352 5219 ,
2386 5170 2502 5214 sex,
2532 5156 2845 5207 nominibus
2870 5169 2978 5206 non
3018 5153 3242 5206 additis.
3280 5154 3340 5208 V.
3372 5153 3494 5210 Cat.
3526 5156 3685 5209 codd.
3714 5157 3814 5212 Gr.
3851 5160 4014 5213 Tanr,

772 5264 824 5316 p.
850 5246 955 5300 9.66
986 5263 1069 5315 sq.
1090 5276 1151 5284 —
1185 5246 1382 5307 Ronm',
1420 5246 1471 5297 in
1498 5244 1628 5298 bibl.
1665 5244 1831 5296 Vatic.
1873 5242 2019 5295 Dem.
2051 5241 2250 5309 Cydon.
2299 5243 2368 5293 ad
2397 5242 2753 5309 Nicephorum
2776 5241 3085 5309 Cregoram.
3115 5241 3177 5295 V.
3220 5241 3514 5297 Montfauc.
3539 5242 3679 5296 Bibl.
3725 5248 3857 5299 bibl.
3893 5265 4016 5301 mss.

776 5351 831 5403 p.
864 5337 983 5388 H6.
1016 5336 1079 5388 Α.
1142 5334 1430 5387 Florentia
1457 5373 1470 5391 ,
1505 5334 1557 5384 iit
1606 5331 1739 5383 bibl.
1788 5330 2045 5382 Laurent.
2079 5330 2201 5379 cod.
2244 5327 2327 5391 1'2,
2366 5345 2421 5380 n.
2454 5330 2543 5388 2-1,
2574 5329 2709 5396 plut.
2746 5329 2831 5391 57,
2861 5337 3095 5397 quatuor
3128 5328 3371 5398 ejusdem
3414 5345 3539 5399 cpp.
3574 5331 3651 5383 uti
3699 5335 4019 5401 suspicatur

777 5423 1007 5474 Bandin.
1042 5424 1095 5474 in
1123 5420 1241 5474 Cat.
1266 5420 1429 5473 codd.
1464 5419 1561 5473 Gr.
1596 5417 1854 5469 Laurent.
1894 5416 1968 5476 11,
2011 5433 2042 5483 p
2092 5417 2214 5469 550.
2240 5443 2309 5454 --
2341 5415 2417 5470 Ib.

2367 5417 2417 5470 b.
2459 5416 2511 5467 in
2541 5415 2662 5468 cod.
2686 5416 2777 5471 2i.
2805 5430 2860 5467 n.
2903 5414 2957 5476 9,
2986 5415 3125 5484 plut.
3152 5415 3238 5475 59,
3268 5415 3510 5482 epistola:
3542 5415 3706 5472 X-Xll.
3744 5435 3887 5484 quas
3934 5438 4018 5475 re-

775 5519 963 5565 censet
992 5509 1217 5561 Baudiu.
1252 5507 1288 5559 I.
1325 5520 1375 5559 c.
1405 5523 1455 5573 p.
1482 5505 1586 5557 Ei'l
1611 5519 1693 5570 sq.
1728 5533 1793 5543 ——
1819 5503 1898 5555 lb.
1934 5503 1985 5555 in
2013 5503 2134 5555 cod.
2183 5502 2264 5563 15,
2299 5518 2351 5555 n.
2381 5501 2450 5553 ‘25
2483 5510 2536 5552 et
2563 5500 2653 5562 :27,
2686 5503 2806 5553 dua:
2846 5515 2932 5568 ep.
2964 5500 3081 5553 Nic.
3113 5498 3377 5554 Cabasilze
3410 5501 3475 5553 ad
3505 5500 3811 5569 Cydonem,
3862 5518 3920 5560 et
3960 5525 4017 5561 ιι.

778 5608 849 5658 Qii
878 5604 1039 5669 hujus
1066 5600 1294 5669 epistola
1335 5601 1400 5653 ad
1450 5598 1783 5652 Cubasilam.
1821 5599 1880 5651 Υ.
1920 5598 2151 5651 Bandin.
2191 5600 2227 5651 l.
2262 5613 2313 5650 e.
2350 5612 2401 5663 p.
2437 5596 2557 5657 107,
2592 5605 2663 5655 et,
2706 5594 2807 5644 hoc
2848 5593 3165 5655 adnotaute,
3199 5592 3401 5647 eaedem
3444 5594 3497 5646 in
3528 5596 3656 5647 cod.
3700 5599 4017 5657 \‘indolmn.

782 5694 885 5744 εἴ(ιὲ
942 5708 994 5743 tt.
1027 5689 1087 5740 51
1122 5700 1175 5741 et
1196 5688 1263 5739 5‘2.
1283 5704 1393 5741 sec.
1418 5684 1790 5740 NCSSt'lii-Cul.
1830 5684 1960 5737 bibl.
2000 5686 2137 5737 (ἷςῐξς.
2171 5684 2398 5736 Vitttioli.

1702 5684 1790 5736 lat.
1830 5684 1960 5737 bibl.
2000 5686 2137 5737 (Iaca.
2171 5684 2398 5736 Vindoli.
2436 5693 2576 5750 part.
2609 5698 2649 5733 t.
2678 5698 2729 5745 ιι.
2770 5679 2872 5732 568
2898 5689 2949 5730 et
2984 5680 3107 5731 569.
3139 5678 3353 5746 (llaec)

860 5780 913 5829 2.
946 5776 1209 5841 .¹ἔσ)ηοε.’ἱ(ι,
1250 5778 1361 5828 si“:
1390 5772 1746 5842 comploratio
1776 5772 1859 5824 ἐπὶ
1915 5774 2024 5830 τσίς
2060 5773 2121 5819 iv
2146 5770 2511 5837 ί-).σ(ῖςὶ.ο·νίνῃ

2371 5770 2516 5837 πένῃ
2555 5768 2776 5817 necoioi
2802 5804 2816 5830 ,
2848 5768 2914 5819 de
2946 5766 3181 5819 ciiibus.
3230 5767 3322 5832 qui
3360 5765 3611 5828 dis‘sidio,
3657 5771 3936 5829 seditione
3965 5793 4022 5830 1c
