4180 6458
229 442 333 506 833
1669 426 1880 487 nom

1796 425 1997 486 l‘lTlA.
3343 403 3447 467 83$

233 550 353 600 Mss.
392 549 523 600 bna.
566 543 945 604 Scorialensis,
986 552 1038 595 et
1071 542 1324 596 incendio
1372 541 1519 593 illius
1565 537 1906 590 bibliothecae
1942 547 2072 585 anu.
2118 531 2239 583 167.
2298 530 2475 599 [ιρι-ιιι
2526 529 2731 595 (Ριιιιι.)
2785 523 3098 590 Cuncalogia
3133 518 3333 575 Christi
3396 534 3451 568 ιιι

235 640 359 692 cod.
396 637 660 689 Est-orial.
710 645 845 687 teste
881 636 1074 687 Plut-ro
1106 635 1157 685 in
1193 633 1441 684 ltittt’rur.
1480 646 1568 691 μοι·
1609 628 1828 693 llispan.
1862 640 1912 690 p.
1949 623 2067 673 165.
2100 621 2155 674 In
2191 621 2482 673 Moutlauc.
2521 619 2658 671 llibl.
2709 616 2945 669 bibliotlt.
2985 614 3109 665 Mss.
3152 628 3203 678 p.
3246 612 3348 662 618
3392 610 3452 689 D’

237 727 316 778 sic
347 725 619 777 indicatur
660 740 673 774 :
712 719 932 788 ϐιμιοηιι
972 718 1276 788 genealogia
1309 706 1503 771 Christi
1536 723 1581 765 ct
1613 713 1796 766 Mariw
1823 710 1888 760 ab
1925 708 2095 759 Adam
2126 722 2218 771 per
2258 706 2497 759 arborem
2530 714 2577 756 ct
2613 702 2848 772 globulos
2878 698 3240 769 geiealogicos
3272 697 3459 748 distin-

239 821 345 863 ctu.
386 811 601 874 (“aut”)

314 870 596 949 run-nua;
630 894 680 946 in
728 893 860 947 bibl.
898 892 1159 945 Laurent.
1208 890 1307 944 cod
1359 889 1449 949 st,
1478 906 1533 942 η.
1571 890 1622 949 (ι,
1663 891 1715 951 7,
1743 890 1794 949 8,
1829 887 1959 955 ριιιι.

1829 887 1959 955 plut.
1999 884 2088 948 59,
2124 893 2234 935 tres
2265 875 2528 932 Demetrii
2562 873 2769 945 Cydon.
2821 870 3099 926 Orationes
3146 878 3384 929 exstant,
3431 880 3458 920 a

247 983 499 1038 Fabricio
528 998 632 1034 non
664 991 991 1033 memoratas.
1026 981 1090 1033 ν.
1116 978 1341 1032 Bandin.
1365 978 1481 1031 Cat.
1511 978 1604 1029 cit.
1644 976 1705 1042 ll,
1736 992 1786 1044 p.
1821 974 1940 1031 542.
1972 971 2090 1024 scil.

322 1069 478 1122 Orat.
509 1070 577 1121 ad
617 1071 989 1135 imperatorem
1025 1068 1466 1118 Cautacnzenum.
1509 1063 1677 1130 lncip.
1745 1061 1966 1128 ’Λνηνέγ

1324 1082 1466 1116 nunt.
1509 1063 1677 1130 Illcip.
1745 1061 2169 1128 ’Λνηνέγκαμεν,
2200 1051 2243 1108 ὦ
2286 1051 2527 1124 βασιλεῦ,
2568 1050 2676 1102 τῶν
2708 1048 2969 1117 συνεχῶν.

318 1154 466 1208 Orat.
501 1158 564 1205 ad
594 1155 872 1207 eumdem.
913 1153 1141 1219 Incipit:
1169 1152 1287 1202 ⁸Ἠτι
1325 1152 1421 1218 μὲν
1459 1151 1524 1201 τὰ
1575 1148 1811 1217 παρόντα
1851 1154 1955 1215 χρη

672 1155 872 1207 mdcni.
913 1153 1141 1219 Incipit:
1169 1152 1287 1202 ⁸Ἠτι
1325 1152 1421 1218 μὲν
1459 1151 1524 1201 τὰ
1575 1148 1811 1217 παρόντα
1851 1154 1955 1215 χρη
1990 1147 2323 1214 προσειπεῖν.

324 1240 475 1294 Orat.
508 1240 575 1291 ad
604 1241 791 1308 imper.
823 1218 1081 1292 Joannem
1115 1237 1498 1307 Pala’ologum.
1536 1235 1704 1303 Incip.
1738 1234 1959 1303 Ἀριστε

1641 1252 1704 1303 ηιι.
1738 1234 1959 1303 "Aptare
1990 1231 2228 1301 βασιλεῦ,
2259 1230 2468 1283 πολλῶν
2500 1226 2717 1293 ἀγαυῶν
2762 1223 3038 1283 πολλάκις.
3086 1218 3292 1288 (Μαι-Ι.)

1549 1346 1723 1402 (ἔναιρε
1758 1345 1909 1397 vertit
1947 1359 1972 1395 e
2010 1342 2217 1397 Latina.

323 1434 414 1487 2|.
456 1433 710 1488 Richardi
742 1435 1062 1495 Florontini,
1102 1436 1351 1488 monachi
1396 1434 1758 1493 Domimcam,
1795 1430 1924 1483 clari
1967 1430 2108 1481 circa
2156 1445 2283 1480 anu.
2318 1428 2447 1479 Chr.
2492 1423 2649 1485 1500,
2699 1420 2999 1486 Confutatio
3057 1414 3303 1468 Alcoram’
3357 1411 3476 1463 Mu-

256 1523 534 1576 lmmetlici.
578 1538 738 1589 quam
787 1538 909 1574 cum
960 1522 1149 1574 Latina
1199 1523 1450 1576 versione
1498 1518 1875 1573 Dartliolomazi
1908 1516 2092 1569 Piceni
2141 1516 2311 1567 edidit
2342 1512 2661 1565 Theodorus
2695 1508 3005 1560 Bibliander
3043 1504 3094 1554 in
3125 1503 3475 1589 Syntugnialc

258 1586 1300 1675 scriptorumvanti-Muhamedauorum.
1352 1607 1515 1661 Basil.
1565 1606 1721 1669 1545,
1748 1604 1840 1656 fol.
1871 1618 1990 1671 pag.
2035 1602 2122 1653 83.
2166 1602 2372 1654 llecnsa
2410 1600 2563 1652 llom.
2594 1596 2749 1655 1606,
2794 1594 2846 1653 8,
2880 1586 3301 1675 memoratur-in

259 1670 383 1759 lngo
435 1694 778 1745 bibliotheca:
836 1693 1165 1756 Barberinze.
1202 1710 1252 1761 p.
1288 1694 1411 1747 5‘22.
1445 1691 1598 1749 Vide,
1651 1690 1693 1742 si
1748 1688 1937 1756 placet,
1989 1704 2106 1755 qua:
2153 1690 2217 1739 de
2266 1689 2367 1739 hoc
2418 1701 2582 1752 opere
2616 1682 2725 1735 dixi
2763 1680 2967 1733 volum.
3013 1676 3098 1736 Vl.
3150 1671 3313 1739 hujus
3341 1670 3474 1722 bibl.

262 1795 313 1848 p.
352 1781 444 1832 (591
482 1780 693 1847 (Ρριιςιι.)
721 1780 757 1831 1.
789 1780 895 1832 vol.
932 1780 1060 1842 \‘lll,
1091 1798 1141 1846 p.
1169 1781 1234 1833 86
1263 1796 1344 1846 sq.
1378 1778 1563 1844 ibique
1596 1794 1647 1828 ν.
1676 1784 1789 1829 nol.
1826 1792 1908 1836 oo,

1829 1792 1908 1836 oo,
1931 1776 2059 1827 add.
2096 1774 2310 1827 Fabric.
2351 1781 2603 1823 nostrum
2634 1770 2685 1821 in
2720 1766 2929 1818 Delectu
2963 1770 3390 1830 argumentorum
3431 1764 3480 1807 rt

258 1845 450 1933 syllab.
492 1845 822 1932 scriptorum,
849 1866 936 1933 qui
962 1845 1231 1917 veritatem
1262 1845 1524 1932 religionis
1550 1863 1745 1917 Christ.
1788 1870 2140 1919 asserucrunt,
2171 1876 2220 1927 p.
2262 1860 2358 1909 l'lS
2383 1854 2772 1909 nct.—-0adin.
2798 1852 3012 1903 Comm.
3040 1848 3075 1902 1.
3118 1863 3167 1900 c.
3194 1847 3296 1899 col.
3346 1845 3481 1897 I000

262 1968 388 2019 sqq.
422 1981 491 1991 —
530 1951 669 2003 Edit.
712 1952 964 2003 Alcoran.
997 1967 1118 2004 cum
1152 1950 1617 2004 eonfutationibus
1640 1966 1703 2003 ex
1748 1949 1877 2002 edit.
1914 1948 2185 2001 Theodori
2219 1944 2537 2003 llibliaudri,
2571 1940 2730 1994 Dasil.
2768 1938 2922 1991 1545,
2964 1934 3199 1991 Uberius
3239 1942 3490 2019 recenset

260 2018 541 2091 Jo.Fabr.
582 2029 635 2089 iii
681 2038 913 2090 Ilistoria
951 2040 1074 2090 bibl.
1111 2039 1315 2091 Fabric.
1365 2047 1503 2106 part.
1541 2054 1596 2097 ιι,
1632 2051 1685 2103 ιι.
1724 2036 1831 2088 225
1865 2051 1983 2103 sqq.
2037 2034 2134 2087 Ms.
2180 2048 2394 2102 quoque
2434 2040 2604 2084 exstat
2643 2029 2697 2082 in
2735 2028 2853 2080 cod.
2898 2024 3029 2079 bibl.
3074 2022 3364 2077 Vaticanum.
3421 2018 3484 2073 V.

263 2124 561 2176 Montfaue.
586 2123 700 2175 Bib.
736 2125 969 2177 biblioth.
997 2126 1127 2177 Mss.
1155 2142 1207 2193 p.
1243 2127 1307 2177 l2
1337 2124 1403 2177 D.
1446 2123 1660 2193 (HABL.)

334 2210 425 2263 εἰ.
466 2210 639 2261 Etiam
672 2210 993 2263 Alcoranum
1027 2213 1204 2279 ipsum
1233 2213 1285 2265 in
1308 2210 1550 2264 Graecam
1584 2212 1821 2279 linguam
1864 2206 2207 2262 transtulisse
2250 2205 2422 2259 fertur
2456 2201 2760 2257 Demetrius
2781 2199 2922 2269 apud
2964 2199 3265 2254 Gesnerum
3295 2196 3349 2250 in
3388 2210 3487 2265 ap-

266 2296 496 2367 pendice
536 2295 904 2356 Dibliothcem,
928 2299 1072 2350 edita
1106 2298 1292 2366 Tiguri
1318 2313 1366 2348 τι.
1410 2298 1565 2360 1555,
1602 2296 1693 2349 fol.

338 2388 427 2439 25.
469 2382 547 2435 Ex
590 2386 874 2452 Augustini
921 2386 1276 2438 Sermonibus
1310 2386 1488 2453 capita
1522 2383 1767 2453 quasdam
1797 2381 2165 2441 transtulisse,
2215 2376 2493 2432 Gesnerus
2530 2386 2586 2431 et
2626 2375 2717 2428 alii
2765 2383 3092 2427 memorant.
3132 2369 3341 2440 (Ριιιιιι.)
3388 2368 3489 2421 Ms.

271 2473 459 2527 Romae
506 2476 558 2527 in
607 2473 739 2526 bibl.
794 2472 968 2525 Vatic.
1001 2471 1065 2526 V.
1096 2471 1388 2525 Montlauc.
1429 2472 1465 2524 l.
1496 2487 1545 2524 c.
1572 2487 1625 2540 p.
1655 2471 1717 2524 12
1739 2467 1801 2523 ϐ.
1836 2499 1900 2510 -
1930 2479 2063 2537 etp.
2108 2467 2211 2519 708
2249 2467 2313 2520 ι).
2341 2466 2406 2519 de
2437 2465 2558 2522 coal.
2613 2464 2748 2522 bibl.
2787 2461 3093 2521 Slortianaz.
3132 2459 3185 2547 in
3228 2473 3335 2526 quo
3362 2466 3496 2547 sunt

272 2562 557 2629 Augustini
586 2561 735 2614 Orat.
761 2560 873 2612 sive
898 2558 1246 2612 l’recaliones
1274 2559 1361 2622 '57,
1396 2574 1675 2613 conversa:
1695 2574 1762 2612 ex
1781 2558 1923 2610 Latii

1843 2558 1974 2611 ttino
2009 2557 2062 2611 iu
2085 2554 2260 2612 Graec.
2286 2574 2453 2612 εει-ιιι.
2482 2575 2509 2611 a
2540 2560 2810 2611 Demetrio
2834 2558 3098 2623 Cydonio.
3128 2544 3185 2594 ἐ·-
3211 2544 3494 2624 Αιιιςιτδῗῖ-ἷὲξ

275 2648 639 2703 Eucbiridiou
672 2646 768 2699 Gr.
803 2660 1017 2697 ver~um
1052 2660 1080 2696 a
1117 2644 1390 2698 Demetrio
1419 2644 1551 2714 Cyd.
1588 2646 1648 2698 V.
1677 2645 1928 2698 Lambec.
1963 2646 2005 2707 1,
2038 2661 2087 2713 p.
2119 2646 2225 2697 272
2263 2646 2323 2701 C.
2364 2644 2519 2699 Conf.
2554 2654 2732 2697 tamen
2768 2644 3191 2703 Sclitcnemann,
3240 2643 3493 2698 Biblioth.

274 2737 460 2788 histor.
497 2735 726 2785 litterar.
758 2731 977 2784 Patrum
1013 2731 1251 2784 Latinor.
1282 2741 1415 2783 tom.
1459 2732 1525 2795 ll,
1564 2748 1616 2799 p.
1650 2733 1773 2787 500.
1808 2732 2027 2797 illum.)

348 2822 438 2875 24.
503 2819 561 2873 S.
594 2818 817 2872 Thomas
860 2818 1148 2884 Aquinatis
1191 2816 1463 2869 Summam
1500 2823 1746 2871 adversus
1794 2830 1990 2887 gentes.

1851 2830 1990 2870 'ntes.
2028 2817 2236 2885 (ΡΑιιιι.)
2283 2816 2439 2871 Coul'.
2490 2816 2743 2869 Lamhcc.
2785 2817 2826 2881 1,
2868 2833 2920 2887 p.
2981 2819 3084 2872 266
3149 2834 3291 2885 sqq.;
3343 2827 3395 2870 et
3435 2818 3502 2881 V,

279 2926 333 2977 p.
381 2909 506 2970 561,
562 2908 630 2968 4;
680 2905 803 2957 cod.
856 2904 958 2957 257
994 2920 1056 2956 ex
1093 2904 1197 2957 Th.
1236 2905 1520 2971 Aquinatis
1550 2905 1645 2959 lib.
1676 2922 1748 2971 ιν,
1797 2906 1872 2957 De
1918 2909 2134 2958 veritate
2177 2905 2447 2957 catholira’
2490 2905 2615 2971 ﬁdei
2650 2914 2829 2956 contra
2877 2908 3113 2974 gentiles,
3148 2915 3201 2958 et
3231 2922 3293 2958 ex
3326 2906 3504 2972 ejusd.

278 2994 500 3048 Summa
534 2993 802 3059 theologia:
830 3005 987 3058 capp.
1032 2990 1374 3044 miscellanea
1418 2992 1506 3055 45,
1534 2990 1627 3045 Gr.
1667 3006 1841 3044 versa.
1873 3021 1940 3031 —-
1975 2994 2157 3046 Boni.»
2184 2993 2237 3044 in
2268 2992 2393 3045 cod.
2442 2992 2617 3044 Vatic.
2652 2992 2711 3043 ν.
2760 2993 3055 3047 Montfaue.
3100 2993 3138 3046 l.
3171 3008 3220 3046 e.
3259 3008 3313 3060 p.
3348 2993 3412 3044 1‘2
3466 2992 3505 3045 C

295 3092 352 3135 et
404 3080 467 3134 ι).
496 3111 566 3119 -
598 3080 701 3134 Th.
744 3081 1051 3147 Aquinatis,
1085 3080 1274 3148 primae
1308 3080 1477 3147 partis
1510 3079 1739 3133 Summa:
1774 3080 2113 3143 Quaestiones
2139 3078 2207 3130 49
2236 3078 2444 3145 priores
2474 3093 2663 3138 νει-ειη,
2700 3083 2749 3131 ιιι
2777 3080 2897 3131 cod.
2932 3080 3149 3131 Barocc.
3193 3079 3280 3134 65.
3308 3078 3511 3131 Auctor

279 3170 402 3224 Cat.
436 3170 561 3222 Mss.
596 3169 820 3235 Anglize,
851 3175 958 3220 etc.
991 3168 1034 3229 l,
1077 3183 1131 3235 p.
1167 3168 1217 3229 7,
1254 3168 1433 3228 Liber,
1464 3168 1559 3229 ait,
1600 3168 1714 3235 ipse
1756 3166 2148 3232 ἀνεπίγραφος,
2184 3165 2409 3218 l’lanudt
2462 3175 2641 3220 tamen
2681 3166 2935 3218 tribuitur
2968 3167 3021 3218 in
3053 3164 3170 3219 Cat.
3221 3166 3509 3239 impresso,

280 3255 492 3316 nescio,
527 3270 635 3323 quo
667 3264 908 3306 auctore.
956 3253 1086 3305 Nam
1132 3253 1461 3305 Demetrium
1510 3252 1715 3321 Cydon.
1754 3254 1980 3305 Venisse
2017 3253 2219 3306 librum
2262 3254 2571 3319 Aquinatis.
2628 3263 2855 3305 testatur
2907 3254 3255 3306 Possevinus.
3288 3282 3355 3292 ——
3388 3254 3510 3305 Flo-

282 3341 478 3393 rentize
515 3340 567 3393 in
600 3340 719 3393 cod.
758 3338 995 3391 Laurent
1040 3338 1125 3400 12,
1180 3354 1233 3390 ιι.
1269 3338 1354 3401 11,
1390 3337 1668 3405 Expositio
1716 3338 2059 3391 articulorum
2102 3340 2247 3405 ﬁdei,
2285 3341 2429 3393 edita
2472 3355 2499 3391 τι
2548 3340 2754 3392 Thema
2794 3340 3086 3407 Aquinatc.
3130 3351 3183 3393 et
3230 3358 3283 3393 ιι.
3322 3342 3409 3402 19,
3440 3357 3509 3393 ex

283 3431 531 3497 ejusdem
595 3430 733 3483 libro
787 3446 867 3492 ιιι,
915 3439 1097 3481 contra
1146 3428 1370 3493 (ἐι-(εσσε,
1405 3447 1525 3499 cap.
1574 3430 1696 3496 l‘Z‘Z,
1745 3434 1891 3500 quod

1860 3434 1891 3485 d
1950 3434 2353 3486 matrimonium
2408 3434 2770 3501 inseparabile
2816 3449 2935 3488 esse
2976 3435 3188 3493 debeat.
3228 3434 3319 3488 Gr.
3365 3451 3510 3489 vers.

285 3518 353 3571 Υ.
386 3517 614 3569 Bandini
674 3515 791 3569 Cat.
829 3517 991 3570 codd.
1023 3516 1115 3570 Gr.
1144 3516 1308 3569 Laur.
1346 3518 1386 3579 1,
1419 3534 1473 3585 ιι.
1502 3518 1606 3572 554
1628 3534 1708 3586 sq.
1742 3548 1812 3556 —
1840 3519 2012 3573 Paris.
2050 3522 2103 3573 in
2136 3521 2269 3573 bibl.
2308 3522 2457 3589 publ.
2489 3522 2612 3574 cod.
2644 3523 2780 3574 1255
2808 3532 2863 3575 et
2896 3521 3052 3584 l257,
3088 3521 3295 3574 Titania:
3319 3522 3513 3590 Aqui».

284 3602 521 3659 Summa:
557 3603 874 3672 Tlteologica:
907 3619 1031 3671 pars
1072 3603 1331 3668 secunda,
1362 3604 1457 3658 Gr.
1489 3620 1644 3658 versa
1686 3622 1715 3659 a
1747 3606 2020 3662 Demetrio
2051 3607 2185 3677 Cyd.
2231 3609 2375 3661 unde
2415 3609 2648 3676 suppleri
2691 3617 2868 3677 potest
2916 3608 3075 3662 Fabr.
3115 3609 3254 3662 Bibl.
3295 3612 3428 3662 med.
3460 3622 3509 3663 et

286 3690 388 3757 inf.
416 3688 587 3742 Latin.
624 3698 753 3741 tom.
786 3688 874 3751 Vl,
900 3705 956 3758 p.
989 3689 1116 3752 258,
1145 3690 1233 3742 ed.
1261 3690 1451 3743 Mansi.
1485 3690 1702 3761 (HAnL.)

364 3780 455 3832 25.
495 3778 748 3847 Ejusdem
784 3777 1014 3833 Summae
1051 3778 1367 3848 theologicaz,
1397 3794 1604 3849 partem
1642 3796 1657 3833 ι
1690 3789 1745 3835 et
1775 3797 1815 3836 ιι
1842 3780 1970 3837 Mss.
2002 3781 2055 3835 in
2082 3782 2219 3836 bibl.
2246 3781 2505 3835 Vaticana
2539 3792 2593 3836 et
2633 3781 2897 3838 Caesarea.
2935 3782 3020 3851 IV.
3050 3783 3115 3836 ad
3148 3799 3202 3838 ιι.
3239 3780 3446 3852 autem]

363 3865 452 3916 26.
494 3863 719 3916 Librum
758 3864 831 3916 De
853 3874 1148 3933 contemptu
1186 3867 1386 3917 mundi.

365 3951 456 4004 27.
498 3950 733 4021 Αηεειηιὶ
761 3950 1171 4005 Cantuariensis
1199 3953 1393 4006 librum
1441 3952 1512 4005 De
1539 3956 1863 4023 processione
1890 3952 2120 4025 Spiritus
2157 3956 2326 4007 sancti
2357 3966 2545 4009 contra
2586 3955 2821 4010 Graecos.
2857 3957 3052 4024 Incipit
3088 3958 3189 4008 :Oi
3226 3956 3362 4024 μετὰ
3394 3956 3518 4018 τοὶς

292 4044 577 4110 γενναίους
607 4045 909 4109 ἀγωνιστὰς
936 4045 1212 4106 εἰσιόντες.
1248 4044 1487 4097 Meminit
1532 4046 1782 4108 Allatius,
1806 4062 1860 4115 p.
1910 4048 1943 4099 8

1910 4046 2010 4100 857
2047 4045 2118 4099 De
2155 4061 2453 4103 consensu.
2493 4045 2572 4117 [ln
2606 4047 2726 4102 eod.
2759 4047 2928 4102 Vatic.
2968 4048 3032 4104 V.
3061 4047 3352 4100 Montfauc.
3379 4046 3517 4099 Bibl.

295 4129 560 4184 bibliotli.
594 4129 722 4182 Mss.
754 4145 809 4198 p.
842 4128 909 4183 12
943 4129 1004 4183 C.
1034 4130 1173 4183 Add.
1202 4145 1363 4199 supra
1394 4147 1446 4183 ιι.
1489 4130 1568 4201 9.]

370 4221 461 4275 28.
499 4220 756 4291 Ejusdem
786 4220 1030 4275 Anselmi
1064 4221 1355 4289 Epistolam
1388 4221 1453 4275 de
1488 4223 1662 4276 tribus
1694 4222 2091 4291 quaestionibus
2117 4239 2179 4278 ac
2219 4228 2523 4294 praesertim
2561 4228 2624 4279 de
2656 4228 2922 4280 fermento
2948 4234 3001 4277 et
3028 4239 3235 4293 azyma,
3274 4224 3337 4275 ad
3369 4224 3526 4277 Vale-

300 4307 518 4361 rianum
599 4308 711 4361 sive
776 4308 1200 4371 Walerannum,
1263 4307 1727 4377 Numburgensem
1794 4313 2131 4380 episcopum.
2206 4313 2397 4382 Incipit

300 4395 537 4447 Allatius
566 4394 686 4447 loco
715 4394 956 4448 laudato.
994 4394 1201 4465 (FABR.)

376 4479 632 4549 Liturgize
660 4496 705 4533 s.
749 4482 921 4534 Missa
972 4496 1082 4534 sec.
1113 4482 1279 4533 ritum
1317 4482 1614 4535 llmnauum
1648 4493 1849 4552 partem
1875 4486 2062 4540 Grmce
2090 4502 2297 4539 versam
2328 4501 2447 4540 esse
2476 4502 2505 4539 a
2536 4486 2804 4541 Demetrio
2831 4485 2962 4555 Cyd.
2990 4485 3149 4539 docet
3183 4485 3283 4537 cel.
3318 4485 3523 4537 Morell.

301 4567 362 4618 in
408 4567 664 4621 Biblioth.
710 4568 833 4621 Mss.
877 4566 972 4620 Gr.
1007 4578 1057 4621 et
1103 4567 1222 4620 Lat.
1264 4577 1393 4619 ιοιιι.
1428 4569 1466 4629 I,
1502 4585 1553 4635 p.
1591 4570 1657 4621 50
1692 4580 1747 4624 et
1779 4571 1846 4623 52
1876 4574 1941 4625 de
1980 4574 2099 4625 cod.
2139 4573 2299 4625 Mart.
2335 4574 2402 4626 58
2434 4581 2489 4626 et
2532 4573 2702 4634 addit,
2740 4574 2896 4625 aliam
2935 4572 3113 4624 missae
3154 4571 3205 4623 in
3245 4571 3528 4635 nntivilau‘:

303 4651 527 4706 Domini
558 4667 668 4705 sec.
706 4653 866 4705 ritum
898 4653 1316 4706 Ambrosianum
1350 4654 1603 4708 Demetrii
1635 4655 1727 4709 Gr.
1759 4658 2264 4725 interpretationem
2309 4663 2578 4728 vulgatam
2633 4675 2757 4713 esse
2797 4660 2864 4712 ab
2904 4660 3142 4711 Antonio
3173 4659 3527 4728 Fumagallio,

302 4738 580 4793 monacho
605 4737 976 4801 Cisterciensi,
1008 4739 1058 4792 in
1085 4739 1403 4793 collectione
1428 4740 1689 4810 inscripta
1720 4761 1732 4796 z
1762 4744 2005 4798 Raccolta
2038 4746 2315 4809 Milunese,
2354 4747 2638 4802 Mediolani
2676 4748 2828 4801 1757.
2872 4747 3088 4817 (11Αιιι.)

2460 4330 2474 4366 :
2545 4314 2720 4367 Εἱδότι
2794 4313 2997 4381 βραχέα
3061 4312 3225 4379 λέγω.
3275 4314 3526 4369 Meminit
