4180 6458
135 419 237 483 8'37

1348 412 1386 466 Λ
1401 409 1752 469 DVEIlSUS
1789 410 1876 468 ΡΑ
1892 410 1974 468 l.:\
1990 410 2036 467 Μ
2053 410 2175 470 .-\.\l.

3286 414 3394 475 838

121 521 432 601 ἒμττροσθεν
470 532 561 581 τοῦ
598 527 861 580 δεσπότου
899 524 993 578 τοῦ
1032 524 1189 577 πάπα
1225 522 1318 575 τοῦ
1357 530 1397 574 ε’
1425 520 1706 591 (ὶὺρϐανοῦ

1815 523 2059 575 nonnulli
2101 521 2274 573 (ira-ei
2314 522 2641 575 retulerunt.
2683 534 3168 578 commemoratum
3218 525 3395 594 impe—

124 626 219 678 καὶ
266 625 373 675 τῶν
424 619 582 673 αὐτοῦ
632 616 992 685 καρδιναλίων
1042 616 1195 681 παρά
1243 632 1404 666 τινων
1453 612 1704 682 Γραικῶν

118 716 411 785 ἀνηνέχθηΔ
441 714 511 772 ὡς
540 714 566 763 ὀ
600 714 714 780 είρη
749 710 881 760 νένοτ
912 708 1165 777 βασιλεὺς
1194 712 1220 759 ό
1251 706 1703 775 Καντακουζηνὸς

120 810 219 861 καὶ
268 810 298 875 η
350 822 455 855 τίιν
508 802 758 871 Γραικῶν
795 800 1090 865 Ἐκκλησία
1142 800 1341 859 πολλὰς
1388 798 1705 863 δογματίζει

119 899 381 965 θιότηῖας
415 897 554 959 ὑπερ
579 932 618 944 ...
654 892 817 958 μένας
845 893 937 942 καὶ
970 890 1398 953 ὑποϐεϐηκυιας,
1428 888 1516 938 διὰ
1547 888 1606 939 τὸ
1635 888 1703 938 τὰ

120 988 396 1057 προσόντα
442 985 519 1052 τῷ
567 983 687 1051 Θ-ῷ
731 982 1009 1050 διαφέρειν
1054 982 1235 1049 λέγειν
1279 978 1703 1048 πραγματικῶς,

120 1080 217 1130 καὶ
252 1078 458 1129 τούτων
494 1076 724 1127 ἕκαστον
759 1073 991 1141 θ-ότηῖα
1026 1073 1205 1137 λέγειν
1238 1072 1705 1141 ὁιακεκριμμένην

119 1170 207 1221 ἐπ’
239 1172 468 1236 ἀπειρόν
504 1184 602 1235 της
641 1166 788 1228 θείας
825 1165 1013 1226 οὐσίας
1050 1164 1344 1224 όιεστώσας
1374 1179 1386 1192 ·
1431 1163 1705 1231 ἐπιθυμή-

121 1276 224 1319 σας
256 1262 354 1326 τὴν
384 1256 647 1325 ἀλήθειαν
676 1256 877 1321 γνῶναι
904 1252 1111 1320 ταύτης
1139 1254 1237 1320 τῆς
1266 1252 1615 1311 διοασκαλίας
1647 1254 1706 1302 ὲν

120 1348 695 1402 Κωνσταντινουπόλει
724 1346 1040 1414 διατρίϐων,
1072 1347 1160 1398 ὅτε
1192 1346 1327 1413 πρὸς
1358 1345 1447 1396 τὸν
1482 1342 1706 1412 βασιλέα

117 1441 211 1491 τὸν
252 1442 614 1505 Παλαιολόγον
650 1440 801 1508 παρὰ
836 1437 929 1490 τοῦ
972 1439 1261 1505 εἰρημένου
1304 1436 1475 1505 ἄκρου
1519 1437 1703 1501 ἀρχιε-

122 1536 265 1602 ρέως
293 1534 625 1601 ἀπεστάλην,
655 1531 1007 1600 ἐζητήσαμεν
1035 1528 1191 1580 τοῦτο
1222 1524 1434 1594 μαθεῖν,
1463 1524 1562 1576 οὐκ
1592 1524 1708 1575 ἐδυ-

118 1628 371 1693 νήθημεν
401 1628 456 1677 δὲ
486 1625 629 1693 λόγῳ
660 1626 692 1693 ἢ
728 1624 1014 1691 πράγματι
1048 1619 1263 1687 βέϐαιόν
1293 1635 1345 1669 τι
1378 1616 1708 1669 καταλαϐεῖν

119 1733 187 1766 πε
200 1716 256 1783 pi.
282 1714 379 1783 τῆς
409 1714 565 1780 δόξης
594 1729 794 1781 ταυτης
820 1714 917 1764 καὶ
942 1710 1145 1776 ἀνόμου
1173 1707 1524 1768 διδασκαλίας
1543 1722 1555 1735 ·
1585 1705 1707 1758 ὅθεν

116 1809 218 1857 καὶ
263 1806 619 1874 ἠναγκάσθην
666 1806 847 1871 λόγοις
899 1802 1154 1869 σκληροῖς
1196 1799 1567 1861 ἐπιτίθεσθαι,
1613 1799 1705 1850 καί⁵

113 1899 315 1966 ῶσπερ
349 1898 589 1966 ἐλέγχοις
622 1897 734 1948 τισὶ⁵
767 1891 1185 1963 προκαλεῖσθαι.
1220 1891 1384 1953 Τέλος
1418 1893 1446 1943 ό
1478 1891 1704 1958 εἰρημέο

114 2005 207 2050 vo;
240 1988 496 2057 βασιλεὺς
522 1990 549 2040 ὁ
580 1985 1032 2056 Καντακουζηνὸς
1059 1981 1223 2056 ἦλθεν
1244 1986 1323 2043 εἰς
1347 1980 1565 2051 ὁμιλίαν
1587 1985 1709 2050 ἐμοὶ

117 2080 254 2146 περὶ
280 2079 375 2147 τῆς
406 2079 773 2147 προκειμένης
801 2078 975 2142 δόξης.
1007 2078 1070 2130 Et
1100 2075 1195 2129 καὶ
1220 2074 1402 2127 τοίνυν
1429 2075 1486 2125 ὲν
1512 2075 1708 2143 ἀρχαῖς

112 2170 301 2223 ἐδόκει
333 2187 425 2237 μοι
456 2172 531 2239 μὴ
561 2170 737 2238 ὀρθῶς
765 2172 981 2238 φρονεῖν
1009 2164 1409 2237 πραγματικὴν
1434 2164 1708 2233 διάκρεσιν

114 2262 464 2332 ὑφορωμένη)
494 2261 672 2327 λέγειν
702 2260 865 2313 αὐτὸν
895 2263 958 2314 ὲκ
989 2260 1097 2312 τῶν
1127 2254 1300 2325 λόγὼν
1330 2256 1492 2310 αὐτοῦ
1515 2272 1529 2285 ·
1560 2258 1708 2325 ὅμως

115 2356 269 2422 μετά
318 2370 469 2415 τινας
522 2354 734 2423 ἡμέρας
778 2353 877 2418 τῆς
926 2351 1144 2418 ὁμιλίας
1193 2350 1703 2420 παρατεινομένης,

111 2442 247 2496 εἶπε
280 2445 354 2512 μὴ
380 2447 597 2512 φρονεῖν
624 2443 1015 2512 πραγματικὴν
1043 2442 1318 2510 διάκρισιν
1341 2441 1449 2493 τῶν
1476 2441 1707 2509 προσόν-

110 2554 231 2587 των
277 2536 355 2604 τῷ
400 2534 538 2604 Θεῷ,
585 2534 722 2586 ἀλλὰ
770 2537 927 2601 μόνον
972 2533 1114 2601 λόγῳ
1159 2534 1253 2586 καὶ
1296 2531 1531 2602 ἐπινοίᾳ.
1573 2531 1705 2583 Τότε

109 2628 315 2696 ὥσπερ
342 2628 529 2696 ἡσθεὶς
558 2625 665 2693 ἐγὼ
694 2620 850 2677 εἶπον
874 2627 1035 2677 αὑτὸν
1064 2625 1241 2687 καλῶς
1274 2626 1475 2691 λέγειν,
1506 2624 1600 2675 καὶ
1629 2624 1705 2691 τῷ

115 2719 388 2789 μακαρίῳ
418 2721 730 2787 συμφωνεῖν
759 2717 1092 2785 Ἀμϐροσίῳ.
1124 2717 1276 2768 Μετὰ
1301 2715 1474 2766 ταῦτα
1502 2715 1599 2775 τὰς
1628 2716 1705 2766 εί-

115 2816 369 2882 ρημενας
416 2812 473 2863 ὲν
504 2814 827 2881 γράμμασιν
860 2813 1056 2880 ἔθηκεν
1090 2811 1330 2880 ὁμιλίας,
1364 2813 1421 2863 ὲν
1456 2805 1534 2873 οἷς
1564 2827 1707 2880 παρ-

111 2908 329 2972 ενείραι
369 2905 518 2956 δοκεῖ
575 2921 694 2955 τινα
736 2905 1065 2974 ἀμφιϐολίαν
1121 2903 1432 2971 γεννῶντα,
1480 2907 1707 2972 πότερον

110 2998 285 3065 λόγου
324 2997 484 3063 μόνον
515 2996 546 3066 ἢ
584 3001 677 3049 καὶ
712 2998 1053 3066 πραγμάτων
1085 2993 1224 3048 εἶναι
1258 2996 1522 3065 διαφοράν
1557 2998 1706 3065 ἰσχυ-

116 3090 363 3158 ρίζεται.
395 3090 461 3141 Ἀ
493 3090 558 3157 δὴ
596 3090 900 3158 γράμματα
933 3089 1010 3157 τῷ
1045 3090 1322 3157 εἰρημένῳ
1359 3089 1594 3159 δεσπότῃ
1629 3087 1706 3157 τῷ

1654 1861 1781 1919 ΑΒ

1811 622 2044 665 ratoreni
2101 614 2583 673 (lautacnzeuuut,
2632 623 2685 667 et
2732 613 3031 668 Eeclesiam
3076 616 3393 672 Grascorum

1808 706 2005 759 multas
2032 722 2131 759 suo
2156 708 2407 771 (legiuate
2438 707 2750 761 iliviuitates
2783 708 3044 763 inducere
3089 712 3395 776 superemi-

1810 808 2006 851 nentes
2048 813 2111 850 ac
2155 802 2429 860 remissas,
2482 814 2548 851 eo
2614 801 2759 867 quod
2807 810 3073 864 asserant,
3111 819 3232 870 qum
3284 805 3392 856 Deo

1809 887 2019 950 insunt,
2055 888 2276 941 realitcr
2308 891 2450 941 inter
2477 904 2534 942 se
2568 890 2813 952 dilferre,
2846 899 2900 942 et
2929 906 3094 943 unum
3134 892 3392 960 quodque

1808 981 2003 1032 borum
2041 982 2296 1034 deitatem
2347 981 2659 1034 distinctam
2710 984 2761 1033 iu
2826 984 3095 1036 inlinitum
3144 1001 3169 1036 a
3205 984 3389 1038 divina

1808 1071 2112 1126 substantia
2138 1072 2363 1127 distare.
2386 1074 2519 1128 Cum
2546 1088 2704 1128 nosse
2730 1089 2919 1127 verum
2945 1074 3107 1142 hujus
3130 1078 3395 1129 doctrinae

1808 1179 2090 1231 cuperem,
2118 1166 2593 1233 Constantinopoli
2624 1168 2849 1235 degens,
2876 1166 3096 1234 quando
3124 1167 3188 1218 ad
3224 1167 3396 1234 impe-

1812 1264 2048 1311 ratorem
2088 1256 2449 1324 Palu-alogum
2485 1275 2511 1311 a
2548 1268 2980 1312 commemorato
3011 1273 3227 1311 summo
3258 1275 3396 1326 poti-

1812 1350 1956 1403 tiilce
1988 1350 2185 1403 missus
2213 1351 2311 1414 fui,
2336 1352 2688 1418 qumsiviiuus
2710 1350 2853 1405 istud
2888 1353 3050 1410 scire,
3076 1368 3181 1404 nou
3209 1363 3391 1405 autem

1810 1442 2094 1510 potuimus
2126 1441 2295 1494 verbo
2352 1442 2436 1493 vel
2472 1457 2529 1494 re
2570 1442 2773 1510 aliquid
2808 1445 2942 1495 certi
2977 1443 3043 1494 de
3076 1444 3177 1495 liac
3208 1445 3393 1508 οιιίιεί-

1811 1546 1915 1585 one
1957 1541 2011 1583 et
2047 1532 2210 1599 iiupTa
2243 1534 2488 1584 doctrina
2522 1532 3013 1600 comprehendere.
3046 1534 3393 1601 Quapropter

1809 1632 1864 1676 et
1916 1632 2141 1676 coactus
2196 1637 2313 1675 sum
2362 1622 2545 1675 verbis
2597 1622 2808 1689 asperis
2858 1635 2953 1675 eos
3018 1622 3297 1682 insectari,
3340 1630 3395 1674 i-t

1810 1713 1980 1766 veluti
2030 1713 2357 1780 quibusdam
2409 1715 2745 1779 arguueeutis
2786 1728 3108 1779 provocare.
3150 1713 3393 1765 'l‘anileui

1811 1805 2109 1872 imperator
2147 1803 2262 1870 ipse
2295 1803 2710 1855 Canlacuzvnus
2740 1806 2805 1856 de
2843 1803 2945 1855 hac
2985 1804 3249 1871 opinione
3283 1820 3398 1857 me-

1810 1911 1933 1952 cmn
1966 1896 2135 1949 verba
2176 1894 2326 1947 fecit.
2364 1894 2628 1960 Quamvis
2667 1904 2849 1948 autem
2884 1910 2911 1947 a
2948 1897 3214 1963 principio
3248 1897 3398 1950 \idc-

1811 2000 1963 2043 retur
1994 1988 2125 2040 milii
2177 2001 2286 2040 non
2340 1998 2488 2041 recte
2537 1988 2764 2048 sentire,
2802 1989 2893 2057 qui
2946 2005 3011 2043 ex
3044 1990 3161 2056 ejus
3210 1991 3394 2043 verbis

1808 2095 1933 2134 eum
1958 2078 2365 2134 distinctionem
2387 2081 2587 2133 realem
2610 2096 2811 2149 poucre
2833 2083 3180 2150 suspicabar;
3209 2094 3391 2136 tamen

1812 2181 1931 2239 post
1975 2171 2185 2240 aliquot
2219 2171 2358 2234 dies,
2393 2186 2648 2225 sermone
2681 2181 2979 2239 protracto,
3011 2174 3151 2226 dixit
3182 2189 3238 2228 se
3281 2191 3389 2227 non

1809 2263 2014 2316 sentire
2064 2264 2264 2315 realem
2312 2261 2720 2316 distinctionem
2778 2261 2923 2315 inter
2968 2277 3052 2327 ea,
3111 2279 3231 2331 qua.-
3283 2263 3394 2316 Dt'O

1810 2350 2019 2415 insunt,
2056 2352 2151 2406 sed
2198 2361 2407 2405 tantum
2482 2353 2693 2405 ratione
2749 2360 2805 2405 et
2852 2364 3119 2421 conceptu
3172 2355 3416 2406 mentis.-

1810 2442 1963 2497 Tunc
1997 2443 2161 2497 veluti
2195 2443 2414 2513 gavisus
2443 2442 2576 2507 dixi,
2612 2442 2749 2496 bene
2777 2459 2902 2497 eum
2941 2445 3125 2498 dicere
3160 2455 3212 2498 et
3270 2454 3392 2497 cum

1809 2538 1868 2593 B.
1922 2538 2208 2590 Ambrosio
2266 2537 2585 2589 convenire.
2643 2537 2835 2591 Postea
2903 2537 3048 2590 dicta
3122 2538 3395 2605 colloquia

1811 2630 2031 2696 scriptis
2077 2626 2381 2691 mandavit,
2424 2627 2626 2696 quibus
2666 2629 2928 2683 nonnulla
2977 2631 3234 2691 inseruit,
3273 2645 3395 2697 qua:

1810 2719 2207 2772 dubitationem
2255 2720 2494 2785 pariunt,
2530 2728 2710 2773 utrum
2755 2724 2985 2774 rationis
3046 2730 3276 2775 tantum.
3327 2736 3396 2774 an

1812 2812 1974 2865 etiam
2032 2813 2229 2866 realem
2282 2814 2690 2867 distinctionem
2726 2829 2849 2867 esse
2904 2814 3219 2866 Contetiilztt.
3266 2816 3397 2879 Qua:

1810 2906 2057 2973 proiecto
2100 2905 2300 2974 scripta
2347 2920 2559 2959 summo
2596 2904 2841 2974 pontiﬁci
2889 2906 3201 2961 ostendam.
3234 2917 3292 2957 ut
3332 2921 3396 2959 ra

1809 2998 1893 3052 vel
1952 2998 2244 3066 improbet,
2298 2999 2379 3051 vel
2436 2998 2746 3053 conﬁrmet.
2803 2999 3009 3052 Deinde
3064 2999 3284 3066 seripsit
3329 2999 3397 3053 de

1811 3090 2038 3152 lumine,
2076 3091 2221 3159 quod
2256 3091 2511 3159 apparuit
2552 3091 2604 3143 in
2642 3100 2827 3144 monte
2864 3091 3106 3150 'l‘liabor.
3144 3107 3398 3143 asserens

112 3184 283 3250 ἄκρῳ
314 3183 564 3251 ἀρχιερεῖ
595 3182 859 3247 ὑποδείξω
882 3221 896 3245 ,
929 3181 1068 3234 ὥστε
1098 3181 1267 3234 ταῦτα
1306 3180 1337 3250 ἢ
1369 3181 1706 3249 ἀποδοκιμάο

1816 3182 1945 3236 illud
1968 3198 2087 3236 esse
2118 3183 2447 3246 iucreatmn,
2472 3192 2526 3237 et
2554 3199 2659 3236 non
2684 3199 2805 3237 esse
2834 3184 2925 3235 Dei
2956 3184 3270 3245 essentiam,
3298 3182 3395 3236 sed

114 3290 241 3335 σαι,
276 3275 309 3338 ἣ
344 3273 667 3339 βεϐαιῶσαι.
699 3272 853 3326 Μετὰ
880 3272 1054 3325 ταῦτα
1085 3274 1331 3341 γέγραφε
1365 3276 1494 3341 περὶ
1521 3274 1615 3325 τοῦ
1649 3275 1705 3327 ὲν

111 3365 202 3435 τῷ
233 3365 501 3434 Θαϐωρίῳ
528 3367 786 3432 φανέντος
815 3365 1012 3433 φωτὸς,
1044 3365 1216 3431 λέγων
1249 3368 1426 3417 ἐκεῖνο
1452 3365 1707 3435 ἄκτιστον

114 3454 294 3519 εἶναι,
333 3458 429 3509 καὶ
469 3458 568 3508 οὐκ
604 3456 797 3510 οὐσίαν
831 3456 989 3519 Θεοῦ,
1029 3456 1167 3509 άλλά
1201 3472 1325 3508 τινα
1367 3455 1520 3509 θείαν
1559 3459 1707 3526 ἐνέρ-

113 3567 309 3618 γειαν.
334 3549 514 3617 Ὅπερ
539 3550 672 3619 ἡμῖν
695 3548 844 3600 δοκεῖ
872 3547 996 3618 μηδ’
1018 3549 1187 3617 ἀκοῆς
1214 3548 1383 3614 ἄξιον.
1412 3548 1577 3600 Οὐδὲν
1601 3549 1707 3615 γὰρ

114 3643 389 3692 ἄκτιστον
426 3638 566 3707 πλὴν
600 3638 697 3707 τῆς
732 3638 883 3700 θείας
917 3638 1107 3700 οὐσίας
1132 3654 1146 3668 ·
1185 3635 1277 3691 κάὶ
1313 3641 1420 3691 πᾶν
1453 3638 1706 3690 ἄκτιστον

116 3732 303 3786 ἀΐδιον
336 3727 476 3783 εἶναι
498 3769 511 3791 ,
552 3731 720 3799 μηδὲν
750 3730 807 3783 δὲ
841 3731 1012 3783 ἀΐδιον
1045 3731 1241 3799 ὁρατόν
1267 3745 1282 3761 ⁸
1320 3732 1387 3782 τὰ
1423 3730 1531 3798 γὰρ
1566 3729 1705 3797 ὀρώ-

118 3844 271 3898 μενα
320 3826 651 3896 πρόσκαιρα.
684 3825 847 3877 Ὀθεν
882 3827 929 3877 εί
974 3825 1160 3891 ἔλεγεν
1198 3826 1374 3877 ἐκεῖνο
1411 3824 1471 3875 τὸ
1512 3821 1705 3889 όρλθὲν

116 3919 244 3983 φῶς
292 3916 562 3985 σύμϐολον
601 3916 858 3983 γενέσθαι
900 3916 994 3968 τοῦ
1037 3917 1272 3985 ἀοράτου
1317 3915 1409 3966 καὶ
1446 3914 1704 3966 ἁκτίστου

118 4009 335 4077 φωτὸς,
364 4007 541 4077 ὀρθῶς
571 4010 638 4061 ἂν
667 4009 902 4077 ἐφρόνει.
934 4008 1127 4073 Λέγειν
1153 4007 1207 4059 δὲ
1238 4006 1298 4059 τὸ
1323 4008 1433 4066 τοῖς
1468 4022 1707 4074 σωματι-

118 4102 244 4160 κοῖς
286 4098 589 4168 ὀφθαλμοῖς
627 4100 821 4168 όραθὲν
866 4099 980 4166 φῶς
1021 4100 1277 4152 άκτιστον
1318 4094 1457 4150 εἶναι
1499 4096 1705 4148 παντά-

119 4207 305 4242 πασιν
353 4191 460 4256 ἔξω
503 4191 611 4245 τῶν
660 4208 718 4242 τε
764 4191 867 4258 τῆς
916 4190 1152 4251 πίστεως
1199 4190 1365 4257 ὅρων,
1414 4190 1506 4241 καί
1558 4188 1711 4256 παρὰ

120 4284 315 4336 πάντα
352 4281 509 4351 λόγον
534 4298 549 4312 ·
589 4281 761 4335 ταῦτα
798 4282 977 4336 τοίνυν
1022 4282 1320 4352 βουλόμεθα
1362 4280 1440 4349 τῷ
1480 4280 1711 4348 παρόντι

1816 3275 2106 3344 quamdam
2157 3275 2395 3327 divinam
2449 3277 2823 3342 operationem
2853 3274 3040 3343 ,quod
3079 3288 3146 3326 ne
3202 3273 3394 3326 auditu

1814 3367 2036 3436 quidem
2088 3364 2373 3419 ferendum
2436 3376 2534 3419 est.
2580 3365 2727 3419 Nihil
2773 3366 2919 3419 enim
2960 3374 3046 3418 est
3091 3365 3394 3417 increatum

1817 3468 2013 3528 praeter
2061 3457 2303 3511 divinam
2356 3458 2676 3521 essentiam,
2730 3464 2785 3510 et
2852 3471 3013 3509 omne
3067 3441 3432 3523 iurreatutu,

1815 3551 2212 3619 sempiternum
2248 3560 2352 3603 est.
2384 3548 2601 3602 Nullum
2639 3565 2801 3616 porro
2836 3548 3227 3617 scmpitcrnmu
3265 3550 3394 3602 vis?-

1817 3643 1924 3696 liilc
1972 3650 2056 3695 est
2092 3657 2254 3709 :quzc
2303 3642 2448 3696 enim
2496 3650 2795 3694 cernuntur
2842 3651 3190 3711 temporauea
3242 3650 3392 3699 sunt.

1813 3734 1995 3795 Quare
2026 3732 2068 3785 si
2120 3732 2350 3793 diceret,
2398 3731 2531 3784 illud
2587 3732 2800 3785 visibile
2839 3733 3021 3785 lumen
3085 3733 3391 3803 symbolum

1814 3824 1983 3877 fuisse
2017 3823 2309 3877 invisibilis
2367 3832 2423 3877 et
2468 3823 2694 3878 increati
2745 3824 2987 3887 luminis,
3023 3828 3209 3892 utique
3248 3834 3392 3878 recte

1812 3924 2049 3982 saperet.
2097 3914 2288 3968 Dicere
2332 3925 2514 3969 autem
2564 3915 2767 3979 lumen,
2820 3914 2963 3982 quod
3014 3915 3321 3982 corporalib
3366 3929 3393 3967 ε

1813 4006 1984 4059 oculis
2034 4022 2209 4059 VISllm
2253 4017 2356 4069 est,
2399 4020 2519 4060 esse
2572 4007 2908 4067 iucreatum,
2968 4008 3192 4059 omnino
3238 4017 3392 4061 extra

1815 4097 2077 4149 terminos
2122 4097 2244 4149 lidei
2280 4105 2461 4158 est,et
2491 4108 2684 4150 contra
2720 4112 2935 4151 omnem
2958 4098 3248 4152 rationem.
3270 4098 3393 4152 llac

1815 4188 1981 4256 igitur
2012 4187 2263 4240 volumus
2296 4189 2551 4254 prmsenti
2589 4190 2802 4256 scripto
2835 4203 2955 4241 esse
2991 4190 3301 4253 manifesta,
3334 4196 3393 4246 ut

1816 4295 1893 4333 rei
1928 4280 2129 4332 veritas
2162 4280 2212 4330 in
2242 4288 2520 4347 posterum
2556 4289 2936 4333 conservetur.

118 4378 429 4447 τράμματι
464 4370 603 4429 εἷναι
637 4375 804 4446 δῆλα,
843 4376 909 4428 ἵν’
935 4377 968 4445 ἠ
1000 4376 1091 4428 τοῦ
1127 4374 1449 4446 πράγματος
1484 4373 1711 4441 ἀλήθεια
1748 4373 2029 4426 είσὲπειτα
2060 4374 2311 4440 τηρῆται.

1354 4552 1570 4566 ﬂ

671 4705 1671 4837 ΔΗΜΗΤΡΙοΥ
1757 4703 2105 4835 ΤΟΥ
2181 4701 2887 4832 ΚΥΔΩΝΗ

1196 4926 1490 5011 ΚΑΤΑ
1564 4927 1791 5013 ΤΟΥ
1866 4928 2363 5014 ΠΑΛΛΜΑ.

827 5208 1706 5356 ΒΕΜΕΤΗῙ

1887 5205 2728 5362 CYDONIS

750 5469 1360 5559 ADVERSUS
1452 5470 2159 5562 GREGORIUM
2250 5475 2845 5564 PALAMAM.

202 5728 334 5779 ἰνα
366 5724 440 5787 ὡς
478 5726 533 5777 ἐν
565 5724 848 5795 κεφαλαίῳ
879 5724 947 5779 τὰ
975 5726 1069 5779 τοῦ
1108 5727 1343 5796 Παλαμᾶ
1379 5728 1582 5782 ἄνωθεν
1613 5731 1706 5801 ἀρ-

1892 5733 1960 5788 Ut
1990 5737 2303 5788 summatim
2338 5749 2423 5789 res
2455 5734 2685 5789 Palamce
2713 5747 2852 5789 notae
2887 5734 3037 5799 ﬁant,
3070 5731 3138 5785 ab
3170 5732 3394 5801 antiqua

119 5820 366 5891 ξάμενοι
387 5858 401 5886 ,
436 5817 698 5889 δείξωμεν
732 5817 1010 5889 συντόμως
1031 5858 1046 5885 ,
1078 5820 1157 5873 ὅτι
1189 5821 1285 5891 τὴν
1320 5821 1419 5892 μὲν
1452 5822 1583 5894 ὓλην
1616 5824 1715 5894 τῆς

1823 5825 2032 5895 origine
2084 5835 2301 5897 sumpto
2348 5827 2506 5883 initio
2546 5827 2783 5883 breviter
2818 5826 3192 5891 ostendemus,
3228 5832 3398 5878 matc-
