4180 6458
766 411 869 473 839

2028 397 2405 459 DEMETBII
2455 398 2766 459 CYDONlI

3918 397 4027 455 840

766 538 903 575 riam
944 521 1099 588 hujus
1140 518 1411 570 haereseos
1453 532 1559 569 non
1601 515 1873 568 l‘alamattt
1911 512 2147 580 primum
2179 526 2343 564 exeo-

2472 512 2712 579 ιίρὲσεως
2742 513 2841 564 οὐκ
2872 513 3135 581 ἐπενόησε
3167 511 3378 579 πρῶτος
3412 508 3676 577 "alapa;
3697 545 3711 565 .
3746 508 3887 559 ἀλλὰ
3920 513 4029 575 προ

779 612 980 681 gitasse
1009 648 1022 673 ,
1062 606 1155 659 sed
1209 608 1396 659 multis
1444 605 1643 657 abhinc
1706 604 1862 656 annis
1909 605 2049 669 apud
2093 616 2209 661 eos,
2247 602 2339 668 qui

771 700 1117 768 appellantur
1150 696 1493 765 llesyeliasta:
1526 694 1623 763 (l),
1661 694 1810 746 velut
1840 694 1891 745 in
1924 693 2182 760 mysterio
2204 691 2342 742 clam

770 792 839 845 de
887 791 990 843 hac
1046 789 1233 843 haeresi
1285 786 1754 839 insusurrabatur.
1786 784 1853 838 Ut
1900 783 2249 835 manifestum
2278 795 2345 832 ex

774 882 884 945 liis,
908 898 1029 950 qua:
1054 879 1273 948 quidam
1302 878 1523 933 Simcon
1556 877 1728 930 edidit
1758 874 2044 943 praefectus
2076 882 2349 925 monaste-

776 972 843 1024 rii
879 971 1168 1024 Xerocerci
1193 970 1269 1039 (2)
1300 968 1617 1029 nuncupali,
1649 967 1733 1019 cui
1769 966 1933 1020 etiam
1967 965 2183 1018 titulum
2220 962 2347 1015 novi

778 1062 1013 1131 theologi
1044 1063 1229 1115 talium
1276 1075 1457 1113 rerum
1501 1068 1707 1129 mystaa,
1742 1065 1797 1110 et
1828 1071 2107 1110 sacrorum
2140 1053 2347 1122 princi-

777 1169 873 1221 pes
918 1153 1339 1220 inscripserunt.
1382 1152 1430 1206 Is
1479 1166 1601 1203 cum
1657 1150 1709 1201 in
1755 1150 1877 1202 aliis
1925 1149 2037 1201 suis
2089 1146 2351 1214 operibus

780 1245 1010 1313 plurima
1035 1243 1258 1312 profana
1290 1254 1346 1296 et
1387 1243 1701 1309 blasphema
1726 1240 2056 1306 composuit,
2085 1247 2198 1289 tum
2223 1250 2353 1288 vero

791 1336 1053 1404 peculiari
1088 1336 1297 1386 ratione
1344 1333 1397 1385 in
1430 1335 1568 1387 libro
1603 1334 1668 1386 de
1699 1334 1993 1385 sobrietate
2024 1339 2079 1382 et
2109 1329 2353 1381 conside-

783 1428 993 1479 ratione
1043 1426 1111 1479 ita
1166 1426 1385 1478 disserit
1424 1443 1436 1478 :
1470 1426 1698 1478 Attende
1748 1434 1806 1477 ut
1844 1422 2030 1484 facias,
2073 1421 2216 1489 quod
2255 1420 2349 1472 tibi

783 1516 930 1575 dico,
975 1515 1174 1568 clausis
1225 1516 1436 1568 foribus
1477 1516 1670 1569 sedeas
1711 1515 1763 1565 in
1801 1527 1907 1564 uno
1942 1512 2126 1579 aiiquo
2158 1509 2355 1577 angulo

785 1621 1061 1670 s:or.~um,
1118 1618 1466 1673 mentemque
1525 1617 1667 1658 tuam
1728 1603 2014 1655 abstralias
2070 1603 2138 1654 ab
2206 1601 2354 1653 omni

788 1700 1048 1757 vanitate,
1076 1715 1133 1749 re
1161 1698 1332 1765 fragili
1361 1706 1414 1748 et
1447 1697 1667 1749 caduca.
1698 1694 1902 1747 Deinde
1928 1704 2172 1745 ruentum
2204 1701 2355 1745 tuum

788 1789 994 1857 pectori
1040 1787 1283 1839 innixum
1326 1787 1612 1849 inluereat,
1663 1799 1992 1850 moveasque
2039 1783 2354 1835 sensibilent

2446 603 2656 654 πολλῶν
2700 606 2907 671 χρόνων
2950 605 3101 670 παρὰ
3142 608 3255 665 τοῖς
3297 604 3611 671 λεγομένοις
3653 601 4031 669 Ἡσυχαστσιίς

2445 695 2517 744 ὡς
2543 696 2600 745 ὲν
2630 695 2918 762 μυστηρίῳ
2946 694 3009 745 τα
3037 695 3135 761 τῆς
3163 696 3427 761 αἱρεσὲως
3456 694 3659 763 ταύτης
3690 691 4030 758 ύπεοζριθυρί-

2448 780 2587 843 ζετο.
2630 782 2736 833 Καὶ
2771 782 2929 850 δῆλον
2964 782 3023 844 ἐξ
3056 776 3129 831 ὧν
3164 782 3376 849 Σιμεὼν
3410 799 3517 845 τις,
3543 784 3637 848 τῆς
3672 782 4031 850 Ξηροκέρκςυ

2448 871 2841 941 ὲπιλεγομέ-ιης
2874 874 3208 942 ἡγούμενος,
3241 874 3299 924 ὃν
3331 876 3425 926 καὶ
3460 874 3714 938 Θεοὶόγον
3746 875 3869 924 νέον
3903 875 4031 923 2—:—

2449 961 2661 1027 γραψαν
2689 962 2738 1012 οἱ
2771 963 2878 1012 τῶν
2908 960 3161 1013 τοιούτων
3197 959 3397 1027 μύσται
3430 962 3524 1013 καὶ
3556 965 3941 1028 μυσταγωγοὶ,
3976 964 4032 1011 ἐν

2450 1050 2629 1111 ἄλλοις
2675 1054 2772 1118 μὲν
2810 1051 2977 1106 αὐτοῦ
3023 1053 3423 1120 συγγράμμασι
3468 1051 3640 1103 πολλὰ
3683 1051 3896 1119 βέϐηλα
3940 1054 4031 1101 κεῖ

2453 1141 2746 1209 βλάσξημα
2779 1144 3157 1210 συνεγράψατο
3183 1160 3196 1175 ’
3236 1144 3340 1213 ἰδίᾳ
3368 1144 3423 1195 δὲ
3454 1144 3511 1194 ὲν
3541 1142 3617 1211 τῷ
3650 1143 3781 1210 περὶ
3813 1143 4032 1210 νήζειςις

2453 1236 2546 1284 καὶ
2576 1235 2849 1300 προσοχῆς
2906 1235 3129 1287 τοιαῦτα
3154 1236 3402 1298 διέξεισι.
3434 1235 3677 1293 Καίιίσας
3708 1238 3766 1286 ὲν
3797 1236 3901 1302 μιᾷ
3931 1252 4034 1298 γω-

2454 1327 2542 1393 νία
2570 1329 2708 1377 κατὰ
2742 1328 2927 1393 μόνας,
2956 1327 3219 1393 προσεξαι
3249 1329 3473 1395 ποιῆσαι
3502 1328 3529 1378 ὃ
3557 1328 3697 1392 λέγω
3730 1343 3835 1378 σοι.
3878 1327 4030 1375 Risi-

2457 1437 2548 1471 σον
2577 1420 2674 1489 τὴν
2705 1420 2896 1487 θύραν,
2926 1423 3017 1473 καὶ
3049 1422 3251 1489 επαρον
3282 1423 3370 1473 τον
3401 1422 3525 1473 νοῦν
3563 1438 3658 1473 σου
3692 1424 3803 1472 ἀπε)
3836 1423 4033 1478 tauri;

2461 1511 2725 1578 ματαίου,
2764 1512 2932 1580 ἣγουν
2965 1512 3327 1580 προσκαίρου.
3367 1508 3501 1564 Εἶτα
3535 1514 3757 1580 ἐρείσας
3793 1513 3873 1580 τῷ
3916 1517 4031 1577 στῄο

2460 1601 2541 1652 (lat
2573 1603 2663 1653 σὸν
2696 1600 2953 1668 πώγωνα,
2984 1604 3147 1657 κινῶν
3194 1605 3285 1655 τὸν
3338 1604 3597 1671 αἰσθητὸν
3628 1605 3919 1670 ὁφοα>.;ιὶ,ν
3950 1610 4034 1654 σιν

2458 1692 2564 1760 ὅλῳ
2595 1692 2674 1742 νοῒ
2703 1693 2761 1743 ὲν
2798 1694 2947 1762 μέσῳ
2976 1694 3071 1761 τῆς
3106 1694 3333 1755 κοιλίας,
3365 1695 3533 1762 ῆγουν
3562 1696 3704 1746 κατὰ
3738 1695 3830 1744 τὸν
3864 1696 4035 1760 ἀμφί-

2462 1782 2584 1847 λὶν,
2621 1784 2783 1850 ἄγξον
2821 1786 2913 1837 καὶ
2943 1786 3043 1854 τὴν
3077 1787 3174 1854 τῆς
3214 1788 3358 1853 ῥινὸς
3390 1787 3486 1837 τοῦ
3521 1786 3839 1853 πνεύματος
3874 1786 4031 1852 ὁλκὴν

789 1881 1005 1933 oculum
1035 1895 1157 1930 eum
1199 1888 1309 1931 tota
1340 1886 1519 1929 tuente
1552 1886 1639 1928 tua
1673 1877 1723 1926 in
1760 1874 1939 1926 medio
1971 1874 2175 1927 ventris
2204 1872 2356 1939 juxta

2472 1873 2551 1926 τοῦ
2585 1874 2659 1943 μὴ
2687 1875 2858 1936 ἀδεῶς
2889 1880 3060 1930 πνεῖν.
3100 1877 3424 1944 Ἐρεύνησον
3453 1878 3601 1928 ἔνδον
3633 1879 3692 1928 ὲν
3723 1880 3839 1937 τοῖς
3877 1878 4032 1941 ἐγκά-

792 1971 1136 2031 umbilicum,
1176 1970 1305 2038 quin
1339 1969 1502 2021 etiam
1535 1968 1848 2034 constringe
1882 1968 2083 2025 fauces.
2116 1977 2171 2019 ct
2202 1976 2365 2018 attra-

792 2060 1028 2113 ctionem
1076 2059 1300 2127 spiritus
1346 2058 1583 2122 narium,
1629 2066 1687 2109 ut
1721 2072 1827 2109 non
1873 2056 2030 2109 farile
2074 2056 2271 2123 Spires,
2308 2066 2363 2108 et

793 2152 1007 2218 inquire
1064 2151 1211 2204 intus
1262 2152 1313 2203 iu
1374 2149 1701 2213 visceribus,
1770 2160 1827 2201 ut
1884 2148 2126 2215 reperias
2182 2146 2362 2198 Ineunt

790 2243 994 2304 sordis,
1026 2242 1116 2295 ubi
1150 2242 1314 2295 animi
1348 2240 1632 2293 facultates
1680 2238 1880 2292 morari
1912 2238 2108 2292 solent.
2139 2237 2203 2290 Et
2247 2237 2326 2304 pri
2348 2265 2361 2277 -

796 2351 943 2388 mum
978 2336 1194 2403 quidem
1248 2333 1492 2385 invenies
1544 2332 1796 2385 tenebras
1841 2339 1896 2384 et
1933 2329 2359 2384 crassitudinem

796 2428 1020 2481 minime
1066 2426 1383 2486 cedentem;
1436 2424 1527 2476 ubi
1578 2439 1708 2476 vero
1754 2421 2084 2491 perstiteris,
2132 2436 2195 2475 ac
2242 2420 2360 2474 dies

797 2529 1093 2585 noctesque
1126 2518 1177 2568 in
1208 2516 1309 2569 hoc
1338 2529 1502 2583 opere
1528 2512 1959 2580 consumpseris,
1984 2528 2014 2565 ο
2047 2527 2155 2565 rem
2188 2511 2363 2564 admi-

797 2610 1053 2663 randam!
1086 2607 1351 2675 percipies
1386 2604 1650 2667 laetitiam,
1671 2618 1791 2671 qua:
1821 2602 1971 2655 nullo
2002 2613 2204 2670 puncto
2228 2611 2358 2655 tem-

795 2701 948 2770 poris
978 2699 1309 2753 intermittit.
1353 2697 1766 2763 Quamprimum
1810 2693 1956 2745 enim
1994 2707 2145 2745 tuens
2182 2695 2360 2744 locum

2458 1982 2568 2026 τοις
2621 1968 2802 2034 εὑρεῖν
2850 1968 2941 2018 τ’,ν
2986 1969 3151 2020 τόπον
3202 1972 3297 2036 τῆς
3344 1968 3589 2037 καρδίας,
3634 1968 3763 2020 ἔνθα
3810 1968 4035 2036 smnio.

2460 2060 2657 2125 χωρεῖν
2696 2060 2969 2123 πεφλᾷκασι
3015 2062 3185 2111 πᾶσαι
3231 2061 3288 2111 αἱ
3329 2062 3561 2128 ψυχικαὶ
3603 2060 3666 2111 δυ
3703 2061 3889 2125 ἀμεις.
3935 2060 4035 2109 Καὶ

2464 2148 2676 2217 πρῶτον
2714 2149 2812 2217 μὲν
2849 2152 3035 2213 σκότος
3074 2152 3329 2219 εὑρήσεις
3368 2152 3461 2201 καὶ
3501 2151 3672 2219 nixo;
3711 2150 3995 2202 ἀνένδοτον
4020 2167 4033 2179 ·

2466 2241 2817 2308 ἐπιμένοντος
2861 2243 2916 2294 δέ
2962 2234 3083 2303 σου,
3126 2244 3217 2294 καὶ
3261 2243 3450 2294 τούτου
3489 2241 3583 2293 τοῦ
3629 2243 3793 2310 ἔργου
3838 2250 4035 2303 νυκτὸς

2467 2336 2557 2384 καί
2588 2334 2797 2400 ἡμέρας
2833 2335 3179 2402 ποιουμένου,
3209 2336 3489 2404 εὑρήσεις,
3520 2333 3565 2385 ὣ
3595 2335 3687 2387 τοῦ
3720 2336 4031 2403 θαύματοςί

2465 2423 2701 2492 ἄληκτον
2729 2426 3089 2494 εὐφροσύνην.
3118 2428 3271 2495 ’Δμα
3306 2428 3413 2495 γὰρ
3446 2428 3581 2498 εὕρῃ
3615 2431 3642 2480 ὁ
3676 2429 3798 2489 νοῦς
3827 2428 3926 2480 τὸν
3958 2432 4037 2479 τέο

2468 2528 2565 2562 πον
2597 2512 2693 2580 τῆς
2729 2514 2979 2580 καρδίας,
3014 2514 3201 2581 βλέπει
3237 2516 3513 2583 παρευους
3547 2515 3581 2568 ἃ
3616 2517 3875 2568 οὐδέποτε
3916 2519 4041 2583 ἡπί-

2470 2620 2651 2656 στατο.
2699 2606 2894 2657 Βλέπει
2938 2607 3047 2675 γὰρ
3091 2609 3180 2659 τὸν
3225 2606 3426 2673 μεταξὺ
3464 2606 3564 2675 τῆς
3606 2608 3828 2675 καρδίας
3876 2611 4040 2676 ἀέρα.

2468 2697 2560 2744 καὶ
2592 2696 2780 2746 ἑαυτὸν
2811 2700 3070 2765 φωτεινὶν
3098 2699 3219 2751 ὅλον
3269 2699 3362 2750 καὶ
3391 2700 3714 2767 διακρίσεως
3762 2701 3897 2767 ἕμπὶ
3918 2720 4043 2758 ξων.

796 2794 981 2846 cordis
1034 2791 1315 2859 repererit,
1376 2787 1556 2840 statim
1620 2786 1838 2852 aspicit,
1896 2799 2017 2851 qua:
2078 2799 2358 2850 nunquam
2400 2784 2626 2839 sciebat.
2697 2788 2978 2856 Siquidem
3015 2791 3131 2846 viso
3194 2806 3340 2857 aere,
3367 2793 3460 2861 qui
3493 2793 3635 2846 inter
3661 2795 3893 2861 Spatium
3926 2813 4049 2847 ι-οτ-

799 2886 885 2940 dis
916 2895 1107 2947 exstat,
1144 2885 1375 2951 seipsam
1404 2891 1567 2935 totam
1602 2880 1831 2932 lucidam
1860 2886 1915 2929 et
1946 2877 2361 2932 discernendain
2402 2880 2626 2947 pnebet.

873 2980 989 3046 Ipse
1012 2992 1227 3045 quoque
1256 2977 1502 3029 Palamas
1526 2977 1577 3026 in
1613 2971 1849 3025 secunda
1878 2971 2125 3023 oratione
2148 2984 2362 3032 earum,

802 3086 941 3140 quas
976 3069 1225 3122 inscribit
1266 3068 1495 3135 priores,
1534 3066 1645 3118 haec
1696 3064 1790 3124 ait,
1829 3064 2109 3130 quoniam,
2160 3071 2219 3113 ut
2248 3060 2369 3127 qui-

2540 2976 2648 3026 Καὶ
2676 2976 2808 3028 αὐτὸ
2864 2975 2911 3028 δ’
2932 2979 2959 3028 ὁ
2991 2978 3252 3047 ΙΙαλαμᾶς
3289 2981 3344 3029 ἐν
3374 2977 3419 3047 β’
3439 2979 3599 3048 λόγῳ,
3628 2978 3718 3042 οῦς
3746 2982 4047 3049 ὲπιγρίιζει

2474 3068 2806 3135 προτέρους,
2852 3068 2978 3120 τάδε
3017 3071 3201 3136 φησίν.
3271 3070 3422 3122 Ἐπεὶ
3491 3072 3739 3141 καθάπερ
3795 3089 3878 3131 τις
3937 3075 4049 3125 τῶν

807 3163 930 3216 dam
964 3170 1212 3225 testatur,
1264 3158 1356 3225 qui
1404 3158 1545 3210 circa
1583 3156 1695 3208 tunc
1755 3155 1897 3207 inter
1957 3152 2111 3205 valde
2166 3151 2359 3217 peritos

2478 3158 2727 3222 μεγάλων
2786 3160 2909 3228 περὶ
2970 3162 3145 3212 ταῦτα
3202 3164 3389 3227 λέγει·
3448 3163 3571 3224 Τοῖς
3627 3162 3733 3225 ἔξω
3796 3166 4049 3231 σχήμασι

808 3264 1184 3314 enumeratur,
1220 3253 1263 3304 si
1296 3253 1493 3319 figuras
1521 3250 1763 3301 internas
1791 3245 2034 3298 externis
2072 3242 2372 3295 assimilare

807 3353 931 3413 post
970 3342 1456 3409 transgressionem
1493 3338 1673 3398 datur,
1714 3334 1988 3403 quomodo
2018 3334 2059 3386 is
2095 3333 2187 3399 qui
2220 3348 2372 3383 inen-

810 3446 916 3489 teni
949 3444 1166 3486 strenue
1196 3432 1309 3481 vult
1332 3429 1608 3497 colligere,
1653 3442 1681 3479 a
1711 3435 1856 3477 motu
1897 3433 2043 3477 recte
2082 3422 2147 3475 ad
2189 3422 2369 3475 circu-

806 3526 975 3581 larem
1007 3522 1306 3582 declinans,
1350 3520 1537 3571 oculos
1568 3518 1633 3570 ab
1661 3515 1915 3570 munibus
1955 3516 2167 3567 caeteris
2212 3528 2373 3567 aver-

808 3632 898 3669 sos
928 3630 1034 3668 non
1067 3622 1286 3682 pectore
1331 3620 1426 3663 aut
1473 3610 1652 3677 potius
1681 3607 1937 3660 umbilico
1980 3605 2113 3657 fisos
2149 3602 2375 3658 teneat?

809 3707 1019 3775 Quippe
1066 3718 1283 3757 movere
1341 3718 1400 3755 se
1448 3714 1595 3754 motu
1640 3708 1865 3750 externo
1894 3696 2375 3761 circulari,quan-

812 3805 926 3848 tum
966 3794 1078 3846 fieri
1109 3801 1305 3861 potest,
1340 3792 1509 3843 instar
1543 3798 1721 3841 motus
1754 3797 1834 3839 est
1862 3786 2077 3849 mentis,
2114 3800 2224 3852 quo
2257 3795 2372 3836 stu-

812 3884 964 3940 diose
1017 3898 1169 3936 meus
1219 3896 1274 3933 se
1325 3882 1493 3947 ipsam
1542 3886 1777 3938 exercet,
1825 3874 2374 3942 ctsuscipienduex-

812 3974 984 4026 terius
1028 3987 1123 4040 per
1169 3970 1355 4023 oculos
1402 3969 1653 4019 virtutem
1707 3962 1905 4016 mentis
1951 3964 2128 4015 mittet
2176 3960 2229 4014 in
2279 3974 2376 4013 cor

813 4078 911 4141 per
947 4062 1085 4115 lianc
1118 4060 1339 4130 figuram
1372 4057 1619 4126 corporis

880 4366 1275 4439 pllujuscetnodi
1331 4365 1492 4431 igitur
1545 4377 1834 4432 perennem
1889 4359 2152 4423 lattitiam,
2204 4367 2258 4411 et
2297 4358 2380 4411 lu-

819 4462 990 4521 mina,
1021 4469 1295 4526 totamque
1324 4457 1390 4509 de
1420 4456 1503 4509 bis
1540 4456 1703 4508 rebus
1739 4466 1954 4505 scenam
2002 4466 2097 4518 per
2129 4449 2379 4501 traditio-

2474 3246 2851 3314 ἐξομοιοῦσθαι
2912 3252 3049 3319 μετὰ
3108 3251 3205 3320 τὴν
3262 3251 3598 3320 παράϐασιν,
3658 3256 3773 3314 πῶς
3815 3258 3922 3306 οὐκ
3984 3256 4050 3306 ἂν

2476 3336 2813 3389 συντελέσξιέ
2858 3355 2913 3390 τι
2968 3342 3109 3407 μέγα
3137 3341 3213 3410 τῷ
3262 3340 3547 3394 σπεύδοντι
3605 3347 3933 3412 συστρέφειν
3960 3349 4048 3397 τὶν

2473 3426 2597 3477 νοῦν
2628 3429 2708 3490 είς
2739 3428 2929 3480 ἑαυτὸν
2951 3472 2966 3493 ,
2997 3431 3070 3492 ὡς
3105 3433 3180 3499 μὴ
3212 3433 3310 3500 τὴν
3343 3432 3465 3484 κατ’
3489 3431 3704 3484 εὐθεῖαν
3726 3472 3742 3498 ,
3777 3432 3921 3484 ἀλλὰ
3950 3438 4049 3501 τὴν

2477 3517 2741 3587 κυκλικὴν
2775 3519 2869 3569 καὶ
2906 3520 3120 3587 ἀπλανῆ
3158 3521 3425 3576 κινεῖσθαι
3458 3525 3709 3591 κίνησιν,
3743 3524 3805 3574 το
3844 3526 3926 3591 μὴ
3961 3527 4051 3578 τὸν

2474 3608 2754 3677 ὁφῢαλμον
2776 3605 2878 3664 ὧδε
2906 3609 3131 3664 κάκεῖσε
3158 3615 3461 3682 περιάγειν,
3486 3614 3601 3666 ἀλλ’
3623 3610 3733 3666 οἷον
3759 3615 4051 3683 ἐρείσματί

2474 3718 2582 3753 τινι
2623 3701 2807 3754 τοῦτον
2856 3703 3226 3771 προσερείδειν
3272 3703 3348 3774 τῷ
3393 3706 3577 3774 οἰκείῳ
3623 3705 3843 3774 στήθει,
3891 3708 3928 3775 ἢ
3975 3707 4053 3773 τῷ

2476 3793 2735 3862 ὀμφαλῷ;
2786 3795 2928 3862 Πρὸς
2971 3798 3078 3864 γὰρ
3124 3797 3202 3863 τῷ
3247 3797 3326 3859 εἰς
3371 3796 3570 3848 κύκλον
3616 3796 3807 3864 ὥσπερ
3847 3798 4054 3863 ἔξωθεν

2478 3884 2675 3951 ὲρὸσον
2708 3886 2926 3952 ἐφικτὸν
2962 3887 3293 3940 συνελίττειν
3328 3888 3516 3941 ἑαυτὸν
3552 3890 3953 3959 παραπλησίως
3988 3894 4054 3959 τῇ

2481 3976 2894 4048 σπουδαζόμενῃ
2924 3979 2980 4029 ὲν
3014 3980 3193 4047 ἑαυτῷ
3220 3978 3311 4031 τοῦ
3338 3979 3430 4031 νοῦ
3460 3982 3697 4049 κινήσει,
3729 3984 3827 4033 xui.
3856 3984 3957 4049 τὴν
3986 3983 4054 4033 δι’

2478 4067 2654 4133 Mrem;
2684 4067 2789 4131 ἔξω
2819 4068 3116 4136 δεχομένου
3151 4070 3381 4138 δύναμιν
3410 4070 3504 4123 τοῦ
3534 4072 3660 4137 νοῦ,
3692 4072 3792 4140 τῆς
3825 4074 4055 4140 καρδίας

2481 4158 2613 4209 εἴσω
2659 4157 2865 4227 πέμψει
2909 4159 2998 4211 διὰ
3041 4160 3134 4212 τοῦ
3183 4162 3424 4214 τοιούτου
3480 4164 3758 4234 σχήματος
3807 4162 3901 4214 τοῦ
3955 4164 4056 4214 σιτι-

2484 4266 2673 4314 ματος.

2552 4338 2663 4402 Τὰς
2698 4339 2829 4406 γοῦν
2862 4339 3116 4404 τοιαύτας
3149 4339 3418 4409 ἀλήκτους
3451 4343 3789 4411 εὐφροσύνας
3813 4382 3828 4404 ,
3864 4346 3963 4396 καὶ
4002 4347 4063 4395 τε

2484 4430 2635 4498 φῶτα
2666 4432 2758 4483 καὶ
2786 4433 2967 4483 πᾶσαν
2995 4430 3093 4499 τὴν
3124 4434 3251 4501 περὶ
3281 4432 3448 4485 ταῦτα
3478 4434 3682 4502 σκηνὴν
3709 4435 3774 4485 ὲκ
3805 4434 4031 4503 διαδοχῆ
4039 4454 4063 4497 ς

821 4566 944 4605 nem
978 4560 1275 4618 acceptam,
1311 4549 1477 4601 veluti
1528 4546 1817 4615 quamdam
1875 4544 2157 4595 informem
2214 4551 2359 4593 male

2489 4522 2819 4593 παραλαϐὼν
2851 4522 3114 4590 ιιαλαμᾶς
3146 4522 3307 4575 οἱονεί
3343 4540 3463 4576 τινα
3494 4523 3625 4591 ὕλην
3656 4526 3899 4577 ἀνείδεον
3937 4544 4067 4593 μορ-

824 4642 960 4694 riam
994 4640 1238 4694 Palamas
1274 4637 1608 4697 informavit,
1651 4645 1813 4702 atque
1842 4634 2142 4694 dedicavit;
2191 4642 2242 4684 et
2279 4632 2386 4699 pri-

823 4750 970 4788 mmn
1000 4731 1219 4799 quidem
1256 4730 1307 4782 in
1360 4728 1588 4796 epistula
1637 4726 1704 4778 ad
1756 4725 1962 4777 Menam
2021 4724 2135 4777 haec
2178 4723 2253 4777 ait
2285 4740 2297 4774 :
2327 4723 2382 4776 Si

822 4825 947 4889 quis
1004 4837 1109 4875 non
1153 4830 1395 4887 acceptat
1450 4818 1702 4872 salutaris
1752 4814 1878 4869 Jesn
1931 4814 2188 4883 jubilum,
2237 4812 2381 4881 quod

823 4914 989 4967 etiam
1021 4912 1437 4964 exsultationem
1483 4908 1665 4960 Patres
1718 4905 1916 4973 passim
1962 4902 2254 4972 appellant,
2308 4901 2387 4953 ni-

826 5004 1022 5057 mirum
1078 5004 1370 5067 spirantem
1433 4998 1564 5059 vim,
1608 5005 1664 5047 et
1708 4995 1889 5048 cordis
1927 4994 2035 5045 vivi
2065 4993 2380 5053 motionem,

827 5094 928 5145 iste
958 5092 1101 5155 talis,
1132 5098 1283 5157 puto,
1316 5087 1556 5140 nondum
1580 5087 1747 5138 sentit
1768 5082 2087 5136 suavitatem
2132 5081 2298 5133 illius.
2322 5080 2388 5132 Et

830 5196 1019 5234 rursus
1044 5199 1056 5232 :
1083 5181 1303 5232 Divinus
1330 5193 1455 5231 vero
1494 5176 1658 5229 Isaias
1688 5191 1849 5243 quem
1889 5173 2135 5241 spiritum
2163 5188 2259 5225 nos
2294 5185 2385 5223 ac-

830 5271 1043 5337 cepisse
1071 5280 1125 5321 et
1155 5267 1429 5337 peperisse
1480 5263 1719 5317 fatetur?
1758 5263 1948 5316 Nonne
1984 5261 2193 5313 Domini
2239 5256 2390 5320 Jesu,

830 5359 921 5425 qui
954 5366 1212 5425 operatur
1242 5356 1363 5422 igne
1404 5356 1457 5406 in
1497 5353 1692 5405 animis
1753 5350 2012 5412 lidelium,
2062 5356 2117 5401 ct
2164 5348 2392 5399 salutem

832 5448 1082 5518 perlicit?
1129 5446 1312 5512 Qualis
1369 5455 1548 5498 autem
1620 5442 1760 5510 ignis
1819 5441 2093 5494 daamones
2141 5438 2397 5507 ﬂagellat,

828 5555 1033 5608 eosque
1106 5538 1274 5607 fugat,
1340 5548 1399 5589 ut
1454 5535 1585 5589 dicit
1642 5534 1861 5587 divinus
1920 5531 2081 5583 Pater
2126 5528 2401 5582 Joannes?

830 5634 1021 5686 Nonne
1070 5630 1284 5685 Domini
1334 5629 1482 5693 Jesu,
1538 5627 1630 5695 qui
1678 5627 1731 5679 in
1784 5626 1901 5693 ejus
1952 5622 2205 5674 memoria
2256 5621 2402 5673 intus

910 5789 987 5861 (Ι)
1031 5787 1139 5843 Hoc
1160 5793 1263 5851 est,
1288 5785 1380 5855 qui
1406 5783 1680 5841 silentium
1708 5792 1755 5836 et
1784 5780 2021 5851 quietem
2046 5778 2388 5851 proﬁtentur.

2492 4618 2676 4685 φὼσα;
2710 4613 3044 4684 ἑθεοποίησε.
3079 4616 3186 4667 Καὶ
3216 4615 3431 4684 πρῶτον
3462 4616 3557 4684 μὲν
3586 4618 3640 4667 ὲν
3670 4620 3735 4682 τῇ
3770 4619 3912 4687 πρὸς
3947 4622 4067 4685 Mr.-

2491 4709 2589 4759 νᾶν
2623 4706 2879 4775 ἐπιστολῇ
2912 4706 3086 4758 ταῦτᾶ
3132 4722 3300 4773 φησιν
3328 4721 3344 4738 ο
3384 4707 3449 4758 Et
3479 4723 3563 4768 τις
3596 4707 3655 4759 οὐ
3695 4710 4066 4777 παραδέχεται

2491 4796 2587 4864 τὴν
2622 4796 2939 4863 ἁγαλλίασιν
2970 4797 3065 4848 τοῦ
3105 4799 3377 4865 σωτηρίου
3411 4796 3504 4849 τοῦ
3539 4796 3709 4867 Ἰησοῦ
3734 4835 3751 4861 ,
3788 4800 3934 4867 ὅπερ
3979 4802 4069 4851 καί

2492 4888 2770 4956 σκίρτημα
2801 4888 3070 4953 πολλαχοῦ
3101 4888 3148 4939 οἱ
3185 4888 3425 4958 Πατέρες
3458 4889 3755 4955 ἐκάλεσαν,
3793 4893 4070 4943 πνέουσαν

2491 4979 2738 5048 δύναμιν,
2770 4983 2864 5031 καὶ
2903 4979 3127 5048 καρδίας
3161 4977 3340 5046 ζώσης
3375 4979 3603 5047 κίνημα,
3632 4982 3660 5031 ὁ
3688 4980 3966 5044 τοιοῦτος,
3999 4980 4072 5032 οἷς·

2498 5088 2615 5140 μαι,
2646 5070 2830 5141 ἀκμὴν
2855 5074 2953 5123 οὐκ
2984 5070 3226 5141 ᾑσθάνθη
3256 5069 3444 5137 αὐτῆς.
3474 5072 3584 5123 Καὶ
3611 5071 3794 5133 πάλιν,
3835 5072 4009 5124 Ἦσαῖ
4023 5091 4072 5133 ;ς

2491 5163 2547 5213 δὲ
2596 5163 2625 5214 ὁ
2674 5161 2816 5222 θεῖος
2864 5166 3017 5213 ποῖον
3057 5161 3275 5229 πνεῦμα
3324 5160 3508 5213 λαϐεῖν
3549 5162 3696 5228 ἡμᾶς
3746 5164 3844 5214 καὶ
3889 5168 4073 5215 τεκεῖν

2490 5253 2724 5321 (piam;
2757 5252 2892 5320 Οὐχὶ
2922 5251 3017 5304 τοῦ
3052 5251 3255 5321 Κυρίου
3286 5250 3459 5320 Ἰησοῦ
3491 5250 3584 5303 τοῦ
3620 5252 3988 5321 ἐνεργοῦντος
4022 5258 4073 5305 ἑν

2494 5348 2627 5413 πυρὶ
2657 5346 2768 5406 τοῖς
2813 5346 3022 5403 πιστοῖς
3060 5344 3155 5394 καὶ
3192 5342 3461 5412 σωτηρίαν
3496 5341 3875 5412 πληροῦντος;
3918 5345 4073 5396 Ποῖον

2494 5436 2550 5488 δὲ
2586 5435 2697 5504 πῦρ
2735 5434 2985 5505 μαστίζει
3019 5437 3144 5496 τοὺς
3175 5436 3465 5504 δαίμονας,
3500 5436 3597 5485 καὶ
3631 5435 3948 5501 φυγαδεύει
3982 5440 4074 5488 αὺ-

2498 5528 2645 5590 τοῦς,
2679 5526 2752 5588 ὣς
2786 5543 2951 5593 φησιν
2989 5525 3239 5595 Ἰωάννης
3269 5528 3297 5577 ὁ
3332 5524 3471 5587 Θεῖος
3508 5526 3735 5595 Πατήρς
3768 5527 3847 5578 Οὐ
3882 5529 3950 5579 τὸ
3982 5527 4070 5578 τοῦ

2501 5617 2705 5684 Κυρίου
2739 5614 2913 5683 Ἰησοῦ
2940 5615 2998 5666 τὺ
3028 5616 3085 5665 ὲν
3112 5617 3175 5684 τῇ
3209 5615 3399 5686 μνήμῃ
3428 5614 3594 5667 αὐτοῦ
3623 5616 3862 5682 ἐξάπτον
3894 5617 4071 5682 ἔνδον,

2572 5772 2646 5842 t2,
2690 5769 2800 5825 lloc
2830 5779 2933 5836 est,
2963 5769 3119 5826 siccae
3141 5773 3347 5828 cauda.
