4180 6458
189 416 290 477 Sil

204 536 378 601 ’(νσμὴ
420 532 474 584 δὲ
508 531 763 597 nemo;
807 526 934 576 π’)ἷα
978 521 1135 588 ἑτέρα

190 625 531 691 πνεύματος,
579 622 701 688 ἥτις
754 616 881 669 ποτὲ
926 615 1018 667 καὶ
1071 614 1132 663 ἐκ
1165 612 1260 676 τῆς
1316 607 1460 676 ῥινδς
1509 606 1762 675 ἀῤῥὴτως

192 717 513 783 ὲξὲρχεται;

281 807 371 858 Ἑν
400 807 455 858 δὲ
488 806 596 864 τοῖς
632 804 843 868 λὲγοις,
876 799 967 860 οὓς
1008 795 1303 865 ἐπιγράφει
1343 792 1638 861 προτέρους
1674 794 1766 844 καὶ

195 901 503 965 δευτέρους,
532 896 656 948 τάδε
689 892 854 959 φησίν
880 906 895 920 ο
934 916 950 938 ι
986 892 1051 939 Ὃ
1086 888 1268 956 μέντοι
1300 885 1414 952 φῶς
1451 888 1506 936 ἐν
1533 886 1769 936 ὑποστα-

196 1008 282 1041 σει
315 990 447 1054 φασὶ
475 983 858 1053 πνευματικῶς
883 982 1036 1051 opai-1,
1066 980 1127 1031 ὃν
1158 980 1255 1046 μὲν
1282 978 1375 1029 καὶ
1408 977 1483 1046 μὴ
1513 975 1774 1044 συμϐολα-

197 1079 315 1134 κον,
350 1078 433 1127 ἀεὶ
462 1075 515 1125 δὲ
545 1073 625 1135 ὃν,
659 1072 821 1123 ἄῦλόν
846 1087 903 1121 τε
939 1070 1031 1120 καὶ
1060 1067 1134 1135 νῷ
1166 1065 1460 1134 θεωρητὸν,
1492 1064 1651 1116 τοῦτο
1680 1064 1772 1116 διὰ

199 1171 298 1236 τῆς
323 1167 518 1235 πείρας
545 1165 717 1219 ἴσασι.
749 1183 766 1214 ι
796 1162 905 1214 Καὶ
929 1159 1089 1213 πάλιν
1115 1157 1208 1224 ἀφ’
1228 1158 1414 1226 ἐτέρου
1438 1157 1547 1209 τῶν
1568 1156 1772 1219 αὐτῶν,

196 1255 261 1314 οὗ
307 1262 338 1327 ἡ
375 1259 537 1327 ἀρχὴ,
593 1252 1091 1322 ’Υποψιθυρίσαᾳ
1124 1248 1246 1301 τάδε
1295 1248 1427 1315 φασί
1455 1264 1466 1276 ·
1494 1267 1509 1298 ι
1536 1248 1775 1317 Ἰὀιγαρ-

197 1353 295 1403 οὖν
340 1351 400 1403 τὸ
429 1351 543 1418 φῶς
574 1351 751 1401 ἐκεῖνο
778 1345 1045 1415 σύμϐολόν
1093 1348 1149 1397 τέ
1178 1347 1293 1397 ἐστι
1322 1347 1417 1398 καὶ
1446 1351 1561 1411 φῶς
1585 1343 1778 1412 ἀληθι-

202 1446 316 1507 νὸν,
350 1443 443 1494 καὶ
472 1442 572 1493 οὐκ
604 1440 859 1508 ἀληθινὸν
893 1437 1102 1501 ἁπλῶς,
1136 1437 1253 1489 ἀλλ’
1275 1437 1407 1488 αὐτὸ
1437 1436 1496 1487 τὸ
1527 1435 1780 1504 ἀληθινὸν

203 1533 421 1601 ὑπῆρχε
456 1530 590 1597 φῶς.
627 1547 644 1579 ι
680 1529 786 1580 Καὶ
817 1526 978 1581 πᾶλιν
1006 1529 1063 1578 ὲν
1088 1526 1163 1594 τῷ
1191 1525 1337 1593 αὐτῷ
1360 1541 1372 1554 ·
1408 1544 1425 1575 ι
1460 1526 1521 1577 Εἰ
1550 1526 1659 1592 γαρ
1687 1528 1782 1577 καὶ

202 1624 322 1691 φῶς
368 1623 481 1691 ἔχει
522 1626 620 1691 τὴν
662 1618 1004 1688 ἐπωνυμίαν,
1048 1619 1184 1671 ἀλλὰ
1228 1619 1323 1671 καὶ
1368 1618 1482 1684 φῶς
1528 1617 1784 1685 ἀληθινὸν

203 1717 479 1775 καλεῖται,
508 1714 711 1783 μᾶλλον
732 1714 789 1765 δὲ
817 1711 951 1764 αὐτὸ
973 1711 1033 1763 τὸ
1061 1712 1313 1779 ἀληθινὸν
1338 1710 1474 1777 φῶς,
1501 1711 1528 1762 ὃ
1553 1710 1629 1772 ὡς
1658 1710 1784 1778 ἱμά-

202 1825 321 1860 τιον
351 1808 379 1858 ὁ
408 1806 541 1868 Θεὸς
574 1806 958 1859 ἀναϐάλλεται.
996 1822 1013 1855 t
1053 1802 1255 1856 Τοῦτον
1286 1806 1375 1856 τὸν
1406 1804 1605 1873 τρὺπον
1640 1804 1785 1872 ἔχειν

204 1899 271 1951 τὺ
298 1899 411 1967 φῶς
437 1899 594 1950 τοῦτο
623 1895 1068 1959 κατασκευάσας,
1093 1894 1182 1947 διὰ
1207 1893 1419 1946 πολλῶν
1446 1894 1790 1946 ἀποδεικνύει
1827 1877 1867 1930 Β

207 1992 309 2045 καὶ
341 1992 535 2059 ὁρατὸν
570 1987 709 2043 εἶναι
733 2031 747 2052 ,
783 1989 1101 2057 προστιθεὶς
1136 1986 1233 2041 καὶ
1266 1985 1603 2055 ἁνακράσεις
1635 1985 1789 2048 τινας

209 2083 309 2136 καὶ
352 2083 528 2151 μίξεις
569 2081 665 2134 τοῦ
707 2081 951 2133 τοιούτου
994 2079 1171 2147 φωτὸς
1218 2078 1356 2146 μετὰ
1390 2077 1496 2129 τῶν
1538 2076 1792 2146 ὁρώντων

208 2173 620 2237 ἀποτελεῖσθαι,
650 2175 743 2226 καί
776 2173 949 2241 φησίν
978 2171 1036 2225 ἔν
1059 2188 1168 2224 τινι
1196 2169 1304 2223 τῶν
1330 2170 1636 2239 εἰρημένων
1663 2170 1793 2240 περὶ

209 2265 309 2321 τοῦ
346 2266 523 2334 φωτὸς
557 2264 732 2331 λόγων
758 2279 771 2292 ο
812 2282 829 2314 ι
864 2264 964 2317 Ἔν
993 2264 1140 2316 ἔστιν
1166 2262 1293 2315 ὅταν
1329 2262 1467 2329 μετὰ
1499 2260 1589 2313 τοῦ
1622 2263 1792 2332 ὀρῶν-

210 2373 306 2419 τος
333 2356 573 2423 γίνηται,
599 2354 787 2422 ἕτερον
813 2352 1002 2405 ἄλλοτε
1030 2353 1243 2423 ὁρᾶται.
1276 2351 1413 2403 Ποτὲ
1443 2350 1543 2419 μὲν
1570 2349 1662 2402 τοῦ
1694 2350 1791 2403 σώ-

216 2465 390 2516 ματος
434 2447 729 2514 ἐπανιστᾷ,
770 2445 864 2496 καὶ
907 2445 986 2507 είς
1033 2444 1164 2510 Cedo;
1211 2443 1471 2511 ἀναφέρει
1520 2443 1792 2511 ἆρρητον,

213 2536 397 2591 ἄλλοτ’
421 2534 577 2597 αὖθις
612 2537 702 2588 καὶ
729 2536 789 2587 τὸ
821 2534 983 2602 σῶμα
1013 2535 1505 2603 μεθαρμοσάμενον
1526 2574 1541 2597 ,
1574 2533 1668 2584 καὶ
1697 2532 1796 2600 τῆς

211 2632 427 2692 οἰκείας
460 2626 845 2699 μεταδεδωκὼς
871 2626 1277 2695 λαμπρότητος,
1306 2626 1399 2675 καὶ
1427 2625 1673 2691 εἰρήνης,
1705 2624 1798 2674 καὶ

214 2723 444 2788 ἀγάπης
466 2759 481 2781 ,
508 2718 776 2780 θεοειδοῦς
805 2735 863 2769 τε
896 2716 1086 2786 ἡδονῆς
1118 2717 1213 2768 καὶ
1244 2716 1513 2776 ἀπαθείας
1545 2714 1796 2783 ἔμπλεων

216 2813 481 2879 ποιῆσαν,
521 2809 819 2877 ὀφθαλμοῖς
865 2809 1222 2877 σωματικοῖς,
1263 2805 1309 2857 ὣ
1344 2807 1439 2857 τοῦ
1482 2806 1793 2874 θαύματοςξ

216 2905 432 2971 γίνεται
461 2902 685 2970 ληπτὸν.
723 2920 741 2952 ι
780 2901 887 2953 Καὶ
917 2900 974 2952 ὲν
1003 2900 1216 2969 ἑτέρῳ,
1245 2891 1305 2951 οῦ
1340 2900 1371 2968 ἡ
1402 2900 1543 2968 ἁρχὴ
1567 2939 1581 2961 ,
1609 2900 1799 2952 Εἰς.ιό-

214 3011 338 3061 τως
363 2993 479 3061 μὲν
508 2988 621 3047 οὖν
651 2994 683 3045 ὀ
712 2991 914 3060 λόγος,
944 2990 1069 3044 τάδε
1103 2990 1266 3060 φησίν
1285 3006 1298 3017 ·
1334 3010 1353 3041 ι
1385 2991 1481 3043 Ἐν
1510 2994 1565 3042 ὲν
1597 2991 1799 3060 θεωρία

217 3087 443 3155 πνεῦμα
482 3088 541 3138 τὸ
587 3085 702 3153 φῶς
751 3086 886 3155 μετὰ
923 3083 1033 3137 τῶν
1069 3083 1158 3136 διὰ
1199 3083 1445 3153 καθαρᾶς
1491 3086 1799 3153 προσευχῆς

215 3174 659 3243 ἐντυγχανόντων
691 3174 897 3241 γίνεται
928 3172 1202 3242 ὁρώμενον
1238 3173 1331 3225 καὶ
1370 3169 1445 3242 μὴ
1477 3171 1797 3241 διαιρούμε-
1827 3214 1873 3275 C

217 3284 316 3321 νον
342 3265 519 3319 αὐτῶν
542 3280 552 3293 ·
578 3283 596 3315 ι
628 3265 722 3317 καὶ
749 3263 911 3319 πάλιν
935 3266 991 3316 ἐν
1019 3263 1093 3331 τῷ
1120 3260 1301 3330 αὐτῷ·
1336 3280 1355 3311 ι
1386 3264 1595 3316 Ἵσασιν
1618 3266 1666 3317 oi
1698 3281 1800 3334 με·

223 3357 517 3427 μυημένοι,
550 3357 645 3409 καὶ
672 3356 921 3422 λέγουσιν
948 3355 1009 3408 οὐ
1043 3356 1305 3422 συζυγίαν
1333 3356 1536 3423 ὀλίγοις
1565 3357 1673 3410 τισὶ
1708 3356 1802 3427 μὲ-

221 3466 345 3520 ρεσι
396 3448 491 3501 καὶ
537 3450 796 3517 δυνάμεσι
839 3447 939 3517 τὴν
980 3447 1343 3518 ἀλληλουχίαν
1390 3450 1799 3520 παρεχομένην,

220 3543 345 3594 ἀλλ’
367 3536 478 3593 οἷον
506 3542 806 3610 ἀνάκρασιν
836 3537 973 3593 εῖναι
1002 3540 1141 3609 πρὸς
1165 3540 1343 3610 ψυχὴν
1373 3541 1464 3593 τοῦ
1496 3540 1673 3605 φωτὸς
1702 3542 1799 3609 τῆς

220 3636 449 3706 χάριτος
482 3636 580 3705 τὴν
611 3635 884 3703 ἐνοίκησιν
908 3674 922 3694 ,
958 3633 1276 3704 θαυμαστὴν
1308 3629 1420 3686 οἷον
1452 3634 1693 3703 ἄρρητον
1717 3650 1729 3663 ’
1768 3634 1801 3703 ἠ

217 3729 282 3780 δὲ
318 3728 409 3780 τοῦ
450 3727 717 3795 γαμηλίου
744 3726 1191 3794 συναλλάγματός
1224 3742 1279 3778 τι
1307 3725 1456 3779 δοκεῖ
1488 3726 1595 3779 τῶν
1630 3726 1803 3778 ἄλλων

221 3821 411 3873 πλέον.
458 3820 596 3872 Ἀλλ’
627 3820 737 3872 οὐδ’
766 3821 941 3872 ἐκεῖνο
993 3819 1267 3888 σύμφυσις
1290 3857 1305 3884 ,
1359 3817 1469 3871 οὐδ’
1503 3818 1802 3889 ἀνάκρασίς

222 3917 399 3976 ἐστιν,
430 3911 544 3965 ἀλλ’
565 3911 751 3981 ὁμιλία
781 3911 908 3973 τινὶ,
940 3911 1032 3961 καὶ
1063 3902 1173 3961 οἷον
1207 3908 1508 3978 προσκολλή
1522 3925 1621 3971 σει,
1652 3908 1709 3959 ἒν
1738 3909 1807 3961 τὰ

224 4007 402 4059 πλείω
430 4004 688 4070 γίνονται.
726 4020 745 4053 ‹
782 4000 1069 4053 Ἔσονται
1104 4000 1211 4069 γὰρ
1232 4043 1245 4066 ,
1274 4001 1468 4069 φησὶν,
1500 4002 1553 4052 οἱ
1582 3999 1692 4054 δύο
1722 4001 1809 4065 εἰς

222 4098 426 4165 σάρκα
438 4096 606 4164 μίαν,
622 4112 638 4145 ι
664 4095 757 4147 καὶ
780 4098 957 4162 σάρκα
982 4096 1168 4164 μόνην,
1188 4094 1430 4162 ἁλλόὑχὶ
1455 4094 1546 4145 καὶ
1569 4093 1806 4161 πνεῦμα.

236 4192 308 4243 Ἱι
343 4190 398 4241 δὲ
431 4188 522 4241 τοῦ
558 4187 693 4240 Θεοῦ
730 4188 861 4257 προς
895 4188 1021 4247 τοὺς
1052 4186 1390 4254 ἠξιωμένους
1422 4185 1640 4247 ἓνωσις,
1671 4183 1809 4251 γνώ-

226 4300 373 4343 σεως
412 4282 583 4334 πάντα
614 4280 814 4350 τρόπον
844 4279 1262 4348 ὑπερϐάλλουσα
1290 4278 1366 4347 τῷ
1402 4278 1668 4348 παντελὴς
1704 4280 1806 4331 ὑπ-

226 4376 425 4445 άρχειν
454 4375 546 4426 καὶ
570 4374 665 4426 τοῦ
696 4371 1002 4442 χωροῦντος
1030 4372 1280 4440 κρεῖττον
1307 4370 1338 4439 ἢ
1371 4372 1547 4437 λόγος,
1580 4369 1646 4422 δι’
1671 4370 1809 4422 ὅλων

224 4468 344 4519 τῶν
374 4466 628 4535 καθαρῶν
658 4463 982 4533 πνευμάτων
1016 4462 1349 4529 Πνεῦματος.

226 4560 493 4634 gnitionis
523 4567 767 4631 superat,
813 4573 881 4613 eo
908 4558 1053 4629 quod
1108 4557 1347 4625 perfecta
1381 4556 1603 4612 exsistat

230 4660 579 4727 penetrante,
612 4666 774 4722 quam
809 4659 868 4704 ut
892 4651 998 4703 dici
1032 4652 1224 4720 possit.
1264 4668 1282 4699 ι

1413 397 1812 459 ADVERSUS
1852 392 2243 456 PALAMMI.

1181 519 1224 569 εί
1270 517 1343 584 μὴ
1455 514 1633 581 θέρμη
1662 511 1758 564 τοῦ
1798 560 1799 567 η

1908 508 2213 562 xardesrit?
2245 506 2446 560 halitus
2497 514 2677 557 autem
2718 498 2945 553 naribus
2975 506 3259 560 attractus,
3293 501 3440 566 quis-

1876 616 2000 652 nam
2035 600 2174 654 alios
2224 608 2309 654 est
2345 596 2565 656 excelsi,
2610 609 2773 663 quant
2834 592 3017 644 fervor
3061 592 3311 660 spiritus,
3357 592 3447 659 qui

1875 693 2209 761 quandoque
2232 693 2393 745 etiam
2419 704 2449 742 c
2473 687 2698 741 naribus
2730 699 2934 738 arcano
2960 683 3122 737 modo
3155 689 3265 736 exit
3291 684 3313 734 ’ἲ

3338 379 3444 445 849

1949 784 2004 839 in
2034 784 2379 839 orationibus
2411 795 2561 841 vero.
2591 794 2730 848 quas
2773 778 2985 847 priores
3042 784 3095 829 et
3126 775 3455 842 posteriores

1880 879 2150 940 inscribit,
2185 880 2300 931 haec
2329 875 2406 929 ait
2446 891 2462 927 :
2499 892 2519 924 ι
2560 872 2730 925 Porro
2763 871 2945 922 lumen
2977 867 3124 936 quod
3148 865 3456 921 subsistens

1877 970 2198 1041 Spiritaliter
2238 982 2297 1023 se
2338 966 2527 1021 videre
2551 963 2726 1025 aiunt,
2751 958 2966 1013 exsistit
2998 958 3318 1027 quidem,et
3350 972 3456 1007 non

1883 1065 2226 1133 imaginarie,
2263 1074 2482 1128 semper
2535 1070 2668 1110 vero
2710 1053 2953 1113 exsistit.
2989 1052 3343 1106 immateriale
3395 1065 3461 1103 ac

1884 1155 2226 1221 intelligibile
2259 1154 2364 1208 hoc
2396 1153 2581 1205 lumen
2619 1166 2718 1219 per
2742 1146 3135 1218 experientiam
3171 1154 3395 1198 norunt.
3434 1162 3454 1192 ο

1886 1250 1955 1304 Et
1982 1264 2172 1303 rursus
2202 1250 2256 1301 in
2283 1247 2390 1300 alia
2420 1243 2740 1300 earumdem
2791 1242 3129 1299 orationum.
3175 1239 3330 1306 cujus
3360 1235 3463 1289 ini-

1889 1343 2045 1401 tium,
2078 1339 2734 1395 Cumsubmurmurassct,
2789 1333 2905 1386 hare
2936 1331 3032 1393 ait,
3090 1348 3109 1379 (
3164 1328 3333 1397 Igitur
3383 1328 3470 1381 lu-

1890 1444 2013 1481 men
2041 1426 2173 1481 illud
2213 1437 2270 1480 et
2316 1426 2621 1495 symbolum
2667 1432 2772 1488 est,
2816 1436 2871 1478 et
2912 1424 3097 1476 lumen
3150 1435 3364 1481 verum,
3413 1427 3469 1473 et

1890 1536 1998 1576 non
2026 1519 2351 1587 simpliciter
2381 1533 2597 1580 verum,
2626 1516 2723 1570 sed
2756 1516 2936 1584 ipsum
2978 1530 3027 1568 Vl
3047 1529 3167 1567 rum
3218 1522 3337 1567 erat
3380 1513 3469 1564 lu-

1892 1627 2041 1667 men.
2097 1629 2115 1659 »
2164 1610 2377 1663 Rursus
2441 1609 2494 1662 in
2531 1612 2724 1662 eadem
2766 1607 3012 1660 oratione
3050 1621 3064 1657 :
3106 1623 3124 1654 ι
3163 1603 3273 1657 Etsi
3325 1602 3469 1657 enim

1893 1706 2077 1759 lumen
2120 1703 2450 1772 appellatur,
2501 1699 2597 1754 sed
2640 1708 2693 1753 ct
2725 1713 2916 1753 verum
2964 1697 3146 1751 lumen
3190 1708 3475 1763 utineupaa

1896 1808 2007 1861 tur,
2067 1797 2178 1850 imo
2224 1808 2356 1848 vero
2412 1795 2589 1862 ipsum
2645 1800 2729 1846 est
2782 1806 2971 1846 verum
3006 1791 3213 1852 lumen,
3240 1790 3385 1857 quod
3416 1796 3476 1842 ut

1893 1889 2286 1944 vestimentum
2333 1885 2513 1939 induit
2564 1884 2726 1939 Deus.
2774 1901 2793 1935 ι
2827 1883 2984 1938 Hunc
3025 1883 3077 1936 in
3112 1884 3331 1936 modum
3376 1882 3477 1935 ha-

1896 1984 2027 2039 bere
2075 1998 2134 2038 se
2192 1982 2372 2036 lumen
2434 1995 2559 2035 cum
2618 1976 2963 2040 astruxisset,
3028 1976 3217 2031 multis
3261 1976 3476 2045 prohat,

1895 2077 2059 2132 etiam
2095 2074 2313 2130 visibile
2336 2087 2481 2135 esse,
2528 2072 2735 2128 addens
2782 2072 3008 2138 insuper
3053 2070 3479 2138 temperationes

1895 2168 2157 2236 quasdam
2213 2165 2354 2220 etlici
2403 2179 2466 2219 ac
2495 2165 2881 2233 permistiones
2908 2162 3072 2230 hujus
3103 2160 3330 2214 luminis
3355 2177 3479 2213 eum

1900 2260 2026 2324 illis,
2074 2259 2169 2327 qui
2216 2257 2351 2311 illud
2397 2256 2607 2320 vident,
2662 2270 2726 2309 ac
2766 2256 2999 2325 loquens
3031 2253 3101 2307 de
3140 2254 3246 2307 hoc
3275 2253 3482 2306 lumine

1899 2354 1951 2406 in
1989 2367 2096 2405 una
2124 2366 2190 2405 ex
2216 2350 2493 2420 praedictis
2531 2349 2894 2415 orationibus,
2944 2348 3019 2402 ait
3055 2365 3069 2401 :
3109 2365 3127 2399 ι
3169 2348 3347 2402 Unum
3375 2358 3479 2400 est.

1898 2443 2121 2513 quando
2146 2459 2270 2497 cum
2318 2442 2537 2495 vidente
2569 2442 2647 2503 lit,
2689 2438 2837 2494 aliud
2870 2438 3203 2508 quandoque
3244 2436 3480 2500 vidi-tur,

1900 2535 2194 2604 aliquando
2224 2534 2278 2587 in
2319 2547 2521 2602 corpus
2568 2532 2834 2598 impetum
2879 2529 3029 2594 facit,
3079 2537 3135 2582 et
3161 2527 3291 2581 illud
3322 2528 3377 2579 in
3409 2529 3485 2580 al—

1900 2628 2193 2682 titudinem
2223 2625 2556 2681 ineﬂ‘abilem
2590 2624 2810 2679 attollit.
2851 2622 3064 2676 Rursus
3102 2622 3237 2676 alias
3266 2622 3482 2689 corpori

1900 2734 1958 2773 se
1986 2719 2248 2787 adaptans
2283 2728 2339 2772 et
2375 2715 2814 2781 accommodans,
2854 2728 2918 2769 ac
2944 2712 3169 2783 proprio
3192 2712 3485 2780 splendore

1901 2810 2330 2875 communicato,
2385 2810 2475 2863 ubi
2506 2808 2676 2878 pacis,
2714 2807 3001 2861 charitatis
3055 2794 3364 2873 divina-que
3390 2820 3489 2855 vo-

1903 2904 2128 2973 luptatis
2169 2910 2226 2956 et
2290 2900 2748 2971 impassibilitatis
2781 2899 3002 2968 plenum
3057 2898 3323 2963 ell'eccrit,
3356 2914 3490 2951 ocu-

1904 2997 1968 3049 lis
1995 2991 2297 3059 corporeis,
2329 3009 2362 3047 o
2384 3007 2499 3048 rem
2528 2991 2756 3048 miram!
2784 2992 3107 3062 percipitur.
3142 3012 3158 3043 I
3194 2993 3258 3047 Et
3282 2994 3333 3046 in
3359 3008 3488 3047 Oru-

1904 3088 2075 3153 tione,
2140 3086 2298 3156 cujus
2371 3086 2615 3149 initium,
2678 3083 2871 3138 Merito
2924 3085 3088 3155 igitur
3125 3086 3317 3148 oratio,
3374 3085 3489 3139 lucc

1904 3178 2033 3237 ait:
2083 3197 2102 3230 ε
2140 3178 2350 3233 Lumen
2387 3193 2530 3233 unus
2572 3176 2633 3231 llt
2686 3175 2925 3247 Spiritus
2974 3177 3029 3229 in
3114 3176 3491 3246 specnlatione

1904 3286 2033 3327 cum
2060 3270 2191 3335 illis,
2221 3272 2316 3340 qui
2356 3284 2455 3339 per
2489 3270 2756 3323 sinceram
2790 3269 3168 3338 precationem
3196 3268 3328 3323 illud
3354 3285 3489 3323 nan-

1904 3366 2213 3429 ciscuntur,
2261 3376 2389 3416 cum
2438 3360 2711 3421 videatur.
2748 3370 2805 3415 et
2851 3359 2921 3415 ab
2962 3359 3098 3429 lpsis
3137 3374 3247 3415 non
3276 3359 3490 3414 divida-

1907 3466 2018 3511 tur.
2069 3477 2088 3507 ι
2125 3457 2341 3510 Rursus
2373 3452 2427 3508 in
2473 3454 2666 3508 eadem
2701 3471 2715 3507 :
2754 3471 2773 3505 ι
2810 3452 3008 3508 Sciunt
3055 3453 3280 3515 initiati.
3315 3464 3370 3508 et
3406 3468 3492 3508 as-

1903 3557 2096 3601 serunt
2136 3559 2456 3614 compagem
2518 3551 2762 3597 mutuam
2798 3583 2813 3607 ,
2854 3559 2964 3597 non
3008 3552 3219 3598 tantum
3263 3543 3493 3614 conjuno

1906 3641 2147 3693 etionem
2190 3620 2379 3707 paucis
2427 3636 2758 3706 quibusdam
2832 3636 3081 3705 partibus
3130 3651 3185 3690 et
3233 3636 3493 3705 potentiis

1906 3729 2173 3799 praebere,
2211 3728 2306 3783 sed
2357 3727 2811 3781 inhabitationem
2848 3726 3073 3783 luminis
3117 3714 3324 3798 gratiae,
3370 3729 3490 3783 vel-

1908 3822 1986 3874 uti
2022 3819 2437 3889 permistionem
2473 3833 2598 3873 esse
2666 3832 2789 3873 cum
2821 3819 3002 3873 anima
3039 3820 3231 3873 miram
3266 3831 3323 3874 et
3362 3822 3498 3875 ine!L

1910 3911 2153 3967 labilem.
2187 3912 2362 3965 Porro
2383 3911 2705 3980 conjunctio
2740 3911 3003 3981 nuptialis
3033 3913 3351 3968 commercii
3376 3914 3499 3968 aliis

1910 4007 2131 4074 quidem
2168 4007 2340 4075 major
2370 4004 2611 4068 videtur,
2656 4008 2751 4060 sed
2787 4022 2968 4076 neque
3006 4010 3119 4076 ipsa
3154 4016 3237 4063 est
3268 4023 3498 4062 concre-

1918 4096 1994 4150 tio
2033 4106 2089 4151 et
2147 4096 2434 4167 permistio
2456 4137 2470 4159 ,
2510 4097 2603 4151 sed
2636 4112 2933 4167 congressu
2966 4099 3227 4167 quodam,
3261 4114 3324 4153 ac
3356 4100 3502 4153 velut.

1916 4189 2347 4259 agglutinatiene
2385 4189 2620 4257 plurima
2676 4203 2849 4243 unum
2897 4190 3034 4245 ﬁunt
3078 4208 3093 4245 :
3127 4190 3299 4244 Erunt
3338 4194 3499 4253 enim,

1919 4280 2117 4348 inquit,
2144 4281 2246 4333 duo
2282 4282 2336 4334 in
2375 4296 2587 4334 carnem
2615 4297 2798 4346 unam,
2822 4291 2879 4336 et
2905 4296 3125 4338 carnem
3154 4285 3373 4352 quidem
3416 4299 3505 4338 ξος-

1917 4372 2045 4435 lam,
2081 4387 2185 4425 non
2214 4383 2397 4426 autem
2434 4383 2489 4427 et
2538 4373 2816 4443 spirituum.
2863 4374 2956 4427 Dei
3011 4388 3143 4427 vero
3187 4375 3504 4444 conjunctio

1916 4476 2040 4515 cum
2068 4462 2155 4525 iis,
2191 4462 2286 4531 qui
2318 4461 2469 4531 digni
2506 4461 2632 4517 tacti
2680 4472 2830 4527 sunt,
2881 4475 3101 4516 omnem
3154 4464 3376 4517 modum
3411 4478 3506 4518 co-

1657 4577 1671 4613 :
1722 4557 1983 4613 nimirum
2043 4556 2277 4628 Spiritu,
2318 4566 2548 4614 cunctos
2613 4559 2847 4629 Spiritus
2905 4573 3081 4627 puros
3155 4560 3505 4628 praestantius

318 4748 443 4800 Ἐπὶ
459 4748 663 4808 τούτιις
682 4743 1037 4815 ἐλεγχόμενος
1056 4744 1159 4795 ὑπὸ
1176 4744 1266 4794 τοῦ
1292 4744 1365 4795 Βα
1377 4742 1557 4813 ρλααμ
1584 4746 1791 4798 ἐκείνου

1995 4746 2069 4800 De
2106 4747 2192 4802 his
2227 4761 2354 4818 ergo
2398 4746 2765 4817 reprehensus
2814 4746 2883 4802 ab
2942 4713 3035 4802 illo
3092 4746 3359 4812 Barlaam,
3412 4752 3506 4819 qui

226 4842 331 4895 τοῦ
357 4845 449 4893 καὶ
478 4840 577 4909 τὴν
630 4840 805 4909 ἀρχὴν
862 4835 1023 4889 αὑτὸν
1075 4839 1449 4904 φωράσαντος,
1482 4836 1670 4905 σαφῶς
1720 4838 1817 4908 τὴν

227 4930 425 4985 οὐσίαν
440 4929 530 4981 τοῦ
560 4928 695 4978 Θεοῦ
721 4925 921 4994 ὁρατὴν
946 4926 1040 4977 καὶ
1068 4924 1338 4995 πνευστὴν
1365 4928 1817 4994 κατασκευάζων,

229 5022 521 5088 ὲκφεῦγων
549 5020 709 5089 δῆθεν
738 5019 797 5069 τὸ
829 5018 1045 5082 ἄτοπον,
1079 5017 1281 5087 χείρονι
1312 5019 1470 5089 κακῷ
1494 5021 1819 5088 θεραπεύειν

230 5115 336 5182 τὴν
367 5112 574 5188 αἳρεσιν
619 5110 960 5177 ἐπεχείρησε,
996 5110 1090 5160 καὶ
1122 5112 1293 5179 τολμᾷ
1353 5112 1449 5178 τὴν
1498 5110 1818 5178 ὐπερούσιον

233 5204 474 5271 ὓπαρξιν
505 5201 597 5252 τοῦ
630 5200 764 5252 Θεοῦ
802 5203 1163 5269 πραγματικῇ
1207 5199 1475 5268 διακρίσει
1521 5204 1600 5264 είς
1625 5202 1814 5255 οὐσίαν

232 5299 332 5349 καί
361 5296 656 5362 ἐνέργειαν,
700 5294 899 5359 μᾶλλον
943 5292 998 5343 δὲ
1052 5292 1328 5360 ἐνεργείας
1382 5293 1670 5348 διελέσθαι.
1705 5295 1813 5347 Καί

231 5402 402 5456 φησιν
431 5388 485 5437 ἐν
504 5400 609 5435 τικι
630 5384 736 5435 τῶν
763 5383 1066 5450 εἰρημένων
1090 5382 1282 5446 λόγων,
1316 5382 1398 5432 ὅτι
1424 5383 1578 5435 τοῦτο
1624 5384 1684 5435 τὸ
1701 5386 1816 5452 φῶς

228 5477 393 5546 οὐσίᾳ
435 5475 531 5544 μὲν
558 5474 693 5525 Θεοῦ
715 5474 812 5524 οὐκ
844 5474 979 5524 ἐστι’
1018 5472 1111 5524 καὶ
1140 5474 1244 5541 γὰρ
1294 5474 1571 5541 ἀνέπαφος
1606 5477 1811 5547 ἐκείνη·

232 5568 469 5634 ἄγγελος
500 5567 597 5617 οὑκ
628 5565 740 5616 ἐστι
771 5580 785 5593 ·
812 5562 1163 5623 δεσποτικοὺς
1205 5564 1311 5632 γὰρ
1346 5565 1500 5633 φέρει
1533 5568 1811 5637 χαρακτῆ-

234 5677 363 5731 ρας.
420 5662 528 5711 Καὶ
575 5657 754 5720 πάλιν,
789 5655 862 5709 Τὸ
896 5655 1009 5723 φῶς
1046 5654 1200 5706 τοῦτο
1231 5654 1433 5723 θεωρία
1488 5651 1556 5724 ἦν
1610 5659 1669 5709 οὐ
1712 5658 1812 5728 τῆς

230 5754 387 5812 θείας
412 5750 642 5817 φύσεως,
666 5747 797 5798 ἀλλὰ
822 5746 918 5814 τῆς
950 5744 1102 5812 δόξης
1128 5747 1223 5813 τῆς
1278 5745 1489 5810 φύσεως
1534 5747 1719 5808 αὐτοῦ,
1746 5751 1810 5819 ἢν

230 5846 332 5895 καὶ
373 5843 534 5893 ἔδωκε
563 5841 673 5902 τοῖς
706 5839 974 5909 μαθηταῖς
1021 5840 1048 5888 ὁ
1103 5835 1323 5901 Κύριος,
1358 5841 1452 5889 καὶ
1508 5839 1574 5891 6.’

489 5935 761 5993 [Ἀτιιοι.
804 5933 919 5991 (in.
964 5927 1169 5989 CLIV.

1629 5842 1806 5893 αὐτῶν

1920 4839 2085 4893 etiam
2114 4840 2183 4894 ab
2236 4841 2392 4894 initio
2413 4855 2540 4895 eum
2589 4840 2816 4903 detexit,
2863 4856 2987 4895 eum
3040 4841 3325 4895 manifeste
3372 4842 3507 4896 sub-

1920 4932 2178 4986 stantiam
2214 4932 2308 4985 Dei
2340 4932 2613 4986 visibilem
2651 4939 2705 4987 et
2742 4932 3056 5000 spirabilem
3118 4934 3503 4997 constitueret,

1919 5023 2171 5076 devitans
2197 5023 2457 5076 nimirum
2516 5024 2841 5087 absurdum,
2874 5024 3048 5091 pejori
3086 5025 3226 5078 malo
3256 5026 3507 5079 haeresim

1921 5130 2115 5169 curare
2148 5129 2439 5182 aggressus
2468 5123 2575 5176 est,
2602 5126 2765 5182 atque
2797 5116 2966 5167 audet
3000 5116 3510 5183 supersubstantia-

1920 5206 2026 5259 lem
2061 5205 2439 5259 exsistentiam
2483 5207 2577 5260 Dei
2633 5206 2763 5260 reali
2811 5207 3167 5262 distinctione
3223 5210 3275 5261 in
3321 5225 3502 5263 esseo-

1920 5298 2049 5350 tiam
2109 5305 2165 5350 et
2196 5298 2592 5365 operationem,
2620 5300 2751 5368 quin
2787 5302 2969 5370 potius
2990 5301 3337 5369 operationes
3370 5308 3508 5357 mul-

1921 5396 2001 5441 tas
2048 5387 2314 5444 dividere.
2353 5392 2531 5459 Atque
2588 5391 2665 5443 ait
2713 5392 2763 5443 in
2815 5392 3048 5459 quadam
3119 5395 3504 5462 przedictarum

1924 5478 2265 5545 orationum,
2298 5480 2402 5534 hoc
2432 5481 2619 5535 lumen
2665 5481 3029 5536 substantiam
3073 5484 3165 5538 Dei
3205 5501 3313 5541 non
3362 5504 3505 5553 es<e,

1921 5570 2128 5624 etenim
2192 5569 2495 5624 intactilem
2540 5570 2692 5624 illam
2738 5587 2881 5636 esse,
2932 5576 3183 5645 angelum
3216 5593 3325 5631 non
3362 5595 3505 5644 esse,

1921 5660 2070 5730 quod
2132 5660 2335 5715 heriles
2402 5662 2746 5717 characteres
2816 5676 2988 5733 gerat,
3058 5688 3073 5718 ι
3134 5670 3199 5723 Ει
3251 5687 3507 5730 rursus:

1924 5771 1942 5803 ι
1986 5752 2197 5805 Lumen
2234 5752 2338 5805 hoc
2376 5753 2635 5807 intuitum
2689 5772 2833 5819 esse,
2876 5774 2983 5812 non
3040 5759 3239 5813 divina:
3278 5776 3506 5829 natura»,

1916 5845 2009 5899 sed
2044 5845 2228 5910 gloria:
2262 5856 2469 5898 natura:
2514 5846 2654 5916 ejus,
2702 5864 2862 5915 quem
2903 5851 3070 5904 etiam
3127 5854 3274 5909 dedit
3322 5857 3505 5909 Donu-

3113 5948 3187 6003 '27
