4180 6458
214 472 326 534 845

292 582 401 634 Καὶ
431 585 611 645 πᾶλιν,
664 587 771 645 τοῖς
830 583 903 650 μὴ
962 585 1281 649 ὁμολογοῦσι
1335 588 1472 636 κατᾶ
1522 586 1619 645 τὶς
1675 584 1783 635 τῶν
1823 597 1862 650 Α

215 675 390 741 ἁγίων
428 676 814 738 Θεοπνεύστους
857 675 1159 743 θεολογίας,
1186 677 1274 727 καὶ
1311 678 1366 726 τὸ
1399 679 1494 744 τῆς
1562 675 1792 743 Ἐκκλη-

220 768 342 828 σίας
374 768 596 829 εὐσεϐὲς
625 768 877 837 φρόνημα
912 771 1051 836 μήτε
1100 768 1301 836 κτίσμα
1329 763 1465 820 εἶναι
1497 768 1555 819 τὸ
1590 766 1797 819 υειάτα-

214 876 308 909 τον
341 862 515 911 ἐκεῖνο
567 859 701 925 φῶς,
741 862 878 929 μήτε
927 860 1114 912 οὐσίαν
1165 860 1321 921 Θεοῦ,
1375 859 1489 912 ἀλλ’
1545 862 1795 912 ἄκτιστον

216 950 312 1000 καὶ
343 950 583 1015 φυσικὴν
611 950 794 1017 χάριν,
826 951 920 1001 καὶ
961 950 1225 1017 ἕλλαμψιν
1261 952 1351 1000 καὶ
1402 950 1701 1017 ἐνέργειαν,

218 1037 390 1103 αὐτῆς
429 1038 526 1106 τῆς
559 1038 707 1101 θείας
742 1040 929 1101 οὐσίας
977 1041 1296 1108 ἀχιιιρίστως
1328 1038 1416 1090 ἀεὶ
1473 1038 1790 1109 προϊοῦσαν,

214 1124 488 1192 ἀνάθεμα.

290 1216 576 1286 Καθολικῷ
612 1218 712 1287 μέν
742 1217 832 1271 οῦν
855 1218 996 1287 λόγῳ
1041 1219 1169 1287 περὶ
1185 1219 1370 1281 οὐσίας
1404 1220 1494 1272 καί
1514 1219 1795 1291 ἐνεργείας

213 1307 472 1357 ἀκτίστου
496 1308 654 1371 Θεοῦ,
689 1311 757 1376 ἣν
800 1311 891 1360 καὶ
918 1312 1031 1377 φώς
1056 1313 1149 1363 καὶ
1177 1311 1335 1373 δόξαν
1370 1312 1464 1363 καὶ
1489 1314 1668 1380 χάριν,
1697 1311 1795 1364 καὶ

211 1399 480 1468 ἔλλαμψιν
508 1401 603 1452 καὶ
642 1399 871 1470 Θεότητα
899 1403 1223 1473 ὑφειμένην,
1266 1402 1361 1455 καὶ
1399 1403 1534 1456 ἄλλα
1566 1402 1794 1455 τοιαῦτα

212 1495 444 1544 πλεῖστα
468 1495 847 1562 ἐπωνόμασαν,
879 1496 989 1549 τάδ’
1014 1498 1383 1567 ἀπεφήναντο,
1434 1497 1574 1550 κατὰ
1625 1497 1792 1565 μέρος

210 1584 272 1635 δὲ
305 1585 397 1636 καὶ
427 1585 643 1648 πολλοῖς
665 1588 885 1656 τρόποις
908 1589 1214 1657 ἐχρήσαντο
1265 1588 1613 1657 διακρίσεως.

289 1766 398 1818 Καὶ
427 1766 641 1834 πρῶτος
677 1768 776 1836 μὲν
809 1768 1007 1837 τρόπος
1039 1767 1208 1829 ἐστὶν,
1255 1767 1335 1819 ὅτι
1376 1766 1525 1834 φασὶ,
1561 1766 1633 1819 Τὸ
1692 1766 1792 1836 μὲν

212 1860 363 1910 ἐστὶν
392 1860 546 1911 οὐσία
575 1862 669 1912 καὶ
721 1860 1050 1921 ὑπόστασις·
1084 1861 1143 1912 τὸ
1189 1860 1244 1910 δὲ
1279 1858 1401 1910 οὔτε
1460 1858 1637 1921 οὐσία,
1665 1857 1791 1911 οὔτε

213 1952 533 2013 ὑπόστασις.
562 1954 667 2005 Καί
700 1970 866 2022 φησιν
895 1954 922 2004 ὁ
958 1954 1053 2021 μέν
1088 1953 1352 2021 ἰῐαλαμᾶς
1375 1954 1431 2004 ἐν
1460 1951 1712 2020 διαλόγω,
1743 1944 1789 2017 ᾧ
1819 1942 1862 1996 Β

213 2045 511 2111 ἐπιγράφει
571 2045 885 2112 Θεοφάνην
918 2045 1017 2096 καὶ
1069 2047 1369 2114 Θεότιμον·
1403 2046 1464 2097 ΕΞ
1515 2044 1622 2114 γὰρ
1662 2043 1790 2115 μήθ’

214 2138 535 2200 ὑπόστασις,
568 2137 693 2209 μήτ’¹
719 2138 925 2205 οὐσίαή
960 2137 1147 2206 Θεὸτης
1172 2138 1437 2205 πέφυκεν,
1496 2136 1610 2189 ἀλλ’
1636 2137 1791 2189 οὐδὲν

212 2226 381 2299 ἦττον
433 2228 687 2291 ἄκτιστος
741 2230 834 2281 καὶ
858 2230 1056 2293 ἀΐδιος·
1112 2232 1139 2281 ὸ
1181 2230 1226 2281 δ’
1282 2233 1345 2281 ἐκ
1394 2228 1789 2297 Θεσσαλονίκης

214 2321 409 2383 Νεῖλος
439 2323 494 2372 ἐν
512 2322 674 2391 λόγῳ,
692 2314 753 2374 οῦ
773 2322 805 2388 ἡ
828 2322 987 2392 ἁρχὴ,
1021 2323 1230 2375 Κανών
1264 2322 1396 2376 ἐστι
1425 2320 1789 2389 θεολογικός·

220 2433 239 2463 ι
267 2412 505 2483 Ἐκάστη
532 2415 650 2483 μὲν,
684 2417 869 2483 φησιν,
897 2414 1194 2475 ὑπόστασις
1229 2414 1500 2483 ὑφέστηκε
1524 2412 1647 2465 καθ’
1668 2413 1790 2466 ἐαυ-

214 2510 319 2575 τήν
346 2524 359 2538 ’
384 2508 636 2576 ἐνέργεια
668 2508 726 2560 οῦ
757 2507 877 2560 καθ’
906 2508 1105 2576 ἑαυτὴν
1138 2508 1462 2577 ὑφέστηκεν.
1497 2506 1615 2558 »Ἑν
1636 2507 1690 2558 δὲ
1713 2505 1790 2575 τῷ

214 2600 371 2670 ’τόμῳ
406 2601 601 2663 πάντες
633 2600 789 2671 ὁμοῦ,
827 2620 844 2652 ι
883 2600 1047 2668 Ὶιμῖν
1078 2599 1154 2665 δὲ,
1180 2600 1367 2668 φασιν,
1428 2601 1628 2668 ἀρτίως
1652 2601 1678 2651 ὁ
1703 2599 1794 2651 3.6-

228 2710 321 2759 γος
349 2693 413 2744 οὐ
439 2693 567 2763 περὶ
617 2694 818 2761 ταύτης
870 2692 973 2762 τῆς
1026 2694 1307 2761 ἐνεργείας
1364 2692 1789 2758 καὶδυνάμεως,

216 2780 357 2832 ἀλλὰ
386 2782 514 2851 περὶ
540 2782 635 2850 τῆς
673 2782 859 2850 κοινῆς
895 2784 994 2852 τῆς
1035 2782 1466 2851 τρισυποστάτου
1518 2779 1791 2850 Θεότητος,

214 2872 344 2941 ἣτις
391 2872 486 2940 οὐχ
520 2873 813 2935 ὑπόστασις
862 2876 1032 2935 ἐστιν,
1086 2874 1221 2926 ἀλλὰ
1275 2872 1433 2939 φύσει
1482 2871 1577 2923 καὶ
1627 2872 1794 2941 ὑπερ-

216 2963 372 3031 φυῶς
394 2965 686 3031 πρόσεστιν
707 2966 914 3032 ἑκάστῃ
932 2964 1040 3016 τῶν
1061 2963 1365 3032 Οεαρχικῶν
1383 2962 1751 3014 ὑποστάσεων.
1769 2980 1786 3012 ι

287 3143 549 3211 Δεύτερος
575 3144 755 3209 δέ,ὅτι
786 3145 970 3209 φασὶν,
1012 3144 1074 3196 Ἡ
1121 3146 1218 3212 μὲν
1276 3144 1432 3198 οὐσία
1489 3145 1582 3198 τσῦ
1656 3143 1789 3196 Θεοῦ

1423 473 1825 535 ADVERSUS
1868 472 1955 530 ΡΛ
1969 472 2055 530 [Α
2070 474 2262 533 ΜᾹΜ.

3306 508 3309 511 λ
3370 469 3480 532 846

1967 580 2030 635 Et
2074 598 2265 635 rursus
2324 583 2389 636 iis
2443 583 2533 652 qui
2571 597 2680 635 non
2724 581 3054 636 conﬁtentur
3084 582 3233 649 juxta
3261 591 3478 634 sancto-

1900 691 2022 728 rum
2077 692 2106 729 a
2159 678 2272 729 Deo
2306 678 2603 746 inspiratus
2657 676 2980 743 lheologias,
3012 683 3065 727 et
3114 677 3260 742 pium
3294 673 3479 728 Eccle-

1899 768 1991 821 εἰςυ
2050 783 2311 830 sensum,
2365 769 2772 822 divinissimutn
2827 767 2957 820 illud
3014 766 3237 824 lumen.
3296 779 3475 832 neque

1898 872 2145 913 creatum
2180 875 2324 920 esse,
2349 877 2527 929 neque
2585 860 2947 914 substantiam
2976 858 3093 918 Dei,
3130 857 3224 909 sed
3264 857 3477 909 increa-

1903 963 2009 1005 tatn
2046 967 2104 1008 et
2158 953 2461 1007 naturalem
2489 954 2738 1021 gratiam,
2760 962 2811 1003 et
2835 950 3283 1006 illustrationetn.
3313 956 3477 1013 atque

1896 1045 2271 1111 operationem
2299 1061 2365 1099 ex
2400 1044 2513 1112 ipsa
2549 1045 2736 1097 divina
2762 1043 3067 1096 substantia
3101 1040 3478 1108 inseparabili-

1898 1144 1980 1188 ter
2007 1146 2275 1205 perpetuo
2313 1137 2751 1205 provenientem,
2776 1134 3090 1188 anathema.

1964 1226 2138 1297 igitur
2182 1229 2441 1282 universe
2476 1226 2756 1296 loquendo
2802 1226 2874 1281 de
2904 1223 3212 1279 substantia
3257 1233 3313 1277 ct
3345 1240 3470 1291 ope-

1897 1320 2113 1374 ratione
2146 1319 2387 1374 incrcata
2434 1320 2529 1373 Dei
2572 1320 2760 1387 (quam
2810 1318 2974 1371 etiam
3032 1318 3245 1381 lumen,
3277 1325 3328 1369 et
3359 1319 3475 1385 ειη-

1897 1413 2057 1474 riam,
2079 1418 2136 1464 et
2165 1411 2416 1479 gratiam,
2442 1419 2604 1475 atque
2636 1409 3076 1473 illustrationem,
3095 1408 3476 1476 Deitatemque

1898 1503 2217 1565 demissam,
2251 1501 2375 1554 aliis
2420 1501 2606 1553 multis
2635 1499 2950 1568 huiusmodi
2983 1500 3304 1553 nominibus
3335 1515 3475 1551 lllltt-

1897 1596 2215 1663 cuparunt),
2236 1594 2349 1647 ltzec
2381 1591 2743 1655 aﬂirmarunt,
2773 1590 3092 1659 singillatim
3127 1605 3259 1643 vero
3289 1591 3476 1643 multus

1896 1687 2060 1742 etiam
2101 1686 2281 1741 modis
2311 1682 2687 1739 distinctionis
2716 1681 2799 1735 usi
2830 1687 2977 1734 sunt.

1966 1776 2186 1831 Primus
2216 1776 2414 1829 modus
2443 1793 2456 1826 :
2496 1773 2743 1827 Alterum
2785 1771 2939 1825 aiunt
2967 1784 3086 1826 esse
3111 1771 3475 1826 substantiam

1896 1876 1953 1923 et
2013 1866 2374 1938 hypostasim,
2429 1865 2665 1919 alterum
2727 1876 2858 1916 vero
2902 1875 3082 1928 neque
3110 1861 3473 1914 substantia-tt

1894 1970 2077 2023 neque
2104 1952 2463 2024 hypostasim.
2502 1951 2569 2005 Et
2602 1950 2828 2020 quidem
2868 1950 3112 2003 Palamas
3139 1949 3196 2002 in
3227 1948 3473 2016 DiaIOg-t,

1895 2063 2058 2118 quem
2087 2046 2340 2103 inscribit
2378 2045 2739 2116 TltcOphanem
2766 2061 2827 2097 ac
2853 2044 3194 2103 Theotimum,
3226 2044 3417 2096 asserit
3460 2061 3470 2093 :

1894 2137 2008 2192 Etsi
2073 2138 2222 2192 enim
2296 2151 2476 2205 neque
2548 2132 2883 2204 hypostasis,
2933 2146 3114 2199 neque
3170 2132 3470 2185 substantia

1895 2230 2076 2285 Deitas
2129 2241 2231 2291 est,
2290 2225 2653 2282 nihilominus
2736 2225 2978 2278 increata
3023 2231 3079 2277 et
3123 2234 3329 2278 aeterna
3370 2233 3472 2276 est.

1894 2324 2051 2377 Nilus
2101 2336 2231 2376 vero
2280 2318 2795 2374 Thessalonicensis
2849 2317 2904 2370 in
2973 2315 3257 2376 oratione,
3319 2332 3477 2379 ques

1895 2416 2136 2479 initium,
2167 2414 2348 2467 Canon
2373 2420 2449 2466 est
2480 2411 2849 2479 theologicus.(
2878 2408 3248 2476 Unaqumque,
3279 2408 3475 2472 inqu

1894 2507 2204 2578 hypostasis
2232 2522 2331 2575 per
2384 2520 2443 2560 se
2482 2503 2757 2564 subsistit,
2800 2502 3055 2571 Operatio
3118 2514 3226 2553 non
3293 2514 3390 2567 per
3421 2509 3474 2551 se

1896 2599 2166 2655 subsistit.
2201 2617 2218 2649 ι
2280 2597 2337 2651 In
2397 2606 2544 2650 tomO
2596 2605 2775 2649 autem
2808 2594 2969 2648 simul
3002 2607 3220 2655 omnes,
3258 2609 3276 2642 ι
3310 2591 3477 2645 Nobis

1896 2708 2046 2757 vere,
2083 2692 2369 2761 inquiunt,
2396 2704 2542 2743 nunc
2585 2704 2690 2741 non
2724 2696 2808 2742 est
2834 2702 3019 2741 sermo
3053 2685 3120 2739 de
3153 2686 3254 2737 hac
3280 2700 3479 2753 Opera-

1898 2790 2047 2842 tione
2103 2804 2165 2841 ac
2207 2786 2433 2848 virtute,
2468 2782 2562 2836 sed
2612 2784 2677 2835 de
2709 2778 2987 2835 communi
3024 2780 3187 2831 trium
3217 2793 3477 2846 persona-

1896 2894 2015 2933 rum
2066 2877 2290 2939 deitate,
2336 2890 2456 2942 qum
2493 2890 2601 2927 non
2637 2884 2721 2927 est
2762 2872 3090 2943 hypostasis,
3126 2872 3221 2925 sed
3258 2880 3479 2924 natura-

1894 2966 2019 3022 liter
2071 2980 2123 3022 et
2189 2967 2587 3021 admirabiliter
2623 2965 2776 3018 adest
2810 2964 3109 3032 unicuique
3157 2962 3475 3017 divinarum

1898 3063 2281 3131 Itvpostaseon.

1967 3153 2257 3207 Secundus
2292 3152 2487 3205 modus
2523 3168 2536 3203 2
2585 3150 2922 3215 Subsmntia,
2968 3149 3243 3216 inquiunt,
3278 3146 3370 3199 Dei
3398 3156 3482 3199 est

214 3238 333 3288 ἐστι
360 3236 421 3288 τὸ
448 3238 590 3305 ἕχον,
641 3239 674 3305 ἠ
706 3237 759 3288 δὲ
793 3238 1040 3304 ἐνέργεια
1092 3237 1151 3288 τὸ
1197 3238 1473 3306 ἐχόμενον.
1529 3237 1790 3303 Ἀποφαί-

1898 3247 2043 3317 quod
2113 3248 2295 3308 habet,
2356 3246 2602 3314 operatio
2660 3259 2790 3298 vero
2851 3252 2935 3297 est
3005 3241 3150 3312 quod
3224 3239 3477 3294 habetur.

213 3345 398 3380 νονται
425 3330 489 3399 δὴ
516 3330 574 3382 ἐν
599 3330 678 3398 τῷ
719 3328 867 3398 αὐτῷ
915 3331 1065 3397 τόμῳ
1099 3328 1371 3395 λέγοντες,
1416 3331 1497 3382 ὅτι
1534 3330 1605 3380 Τὸ
1646 3329 1789 3397 ἕχον,

212 3414 277 3473 οὗ
315 3420 591 3488 ἔχεικατά
632 3438 683 3473 τι
713 3421 955 3488 διαφέρει
1010 3422 1248 3482 πάντως.
1283 3421 1343 3472 Et
1401 3417 1494 3473 οὖν
1528 3420 1628 3471 οὐκ
1681 3419 1794 3471 ἔστι

213 3513 452 3581 διαφορὰ
482 3513 576 3579 τῆς
619 3513 767 3572 Θείας
792 3513 978 3574 οὐσίας
1018 3512 1108 3564 καὶ
1162 3512 1459 3582 ἐνεργείας,
1519 3513 1617 3563 οὐκ
1648 3510 1793 3562 ἔστιν

210 3605 365 3674 ἔχειν
396 3604 493 3672 τὴν
531 3604 719 3657 οὐσίαν
740 3604 831 3655 τοῦ
866 3602 1000 3655 Θεοῦ
1026 3603 1325 3672 ἐνέργεταν.
1359 3604 1429 3654 Τὸ
1453 3604 1507 3655 δέ
1552 3604 1625 3672 μὴ
1674 3603 1793 3671 ἕχον

216 3698 504 3765 ἐνέργειαν
529 3698 883 3766 ἁνενέργητόν
910 3699 1046 3750 ἐστι.
1090 3697 1160 3749 Τὸ
1190 3696 1244 3748 δὲ
1298 3696 1652 3765 ἁνενέργητον
1701 3696 1792 3746 καὶ

214 3791 590 3858 ἀνύπαρκτον.

286 3961 484 4038 Τρίτος
511 3966 729 4037 τρόπος,
757 3966 840 4019 ’ὅτι
873 3968 906 4034 ἡ
932 3966 1030 4035 μὲν
1050 3965 1204 4019 οὐσία
1219 3966 1312 4019 τοῦ
1333 3962 1470 4017 Θεοῦ
1493 3962 1792 4034 μοναδικῶς

216 4060 311 4112 ἀεὶ
373 4060 609 4126 λέγεται,
668 4060 700 4126 ἡ
752 4058 808 4111 δέ
868 4058 1119 4125 ἐνέργεια
1174 4058 1268 4110 καὶ
1337 4055 1638 4126 μοναδικῶς
1699 4055 1794 4108 καὶ

215 4149 620 4221 πληθυντικῶς.
653 4150 763 4204 Καί
787 4165 950 4217 φασιν
971 4151 1027 4201 ἐν
1053 4147 1128 4216 τῷ
1143 4148 1292 4218 τόμῳ
1310 4164 1324 4177 ·
1368 4167 1386 4199 t
1414 4146 1793 4215 Πληθυντικῶς

218 4250 326 4317 μὲν
354 4248 541 4308 ὁοεῖος
594 4245 864 4305 Διονύσιος
922 4244 1019 4307 τὰς
1082 4242 1375 4311 ἐλλάμψεις
1424 4239 1793 4311 προενεγκὼν,

206 4340 420 4404 ἔδειξεν
444 4340 541 4392 οὐκ
567 4340 755 4392 οὐσίαν
783 4338 949 4397 οὔσας
988 4337 1122 4389 Θεοῦ
1141 4354 1157 4369 ·
1181 4337 1364 4405 ἐκείνη
1395 4338 1499 4403 γὰρ
1540 4336 1792 4391 οὐδέποτε

216 4431 597 4499 πληθυντικῶς
647 4430 979 4498 προάγεται·
1006 4428 1303 4495 math
1337 4428 1395 4479 δὲ
1431 4428 1600 4488 αὑτὰς
1631 4424 1792 4478 καλέο

216 4542 347 4587 σας,
398 4523 490 4574 καὶ
537 4522 803 4591 ἁνάρχους
864 4522 959 4572 καὶ
1012 4520 1403 4586 ἀτελευτήτους
1456 4516 1788 4587 προσειπὼν,

1900 3342 2142 3395 Censent
2231 3339 2397 3408 igitur
2465 3338 2518 3390 in
2618 3334 2812 3391 eodem
2876 3345 3073 3399 temo,
3138 3333 3271 3387 illud
3333 3332 3479 3400 quod

1899 3433 2061 3486 habet
2108 3430 2411 3485 secundum
2474 3427 2603 3498 quid
2672 3428 2897 3481 omnino
2935 3426 3003 3480 ab
3052 3440 3118 3480 eo
3176 3424 3322 3493 quod
3380 3428 3476 3478 ha-

1898 3527 2057 3579 betur
2102 3524 2344 3577 diﬂcrrc.
2410 3521 2466 3576 Si
2526 3522 2689 3592 igitur
2747 3534 2853 3573 non
2886 3527 2970 3571 est
3011 3518 3189 3586 aliqua
3226 3517 3481 3569 dill‘eren-

1898 3618 1971 3669 tia
2060 3616 2203 3668 inter
2288 3615 2528 3668 divinam
2624 3610 2982 3667 substantiam
3076 3618 3132 3662 et
3206 3606 3483 3676 Operatio-

1899 3720 2043 3769 nem,
2101 3719 2210 3757 non
2275 3710 2457 3772 potest
2506 3701 2811 3756 substantia
2843 3700 2939 3754 Dei
2972 3699 3347 3769 Operationem
3376 3696 3480 3750 .ha-

1898 3798 2064 3863 bere;
2111 3795 2256 3865 quod
2293 3809 2423 3849 vero
2484 3809 2593 3847 non
2647 3794 2815 3847 habet
2864 3792 3278 3861 operationem,
3339 3790 3478 3842 nihil

1895 3891 2043 3961 agit;
2077 3889 2225 3958 quod
2263 3902 2392 3941 Vero
2428 3887 2565 3940 nihil
2594 3886 2848 3956 agit,non
2880 3884 3117 3937 exsiStit.

1868 4022 1888 4037 .
1967 3980 2188 4034 Tertius
2235 3978 2434 4033 modus
2483 3978 2691 4043 :Quod
2749 3977 3054 4031 substantia
3101 3974 3322 4045 quidem
3381 3975 3477 4029 Dei

1896 4072 2251 4141 singulariter
2294 4085 2516 4139 semper
2568 4070 2793 4133 dicitur,
2826 4069 3076 4138 Operatio
3100 4082 3233 4122 vero
3285 4077 3339 4120 et
3366 4068 3480 4121 sin-

1896 4158 2160 4229 gulariter
2219 4165 2277 4211 et
2347 4157 2658 4227 pluraliter.
2714 4158 2892 4225 Atque
2958 4160 3014 4211 in
3076 4166 3224 4211 tomo
3266 4157 3473 4211 aiunt:

1907 4269 1926 4301 ι
1973 4250 2111 4305 Cum
2142 4250 2363 4304 divinus
2392 4248 2679 4318 Dionysius
2735 4249 3025 4318 pluraliter
3082 4249 3478 4302 illustrationes

1902 4342 2213 4413 protulerit,
2247 4340 2491 4397 ostendit
2525 4356 2620 4395 eas
2653 4356 2762 4393 non
2807 4355 2931 4395 esse
2961 4340 3323 4395 substantiam
3356 4340 3474 4394 Dei.

1895 4435 2108 4503 Quippe
2141 4435 2230 4487 illa
2259 4449 2541 4504 nunquam
2596 4433 2969 4486 multitudinis
2998 4447 3229 4486 numero
3266 4432 3475 4501 profer-

1898 4539 2006 4581 tur.
2031 4527 2168 4580 Cunt
2216 4537 2397 4578 autent
2441 4540 2535 4579 cas
2591 4524 2991 4578 illustrationes
3017 4524 3391 4592 appellaverit,
3419 4534 3476 4578 et

214 4618 371 4677 θείας
411 4616 504 4668 καὶ
520 4614 806 4676 ἁκτίστους
834 4612 1112 4681 ἐνεργείας
1156 4612 1354 4673 ταύτας
1408 4611 1627 4675 ἔδειξεν.
1661 4629 1679 4660 ι
1729 4610 1789 4663 '0

1896 4634 2087 4674 carere
2116 4619 2389 4687 principio
2419 4628 2474 4670 et
2499 4617 2607 4671 line
2634 4615 2857 4677 dixerit,
2888 4616 3102 4668 divinas
3130 4606 3477 4683 Operationes

207 4710 261 4762 δ’
291 4711 358 4760 ἐκ
394 4707 789 4774 Θεσσαλονίκης
829 4704 1020 4765 Νεῖλός
1052 4721 1217 4773 φησιν
1244 4706 1302 4755 ἐν
1331 4704 1409 4771 τῷ
1459 4701 1793 4769 προειρημέα

208 4818 293 4871 νῳ
325 4799 498 4867 λόγῳο
529 4817 548 4849 ι
578 4798 691 4852 Μία
728 4797 826 4866 μὲν
853 4799 886 4867 ἡ
924 4797 1099 4861 οὐσία,
1132 4793 1303 4849 ταῦτα
1356 4796 1412 4847 δὲ
1453 4795 1639 4857 πολλὰ,
1664 4794 1721 4846 ἓν
1738 4794 1793 4846 δὲ

210 4893 313 4945 καὶ
339 4890 541 4959 πλῆθος
557 4890 741 4959 ἕτερα.
788 4908 805 4941 δ

287 5070 561 5139 Τέταρτος
592 5068 815 5139 τρόπος,
848 5068 928 5120 ὅτι
966 5065 1029 5118 Ἥ
1075 5067 1172 5134 μὲν
1204 5064 1361 5115 οὐσία
1392 5066 1424 5131 ἡ
1482 5064 1600 5116 Θεία
1646 5061 1793 5115 αἰτία

212 5161 389 5216 ἐστίν·
413 5161 446 5229 ἡ
468 5160 523 5212 δὲ
562 5163 617 5214 αἱ
644 5158 910 5227 ἐνέργεια,
946 5156 1144 5225 μᾶλλον
1181 5155 1236 5208 δέ
1263 5156 1532 5222 ἐνέργειαι
1560 5155 1793 5207 αἰτιαταὶ

203 5255 323 5326 μὲν
348 5253 501 5323 παρὰ
546 5254 642 5322 τῆς
696 5252 883 5314 οὐσίας
933 5252 1090 5314 εἰσιν,
1144 5251 1545 5319 ἀπεργαστικαὶ
1597 5249 1652 5300 δέ
1698 5249 1793 5316 τῆς

212 5346 471 5407 κτίσεως.
510 5344 617 5398 Καί
643 5361 808 5413 φησιν
833 5346 861 5397 ὸ
899 5345 998 5411 μὲν
1021 5342 1283 5410 Παλαμᾶς
1340 5344 1398 5393 ὲν
1454 5341 1619 5408 λόγῳ,
1674 5336 1733 5393 οῦ
1762 5343 1794 5407 ἠ

210 5436 385 5507 ἁρχὴ,
431 5438 899 5505 Ὑποψιθυρισας
923 5437 1153 5497 τοίνυν,
1210 5453 1228 5485 t
1271 5433 1335 5485 Ἢ
1375 5436 1483 5502 γὰρ
1533 5433 1794 5500 θελητικὴ

210 5532 315 5584 καὶ
359 5530 683 5600 ἐνεργητικὴ
745 5530 973 5599 δύναμις
1037 5529 1264 5597 φυσικόν
1307 5532 1475 5585 ἐστιν,
1526 5527 1640 5579 ἀλλ’
1675 5527 1795 5595 οὐχὶ

210 5623 415 5690 φύσις.
456 5639 473 5670 ι
524 5620 629 5672 Καὶ
662 5624 718 5671 ἐν
747 5618 825 5687 τῷ
874 5620 1020 5671 κατὰ
1062 5618 1344 5687 Θεοφάνην
1392 5621 1487 5671 καί
1532 5618 1796 5685 Θεότιμον

202 5714 469 5783 διαλόγῳ,
514 5733 531 5764 ι
558 5713 666 5781 Τῆς
700 5712 1133 5784 τρισυποστάτου
1162 5712 1375 5781 φύσεως
1400 5712 1520 5763 Θεία
1567 5711 1795 5777 δύναμις

207 5809 309 5859 καὶ
341 5806 586 5873 ἐνέργεια
640 5808 1018 5875 ἁπεργαστική
1054 5807 1170 5858 ἐστι
1217 5806 1327 5857 τῶν
1370 5805 1544 5865 ἐκτῖς,
1580 5806 1672 5855 καὶ
1718 5806 1796 5866 είς

208 5900 387 5967 μυρία
416 5896 717 5969 μερίζεται.
751 5916 770 5950 ι
811 5899 919 5951 Καὶ
948 5901 1005 5950 ἐν
1035 5897 1113 5968 τῷ
1145 5898 1297 5969 τὸμῳ
1349 5900 1501 5965 κοινῇ
1557 5897 1754 5959 πάντες
1778 5912 1792 5927 ο

1890 4720 1951 4765 et
1998 4710 2269 4763 int-.reatas
2318 4724 2411 4761 eas
2446 4706 2745 4760 ostendit.»
2783 4705 2937 4759 Nilus
2966 4721 3096 4757 vero
3127 4706 3477 4760 Thessaloni-

1895 4802 2077 4857 censis
2136 4800 2188 4854 in
2255 4801 2514 4870 praedicto
2572 4811 2829 4853 sermone
2860 4836 2875 4859 ,
2920 4816 2936 4846 ι
2978 4797 3091 4852 Una
3112 4797 3357 4865 quidem.
3392 4797 3475 4849 in-

1894 4894 2037 4963 quit,
2069 4901 2152 4948 est
2184 4892 2513 4953 substantia,
2544 4891 2657 4943 hate
2692 4899 2875 4943 autem
2918 4890 3085 4941 multa
3112 4898 3278 4951 sunt;
3308 4905 3475 4940 unum

1898 4996 2080 5040 autem
2120 4994 2174 5038 et
2211 4983 2506 5037 multitudo
2539 4983 2751 5034 diversa
2780 4990 2927 5034 sunt.
2962 4998 2980 5031 ι

1966 5077 2206 5141 Quartus
2258 5074 2447 5128 modus
2474 5091 2488 5129 :
2512 5074 2667 5137 Quod
2714 5074 3022 5127 substantia
3046 5071 3265 5139 quidem
3292 5070 3474 5124 divina

1898 5183 2061 5221 causa
2102 5178 2204 5228 est,
2253 5164 2501 5234 Operatio
2556 5179 2709 5228 vero,
2756 5179 2849 5217 seu
2889 5165 3080 5232 potius
3128 5166 3477 5231 Operationes

1899 5269 2138 5315 causata:
2188 5267 2317 5310 sunt
2378 5272 2407 5309 a
2439 5257 2772 5317 substantia,
2821 5257 3126 5310 etlicientes
3180 5270 3310 5307 vero
3350 5266 3476 5306 sunt

1898 5352 2221 5407 ereationis.
2256 5351 2319 5404 Et
2365 5351 2614 5404 Palamas
2651 5350 2873 5418 quidem
2922 5350 2976 5401 in
3024 5348 3477 5412 scrtntme.cnjns

1899 5446 2116 5498 initium
2163 5441 2512 5497 :Susurrans
2567 5442 2767 5509 igitur,
2834 5442 2956 5492 ait:
2993 5459 3008 5488 ι
3052 5438 3281 5490 \‘olitiva
3331 5440 3475 5489 enim

1900 5547 2063 5605 atque
2097 5535 2407 5603 Opet'atoria
2441 5535 2543 5595 vis,
2578 5533 2827 5586 naturale
2862 5532 2992 5599 quid
3018 5542 3119 5591 est,
3151 5547 3255 5582 non
3294 5540 3474 5581 autem

1901 5637 2114 5681 natura.
2145 5648 2161 5677 ι
2195 5626 2258 5678 Et
2306 5626 2358 5679 in
2412 5626 2639 5695 Dialogo
2675 5624 2977 5678 secundum
3008 5622 3398 5690 Theophanem
3423 5632 3472 5671 et

1900 5719 2270 5781 TheOtimum,
2332 5737 2351 5768 ι
2407 5718 2584 5773 Unius
2624 5717 2790 5768 trium
2861 5730 3219 5785 personarum
3270 5723 3479 5764 natura:

1899 5808 2085 5861 divina
2157 5809 2401 5877 potentia
2456 5815 2511 5861 et
2562 5807 2811 5877 operatio
2862 5804 3103 5858 elﬁciens
3139 5813 3224 5856 est
3288 5818 3477 5854 eorum

1899 5914 2019 5967 quae
2050 5909 2175 5952 sunt
2206 5901 2270 5953 ad
2302 5909 2478 5957 extra.
2516 5906 2567 5953 ct
2593 5915 2648 5952 tn
2688 5896 2899 5951 infinita
2933 5896 3221 5950 dividitur.
3257 5912 3276 5947 ι
3311 5893 3376 5948 Et
3412 5894 3471 5947 in
