4180 6458
225 443 338 505 859

1457 445 1853 505 ADVERSUS
1892 443 2280 504 PALA‘MAM.

3366 426 3474 490 850

226 553 340 604 Καὶ
370 555 426 604 ἐν
451 553 526 620 τῷ
556 553 716 622 λόγῳ,
753 547 815 607 οὗ
851 554 883 621 ή
917 552 1077 622 ἀρχὴ.
1111 553 1529 608 Φι.ἶονεικοῦσι
1551 553 1666 621 μὲν
1695 556 1800 608 ἀλ-

1922 553 2064 623 ogia,
2088 567 2250 623 quam
2316 558 2512 605 vocant
2565 548 2960 619 prolixiorem:
2997 562 3014 596 ι
3053 541 3270 598 Etenim
3323 537 3472 606 digni

222 644 461 708 .hHovc
501 643 966 711 ὑπερϐαλέσθαι,
1027 662 1044 693 ι
1077 645 1147 696 Σὺ
1194 645 1360 696 πόθεν
1408 647 1576 714 ἡμᾶς,
1613 647 1798 715 φησὶν,

223 735 553 806 ἐφώρασας.
605 737 697 788 καὶ
745 736 832 789 διὰ
880 735 1042 787 τίνων
1088 735 1328 796 διθεῖτας
1383 737 1802 801 ἀποδεικνύεις,

224 830 310 880 ὅτι
344 827 438 879 τοῦ
475 827 644 880 αὐτοῦ
675 827 811 880 Θεοῦ
848 827 945 880 καὶ
972 829 1198 898 ὁρατὴν,
1239 829 1440 895 μᾶλλον
1473 829 1530 881 δὲ
1561 831 1656 881 καὶ
1684 847 1806 898 νοη-

225 919 328 989 τὴν
375 917 606 985 λέγομεν
651 919 902 988 θεότητα,
938 919 1194 988 καθάπερ
1238 921 1285 971 oi
1332 920 1618 987 Θεόληπτοι
1661 921 1805 973 διδά-

228 1025 422 1060 σκουσι
439 1008 678 1074 Θεολόγοι
701 1026 716 1073 ;
747 1010 853 1061 Καὶ
873 1012 930 1062 ἐν
953 1010 1148 1079 ἑτέρῳ,
1173 1003 1232 1063 οὗ
1252 1012 1285 1081 ἡ
1309 1010 1472 1079 ἀρχὴ,
1505 1008 1689 1077 Τριῶν
1707 1011 1809 1064 ὀνο

228 1116 347 1150 των
375 1098 444 1150 ἐν
482 1100 812 1166 κεφαλαίῳ,
841 1118 858 1149 ι
916 1099 1055 1150 Ἀλλ’
1079 1100 1401 1167 ἐπειδήπερ,
1426 1098 1613 1166 φησὶν,
1649 1099 1809 1168 ἡμεῖς

227 1193 371 1246 κατὰ
392 1195 489 1261 τὴν
522 1192 790 1262 πατρικὴν
823 1194 1101 1261 ὑφήγησιν
1152 1194 1248 1244 καὶ
1269 1192 1369 1261 τὴν
1424 1191 1670 1246 θεοποιὸν
1713 1191 1810 1245 καὶ

227 1287 327 1354 τὴν
348 1286 685 1354 καθαρτικὴν
709 1286 805 1338 καὶ
826 1287 922 1354 τὴν
944 1285 1200 1354 Οεατικὴν
1223 1285 1452 1352 δύναμίν
1468 1302 1528 1336 τε
1545 1285 1637 1338 καὶ
1658 1284 1813 1352 ἐνέρ⁴¹

227 1395 412 1444 γειαν,
465 1378 600 1445 πρὸς
645 1377 702 1430 δὲ
750 1378 975 1439 ταύταις
998 1377 1092 1428 καὶ
1112 1377 1311 1438 πολλὰς
1334 1378 1530 1445 ἐτέρας
1549 1374 1816 1446 ἀνυμνοῦ-

233 1485 336 1535 μεν
384 1470 448 1537 τῇ
475 1468 572 1536 τῆς
607 1468 858 1537 Θεότητος
888 1468 1190 1536 ἐπωνυμίᾳ,
1213 1467 1309 1519 καὶ
1325 1468 1433 1519 sua
1452 1467 1658 1521 τούτων
1680 1464 1818 1538 χρώ-

235 1558 377 1626 μεθα
409 1560 502 1610 καὶ
533 1561 623 1611 ἐπὶ
647 1559 742 1625 τῆς
776 1559 1127 1626 πηγαζούσης
1150 1559 1319 1621 αὑτὰς
1335 1559 1524 1621 οὐσίας
1541 1560 1619 1626 τῷ
1650 1576 1816 1627 προσ-

235 1652 463 1719 ρήματι,
491 1650 607 1713 πῶς
651 1651 715 1701 σὺ
738 1649 829 1702 δύο
849 1649 940 1700 καὶ
965 1648 1038 1716 μὴ
1063 1649 1280 1710 πλείους
1298 1651 1445 1718 ἡμᾶς
1472 1648 1722 1719 ίσχυρίζῃ
1739 1647 1820 1700 λέ-

233 1756 353 1806 γειν
383 1739 643 1806 Θεὸτητας
670 1755 684 1802 ;
727 1758 744 1791 ι
788 1740 896 1791 Καὶ
917 1741 972 1790 ὲν
999 1738 1075 1807 τῷ
1091 1733 1318 1806 limum?»
1340 1738 1594 1805 ὀνομάζει
1625 1738 1820 1806 Ἐλέγ-

233 1850 387 1900 χους
419 1834 766 1899 καὶ-ἄτοπα,
810 1853 826 1883 ι
864 1835 1051 1886 Ἔστιν
1073 1835 1182 1903 ἄρα
1216 1833 1428 1900 θεότης,
1456 1835 1644 1902 φησιν,
1674 1833 1809 1902 ἄλλη

238 1925 400 1993 παρὰ
444 1926 544 1993 τὴν
587 1926 773 1978 οὐσίαν
832 1925 926 1978 τοῦ
984 1926 1121 1978 Θεοῦ
1169 1925 1490 1995 ὑπάρχουσα
1542 1925 1812 1986 συναῖδιος

238 2014 403 2084 αὐτῇ.
423 2017 535 2068 ’Λεὶ
564 2015 620 2066 δὲ
656 2015 717 2066 τὸ
750 2016 1008 2082 ἐνεργοῦν
1034 2014 1143 2066 τῶν
1177 2013 1586 2081 ἐνεργουμένων
1618 2012 1817 2080 ὑπερέ-

240 2123 349 2176 χει,
377 2107 472 2158 καὶ
500 2104 609 2157 τῶν
636 2106 904 2158 ἀνουσίων
934 2108 968 2174 ἡ
997 2104 1174 2168 οὐσία,
1203 2111 1299 2159 καὶ
1331 2108 1442 2158 τῶν
1478 2104 1816 2174 ὀνομαζομέ-

237 2216 349 2250 νων
373 2199 431 2249 τὸ
467 2196 847 2265 ὑπερώνυμον.
882 2216 901 2249 ι
938 2199 1048 2251 Καὶ
1094 2201 1121 2251 ὁ
1160 2201 1238 2262 εἰς
1271 2201 1614 2269 πατριάρχην
1661 2197 1815 2268 πρῶ-

237 2305 332 2340 τον
364 2287 706 2356 χρηματίσας
751 2286 1020 2356 Ἰσίδωρος
1076 2287 1134 2338 ἐν
1165 2304 1268 2340 τινι
1311 2287 1515 2358 ᾄσματι
1544 2303 1556 2316 ο
1585 2307 1602 2337 ι
1633 2287 1817 2355 Φαμὲν

241 2395 340 2430 σου
377 2377 604 2446 οεότητα
632 2378 843 2447 κυρίως
869 2378 967 2447 τὴν
993 2379 1301 2448 ἐνέργειαν,
1338 2378 1487 2447 πόθῳ
1516 2379 1571 2431 δὲ
1613 2379 1816 2432 πολλὰ·

242 2485 335 2530 κις
361 2469 456 2520 καὶ
483 2468 584 2537 τὴν
608 2468 791 2536 φύσιν.
824 2485 841 2520 ι
874 2466 1066 2521 Ταῦτα
1095 2469 1151 2519 δὲ
1199 2469 1374 2520 πάντα
1413 2468 1816 2536 συμπεραίνον-

242 2575 336 2620 τες
367 2559 424 2610 ἐν
448 2557 598 2627 τόμῳ
630 2558 784 2625 φασί.
816 2559 966 2612 Μετὰ
992 2558 1150 2611 τοῦτο
1185 2558 1445 2627 ἐζητήθη,
1469 2559 1522 2609 εί
1540 2575 1604 2626 γε
1636 2561 1666 2627 ἡ
1697 2559 1819 2612 θεία.

243 2650 502 2712 ἀκτιστος
533 2653 782 2720 ἐνέργεια
803 2651 993 2720 Οεὲτης
1025 2650 1178 2720 παρὰ
1205 2651 1313 2702 τῶν
1346 2652 1516 2717 ἁγίων
1547 2667 1819 2719 προσαγο-

245 2741 491 2811 ρεύεται,
525 2743 616 2793 καὶ
643 2743 883 2810 ἀνεφάνη
919 2743 1012 2794 καὶ
1043 2741 1204 2794 τοῦτο
1231 2742 1381 2810 παρὰ
1410 2743 1520 2794 τῶν
1549 2741 1819 2808 θεολόγων

245 2830 676 2899 κηρυττόμενον·
717 2832 810 2883 καὶ
851 2829 986 2898 πρὸς
1017 2831 1189 2899 τούτῳ
1238 2829 1396 2892 αὖθις
1425 2833 1482 2882 ὲν
1527 2830 1603 2899 τῷ
1637 2833 1814 2902 τὸμῳ,

253 2940 273 2972 ι
328 2918 727 2990 Ἑζητήσαμεν,
755 2923 940 2988 φασὶν,
973 2920 1360 2990 ἀποδειχθῆναι
1386 2920 1537 2990 παρά
1561 2921 1672 2973 τῶν
1700 2920 1818 2974 θεο-

245 3013 452 3079 λόγων,
482 3013 532 3065 εί
561 3013 884 3082 ὑπέρκειται
924 3011 1130 3082 ταύτης
1178 3012 1302 3065 κατ’
1351 3013 1538 3067 οὐσίαν
1581 3015 1609 3066 ό
1647 3013 1782 3078 Θεὸς
1805 3030 1820 3048 ο

247 3109 347 3161 καὶ
376 3108 620 3178 ἀνεφάνη
664 3109 759 3161 καὶ
801 3107 962 3160 τοῦτο
997 3108 1150 3178 παρὰ
1210 3107 1429 3162 πάντων
1479 3111 1824 3178 κηρυττόμεο

246 3216 364 3252 νον.
411 3220 429 3250 1

1906 643 2034 698 facti
2086 658 2316 708 sumus,
2367 643 2460 711 qui
2527 643 2764 696 sciamus
2837 637 3198 695 substantiam
3251 631 3473 702 quidem

1907 749 2092 797 unam,
2121 748 2183 787 ac
2239 733 2567 801 simplicem,
2598 741 2761 800 atque
2813 725 3206 784 indivisibilem
3261 736 3358 790 per
3395 734 3473 783 se.

1909 824 2029 878 illas
2067 840 2198 880 vero
2258 839 2368 879 non
2419 833 2628 878 tantum
2678 823 2886 891 plures,
2948 819 3042 874 sed
3094 825 3148 871 et
3185 824 3474 868 numerum

1907 915 2251 971 excedentes.
2294 934 2312 968 ι
2348 901 2416 968 Et
2459 913 2514 967 in
2556 914 2826 976 oratione,
2857 911 3012 979 cujus
3045 906 3262 961 initium
3296 900 3475 957 :Con-

1911 1011 2126 1064 tendunt
2157 1009 2365 1079 quidem
2407 1022 2462 1060 se
2504 1006 2726 1059 invicem
2756 1017 3010 1073 superare
3044 1038 3060 1064 ,
3099 1017 3118 1050 ι
3146 997 3249 1061 Tu,
3275 991 3474 1063 inquii.

1911 1102 2056 1158 unde
2091 1116 2192 1156 nos
2246 1097 2697 1170 deprehendisti,
2747 1104 2804 1150 et
2852 1093 3184 1162 quibusnam
3232 1081 3478 1140 ostendis

1911 1209 2032 1249 esse
2062 1192 2341 1255 ditbeitas,
2362 1193 2500 1246 duos
2528 1191 2661 1243 deos
2694 1183 3027 1242 sentientes?
3055 1177 3204 1250 quod
3235 1174 3476 1242 ejusdem

1913 1284 2035 1350 Dei,
2064 1297 2118 1338 et
2159 1281 2456 1342 visibilem.
2484 1280 2616 1348 quin
2649 1278 2834 1347 potius
2875 1281 2932 1329 et
2967 1266 3364 1337 intelligibilem
3398 1262 3482 1315 di-

1915 1378 2094 1432 cimus
2131 1369 2414 1435 deitatem,
2449 1367 2910 1440 quemadmodum
2936 1365 3136 1418 docent
3157 1357 3297 1414 sacri
3326 1355 3484 1408 theo-

1916 1470 2043 1539 logi.
2082 1488 2100 1521 ι
2131 1468 2200 1523 Ει
2231 1467 2286 1521 in
2318 1466 2420 1520 alia
2448 1463 2719 1525 oratione,
2751 1460 2908 1530 cujus
2937 1456 3152 1510 iuitimn
3175 1469 3188 1505 :
3215 1451 3342 1506 Tria
3364 1461 3483 1500 cum

1915 1564 2017 1615 sint
2051 1562 2107 1615 in
2135 1575 2342 1614 summa
2371 1597 2386 1624 ,
2423 1575 2442 1608 ι
2479 1555 2584 1612 Sed
2637 1548 3086 1623 quandoquidem
3120 1558 3242 1603 nos,
3282 1543 3482 1607 inquit,

1918 1651 2214 1710 secundam
2246 1660 2527 1720 paternam
2563 1645 2981 1716 expositionem,
3022 1638 3188 1693 etiam
3220 1633 3484 1688 deiﬁcan-

1921 1755 2051 1808 tem,
2083 1752 2139 1798 et
2173 1741 2535 1812 purgativam,
2587 1750 2643 1794 et
2689 1736 3022 1805 aspectivam
3070 1727 3369 1801 potentiam
3431 1734 3488 1779 et

1919 1836 2310 1905 Operationem,
2338 1834 2538 1887 multas
2565 1831 2702 1885 alias
2731 1836 2993 1898 prarterea
3013 1823 3354 1878 celebramus
3386 1816 3490 1870 hac

1843 1903 1886 1960 Β
1915 1903 2275 1996 appellatione
2333 1923 2555 1979 deitatis
2585 1938 2598 1974 :
2633 1929 2689 1974 et
2719 1934 2786 1973 ex
2817 1918 2902 1972 his
2959 1916 3167 1969 utimur
3192 1911 3358 1965 etiam
3391 1910 3490 1960 bac

1915 2009 2283 2088 appellatione
2342 2014 2399 2068 in
2460 2012 2788 2075 substantia,
2821 2026 2849 2063 a
2907 2023 3014 2077 qua
3044 2004 3213 2059 veluti
3238 2002 3388 2057 fonte
3413 2013 3491 2053 ea:

1916 2109 2243 2171 scaturiunt,
2272 2105 2550 2174 quomodo
2607 2115 2661 2157 tu
2699 2101 2862 2162 duas,
2898 2109 2954 2154 et
3000 2112 3110 2151 non
3135 2094 3318 2164 plures
3355 2104 3494 2143 con—

1919 2201 2094 2255 tendis
2145 2214 2246 2253 nos
2305 2211 2550 2252 asserere
2592 2193 2867 2249 deitates?
2938 2208 2955 2241 ι
2993 2190 3061 2243 Ει
3105 2188 3159 2240 in
3218 2183 3490 2245 oratione,

1917 2309 2077 2360 quam
2136 2293 2402 2354 nominat,
2463 2287 2825 2356 Refulationes
2885 2291 2934 2335 et
2996 2278 3224 2334 absurda
3271 2313 3288 2339 ,
3322 2293 3343 2326 ι
3399 2272 3496 2327 Est

1918 2399 2054 2452 ergo
2108 2384 2306 2448 ileitas,
2355 2379 2560 2451 inquit,
2607 2378 2711 2434 alia
2759 2385 2956 2446 praeter
2984 2368 3341 2428 substantiam
3371 2365 3490 2429 Dei,

1920 2477 2021 2546 ipsi
2080 2475 2348 2529 exsistens
2397 2479 2700 2528 coaeterna.
2752 2470 2982 2536 Semper
3026 2473 3208 2519 autem
3260 2471 3500 2530 operans

1919 2565 2158 2634 operatis
2195 2563 2450 2634 superior
2509 2570 2619 2624 est,
2649 2569 2706 2616 et
2735 2556 3066 2618 substantia,
3097 2569 3204 2608 non
3239 2553 3496 2607 substan-

1922 2658 2033 2719 tiis,
2068 2667 2122 2711 et
2152 2657 2299 2726 quod
2337 2670 2560 2711 omnem
2587 2652 3009 2724 appellationem
3041 2647 3254 2703 excedit
3282 2645 3349 2698 iis
3373 2657 3495 2711 qua:

1921 2764 2120 2804 nomen
2161 2748 2384 2803 habent.
2424 2766 2444 2800 ι
2509 2747 2642 2803 Item
2706 2743 2949 2800 Isidorus
3003 2741 3118 2804 ille,
3166 2737 3260 2809 qui
3314 2735 3494 2804 primo

1922 2842 2132 2896 exstitit
2157 2841 2488 2910 patriarcha,
2529 2842 2582 2892 in
2612 2838 2851 2908 quodam
2879 2834 3107 2891 Cantico
3135 2869 3148 2894 ,
3180 2847 3198 2883 ι
3234 2827 3496 2890 Dicimus,

1924 2932 2123 3002 inquit,
2157 2941 2304 2985 tuam
2341 2929 2723 3000 operationem
2794 2927 3014 2998 proprie
3052 2924 3332 2985 deitatem,
3365 2919 3502 2973 affe-

1923 3033 2014 3076 ctu
2049 3033 2232 3077 autem
2276 3036 2421 3091 sa'pe
2465 3029 2524 3076 et
2555 3029 2830 3075 naturam.
2873 3037 2892 3070 ι
2938 3019 3066 3072 Haec
3101 3023 3281 3072 autem
3313 3012 3498 3066 omnia

1926 3115 1979 3169 in
2009 3124 2155 3168 tomo
2207 3113 2623 3178 concludentes,
2671 3112 2844 3166 aiunt.
2874 3111 3070 3166 Postea
3093 3108 3384 3178 quaesitum
3414 3111 3500 3156 est

1925 3221 1994 3260 an
2035 3205 2221 3260 divina
2253 3206 2495 3262 increata
2529 3203 2774 3276 operatio
2820 3217 2850 3257 a
2882 3201 3089 3258 sanctis
3135 3204 3493 3266 nuncupatur

247 3291 454 3356 deitas,
486 3302 540 3347 et
567 3290 814 3348 constitit
873 3289 1036 3346 etiam
1071 3290 1174 3346 hoc
1211 3305 1242 3346 a
1291 3290 1558 3361 theologis
1625 3294 1998 3358 praedicatum.
2033 3314 2051 3348 ι
2099 3297 2179 3351 Ad
2210 3297 2315 3353 hoc
2353 3312 2546 3352 rursus
2610 3297 2665 3351 in
2719 3305 2868 3350 tomo
2910 3292 3288 3362 quaesivimus,
3322 3290 3501 3347 aiunt.

248 3383 471 3436 ostendi
504 3399 532 3436 a
569 3384 836 3453 theologis
865 3399 932 3437 an
964 3383 1215 3452 superior
1245 3384 1315 3438 sit
1383 3383 1513 3438 huic
1559 3386 1861 3442 secundum
1925 3389 2286 3444 substantiam
2347 3389 2526 3445 Deus?
2575 3398 2632 3444 et
2688 3389 2865 3464 patuit
2919 3385 3084 3444 etiam
3135 3383 3207 3440 ab
3245 3381 3504 3438 omnibus

252 3475 629 3545 prmdicatum.
646 3493 664 3526 ι

329 3566 528 3627 Ἕκτος
557 3565 779 3632 τρόπος,
811 3566 892 3618 ὅτι
925 3565 1058 3634 φασὶ
1104 3567 1204 3632 τὴν
1238 3567 1336 3634 μὲν
1362 3568 1554 3621 οὐσίαν
1593 3569 1822 3639 ἀόρατον

1999 3573 2199 3631 Sextus
2233 3577 2430 3633 modus
2460 3595 2471 3632 :
2504 3577 2876 3632 Substantiam
2912 3576 3131 3646 quidem
3175 3575 3331 3629 aiunt
3355 3573 3496 3626 invi-

250 3659 350 3712 καὶ
393 3658 753 3725 ἀπερινόητον
803 3652 966 3722 εἶναι,
1018 3657 1118 3727 τὴν
1163 3659 1219 3710 δὲ
1270 3659 1557 3728 ἐνέργειαν
1591 3663 1820 3730 όρατήν.

249 3752 366 3805 Καί
420 3766 550 3819 φησι
607 3749 914 3802 διαϐάλλων
964 3750 1058 3803 τὸν
1112 3752 1284 3819 μέγαν
1335 3751 1619 3806 Βασίλειον
1659 3756 1717 3806 ἐν
1748 3754 1826 3824 τῷ

249 3843 486 3911 διαλόγῳ
508 3841 604 3895 τοῦ
627 3843 1042 3910 Βαρλααμίτου
1063 3843 1159 3896 καὶ
1193 3843 1568 3911 Ὀρθοὸόξου·
1602 3864 1619 3896 ι
1661 3846 1826 3916 Ὁρᾷς

249 3939 339 3990 ὅτι
384 3938 476 3989 καὶ
509 3931 665 3997 οὗτος
694 3936 755 3987 οῦ
793 3937 954 4004 μόνον
985 3936 1219 4007 ἀόρατον
1267 3933 1376 3990 οἵδε
1427 3940 1520 3992 τοῦ
1558 3940 1691 3993 Θεοῦ
1725 3942 1825 4010 τὴν

250 4029 513 4095 θεότητα,
546 4027 678 4080 ἁ).λά
707 4029 801 4081 καὶ
837 4028 1073 4096 όρατήνο
1126 4029 1420 4100 ἐπειδήπερ
1473 4031 1568 4083 καὶ
1615 4032 1675 4083 τὸ
1706 4032 1826 4084 κατ’

251 4118 431 4188 αὐτὴν
465 4119 602 4186 φῶς.
639 4137 658 4171 ι
707 4119 816 4172 Καὶ
849 4120 907 4172 ἐν
935 4117 1014 4188 τῷ
1042 4118 1186 4188 λόγῳ
1219 4113 1277 4173 οῦ
1306 4123 1338 4188 ὴ
1375 4121 1536 4192 ἀρχὴ,
1584 4121 1831 4191 ’Υποψι-

253 4213 533 4279 ΟυρΙσας,
563 4229 581 4262 ι
613 4211 720 4264 Καὶ
764 4211 870 4279 γὰρ
910 4211 1286 4281 ἀνθρωπίνοις,
1308 4215 1494 4280 φησὶν,
1529 4214 1832 4282 ὀφθαλμοῖς

253 4298 440 4367 ὤφθη,
487 4299 581 4349 καὶ
630 4299 839 4367 διανοίᾳ
889 4297 1198 4368 ἐνήστραψε
1227 4313 1240 4328 ⁸
1273 4298 1353 4352 διὸ
1396 4301 1491 4354 καὶ
1531 4303 1704 4372 ὁρατὴ
1741 4305 1833 4356 καὶ

250 4389 430 4458 νοητὴ
453 4388 714 4459 κέκληται
737 4390 947 4458 θεότης.
963 4407 980 4440 ι

349 4560 408 4617 ὐ
436 4564 666 4633 ἕϐδομος
698 4563 922 4634 τρόπος,
972 4563 1032 4617 τὸ
1059 4564 1160 4634 τὴν
1191 4567 1295 4635 μὲν
1334 4566 1526 4622 οὐσίαν
1577 4573 1836 4640 ἀγίνητον

255 4654 408 4711 εἶναι
459 4657 765 4718 παντελῶς,
798 4656 895 4725 τὴν
929 4657 975 4710 δ’
1022 4658 1310 4728 ἐνέργειαν
1344 4665 1697 4734 κινουμένην,
1747 4668 1839 4718 καὶ

257 4750 499 4816 κίνησιν.
536 4747 644 4800 Καί
675 4764 847 4816 φησιν
881 4749 909 4799 ὁ
940 4746 1210 4818 Παλαμᾶς
1241 4750 1297 4804 ἐν
1326 4749 1488 4822 λόγῳ,
1520 4747 1564 4819 ᾦ
1600 4756 1838 4824 ἐπιγρά-

257 4858 377 4908 (ρει,
428 4840 754 4908 Ἑλέγχους
787 4838 887 4893 καὶ
933 4839 1146 4893 ἅτοπα’
1190 4859 1209 4893 ι
1239 4843 1350 4895 Καὶ
1401 4845 1476 4906 ὡς
1500 4845 1600 4912 τῆς
1649 4850 1839 4910 οὐσὶας

1926 3666 2142 3722 sibilem
2192 3680 2248 3725 ct
2291 3670 2930 3740 incomprelteusibilem,
2962 3668 3336 3738 operationem
3369 3681 3502 3721 vero

1928 3759 2234 3827 visibilem;
2285 3772 2341 3818 ct
2397 3762 2472 3818 ait
2524 3762 2771 3818 Palamas
2812 3760 3199 3817 calumniando
3249 3773 3502 3828 magnum

1927 3849 2189 3905 Basiliam
2243 3851 2297 3906 in
2333 3851 2547 3922 dialogo
2598 3852 2912 3908 Barlamita:
2958 3861 3118 3920 atque
3167 3850 3502 3904 Orthodoxi:

1934 3958 1954 3991 ι
1995 3941 2232 3996 Videsne
2275 3943 2421 4010 quod
2471 3942 2518 3997 is
2558 3957 2778 4012 quoque
2828 3957 2937 3997 non
2984 3951 3195 3995 tantum
3236 3939 3504 3994 Deitatem

1931 4034 2081 4086 novit
2133 4033 2482 4100 invisibilem,
2517 4034 2610 4088 sed
2658 4035 2822 4089 etiam
2881 4033 3193 4088 visibilem?
3244 4031 3502 4098 Quando-

1933 4124 2154 4193 quidem
2187 4125 2403 4179 visibile
2437 4135 2521 4179 est
2562 4125 2683 4193 ejus
2726 4125 2936 4180 lumen.
2963 4143 2982 4176 ι
3017 4125 3084 4179 Ει
3129 4125 3184 4178 in
3234 4123 3506 4186 oratione,

1934 4217 2089 4284 cujus
2137 4216 2374 4278 initium,
2423 4216 2554 4268 Cum
2597 4217 3029 4270 insusurrassct:
3073 4235 3091 4268 ι
3128 4215 3341 4270 Etenim
3402 4217 3509 4268 bn-

1935 4308 2110 4362 tuauis
2163 4309 2338 4362 oculis
2389 4309 2505 4362 visa
2563 4318 2669 4372 est,
2728 4319 2892 4377 atque
2941 4308 3160 4362 interno
3215 4307 3508 4376 splendore

1938 4410 2171 4453 tuentem
2201 4399 2516 4469 fulguravit.
2549 4401 2815 4465 Quocirca
2859 4408 2916 4455 ct
2945 4401 3178 4455 visibilis
3221 4409 3277 4454 et
3305 4399 3506 4454 intelli-

1935 4489 2114 4560 gibilis
2143 4491 2412 4560 appellata
2442 4500 2524 4545 est
2550 4490 2751 4546 Deitas.

2010 4583 2284 4649 Septimus
2313 4582 2506 4636 modus
2534 4600 2546 4637 :
2583 4583 2943 4638 substantiam
2982 4582 3203 4652 quidem
3233 4599 3351 4637 esse
3388 4600 3505 4634 0m-

1939 4671 2069 4721 nino
2114 4668 2472 4733 immobilem,
2500 4671 2876 4738 operationcm
2921 4687 3051 4725 vero
3075 4688 3195 4726 esse
3226 4673 3503 4738 mobilem,

1938 4769 1992 4812 et
2031 4767 2260 4812 motum.
2295 4760 2363 4814 Et
2392 4759 2640 4814 Palamas
2690 4761 2745 4816 in
2778 4761 3012 4832 dialogo,
3060 4781 3223 4833 quem
3256 4767 3508 4819 inscribit

1941 4850 2299 4920 Refutationes
2348 4861 2396 4903 et
2426 4855 2698 4916 'absurda,
2744 4857 2956 4918 asserit,
2980 4859 3123 4926 quod
3165 4879 3180 4908 ι
3213 4859 3349 4913 Cum
3375 4862 3506 4912 sub-

259 4931 362 4984 τοῦ
414 4931 551 4985 Θεοῦ
583 4933 843 5002 ἀκινήτου
879 4932 1148 5002 μενούσης
1192 4935 1223 5003 ἠ
1274 4936 1464 5004 Θεότης
1497 4938 1634 5008 αῦτη
1667 4943 1822 4993 κινεῖ·

1944 4943 2142 4997 stantia
2175 4944 2265 4996 Dei
2317 4944 2537 4997 immota
2590 4955 2831 5013 maneat,
2866 4947 3043 5002 deitas
3089 4949 3202 5002 lucc
3237 4963 3506 5009 movetur.

259 5021 395 5072 σθαι
426 5021 516 5072 καὶ
537 5020 912 5089 μεταδίδοσοαι
941 5022 1178 5090 πέφυκε.
1208 5042 1225 5074 ι
1253 5024 1420 5096 Κοινῇ
1439 5027 1496 5078 δὲ
1510 5028 1841 5096 ἀποφαίνον-

258 5129 359 5164 ται
406 5115 463 5164 ἐν
518 5113 598 5179 τῷ
625 5113 777 5182 τὸμῳ
821 5113 920 5180 τὴν
949 5114 1183 5184 οὑσιώδη
1216 5123 1310 5169 καί
1345 5121 1581 5190 φυσικὴν
1611 5123 1835 5192 ταύτην,

259 5204 362 5258 τοῦ
393 5203 529 5256 Θεοῦ
557 5203 773 5273 κίνησιν
821 5200 989 5259 οὖσαν
1021 5206 1220 5270 εἰδότες
1244 5247 1259 5272 ,
1287 5209 1360 5273 ὡς
1391 5212 1455 5264 ἐκ
1484 5214 1668 5282 πηγῆς
1712 5217 1834 5267 aevo

262 5298 404 5349 νάου
433 5296 529 5366 τῆς
563 5295 714 5359 Θείας
763 5297 952 5361 οὐσίας
1009 5299 1375 5371 προέρχεσθαί
1420 5319 1480 5356 τε
1533 5305 1626 5357 καὶ
1656 5308 1838 5376 πηγά-

265 5391 412 5453 ζειν.

356 5480 414 5532 '0
441 5480 622 5548 ὄγδοος
651 5481 875 5552 τρόπος,
901 5483 962 5536 τδ
983 5484 1080 5556 τὴν
1113 5485 1213 5554 μέν
1236 5486 1426 5539 οὐσίαν
1452 5488 1841 5558 ἀκατάληπτον

265 5567 434 5632 εἶναι,
467 5571 566 5640 τὴν
591 5570 647 5624 δὲ
686 5572 969 5642 ἐνέργειαν
1015 5573 1294 5644 γνώριμον
1334 5575 1430 5628 καὶ
1457 5579 1838 5648 καταληπτὴν.

265 5663 381 5718 Καί
415 5675 581 5731 φησιν
610 5665 668 5716 ἐν
698 5664 775 5734 τῷ
808 5666 1028 5735 ῥηθέντι
1048 5666 1211 5736 λόγῳ,
1248 5659 1308 5719 οὗ
1331 5669 1364 5736 ἡ
1395 5668 1559 5739 ἀρχὴ,
1597 5670 1847 5738 ’Υποψιο

265 5757 526 5821 θυρίσας
552 5757 807 5822 τοίνυν,ι
833 5761 1119 5828 Διενήνοχε
1149 5759 1249 5828 τῆς
1281 5761 1430 5822 θείας
1456 5761 1640 5824 οὐσίας
1664 5765 1696 5833 ἡ
1723 5763 1842 5816 θεία

266 5846 520 5927 ἐνέργεια
555 5849 698 5902 κατὰ
731 5851 955 5915 πολλοὺς
985 5852 1240 5920 τρόπους,
1269 5852 1521 5925 καθάπερ
1546 5857 1600 5909 ἐν
1628 5857 1840 5921 πολλοῖς

1946 5042 2002 5086 ct
2029 5033 2417 5086 communicari
2470 5044 2592 5103 apta
2638 5044 2739 5089 est.
2786 5054 2804 5088 ι
2856 5036 3233 5092 Communiler
3280 5057 3408 5092 vero
3455 5044 3506 5092 iu

1948 5133 2094 5177 tomo
2125 5124 2413 5189 aﬂirmant,
2431 5127 2844 5183 substantialcm
2862 5147 2922 5184 ac
2936 5131 3235 5184 naturalem
3256 5133 3398 5186 hunc
3418 5134 3508 5186 hei

1947 5227 2152 5270 motum
2196 5221 2479 5281 exsistere,
2518 5222 2754 5274 scientes
2784 5223 2927 5290 quod
2964 5234 3219 5292 tanquam
3266 5241 3329 5277 es
3363 5226 3509 5277 funh‘

1947 5306 2197 5374 perenni,
2249 5323 2280 5360 e
2312 5307 2496 5360 divina
2549 5309 2764 5364 scilicet
2794 5311 3093 5364 substantia
3145 5312 3511 5379 proficiscitur

1941 5406 1996 5450 et
2019 5406 2222 5453 manat.

2013 5489 2249 5545 Octavus
2301 5491 2516 5554 modus,
2558 5494 2704 5560 quod
2740 5494 3042 5548 substantia
3086 5492 3167 5550 sit'
3201 5497 3510 5568 incompre-

1945 5580 2251 5643 bensibilis,
2275 5583 2523 5649 Operatio
2546 5599 2669 5637 vero
2700 5594 2848 5648 nota,
2882 5592 2937 5637 et
2959 5587 3471 5653 cumprcbeusibilis
3501 5610 3508 5637 :

1943 5685 1999 5728 et
2047 5675 2100 5728 in
2151 5675 2407 5742 praedicta
2452 5676 2720 5735 oratione.
2755 5678 2911 5744 cujus
2943 5677 3154 5730 initium
3195 5697 3208 5732 :
3250 5680 3378 5734 Cum
3411 5683 3514 5748 ἰαὶ.

1946 5778 2034 5819 tur
2071 5767 2450 5820 insusurrasset
2504 5785 2576 5819 τι
2630 5767 2820 5822 Dilfert
2873 5785 2901 5821 a
2963 5770 3145 5824 divina
3200 5773 3512 5826 substantia

1947 5858 2129 5912 divina
2183 5859 2428 5928 Operatio
2465 5859 2650 5914 multis
2707 5861 2919 5920 modis;
2954 5873 3009 5915 ut
3071 5862 3256 5917 multis
3309 5875 3358 5917 et
3420 5881 3470 5932 pe
3494 5882 3513 5914 ι·
