4180 6458
666 356 765 419 851

1924 357 2253 418 ΟΕΜΕΤΙΗ

2361 360 2643 420 IYDONH
3824 363 3943 423 εξεε

665 468 818 536 plura
846 468 1369 532 demonstravimus;
1406 483 1471 523 ex
1520 470 1605 522 his
1649 481 1833 523 autem
1889 471 2068 527 modis
2098 487 2244 525 unus

2361 475 2442 526 καὶ
2479 476 2566 526 δεὲ
2599 475 2860 526 πλειονων
2898 474 3282 542 ἀπεδείξαμεν.
3313 474 3532 528 Τούτων
3564 478 3623 528 δὲ
3652 476 3766 528 τῶν
3800 478 3941 544 τρίτα

662 566 768 615 est,
798 554 943 624 quod
971 555 1155 610 divina
1185 557 1487 610 substantia
1520 558 1587 610 sit
1626 559 1851 612 omnino
1882 560 2232 630 intpercepti-

663 648 807 712 bilis,
836 658 977 702 nota:
1003 663 1135 703 vero
1158 651 1268 703 sint
1298 649 1495 704 divinae
1522 653 1894 721 operationes.
1930 672 1948 703 ι

734 829 922 881 Nonus
974 827 1166 882 modus
1201 838 1257 883 et
1285 829 1549 895 decimus,
1594 830 1741 899 quod
1786 830 2090 885 substantia
2141 848 2236 900 pe-

665 920 814 973 nitus
848 920 918 973 sit
955 919 1446 990 imparticipabilis.
1470 930 1527 975 et
1554 922 1924 992 impartibilis,
1955 933 2010 977 et
2037 923 2238 992 imper-

664 1011 960 1079 eeptibilis.
1020 1023 1070 1066 et
1129 1013 1588 1082 inintelligibilis,
1650 1014 1901 1081 operatio
1967 1027 2100 1067 vero
2166 1014 2239 1069 sit

665 1102 1081 1170 participabilis,
1114 1111 1168 1156 et
1202 1104 1496 1171 partibilis,
1524 1111 1581 1156 et
1608 1103 2001 1172 perceptibilis,
2048 1112 2105 1158 et
2150 1104 2237 1157 in-

666 1194 985 1263 tt-lligibilis.
1047 1193 1105 1247 In
1166 1195 1362 1248 eadem
1422 1196 1671 1249 oratione
1725 1194 1849 1249 hac
1880 1203 2008 1249 sunt
2073 1196 2236 1248 verba

664 1286 918 1351 l’alamre;
963 1304 981 1336 ι
1012 1284 1167 1350 Quod
1209 1296 1391 1339 autem
1447 1286 1521 1339 ita
1551 1286 1814 1354 partitur,
1867 1287 2117 1354 operatio
2156 1293 2240 1340 cst

664 1376 872 1439 divina,
906 1390 1029 1427 cum
1066 1376 1371 1430 substantia
1424 1376 1495 1430 sit
1538 1392 1765 1446 prorsus
1806 1376 2175 1445 impartibilis.
2214 1394 2232 1426 ›

666 1466 731 1517 Et
787 1465 839 1518 in
892 1467 1149 1535 Apologia
1201 1468 1485 1534 prolixiori
1552 1469 1631 1521 sic
1702 1468 1870 1522 habet
1937 1468 2237 1523 Palamas:

672 1576 692 1607 ο
733 1558 1047 1613 Secundum
1080 1560 1439 1614 substantiam
1472 1560 1695 1630 quidem
1742 1562 1888 1616 Deus
1922 1570 2007 1615 est
2041 1560 2242 1629 impar-

667 1660 996 1730 tieipabilis:
1044 1662 1349 1717 secundum
1406 1677 1537 1717 vero
1619 1662 1962 1717 deificantem
2009 1663 2241 1731 gratiam

666 1760 722 1804 et
767 1750 1165 1818 operationem,
1208 1766 1325 1820 qua:
1366 1760 1421 1806 et
1451 1750 1623 1820 gloria
1662 1750 1754 1805 Dei
1806 1751 2145 1813 nominatur,
2187 1760 2243 1804 ct

2346 582 2463 615 ’πων
2498 560 2575 625 εἷς
2610 566 2746 627 ἐστι,
2781 565 2875 615 καὶ
2909 564 2969 615 τδ
2998 564 3095 632 τὴν
3131 566 3229 631 μὲν
3269 564 3421 617 θείαν
3453 565 3643 618 οὐσίαν
3675 567 3939 635 ἄληπτον

2346 652 2486 707 εἶναι
2547 654 2867 720 παντελῶς,
2927 657 3235 724 γνωρίμους
3293 657 3350 708 δὲ
3408 659 3507 719 τὰς
3566 657 3719 719 θείας
3769 662 3938 711 ἐνεο-

2348 748 2519 813 γείατ.
2550 766 2566 796 ι

2426 840 2484 891 'U
2524 838 2568 891 θ’
2594 841 2685 892 καὶ
2719 840 2749 891 ι’
2777 841 2977 909 τρόπος
3010 843 3147 905 ἐστὶ,
3174 841 3235 894 τδ
3266 841 3364 912 τὴν
3396 844 3495 911 μὲν
3530 842 3722 895 οὐσίαν
3749 840 3937 909 ἀμέθ-

2346 947 2500 982 εκτον
2530 931 2639 982 καὶ-
2663 931 2981 1000 ἀμέριστον,
3022 933 3114 985 καὶ
3147 934 3387 1003 ἄληπτον
3425 936 3517 987 καὶ
3558 936 3939 1002 ἀπερινὸητον

2346 1019 2483 1073 εἶναι
2531 1025 2831 1086 παντελῶς,
2865 1024 2967 1092 τὴν
2999 1024 3044 1076 δ’
3071 1025 3356 1093 ἐνέργειαν
3394 1026 3664 1095 μεθεκτὴν
3696 1026 3792 1077 καὶ
3834 1042 3940 1094 μεο

2349 1115 2539 1182 ριστὴν
2572 1115 2666 1169 καὶ
2696 1117 2907 1184 ληπτὴν
2946 1118 3037 1170 καὶ
3071 1119 3291 1188 νοητήν.
3327 1118 3437 1172 Καί
3469 1136 3633 1187 φησιν
3661 1122 3690 1173 ὀ
3742 1120 3939 1171 Παλα-

2350 1206 2454 1271 μᾶς
2491 1208 2551 1257 ἐν
2579 1207 2658 1274 τῷ
2706 1207 2854 1276 αὐτῷ
2901 1209 3067 1277 λόγῳ·
3111 1227 3129 1260 t
3159 1209 3233 1262 Τὸ
3277 1210 3323 1262 δ’
3362 1209 3532 1273 οὕτως
3563 1211 3937 1279 μεριζόμενον

2348 1297 2598 1366 ἐνέργειά
2642 1300 2759 1352 ἐστι
2811 1298 2967 1361 θεία,
3018 1300 3117 1366 τῆς
3161 1300 3350 1361 οὐσίας
3400 1302 3568 1368 οεσης
3624 1304 3937 1371 ἀμερίστου

2350 1392 2689 1447 παντάπασι.
2723 1411 2741 1443 ι
2798 1394 2907 1445 Καὶ
2955 1396 3014 1446 ἐν
3064 1399 3133 1464 τῇ
3180 1396 3601 1467 διεξοδικωτέρα
3634 1398 3939 1467 ἀπολογίᾳ·

2357 1500 2375 1530 ι
2410 1480 2547 1533 Κατ’
2574 1480 2764 1532 οὐσίαν
2799 1481 2901 1547 μὲν
2928 1481 2957 1532 δ
2996 1481 3131 1544 Θεδς
3158 1482 3465 1552 ἀμέθεκτός
3509 1485 3648 1537 ἐστι·
3698 1486 3844 1537 κατὰ
3877 1484 3935 1537 δὲ

2350 1575 2447 1642 τὴν
2501 1573 2746 1626 θεοποιον
2791 1574 2973 1644 χάριν,
3002 1574 3098 1627 καὶ
3148 1576 3463 1644 ἐνέργειαν,
3497 1578 3620 1646 ἥτις
3674 1579 3773 1630 καὶ
3802 1578 3934 1640 δόξα

2349 1661 2486 1715 Θεοῦ
2539 1663 2829 1727 καλεῖται,
2879 1665 2974 1717 καὶ
3025 1668 3359 1735 μετέχεται,
3418 1670 3515 1719 καὶ
3566 1668 3762 1737 ὁρᾶται
3818 1670 3941 1729 τοῖς

2350 1754 2543 1818 ἀξίοις.
2582 1772 2600 1805 ι
2638 1757 2748 1809 Καὶ
2784 1757 2949 1809 πάλιν
2985 1759 3043 1809 ἐν
3068 1760 3134 1827 τῇ
3182 1759 3321 1829 αὐτῇ
3349 1776 3365 1792 ο
3407 1778 3426 1811 ι
3457 1760 3521 1812 Τί
3565 1756 3659 1813 οὖν
3702 1758 3805 1830 τὴν
3836 1760 3939 1813 τοῦ

670 1843 1129 1912 participatur,et
1180 1858 1210 1897 a
1263 1843 1444 1914 dignis
1492 1843 1734 1898 videtur.
1775 1861 1794 1897 ι
1850 1842 1919 1897 Et
1975 1857 2167 1897 rursus
2195 1845 2249 1895 iu

2361 1848 2489 1901 Θεοῦ
2530 1847 2693 1917 φύσιν
2719 1850 2813 1902 καὶ
2840 1850 3030 1904 οὐσίαν
3054 1853 3589 1922 κληρονομήσουσιν;
3624 1852 3940 1923 Οῦμενουν,

669 1933 857 1987 cadent
897 1951 911 1987 :
946 1951 965 1985 ι
993 1932 1133 1998 Quid
1159 1934 1342 2003 igitur,
1372 1943 1622 1989 naturam
1679 1934 1777 1990 Dei
1802 1942 1860 1989 et
1886 1932 2250 1989 substantiam

673 2025 1111 2081 lmreditabunt?
1154 2025 1534 2096 Nequaquam,
1587 2027 1684 2082 sed
1732 2024 2078 2081 deiﬁeantem
2130 2040 2256 2096 gra-

673 2122 910 2186 tiatn,et
943 2135 1191 2190 regnum,
1245 2120 1393 2191 quod
1443 2135 1675 2190 regnum
1725 2118 1981 2189 quamvis
2027 2134 2138 2173 non
2183 2118 2257 2174 sit

673 2223 866 2267 natura
921 2212 1037 2273 Dei,
1089 2212 1179 2267 illa
1233 2211 1435 2281 quippe
1483 2209 1956 2280 imparticipabilis
2004 2218 2110 2274 est,
2156 2209 2254 2264 sed

674 2305 939 2358 naturalis
979 2313 1064 2359 est
1091 2305 1337 2374 operatio
1376 2303 1491 2367 Dei,
1529 2319 1651 2371 qua:
1704 2303 2036 2357 naturaliter
2074 2304 2257 2372 sequi-

674 2407 763 2449 tur
810 2396 1004 2459 Deum,
1056 2405 1111 2450 et
1168 2396 1615 2465 inseparabiliter
1655 2396 1799 2449 circa
1858 2408 1983 2449 eum
2040 2409 2259 2463 semper

673 2489 1092 2553 cottsideratur;
1130 2487 1335 2543 idcirco
1394 2496 1449 2541 et
1498 2489 1661 2557 hujus
1695 2488 1870 2541 haeres
1917 2486 2012 2541 Dei
2055 2487 2257 2541 dicitur

678 2583 874 2634 hzeres.
913 2598 932 2630 ι
965 2580 1031 2633 Ει
1066 2580 1119 2632 in
1153 2587 1349 2648 quarta
1380 2582 1629 2633 oratione
1688 2579 1756 2633 ad
1787 2578 2154 2649 Acindynutn,
2179 2578 2258 2633 sic

675 2672 840 2725 habet
877 2688 889 2726 :
932 2689 949 2721 ι
984 2670 1139 2736 Quod
1181 2670 1484 2724 adversarii
1549 2673 1679 2723 dum
1737 2685 1838 2725 nos
1892 2679 2139 2730 monent,
2198 2676 2257 2721 ut

675 2764 947 2831 fugiamus
967 2776 1083 2822 eos.
1106 2763 1198 2830 qui
1227 2763 1417 2817 dicunt
1442 2762 1656 2816 Numen
1680 2762 1925 2816 divinum
1951 2762 2255 2817 secundum

676 2857 1038 2911 substantiam
1073 2856 1528 2926 imperceptibile,
1558 2867 1815 2924 tanquam
1847 2841 2001 2925 quod
2021 2870 2254 2923 supere-

678 2953 905 3016 minent,
955 2951 1334 3021 perceptiliilia
1389 2967 1520 3004 vero
1563 2951 1942 3004 substantialia
1996 2951 2138 3021 ejus,
2203 2959 2261 3002 et

676 3045 1057 3112 cuiporalibus
1081 3044 1258 3099 oculis
1290 3044 1545 3109 visibilia,
1601 3060 1723 3098 eum
1764 3043 1874 3097 sint
1900 3043 2025 3106 alia,
2059 3051 2110 3096 et
2140 3045 2260 3111 ejus

679 3135 968 3198 submissa,
1002 3146 1223 3190 monent
1256 3135 1543 3205 fugiendos
1595 3150 1717 3189 esse
1757 3145 1999 3189 sanctos.
2034 3153 2050 3186 ι
2098 3135 2167 3189 Ει
2202 3136 2255 3188 in

679 3226 895 3294 dialogo
922 3242 1083 3294 quem
1132 3226 1384 3281 inscribit
1440 3226 1775 3295 Theophanes
1824 3236 1872 3279 et
1905 3226 2199 3280 Tlieotimus
2238 3246 2247 3278 :

685 3336 705 3369 ι
738 3318 985 3383 Quonam
1023 3318 1183 3371 modo
1236 3333 1343 3371 una
1386 3318 1610 3385 quidem
1661 3316 2040 3386 intelligibilis,
2083 3319 2253 3370 altera

680 3424 813 3461 vero
868 3408 1289 3477 iuintelligibilis
1336 3408 1534 3461 litteris
1576 3410 1830 3477 proditur
1880 3410 2123 3479 ejusdem
2160 3411 2253 3463 Dei

2352 1940 2491 1994 ἀλλὰ
2519 1940 2617 2010 τὴν
2653 1939 2903 1993 θεοποιὸν
2949 1944 3113 2011 χάριν
3142 1960 3202 1997 τε
3234 1943 3331 1997 καὶ
3381 1944 3682 2012 βασιλείαν,
3710 1946 3837 2013 ἣτις
3887 1946 3941 1997 εί

2355 2031 2450 2085 καὶ
2502 2033 2578 2102 μὴ
2618 2032 2780 2100 φύσις
2833 2033 2949 2086 ἐστὶ
2978 2034 3075 2087 τοῦ
3121 2034 3258 2088 Θεοῦ
3288 2076 3304 2100 ,
3334 2037 3431 2089 καὶ
3485 2036 3597 2107 γὰρ
3628 2036 3943 2107 ἀμιθεκτος

2354 2126 2561 2196 ἐκείνη,
2600 2126 2741 2182 ἀλλὰ
2774 2126 2977 2195 φυσική
3022 2126 3173 2181 ἐστιν
3200 2128 3450 2198 ἐνέργεια
3484 2127 3648 2196 Θεοῦ,
3684 2128 3943 2199 φυσικῶς

2356 2218 2600 2287 ἑπομένη
2633 2217 2713 2287 τῷ
2758 2218 2901 2287 Θεῷ,
2953 2219 3049 2272 καὶ
3104 2220 3432 2289 ἀχωρίστως
3485 2221 3618 2289 περὶ
3647 2220 3815 2273 αὐτὸν
3851 2218 3945 2272 ἀεὶ

2358 2305 2730 2376 θεωρουμένη.
2764 2308 2853 2359 Διδ
2893 2309 2985 2360 καὶ
3021 2309 3048 2360 ὁ
3076 2308 3280 2377 ταύτης
3316 2309 3655 2379 κληρονόμος
3687 2309 3946 2381 κληρονό-

2362 2412 2457 2463 μος
2511 2395 2734 2463 λέγεται
2788 2396 2946 2451 Θεοῦ.
2984 2417 3003 2448 ι
3064 2400 3174 2452 Καὶ
3222 2401 3281 2451 ὲν
3328 2400 3406 2470 τῷ
3458 2401 3747 2470 δωδεκάτῳ
3802 2402 3944 2471 πρὸς

2371 2486 2684 2540 Ἀκίνδυνον
2740 2487 2910 2555 λόγῳθ
2967 2505 2986 2538 ι
3021 2488 3143 2542 Ὀτι
3194 2491 3420 2557 φεύγειν
3464 2490 3859 2559 παραινοῦντες
3894 2480 3945 2542 οἱ

2360 2578 2591 2631 ἐναντίοι
2617 2579 2751 2651 ἡμῖν
2779 2580 2905 2643 τοὺς
2930 2578 3191 2646 λέγοντας
3212 2581 3454 2649 ἄληπτον
3478 2582 3577 2649 μὲν
3599 2582 3724 2634 κατ’
3748 2581 3946 2633 οὐσίαν

2360 2671 2418 2723 το
2442 2670 2620 2733 Θεῖον,
2684 2670 2779 2723 ἆτε
2809 2672 2903 2723 καὶ
2934 2671 3357 2741 ὑπερκείμενον,
3392 2671 3575 2741 ληπτὰ
3627 2670 3685 2724 δὲ
3736 2672 3807 2723 τὰ
3847 2671 3944 2721 οὖ-

2362 2761 2529 2832 σιώδη
2586 2760 2796 2828 αὐτοῦ,
2849 2764 2942 2815 καὶ
2994 2766 3328 2831 σωματικοῖς
3380 2761 3681 2831 ὀφθαλμοῖς
3730 2761 3944 2831 ὁρατὰ,

2360 2856 2523 2924 ἕτερα
2551 2854 2681 2908 ὄντα
2713 2855 2808 2908 καὶ
2838 2856 3108 2925 ὑφειμένα
3141 2855 3329 2919 αὑτοῦ,
3360 2856 3585 2921 φεύγειν
3612 2855 3946 2924 παραινοῦσι

2361 2949 2485 3010 τοὺς
2528 2947 2743 3013 ἁγίους.
2782 2967 2799 2998 ι
2846 2948 2955 3001 Καὶ
3000 2949 3057 2999 ὲν
3088 2948 3164 3014 τῷ
3224 2948 3475 3015 διαλόγῳ,
3508 2948 3567 3000 ὃν
3630 2947 3945 3014 Θεοφάνης

2363 3039 2460 3091 καὶ
2496 3039 2777 3106 Θεότιμος
2818 3040 3136 3109 ἐπιγράφει’
3176 3057 3193 3089 ι
3226 3038 3348 3100 Πῶς
3381 3038 3437 3089 δὲ
3465 3040 3512 3106 ἐή
3555 3037 3654 3106 μὲν
3685 3036 3871 3105 νοητὴ,
3912 3038 3947 3101 ἡ

2362 3132 2418 3183 δὲ
2444 3134 2799 3199 ἀπερινόητος
2821 3132 3235 3201 ἀναγέγραπται
3259 3131 3352 3183 τοῦ
3376 3130 3541 3184 αὑτοῦ
3565 3129 3701 3183 Θεοῦ
3730 3131 3948 3200 θεότης,

2361 3226 2529 3293 ὁρατή
2588 3241 2644 3275 τε
2680 3227 2790 3285 τοῖς
2844 3224 3015 3287 ἀξίοις
3053 3227 3112 3275 ἐν
3158 3223 3385 3292 δυνάμει
3445 3224 3798 3293 Πνεύματος,
3851 3224 3948 3274 καὶ

2362 3319 2499 3369 πᾶσι
2530 3316 2877 3368 παντάπασιν
2919 3316 3169 3387 ἀόρατος,
3220 3317 3455 3384 μεθεκτή
3491 3334 3550 3368 τε
3598 3317 3692 3368 καὶ
3739 3315 3948 3383 ἁμέθε-

2363 3426 2487 3472 κτος
2521 3409 2660 3463 κατὰ
2684 3410 2776 3462 τὸν
2810 3411 3066 3478 γνώμονα
3096 3410 3192 3475 τῆς
3226 3410 3508 3473 εὐσεϐείας
3534 3411 3767 3478 λέγομεν
3798 3430 3813 3472 ς
3851 3430 3871 3461 ι

681 3504 892 3569 duitas,
956 3502 1303 3571 visibilisque
1368 3503 1548 3572 dignis
1610 3504 1663 3557 in
1742 3504 1946 3557 virtute
2012 3503 2253 3573 Spiritus
2293 3506 2589 3568 saucii,et
2653 3520 2879 3574 prorsus
2941 3505 3200 3559 omnibus
3236 3504 3550 3570 invisibilis,
3584 3504 3948 3575 participabi-

681 3599 877 3667 lisque,
902 3608 958 3653 et
986 3598 1454 3668 imparticipabilis
1500 3598 1799 3655 secundum
1831 3614 2073 3654 normam
2111 3602 2328 3669 pietatis
2354 3601 2588 3655 dicimus
2630 3602 2649 3654 ?
2682 3622 2699 3652 ι

761 3719 881 3773 Haec
914 3726 1095 3771 autem
1135 3716 1314 3769 omnia
1344 3716 1666 3785 colligentes
1719 3718 1772 3770 in
1823 3726 1972 3772 tomo
2013 3733 2265 3773 commu~

692 3818 833 3866 aiter
873 3818 1189 3865 sanxerunt.
1236 3807 1498 3862 dim-runt
1543 3819 1747 3872 autem,
1800 3810 2076 3878 inquiunt,
2124 3810 2266 3864 inter

685 3922 744 3961 se
804 3904 1112 3973 ltujusmodi
1161 3902 1413 3966 deitates,
1473 3916 1540 3956 eo
1584 3903 1817 3967 scilicet,
1873 3905 2018 3972 quod
2077 3904 2258 3958 divina

690 3998 936 4064 operatio
964 3994 1343 4063 participatur,
1384 4002 1441 4046 et
1482 3994 1716 4061 partitur
1748 3994 2176 4063 impartibiliter,
2206 4006 2259 4049 et

689 4087 1025 4148 nominatur,
1075 4094 1129 4139 et
1154 4084 1579 4153 quodammodo,
1624 4086 1873 4154 quamvis
1922 4087 2262 4141 subobscure

691 4196 755 4233 ex
816 4180 931 4233 suis
977 4176 1185 4232 eﬂ‘ectis
1238 4176 1578 4246 intelligitur.
1634 4177 1949 4232 Substantia
2006 4196 2138 4233 vero
2179 4191 2266 4235 est

690 4268 1177 4340 ianparticipabilis,
1195 4276 1251 4323 et
1280 4267 1646 4337 impartibilis,
1665 4280 1720 4323 et
1746 4270 2102 4332 iunominata,
2139 4279 2264 4325 tan-

692 4377 855 4429 quam
904 4373 1123 4415 omnem
1175 4360 1607 4413 nominationem
1660 4361 1933 4416 excedens
1985 4363 2260 4427 videlicet,

693 4462 858 4522 atque
890 4453 1116 4507 etnnino
1142 4451 1579 4519 inintelligibilis.

766 4564 1015 4619 Decimus
1039 4564 1263 4633 quintus
1287 4563 1500 4627 modus,
1530 4564 1675 4632 quod
1703 4565 2006 4619 substantia
2040 4567 2260 4634 quidem

694 4660 898 4714 nullam
939 4659 1135 4712 haheat
1155 4657 1209 4710 in
1242 4671 1301 4711 se
1328 4657 1722 4722 dill‘erentiam,
1750 4662 2101 4727 operatioues
2132 4674 2262 4713 vero

691 4767 815 4804 eum
871 4748 1014 4803 inter
1045 4757 1264 4813 se,tum
1317 4765 1348 4803 a
1402 4748 1705 4803 substantia
1760 4748 2077 4804 diﬂ'erentes
2129 4750 2260 4805 sint.

692 4849 868 4912 Atque
896 4841 1140 4899 Palamas
1195 4842 1252 4895 in
1302 4850 1727 4895 commemorata
1784 4842 2052 4905 oratione.
2108 4845 2265 4912 cujus

694 4936 912 4989 iuitiutn
949 4951 964 4987 :
998 4934 1129 4987 Cum
1160 4933 1319 5002 igitur
1368 4934 1772 4998 insusurrasset,
1814 4933 1906 4997 ait,
1947 4951 1965 4983 ι
2006 4931 2264 4987 Voleutes

695 5030 955 5095 pietatem
982 5026 1180 5088 colere,
1212 5034 1263 5078 el
1291 5024 1475 5077 sobrie
1501 5040 1712 5092 sapere,
1754 5023 2024 5078 fateantur
2043 5022 2263 5079 dillerrc

697 5119 918 5187 quidem
954 5116 1223 5185 ejusmodi
1258 5129 1454 5170 cuncta
1512 5118 1654 5171 inter
1683 5133 1774 5181 se,
1807 5132 2024 5170 causam
2081 5127 2262 5170 autem

700 5212 916 5263 itlorum
951 5209 1055 5263 huc
1086 5221 1227 5272 esse,
1258 5207 1310 5260 in
1340 5222 1468 5276 quo,
1497 5219 1549 5262 et
1572 5224 1638 5262 ex
1663 5223 1771 5277 quo
1805 5218 1955 5269 sunt,
1975 5222 2097 5260 cum
2128 5208 2261 5261 illud

698 5305 769 5356 sit
804 5316 967 5368 supra
1001 5300 1134 5353 iure.
1172 5317 1189 5348 ι

772 5418 836 5469 lit
884 5417 938 5469 in
994 5416 1097 5468 alia
1131 5415 1399 5473 oratione,
1452 5416 1608 5483 cujus
1666 5415 1929 5471 initium;
1986 5418 2024 5467 Α
2078 5419 2265 5485 spiritu

699 5508 956 5563 articulis.
998 5525 1015 5556 ι
1061 5505 1165 5560 Sed
1215 5506 1338 5573 quis
1383 5516 1673 5559 enunieret
1727 5522 1919 5560 omnes
1952 5522 2111 5561 voces
2144 5523 2265 5561 sau-

700 5611 932 5658 t'tttl‘um,
964 5595 1163 5663 qttilws
1191 5607 1245 5645 et
1304 5597 1664 5649 substantiam
1721 5596 1836 5659 Dei,
1888 5605 1944 5649 et
1996 5598 2270 5664 potentias

702 5685 794 5738 itei
826 5701 945 5739 esse
986 5685 1254 5739 increatas
1309 5687 1600 5748 testantur;
1668 5697 1830 5754 atque
1887 5685 2030 5741 inter
2064 5701 2121 5740 se
2162 5687 2267 5739 dii-

706 5794 844 5842 gerre
900 5777 1213 5841 ostendunt,
1266 5788 1315 5830 et
1379 5778 1490 5832 lut'c
1540 5781 1718 5832 omnia
1771 5792 1931 5832 uuam
1982 5794 2098 5831 εενς
2149 5780 2263 5831 tlei~

2452 3721 2635 3772 [liv-ca
2663 3721 2719 3772 δὲ
2760 3719 2933 3772 ταῦτα
2966 3718 3366 3786 συναγαγόντες
3405 3718 3463 3770 ὲν
3493 3717 3570 3787 τῷ
3606 3717 3758 3789 τόμῳ
3792 3724 3948 3793 κοινῇ

2377 3812 2752 3880 ἐπεκύρωσαν,
2787 3812 3135 3880 Διενηνόχασι
3175 3810 3219 3862 δ’
3269 3810 3545 3879 ἀλλήλων,
3577 3811 3842 3880 φάμενοι,
3877 3817 3931 3868 αι

2369 3903 2617 3956 τοιαῦται
2663 3904 2938 3970 θεότητες,
2965 3904 3168 3972 δηλαδὴ
3212 3900 3289 3971 τῷ
3320 3901 3418 3971 τὴν
3454 3902 3553 3971 μὲν
3585 3902 3736 3955 θείαν
3788 3905 3943 3973 ὲνέρ·

2371 4013 2526 4061 γειαν
2579 3995 2900 4065 μετέχεσθαι
2960 3997 3055 4047 καὶ
3114 3994 3435 4065 μερίζεσθαι
3487 3997 3801 4064 ἀμερίστως
3854 3997 3951 4050 καὶ

2370 4086 2697 4154 ὀνομάζεθαι
2753 4090 2847 4139 καὶ
2881 4086 3118 4140 νοεῖσθαί
3168 4104 3305 4152 πως,
3356 4090 3404 4141 εἰ
3460 4090 3554 4141 καὶ
3587 4076 3847 4158 ἀμυδρῶς
3887 4092 3953 4143 ἐκ

2371 4177 2481 4229 τῶν
2542 4177 2712 4246 αὐτῆς
2752 4178 3247 4246 ἀποτελεσμάτων·
3308 4178 3409 4247 τήν
3465 4196 3529 4247 γε
3599 4181 3709 4249 μὴν
3758 4180 3951 4233 οὐσίαν

2373 4266 2675 4334 άμέθεκτον
2718 4267 2815 4319 καὶ
2856 4268 3152 4336 ἀμέριστον
3198 4266 3293 4318 καὶ
3329 4267 3636 4337 ἀνώνυμον,
3676 4268 3755 4330 ὡς
3786 4268 3955 4337 ὑπερ-

2374 4356 2590 4427 ώνυμον
2622 4358 2865 4427 δηλονότι
2900 4359 2994 4411 καὶ
3027 4360 3386 4429 ἀπερινόητον
3420 4358 3724 4422 παντελῶς.

2444 4562 2679 4623 Δέκατος
2712 4562 2962 4629 πέμπτος
2996 4560 3219 4630 τρόπος,
3255 4565 3314 4613 τὸ
3354 4562 3453 4632 τὴν
3496 4562 3594 4631 μὲν
3633 4563 3825 4614 οὐσίαν
3877 4566 3950 4634 μὴ

2374 4654 2636 4721 διάφορον
2668 4648 2805 4706 εἶναι
2865 4652 2987 4706 καθ’
3036 4653 3261 4723 ἑαυτὴν,
3308 4655 3408 4716 τὰς
3436 4654 3483 4706 δ’
3533 4655 3824 4722 ἐνεργείας
3858 4657 3955 4708 καὶ

2375 4750 2510 4820 πρὸς
2552 4750 2811 4818 ἀλλήλας,
2850 4750 2943 4802 καὶ
2976 4749 3113 4819 πρὸς
3144 4748 3242 4818 τὴν
3271 4750 3461 4801 οὐσίαν
3490 4750 3811 4818 διαφόρους.
3846 4749 3953 4801 Καί

2375 4859 2539 4911 φησιν
2588 4843 2615 4893 ὁ
2654 4840 2918 4909 Παλαμᾶς
2973 4842 3030 4894 ὲν
3068 4840 3145 4909 τῷ
3188 4840 3539 4910 διαληφθέντι
3586 4840 3754 4909 λόγῳ,
3806 4835 3870 4892 οῦ
3916 4842 3951 4910 ὴ

2372 4933 3055 5005 ἁρχὴ,⁹Υ.τοψιθυρίσας,
3083 4952 3103 4985 ι
3148 4933 3403 4994 Θέλοντες
3434 4932 3675 4985 εὐσεϐεῖν
3708 4932 3808 4986 καὶ
3854 4950 3956 4986 σω-

2376 5027 2619 5095 φρονεῖν,
2666 5024 3105 5093 ὁμολογείτωσαν
3138 5022 3415 5093 διαφέρειν
3466 5025 3566 5092 μὲν
3612 5023 3681 5074 τὰ
3726 5022 3953 5076 τοιαῦτα

2377 5118 2555 5169 πάντα
2602 5115 2881 5183 ἀλλήλων·
2924 5116 3100 5166 αἴτιον
3149 5114 3205 5166 δὲ
3258 5114 3484 5168 ἐκείνων
3510 5114 3671 5166 τοῦτο
3704 5116 3765 5166 ὲν
3796 5106 3951 5183 ᾧπερ

2376 5208 2475 5260 καὶ
2512 5205 2572 5269 ἐξ
2609 5200 2669 5259 οὗ
2700 5207 2849 5258 ἔστιν
2886 5204 3055 5257 αὑτοῦ
3090 5204 3243 5265 ὄντος
3280 5203 3419 5270 ὑπὲρ
3448 5203 3638 5255 ταῦτα.
3678 5222 3696 5253 ι

2450 5414 2559 5466 Καὶ
2592 5414 2648 5462 ὲν
2698 5414 2870 5480 ἑτέρῳ
2920 5428 2981 5463 ου
3017 5412 3051 5481 ή
3086 5410 3252 5480 ἀρχὴ,
3302 5408 3431 5473 Τοῖς
3476 5408 3951 5476 aret-paraturi}

2378 5522 2523 5570 τοις,
2560 5525 2575 5556 ι
2626 5504 2786 5557 ’Λλλὰ
2818 5504 2899 5565 τίς
2933 5503 2999 5556 ἂν
3035 5502 3478 5571 ἁπαριθμήσαιτο
3510 5500 3693 5561 πασας
3720 5500 3821 5562 τᾶς
3841 5500 3953 5552 τῶν

2381 5595 2552 5662 ἁγίων
2586 5594 2791 5662 φωνὰς,
2835 5592 2903 5644 δι’
2955 5584 3028 5643 ὧν
3076 5592 3170 5643 καὶ
3208 5594 3273 5657 τῇ
3328 5588 3420 5643 τοῦ
3456 5588 3591 5642 Θεοῦ
3637 5585 3800 5655 οὐσίᾳ
3855 5586 3949 5636 καὶ

2382 5688 2503 5749 ταῖς
2533 5686 2627 5738 τοῦ
2662 5684 2795 5736 θεοῦ
2827 5682 3072 5749 δυνάμεις
3134 5682 3189 5733 τὸ
3219 5682 3472 5733 ἄκτιστον
3507 5678 3953 5747 προσμαρτυρεῖ-

2388 5796 2496 5830 tua.
2530 5781 2617 5829 καὶ
2656 5776 2712 5827 το
2753 5774 3033 5841 διαφέρει
3072 5772 3201 5833 ττος
3242 5769 3469 5838 αλ.>ἠ),ας
3512 5769 3808 5828 δείκνυται,
3854 5764 3949 5816 καὶ
