4180 6458
234 425 348 489 853

1460 428 1863 491 ADVERSUS
1902 428 2087 488 PALA
2101 428 2287 488 31AM.

3401 424 3470 489 85
3482 426 3505 487 ι

238 543 373 611 μίαν
424 538 562 596 εἶναι
610 541 787 595 ταῦτα
823 540 999 595 πάντα
1041 541 1271 612 θεότητα
1314 541 1563 596 συνιέντα
1613 544 1693 605 είς
1740 542 1818 607 ἓν,

1930 552 2091 597 tatem
2146 544 2199 597 in
2257 558 2421 598 unum
2475 544 2877 610 convenientia,
2935 542 3133 613 quippe
3172 540 3453 595 increata?
3485 558 3501 590 ι

234 633 316 694 ὠς
349 634 610 699 ἄκτιστσ;
644 654 663 687 t
1036 702 1039 709 η

318 728 430 780 Kal.
468 729 526 780 ἐν
564 729 761 799 ἑτέρῳ,
792 719 854 782 οὗ
888 731 921 799 ἡ
977 729 1122 799 ἀρχὴ
1150 771 1163 795 ,
1219 728 1639 783 Φιλονεικοῦσι
1691 726 1821 793 μὲν,

249 838 273 870 σ
315 821 394 873 (lia
426 821 620 874 πολλαὶ
647 822 703 874 δὲ
756 823 920 893 μόνον
950 823 1003 875 αἱ
1044 822 1184 874 θεῖαι
1235 821 1529 892 ἐνέργειαι,
1564 819 1700 872 ἀλλὰ
1731 818 1826 870 καὶ

244 912 497 978 ἀλλήλων
528 912 907 982 διαφέρουσαι,
946 914 1041 967 καὶ
1064 913 1162 982 τῆς
1200 916 1331 983 μιᾶς
1364 912 1550 977 οὐσίας
1575 911 1634 977 ἐξ
1658 912 1827 981 ἀνάγ-

246 1020 349 1069 κης
373 1002 767 1073 διενηνόχασιν.
800 1021 820 1054 ι

321 1095 394 1163 ιη’
421 1096 646 1165 τρόπος,
674 1095 735 1149 τὸ
757 1095 856 1166 τὴν
890 1096 988 1165 μὲν
1014 1096 1204 1149 οὐσίαν
1232 1096 1372 1166 ὑπὲρ
1409 1096 1469 1149 τὸ
1501 1096 1622 1149 καθ’
1656 1098 1826 1167 ὑπερ-

245 1188 382 1255 ογὴν
431 1188 491 1239 ὃν
529 1187 809 1253 λέγεσθαι,
842 1188 941 1258 τὴν
973 1188 1019 1241 δ’
1050 1188 1334 1257 ἐνέργειαν
1382 1188 1505 1241 καθ’
1552 1189 1828 1259 ὑπεροχὴν

262 1280 325 1345 ai;
357 1277 436 1331 ὃν.
473 1280 583 1332 Καί
620 1298 784 1349 φησιν
816 1282 841 1332 ὁ
878 1281 1144 1350 Παλαμᾶς
1184 1281 1242 1333 ἓν
1271 1299 1374 1333 τινι
1405 1281 1512 1334 τῶν
1547 1282 1829 1352 προτέρων

250 1372 432 1436 λόγων
459 1388 472 1402 ·
515 1390 534 1424 ι
578 1374 689 1427 Καὶ
728 1374 869 1441 ὑπὲρ
900 1374 960 1427 τὸ
1013 1374 1136 1426 καθ’
1184 1373 1463 1442 ὑπεροχὴν
1505 1373 1578 1442 μὴ
1624 1374 1704 1433 ὃν,
1740 1374 1828 1427 διὰ

249 1464 453 1531 νοερᾶς
483 1465 789 1533 αίσθήσεως
830 1466 1216 1535 πνευματικῶς
1266 1466 1564 1536 ὁρώμενον,
1600 1467 1625 1518 ὅ
1665 1467 1823 1519 οὐσία

245 1554 340 1604 τοῦ
383 1555 518 1608 Θεοῦ
548 1557 751 1627 ἣκιστὰ
782 1558 921 1610 ἐστι.
966 1578 984 1606 ι

326 1723 390 1777 ιθ¹
423 1726 624 1796 τρόπος
654 1730 771 1782 ἐστὶ
820 1730 881 1782 τὸ
926 1730 1023 1800 τὴν
1074 1729 1263 1782 οὐσίαν
1302 1730 1530 1801 ἄσχετον
1563 1726 1705 1785 εἶναι
1737 1736 1829 1785 καὶ

248 1817 558 1887 ἀμίμητον,
618 1819 717 1887 τὴν
756 1820 813 1872 δὲ
866 1821 1149 1890 ἐνέργειαν
1206 1823 1391 1890 σχέσιν
1429 1841 1483 1874 τε
1539 1822 1680 1878 εἶναι
1734 1826 1828 1877 καὶ

2001 724 2066 778 Et
2098 724 2151 778 in
2189 725 2296 779 alia
2345 726 2614 790 oratione,
2669 727 2825 795 cujus
2909 722 3149 783 initium,
3186 720 3510 774 Contendant

1931 816 2137 884 quidem
2175 831 2192 867 :
2236 834 2253 866 ι
2290 815 2409 871 Non
2446 817 2621 870 solum
2669 827 2848 870 autem
2906 812 3091 869 multa:
3138 820 3264 864 sunt
3315 809 3512 863 divina!

1930 905 2295 972 operationes,
2324 907 2417 961 sed
2451 916 2505 961 et
2549 907 2693 960 inter
2721 922 2777 960 se
2810 906 3147 967 differentes,
3193 910 3247 955 et
3292 901 3358 954 ab
3404 917 3511 954 una

1931 996 2235 1050 substantia
2264 998 2577 1051 necessario
2600 998 2884 1052 diﬂerunt.
2929 1015 2945 1046 ι

2003 1086 2257 1138 Decimus
2283 1096 2509 1140 octavus
2535 1088 2749 1152 modus,
2780 1087 2923 1156 quod
2954 1085 3256 1140 substantia
3289 1080 3511 1151 quidem

1932 1175 2147 1231 dicatur
2183 1194 2288 1230 non
2326 1194 2425 1232 cns
2466 1194 2630 1247 supra
2658 1195 2878 1233 omnem
2914 1180 3292 1233 etninentiam.
3317 1190 3513 1243 opera—

1934 1268 2009 1320 tio
2043 1284 2169 1321 vero
2206 1284 2314 1323 non
2350 1285 2447 1323 ens
2483 1286 2581 1338 per
2617 1270 2993 1325 eminentiam.
3040 1270 3104 1321 Et
3138 1270 3212 1320 ait
3263 1268 3512 1319 Palatnas

1933 1361 1986 1413 in
2020 1361 2252 1428 quadam
2288 1363 2535 1415 oratione
2564 1378 2625 1413 ex
2666 1361 2944 1429 prioribus
2971 1359 3347 1412 orationibus:
3388 1374 3405 1406 ι
3450 1357 3508 1409 Et

1932 1469 2093 1521 supra
2125 1452 2175 1505 id
2204 1452 2348 1520 quod
2385 1461 2467 1504 est
2515 1467 2623 1504 non
2668 1467 2767 1504 ens
2799 1466 2893 1519 per
2936 1450 3310 1511 eminentiam,
3368 1446 3511 1514 quod

1934 1561 2029 1612 per
2073 1559 2295 1598 sensum
2357 1541 2785 1596 intellectualem
2864 1540 3221 1609 spiritualiter
3277 1539 3512 1598 videtur,

1933 1638 2078 1705 quod
2116 1636 2421 1688 substantia
2456 1635 2548 1687 Dei
2588 1634 2816 1688 minime
2848 1643 2950 1686 est.
2989 1652 3006 1684 ι

1999 1728 2257 1784 Decimus
2283 1742 2460 1782 nonus
2500 1726 2718 1786 modus.
2745 1725 2889 1794 quod
2940 1723 3244 1779 substantia
3277 1722 3497 1792 quidem

1933 1829 2116 1872 careat
2170 1818 2538 1879 habitudine,.
2580 1826 2636 1869 ct
2689 1815 3036 1868 inimitabilis
3093 1815 3198 1878 sit,
3260 1813 3507 1881 operatio

250 1908 514 1976 μίμησιν,
538 1908 632 1963 καὶ
656 1910 903 1979 μίμημα·
930 1914 1023 1965 καὶ
1050 1914 1444 1981 ἀποφαίνονται
1476 1917 1530 1966 ἐν
1554 1915 1629 1985 τῷ
1652 1918 1823 1986 τόμῳ,

1933 1923 2059 1961 vero
2090 1907 2359 1961 habitudo
2391 1908 2483 1966 sit.
2508 1914 2562 1958 et
2596 1905 2851 1966 imitatio,
2880 1913 3045 1971 atque
3084 1902 3512 1958 imitamentum.

249 1997 400 2049 ὥστε
429 1998 551 2051 οὐδὲ
583 2000 615 2069 ὴ
651 1998 897 2063 θεοποιός
922 2001 1102 2071 δωρεὰ
1140 2002 1235 2055 τοῦ
1280 2004 1597 2073 Πνεόματος
1624 2006 1760 2075 αὑτὴ
1796 2008 1827 2075 ἡ

249 2087 447 2152 θέωσίς
471 2090 588 2143 ἐστι
611 2091 831 2157 κτιστὴ,
859 2092 993 2146 διότι
1029 2094 1213 2163 σχέσις
1246 2096 1366 2147 ἐστὶ
1397 2096 1535 2164 πρὸς
1566 2096 1632 2149 τὰ
1671 2097 1825 2149 020:3-

252 2197 415 2248 μενα.
460 2198 479 2233 ι
514 2181 625 2235 Καὶ
671 2182 854 2248 πάλιν,
909 2202 929 2235 ‹
968 2185 1130 2237 Ὥστε
1176 2186 1237 2239 τὸ
1288 2187 1514 2257 μίμημα
1569 2189 1827 2257 λέγεσθαι

250 2271 356 2324 οὐκ
408 2273 693 2343 ἐμποδίζει
734 2276 872 2347 πρὸς
926 2277 989 2329 τδ
1045 2278 1305 2333 ἄκτιστον
1358 2275 1637 2354 εἶναιτὴν
1690 2285 1818 2337 θέω.

251 2380 359 2419 σιν.
392 2383 413 2415 ο

325 2454 372 2507 κ’
402 2457 604 2526 τρόπος
648 2459 764 2511 ἐστὶ
797 2500 812 2523 ,
833 2460 894 2513 τὸ
919 2461 1017 2533 τὴν
1063 2462 1252 2516 οὐσίαν
1285 2464 1556 2519 ἀθάνατον
1591 2462 1730 2519 εἶναι
1761 2467 1830 2520 δι’

250 2545 478 2614 ἑαυτὴν,
502 2548 601 2617 τὴν
637 2549 682 2600 δ’
706 2550 989 2619 ἐνέργειαν
1021 2552 1109 2605 διὰ
1143 2554 1242 2623 μὲν
1273 2554 1369 2624 τὴν
1399 2556 1589 2609 οὐσίαν
1620 2557 1825 2611 eam.

247 2654 366 2702 τον,
416 2638 485 2691 δι’
524 2639 692 2709 αὐτὴν
726 2640 781 2693 as
827 2641 1113 2713 νέκρωσιν.
1150 2645 1257 2698 Καί
1292 2664 1425 2716 φησι
1470 2648 1733 2716 Hac/apii;
1768 2652 1829 2701 ἐν

247 2729 332 2798 τῷ
396 2731 526 2799 περὶ
582 2732 735 2794 θείας
798 2735 891 2787 καὶ
952 2737 1203 2790 θεοποιοῦ
1264 2740 1566 2807 μεθέξεωςο
1631 2760 1649 2793 ι
1693 2742 1829 2795 Είδ*

248 2824 453 2876 ἐκεῖνοι
503 2823 691 2877 τοῦτον
737 2825 832 2880 τὸν
865 2828 1066 2898 τρόπον
1097 2831 1190 2882 καὶ
1235 2830 1402 2894 ζῶσιν
1438 2820 1703 2897 ἀθάνατα,
1735 2837 1829 2886 καὶ

248 2914 568 2983 τεθνήκασι,
602 2917 696 2970 καὶ
726 2918 913 2972 πολλοὶ
945 2920 1051 2972 τῶν
1102 2921 1337 2975 ἐνταῦθα
1371 2923 1589 2986 ζώντων
1621 2925 1825 2993 νεκροὶ,

249 3002 508 3073 καθάπερ
543 3007 569 3058 ό
594 3004 739 3075 ζωῆς
769 3008 862 3061 καὶ
898 3009 1128 3063 θανάτου
1153 3011 1387 3078 Χριστὸς
1407 3014 1826 3079 ἕδειξεν.”1ε1στιν

246 3095 361 3163 ἐρα
406 3098 501 3148 καὶ
552 3098 746 3168 θεότης
794 3100 1087 3171 νέκρωσις,
1146 3104 1416 3157 ἀθανάτου
1470 3108 1610 3159 κατὰ
1664 3107 1827 3175 φύσιν

253 3186 545 3258 μενούσης.
583 3209 601 3240 ι

327 3278 439 3330 Kal.
465 3280 614 3333 ἄλλοι
641 3281 697 3334 δὲ
727 3283 917 3350 τρόποι
942 3283 1182 3337 πλεῖστοι
1216 3289 1272 3339 έν
1303 3289 1414 3351 τοῖς
1445 3288 1622 3343 αὐτῶν
1650 3291 1829 3359 ἐγκεί-

252 3386 413 3440 μενοι
442 3373 706 3441 δόγμασιν
750 3377 1015 3445 εἰάθησαν
1069 3378 1200 3447 παρ’
1233 3381 1408 3447 ἡμιίν,
1442 3384 1570 3443 τοὺς
1612 3384 1828 3436 καθολι-

250 3464 530 3532 κωτέρους
557 3466 957 3533 ἐκλεξαμένων.
1002 3468 1155 3521 Ἐπεὶ
1195 3471 1243 3522 δ’
1274 3471 1538 3535 ὡσαύτως
1570 3474 1827 3545 εὕρηνται

250 3556 386 3623 παρ’
414 3556 596 3619 αὐτοῖς
631 3560 722 3610 καὶ
743 3558 906 3628 ἕτερα
938 3561 1058 3612 λίαν
1090 3562 1261 3631 ἀσεϐῆ
1292 3564 1559 3633 δόγματα,
1594 3570 1667 3637 μὴ
1698 3569 1830 3620 ὑπο-

262 3649 536 3699 πίπτοντα
565 3650 677 3711 τοίς
727 3648 834 3701 τῶν
866 3650 1195 3721 διακρίσεων
1242 3656 1485 3723 τρόποις,
1532 3658 1831 3723 ἀναγκαῖον

250 3738 351 3790 καὶ
375 3738 478 3790 ἀπὸ
498 3738 701 3792 τούτων
726 3741 955 3809 ἐκθῆνοιὶ
986 3759 1108 3795 τινα
1132 3744 1400 3799 ἐνταυθοῖ.
1430 3748 1539 3810 Τὰς
1572 3750 1830 3817 θεότητας

249 3826 369 3886 οὖν.
399 3830 465 3893 ἃς
499 3833 561 3884 ἐκ
601 3832 723 3884 νέου
750 3835 1170 3903 συνεστήσαντο,
1204 3836 1349 3890 ἔστιν
1378 3839 1511 3890 ὅπου
1545 3842 1635 3891 καὶ
1672 3840 1829 3903 θεούς

250 3938 411 3991 φασι.
444 3923 609 3992 Λέγει
639 3926 821 3977 τοίνυν
856 3928 1120 3995 Παλαμᾶς
1149 3928 1204 3980 ἐν
1228 3947 1333 3981 τινι
1354 3930 1464 3982 τῶν
1495 3933 1622 4000 περὶ
1654 3934 1829 3999 φωτὸς

248 4011 431 4079 λόγων
457 4013 643 4067 αὐτοῦ’
676 4033 694 4066 ι
735 4016 921 4068 Διττὺν
947 4012 1086 4069 εἶναι
1118 4018 1176 4070 τὸ
1200 4018 1356 4071 Θεῖον
1388 4019 1708 4089 βουλόμενος
1726 4022 1831 4073 δεῖ⁴

250 4103 370 4169 ξαι,
412 4105 598 4174 φησὶν,
623 4106 684 4159 οὐ
725 4107 884 4177 μόνον
929 4107 1061 4172 Θεός
1100 4111 1248 4163 ἐστιν
1294 4111 1435 4179 ὑπὲρ
1463 4114 1530 4163 τὰ
1577 4112 1704 4165 ὄντα
1730 4112 1827 4176 ὢν,

246 4196 457 4264 δηλαδὴ
483 4197 516 4266 ἡ
542 4198 814 4268 ἐνέργεια,
860 4200 989 4267 περὶ
1032 4195 1097 4271 ἧς
1127 4200 1273 4269 αὐτῷ
1300 4198 1369 4270 ἦν
1409 4203 1437 4253 ό
1469 4202 1649 4269 λόγος,
1686 4204 1828 4257 ἀλλὰ

250 4289 351 4339 καὶ
371 4288 635 4357 ὀπέρθεος
657 4305 672 4320 ο
705 4292 801 4344 καὶ
828 4291 887 4341 οὐ
921 4291 1081 4358 μόνον
1110 4292 1250 4361 ὑπὲρ
1280 4294 1459 4345 πᾶσαν
1484 4294 1633 4346 θέσιν
1658 4294 1826 4361 ἐστὶν,

247 4376 393 4429 ἀλλὰ
445 4378 538 4429 καὶ
582 4377 723 4447 ὑπὲρ
769 4379 953 4432 πᾶσαν
991 4380 1303 4449 ἀφαίρεσιν,
1368 4383 1401 4451 ἡ
1452 4382 1695 4453 ὑπεροχὴ
1733 4383 1828 4436 τοῦ

251 4470 477 4520 πάντων
523 4468 819 4523 ἐπέκεινα·
867 4472 960 4523 καὶ
1007 4472 1189 4523 πᾶσαν
1246 4471 1521 4543 ὑπεροχὴν
1572 4475 1825 4528 ὁπωσοῦν

1927 2010 1983 2053 et
2013 2002 2065 2055 in
2097 2009 2246 2051 tomo
2275 1996 2600 2051 sententiam
2628 1996 2810 2049 ferunt
2842 2011 2856 2048 :
2897 2012 2915 2045 ι
2951 1996 3137 2063 Itaque
3186 2010 3363 2062 neque
3395 1992 3511 2046 dei-

1929 2088 2137 2143 ﬁcatrix
2170 2086 2385 2156 largitio
2417 2085 2653 2156 Spiritus
2703 2087 2817 2153 ipsa
2865 2086 3139 2140 deiticatio
3168 2096 3251 2140 est
3289 2096 3495 2147 creata,

1928 2178 2185 2248 quoniam
2234 2176 2502 2231 habitudo
2554 2184 2639 2229 est
2691 2175 2758 2227 ad
2811 2190 3042 2244 ca,qu:e
3077 2176 3427 2231 deiﬁeantur.
3477 2195 3494 2226 ι

1930 2268 1995 2323 Et
2039 2283 2272 2324 rursus:
2314 2287 2332 2320 ι
2366 2268 2548 2333 Quare
2605 2267 2751 2335 quod
2801 2266 3029 2321 dicatur
3078 2268 3507 2330 imitamentum,

1928 2377 2033 2416 non
2066 2361 2267 2426 obstat,
2291 2360 2422 2429 quin
2450 2358 2726 2414 deiﬁcatio
2772 2360 2842 2413 sit
2874 2359 3135 2415 increata.
3180 2377 3197 2409 ›

1996 2452 2309 2509 Vicesimus
2364 2452 2580 2517 modus,
2626 2452 2773 2522 quod
2817 2452 3125 2508 substantia
3184 2454 3405 2522 quidem
3440 2455 3511 2509 sit

1931 2547 2255 2601 immortalis
2291 2562 2387 2614 per
2413 2560 2491 2609 se,
2528 2556 2772 2615 operatio
2819 2561 2952 2599 vero
2994 2554 3215 2615 propter
3241 2546 3497 2600 substan-

1930 2638 2058 2692 tiam
2089 2637 2310 2707 quidem
2348 2637 2692 2701 immortalis,
2730 2652 2829 2706 per
2860 2651 2920 2690 se
2950 2651 3083 2689 vero
3119 2638 3502 2700 mortilieatio;

1928 2737 1982 2783 et
2012 2731 2089 2782 ait
2125 2728 2373 2782 Palatnas
2402 2728 2456 2781 in
2487 2728 2628 2782 libro
2674 2727 2749 2782 De
2793 2730 2974 2782 divina
3028 2728 3306 2795 deiﬁcante
3347 2730 3516 2795 parti-

1929 2821 2181 2886 cipatione
2212 2833 2230 2871 :
2265 2837 2283 2869 ι
2321 2818 2474 2884 Quod
2501 2819 2544 2873 si
2575 2818 2648 2873 illi
2702 2820 2849 2873 ltuuc
2879 2820 2931 2874 in
2972 2819 3194 2873 modum
3229 2830 3286 2873 et
3312 2822 3504 2876 vivunt

1929 2911 2311 2966 immortaliter
2332 2920 2385 2965 et
2416 2910 2614 2964 mortui
2645 2922 2790 2972 sunt,
2818 2920 2873 2964 et
2909 2912 3128 2980 plurimi
3172 2926 3239 2965 ex
3295 2912 3380 2965 bis
3409 2914 3499 2978 qui

1927 3003 2139 3064 vivunt,
2195 3001 2395 3053 mortui
2442 3010 2590 3064 sunt,
2617 3008 2676 3052 ut
2731 2999 2857 3053 vita:
2907 3001 3211 3069 mortisque
3264 3000 3509 3055 ostendit

1928 3094 2213 3147 Dominus.
2249 3094 2343 3148 list
2367 3109 2499 3163 ergo
2541 3093 2703 3148 etiam
2756 3094 2930 3148 deitas
2967 3096 3333 3159 rnortulicatio,
3387 3110 3510 3150 cum

1849 3224 1897 3288 Ο
1931 3188 2258 3242 immortalis
2283 3187 2588 3242 secundum
2621 3197 2871 3241 naturam
2905 3196 3242 3254 permaneat.
3280 3205 3298 3238 ι

2003 3281 2172 3334 Porro
2203 3281 2295 3334 alii
2330 3294 2552 3349 quoque
2599 3279 2824 3349 plurimi
2862 3279 3008 3332 modi
3051 3281 3103 3333 in
3136 3279 3253 3333 suis
3289 3279 3516 3346 dogma-

1932 3372 2079 3426 tibus
2106 3372 2297 3426 inserti
2337 3388 2364 3425 a
2394 3373 2554 3425 nobis
2597 3371 2943 3441 prmtermissi
2974 3379 3121 3437 sunt,
3149 3371 3240 3440 qui
3289 3372 3513 3425 univer-

1934 3468 2162 3520 saliores
2218 3467 2505 3535 elegimus.
2571 3465 2841 3532 Quoniam
2893 3480 3020 3519 vero
3064 3465 3318 3519 similiter
3370 3466 3513 3534 apu'l

1932 3562 2077 3628 ipsos
2125 3559 2473 3627 reperiuntur
2532 3566 2588 3612 et
2638 3558 2745 3611 alia
2800 3558 2953 3611 valde
3007 3557 3175 3627 impia
3233 3558 3510 3627 dogmata,

1931 3666 2052 3716 quae
2084 3666 2190 3703 non
2224 3651 2424 3704 cadunt
2477 3650 2530 3703 in
2590 3650 2965 3704 distinctionis
3012 3652 3224 3713 modos.
3264 3659 3401 3720 opus
3429 3662 3513 3705 est

1930 3759 1998 3799 ex
2025 3745 2156 3813 ipsis
2213 3744 2314 3797 hoc
2371 3744 2491 3797 loco
2532 3744 2745 3811 aliquot.
2794 3758 3090 3812 exponere.
3137 3744 3376 3799 Deitates
3406 3745 3509 3814 igi-

1935 3848 2038 3898 tur,
2078 3850 2213 3903 quas
2243 3835 2311 3888 de
2344 3850 2486 3889 novo
2518 3834 2885 3901 constituunt,
2917 3836 3114 3889 alicubi
3155 3836 3319 3889 etiam
3376 3834 3511 3890 deos

1931 3925 2224 3992 appellant.
2262 3924 2403 3978 Dicit
2432 3939 2562 3994 ergo
2590 3923 2862 3988 Palamas,
2892 3926 2944 3977 in
2974 3929 3208 3994 quadam
3245 3940 3341 3979 sua
3374 3940 3496 3978 ora-

1933 4020 2099 4079 tione,
2143 4030 2332 4071 earum
2364 4031 2484 4085 quae
2520 4025 2649 4070 sunt
2679 4016 2745 4071 de
2780 4016 3009 4079 lumine,
3042 4018 3233 4071 volens
3261 4017 3506 4070 divinum

1934 4123 2137 4162 numen
2163 4107 2398 4176 probare
2449 4107 2651 4177 duplex
2700 4122 2820 4163 esse
2855 4125 2869 4162 :
2908 4126 2924 4160 ι
2964 4108 3081 4162 Νοη
3133 4108 3308 4162 solum
3366 4109 3510 4163 Deus

1930 4208 2013 4251 est
2042 4211 2204 4265 supra
2235 4196 2383 4250 entia
2413 4198 2706 4258 exsistens,
2741 4196 2957 4251 scilicet
2984 4197 3254 4266 operatio,
3293 4196 3360 4249 de
3400 4212 3505 4265 qua

1933 4287 2032 4356 ipsi
2074 4296 2190 4341 erat
2235 4301 2438 4351 sermo,
2469 4286 2565 4341 sed
2611 4299 2666 4341 et
2695 4286 3016 4357 superdeus,
3068 4302 3248 4357 neque
3294 4296 3505 4342 tantum

1931 4392 2095 4445 supra
2128 4392 2348 4430 omnem
2388 4377 2719 4447 positionem
2742 4386 2846 4442 est,
2882 4378 2977 4432 sed
3004 4388 3061 4432 et
3096 4393 3261 4448 supra
3286 4393 3504 4431 omnem

1932 4468 2378 4531 abstractionem,
2408 4468 2712 4523 eminentia
2742 4468 2820 4521 rei
2870 4467 3187 4522 excedentis
3224 4470 3427 4531 omnia,
3455 4478 3508 4521 et

250 4558 557 4626 γενομένην
594 4558 994 4629 ὑπερϐέϐηκεν.
1028 4579 1046 4612 ι
1090 4561 1198 4613 Καὶ
1236 4561 1392 4614 πάλιν
1444 4565 1501 4615 ἐν
1544 4563 1620 4631 τῷ
1651 4565 1823 4635 αὐτῷ·

1931 4572 2145 4610 οηιιιειη
2199 4559 2556 4613 eminentiam
2607 4558 3107 4628 quomodocunque
3154 4562 3351 4613 tactam
3415 4575 3507 4613 cx-

253 4666 274 4698 c
315 4647 426 4699 Kal.
456 4646 766 4700 οὖδ’⁶ἐκεῖνο
814 4648 964 4717 παρὰ
1005 4650 1103 4718 τῆς
1150 4649 1430 4717 θεολογίας
1460 4656 1713 4721 ἤκουσεν,
1751 4654 1826 4717 ὡς

248 4737 376 4790 ἀντὶ
410 4736 631 4790 πάντων
659 4738 771 4791 τόθ’
811 4738 946 4808 ἡμῖν
977 4740 1009 4810 η
1035 4739 1153 4793 θεία
1183 4742 1474 4811 γενήσεται
1514 4744 1677 4811 φύσις
1697 4761 1712 4777 ο
1758 4746 1826 4798 ἵν’

252 4826 511 4881 ἐντεῦθεν
538 4827 670 4895 γοῦν
700 4828 834 4882 Θεὸν
866 4827 1006 4884 εἶναι
1033 4834 1182 4884 τουτὶ
1214 4834 1273 4884 τὸ
1319 4834 1435 4900 φῶς
1468 4836 1757 4907 πιστεύσῃ.
1798 4854 1818 4886 ι

251 4920 364 4971 Καὶ
408 4922 467 4971 ἐν
521 4917 599 4988 τῷ
645 4918 721 4989 β’,
772 4920 850 4990 τῷ
884 4922 1024 4973 κατὰ
1074 4922 1184 4974 τῶν
1242 4923 1516 4990 δευτέρων
1554 4925 1646 4979 τοῦ
1685 4929 1827 4997 Βαρ-

252 5009 428 5078 λαὰμ,
463 5010 523 5064 ὃν
562 5011 858 5080 ἐπιγράφει
899 5013 1243 5082 Κατάλογος
1276 5014 1394 5068 τῶν
1428 5018 1827 5071 ἐκσαινέντων

251 5103 530 5157 ἀτόπων·
564 5121 582 5155 ι
624 5105 697 5156 Οὐ
752 5106 861 5174 μὴν
908 5106 1024 5158 ἀλλ’
1072 5107 1370 5179 ἐπειδήπερ
1418 5111 1524 5161 εἰσὶ
1569 5112 1637 5163 τὰ
1670 5112 1828 5177 μετέ-

249 5211 420 5264 χοντα
465 5193 561 5247 τοῦ
608 5194 769 5260 Θεοῦ,
822 5198 854 5267 ἠ
902 5197 959 5250 δὲ
999 5199 1321 5265 ὐπερούσιος
1371 5200 1531 5254 οὐσία
1560 5201 1653 5253 τοῦ
1688 5203 1822 5255 Θεοῦ

248 5285 606 5338 παντάπασιν
658 5288 992 5354 ἀμέθεκτογ
1041 5292 1186 5345 ἔστιν
1218 5295 1323 5363 ἄρα
1373 5312 1425 5347 τι
1480 5296 1679 5363 μεταξῦ
1725 5297 1824 5365 τῆς

246 5376 561 5446 ἀμεθέκτου
583 5379 771 5442 οὐσίας
809 5382 904 5432 καὶ
934 5382 1043 5434 τῶν
1085 5385 1418 5453 μετεχόντων
1452 5388 1519 5441 δι’
1546 5383 1605 5441 οἶ)
1647 5388 1820 5442 ταῦτα

247 5466 343 5519 τοῦ
378 5467 514 5519 Θεοῦ
548 5470 853 5537 μετέχουσι.
892 5490 908 5523 ι
952 5473 1060 5525 Kal.
1091 5476 1206 5543 μετ’
1237 5476 1417 5541 ὀλίγα·
1462 5497 1479 5527 ι
1511 5479 1600 5529 Δεῖ
1627 5479 1689 5545 δὴ
1724 5479 1823 5547 ζη-

247 5557 365 5607 τεῖν
419 5558 570 5625 ἡμᾶς
628 5559 761 5611 Θ;δν
806 5560 993 5632 ἓτερον
1039 5565 1136 5616 οὐκ
1171 5566 1299 5617 ὄντα
1349 5567 1510 5636 μόνον
1537 5569 1819 5637 αὐτοτελῆ,

246 5647 674 5718 αὗτενέργητον,
732 5652 895 5703 αὑτὸν
932 5655 1123 5707 ἑαυτὸν
1173 5657 1240 5709 δι’
1287 5659 1478 5711 ἐαυτοῦ
1528 5660 1821 5729 θεώμενον,

244 5739 387 5791 ἀλλὰ
439 5741 534 5792 καὶ
577 5743 803 5807 ἁγιθὸν.
865 5762 881 5795 ι
944 5747 1052 5798 Καὶ
1092 5749 1277 5813 πάλιν,
1340 5770 1353 5800 ι
1398 5753 1503 5802 Καὶ
1532 5753 1718 5813 ἀτελῶς
1756 5753 1821 5804 δι’

248 5832 400 5903 ἡμᾶς
428 5830 614 5903 ζητεῖν
640 5834 773 5888 Θεὸν
818 5836 958 5890 οὕτω
996 5856 1110 5899 πως
1162 5843 1441 5911 μεθεκτόν,
1473 5839 1531 5895 οἱ·
1569 5844 1809 5914 μετέχον

1932 4651 2097 4718 cepit.
2142 4670 2160 4702 ι
2201 4650 2270 4704 Ει
2334 4666 2526 4705 rursus
2574 4651 2630 4704 in
2676 4651 2869 4706 eadem
2919 4652 3217 4709 oratione:
3261 4671 3278 4702 ι
3318 4653 3506 4723 Neque

1926 4743 2059 4797 illuc
2087 4759 2153 4798 ex
2186 4743 2456 4811 theologia
2486 4743 2719 4808 audivit,
2778 4744 2923 4812 quod
2962 4760 3061 4813 pro
3088 4746 3343 4799 omnibus
3377 4755 3507 4798 tunc

1929 4836 2086 4889 nobis
2108 4835 2290 4890 divina
2318 4836 2411 4890 lict
2430 4844 2646 4897 natura,
2679 4845 2739 4889 ut
2767 4836 2896 4889 hinc
2924 4838 3117 4890 saltem
3171 4838 3271 4890 hoc
3317 4837 3503 4892 lumen

1929 4926 2098 4979 Deum
2136 4942 2259 4981 esse
2314 4926 2523 4981 credat.
2554 4944 2572 4977 ι
2624 4927 2692 4980 Ει
2742 4927 2797 4980 in
2831 4928 3072 4981 secunda
3124 4930 3374 4982 oratione
3413 4933 3506 4980 ad-

1926 5034 2119 5073 versus
2156 5035 2219 5072 ea
2274 5034 2393 5083 quae
2444 5019 2688 5073 secundo
2742 5019 2965 5087 scripsit
3024 5019 3291 5083 Barlaam,
3339 5036 3527 5088 quam

1927 5112 2202 5179 inscripsit
2230 5125 2243 5162 :
2275 5110 2563 5179 Catalogus
2584 5127 2763 5164 eorum
2786 5128 2901 5181 qua:
2927 5123 3217 5179 sequuntur
3236 5112 3463 5165 absurda
3488 5128 3503 5161 :

1934 5222 1951 5254 ι
1990 5203 2190 5257 Verum
2252 5201 2398 5255 enim
2458 5218 2590 5255 vero
2630 5202 2849 5270 quando
2893 5203 3116 5271 quidem
3175 5214 3323 5267 sunt,
3380 5221 3501 5273 qum.

1928 5295 2095 5348 Deum
2156 5294 2506 5362 participant,
2556 5294 2859 5347 substantia
2918 5309 3048 5347 vero
3096 5295 3211 5353 Dei,
3254 5311 3376 5363 qurc
3417 5308 3501 5348 es:

1927 5398 2086 5453 supra
2117 5399 2333 5437 omnem
2361 5384 2746 5445 substantiam,
2771 5384 2991 5451 penitus
3028 5386 3501 5454 imparticipabills

1926 5486 2025 5537 est,
2059 5475 2221 5528 datur
2242 5490 2373 5543 ergo
2422 5475 2564 5527 inter
2598 5474 3057 5543 imparticipatam
3110 5479 3495 5542 substantiam,

1924 5580 1979 5622 et
2013 5583 2077 5619 ea
2107 5582 2227 5633 qua:
2263 5565 2609 5634 participant,
2647 5566 2905 5631 quiddam
2939 5570 3177 5623 medium
3220 5584 3316 5635 per
3351 5574 3495 5637 qttod

1925 5674 1987 5713 ea
2027 5660 2194 5712 Deum
2228 5657 2575 5727 participant.
2616 5672 2634 5707 ι
2671 5657 2737 5709 Ει
2775 5660 2935 5726 paulo
2974 5671 3141 5728 post:
3180 5682 3196 5712 ι
3233 5666 3383 5729 υνυς
3414 5670 3499 5715 est

1927 5751 2088 5818 igitur
2139 5765 2236 5803 nos
2296 5748 2461 5802 alium
2530 5747 2695 5800 Deum
2756 5764 3043 5817 quaerere,
3115 5767 3222 5805 non
3280 5763 3491 5805 tantum

1928 5844 2276 5898 cxsistentem
2313 5856 2404 5910 per
2456 5854 2513 5895 sc
2557 5839 2881 5909 perfectum,
2922 5861 3015 5913 per
3038 5861 3093 5899 se
3128 5860 3490 5915 operamum,
