4180 6458
266 458 374 523 857

1483 468 1522 521 Α
1537 466 1777 523 DVERS
1790 464 1881 522 US
1924 461 2305 522 PALAMAM.

3404 455 3519 515 83:3

264 573 321 619 ἐν
353 575 416 637 τῇ
450 580 580 638 πρὸς
608 573 697 625 τὸν
733 575 1043 626 ’Λκίνδυνον
1081 573 1521 640 ἐπιστο).ῇ,ιΚαὶ
1552 574 1649 628 τὰς
1681 574 1831 639 ἐνερ-

1944 574 2229 628 admodum
2260 572 2413 624 multi
2441 573 2668 639 spiritus
2708 572 3162 637 singularitatem,
3219 584 3282 624 ac
3307 571 3521 641 simpli-

263 659 418 721 τείας
462 661 556 713 τοῦ
610 664 925 732 ΙΙνεὺματος
978 664 1263 731 πνεύματα
1320 664 1474 731 φίλον
1516 664 1594 731 τῷ
1636 664 1834 732 Ἡσαΐᾳ

266 750 484 801 καλεῖν·
517 752 718 821 δηλαδὴ
760 755 827 806 τὲ
866 754 1016 824 δῶρα
1052 755 1146 806 τοὺ
1190 754 1527 823 ἰινεὺματος.
1556 756 1617 805 Δί
1658 753 1713 804 δὲ
1739 753 1834 805 τοῧ

261 838 399 891 θεοῦ
434 843 704 912 ἐνέργειαι
734 846 980 900 ἄκτιστοί
1018 849 1177 899 εἰσιν.
1222 866 1241 898 ›

261 937 428 989 unius
460 938 706 1003 Deitatis,
732 944 997 997 unitatem
1056 959 1119 996 ac
1146 944 1552 1011 simplicntatem
1616 944 1736 1013 ejus
1799 958 1909 996 non
1951 945 2109 997 tollit.
2142 962 2160 993 ι
2212 944 2279 997 Et
2335 948 2385 997 in
2422 943 2652 1012 epistola
2695 944 2761 997 ad
2816 943 3161 1011 Acindynum
3215 961 3229 996 :

1943 663 2186 724 citatem,
2209 662 2831 731 incompositionemque
2893 661 3131 729 Spiritus
3158 678 3266 715 non
3299 664 3511 717 tollunt.

1943 757 2145 825 quippe
2172 766 2300 811 sunt
2328 755 2676 819 operationcs
2724 754 2930 824 ipsius;
2968 754 3039 807 ita
3084 757 3246 807 etiam
3306 756 3349 808 si
3393 758 3518 823 quis

1943 849 2152 901 dixerit
2220 850 2420 902 multas
2484 848 2739 911 deitates,
2801 848 3154 916 operationes
3223 848 3517 914 designans

3288 962 3306 993 ι
3342 944 3515 997 Etiam

259 1031 613 1092 Operationes
669 1033 910 1103 Spiritus
950 1037 1125 1089 sancti
1187 1036 1365 1104 placet
1419 1036 1571 1089 Isaia:
1608 1037 1841 1105 ,spiritus
1879 1037 2179 1107 appellare,
2227 1037 2439 1091 scilicet
2486 1037 2632 1091 dona
2671 1036 2913 1106 Spiritus
2963 1038 3163 1091 sancti.
3228 1038 3322 1091 Dei
3384 1052 3519 1091 vero

261 1123 614 1189 operationes
650 1126 904 1182 increataa
943 1138 1093 1182 sunt.
1137 1147 1157 1179 ι

338 1217 460 1268 Ἔτι
488 1218 707 1282 λέγουσι
742 1219 815 1285 μὴ
860 1220 1107 1285 γίνεσθαι
1158 1222 1416 1275 σύνθεσιν
1464 1224 1526 1276 ἔκ
1558 1241 1616 1275 τε
1659 1223 1846 1286 οὑσίας

258 1308 399 1362 Θεοῦ
425 1310 522 1361 καὶ
549 1303 627 1363 ὧν
646 1311 937 1378 φρονοῦσιν
961 1313 1117 1366 αὐτοὶ
1139 1316 1540 1383 πραγματικῶς
1568 1318 1850 1385 συνυπάρ-

260 1420 383 1468 χειν
411 1402 569 1471 αὐτῇ.
611 1403 722 1455 Καί
780 1422 947 1472 φησιν
998 1408 1026 1457 ὁ
1089 1407 1351 1475 ΠαλαμΞς
1392 1411 1451 1460 ὲν
1503 1410 1648 1479 λόγῳ
1699 1403 1760 1462 οὗ
1812 1410 1845 1479 ἡ

258 1495 446 1562 ἁρχὴ.
519 1494 649 1558 Τοῖς
717 1501 1292 1566 πνευματοκινήτοις
1356 1500 1477 1554 τῶν
1543 1502 1841 1570 Πατὲρων,

266 1604 286 1634 ο
332 1587 453 1637 Ὀτι
489 1586 550 1638 τὸ
572 1586 828 1643 ἄκτιστον
858 1594 1280 1661 προσκείμενον,
1310 1594 1435 1663 μίαν
1460 1595 1843 1649 ἀποδείκνυσιν

260 1680 357 1727 καὶ
412 1678 533 1745 Est-qv
590 1680 687 1730 καὶ
728 1680 909 1747 ἁπλῆν
957 1685 1057 1751 τὴν
1119 1686 1175 1735 ἐν
1220 1689 1285 1753 τῇ
1346 1686 1619 1755 διακρίσει
1666 1689 1839 1760 ταύτῃ

256 1768 554 1834 ὁρωμένην
581 1767 834 1837 θεότητα.
870 1772 980 1823 Καὶ
1008 1773 1117 1843 γὰρ
1157 1776 1265 1826 πᾶν
1292 1775 1548 1829 ἄκτιστον
1583 1779 1675 1830 καὶ
1705 1781 1835 1831 6'26-

257 1861 421 1924 τιμάν
451 1862 567 1912 ἐστι
591 1863 685 1913 xa‘t
720 1864 1019 1929 ἡνωμένον,
1043 1866 1138 1916 καὶ
1162 1864 1409 1928 σύνθεσις
1441 1869 1500 1918 ἐν
1536 1872 1646 1931 τοῖς
1683 1871 1839 1922 ἐκτί-

2022 1224 2291 1277 Praeterea
2340 1221 2564 1287 dicunt,
2614 1237 2723 1276 non
2776 1222 2895 1277 ﬁeri
2938 1221 3395 1289 compositionem
3449 1237 3515 1277 ex

1951 1316 2278 1377 substantia,
2322 1325 2378 1369 et
2427 1315 2496 1370 iis
2553 1331 2675 1385 quze
2714 1311 2790 1369 illi
2842 1315 3088 1369 sentiunt
3144 1314 3364 1368 realiter
3400 1314 3515 1367 dis-

1948 1408 2120 1461 tincta
2167 1421 2290 1461 esse
2329 1422 2455 1461 cum
2505 1406 2833 1461 substantia.
2877 1407 3055 1475 Atque
3116 1407 3313 1459 asserit
3364 1406 3521 1461 Pala-

1948 1515 2086 1565 mas,
2132 1500 2185 1553 in
2221 1501 2497 1563 oratione,
2543 1502 2703 1569 cujus
2735 1501 2952 1554 initium
2990 1519 3005 1559 ς
3048 1503 3087 1554 Α
3137 1501 3341 1563 Spirt'm
3376 1506 3517 1556 επὶ.

1948 1597 2072 1647 tatis
2102 1593 2375 1654 Patribus.
2413 1612 2431 1645 ι
2465 1594 2619 1659 Quod
2654 1610 2760 1647 vox
2824 1594 3158 1656 incrcatum,
3194 1596 3322 1647 dum
3364 1596 3516 1663 adja-

1904 1695 2054 1747 .cct,
2115 1700 2279 1738 unam
2322 1686 2586 1747 ostendit,
2643 1697 2700 1739 et
2749 1686 3036 1752 aequalem,
3089 1700 3153 1738 ac
3213 1686 3519 1753 simplicem

1944 1774 2230 1837 Deitatem,
2275 1790 2397 1843 qua:
2452 1776 2506 1827 in
2555 1774 2657 1828 hac
2712 1773 3065 1829 distinctione
3104 1775 3342 1829 videtur.
3392 1776 3514 1829 Ete-

1945 1868 2057 1921 nim
2090 1882 2251 1920 omne
2294 1868 2597 1921 increatum
2625 1867 2872 1935 ejusdem
2916 1868 3145 1921 honoris
3182 1877 3268 1922 est
3302 1878 3357 1923 et
3384 1884 3516 1921 con-

259 1969 410 2013 στοις
458 1954 856 2021 συναγομένοις
898 1959 975 2018 εἰς
1005 1957 1064 2008 ἓν
1102 1959 1164 2010 οὑ
1217 1958 1418 2026 μήποτ’
1462 1960 1528 2013 ἃν
1559 1962 1833 2026 γένοιτο.»

1944 1960 2267 2025 Ῑυηοιὶοηίς,
2311 1974 2491 2027 neque
2530 1959 2584 2011 iu
2646 1958 2905 2012 increatis
2936 1958 2991 2011 in
3049 1975 3219 2012 unum
3271 1960 3521 2013 collectis

264 2046 372 2094 Καὶ
413 2046 473 2095 ἐν
503 2045 678 2114 ἑτέρῳ
707 2040 766 2098 οὗ
798 2049 830 2113 ἡ
859 2048 1023 2116 ἀρχὴ,
1064 2049 1548 2117 ’Υποψιθυρίσας
1594 2054 1836 2106 τοίνυν·

282 2154 297 2179 ι
333 2135 438 2184 Καὶ
465 2134 584 2186 οὐδὲ
616 2134 775 2188 τοῦτο
798 2138 1028 2190 συνιδεῖν
1075 2140 1295 2206 ἴσχυσεν
1332 2143 1359 2194 ὁ
1406 2144 1462 2195 ἐν
1496 2142 1706 2205 τούτοις
1744 2144 1841 2207 τὰς

269 2225 548 2289 τυνθέσεις
579 2228 831 2297 ἀφρόνως
865 2230 1300 2300 φανταζόμενος,
1340 2234 1418 2295 ὡς
1466 2236 1498 2302 ἡ
1546 2236 1655 2287 τῶν
1686 2236 1842 2289 ἀκτί-

266 2332 409 2366 στων
453 2318 547 2368 καὶ
593 2318 759 2380 ὅντως
794 2320 983 2374 ἁπλῶν
1013 2324 1327 2385 συνέλευσις
1358 2325 1438 2388 εἰς
1481 2324 1541 2377 ἒν
1589 2326 1841 2378 σύνθεσιν

260 2408 523 2475 οζδδεμίαν
556 2413 792 2478 ἐμποιεῖ.
842 2431 861 2463 ι
894 2414 1003 2466 Καὶ
1028 2416 1056 2467 ό
1087 2416 1433 2484 χρηματίσας
1458 2420 1538 2480 εἰς
1570 2420 1840 2488 πατριάρ-

270 2517 373 2567 χῃν
416 2501 681 2563 Κόκκινος
706 2503 761 2555 ἐν
788 2501 830 2554 θ’
859 2503 972 2556 τῶν
1013 2504 1074 2557 ιδ’
1116 2507 1429 2573 κεφαλαίων
1453 2507 1619 2560 αὑτοῦ
1653 2526 1841 2578 φησιν,

272 2610 290 2639 ι
342 2590 531 2659 Ἡμεῖς
562 2593 825 2658 μαθόντες
849 2595 957 2649 ἀπὸ
994 2598 1107 2649 τῶν
1141 2598 1335 2661 ἁγίων,
1368 2600 1451 2651 ὅτι
1485 2600 1603 2652 οὐδὲ
1636 2600 1727 2653 τὸν
1748 2601 1844 2653 ἄν·

267 2683 490 2748 θρωπω
514 2685 730 2739 ποιοῦσί
764 2705 897 2741 ποτε
927 2687 1183 2743 σύνθετον
1210 2692 1276 2742 τὰ
1311 2692 1521 2758 φυσικὰ
1554 2691 1842 2760 ἰδιώματα,

266 2776 390 2829 ἀλλ’
421 2777 541 2830 οὐδὲ
598 2780 648 2830 οἱ
692 2782 931 2848 τεχνικοὶ
967 2783 1115 2848 λόγοι
1160 2787 1255 2837 καὶ
1290 2784 1629 2854 ἐπιστῆμαι·
1670 2788 1846 2850 οὐδεὶς

266 2868 383 2937 γὰρ
434 2870 499 2921 ἂν
548 2870 692 2922 εἴποι
732 2871 862 2923 ποτὲ
908 2872 1001 2925 τὸν
1046 2873 1339 2943 ἄνθρωπον
1378 2875 1659 2942 σύνθετον,
1710 2878 1845 2931 διότι

268 2961 387 3029 ἔχει
412 2960 577 3028 φύσιν
609 2964 702 3015 καὶ
730 2963 1015 3034 ἐνέργειαν
1064 2966 1323 3036 φυσικὴν,
1359 2968 1392 3037 ἢ
1429 2968 1563 3022 διότι
1594 2970 1710 3038 ἔχει
1741 2970 1847 3033 <96-

270 3068 362 3104 σιν
396 3053 490 3106 καὶ
514 3054 707 3124 τέχνην
741 3056 1212 3126 γραμματικὴν,ἦ
1248 3060 1585 3129 τεκτονικὴν,
1612 3061 1644 3128 ἦ
1673 3077 1846 3128 γεωρ-

272 3145 443 3216 γικὴν
467 3147 648 3214 τυχόν.
694 3146 756 3201 Εί
794 3148 849 3200 δὲ
898 3151 992 3204 ἐπὶ
1040 3148 1150 3202 τῶν
1189 3151 1498 3220 ἀνθρώπων
1530 3153 1723 3217 οὕτως,
1754 3154 1845 3206 ἐπὶ

267 3236 371 3289 τοῦ
410 3237 544 3307 Θεοῦ
574 3239 626 3289 τί
652 3242 759 3308 χρὴ
799 3238 1000 3306 λέγειν,
1034 3241 1128 3294 τοῦ
1163 3243 1343 3296 πάντα
1374 3244 1669 3313 ὑπερφυῶς
1694 3245 1847 3314 ἔχον·

268 3346 401 3394 τος;
443 3330 601 3383 Ἀλλὰ
634 3332 881 3394 σύνθεσις
909 3332 1120 3399 γίνεται
1154 3334 1249 3386 καὶ
1290 3336 1511 3400 λέγεται
1544 3337 1686 3397 τότε,
1717 3338 1845 3389 ὅταν

267 3422 369 3472 δύο
398 3424 699 3490 πράγματα
750 3423 940 3489 ἔχοντα
983 3424 1040 3475 ἒν
1079 3423 1309 3477 ἕκαστον
1350 3426 1484 3479 ίδίαν
1528 3428 1844 3494 ὑπόστασιν,

271 3514 373 3566 καὶ
400 3514 699 3580 δυνάμενον
725 3515 957 3566 ἕκαστον
979 3511 1120 3567 εἶναι
1153 3516 1476 3586 θεωρεῖσθαι
1508 3519 1631 3571 καθ’
1663 3521 1843 3582 ἐαυτὸ,

267 3602 399 3669 δίχα
452 3600 546 3653 τοῦ
585 3602 809 3670 ἑτέρου·
846 3603 976 3655 ὅταν
1021 3604 1089 3654 τὰ
1128 3602 1351 3657 τοιαῦτα
1388 3606 1716 3658 συντεθῶσιν
1756 3610 1847 3658 καὶ

269 3688 551 3740 ἐνωθῶσιν
595 3689 849 3757 ἀλλήλοις
884 3690 962 3750 εἰς
993 3689 1121 3756 μίαν
1150 3689 1472 3754 ὑπόστασιν,
1518 3687 1627 3745 οἷον
1658 3694 1847 3764 ῶσπερ

268 3785 335 3833 ἐν
373 3781 450 3849 τῷ
489 3780 763 3849 ἀνθρώπῳ
795 3780 942 3850 ψυχὴ
1001 3784 1095 3835 καὶ
1141 3782 1322 3851 σῶμα,
1371 3784 1402 3848 ἦ
1468 3785 1530 3835 ὲν
1581 3789 1646 3855 τῇ
1699 3788 1846 3855 οἰκία

269 3874 415 3925 λίθοι
446 3876 540 3926 καὶ
581 3873 714 3937 ξύλα
755 3874 847 3925 καὶ
876 3873 1113 3941 σίδηρος.
1148 3874 1331 3925 Ταῦτα
1375 3875 1482 3945 γὰρ
1523 3876 1647 3927 καθ’
1677 3878 1845 3930 ἑαυτὰ

263 3968 481 4018 ἕκαστα
528 3966 826 4027 ὑπόστασις
861 3966 1009 4026 ὄντα,
1055 3966 1183 4018 ὅταν
1238 3968 1538 4019 συντεθῶσι
1589 3971 1683 4022 καὶ
1718 3972 1848 4022 ἑνω-

270 4058 442 4112 θῶσιν
475 4057 723 4125 ἀλλήλοις
774 4059 853 4119 εἰς
903 4060 1032 4125 μὲαν
1085 4058 1403 4119 ὑπόστασιν,
1454 4062 1575 4111 τότε
1628 4060 1848 4127 λέγεται

272 4149 551 4209 σύνθεσις,
588 4147 708 4215 ἦτοι
732 4146 926 4208 ἒνωσις
957 4149 1337 4201 ὲνυποστάτων
1356 4148 1450 4201 δὺο
1481 4152 1845 4219 πραγμάτων,

268 4242 305 4309 ἢ
337 4241 434 4293 καὶ
462 4238 743 4290 πλειόνων
784 4256 803 4289 ι
836 4239 945 4289 Καὶ
995 4241 1054 4289 ἐν
1098 4239 1176 4308 τῷ
1227 4240 1379 4308 τόμῳ
1436 4243 1589 4311 κοινῇ
1645 4243 1847 4306 πάντες

268 4330 645 4399 ἀπεφήναντο,
688 4347 707 4380 ι
740 4328 896 4381 Μετὰ
942 4328 1100 4381 τοῦτο
1151 4330 1498 4399 ἐζητήσαμεν
1551 4337 1702 4402 παρὰ
1736 4334 1848 4387 τῶν

267 4421 451 4484 ἁγίων
495 4424 544 4472 εί
600 4421 867 4489 μηδεμίαν
904 4421 1017 4488 ἔχοι
1057 4437 1139 4481 τις
1190 4419 1256 4472 ἂν
1306 4422 1545 4473 ἐπινοεῖν
1596 4422 1848 4477 σύνθεσιν

266 4518 370 4569 ἐπὶ
398 4515 531 4568 Θεοῦ
561 4515 648 4568 διὰ
698 4515 798 4584 τὴν
846 4514 945 4583 τῆς
987 4513 1140 4574 θείας
1184 4514 1372 4575 οὑσίας
1414 4514 1517 4578 καὶ
1569 4516 1849 4584 ἐνεργείας

266 4610 560 4676 διαφοράν.
608 4606 929 4676 Ἀπεδείχθη
959 4602 1055 4658 οὖν
1094 4607 1241 4675 παρὰ
1272 4607 1379 4658 τῶν
1410 4607 1582 4672 ἁγίων
1629 4608 1848 4660 πάντων

1896 2028 1912 2076 ³
1944 2051 2037 2105 fiet
2064 2065 2305 2118 unquam
2336 2049 2687 2117 compositio.
2725 2067 2743 2100 ι
2777 2048 2844 2104 Ει
2868 2050 2921 2102 in
2956 2048 3062 2102 alia
3090 2051 3339 2105 oratione
3371 2092 3385 2115 ,
3423 2068 3516 2104 tuo

1940 2143 2029 2209 jus
2074 2142 2335 2195 initium:
2387 2141 2522 2194 Cum
2569 2141 2953 2193 insusurrasset
3005 2143 3205 2211 igitur:
3254 2162 3271 2193 ι
3329 2142 3520 2210 Neque

1945 2235 2048 2288 hoc
2085 2234 2396 2303 perspicere
2443 2234 2637 2298 valuit,
2671 2236 2765 2301 qui
2820 2234 2873 2285 in
2913 2232 3031 2287 istis
3089 2236 3523 2302 composntioncs

1946 2331 2112 2384 stulte
2144 2329 2496 2395 imaginatur,
2527 2326 2674 2393 quod
2708 2328 2762 2379 in
2797 2341 2966 2378 unum
3002 2341 3305 2379 concursus
3333 2342 3519 2378 rerum

1948 2422 2338 2483 inereataruin,
2388 2428 2443 2471 et
2505 2432 2693 2470 revera
2743 2416 3098 2485 simplicium,
3157 2416 3517 2485 compositio-

1946 2526 2072 2563 ncm
2133 2508 2335 2561 nullam
2402 2506 2550 2560 facit.
2606 2526 2624 2558 ι
2673 2506 2740 2559 Ει
2791 2504 3064 2559 Coccinus
3101 2504 3211 2567 ille,
3255 2506 3349 2575 qui
3414 2505 3518 2557 fuit

1945 2600 2281 2670 patriarcha,
2312 2599 2367 2651 in
2398 2612 2548 2651 nono
2586 2597 2767 2664 capite
2806 2610 2873 2650 ex
2902 2596 2970 2651 iis
2995 2595 3290 2650 duodecim
3321 2596 3519 2664 capitiv

1947 2693 2072 2753 bus,
2104 2706 2226 2761 quae
2258 2689 2434 2743 edidit
2462 2728 2478 2753 ,
2531 2707 2549 2740 ι
2606 2688 2739 2750 Nos,
2769 2689 2867 2753 ait,
2926 2702 3053 2741 cum
3102 2688 3462 2743 didicerimus
3488 2703 3520 2742 a

1947 2784 2172 2845 sanctis,
2197 2782 2344 2852 quod
2379 2796 2561 2850 neque
2596 2781 2877 2835 hominem
2918 2780 3129 2834 faciunt
3157 2780 3524 2849 proprietates

1949 2877 2230 2930 naturales
2277 2889 2519 2943 unquam
2565 2873 2955 2942 compositum,
2982 2873 3077 2927 sed
3129 2888 3311 2941 neque
3350 2873 3525 2927 artill-

1947 2964 2083 3021 ciosi
2157 2979 2440 3019 sermones
2475 2973 2530 3017 et
2558 2963 2887 3033 disciplinae.
2925 2962 3098 3017 Nemo
3143 2965 3292 3016 enim
3320 2962 3524 3016 dixerit

1951 3068 2195 3123 unquam
2246 3053 2528 3107 hominem
2582 3052 2977 3121 compositum,
3030 3052 3290 3121 quoniam
3357 3050 3523 3104 habet

1952 3156 2201 3198 naturam
2231 3152 2286 3197 et
2318 3144 2698 3213 operationem
2766 3142 3096 3206 naturalem,
3130 3142 3217 3196 vel
3248 3142 3395 3211 quod
3426 3142 3525 3194 ha-

1954 3241 2086 3293 heat
2118 3247 2395 3301 naturam,
2444 3246 2501 3290 et
2545 3244 2720 3291 artem
2754 3236 3189 3305 grammaticam,
3214 3234 3300 3289 vel
3352 3233 3523 3287 fabri-

1871 3336 1915 3425 C
1949 3332 2077 3386 lem.
2110 3331 2195 3383 vel
2226 3330 2405 3383 forsan
2434 3337 2606 3382 artem
2644 3328 3013 3397 agriculturae.
3045 3325 3201 3391 Quod
3235 3326 3279 3379 si
3335 3326 3391 3379 in
3423 3325 3524 3378 ho-

1951 3422 2194 3476 minibus
2233 3422 2306 3475 ita
2347 3437 2405 3475 se
2440 3435 2526 3474 res
2569 3420 2757 3484 habet,
2800 3418 2933 3487 quid
2979 3419 3033 3472 in
3063 3418 3176 3472 Deo
3223 3417 3519 3470 dicendum

1949 3528 2054 3579 est,
2094 3517 2187 3586 qui
2217 3516 2400 3570 omnia
2446 3512 2942 3583 supernaturaliter
2974 3512 3177 3566 habet?
3221 3512 3327 3565 Sed
3368 3525 3521 3563 com-

1948 3611 2150 3679 positio
2183 3617 2313 3661 tunc
2344 3610 2402 3660 fit
2448 3617 2504 3659 et
2543 3606 2766 3668 dicitur,
2797 3603 3022 3672 quando
3058 3603 3179 3656 dua:
3208 3617 3297 3655 res
3327 3602 3519 3670 singu-

1949 3702 2014 3755 lte
2060 3700 2266 3753 habent
2300 3698 2579 3767 propriam
2637 3695 3076 3756 subsistentiam,
3109 3710 3342 3763 quarum
3386 3708 3523 3746 una-

1950 3806 2177 3861 quaeque
2205 3789 2381 3859 possit
2427 3803 2547 3842 esse
2586 3803 2684 3857 per
2712 3802 2791 3852 se,
2818 3796 2873 3839 et
2910 3785 3254 3840 considerari
3291 3786 3409 3839 sine
3438 3785 3519 3838 al—

1952 3894 2085 3945 tera,
2160 3878 2381 3949 quando
2436 3878 2701 3946 ejusmodi
2759 3877 3061 3947 composita
3118 3885 3173 3931 et
3230 3877 3523 3945 conjuncta

1950 3971 2157 4027 fuerint
2206 3971 2274 4022 ad
2321 3970 2554 4023 invicem
2602 3970 2655 4023 in
2693 3984 2856 4023 unam
2902 3968 3336 4032 subsistentiam,
3367 3967 3523 4021 verbi

1949 4062 2146 4131 gratia,
2186 4071 2241 4113 ut
2271 4062 2325 4113 in
2359 4061 2580 4114 homine
2609 4060 2790 4114 anima
2831 4069 2885 4117 et
2920 4075 3145 4130 corpus,
3181 4060 3262 4112 vel
3300 4061 3352 4114 in
3386 4073 3522 4113 con-

1951 4152 2214 4209 smienda
2271 4152 2437 4205 d0m0
2494 4150 2751 4221 lapides,
2795 4150 2940 4220 ligna
2994 4159 3051 4205 et
3108 4149 3353 4213 ferrum;
3408 4150 3526 4205 haec

1950 4245 2097 4299 enim
2137 4242 2347 4311 singula
2386 4257 2487 4310 per
2515 4256 2573 4297 se
2602 4242 3016 4296 subsistentiam
3058 4241 3281 4305 habent,
3312 4251 3369 4295 et
3397 4256 3524 4294 cum

1950 4337 2243 4407 conjuncta
2304 4343 2361 4387 et
2389 4334 2697 4403 composita
2737 4333 2882 4387 inter
2945 4348 3003 4387 se
3039 4334 3093 4386 in
3136 4347 3303 4387 unam
3338 4332 3523 4386 subsio

1949 4426 2206 4479 stentiam
2261 4425 2486 4491 fuerint,
2518 4432 2648 4478 tunc
2664 4422 2867 4477 dicitur
2895 4423 3244 4493 compositio,
3273 4423 3358 4475 vel
3390 4436 3527 4476 ceu-

1946 4517 2159 4589 junctio
2179 4517 2412 4571 duarum
2438 4529 2645 4576 rerum,
2666 4513 2750 4566 vel
2774 4513 3018 4583 plurium
3043 4513 3517 4568 subsistendum.»

1952 4611 2019 4664 Et
2096 4610 2152 4663 in
2210 4617 2360 4662 tomo
2415 4605 2784 4659 communiter
2866 4617 3059 4658 omnes
3106 4602 3523 4659 decreverunt:

270 4702 699 4768 κηρυττόμενον,
750 4698 825 4759 ὡς
860 4697 977 4750 ὀὑκ
1030 4699 1145 4750 ἐστι
1208 4696 1458 4750 σὺνοεοίν
1519 4714 1642 4750 τινα
1694 4699 1844 4768 παρὰ

1955 4718 1973 4751 ι
2020 4698 2148 4753 Post
2198 4698 2315 4751 haec
2357 4696 2710 4765 quaesivimus
2765 4711 2795 4748 a
2841 4694 3072 4759 sanctis,
3134 4702 3320 4747 utrum
3354 4693 3525 4761 possit

267 4792 434 4846 τοῦτο
464 4790 703 4857 νομίζειν
735 4791 825 4841 ἐπὶ
857 4790 951 4841 τοῦ
984 4789 1143 4842 Θεοῦ.
1218 4808 1237 4840 ι
1274 4790 1382 4839 Καὶ
1423 4791 1481 4839 ὲν
1519 4792 1629 4851 τοῖς
1653 4791 1846 4841 ἀναθε-

272 4885 569 4953 ματισμοίς
599 4881 644 4933 δ’
664 4879 968 4949 ὲκφωνοῦσι
990 4896 1004 4911 ο
1035 4898 1053 4930 ι
1082 4881 1203 4941 Τοῖς
1228 4880 1481 4948 φρονοῦσι
1512 4883 1604 4931 καί
1630 4881 1849 4947 λέγουσι

273 4974 531 5028 σύνθεσίν
565 4990 687 5026 τινα
716 4974 852 5034 ὅλως
880 4972 967 5024 διὰ
994 4972 1163 5023 ταῦτα
1198 4972 1447 5037 γίνεσθαι
1470 4973 1562 5024 ἐπὶ
1587 4972 1743 5035 Θεοῦ,
1774 4974 1848 5040 μὴ

276 5064 621 5131 πειθομένοις
670 5064 725 5115 δὲ
764 5066 828 5132 τῇ
862 5062 970 5113 τῶν
999 5063 1172 5129 ἁγίων
1203 5062 1540 5134 διδασκαλία,
1582 5064 1848 5133 μηδεμίαν

273 5158 532 5212 σύνθεσιν
566 5156 673 5208 ἀπὸ
706 5155 813 5207 τῶν
845 5153 1091 5223 φυσικῶν
1120 5157 1177 5207 ἐν
1203 5157 1268 5224 τῇ
1303 5155 1462 5222 φύσει
1498 5156 1742 5221 γίνεσθαι
1766 5156 1849 5208 δι-

272 5248 611 5311 δασκόντων,
667 5248 742 5310 ὼς
801 5249 920 5299 κατ’
976 5246 1130 5299 οὐδὲν
1179 5250 1397 5309 παντως
1454 5249 1551 5317 τὴν
1583 5250 1847 5317 διαφορὰν

272 5338 489 5408 ταύτην
516 5338 920 5408 λυμαινομένην
946 5342 1010 5407 τῇ
1054 5340 1171 5407 θείᾳ
1204 5340 1485 5405 ἁπλότητι,
1519 5339 1783 5408 ἀνάθεμα.
1822 5360 1840 5392 ι

1956 4791 2229 4860 quispiam
2260 4789 2423 4841 ullam
2465 4787 2920 4855 compositionem
2962 4787 3017 4838 in
3048 4785 3157 4839 Deo
3181 4784 3527 4837 animadver-

1951 4892 2068 4938 tere
2117 4889 2345 4951 propter
2380 4878 2772 4941 diﬂ‘erentiam,
2820 4872 2943 4947 quae
2983 4886 3068 4931 est
3112 4878 3253 4930 inter
3284 4876 3525 4930 divinam

1947 4975 2307 5032 substantiam
2368 4981 2424 5027 et
2489 4971 2886 5040 Operationem.
2948 4974 3241 5023 Ustensum
3288 4979 3371 5023 est
3424 4968 3527 5036 igi-

1950 5079 2039 5124 tur
2092 5083 2121 5121 a
2185 5066 2391 5120 sanctis
2452 5064 2707 5119 omnibus
2756 5063 3111 5132 praedicatum
3146 5061 3336 5124 fuisse,
3380 5059 3527 5126 quod

1948 5161 2155 5215 nullam
2206 5156 2665 5227 compositionem
2711 5164 2937 5222 propter
2972 5154 3023 5206 id
3082 5152 3135 5205 in
3174 5152 3285 5205 Deo
3337 5150 3530 5205 existi-

1950 5266 2099 5307 mare
2150 5251 2299 5304 licet.
2336 5268 2353 5300 ι
2387 5248 2453 5301 Ει
2487 5248 2537 5300 in
2576 5243 3051 5300 anathematismis
3114 5244 3473 5309 pronuntiant
3509 5260 3523 5295 :

1961 5358 1979 5391 ι
2022 5340 2093 5394 lis
2138 5338 2230 5409 qui
2267 5337 2536 5399 sentiunt,
2581 5351 2643 5389 ac
2678 5334 2891 5399 dicunt,
2928 5333 3384 5402 compositionem
3433 5333 3529 5386 ali-

277 5450 449 5506 quam
481 5434 707 5488 omnino
732 5441 959 5502 propter
993 5433 1108 5486 htec
1140 5434 1191 5487 in
1222 5434 1330 5486 Deo
1373 5434 1513 5492 fieri.
1546 5450 1721 5502 neque
1785 5435 2052 5489 doctrinae
2091 5441 2406 5488 sanctorum
2477 5431 2863 5499 acquieseunt,
2902 5430 2995 5497 qui
3058 5429 3256 5481 docent
3321 5428 3525 5482 nullam

270 5526 732 5595 compositionem
788 5526 905 5580 fieri
960 5542 1023 5579 ex
1080 5526 1423 5581 naturalibus
1499 5528 1551 5579 in
1618 5536 1833 5591 natura,

276 5620 647 5689 simplicitati,
690 5621 1005 5673 anathema.
1046 5642 1062 5671 ι

350 5715 477 5767 Ἐτι
520 5714 939 5782 δογματίζουσιν
971 5715 1051 5765 ὅτι
1088 5715 1230 5766 κατά
1261 5732 1381 5767 τινα
1410 5719 1611 5784 τρόπον
1643 5716 1702 5767 οὑ
1730 5716 1842 5768 δια-

271 5806 559 5874 γρίνονται
589 5805 834 5873 ἀλλήλων
859 5806 928 5857 τὰ
956 5806 1080 5873 τρία
1123 5806 1219 5872 τῆς
1269 5805 1521 5876 θεότητος
1556 5807 1843 5876 πρόσωπα,

273 5892 311 5972 ᾗ
334 5896 622 5967 πρόσωπα,
644 5896 779 5950 ἀλλὰ
799 5899 889 5951 καὶ
918 5896 1050 5967 πρὸς
1072 5898 1163 5960 τὰς
1185 5898 1435 5969 δυνάμεις
1461 5899 1548 5951 καὶ
1569 5898 1648 5951 iis
1664 5902 1845 5963 ργεὲσις

1915 5540 2039 5579 eum
2110 5524 2419 5579 differentia
2470 5524 2587 5577 hazc
2635 5523 2771 5577 nihil
2820 5530 3015 5576 noceat
3054 5521 3283 5575 omnino
3328 5519 3529 5574 divina:

2033 5715 2305 5768 Prteterea
2339 5712 2727 5783 dogmatizant,
2768 5712 2913 5782 quod
2950 5726 3057 5764 non
3103 5708 3522 5778 distinguuntur

1961 5806 2197 5876 quodam
2248 5803 2410 5857 modo
2468 5805 2610 5857 inter
2667 5820 2724 5857 se
2783 5814 2895 5858 tres
2946 5802 3175 5857 Deitatis
3230 5814 3475 5871 personae
3508 5839 3525 5866 ,

1957 5909 2227 5969 quatenus
2285 5912 2530 5967 pcrsome
2582 5909 2729 5953 sunt.
2780 5900 2881 5956 Sed
2937 5912 2982 5956 ct
3034 5900 3096 5951 ad
3153 5898 3420 5966 potentias
3470 5904 3527 5947 et
