4180 6458
683 454 792 515 859

1946 453 2326 515 DEMETRII
2368 454 2682 515 CYDONII

3826 446 3937 507 861)

687 562 1040 630 opt-rationes
1082 563 1392 617 alternatim
1444 578 1500 619 sc
1528 563 1734 617 habent
1790 578 2057 631 personre.
2087 566 2262 632 Atque

2397 566 2595 630 ναλλὰξ
2614 568 2793 638 ἔχουσι
2818 585 2884 620 τα
2913 581 3201 635 προσωπα.
3224 563 3332 616 Καί
3357 580 3523 631 φησιν
3553 564 3580 614 ὁ
3613 561 3880 628 Halani;
3902 562 3960 611 ἰν

685 654 880 707 asserit
954 653 1197 707 Palamas
1271 656 1322 706 in
1374 660 1659 717 oratione,
1713 668 1874 722 quant
1929 654 2149 722 scripsit
2198 652 2266 706 ad

689 744 923 798 Paulum
975 746 1164 799 Asan:
1204 766 1221 796 ι
1264 745 1494 811 Quando
1544 746 1793 799 divinum
1833 760 2036 800 numen
2069 744 2269 798 dividi-

692 849 780 889 tttr
812 838 1115 890 secundum
1170 839 1517 905 hypostases,
1560 838 2057 893 indivisibilitatem
2100 836 2269 891 habet

687 931 988 984 secundum
1022 930 1401 997 Operationt-s;
1431 931 1648 998 quando
1668 946 1799 984 vero
1823 929 2124 983 secundum
2159 944 2257 997 po-

692 1024 889 1075 tentias
931 1032 985 1073 et
1031 1021 1377 1089 operationes
1425 1021 1711 1078 dividitur.
1784 1019 2116 1073 indivisihile
2157 1034 2271 1072 ma-

697 1124 786 1165 nt-t
824 1112 1126 1164 secundum
1169 1114 1505 1181 hypostascs.
1546 1131 1563 1162 ι
1622 1112 1688 1165 Ει
1745 1112 1799 1164 ἰη
1828 1111 1931 1164 alia
1973 1112 2223 1165 oratione
2250 1149 2265 1174 ,

693 1205 851 1270 tnjtzs
918 1204 1173 1256 initium:
1216 1204 1403 1254 Merito
1444 1205 1608 1270 igitur
1652 1205 1823 1255 oratio
1870 1218 1888 1255 :
1927 1220 1945 1252 ι
2001 1202 2270 1267 Quoniam

692 1296 838 1348 enim
870 1295 1171 1349 Secundum
1206 1296 1535 1364 hypostases
1587 1306 1639 1348 et
1671 1295 2027 1363 opt-rationes
2058 1294 2274 1349 Numen

694 1386 941 1439 divinum
969 1388 1347 1454 distinguitur,
1374 1388 1676 1441 diversitas
1705 1385 2011 1440 secundum
2043 1387 2273 1441 alteram

696 1478 1113 1531 distinctionem
1147 1480 1415 1541 cernitur,
1441 1495 1562 1530 eum
1599 1478 1910 1531 alternatim
1941 1480 2008 1531 ad
2041 1478 2276 1533 invicem

698 1579 757 1616 se
810 1564 1068 1616 habeant.
1118 1564 1252 1617 Nam
1288 1564 1599 1617 divinarum
1646 1565 2010 1633 bypostaseon
2056 1566 2277 1633 propria

703 1654 928 1706 nomina
966 1661 1096 1706 sunt
1137 1654 1455 1706 communia
1502 1654 1964 1723 operationibus,
1996 1669 2118 1724 qua:
2149 1670 2280 1710 vero

699 1756 832 1797 sunt
862 1746 1176 1797 communia
1214 1746 1624 1814 hypostasibus,
1655 1746 1969 1799 divinarum
2004 1749 2281 1816 operatio-

698 1852 830 1887 num
862 1838 999 1888 ﬁunt
1035 1837 1278 1905 propria.
1320 1857 1337 1887 ›

775 1928 1042 1981 ντωιιξτριι
1082 1930 1475 1997 dogmatizanl,
1510 1946 1617 1985 non
1662 1932 1916 1988 sullicere
1946 1934 2041 1988 uni
2074 1934 2275 1989 Deitati

704 2022 869 2074 trium
896 2036 1251 2089 personarum
1287 2025 1586 2090 potentiam
1644 2035 1698 2080 et
1734 2026 2111 2094 operationem
2154 2040 2277 2081 esse

703 2128 803 2182 per
855 2130 912 2167 se
943 2116 1321 2180 cxsistcntcm,
1367 2127 1421 2170 et
1470 2132 1567 2184 per
1614 2132 1675 2171 se
1731 2118 2143 2179 subsistentem,
2181 2116 2276 2171 sed

704 2218 847 2273 opus
879 2206 1046 2259 etiam
1080 2206 1154 2258 illi
1192 2222 1311 2260 esse
1354 2208 1514 2262 aliam
1557 2224 1777 2278 quoque
1818 2223 1928 2263 non
1975 2207 2281 2263 subsisten-

703 2305 838 2359 tem,
871 2306 926 2351 et
969 2298 1165 2352 asserit
1211 2298 1458 2353 Palatnas
1492 2300 1545 2353 in
1604 2316 1713 2354 uno
1760 2317 1827 2354 ex
1866 2300 1982 2355 suis
2009 2299 2278 2369 dialogis:

710 2407 729 2440 ι
771 2389 928 2442 l’ater
960 2390 1183 2459 quidem
1238 2391 1404 2445 habet
1435 2392 1654 2454 Filium,
1700 2394 2052 2459 sapientiam,
2094 2402 2149 2447 et
2189 2407 2282 2461 po-

703 2482 954 2545 tentiam,
980 2494 1145 2550 atque
1172 2483 1333 2535 vitam
1362 2492 1420 2536 et
1449 2485 1829 2553 operationem
1861 2486 2279 2539 substantialem

701 2583 757 2628 et
785 2573 1087 2627 naturalem
1114 2592 1127 2638 ;
1162 2575 1332 2628 Filius
1360 2586 1543 2629 autem
1572 2576 1680 2629 erit
1710 2577 1825 2630 sine
1859 2578 2131 2645 potentia.
2159 2580 2279 2632 sino

704 2666 813 2718 vita
874 2674 929 2719 et
967 2666 1084 2719 sine
1116 2668 1472 2734 operatione;
1499 2669 1583 2722 vel
1618 2668 1783 2722 etiam
1824 2677 1937 2723 tota
1968 2670 2280 2723 substantia

704 2768 907 2813 sancte
954 2756 1267 2811 Trinitatis.
1338 2778 1354 2809 ι
1417 2758 1482 2811 Et
1530 2760 1583 2811 in
1652 2772 1799 2813 ιοιιιο
1859 2762 2115 2832 synodiee
2166 2762 2281 2817 hzec

701 2852 991 2908 enttntiant
1024 2868 1037 2904 :
1074 2869 1091 2902 ι
1131 2852 1203 2904 Ex
1238 2852 1323 2906 his
1358 2852 1523 2920 igitur
1555 2867 1742 2907 saneta
1768 2853 2028 2924 synodus,
2051 2854 2283 2908 Eviden-

710 2956 813 3007 ler,
850 2943 1050 3012 inquit,
1095 2953 1377 2997 ostensum
1409 2956 1513 3008 est,
1564 2946 1709 3013 quod
1773 2947 1865 3014 qui
1899 2946 2055 3009 dicit,
2104 2946 2280 2999 solum

706 3036 905 3090 Filium
936 3045 993 3088 et
1046 3036 1316 3103 Spiritum
1348 3048 1598 3089 saneturu
1628 3038 1982 3105 operationcs
2009 3036 2283 3091 inereatas

705 3143 826 3182 esse
869 3128 984 3191 Dei,
1037 3139 1292 3195 tanquatn
1339 3129 1430 3196 qui
1491 3144 1598 3180 non
1655 3138 1877 3183 censeat
1932 3145 2279 3183 communem

2372 661 2515 729 λόγῳ
2539 661 2616 727 τῲ
2642 660 2777 730 πρὸς
2808 659 3017 711 Παῦλον
3038 657 3127 709 τὸν
3170 656 3359 718 Ἀσὰν,
3389 673 3407 704 t
3448 653 3637 706 ’Πνίκα
3663 654 3958 720 διαιρεῖται

2372 752 2433 803 τὸ
2466 753 2623 804 Θεῖον
2676 752 2818 803 κατᾶ
2868 750 3345 812 maerentium,
3389 748 3450 800 τὸ
3503 747 3808 813 ἀδιαίρετον

2370 842 2510 894 κατὰ
2532 840 2630 901 τὰς
2651 840 2965 907 ἐνεργείας·
2993 840 3157 908 ἡνίκα
3179 841 3235 890 δὲ
3286 840 3427 889 κατὰ
3453 841 3549 898 τὰς
3576 837 3836 902 δυνάμεις
3859 834 3956 885 καὶ

2372 932 2654 1001 ἐνεργείας
2698 932 3014 999 διαιρεῖται,
3074 931 3226 998 μένει
3285 931 3427 981 κατὰ
3482 931 3577 987 τὰς
3627 927 3957 983 ὑποστάσεις

2374 1024 2699 1093 ἀδιαίρετον.
2741 1044 2757 1075 ι
2806 1025 2915 1076 Καὶ
2952 1025 3008 1074 ὲν
3039 1023 3230 1090 ἑτέρῳ,
3276 1014 3337 1073 οὗ
3378 1022 3409 1088 ἡ
3459 1022 3622 1087 ἀρχὴ,
3679 1020 3958 1083 [εὐλόγως

2369 1117 2485 1185 μὲν
2511 1112 2625 1170 οὖν
2654 1118 2687 1169 ό
2710 1118 2890 1182 λόγος
2908 1133 2922 1147 ο
2961 1134 2979 1166 t
3026 1115 3175 1167 Ἐπεὶ
3206 1116 3311 1182 γὰρ
3340 1113 3481 1165 κατὰ
3508 1112 3605 1173 τὰς
3632 1110 3959 1172 ὑποστάσεις

2376 1208 2470 1261 καὶ
2513 1208 2613 1269 τὰς
2658 1209 2939 1279 ἐνεργείας
2990 1208 3325 1275 διακρίνεται
3371 1207 3429 1257 τὸ
3480 1206 3653 1265 Θείον,
3702 1202 3959 1268 ἑτερότης

2381 1299 2503 1352 καο’
2532 1300 2725 1369 ἑτέραν
2760 1299 3037 1368 διάκρισιν
3072 1300 3267 1367 ὁρᾶται
3296 1296 3520 1360 ἐναλλὰξ
3554 1296 3689 1363 πρὸς
3722 1294 3959 1359 ἀλλήλας

2378 1394 2634 1461 ἐχουσῶν.
2678 1392 2758 1444 Τὰ
2801 1392 2901 1460 μὲν
2944 1393 3049 1459 γὰρ
3095 1392 3199 1443 ῑδια
3232 1392 3342 1443 τῶν
3400 1390 3561 1442 Οείων
3604 1388 3959 1439 ὑποστάσεων

2379 1484 2619 1551 ὀνόματα
2657 1484 2815 1537 κοινά
2867 1486 2986 1535 ἐστι
3020 1485 3141 1546 ταῖς
3193 1483 3521 1549 ἐνεργείαις,
3571 1482 3638 1532 τὰ
3697 1480 3755 1530 δὲ
3808 1497 3890 1529 κνιι
3930 1484 3960 1527 1

2380 1577 2499 1637 ταῖς
2550 1576 2937 1642 ύποστάσεσιν,
2966 1576 3072 1629 ῖδια
3121 1575 3231 1628 τῶν
3286 1574 3446 1629 Θείων
3500 1572 3797 1645 ἐνεργειῶν
3842 1572 3961 1622 ὀνό-

2387 1685 2552 1738 ματα.
2595 1686 2613 1719 ι

3844 746 3957 810 ἔχει

2460 1937 2583 1989 Ἔτι
2622 1934 3015 2003 δογματίζουσι
3042 1936 3115 2005 μὴ
3149 1934 3404 2001 ἐξαρκεῖν
3441 1938 3506 2002 τῇ
3542 1934 3965 2001 τρισυποστάτῳ

2388 2028 2606 2098 Θεότητι
2664 2027 3054 2095 αύθύπαρκτον
3105 2027 3197 2079 καὶ
3250 2025 3664 2079 αύθυπόστατον
3732 2022 3965 2091 δύναμιν

2388 2119 2482 2172 καὶ
2505 2119 2786 2188 ἐνέργειαν
2839 2116 3013 2183 εῖναι,
3062 2115 3199 2170 ἀλλὰ
3246 2115 3595 2187 προσδεῖσθαι
3641 2114 3737 2167 κα)⁵
3777 2115 3963 2180 ἐτέρας

2386 2209 2782 2264 ἀνυποστάτου.
2846 2210 2957 2263 Καί
3017 2226 3183 2279 φησιν
3236 2208 3265 2261 δ
3309 2208 3571 2277 Παλαμᾶς
3621 2207 3677 2259 ἐν
3716 2224 3827 2259 τινι
3856 2208 3965 2258 τῶν

2386 2302 2649 2367 διαλόγων
2682 2301 2882 2355 αὐτοῦ·
2925 2320 2944 2352 ι
2992 2303 3049 2353 ’0
3096 2301 3195 2370 μὲν
3246 2300 3435 2371 Πατὴρ
3490 2302 3605 2369 ἔχει
3644 2299 3843 2367 σοφίαν
3874 2300 3967 2349 καὶ

2386 2392 2617 2459 δύναμιν
2650 2394 2744 2445 καὶ
2777 2392 2922 2460 ζωὴν
2970 2392 3066 2445 καὶ
3108 2393 3390 2457 ἐνέργειαν
3434 2392 3525 2443 τὸν
3564 2391 3689 2443 Υίδν
3731 2389 3965 2456 ούσιώδη

2388 2490 2483 2541 καὶ
2523 2487 2761 2555 φυσικήν
2783 2502 2795 2515 ’
2828 2486 2855 2536 ὁ
2885 2484 2941 2537 δὲ
2982 2484 3110 2545 Υἱὸς
3146 2484 3405 2546 ἀδύνατος
3442 2482 3594 2535 ἔσται
3637 2485 3733 2535 καὶ
3767 2482 3966 2544 ἄζωοε,

2388 2584 2481 2635 καί
2533 2582 2921 2649 ἁνενὲργητος.
2976 2580 3009 2646 ἦ
3064 2579 3162 2636 καὶ
3199 2578 3297 2646 ὅλη
3357 2580 3390 2646 ἡ
3456 2577 3615 2630 οὐσία
3665 2578 3763 2643 si):
3802 2580 3967 2641 ἁγίας

2391 2673 2643 2743 Τριᾶδος.
2670 2690 2687 2722 ι
2722 2673 2828 2723 Καὶ
2850 2672 2907 2722 ἐν
2941 2670 3018 2737 τῷ
3049 2671 3202 2739 τόμῳ
3227 2670 3517 2731 συνοδικῶς
3538 2670 3933 2733 ἀποφαίνονται
3952 2687 3968 2701 ο

2396 2783 2413 2816 ι
2468 2763 2562 2816 Ἐκ
2598 2763 2661 2831 δὴ
2712 2762 2916 2814 τούτων
2969 2764 3001 2831 ἡ
3035 2762 3153 2813 Οεία
3189 2761 3427 2825 σύνοδος,
3470 2762 3665 2827 Σαφῶς
3696 2760 3972 2813 ἀποδέδει-

2389 2875 2537 2920 κται,
2577 2860 2760 2925 φησὶν,
2813 2856 2888 2917 ὡς
2952 2858 2980 2908 ὁ
3030 2855 3203 2919 λέγων
3253 2855 3412 2924 μόνον
3457 2855 3548 2907 τὸν
3596 2855 3745 2918 Υίδν,
3785 2855 3880 2905 καὶ
3912 2854 3972 2905 τὸ

2392 2946 2616 3014 Πνεῦμα
2642 2946 2701 2998 τὸ
2728 2944 2883 3011 ᾶγιον
2904 2946 3193 3007 ἁκτίστους
3218 2944 3498 3015 ἐνεργείας
3527 2942 3664 2995 εἶναι
3689 2944 3782 2995 τοῦ
3809 2944 3969 3004 Θεοῦ,

2392 3040 2464 3100 ὡς
2497 3038 2570 3107 μὴ
2600 3036 2785 3105 κοινὴν
2819 3036 3100 3105 ἐνέργειαν
3132 3036 3371 3099 δοξάζων
3399 3038 3640 3104 φυσικὴν
3669 3037 3780 3087 τῶν
3808 3036 3971 3102 τριῶν

2392 3131 2767 3191 ὑποστάσεων,
2803 3128 2901 3196 τὴν
2939 3128 3223 3197 Μαρκὲλου
3274 3130 3369 3180 καὶ
3407 3128 3675 3180 Φωτεινοῦ
3737 3131 3835 3179 καὶ
3867 3128 3975 3179 Σω-

708 3221 1088 3288 Operalionem
1138 3223 1447 3274 naturalem
1498 3221 1663 3273 trium
1718 3222 2105 3290 hypostaseon,
2148 3221 2285 3273 Mar-

2393 3224 2615 3293 φρονίου
2662 3224 2875 3293 αἵρεσιν
2916 3222 3085 3274 πάλαι
3113 3222 3442 3291 τεθνηκυῖαν
3476 3225 3572 3275 καὶ
3618 3222 3976 3290 καταργηθῆ-

711 3312 858 3376 celli,
907 3321 961 3365 et
1004 3312 1247 3373 Photmi,
1277 3327 1440 3381 atque
1487 3313 1781 3381 Sophronii
1849 3311 2101 3364 hat-resin:
2156 3312 2287 3363 olim

709 3405 1049 3458 demortuam
1098 3414 1153 3458 et
1195 3406 1453 3457 almlitaat
1512 3406 1563 3456 in
1619 3404 1917 3457 Eeelesiam
1962 3401 2053 3456 Dei
2126 3400 2291 3455 audet

711 3498 992 3553 indurere.
1046 3516 1063 3548 ι
1114 3498 1175 3550 lit
1230 3502 1389 3565 pauio
1439 3508 1596 3565 pisi:
1646 3518 1662 3547 ι
1699 3498 1870 3550 Nobis
1920 3512 2048 3550 vero
2128 3496 2291 3548 modo

718 3612 827 3645 non
852 3602 934 3645 Cal
966 3609 1146 3645 sermo
1187 3591 1249 3643 'Je
1293 3592 1417 3653 hac,
1465 3591 1559 3642 sed
1611 3591 1678 3643 de
1722 3589 2024 3651 ronununi,
2065 3603 2185 3655 qua:
2209 3598 2291 3640 est

719 3684 884 3737 unius
921 3683 1084 3736 trium
1120 3698 1487 3752 personarmn
1522 3682 1778 3741 Deitatis.
1821 3696 1943 3746 qum
1981 3678 2291 3747 hypostasis

719 3792 826 3826 non
884 3785 988 3838 est,
1048 3776 1143 3828 sed
1194 3786 1413 3832 natura.
1470 3784 1523 3826 et
1582 3770 2079 3835 supernaturaliter
2138 3770 2293 3823 adest

715 3867 1008 3934 unicuique
1041 3867 1349 3919 divinarum
1384 3866 1490 3935 hyp
1529 3875 1770 3918 stascon.
1804 3881 1820 3912 ι

793 3959 1064 4011 l’rmterea
1114 3957 1486 4023 tltlglttaliznlll
1528 3970 1626 4007 eos
1668 3955 1760 4023 qui
1802 3951 1945 4020 apud
1980 3952 2129 4021 ipsos
2163 3966 2292 4020 pur-

716 4059 931 4117 gantur,
971 4058 1026 4102 et
1066 4049 1331 4116 ejusmodi
1377 4046 1758 4114 operationum
1815 4045 2031 4106 elfeeta,
2081 4045 2295 4097 increa-

718 4154 822 4201 tos.
869 4150 924 4195 et
974 4140 1212 4194 inercata
1264 4139 1523 4192 evadere.
1579 4140 1757 4207 Atque
1798 4140 1874 4190 ait
1925 4137 2175 4191 Palamas
2240 4138 2293 4191 in

719 4234 951 4301 cpistola
980 4232 1046 4284 ad
1090 4231 1476 4299 Acindyntnn:
1511 4246 1529 4278 ι
1566 4230 1802 4283 Videsne
1856 4229 2000 4282 clare
2033 4227 2179 4296 quod
2215 4228 2298 4280 in-

720 4337 907 4379 creata
964 4325 1035 4378 sit
1083 4323 1291 4393 gratia?
1348 4320 1468 4377 Non
1521 4330 1733 4375 tantum
1788 4330 1971 4373 autem
2024 4318 2296 4390 ejusmodi

720 4418 899 4487 gratia
932 4429 1013 4470 est
1048 4416 1309 4478 inercata,
1346 4415 1443 4468 sed
1477 4424 1533 4468 et
1565 4413 1818 4467 effectum
1852 4411 2165 4483 hujusmodi
2202 4410 2297 4465 Dei

721 4507 1059 4579 operationis
1094 4508 1402 4561 increatum
1431 4518 1536 4559 est.
1563 4504 1862 4573 PrOpterea
1906 4504 2074 4573 igitur
2107 4511 2162 4557 et
2186 4517 2299 4556 ma-

2396 3334 2494 3370 σαν
2524 3319 2601 3378 είς
2627 3316 2724 3385 τὴν
2778 3316 3105 3384 Ἐκκλησίαν
3150 3316 3325 3385 τολμᾷ
3360 3316 3720 3385 παρεισάγειν
3752 3314 3911 3367 Θεοῦ.
3949 3332 3967 3365 ι

2392 3408 2503 3463 Καὶ
2532 3408 2649 3479 μετ’
2682 3408 2870 3475 ὀλίγα·
2915 3427 2932 3457 ι
2988 3407 3151 3475 Ἡμῖν
3182 3407 3238 3459 δὲ
3279 3406 3482 3475 ἀρτίως
3511 3407 3537 3457 ὁ
3559 3406 3717 3473 λόγος
3751 3406 3813 3457 οὐ
3849 3407 3973 3473 περὶ

2391 3501 2614 3570 ταύτης,
2655 3500 2789 3553 ἀλλὰ
2841 3499 3102 3568 περὶτῆς
3155 3498 3341 3567 κοινῆς
3388 3499 3489 3566 τῆς
3536 3498 3972 3566 τρισυποστὰτου

2393 3587 2681 3655 θεότητος,
2716 3588 2834 3656 ἥτις
2865 3587 2963 3654 οὐχ
2994 3586 3292 3648 ύπόστασὶς
3313 3588 3480 3650 ἐστιν,
3516 3587 3653 3638 ἀλλὰ
3681 3587 3847 3653 φύσει
3887 3586 3974 3637 καὶ

2396 3678 2689 3747 ὑπερφυῶς
2731 3679 3020 3746 πρόσεστιν
3059 3680 3265 3750 ἑκάστῃ
3313 3679 3421 3732 τῶν
3474 3679 3789 3749 οεαρχεκῶν
3845 3681 3971 3730 ὑπο·

2398 3771 2666 3823 στάσεων.
2716 3789 2734 3821 ι

2473 3954 2593 4006 Ἔτι
2631 3952 3019 4020 δογματίζουσι
3060 3954 3187 4015 τοὺς
3228 3952 3359 4019 παρ’
3394 3951 3575 4008 αὐτοῖς
3626 3952 3976 4019 κεκαθαρμέ-

2397 4062 2520 4108 νους
2561 4045 2656 4098 καὶ
2686 4043 2754 4097 τὸ.
2784 4044 2891 4095 τῶν
2930 4042 3188 4098 τοιούτων
3228 4043 3521 4111 ἐνεργειῶν
3552 4040 3976 4108 ἀποτελέσματα

2396 4136 2685 4199 ἁκτίστους
2735 4136 2829 4188 κα)⁸
2880 4136 3113 4188 ἂκτιστα
3166 4132 3566 4187 ἀποτελεῖσθαι.
3609 4134 3719 4185 Καί
3758 4134 3977 4201 φησινό

2398 4228 2666 4297 Παλαμᾶἐ
2727 4229 2785 4279 ἒν
2832 4229 2900 4297 τῇ
2968 4226 3104 4296 πρὸς
3166 4227 3256 4278 τὸν
3317 4225 3623 4277 Ἀκίνδυνον
3682 4222 3975 4292 ἐπιστολῇ·

2404 4337 2424 4372 ι
2474 4320 2641 4389 Ὁρᾷς
2689 4317 2899 4386 σαφῶς,
2960 4319 3045 4371 ὃτι
3095 4318 3352 4379 ἄκτιστος
3387 4317 3420 4384 ἡ
3461 4315 3642 4385 χάρις.
3698 4314 3779 4366 υύ
3825 4314 3979 4382 μόνον

2400 4408 2457 4460 δὲ
2490 4409 2522 4476 ἡ
2561 4407 2789 4476 τοιαύτη
2837 4405 2998 4476 χάρις
3050 4404 3308 4467 ἂκτιστός
3371 4405 3540 4465 ἐστιν,
3583 4403 3722 4456 ἀλλὰ
3775 4404 3873 4457 καὶ
3923 4402 3979 4455 sa

2400 4500 2749 4567 ἀποτέλεσμα
2796 4501 2895 4565 τῆς
2920 4495 3015 4549 τοῦ
3048 4496 3182 4551 Θεοῦ
3222 4495 3495 4564 τοιαύτης,
3519 4494 3806 4564 ἐνεργείας
3835 4496 3982 4549 ἄκτιο

724 4614 864 4666 gnus
891 4598 1092 4651 Paulus
1123 4612 1250 4650 cum
1278 4612 1386 4649 non
1417 4596 1653 4664 amplius
1698 4596 1909 4648 viveret
1941 4594 2285 4662 temporalem

2404 4592 2528 4645 στάν
2552 4593 2689 4645 ἐστι.
2726 4589 2889 4643 Ταῦτ’
2931 4590 3037 4659 ἄρα
3071 4589 3165 4641 καὶ
3196 4590 3224 4641 ὁ
3266 4590 3440 4656 μέγας
3468 4586 3680 4650 Παῦλος
3722 4586 3827 4656 τὴν
3852 4604 3978 4655 χρο-

725 4690 868 4743 hanc
908 4690 1093 4750 vitam,
1124 4689 1217 4742 sed
1252 4703 1372 4742 eam
1402 4703 1522 4756 qua:
1557 4696 1677 4739 erat
1715 4686 2076 4739 inhabitantis
2110 4684 2297 4749 Verbi,

717 4780 968 4833 .divinatn
1002 4790 1057 4831 et
1113 4788 1398 4843 attrrnatn,
1430 4779 1549 4831 sine
1605 4776 1877 4846 principio
1907 4776 2080 4830 factus
2108 4784 2215 4839 est,
2244 4784 2301 4830 et

728 4872 848 4929 sine
878 4871 982 4924 line
1018 4887 1114 4938 per
1145 4872 1396 4940 grati-nn.
1420 4866 1423 4871 ’
1449 4888 1466 4918 ι
1513 4870 1576 4922 lit
1604 4868 1765 4937 paulo
1796 4877 1917 4935 post
1944 4887 1957 4921 :
2008 4886 2025 4917 ι
2071 4866 2301 4922 Creatus

729 4963 896 5032 igitur
941 4972 1060 5015 erat
1112 4962 1313 5014 l’aulus
1357 4961 1599 5029 quandiu
1648 4959 1867 5013 vivebat
1918 4958 2107 5020 vitam,
2145 4959 2301 5029 jussu

738 5056 833 5111 Itei
865 5071 931 5108 ex
961 5070 1067 5107 non
1096 5056 1319 5108 entibus
1354 5054 1576 5117 factam,
1608 5054 1828 5123 quando
1860 5068 1993 5105 vero
2033 5067 2142 5104 non
2190 5067 2304 5104 am-

726 5148 875 5217 plius
902 5148 1042 5200 hanc
1072 5147 1311 5210 vivebat,
1348 5146 1442 5200 sed
1470 5162 1587 5199 eam
1614 5161 1735 5213 qua:
1768 5144 2167 5198 inhabitatione
2203 5141 2300 5195 Dei

730 5242 984 5302 accessit,
1032 5240 1310 5292 iucreatus
1349 5255 1447 5307 per
1476 5240 1705 5307 gratiam
1765 5238 1965 5297 evasit.
2010 5246 2065 5289 et
2100 5236 2301 5299 omnis,

731 5332 825 5398 qui
869 5332 1103 5385 Verbum
1137 5331 1227 5384 Dei
1265 5330 1449 5383 eliit'ax
1480 5341 1534 5383 et
1569 5332 1750 5383 vivum
1784 5330 2014 5397 adeptus
2043 5336 2147 5382 est.
2190 5346 2206 5378 ι
2240 5328 2304 5380 Et

732 5438 925 5477 rursus
955 5424 1006 5474 in
1037 5422 1226 5475 eadem
1247 5424 1477 5492 epistola
1514 5441 1527 5476 :
1567 5442 1583 5472 ι
1634 5422 1923 5486 Quomodo
1952 5422 2118 5489 igitur
2151 5420 2304 5488 quis-

733 5514 880 5582 piam
922 5514 1277 5576 concesserit,
1305 5515 1555 5582 quamvis
1586 5515 1897 5567 divinarum
1944 5526 2301 5579 personarum

736 5604 943 5657 nttilatn
992 5607 1259 5657 rationem
1296 5606 1574 5664 habuerit.
1610 5620 1779 5658 unum
1813 5620 1934 5661 esse
1978 5604 2301 5664 incrcalnm,

736 5696 841 5748 ani
868 5707 1059 5751 natura
1092 5697 1374 5767 adjecerit.
1404 5714 1524 5751 cum
1556 5699 1778 5767 quidam
1814 5696 1922 5748 sint
1949 5711 2043 5763 per
2076 5694 2302 5763 gratiam

736 5788 961 5841 inereati
994 5800 1158 5857 atque
1203 5789 1301 5853 dii,
1327 5801 1381 5845 et
1415 5792 1831 5859 respondentem
1859 5788 1963 5841 sibi
1994 5788 2303 5840 necessario

741 5878 1000 5934 deitatem
1039 5882 1319 5938 habeant?
1359 5903 1373 5925 ν
1428 5882 1486 5937 lit
1538 5896 1728 5936 rursus
1762 5900 1771 5929 :
1825 5900 1840 5931 ι
1896 5879 1998 5933 Sed
2040 5879 2185 5934 cnim
2224 5878 2306 5931 iu-

2404 4682 2557 4751 νικὴν
2586 4682 2781 4750 μηκέτι
2818 4680 2926 4742 ζῶν
2956 4680 3122 4748 ζωὴν,
3162 4679 3299 4731 ἀλλὰ
3331 4679 3429 4748 τὴν
3467 4677 3559 4730 τοῦ
3592 4679 3977 4748 ἐνοικήσαντος

2403 4774 2577 4841 Λόγου
2614 4773 2764 4826 Οείαν
2795 4772 2891 4824 καὶ
2929 4771 3118 4833 ἀίδιον,
3148 4772 3382 4839 ἄναρχος
3413 4769 3603 4838 γέγονε
3634 4770 3731 4823 καὶ
3762 4769 3978 4821 ἀτελεύ-

2402 4882 2563 4933 τητος
2599 4865 2803 4933 χάριτι.
2848 4882 2864 4914 ι
2904 4864 3011 4915 Καὶ
3044 4862 3160 4931 μετ’
3185 4862 3364 4923 ὀλίγα,
3400 4879 3420 4912 t
3449 4861 3683 4923 Κτιστὸς
3717 4860 3817 4913 οὖν
3858 4856 3926 4929 ἦν
3955 4862 3980 4913 ὀ

2406 4956 2614 5019 Παῦλος
2651 4958 2844 5027 μέχρις
2892 4956 2959 5008 ἂν
3008 4955 3101 5022 ἔζη
3159 4955 3260 5023 τὴν
3317 4952 3699 5022 προστάγματι
3734 4952 3878 5005 Θεοῦ
3925 4951 3982 5013 ἐξ

2404 5049 2503 5099 οὐκ
2542 5048 2712 5100 ὄντων
2746 5048 3028 5114 γεγονυῖαν
3063 5044 3229 5113 ζωήν.
3275 5044 3405 5097 Ὅτε
3445 5042 3501 5095 δὲ
3538 5043 3739 5111 μηκέτι
3774 5044 3981 5108 ταύτην

2406 5138 2524 5205 ἔζη.
2558 5138 2693 5190 ἀλλὰ
2736 5138 2833 5205 τὴν
2879 5138 3145 5205 ἐνοικήσει
3191 5133 3283 5186 τοῦ
3318 5134 3452 5186 Θεοῦ
3505 5136 3975 5202 προσγενομένην,

2406 5230 2656 5289 ἄκτιστος
2688 5230 2879 5295 γέγονε
2931 5231 2996 5296 τῇ
3037 5229 3257 5297 χάριτι·
3316 5227 3413 5277 καὶ
3454 5226 3561 5287 πᾶς
3596 5227 3623 5277 ὁ
3664 5225 3851 5287 ζῶντα
3890 5228 3981 5277 καὶ

2406 5318 2729 5387 ἐνεργοῦντα
2757 5317 2919 5385 μόνον
2943 5317 3034 5368 τὸν
3072 5314 3165 5367 τοῦ
3198 5316 3334 5367 Θεοῦ
3358 5315 3533 5382 Λόγον
3579 5316 3975 5384 κτησάμενος.»

2408 5411 2518 5463 Καὶ
2548 5409 2706 5461 πάλιν
2738 5411 2795 5461 ἐν
2830 5411 2895 5477 τῇ
2933 5408 3065 5475 αὐτῇ
3088 5425 3104 5443 ο
3134 5425 3152 5457 ι
3196 5406 3325 5468 Πῶς
3350 5402 3442 5458 οὖν
3477 5406 3542 5457 ἄν
3570 5422 3654 5468 τις
3686 5398 3979 5475 ἇυγχωρη-

2410 5516 2544 5563 σειε,
2578 5500 2679 5551 κᾶν
2710 5499 2817 5549 τῶν
2860 5499 3021 5551 Θείων
3073 5497 3368 5567 ἐνεργειῶν
3418 5496 3621 5565 μηδένα
3679 5498 3980 5565 ποιήσηται

2406 5591 2587 5658 λόγον,
2616 5590 2674 5641 ἓν
2713 5589 2773 5641 τὸ
2797 5590 3053 5642 ἄκτιστον
3090 5590 3378 5657 ὑπάρχειν,
3415 5587 3491 5657 μὴ
3528 5590 3594 5657 τῇ
3620 5587 3780 5653 φύσει
3816 5604 3982 5655 προσ-

2408 5686 2678 5754 κείμενον,
2723 5686 2869 5735 ἒστιν
2894 5678 2968 5736 ὧν
2995 5683 3177 5751 χάριτι
3200 5684 3470 5734 ἁκιίστων
3494 5681 3662 5733 ὄντων
3701 5684 3797 5733 καὶ
3822 5681 3981 5746 θεῶν,

2410 5781 2504 5833 καὶ
2537 5777 2874 5846 κατάλληλον
2912 5778 3126 5838 ἑαυτοῖς
3171 5774 3233 5839 ἐξ
3280 5775 3524 5843 ἀνάγκης
3564 5772 3798 5843 θεότητα
3834 5772 3981 5841 ἐχόν-

2410 5890 2546 5939 των;
2596 5890 2614 5924 ι
2663 5872 2768 5924 Καὶ
2801 5869 2979 5933 πάλιν,
3023 5887 3037 5921 ι
3081 5866 3242 5922 Ἀλλὰ
3284 5866 3390 5935 γὰρ
3419 5866 3663 5921 ἄκτιστοι
3698 5865 3799 5935 μὲν
3830 5857 3981 5917 οὗτοι
