4180 6458
249 479 342 557 ειμι

1443 477 1841 537 ADVERSUS
1880 477 2262 537 PALUIAM.

3377 476 3485 538 862

250 600 436 649 πάντα
474 612 676 662 χαριτι,
722 594 908 662 ὥσπερ
938 594 1001 659 δή
1035 594 1124 643 καὶ
1161 591 1299 641 υ-ιιί·
1342 592 1476 656 alti)
1518 593 1561 644 δ’
1596 596 1622 661 ὴ
1652 597 1809 659 χάρις

1918 593 2084 645 creati
2121 591 2340 659 quidem
2370 590 2455 642 isti
2496 603 2688 641 clunes
2730 598 2855 642 sunt
2903 587 3095 653 gratia,
3128 588 3485 652 quemadmo—

240 704 512 747 .;r.:t::o;,
554 685 629 747 ὡς
680 684 873 755 μικρὸν
912 683 1167 752 ἀνωτέρω
1206 682 1712 751 προαποδέδεικται.
1743 701 1760 733 ι

314 880 422 928 Καὶ
446 878 628 937 πάλιν,
664 895 682 927 ι
714 877 779 928 ΛΞ
802 876 895 928 τοῦ
923 876 1056 929 Θεοῦ
1077 876 1349 945 ἐνέργειαι
1374 876 1617 929 ἄκτιστοί
1645 878 1806 939 εἰσιν,

242 966 287 1015 εἰ
320 965 411 1016 καὶ
433 966 498 1015 τὰ
517 965 686 1015 πλείω
704 964 815 1015 τῶν
838 963 1061 1016 ἀποτελε
1072 980 1291 1032 σματων
1308 963 1509 1015 τούτων
1537 964 1812 1031 κτίσματά

242 1058 371 1105 εἱσι.
416 1073 433 1104 ι
472 1056 581 1105 Καὶ
616 1054 674 1105 ἐν
723 1054 798 1121 τῷ
837 1054 1001 1122 λόγῳ,
1033 1047 1092 1105 οὗ
1120 1055 1152 1122 ή
1184 1053 1344 1122 ἀρχὴ,
1398 1052 1819 1105 Φιλοκεινοῦσι

240 1145 377 1209 μὲν,
428 1164 444 1195 ι
496 1145 617 1205 Ilii;
640 1141 732 1196 οῦν
766 1146 865 1196 οὐκ
895 1146 1150 1206 ἄκτιστος
1184 1147 1215 1214 ή
1256 1145 1411 1213 χάρις
1443 1144 1509 1196 δι’
1552 1145 1618 1213 ἢν
1653 1144 1743 1195 καὶ
1770 1144 1819 1195 oi

243 1234 643 1300 μετεσχηκότες
691 1234 861 1302 αὐτῆς
900 1234 1127 1303 ἄναρχοι
1158 1234 1255 1286 καὶ
1284 1235 1530 1286 ἄκτιστοι
1561 1235 1654 1286 καὶ
1695 1235 1821 1286 ἀτε-

241 1324 512 1391 λεύτητοι,
551 1325 647 1376 καὶ
676 1326 867 1387 ἀΐδιοι,
904 1330 998 1377 καὶ
1030 1327 1269 1394 οἰιρὰνιοι
1304 1327 1422 1378 κατ’
1462 1326 1631 1395 αὐτὴν
1663 1326 1812 1395 παρὰ

238 1413 351 1465 τῶν
379 1412 638 1482 Πατέρων
679 1413 1230 1483 προσηγορεύθησαν;
1270 1432 1288 1464 ι

317 1595 438 1647 Ἔτι
489 1594 870 1665 δογματίζουσι
917 1598 1116 1659 πολλὰς
1166 1599 1459 1661 ὑπόστασις
1512 1596 1651 1653 εἶναι
1716 1601 1811 1653 τοῦ

238 1684 399 1738 Θεοῦ.
436 1688 543 1739 Καί
575 1706 739 1756 φησιν
778 1691 804 1740 ὁ
854 1690 1142 1758 Παλαμτῑς,
1199 1710 1216 1742 ι
1276 1691 1418 1743 Ἀλλ’
1459 1693 1579 1743 ἐπεὶ
1614 1692 1812 1754 πολλὰς

239 1778 337 1829 καὶ
383 1778 673 1847 διαφόρους
728 1778 1057 1840 ὑποστάσεις
1092 1782 1186 1833 καὶ
1234 1781 1491 1848 δυνάμεις
1529 1784 1619 1834 καὶ
1661 1785 1812 1850 ἐνερ-

238 1869 403 1935 γείας
436 1871 462 1920 ὁ
488 1869 620 1932 Θεὸς
658 1869 794 1939 ἕχει,
827 1872 875 1923 εἰ
914 1872 990 1941 μὴ
1029 1873 1087 1925 ἓν
1115 1892 1167 1926 τι
1207 1872 1267 1924 τὸ
1313 1874 1484 1927 αἴτιον
1507 1877 1564 1926 ὲν
1599 1875 1808 1938 αὐταῖς,

1915 683 2043 733 dum
2076 696 2205 733 sane
2231 689 2287 732 et
2314 680 2385 732 dii
2419 696 2431 740 ;
2466 680 2582 746 ipsa
2627 691 2756 730 vero
2798 677 2971 746 gratia
3012 677 3250 730 incrcata
3288 686 3390 739 est,
3426 687 3485 730 nt

1914 776 2078 845 paulo
2122 774 2376 842 superius
2411 775 2843 828 demonstratum
2896 781 2998 824 est.
3042 789 3062 822 ν

1987 868 2057 921 Ει
2109 879 2351 920 rursus:
2399 882 2417 916 ι
2453 865 2548 919 Dei
2610 863 2961 931 Operationes
3019 862 3279 915 increatae
3312 872 3459 916 sunt.

1915 968 2170 1037 quamvis
2194 966 2447 1033 pleraque
2476 965 2674 1018 horum
2699 962 2991 1015 eﬂectuum
3011 974 3275 1016 creatum:
3316 963 3440 1014 sint.
3462 980 3478 1008 δ

1914 1062 1982 1115 Ει
2041 1061 2094 1113 in
2140 1060 2424 1119 oratione,
2457 1062 2614 1125 cujus
2660 1056 2877 1109 initium
2932 1072 2946 1109 :
2983 1054 3318 1107 Contendant
3372 1055 3489 1121 qni-

1914 1153 2027 1206 dem
2060 1167 2077 1203 :
2115 1170 2132 1200 ι
2165 1151 2334 1220 Igitur
2361 1149 2454 1217 qui
2487 1149 2599 1202 ﬁeri
2640 1155 2843 1217 potest,
2894 1155 2954 1198 ut
2988 1160 3095 1197 non
3133 1145 3203 1199 sit
3233 1146 3481 1197 inercata

1915 1246 2105 1313 gratia,
2136 1259 2237 1311 per
2262 1257 2427 1311 quam
2455 1250 2512 1294 et
2555 1240 2647 1307 qui
2678 1237 2975 1306 participes
3004 1239 3123 1304 ejus
3177 1235 3302 1288 facti
3333 1244 3484 1294 sunt,

1917 1336 2033 1388 sine
2091 1334 2363 1403 principio
2420 1341 2477 1385 et
2524 1327 2747 1382 incrcati
2776 1368 2791 1391 ,
2841 1327 3057 1393 ﬁneque
3107 1335 3380 1385 carentes,
3430 1332 3487 1376 et

1918 1425 2235 1493 sempiterni
2286 1430 2449 1490 atque
2481 1419 2735 1475 coalestes
2765 1417 3069 1471 secundum
3110 1416 3285 1485 ipsam
3319 1431 3349 1468 a
3386 1415 3489 1468 Pa-

1920 1516 2097 1571 tribus
2130 1514 2386 1583 appellati
2422 1510 2592 1566 sunt?
2625 1528 2645 1559 ι

1984 1607 2253 1660 Praeterea
2298 1604 2687 1673 dogmatizant,
2734 1601 2934 1655 multas
2984 1599 3307 1667 hypostases
3360 1610 3483 1648 esse

1915 1696 2046 1761 Dei;
2092 1704 2256 1763 atque
2299 1693 2378 1747 ait
2410 1694 2698 1748 Palamas:
2742 1708 2760 1741 ι
2801 1690 2906 1744 Sed
2973 1688 3233 1757 quoniam
3280 1687 3485 1738 multas

1912 1793 1968 1838 et
2009 1784 2258 1837 diversas
2293 1781 2649 1851 hypostases,
2692 1788 2747 1833 et
2780 1779 3054 1846 potentias
3080 1816 3095 1839 ,
3123 1785 3179 1831 et
3212 1774 3484 1844 operatio-

1914 1890 2011 1929 nes
2043 1875 2185 1928 Deus
2238 1871 2427 1934 habet,
2477 1871 2583 1924 nisi
2639 1883 2810 1923 unum
2871 1868 3077 1936 aliquid
3137 1868 3192 1920 in
3228 1866 3363 1935 ipsis
3414 1868 3486 1919 sit

242 1960 441 2012 πολλαὶ
482 1960 572 2013 καὶ
615 1961 863 2030 διάφοροι
894 1964 1108 2016 ἔσονται
1140 1964 1307 2033 ἁρχαὶ
1335 1966 1435 2034 τῆς
1476 1964 1750 2034 θεότητος.
1788 1983 1807 2016 ι

1918 1980 2101 2030 causa,
2135 1964 2305 2018 multa
2332 1970 2390 2017 et
2423 1960 2637 2016 diversa
2672 1968 2837 2016 erunt
2879 1959 3144 2029 principia
3180 1958 3419 2012 deitatis.
3459 1974 3479 2006 ι

316 2052 441 2105 Ἔτι
479 2052 866 2123 δογματίζουσι
909 2055 1136 2116 καὶτὰς
1185 2056 1382 2119 πολλὰς
1433 2058 1633 2120 ταύτας
1667 2059 1815 2128 ἐνερ-

238 2142 402 2208 γείας
455 2143 642 2206 οὐσίας
691 2139 856 2198 εἶναι.
891 2146 1004 2200 Καί
1056 2162 1222 2216 φησιν
1250 2149 1277 2200 ὁ
1314 2148 1580 2215 Παλαμᾶς
1632 2154 1691 2202 ἐν
1738 2149 1815 2217 τῷ

234 2234 379 2303 πρὸς
406 2234 499 2287 τὸν
530 2236 690 2289 Λίνου
720 2236 888 2307 λόγῳ,
914 2230 977 2291 οῦ
1010 2239 1044 2308 ή
1075 2240 1239 2310 ἀρχὴ,
1270 2240 1484 2307 Διδοῦς
1513 2241 1698 2305 ὄντως
1728 2244 1815 2294 οῑο

237 2325 529 2393 χυμένης,
568 2346 586 2379 ι
643 2328 751 2379 Καὶ
802 2331 913 2398 μὴν
968 2330 1109 2384 κατὰ
1161 2330 1250 2383 τὸν
1296 2331 1462 2386 πολὺν
1512 2331 1676 2393 ὅντως
1722 2332 1815 2384 καὶ

238 2418 749 2488 πνευματοκίνητον
805 2420 929 2473 νοῦν
990 2421 1098 2473 τῶν
1157 2421 1317 2490 ἱερῶν
1371 2422 1630 2490 Πατέρων
1679 2423 1812 2489 φαίη

234 2513 306 2564 ἂν
362 2529 441 2575 τις
473 2512 566 2565 καὶ
602 2512 789 2567 οὐσίαν
823 2513 1064 2579 εὐσεϐῶς
1115 2514 1355 2585 ἑκάστην
1393 2515 1503 2567 τῶν
1546 2515 1639 2568 τοῦ
1675 2514 1812 2568 Θεοῦ

233 2604 556 2671 ἐνεργειῶν.
596 2623 615 2655 ι

316 2695 441 2748 Ἔτι
494 2697 747 2765 φρονοῦσι
789 2697 886 2766 τήν
938 2698 1127 2752 οὐσίαν
1172 2700 1265 2755 τοῦ
1320 2699 1454 2754 Θεοῦ
1506 2700 1815 2771 φθαρτικὴν

234 2783 507 2840 εἶναικαὶ
542 2789 908 2858 ἀναλωτικὴν,
963 2789 1121 2859 εἴπερ
1177 2790 1330 2845 ἔσται
1380 2792 1639 2862 μεθεκτή.
1705 2794 1814 2845 Καί

237 2894 417 2945 φησιν
452 2877 480 2928 ὀ
530 2880 799 2949 Παλαμᾶς
844 2882 902 2934 ὲν
935 2880 1013 2950 τῷ
1048 2881 1187 2950 πρὸς
1238 2882 1545 2937 Ἀκίνδυνον
1576 2883 1815 2953 πέμπτῳ

234 2971 410 3041 λόγῳ,
432 2987 492 3023 ου
519 2974 552 3040 ή
580 2972 742 3041 ἀρχὴ,
788 2971 975 3026 Ἀλλά
1007 2971 1096 3038 τίς
1127 2972 1204 3025 ἀν
1224 2989 1238 3004 ·
1273 2992 1291 3025 ι
1320 2973 1464 3044 Αὐτὴ
1486 2974 1667 3027 τοίνυν
1693 2976 1815 3027 καθ’

236 3064 417 3127 αὐτὴν
449 3063 481 3129 ή
510 3062 625 3113 θεία
669 3064 1006 3132 μετεχομένη
1042 3064 1134 3116 καὶ
1168 3063 1554 3134 λαμϐανομένη
1596 3068 1753 3132 φύσις
1781 3067 1813 3134 ἢ

236 3154 464 3222 φυρμὸν
503 3154 769 3219 πείσεται,
825 3156 857 3225 ἦ
914 3156 1009 3225 τὴν
1064 3156 1377 3226 παθητικὴν
1431 3157 1815 3221 ἑξαναλώσασα

1988 2056 2261 2111 Praeterea
2292 2053 2692 2123 dogmatizant,
2723 2051 2889 2106 etiam
2919 2050 3019 2105 has
3056 2050 3257 2104 multas
3291 2063 3487 2117 opera-

1918 2147 2096 2201 tiones
2154 2160 2275 2200 esse
2334 2142 2708 2207 substantias;
2750 2149 2915 2210 atque
2974 2141 3051 2194 ait
3106 2140 3376 2201 Palamas,
3428 2139 3485 2192 in

1916 2238 2166 2295 oratione
2212 2235 2279 2291 ad
2319 2236 2639 2305 episcopum
2683 2233 2979 2296 Anensem,
3023 2231 3181 2301 cujus
3242 2230 3484 2292 initium,

1918 2330 2242 2385 Verecundia
2291 2342 2474 2381 revera
2510 2328 2750 2378 annua:
2791 2340 2809 2375 ι
2855 2323 2925 2377 Et
2964 2333 3145 2377 tamen
3180 2320 3485 2377 secundum

1918 2423 2147 2476 multam
2194 2433 2385 2473 revera
2446 2425 2503 2472 et
2560 2431 2590 2469 a
2648 2413 2843 2483 spiritu
2903 2414 3201 2468 excitatam
3245 2422 3485 2466 mentem

1916 2523 2233 2567 sanctorum
2264 2510 2512 2572 Patrum,
2541 2504 2746 2559 dixerit
2776 2505 3001 2573 aliquis,
3028 2504 3194 2557 etiam
3224 2503 3485 2557 substan-

1919 2606 2046 2660 tiam
2076 2603 2185 2673 pie,
2223 2612 2667 2668 unamquamque
2691 2594 2787 2649 Dei
2816 2593 3215 2663 operationem.
3259 2612 3279 2646 ι

1988 2698 2257 2751 Praeterea
2312 2694 2563 2747 sentiunt
2614 2688 2984 2744 substantiam
3044 2686 3140 2739 Dei
3201 2685 3318 2739 fore
3368 2698 3488 2738 cor-

1918 2789 2211 2860 ruptivam,
2236 2794 2290 2840 ct
2308 2782 2762 2852 consumptivam,
2791 2781 2836 2835 si
2868 2780 2975 2835 erit
2994 2777 3487 2833 communicabilis.

1918 2883 2096 2950 Atque
2136 2878 2211 2931 ait
2251 2877 2517 2939 Palamas,
2549 2873 2603 2927 in
2637 2873 2827 2942 quinta
2857 2869 3123 2929 .oratione
3157 2868 3222 2921 ad
3253 2866 3490 2936 Aeindy-

1916 2971 2247 3040 num,cujus
2286 2967 2500 3022 initium
2526 2984 2538 3019 :
2572 2964 2765 3017 Verum
2806 2964 3093 3033 quisnam:
3119 2978 3137 3011 ι
3171 2960 3291 3028 Ipsa
3320 2960 3488 3029 igitur

1917 3080 2015 3132 per
2067 3078 2125 3116 se
2179 3060 2364 3113 divina
2409 3058 2732 3127 participata
2777 3064 2833 3109 et
2885 3062 3099 3120 sumpta
3144 3060 3340 3105 natura
3400 3050 3486 3104 vel

1918 3153 2358 3207 commistioncm
2416 3150 2700 3219 patietur,
2757 3145 2842 3199 vel
2892 3144 3163 3213 passivam
3188 3153 3437 3196 naturam
3467 3181 3483 3201 ,

237 3246 445 3312 φ’)έισει
469 3246 629 3313 φύσιν
652 3248 778 3315 πρὶν
804 3245 869 3298 ἂν
911 3246 1107 3317 ληφθῇ.
1136 3267 1154 3298 ι
1180 3248 1286 3300 Καὶ
1327 3247 1506 3312 πάλιν,
1534 3266 1550 3299 ι
1593 3249 1654 3301 Εἰ
1681 3249 1815 3312 ὅλως

1919 3255 2211 3311 antequam
2264 3250 2534 3303 sumatur,
2594 3240 2891 3293 absumens
2961 3233 3266 3289 exhauriet.
3334 3250 3352 3283 ι
3419 3232 3489 3284 Ει

235 3338 399 3387 ἐστὶν
431 3337 459 3387 ὁ
494 3336 625 3399 Θεὸς
652 3337 709 3389 ὲν
740 3339 851 3398 τοῖς
901 3336 1097 3402 ἀξίοις,
1130 3338 1213 3388 δτι
1255 3338 1383 3389 ποτε
1422 3339 1535 3390 ἐστι
1576 3339 1696 3391 κατ’
1727 3339 1815 3391 οὐ-

240 3429 457 3497 σὲαν,ῆ
494 3428 653 3496 φύσει
704 3428 859 3491 θεοὺς
907 3423 1047 3481 εἶναι
1092 3429 1326 3499 ἀνάγκη,
1376 3431 1435 3481 οὐ
1476 3432 1658 3499 χάριτι
1690 3432 1816 3493 τοὺς

236 3521 408 3581 θεοὺς
451 3520 735 3587 μετόχους,
792 3521 824 3588 ἢ
876 3519 1217 3587 κατακαῆναι
1276 3522 1370 3572 καὶ
1421 3522 1809 3591 διαφθαρῆναι.

240 3610 361 3659 Καὶ
403 3610 458 3659 ὲν
484 3610 559 3679 τῷ
589 3610 739 3678 τὸμῳ
770 3610 956 3676 σαφῶς
986 3609 1342 3680 ἐπεκύρωσαν
1372 3611 1552 3675 τοῦτο,
1589 3614 1683 3666 καὶ
1716 3615 1817 3681 τὴν

235 3718 270 3751 ο
300 3700 439 3750 σίαν
481 3700 573 3752 τοῦ
608 3700 742 3751 Θεοῦ
784 3701 1054 3764 εἰπόντες,
1098 3702 1184 3753 διὰ
1224 3706 1285 3754 τὸ
1326 3704 1478 3771 παρὰ
1506 3704 1615 3755 τῶν
1646 3706 1817 3772 ἁγίων

234 3790 503 3860 εερῆσᾏαι
558 3791 763 3858 ταύτην
814 3793 1265 3859 ἀπροσπέλαστον
1317 3793 1413 3845 καὶ
1471 3794 1815 3860 ἀμέθεκτον,

236 3881 563 3950 φθαρτικὴν
616 3883 762 3951 ἡμᾶς
814 3876 949 3933 εἶναι
1009 3881 1274 3949 νομίζειν,
1326 3886 1450 3941 τοὺς
1489 3885 1631 3936 οὓτω
1687 3886 1818 3953 περὶ

234 3972 455 4040 ταύτης
487 3972 836 4041 φρονοῦντας,
858 3970 903 4024 ὣ
926 3972 1123 4039 τόλμης
1152 3973 1409 4036 ἁσεόοὖςῑ
1451 3976 1817 4045 ἀπεφήναντο⁸

238 4065 349 4117 καὶ
378 4064 549 4116 ταῦτα
577 4063 713 4132 πρὸς
743 4065 985 4131 Μωῦσῆν
1009 4062 1105 4117 τοῦ
1144 4065 1280 4118 Θεου
1311 4066 1617 4135 εἰρηκότος,
1652 4086 1671 4120 ι
1710 4072 1818 4121 Οὑ-

234 4152 363 4213 δὰς
397 4152 587 4219 ὄψεται
610 4151 670 4203 τὸ
701 4150 996 4221 πρόσωπόν
1031 4167 1134 4221 μου
1162 4154 1254 4205 καὶ
1280 4152 1523 4223 ζήσεται.
1560 4173 1579 4206 ι

330 4327 453 4379 Ἔτι
482 4323 789 4393 ἐτόλμησαν
813 4326 863 4377 οἱ
888 4328 1047 4379 πάντ’
1071 4327 1311 4392 ἀναιδεῖς
1346 4330 1546 4395 εἰπεῖν,
1579 4332 1662 4384 ὅτι
1692 4333 1820 4387 ἀνά-

235 4417 415 4484 ).ογόν
454 4417 599 4468 ἐστιν
642 4414 831 4485 ὥσπερ
866 4415 933 4468 τὰ
980 4416 1039 4468 ὲν
1075 4418 1156 4486 τῷ
1186 4417 1334 4488 νόμῳ
1380 4421 1655 4491 μυστήρια
1684 4423 1821 4490 πρὸς

233 4509 354 4570 τὰς
377 4506 485 4560 τῶν
516 4506 882 4575 εὐαγγελικῶν
902 4510 1271 4577 κηρυγμάτων
1297 4510 1644 4578 παραδόσεις,
1673 4517 1823 4567 οὕτω

1920 3351 2156 3390 rursus:
2210 3353 2227 3385 ι
2270 3333 2326 3386 Si
2376 3332 2602 3386 omnino
2641 3331 2786 3384 Deus
2835 3333 2921 3382 est
2958 3328 3010 3382 in
3046 3326 3363 3380 hominibus
3407 3324 3489 3377 di-

1918 3430 2077 3498 gnis,
2114 3426 2381 3495 quidquid
2435 3424 2568 3477 illud
2628 3422 2845 3476 tandem
2889 3421 2960 3475 sit
3012 3419 3313 3474 secundum
3361 3417 3490 3471 sub-

1919 3518 2202 3578 stantiam,
2236 3515 2320 3568 vel
2375 3522 2435 3567 ut
2475 3513 2584 3567 sint
2614 3522 2808 3566 natura
2858 3511 2959 3576 dii,
3018 3524 3125 3563 non
3168 3508 3361 3579 gratia,
3392 3506 3486 3575 qni

1918 3608 2012 3663 Dei
2043 3606 2336 3675 participes
2366 3615 2515 3668 sunt,
2564 3604 2648 3657 vel
2695 3604 3091 3657 comburantur
3124 3609 3179 3653 ct
3216 3600 3490 3652 intereant

1918 3714 2145 3753 necesse
2180 3708 2285 3753 est.
2327 3715 2345 3748 ι
2382 3698 2448 3751 Et
2480 3697 2533 3749 in
2565 3706 2711 3749 torno
2744 3696 2892 3750 clare
2941 3694 2993 3748 id
3027 3693 3251 3747 decreto
3283 3692 3475 3745 coutir.

1920 3798 2162 3853 marunt,
2209 3800 2371 3857 atque
2423 3788 2717 3841 dixerunt:
2757 3804 2774 3836 ι
2817 3786 2927 3840 Nos
2977 3783 3339 3839 substantiam
3391 3781 3487 3836 Dei

1919 3883 2229 3938 existimare
2244 3895 2363 3934 esse
2388 3878 2801 3948 corruptibilem
2822 3880 2875 3945 (ο
2900 3877 3182 3930 audaciam
3199 3875 3420 3943 impiam
3447 3874 3485 3937 l)

1919 3972 2011 4041 qui
2037 3970 2104 4023 de
2128 3986 2188 4023 ea
2230 3969 2301 4022 ita
2324 3968 2624 4031 sentimus;
2657 3981 2724 4021 eo
2754 3966 2900 4034 quod
2924 3980 2951 4018 a
2974 3966 3179 4018 sanctis
3227 3963 3371 4015 dicta
3408 3962 3479 4015 sit

1922 4060 2310 4116 inacccssibilis
2358 4071 2413 4113 et
2455 4057 3008 4121 incommunicabilis,
3044 4054 3338 4125 praesertim
3365 4069 3491 4107 cum

1920 4152 2064 4205 Deus
2113 4150 2180 4205 ad
2228 4150 2445 4219 Moysen
2489 4148 2729 4203 dixerit:
2768 4166 2787 4200 ι
2828 4148 3001 4204 Nemo
3046 4146 3253 4201 videbit
3294 4144 3487 4200 faciem

1920 4256 2094 4295 meam
2125 4249 2181 4294 et
2210 4241 2373 4293 vivet.
2415 4259 2433 4291 ι

1991 4333 2258 4387 Praeterea
2291 4330 2345 4384 in
2376 4329 2632 4386 omnibus
2675 4329 3025 4399 impudentes
3070 4330 3189 4386 ausi
3226 4338 3357 4384 sunt
3395 4329 3487 4383 di-

1921 4437 2045 4478 cere
2072 4421 2481 4490 proportionem
2511 4435 2653 4476 esse.
2688 4419 2757 4476 Ut
2789 4437 2849 4477 se
2876 4421 3081 4477 habent
3119 4422 3379 4492 mysteria
3414 4421 3494 4477 le-

1922 4515 2003 4583 gis
2038 4514 2278 4581 antiqua:
2310 4511 2379 4567 ad
2430 4512 2758 4567 traditiones
2802 4514 3166 4581 evangelicas,
3214 4514 3286 4567 ita
3325 4512 3495 4567 etiam

244 4602 354 4655 καὶ
394 4593 553 4653 αὗται
601 4599 738 4669 πρὸς
779 4598 849 4652 τὰ
878 4599 973 4651 νέα
1023 4600 1317 4668 Παλαμικὰ
1365 4601 1636 4671 δόγματα.
1684 4606 1817 4675 Φησὶ

1928 4602 2341 4674 praedicationes
2370 4604 2697 4674 evangeliea:
2721 4604 2789 4658 ad
2809 4619 2944 4658 nova
2965 4605 3193 4658 Palamm
3218 4607 3490 4673 dogmata.

243 4693 371 4762 γὰρ
410 4695 438 4744 ὁ
492 4690 642 4759 παρὰ
698 4690 793 4743 τοῦ
847 4691 924 4753 είς
978 4693 1321 4762 πατριάρχην
1376 4696 1824 4765 χρηματίσαντος

245 4782 530 4838 Κοκκίνου
563 4781 801 4844 ἐκτεθεὶς
848 4784 921 4841 ὡς
972 4784 1081 4835 ἀπὸ
1121 4783 1228 4836 τῶν
1273 4784 1688 4855 Ἀγιορειτικῶν
1740 4790 1828 4841 τό·-

244 4889 361 4944 μος
402 4868 719 4931 συστατικὸς
765 4868 843 4921 ὣν
905 4870 999 4923 τοῦ
1051 4872 1289 4940 Παλαμᾶ
1328 4874 1489 4926 τάδε·
1528 4894 1546 4926 ι
1604 4876 1684 4927 Τὰ
1725 4878 1825 4944 μὲν

240 4960 465 5031 ἀρτίως
497 4958 949 5027 καθωμιλημένα,
984 4960 1077 5011 καὶ
1108 4964 1260 5031 κοινῇ
1294 4966 1460 5015 πᾶσιν
1482 4966 1821 5033 ἐγνωσμένα,

241 5052 357 5106 καὶ
393 5050 676 5121 παρρησίᾳ
725 5051 1106 5119 κηρυττόμενα
1139 5052 1406 5122 δόγματα,
1462 5055 1550 5106 διὰ
1579 5056 1825 5120 Μωσέως

244 5143 475 5212 ὑπῆρχε
519 5144 681 5211 νόμου
715 5143 1016 5211 μυστήρια,
1047 5144 1159 5205 τοῖς
1208 5147 1519 5214 προφήταις
1551 5147 1730 5215 μόνοις
1766 5152 1823 5201 ἐν

245 5234 544 5301 Πνεῦμα-τι
610 5231 1003 5302 προορώμενοι·
1065 5232 1133 5285 τὰ
1180 5233 1222 5284 δ’
1281 5237 1667 5305 ἐπηγγελμένα
1712 5243 1824 5302 τοῖς

243 5326 442 5394 ἁγίοις
473 5324 654 5391 ἀγαθὰ
675 5325 815 5376 κατὰ
839 5323 929 5375 τὸν
965 5324 1138 5378 αἰῶνα
1163 5325 1251 5376 τὸν
1278 5327 1541 5392 μέλλοντα
1564 5331 1657 5397 τῆς
1684 5333 1825 5384 κατά

242 5420 319 5470 τὸ
354 5415 681 5483 Εὑαγγέλιόν
714 5419 829 5467 ἐστι
861 5415 1139 5478 πολιτείας
1172 5418 1448 5487 μυστήρια
1473 5422 1581 5481 τοῖς
1615 5421 1702 5474 διὰ
1731 5421 1824 5474 τοῦ

245 5508 580 5575 Πνεῦματος
610 5509 740 5576 ὁρᾶν
782 5508 1106 5577 ἠξιωμένοις
1134 5510 1229 5561 καὶ⁷
1254 5512 1465 5570 τούτοις
1504 5514 1739 5583 μετρίως
1768 5517 1825 5567 ἐν

244 5599 584 5671 ἁρραδῶνος
643 5599 799 5668 μέρει
860 5600 1115 5669 διδόμενα
1166 5617 1225 5651 τε
1288 5600 1378 5653 καὶ
1445 5602 1822 5672 προορώμενοι.

265 5691 412 5743 Ἀλλ’
449 5689 639 5760 ὥσπερ
671 5688 835 5753 εἴτις
886 5691 996 5742 τῶν
1039 5688 1308 5742 Ἰουδαίων
1367 5691 1440 5758 μὴ
1494 5691 1615 5755 μετ’
1669 5694 1825 5747 εὐλα-

252 5782 415 5842 ειίας
464 5781 679 5834 ἁκούων
730 5782 837 5833 τῶν
885 5778 1179 5850 προφητῶν
1230 5777 1500 5844 λεγόντων
1532 5780 1704 5848 Λόγον
1734 5784 1827 5836 καὶ

256 5871 493 5940 Πνεῦμα
522 5872 656 5925 Θεοῦ
689 5873 932 5926 cru/7.25:5.
969 5888 1026 5923 τε
1083 5873 1177 5927 καὶ
1207 5868 1526 5938 προαεώνια,
1563 5875 1822 5944 συνέσχεν

1924 4695 2129 4751 Tomus
2157 4696 2305 4750 enim
2333 4696 2514 4751 editus
2554 4695 2624 4750 ab
2661 4698 2754 4750 illo
2778 4695 3037 4759 Coccino,
3072 4697 3164 4765 qui
3198 4697 3301 4751 fuit
3328 4698 3494 4765 ναιή-

1921 4788 2129 4851 arelia,
2187 4786 2409 4840 nomine
2462 4789 2853 4842 monachorum
2905 4789 3088 4842 Sancti
3129 4789 3342 4850 Montis,
3399 4789 3503 4842 ubi.

1922 4879 2171 4934 Palamas
2218 4880 2637 4933 commendatur
2674 4890 2730 4934 et
2760 4881 3115 4950 approbatur,
3148 4881 3263 4935 haec
3328 4881 3492 4935 habet

1922 4969 1990 5023 ad
2025 4970 2251 5023 verbum
2295 4988 2309 5022 :
2348 4986 2367 5018 ι
2411 4968 2509 5033 Ea,
2546 4970 2612 5023 de
2635 4971 2837 5039 quibus
2875 4972 3038 5025 modo
3062 4985 3244 5025 sermo
3273 4971 3496 5025 habitus

1922 5066 2028 5123 est,
2053 5069 2106 5113 et
2135 5059 2205 5112 ab
2236 5059 2495 5113 omnibus
2532 5062 2904 5115 communiter
2935 5062 3143 5115 sancita
3174 5070 3324 5124 sunt,
3346 5078 3502 5129 quae.

1924 5164 2028 5216 que
2062 5147 2233 5201 libere
2264 5148 2632 5216 pnedicantur
2660 5151 2934 5221 dogmata,
2966 5168 3063 5221 per
3095 5152 3313 5221 Moysen
3338 5164 3495 5207 erant

1922 5238 2057 5307 legis
2102 5239 2383 5306 mysteria,
2444 5256 2564 5309 qua:
2616 5252 2824 5295 tantum
2868 5245 3144 5310 propheta:
3187 5242 3238 5295 in
3287 5245 3494 5309 Spiritu

1924 5330 2317 5397 prasvidebant,
2343 5348 2464 5399 quze
2492 5345 2626 5388 vero
2654 5335 2923 5401 promissa
2954 5343 3083 5388 sunt
3122 5336 3323 5388 sanctis
3351 5336 3495 5390 bona

1926 5422 1979 5475 in
2020 5421 2467 5489 futurosmculo,
2503 5436 2632 5479 sunt
2666 5427 2924 5495 mysteria
2963 5427 3257 5495 evargcliizi
3294 5436 3495 5489 status,

1926 5512 1993 5566 iis
2025 5513 2119 5581 qui
2148 5529 2245 5583 per
2278 5514 2543 5583 Spiritum
2581 5526 2835 5570 sanctum
2868 5532 2930 5570 ea
2964 5517 3149 5570 videre
3188 5518 3333 5585 digni
3366 5518 3493 5572 facti

1924 5612 2088 5668 sunt;
2124 5605 2319 5672 hisque
2357 5606 2711 5660 mediocriter
2746 5607 2867 5661 loco
2902 5608 3228 5661 arrhabonis
3267 5610 3490 5674 dantur,

1929 5704 1983 5749 et
2012 5695 2080 5748 ab
2114 5695 2178 5747 iis
2228 5694 2619 5763 pra-videntur.
2652 5699 2923 5751 Caeterum
2950 5700 3415 5767 quemadmodum
3448 5704 3493 5756 si

1926 5788 2050 5855 quis
2090 5802 2155 5840 ex
2185 5786 2389 5840 Judacis
2436 5804 2543 5841 non
2575 5801 2731 5842 caute
2766 5790 2997 5844 audiens
3028 5790 3325 5858 prophetas
3349 5830 3363 5853 ,
3396 5806 3490 5859 qu:

1930 5878 2141 5941 dicunt,
2182 5876 2416 5933 Verbum
2469 5886 2513 5931 ct
2549 5878 2811 5949 Spiritum
2842 5880 2934 5935 Dei
2966 5896 3084 5934 esse
3124 5890 3391 5936 comterna
3438 5892 3491 5934 rt
