4180 6458
266 453 369 512 865

278 658 602 727 Ἐκκλησία,
653 662 948 734 διαρρήδην
1001 666 1219 733 Ἀρειον
1268 664 1360 715 καὶ
1406 664 1529 724 τοὺς
1592 662 1814 715 τοιαῦτα

262 748 638 816 τολμήσαντας
670 754 1147 825 παραπεμπούσης
1169 753 1331 818 ἀξίωῖ
1375 751 1451 819 τῷ
1485 752 1817 819 ἀναοὲματι.

279 839 433 889 Ἐπεὶ
463 838 518 891 δὲ
545 840 713 893 ταῦτα
746 843 837 894 καί
867 861 1011 905 τινες
1058 845 1300 911 ἀνοήτως
1328 843 1686 911 παρεισάγειν
1712 844 1828 893 τολ-

262 932 461 995 μῶσι),
494 930 544 982 οἳ
576 933 665 983 τὸν
709 935 807 1001 μὲν
840 934 966 987 Υἱδν
994 937 1057 987 ἐκ
1087 935 1179 986 τοῦ
1214 935 1445 1003 Ιιατρὸς,
1483 933 1514 1003 ἦ
1554 935 1648 1001 τῆς
1684 935 1817 986 ὑπο·

260 1021 611 1092 στάσεως,ἢ
660 1025 758 1090 τῆς
812 1025 1084 1094 πατρικῆς
1142 1024 1403 1092 ἰδιότητος
1448 1020 1589 1075 εἷναι
1638 1025 1827 1092 ὁμολο-

256 1114 465 1178 γοῦσιν,
509 1117 571 1168 ἐκ
605 1116 659 1168 δὲ
691 1118 790 1185 τῆς
818 1117 1006 1179 οὐσίας
1044 1116 1138 1168 τοῦ
1185 1117 1395 1184 Πατρός
1439 1115 1600 1167 αὑτὸν
1635 1118 1829 1180 γεννᾶ-

257 1204 383 1257 σθαι
406 1208 464 1257 οὑ
492 1207 885 1275 παραδέχονται
910 1224 926 1240 ο
958 1207 1064 1259 ἔδει
1093 1206 1215 1276 μηδ’
1248 1208 1559 1275 ἡστινοσοῦν
1589 1208 1825 1277 ἀποκρί-

258 1313 395 1358 σεως
420 1299 605 1362 ἀξιοῦν
637 1302 763 1361 τοὺς
790 1301 849 1351 οὐ
878 1298 1130 1351 τοσοῦτον
1180 1299 1407 1366 ἀμαθῶς
1439 1316 1496 1351 τε
1533 1301 1624 1352 καὶ
1667 1300 1827 1351 ἀπαι-

254 1389 458 1451 δεύτως
482 1432 493 1447 ,
536 1391 658 1442 ὅσον
693 1390 969 1453 δυσσεϐῶς
999 1390 1141 1443 οὕτω
1167 1390 1574 1457 Θεολογοῦντας,
1606 1392 1694 1443 καὶ
1720 1409 1825 1456 φα·

253 1482 431 1551 νερῶς
460 1484 554 1545 τὰς
585 1483 759 1552 ἀρχὰς
803 1482 905 1550 τῆς
953 1484 1187 1544 πίστεως
1223 1483 1649 1553 ἀνατρέποντας.
1681 1483 1825 1552 Πλὴν

252 1574 439 1641 ἐπειδὴ
480 1576 586 1626 πᾶν
645 1573 846 1641 ὕψωμα
883 1574 1025 1626 κατὰ
1072 1576 1171 1640 τῆς
1224 1575 1317 1628 τοῦ
1380 1573 1516 1625 Θεοῦ
1576 1571 1825 1639 γνώσεως

248 1662 634 1730 ἐπαιρόμενον,
672 1663 795 1717 ὅσον
828 1663 858 1731 ἡ
908 1661 1137 1732 δύναμις
1172 1664 1457 1732 ἐπιτρέπει
1483 1700 1500 1724 ,
1536 1661 1823 1729 καθαιρεῖν

252 1754 348 1805 καὶ
375 1752 679 1822 ἐξελέγχειν
716 1755 1010 1820 ἀναγκαῖον
1062 1754 1389 1822 πειρᾶσθαι,
1419 1756 1512 1805 καὶ
1569 1753 1710 1807 κατὰ
1733 1752 1825 1806 τὸν

249 1844 551 1911 κορυφαῖον
573 1844 682 1896 τῶν
711 1846 1021 1899 ἀποστόλων
1046 1846 1251 1913 Πέτρον
1294 1845 1543 1913 ἑτοίμους
1573 1844 1821 1913 γίνεσθαι

247 1932 357 2003 χρὴ
382 1935 542 1987 παντὶ
570 1936 646 2004 τῷ
675 1935 924 2005 ζητοῦντι
948 1935 1147 1989 διδόναι
1164 1935 1321 2003 λόγον
1344 1937 1471 2006 περὶ
1499 1937 1594 2005 τῆς
1614 1938 1670 1989 ἐν
1688 1937 1821 2005 ἡμῖν

245 2026 502 2089 πίστεως,
536 2027 773 2079 δεικτέον
800 2026 864 2080 ἂν
906 2027 990 2097 εἴη
1017 2028 1186 2081 πολὸὰ
1214 2028 1323 2081 τῶν
1367 2029 1821 2098 ὁμολογουμένων

244 2120 310 2186 τῇ
355 2117 614 2187 καθολικῇ
647 2119 826 2171 πίστει
879 2121 1005 2181 τοὺς
1056 2119 1224 2173 ταῦτα
1277 2120 1531 2187 λέγοντας
1577 2119 1823 2190 ἀναιρεῖν

243 2211 675 2277 ἀναγκάζεσθαι,
702 2213 914 2274 πολλοῖς
939 2230 999 2265 τε
1026 2216 1139 2277 τοῖς
1170 2216 1392 2277 ἀτόποις
1413 2214 1818 2283 ἐνέχεσθαι,καὶ

240 2302 383 2361 ὅλως
400 2304 623 2355 ἐκείνων
644 2304 806 2373 μηδὲν
824 2304 930 2359 τῶν
946 2306 1192 2358 παλαιῶν
1211 2305 1504 2374 αίρετικῶν
1520 2306 1607 2359 δια
1616 2307 1815 2376 φέρειν.

317 2393 541 2462 Πρῶτον
592 2396 770 2447 τοίνυν
831 2396 1135 2465 ἐρωτητέον
1186 2396 1380 2459 αὑτοὺς
1410 2435 1425 2459 ,
1472 2396 1655 2449 τίποτε
1718 2398 1816 2468 τὴν

240 2484 542 2537 ὑπόστασιν
573 2480 713 2539 εἶναι
744 2488 1056 2556 νομίζουσιν
1082 2526 1098 2551 ,
1135 2486 1166 2555 ἢ
1202 2486 1301 2556 τὴν
1350 2488 1627 2556 πατρικὴν
1686 2488 1817 2541 ἰδιό-

238 2591 405 2641 τητα,
432 2575 530 2627 τὶν
562 2576 874 2645 πατρότητα
914 2576 1157 2646 δηλονότι
1181 2594 1192 2607 ⁸
1240 2577 1327 2631 ἕνα
1367 2578 1500 2647 πρός
1528 2594 1582 2629 τι
1621 2577 1815 2647 ὁμολο-

239 2665 513 2735 γούμενον
572 2669 695 2731 τοὺς
759 2668 954 2735 λόγους
1022 2669 1288 2737 ποιῶμεν,
1342 2670 1437 2721 καὶ
1480 2669 1668 2738 ἐπειδὴ
1719 2669 1814 2738 τὴν

236 2758 432 2809 ουσίαν
465 2759 601 2826 πρὸς
648 2759 745 2823 τὴν
795 2760 1091 2813 ὑπόστασιν
1137 2759 1556 2828 ἀντιδιαιροῦσι,
1594 2762 1688 2813 καὶ
1721 2759 1815 2812 Θά-

236 2865 401 2916 τερον
426 2848 525 2918 οὑχ
553 2844 664 2901 οἷον
687 2850 746 2902 τὸ
776 2850 962 2919 ἕτερόν
997 2868 1153 2919 φασι,
1192 2852 1354 2904 παντὶ
1380 2851 1561 2921 δῆλον,
1600 2854 1683 2906 δτι
1715 2853 1813 2923 τὴν

236 2939 537 2992 ὑπόστασιν
564 2940 989 3010 ὁμολογήσουσιν
1028 2936 1170 2994 εἶναι
1216 2943 1317 2996 οὑκ
1352 2944 1563 2998 οὐσίαν.
1601 2945 1673 2997 Τὸ
1702 2946 1811 3017 γὰρ

236 3029 621 3099 ἀντικείμενον
658 3048 723 3102 τῃ
758 3032 915 3105 οὐσίᾳ
938 3033 1037 3085 οὑκ
1059 3032 1208 3087 ἐστιν
1237 3034 1421 3093 οὐσία.
1463 3037 1558 3088 καὶ
1587 3037 1619 3105 ἠ
1651 3037 1810 3090 οὐσία

236 3121 380 3188 πρὸς
404 3124 462 3173 τὸ
497 3121 571 3190 μὴ
621 3120 681 3173 ὃν
734 3122 893 3175 οὐσία.
943 3124 1273 3177 ἀντίκειται.
1329 3124 1491 3177 ’Δλλὰ
1536 3126 1597 3178 τὸ
1630 3127 1705 3194 μὴ
1750 3126 1809 3179 ὃν

235 3214 402 3266 οὑσὶα
443 3215 542 3266 οὐκ
579 3214 725 3267 ἐστιν
755 3216 931 3267 οὑσίαο
968 3215 996 3267 ὃ
1020 3215 1077 3267 δὲ
1103 3217 1204 3269 οὑκ
1237 3216 1388 3269 ἔστιν
1430 3217 1611 3283 οὐσία,
1647 3218 1808 3273 ἀνού-

237 3323 359 3358 σιον
386 3321 401 3336 ·
432 3305 494 3357 τὸ
531 3305 587 3358 δέ
635 3306 884 3360 ἀνούσιον
931 3308 1301 3361 ἀνυπόστατον
1335 3324 1350 3337 ·
1393 3308 1535 3362 ὥστε
1568 3310 1668 3377 τὴν
1711 3309 1806 3364 τοῦ

236 3400 455 3469 [ἰατρὸς
479 3401 774 3454 ὑπόστασιν
804 3403 1180 3456 ἀνυπόστατον
1204 3400 1464 3458 τίθενται.
1499 3403 1571 3456 Τὸ
1609 3403 1655 3457 δ’
1677 3403 1807 3456 αὑτὸ

236 3490 337 3543 καὶ
376 3490 437 3553 ἐξ
476 3483 550 3543 ὧν
603 3492 760 3544 αὑτοὶ
808 3492 936 3560 περὶ
960 3491 1153 3555 οὐσίας
1197 3493 1293 3545 καὶ
1320 3494 1603 3561 ἐνεργείας
1632 3491 1809 3546 δια.λὲ-

233 3597 429 3647 γονται
458 3580 819 3648 παριστῶσιν.
871 3581 1020 3634 Ἐκεῖ
1067 3584 1174 3653 γὰρ
1207 3583 1298 3636 τὸν
1338 3582 1471 3635 Θεὸν
1500 3583 1583 3645 είς
1614 3583 1802 3636 οὐσίαν

234 3669 334 3722 καὶ
364 3670 644 3738 ἐνέργειαν
690 3670 977 3735 διελόντες,
1020 3672 1114 3725 καὶ
1161 3672 1292 3727 ἄλλο
1323 3672 1421 3743 μὲν
1469 3675 1568 3743 τὴν
1607 3673 1802 3728 οὐσίαν

236 3762 484 3831 Θέμενοι,
513 3762 700 3831 ἕτερον
733 3762 790 3814 δὲ
820 3762 918 3832 τὴν
954 3764 1253 3834 ἐνέργειαν,
1291 3766 1385 3819 καὶ
1414 3764 1623 3835 ταύτην
1656 3766 1803 3819 ἀντι-

233 3854 509 3915 διελόντες
546 3854 693 3922 πρὸς
740 3854 838 3923 τὴν
876 3854 1092 3918 οὐσίαν,
1147 3856 1242 3909 καὶ
1288 3856 1537 3909 ἀνοὺσιον
1587 3859 1678 3909 καὶ
1705 3859 1801 3910 ἀν-

232 3945 539 3997 υπόστατον
572 3932 912 4015 ὁρισᾶμενοι,
955 3948 1185 4017 φανερὸν
1231 3947 1312 4001 ὅτι
1365 3949 1645 4001 κάνταῦθα
1703 3951 1801 4018 τὴν

234 4033 341 4085 ὑπό
356 4051 538 4087 ςτασιν
566 4035 751 4103 ἓτερον
785 4036 886 4106 τῆς
930 4037 1122 4099 οὐσίας
1159 4037 1410 4104 λέγοντες
1446 4041 1503 4092 ἐν
1548 4042 1613 4109 τῇ
1648 4040 1801 4103 τάξει

232 4128 333 4194 τῆς
392 4128 672 4195 ἐνεργείας
749 4127 960 4197 ταύτην
1029 4127 1311 4198 θήσουσιν.
1386 4130 1649 4198 Ἐπείπερ
1704 4130 1802 4198 οὑχ

231 4217 457 4282 ἕξουσιν
508 4218 635 4270 ἄλλο
688 4218 892 4285 τρίτον,
921 4220 948 4271 ὁ
1002 4219 1131 4290 μήτ’
1161 4220 1339 4286 οὐσία,
1378 4219 1504 4289 μήτ’
1545 4219 1800 4289 ἐνέργειά

228 4312 384 4362 ἐστιν
419 4310 514 4363 ἐπὶ
539 4309 631 4362 τοῦ
675 4310 830 4365 Θεοῦ.
868 4312 980 4366 Πᾶν
1010 4314 1139 4381 γὰρ,
1180 4310 1366 4380 φασὶν,
1394 4312 1486 4364 ἐπὶ
1532 4311 1691 4377 Οεοῦ,
1723 4311 1798 4375 ὡς

228 4398 392 4451 αὐτοὶ
432 4399 645 4463 διεῖλον,
705 4400 737 4468 ἢ
798 4400 991 4464 οὐσία,
1040 4400 1073 4469 ἦ
1112 4399 1360 4469 ἐνέργειά
1411 4400 1547 4452 ἐστι’
1584 4401 1643 4452 τὸ
1691 4402 1797 4471 γὰρ

228 4489 584 4559 συμὸεὸηκὺς
640 4490 753 4542 οὐδ’
804 4492 955 4543 αὑτοὶ
1021 4492 1435 4560 παραδέχονται,
1496 4492 1631 4545 ἀλλὰ
1697 4493 1796 4559 τὴν

1186 456 1282 515 DE
1319 452 1837 514 PROCESSIONE
1881 454 2244 523 SPIRITUS
2286 466 2569 526 SlNCTl.

264 572 353 619 καὶ
386 569 672 635 γεννᾶσθαι
725 572 1001 636 παντελῶς
1058 570 1417 626 ἀπτονεῖσοαι
1443 613 1457 631 ,
1490 571 1667 637 δῆλον,
1716 570 1808 638 τῆς

1929 576 2156 632 omnino
2210 580 2467 643 inﬁciari,
2499 582 2846 637 manifestum
2887 594 2971 640 est

3390 476 3497 537 866

3017 605 3030 641 :
3079 604 3202 643 cum
3256 590 3500 645 Ecclesia

1933 662 2107 728 palam
2162 667 2373 732 Arium,
2412 681 2465 723 et
2497 686 2590 725 eos
2619 672 2711 740 qui
2746 676 3018 742 εμιειιιοιιὶ
3074 693 3159 730 res
3203 683 3319 734 ausi
3364 695 3498 744 sint,

1930 754 2125 807 merito
2184 762 2527 815 anathemate
2596 767 2949 831 percusserit.
3018 767 3283 833 Quoniam
3365 789 3501 828 vero

1932 844 2047 898 luec
2067 846 2229 900 etiam
2255 865 2402 904 nunc
2444 854 2695 905 nonnulli
2727 865 2933 910 temere
2967 858 3229 915 inducere
3268 865 3494 927 audent,

1929 940 2021 1004 qui
2065 937 2262 992 Flllllm
2316 956 2381 994 ex
2425 943 2585 998 Patre
2615 945 2835 1014 quidem
2863 990 2876 1009 ,
2912 960 2962 1004 et
2995 968 3058 1005 ex
3100 953 3377 1022 hypostasi
3405 997 3417 1015 .
3443 967 3499 1011 ct

1929 1040 2155 1097 paterna
2210 1034 2545 1102 proprietate
2597 1054 2719 1094 esse
2777 1041 3037 1106 fatentur,
3070 1062 3177 1099 non
3216 1058 3400 1102 autem
3429 1064 3497 1103 ex

1929 1122 2234 1176 substantia
2272 1123 2450 1179 Patris
2491 1144 2612 1179 cum
2640 1133 2887 1197 generari
2926 1135 3240 1199 admittunt,
3275 1152 3496 1207 oportu-

1930 1207 2020 1260 bat
2050 1224 2145 1263 eos
2176 1226 2277 1266 nec
2327 1215 2697 1284 qualicunque
2735 1224 3094 1289 reSponsione
3141 1226 3332 1293 dignos
3364 1245 3497 1283 cen-

1928 1313 2069 1361 sere,
2097 1302 2187 1367 qui
2209 1318 2315 1355 non
2343 1313 2448 1356 tam
2482 1307 2645 1360 stulte
2704 1319 2869 1377 atque
2899 1313 3177 1381 imperite,
3207 1333 3367 1384 quam
3399 1322 3497 1372 im-

1928 1388 2015 1457 pie
2044 1390 2124 1444 sic
2162 1392 2230 1446 de
2276 1393 2387 1447 Deo
2417 1396 2697 1450 disserunt
2728 1440 2742 1460 ,
2779 1416 2843 1455 ac
2897 1406 3184 1461 manil‘eSIe
3228 1410 3495 1479 principia

1932 1481 2053 1537 lidei
2091 1484 2340 1541 funditus
2370 1500 2646 1544 evertunt.
2684 1490 2818 1557 Quia
2849 1502 3027 1550 tamen
3055 1514 3235 1560 omne,
3260 1505 3405 1572 quod
3436 1523 3494 1561 se

1926 1574 2141 1628 extollit
2170 1589 2360 1631 contra
2408 1581 2503 1634 Dei
2562 1584 2934 1649 cognitionem
2967 1604 3065 1655 pro
3096 1591 3240 1644 virili
3271 1594 3492 1649 destru-

1926 1679 2018 1718 ere
2065 1681 2128 1720 ac
2178 1667 2507 1739 redarguere
2582 1676 2892 1730 necessario
2938 1680 3222 1735 nitendum
3268 1697 3389 1748 εει,
3438 1700 3493 1743 et

1921 1758 2071 1825 juxta
2106 1758 2407 1827 principem
2466 1765 2837 1831 apostolorum
2870 1768 3092 1824 Petrum
3126 1784 3344 1841 paratos
3369 1793 3491 1832 esse

1927 1855 2143 1912 oportet
2180 1851 2245 1902 ad
2278 1852 2610 1908 reddendam
2646 1857 2913 1913 rationem
2951 1865 3096 1916 omni
3128 1870 3391 1932 quaerenti
3423 1871 3491 1925 de

1924 1949 1986 1987 ea
2018 1951 2139 2004 quze
2185 1939 2239 1992 in
2282 1940 2443 1994 nobis
2487 1952 2571 1997 est
2655 1944 2792 2008 ﬁde;
2841 1947 3327 2007 demonstrandum
3360 1964 3487 2019 est,

1924 2036 2019 2077 eos
2047 2025 2141 2093 qui
2191 2026 2301 2081 lure
2335 2028 2510 2091 aiunt,
2548 2031 2717 2086 multa
2760 2033 2964 2089 invitos
2993 2039 3110 2107 cogi
3154 2040 3438 2097 destruere
3470 2084 3484 2105 ,

1922 2133 2043 2187 qua:
2077 2118 2180 2173 ﬁde
2214 2122 2479 2175 catholica
2520 2124 2955 2191 exploratissima
2987 2138 3137 2195 sunt,
3188 2133 3487 2203 multisque

1921 2209 2177 2263 absurdis
2212 2212 2423 2279 premi;
2477 2222 2641 2283 atque
2672 2215 2739 2269 ab
2790 2218 2897 2271 lllIS
2931 2220 3177 2290 antiquis
3214 2223 3485 2282 limrcticis

1919 2300 2058 2354 nihil
2096 2301 2254 2369 plane
2283 2302 2521 2360 dilTerre.

1990 2395 2233 2451 Primum
2266 2397 2431 2467 igitur
2454 2400 2807 2467 quaerendum
2832 2402 2900 2456 ab
2933 2404 3061 2469 illis,
3092 2408 3350 2474 quidnam
3386 2410 3484 2480 by-

1917 2490 2177 2555 postasim
2214 2504 2334 2543 esse
2358 2491 2560 2545 exislin
2584 2501 2696 2556 ent,
2721 2493 2835 2548 sive
2869 2494 3044 2550 Patris
3068 2500 3477 2567 proprietatem,

1916 2578 2303 2645 paternitalem
2353 2578 2651 2645 videlicet;
2702 2594 2759 2635 ut
2804 2587 2982 2653 pos'to
3031 2590 3217 2657 aliquo
3264 2592 3315 2645 in
3371 2609 3482 2662 quo

1916 2668 2297 2733 convenimus,
2330 2672 2495 2724 verba
2518 2672 2799 2728 faciamus.
2845 2676 2913 2730 Et
2936 2692 3192 2746 quoniam
3227 2684 3482 2737 substan-

1916 2758 2044 2813 tiam
2106 2774 2158 2815 et
2193 2763 2522 2833 liypostasim
2562 2782 2625 2820 ex
2664 2767 2895 2822 adverso
2923 2782 3227 2839 Opponunt,
3268 2785 3322 2828 ει
3348 2778 3483 2831 alte-

1915 2864 2035 2902 rum
2078 2851 2232 2905 aiunt
2265 2867 2385 2907 esse
2410 2892 2425 2916 ,
2464 2870 2573 2908 non
2603 2856 2764 2924 quale
2810 2868 2893 2912 est
2934 2860 3166 2914 alterum
3193 2901 3211 2926 ,
3250 2865 3480 2921 cuilibet

1914 2942 2263 2996 manifestum
2299 2954 2419 3010 est,
2457 2947 2601 3015 quod
2652 2950 2989 3018 hypostasim
3045 2966 3151 3006 non
3191 2969 3312 3009 esse
3354 2959 3481 3011 sub.

1910 3035 2163 3088 stantiam
2193 3034 2337 3088 haud
2371 3036 2536 3090 dubie
2565 3039 2889 3095 concedent.
2935 3040 3088 3107 Quod
3119 3046 3265 3098 enim
3308 3062 3478 3117 oppo-

1911 3123 2061 3175 nitur
2093 3122 2433 3189 substantite,
2472 3141 2580 3179 non
2610 3135 2693 3180 est
2728 3128 3057 3194 substantia,
3088 3141 3143 3185 et
3169 3134 3475 3192 substantia

1912 3214 2014 3279 illi,
2040 3215 2187 3284 quod
2220 3230 2327 3268 non
2367 3226 2450 3270 est
2480 3218 2811 3284 substantia,
2837 3223 3167 3290 opponitur;
3204 3226 3299 3280 sed
3327 3228 3474 3294 quod

1910 3320 2017 3359 non
2052 3314 2137 3359 est
2180 3305 2486 3360 substantia
2514 3346 2529 3370 ,
2596 3307 2903 3364 substantia
2960 3310 3149 3380 utique
3200 3328 3311 3367 non
3346 3325 3472 3379 cst;

1908 3395 2056 3465 quod
2081 3407 2263 3450 autem
2303 3411 2413 3450 non
2445 3404 2527 3451 est
2558 3398 2866 3452 substantia
2894 3439 2909 3463 ,
2961 3416 3070 3455 non
3112 3401 3473 3458 substantiale

1905 3496 1990 3542 est
2022 3506 2037 3555 ;
2076 3488 2221 3557 quod
2252 3498 2433 3543 autem
2468 3503 2576 3542 non
2624 3490 2980 3546 substantiale
3006 3500 3120 3555 εει,
3154 3509 3261 3547 non
3298 3496 3475 3549 subsi-

1907 3577 2043 3641 stit;
2082 3576 2267 3644 itaque
2322 3576 2500 3631 Patris
2541 3576 2878 3645 bypostasim
2924 3594 3034 3634 non
3083 3581 3468 3637 subsistentem

1905 3675 2138 3738 ponunt.
2173 3666 2285 3720 Hoc
2321 3666 2463 3720 idem
2492 3669 2789 3723 ostendunt
2828 3684 2888 3725 se
2918 3672 3123 3726 sentire
3153 3688 3218 3727 ex
3250 3674 3317 3728 iis
3351 3691 3473 3743 qua:

1905 3762 2008 3821 ipsi
2064 3760 2132 3813 de
2175 3758 2481 3813 substantia
2547 3769 2602 3813 et
2669 3761 2990 3828 operatione
3044 3763 3343 3832 disputant.
3389 3767 3469 3821 lbi

1901 3857 2047 3907 enim
2073 3853 2239 3905 Deum
2268 3851 2322 3905 in
2356 3851 2716 3906 substantiam
2741 3861 2797 3907 et
2819 3856 3189 3922 operationem
3215 3856 3471 3909 dividen-

1903 3952 2007 4005 tes,
2028 3952 2191 4011 atque
2216 3941 2363 3995 aliud
2394 3942 2615 4010 quidem
2646 3929 2914 4011 ponentes
2935 3960 3053 3998 esse
3081 3947 3466 4011 substantiam,

1904 4033 2051 4087 aliud
2088 4048 2219 4085 vero
2264 4034 2641 4101 operationem
2669 4072 2685 4091 ,
2743 4033 2873 4087 dum
2924 4034 3066 4089 lianc
3098 4051 3127 4090 a
3167 4037 3470 4092 substantia

1903 4123 2281 4191 distingUunt,
2315 4131 2368 4175 ει
2403 4139 2523 4177 eam
2572 4139 2751 4191 neque
2804 4124 3217 4180 substantialem
3240 4168 3254 4191 ,
3290 4143 3468 4198 neque

1902 4213 2291 4267 subsistentem
2325 4220 2598 4279 statuunt;
2619 4213 2965 4267 manifestum
2995 4225 3100 4279 est,
3133 4217 3278 4284 quod
3303 4218 3464 4271 etiam

1900 4302 2007 4357 hoc
2040 4302 2158 4357 loco
2197 4302 2532 4372 bypostas'm
2652 4305 2957 4358 substantia
3018 4304 3416 4374 diStinguentes
3450 4347 3467 4371 ,

1899 4394 2146 4464 ejusdem
2187 4393 2397 4447 ordinis
2430 4395 2763 4462 hypostasim
2825 4406 2878 4449 et
2928 4396 3301 4464 operationem
3334 4413 3468 4452 con-

1899 4486 2147 4542 Stituent.
2182 4486 2300 4540 Non
2336 4486 2482 4540 enim
2519 4486 2796 4539 habebunt
2826 4487 2974 4540 aliud
3026 4492 3243 4541 tertium
3272 4530 3284 4549 ,
3319 4490 3466 4558 quod

228 4584 521 4651 ἐνέργειαν
565 4582 933 4635 ἀνυπόστατον
998 4582 1279 4651 ἡγοῦνται,
1337 4582 1477 4636 ὥστε
1549 4586 1644 4638 καὶ
1692 4585 1792 4657 τὴν

1911 4580 1955 4632 in
1982 4578 2091 4631 Deo
2117 4592 2299 4646 neque
2331 4577 2664 4640 substantia,
2705 4592 2881 4645 neque
2907 4578 3153 4646 operatio
3179 4578 3269 4631 sit.
3293 4578 3468 4635 Omne

230 4674 580 4736 ὑπόστασιν,
636 4673 701 4744 ἣν
753 4674 938 4743 ἕτερον
988 4673 1090 4742 τῆς
1140 4674 1328 4736 οὑσίας
1388 4676 1789 4745 ἰσχυρίζονται,

225 4767 486 4819 ἀνούσιον
555 4767 650 4817 καὶ
702 4767 1075 4818 ἀνυπόστατον
1154 4766 1440 4835 ὁμολογεῖν
1498 4769 1640 4821 κατὰ
1693 4769 1793 4831 τὰς

225 4858 412 4911 αὐτῶν
449 4858 846 4924 ἀναγκάζονται
892 4857 1092 4920 Θέσεις.
1127 4858 1188 4910 Et
1222 4857 1276 4910 δὲ
1328 4861 1422 4911 καὶ
1454 4859 1639 4929 τρίτον
1665 4859 1793 4929 βού-

222 4948 417 4999 λονται
472 4947 571 5014 τὴν
606 4947 904 4998 ὑπόστασιν
958 4945 1188 5008 τιθέναι,
1248 4944 1462 5015 πρῶτον
1508 4944 1610 5013 μὲν
1639 4945 1792 5014 παρὰ

222 5041 325 5100 τὰς
359 5038 539 5091 αὐτῶν
589 5038 703 5089 ἐστι
759 5036 957 5099 Θέσεις,
998 5036 1117 5088 καθ’
1169 5036 1233 5099 ἃς
1291 5038 1474 5100 ἁπλῶς
1528 5037 1618 5088 τὸν
1658 5036 1792 5089 Θεὸν

224 5132 307 5192 είς
331 5130 523 5181 οὑσίαν
552 5128 814 5197 διαιροῦσι
849 5130 941 5179 καὶ
974 5129 1272 5196 ἐνέργειαν
1305 5128 1518 5193 ἔπειτα,
1554 5128 1581 5181 ὃ
1606 5145 1658 5181 τι
1691 5127 1792 5198 μὲν

224 5222 309 5274 δεῖ
354 5223 483 5290 περὶ
542 5222 639 5290 τῆς
670 5220 1020 5282 ὑποστάσεως
1059 5223 1278 5290 φρονεῖν
1321 5221 1440 5289 μετ’
1475 5220 1653 5289 ὀλίγον
1693 5223 1791 5291 ρη-

223 5313 479 5381 Θὴσεται·
510 5312 644 5379 πρὸς
683 5311 738 5363 δὲ
789 5310 850 5362 τὸ
905 5310 1102 5379 παρὸν,
1154 5311 1236 5363 ὅτι
1282 5309 1343 5361 οὔ
1399 5328 1568 5378 φασιν
1618 5311 1790 5380 αὐτὴν

222 5401 422 5453 οὐσίαν
474 5394 634 5460 εἶναι,
671 5398 828 5451 τοῦτο
890 5400 1048 5465 μόνον
1080 5400 1259 5468 ἀρκεῖ.
1294 5400 1414 5453 Ὅτι
1439 5400 1496 5451 δὲ
1540 5401 1630 5453 τὸν
1658 5401 1790 5452 Θεὸν

222 5497 305 5554 εἰς
362 5493 551 5544 οὐσίαν
597 5491 860 5554 διελόντες
903 5492 997 5545 καὶ
1044 5493 1363 5561 ἐνέργειαν,
1414 5491 1660 5545 ἀνούσιον
1690 5491 1789 5562 τὴν

220 5587 514 5654 ἐνέργειαν
577 5588 670 5636 καὶ
725 5585 1101 5637 ἀνυπόστατον
1158 5582 1493 5648 πιστεύουσι,
1528 5583 1689 5651 δῆλον
1723 5584 1789 5633 ἐκ

219 5676 337 5727 τῶν
376 5672 859 5742 περιειλημμένων
890 5672 967 5743 τῷ
993 5674 1123 5739 περὶ
1153 5672 1334 5734 οὐσίας
1390 5673 1484 5723 καὶ
1513 5672 1788 5741 ἐνεργείας

221 5769 399 5836 τόμιρ,
435 5764 494 5818 ὁν
542 5768 620 5827 εἰς
668 5764 951 5834 ὁμολογίαν
998 5764 1094 5834 τῆς
1134 5762 1341 5816 ἑαυτῶν
1394 5760 1627 5822 πίστεως
1667 5761 1788 5812 ἀνέ-

219 5857 464 5929 γραψαν.
495 5856 654 5911 Οὕτω
683 5856 788 5926 γὰρ
818 5858 931 5911 ἐκεῖ
959 5857 1091 5924 πρὸς
1116 5855 1191 5925 τῷ
1221 5856 1361 5909 τέλει
1392 5855 1586 5907 κεῖται.
1624 5852 1787 5923 Ἥμῖν

1898 4672 2072 4734 enim,
2124 4672 2301 4734 aiunt,
2354 4669 2409 4723 in
2440 4671 2573 4731 Deo,
2608 4678 2661 4723 ut
2713 4669 2814 4738 ipsn
2850 4669 3176 4735 divnserunt,
3210 4679 3305 4724 aut
3339 4674 3470 4727 sub—

1899 4760 2118 4824 stantia,
2147 4770 2241 4815 aut
2270 4760 2513 4828 operatio
2547 4767 2665 4821 est;
2694 4759 2948 4813 accidens
2979 4761 3122 4813 enim
3154 4778 3331 4831 neque
3364 4763 3463 4833 ipsi

1899 4850 2219 4915 admittunt,
2252 4850 2345 4903 sed
2375 4849 2747 4917 operationem
2779 4864 2886 4901 non
2925 4851 3313 4904 subsistentem
3343 4867 3467 4906 esse

1899 4943 2215 4998 existimant
2250 4941 2385 4995 adeo
2430 4948 2487 4993 ut
2518 4940 2853 5010 bypostasim
2880 4977 2894 5002 .
2926 4956 3086 5009 quam
3105 4942 3252 4995 aliud
3284 4958 3311 4995 a
3338 4943 3468 4996 sub-

1899 5035 2099 5090 stantia
2131 5048 2251 5087 esse
2281 5031 2645 5095 contendunt,
2671 5030 2971 5084 secundum
3005 5049 3132 5085 suas
3167 5033 3465 5102 positiones

1898 5140 2005 5180 non
2040 5124 2447 5179 substantialem
2480 5138 2620 5188 esse,
2654 5139 2830 5192 neque
2872 5123 3261 5177 subsistentem
3307 5125 3462 5179 fateri

1898 5228 2184 5287 cogantur.
2232 5216 2384 5281 Quod
2437 5217 2480 5270 si
2535 5217 2755 5270 tertium
2810 5215 3069 5284 quiddam
3130 5217 3461 5286 hypostasun

1897 5324 2018 5363 esse
2074 5308 2255 5361 facere
2287 5307 2515 5370 volunt,
2548 5307 2783 5376 primum
2843 5305 3061 5373 quidem
3120 5307 3220 5358 hoc
3264 5318 3462 5372 praeter

1899 5417 2087 5456 eorum
2123 5399 2423 5469 positiones
2450 5408 2554 5459 est,
2581 5399 2734 5466 juxta
2768 5411 2904 5464 quas
2942 5396 3263 5464 simpliciter
3292 5399 3459 5451 Deum

1900 5492 1953 5546 in
2002 5491 2362 5545 substantiam
2398 5498 2452 5542 et
2496 5498 2867 5556 operationem
2930 5487 3200 5540 dividunt.
3253 5488 3459 5543 Deinde

1897 5581 2027 5652 quid
2062 5579 2403 5634 sentiendum
2432 5579 2501 5632 sit
2536 5577 2602 5630 de
2655 5576 2932 5645 hypostasi
2976 5577 3138 5647 paulo
3170 5590 3289 5644 post
3313 5578 3461 5633 diee-

1899 5680 2009 5725 tur.
2055 5669 2114 5722 lu
2163 5669 2453 5737 przesenlia
2512 5682 2640 5719 vero
2671 5666 2805 5720 satis
2848 5675 2950 5727 est,
2996 5666 3139 5733 quod
3171 5682 3289 5719 eam
3333 5680 3462 5723 sub-

1896 5762 2148 5816 stantiam
2181 5776 2301 5814 esse
2337 5768 2553 5829 negant.
2578 5758 2731 5824 Quod
2766 5766 2946 5812 autem
2989 5759 3156 5811 Deum
3208 5758 3460 5813 dividen-

1900 5862 1977 5909 tes
2001 5853 2053 5906 in
2086 5853 2445 5907 substantiam
2469 5862 2522 5907 et
2548 5850 2944 5921 operationem,
2972 5848 3305 5903 arbitrantur
3331 5865 3461 5918 ope-
