4180 6458
214 444 313 509 869

1125 440 1223 501 DE
1268 435 1786 500 PROCESSIONE
1822 433 2185 495 SPlRITUS
2225 432 2513 493 SANCTI.

3344 434 3457 498 870

216 563 348 631 αὐτὴ
387 560 463 628 τῷ
500 557 717 629 ἀριθμῷ
748 595 762 621 ,
802 554 926 610 οὔτε
965 556 1260 625 ἀγέννητὸς
1301 557 1472 620 ἔστιν,
1508 553 1630 606 οὐτε
1668 568 1792 619 γεν-

1899 560 1951 602 ει
1985 546 2177 602 eadem
2210 562 2460 611 numero,
2488 559 2665 615 neque
2700 544 2944 615 ingenita
2976 552 3079 610 est,
3108 559 3285 615 neque
3316 548 3469 611 geni-

217 653 368 723 νητή,
400 650 511 703 οὐτ’
546 647 981 717 ἐκπορευομένη,
1011 646 1188 709 ἄλλως
1213 647 1322 714 γὰρ
1356 646 1507 714 τρεῖς
1547 644 1613 697 ἂν
1648 639 1791 713 ἧσο»

216 746 393 797 οὐσίαι
451 742 901 812 διακεκριμέναι,
944 740 1341 809 ἀπολελυμέναι
1397 736 1662 803 ἀλλήλων,
1694 738 1792 787 καὶ

218 836 596 905 ἁντικείμιναι
644 834 927 899 ἀλλήλαις·
961 832 1208 885 λείπεται
1245 828 1409 900 μηδὲν
1440 828 1568 883 ἄλλο
1600 826 1789 895 προϊέ-

218 946 305 983 ναι
346 928 405 992 ἐξ
442 929 627 991 ἄλλον,
667 929 716 981 εἰ
764 926 839 996 μὴ
874 926 1113 994 ἰδιότητα
1144 924 1203 989 ἐξ
1246 921 1528 991 ἰδιότητος,
1567 920 1664 971 εἴτ’
1697 916 1792 970 οῦν

219 1022 312 1091 τήν
358 1022 586 1091 υἰότητα
620 1022 683 1073 ὲκ
712 1020 811 1090 τῆς
844 1018 1214 1087 πατρὸτητος.

293 1113 415 1164 Ἔτι
444 1130 505 1166 τε
540 1113 665 1167 ἐπεὶ
708 1115 733 1166 ὁ
773 1110 874 1180 μὲν
915 1110 1045 1172 Υἱὸς
1087 1109 1266 1162 καὶτὸ
1300 1108 1525 1176 Πνεῦμα
1554 1107 1613 1160 τὸ
1638 1104 1793 1172 ἅγιον

220 1211 288 1261 ὲκ
310 1207 404 1262 τοῦ
439 1207 650 1277 Πατρὸς
697 1205 1068 1273 ὁμολογεῖται,
1099 1204 1127 1255 ό
1174 1202 1231 1255 δὲ
1272 1201 1460 1270 Πατὴρ
1504 1200 1647 1251 κατά
1690 1199 1789 1260 1a,-

219 1298 402 1361 θέσεις
435 1295 615 1349 αὐτῶν
642 1296 706 1347 ὲκ
727 1296 827 1363 τῆς
863 1291 1143 1362 πατρικῆς
1192 1288 1480 1358 ἰδιότητος,
1516 1286 1640 1355 ἥτις
1680 1285 1791 1336 οὐτ’

218 1389 379 1442 οὐσία
431 1387 545 1441 οὗθ’
582 1384 885 1447 ὑπόστασίς
950 1385 1095 1447 ἐστι,
1146 1380 1243 1435 καὶ
1300 1380 1460 1431 τοῦτο
1510 1378 1652 1429 κατά
1692 1376 1793 1439 τὰς

220 1480 402 1543 θέσεις
440 1476 641 1539 αὐτῶν,
681 1475 859 1529 πάντα
911 1473 968 1527 δὲ
1030 1473 1095 1525 ὲκ
1154 1469 1251 1524 τοῦ
1306 1468 1522 1537 Πατρὸς
1556 1468 1645 1520 διὰ
1696 1464 1792 1518 τοῦ

219 1570 352 1623 Υίοῦ
380 1572 435 1622 ὲν
463 1569 747 1638 Πνεύματι
770 1567 910 1635 ἁγίῳ
931 1564 1075 1619 κατὰ
1099 1564 1225 1626 τοὺς
1243 1562 1527 1630 θεολόγους
1548 1560 1792 1627 γέγονεν’

216 1660 737 1730 ἀναγκασθήσονται
792 1657 852 1710 τὸ
898 1655 974 1726 μὴ
1004 1652 1253 1722 ὑφεστὼς
1286 1651 1391 1705 τῶν
1425 1650 1587 1703 θείων
1622 1664 1794 1721 προσ-

218 1749 388 1803 ώπων
425 1750 520 1803 καὶ
560 1749 741 1817 πάσης
780 1745 881 1816 τῆς
924 1745 1159 1805 κτίσεως
1184 1741 1354 1795 αίτιον
1387 1741 1617 1793 τιθέναι.

1897 650 1969 701 ta,
2000 652 2178 707 neque
2210 636 2511 706 procedens
2546 652 2562 690 :
2592 636 2753 689 aliter
2790 636 2938 689 enim
2978 643 3091 688 tres
3118 646 3300 687 essent
3339 635 3470 690 sub-

1895 730 2113 784 stantiae
2150 729 2429 791 discretae,
2463 727 2729 782 absolutae
2760 725 2904 779 inter
2940 740 3018 787 se,
3053 734 3219 792 atque
3246 726 3467 792 Opposi-

1895 832 1961 876 ta:
1989 822 2054 876 ad
2084 822 2316 875 invicem
2345 838 2357 873 :
2387 820 2657 889 reliquum
2701 826 2805 882 est,
2841 828 2901 871 ut
2930 818 3064 870 nihil
3098 816 3244 870 aliud
3270 830 3468 885 prove-

1895 914 2010 967 niat
2051 930 2117 967 ex
2157 914 2282 974 alio.
2335 911 2442 966 nisi
2490 910 2798 981 proprietas
2849 924 2915 963 ex
2950 910 3309 980 proprietate,
3352 908 3468 962 sive

1896 1005 2087 1059 ﬁliatio
2116 1021 2181 1059 ex
2220 1004 2572 1074 paternitate.

1965 1096 2256 1161 Praeterea,
2286 1096 2544 1165 quoniam
2572 1095 2744 1149 Filius
2775 1102 2830 1150 et
2853 1092 3094 1164 Spiritus
3148 1102 3369 1148 sanctus
3397 1106 3463 1145 ex

1899 1191 2055 1243 Patre
2109 1204 2232 1244 esse
2284 1188 2566 1242 communi
2622 1202 2893 1242 consensu
2945 1184 3251 1255 recipitur,
3307 1184 3468 1238 Pater

1897 1289 2105 1342 autem,
2162 1281 2469 1334 secundum
2522 1294 2715 1334 eorum
2767 1278 3095 1348 positiones,
3125 1290 3193 1330 ex
3242 1283 3468 1345 paterna

1898 1384 1983 1427 εει
2016 1372 2375 1441 preprietate,
2407 1387 2530 1441 qua
2563 1384 2741 1439 neque
2785 1370 3112 1433 substantia,
3152 1382 3331 1436 neque
3371 1366 3469 1436 hy-

1896 1463 2133 1533 postasis
2163 1469 2270 1525 est,
2305 1462 2469 1531 idque
2510 1460 2813 1515 secundum
2864 1458 3108 1528 ipsorum
3145 1456 3467 1526 positiones,

1897 1553 2081 1607 omnia
2124 1563 2305 1606 autem
2354 1554 2493 1606 [acta
2524 1562 2652 1605 sunt
2689 1551 2846 1620 juxta
2884 1549 3168 1617 theologos
3191 1563 3267 1601 -ει
3312 1548 3471 1601 Patre

1897 1659 1997 1713 per
2050 1644 2248 1698 Filium
2312 1641 2366 1695 in
2408 1641 2622 1710 Spiritu
2689 1648 2901 1705 sancto,
2931 1648 3198 1709 cogentur
3253 1637 3473 1706 aliquod

1898 1737 2043 1806 quod
2076 1749 2187 1789 non
2232 1732 2504 1795 subsistit,
2536 1740 2591 1786 et
2636 1725 2965 1786 divinarum
2994 1744 3376 1800 personarum,
3416 1737 3476 1784 et

1900 1828 2067 1881 totius
2089 1835 2353 1880 creatura:
2371 1840 2577 1895 ponere
2603 1839 2843 1879 causam.

294 1908 419 1961 Ἐτι
478 1923 539 1960 τε
604 1899 1116 1971 ἀναγκασθήσονται
1165 1897 1447 1968 ὁμολογεῖν
1503 1896 1596 1950 ἐπὶ
1652 1893 1787 1949 Θεοῦ

1966 1919 2234 1974 Praeterea
2264 1893 2530 1988 cogentur
2559 1916 2718 1971 fateri
2778 1915 3235 1988 compositionem
3267 1929 3387 1971 esse
3416 1915 3472 1970 in

228 2000 506 2066 σύνθεσιν,
542 1997 592 2049 εἰ
646 1995 851 2065 καὶμὴ
896 1994 1005 2063 τῆς
1050 1990 1237 2051 οὐσίας
1283 1991 1505 2059 καὶτῆς
1553 1989 1794 2044 ὑποστά-

225 2104 391 2151 σεως,
421 2086 519 2155 τῆς
553 2101 611 2139 τε
654 2084 997 2153 πατρότητος
1029 2082 1126 2135 καὶ
1155 2082 1421 2151 υἰότητος,
1447 2081 1483 2135 θ.
1512 2079 1617 2133 τῶν
1656 2080 1795 2150 πρός

220 2178 277 2229 τί
318 2179 488 2233 ἐστιν.
537 2178 606 2229 Ἀ
644 2176 709 2247 δὴ
748 2176 885 2247 πρός
927 2192 1004 2241 τι,
1052 2175 1248 2242 ἐφόσον
1290 2176 1409 2226 ἐστὶ
1456 2174 1691 2244 πρᾶγμά
1718 2190 1790 2240 τι,

224 2270 479 2323 σύνθεσιν
512 2270 731 2339 ποιήσει
772 2263 815 2337 ᾧ
840 2268 905 2322 ἂν
938 2268 1329 2336 προσγένηται.
1368 2266 1487 2319 Ἔτι
1516 2283 1573 2319 τε
1608 2267 1791 2337 δεήσει

229 2360 581 2431 συμϐεϐηκὸς
626 2360 787 2414 τοῦτο
840 2362 1097 2429 φάσκεινο
1136 2359 1246 2411 πᾶν
1276 2357 1383 2425 γὰρ
1414 2358 1600 2427 χρῆμα
1630 2360 1687 2410 ἐν
1714 2358 1791 2427 τῷ

220 2456 555 2525 ἐνυπάρχειν
592 2453 653 2506 τὺ
708 2448 845 2506 εῖναι
880 2451 1028 2522 ἔχον,
1082 2448 1431 2520 συμϐεϐηκός
1466 2451 1631 2501 ἐστιν.
1671 2448 1790 2498 Ἔτι

219 2566 280 2601 τε
317 2549 499 2618 δεήσει
558 2562 613 2599 τι
670 2547 903 2618 πρᾶγμα
941 2542 1091 2614 παρά
1145 2543 1243 2612 τὴν
1289 2539 1386 2593 τοῦ
1437 2540 1573 2593 Θεοῦ
1602 2539 1789 2592 οὐσίαν

221 2636 365 2691 εἷναι
396 2638 637 2693 αἰώνιον.
681 2640 747 2691 "A
796 2636 861 2708 δὴ
909 2636 1088 2691 πάντα
1130 2633 1385 2701 αἰρετικά
1441 2632 1534 2684 καὶ
1591 2632 1789 2685 ᾶτοπω

218 2734 417 2786 ἕπεται
454 2733 639 2803 μέντοι
676 2732 788 2794 τοῖς
822 2730 919 2802 τήν
950 2733 1272 2801 πατρότητα
1302 2726 1395 2780 καὶ
1423 2724 1521 2795 τὴν
1551 2725 1791 2777 ὑπόστα-

224 2844 311 2879 σιν
352 2826 540 2894 ἕτερον
580 2826 677 2895 τῆς
713 2823 899 2885 οὐσίας
940 2820 1271 2892 τιθεμένοις.

1897 2012 2006 2065 Deo
2036 2051 2050 2075 ,
2096 2010 2199 2065 etsi
2253 2025 2361 2064 non
2426 2009 2744 2064 substantiae
2772 2046 2789 2073 ,
2839 2018 2895 2063 at
2933 2007 3255 2063 substantia:
3309 2017 3475 2076 atque

1897 2101 2279 2172 hyposlaseos,
2311 2100 2658 2169 paternitatis
2717 2100 2849 2153 item
2902 2114 2968 2153 ac
3008 2098 3307 2161 liliationis,
3346 2114 3469 2167 qua:

1892 2192 1962 2244 ad
2026 2190 2235 2259 aliquid
2294 2190 2519 2243 relativa
2575 2200 2725 2244 sunt.
2761 2190 2891 2255 Qua:
2946 2204 3079 2242 sane
3126 2189 3192 2242 ad
3236 2189 3387 2256 aliqu
3413 2189 3468 2251 d,

1894 2292 2168 2352 quatenus
2197 2295 2323 2335 sunt
2365 2282 2548 2350 aliqua
2594 2297 2681 2335 res
2704 2323 2716 2345 ,
2748 2281 3208 2349 compositionem
3258 2280 3471 2334 facient

1890 2384 2016 2424 cum
2047 2384 2114 2423 eo
2162 2369 2227 2423 ad
2273 2367 2420 2438 quod
2466 2369 2831 2423 accesserint.
2863 2367 3134 2421 Praeterea
3185 2381 3326 2435 opus
3364 2367 3475 2421 erit

1890 2462 2144 2516 accidens
2190 2460 2337 2515 istud
2380 2477 2673 2518 asserere:
2712 2461 2915 2529 quippe
2955 2458 3132 2513 omnis
3172 2474 3283 2524 res,
3316 2461 3477 2530 cujus

1896 2569 2018 2610 esse
2048 2564 2133 2609 est
2166 2554 2219 2607 in
2246 2568 2389 2617 esse,
2422 2553 2680 2608 accidens
2731 2561 2835 2606 est.
2885 2552 3153 2604 Praeterea
3177 2564 3314 2618 Opus
3345 2553 3470 2614 erit,

1900 2654 1961 2699 ut
1994 2645 2175 2713 aliqua
2212 2660 2300 2698 res
2328 2657 2526 2714 pra‘ter
2562 2645 2657 2699 Dei
2702 2644 3066 2698 substantiam
3130 2642 3204 2696 sit
3243 2653 3469 2698 αξιοι-ιω.

1900 2735 2031 2799 Quae
2078 2744 2225 2791 certe
2251 2737 2435 2790 omnia
2474 2736 2730 2792 haeretica
2759 2744 2886 2789 sunt
2917 2743 2973 2788 et
3000 2732 3256 2796 absurda,
3277 2749 3486 2789 neces-'

1902 2828 2054 2882 sario
2082 2836 2264 2883 tamen
2291 2836 2686 2897 sequunturex
2712 2842 2903 2884 eorum
2935 2825 3229 2892 sententia,
3254 2826 3348 2895 qui
3373 2842 3473 2897 pa-

220 2920 539 2976 ternitatem
578 2926 636 2974 et
696 2914 1036 2989 bypostasim
1076 2915 1223 2970 aliud
1267 2929 1386 2970 esse
1426 2929 1457 2970 a
1504 2915 1804 2971 substantia
1836 2926 2069 2987 ponunt.

814 3012 1068 3065 ΚΕΦᾹΛ.
1117 3009 1193 3066 B'.

2514 3016 2738 3073 CAPUT
2778 3016 2842 3071 11.

222 3106 555 3183 Κατὰ-τίνα
601 3104 717 3171 τὴν
747 3103 1187 3183 erratas-duo
1232 3106 1455 3183 audias:
1496 3105 1795 3183 καί-ἀλλο

1899 3104 2009 3170 Quo
2042 3121 2194 3160 sensu
2224 3108 2400 3161 dicant
2433 3106 2658 3183 theologi
2701 3111 2985 3183 aliudiesse
3012 3114 3390 3183 substantiam,
3419 3125 3469 3171 et

368 3179 716 3231 ὑπόστασιν
743 3178 797 3228 οἱ
833 3176 1102 3242 θεολόγοι
1131 3176 1323 3243 φασὶν
1350 3175 1446 3228 ἑπί
1481 3177 1649 3230 Θεοῦ.

309 3272 555 3340 ’Δνάγκη
583 3270 768 3322 τοίνυν
792 3268 883 3321 διὰ
911 3266 1085 3321 ταῦτα
1112 3267 1211 3330 τὰς
1239 3266 1413 3337 ἀρχὰς
1439 3268 1535 3338 τῆς
1562 3268 1796 3332 πίστεως

223 3362 628 3432 φυλάττοντας,
662 3360 697 3430 ἦ
732 3375 867 3429 φησι
914 3358 1009 3412 τὸν
1048 3359 1213 3412 αὐτὸν
1241 3358 1376 3411 Θεὸν
1404 3359 1501 3413 ἕνα
1527 3358 1668 3413 εἶναι
1702 3362 1797 3414 καὶ

220 3458 379 3526 τρία,
416 3456 611 3508 οὐσίαν
638 3456 739 3523 τὴν
762 3454 1069 3506 ὑπόστασιν
1108 3453 1205 3503 καὶ
1239 3453 1337 3521 τὴν
1375 3450 1615 3520 ἰδιότητα
1653 3451 1797 3505 τιθέ-

221 3566 317 3603 ναι
358 3549 469 3610 τοῖς
518 3545 793 3614 θεολόγοις
827 3544 1137 3615 ἑπομένως.
1188 3545 1265 3597 Οὐ
1309 3544 1403 3596 καὶ
1450 3543 1573 3595 καθ’
1604 3542 1797 3612 ἑτέραν

221 3637 391 3702 αὖθις
423 3640 635 3692 ἔννοιαν
661 3638 791 3691 ἄλλο
821 3637 979 3691 οὐσία
1010 3638 1105 3691 καὶ
1153 3635 1283 3691 ἄλλο
1330 3635 1628 3696 ὑπόστασις
1664 3631 1796 3700 παρ’

223 3731 411 3786 αὐτῶν
432 3730 538 3785 τῶν
571 3729 913 3785 διδασκάλων
946 3730 1189 3801 εἴρηται·
1235 3727 1330 3781 καὶ
1361 3728 1509 3788 ὅπως
1535 3726 1797 3794 ἑκάτερον

220 3823 523 3893 ἀληθεύειν
550 3822 778 3877 δυνατὸν
816 3824 875 3875 έν
912 3823 1025 3885 τοῖς
1052 3820 1338 3890 ἑπομένοις
1378 3818 1700 3890 ῥηθήσεται.
1733 3815 1801 3869 Et

222 3936 278 3972 τι
307 3918 406 3987 μὲν
429 3915 523 3969 οῦν
557 3916 653 3968 καὶ
680 3913 981 3984 βαθύτερον
1018 3911 1256 3966 ινταῦθα
1284 3910 1512 3982 θεωρεῖν
1551 3907 1643 3980 ἦν,
1671 3912 1800 3980 περὶ

223 4010 430 4063 τούτου
482 4008 543 4061 τό
587 4022 653 4077 γε
703 4005 801 4061 νῦν
848 4001 990 4058 εῖναι
1043 4003 1447 4075 παραιτητέον,
1492 4002 1588 4056 τοῦ
1637 4001 1798 4068 λόγου

224 4100 374 4170 πρὸς
404 4100 603 4169 ἀνδρας
636 4095 831 4161 ὄντος,
888 4094 937 4148 οἱ
997 4093 1073 4164 μὴ
1116 4093 1406 4163 δυνάμενοι
1456 4091 1527 4145 τά
1577 4094 1642 4145 ὲκ
1690 4091 1801 4145 τῶν

224 4191 516 4259 λογισμῶν
575 4186 818 4243 συνιέναι
852 4228 868 4252 ,
930 4184 1119 4253 ὥσπερ
1176 4185 1227 4237 οἰ
1281 4183 1566 4237 κακόσιτοι
1620 4184 1801 4236 πᾶσαν

223 4282 463 4355 τροφὴν,
491 4279 633 4333 οὑτω
662 4280 760 4332 καὶ
780 4269 928 4330 οῦτοι
963 4276 1144 4330 πάντα
1167 4275 1601 4346 ἀποστρέφονται
1617 4273 1796 4340 λόγον·

225 4379 295 4431 ἐκ
358 4376 413 4428 δὲ
466 4374 576 4427 τῶν
641 4370 974 4424 διδασκάλων
1042 4367 1423 4436 ἐπιχειρητέον
1480 4365 1558 4435 τῷ
1607 4364 1794 4435 λόγῳ,

2400 3179 2565 3231 aliud
2596 3182 2941 3248 hyposlasim.

1965 3267 2202 3323 Necesse
2228 3279 2311 3323 est
2342 3269 2511 3339 igitur
2568 3280 2859 3340 propterea
2892 3274 3165 3346 principia
3204 3275 3328 3331 lidei
3356 3293 3473 3333 ser-

1899 3369 2095 3414 vantes
2134 3362 2275 3428 (quae
2313 3362 2476 3415 docet
2508 3363 2767 3417 eumdem
2817 3366 2987 3421 Deum
3037 3386 3201 3423 unum
3258 3387 3380 3427 esse
3420 3381 3477 3428 et

1899 3456 2048 3517 tria),
2071 3453 2428 3507 substantiam
2467 3469 2672 3524 ponere
2708 3472 2830 3512 esse
2880 3459 3213 3529 hypostasim
3243 3474 3300 3518 et
3343 3480 3473 3533 pro-

1899 3546 2216 3614 prietatem.
2247 3547 2400 3616 juxta
2433 3549 2740 3605 doctrinam
2787 3550 3189 3623 theologorum.
3213 3553 3475 3621 Quamvis

1898 3638 2196 3690 secundum
2230 3638 2389 3691 aliam
2420 3641 2837 3711 intelligentiam
2875 3660 3069 3699 rursus
3099 3646 3304 3700 dictum
3337 3650 3403 3701 sit
3441 3665 3469 3701 a

1898 3727 2212 3783 doctoribus
2266 3730 2412 3785 aliud
2448 3746 2567 3787 esse
2606 3735 2967 3790 substantiam
2990 3776 3004 3800 .
3028 3746 3084 3793 et
3120 3738 3267 3794 aliud
3300 3739 3475 3810 hypo-

1899 3820 2110 3885 stasim,
2140 3836 2317 3889 quave
2345 3822 2556 3877 ratione
2584 3832 2880 3894 utrumque
2906 3825 3025 3881 lieri
3057 3836 3255 3897 potest,
3285 3840 3347 3883 ut
3383 3846 3478 3884 ve-

1900 3923 2025 3962 rum
2055 3910 2147 3975 sit,
2176 3910 2229 3964 in
2262 3914 2735 3982 consequentibus
2767 3916 3004 3973 dicetur.
3040 3917 3097 3973 Si
3129 3921 3262 3989 quid
3302 3920 3476 3989 igitur

1899 4010 1954 4057 et
1990 4002 2154 4057 altius
2180 4002 2271 4058 hic
2314 4013 2433 4059 erat
2475 4007 2958 4073 considerandum,
2990 4009 3059 4065 de
3095 4010 3199 4067 hoc
3227 4011 3281 4066 in
3329 4028 3479 4083 pra:—

1900 4094 2081 4149 sentia
2106 4094 2403 4161 disserere,
2436 4099 2966 4165 praetermittendum
2992 4110 3098 4168 est,
3128 4116 3252 4156 cum
3285 4117 3481 4157 sermo.

1899 4183 1973 4238 sit
2022 4184 2089 4239 ad
2141 4184 2417 4251 homines,
2458 4187 2551 4255 qui
2616 4189 2842 4242 minime
2900 4191 3186 4259 percipere
3227 4193 3468 4257 valeant,

1901 4286 2025 4341 quas
2070 4281 2199 4327 sunt
2236 4275 2766 4344 Aratiocinationum,
2818 4281 3281 4348 quemadmodum
3332 4284 3471 4336 male

1904 4364 2099 4419 nutriti
2155 4364 2442 4420 fastidiunt
2494 4382 2715 4422 omnem
2770 4370 2988 4435 cibum;
3031 4372 3115 4427 sic
3164 4374 3327 4427 etiam
3380 4374 3479 4427 isti.

226 4465 510 4537 σαφηνείᾳ.
540 4462 843 4534 χρωμένοις
876 4462 999 4512 ὅσον
1027 4452 1139 4511 οἶόν
1163 4474 1244 4511 τε.
1280 4458 1390 4510 Καὶ
1418 4457 1633 4526 πρῶτον
1660 4455 1796 4510 κατὰ

1904 4470 2119 4511 omnem
2160 4466 2489 4512 aversantur
2523 4460 2815 4514 rationem.
2864 4462 2912 4515 A
2937 4462 3257 4519 doctoribus
3286 4474 3469 4519 autem

221 4562 357 4615 τίνα
387 4561 491 4629 τήν
541 4556 750 4609 ἔννοιαν
800 4554 930 4607 ἀλλο
962 4551 1157 4605 οὐσίαν
1192 4550 1289 4603 καὶ
1334 4549 1465 4603 ἀλλο
1503 4549 1800 4602 ὑπόστασιν

220 4654 275 4705 οἰ
314 4650 561 4718 θεολόγοι
603 4647 755 4716 φασί·
786 4644 1066 4715 δεύτερον,
1115 4643 1263 4703 ὅπως
1317 4641 1498 4707 οὐσία,
1525 4642 1620 4693 καὶ
1665 4639 1800 4692 ὑπό-

225 4762 449 4809 στασις,
490 4744 583 4796 καὶ
618 4742 819 4812 ἰδιότης
848 4740 941 4792 ἐπὶ
979 4737 1115 4790 Θεοῦ
1165 4734 1365 4789 ταύτόν
1395 4735 1532 4790 ὲστι.
1577 4733 1801 4801 Ῥητέον

227 4837 704 4911 προϐαλλομένοις
740 4836 767 4887 ὅ
804 4849 968 4901 φησιν
1000 4832 1028 4883 ὁ
1059 4831 1229 4901 μέγας
1277 4826 1553 4889 Βασίλειος
1584 4825 1641 4877 ἐν
1683 4826 1803 4877 ἑπι-

227 4932 405 5000 στολῇ
448 4931 516 4999 τῇ
566 4927 692 4995 περί
724 4924 989 4993 διαφορᾶς
1032 4922 1218 4983 οὐσίας
1272 4920 1369 4973 καὶ
1423 4918 1798 4978 ὑποστάσεωςο

222 5022 311 5083 ὡς
346 5020 405 5071 ὃν
442 5017 599 5085 λόγον
646 5016 760 5083 ἔχει
811 5014 873 5066 τὸ
905 5012 1084 5065 κοινὸν
1124 5010 1259 5079 πρὸς
1312 5009 1374 5060 τὸ
1428 5007 1580 5070 ἴδιον,
1611 5004 1801 5058 τοῦτον

224 5115 354 5183 ἔχει
393 5112 426 5180 ή
470 5108 630 5161 οὐσία
670 5106 809 5178 πρὸς
847 5104 944 5173 τὴν
981 5102 1306 5155 ὑπόστασιν.
1337 5097 1448 5168 Τήν
1475 5096 1530 5149 δὲ
1562 5096 1800 5149 ὑπόστα-

227 5222 325 5258 σιν
362 5202 391 5251 ὁ
437 5198 797 5270 Δαμασκηνὸς
847 5194 1168 5265 ὁριζόμενος
1216 5190 1341 5261 ἔφη,
1385 5208 1404 5242 ι
1470 5188 1802 5249 ’Υπόστασίς

221 5298 354 5348 ἐστι
398 5294 458 5346 τὸ
495 5291 671 5345 κοινὸν
712 5289 847 5359 μετὰ.
888 5285 981 5339 τοῦ
1043 5283 1357 5348 ἰδιάζοντος.
1399 5300 1419 5335 ι
1459 5283 1523 5334 Τί
1557 5284 1611 5334 δὲ
1662 5280 1796 5333 αὐτὸ

218 5385 293 5437 τὸ
331 5382 514 5436 κοινὸν
570 5381 754 5441 αὐτοῖς
812 5376 1085 5449 βούλεται,
1120 5372 1380 5444 ἐμφανῶς
1411 5368 1567 5434 αὖθις
1594 5373 1621 5423 ὁ
1662 5370 1804 5435 θεῖος

218 5475 514 5536 Βασίλειος
554 5474 611 5525 ὲν
646 5474 710 5541 τῇ
763 5472 899 5541 πρὸς
933 5469 1024 5521 τὸν
1072 5466 1300 5535 ἀδελφὸν
1339 5463 1639 5535 Γρηγόριον
1670 5467 1794 5516 επιο

221 5566 403 5635 στολῇ
438 5565 821 5635 παραδέδωκεν
872 5559 1075 5615 εἰπών·
1118 5578 1136 5611 ι
1188 5558 1255 5610 Ἠ
1292 5556 1390 5625 μὲν
1428 5555 1673 5625 κοινότης
1723 5555 1801 5617 εἰς

213 5660 333 5729 τὴν
367 5657 558 5710 οὐσίαν
594 5656 856 5724 ἀνάγεται
885 5671 898 5685 ⁸
950 5655 982 5724 ή
1029 5654 1083 5705 δὲ
1135 5650 1433 5711 ὑπόστασις
1488 5650 1548 5701 τὸ
1600 5648 1803 5711 ἰδιάζον

214 5752 471 5806 ἑκάστου
508 5750 735 5819 σημεῖόν
778 5750 915 5800 ἐστι.
964 5764 983 5798 ι
1022 5744 1192 5811 Δῆλον
1238 5741 1331 5795 οῦν
1379 5743 1441 5794 ἐκ
1473 5740 1698 5803 τούτων,
1728 5738 1803 5801 ὡς

218 5845 293 5899 τὸ
329 5843 436 5916 μὲν
483 5843 662 5899 κοινὸν
700 5840 776 5913 τῷ
808 5838 991 5904 ἀπλώς
1042 5836 1316 5905 ἀναλογεῖ,
1375 5834 1433 5889 τὸ
1472 5832 1527 5889 δὲ
1568 5832 1699 5889 ῐδιον
1721 5829 1798 5903 τῷ

1901 4563 2211 4604 sermonem
2263 4550 2590 4620 aggrediar,
2651 4552 2900 4608 claritate
2956 4563 3155 4620 utens,
3209 4567 3469 4625 quantum

1902 4640 2021 4696 ﬁeri
2048 4650 2248 4710 potest.
2276 4642 2341 4695 Et
2375 4642 2810 4711 primum,juxta
2846 4661 3010 4715 quam
3054 4646 3472 4716 intelligentiam

1901 4732 2051 4787 aliud
2080 4747 2203 4787 esse
2251 4734 2636 4798 substantiam,
2665 4736 2814 4790 aliud
2860 4738 3190 4808 hypostasim
3235 4738 3470 4808 theologi

1902 4825 2078 4880 aiunt.
2118 4824 2432 4879 Secundum
2464 4863 2479 4889 ,
2507 4841 2749 4894 quonam
2782 4828 2943 4881 modo
2973 4829 3286 4882 substantia
3312 4870 3327 4894 ,
3368 4830 3471 4897 hy-

1902 4914 2136 4983 postasis
2198 4923 2251 4968 et
2282 4915 2590 4983 proprietas
2634 4916 2690 4970 in
2720 4917 2831 4971 Deo
2864 4918 3005 4971 idem
3042 4920 3133 4972 sit.
3167 4918 3483 4972 Dicendum

1904 5006 2073 5075 igitur
2132 5007 2287 5060 nobis
2332 5014 2415 5059 est
2478 5006 2610 5061 illud
2666 5010 3141 5079 proponentibus,
3197 5011 3341 5079 quod
3400 5026 3485 5066 at.

1903 5111 2130 5165 magnus
2160 5095 2398 5149 Basilius
2447 5097 2500 5150 in
2530 5098 2761 5167 epistola
2788 5099 2877 5152 ubi
2911 5100 3022 5169 agit
3051 5102 3119 5154 de
3158 5101 3473 5155 diﬂerentia

1904 5190 2222 5244 substantiae
2255 5198 2311 5243 et
2362 5191 2762 5260 hypostaseos:
2800 5191 2945 5258 quod
2986 5207 3149 5261 quam
3199 5195 3477 5248 rationem-

1905 5280 2070 5334 habet
2100 5294 2394 5334 commune
2424 5281 2488 5334 ad
2526 5283 2830 5351 proprium,
2859 5283 3001 5338 hanc
3030 5284 3193 5338 habet
3222 5286 3491 5339 substan—

1906 5374 1979 5427 tia
2018 5371 2085 5425 ad
2117 5371 2476 5443 hyposmsim.
2513 5372 2854 5443 Hypostasiiu
2896 5384 3076 5429 autem
3105 5377 3493 5431 Damascenus.

1904 5463 2189 5529 deﬁniens,
2249 5464 2368 5519 ait:
2429 5483 2447 5516 ι
2512 5464 2833 5535 Hypostasis
2880 5477 2963 5520 est
3008 5480 3302 5520 commune
3351 5481 3491 5520 cum,

1904 5557 2152 5625 proprio.
2191 5576 2210 5609 ι
2256 5557 2397 5623 Quid
2447 5568 2628 5612 autem
2668 5560 2811 5626 apud
2862 5560 3007 5628 ipsos
3038 5559 3141 5614 hoc
3180 5573 3487 5614 commune

1906 5647 2009 5703 sibi
2050 5648 2222 5713 velit,
2256 5663 2447 5702 rursus
2480 5648 2626 5702 clare
2670 5649 2827 5703 divus
2858 5650 3095 5706 Basilius
3136 5651 3381 5713 tradidit.
3416 5652 3478 5707 in

1906 5740 2133 5809 epistola
2193 5739 2261 5794 ad
2302 5738 2621 5810 Gregorium
2675 5741 2942 5808 fratrem,
2993 5761 3012 5793 ι
3074 5742 3476 5809 Communitas,

1908 5830 2184 5903 inquiens,
2208 5830 2276 5887 ad
2315 5832 2678 5889 subStantiam
2708 5833 2964 5902 refertur,
2999 5834 3306 5905 hypostasis
3338 5849 3472 5891 vero
