4180 6458
183 442 283 502 873

1096 436 1194 494 DE
1234 432 1757 493 PIUlCESSlONE
1800 432 1969 489 Sl‘lli
1986 430 2163 488 lTUS
2198 428 2490 489 SANCTI.

3297 424 3401 487 ετι

183 564 367 607 στασις
398 546 469 607 ὡς
501 545 559 595 τὸ
595 543 745 598 ἴδιον.
786 544 945 596 Ἐπεὶ
976 543 1087 595 τῶν
1118 544 1478 595 ὑποστάσεων
1517 543 1676 609 ἡμῶν
1713 543 1740 592 ὁ

1847 541 2154 610 bypostasis
2222 551 2402 593 :tttlcltl
2471 540 2758 592 exsistere.
2813 537 3069 603 Quamvis
3133 538 3297 606 igitur
3337 543 3408 596 sit

179 640 268 707 μὲν
295 636 388 689 τοῦ
423 635 475 687 τί
524 633 591 705 ἦν
633 632 770 689 εἶναι
820 636 975 701 λόγος
1026 639 1054 687 ὁ
1083 637 1264 695 αὐτὸς,
1306 636 1334 685 ό
1368 634 1422 686 δὲ
1455 633 1547 684 τυῦ
1596 628 1739 684 εἶναι

178 731 381 798 ἔτερος·
416 732 443 780 ὁ
473 728 569 795 μὲν
604 729 711 795 γὰρ
739 728 832 779 τοῦ
862 728 915 780 τί
954 723 1021 796 ἦν
1070 724 1207 779 εἶναι
1253 726 1408 792 λόγος
1449 726 1602 793 ἡμῶν
1631 726 1732 791 τῆς

180 820 362 880 οὐσίας
418 818 597 887 ἡμῶν,
644 819 743 870 εἶτ’
792 818 885 870 οὖν
939 818 1035 870 τοῦ
1068 818 1242 879 εἴδους
1296 816 1520 887 ὁρισμός
1544 818 1691 868 ἐστιν
1721 831 1735 845 ⁸

180 911 285 961 όδὲ
361 910 452 961 τοῦ
505 906 644 962 εἶναι
688 910 844 975 λόγος
891 910 1185 979 ὑπογραφὴ
1238 926 1321 970 τις
1374 910 1436 959 ἐκ
1467 909 1573 960 τῶν
1598 908 1740 960 κατὰ

183 1000 531 1069 συμόεϐηκὸς
563 1001 672 1053 άπὸ
704 1003 811 1053 τῶν
851 1001 952 1068 τῆς
988 1001 1118 1067 ὑλης
1158 1001 1440 1069 ἰδιοτήτων
1465 1001 1741 1068 λαμϐανό-

185 1108 362 1159 μενος.
400 1093 609 1161 Διόπερ
654 1094 860 1154 ἱκεῖνος
892 1093 990 1160 μὲν
1036 1088 1114 1155 εἷς
1143 1094 1235 1145 ἐπὶ
1282 1094 1519 1156 πάντων,
1547 1092 1607 1143 τὸ
1634 1092 1742 1158 γάρ

184 1178 322 1245 εἶδος
355 1184 435 1235 ’ἐν’
462 1177 613 1244 οὗτος
637 1184 693 1235 δὲ
726 1185 900 1244 ἄλλως
931 1182 1112 1246 ἄλλοις
1139 1186 1453 1239 ἀποδίδοτιι
1481 1186 1620 1236 κατὰ
1642 1184 1742 1252 τὴν

183 1280 275 1344 τῆς
312 1276 445 1344 ὕλης
477 1277 807 1344 ἁτομότητα,
843 1281 875 1345 ἧ
906 1277 1176 1345 διαφόρως
1205 1277 1299 1328 καὶ
1345 1275 1524 1337 ἄλλοις
1565 1276 1743 1336 ἄλλως

176 1368 478 1423 ἐπιϐάλλει.
529 1368 685 1419 Ἐπεὶ
716 1369 772 1420 δὲ
810 1370 870 1420 ὲν
901 1368 979 1437 τῷ
1005 1369 1123 1436 Θεῷ
1148 1368 1249 1419 οὑκ
1280 1368 1427 1419 ἔστιν
1469 1367 1590 1434 ὕλη,
1621 1366 1741 1418 οὐδὲ

176 1458 242 1507 τὰ
274 1456 337 1518 ἐξ
368 1457 615 1525 ἀνάγκης
663 1458 907 1526 ἑπόμενα
948 1458 1084 1527 αὐτῇ
1123 1458 1536 1527 συμϐεϐηκότα,
1562 1457 1744 1509 λείπε-

175 1565 263 1599 ται
293 1548 355 1599 τὸ
390 1549 445 1599 τί
490 1546 557 1615 ἦν
595 1546 735 1599 εἶναι
774 1550 875 1600 καὶ
939 1550 1000 1601 τὸ
1058 1547 1199 1601 εἶναι
1239 1551 1438 1601 ταυτὸν
1484 1543 1623 1601 εἶναι
1658 1551 1743 1601 ἐπ’

174 1638 364 1692 αὑτοῦ.
408 1640 578 1707 Δῆλον
632 1635 725 1693 οὖν
767 1641 832 1692 ὲκ
872 1639 980 1692 τῶν
1035 1641 1350 1709 εἰρημένων
1406 1639 1550 1691 τοῦτ’
1606 1634 1745 1691 εἶναι

178 1731 275 1797 τὴν
334 1730 525 1781 οὐσίαν
580 1732 719 1800 ὅπερ
758 1731 853 1781 καὶ
907 1730 1006 1799 τὴν
1066 1731 1385 1782 ὑπόστασιν⁶
1432 1730 1535 1780 κάν
1571 1732 1747 1798 τούτῳ

186 1822 349 1890 μόνον
382 1822 685 1889 διαφέρειν,
718 1823 799 1874 ὅτι
841 1824 873 1890 ἠ
924 1824 1025 1890 μὲν
1063 1822 1221 1874 οὐσία
1264 1820 1665 1888 ἀπολελυμένον
1692 1838 1747 1873 τι

1842 632 1973 686 illud
2033 633 2297 686 exsistere
2360 632 2502 685 idem
2566 632 2709 697 quod
2749 631 2879 700 quid
2936 642 3053 684 erat
3103 646 3266 696 esse,
3313 632 3407 688 sed

1842 723 1968 792 quia
2025 724 2334 793 Itypostasis
2388 722 2607 790 quidem
2669 738 2787 775 esse
2848 721 3117 790 signiﬁcat
3165 725 3409 792 ejusdem

1844 814 1969 876 rei,
2024 813 2207 867 Deitas
2260 828 2390 866 vero
2459 811 2605 880 quod
2665 813 2794 879 quid
2856 824 2974 867 erat
3025 828 3182 875 esse,
3232 815 3414 867 Deitas

1843 905 2061 973 quidem
2112 914 2171 957 ut
2233 919 2524 958 eonnnune
2589 904 3218 975 accipitur,liypostasis
3282 921 3415 958 ver.»

1846 1008 1904 1050 ut
1958 997 2262 1066 proprium.
2340 997 2606 1061 Quoniam
2672 1008 2983 1050 nostrarum
3052 998 3414 1066 Itypostaseon

1843 1089 2090 1142 deﬁnitio
2153 1088 2299 1156 qttod
2356 1090 2483 1155 quid
2542 1099 2655 1141 erat
2712 1104 2833 1143 esse
2884 1089 3192 1156 signiﬁcans
3223 1090 3413 1143 eadem

1844 1190 1948 1247 est,
2002 1181 2247 1234 deﬁnitio
2279 1197 2409 1234 vero
2455 1180 2784 1234 exsistcutite
2822 1181 2945 1233 alia.
2984 1181 3236 1233 Deﬁnitio
3267 1183 3412 1234 enim

1844 1272 1964 1336 ejus
2014 1272 2159 1339 quod
2224 1270 2353 1338 quid
2419 1281 2537 1323 erat
2596 1283 2717 1322 esse
2762 1280 2987 1332 nostra,
3024 1278 3225 1322 nostrae
3283 1279 3419 1323 sun-

1845 1362 2058 1417 stautia:
2116 1373 2233 1427 est,
2270 1364 2382 1416 sive
2441 1362 2640 1430 speciei
2707 1361 2953 1415 deﬁnitio
2996 1370 3097 1415 est.
3164 1360 3417 1416 Deﬁnitio

1850 1472 1983 1511 vero
2013 1458 2132 1526 ejus
2165 1457 2308 1524 quod
2366 1466 2450 1510 est
2487 1456 2774 1518 exsistere,
2821 1455 3122 1523 descriptio
3168 1458 3414 1523 quaedam

1848 1557 1953 1612 est,
1988 1563 2110 1616 qua:
2154 1546 2389 1600 sumitur
2432 1562 2495 1598 cx
2531 1548 2596 1600 iis
2625 1563 2744 1614 quae
2793 1557 2921 1600 sunt
2964 1564 3059 1614 per
3087 1546 3339 1600 accidens
3388 1562 3416 1598 a

1852 1639 2233 1692 ntaterialibus
2281 1638 2730 1707 pt-Oprietatibus.
2756 1638 3025 1705 Quocirca
3062 1639 3150 1692 illa
3196 1638 3415 1707 quidem

1853 1744 1961 1782 uua
2005 1738 2087 1783 est
2139 1730 2192 1783 in
2242 1729 2521 1793 oumibus,
2570 1730 2782 1796 species
2828 1729 2976 1783 enim
3013 1744 3119 1783 una
3170 1739 3274 1782 est.
3314 1728 3416 1782 Ista

1853 1838 1983 1875 vero
2014 1822 2175 1874 aliter
2206 1822 2330 1874 aliis
2377 1820 2688 1887 assignatur
2715 1822 3019 1875 secundum
3069 1821 3311 1874 materia:
3339 1822 3420 1873 in-

182 1913 272 1964 ὲπὶ
310 1912 448 1964 Θεοῦ
503 1913 671 1983 δηλοῖ,
698 1915 730 1983 ὴ
756 1915 811 1967 δὲ
829 1915 1122 1974 ὑπόστασις
1148 1915 1499 1982 ἁναφορικόν·
1534 1912 1655 1965 καθ’
1691 1913 1749 1965 ὃν

1852 1910 2255 1975 dividuitatem,
2300 1926 2420 1979 qua:
2465 1885 2800 1977 dill‘crenter,
2839 1920 2894 1964 et
2936 1912 3060 1965 aliis
3094 1912 3254 1965 aliter
3287 1926 3421 1966 cou-

180 2002 245 2071 6i;
276 2005 477 2074 τρόπον
506 2006 565 2056 οὑ
598 2008 789 2059 ταυτὸν
818 2002 972 2057 εἷπον
998 2007 1049 2058 oi
1083 2005 1229 2073 ἅγιοι
1270 2006 1459 2057 οὐσίαν
1492 2007 1584 2058 καὶ
1623 2006 1754 2058 ὑπό-

185 2110 377 2145 στασιν
402 2110 415 2125 ⁸
446 2094 635 2163 ὥσπερ
683 2094 750 2148 ἂν
787 2098 835 2148 εἰ
869 2096 1086 2162 ἔλεγον,
1114 2095 1237 2147 Ἐπὶ
1285 2094 1383 2163 τῆς
1431 2096 1752 2165 ὑπερουσίου

184 2186 438 2255 θεότητος
461 2186 522 2238 οὑ
545 2188 738 2241 ταυτὸν
764 2188 878 2240 ἐστι
908 2187 967 2239 τὸ
989 2188 1386 2255 ἀπολελυμένον
1416 2186 1508 2237 καὶ
1547 2185 1606 2236 τὸ
1627 2188 1755 2239 ἁνα-

184 2280 432 2347 φορικόνο
458 2281 574 2342 τοῖς
601 2280 700 2349 μὲν
730 2282 839 2350 γάρ
861 2282 1211 2349 ἀναφορικοῖς
1234 2281 1301 2331 τὰ
1324 2280 1441 2331 Οεῖα
1475 2278 1748 2347 διακρίνε-

177 2387 270 2423 ται
306 2371 729 2438 πρόσωπα,τοῖς
760 2372 815 2422 δὲ
839 2370 1261 2440 ἁπολελυμένοις
1290 2370 1637 2423 συνάπτεται.
1672 2370 1752 2439 Τῇ

181 2462 279 2529 μὲν
304 2461 416 2531 γὰρ
444 2462 603 2533 οὐσίᾳ
633 2464 666 2531 ἡ
689 2463 881 2524 ἓνωσις
902 2462 1113 2524 ἕπεται,
1150 2463 1268 2524 ταῖς
1300 2461 1356 2514 δὲ
1386 2463 1746 2514 ὑποστάσεσι-ι

179 2558 210 2623 ὴ
239 2555 515 2623 διάκρισις
547 2570 563 2585 ο
606 2555 801 2619 ἓνωσις
834 2555 888 2607 δὲ
928 2557 1020 2607 καὶ
1044 2554 1315 2624 διάκρισις
1349 2556 1407 2607 οὑ
1435 2554 1617 2607 ταυτό.

1855 2004 2031 2075 tiu‘git.
2061 2004 2331 2069 Quonam
2383 2011 2563 2057 autent
2603 2003 2655 2056 in
2715 2004 2826 2057 Deo
2876 2019 2984 2057 non
3028 2013 3114 2058 est
3171 2005 3417 2069 materia,

1853 2111 2028 2166 neque
2061 2094 2385 2160 accidentia,
2420 2111 2543 2163 qua:
2576 2110 2695 2149 eam
2722 2098 3033 2150 necessario
3073 2112 3421 2166 consequun-

1854 2196 1964 2248 tur,
2013 2186 2282 2254 reliquum
2311 2196 2416 2248 est,
2452 2196 2509 2239 ut
2544 2186 2596 2239 in
2653 2186 2770 2253 ipso
2824 2186 2967 2240 idem
3006 2188 3076 2241 sit
3105 2191 3249 2257 quod
3285 2189 3416 2257 quid

1852 2286 1971 2331 erat
2010 2291 2162 2340 esse,
2199 2277 2420 2345 etquod
2467 2286 2552 2330 est
2593 2278 2878 2331 exsistere.
2918 2277 2992 2331 lix
3042 2279 3203 2332 dictis
3252 2278 3417 2346 igitur

1862 2368 2211 2423 manifestum
2240 2379 2343 2433 est,
2378 2368 2428 2422 id
2478 2383 2599 2423 esse
2636 2368 3003 2422 substantiam
3045 2370 3190 2439 quod
3234 2379 3287 2423 et
3323 2370 3421 2438 ity-

1856 2458 2139 2528 postasim,
2189 2473 2364 2527 eoque
2426 2459 2544 2512 solo
2604 2458 2849 2524 diﬂ‘crre,
2900 2459 3046 2527 quod
3114 2459 3420 2512 substantia

1854 2551 2076 2620 quidem
2134 2552 2443 2605 absolutum
2503 2550 2761 2620 quiddam
2822 2552 2878 2605 in
2945 2551 3054 2606 Deo
3105 2552 3419 2626 signiﬁcet,

181 2649 493 2719 hypostasis
549 2666 681 2704 vero
726 2651 1034 2715 relativum,
1089 2650 1388 2704 secundmu
1450 2664 1610 2716 quem
1666 2647 1889 2701 modmn
1945 2661 2052 2700 non
2093 2645 2235 2699 idem
2276 2646 2534 2699 dixerunt
2597 2646 2772 2699 sancti
2834 2646 3193 2701 subStanti-im
3235 2657 3290 2700 ct
3322 2647 3416 2714 lay-

181 2742 444 2808 postasim
479 2751 731 2811 tanquam
751 2743 795 2795 si
828 2742 1094 2805 dicerent,
1121 2742 1175 2796 in
1200 2741 1713 2811 supersubstantiali
1778 2741 1984 2795 Deitate
2019 2757 2125 2794 non
2146 2739 2287 2794 idem
2320 2748 2404 2793 est
2431 2738 2743 2793 absolutum
2778 2752 2832 2794 et
2873 2741 3176 2794 relativum.
3208 2741 3419 2808 Quippe

183 2833 429 2888 relativis
486 2832 685 2886 divina:
739 2847 987 2902 personae
1041 2834 1489 2903 distinguuntur,
1547 2833 1812 2888 absolutis
1851 2849 1982 2889 vero
2036 2836 2464 2904 conjuuguntur.
2497 2834 2742 2903 Namque
2776 2835 3136 2889 substantiam
3171 2838 3421 2904 sequitur

186 2926 375 2976 unitas
403 2962 419 2986 ,
476 2922 797 2991 hypostases
848 2938 981 2977 vero
1040 2923 1346 2988 distinctio;
1412 2939 1520 2977 non
1584 2923 1764 2979 unitas
1798 2933 2003 2991 autem,
2037 2933 2094 2980 et
2130 2926 2410 2981 distinctio
2439 2935 2521 2980 est
2560 2926 2727 2981 idem.

782 3036 1033 3094 ΚΕΦΑΛ.
1082 3040 1155 3093 Γ’.

181 3124 311 3178 Ὀτι
331 3124 372 3192 ἠ
393 3125 574 3178 οὐσία
604 3124 699 3199 καί
730 3127 1075 3199 ὑπόστασις
1096 3130 1193 3182 καὶ
1220 3131 1445 3199 ἰδιότης
1473 3132 1572 3186 ἐπὶ
1596 3129 1746 3185 Θεοῦ

480 3197 708 3250 σαυτόν
736 3196 867 3249 ἐστι
906 3201 1058 3252 κατὰ
1090 3201 1155 3252 τὸ
1189 3196 1448 3268 πρᾶγμα.

262 3288 433 3340 Ἀλλὰ
475 3289 570 3339 καὶ
598 3289 860 3356 περὶτῶν
906 3289 1287 3344 ὑποστατικῶν
1320 3294 1625 3361 ἰδιωμάτων
1655 3295 1752 3363 ρη-

174 3382 302 3435 τὲον
339 3383 622 3437 κάνταῦθα
651 3386 763 3448 τοῖς
792 3385 1037 3448 δυνατοῖς
1066 3387 1158 3437 καὶ
1184 3387 1506 3455 ἀναγκαίοις
1549 3391 1610 3439 ἐκ
1645 3386 1753 3438 τῶν

176 3472 523 3526 διδασκάλων
582 3474 911 3543 χρωμένοις.
957 3476 1095 3543 Φησὶ
1141 3476 1323 3528 τοίνυν
1381 3478 1676 3547 Γρηγόριος
1725 3478 1753 3528 ό

175 3564 446 3632 Θεολόγος
476 3568 533 3619 ἐν
564 3566 643 3634 τῷ
672 3567 751 3629 εἰς
781 3567 873 3619 τὸν
913 3567 1182 3637 μακάριον
1215 3568 1537 3621 Ἀθανάσιον
1581 3571 1754 3633 ἐγκω-

178 3657 293 3725 μίῳ
314 3673 331 3691 ο
373 3676 391 3709 ι
424 3657 534 3726 Τῆς
557 3657 665 3727 γὰρ
696 3660 826 3727 μιᾶς
854 3660 1040 3722 οὐσίας
1067 3659 1292 3712 καὶτῶν
1317 3660 1485 3730 τριῶν
1518 3659 1756 3712 ὑποστά-

178 3764 325 3801 σιων
382 3747 686 3818 λεγομένων
734 3748 824 3817 ὑφ’
884 3750 1042 3819 ἡμῶν
1099 3751 1373 3814 εὐσεϐῶς·
1414 3752 1475 3803 τὸ
1514 3752 1612 3820 μὲν
1642 3750 1754 3818 γάρ

175 3842 282 3906 τὴν
332 3839 497 3906 φύσιν
540 3838 710 3909 δηλοῖ,
759 3840 821 3892 τὸ
850 3842 907 3894 δὲ
960 3844 1055 3903 τὰς
1084 3843 1192 3894 τῶν
1215 3844 1382 3913 τριῶν
1427 3843 1747 3909 [Statili-ag,»

180 3932 280 3983 καὶ
309 3930 385 3984 τὰ
416 3929 597 3982 λοιπά.
650 3930 738 3983 Ἐν
775 3933 982 3995 τούτοις
1026 3933 1190 4002 φύσιν
1229 3936 1322 3987 καὶ
1347 3933 1533 3986 οὐσίαν
1584 3940 1751 3987 ταὺτὸ

180 4023 442 4091 βούλεται
496 4018 663 4087 εἰναι,
709 4022 805 4077 καὶ
839 4025 937 4087 τὰς
968 4025 1293 4089 ὑποστάσεις
1326 4025 1592 4095 ἰδιότητας
1622 4028 1755 4079 ἁπο-

175 4115 462 4181 φαίνεται.

253 4206 385 4257 Ἐτι
416 4208 444 4258 ὁ
476 4206 637 4271 αὐτὸς
668 4208 728 4261 ὲν
753 4208 831 4278 τῷ
860 4207 936 4269 είς
966 4208 1034 4260 τὰ
1061 4208 1220 4260 Φῶτα
1248 4207 1420 4276 λόγῳ·
1456 4226 1474 4259 ι
1510 4205 1643 4259 Θεοῦ
1674 4207 1753 4271 δὲ,

175 4296 312 4350 ὅταν
355 4297 516 4360 εῐπω,
546 4300 627 4351 ἑνὶ
654 4300 796 4367 φωτὶ
837 4300 1319 4370 περιαστράφθητε
1358 4302 1450 4352 καὶ
1491 4301 1638 4369 τρισί
1665 4315 1678 4329 ⁸
1730 4319 1749 4351 ι

174 4387 334 4455 τρισὶ
372 4387 471 4455 μὶν
508 4388 651 4441 κατὰ
682 4390 779 4451 τὰς
827 4390 1115 4458 ἰδιότητας,
1149 4391 1248 4441 εἴτ’
1277 4386 1368 4443 οὖν
1401 4391 1750 4452 ὑποστάσεις.

188 4478 347 4530 Ἐκεῖ
382 4477 481 4546 μὲν
508 4474 603 4531 οὖν
644 4479 740 4541 τὰς
783 4479 1110 4542 ὑποστάσεις
1144 4483 1512 4550 προτεταχὼς,
1551 4486 1626 4545 εἰς
1654 4483 1752 4545 τὰς

2463 3044 2687 3101 CAPUT
2717 3043 2806 3100 ΙΙΙ.

1922 3137 2072 3202 Quod
2107 3137 2423 3200 substantia,
2449 3148 2497 3190 ει
2530 3138 2846 3208 hymnum,
2874 3148 3031 3205 atque
3057 3142 3349 3208 proprietas

2156 3209 2439 3261 secundum
2462 3224 2571 3260 rem
2602 3210 2652 3259 in
2689 3207 2793 3259 Deo
2816 3209 2950 3259 idem
2982 3210 3109 3261 sint.

1926 3302 2194 3355 (la-terum
2235 3311 2291 3354 et
2322 3300 2389 3354 de
2442 3300 2873 3369 proprietatibus
2916 3301 3269 3371 hypostalicis
3317 3304 3421 3359 hoc

1857 3396 1911 3447 in
1949 3394 2072 3447 loco
2101 3393 2392 3446 dicendqu
2434 3402 2534 3453 est,
2568 3392 2858 3445 sententiis
2902 3408 3024 3447 eum
3068 3395 3421 3463 possibilibus

1857 3496 1970 3539 tum
2003 3484 2329 3538 necessariis
2369 3486 2593 3548 utendo,
2629 3483 2862 3549 sumptis
2906 3500 2935 3538 e
2977 3486 3261 3540 doctorum
3307 3505 3423 3541 nm-

1856 3577 2156 3630 numentis.
2190 3578 2280 3629 Ait
2318 3575 2482 3645 igitur
2512 3576 2807 3647 Gregorius
2831 3577 3140 3648 Tlieo|03us
3194 3580 3248 3634 in
3282 3580 3419 3636 Ora-

1856 3667 2004 3721 tione
2053 3665 2354 3719 laudatoria
2407 3666 2461 3720 in
2515 3666 2731 3721 beatum
2782 3668 3179 3723 Athanasium:
3218 3687 3237 3717 σ
3283 3671 3417 3726 Cum

1855 3759 2003 3811 enim
2033 3774 2064 3810 a
2089 3758 2247 3812 nobis
2278 3773 2383 3811 una
2414 3760 2717 3813 substantia
2746 3770 2801 3814 et
2829 3768 2939 3815 tres
2983 3760 3301 3831 ltypostascs
3332 3766 3419 3829 pie

1855 3849 2145 3913 dicantur;
2174 3849 2378 3903 ctenim
2412 3866 2578 3904 unum
2608 3851 2825 3920 quidem
2856 3863 3106 3908 naturam
3132 3856 3420 3924 signiﬁcat,

1857 3937 2084 3991 alterum
2126 3953 2255 3991 vero
2281 3937 2447 3991 trium
2484 3940 2865 4009 proprietates,
2920 3961 2939 3993 ι
2996 3950 3052 3996 et
3093 3944 3319 4013 reliqua.
3365 3946 3421 3999 In

1858 4027 1946 4082 bis
1986 4037 2262 4094 naturam,
2289 4037 2348 4083 et
2370 4029 2730 4084 substantiam
2764 4031 2906 4085 idem
2946 4032 3066 4087 vult
3090 4048 3232 4100 esse,
3260 4046 3423 4105 atque

1859 4119 2181 4191 ltypostases
2206 4136 2325 4175 esse
2352 4123 2544 4176 statuit
2571 4124 2950 4192 proprietates.

1928 4211 2193 4266 Praeterea
2245 4212 2411 4277 idem,
2462 4212 2722 4269 Oratione
2789 4215 2843 4268 in
2886 4226 3072 4272 sancta
3131 4217 3361 4274 Lumina
3408 4241 3421 4280 :

1865 4303 1991 4356 «Dei
2024 4312 2205 4355 autem
2255 4318 2378 4355 cum
2410 4303 2617 4369 dixero,
2650 4321 2755 4358 una
2782 4314 2836 4358 et
2868 4308 3008 4361 trina
3031 4307 3154 4361 luce
3190 4312 3425 4363 circum-

1860 4392 2084 4461 l'ulgenti
2126 4392 2470 4446 illustremini
2504 4411 2516 4446 :
2552 4396 2691 4447 trina
2722 4395 2943 4463 quidem
2966 4399 3265 4450 secundum
3305 4417 3427 4467 pru-

1860 4485 2142 4551 prietates,
2172 4485 2286 4539 sive
2327 4486 2663 4556 hypostascs.
2714 4507 2732 4537 ι
2774 4488 2850 4541 lbi
2901 4490 3064 4557 igitur
3113 4508 3235 4544 cum
3278 4509 3428 4558 prms

176 4572 464 4641 ἰδιότητας
496 4571 867 4640 ἡρμήνευσεν,
901 4571 1135 4624 ἐνταῦθα
1166 4573 1220 4624 δὲ
1244 4570 1342 4634 τὰς
1382 4573 1648 4642 ἰδιότητας
1677 4576 1753 4636 είς

1861 4576 2179 4645 bypostases
2210 4575 2455 4640 dixisset,
2498 4578 2857 4646 prOprielates
2887 4595 3007 4635 esse
3035 4582 3427 4651 interpretatus

176 4661 281 4723 τὰς
325 4662 679 4723 ὑποστάσεις,
708 4663 808 4714 οὑκ
859 4662 925 4715 ἂν
954 4662 1216 4733 εἰρηκὼς,
1262 4664 1313 4715 εί
1355 4664 1428 4733 μὴ
1465 4667 1629 4716 ταυτὸ
1663 4667 1756 4718 καὶ

176 4753 486 4820 ἀδιάφορον
537 4747 630 4822 ἦν,
660 4753 712 4804 εῐ
740 4769 822 4815 τις
866 4754 1129 4821 ἰδιότητας
1164 4753 1265 4805 εἶθ’
1314 4756 1634 4817 ὑποστάσεις
1664 4758 1759 4809 ἐπὶ

173 4843 275 4895 τοῦ
306 4841 482 4895 αὑτοῦ
512 4842 753 4913 βούλοιτο
775 4843 979 4897 καλεῖν.
1017 4843 1177 4895 Ἀλλά
1209 4846 1301 4897 καὶ
1331 4848 1357 4897 ό
1391 4849 1562 4913 μέγας
1604 4846 1760 4899 Ἀθα-

175 4937 377 4996 νάσιος
434 4936 493 4986 ὲν
547 4934 627 5003 τῷ
656 4934 787 5003 περὶ
818 4935 940 5000 τοῦ,
968 4936 1050 4987 ὅτι
1101 4937 1283 4997 καλῶς
1311 4938 1528 5005 εἴρηται
1558 4939 1669 4999 τοῖς
1698 4940 1756 4989 ὲν

177 5028 397 5096 Νικαίᾳ
450 5027 728 5095 Πατράσιν
774 5028 808 5095 ἡ
848 5026 991 5091 λέξις
1040 5027 1149 5080 τοῦ
1207 5030 1559 5095 όμοουσίου,
1600 5029 1755 5082 ταυτί

174 5134 315 5189 φησι
344 5134 357 5146 ·
420 5135 438 5168 ι
481 5117 573 5169 Διὸ
601 5118 724 5170 οὐδὲ
754 5118 852 5188 τὴν
883 5119 1059 5170 κτίσιν
1088 5119 1252 5171 αὑτοῦ
1301 5121 1395 5173 τοῦ
1426 5121 1578 5184 ὄντος
1620 5122 1756 5174 Θεοῦ

172 5206 581 5277 δημιούργημα
621 5205 762 5260 εἶναι
809 5208 1034 5277 φήσετε,
1069 5211 1119 5261 εἴ
1154 5227 1215 5274 γε
1246 5210 1310 5263 τὸ
1361 5212 1543 5280 Πατὴρ
1574 5215 1666 5264 καὶ
1698 5214 1758 5264 τὸ

174 5301 315 5361 Θεὸς
353 5300 457 5350 οὐκ
488 5298 660 5363 αὑτὴν
697 5298 796 5367 τὴν
824 5300 915 5351 τοῦ
960 5299 1111 5362 ὄντος
1143 5302 1328 5353 οὑσίαν
1374 5304 1752 5369 σημαίνουσιν,

175 5389 297 5442 ἀλλ’
326 5389 519 5456 ἕτερόν
543 5403 617 5448 τι,
640 5389 776 5459 ὅπερ
821 5389 979 5455 ὑμεῖς
1002 5391 1392 5444 ἁναπλάττετε.
1434 5393 1492 5443 ΕΞ
1521 5392 1575 5443 δὲ
1602 5394 1759 5445 τοῦτο

175 5479 461 5550 ἀπρεπὲς,
500 5482 593 5531 καὶ
617 5481 735 5532 λίαν
760 5482 955 5541 άσεὸἐς
991 5482 1107 5534 ἔστι
1144 5484 1237 5535 καὶ
1272 5484 1431 5549 μόνον
1461 5484 1759 5553 ἐντεθυμῆ-

176 5571 334 5624 σθαι.
367 5588 388 5620 ι
421 5571 529 5622 Καὶ
560 5570 676 5637 μετῗ
702 5571 879 5637 ὀλίγα*
914 5591 930 5622 ι
970 5571 1085 5624 Κᾶν
1116 5576 1224 5642 γὰρ
1250 5573 1523 5636 ἀδυνάτως
1548 5575 1758 5643 ἔχωμεν

176 5659 527 5715 καταλαϐεῖν
567 5661 594 5711 ὃ
631 5661 684 5712 τί
744 5663 875 5712 ποτέ
908 5664 1077 5725 ἐστιν,
1120 5663 1237 5715 ἀλλ’
1286 5666 1435 5731 ὅμως
1471 5664 1759 5728 ἀκούοντες

173 5756 242 5808 τὸ
269 5754 469 5821 Πατὴρ
495 5754 588 5804 καὶ
610 5752 670 5804 τὸ
698 5752 822 5814 Υἱὸς
854 5754 949 5804 καὶ
978 5754 1304 5825 δημιουργὸς
1335 5756 1429 5807 καὶ
1454 5762 1761 5828 παντοκράι

173 5863 320 5916 τωρ,
374 5845 479 5909 οὑχ
521 5842 710 5911 ἔτερόν
743 5862 816 5910 τι,
866 5845 983 5898 ἀλλ’
1022 5849 1191 5919 αὑτὴν
1222 5849 1321 5920 τὴν
1359 5856 1635 5924 μακαρίαν
1668 5861 1756 5908 καὶ

435 5935 711 5995 Puro!"
747 5938 863 5999 GR.
907 5937 1024 5998 CLI
1039 5938 1109 6000 γ.

1859 4680 1968 4731 e5t;
2005 4669 2093 4720 hic
2125 4684 2255 4721 vero
2287 4669 2650 4736 proprietates
2675 4670 2911 4737 explicat
2936 4687 3055 4725 esse
3083 4674 3423 4742 ltypostascs.

1859 4760 2013 4824 Quod
2062 4760 2248 4827 utique
2283 4775 2389 4812 non
2422 4760 2669 4824 dixisset,
2716 4761 2819 4813 nisi
2870 4763 3010 4814 idem
3052 4774 3218 4831 atque
3267 4767 3426 4821 indif-

1861 4850 2043 4901 ferens
2069 4860 2229 4909 esset,
2282 4849 2325 4902 si
2360 4849 2485 4916 quis
2536 4850 2898 4918 proprietates
2949 4852 3063 4905 sive
3103 4854 3425 4923 ltypostases

1859 4940 2104 4991 eamdem
2138 4956 2248 4990 rem
2283 4956 2476 4993 vocare
2514 4941 2663 4993 velit.
2702 4940 2806 4994 Sed
2841 4953 2896 4996 et
2931 4958 3159 5009 magnus
3183 4946 3424 5001 Albana-

1860 5028 1995 5087 sius,
2027 5027 2078 5079 in
2127 5027 2405 5091 Oratione,
2435 5031 2578 5095 quod
2604 5040 2750 5083 recte
2784 5030 2927 5083 dicta
2960 5031 3030 5083 sit
3058 5047 3159 5085 vox
3208 5038 3425 5087 consub-

1858 5119 2124 5171 stantialis
2155 5120 2408 5173 Patribus
2435 5120 2487 5172 in
2514 5119 2690 5173 Nicaea
2718 5124 3079 5190 congregatis,
3102 5124 3218 5178 haec
3248 5128 3377 5180 dicit
3409 5148 3419 5182 :

1868 5230 1884 5260 ι
1922 5209 2129 5263 Idcirco
2159 5225 2337 5278 neque
2365 5219 2672 5263 creaturam
2718 5213 2855 5280 ejus,
2888 5214 2981 5279 qui
3020 5224 3103 5266 est
3146 5214 3306 5280 Deus,
3337 5219 3424 5269 di-

1861 5303 1998 5355 cetis
2027 5316 2147 5355 esse
2178 5302 2438 5365 oﬁiciutn,
2490 5302 2756 5370 siquidem
2803 5304 2961 5357 Pater
3010 5315 3065 5357 et
3128 5306 3267 5361 Deus
3315 5326 3422 5363 ιιυιι

1863 5398 2032 5462 ipsam
2068 5396 2205 5462 ejus,
2244 5396 2335 5463 qui
2394 5404 2496 5459 est,
2532 5395 2892 5448 substantiam
2945 5397 3277 5465 signiﬁcant,
3327 5404 3420 5455 Sed

1861 5485 2005 5537 aliud
2048 5485 2329 5552 quiddam,
2365 5485 2507 5551 quod
2555 5499 2650 5536 vos
2692 5486 2914 5554 ﬁngitis.
2943 5486 3097 5548 Quod
3132 5488 3173 5540 si
3210 5488 3312 5541 hoc
3339 5492 3423 5542 in-

1861 5578 2118 5629 decorum
2152 5587 2253 5637 est,
2287 5591 2349 5629 ac
2380 5574 2532 5627 valde
2570 5576 2791 5643 impium
2812 5577 2892 5628 vel
2914 5578 3363 5646 solumcogitare.
3399 5600 3416 5629 ι

1863 5668 1929 5720 lit
1982 5669 2145 5737 paulo
2200 5678 2362 5735 post:
2401 5688 2417 5717 ι
2484 5668 2741 5731 Quamvis
2794 5671 2937 5721 enim
2996 5685 3101 5721 non
3154 5673 3424 5738 possimus

1865 5760 2331 5830 comprehendere
2381 5760 2640 5826 quidnam
2687 5759 2904 5813 tandem
2955 5762 3042 5820 sit,
3089 5762 3182 5814 sed
3241 5774 3419 5817 tamen

1869 5873 1989 5909 cum
2023 5855 2273 5907 audimus
2310 5854 2407 5906 bas
2449 5868 2604 5906 voces
2642 5853 2800 5905 Pater
2834 5861 2885 5907 ct
2922 5852 3111 5916 Filius,
3158 5855 3334 5923 cpilex
3365 5863 3424 5912 et

3031 5947 3110 6013 ΞΒ
