4180 6458
189 504 280 566 8θὲ

1099 501 1195 560 DE
1240 495 1749 557 PROCESSIONE
1789 496 2150 556 Sl’lliiTUS
2191 495 2461 555 SANCTI

3302 491 3409 553 88?.

187 635 311 684 νης*
346 617 486 667 οὕτω
528 617 622 668 καὶ
655 618 718 667 τὰ
762 616 999 682 ἑπόμενα
1047 615 1123 681 τῷ
1157 614 1288 683 πρός
1330 630 1381 665 τι
1412 611 1750 664 ἀποδίδονται

1878 611 1941 663 rni
1998 611 2267 664 inexsistit
2325 610 2396 662 ob
2468 622 2737 663 summam
2784 606 3190 676 simplicitatem
3255 616 3419 676 atque

189 711 581 775 πραῇματικιῖις
605 711 669 776 τῇ
696 708 872 776 οὐσία,
903 707 1093 774 ἐφόσον
1118 707 1234 757 ἐστὶ
1279 706 1372 757 καὶ
1398 704 1530 772 πρός
1561 720 1630 763 τι,
1656 703 1751 754 καὶ

186 802 268 851 δὲ
292 799 444 850 τοῦτο
467 801 558 850 καὶ
579 801 637 850 τὸ
654 798 1056 868 πραγματικῶς
1084 796 1455 865 διακρίνεσθαι
1482 794 1578 845 καὶ
1603 795 1751 845 ἀντι⁴

189 894 393 942 κεῖτ’)αι
436 892 742 943 ἀποδίδοται
790 890 948 957 αὐτῇ,
991 890 1089 940 οὐκ
1129 890 1319 954 ἐφόσον
1353 888 1533 952 μέντοι
1572 885 1750 947 οὐσία,

190 982 297 1033 ἀλλ’
327 984 518 1049 ἐφόσον
555 983 687 1050 πρός
719 999 792 1033 τι.
825 982 904 1034 Ti
929 981 1041 1048 γὰρ
1070 981 1207 1047 πρός
1238 998 1311 1041 τι,
1345 979 1393 1029 εἰ
1426 978 1522 1030 καὶ
1552 978 1609 1028 ἐν
1638 978 1752 1037 τοῖς

192 1073 561 1139 συμϐεϐηκόσι
593 1074 958 1140 περιέχονται,
986 1072 1101 1123 ἀλλ’
1125 1072 1185 1122 οὐ
1216 1069 1500 1137 δηλοῦνται
1528 1068 1669 1120 κατὰ
1690 1068 1753 1119 τὸ

188 1166 511 1231 ἐνυπάρχειν
538 1180 551 1195 ο
589 1163 746 1228 λόγος
788 1164 898 1231 γὰρ
937 1161 1032 1215 τοῦ
1082 1160 1484 1231 συμϐεϐηκότος
1536 1160 1652 1211 ἐστὶ
1693 1157 1755 1209 τὺ

189 1258 531 1322 ἐνυπάρχειν.
566 1254 640 1315 ὡς
670 1256 702 1316 ἠ
746 1254 977 1321 ποσότης
1006 1256 1103 1305 καί
1137 1253 1361 1320 ποιότης
1382 1267 1396 1283 ο
1425 1250 1540 1303 ἀλλ’
1570 1250 1644 1310 ὡς
1675 1251 1755 1310 εἷς

186 1361 237 1393 τι
283 1342 387 1406 ἔξω
429 1339 678 1408 δηλοῦται
705 1358 719 1372 ο
752 1341 941 1407 ὥσπερ
982 1339 1324 1410 ήὲπιστήμη
1364 1338 1556 1402 ἐφόσον
1605 1337 1755 1388 ἐστὶν

186 1434 427 1499 ἀναφορὰ
454 1433 589 1498 πρὸς
616 1431 677 1483 τὺ
705 1431 1019 1500 ἐπιστητὸν,
1046 1432 1141 1482 καὶ
1164 1432 1259 1499 οὐχ
1289 1433 1361 1491 ὡς
1381 1430 1514 1493 ἕξις,
1544 1428 1660 1482 ἀλλ’
1681 1428 1756 1489 ὡς

188 1524 434 1590 ἀναφορὰ
456 1523 761 1589 θεωρεῖται,
790 1523 889 1574 οὐκ
914 1522 1029 1574 ἔστι
1050 1522 1143 1573 τοῦ
1165 1522 1523 1589 ἐπισταμένου
1545 1520 1619 1582 ὡς
1643 1519 1755 1583 ἕξις

188 1616 566 1681 ἐνυπάρχουσα
584 1612 845 1681 δηλονότι,
871 1613 1007 1665 ἀλλά
1028 1612 1121 1664 τοῦ
1140 1612 1432 1678 ἐπιστητοῦ
1456 1628 1469 1642 ο
1498 1612 1630 1677 πρὸς
1648 1612 1756 1679 γὰρ

186 1706 247 1755 τὸ
272 1705 561 1770 ἐπιστητὸν
587 1708 939 1774 ἀναφέρεται.
972 1705 1135 1757 ’ΌΟεν
1158 1705 1255 1756 καὶ
1283 1705 1338 1756 αἱ
1366 1704 1637 1771 ἀναφοραὶ
1658 1704 1755 1770 οὐχ

187 1798 357 1858 οὕτως
389 1798 571 1865 ἔχουσι
604 1799 743 1850 κατά
781 1798 873 1849 τὸν
903 1797 1099 1866 τρόπον
1132 1798 1232 1864 τῆς
1260 1797 1467 1860 οὐσίας,
1497 1794 1611 1847 ἀλλ’
1638 1794 1756 1861 Era:

192 1905 284 1953 ρον
313 1890 512 1955 τρόπον
549 1890 882 1958 κατηγορίας
908 1889 1059 1958 παρὰ
1086 1888 1153 1940 τὰ
1178 1888 1452 1949 οὐσιωδῶς
1487 1888 1757 1954 λεγόμενα

190 1982 249 2030 ὲν
286 1979 362 2046 τῷ
391 1978 529 2046 Θεῷ.
576 1980 640 2031 Ἡ
676 1980 775 2047 μὲν
822 1980 930 2047 γὰρ
967 1979 1123 2031 οὐσία
1166 1980 1225 2031 οὐ
1265 1980 1482 2045 λέγεται
1519 1981 1654 2047 πρός
1683 1997 1757 2047 τι,

188 2070 313 2122 οὐδέ
342 2087 395 2122 τι
426 2069 553 2123 ἄλλο
582 2070 745 2121 ταυτὸ
763 2073 827 2139 τῇ
858 2071 1018 2139 οὐσίᾳ
1034 2070 1143 2121 τῶν
1169 2072 1361 2131 κοινῶς
1390 2074 1483 2123 καὶ
1504 2071 1767 2123 ἀπολελυ-

196 2162 371 2229 μένως
403 2162 744 2228 λεγομένων·
790 2162 822 2228 ὴ
863 2160 923 2212 δὲ
955 2161 1230 2231 πατρότης
1265 2160 1355 2213 καὶ
1406 2162 1592 2230 υίότης
1623 2162 1763 2214 κατὰ

190 2256 293 2323 τὴν
336 2254 445 2305 τῶν
476 2254 825 2322 ἀναφορικῶν
854 2253 1017 2321 φύσιν
1048 2255 1183 2323 πρὸς
1218 2256 1451 2324 ἀλλήλας
1488 2256 1760 2323 λέγονται.

194 2347 457 2415 Καθάπερ
487 2341 579 2399 οὖν
601 2350 633 2416 ἡ
662 2347 822 2413 σοφία
846 2346 1064 2399 ἐπειδὰν
1092 2349 1149 2414 ἐν
1197 2349 1273 2418 τῷ
1298 2349 1467 2417 Harp".
1495 2350 1764 2419 θεωρῆται

191 2439 260 2505 τῇ
292 2437 426 2505 πρὸς
449 2438 546 2504 τὴν
575 2438 763 2490 οὐσίαν
796 2440 1044 2509 ἀναφορᾷ
1073 2458 1130 2491 τε
1169 2440 1264 2491 καὶ
1295 2440 1589 2508 ἁποϐλέψει
1612 2441 1764 2511 κοινή

194 2531 312 2580 ἐστι
346 2530 421 2597 τῷ
453 2530 565 2597 Υίῷ
585 2546 599 2559 ⁸
635 2535 732 2598 μία
763 2530 870 2599 γὰρ
894 2531 971 2599 τῷ
988 2532 1207 2601 ἀριθμῷ
1242 2532 1400 2600 σοφία
1430 2534 1575 2585 ἐστὶν
1599 2536 1625 2586 ό
1654 2537 1762 2587 Πα-

193 2622 302 2687 τὴρ
331 2622 422 2672 καὶ
452 2624 479 2674 ὁ
510 2622 634 2683 Υἱός
654 2638 668 2651 ⁸
706 2622 923 2675 ἐπειδὰν
951 2623 1006 2675 δὲ
1034 2623 1108 2685 ὡς
1140 2624 1382 2690 γεννῶσα
1415 2626 1574 2691 σοφία
1606 2626 1634 2677 ό
1658 2626 1767 2677 Πα-

194 2714 301 2779 τὴρ
332 2713 553 2780 νοῆται,
591 2714 693 2765 οὐκ
728 2713 873 2764 ἔστιν
907 2716 939 2782 ή
978 2714 1115 2782 αὐτὴ
1153 2718 1215 2783 τῆ
1248 2720 1479 2785 γεννητῇ
1515 2718 1698 2786 σοφίᾳ,
1731 2716 1765 2786 ἦ

196 2807 348 2856 ἐστιν
384 2807 411 2856 ὁ
444 2806 566 2867 Υἱὸς
599 2810 738 2858 κατὰ
764 2808 823 2858 τὸ
846 2809 1043 2874 γεννᾷν
1074 2808 1169 2859 καὶ
1203 2809 1497 2873 γεννᾶσθαι
1526 2808 1767 2877 δηλονότι

194 2896 285 2947 διὰ
318 2897 415 2964 τὴν
450 2899 585 2966 πρὸς
606 2897 807 2964 ἄλληλα
834 2899 1115 2970 ἀναφοράν
1134 2911 1148 2924 ’
1183 2898 1325 2950 οὕτω
1351 2899 1413 2967 δὴ
1446 2898 1540 2951 καὶ
1568 2900 1769 2968 πατρό-

193 3003 299 3053 της
322 2988 416 3039 καί
446 2990 626 3056 υἱότης
653 2991 723 3058 τῇ
756 2990 854 3057 μὲν
900 2989 1032 3058 πρὸς
1068 2989 1164 3058 τὴν
1189 2990 1377 3041 οὐσίαν
1402 2993 1646 3061 ἀναφορᾷ
1676 2991 1768 3044 οὐ-

197 3075 292 3126 σία
326 3077 444 3127 ἐστὶ
475 3078 571 3129 καὶ
596 3078 653 3128 τὸ
680 3078 834 3141 αὐτὸ,
866 3081 933 3149 τῇ
970 3078 1027 3130 δὲ
1058 3080 1193 3150 πρὸς
1224 3079 1460 3147 ἀλλήλας
1500 3080 1770 3134 ἀντιθέσει

195 3167 338 3218 εἰσὶν
363 3167 733 3234 ἀντικείμενα,
765 3169 858 3220 καὶ
883 3168 993 3221 οὐδ’
1026 3170 1188 3239 ἑτέρα
1214 3171 1451 3239 ἡὲτὲρα.
1486 3172 1638 3223 Ἐπεὶ
1664 3173 1770 3242 γάρ

1856 702 2119 755 tmitatem
2155 719 2168 756 :
2207 702 2311 754 nisi
2339 701 2579 755 crassius
2611 700 2929 766 accipiatur,
2954 697 3415 766 quemadmodum

1853 803 1908 845 et
1942 809 2134 847 manus
2154 805 2208 847 et
2235 793 2398 862 pedes
2426 792 2481 846 in
2514 793 2622 846 Deo
2656 792 2914 850 dicimus,
2950 802 3045 844 aut
3073 792 3115 844 si
3156 790 3419 845 diﬁ'eren-

1858 887 1928 939 tia
1974 887 2358 941 consideretur
2412 886 2641 948 ratione,
2686 901 2792 939 non
2833 901 2931 939 rc:
2983 885 3063 938 sic
3109 886 3273 937 etiam
3298 897 3421 952 quze

1855 986 2267 1045 censequuntur
2306 976 2623 1030 relationem
2671 976 3050 1028 attribuuntur
3100 974 3421 1027 substantia:

1855 1064 2077 1116 realitcr
2106 1073 2377 1131 quatenus
2405 1070 2567 1117 estet
2609 1061 2820 1122 relatio,
2845 1072 2902 1115 ct
2932 1073 3222 1130 propterea
3253 1061 3419 1114 etiam

1854 1156 1999 1222 quod
2032 1154 2402 1223 distinguatur
2434 1155 2673 1218 realiter,
2710 1162 2766 1209 et
2805 1165 3137 1223 opponatur,
3171 1154 3428 1208 attribui-

1859 1254 1945 1298 tur
1996 1245 2118 1312 ipsi,
2153 1261 2262 1298 non
2303 1254 2485 1299 tamen
2537 1257 2808 1314 quatenus
2839 1258 2922 1301 est
2956 1248 3283 1309 substantia,
3326 1246 3423 1300 sed

1857 1349 2129 1404 quatenus
2175 1348 2257 1391 est
2310 1338 2524 1400 relatio,
2571 1353 2691 1406 quae
2726 1340 2870 1391 enim
2911 1347 3039 1392 sunt
3091 1337 3155 1390 ad
3192 1338 3421 1407 aliquid,

1858 1427 2108 1496 quamvis
2164 1429 2306 1482 inter
2368 1430 2673 1483 accidentia
2722 1429 3251 1493 contineantur,scd
3311 1446 3421 1483 non

1858 1520 2237 1589 signiﬁcantur
2287 1521 2589 1574 secundum
2628 1520 2966 1574 inexsistere.
2994 1519 3247 1574 Deﬁnitio
3276 1520 3421 1571 cnim

1857 1613 2160 1666 accidentis
2210 1622 2292 1666 est
2333 1613 2681 1673 incxsistere,
2713 1621 2771 1664 ut
2808 1611 3102 1680 quantitas,
3133 1620 3187 1664 et
3250 1612 3425 1679 quali-

1861 1716 1966 1766 tas,
2002 1703 2097 1757 sed
2142 1702 2336 1757 relatio
2389 1703 2731 1771 signiﬁcatur
2771 1719 2869 1772 per
2906 1703 2973 1757 ad
3020 1704 3167 1757 aliud
3217 1705 3426 1757 extrin-

1861 1808 2057 1858 secus;
2089 1794 2232 1849 sicut
2287 1794 2539 1856 scientia,
2580 1804 2850 1861 quatenus
2890 1801 2975 1847 est
3026 1793 3218 1846 relatio
3272 1793 3337 1845 ad
3373 1793 3423 1844 id

1860 1887 2005 1956 quod
2053 1888 2250 1947 scitur,
2274 1900 2452 1955 neque
2489 1895 2549 1939 ut
2586 1886 2829 1949 habitus,
2862 1884 2956 1939 sed
2985 1894 3045 1937 ut
3076 1885 3268 1938 relatio
3298 1900 3427 1938 con-

1864 1984 2158 2046 sideratur,
2215 1998 2322 2036 non
2375 1991 2459 2038 cst
2501 1983 2745 2041 scientis.
2802 1992 2860 2035 ut
2920 1982 3162 2047 habitus,
3218 1984 3429 2038 scilicet

1865 2075 2215 2135 inexsistens.
2252 2074 2345 2128 sed
2399 2075 2626 2129 scibilis.
2656 2077 2735 2127 Ad
2772 2076 2964 2129 scibile
2988 2076 3133 2128 enim
3173 2077 3427 2131 refertur.

1865 2164 2021 2221 Unde
2064 2177 2119 2220 et
2163 2167 2458 2220 relationes
2502 2182 2611 2220 non
2667 2168 2738 2222 ita
2792 2182 2850 2222 se
2885 2165 3089 2222 habent
3129 2170 3429 2223 secundum

1866 2257 2089 2311 modum
2126 2257 2467 2320 substantia,
2504 2257 2599 2311 sed
2636 2258 2937 2311 secundum
2987 2259 3153 2311 alium
3209 2258 3433 2312 modum

1866 2350 2306 2419 praedicamenti,
2347 2359 2543 2415 praeter
2592 2363 2656 2401 ca
2708 2362 2829 2416 qua:
2881 2348 3318 2402 substantialiter
3347 2348 3433 2401 di-

1867 2451 2069 2496 cuntur
2128 2442 2181 2495 in
2233 2442 2365 2494 Deo.
2417 2440 2732 2495 Substantia
2781 2442 2926 2494 enim
2975 2456 3083 2494 non
3134 2440 3338 2495 dicitur
3367 2440 3434 2493 ad

1868 2531 2103 2600 aliquid;
2141 2545 2321 2600 neque
2351 2530 2555 2598 aliquid
2581 2530 2725 2582 aliud
2760 2528 3159 2584 identiﬁcatum
3187 2530 3440 2584 substan-

1869 2624 1958 2678 tiae
1998 2639 2061 2677 ex
2110 2623 2177 2678 iis
2231 2638 2348 2693 quin
2395 2622 2760 2676 communiter
2795 2630 2846 2675 et
2872 2622 3121 2676 absolute
3151 2621 3436 2676 dicuntur.

1870 2715 2171 2770 I'aternitas
2220 2724 2401 2768 autem
2451 2725 2615 2782 atque
2669 2713 3215 2774 ﬁliatio,secundum
3271 2722 3431 2767 natu-

1871 2823 1985 2862 ram
2045 2806 2425 2868 relativorum,
2452 2805 2519 2858 ad
2565 2804 2799 2860 invicem
2846 2805 3127 2857 dicuntur.
3161 2803 3437 2870 Quemad-

1871 2898 2090 2952 modum
2129 2898 2294 2965 igitur
2343 2896 2609 2965 sapientia
2642 2894 2863 2964 quando
2916 2895 2969 2948 in
3003 2895 3161 2949 Patre
3193 2896 3444 2948 conside-

1870 2997 2046 3052 ratur,
2095 2991 2383 3051 relatione,
2425 2999 2586 3057 atque
2646 2999 2899 3056 respectu
2952 2988 3018 3041 ad
3081 2988 3441 3042 substantiam

1871 3081 2177 3137 communis
2208 3089 2293 3134 est
2345 3080 2499 3143 Filio,
2524 3096 2629 3133 una
2670 3081 2815 3133 enim
2857 3094 3086 3133 numero
3115 3087 3200 3133 est
3222 3080 3444 3147 sapien-

1872 3171 1946 3225 tia
1979 3171 2136 3224 Pater
2190 3180 2246 3224 et
2296 3169 2486 3223 Filius.
2522 3169 2655 3224 Cum
2704 3184 2834 3222 vero
2877 3170 3256 3223 consideratur
3286 3168 3446 3223 Pater

196 3262 318 3311 ἐστι
348 3262 403 3311 ὲν
425 3259 501 3327 τῷ
530 3260 648 3329 Θεῷ
679 3260 857 3312 τελεία
885 3263 1162 3330 πατρότης
1189 3264 1282 3315 καὶ
1313 3264 1516 3331 υίότης,
1552 3265 1771 3317 ἐπειδὰν

1878 3271 1930 3316 ιιι
1964 3262 2231 3331 sapientia
2286 3275 2571 3330 generans.
2621 3276 2728 3313 non
2762 3268 2845 3312 est
2885 3260 3078 3314 eadem
3106 3275 3231 3314 cum
3264 3262 3465 3334 genita.

195 3354 613 3422 ἀπολελυμένως
655 3357 711 3406 ἐν
738 3356 802 3423 τῇ
833 3355 988 3424 οὐσίᾳ
1022 3354 1332 3423 θεωρῶνται
1355 3397 1370 3422 ,
1404 3360 1467 3425 τῇ
1504 3358 1601 3425 μὲν
1639 3358 1773 3427 πρὸς

196 3448 301 3513 τὴν
334 3446 523 3497 οὐσίαν
554 3446 801 3514 ἀναφορᾷ
827 3446 935 3497 είσι
970 3447 1027 3498 τὸ
1063 3447 1217 3509 αὐτὸ,
1256 3447 1447 3516 ὥσπερ
1482 3450 1575 3501 καὶ
1604 3449 1773 3502 τᾶλλα

196 3540 269 3589 τὰ
290 3538 707 3605 ἀπολελυμένως
738 3541 803 3606 τῇ
823 3537 982 3606 οὐσία
1011 3538 1105 3590 τοῦ
1134 3538 1269 3591 Θεοῦ
1295 3540 1680 3610 ἀποδιδόμενα,
1707 3546 1772 3612 τῇ

196 3631 257 3682 δὲ
276 3629 411 3698 πρὸς
434 3627 667 3696 ἀλλήλας
694 3628 963 3681 ἀντιθέσει
988 3630 1128 3681 εἰσιν
1151 3631 1505 3701 ἀντικείμενα
1541 3635 1680 3686 κατά
1707 3635 1777 3687 τὰ

198 3719 341 3787 πρός
370 3735 422 3768 τι
442 3732 454 3743 ·
482 3716 619 3769 ὥστε
646 3715 787 3768 κατά
808 3717 903 3784 μὲν
922 3716 982 3767 τὸ
998 3715 1094 3784 τὴν
1122 3719 1431 3787 πατρότητα
1456 3721 1511 3770 ὲν
1528 3720 1590 3787 τῇ
1619 3719 1778 3789 οὐσίᾳ.

198 3806 549 3877 θεωρεῖσθαι,
586 3804 709 3857 ἐπεὶ
729 3805 1031 3872 τηνικαῦτα
1062 3806 1251 3869 ἁπλῶς
1281 3808 1355 3869 ὡς
1385 3809 1542 3861 οὐσία
1567 3808 1777 3876 λαμὸά-

196 3917 379 3960 vacat,
404 3900 435 3966 ὴ
465 3897 737 3964 ¹πικρότης
766 3897 823 3946 ὲν
846 3895 923 3964 τῷ
954 3895 1064 3965 Υίῷ
1083 3898 1218 3959 ἔστι,
1246 3900 1339 3951 καὶ
1361 3900 1392 3969 ἡ
1413 3900 1595 3970 υἰότης
1620 3902 1677 3952 ὲν
1701 3898 1778 3970 τῷ

202 3993 385 4059 lla-rp).
412 3990 550 4041 κατὰ
578 3988 647 4039 τὰ
680 3987 833 4040 κοινά
865 4003 1007 4055 φημι
1041 3989 1134 4041 καὶ
1165 3990 1397 4041 ἁπολελυ
1410 3993 1566 4059 μένα,
1588 3992 1777 4063 ὥσπερ

198 4087 267 4154 δὴ
288 4084 387 4137 καὶ
415 4082 513 4153 μία
540 4081 701 4148 σοφία
723 4082 819 4133 καὶ
841 4078 997 4131 οὐσία
1028 4082 1123 4133 καὶ
1151 4080 1380 4149 δύναμις
1404 4086 1435 4152 ὴ
1472 4085 1607 4155 αὐτή
1631 4087 1780 4138 ἐστιν

198 4178 441 4245 ἀμφοίνο
474 4176 615 4228 κατὰ
640 4172 696 4225 δὲ
727 4171 787 4227 τὸ
817 4170 890 4240 μὴ
948 4173 1265 4242 θεωρεῖσθαι
1301 4176 1439 4227 κατὰ
1466 4176 1554 4226 τὸν
1582 4178 1781 4244 τρόπον

196 4269 306 4332 τῆς
339 4265 548 4330 οὐσίας,
587 4266 683 4319 καὶ
715 4267 821 4319 τῶν
850 4270 907 4320 ὲν
948 4270 1083 4336 αὐτῇ
1121 4266 1394 4328 οὐσιωδῶς
1430 4267 1740 4335 λεγομένων
1761 4310 1775 4328 ,

201 4360 331 4412 κατ’
354 4359 540 4410 οὐδένα
568 4362 821 4428 τρόπονή
856 4360 1135 4429 πατρότης
1164 4359 1313 4410 ἐστὶν
1346 4357 1553 4426 υίότης,
1586 4359 1780 4425 ἐφόσον

200 4452 351 4522 πρὸς
380 4451 614 4520 ἀλλήλας
640 4452 1031 4521 ἀντικειμένως
1061 4451 1307 4516 λέγονται
1340 4452 1479 4503 κατὰ
1508 4451 1599 4503 τὸν
1624 4450 1780 4519 λόγον

198 4545 301 4596 τοῦ
322 4544 456 4612 πρός
477 4560 562 4595 τι·
590 4542 712 4594 καθ’
741 4542 801 4594 ὃν
824 4544 1024 4611 τρόπον
1051 4545 1145 4596 καὶ
1173 4543 1205 4611 ἡ
1236 4541 1465 4611 γεννητη
1498 4543 1656 4610 σοφία
1678 4545 1779 4597 οὐκ

1877 3354 2163 3422 sapientia,
2190 3370 2311 3422 qua:
2341 3363 2423 3408 est
2451 3352 2642 3418 Filius,
2662 3351 2920 3405 nimirum
2949 3354 3249 3406 secundum
3282 3368 3447 3422 geneo

1878 3458 2018 3505 rare,
2054 3452 2112 3497 et
2171 3443 2420 3508 generari
2460 3450 2680 3509 propter
2710 3440 3031 3494 relationem
3063 3441 3129 3493 ad
3162 3440 3396 3495 invicem
3429 3461 3443 3497 :

1878 3527 1952 3590 ita
1983 3550 2113 3590 sane
2139 3543 2194 3589 et
2243 3534 2566 3603 paternitas,
2614 3542 2777 3602 atque
2815 3532 3001 3586 ﬁliatio
3040 3534 3306 3587 relatione
3328 3534 3449 3603 qni-

1876 3629 1998 3682 dem
2031 3627 2097 3680 ad
2141 3625 2529 3689 substantiam,
2584 3624 2891 3678 substantia
2930 3634 3013 3679 est
3072 3637 3237 3693 atque
3278 3625 3445 3688 idem,

1876 3717 2221 3788 appositione
2279 3732 2409 3770 vero
2460 3716 2526 3770 ad
2578 3716 2817 3771 invicem
2862 3728 2990 3771 sunt
3041 3718 3348 3786 oppositae,
3391 3727 3449 3771 et

1879 3819 2072 3865 neutra
2120 3819 2207 3864 est
2286 3810 2479 3863 altera.
2531 3808 2803 3874 Quoniam
2870 3809 3016 3864 enim
3073 3810 3125 3863 in
3174 3811 3285 3864 Deo
3326 3826 3451 3879 per-

1879 3904 2017 3958 fecta
2064 3912 2151 3956 est
2204 3903 2527 3970 paternitas,
2570 3911 2627 3957 et
2682 3901 2893 3964 ﬁliatio,
2944 3917 3067 3957 cum
3110 3903 3360 3957 absolute
3393 3905 3447 3957 in

1878 3992 2181 4049 substantia
2243 3992 2696 4056 considerantur,
2751 3993 3018 4048 relatione
3090 3994 3314 4063 quidem
3381 3995 3447 4047 ad

1878 4087 2242 4141 substantiam
2274 4092 2403 4139 sunt
2461 4084 2628 4148 idem,
2657 4085 2796 4138 sicut
2826 4094 2883 4138 et
2918 4095 3112 4140 caetera
3145 4102 3266 4155 qua:
3296 4086 3451 4140 allb'U-

1879 4179 1993 4234 lutc
2023 4178 2340 4232 substantia:
2369 4177 2465 4231 Dei
2513 4177 2913 4242 attribuuntur,
2946 4179 3294 4246 oppositione
3321 4195 3451 4233 vero

1881 4272 1947 4326 ad
1979 4271 2214 4325 invicem
2249 4277 2380 4323 sunt
2425 4271 2714 4338 oppositas,
2764 4270 3066 4323 secundum
3116 4286 3178 4324 ea
3228 4288 3349 4340 qua!
3382 4275 3449 4326 ad

1880 4358 2089 4427 aliquid
2134 4358 2416 4414 dicuntur.
2450 4357 2602 4413 Adeo
2663 4369 2724 4413 ut
2757 4360 3068 4413 secundum
3115 4362 3271 4426 illud,
3304 4364 3448 4430 quod

1880 4451 2179 4520 paternitas
2254 4450 2309 4504 in
2362 4448 2664 4504 substantia
2719 4450 3133 4516 consideratur,
3190 4455 3447 4522 quoniam

1884 4553 2014 4597 tunc
2042 4542 2365 4611 simpliciter
2414 4552 2476 4597 ut
2514 4541 2818 4596 substantia
2865 4545 3120 4607 sumitur,
3151 4547 3449 4613 paternitas

200 4638 362 4687 ἐστιν
395 4636 429 4703 ἡ
458 4634 773 4704 γεννητική,
804 4635 981 4687 καίτοι
1018 4634 1144 4701 μιᾶς
1182 4631 1348 4700 οὔσης
1388 4634 1611 4699 ἀμφοῖν,
1645 4635 1774 4701 μᾶλ-

1884 4644 1969 4688 est
2010 4634 2064 4689 in
2113 4635 2273 4697 Filio,
2302 4644 2358 4688 et
2412 4632 2601 4688 ﬁliatio
2642 4634 2696 4688 in
2756 4635 2934 4700 Patre,
2988 4640 3314 4700 secundum,
3368 4638 3455 4691 in—

197 4729 301 4782 λον
334 4729 389 4780 δὲ
421 4728 516 4794 μία
546 4727 731 4795 ἄμφω.
765 4725 838 4778 οὐ
869 4725 1048 4777 τοίνυν
1080 4726 1160 4777 ὃτι
1203 4723 1300 4793 μία
1334 4724 1491 4777 οὐσία
1521 4725 1638 4777 ἐστὶ
1672 4726 1781 4787 τοῖς

199 4820 414 4889 τρισὶν,
443 4818 541 4886 ήδη
574 4820 670 4871 καὶ
700 4820 733 4888 ή
765 4815 1012 4887 ἀναφορὰ
1042 4814 1135 4868 τοῦ
1168 4816 1463 4887 προσώπου
1495 4816 1649 4885 κοινὴ
1672 4819 1784 4880 τοῖς

196 4911 364 4981 τρισὶ
388 4909 477 4961 διὰ
510 4910 607 4978 τὴν
628 4908 900 4961 ἀντίθεσιν
924 4908 1060 4974 πρὸς
1086 4906 1317 4977 ἀλλήλας
1341 4907 1451 4959 τῶν
1475 4907 1783 4976 ἀναφορῶν.

213 5004 283 5053 'H
321 5002 459 5068 αὐτὴ
513 5001 623 5069 γὰρ
654 5001 921 5068 ἀναφορὰ,
945 4999 1021 5060 ὡς
1052 4999 1289 5068 εἴρηται,
1333 4998 1471 5050 κατὰ
1497 4998 1587 5050 τδν
1632 4999 1786 5065 λόγον

197 5095 307 5146 τοῦ
341 5095 541 5146 οἰκείου
565 5095 752 5159 γένους
773 5095 964 5159 ἐφόσον
996 5095 1142 5146 ἐστὶν
1165 5094 1432 5163 ἀναφορὰ,
1470 5095 1568 5146 οὐκ
1596 5093 1704 5161 ἔχει
1728 5095 1788 5147 τὸ

200 5184 359 5239 εἶναι
392 5188 449 5236 ὲν
481 5186 645 5253 ἄλλῳ,
679 5186 816 5239 ἀλλά
845 5186 1044 5254 μᾶλλον
1074 5186 1131 5237 τὸ
1157 5182 1297 5239 εἶναι
1342 5186 1473 5255 πρὸς
1513 5186 1661 5239 ἄλλο.
1700 5186 1789 5247 Ὠς

200 5282 323 5346 γὰρ
360 5277 617 5344 ἐλέγομεν
641 5278 703 5329 ὲκ
740 5277 846 5328 τῶν
875 5278 969 5328 τοῦ
1000 5278 1154 5344 ἁγίου
1192 5277 1441 5345 Μαξίμου
1475 5277 1787 5344 παριστῶνο

199 5385 328 5429 τες,
361 5367 409 5418 εί
440 5368 534 5420 καὶ
556 5367 613 5418 τὸ
640 5367 767 5419 αὐτό
789 5369 903 5420 ἐστι
934 5370 1218 5438 πρᾶγμαή
1246 5369 1437 5436 θεότης
1469 5369 1562 5419 καὶ
1589 5368 1621 5436 ή
1648 5368 1781 5418 ὐπό-

202 5476 432 5520 στασις,
476 5461 573 5512 οὐκ
608 5461 655 5511 εἰ
682 5461 715 5529 ἡ
751 5460 941 5527 θεότης
988 5462 1018 5530 ἡ
1053 5459 1211 5527 αὐτὴ,
1236 5460 1331 5512 καὶ
1356 5461 1387 5528 ή
1417 5458 1719 5518 ὑπόστασις
1757 5458 1789 5524 ἡ

204 5552 382 5618 αὐτή.
425 5550 487 5603 Ἢ
530 5550 638 5619 γὰρ
676 5551 973 5611 ὑπόστασις
1018 5551 1111 5603 τοῦ
1149 5551 1359 5619 Πατρός
1392 5553 1539 5602 ἐστιν
1585 5548 1725 5618 αὐτὴ
1758 5550 1789 5617 ὴ

206 5638 436 5705 θεότης,
462 5639 557 5689 καὶ
575 5641 607 5706 ή
638 5639 793 5691 οὐσία
817 5640 908 5692 τοῦ
933 5640 1084 5705 Υίοῦ,
1103 5640 1175 5702 ὡς
1196 5640 1486 5701 δέδεικται,
1512 5637 1645 5691 καθὸ
1665 5637 1795 5689 θεω-

208 5731 400 5798 ρεῖται
421 5731 479 5781 ὲν
501 5729 577 5797 τῷ
599 5730 790 5799 Πατρὶ,
814 5732 907 5783 καὶ
928 5733 991 5783 οὐ
1014 5732 1147 5784 καθὸ
1173 5732 1458 5800 θεωρεῖται
1486 5731 1619 5799 πρὸς
1643 5730 1789 5781 ἄλλο.

222 5820 515 5871 Ἐπεὶ.καὶ
546 5822 577 5887 ἡ
613 5824 706 5873 τοῦ
734 5822 859 5875 Υίοῦ
885 5823 1178 5883 ὑπόστασις
1224 5822 1414 5890 θεο-ης
1447 5820 1541 5871 ταῦ
1588 5822 1794 5885 Πατρός

252 5928 342 5964 στι
383 5912 524 5965 κατά
564 5912 652 5964 τόν
692 5913 854 5967 αὐτὸν
898 5915 1072 5979 λόγον,
1119 5915 1178 5965 οὐ
1231 5916 1336 5983 μὴν
1373 5916 1403 5981 ή
1442 5912 1533 5964 τοῦ
1587 5911 1794 5979 Πεῑτρός

1883 4741 2068 4793 quam,
2111 4727 2428 4781 communia
2470 4734 2527 4780 et
2566 4727 2838 4781 absoluta.
2873 4730 3028 4782 Sicut
3063 4731 3229 4783 etiam
3258 4742 3314 4783 et
3345 4748 3451 4784 una

1884 4817 2176 4886 sapientia,
2206 4828 2262 4872 et
2305 4818 2634 4883 substantia,
2669 4827 2832 4886 atque
2875 4819 3114 4886 potentia
3142 4821 3332 4876 cadent
3369 4834 3454 4877 est

1887 4908 1941 4961 ln
1993 4908 2287 4964 ambobus.
2310 4908 2444 4962 Cum
2480 4924 2612 4962 vero
2642 4909 3064 4965 considerantur
3115 4928 3222 4966 non
3256 4929 3455 4968 secun-

1891 4999 2021 5053 dum
2081 5001 2302 5053 modum
2358 5000 2699 5065 substantiae,
2757 5010 2812 5053 et.
2863 5017 3053 5056 eorum
3104 5019 3225 5072 quae
3255 5006 3308 5058 in
3341 5008 3456 5075 ipsa

1889 5092 2317 5144 substantialiter
2360 5090 2654 5153 dicuntur,
2708 5092 2859 5145 nullo
2920 5095 3085 5147 modo
3146 5099 3456 5164 paternitas

1888 5192 1971 5236 est.
2002 5183 2212 5245 ﬁliatio,
2251 5192 2523 5250 quatenus
2566 5182 2632 5236 ad
2667 5183 2897 5237 invicem
2926 5187 3173 5254 opposite
3198 5188 3460 5242 dicuntur

1890 5273 2188 5326 secundum
2222 5273 2489 5326 rationem
2546 5272 2679 5341 eius,
2712 5273 2855 5340 quod
2907 5285 2991 5328 est
3024 5277 3091 5329 ad
3121 5278 3363 5344 aliquid;
3394 5281 3459 5334 ad

1891 5379 2051 5430 quem
2077 5363 2296 5416 modum
2330 5364 2494 5418 etiam
2525 5372 2780 5433 generata
2818 5366 3085 5433 sapientia
3116 5384 3223 5420 non
3258 5380 3342 5423 est
3364 5387 3457 5437 ge-

1895 5456 2160 5520 nerativa,
2195 5458 2447 5524 quamvis
2490 5473 2591 5509 una
2621 5458 2690 5510 sit
2717 5460 3005 5512 amborum
3035 5461 3323 5524 sapientia,
3356 5465 3463 5516 imo

1897 5564 2025 5599 vero
2061 5563 2167 5601 una
2204 5550 2314 5602 sint
2359 5551 2534 5602 ambo.
2577 5551 2694 5604 Non
2742 5552 2905 5622 igitur
2929 5554 3053 5621 quia
3089 5569 3193 5607 una
3222 5564 3305 5609 est
3335 5556 3466 5609 sub:

1896 5639 2094 5693 stantia
2148 5640 2341 5698 tribus.
2394 5641 2654 5694 continuo
2689 5651 2743 5695 et
2796 5643 2987 5696 relatio
3034 5659 3277 5711 persona:
3310 5661 3464 5697 rom-

1900 5732 2080 5783 munis
2111 5740 2193 5783 est
2226 5732 2397 5783 tribus
2444 5742 2664 5800 preptcr
2697 5734 3095 5801 Oppositionem
3131 5737 3196 5788 ad
3230 5737 3461 5790 iuvit-em

1904 5818 2275 5872 relatimrum.
2324 5818 2524 5873 Eadem
2575 5822 2721 5873 enim
2780 5824 2991 5883 relatio,
3031 5833 3087 5874 ut
3119 5824 3328 5877 (“t’llllll
3356 5838 3458 5885 est,

1903 5909 2200 5964 secundum
2253 5923 2515 5966 TalLtttllQll)
2567 5913 2769 5978 proprii
2815 5918 3339 5983 generis,quatcnus
3376 5932 3460 5968 re-
