4180 6458
214 419 327 483 889

1138 434 1235 493 DE
1274 435 1795 515 PROCESSIONE
1837 444 2198 507 Sl‘llil'l‘US
2241 455 2541 513 SANtTl.

3356 464 3462 527 8‘30

210 530 475 595 derivem
514 531 698 586 ταῦτα
732 533 785 586 δὲ
815 535 872 586 οὗ
909 541 1054 605 σαφῆ
1087 542 1249 609 μόνον
1280 547 1392 616 ἔχει
1420 550 1517 618 τὴν
1549 551 1775 621 βὶασφη,

215 621 345 640 -!_,_
411 620 525 640 1“!
641 625 651 640 ἱ
769 625 852 640 εξν
986 631 1074 640 ι..Δ

1892 562 2074 612 omnia
2112 573 2239 616 sunt
2268 567 2471 633 genita,
2502 575 2555 618 et
2581 576 2786 627 creata.
2819 567 3000 621 divina
3035 571 3369 640 hypostasis.
3406 580 3464 625 et

210 621 366 687 μίαν,
402 620 536 674 ἀλλὰ
567 625 662 676 καὶ
698 625 900 696 πολλὴν
947 631 1203 698 εὐήθειαν
1233 639 1326 688 τοῦ
1358 642 1641 707 εἰρηκότος
1673 620 1777 694 rem;

211 710 483 778 ρίστησιν.
521 714 800 781 .⁹Ηγνὸησε
838 720 944 787 γὰρ
977 725 1254 787 παντελῶς
1284 728 1356 788 ὡς
1388 730 1447 780 οὐ
1474 732 1672 782 ταυτὸν
1702 727 1783 784 εἶ-

209 817 316 850 πον
363 804 410 852 οἱ
453 802 691 872 θεώόγοι
722 809 780 859 ού
840 812 915 878 τῷ
951 815 1271 883 πράγματι,
1309 820 1445 871 ἀλλὰ
1497 821 1573 889 τῷ
1618 801 1779 893 ὶξόγῳ.

211 894 348 985 illo}
386 895 493 962 γὰρ
523 898 651 950 ἄλλο
681 916 733 951 τι
768 904 998 971 πρᾶγμά
1042 908 1191 959 ἐστιν
1222 911 1254 977 ἡ
1292 911 1469 972 οὐσία,
1501 913 1629 966 ἄλλο
1659 917 1712 968 δὲ
1746 919 1778 985 ή

208 982 533 1047 ὑπόστασις,
562 989 813 1059 καθάπερ
841 993 1128 1059 δέδεικται,
1155 1002 1250 1052 καὶ
1271 1002 1352 1052 ὅτι
1378 1002 1435 1053 τὸ
1460 1004 1515 1055 ἓν
1539 1004 1613 1066 ὡς
1634 1005 1783 1071 ὀμώ-

204 1091 381 1140 νυμον
429 1078 713 1147 πολλαχῶς
761 1083 984 1137 δύναται
1031 1089 1421 1159 λαμϐάνεσθαι.
1466 1098 1560 1148 Ἓν
1588 1099 1695 1167 γάρ
1727 1116 1779 1151 τι

205 1163 452 1255 λέγεται,
490 1169 583 1219 καὶ
615 1170 746 1221 ὅταν
778 1188 830 1224 τι
882 1175 1100 1248 ὑπάρχῃ
1146 1179 1204 1231 ἒν
1242 1181 1320 1247 τῷ
1352 1163 1605 1252 ἀριθιῷ,
1704 1187 1780 1255 τῷ

201 1253 521 1322 πράγματι,
567 1261 661 1312 καὶ
693 1263 822 1314 ὅταν
852 1265 910 1315 ἓν
958 1268 1035 1336 τῷ
1064 1268 1205 1335 λόγῳ
1234 1286 1251 1302 ⁶
1280 1273 1544 1337 ὡσαύτως
1578 1276 1640 1344 δὴ
1686 1281 1781 1330 καὶ

200 1343 266 1393 τὸ
294 1345 392 1411 οὐχ
424 1346 502 1402 ἓν.
536 1351 607 1400 Τὸ
640 1348 733 1403 οὖν
766 1355 864 1423 οὔχ
893 1356 950 1409 ἐν
979 1360 1058 1427 τῷ
1090 1362 1232 1431 λόγῳ
1271 1364 1362 1416 ἐπὶ
1388 1365 1481 1418 τοῦ
1517 1343 1779 1437 πράγμα-

200 1451 298 1496 τος
330 1437 682 1508 εἰλημμένον,
712 1444 803 1495 τὸν
830 1449 1239 1519 παραλογισμὸν
1288 1455 1603 1523 εἰργάσατο.
1644 1460 1782 1511 Τού-

201 1542 323 1587 τοις
354 1532 467 1590 τοῖς
511 1530 692 1597 λόγοις
724 1536 1069 1606 ἐξελέγχεται
1119 1545 1213 1596 καὶ
1260 1547 1368 1597 πᾶν
1411 1547 1599 1617 ἓτερον
1649 1553 1779 1619 παρ’

205 1615 391 1666 αὐτῶν
423 1623 857 1690 προτεινόμενον.
897 1627 969 1678 Τὸ
1000 1630 1105 1697 γὰρ
1136 1632 1263 1683 ἄλλο
1292 1634 1384 1683 καὶ
1418 1615 1565 1700 ἄλλο,
1599 1639 1692 1689 καὶ
1718 1615 1779 1689 τὸ

203 1704 268 1754 οὐ
298 1709 482 1769 much,
515 1710 575 1760 οὐ
606 1709 681 1778 τῷ
716 1713 1016 1782 πράγματι,
1045 1717 1182 1768 ἀλλὰ
1232 1719 1308 1787 τῷ
1340 1719 1483 1790 λόγῳ
1516 1725 1778 1791 μεγίστην

201 1794 319 1861 ἔχει
350 1797 447 1865 τὴν
474 1802 624 1868 ἰσχὺν
650 1806 742 1855 ἐπὶ
764 1806 862 1871 τῆς
878 1808 984 1859 τῶν
1013 1811 1210 1861 οὑτωσὶ
1238 1814 1670 1880 προτεινομένων
1686 1816 1780 1865 λύ-

202 1900 369 1945 σεωςο
402 1886 429 1936 ὃ
460 1893 555 1939 καί
587 1893 679 1942 ἐπὶ
708 1894 817 1943 τῶν
844 1898 1127 1963 παρόντων
1155 1898 1268 1952 ἔστι
1300 1901 1548 1969 θεωρεῖν,
1591 1904 1649 1956 Ὀ
1674 1904 1780 1973 γὰρ
1817 1900 1855 1953 Β

198 1975 339 2037 Θεὸς
359 1977 576 2044 λέγεται
607 1983 765 2035 οὐσία
794 1989 886 2039 καὶ
913 1989 1074 2057 σοφία
1105 1994 1199 2043 καὶ
1229 1995 1350 2045 εἴτι
1382 1996 1639 2059 τοιοῦτον,
1667 1990 1782 2047 ἀλλ’

191 2068 300 2135 οὐχ
322 2070 401 2121 ὅτι
421 2072 489 2124 τὰ
504 2073 743 2143 ὀνόματα
762 2078 1112 2147 διὰφοραριαὶ
1128 2085 1356 2153 διάφορα
1379 2087 1681 2155 πράγματα
1702 2088 1785 2157 δη·

198 2160 406 2213 λοῦσιν·
440 2164 581 2218 οὕτω
599 2168 707 2237 γὰρ
728 2165 796 2238 ἦν
814 2171 878 2224 ἂν
898 2173 1210 2243 πολυειδὴς,
1247 2178 1341 2228 καὶ
1360 2178 1780 2247 ἀνομοιομερὴςν

198 2253 299 2303 καὶ
331 2254 603 2320 σύνθετος
640 2261 756 2311 ἀλλ’
792 2265 915 2315 ἐπεὶ
946 2265 977 2332 ἡ
1010 2265 1170 2332 φύσις
1211 2268 1368 2334 ἡμῶν
1400 2269 1499 2321 οὐκ
1544 2269 1657 2337 ἔχει
1701 2271 1778 2322 ἐνὶ

195 2346 429 2413 ὀνόματι
456 2350 588 2401 αὐτὸ
612 2353 865 2406 ὁπωσοῦν
893 2357 920 2409 ὃ
951 2359 1100 2410 ἐστιν
1123 2360 1480 2424 ὲνδ;ίξασοαι,
1511 2364 1598 2414 διὰ
1622 2362 1779 2415 τοῦτο

199 2437 477 2499 ποικίλοις
511 2442 605 2493 καὶ
639 2441 922 2513 διαφόροις
969 2446 1194 2516 ὀνόμασι
1238 2449 1298 2502 τὸ
1325 2450 1457 2503 αὐτὸ
1504 2453 1775 2521 διαφόρως

194 2531 543 2601 ὀνομάζωμεν
598 2535 692 2603 τῆ;
747 2537 1011 2608 διαφορᾶς
1070 2544 1127 2594 ἐν
1185 2545 1297 2606 τοῖς
1350 2545 1579 2614 ὀνόμασι
1614 2548 1777 2614 μόνον

196 2623 605 2693 Θεωρυυμένης,
659 2630 754 2680 καὶ
809 2634 950 2683 κατὰ
1002 2635 1128 2695 τοὺς
1166 2634 1359 2702 λόγους
1394 2638 1596 2691 αὐτῶν.
1648 2634 1774 2690 Dio-2

193 2717 396 2782 ἐφόσον
424 2721 451 2769 ό
487 2723 584 2785 μὲν
615 2720 771 2788 λόγος
800 2723 897 2789 τῆς
942 2726 1131 2790 οὐσίας
1176 2729 1295 2781 ἐστὶ
1322 2730 1380 2780 τὸ
1429 2731 1552 2782 καθ’
1595 2733 1765 2801 αὐτὴν

196 2807 559 2874 ὑφίστασθαι,
597 2812 693 2878 τῆς
722 2812 778 2864 δὲ
830 2816 1020 2882 σοφίας
1075 2818 1135 2869 τὸ
1180 2818 1382 2884 γνῶσιν
1430 2817 1569 2873 εἶναι
1614 2821 1774 2875 θείων

196 2899 297 2950 ναὶ
328 2900 684 2967 ἀνθρωπίνων
732 2909 1098 2974 πραγμάτοιν,
1143 2908 1175 2977 ἢ
1217 2910 1418 2975 γνῶσιν
1460 2912 1565 2963 τῶν
1597 2912 1773 2983 ὑπαρο

196 2990 416 3056 χουσῶν
465 2991 652 3043 αἰτιῶν
696 2996 835 3047 κατὰ
862 2998 1083 3059 τούτους
1108 2999 1234 3063 τοὺς
1263 3000 1451 3066 λόγους
1476 3006 1502 3054 ὁ
1524 3003 1655 3065 Θεὸς
1685 3003 1761 3054 λέ·

192 3096 358 3147 γεται
395 3083 489 3135 καὶ
519 3083 631 3137 εστι
663 3087 755 3138 καὶ
777 3089 937 3155 σοφία
968 3090 1062 3142 καὶ
1088 3093 1266 3155 οὐσία,
1301 3094 1394 3145 καὶ
1417 3093 1563 3155 ὅπως
1595 3094 1770 3156 ἄλλως

1899 653 2102 707 similia
2136 668 2317 709 creata
2351 668 2558 719 essent,
2596 674 2659 711 ex
2690 661 2889 721 quibus
2914 661 3088 714 rcales
3119 661 3458 714 diﬁ‘erenlias

1904 745 2164 799 inducere
2196 748 2246 799 in
2276 748 2446 801 Deum
2473 749 2710 804 volebat.
2769 750 2892 804 llaec
2926 762 3108 804 autem
3142 768 3248 804 non
3283 754 3459 805 solum

1890 835 2231 888 manifestam
2266 838 2466 891 habent
2491 838 2904 905 blasphemiam,
2926 842 3021 895 sed
3045 843 3209 893 etiam
3238 844 3459 895 multam

1888 925 2123 977 dicentis
2184 929 2485 982 ostendunt
2540 930 2925 985 stoliditatem.
2986 932 3198 1000 Quippe
3232 948 3461 998 prorsus

1890 1016 2179 1084 ignoravit,
2232 1021 2377 1087 quod
2436 1037 2541 1074 non
2582 1023 2725 1073 idem
2760 1022 3019 1075 dixerunt
3078 1024 3314 1092 theologi
3350 1041 3458 1076 non

1890 1123 1968 1169 re,
2004 1109 2095 1161 sed
2129 1119 2365 1162 ratione.
2398 1110 2612 1165 Etenim
2647 1128 2759 1165 non
2821 1123 2905 1165 est
2938 1110 3041 1166 alia
3095 1116 3341 1181 quardam
3376 1133 3465 1171 res

1888 1200 2216 1262 substantia,
2248 1202 2351 1254 alia
2385 1217 2517 1254 vero
2548 1202 2878 1271 livpostasis,
2935 1215 2996 1257 ut
3023 1216 3306 1259 ostensum
3346 1219 3452 1265 est.

1885 1301 1940 1345 et
1970 1293 2114 1359 quod
2150 1310 2341 1354 unum.
2400 1304 2459 1346 ut
2504 1299 2846 1363 aaquivoeum
2899 1298 3250 1351 multifariam
3316 1301 3461 1361 sumi

1886 1395 2088 1451 potest.
2126 1384 2305 1438 Unum
2337 1388 2485 1440 enim
2520 1387 2726 1455 aliquid
2780 1389 3005 1451 dicitur,
3041 1397 3095 1443 et
3123 1391 3342 1457 quando
3370 1407 3462 1444 ex-

1886 1474 2034 1526 sistit
2067 1491 2232 1527 unum
2272 1491 2519 1539 numero,
2560 1493 2655 1530 seu
2684 1492 2769 1539 re,
2814 1488 2871 1532 et
2899 1479 3119 1546 quando
3172 1497 3340 1533 unum
3375 1498 3459 1535 ra—

1886 1567 2033 1619 tione
2062 1584 2077 1619 :
2108 1569 2361 1621 similiter
2389 1578 2571 1623 autem
2594 1580 2651 1624 et
2675 1586 2785 1623 non
2835 1586 3001 1625 unum
3035 1574 3454 1643 paralogismtun

1887 1653 2049 1722 igitur
2077 1654 2224 1719 fecit,
2260 1671 2367 1708 non
2415 1672 2584 1709 unum
2617 1657 2850 1721 ratione,
2888 1668 3173 1726 acceptum
3218 1678 3316 1730 pro
3348 1678 3453 1715 non

1888 1770 2055 1807 unum
2087 1772 2168 1809 re.
2196 1756 2355 1809 Ilisce
2388 1756 2699 1811 rationibus
2721 1757 3070 1827 redarguitur
3098 1769 3154 1813 et
3184 1761 3453 1828 quidquid

1886 1845 2031 1897 aliud
2051 1846 2119 1898 ab
2140 1846 2272 1913 ipsis
2298 1847 2655 1915 pr0ponitur:
2688 1846 2818 1900 illud
2846 1848 2991 1900 enim
3011 1848 3184 1911 aliud,
3206 1858 3261 1901 et
3280 1849 3451 1915 aliud,

1887 1946 1941 1990 et
1969 1953 2073 1990 non
2114 1938 2280 1998 idem.
2314 1953 2421 1991 non
2453 1952 2533 2001 re,
2570 1937 2664 1992 sed
2703 1940 2938 2002 ratione,
2974 1941 3266 1994 maximam
3292 1942 3453 1996 habet

1885 2030 1991 2081 vim
2056 2030 2120 2083 ad
2160 2030 2566 2084 dissolvendum
2621 2046 2685 2084 ea
2739 2046 2860 2100 qua:
2918 2034 2999 2086 sic
3050 2042 3450 2100 proponuntur.

1883 2119 2037 2185 Quod
2069 2130 2123 2173 et
2149 2123 2201 2173 in
2228 2122 2589 2189 prarsentibus
2621 2122 2970 2176 considerare
2999 2123 3161 2177 licet.
3197 2124 3447 2191 Namque

1883 2211 2026 2265 Deus
2060 2212 2262 2265 dicitur
2336 2212 2644 2266 substantia
2681 2223 2736 2265 et
2792 2216 3080 2282 sapientia,
3118 2224 3173 2269 et
3218 2216 3261 2268 si
3319 2217 3450 2283 quid

1881 2303 2149 2372 ejusmodi
2196 2312 2315 2365 est,
2358 2314 2620 2357 ueterum
2675 2320 2782 2358 non
2812 2307 2938 2371 quia
2978 2321 3197 2357 nomina
3234 2306 3448 2358 diversa

1881 2403 2031 2455 sunt,
2073 2395 2237 2445 etiam
2298 2408 2387 2446 res
2442 2393 2690 2447 diversas
2742 2393 3055 2461 signiﬁcant
3100 2412 3114 2447 :
3161 2396 3243 2447 sic
3300 2396 3447 2447 enim

1881 2483 2021 2537 Deus
2048 2494 2192 2537 esset
2224 2485 2578 2537 multiformis
2633 2484 2887 2553 partibus
2914 2485 3279 2540 dissimilibus
3309 2501 3441 2539 con-

1880 2584 2051 2636 stans,
2122 2585 2286 2642 atque
2349 2577 2706 2644 compositus.
2776 2574 2881 2629 Sed
2931 2576 3189 2643 quoniam
3253 2585 3448 2631 natura

1879 2676 2063 2718 nostra
2088 2681 2196 2718 non
2227 2674 2405 2732 potest
2434 2681 2543 2718 uno
2575 2666 2796 2718 nomine
2823 2681 2892 2719 ne
2924 2666 3193 2718 tantulum
3225 2666 3447 2734 quidem

1877 2754 2170 2810 ostendere
2202 2757 2255 2809 id
2290 2755 2435 2823 quod
2466 2766 2569 2816 est.
2610 2766 2897 2825 propterea
2920 2756 3085 2810 variis
3110 2772 3174 2811 ac
3215 2758 3449 2827 diversis

1876 2846 2192 2900 nominibus
2225 2848 2368 2900 idem
2400 2846 2617 2901 diverse
2650 2848 3019 2911 nominamus,
3051 2848 3360 2901 dilIerentia
3392 2849 3445 2901 in

1877 2938 2186 2990 nominibus
2207 2946 2414 2990 tantum
2433 2939 2795 3000 considerata,
2814 2949 2865 2993 et
2886 2922 3185 2993 secundum
3207 2941 3447 2994 ratiooes

1875 3025 2118 3095 ipsortun
2170 3028 2331 3081 Verbi
2354 3028 2547 3097 gratia,
2564 3040 2835 3097 quatenus
2856 3028 3105 3081 deﬁnitio
3129 3028 3447 3081 substantia:

1871 3130 1957 3176 est
1987 3136 2083 3189 per
2100 3136 2157 3175 se
2177 3121 2494 3185 subsistere,
2512 3120 2795 3189 sapientia:
2807 3129 2991 3175 autem
3029 3135 3214 3174 rerum
3233 3119 3449 3173 divina-

194 3175 233 3243 ἡ
263 3174 584 3247 ἀνθρωπίνη
612 3180 844 3249 εὐπορία
871 3182 1095 3236 δύναται
1164 3185 1472 3254 ὁρίσασθαι.
1514 3189 1672 3257 Δηλοί
1713 3190 1769 3241 δὲ

1878 3222 2187 3281 rum,atqne
2215 3212 2574 3266 humanarum
2604 3212 2970 3282 cognitionem
2998 3226 3120 3265 esse
3142 3211 3225 3265 vel
3249 3209 3446 3278 cogni-

192 3265 359 3319 τοῦτο
380 3269 470 3321 καὶ
491 3272 518 3322 ὁ
539 3271 812 3342 μακάριος
834 3274 1084 3343 Μάξιμος
1106 3279 1163 3329 ὲν
1186 3278 1264 3348 τῷ
1285 3280 1433 3347 πρὸς
1464 3281 1773 3349 Ἀγόμοιον

191 3357 461 3429 διαλόγῳ,
491 3364 738 3430 φάσκων,
774 3383 792 3415 ι
826 3366 972 3437 Αὐτὴ
1004 3370 1030 3437 ί)
1060 3369 1359 3434 ὑπόστασις
1383 3371 1477 3424 τοῦ
1511 3372 1649 3425 Θεοῦ
1679 3374 1772 3426 καὶ

191 3451 467 3504 ἀθανασία
496 3454 661 3507 αὑτοῦ
692 3458 827 3509 ἐστι⁸
866 3460 961 3510 καὶ
998 3461 1058 3512 οὐ
1102 3461 1263 3529 μόνον
1302 3464 1597 3525 ἀθανασία,
1632 3465 1771 3518 ἀλλὰ

194 3542 296 3595 καὶ
321 3544 599 3615 ἀφθαρσία
625 3548 717 3599 καὶ
748 3549 1068 3619 δικαιοσύνη
1099 3558 1195 3606 καὶ
1225 3555 1497 3624 ἁγιασμὸς
1519 3557 1615 3609 καὶ
1636 3558 1771 3611 ἀπο-

195 3633 474 3705 λύτρωσις
508 3640 601 3689 καὶ
632 3642 888 3710 κυριότης
941 3645 1032 3695 καὶ
1063 3643 1312 3713 δύναμις.
1344 3646 1455 3699 Καὶ
1513 3648 1613 3699 οὐκ
1656 3648 1770 3700 εστι

198 3729 348 3781 κατὰ
387 3729 640 3784 σύνθεσιν
669 3732 846 3787 ταῦτα
875 3737 902 3787 ό
930 3734 1084 3801 Θεὸς,
1118 3738 1251 3790 ἀλλὰ
1287 3738 1429 3791 κατὰ
1481 3738 1770 3807 διαφόρους

198 3821 449 3884 ἐπινοίας
475 3823 647 3876 ταῦτα
686 3825 935 3892 λέγεται·
974 3828 1243 3882 ἀθανασία
1292 3831 1389 3899 μὲν
1420 3831 1507 3883 διὰ
1540 3832 1599 3883 τὸ
1646 3832 1768 3883 ἁτεο

193 3912 482 3981 λεύτητον,
526 3916 806 3985 ἁφθαρσία
858 3918 916 3971 δὲ
946 3919 1033 3973 διὰ
1062 3921 1123 3973 τὸ
1166 3921 1395 3973 ἄλυτον·
1452 3922 1767 3993 δικαιοσύνη

193 4006 287 4059 διὰ
318 4008 379 4059 τὸ
411 4009 545 4060 ίσονο
581 4010 855 4077 ἁγιασμὸς
900 4012 986 4064 διὰ
1015 4013 1075 4064 τὸ
1109 4014 1401 4079 φυλάττειν
1447 4013 1556 4066 ἀπὸ
1584 4016 1767 4083 ἁμαρ-

195 4098 325 4158 τίας
351 4113 367 4129 ·
414 4099 794 4168 ἀπολύτρωσις
830 4102 918 4155 διὰ
969 4102 1029 4155 τὸ
1086 4102 1279 4165 σώζειν
1331 4106 1395 4157 ὲκ
1430 4106 1637 4175 φθορᾶς
1670 4107 1769 4177 τὴν

193 4191 347 4260 ζωὴν
376 4193 554 4260 ἡμῶν
598 4195 857 4263 κυριότης
903 4196 990 4248 διὰ
1029 4198 1089 4249 τὸ
1115 4199 1332 4250 πάντων
1363 4202 1585 4269 κρατεῖν
1611 4215 1625 4229 ·
1680 4199 1769 4252 δύ-

193 4300 365 4351 ναμις
400 4276 508 4337 διέί
536 4284 598 4337 τὸ
648 4286 815 4356 μηδὲν
849 4286 1000 4356 αὐτῷ
1052 4288 1412 4343 ἀντικεῖσθαι.
1464 4292 1539 4344 Οὐ
1580 4292 1765 4362 μέντοι

192 4376 280 4427 ὅτι
314 4377 454 4429 κατὰ
473 4376 764 4445 διαφόρους
792 4381 1033 4443 ἐπινοίας
1051 4381 1224 4435 ταῦτα
1252 4383 1492 4449 λέγεται,
1520 4385 1767 4455 ἀνύπαρ-

194 4466 305 4518 κτὰ
335 4468 439 4519 είσι
471 4468 637 4537 μηδὲν
664 4470 996 4537 σημαίνοντα
1014 4488 1027 4501 ·
1056 4469 1168 4525 οἷον
1195 4476 1323 4545 φέρε
1352 4478 1550 4539 εἰπεῖν,
1578 4477 1766 4547 ὥσπερ

191 4559 545 4628 τραγέλαφον
594 4561 979 4630 φανταζόμεθα
1016 4579 1029 4592 ’

195 4651 299 4718 τῆς
326 4649 564 4713 διανοίας
594 4654 730 4719 ἐστὶ,
762 4656 853 4705 καὶ
884 4655 970 4705 ἐπ’
990 4654 1200 4718 οὐδενὸς
1230 4657 1593 4727 ὑποκειμένου
1622 4659 1765 4727 ἐρεί-

192 4741 367 4794 δεται.
408 4742 497 4794 Ἐν
542 4742 597 4794 δὲ
642 4746 750 4805 τοῖς
799 4747 1038 4815 νοήμασι
1088 4748 1183 4799 καὶ
1232 4748 1509 4817 ὀνόμασιν,
1554 4750 1589 4805 ἃ
1639 4754 1768 4821 περὶ

193 4832 335 4885 Θεοῦ
366 4834 614 4899 νοοῦντες
645 4837 737 4888 καὶ
766 4836 1017 4902 λέγοντες
1048 4840 1198 4909 αὐτῷ
1233 4845 1488 4910 φέροντες
1520 4846 1770 4898 ἀνατίθε-

197 4943 341 4994 μεν,
372 4928 508 4995 αὐτή
555 4931 701 4979 ἐστιν
734 4931 766 4998 ἡ
804 4931 963 4983 οὐσία
996 4931 1088 4983 τοῦ
1124 4933 1261 4984 Θεοῦ
1297 4935 1357 4986 τὸ
1394 4937 1526 4987 πᾶσι
1558 4936 1772 5000 τούτοις

196 5019 632 5088 ἀποκρινόμενον
661 5020 749 5073 διὰ
779 5021 875 5090 τὴν
904 5022 1080 5091 ἄκραν
1113 5026 1425 5094 τελειότητα
1461 5030 1555 5080 καὶ
1589 5030 1756 5081 ἁπλό-

196 5127 338 5178 τητα
371 5113 460 5163 καὶ
488 5112 699 5168 ἕνωσιν.
734 5116 795 5166 ΟΞ
828 5114 925 5183 μὲν
956 5112 1048 5168 οὖν
1083 5118 1145 5168 ἐκ
1175 5135 1232 5169 τε
1265 5120 1373 5170 τῶν
1408 5122 1763 5175 κατασκευῶν

197 5201 421 5269 γελοῖοι,
448 5203 510 5255 ἐκ
528 5221 585 5255 τε
603 5204 710 5256 τῶν
734 5209 1212 5275 συμπερασμάτων
1235 5210 1582 5281 γελοιότεροι.
1599 5212 1763 5282 Ἠμῐν

194 5294 255 5347 δὲ
274 5295 480 5347 τούτων
505 5298 1052 5368 παρεκὸατικώτερον
1075 5301 1380 5369 εἰρημένων
1405 5303 1492 5353 διὰ
1521 5303 1609 5370 τὴν
1635 5305 1766 5372 θρα-

197 5387 408 5455 σύτητα
459 5388 570 5441 τῶν
608 5389 840 5460 ἀνδρῶν,
882 5390 978 5445 νῦν
1019 5395 1112 5445 ἐπὶ
1154 5394 1214 5445 τὸ
1254 5396 1615 5465 προκείμενον
1653 5416 1761 5467 χω-

194 5496 276 5547 ριν)
284 5495 405 5544 μεν.

1876 3307 2077 3358 tionem
2108 3305 2484 3358 exsistentium
2507 3318 2815 3365 causarum,
2840 3302 3259 3366 secundumhas
3278 3301 3447 3353 ratio.

1874 3409 1971 3449 nes
1994 3395 2134 3448 Deus
2164 3394 2366 3448 dicitur
2392 3404 2446 3447 et
2470 3403 2551 3447 est
2574 3394 2835 3461 sapientia
2858 3410 2913 3447 et
2938 3392 3259 3453 substantia,
3281 3403 3334 3445 ct
3362 3406 3391 3442 ιι
3404 3401 3447 3444 t-

1872 3502 2087 3555 cunqne
2115 3488 2276 3540 aliter
2323 3486 2559 3539 humana
2581 3485 2800 3539 solertia
2832 3484 3061 3536 deﬁnire
3085 3492 3285 3553 potest.
3331 3481 3442 3535 lloc

1881 3588 2063 3632 autent
2098 3578 2351 3631 declarat
2379 3578 2545 3630 etiam
2595 3575 2787 3629 beatus
2814 3575 3081 3628 Maximus
3140 3574 3193 3626 in
3229 3572 3442 3640 dialogo

1873 3670 1942 3723 ad
1998 3668 2314 3722 Dissimilem
2354 3686 2373 3722 :
2411 3687 2428 3718 ι
2467 3667 2609 3736 Ipsa,
2654 3668 2930 3735 inquiens,
2984 3664 3291 3735 hypostasis
3346 3662 3442 3717 Dei

1878 3758 2044 3811 etiam
2075 3756 2457 3810 immortalitas
2488 3757 2611 3824 ejus
2641 3764 2747 3821 est,
2782 3768 2883 3809 nec
2916 3762 3123 3807 tantum
3160 3754 3442 3805 immorta—

1872 3847 2018 3910 litas,
2054 3846 2149 3900 sed
2211 3856 2268 3901 et
2306 3845 2819 3915 incorruptibilitas,
2878 3852 2934 3897 et
2980 3842 3214 3912 iustitia,
3276 3850 3440 3908 atque

1872 3936 2256 4000 sanctiﬁcatio,
2287 3946 2342 3990 et
2377 3936 2709 4004 redemptio,
2758 3943 2815 3988 et
2858 3934 3184 3997 dominatio,
3239 3946 3304 3985 ac
3342 3947 3442 3999 po-

1873 4027 2063 4080 tentia.
2115 4026 2306 4093 Neque
2341 4026 2455 4079 hac
2492 4041 2590 4089 per
2629 4025 3084 4094 compositionem
3143 4024 3287 4076 Deus
3337 4028 3441 4083 est,

1871 4116 1966 4171 sed
1989 4117 2292 4171 secundum
2318 4117 2562 4169 diversas
2584 4116 3057 4169 considerationes
3088 4115 3201 4168 haec
3218 4112 3439 4165 dicitur.

1869 4208 2252 4262 lmmortalitas
2295 4208 2514 4275 quidem
2552 4217 2773 4275 propter
2835 4205 3435 4266 interminabilitatem,

1868 4299 2360 4366 incorruptibilitas
2420 4314 2548 4353 vero
2606 4310 2825 4367 propter
2883 4297 3435 4359 indissolubilitatem,

1864 4391 2079 4461 jnstitia
2104 4393 2175 4446 ob
2201 4391 2591 4460 aequalitatem,
2620 4392 3009 4454 sanctiﬁcatio,
3074 4388 3219 4457 quod
3250 4404 3279 4440 a
3312 4402 3441 4455 pec-

1872 4494 1995 4536 cato
2022 4492 2362 4552 prazservet;
2418 4482 2748 4551 redemptio,
2810 4484 2955 4551 quod
3009 4497 3038 4534 a
3088 4480 3439 4547 corruptione

1080 4564 1237 4616 τοῦτο
1283 4568 1390 4635 γὰρ
1440 4567 1769 4636 ἁνάπλασμα

1878 4577 2040 4629 vitam
2070 4586 2312 4630 nostram
2344 4573 2656 4637 custodiat;
2689 4574 3015 4634 dominatio,
3048 4570 3191 4638 quod
3224 4569 3440 4621 cunctis

1876 4670 2141 4738 imperet;
2179 4668 2448 4736 potentia,
2474 4668 2620 4736 quod
2648 4667 2784 4719 nihil
2835 4667 2886 4719 ei
2922 4666 3160 4719 resistat.
3203 4662 3317 4716 Non
3354 4671 3439 4713 ta-

1873 4781 1995 4817 men
2027 4764 2285 4831 quoniam
2310 4778 2437 4817 secu
2464 4763 2615 4814 idum
2647 4761 2894 4815 diversas
2929 4759 3291 4828 cogitationes
3322 4754 3439 4808 haec

1870 4856 2144 4919 dicuntur,
2202 4855 2259 4907 in
2320 4869 2506 4907 rerum
2554 4864 2749 4906 natura
2843 4869 2949 4905 non
2985 4850 3251 4903 exsistunt
3300 4845 3437 4898 nihil

1870 4946 2269 5010 signiﬁcantia;
2300 4946 2487 5006 veluti,
2514 4945 2665 4998 verbi
2686 4946 2878 5014 gratia,
2912 4958 3032 4995 cum
3059 4941 3434 4992 ltirCOCchllm

1879 5034 2154 5103 ﬁngimus.
2208 5034 2261 5088 id
2296 5036 2443 5089 enim
2480 5035 2797 5103 ﬁgmentum
2861 5035 3059 5097 mentis
3116 5041 3237 5092 est;
3272 5036 3435 5095 atque

1876 5125 2024 5177 nullo
2056 5126 2339 5192 supposito
2374 5124 2650 5179 innititur.
2677 5125 2735 5177 ln
2772 5125 3021 5193 cogitatis
3050 5129 3307 5173 autemet
3339 5134 3437 5168 ltu-

1872 5216 2133 5279 minibus,
2167 5231 2285 5284 qua:
2311 5214 2378 5270 de
2410 5216 2522 5271 Deo
2555 5218 2940 5285 intelligentes,
2963 5228 3025 5266 ac
3054 5211 3303 5265 dicentes
3329 5207 3431 5260 insi

1872 5311 2247 5374 atlribuimus,
2285 5312 2399 5380 ipsa
2425 5322 2509 5367 est
2541 5312 2845 5366 substantia
2876 5311 2993 5373 Dei,
3022 5323 3142 5377 qum
3171 5306 3433 5358 omnibus

1870 5401 2182 5469 respondet.
2242 5402 2314 5455 οὶ)
2344 5418 2614 5455 summam
2670 5402 3083 5470 perfectionem,
3116 5396 3434 5461 simplicita-

1874 5502 1981 5545 tem
2016 5501 2184 5559 atque
2216 5493 2506 5546 unitatem.
2552 5511 2569 5545 ι
2624 5494 2703 5547 llli
2739 5494 2899 5561 igitur
2934 5500 2989 5544 et
3022 5486 3430 5558 probationibus

196 5568 441 5638 ridiculi,
487 5581 543 5626 et
598 5573 1043 5630 conclusionibus
1096 5578 1266 5649 magis
1310 5578 1594 5635 deridendi
1628 5592 1774 5636 sunt.
1818 5583 1917 5637 llis
1966 5599 2096 5638 vero
2128 5599 2156 5637 a
2187 5585 2358 5650 nobis,
2395 5586 2557 5654 paulo
2609 5586 2860 5641 (lillusius
2900 5584 3038 5639 facta
3063 5578 3427 5650 digressionep

187 5661 302 5732 jam
334 5662 497 5721 dictis
528 5677 751 5736 propter
781 5672 1143 5727 temeritatem
1175 5673 1405 5728 istorum
1428 5713 1445 5742 ,
1481 5690 1627 5731 nunc
1666 5675 1732 5730 ad
1759 5678 2095 5746 prapositum
2127 5679 2471 5733 accedamus.
