4180 6458
214 491 319 556 905

214 622 314 674 κης
360 604 711 670 ἐμφαίνουσιν
766 600 1112 669 ἁναφορικῶς
1158 599 1293 668 πρὸς
1324 600 1527 667 ἄλληλα
1561 598 1772 667 ἔχοντα·
1804 598 1849 654 Α

211 698 307 748 καὶ
337 695 425 746 διὰ
455 694 613 745 τοῦτο
641 693 820 758 λέγειν
851 692 952 760 τὴν
989 690 1177 742 οὐσίαν
1208 688 1301 740 τοῦ
1338 690 1545 756 Ιίατρὸς
1580 689 1775 755 γεννᾷν

210 788 311 856 τὴν
349 785 440 839 τοῦ
480 785 611 837 Υίοῦ
641 784 830 836 οὐσίαν
859 783 1055 851 ἀληθές
1094 786 1264 833 ἐστιν·
1295 784 1326 849 ἡ
1354 782 1461 849 γὰρ
1489 780 1645 832 οὐσία
1680 779 1773 830 τοῦ

214 878 423 946 Πατρός
454 877 607 928 οὐδὲν
633 877 819 942 ἕτερον
852 874 1035 926 δίδωσι
1068 875 1210 924 νοεῖν
1241 872 1274 939 ἦ
1307 872 1405 941 τὴν
1439 870 1531 922 τοῦ
1565 869 1774 937 ΙΙατρδς

212 972 533 1031 ὑπόστασιν,
567 970 599 1035 ἢ
634 969 693 1019 τὸ
723 966 1035 1035 πρόσωπον.
1072 964 1408 1023 ’Υπόστασις
1439 962 1496 1013 δὲ
1523 962 1581 1012 τὸ
1603 962 1777 1013 κοινὸν

216 1063 355 1130 μετὰ
397 1060 490 1112 τοῦ
529 1059 821 1120 ίδιάζοντος
852 1056 1138 1109 δέδεικται’
1179 1054 1335 1121 καὶὴ
1387 1052 1485 1121 μὲν
1532 1051 1688 1104 οὐσία
1718 1050 1778 1101 τὸ

211 1154 415 1215 κοινὸν,
444 1151 503 1201 τὸ
532 1150 588 1200 δὲ
620 1148 808 1217 Πατὴρ
841 1147 901 1199 τὸ
934 1145 1134 1207 ἰδιάζον
1173 1146 1321 1196 ἐστὶν
1359 1146 1538 1211 (εἰπερ
1581 1143 1655 1210 μὴ
1700 1142 1779 1193 δεῖ

213 1242 433 1307 φρονεῖν
484 1238 612 1290 ἄλλο
659 1238 757 1305 μὲν
809 1237 1039 1306 πρᾶγμα
1075 1233 1171 1302 τὴν
1200 1234 1406 1293 οὐσίαν.
1439 1232 1564 1283 ἄλλο
1604 1232 1660 1283 δὲ
1683 1231 1778 1298 τὴν

212 1332 538 1391 ὑπόστασιν,
567 1329 753 1397 ἓτερον
798 1327 852 1377 δὲ
883 1325 975 1376 τὸν
1005 1325 1247 1392 Πατέρα,
1276 1326 1370 1374 καὶ
1398 1323 1525 1374 ἄλλο
1547 1324 1645 1389 τὴν
1677 1340 1778 1374 πα-

209 1423 474 1490 τρότητα.
506 1420 534 1472 ὃ
572 1421 710 1487 μετὰ
756 1419 855 1484 τῆς
879 1416 1133 1473 ἀσεϐείας
1176 1414 1310 1466 πολύ
1340 1415 1434 1465 καὶ
1460 1413 1519 1464 τὸ
1554 1413 1781 1479 ἀνόητον

210 1515 375 1583 ἔχει).
403 1515 513 1565 Καὶ
537 1513 722 1579 ὅμοιον
744 1509 934 1577 ῶσπερ
964 1510 1029 1561 ἂν
1051 1510 1099 1559 εἰ
1131 1508 1365 1573 ἐλέγετο,
1395 1509 1427 1575 ἡ
1456 1507 1545 1557 τοῦ
1574 1505 1782 1572 Πατρδς

214 1604 519 1664 ὑπόστασις
550 1602 715 1670 γεννᾷ
746 1602 844 1667 τὴν
873 1599 1172 1650 ὑπόστασιν
1203 1597 1298 1647 τοῦ
1323 1597 1476 1653 Υίοῦ.
1510 1598 1645 1662 ὅπερ
1670 1596 1785 1646 ἐστὶ

212 1696 358 1748 κατὰ
385 1696 482 1761 τὴν
512 1694 606 1760 τῆς
642 1695 876 1752 πίστεως
904 1692 1072 1743 Θέσιν.
1104 1691 1288 1740 Ταῦτα
1310 1689 1486 1739 τοίνυν
1515 1687 1784 1754 ἠγνόησαν

214 1786 524 1847 παντελῶς,
554 1786 644 1844 οὓς
677 1783 901 1852 ἐχρῆνῆ
941 1781 1156 1833 οίκοοεν
1194 1779 1438 1846 ἔχοντας,
1471 1778 1502 1845 ἢ
1536 1779 1630 1828 καὶ
1654 1777 1785 1844 παρ’

215 1872 424 1941 ἑτέρων
454 1869 717 1929 λαϐόντας
751 1867 826 1937 μὴ
853 1867 1105 1919 τοσοῦτον
1130 1867 1226 1933 τῆς
1258 1864 1513 1930 ἀληθείας
1544 1863 1785 1914 ἀποπλα-

213 1960 439 2017 νᾶσθαι.
476 1959 613 2027 μηδὲ
654 1959 848 2024 σοφοὺς
881 1953 1020 2007 εἶναι
1058 1956 1385 2021 φάσκοντας,
1432 1949 1548 2004 εἶτα
1580 1954 1787 2020 μωραί-
1823 1930 1859 1980 Β

213 2070 356 2106 νειν.
394 2053 585 2104 Καίτοι
619 2051 719 2118 τὴν
771 2048 864 2101 τοῦ
899 2047 1028 2100 Υἱοῦ
1079 2046 1270 2097 οὐσίαν
1314 2042 1607 2109 γεννᾶσθαι
1635 2042 1789 2109 λεγο-

218 2146 389 2214 μένου
415 2145 479 2196 ὲκ
511 2144 611 2211 τῆς
636 2140 824 2200 οὐσίας
856 2138 946 2191 τοῦ
990 2136 1225 2204 Πατρδς,
1258 2136 1485 2202 πότερον
1517 2134 1651 2201 πρὸς
1699 2133 1790 2183 τὺν

214 2234 352 2287 νοῦν
381 2235 415 2303 ἢ
454 2232 550 2302 τὴν
578 2233 722 2296 λέξιν
745 2231 1107 2283 διενίστανται
1131 2246 1145 2293 ;
1182 2229 1244 2280 Ei
1283 2227 1381 2295 μὲν
1404 2225 1510 2292 γὰρ
1544 2222 1678 2290 πρὸς
1701 2225 1791 2275 τὸν

216 2322 373 2386 νοῦν,
405 2324 540 2391 μετὰ
570 2322 677 2373 τῶν
705 2321 953 2373 ἀπίστων
984 2318 1261 2385 τετάχθων
1288 2316 1390 2383 τὴν
1418 2312 1510 2364 τοῦ
1540 2312 1671 2363 Υίοῦ
1700 2312 1791 2362 οὐ-

221 2416 353 2467 σιαν
386 2413 484 2480 τῆς
535 2412 630 2464 τοῦ
682 2412 895 2480 Πατρός
942 2411 1132 2470 οὐσίας
1183 2406 1594 2476 ἀλλοτριοῦντες
1654 2407 1701 2456 εἰ
1735 2404 1792 2456 δὲ

217 2510 329 2574 τὴν
359 2507 455 2575 μὲν
482 2505 627 2567 λέξιν
657 2505 717 2554 οὐ
761 2502 1178 2570 παραδέχονται,
1216 2502 1350 2552 ἀλλὰ
1395 2502 1504 2551 τῶν
1534 2500 1791 2553 διδασκά-

218 2596 338 2647 λων
366 2596 394 2645 6
420 2595 596 2671 λόγος.
629 2593 691 2644 Ei
722 2592 777 2645 δὲ
808 2592 906 2660 τὴν
937 2592 1038 2655 μὲν
1068 2591 1209 2653 λέξιν
1255 2592 1327 2651 ὡς
1366 2590 1473 2641 τῶν
1510 2589 1680 2653 ἁγίων
1710 2585 1797 2641 οὗ·

222 2703 335 2738 σαν
378 2688 813 2755 ἀναγκαζόμενοι
845 2685 1200 2754 προσίενται,
1252 2685 1376 2736 νοῦν
1430 2684 1484 2736 δὲ
1537 2683 1681 2750 ἔχειν
1735 2684 1796 2734 ὲκ

220 2776 435 2846 ταύτης
482 2779 671 2830 οὐδένα
727 2777 1045 2845 βούλονται,
1100 2776 1451 2828 παντάπασιν
1508 2773 1798 2841 ἀδιανόητα

222 2869 583 2937 φθέγγονται,
637 2870 756 2921 κατ’
792 2870 976 2920 ἐκεῖνα
1010 2867 1119 2918 τῶν
1168 2867 1323 2928 ζώων
1352 2866 1418 2916 τὰ
1466 2864 1656 2931 ἄλογα,
1687 2858 1798 2915 οἷον

222 2960 336 3027 τὴν
367 2961 554 3009 κίτταν
582 2960 678 3009 καὶ
709 2958 982 3026 ἀκούομεν
1012 2958 1105 3008 καὶ
1132 2956 1348 3024 ὁρῶμεν
1375 2956 1558 3024 φωνὴν
1590 2953 1800 3023 ἀνορω-

223 3049 399 3115 πίνην
434 3049 897 3118 προϐαλλομένην,
933 3048 960 3099 ὃ
994 3048 1051 3100 δὲ
1078 3048 1131 3100 τί
1162 3047 1280 3098 ποτ’
1328 3049 1393 3098 ἂν
1426 3048 1521 3097 καὶ⁵
1545 3046 1692 3111 λέγοι
1726 3044 1799 3114 μὴ

225 3142 533 3201 συνιεῖσαν,
557 3140 618 3191 οὐ
650 3140 792 3191 κατὰ
842 3139 1042 3192 σκοπὸν
1090 3139 1198 3191 τῶν
1248 3139 1582 3191 διδασκάλων
1614 3141 1801 3207 ἀναγι-

1151 488 1247 547 DE
1289 488 1802 547 PROCESSIUNE
1840 482 2198 541 Sl’llll'l'US
2235 477 2518 537 SANCTI.

3332 478 3437 539 905

1881 592 2230 660 recipiantur.
2267 589 2439 641 Patris
2472 595 2654 640 autem
2680 593 2731 636 ct
2767 583 2887 637 Filii
2916 598 3109 639 nomen
3140 601 3205 639 ex
3240 588 3307 640 iis
3334 600 3439 655 est,

1877 700 1997 751 qua:
2028 691 2155 734 sunt
2198 684 2262 733 ad
2298 680 2501 746 aliquid
2522 718 2535 738 ,
2568 686 2623 731 et
2666 691 2929 744 personas
2958 679 3265 730 necessario
3298 676 3442 731 indi-

1876 782 2023 834 cant,
2053 786 2173 839 qua:
2217 784 2274 822 se
2310 769 2513 821 habent
2556 768 2787 820 relative
2818 767 2884 818 ad
2917 767 3147 818 invicem
3176 782 3189 828 ;
3237 767 3443 820 idcirco

1878 864 2058 915 dicere
2108 862 2466 915 substantiam
2520 860 2717 921 Patris,
2766 874 3029 926 generare
3074 859 3435 911 substantiam

1880 954 2027 1015 Filii,
2053 968 2246 1005 verum
2276 962 2379 1011 est,
2412 953 2540 1019 quia
2576 964 2672 1017 per
2702 950 3063 1002 substantiam
3098 948 3275 1001 Patris
3306 949 3441 1001 nihil

1878 1045 2026 1099 aliud
2073 1042 2380 1109 intelligere
2431 1041 2594 1105 licet,
2639 1053 2802 1107 quam
2851 1039 3180 1107 hypostasim
3238 1040 3439 1102 Patris,

1880 1153 1974 1192 seu
2022 1150 2334 1204 personam.
2378 1134 2696 1203 llypostasis
2725 1144 2947 1193 autem,
2995 1144 3272 1186 ostensum
3325 1142 3442 1198 est,

1879 1244 1999 1283 esse
2028 1241 2317 1281 commune
2354 1240 2475 1278 cum
2500 1225 2761 1293 proprio;
2797 1234 2852 1278 et
2888 1224 3189 1278 substantia
3222 1226 3441 1293 quidem

1882 1334 2169 1373 commune
2214 1325 2340 1381 est;
2386 1316 2519 1368 illud
2555 1330 2686 1368 vero
2729 1316 2884 1368 l’ater
2919 1317 3200 1383 proprium
3237 1327 3320 1369 est
3350 1318 3447 1385 (si-

1883 1411 2102 1477 quidem
2136 1426 2242 1462 non
2294 1419 2377 1461 est
2427 1422 2564 1475 opus
2596 1405 2823 1466 sentire,
2868 1406 3028 1458 aliam
3064 1408 3284 1474 quidem
3329 1421 3451 1459 esse

1885 1518 1997 1554 rem
2060 1500 2443 1561 substantiam,
2496 1498 2657 1549 aliain
2716 1512 2841 1549 vero
2896 1496 3252 1565 liypostasim,
3304 1498 3449 1551 aliud

1884 1602 2064 1643 autem
2100 1590 2337 1647 Patrem,
2371 1589 2514 1639 aliud
2559 1588 2967 1653 paternitatem,
3003 1588 3145 1653 quod
3188 1604 3291 1639 una
3326 1603 3451 1640 cum

1889 1682 2165 1749 impie-tale
2211 1682 2440 1732 multum
2470 1681 2633 1731 etiam
2669 1679 2829 1731 habet
2858 1680 3163 1745 stultitim),
3195 1692 3249 1733 et
3277 1680 3453 1733 simile

1887 1786 2000 1837 est,
2059 1789 2121 1827 ae
2173 1774 2217 1826 si
2272 1773 2573 1834 diceretur,
2637 1771 2813 1823 Patris
2876 1772 3182 1839 liypostasis
3230 1781 3457 1841 generat

1892 1865 2221 1934 hypostasim
2250 1864 2393 1921 Filii.
2423 1862 2568 1931 quod
2607 1877 2738 1914 sane
2765 1862 2916 1930 juxta
2964 1863 3290 1929 positionem
3327 1864 3453 1917 ﬁdei

1890 1968 1993 2011 est.
2026 1957 2149 2010 lber.
2181 1958 2345 2023 igitur
2383 1957 2600 2025 penitus
2628 1957 2967 2024 ignorarunt,
3003 1970 3141 2023 quos
3168 1957 3457 2023 oportebat

1892 2050 1973 2101 vel
2000 2064 2027 2099 a
2058 2048 2273 2115 seipsis,
2295 2048 2377 2099 vrl
2409 2047 2475 2098 ab
2501 2046 2624 2099 aliis
2655 2047 2900 2106 edoctus,
2936 2062 3042 2098 non
3076 2046 3213 2099 adeo
3248 2062 3277 2099 a
3310 2048 3457 2099 veri-

1892 2152 2000 2195 tate
2052 2142 2328 2203 aberrare,
2381 2154 2559 2206 neque
2614 2154 2672 2193 se
2723 2137 2997 2206 sapientes
3028 2153 3148 2191 esse
3199 2154 3322 2191 eum
3376 2142 3457 2192 fa-

1895 2241 2129 2295 teantur,
2172 2230 2440 2296 desipere.
2472 2227 2732 2292 Quamvis
2761 2244 2885 2281 cum
2934 2228 3135 2280 dicitur
3170 2227 3287 2281 Filii
3330 2230 3462 2283 sub-

1894 2320 2093 2372 stantia
2131 2335 2196 2372 ex
2232 2318 2539 2371 substantia
2574 2316 2751 2370 Patris
2778 2316 3051 2385 generari,
3084 2333 3214 2369 num
3247 2316 3457 2378 sensui,

1893 2429 1958 2463 an
1996 2411 2176 2463 verbis
2207 2407 2630 2462 contradicunt?
2656 2407 2711 2459 Si
2744 2409 2889 2460 enim
2917 2408 3124 2469 sensui,
3151 2407 3202 2459 in
3235 2423 3463 2461 numero

1896 2500 2195 2553 inﬁdelium
2246 2500 2629 2561 collocentur;
2695 2497 2893 2566 quippe
2939 2497 3031 2566 qui
3100 2498 3461 2551 substantiam

1899 2591 2018 2644 Filii
2056 2605 2085 2643 a
2119 2590 2421 2643 substantia
2455 2589 2631 2642 Patris
2661 2589 2924 2642 alienant.
2960 2587 3056 2641 Sin
3110 2588 3331 2641 modum
3367 2589 3467 2640 di—

1898 2684 2057 2737 cendi
2086 2699 2193 2735 non
2225 2683 2496 2751 rccipiunt
2520 2723 2533 2746 ,
2572 2682 2720 2748 alqui
2758 2681 3009 2734 doctores
3040 2680 3108 2733 ita
3143 2681 3465 2748 loquuntur.

1909 2774 2061 2840 Quod
2113 2775 2155 2826 si
2211 2775 2507 2828 dictionem
2559 2774 2780 2842 quidem
2830 2783 3086 2838 tanquam
3147 2784 3464 2826 sanctorum

1897 2865 2248 2918 cxsisteutein
2269 2866 2439 2917 coacti
2468 2866 3019 2925 admittunt,sensum
3046 2873 3224 2917 autem
3254 2866 3463 2919 nullum

1899 2970 1964 3009 ex
1996 2955 2093 3009 hoe
2124 2955 2284 3008 modo
2316 2955 2572 3023 loquendi
2607 2955 2854 3018 eliciunt,
2897 2956 3213 3009 omnimodo
3247 2955 3466 3010 inintel-

1900 3046 2124 3116 ligihiiia
2172 3048 2493 3115 loquuntur,
2534 3047 2602 3100 ad
2670 3049 2843 3100 instar
2885 3047 3107 3101 illorum
3151 3047 3468 3101 animalium

1905 3139 2383 3203 irrationabilium,
2409 3138 2589 3207 qualis
2617 3147 2701 3193 est
2742 3138 2887 3207 pica,
2924 3154 3083 3207 quam
3130 3138 3378 3193 audimus
3418 3149 3471 3194 et

224 3230 541 3293 νώσκοντες
563 3273 578 3296 ,
631 3234 681 3284 οἳ
725 3232 877 3284 ταῦθ’
909 3230 1049 3301 ὑπὲρ
1080 3230 1241 3300 ἡμῶν
1282 3232 1801 3301 ἐπραγματεύσαντο

1903 3231 2152 3284 ridemus
2177 3244 2366 3283 Vocem
2395 3230 2689 3283 humanam
2716 3230 3104 3298 proferentem,
3130 3231 3260 3301 quid
3287 3241 3470 3285 autem

224 3319 437 3373 πάντα.
476 3320 535 3371 Εἰ
580 3320 626 3371 δ’
670 3319 745 3381 ὡς
788 3319 1067 3387 ἄνθρωποι
1120 3319 1212 3370 καί
1241 3336 1363 3370 τινα
1411 3318 1535 3372 νοῦν
1568 3320 1711 3388 ἔχειν
1740 3321 1803 3372 ἐκ

220 3413 339 3479 τῆς
392 3412 591 3476 λέξεως
646 3411 962 3479 βούλονται,
993 3410 1046 3462 τί
1078 3410 1155 3479 τῷ
1210 3410 1499 3479 γράμματι
1550 3410 1803 3479 καθάπερ

239 3503 497 3557 Ἰουδαῖοι
546 3503 979 3573 προσπταίοντες
1026 3502 1365 3571 πάσχουσιν;
1422 3502 1560 3571 ὅπερ
1592 3504 1619 3555 6
1660 3502 1802 3564 θεῖος

224 3593 519 3654 Διονύσιος
565 3592 761 3659 ἄλογον
810 3592 906 3643 καὶ
954 3591 1143 3642 σκαιόν
1171 3586 1312 3642 εἶναι
1346 3590 1516 3657 λέγει,
1544 3591 1605 3642 τὸ
1639 3592 1712 3659 μὴ
1737 3593 1802 3661 τῇ

223 3683 471 3750 δυνάμει
504 3681 598 3734 τοῦ
631 3679 836 3732 σκοποῦ
887 3681 1199 3750 προσέχειν,
1253 3681 1388 3735 ἀλλὰ
1421 3685 1541 3743 ταῖς
1581 3682 1759 3746 λέξεσι
1788 3702 1801 3745 ;

227 3774 339 3825 καὶ
374 3772 562 3840 ὥσπερ
595 3772 771 3840 νήπια
802 3770 1094 3839 φοϐοῦνται
1147 3774 1333 3840 φόϐον,
1363 3774 1498 3826 ὅπου
1541 3776 1642 3827 οὐκ
1691 3776 1806 3828 ἐστι

225 3863 447 3933 φόϐος;
501 3863 638 3916 ἀλλὰ
686 3863 762 3933 μὴ
800 3863 935 3930 πρὸς
961 3864 1051 3915 τὸν
1085 3862 1210 3916 νοῦν
1255 3865 1502 3934 ἀφορῶσι
1532 3867 1637 3917 τῶν
1665 3866 1808 3918 διδα-

226 3956 483 4019 σκάλων,
517 3953 575 4019 ἐξ
607 3949 682 4007 ὦν
737 3954 921 4016 αὐτοῖς
975 3951 1040 4006 ἂν
1071 3954 1259 4006 εἵπετο
1297 3958 1446 4008 πᾶσα
1498 3957 1807 4024 καθαρότης

220 4046 354 4097 τῶν
388 4044 597 4110 λογων;
625 4043 740 4096 Νῦν
770 4044 881 4112 γὰρ
910 4045 1046 4111 πρὸς
1084 4047 1281 4109 αὐτοὺς
1331 4049 1664 4116 ἀφορῶντες,
1716 4052 1809 4102 καὶ

217 4132 357 4188 οἷον
390 4136 574 4196 αὐτοῖς
604 4135 825 4188 κανόσιν
873 4135 991 4187 οὐσι
1025 4139 1149 4198 τούς
1195 4138 1383 4205 λόγους
1417 4142 1809 4209 προσάγοντες,

221 4225 346 4283 τὰς
383 4224 557 4292 ἀρχὰς
604 4224 702 4291 τῆς
739 4224 977 4285 πίστεως
1010 4225 1316 4294 ἀναιροῦσι,
1366 4229 1461 4279 καὶ
1516 4228 1811 4298 βλάσφημα

220 4314 382 4381 περὶ
406 4313 497 4364 τοῦ
523 4312 657 4364 θεοῦ
694 4313 1177 4382 συμπεραίνουσιν.
1212 4317 1286 4367 Οὐ
1318 4316 1426 4386 γὰρ
1469 4317 1733 4387 δήπουθεν
1762 4321 1811 4372 οἱ

221 4402 560 4457 διδάσκαλοι
585 4404 679 4456 δύο
707 4405 895 4465 οὐσίας
926 4406 990 4456 ἐκ
1021 4406 1115 4457 τοῦ
1142 4406 1304 4473 λόγου
1335 4409 1475 4459 νοεῖν
1505 4408 1807 4477 βούλονται,

219 4496 748 4563 ἀπεσχοινισμένας
798 4494 1081 4562 ἀλλήλων,
1144 4496 1362 4565 ἀριθμῷ
1413 4498 1809 4566 διαφερούσας,

1908 3320 1999 3384 sit,
2030 3320 2175 3387 quod
2202 3320 2357 3382 dicit,
2397 3335 2504 3372 non
2543 3320 2938 3390 intelligentem
2979 3339 2991 3371 :
3025 3338 3131 3375 non
3168 3323 3471 3377 secundum

1906 3423 2144 3465 mentem
2196 3411 2485 3465 doctorum
2535 3411 2795 3480 legentes,
2837 3416 2927 3479 qui
2978 3413 3090 3466 hinc
3136 3414 3319 3468 omnia
3370 3430 3471 3483 pro

1906 3500 2063 3555 nobis
2103 3509 2427 3556 tractarunt.
2446 3500 2601 3566 Quod
2630 3501 2674 3555 si
2709 3510 2767 3555 ut
2802 3501 3053 3557 homines
3080 3504 3319 3573 aliquem
3348 3520 3474 3559 sen-

1905 3608 2025 3645 sum
2063 3609 2127 3646 ex
2161 3593 2429 3646 vocabulo
2479 3602 2700 3656 eruunt,
2736 3610 2908 3662 quare
2944 3596 3146 3660 littera,
3196 3606 3255 3650 ut
3298 3597 3473 3651 Juda-i

1906 3683 2266 3736 oll’enduntur
2289 3684 2311 3737 ἲ
2337 3685 2579 3754 illudque
2609 3698 2891 3754 patiuntur
2917 3688 3063 3755 quod
3101 3690 3320 3743 divinus
3345 3691 3475 3744 Dio-

1908 3774 2098 3843 nysius
2127 3775 2462 3843 irrationale,
2503 3793 2568 3831 ac
2615 3778 2841 3832 stultum
2890 3796 3015 3835 esse
3054 3784 3299 3836 asserit?
3327 3784 3477 3852 quod

1909 3882 2017 3920 non
2043 3867 2107 3921 ad
2140 3866 2248 3921 vim
2277 3884 2488 3933 sensus,
2520 3868 2615 3923 sed
2644 3869 2709 3923 ad
2740 3870 3010 3926 dictiones
3038 3876 3283 3926 animum
3313 3875 3477 3929 adhi-

1908 3959 2115 4012 beant?
2144 3970 2199 4014 et
2242 3960 2388 4013 sicut
2431 3961 2641 4029 parvuli
2681 3962 2929 4016 timorem
2961 3964 3205 4026 timeant.
3242 3967 3334 4021 ubi
3369 3985 3477 4022 non

1909 4058 1992 4102 est
2024 4050 2219 4103 timor?
2250 4066 2426 4119 neque
2459 4051 2524 4105 ad
2559 4061 2794 4106 mentem
2823 4053 3107 4107 dortorum
3142 4056 3481 4124 respiciant?

1911 4155 1974 4193 ex
2003 4141 2204 4210 quibus
2238 4152 2563 4211 sequeretur
2597 4143 2730 4210 ipsis
2757 4145 3047 4198 verborum
3075 4148 3479 4215 perspicuitas?

1911 4233 2067 4287 Nunc
2118 4247 2248 4287 \‘CI‘O
2301 4232 2367 4285 ad
2426 4233 2575 4301 ipsos
2641 4234 3033 4303 respicientes,
3085 4249 3251 4307 atque
3306 4240 3478 4294 veluti

1912 4325 2127 4393 regulas
2177 4339 2403 4378 suorum
2470 4326 2746 4378 dictorum
2797 4328 3161 4394 adhibentes,
3215 4332 3481 4402 principia

1915 4415 2284 4485 ﬁdei-tollunt,
2313 4430 2479 4484 atque
2522 4417 2840 4485 blasphema
2880 4419 2947 4473 de
2986 4421 3095 4475 Deo
3123 4425 3482 4479 concludunt.

1914 4506 2032 4559 Non
2079 4507 2227 4560 enim
2274 4506 2520 4575 profecto
2558 4508 2811 4563 doctores
2861 4513 2997 4565 duas
3041 4512 3378 4567 substantias
3406 4531 3475 4569 ex

215 4586 365 4639 ἀλλ’
395 4588 476 4637 ὅτι
508 4586 617 4637 τῶν
665 4586 973 4655 προσώπων
1016 4586 1247 4641 ἕκαστον
1274 4589 1537 4653 ὲνούσιον,
1573 4592 1665 4643 καὶ
1691 4594 1805 4643 καυ⁴

1922 4596 2013 4649 iilo
2053 4612 2305 4651 sermone
2356 4599 2660 4668 intelligere
2694 4601 2883 4653 volunt
2913 4602 3189 4671 sejunctas
3228 4605 3297 4658 ab
3342 4605 3482 4660 iuvi-

214 4678 386 4733 αὑτὸ
428 4676 675 4745 ὑφεστὼς
707 4678 877 4741 ἴσασι,
907 4680 1000 4729 καὶ
1036 4678 1159 4732 οὐτε
1196 4680 1295 4749 τὴν
1325 4681 1624 4735 ὑπόστασιν
1656 4683 1815 4735 ἀνού-

214 4786 389 4833 σιον,
417 4768 523 4821 οὐδ’
552 4764 621 4821 αὖ
668 4770 858 4821 οὐσίαν
884 4772 1261 4825 ἀνυπόστατον
1296 4773 1496 4825 ἐκεῖνοι
1526 4776 1660 4842 φασί
1684 4792 1697 4806 ·
1726 4776 1815 4828 διὰ

216 4860 351 4931 μὲν
385 4858 480 4910 τοῦ
530 4859 654 4921 Υίδς
686 4860 782 4928 τὴν
814 4860 1113 4913 ὑπόστασιν
1144 4862 1175 4929 ἦ
1210 4863 1269 4913 τὸ
1316 4866 1607 4931 πρόσωπον
1658 4883 1816 4934 παρι-

212 4948 509 5010 στῶντες,
562 4951 647 5001 διὰ
700 4950 755 5002 δὲ
783 4952 881 5018 τῆς
930 4953 1118 5014 οὐσίας
1165 4955 1409 5005 ένούσιον
1459 4958 1552 5007 καὶ
1602 4958 1817 5011 τελείαν

210 5039 444 5096 οὐσίαν
473 5040 879 5110 σαφηνίζοντες,
914 5044 1010 5095 καὶ
1035 5044 1222 5095 οὐσίαν
1256 5045 1381 5098 Υἱοῦ
1411 5048 1531 5099 ἀντὶ
1558 5048 1654 5116 τῆς
1690 5050 1819 5100 ὐπο-

210 5132 497 5191 στάσεως
540 5132 702 5183 αὐτοῦ
762 5132 1237 5199 ἐκλαμϐάνοντες·
1285 5135 1425 5187 ὥστε
1476 5138 1576 5205 τῆς
1624 5138 1820 5201 λέξεως

207 5224 357 5277 τῶν
410 5221 743 5274 διδασκάλων
799 5225 937 5289 μετὰ
967 5226 1065 5292 τῆς
1102 5226 1424 5294 πρεπούσης
1465 5230 1671 5290 ἐννοίας
1705 5232 1821 5296 ἐχό-

211 5330 430 5387 μενοι,
486 5313 603 5380 μεθ’
633 5313 793 5380 ἡμῶν
824 5331 880 5364 τε
930 5316 1198 5367 κάκείνων
1237 5318 1572 5371 έστάτωσαν.
1610 5320 1820 5387 Ὥσπερ

208 5408 355 5475 γὰρ
386 5402 479 5454 τὸν
511 5401 634 5453 Υίὸν
667 5404 731 5453 ὲκ
763 5404 854 5453 τοῦ
890 5404 1025 5455 Θεοῦ
1057 5401 1197 5457 εἶναι
1224 5406 1476 5473 λέγομεν,
1527 5414 1618 5460 καὶ
1648 5412 1705 5460 οὐ
1734 5411 1822 5476 δή-

206 5514 349 5550 που
392 5493 525 5544 διότι
554 5495 581 5545 6
628 5494 752 5556 Υἱὸς
786 5496 916 5557 Θεός
961 5500 1099 5560 ἐστι,
1142 5499 1236 5549 καὶ
1261 5500 1286 5549 ό
1321 5500 1509 5568 Πατὴρ
1541 5501 1691 5561 Θεὸς,
1733 5504 1825 5551 καὶ

205 5588 286 5640 τὸ
337 5580 573 5647 Πνεῦμα
611 5583 672 5633 τὸ
703 5582 857 5649 ἅγιον
892 5586 1046 5646 Θεὸς,
1083 5587 1145 5637 τὸ
1192 5590 1341 5655 ῥῆμα
1379 5590 1821 5655 ἁποϐαλλόμεοα,

207 5681 326 5731 ἵνα.
379 5673 455 5740 μὴ
487 5670 930 5741 ἀναγκαζώμεθα
978 5674 1201 5745 δῆθενῆ
1250 5678 1340 5727 τὶν
1376 5678 1497 5729 Υίὸν
1523 5677 1580 5741 ἐξ
1630 5679 1823 5731 ἑαυτοῦ

203 5771 437 5833 λέγειν
466 5762 617 5825 ὄντος
647 5764 803 5825 Θεοῦ,
846 5764 878 5833 ἦ
912 5767 975 5817 ὲκ
1006 5765 1096 5817 τοῦ
1135 5768 1290 5832 ἁγίου
1332 5768 1672 5837 [1νεύματος,
1708 5773 1826 5823 ἀλλ’

208 5857 461 5915 εἰδότες
488 5854 582 5904 δύο
636 5854 890 5923 προόδους
920 5858 977 5908 ἐν
1006 5856 1083 5921 τῷ
1112 5857 1229 5923 (ﬁeri:
1262 5857 1424 5918 οὐσας
1464 5863 1697 5925 φυκκὰς
1730 5865 1822 5915 καὶ

502 5948 774 6007 Ρλτιιυι..
815 5951 859 6010 G
873 5969 930 6009 ιι.
979 5947 1179 6009 CLIV.

1917 4701 2035 4739 cem
2079 4687 2393 4741 dill'erentes
2440 4706 2693 4757 numero,
2720 4691 2813 4745 sed
2840 4693 2986 4760 quod
3038 4710 3484 4763 unamquamque

1918 4792 2202 4845 personam
2255 4782 2652 4845 exsistentem,
2709 4792 2763 4839 et
2813 4800 2908 4851 per
2967 4799 3026 4837 se
3088 4786 3478 4841 subsistentem

1919 4883 2156 4935 norunt;
2188 4880 2243 4923 et
2292 4887 2469 4939 neque
2502 4872 2833 4940 liypostasim
2866 4873 2983 4928 sine
3027 4876 3355 4941 substantia,
3385 4894 3481 4931 ne-

1920 4976 2026 5028 que
2059 4961 2425 5015 substantiam
2454 4963 2571 5016 sine
2600 4965 2877 5033 hypostasi
2904 4981 3026 5020 esse
3061 4968 3160 5034 ipsi
3189 4980 3441 5023 asserunt
3469 4989 3481 5023 :

1922 5068 2017 5119 per
2047 5052 2191 5104 illam
2221 5068 2433 5116 vocem,
2472 5054 2661 5117 Filius,
2700 5057 3027 5125 hypnslasim
3071 5078 3163 5111 sui
3193 5078 3481 5129 prrsuuam

1924 5142 2266 5205 iudicantes;
2321 5159 2415 5211 per
2461 5138 2819 5200 substantiam
2853 5160 3058 5211 autem,
3093 5154 3482 5208 διιιιδιδιυιιιτιιιι

1925 5235 2328 5301 ιιοιίύυιηιιιιμιιξ
2360 5238 2718 5289 substantiam
2755 5240 2961 5305 explica
2990 5250 3109 5304 .tcs,
3152 5258 3315 5307 atque
3349 5246 3483 5296 sub-

1926 5328 2175 5378 stantiam
2230 5328 2350 5380 ll'tlii
2406 5330 2527 5381 loco
2575 5332 2692 5399 ejus
2724 5333 3076 5400 hypostascos
3123 5338 3475 5403 accipientes.

1929 5418 2112 5484 Itaque
2162 5419 2387 5472 dictioni
2427 5422 2709 5495 doctorum
2764 5441 2884 5476 cum
2941 5426 3282 5478 ronwnirnti
3321 5446 3486 5482 sensu

1927 5507 2268 5561 adluerentes
2315 5512 2624 5572 nobiscum,
2661 5524 2714 5566 et
2750 5531 2872 5566 cum
2926 5516 3057 5583 ipsis
3095 5528 3260 5570 stent.
3295 5522 3491 5581 Quem-

1926 5596 2217 5649 admodum
2268 5600 2461 5654 l’ihum
2524 5619 2587 5655 ex
2641 5606 2750 5656 Deo
2795 5622 2913 5660 esse
2948 5608 3199 5669 dicimus,
3232 5622 3286 5663 et
3342 5625 3493 5667 certe

1931 5703 2035 5738 non
2064 5703 2370 5754 propterea,
2395 5693 2520 5759 quia
2550 5694 2719 5747 Filius
2744 5696 2885 5748 Deus
2916 5707 3017 5757 est,
3049 5709 3103 5750 et
3133 5700 3288 5752 l’atcr
3326 5701 3494 5763 Deus,

1928 5791 1981 5829 et
2031 5777 2272 5844 Spiritus
2312 5792 2534 5834 sanctus
2571 5784 2730 5848 L‘eus,
2786 5787 2887 5839 hoc
2926 5790 3151 5842 verbum
3194 5792 3491 5859 rejicuuus,

1931 5884 1997 5920 ne
2032 5883 2291 5936 Coganmr
2323 5888 2452 5924 sane
2488 5875 2568 5926 Vel
2620 5876 2814 5930 l’iiium
2849 5898 2875 5931 a
2910 5896 2966 5932 se.
3007 5882 3210 5948 dicere,
3256 5898 3379 5937 cum
3424 5884 3496 5941 sit

2984 5976 3060 6031 29
