4180 6458
272 408 382 472 909

1181 413 1276 471 DE
1321 411 1843 470 l’liUCESSlONE
1892 409 2250 469 Sl'liil'I‘US
2290 409 2583 468 SANCTI.

3383 406 3488 469 910

272 525 373 594 τὴν
414 522 635 590 πλάνην,
679 521 849 578 ταῦτά
912 525 1078 580 ἔστιν.
1127 525 1340 592 Ἰιγαγε
1387 526 1441 576 δὲ
1502 526 1695 586 αὐτοὺς
1737 525 1819 575 ἐπ’

1935 540 2172 576 errorem
2207 527 2318 576 inec
2356 534 2505 584 sunt,
2535 532 2696 590 atque
2729 520 2782 574 in
2819 522 2957 574 banc
2987 536 3200 586 novam,
3232 533 3288 578 et
3317 525 3491 592 inopi-

273 618 378 685 τὴν
408 615 713 684 παράλογον
740 616 991 669 ἔνστασιν
1019 616 1244 685 ταύτην,
1275 617 1413 668 ὥστε
1445 619 1517 685 μὴ
1545 618 1827 684 ὁμολογεῖν

269 707 337 757 ὲκ
367 708 463 772 τῆς
494 705 682 766 οὐσίας
712 705 802 756 τοῦ
844 705 1052 772 Πατρὸς
1087 701 1226 758 εἶναι
1273 705 1364 757 τὸν
1414 705 1563 765 Υἱὸν,
1597 705 1657 754 τὸ
1703 702 1830 768 σφό-

267 802 373 866 δρα
416 796 729 849 ἐνίστασθαι
776 796 912 863 πρὸς
943 798 1070 859 τούς
1106 799 1168 849 τὸ
1208 798 1430 864 Πνεῦμα
1479 796 1539 847 τὸ
1582 797 1734 859 ἅγιον
1765 797 1830 844 ἐκ

265 887 365 937 τοῦ
420 886 628 954 Πατρός
660 890 752 936 καὶ
799 887 896 934 τοῦ
952 885 1082 937 Υίοῦ
1135 885 1532 954 ἐκπορεύεσθαι
1584 880 1829 951 διομολο-

265 977 517 1041 γοῦντας.
548 968 704 1027 Οὗτοι
734 976 842 1043 γὰρ
873 973 1059 1042 σαφῶς
1095 975 1158 1025 ἐκ
1213 975 1424 1026 πολλῶν
1451 974 1624 1024 ἄλλων
1652 972 1831 1024 πειθό-

267 1084 422 1137 μενοι
474 1067 799 1136 βεϐαιότατα
845 1067 906 1119 τὸ
963 1067 1182 1133 Πνεῦμα
1213 1068 1271 1119 τὸ
1315 1069 1470 1131 ἅγιον
1519 1067 1573 1130 ἐξ
1625 1067 1829 1134 ἀμφοῖν

263 1158 684 1227 ἐκπορεύεσθαι,
718 1161 811 1211 καὶ
856 1158 920 1227 δὴ
951 1160 1043 1210 καὶ
1087 1159 1197 1210 ἀπὸ
1229 1158 1420 1210 τούτου
1464 1159 1545 1209 ὅτι
1589 1158 1647 1208 τὸ
1697 1156 1830 1209 αὐτὸ

263 1252 360 1302 καὶ
390 1251 446 1301 ἓν
476 1251 630 1316 ἅγιον
661 1250 889 1318 Πνεῦμα
917 1251 980 1302 ὲκ
1008 1250 1101 1317 τῆς
1143 1251 1329 1308 οὐσίας
1357 1249 1453 1300 τοῦ
1483 1251 1690 1315 Πατρίις
1732 1248 1829 1300 καὶ

258 1342 359 1393 τοῦ
393 1342 522 1393 Υίοῦ
550 1343 665 1402 τοῖς
712 1340 984 1407 θεολόγοις
1012 1343 1244 1410 εἴρηται,
1271 1341 1568 1393 κάντεῦθεν
1615 1341 1825 1408 ἐπιχει.

263 1432 488 1500 ροῦντες
517 1433 608 1482 καὶ
638 1433 876 1494 εὐσεϐῶς
908 1436 1372 1500 συμπεραίνοντες
1401 1433 1464 1483 ὲκ
1491 1431 1586 1484 τοῦ
1616 1430 1830 1500 Πατρὸς

261 1523 362 1573 καὶ⁵
404 1521 496 1573 τοῦ
535 1521 663 1574 Υἱοῦ
714 1523 814 1591 τὴν
868 1520 1104 1591 ὕπαρξιν
1151 1521 1316 1589 ἔχειν,
1363 1523 1530 1574 ταύτὸ
1584 1523 1726 1575 κατὰ
1769 1523 1830 1574 τὸ

262 1614 500 1681 πρᾶγμα
531 1612 876 1674 πιστεύοντες
907 1613 1095 1663 οὐσίαν
1143 1619 1240 1665 καὶ
1289 1615 1609 1675 ὑπόστασιν,
1641 1613 1732 1664 καὶ
1767 1612 1828 1664 τὸ

257 1704 358 1758 τοῦ
390 1705 601 1773 Πατρὺς
629 1704 798 1774 ὄνομα
827 1703 1014 1755 οὐσίαν
1057 1705 1420 1756 ὲνυπηῦστατον
1473 1704 1567 1756 καὶ
1615 1703 1829 1772 πρόσω-

261 1813 366 1848 πον
400 1797 708 1864 σημαίνειν,
748 1794 842 1846 καὶ
867 1795 980 1847 ίσον
1011 1795 1305 1865 ἡγούμενοι
1337 1796 1395 1846 τὸ
1418 1795 1481 1846 ὲκ
1508 1796 1606 1862 τῆς
1635 1794 1826 1853 οὐσίας

1934 624 2113 667 natam
2147 615 2458 667 instantiam
2491 629 2589 667 eos
2624 613 2858 675 induxit,
2893 622 2953 666 ut
2986 628 3092 668 non
3128 616 3490 670 confiteantur

1932 720 1997 758 ex
2041 705 2342 757 substantia
2379 704 2549 756 Patris
2575 719 2693 756 esse
2729 705 2949 767 Filium,
2973 704 3115 771 quod
3144 706 3298 758 valde
3323 722 3490 774 appu-

1930 805 2158 862 gnarent
2178 812 2271 847 eos
2294 795 2382 860 qui
2412 793 2672 861 Spiritum
2701 805 2950 847 sanetum
2975 810 3038 848 ex
3063 795 3221 848 Patre
3245 795 3490 863 Filioque

1931 885 2226 950 procedere
2276 885 2563 934 allirmant.
2625 883 2686 934 lli
2734 885 2876 935 enim
2926 884 3211 936 manifeste
3259 900 3380 937 cum
3424 900 3489 936 ex

1931 975 2116 1026 multis
2137 974 2254 1025 aliis
2279 974 2524 1038 adducti,
2547 982 2606 1026 ut
2631 973 2942 1026 firmissime
2967 976 3208 1038 credant,
3229 975 3488 1043 Spiritum

1929 1071 2174 1114 sanetum
2206 1075 2271 1112 ex
2299 1061 2562 1114 ambobus
2587 1063 2901 1129 procedere,
2935 1072 3045 1114 tum
3075 1065 3236 1116 etiatn
3272 1079 3335 1118 ex
3364 1065 3487 1125 boe,

1929 1154 2072 1219 quod
2113 1151 2253 1204 idem
2297 1163 2350 1203 et
2381 1168 2518 1204 unus
2561 1164 2782 1207 sanctus
2815 1153 3056 1221 Spiritus
3089 1169 3154 1206 ex
3187 1155 3488 1208 substantia

1932 1240 2107 1294 Patris
2135 1252 2188 1294 et
2219 1242 2334 1294 Fiiii
2363 1261 2391 1292 ει
2427 1241 2690 1308 theologis
2723 1243 2900 1297 dictus
2932 1245 3022 1298 sit.
3056 1243 3292 1310 Indeque
3331 1261 3490 1312 argu-

1930 1340 2250 1389 mentantes,
2285 1332 2368 1397 pie
2403 1331 2748 1392 eom-iudcut,
2777 1347 2837 1383 ex
2881 1333 3034 1386 Patre
3069 1333 3314 1402 Filioque
3343 1335 3488 1387 exsi-

1930 1423 2182 1474 stentiam
2210 1422 2437 1484 habere;
2474 1425 2612 1474 idem
2651 1427 2953 1477 secundum
2986 1442 3094 1478 rem
3127 1427 3487 1480 substantiam

1928 1521 1982 1563 ct
2014 1511 2342 1578 liypostasim
2367 1514 2669 1575 credentes,
2697 1528 2753 1566 et
2790 1530 2986 1568 nomen
3023 1517 3197 1570 Patris
3234 1517 3491 1569 substan-

1931 1603 2057 1656 tiam
2103 1602 2484 1655 subsistentem
2530 1615 2585 1656 et
2630 1619 2915 1672 personam
2966 1608 3287 1674 significare,
3328 1621 3490 1674 atque

1927 1696 2135 1762 :equale
2167 1695 2491 1748 arbitrantes
2518 1711 2660 1756 esse,
2684 1698 2727 1749 si
2759 1699 2880 1764 quis
2903 1699 3123 1759 dixerit,
3143 1716 3207 1753 ex
3237 1702 3490 1754 substan-

1933 1788 2004 1839 tia
2054 1802 2320 1855 personae,
2363 1797 2417 1840 et
2463 1804 2526 1840 ex
2575 1789 2867 1857 Ityposlasi.
2915 1791 3382 1855 Quemadmodum
3436 1801 3490 1846 et

260 1884 362 1938 τοῦ
397 1886 689 1954 προσώπου
713 1886 790 1954 τῷ
816 1885 995 1954 λέγειν
1028 1889 1090 1938 ἐκ
1116 1886 1212 1954 τῆς
1244 1887 1610 1949 ὑποστάσεως,
1639 1885 1825 1953 ὥσπερ

1931 1876 2098 1930 Filius
2137 1893 2202 1929 ex
2259 1878 2531 1945 ltypostasi
2583 1879 2780 1942 Patris,
2828 1891 2883 1932 et
2913 1896 2976 1933 ex
3023 1883 3141 1949 ejus
3184 1883 3489 1937 substantia

262 1975 362 2029 καὶ
408 1976 470 2028 τὺ
511 1979 603 2030 τὸν
639 1977 764 2029 Υίὸν
816 1980 880 2030 ὲκ
930 1978 1027 2047 τῆς
1077 1977 1170 2028 τοῦ
1223 1977 1434 2045 Πατρὸς
1481 1977 1826 2036 ὑποστάσεως

261 2070 361 2120 καὶ
394 2069 494 2136 τῆς
526 2071 712 2133 οὐσίας
761 2071 926 2124 αὐτοῦ
964 2069 1256 2135 γεννᾶσθαι
1309 2068 1582 2133 λέγεσθαι,
1610 2066 1670 2118 οὐ
1709 2066 1826 2117 δια-

264 2162 455 2227 φέρειν
510 2159 812 2228 ἠγούμεθα.
857 2163 1089 2214 Ἐκεῖνοι
1147 2160 1285 2228 πρὸς
1347 2159 1406 2212 τὸ
1458 2160 1826 2227 συναγόμενον

259 2248 441 2316 ἀηδῶς
487 2239 723 2317 ἔχοντες,
759 2250 840 2301 ὃτι
883 2252 943 2302 οὐ
994 2250 1296 2319 βούλονται,
1333 2250 1420 2301 ἵνα
1465 2250 1540 2315 μὴ
1584 2250 1823 2316 ἀναγκά-

260 2335 486 2398 ζωνται,
523 2336 778 2406 καθάπερ
829 2338 889 2390 τὺ
941 2339 1032 2390 τὸν
1063 2339 1188 2390 Υίὸν
1240 2339 1302 2390 ἐκ
1345 2341 1442 2406 τῆς
1474 2337 1568 2391 τοῦ
1611 2339 1824 2407 Πατρδς

261 2419 405 2478 εἶναι
437 2426 810 2492 ὑποστάσεως,
831 2431 926 2482 καὶ
953 2429 1014 2481 τὸ
1043 2430 1105 2480 ἐκ
1136 2429 1238 2496 τῆς
1266 2430 1455 2491 οὐσίας
1484 2429 1650 2482 αὐτοῦ
1687 2430 1825 2499 πρὸς

258 2515 470 2584 ἄλληλα
535 2517 634 2584 οὐχ
698 2517 977 2587 ἡγούμεθα
1026 2517 1340 2588 διαφέρειν,
1398 2519 1542 2572 οὕτω
1601 2520 1698 2572 καὶ
1761 2520 1823 2571 τὸ

263 2605 490 2675 Πνεῦμα
523 2607 583 2659 τὸ
619 2606 772 2675 ἅγιον
812 2609 878 2661 ἐκ
915 2611 1012 2678 τῆς
1055 2609 1403 2672 ὑποστάσεως
1451 2609 1543 2662 τοῦ
1578 2608 1699 2663 Υίοῦ
1730 2607 1826 2663 καὶ

259 2699 364 2767 τῆς
391 2697 578 2760 οὐσίας
606 2698 771 2752 αὐτοῦ
800 2699 980 2766 λέγειν
1008 2694 1148 2752 εἶναι
1170 2700 1487 2767 ἀδιάφορον,
1531 2699 1823 2752 κάντεῦθεν

266 2788 409 2856 μετά
440 2789 531 2840 τοῦ
563 2789 772 2859 Πατρδς
803 2790 894 2841 τὸν
926 2789 1054 2842 Υἰὸν
1084 2791 1142 2842 ἓν
1174 2792 1266 2841 τοῦ
1300 2789 1615 2857 Πνεύματος
1649 2791 1822 2844 αἴτιον

259 2877 738 2946 συνομολογοῦσιν,
789 2878 850 2930 οὐ
902 2897 1034 2946 φασι
1079 2881 1170 2932 τὸν
1213 2881 1339 2933 Υἱὸν
1386 2882 1450 2932 ἐκ
1491 2879 1590 2946 τῆς
1638 2881 1822 2943 οὐσίας

259 2961 407 3017 εἶναι
459 2968 554 3018 τοῦ
593 2968 825 3036 Πατρὸς,
856 2971 918 3021 ἐκ
970 2968 1027 3020 δὲ
1082 2970 1179 3036 τῆς
1228 2970 1577 3029 ὑποστάσεως
1639 2969 1818 3037 μόνον,

260 3055 420 3125 κακῷ
455 3057 516 3109 τὸ
565 3059 738 3112 κακδν
779 3059 1019 3129 ίιὶιμενοι,
1063 3063 1162 3127 τὴν
1209 3062 1309 3129 μὲν
1351 3063 1536 3113 οὐσίαν
1579 3060 1720 3112 κατὰ
1761 3062 1821 3112 τὸ

1928 1967 2173 2037 generari
2209 1967 2252 2021 si
2293 1967 2526 2028 dicatur,
2560 1969 2692 2022 nihil
2727 1970 2946 2023 diﬂerre
2979 1970 3374 2025 existimamus.
3407 1973 3486 2026 Illi

1927 2061 2332 2114 conclusionem
2353 2076 2492 2129 (egre
2509 2061 2767 2125 ferentes,
2787 2079 2948 2130 quam
2969 2064 3196 2128 nollent,
3219 2081 3285 2118 ne
3302 2081 3491 2134 quem-

1924 2149 2219 2202 admodum
2269 2149 2467 2203 Filium
2508 2165 2629 2204 esse
2674 2165 2741 2204 ex
2783 2152 3056 2221 ltypostasi
3106 2153 3299 2214 Patris,
3328 2166 3383 2208 et
3419 2171 3488 2207 ex

1925 2240 2230 2294 substantia
2257 2241 2374 2308 ejus
2398 2241 2540 2292 inter
2560 2255 2618 2295 se
2650 2240 2867 2295 diﬂ'etrc
2892 2257 2998 2295 nou
3029 2243 3383 2303 arbitramur,
3415 2244 3489 2297 ita

1925 2330 2087 2384 etiam
2141 2341 2404 2399 cogantur
2449 2330 2768 2384 iudiﬂerens
2814 2347 2934 2385 esse
2983 2331 3167 2387 dicere
3222 2332 3486 2403 Spiritum

1925 2433 2171 2476 sanctum
2188 2437 2250 2476 ex
2274 2421 2549 2491 bypostasi
2575 2421 2778 2486 Filii,et
2798 2438 2862 2477 ex
2888 2423 3187 2478 substantia
3205 2425 3326 2494 ejus
3344 2441 3484 2492 esse,

1926 2516 2160 2582 indeque
2201 2529 2307 2566 una
2343 2528 2464 2567 cum
2500 2514 2658 2568 Patre
2688 2513 2887 2570 Filium
2913 2533 3073 2570 unam
3107 2531 3226 2572 esse
3267 2533 3488 2572 causam

1925 2605 2227 2660 concedant
2251 2616 2304 2658 et
2327 2605 2618 2671 fateantur,
2645 2617 2844 2676 negant
2867 2606 3063 2661 Filium
3083 2623 3149 2663 ex
3177 2609 3486 2665 substantia

1924 2712 2043 2751 esse
2083 2697 2290 2762 Patris,
2329 2697 2423 2751 sed
2473 2707 2683 2751 tantum
2728 2714 2794 2752 ex
2845 2700 3141 2769 bypostasi,
3185 2701 3486 2756 absurdum

1924 2787 2160 2841 absurdo
2195 2797 2469 2853 curantes,
2501 2787 2631 2840 dum
2658 2788 3014 2843 substantiam
3045 2791 3347 2845 secundum
3374 2809 3486 2845 rem

1923 2877 2068 2931 aliud
2089 2893 2209 2932 esse
2235 2878 2302 2931 ab
2331 2878 2608 2946 bypostasi
2633 2889 2864 2948 ponunt.
2885 2880 3068 2936 Multis
3092 2892 3273 2936 autem
3296 2884 3491 2937 absur-

1923 2970 2009 3024 dis
2039 2979 2168 3023 suut
2197 2969 2483 3038 implicati.
2527 2969 2792 3034 Quoniam
2821 2983 3044 3041 apparet
3094 2974 3485 3029 consideranti-

1924 3063 2045 3124 bus,
2076 3061 2220 3130 quod
2246 3063 2414 3115 multa
2446 3077 2511 3114 ex
2541 3061 2644 3115 hoc
2675 3063 2999 3132 colligantur
3031 3063 3293 3128 absurda,
3319 3066 3489 3120 multa

259 3147 498 3215 πρᾶγμα
529 3148 626 3214 τῆς
656 3147 1008 3212 ὑποστάσεως
1049 3151 1238 3219 ἕτερον
1272 3152 1569 3219 τιθέμενοι,
1597 3151 1812 3213 πολλοῖς

1929 3168 2057 3205 vero
2092 3167 2211 3220 quae
2243 3162 2369 3206 sunt
2415 3153 2468 3206 in
2515 3152 2764 3207 confesso
2815 3156 3101 3221 tollantur;
3145 3166 3202 3209 et
3247 3171 3486 3225 quonam

257 3239 318 3290 δὲ
369 3239 588 3299 ἀτόποις
631 3239 960 3308 ὲνεχόμενοι.
1019 3242 1078 3293 ΕΞ
1129 3243 1193 3310 δὴ
1255 3243 1503 3309 φαίνεται
1558 3243 1821 3310 θεωροῦσι

259 3328 438 3383 πολλὰ
485 3329 582 3397 μὲν
627 3329 692 3381 ὲκ
730 3331 920 3383 τούτου
963 3333 1292 3398 συνάγεσθαι
1340 3334 1537 3395 ἄτοπα,
1566 3333 1738 3385 πολλὰ
1766 3333 1822 3384 δὲ

257 3419 375 3472 τῶν
416 3419 864 3488 ὁμολογουμένων
918 3422 1286 3489 ἀναιρεῖσθαι,
1347 3423 1440 3473 καὶ
1497 3425 1645 3484 ὅπως
1695 3423 1823 3476 ἄλλο

259 3512 420 3565 οὐσία
468 3513 561 3564 καὶ
595 3511 720 3564 ἄλλο
760 3511 1053 3574 ὑπόστασις
1100 3516 1334 3582 εἴρηται,
1435 3531 1491 3566 τε
1543 3516 1698 3567 οὐσία
1729 3517 1822 3567 καὶ

258 3603 565 3665 ὑπόστασις
617 3603 711 3656 καὶ
756 3607 790 3673 ἡ
839 3604 1037 3672 ἰδιότης
1077 3604 1243 3656 ταύτὸ
1292 3606 1430 3658 κατὰ
1477 3608 1537 3656 τὸ
1590 3605 1825 3674 πρᾶγμά

258 3697 404 3756 ἐστι,
439 3696 532 3747 καὶ
557 3696 639 3747 ὅτι
669 3693 732 3746 τὸ
765 3695 830 3746 ὲκ
867 3697 964 3764 τῆς
1000 3694 1186 3756 οὐσίας
1219 3696 1312 3746 τοῦ
1347 3697 1560 3763 Πατρύς
1601 3697 1713 3747 ἴσον
1745 3695 1822 3764 τῷ

256 3789 326 3841 ὲκ
383 3787 480 3854 τῆς
536 3785 890 3847 ὑποστάσεως
950 3786 1139 3849 αὐτοῦ,
1196 3788 1280 3839 ἵνα
1341 3789 1414 3856 μὴ
1462 3789 1541 3848 εἰς
1589 3788 1822 3849 ἀτόπους

257 3877 675 3946 ὲκκυλισθῶμεν
718 3876 948 3941 ἑννοίας,
976 3878 1212 3946 φανερὸν
1268 3880 1360 3930 καὶ
1395 3880 1452 3929 τὸ
1487 3879 1549 3930 ἐκ
1595 3879 1692 3940 τῆς
1741 3879 1823 3928 οὐ-

258 3971 389 4033 σίας
417 3969 510 4023 τοῦ
546 3969 675 4022 Υίοῦ
709 3971 902 4021 ταυτὸν
948 3964 1090 4022 εἶναι
1135 3971 1210 4036 τῷ
1239 3972 1300 4020 ἐκ
1333 3970 1429 4037 τῆς
1470 3970 1820 4033 ὑποστάσεως

256 4058 427 4112 αὐτοῦ
449 4073 464 4088 ·
495 4058 588 4111 καὶ
645 4057 797 4110 οὐδὲν
847 4057 1046 4108 ἄτοπον
1098 4060 1210 4118 τοῖς
1258 4058 1322 4110 ὲκ
1357 4057 1450 4109 τοῦ
1483 4057 1694 4127 Πατρός
1730 4059 1824 4110 καὶ

257 4149 398 4202 Υἱοῦ
429 4149 489 4200 τὸ
515 4150 662 4200 θεῖον
692 4148 917 4215 Πνεῦμα
957 4147 1053 4217 τὴν
1083 4148 1318 4218 ὓπαρξιν
1359 4148 1504 4215 ἔχειν
1534 4147 1826 4217 ὁμολογοῦ-

258 4257 349 4294 σιν
402 4240 703 4293 ἀκολουθεῖ.
760 4238 882 4301 Τοῖς
960 4240 1068 4308 γὰρ
1138 4239 1293 4292 τοῦτο
1345 4239 1698 4308 ἀρνουμένοις
1757 4239 1825 4290 τὰ

256 4336 641 4405 προειρημένα
684 4335 860 4388 ἄτοπα
889 4336 1102 4387 ἕπεται.
1141 4335 1255 4387 υύπι
1287 4335 1350 4387 ἂν
1387 4335 1443 4386 δὲ
1486 4334 1642 4386 τοῦτο
1675 4334 1828 4386 συνέ-

255 4424 468 4487 6αινεν,
491 4425 540 4474 εί
567 4422 644 4491 μὴ
672 4421 733 4473 τὸ
760 4421 1144 4490 ὑποτιθέμενον
1175 4423 1372 4475 ἄτοπον
1399 4423 1491 4474 καὶ
1522 4421 1713 4490 ψεῦδος
1735 4415 1821 4489 ἦν.

1926 3246 2085 3296 modo
2139 3243 2285 3296 aliud
2327 3244 2397 3296 sit
2439 3243 2766 3306 substantia,
2813 3244 2962 3298 aliud
3008 3259 3134 3298 vero
3183 3246 3489 3314 bypostasis

1924 3336 2131 3389 dictum
2161 3345 2262 3388 est.
2304 3334 2460 3398 Quod
2503 3334 2664 3388 etiam
2711 3335 3034 3398 substantia,
3065 3344 3119 3388 et
3160 3337 3487 3404 bypostasis,

1924 3436 2085 3492 atque
2121 3424 2443 3491 proprietas.
2475 3422 2618 3476 idem
2643 3434 2728 3476 est
2754 3425 3052 3478 secundum
3085 3440 3227 3492 rem;
3258 3438 3315 3480 et
3341 3426 3483 3495 quod

1927 3515 2059 3568 illud
2092 3531 2159 3568 ex
2202 3515 2508 3568 substantia
2540 3515 2733 3578 Patris,
2775 3515 3119 3583 aequipolleat
3147 3517 3195 3569 ei
3229 3517 3373 3586 quod
3405 3529 3490 3570 est

1925 3621 1989 3658 ex
2036 3605 2310 3675 ll)‘pt)SlttSl
2362 3604 2552 3673 ipsius,
2605 3621 2672 3658 ne
2722 3607 2773 3657 in
2820 3606 3084 3660 absurdas
3131 3609 3489 3676 cogitationes

1927 3698 2299 3749 devolvuntur.
2351 3695 2571 3749 Clarum
2617 3710 2701 3750 εει
2745 3707 2800 3750 et
2850 3698 3002 3761 illud,
3059 3715 3126 3752 ex
3180 3702 3485 3755 substantia

1929 3787 2071 3848 l-‘iiii,
2104 3786 2245 3838 idem
2277 3799 2414 3847 esse,
2441 3785 2582 3853 quod
2617 3802 2677 3838 ex
2712 3787 2830 3855 ejus
2866 3789 3164 3856 bypostasi,
3188 3806 3250 3844 ac
3277 3792 3484 3844 nullum

1926 3876 2220 3928 absurdum
2255 3872 2504 3940 sequitur
2531 3888 2626 3929 cos
2657 3876 2748 3942 qui
2792 3890 2856 3928 ex
2888 3876 3042 3929 Patre
3082 3877 3325 3946 Filioque
3355 3878 3490 3930 diti-

1929 3980 2056 4017 num
2079 3964 2338 4032 Spiritum
2364 3964 2738 4017 exsisteutialn
2768 3965 2963 4018 habere
2991 3967 3248 4021 fatentur.
3276 3969 3487 4037 Quippe

1925 4069 2021 4106 eos
2058 4053 2151 4120 qui
2186 4053 2288 4105 hoc
2333 4051 2645 4104 inficiantur
2687 4053 2942 4120 praedicta
2973 4057 3206 4108 absurda
3243 4075 3484 4125 sequun-

1930 4153 2038 4196 tur.
2073 4141 2190 4194 Non
2232 4150 2411 4194 autem
2440 4141 2492 4193 id
2524 4141 2880 4210 contingeret,
2913 4143 3016 4195 nisi
3047 4145 3190 4212 quod
3229 4147 3489 4214 supponi-

1929 4241 2019 4284 tur
2049 4230 2345 4286 absurdum
2375 4238 2431 4284 et
2462 4231 2656 4284 falsum
2689 4242 2853 4285 esset.
2891 4231 2958 4285 Ut
2987 4234 3132 4286 enim
3167 4237 3490 4292 universalis

1932 4321 2097 4376 tradit
2129 4322 2334 4391 regula,
2365 4321 2516 4384 illud,
2553 4337 2662 4390 quo
2701 4323 2879 4390 posito
2913 4325 3162 4392 sequitur
3188 4325 3486 4380 absurdum

1929 4414 2147 4482 aliquod
2175 4423 2232 4467 et
2265 4413 2480 4478 falsum,
2509 4421 2566 4467 et
2605 4413 2782 4480 ipsum
2814 4413 3082 4483 ejusmodi
3109 4426 3213 4470 est.
3240 4417 3294 4470 Si
3327 4417 3490 4486 igitur

268 4515 364 4576 Ὡς
395 4514 502 4583 γὰρ
529 4514 556 4565 ὁ
586 4512 816 4565 καθόλου
861 4511 1192 4578 παραδίδωσι
1240 4513 1417 4578 λόγος,
1453 4509 1661 4573 οὗτινος
1694 4514 1822 4564 ὑπο-

1927 4505 2020 4572 qui
2058 4520 2123 4558 ex
2171 4504 2473 4558 substantia
2508 4504 2680 4556 Patris
2719 4519 2840 4558 esse
2886 4505 3103 4567 Filium,
3133 4515 3188 4559 et
3218 4522 3321 4559 una
3363 4523 3485 4562 cum

251 4605 505 4664 τεθέντος
544 4603 748 4656 ἄτοπον
775 4604 870 4657 καὶ
894 4601 1086 4670 ψεῦδος
1119 4605 1333 4663 ἕπεται,
1371 4604 1464 4655 καὶ
1494 4604 1626 4655 αὐτὸ
1650 4602 1825 4654 τοιοῦ-

250 4693 352 4745 τόν
383 4692 546 4747 ἐστιν.
583 4693 644 4744 Et
695 4690 794 4759 μὲν
832 4686 925 4743 οὖν
961 4691 988 4742 ὁ
1025 4691 1083 4744 τὸ
1120 4693 1183 4743 ἐκ
1227 4692 1326 4758 τῆς
1356 4692 1543 4753 οὐσίας
1581 4691 1674 4742 τοῦ
1712 4693 1825 4742 Πα-

252 4785 391 4852 τρός
433 4778 572 4835 εἶναι
624 4781 714 4834 τὸν
745 4782 872 4834 Υίὸν
927 4783 1063 4849 μετὰ
1111 4780 1206 4834 τοῦ
1252 4783 1316 4833 ὲκ
1360 4780 1457 4849 τῆς
1502 4781 1688 4842 οὐσίας
1731 4779 1822 4832 τοῦ

255 4874 475 4943 Ιιατρὺς
527 4872 619 4923 καὶ
667 4870 761 4922 τοῦ
815 4868 942 4921 Υίοῦ
992 4865 1132 4921 εἶναι
1184 4869 1244 4919 τὸ
1294 4871 1513 4937 Πνεῦμα
1560 4869 1620 4920 τὸ
1670 4871 1824 4936 am

255 4964 593 5034 ἀρνούμενος
638 4962 1060 5029 συναπαρνείται
1115 4959 1204 5010 καὶ
1250 4961 1308 5011 τὺ
1363 4961 1425 5011 ἐκ
1473 4959 1564 5010 τοῦ
1616 4959 1825 5026 [ἰατρὸς

254 5057 357 5109 καὶ
399 5053 490 5107 τοῦ
535 5051 664 5105 Υίοῦ
707 5051 804 5122 τὴν
848 5050 1081 5121 ὓπαρξιν
1113 5051 1258 5119 ἔχειν
1301 5051 1361 5102 τὸ
1392 5052 1546 5115 ἆγιον
1581 5051 1822 5115 Ιινεῦμα,

255 5143 574 5213 παράλογος
631 5142 728 5210 μὲν
756 5142 821 5193 ἂν
872 5142 958 5208 εἴη
1007 5140 1128 5192 κατ’
1167 5141 1349 5191 ἐκεῖνα
1381 5141 1487 5192 τῶν
1526 5140 1750 5208 θηρίων,
1792 5139 1825 5192 ἃ.

253 5234 608 5304 πληττόμενα
664 5231 861 5301 μᾶλλον
893 5233 984 5283 ἐπι
1013 5231 1073 5282 τὸ
1113 5232 1264 5299 ξίφος
1295 5232 1482 5292 ἵενται,
1522 5231 1633 5299 ἕλοι
1677 5233 1720 5282 ὁ·
1761 5234 1824 5284 ἄν

250 5344 386 5380 τινα
430 5329 527 5393 τὴν
576 5325 919 5392 παραίτησιν,
978 5321 1191 5391 ψυχρὰν
1237 5322 1418 5389 μέντοι
1473 5323 1565 5372 καὶ
1617 5322 1825 5372 ἐπικίν-

253 5420 418 5471 δυνον
446 5417 534 5468 διὰ
552 5416 613 5467 τὸ
643 5416 741 5483 τῆς
775 5415 1058 5482 συνηθείας
1087 5414 1298 5480 ἄλογον.

336 5510 400 5562 Εἰ
456 5509 514 5562 δέ
559 5525 642 5570 τις
693 5509 754 5560 τὸ
809 5511 874 5561 ὲκ
925 5508 1019 5560 τοῦ
1060 5509 1269 5577 Πατρὸς
1311 5510 1402 5558 καὶ
1447 5506 1538 5558 τοῦ
1587 5506 1716 5558 Υίοῦ
1766 5509 1825 5558 τὸ

266 5597 490 5667 Πνεῦμα
523 5599 584 5649 τὸ
611 5598 764 5665 ἆγιον
791 5599 1067 5668 ὁμολογῶν
1097 5598 1513 5666 ἐκπορεύεσθαι,
1541 5598 1599 5649 τὸ
1625 5599 1691 5650 ἐκ
1727 5599 1824 5666 τῆς

252 5692 453 5752 οὐσίας
494 5687 590 5741 τοῦ
631 5690 842 5758 Πατρός
884 5690 1099 5743 καὶτοῦ
1143 5691 1273 5743 Υἰοῦ
1305 5690 1435 5743 αὐτὸ
1468 5687 1631 5752 εἶναι,
1669 5691 1701 5760 ἢ
1733 5690 1823 5742 τὸν

256 5780 400 5834 Υίδν
436 5780 500 5830 ὲκ
522 5780 619 5848 τῆς
653 5783 838 5842 οὐσίας
877 5781 971 5832 τοῦ
999 5782 1210 5848 Πατρδς
1245 5780 1538 5846 γεννᾶσθαι
1565 5781 1826 5848 ἀπαρνεῖ-

1931 4595 2035 4648 hoc
2063 4609 2126 4648 ex
2159 4593 2464 4648 substantia
2491 4593 2669 4648 Patris
2693 4602 2746 4647 et
2779 4594 2897 4647 Filii
2924 4611 3042 4649 esse
3075 4596 3336 4664 Spiritum
3363 4613 3490 4650 san-

1926 4695 2075 4739 etum
2123 4695 2303 4755 negat,
2345 4684 2504 4738 simul
2552 4686 2716 4738 etiam
2751 4695 2912 4753 negat
2957 4701 3020 4740 ex
3055 4686 3211 4740 Patre
3245 4686 3490 4756 Filioque

1927 4785 2174 4831 sanctum
2251 4775 2512 4842 Spiritum
2578 4777 2952 4830 exsistentiam
3023 4777 3240 4842 habere,
3300 4781 3488 4848 utique

1926 4878 2078 4922 extra
2109 4867 2372 4921 terminus
2401 4865 2596 4932 fertur,
2631 4869 2857 4935 perinde
2887 4879 3050 4938 atque
3084 4871 3186 4925 illa:
3228 4873 3357 4930 ferte
3397 4875 3490 4928 be-

1928 4959 2064 5024 stitr,
2103 4974 2222 5028 qua:
2258 4973 2524 5027 percussae
2557 4959 2734 5029 gladio
2769 4974 2826 5014 se
2862 4962 3031 5030 magis
3063 4964 3348 5032 objiciunt.
3385 4965 3486 5019 lla-

1931 5052 2122 5103 berent
2177 5058 2358 5100 utlleln
2411 5049 2702 5117 quamdam
2760 5053 3188 5115 excusationem,
3239 5055 3489 5126 frigidam

1930 5151 2129 5200 nullon,
2161 5150 2322 5204 atque
2356 5138 2716 5205 periculosam
2747 5138 2815 5189 ob
2852 5139 3222 5194 irrationalem
3258 5158 3487 5197 consue-

1927 5232 2187 5282 tudinem.

1998 5507 2066 5561 At
2098 5522 2227 5560 vero
2253 5505 2297 5560 si
2330 5505 2453 5575 quis
2482 5521 2547 5558 ex
2586 5504 2745 5558 Patre
2784 5505 3023 5575 Filioque
3068 5506 3329 5576 Spiritum
3365 5526 3486 5562 san-

1929 5610 2076 5655 ctum
2105 5601 2402 5667 procedere
2433 5598 2774 5662 confiteatur,
2805 5615 2870 5652 ex
2897 5599 3196 5654 substantia
3230 5602 3401 5656 Patris
3427 5618 3490 5657 ac

1931 5692 2052 5746 Filii
2080 5708 2205 5746 eum
2235 5705 2377 5755 esse,
2409 5690 2492 5744 vel
2527 5689 2720 5745 Filium
2759 5707 2825 5746 ex
2855 5692 3157 5746 substantia
3186 5693 3364 5746 Patris
3393 5710 3489 5761 ge»

1932 5781 2113 5836 nerari
2149 5789 2330 5847 neget.
2377 5779 2718 5844 alterutrum,
2765 5779 2866 5834 iste
2899 5781 3020 5834 talis
3054 5781 3135 5834 vel
3165 5780 3486 5834 Arianorum
