  <div class='ocr_page' id='page_1' title='image "/cluster/home/n/w/nwhite01/storage/ocr_20150623/154/nnc1.0046980970/462.png"; bbox 0 0 4180 6458; ppageno 0'>
   <div class='ocr_carea' id='block_1_1' title="bbox 231 455 339 517">
    <p class='ocr_par' dir='ltr' id='par_1_1' title="bbox 231 455 339 517">
     <span class='ocr_line' id='line_1_1' title="bbox 231 455 339 517; baseline -0.009 -1"><span class='ocrx_word' id='word_1_1' title='bbox 231 455 339 517; x_wconf 72' lang='grc'><strong>923</strong></span> 
     </span>
    </p>
   </div>
   <div class='ocr_carea' id='block_1_2' title="bbox 1153 460 2539 528">
    <p class='ocr_par' dir='ltr' id='par_1_2' title="bbox 1153 460 2539 528">
     <span class='ocr_line' id='line_1_2' title="bbox 1153 460 2539 528; baseline 0.005 -8"><span class='ocrx_word' id='word_1_2' title='bbox 1153 463 1246 522; x_wconf 86' lang='lat' dir='ltr'><strong>DE</strong></span> <span class='ocrx_word' id='word_1_3' title='bbox 1291 460 1807 523; x_wconf 82' lang='lat' dir='ltr'><strong>PRGCESSIONE</strong></span> <span class='ocrx_word' id='word_1_4' title='bbox 1848 462 2206 525; x_wconf 80' lang='lat' dir='ltr'><strong>SPIRITUS</strong></span> <span class='ocrx_word' id='word_1_5' title='bbox 2247 467 2539 528; x_wconf 54' lang='lat' dir='ltr'><strong>SANCTI.</strong></span> 
     </span>
    </p>
   </div>
   <div class='ocr_carea' id='block_1_3' title="bbox 3353 460 3457 519">
    <p class='ocr_par' dir='ltr' id='par_1_3' title="bbox 3353 460 3457 519">
     <span class='ocr_line' id='line_1_3' title="bbox 3353 460 3457 519; baseline -0.01 0"><span class='ocrx_word' id='word_1_6' title='bbox 3353 460 3457 519; x_wconf 71' lang='grc' dir='ltr'><strong>9ὶὶ</strong></span> 
     </span>
    </p>
   </div>
   <div class='ocr_carea' id='block_1_4' title="bbox 139 565 1825 645">
    <p class='ocr_par' dir='ltr' id='par_1_4' title="bbox 139 565 1825 644">
     <span class='ocr_line' id='line_1_4' title="bbox 139 565 1825 644; baseline 0.007 -29"><span class='ocrx_word' id='word_1_7' title='bbox 139 595 144 598; x_wconf 90' lang='grc'><strong>-</strong></span> <span class='ocrx_word' id='word_1_8' title='bbox 229 567 327 616; x_wconf 71' lang='grc' dir='ltr'><strong>καὶ</strong></span> <span class='ocrx_word' id='word_1_9' title='bbox 377 565 474 633; x_wconf 76' lang='grc' dir='ltr'>τῆς</span> <span class='ocrx_word' id='word_1_10' title='bbox 522 565 612 618; x_wconf 89' lang='grc' dir='ltr'><strong>τοῦ</strong></span> <span class='ocrx_word' id='word_1_11' title='bbox 681 569 993 636; x_wconf 76' lang='grc' dir='ltr'>Πνεῦματος</span> <span class='ocrx_word' id='word_1_12' title='bbox 1051 573 1333 642; x_wconf 76' lang='grc' dir='ltr'><strong>ὑπάρξεως</strong></span> <span class='ocrx_word' id='word_1_13' title='bbox 1382 574 1716 644; x_wconf 79' lang='grc' dir='ltr'>καθαιρέτην</span> <span class='ocrx_word' id='word_1_14' title='bbox 1764 574 1825 630; x_wconf 88' lang='grc' dir='ltr'><strong>ὁ.</strong></span> 
     </span>
    </p>
   </div>
   <div class='ocr_carea' id='block_1_5' title="bbox 1917 565 3454 645">
    <p class='ocr_par' dir='ltr' id='par_1_5' title="bbox 1917 573 3454 645">
     <span class='ocr_line' id='line_1_5' title="bbox 1917 573 3454 645; baseline -0.001 -20"><span class='ocrx_word' id='word_1_15' title='bbox 1917 575 2127 630; x_wconf 69' lang='grc' dir='ltr'>ὶιιείιίυε</span> <span class='ocrx_word' id='word_1_16' title='bbox 2176 578 2227 630; x_wconf 90' lang='lat' dir='ltr'><strong>in</strong></span> <span class='ocrx_word' id='word_1_17' title='bbox 2274 579 2505 645; x_wconf 81' lang='lat' dir='ltr'><strong>cpistola</strong></span> <span class='ocrx_word' id='word_1_18' title='bbox 2572 577 2635 630; x_wconf 88' lang='lat' dir='ltr'><strong>ad</strong></span> <span class='ocrx_word' id='word_1_19' title='bbox 2685 576 2975 629; x_wconf 83' lang='lat' dir='ltr'><strong>canoniras</strong></span> <span class='ocrx_word' id='word_1_20' title='bbox 3026 573 3274 627; x_wconf 86' lang='lat' dir='ltr'><strong>aﬂirmat.</strong></span> <span class='ocrx_word' id='word_1_21' title='bbox 3327 574 3454 623; x_wconf 75' lang='lat' dir='ltr'><strong>item</strong></span> 
     </span>
    </p>
   </div>
   <div class='ocr_carea' id='block_1_6' title="bbox 231 656 1788 734">
    <p class='ocr_par' dir='ltr' id='par_1_6' title="bbox 231 656 1788 734">
     <span class='ocr_line' id='line_1_6' title="bbox 231 656 1788 734; baseline 0.008 -30"><span class='ocrx_word' id='word_1_22' title='bbox 231 656 406 722; x_wconf 80' lang='grc' dir='ltr'>μέγας</span> <span class='ocrx_word' id='word_1_23' title='bbox 452 656 728 720; x_wconf 74' lang='grc' dir='ltr'>Ιῖασίλτιος</span> <span class='ocrx_word' id='word_1_24' title='bbox 774 660 833 712; x_wconf 81' lang='grc' dir='ltr'><strong>ἐν</strong></span> <span class='ocrx_word' id='word_1_25' title='bbox 876 662 1130 730; x_wconf 77' lang='grc' dir='ltr'><strong>ἐπιστολῇ</strong></span> <span class='ocrx_word' id='word_1_26' title='bbox 1161 667 1226 734; x_wconf 79' lang='grc' dir='ltr'>τῇ</span> <span class='ocrx_word' id='word_1_27' title='bbox 1265 665 1405 733; x_wconf 54' lang='grc' dir='ltr'>προς</span> <span class='ocrx_word' id='word_1_28' title='bbox 1438 667 1537 728; x_wconf 83' lang='grc' dir='ltr'><strong>τάς</strong></span> <span class='ocrx_word' id='word_1_29' title='bbox 1569 683 1788 719; x_wconf 76' lang='grc' dir='ltr'>κανόνι-ι</span> 
     </span>
    </p>
   </div>
   <div class='ocr_carea' id='block_1_7' title="bbox 227 748 1790 826">
    <p class='ocr_par' dir='ltr' id='par_1_7' title="bbox 227 748 1790 826">
     <span class='ocr_line' id='line_1_7' title="bbox 227 748 1790 826; baseline 0.01 -30"><span class='ocrx_word' id='word_1_30' title='bbox 227 749 327 806; x_wconf 66' lang='lat' dir='ltr'><strong>xi,-</strong></span> <span class='ocrx_word' id='word_1_31' title='bbox 357 748 652 816; x_wconf 72' lang='grc' dir='ltr'><strong>διορίζεται</strong></span> <span class='ocrx_word' id='word_1_32' title='bbox 679 766 693 781; x_wconf 80' lang='grc' dir='ltr'><strong>ο</strong></span> <span class='ocrx_word' id='word_1_33' title='bbox 739 751 830 803; x_wconf 81' lang='grc' dir='ltr'>καὶ</span> <span class='ocrx_word' id='word_1_34' title='bbox 857 752 921 821; x_wconf 82' lang='grc' dir='ltr'>ἢν</span> <span class='ocrx_word' id='word_1_35' title='bbox 948 754 1098 818; x_wconf 78' lang='grc' dir='ltr'>τάξιν</span> <span class='ocrx_word' id='word_1_36' title='bbox 1143 756 1253 824; x_wconf 83' lang='grc' dir='ltr'><strong>ἔχει</strong></span> <span class='ocrx_word' id='word_1_37' title='bbox 1287 759 1314 808; x_wconf 91' lang='grc' dir='ltr'>ὀ</span> <span class='ocrx_word' id='word_1_38' title='bbox 1357 757 1482 818; x_wconf 77' lang='grc' dir='ltr'>Υἱὸς</span> <span class='ocrx_word' id='word_1_39' title='bbox 1524 759 1660 826; x_wconf 68' lang='grc' dir='ltr'>πρὸς</span> <span class='ocrx_word' id='word_1_40' title='bbox 1699 759 1790 811; x_wconf 82' lang='grc' dir='ltr'><strong>τὸν</strong></span> 
     </span>
    </p>
   </div>
   <div class='ocr_carea' id='block_1_8' title="bbox 229 835 1786 918">
    <p class='ocr_par' dir='ltr' id='par_1_8' title="bbox 229 835 1786 918">
     <span class='ocr_line' id='line_1_8' title="bbox 229 835 1786 918; baseline 0.011 -33"><span class='ocrx_word' id='word_1_41' title='bbox 229 835 472 904; x_wconf 80' lang='grc' dir='ltr'>Πατέρα,</span> <span class='ocrx_word' id='word_1_42' title='bbox 500 839 598 906; x_wconf 82' lang='grc' dir='ltr'>τὴν</span> <span class='ocrx_word' id='word_1_43' title='bbox 632 839 800 908; x_wconf 78' lang='grc' dir='ltr'>αὐτὴν</span> <span class='ocrx_word' id='word_1_44' title='bbox 834 843 968 910; x_wconf 85' lang='grc' dir='ltr'>πρὸς</span> <span class='ocrx_word' id='word_1_45' title='bbox 995 846 1085 896; x_wconf 84' lang='grc' dir='ltr'><strong>τὸν</strong></span> <span class='ocrx_word' id='word_1_46' title='bbox 1133 846 1254 900; x_wconf 76' lang='grc' dir='ltr'>Υίὸν</span> <span class='ocrx_word' id='word_1_47' title='bbox 1288 847 1400 916; x_wconf 81' lang='grc' dir='ltr'>ἔχει</span> <span class='ocrx_word' id='word_1_48' title='bbox 1430 848 1490 900; x_wconf 87' lang='grc' dir='ltr'><strong>τὸ</strong></span> <span class='ocrx_word' id='word_1_49' title='bbox 1529 849 1786 918; x_wconf 76' lang='grc' dir='ltr'>Πνεῦμαο</span> 
     </span>
    </p>
   </div>
   <div class='ocr_carea' id='block_1_9' title="bbox 225 929 1793 1004">
    <p class='ocr_par' dir='ltr' id='par_1_9' title="bbox 225 929 1793 1004">
     <span class='ocr_line' id='line_1_9' title="bbox 225 929 1793 1004; baseline 0.012 -30"><span class='ocrx_word' id='word_1_50' title='bbox 225 929 324 975; x_wconf 81' lang='grc' dir='ltr'>καὶ</span> <span class='ocrx_word' id='word_1_51' title='bbox 376 929 404 978; x_wconf 89' lang='lat'><strong>6</strong></span> <span class='ocrx_word' id='word_1_52' title='bbox 453 929 550 995; x_wconf 81' lang='grc' dir='ltr'>μὲν</span> <span class='ocrx_word' id='word_1_53' title='bbox 599 929 726 991; x_wconf 75' lang='lat' dir='ltr'><strong>Tib;</strong></span> <span class='ocrx_word' id='word_1_54' title='bbox 778 930 872 983; x_wconf 91' lang='grc' dir='ltr'><strong>τοῦ</strong></span> <span class='ocrx_word' id='word_1_55' title='bbox 924 935 1134 1002; x_wconf 66' lang='grc' dir='ltr'>[ἰατρὸς</span> <span class='ocrx_word' id='word_1_56' title='bbox 1188 938 1440 1004; x_wconf 77' lang='grc' dir='ltr'>ἐνέργεια</span> <span class='ocrx_word' id='word_1_57' title='bbox 1489 939 1642 1000; x_wconf 82' lang='grc' dir='ltr'>ζῶσα</span> <span class='ocrx_word' id='word_1_58' title='bbox 1698 941 1793 992; x_wconf 77' lang='grc' dir='ltr'><strong>καὶ</strong></span> 
     </span>
    </p>
   </div>
   <div class='ocr_carea' id='block_1_10' title="bbox 227 1017 1794 1090">
    <p class='ocr_par' dir='ltr' id='par_1_10' title="bbox 227 1017 1794 1090">
     <span class='ocr_line' id='line_1_10' title="bbox 227 1017 1794 1090; baseline 0.013 -24"><span class='ocrx_word' id='word_1_59' title='bbox 227 1017 498 1086; x_wconf 77' lang='grc' dir='ltr'>ούσιώδης</span> <span class='ocrx_word' id='word_1_60' title='bbox 556 1024 649 1072; x_wconf 82' lang='grc' dir='ltr'>καὶ</span> <span class='ocrx_word' id='word_1_61' title='bbox 701 1023 1096 1090; x_wconf 81' lang='grc' dir='ltr'>ἑνυπόστατος,</span> <span class='ocrx_word' id='word_1_62' title='bbox 1157 1027 1251 1079; x_wconf 90' lang='grc' dir='ltr'><strong>τοῦ</strong></span> <span class='ocrx_word' id='word_1_63' title='bbox 1313 1031 1369 1082; x_wconf 87' lang='grc' dir='ltr'>δὲ</span> <span class='ocrx_word' id='word_1_64' title='bbox 1435 1031 1558 1083; x_wconf 87' lang='grc' dir='ltr'>Υίοῦ</span> <span class='ocrx_word' id='word_1_65' title='bbox 1617 1032 1794 1086; x_wconf 80' lang='grc' dir='ltr'>ταῦτα</span> 
     </span>
    </p>
   </div>
   <div class='ocr_carea' id='block_1_11' title="bbox 231 1108 1790 1190">
    <p class='ocr_par' dir='ltr' id='par_1_11' title="bbox 231 1108 1790 1190">
     <span class='ocr_line' id='line_1_11' title="bbox 231 1108 1790 1190; baseline 0.012 -32"><span class='ocrx_word' id='word_1_66' title='bbox 231 1108 412 1159; x_wconf 82' lang='grc' dir='ltr'>πάντα</span> <span class='ocrx_word' id='word_1_67' title='bbox 460 1109 521 1161; x_wconf 90' lang='lat'><strong>:6</strong></span> <span class='ocrx_word' id='word_1_68' title='bbox 565 1112 824 1180; x_wconf 75' lang='grc' dir='ltr'>Πνεῦμαο</span> <span class='ocrx_word' id='word_1_69' title='bbox 858 1118 954 1170; x_wconf 72' lang='grc' dir='ltr'>καὶ</span> <span class='ocrx_word' id='word_1_70' title='bbox 983 1120 1010 1170; x_wconf 98' lang='lat'><strong>6</strong></span> <span class='ocrx_word' id='word_1_71' title='bbox 1049 1119 1148 1185; x_wconf 81' lang='grc' dir='ltr'><strong>μὲν</strong></span> <span class='ocrx_word' id='word_1_72' title='bbox 1182 1121 1370 1190; x_wconf 83' lang='grc' dir='ltr'>Πατὴρ</span> <span class='ocrx_word' id='word_1_73' title='bbox 1401 1123 1487 1175; x_wconf 85' lang='grc' dir='ltr'><strong>διά</strong></span> <span class='ocrx_word' id='word_1_74' title='bbox 1518 1126 1612 1178; x_wconf 87' lang='grc' dir='ltr'><strong>τοῦ</strong></span> <span class='ocrx_word' id='word_1_75' title='bbox 1658 1125 1790 1177; x_wconf 80' lang='grc' dir='ltr'>Υἱοῦ</span> 
     </span>
    </p>
   </div>
   <div class='ocr_carea' id='block_1_12' title="bbox 229 1197 1795 1282">
    <p class='ocr_par' dir='ltr' id='par_1_12' title="bbox 229 1197 1795 1282">
     <span class='ocr_line' id='line_1_12' title="bbox 229 1197 1795 1282; baseline 0.015 -37"><span class='ocrx_word' id='word_1_76' title='bbox 229 1197 468 1265; x_wconf 76' lang='grc' dir='ltr'><strong>ἐνεργεῖ,</strong></span> <span class='ocrx_word' id='word_1_77' title='bbox 497 1202 524 1251; x_wconf 93' lang='lat'><strong>6</strong></span> <span class='ocrx_word' id='word_1_78' title='bbox 565 1201 621 1254; x_wconf 85' lang='grc' dir='ltr'>δὲ</span> <span class='ocrx_word' id='word_1_79' title='bbox 664 1203 790 1266; x_wconf 83' lang='grc' dir='ltr'>Υἱὸς</span> <span class='ocrx_word' id='word_1_80' title='bbox 837 1206 923 1260; x_wconf 88' lang='grc' dir='ltr'><strong>διά</strong></span> <span class='ocrx_word' id='word_1_81' title='bbox 971 1209 1065 1260; x_wconf 87' lang='grc' dir='ltr'><strong>τοῦ</strong></span> <span class='ocrx_word' id='word_1_82' title='bbox 1119 1211 1471 1278; x_wconf 84' lang='grc' dir='ltr'>Πνεύματος·</span> <span class='ocrx_word' id='word_1_83' title='bbox 1506 1216 1600 1267; x_wconf 83' lang='grc' dir='ltr'>καὶ</span> <span class='ocrx_word' id='word_1_84' title='bbox 1635 1219 1662 1268; x_wconf 91' lang='lat'><strong>6</strong></span> <span class='ocrx_word' id='word_1_85' title='bbox 1695 1217 1795 1282; x_wconf 85' lang='grc' dir='ltr'>μὲν</span> 
     </span>
    </p>
   </div>
   <div class='ocr_carea' id='block_1_13' title="bbox 230 1285 1794 1372">
    <p class='ocr_par' dir='ltr' id='par_1_13' title="bbox 230 1285 1794 1372">
     <span class='ocr_line' id='line_1_13' title="bbox 230 1285 1794 1372; baseline 0.014 -35"><span class='ocrx_word' id='word_1_86' title='bbox 230 1285 360 1350; x_wconf 83' lang='grc' dir='ltr'>Υἱὸς</span> <span class='ocrx_word' id='word_1_87' title='bbox 385 1290 447 1340; x_wconf 85' lang='grc' dir='ltr'><strong>ὲκ</strong></span> <span class='ocrx_word' id='word_1_88' title='bbox 473 1289 569 1342; x_wconf 89' lang='grc' dir='ltr'><strong>τοῦ</strong></span> <span class='ocrx_word' id='word_1_89' title='bbox 599 1292 810 1361; x_wconf 78' lang='grc' dir='ltr'>[ἰατρὸς</span> <span class='ocrx_word' id='word_1_90' title='bbox 839 1295 1128 1365; x_wconf 79' lang='grc' dir='ltr'>λαμϐάνει,</span> <span class='ocrx_word' id='word_1_91' title='bbox 1163 1301 1222 1352; x_wconf 83' lang='grc' dir='ltr'><strong>τὸ</strong></span> <span class='ocrx_word' id='word_1_92' title='bbox 1246 1301 1301 1353; x_wconf 82' lang='grc' dir='ltr'>δὲ</span> <span class='ocrx_word' id='word_1_93' title='bbox 1340 1304 1561 1372; x_wconf 81' lang='grc' dir='ltr'>Πνεῦμα</span> <span class='ocrx_word' id='word_1_94' title='bbox 1593 1307 1658 1357; x_wconf 88' lang='grc' dir='ltr'>ὲκ</span> <span class='ocrx_word' id='word_1_95' title='bbox 1699 1306 1794 1358; x_wconf 87' lang='grc' dir='ltr'><strong>τοῦ</strong></span> 
     </span>
    </p>
   </div>
   <div class='ocr_carea' id='block_1_14' title="bbox 232 1378 1796 1462">
    <p class='ocr_par' dir='ltr' id='par_1_14' title="bbox 232 1378 1796 1462">
     <span class='ocr_line' id='line_1_14' title="bbox 232 1378 1796 1462; baseline 0.013 -33"><span class='ocrx_word' id='word_1_96' title='bbox 232 1378 385 1432; x_wconf 81' lang='grc' dir='ltr'>Υίοῦ.</span> <span class='ocrx_word' id='word_1_97' title='bbox 430 1399 447 1430; x_wconf 73' lang='grc' dir='ltr'><strong>ι</strong></span> <span class='ocrx_word' id='word_1_98' title='bbox 493 1380 587 1433; x_wconf 82' lang='grc' dir='ltr'><strong>Ἐκ</strong></span> <span class='ocrx_word' id='word_1_99' title='bbox 629 1383 723 1436; x_wconf 89' lang='grc' dir='ltr'><strong>τοῦ</strong></span> <span class='ocrx_word' id='word_1_100' title='bbox 765 1388 900 1454; x_wconf 81' lang='grc' dir='ltr'>ἐμοῦ</span> <span class='ocrx_word' id='word_1_101' title='bbox 944 1389 1075 1457; x_wconf 79' lang='grc' dir='ltr'>γάρ,</span> <span class='ocrx_word' id='word_1_102' title='bbox 1119 1393 1272 1460; x_wconf 81' lang='grc' dir='ltr'>φησὶ,</span> <span class='ocrx_word' id='word_1_103' title='bbox 1306 1394 1557 1462; x_wconf 65' lang='grc' dir='ltr'>λήψεται,</span> <span class='ocrx_word' id='word_1_104' title='bbox 1597 1416 1615 1446; x_wconf 75' lang='grc' dir='ltr'><strong>ι</strong></span> <span class='ocrx_word' id='word_1_105' title='bbox 1654 1398 1796 1450; x_wconf 73' lang='grc' dir='ltr'>κατὰ</span> 
     </span>
    </p>
   </div>
   <div class='ocr_carea' id='block_1_15' title="bbox 229 1469 1792 1555">
    <p class='ocr_par' dir='ltr' id='par_1_15' title="bbox 229 1469 1792 1555">
     <span class='ocr_line' id='line_1_15' title="bbox 229 1469 1792 1555; baseline 0.015 -36"><span class='ocrx_word' id='word_1_106' title='bbox 229 1469 326 1521; x_wconf 81' lang='grc' dir='ltr'><strong>τὸν</strong></span> <span class='ocrx_word' id='word_1_107' title='bbox 363 1471 533 1538; x_wconf 80' lang='grc' dir='ltr'>μέγαν</span> <span class='ocrx_word' id='word_1_108' title='bbox 565 1474 914 1531; x_wconf 68' lang='grc' dir='ltr'>’Λθανάσιονι</span> <span class='ocrx_word' id='word_1_109' title='bbox 947 1483 1041 1534; x_wconf 82' lang='grc' dir='ltr'><strong>καὶ</strong></span> <span class='ocrx_word' id='word_1_110' title='bbox 1084 1486 1459 1553; x_wconf 71' lang='grc' dir='ltr'>παραιτοῦμαι</span> <span class='ocrx_word' id='word_1_111' title='bbox 1502 1489 1568 1540; x_wconf 76' lang='grc' dir='ltr'><strong>τά</strong></span> <span class='ocrx_word' id='word_1_112' title='bbox 1603 1489 1792 1555; x_wconf 84' lang='grc' dir='ltr'>πλείω,</span> 
     </span>
    </p>
   </div>
   <div class='ocr_carea' id='block_1_16' title="bbox 231 1560 1796 1659">
    <p class='ocr_par' dir='ltr' id='par_1_16' title="bbox 231 1560 1796 1659">
     <span class='ocr_line' id='line_1_16' title="bbox 231 1560 1796 1659; baseline 0.015 -48"><span class='ocrx_word' id='word_1_113' title='bbox 231 1560 424 1659; x_wconf 44' lang='grc' dir='ltr'>ἵναμὴ</span> <span class='ocrx_word' id='word_1_114' title='bbox 457 1564 575 1659; x_wconf 72' lang='grc' dir='ltr'>καθ’</span> <span class='ocrx_word' id='word_1_115' title='bbox 610 1565 837 1620; x_wconf 76' lang='grc' dir='ltr'>ἕκαστον</span> <span class='ocrx_word' id='word_1_116' title='bbox 881 1571 1132 1640; x_wconf 77' lang='grc' dir='ltr'><strong>ἀριθμῶν</strong></span> <span class='ocrx_word' id='word_1_117' title='bbox 1177 1575 1442 1644; x_wconf 74' lang='grc' dir='ltr'>διατρίϐω</span> <span class='ocrx_word' id='word_1_118' title='bbox 1471 1595 1484 1609; x_wconf 73' lang='grc' dir='ltr'><strong>ο</strong></span> <span class='ocrx_word' id='word_1_119' title='bbox 1525 1581 1661 1646; x_wconf 76' lang='grc' dir='ltr'>πρὸς</span> <span class='ocrx_word' id='word_1_120' title='bbox 1688 1583 1796 1648; x_wconf 77' lang='grc' dir='ltr'><strong>γάρ</strong></span> 
     </span>
    </p>
   </div>
   <div class='ocr_carea' id='block_1_17' title="bbox 233 1647 1799 1740">
    <p class='ocr_par' dir='ltr' id='par_1_17' title="bbox 233 1647 1799 1740">
     <span class='ocr_line' id='line_1_17' title="bbox 233 1647 1799 1740; baseline 0.015 -43"><span class='ocrx_word' id='word_1_121' title='bbox 233 1647 444 1710; x_wconf 66' lang='grc' dir='ltr'>εἰδότας</span> <span class='ocrx_word' id='word_1_122' title='bbox 468 1651 636 1706; x_wconf 84' lang='grc' dir='ltr'>ταῦτα</span> <span class='ocrx_word' id='word_1_123' title='bbox 663 1654 897 1723; x_wconf 79' lang='grc' dir='ltr'>λέγεται.</span> <span class='ocrx_word' id='word_1_124' title='bbox 928 1661 1016 1712; x_wconf 82' lang='grc' dir='ltr'>Διὸ</span> <span class='ocrx_word' id='word_1_125' title='bbox 1037 1661 1100 1732; x_wconf 82' lang='grc' dir='ltr'>δὴ</span> <span class='ocrx_word' id='word_1_126' title='bbox 1132 1663 1304 1717; x_wconf 78' lang='grc' dir='ltr'>ταῦτα</span> <span class='ocrx_word' id='word_1_127' title='bbox 1338 1668 1432 1719; x_wconf 74' lang='grc' dir='ltr'>καὶ</span> <span class='ocrx_word' id='word_1_128' title='bbox 1457 1670 1552 1740; x_wconf 85' lang='grc' dir='ltr'><strong>τὴν</strong></span> <span class='ocrx_word' id='word_1_129' title='bbox 1581 1647 1799 1725; x_wconf 80' lang='grc' dir='ltr'>αἰώνιον</span> 
     </span>
    </p>
   </div>
   <div class='ocr_carea' id='block_1_18' title="bbox 234 1736 1800 1830">
    <p class='ocr_par' dir='ltr' id='par_1_18' title="bbox 234 1736 1800 1830">
     <span class='ocr_line' id='line_1_18' title="bbox 234 1736 1800 1830; baseline 0.019 -42"><span class='ocrx_word' id='word_1_130' title='bbox 234 1736 471 1807; x_wconf 75' lang='grc' dir='ltr'>ὓπαρξιν</span> <span class='ocrx_word' id='word_1_131' title='bbox 501 1743 630 1796; x_wconf 89' lang='grc' dir='ltr'>Υίοῦ</span> <span class='ocrx_word' id='word_1_132' title='bbox 659 1750 748 1798; x_wconf 76' lang='grc' dir='ltr'>καὶ</span> <span class='ocrx_word' id='word_1_133' title='bbox 781 1749 1095 1819; x_wconf 88' lang='grc' dir='ltr'>Πνεύματος</span> <span class='ocrx_word' id='word_1_134' title='bbox 1127 1757 1184 1807; x_wconf 80' lang='grc' dir='ltr'><strong>ἐν</strong></span> <span class='ocrx_word' id='word_1_135' title='bbox 1214 1760 1325 1819; x_wconf 86' lang='grc' dir='ltr'>τοῖς</span> <span class='ocrx_word' id='word_1_136' title='bbox 1368 1761 1800 1830; x_wconf 79' lang='grc' dir='ltr'>Ἀντιρρητικοῖς</span> 
     </span>
    </p>
   </div>
   <div class='ocr_carea' id='block_1_19' title="bbox 233 1830 1799 1922">
    <p class='ocr_par' dir='ltr' id='par_1_19' title="bbox 233 1830 1799 1922">
     <span class='ocr_line' id='line_1_19' title="bbox 233 1830 1799 1922; baseline 0.018 -43"><span class='ocrx_word' id='word_1_137' title='bbox 233 1830 510 1922; x_wconf 43' lang='grc' dir='ltr'>δ-ξύσσης</span> <span class='ocrx_word' id='word_1_138' title='bbox 559 1839 904 1907; x_wconf 75' lang='grc' dir='ltr'>παραδιδοὺς,</span> <span class='ocrx_word' id='word_1_139' title='bbox 947 1862 965 1894; x_wconf 75' lang='grc' dir='ltr'><strong>ι</strong></span> <span class='ocrx_word' id='word_1_140' title='bbox 1001 1846 1072 1896; x_wconf 85' lang='lat' dir='ltr'><em>T6</em></span> <span class='ocrx_word' id='word_1_141' title='bbox 1109 1845 1208 1914; x_wconf 79' lang='grc' dir='ltr'>μὲν</span> <span class='ocrx_word' id='word_1_142' title='bbox 1262 1850 1390 1920; x_wconf 72' lang='grc' dir='ltr'>γὰρ,</span> <span class='ocrx_word' id='word_1_143' title='bbox 1422 1855 1573 1916; x_wconf 64' lang='grc' dir='ltr'>φησι,</span> <span class='ocrx_word' id='word_1_144' title='bbox 1603 1871 1799 1922; x_wconf 74' lang='grc' dir='ltr'>προσε-</span> 
     </span>
    </p>
   </div>
   <div class='ocr_carea' id='block_1_20' title="bbox 235 1917 1874 2001">
    <p class='ocr_par' dir='ltr' id='par_1_20' title="bbox 235 1917 1874 2001">
     <span class='ocr_line' id='line_1_20' title="bbox 235 1917 1874 2001; baseline 0.018 -32"><span class='ocrx_word' id='word_1_145' title='bbox 235 1917 352 1986; x_wconf 86' lang='grc' dir='ltr'><strong>χῶς</strong></span> <span class='ocrx_word' id='word_1_146' title='bbox 381 1924 443 1974; x_wconf 86' lang='grc' dir='ltr'><strong>ὲκ</strong></span> <span class='ocrx_word' id='word_1_147' title='bbox 484 1924 576 1976; x_wconf 89' lang='grc' dir='ltr'><strong>τοῦ</strong></span> <span class='ocrx_word' id='word_1_148' title='bbox 623 1930 866 1996; x_wconf 84' lang='grc' dir='ltr'>πρώτου,</span> <span class='ocrx_word' id='word_1_149' title='bbox 891 1934 919 1984; x_wconf 93' lang='lat'><strong>6</strong></span> <span class='ocrx_word' id='word_1_150' title='bbox 953 1933 1079 1996; x_wconf 77' lang='grc' dir='ltr'>Υἱὸς</span> <span class='ocrx_word' id='word_1_151' title='bbox 1112 1936 1375 2001; x_wconf 79' lang='grc' dir='ltr'>δηλονότι,</span> <span class='ocrx_word' id='word_1_152' title='bbox 1401 1939 1460 1990; x_wconf 82' lang='grc' dir='ltr'><strong>τὸ</strong></span> <span class='ocrx_word' id='word_1_153' title='bbox 1503 1941 1559 1992; x_wconf 87' lang='grc' dir='ltr'>δὲ</span> <span class='ocrx_word' id='word_1_154' title='bbox 1594 1942 1680 1996; x_wconf 79' lang='grc' dir='ltr'><strong>διά</strong></span> <span class='ocrx_word' id='word_1_155' title='bbox 1709 1945 1801 1998; x_wconf 87' lang='grc' dir='ltr'><strong>τοῦ</strong></span> <span class='ocrx_word' id='word_1_156' title='bbox 1835 1919 1874 1972; x_wconf 70' lang='grc' dir='ltr'><strong>Β</strong></span> 
     </span>
    </p>
   </div>
   <div class='ocr_carea' id='block_1_21' title="bbox 241 2013 1804 2101">
    <p class='ocr_par' dir='ltr' id='par_1_21' title="bbox 241 2013 1804 2101">
     <span class='ocr_line' id='line_1_21' title="bbox 241 2013 1804 2101; baseline 0.018 -42"><span class='ocrx_word' id='word_1_157' title='bbox 241 2013 526 2101; x_wconf 63' lang='grc' dir='ltr'>ττροσεχῶς</span> <span class='ocrx_word' id='word_1_158' title='bbox 567 2016 629 2068; x_wconf 83' lang='grc' dir='ltr'><strong>ὲκ</strong></span> <span class='ocrx_word' id='word_1_159' title='bbox 671 2018 766 2070; x_wconf 85' lang='grc' dir='ltr'><strong>τοῦ</strong></span> <span class='ocrx_word' id='word_1_160' title='bbox 802 2021 1020 2090; x_wconf 82' lang='grc' dir='ltr'>πρώτου</span> <span class='ocrx_word' id='word_1_161' title='bbox 1049 2037 1062 2052; x_wconf 91' lang='grc'><strong>·</strong></span> <span class='ocrx_word' id='word_1_162' title='bbox 1101 2043 1120 2076; x_wconf 70' lang='grc' dir='ltr'><strong>ι</strong></span> <span class='ocrx_word' id='word_1_163' title='bbox 1155 2024 1346 2094; x_wconf 84' lang='grc' dir='ltr'>ὥσπερ</span> <span class='ocrx_word' id='word_1_164' title='bbox 1392 2029 1456 2082; x_wconf 85' lang='grc' dir='ltr'>ἂν</span> <span class='ocrx_word' id='word_1_165' title='bbox 1496 2034 1544 2083; x_wconf 86' lang='grc' dir='ltr'>εί</span> <span class='ocrx_word' id='word_1_166' title='bbox 1595 2033 1804 2101; x_wconf 82' lang='grc' dir='ltr'>ἔλεγεν,</span> 
     </span>
    </p>
   </div>
   <div class='ocr_carea' id='block_1_22' title="bbox 249 2098 1803 2191">
    <p class='ocr_par' dir='ltr' id='par_1_22' title="bbox 249 2098 1803 2191">
     <span class='ocr_line' id='line_1_22' title="bbox 249 2098 1803 2191; baseline 0.017 -41"><span class='ocrx_word' id='word_1_167' title='bbox 249 2098 312 2150; x_wconf 89' lang='lat'><strong>&#39;0</strong></span> <span class='ocrx_word' id='word_1_168' title='bbox 342 2102 438 2170; x_wconf 84' lang='grc' dir='ltr'>μὲν</span> <span class='ocrx_word' id='word_1_169' title='bbox 469 2105 595 2169; x_wconf 78' lang='grc' dir='ltr'>Υἱὸς</span> <span class='ocrx_word' id='word_1_170' title='bbox 647 2110 710 2161; x_wconf 82' lang='grc' dir='ltr'>ἐκ</span> <span class='ocrx_word' id='word_1_171' title='bbox 740 2109 832 2162; x_wconf 91' lang='grc' dir='ltr'><strong>τοῦ</strong></span> <span class='ocrx_word' id='word_1_172' title='bbox 867 2113 1078 2183; x_wconf 74' lang='grc' dir='ltr'>Πατρὸς</span> <span class='ocrx_word' id='word_1_173' title='bbox 1107 2116 1206 2185; x_wconf 81' lang='grc' dir='ltr'><strong>τὴν</strong></span> <span class='ocrx_word' id='word_1_174' title='bbox 1238 2117 1471 2188; x_wconf 77' lang='grc' dir='ltr'>ὓπαρξιν</span> <span class='ocrx_word' id='word_1_175' title='bbox 1495 2121 1606 2190; x_wconf 83' lang='grc' dir='ltr'>ἔχει</span> <span class='ocrx_word' id='word_1_176' title='bbox 1636 2098 1803 2191; x_wconf 57' lang='grc' dir='ltr'>προσέ-</span> 
     </span>
    </p>
   </div>
   <div class='ocr_carea' id='block_1_23' title="bbox 238 2194 1806 2277">
    <p class='ocr_par' dir='ltr' id='par_1_23' title="bbox 238 2194 1806 2277">
     <span class='ocr_line' id='line_1_23' title="bbox 238 2194 1806 2277; baseline 0.017 -35"><span class='ocrx_word' id='word_1_177' title='bbox 238 2194 382 2261; x_wconf 84' lang='grc' dir='ltr'>εχῶς</span> <span class='ocrx_word' id='word_1_178' title='bbox 425 2198 518 2247; x_wconf 75' lang='grc' dir='ltr'><strong>καὶ</strong></span> <span class='ocrx_word' id='word_1_179' title='bbox 573 2199 830 2266; x_wconf 79' lang='grc' dir='ltr'>άμέσως·</span> <span class='ocrx_word' id='word_1_180' title='bbox 892 2205 954 2256; x_wconf 84' lang='lat'><strong>:6</strong></span> <span class='ocrx_word' id='word_1_181' title='bbox 1005 2207 1061 2259; x_wconf 80' lang='grc' dir='ltr'>δὲ</span> <span class='ocrx_word' id='word_1_182' title='bbox 1117 2209 1340 2277; x_wconf 83' lang='grc' dir='ltr'>Πνεῦμα</span> <span class='ocrx_word' id='word_1_183' title='bbox 1397 2212 1484 2264; x_wconf 75' lang='grc' dir='ltr'><strong>διὰ</strong></span> <span class='ocrx_word' id='word_1_184' title='bbox 1528 2213 1620 2266; x_wconf 89' lang='grc' dir='ltr'><strong>τοῦ</strong></span> <span class='ocrx_word' id='word_1_185' title='bbox 1675 2216 1806 2268; x_wconf 78' lang='grc' dir='ltr'>Υίοῦ</span> 
     </span>
    </p>
   </div>
   <div class='ocr_carea' id='block_1_24' title="bbox 239 2284 1807 2376">
    <p class='ocr_par' dir='ltr' id='par_1_24' title="bbox 239 2284 1807 2376">
     <span class='ocr_line' id='line_1_24' title="bbox 239 2284 1807 2376; baseline 0.016 -40"><span class='ocrx_word' id='word_1_186' title='bbox 239 2284 343 2354; x_wconf 72' lang='grc' dir='ltr'><strong>τὴν</strong></span> <span class='ocrx_word' id='word_1_187' title='bbox 393 2285 622 2357; x_wconf 77' lang='grc' dir='ltr'>ὓπαρξιν</span> <span class='ocrx_word' id='word_1_188' title='bbox 670 2291 803 2362; x_wconf 74' lang='grc' dir='ltr'>ἔχει,</span> <span class='ocrx_word' id='word_1_189' title='bbox 834 2296 930 2348; x_wconf 84' lang='grc' dir='ltr'><strong>τοῦ</strong></span> <span class='ocrx_word' id='word_1_190' title='bbox 989 2303 1334 2368; x_wconf 82' lang='grc' dir='ltr'><strong>γεννωμένου</strong></span> <span class='ocrx_word' id='word_1_191' title='bbox 1369 2305 1432 2356; x_wconf 80' lang='grc' dir='ltr'><strong>ὲκ</strong></span> <span class='ocrx_word' id='word_1_192' title='bbox 1469 2305 1561 2358; x_wconf 87' lang='grc' dir='ltr'><strong>τοῦ</strong></span> <span class='ocrx_word' id='word_1_193' title='bbox 1600 2310 1807 2376; x_wconf 70' lang='grc' dir='ltr'>[ἰατρὸς</span> 
     </span>
    </p>
   </div>
   <div class='ocr_carea' id='block_1_25' title="bbox 241 2381 1806 2462">
    <p class='ocr_par' dir='ltr' id='par_1_25' title="bbox 241 2381 1806 2462">
     <span class='ocr_line' id='line_1_25' title="bbox 241 2381 1806 2462; baseline 0.014 -35"><span class='ocrx_word' id='word_1_194' title='bbox 241 2381 526 2447; x_wconf 84' lang='grc' dir='ltr'>προσεχῶς</span> <span class='ocrx_word' id='word_1_195' title='bbox 590 2385 686 2436; x_wconf 73' lang='grc' dir='ltr'><strong>καὶ</strong></span> <span class='ocrx_word' id='word_1_196' title='bbox 743 2386 989 2455; x_wconf 81' lang='grc' dir='ltr'>ἀμέσιυς.</span> <span class='ocrx_word' id='word_1_197' title='bbox 1056 2392 1168 2444; x_wconf 70' lang='grc' dir='ltr'>Καὶ</span> <span class='ocrx_word' id='word_1_198' title='bbox 1230 2395 1359 2462; x_wconf 75' lang='grc' dir='ltr'>περὶ</span> <span class='ocrx_word' id='word_1_199' title='bbox 1421 2396 1521 2462; x_wconf 76' lang='grc' dir='ltr'>τῆς</span> <span class='ocrx_word' id='word_1_200' title='bbox 1587 2399 1806 2450; x_wconf 77' lang='grc' dir='ltr'>αἰωνίου</span> 
     </span>
    </p>
   </div>
   <div class='ocr_carea' id='block_1_26' title="bbox 243 2468 1809 2556">
    <p class='ocr_par' dir='ltr' id='par_1_26' title="bbox 243 2468 1809 2556">
     <span class='ocr_line' id='line_1_26' title="bbox 243 2468 1809 2556; baseline 0.013 -38"><span class='ocrx_word' id='word_1_201' title='bbox 243 2468 531 2538; x_wconf 73' lang='grc' dir='ltr'>ὑπάρξεως</span> <span class='ocrx_word' id='word_1_202' title='bbox 567 2474 746 2526; x_wconf 84' lang='grc' dir='ltr'>αὐτῶν</span> <span class='ocrx_word' id='word_1_203' title='bbox 785 2478 812 2528; x_wconf 94' lang='lat'><strong>6</strong></span> <span class='ocrx_word' id='word_1_204' title='bbox 844 2476 999 2545; x_wconf 84' lang='grc' dir='ltr'><strong>λόγος</strong></span> <span class='ocrx_word' id='word_1_205' title='bbox 1030 2480 1177 2534; x_wconf 76' lang='grc' dir='ltr'>ἐστὶν</span> <span class='ocrx_word' id='word_1_206' title='bbox 1218 2482 1386 2552; x_wconf 80' lang='grc' dir='ltr'>αὐτῷ.</span> <span class='ocrx_word' id='word_1_207' title='bbox 1425 2485 1589 2536; x_wconf 80' lang='grc' dir='ltr'>Ὅθεν</span> <span class='ocrx_word' id='word_1_208' title='bbox 1615 2487 1679 2556; x_wconf 81' lang='grc' dir='ltr'>δὴ</span> <span class='ocrx_word' id='word_1_209' title='bbox 1712 2488 1809 2538; x_wconf 73' lang='grc' dir='ltr'><strong>καὶ</strong></span> 
     </span>
    </p>
   </div>
   <div class='ocr_carea' id='block_1_27' title="bbox 242 2559 1811 2645">
    <p class='ocr_par' dir='ltr' id='par_1_27' title="bbox 242 2559 1811 2645">
     <span class='ocr_line' id='line_1_27' title="bbox 242 2559 1811 2645; baseline 0.011 -33"><span class='ocrx_word' id='word_1_210' title='bbox 242 2559 556 2625; x_wconf 87' lang='grc' dir='ltr'>ἀκολούθως</span> <span class='ocrx_word' id='word_1_211' title='bbox 606 2564 665 2616; x_wconf 89' lang='lat'><strong>:6</strong></span> <span class='ocrx_word' id='word_1_212' title='bbox 700 2565 926 2636; x_wconf 83' lang='grc' dir='ltr'>Πνεῦμα</span> <span class='ocrx_word' id='word_1_213' title='bbox 953 2569 1017 2621; x_wconf 87' lang='grc' dir='ltr'><strong>τὸ</strong></span> <span class='ocrx_word' id='word_1_214' title='bbox 1041 2569 1198 2638; x_wconf 74' lang='grc' dir='ltr'>ἅγιον</span> <span class='ocrx_word' id='word_1_215' title='bbox 1245 2574 1308 2624; x_wconf 81' lang='grc' dir='ltr'><strong>ὲκ</strong></span> <span class='ocrx_word' id='word_1_216' title='bbox 1354 2572 1447 2626; x_wconf 89' lang='grc' dir='ltr'><strong>τοῦ</strong></span> <span class='ocrx_word' id='word_1_217' title='bbox 1483 2575 1693 2645; x_wconf 62' lang='grc' dir='ltr'>Πατρός</span> <span class='ocrx_word' id='word_1_218' title='bbox 1722 2579 1811 2632; x_wconf 71' lang='grc' dir='ltr'><strong>διὰ</strong></span> 
     </span>
    </p>
   </div>
   <div class='ocr_carea' id='block_1_28' title="bbox 243 2651 1810 2738">
    <p class='ocr_par' dir='ltr' id='par_1_28' title="bbox 243 2651 1810 2738">
     <span class='ocr_line' id='line_1_28' title="bbox 243 2651 1810 2738; baseline 0.012 -36"><span class='ocrx_word' id='word_1_219' title='bbox 243 2651 341 2703; x_wconf 84' lang='grc' dir='ltr'><strong>τοῦ</strong></span> <span class='ocrx_word' id='word_1_220' title='bbox 389 2653 528 2707; x_wconf 89' lang='grc' dir='ltr'>Υἱοῦ·</span> <span class='ocrx_word' id='word_1_221' title='bbox 560 2657 960 2725; x_wconf 77' lang='grc' dir='ltr'><strong>ἐκπορεύεσθαι</strong></span> <span class='ocrx_word' id='word_1_222' title='bbox 1010 2663 1403 2732; x_wconf 78' lang='grc' dir='ltr'><strong>παραδιδόασι,</strong></span> <span class='ocrx_word' id='word_1_223' title='bbox 1441 2665 1539 2734; x_wconf 81' lang='grc' dir='ltr'><strong>τὴν</strong></span> <span class='ocrx_word' id='word_1_224' title='bbox 1581 2667 1810 2738; x_wconf 81' lang='grc' dir='ltr'>ὕπαρξιν</span> 
     </span>
    </p>
   </div>
   <div class='ocr_carea' id='block_1_29' title="bbox 244 2741 1811 2823">
    <p class='ocr_par' dir='ltr' id='par_1_29' title="bbox 244 2741 1811 2823">
     <span class='ocr_line' id='line_1_29' title="bbox 244 2741 1811 2823; baseline 0.013 -31"><span class='ocrx_word' id='word_1_225' title='bbox 244 2741 418 2795; x_wconf 83' lang='grc' dir='ltr'>αὐτοῦ</span> <span class='ocrx_word' id='word_1_226' title='bbox 449 2745 758 2815; x_wconf 60' lang='grc' dir='ltr'>βουλόμενοι</span> <span class='ocrx_word' id='word_1_227' title='bbox 798 2748 1017 2817; x_wconf 79' lang='grc' dir='ltr'><strong>δηλοῦν,</strong></span> <span class='ocrx_word' id='word_1_228' title='bbox 1056 2752 1150 2804; x_wconf 71' lang='grc' dir='ltr'><strong>καὶ</strong></span> <span class='ocrx_word' id='word_1_229' title='bbox 1195 2753 1256 2804; x_wconf 88' lang='lat'><strong>:6</strong></span> <span class='ocrx_word' id='word_1_230' title='bbox 1303 2755 1628 2823; x_wconf 77' lang='grc' dir='ltr'>ἐκπορευτὸν</span> <span class='ocrx_word' id='word_1_231' title='bbox 1659 2761 1811 2812; x_wconf 80' lang='grc' dir='ltr'>οὐδὲν</span> 
     </span>
    </p>
   </div>
   <div class='ocr_carea' id='block_1_30' title="bbox 245 2833 1813 2919">
    <p class='ocr_par' dir='ltr' id='par_1_30' title="bbox 245 2833 1813 2919">
     <span class='ocr_line' id='line_1_30' title="bbox 245 2833 1813 2919; baseline 0.012 -35"><span class='ocrx_word' id='word_1_232' title='bbox 245 2833 437 2902; x_wconf 72' lang='grc' dir='ltr'>ἕτερον</span> <span class='ocrx_word' id='word_1_233' title='bbox 480 2835 511 2905; x_wconf 83' lang='grc' dir='ltr'>ἢ</span> <span class='ocrx_word' id='word_1_234' title='bbox 553 2837 700 2890; x_wconf 82' lang='grc' dir='ltr'>τοῦτ’</span> <span class='ocrx_word' id='word_1_235' title='bbox 748 2834 924 2902; x_wconf 84' lang='grc' dir='ltr'>εἶναι,</span> <span class='ocrx_word' id='word_1_236' title='bbox 987 2845 1082 2896; x_wconf 78' lang='grc' dir='ltr'><strong>καὶ</strong></span> <span class='ocrx_word' id='word_1_237' title='bbox 1135 2844 1222 2896; x_wconf 75' lang='grc' dir='ltr'>διὰ</span> <span class='ocrx_word' id='word_1_238' title='bbox 1271 2845 1365 2896; x_wconf 89' lang='grc' dir='ltr'><strong>τοῦ</strong></span> <span class='ocrx_word' id='word_1_239' title='bbox 1422 2849 1663 2902; x_wconf 87' lang='grc' dir='ltr'>τοιούτου</span> <span class='ocrx_word' id='word_1_240' title='bbox 1715 2851 1813 2919; x_wconf 69' lang='grc' dir='ltr'>τὴν</span> 
     </span>
    </p>
   </div>
   <div class='ocr_carea' id='block_1_31' title="bbox 247 2926 1812 3009">
    <p class='ocr_par' dir='ltr' id='par_1_31' title="bbox 247 2926 1812 3009">
     <span class='ocr_line' id='line_1_31' title="bbox 247 2926 1812 3009; baseline 0.01 -32"><span class='ocrx_word' id='word_1_241' title='bbox 247 2926 461 2978; x_wconf 78' lang='grc' dir='ltr'><strong>ἑαυτῶν</strong></span> <span class='ocrx_word' id='word_1_242' title='bbox 507 2928 792 2996; x_wconf 78' lang='grc' dir='ltr'>ὑφαίνουσι</span> <span class='ocrx_word' id='word_1_243' title='bbox 850 2931 1132 2999; x_wconf 78' lang='grc' dir='ltr'>θεολογίαν</span> <span class='ocrx_word' id='word_1_244' title='bbox 1176 2937 1222 2986; x_wconf 72' lang='lat' dir='ltr'><strong>oi</strong></span> <span class='ocrx_word' id='word_1_245' title='bbox 1274 2936 1379 2989; x_wconf 85' lang='grc' dir='ltr'><strong>ἀπὸ</strong></span> <span class='ocrx_word' id='word_1_246' title='bbox 1437 2939 1534 3006; x_wconf 82' lang='grc' dir='ltr'><strong>τῆς</strong></span> <span class='ocrx_word' id='word_1_247' title='bbox 1590 2940 1812 3009; x_wconf 79' lang='grc' dir='ltr'><strong>πρώτης</strong></span> 
     </span>
    </p>
   </div>
   <div class='ocr_carea' id='block_1_32' title="bbox 249 3017 1816 3103">
    <p class='ocr_par' dir='ltr' id='par_1_32' title="bbox 249 3017 1816 3103">
     <span class='ocr_line' id='line_1_32' title="bbox 249 3017 1816 3103; baseline 0.01 -35"><span class='ocrx_word' id='word_1_248' title='bbox 249 3017 415 3086; x_wconf 82' lang='grc' dir='ltr'>μέχρι</span> <span class='ocrx_word' id='word_1_249' title='bbox 449 3019 550 3086; x_wconf 78' lang='grc' dir='ltr'>τῆς</span> <span class='ocrx_word' id='word_1_250' title='bbox 589 3021 821 3091; x_wconf 76' lang='grc' dir='ltr'>ἑϐδόμης</span> <span class='ocrx_word' id='word_1_251' title='bbox 862 3023 1084 3077; x_wconf 85' lang='grc' dir='ltr'>συνόδου</span> <span class='ocrx_word' id='word_1_252' title='bbox 1111 3030 1429 3096; x_wconf 76' lang='grc' dir='ltr'>περιφανεῖς</span> <span class='ocrx_word' id='word_1_253' title='bbox 1452 3029 1548 3096; x_wconf 83' lang='grc' dir='ltr'>τῆς</span> <span class='ocrx_word' id='word_1_254' title='bbox 1586 3031 1816 3103; x_wconf 74' lang='grc' dir='ltr'>Ἐκκλη-</span> 
     </span>
    </p>
   </div>
   <div class='ocr_carea' id='block_1_33' title="bbox 249 3107 1814 3180">
    <p class='ocr_par' dir='ltr' id='par_1_33' title="bbox 249 3107 1814 3180">
     <span class='ocr_line' id='line_1_33' title="bbox 249 3107 1814 3180; baseline 0.014 -22"><span class='ocrx_word' id='word_1_255' title='bbox 249 3107 371 3168; x_wconf 80' lang='grc' dir='ltr'>σίας</span> <span class='ocrx_word' id='word_1_256' title='bbox 416 3109 725 3164; x_wconf 84' lang='grc' dir='ltr'>διδάσκαλοι</span> <span class='ocrx_word' id='word_1_257' title='bbox 776 3116 1084 3180; x_wconf 78' lang='grc' dir='ltr'><strong>γεγονότες.</strong></span> <span class='ocrx_word' id='word_1_258' title='bbox 1115 3116 1174 3168; x_wconf 86' lang='grc' dir='ltr'><strong>Ὀ</strong></span> <span class='ocrx_word' id='word_1_259' title='bbox 1227 3119 1407 3171; x_wconf 83' lang='grc' dir='ltr'>τοίνυν</span> <span class='ocrx_word' id='word_1_260' title='bbox 1459 3121 1550 3173; x_wconf 76' lang='grc' dir='ltr'><strong>τὸν</strong></span> <span class='ocrx_word' id='word_1_261' title='bbox 1578 3124 1704 3177; x_wconf 76' lang='grc' dir='ltr'>Υίὸν</span> <span class='ocrx_word' id='word_1_262' title='bbox 1750 3129 1814 3180; x_wconf 84' lang='grc' dir='ltr'><strong>ὲκ</strong></span> 
     </span>
    </p>
   </div>
   <div class='ocr_carea' id='block_1_34' title="bbox 1897 668 3456 736">
    <p class='ocr_par' dir='ltr' id='par_1_34' title="bbox 1897 668 3456 736">
     <span class='ocr_line' id='line_1_34' title="bbox 1897 668 3456 736; baseline -0.003 -17"><span class='ocrx_word' id='word_1_263' title='bbox 1897 683 2057 736; x_wconf 87' lang='lat' dir='ltr'><strong>quem</strong></span> <span class='ocrx_word' id='word_1_264' title='bbox 2101 671 2346 723; x_wconf 83' lang='lat' dir='ltr'><strong>ordinem</strong></span> <span class='ocrx_word' id='word_1_265' title='bbox 2396 671 2556 723; x_wconf 84' lang='lat' dir='ltr'><strong>habet</strong></span> <span class='ocrx_word' id='word_1_266' title='bbox 2607 670 2776 723; x_wconf 77' lang='lat' dir='ltr'><strong>Fiiius</strong></span> <span class='ocrx_word' id='word_1_267' title='bbox 2824 668 2888 719; x_wconf 87' lang='lat' dir='ltr'><strong>ad</strong></span> <span class='ocrx_word' id='word_1_268' title='bbox 2939 668 3174 728; x_wconf 88' lang='lat' dir='ltr'><strong>Patrem,</strong></span> <span class='ocrx_word' id='word_1_269' title='bbox 3208 668 3456 716; x_wconf 58' lang='lat' dir='ltr'><strong>eumiem</strong></span> 
     </span>
    </p>
   </div>
   <div class='ocr_carea' id='block_1_35' title="bbox 1899 754 3460 830">
    <p class='ocr_par' dir='ltr' id='par_1_35' title="bbox 1899 754 3460 830">
     <span class='ocr_line' id='line_1_35' title="bbox 1899 754 3460 830; baseline -0.005 -16"><span class='ocrx_word' id='word_1_270' title='bbox 1899 761 2062 814; x_wconf 83' lang='lat' dir='ltr'><strong>habet</strong></span> <span class='ocrx_word' id='word_1_271' title='bbox 2091 763 2326 830; x_wconf 76' lang='lat' dir='ltr'><strong>Spiritus</strong></span> <span class='ocrx_word' id='word_1_272' title='bbox 2354 763 2418 816; x_wconf 90' lang='lat' dir='ltr'><strong>ad</strong></span> <span class='ocrx_word' id='word_1_273' title='bbox 2461 762 2692 823; x_wconf 84' lang='lat' dir='ltr'><strong>Filium;</strong></span> <span class='ocrx_word' id='word_1_274' title='bbox 2730 769 2782 814; x_wconf 89' lang='lat' dir='ltr'><strong>et</strong></span> <span class='ocrx_word' id='word_1_275' title='bbox 2826 759 2994 812; x_wconf 85' lang='lat' dir='ltr'><strong>Filius</strong></span> <span class='ocrx_word' id='word_1_276' title='bbox 3031 758 3248 826; x_wconf 88' lang='lat' dir='ltr'><strong>quidem</strong></span> <span class='ocrx_word' id='word_1_277' title='bbox 3286 754 3460 809; x_wconf 58' lang='lat' dir='ltr'><strong>Prtris</strong></span> 
     </span>
    </p>
   </div>
   <div class='ocr_carea' id='block_1_36' title="bbox 1899 846 3458 916">
    <p class='ocr_par' dir='ltr' id='par_1_36' title="bbox 1899 846 3458 916">
     <span class='ocr_line' id='line_1_36' title="bbox 1899 846 3458 916; baseline -0.004 -15"><span class='ocrx_word' id='word_1_278' title='bbox 1899 850 2143 916; x_wconf 82' lang='lat' dir='ltr'><strong>operatio</strong></span> <span class='ocrx_word' id='word_1_279' title='bbox 2185 851 2303 902; x_wconf 76' lang='lat' dir='ltr'><strong>viva</strong></span> <span class='ocrx_word' id='word_1_280' title='bbox 2351 861 2459 912; x_wconf 84' lang='lat' dir='ltr'><strong>est,</strong></span> <span class='ocrx_word' id='word_1_281' title='bbox 2497 864 2560 902; x_wconf 91' lang='lat' dir='ltr'><strong>ac</strong></span> <span class='ocrx_word' id='word_1_282' title='bbox 2609 847 3005 906; x_wconf 71' lang='lat' dir='ltr'><strong>substantialis,</strong></span> <span class='ocrx_word' id='word_1_283' title='bbox 3041 857 3096 900; x_wconf 88' lang='lat' dir='ltr'><strong>et</strong></span> <span class='ocrx_word' id='word_1_284' title='bbox 3131 846 3458 899; x_wconf 80' lang='lat' dir='ltr'><strong>subsistens.</strong></span> 
     </span>
    </p>
   </div>
   <div class='ocr_carea' id='block_1_37' title="bbox 1900 934 3464 1008">
    <p class='ocr_par' dir='ltr' id='par_1_37' title="bbox 1900 934 3464 1008">
     <span class='ocr_line' id='line_1_37' title="bbox 1900 934 3464 1008; baseline -0.005 -14"><span class='ocrx_word' id='word_1_285' title='bbox 1900 940 2018 994; x_wconf 88' lang='lat' dir='ltr'><strong>Filii</strong></span> <span class='ocrx_word' id='word_1_286' title='bbox 2050 951 2230 993; x_wconf 87' lang='lat' dir='ltr'><strong>autem</strong></span> <span class='ocrx_word' id='word_1_287' title='bbox 2269 941 2382 994; x_wconf 64' lang='lat' dir='ltr'><strong>haec</strong></span> <span class='ocrx_word' id='word_1_288' title='bbox 2413 940 2594 994; x_wconf 83' lang='lat' dir='ltr'><strong>omnia</strong></span> <span class='ocrx_word' id='word_1_289' title='bbox 2646 940 2880 1008; x_wconf 74' lang='lat' dir='ltr'><strong>Spiritus</strong></span> <span class='ocrx_word' id='word_1_290' title='bbox 2925 949 3033 1001; x_wconf 78' lang='lat' dir='ltr'><strong>est;</strong></span> <span class='ocrx_word' id='word_1_291' title='bbox 3073 947 3123 990; x_wconf 86' lang='lat' dir='ltr'><strong>et</strong></span> <span class='ocrx_word' id='word_1_292' title='bbox 3157 936 3313 988; x_wconf 83' lang='lat' dir='ltr'><strong>I&#39;aler</strong></span> <span class='ocrx_word' id='word_1_293' title='bbox 3341 934 3464 1002; x_wconf 81' lang='lat' dir='ltr'><strong>qui-</strong></span> 
     </span>
    </p>
   </div>
   <div class='ocr_carea' id='block_1_38' title="bbox 1901 1024 3468 1100">
    <p class='ocr_par' dir='ltr' id='par_1_38' title="bbox 1901 1024 3468 1100">
     <span class='ocr_line' id='line_1_38' title="bbox 1901 1024 3468 1100; baseline -0.006 -16"><span class='ocrx_word' id='word_1_294' title='bbox 1901 1031 2022 1084; x_wconf 87' lang='lat' dir='ltr'><strong>dem</strong></span> <span class='ocrx_word' id='word_1_295' title='bbox 2065 1046 2163 1098; x_wconf 90' lang='lat' dir='ltr'><strong>per</strong></span> <span class='ocrx_word' id='word_1_296' title='bbox 2193 1031 2388 1084; x_wconf 80' lang='lat' dir='ltr'><strong>Filium</strong></span> <span class='ocrx_word' id='word_1_297' title='bbox 2430 1039 2709 1100; x_wconf 82' lang='lat' dir='ltr'><strong>Operalur,</strong></span> <span class='ocrx_word' id='word_1_298' title='bbox 2744 1030 2912 1082; x_wconf 84' lang='lat' dir='ltr'><strong>Filius</strong></span> <span class='ocrx_word' id='word_1_299' title='bbox 2943 1038 3123 1081; x_wconf 87' lang='lat' dir='ltr'><strong>autem</strong></span> <span class='ocrx_word' id='word_1_300' title='bbox 3157 1042 3255 1094; x_wconf 85' lang='lat' dir='ltr'><strong>per</strong></span> <span class='ocrx_word' id='word_1_301' title='bbox 3297 1024 3468 1092; x_wconf 80' lang='lat' dir='ltr'><strong>Spiri-</strong></span> 
     </span>
    </p>
   </div>
   <div class='ocr_carea' id='block_1_39' title="bbox 1901 1115 3468 1188">
    <p class='ocr_par' dir='ltr' id='par_1_39' title="bbox 1901 1115 3468 1188">
     <span class='ocr_line' id='line_1_39' title="bbox 1901 1115 3468 1188; baseline -0.005 -14"><span class='ocrx_word' id='word_1_302' title='bbox 1901 1129 2036 1175; x_wconf 88' lang='lat' dir='ltr'><strong>tum.</strong></span> <span class='ocrx_word' id='word_1_303' title='bbox 2067 1121 2134 1175; x_wconf 85' lang='lat' dir='ltr'><strong>Et</strong></span> <span class='ocrx_word' id='word_1_304' title='bbox 2167 1122 2335 1176; x_wconf 84' lang='lat' dir='ltr'><strong>Filius</strong></span> <span class='ocrx_word' id='word_1_305' title='bbox 2376 1122 2594 1188; x_wconf 80' lang='lat' dir='ltr'><strong>quidem</strong></span> <span class='ocrx_word' id='word_1_306' title='bbox 2641 1137 2706 1173; x_wconf 79' lang='lat' dir='ltr'><strong>ex</strong></span> <span class='ocrx_word' id='word_1_307' title='bbox 2752 1121 2911 1174; x_wconf 86' lang='lat' dir='ltr'><strong>Patre</strong></span> <span class='ocrx_word' id='word_1_308' title='bbox 2964 1119 3190 1186; x_wconf 71' lang='lat' dir='ltr'><strong>accipit;</strong></span> <span class='ocrx_word' id='word_1_309' title='bbox 3228 1115 3468 1184; x_wconf 87' lang='lat' dir='ltr'><strong>Spiritus</strong></span> 
     </span>
    </p>
   </div>
   <div class='ocr_carea' id='block_1_40' title="bbox 1901 1205 3459 1275">
    <p class='ocr_par' dir='ltr' id='par_1_40' title="bbox 1901 1205 3459 1275">
     <span class='ocr_line' id='line_1_40' title="bbox 1901 1205 3459 1275; baseline -0.003 -12"><span class='ocrx_word' id='word_1_310' title='bbox 1901 1223 2082 1264; x_wconf 89' lang='lat' dir='ltr'><strong>autem</strong></span> <span class='ocrx_word' id='word_1_311' title='bbox 2106 1228 2170 1265; x_wconf 82' lang='lat' dir='ltr'><strong>cx</strong></span> <span class='ocrx_word' id='word_1_312' title='bbox 2199 1212 2372 1264; x_wconf 74' lang='lat' dir='ltr'><strong>Filio:</strong></span> <span class='ocrx_word' id='word_1_313' title='bbox 2413 1229 2430 1261; x_wconf 77' lang='grc' dir='ltr'><strong>ι</strong></span> <span class='ocrx_word' id='word_1_314' title='bbox 2468 1210 2540 1263; x_wconf 89' lang='lat' dir='ltr'><strong>De</strong></span> <span class='ocrx_word' id='word_1_315' title='bbox 2574 1225 2694 1263; x_wconf 88' lang='lat' dir='ltr'><strong>meo</strong></span> <span class='ocrx_word' id='word_1_316' title='bbox 2723 1211 2894 1268; x_wconf 87' lang='lat' dir='ltr'><strong>enim.</strong></span> <span class='ocrx_word' id='word_1_317' title='bbox 2927 1207 3122 1275; x_wconf 88' lang='lat' dir='ltr'><strong>inquit,</strong></span> <span class='ocrx_word' id='word_1_318' title='bbox 3153 1205 3402 1274; x_wconf 65' lang='lat' dir='ltr'><strong>accipiet.</strong></span> <span class='ocrx_word' id='word_1_319' title='bbox 3444 1224 3459 1250; x_wconf 76' lang='grc' dir='ltr'><strong>ι</strong></span> 
     </span>
    </p>
   </div>
   <div class='ocr_carea' id='block_1_41' title="bbox 1900 1299 3469 1370">
    <p class='ocr_par' dir='ltr' id='par_1_41' title="bbox 1900 1299 3469 1370">
     <span class='ocr_line' id='line_1_41' title="bbox 1900 1299 3469 1370; baseline -0.004 -16"><span class='ocrx_word' id='word_1_320' title='bbox 1900 1302 2049 1370; x_wconf 82' lang='lat' dir='ltr'><strong>juxta</strong></span> <span class='ocrx_word' id='word_1_321' title='bbox 2099 1319 2352 1370; x_wconf 62' lang='lat' dir='ltr'><strong>magnum</strong></span> <span class='ocrx_word' id='word_1_322' title='bbox 2412 1301 2786 1356; x_wconf 74' lang='lat' dir='ltr'><strong>Athanasium.</strong></span> <span class='ocrx_word' id='word_1_323' title='bbox 2846 1301 2912 1356; x_wconf 82' lang='lat' dir='ltr'><strong>Et</strong></span> <span class='ocrx_word' id='word_1_324' title='bbox 2980 1300 3239 1366; x_wconf 80' lang='lat' dir='ltr'><strong>pleraque</strong></span> <span class='ocrx_word' id='word_1_325' title='bbox 3303 1299 3469 1350; x_wconf 83' lang='lat' dir='ltr'><strong>missa</strong></span> 
     </span>
    </p>
   </div>
   <div class='ocr_carea' id='block_1_42' title="bbox 1903 1387 3466 1460">
    <p class='ocr_par' dir='ltr' id='par_1_42' title="bbox 1903 1387 3466 1460">
     <span class='ocr_line' id='line_1_42' title="bbox 1903 1387 3466 1460; baseline -0.004 -15"><span class='ocrx_word' id='word_1_326' title='bbox 1903 1393 2066 1455; x_wconf 77' lang='lat' dir='ltr'><strong>facio,</strong></span> <span class='ocrx_word' id='word_1_327' title='bbox 2113 1409 2182 1446; x_wconf 88' lang='lat' dir='ltr'><strong>ne</strong></span> <span class='ocrx_word' id='word_1_328' title='bbox 2231 1394 2438 1460; x_wconf 78' lang='lat' dir='ltr'><strong>singula</strong></span> <span class='ocrx_word' id='word_1_329' title='bbox 2489 1407 2817 1445; x_wconf 81' lang='lat' dir='ltr'><strong>enumerans</strong></span> <span class='ocrx_word' id='word_1_330' title='bbox 2877 1406 3088 1453; x_wconf 85' lang='lat' dir='ltr'><strong>morer;</strong></span> <span class='ocrx_word' id='word_1_331' title='bbox 3147 1392 3346 1457; x_wconf 90' lang='lat' dir='ltr'><strong>quippe</strong></span> <span class='ocrx_word' id='word_1_332' title='bbox 3400 1387 3466 1440; x_wconf 90' lang='lat' dir='ltr'><strong>ad</strong></span> 
     </span>
    </p>
   </div>
   <div class='ocr_carea' id='block_1_43' title="bbox 1902 1482 3467 1551">
    <p class='ocr_par' dir='ltr' id='par_1_43' title="bbox 1902 1482 3467 1551">
     <span class='ocr_line' id='line_1_43' title="bbox 1902 1482 3467 1551; baseline -0.005 -15"><span class='ocrx_word' id='word_1_333' title='bbox 1902 1484 2110 1551; x_wconf 87' lang='lat' dir='ltr'><strong>peritos</strong></span> <span class='ocrx_word' id='word_1_334' title='bbox 2154 1483 2270 1536; x_wconf 73' lang='lat' dir='ltr'><strong>hzec</strong></span> <span class='ocrx_word' id='word_1_335' title='bbox 2310 1484 2588 1536; x_wconf 88' lang='lat' dir='ltr'><strong>dicuntur.</strong></span> <span class='ocrx_word' id='word_1_336' title='bbox 2620 1484 2962 1551; x_wconf 77' lang='lat' dir='ltr'><strong>Quapropter</strong></span> <span class='ocrx_word' id='word_1_337' title='bbox 3005 1482 3170 1536; x_wconf 89' lang='lat' dir='ltr'><strong>etiam</strong></span> <span class='ocrx_word' id='word_1_338' title='bbox 3207 1490 3467 1533; x_wconf 76' lang='lat' dir='ltr'><strong>aeternam</strong></span> 
     </span>
    </p>
   </div>
   <div class='ocr_carea' id='block_1_44' title="bbox 1905 1571 3471 1642">
    <p class='ocr_par' dir='ltr' id='par_1_44' title="bbox 1905 1571 3471 1642">
     <span class='ocr_line' id='line_1_44' title="bbox 1905 1571 3471 1642; baseline -0.004 -17"><span class='ocrx_word' id='word_1_339' title='bbox 1905 1574 2272 1626; x_wconf 72' lang='lat' dir='ltr'><strong>exsisteutiain</strong></span> <span class='ocrx_word' id='word_1_340' title='bbox 2305 1574 2448 1634; x_wconf 79' lang='lat' dir='ltr'><strong>Filii,</strong></span> <span class='ocrx_word' id='word_1_341' title='bbox 2475 1583 2531 1628; x_wconf 92' lang='lat' dir='ltr'><strong>et</strong></span> <span class='ocrx_word' id='word_1_342' title='bbox 2564 1573 2800 1642; x_wconf 84' lang='lat' dir='ltr'><strong>Spiritus</strong></span> <span class='ocrx_word' id='word_1_343' title='bbox 2827 1574 2879 1626; x_wconf 90' lang='lat' dir='ltr'><strong>in</strong></span> <span class='ocrx_word' id='word_1_344' title='bbox 2909 1572 3288 1627; x_wconf 74' lang='lat' dir='ltr'><strong>conl‘utatoriis</strong></span> <span class='ocrx_word' id='word_1_345' title='bbox 3317 1571 3471 1622; x_wconf 71' lang='lat' dir='ltr'><strong>libris</strong></span> 
     </span>
    </p>
   </div>
   <div class='ocr_carea' id='block_1_45' title="bbox 1905 1662 3473 1734">
    <p class='ocr_par' dir='ltr' id='par_1_45' title="bbox 1905 1662 3473 1734">
     <span class='ocr_line' id='line_1_45' title="bbox 1905 1662 3473 1734; baseline -0.002 -19"><span class='ocrx_word' id='word_1_346' title='bbox 1905 1662 2178 1734; x_wconf 76' lang='lat' dir='ltr'><strong>Nysscnus</strong></span> <span class='ocrx_word' id='word_1_347' title='bbox 2205 1668 2419 1720; x_wconf 87' lang='lat' dir='ltr'><strong>tradens</strong></span> <span class='ocrx_word' id='word_1_348' title='bbox 2449 1667 2562 1734; x_wconf 60' lang='lat'><em>(6):</em></span> <span class='ocrx_word' id='word_1_349' title='bbox 2605 1685 2623 1717; x_wconf 74' lang='grc' dir='ltr'><strong>ι</strong></span> <span class='ocrx_word' id='word_1_350' title='bbox 2662 1667 2878 1720; x_wconf 80' lang='lat' dir='ltr'><strong>Etenim</strong></span> <span class='ocrx_word' id='word_1_351' title='bbox 2909 1679 3075 1717; x_wconf 84' lang='lat' dir='ltr'><strong>unum</strong></span> <span class='ocrx_word' id='word_1_352' title='bbox 3110 1662 3353 1730; x_wconf 84' lang='lat' dir='ltr'><strong>quidem.</strong></span> <span class='ocrx_word' id='word_1_353' title='bbox 3389 1662 3473 1712; x_wconf 90' lang='lat' dir='ltr'><strong>in-</strong></span> 
     </span>
    </p>
   </div>
   <div class='ocr_carea' id='block_1_46' title="bbox 1906 1753 3470 1824">
    <p class='ocr_par' dir='ltr' id='par_1_46' title="bbox 1906 1753 3470 1824">
     <span class='ocr_line' id='line_1_46' title="bbox 1906 1753 3470 1824; baseline -0.002 -18"><span class='ocrx_word' id='word_1_354' title='bbox 1906 1755 2046 1822; x_wconf 82' lang='lat' dir='ltr'><strong>quit,</strong></span> <span class='ocrx_word' id='word_1_355' title='bbox 2072 1756 2378 1809; x_wconf 87' lang='lat' dir='ltr'><strong>innnediate</strong></span> <span class='ocrx_word' id='word_1_356' title='bbox 2411 1773 2476 1810; x_wconf 79' lang='lat' dir='ltr'><strong>ex</strong></span> <span class='ocrx_word' id='word_1_357' title='bbox 2507 1757 2704 1824; x_wconf 89' lang='lat' dir='ltr'><strong>primo,</strong></span> <span class='ocrx_word' id='word_1_358' title='bbox 2731 1757 2986 1809; x_wconf 89' lang='lat' dir='ltr'><strong>nimirum</strong></span> <span class='ocrx_word' id='word_1_359' title='bbox 3015 1754 3213 1815; x_wconf 87' lang='lat' dir='ltr'><strong>Filius;</strong></span> <span class='ocrx_word' id='word_1_360' title='bbox 3238 1753 3470 1804; x_wconf 79' lang='lat' dir='ltr'><strong>alterum</strong></span> 
     </span>
    </p>
   </div>
   <div class='ocr_carea' id='block_1_47' title="bbox 1908 1843 3474 1914">
    <p class='ocr_par' dir='ltr' id='par_1_47' title="bbox 1908 1843 3474 1914">
     <span class='ocr_line' id='line_1_47' title="bbox 1908 1843 3474 1914; baseline -0.006 -15"><span class='ocrx_word' id='word_1_361' title='bbox 1908 1861 2036 1899; x_wconf 67' lang='lat' dir='ltr'><strong>vero</strong></span> <span class='ocrx_word' id='word_1_362' title='bbox 2071 1861 2166 1914; x_wconf 88' lang='lat' dir='ltr'><strong>per</strong></span> <span class='ocrx_word' id='word_1_363' title='bbox 2201 1847 2252 1898; x_wconf 93' lang='lat' dir='ltr'><strong>id</strong></span> <span class='ocrx_word' id='word_1_364' title='bbox 2302 1847 2447 1913; x_wconf 88' lang='lat' dir='ltr'><strong>quod</strong></span> <span class='ocrx_word' id='word_1_365' title='bbox 2485 1846 2798 1900; x_wconf 83' lang='lat' dir='ltr'><strong>immediate</strong></span> <span class='ocrx_word' id='word_1_366' title='bbox 2825 1855 2909 1899; x_wconf 90' lang='lat' dir='ltr'><strong>est</strong></span> <span class='ocrx_word' id='word_1_367' title='bbox 2952 1861 3018 1898; x_wconf 74' lang='lat' dir='ltr'><strong>ex</strong></span> <span class='ocrx_word' id='word_1_368' title='bbox 3065 1843 3263 1911; x_wconf 88' lang='lat' dir='ltr'><strong>primo,</strong></span> <span class='ocrx_word' id='word_1_369' title='bbox 3301 1861 3318 1892; x_wconf 76' lang='grc' dir='ltr'><strong>ι</strong></span> <span class='ocrx_word' id='word_1_370' title='bbox 3358 1853 3474 1894; x_wconf 72' lang='grc' dir='ltr'>ιιιοι-</span> 
     </span>
    </p>
   </div>
   <div class='ocr_carea' id='block_1_48' title="bbox 1906 1932 3476 2004">
    <p class='ocr_par' dir='ltr' id='par_1_48' title="bbox 1906 1932 3476 2004">
     <span class='ocr_line' id='line_1_48' title="bbox 1906 1932 3476 2004; baseline -0.001 -17"><span class='ocrx_word' id='word_1_371' title='bbox 1906 1951 2066 2004; x_wconf 90' lang='lat' dir='ltr'><strong>quam</strong></span> <span class='ocrx_word' id='word_1_372' title='bbox 2095 1935 2138 1989; x_wconf 89' lang='lat' dir='ltr'><strong>si</strong></span> <span class='ocrx_word' id='word_1_373' title='bbox 2173 1935 2413 1988; x_wconf 88' lang='lat' dir='ltr'><strong>diceret:</strong></span> <span class='ocrx_word' id='word_1_374' title='bbox 2453 1935 2620 1988; x_wconf 78' lang='lat' dir='ltr'><strong>Filius</strong></span> <span class='ocrx_word' id='word_1_375' title='bbox 2651 1935 2866 2002; x_wconf 86' lang='lat' dir='ltr'><strong>quidem</strong></span> <span class='ocrx_word' id='word_1_376' title='bbox 2897 1933 3270 1986; x_wconf 84' lang='lat' dir='ltr'><strong>exsistentiam</strong></span> <span class='ocrx_word' id='word_1_377' title='bbox 3308 1932 3476 1986; x_wconf 73' lang='lat' dir='ltr'><strong>habet</strong></span> 
     </span>
    </p>
   </div>
   <div class='ocr_carea' id='block_1_49' title="bbox 1907 2027 3474 2097">
    <p class='ocr_par' dir='ltr' id='par_1_49' title="bbox 1907 2027 3474 2097">
     <span class='ocr_line' id='line_1_49' title="bbox 1907 2027 3474 2097; baseline -0.004 -13"><span class='ocrx_word' id='word_1_378' title='bbox 1907 2031 2252 2084; x_wconf 87' lang='lat' dir='ltr'><strong>continenter</strong></span> <span class='ocrx_word' id='word_1_379' title='bbox 2292 2046 2355 2083; x_wconf 82' lang='lat' dir='ltr'><strong>ex</strong></span> <span class='ocrx_word' id='word_1_380' title='bbox 2417 2030 2596 2094; x_wconf 87' lang='lat' dir='ltr'><strong>Patre,</strong></span> <span class='ocrx_word' id='word_1_381' title='bbox 2651 2040 2813 2097; x_wconf 87' lang='lat' dir='ltr'><strong>atque</strong></span> <span class='ocrx_word' id='word_1_382' title='bbox 2863 2028 3192 2088; x_wconf 82' lang='lat' dir='ltr'><strong>immediate,</strong></span> <span class='ocrx_word' id='word_1_383' title='bbox 3234 2027 3474 2094; x_wconf 78' lang='lat' dir='ltr'><strong>Spiritus</strong></span> 
     </span>
    </p>
   </div>
   <div class='ocr_carea' id='block_1_50' title="bbox 1908 2120 3472 2187">
    <p class='ocr_par' dir='ltr' id='par_1_50' title="bbox 1908 2120 3472 2187">
     <span class='ocr_line' id='line_1_50' title="bbox 1908 2120 3472 2187; baseline -0.001 -14"><span class='ocrx_word' id='word_1_384' title='bbox 1908 2128 2088 2173; x_wconf 89' lang='lat' dir='ltr'><strong>autem</strong></span> <span class='ocrx_word' id='word_1_385' title='bbox 2125 2136 2220 2187; x_wconf 91' lang='lat' dir='ltr'><strong>per</strong></span> <span class='ocrx_word' id='word_1_386' title='bbox 2250 2121 2443 2174; x_wconf 88' lang='lat' dir='ltr'><strong>Filium</strong></span> <span class='ocrx_word' id='word_1_387' title='bbox 2489 2120 2864 2174; x_wconf 81' lang='lat' dir='ltr'><strong>exsistentiam</strong></span> <span class='ocrx_word' id='word_1_388' title='bbox 2904 2120 3087 2180; x_wconf 81' lang='lat' dir='ltr'><strong>habet,</strong></span> <span class='ocrx_word' id='word_1_389' title='bbox 3126 2120 3216 2187; x_wconf 90' lang='lat' dir='ltr'><strong>qui</strong></span> <span class='ocrx_word' id='word_1_390' title='bbox 3253 2121 3472 2187; x_wconf 70' lang='lat' dir='ltr'><strong>genitus</strong></span> 
     </span>
    </p>
   </div>
   <div class='ocr_carea' id='block_1_51' title="bbox 1908 2209 3472 2278">
    <p class='ocr_par' dir='ltr' id='par_1_51' title="bbox 1908 2209 3472 2278">
     <span class='ocr_line' id='line_1_51' title="bbox 1908 2209 3472 2278; baseline -0.003 -15"><span class='ocrx_word' id='word_1_391' title='bbox 1908 2221 1989 2264; x_wconf 91' lang='lat' dir='ltr'><strong>cst</strong></span> <span class='ocrx_word' id='word_1_392' title='bbox 2019 2227 2084 2264; x_wconf 80' lang='lat' dir='ltr'><strong>ex</strong></span> <span class='ocrx_word' id='word_1_393' title='bbox 2130 2211 2292 2264; x_wconf 87' lang='lat' dir='ltr'><strong>Patre</strong></span> <span class='ocrx_word' id='word_1_394' title='bbox 2325 2211 2674 2264; x_wconf 88' lang='lat' dir='ltr'><strong>continenter</strong></span> <span class='ocrx_word' id='word_1_395' title='bbox 2706 2218 2870 2278; x_wconf 87' lang='lat' dir='ltr'><strong>atque</strong></span> <span class='ocrx_word' id='word_1_396' title='bbox 2916 2211 3253 2263; x_wconf 79' lang='lat' dir='ltr'><strong>immediate.</strong></span> <span class='ocrx_word' id='word_1_397' title='bbox 3294 2209 3472 2276; x_wconf 68' lang='lat' dir='ltr'><strong>Iteqai-</strong></span> 
     </span>
    </p>
   </div>
   <div class='ocr_carea' id='block_1_52' title="bbox 1909 2301 3474 2369">
    <p class='ocr_par' dir='ltr' id='par_1_52' title="bbox 1909 2301 3474 2369">
     <span class='ocr_line' id='line_1_52' title="bbox 1909 2301 3474 2369; baseline 0.001 -17"><span class='ocrx_word' id='word_1_398' title='bbox 1909 2312 2109 2355; x_wconf 66' lang='lat' dir='ltr'><strong>:IPlCI‘lltl</strong></span> <span class='ocrx_word' id='word_1_399' title='bbox 2156 2303 2401 2369; x_wconf 90' lang='lat' dir='ltr'><strong>ipsorum</strong></span> <span class='ocrx_word' id='word_1_400' title='bbox 2449 2302 2766 2355; x_wconf 83' lang='lat' dir='ltr'><strong>exsislentia</strong></span> <span class='ocrx_word' id='word_1_401' title='bbox 2818 2311 2902 2356; x_wconf 88' lang='lat' dir='ltr'><strong>est</strong></span> <span class='ocrx_word' id='word_1_402' title='bbox 2950 2302 3023 2355; x_wconf 91' lang='lat' dir='ltr'><strong>illi</strong></span> <span class='ocrx_word' id='word_1_403' title='bbox 3071 2317 3270 2354; x_wconf 88' lang='lat' dir='ltr'><strong>sermo.</strong></span> <span class='ocrx_word' id='word_1_404' title='bbox 3319 2301 3474 2353; x_wconf 79' lang='lat' dir='ltr'><strong>I&#39;n-‘e</strong></span> 
     </span>
    </p>
   </div>
   <div class='ocr_carea' id='block_1_53' title="bbox 1910 2394 3474 2463">
    <p class='ocr_par' dir='ltr' id='par_1_53' title="bbox 1910 2394 3474 2463">
     <span class='ocr_line' id='line_1_53' title="bbox 1910 2394 3474 2463; baseline -0.003 -15"><span class='ocrx_word' id='word_1_405' title='bbox 1910 2410 2039 2448; x_wconf 87' lang='lat' dir='ltr'><strong>sane</strong></span> <span class='ocrx_word' id='word_1_406' title='bbox 2066 2403 2466 2463; x_wconf 88' lang='lat' dir='ltr'><strong>consequenter</strong></span> <span class='ocrx_word' id='word_1_407' title='bbox 2492 2394 2755 2463; x_wconf 88' lang='lat' dir='ltr'><strong>Spiritum</strong></span> <span class='ocrx_word' id='word_1_408' title='bbox 2798 2404 3044 2449; x_wconf 85' lang='lat' dir='ltr'><strong>sanctum</strong></span> <span class='ocrx_word' id='word_1_409' title='bbox 3090 2409 3156 2446; x_wconf 80' lang='lat' dir='ltr'><strong>ex</strong></span> <span class='ocrx_word' id='word_1_410' title='bbox 3193 2394 3350 2446; x_wconf 80' lang='lat' dir='ltr'><strong>Patre</strong></span> <span class='ocrx_word' id='word_1_411' title='bbox 3380 2408 3474 2460; x_wconf 76' lang='lat' dir='ltr'><strong>per</strong></span> 
     </span>
    </p>
   </div>
   <div class='ocr_carea' id='block_1_54' title="bbox 1912 2486 3476 2556">
    <p class='ocr_par' dir='ltr' id='par_1_54' title="bbox 1912 2486 3476 2556">
     <span class='ocr_line' id='line_1_54' title="bbox 1912 2486 3476 2556; baseline -0.004 -15"><span class='ocrx_word' id='word_1_412' title='bbox 1912 2488 2106 2541; x_wconf 76' lang='lat' dir='ltr'><strong>Filium</strong></span> <span class='ocrx_word' id='word_1_413' title='bbox 2152 2486 2444 2556; x_wconf 75' lang='lat' dir='ltr'><strong>procedere</strong></span> <span class='ocrx_word' id='word_1_414' title='bbox 2490 2487 2859 2552; x_wconf 90' lang='lat' dir='ltr'><strong>tradiderunt,</strong></span> <span class='ocrx_word' id='word_1_415' title='bbox 2890 2488 3261 2541; x_wconf 81' lang='lat' dir='ltr'><strong>exsistentiam</strong></span> <span class='ocrx_word' id='word_1_416' title='bbox 3306 2486 3476 2552; x_wconf 69' lang='lat' dir='ltr'><strong>ipsum</strong></span> 
     </span>
    </p>
   </div>
   <div class='ocr_carea' id='block_1_55' title="bbox 1910 2577 3473 2648">
    <p class='ocr_par' dir='ltr' id='par_1_55' title="bbox 1910 2577 3473 2648">
     <span class='ocr_line' id='line_1_55' title="bbox 1910 2577 3473 2648; baseline -0.002 -18"><span class='ocrx_word' id='word_1_417' title='bbox 1910 2581 2155 2633; x_wconf 73' lang='lat' dir='ltr'><strong>volentes</strong></span> <span class='ocrx_word' id='word_1_418' title='bbox 2184 2579 2512 2648; x_wconf 76' lang='lat' dir='ltr'><strong>signiﬁcare,</strong></span> <span class='ocrx_word' id='word_1_419' title='bbox 2543 2591 2600 2633; x_wconf 88' lang='lat' dir='ltr'><strong>et</strong></span> <span class='ocrx_word' id='word_1_420' title='bbox 2645 2577 2778 2632; x_wconf 90' lang='lat' dir='ltr'><strong>illud</strong></span> <span class='ocrx_word' id='word_1_421' title='bbox 2811 2579 3107 2647; x_wconf 90' lang='lat' dir='ltr'><strong>procedere</strong></span> <span class='ocrx_word' id='word_1_422' title='bbox 3150 2577 3287 2629; x_wconf 55' lang='lat' dir='ltr'><strong>nihil</strong></span> <span class='ocrx_word' id='word_1_423' title='bbox 3329 2577 3473 2628; x_wconf 82' lang='lat' dir='ltr'><strong>aliud</strong></span> 
     </span>
    </p>
   </div>
   <div class='ocr_carea' id='block_1_56' title="bbox 1911 2670 3480 2738">
    <p class='ocr_par' dir='ltr' id='par_1_56' title="bbox 1911 2670 3480 2738">
     <span class='ocr_line' id='line_1_56' title="bbox 1911 2670 3480 2738; baseline -0.001 -14"><span class='ocrx_word' id='word_1_424' title='bbox 1911 2685 2030 2724; x_wconf 89' lang='lat' dir='ltr'><strong>esse</strong></span> <span class='ocrx_word' id='word_1_425' title='bbox 2066 2685 2227 2736; x_wconf 87' lang='lat' dir='ltr'><strong>quam</strong></span> <span class='ocrx_word' id='word_1_426' title='bbox 2259 2671 2384 2733; x_wconf 88' lang='lat' dir='ltr'><strong>hoc,</strong></span> <span class='ocrx_word' id='word_1_427' title='bbox 2413 2679 2573 2738; x_wconf 89' lang='lat' dir='ltr'><strong>atque</strong></span> <span class='ocrx_word' id='word_1_428' title='bbox 2601 2686 2697 2737; x_wconf 88' lang='lat' dir='ltr'><strong>per</strong></span> <span class='ocrx_word' id='word_1_429' title='bbox 2726 2672 2827 2723; x_wconf 93' lang='lat' dir='ltr'><strong>hoc</strong></span> <span class='ocrx_word' id='word_1_430' title='bbox 2853 2685 3003 2724; x_wconf 89' lang='lat' dir='ltr'><strong>suam</strong></span> <span class='ocrx_word' id='word_1_431' title='bbox 3033 2677 3223 2722; x_wconf 79' lang='lat' dir='ltr'><strong>texunt</strong></span> <span class='ocrx_word' id='word_1_432' title='bbox 3252 2679 3308 2722; x_wconf 93' lang='lat' dir='ltr'><strong>et</strong></span> <span class='ocrx_word' id='word_1_433' title='bbox 3334 2670 3480 2722; x_wconf 83' lang='lat' dir='ltr'><strong>ordi-</strong></span> 
     </span>
    </p>
   </div>
   <div class='ocr_carea' id='block_1_57' title="bbox 1914 2762 3476 2831">
    <p class='ocr_par' dir='ltr' id='par_1_57' title="bbox 1914 2762 3476 2831">
     <span class='ocr_line' id='line_1_57' title="bbox 1914 2762 3476 2831; baseline -0.002 -15"><span class='ocrx_word' id='word_1_434' title='bbox 1914 2772 2080 2816; x_wconf 88' lang='lat' dir='ltr'><strong>untur</strong></span> <span class='ocrx_word' id='word_1_435' title='bbox 2114 2763 2464 2830; x_wconf 80' lang='lat' dir='ltr'><strong>theologiam,</strong></span> <span class='ocrx_word' id='word_1_436' title='bbox 2497 2762 2590 2831; x_wconf 89' lang='lat' dir='ltr'><strong>qui</strong></span> <span class='ocrx_word' id='word_1_437' title='bbox 2627 2779 2655 2815; x_wconf 89' lang='lat' dir='ltr'><strong>a</strong></span> <span class='ocrx_word' id='word_1_438' title='bbox 2689 2763 2860 2831; x_wconf 90' lang='lat' dir='ltr'><strong>prima</strong></span> <span class='ocrx_word' id='word_1_439' title='bbox 2893 2777 3065 2830; x_wconf 90' lang='lat' dir='ltr'><strong>usque</strong></span> <span class='ocrx_word' id='word_1_440' title='bbox 3096 2763 3161 2815; x_wconf 90' lang='lat' dir='ltr'><strong>ad</strong></span> <span class='ocrx_word' id='word_1_441' title='bbox 3191 2762 3476 2830; x_wconf 78' lang='lat' dir='ltr'><strong>septimam</strong></span> 
     </span>
    </p>
   </div>
   <div class='ocr_carea' id='block_1_58' title="bbox 1915 2855 3479 2925">
    <p class='ocr_par' dir='ltr' id='par_1_58' title="bbox 1915 2855 3479 2925">
     <span class='ocr_line' id='line_1_58' title="bbox 1915 2855 3479 2925; baseline -0.001 -16"><span class='ocrx_word' id='word_1_442' title='bbox 1915 2856 2180 2925; x_wconf 78' lang='lat' dir='ltr'><strong>synodum</strong></span> <span class='ocrx_word' id='word_1_443' title='bbox 2240 2855 2482 2911; x_wconf 89' lang='lat' dir='ltr'><strong>illustres</strong></span> <span class='ocrx_word' id='word_1_444' title='bbox 2527 2855 2784 2910; x_wconf 70' lang='lat' dir='ltr'><strong>Ecclesiae</strong></span> <span class='ocrx_word' id='word_1_445' title='bbox 2830 2857 3082 2909; x_wconf 89' lang='lat' dir='ltr'><strong>doctores</strong></span> <span class='ocrx_word' id='word_1_446' title='bbox 3129 2857 3479 2909; x_wconf 81' lang='lat' dir='ltr'><strong>exstiterunt.</strong></span> 
     </span>
    </p>
   </div>
   <div class='ocr_carea' id='block_1_59' title="bbox 1915 2946 3483 3016">
    <p class='ocr_par' dir='ltr' id='par_1_59' title="bbox 1915 2946 3483 3016">
     <span class='ocr_line' id='line_1_59' title="bbox 1915 2946 3483 3016; baseline -0.001 -16"><span class='ocrx_word' id='word_1_447' title='bbox 1915 2948 2017 3012; x_wconf 80' lang='lat' dir='ltr'><strong>Qui</strong></span> <span class='ocrx_word' id='word_1_448' title='bbox 2049 2948 2213 3016; x_wconf 80' lang='lat' dir='ltr'><strong>igitur</strong></span> <span class='ocrx_word' id='word_1_449' title='bbox 2252 2948 2447 3001; x_wconf 87' lang='lat' dir='ltr'><strong>Filium</strong></span> <span class='ocrx_word' id='word_1_450' title='bbox 2490 2963 2554 3001; x_wconf 79' lang='lat' dir='ltr'><strong>ex</strong></span> <span class='ocrx_word' id='word_1_451' title='bbox 2582 2947 2886 3002; x_wconf 89' lang='lat' dir='ltr'><strong>substantia</strong></span> <span class='ocrx_word' id='word_1_452' title='bbox 2930 2947 3105 3000; x_wconf 87' lang='lat' dir='ltr'><strong>Patris</strong></span> <span class='ocrx_word' id='word_1_453' title='bbox 3147 2957 3199 3000; x_wconf 89' lang='lat' dir='ltr'><strong>et</strong></span> <span class='ocrx_word' id='word_1_454' title='bbox 3245 2946 3483 3014; x_wconf 89' lang='lat' dir='ltr'><strong>Spiritus</strong></span> 
     </span>
    </p>
   </div>
   <div class='ocr_carea' id='block_1_60' title="bbox 1916 3037 3483 3108">
    <p class='ocr_par' dir='ltr' id='par_1_60' title="bbox 1916 3037 3483 3108">
     <span class='ocr_line' id='line_1_60' title="bbox 1916 3037 3483 3108; baseline -0.001 -15"><span class='ocrx_word' id='word_1_455' title='bbox 1916 3040 2067 3108; x_wconf 89' lang='lat' dir='ltr'><strong>sequi</strong></span> <span class='ocrx_word' id='word_1_456' title='bbox 2107 3041 2418 3093; x_wconf 87' lang='lat' dir='ltr'><strong>necessario</strong></span> <span class='ocrx_word' id='word_1_457' title='bbox 2449 3039 2632 3099; x_wconf 82' lang='lat' dir='ltr'><strong>infert,</strong></span> <span class='ocrx_word' id='word_1_458' title='bbox 2669 3039 2783 3092; x_wconf 71' lang='lat' dir='ltr'><strong>haec</strong></span> <span class='ocrx_word' id='word_1_459' title='bbox 2802 3037 3014 3104; x_wconf 83' lang='lat' dir='ltr'><strong>omnia,</strong></span> <span class='ocrx_word' id='word_1_460' title='bbox 3045 3047 3308 3106; x_wconf 88' lang='lat' dir='ltr'><strong>quantmu</strong></span> <span class='ocrx_word' id='word_1_461' title='bbox 3345 3039 3396 3090; x_wconf 92' lang='lat' dir='ltr'><strong>in</strong></span> <span class='ocrx_word' id='word_1_462' title='bbox 3425 3054 3483 3091; x_wconf 87' lang='lat' dir='ltr'><strong>se</strong></span> 
     </span>
    </p>
   </div>
   <div class='ocr_carea' id='block_1_61' title="bbox 1915 3127 3486 3198">
    <p class='ocr_par' dir='ltr' id='par_1_61' title="bbox 1915 3127 3486 3198">
     <span class='ocr_line' id='line_1_61' title="bbox 1915 3127 3486 3198; baseline -0.001 -16"><span class='ocrx_word' id='word_1_463' title='bbox 1915 3139 2018 3198; x_wconf 63' lang='lat' dir='ltr'><strong>est,</strong></span> <span class='ocrx_word' id='word_1_464' title='bbox 2053 3129 2214 3181; x_wconf 90' lang='lat' dir='ltr'><strong>tollit.</strong></span> <span class='ocrx_word' id='word_1_465' title='bbox 2261 3129 2374 3182; x_wconf 85' lang='lat' dir='ltr'><strong>Hoc</strong></span> <span class='ocrx_word' id='word_1_466' title='bbox 2408 3128 2554 3181; x_wconf 88' lang='lat' dir='ltr'><strong>enim</strong></span> <span class='ocrx_word' id='word_1_467' title='bbox 2596 3129 2877 3196; x_wconf 79' lang='lat' dir='ltr'><strong>supposito</strong></span> <span class='ocrx_word' id='word_1_468' title='bbox 2929 3127 3263 3196; x_wconf 86' lang='lat' dir='ltr'><strong>contrarium</strong></span> <span class='ocrx_word' id='word_1_469' title='bbox 3305 3127 3486 3195; x_wconf 82' lang='lat' dir='ltr'><strong>potius</strong></span> 
     </span>
    </p>
   </div>
   <div class='ocr_carea' id='block_1_62' title="bbox 244 3199 1825 3295">
    <p class='ocr_par' dir='ltr' id='par_1_62' title="bbox 244 3199 1813 3282">
     <span class='ocr_line' id='line_1_62' title="bbox 244 3199 1813 3282; baseline 0.013 -34"><span class='ocrx_word' id='word_1_470' title='bbox 244 3199 348 3266; x_wconf 80' lang='grc' dir='ltr'><strong>τῆς</strong></span> <span class='ocrx_word' id='word_1_471' title='bbox 370 3199 556 3264; x_wconf 78' lang='grc' dir='ltr'>οὐσίας</span> <span class='ocrx_word' id='word_1_472' title='bbox 587 3203 677 3254; x_wconf 90' lang='grc' dir='ltr'><strong>τοῦ</strong></span> <span class='ocrx_word' id='word_1_473' title='bbox 700 3205 910 3274; x_wconf 80' lang='grc' dir='ltr'>[ἰατρὸς</span> <span class='ocrx_word' id='word_1_474' title='bbox 927 3209 1020 3259; x_wconf 74' lang='grc' dir='ltr'>καὶ</span> <span class='ocrx_word' id='word_1_475' title='bbox 1044 3207 1138 3260; x_wconf 91' lang='grc' dir='ltr'><strong>τοῦ</strong></span> <span class='ocrx_word' id='word_1_476' title='bbox 1163 3210 1476 3279; x_wconf 79' lang='grc' dir='ltr'>Πνεῦματος</span> <span class='ocrx_word' id='word_1_477' title='bbox 1501 3215 1813 3282; x_wconf 70' lang='grc' dir='ltr'>ἀναγκαίως</span> 
     </span>
    </p>
   </div>
   <div class='ocr_carea' id='block_1_63' title="bbox 1917 3199 3487 3295">
    <p class='ocr_par' dir='ltr' id='par_1_63' title="bbox 1919 3216 3487 3287">
     <span class='ocr_line' id='line_1_63' title="bbox 1919 3216 3487 3287; baseline -0.003 -15"><span class='ocrx_word' id='word_1_478' title='bbox 1919 3219 2206 3287; x_wconf 82' lang='lat' dir='ltr'><strong>contingit.</strong></span> <span class='ocrx_word' id='word_1_479' title='bbox 2241 3218 2416 3272; x_wconf 84' lang='lat' dir='ltr'><strong>Filius</strong></span> <span class='ocrx_word' id='word_1_480' title='bbox 2449 3217 2670 3285; x_wconf 85' lang='lat' dir='ltr'><strong>quidem</strong></span> <span class='ocrx_word' id='word_1_481' title='bbox 2711 3216 2950 3284; x_wconf 79' lang='lat' dir='ltr'><strong>Spiritus</strong></span> <span class='ocrx_word' id='word_1_482' title='bbox 2984 3217 3156 3270; x_wconf 89' lang='lat' dir='ltr'><strong>sancti</strong></span> <span class='ocrx_word' id='word_1_483' title='bbox 3189 3231 3308 3268; x_wconf 85' lang='lat' dir='ltr'><strong>esse</strong></span> <span class='ocrx_word' id='word_1_484' title='bbox 3341 3216 3487 3268; x_wconf 88' lang='lat' dir='ltr'><strong>dice—</strong></span> 
     </span>
    </p>
   </div>
   <div class='ocr_carea' id='block_1_64' title="bbox 247 3288 1816 3362">
    <p class='ocr_par' dir='ltr' id='par_1_64' title="bbox 247 3288 1816 3362">
     <span class='ocr_line' id='line_1_64' title="bbox 247 3288 1816 3362; baseline 0.012 -21"><span class='ocrx_word' id='word_1_485' title='bbox 247 3288 481 3344; x_wconf 79' lang='grc' dir='ltr'>ἕπεσθαι</span> <span class='ocrx_word' id='word_1_486' title='bbox 531 3294 751 3362; x_wconf 81' lang='grc' dir='ltr'>ἐπάγων</span> <span class='ocrx_word' id='word_1_487' title='bbox 800 3297 975 3350; x_wconf 82' lang='grc' dir='ltr'>πάντα</span> <span class='ocrx_word' id='word_1_488' title='bbox 1015 3299 1170 3352; x_wconf 83' lang='grc' dir='ltr'>ταῦθ’</span> <span class='ocrx_word' id='word_1_489' title='bbox 1215 3303 1337 3354; x_wconf 81' lang='grc' dir='ltr'>ὅσον</span> <span class='ocrx_word' id='word_1_490' title='bbox 1375 3305 1434 3356; x_wconf 87' lang='lat'><strong>:6</strong></span> <span class='ocrx_word' id='word_1_491' title='bbox 1481 3306 1602 3358; x_wconf 82' lang='grc' dir='ltr'>καθ’</span> <span class='ocrx_word' id='word_1_492' title='bbox 1656 3307 1816 3361; x_wconf 78' lang='grc' dir='ltr'>αὑτὸν</span> 
     </span>
    </p>
   </div>
   <div class='ocr_carea' id='block_1_65' title="bbox 250 3383 1819 3469">
    <p class='ocr_par' dir='ltr' id='par_1_65' title="bbox 250 3383 1819 3469">
     <span class='ocr_line' id='line_1_65' title="bbox 250 3383 1819 3469; baseline 0.012 -34"><span class='ocrx_word' id='word_1_493' title='bbox 250 3383 489 3452; x_wconf 83' lang='grc' dir='ltr'>ἀναιρεῖ.</span> <span class='ocrx_word' id='word_1_494' title='bbox 526 3387 729 3440; x_wconf 81' lang='grc' dir='ltr'>Τούτου</span> <span class='ocrx_word' id='word_1_495' title='bbox 783 3390 889 3458; x_wconf 74' lang='grc' dir='ltr'><strong>γὰρ</strong></span> <span class='ocrx_word' id='word_1_496' title='bbox 936 3391 1295 3460; x_wconf 78' lang='grc' dir='ltr'>ὑποκειμένου</span> <span class='ocrx_word' id='word_1_497' title='bbox 1332 3398 1646 3453; x_wconf 83' lang='grc' dir='ltr'>τούναντίον</span> <span class='ocrx_word' id='word_1_498' title='bbox 1685 3404 1819 3469; x_wconf 69' lang='grc' dir='ltr'><strong>μᾶλ-</strong></span> 
     </span>
    </p>
   </div>
   <div class='ocr_carea' id='block_1_66' title="bbox 247 3472 1818 3551">
    <p class='ocr_par' dir='ltr' id='par_1_66' title="bbox 247 3472 1818 3551">
     <span class='ocr_line' id='line_1_66' title="bbox 247 3472 1818 3551; baseline 0.01 -27"><span class='ocrx_word' id='word_1_499' title='bbox 247 3472 344 3524; x_wconf 87' lang='grc' dir='ltr'><strong>λον</strong></span> <span class='ocrx_word' id='word_1_500' title='bbox 384 3473 448 3525; x_wconf 84' lang='grc' dir='ltr'>ἂν</span> <span class='ocrx_word' id='word_1_501' title='bbox 478 3475 782 3542; x_wconf 74' lang='grc' dir='ltr'>συμϐαίνοι.</span> <span class='ocrx_word' id='word_1_502' title='bbox 824 3478 883 3530; x_wconf 88' lang='grc' dir='ltr'>Ὀ</span> <span class='ocrx_word' id='word_1_503' title='bbox 911 3477 1007 3546; x_wconf 83' lang='grc' dir='ltr'>μὲν</span> <span class='ocrx_word' id='word_1_504' title='bbox 1027 3479 1151 3542; x_wconf 71' lang='grc' dir='ltr'><strong>Υἱὸς</strong></span> <span class='ocrx_word' id='word_1_505' title='bbox 1184 3480 1276 3533; x_wconf 87' lang='grc' dir='ltr'><strong>τοῦ</strong></span> <span class='ocrx_word' id='word_1_506' title='bbox 1315 3482 1633 3551; x_wconf 83' lang='grc' dir='ltr'>Πνεύματος</span> <span class='ocrx_word' id='word_1_507' title='bbox 1678 3482 1818 3540; x_wconf 81' lang='grc' dir='ltr'>εἶναι</span> 
     </span>
    </p>
   </div>
   <div class='ocr_carea' id='block_1_67' title="bbox 246 3565 1817 3647">
    <p class='ocr_par' dir='ltr' id='par_1_67' title="bbox 246 3565 1817 3647">
     <span class='ocr_line' id='line_1_67' title="bbox 246 3565 1817 3647; baseline 0.008 -30"><span class='ocrx_word' id='word_1_508' title='bbox 246 3565 449 3632; x_wconf 82' lang='grc' dir='ltr'>λέγοιτ’</span> <span class='ocrx_word' id='word_1_509' title='bbox 482 3568 567 3629; x_wconf 83' lang='grc' dir='ltr'>ἄν,</span> <span class='ocrx_word' id='word_1_510' title='bbox 615 3569 707 3620; x_wconf 77' lang='grc' dir='ltr'>καὶ</span> <span class='ocrx_word' id='word_1_511' title='bbox 745 3569 805 3621; x_wconf 85' lang='grc' dir='ltr'><strong>οὑ</strong></span> <span class='ocrx_word' id='word_1_512' title='bbox 857 3570 1014 3637; x_wconf 85' lang='grc' dir='ltr'>μόνος</span> <span class='ocrx_word' id='word_1_513' title='bbox 1056 3574 1118 3624; x_wconf 76' lang='grc' dir='ltr'><strong>ἐκ</strong></span> <span class='ocrx_word' id='word_1_514' title='bbox 1148 3573 1473 3639; x_wconf 80' lang='grc' dir='ltr'>μόνου,οὑδὲ</span> <span class='ocrx_word' id='word_1_515' title='bbox 1501 3579 1817 3647; x_wconf 79' lang='grc' dir='ltr'>μονογενὴς,</span> 
     </span>
    </p>
   </div>
   <div class='ocr_carea' id='block_1_68' title="bbox 249 3655 1818 3736">
    <p class='ocr_par' dir='ltr' id='par_1_68' title="bbox 249 3655 1818 3736">
     <span class='ocr_line' id='line_1_68' title="bbox 249 3655 1818 3736; baseline 0.008 -30"><span class='ocrx_word' id='word_1_516' title='bbox 249 3655 374 3707; x_wconf 71' lang='grc' dir='ltr'>οὐδὲ</span> <span class='ocrx_word' id='word_1_517' title='bbox 399 3658 462 3724; x_wconf 82' lang='grc' dir='ltr'>τῇ</span> <span class='ocrx_word' id='word_1_518' title='bbox 497 3655 647 3719; x_wconf 77' lang='grc' dir='ltr'>τάξει</span> <span class='ocrx_word' id='word_1_519' title='bbox 675 3657 928 3727; x_wconf 85' lang='grc' dir='ltr'>δεύτερος</span> <span class='ocrx_word' id='word_1_520' title='bbox 958 3660 1067 3713; x_wconf 83' lang='grc' dir='ltr'><strong>ἀπὸ</strong></span> <span class='ocrx_word' id='word_1_521' title='bbox 1098 3659 1192 3712; x_wconf 86' lang='grc' dir='ltr'><strong>τοῦ</strong></span> <span class='ocrx_word' id='word_1_522' title='bbox 1238 3661 1472 3732; x_wconf 82' lang='grc' dir='ltr'>Πατρὺς,</span> <span class='ocrx_word' id='word_1_523' title='bbox 1524 3663 1659 3717; x_wconf 83' lang='grc' dir='ltr'>ἀλλά</span> <span class='ocrx_word' id='word_1_524' title='bbox 1697 3667 1818 3736; x_wconf 87' lang='grc' dir='ltr'>τρί-</span> 
     </span>
    </p>
   </div>
   <div class='ocr_carea' id='block_1_69' title="bbox 247 3745 1819 3819">
    <p class='ocr_par' dir='ltr' id='par_1_69' title="bbox 247 3745 1819 3819">
     <span class='ocr_line' id='line_1_69' title="bbox 247 3745 1819 3819; baseline 0.008 -23"><span class='ocrx_word' id='word_1_525' title='bbox 247 3763 346 3808; x_wconf 90' lang='grc' dir='ltr'><strong>τος</strong></span> <span class='ocrx_word' id='word_1_526' title='bbox 367 3763 380 3776; x_wconf 88' lang='grc'><strong>·</strong></span> <span class='ocrx_word' id='word_1_527' title='bbox 409 3745 469 3798; x_wconf 90' lang='lat'><strong>:6</strong></span> <span class='ocrx_word' id='word_1_528' title='bbox 496 3748 550 3799; x_wconf 85' lang='grc' dir='ltr'><strong>δὲ</strong></span> <span class='ocrx_word' id='word_1_529' title='bbox 587 3747 807 3816; x_wconf 84' lang='grc' dir='ltr'><strong>Πνεῦμα</strong></span> <span class='ocrx_word' id='word_1_530' title='bbox 834 3749 1087 3819; x_wconf 87' lang='grc' dir='ltr'>δεύτερον</span> <span class='ocrx_word' id='word_1_531' title='bbox 1109 3751 1204 3804; x_wconf 86' lang='grc' dir='ltr'><strong>ἀπ’</strong></span> <span class='ocrx_word' id='word_1_532' title='bbox 1237 3753 1471 3819; x_wconf 76' lang='grc' dir='ltr'>ἐκείνου,</span> <span class='ocrx_word' id='word_1_533' title='bbox 1498 3755 1592 3806; x_wconf 74' lang='grc' dir='ltr'>καὶ</span> <span class='ocrx_word' id='word_1_534' title='bbox 1624 3756 1687 3809; x_wconf 82' lang='grc' dir='ltr'><strong>ἐκ</strong></span> <span class='ocrx_word' id='word_1_535' title='bbox 1725 3757 1819 3809; x_wconf 87' lang='grc' dir='ltr'><strong>τοῦ</strong></span> 
     </span>
    </p>
   </div>
   <div class='ocr_carea' id='block_1_70' title="bbox 253 3840 1821 3912">
    <p class='ocr_par' dir='ltr' id='par_1_70' title="bbox 253 3840 1821 3912">
     <span class='ocr_line' id='line_1_70' title="bbox 253 3840 1821 3912; baseline 0.006 -20"><span class='ocrx_word' id='word_1_536' title='bbox 253 3840 472 3909; x_wconf 79' lang='grc' dir='ltr'>[Ιατρὸς</span> <span class='ocrx_word' id='word_1_537' title='bbox 501 3840 586 3892; x_wconf 67' lang='grc' dir='ltr'><strong>διὰ</strong></span> <span class='ocrx_word' id='word_1_538' title='bbox 629 3841 720 3892; x_wconf 90' lang='grc' dir='ltr'><strong>τοῦ</strong></span> <span class='ocrx_word' id='word_1_539' title='bbox 773 3842 1090 3912; x_wconf 80' lang='grc' dir='ltr'>Πνεῦματος</span> <span class='ocrx_word' id='word_1_540' title='bbox 1133 3845 1445 3911; x_wconf 85' lang='grc' dir='ltr'>γεννᾶσθαι.</span> <span class='ocrx_word' id='word_1_541' title='bbox 1475 3848 1582 3899; x_wconf 80' lang='grc' dir='ltr'>Καὶ</span> <span class='ocrx_word' id='word_1_542' title='bbox 1631 3849 1821 3901; x_wconf 75' lang='grc' dir='ltr'>σιωπῶ</span> 
     </span>
    </p>
   </div>
   <div class='ocr_carea' id='block_1_71' title="bbox 250 3931 1822 4007">
    <p class='ocr_par' dir='ltr' id='par_1_71' title="bbox 250 3931 1822 4007">
     <span class='ocr_line' id='line_1_71' title="bbox 250 3931 1822 4007; baseline 0.004 -22"><span class='ocrx_word' id='word_1_543' title='bbox 250 3932 428 3986; x_wconf 79' lang='grc' dir='ltr'>τᾶλλα</span> <span class='ocrx_word' id='word_1_544' title='bbox 471 3933 577 3984; x_wconf 89' lang='grc' dir='ltr'><strong>τῶν</strong></span> <span class='ocrx_word' id='word_1_545' title='bbox 618 3931 899 4003; x_wconf 81' lang='grc' dir='ltr'>ὀνομάτων</span> <span class='ocrx_word' id='word_1_546' title='bbox 931 3936 1055 3986; x_wconf 79' lang='grc' dir='ltr'>καθ’</span> <span class='ocrx_word' id='word_1_547' title='bbox 1083 3936 1184 3988; x_wconf 75' lang='grc' dir='ltr'><strong>ὅσα</strong></span> <span class='ocrx_word' id='word_1_548' title='bbox 1212 3936 1275 3989; x_wconf 79' lang='grc' dir='ltr'>ἂν</span> <span class='ocrx_word' id='word_1_549' title='bbox 1299 3940 1325 3988; x_wconf 89' lang='grc' dir='ltr'><strong>ό</strong></span> <span class='ocrx_word' id='word_1_550' title='bbox 1357 3939 1486 4000; x_wconf 83' lang='grc' dir='ltr'>Υἱὸς</span> <span class='ocrx_word' id='word_1_551' title='bbox 1513 3939 1607 3992; x_wconf 78' lang='grc' dir='ltr'>καὶ</span> <span class='ocrx_word' id='word_1_552' title='bbox 1649 3939 1822 4007; x_wconf 84' lang='grc' dir='ltr'>Λόγος</span> 
     </span>
    </p>
   </div>
   <div class='ocr_carea' id='block_1_72' title="bbox 253 4023 1824 4101">
    <p class='ocr_par' dir='ltr' id='par_1_72' title="bbox 253 4023 1824 4101">
     <span class='ocr_line' id='line_1_72' title="bbox 253 4023 1824 4101; baseline 0.006 -26"><span class='ocrx_word' id='word_1_553' title='bbox 253 4023 396 4093; x_wconf 73' lang='grc' dir='ltr'>πρὸς</span> <span class='ocrx_word' id='word_1_554' title='bbox 427 4023 485 4075; x_wconf 91' lang='lat'><strong>:6</strong></span> <span class='ocrx_word' id='word_1_555' title='bbox 518 4023 740 4092; x_wconf 84' lang='grc' dir='ltr'>Πνεῦμα</span> <span class='ocrx_word' id='word_1_556' title='bbox 777 4025 994 4093; x_wconf 82' lang='grc' dir='ltr'>ἐλέγετο</span> <span class='ocrx_word' id='word_1_557' title='bbox 1023 4043 1036 4056; x_wconf 88' lang='grc'><strong>·</strong></span> <span class='ocrx_word' id='word_1_558' title='bbox 1070 4026 1191 4079; x_wconf 83' lang='grc' dir='ltr'>καθ’</span> <span class='ocrx_word' id='word_1_559' title='bbox 1229 4027 1265 4082; x_wconf 80' lang='grc' dir='ltr'><strong>ἆ</strong></span> <span class='ocrx_word' id='word_1_560' title='bbox 1301 4029 1502 4098; x_wconf 79' lang='grc' dir='ltr'>μᾶλλον</span> <span class='ocrx_word' id='word_1_561' title='bbox 1553 4030 1689 4101; x_wconf 79' lang='grc' dir='ltr'>πρὸς</span> <span class='ocrx_word' id='word_1_562' title='bbox 1733 4032 1824 4084; x_wconf 73' lang='grc' dir='ltr'><strong>τὸν</strong></span> 
     </span>
    </p>
   </div>
   <div class='ocr_carea' id='block_1_73' title="bbox 253 4115 1826 4191">
    <p class='ocr_par' dir='ltr' id='par_1_73' title="bbox 253 4115 1826 4191">
     <span class='ocr_line' id='line_1_73' title="bbox 253 4115 1826 4191; baseline 0.004 -23"><span class='ocrx_word' id='word_1_563' title='bbox 253 4115 390 4168; x_wconf 78' lang='grc' dir='ltr'>Υἱδν</span> <span class='ocrx_word' id='word_1_564' title='bbox 421 4117 480 4167; x_wconf 88' lang='lat'><strong>:6</strong></span> <span class='ocrx_word' id='word_1_565' title='bbox 519 4116 743 4185; x_wconf 86' lang='grc' dir='ltr'>Πνεῦμα</span> <span class='ocrx_word' id='word_1_566' title='bbox 772 4118 1126 4189; x_wconf 81' lang='grc' dir='ltr'>ἀναφέρεται.</span> <span class='ocrx_word' id='word_1_567' title='bbox 1157 4119 1320 4174; x_wconf 77' lang='grc' dir='ltr'>Ἀλλά</span> <span class='ocrx_word' id='word_1_568' title='bbox 1351 4122 1522 4174; x_wconf 84' lang='grc' dir='ltr'>ταῦτα</span> <span class='ocrx_word' id='word_1_569' title='bbox 1566 4122 1826 4191; x_wconf 90' lang='grc' dir='ltr'>σύγχυσιν</span> 
     </span>
    </p>
   </div>
   <div class='ocr_carea' id='block_1_74' title="bbox 251 4207 1827 4282">
    <p class='ocr_par' dir='ltr' id='par_1_74' title="bbox 251 4207 1827 4282">
     <span class='ocr_line' id='line_1_74' title="bbox 251 4207 1827 4282; baseline 0.005 -24"><span class='ocrx_word' id='word_1_570' title='bbox 251 4207 368 4259; x_wconf 83' lang='grc' dir='ltr'><strong>τῶν</strong></span> <span class='ocrx_word' id='word_1_571' title='bbox 419 4209 723 4276; x_wconf 74' lang='grc' dir='ltr'>ἰδιωμάτων</span> <span class='ocrx_word' id='word_1_572' title='bbox 773 4212 1091 4279; x_wconf 82' lang='grc' dir='ltr'>περιφανῶς</span> <span class='ocrx_word' id='word_1_573' title='bbox 1140 4211 1387 4280; x_wconf 78' lang='grc' dir='ltr'>εἰσάγει,</span> <span class='ocrx_word' id='word_1_574' title='bbox 1428 4215 1524 4268; x_wconf 81' lang='grc' dir='ltr'><strong>καὶ</strong></span> <span class='ocrx_word' id='word_1_575' title='bbox 1570 4215 1671 4282; x_wconf 82' lang='grc' dir='ltr'>τὴν</span> <span class='ocrx_word' id='word_1_576' title='bbox 1721 4217 1827 4281; x_wconf 85' lang='grc' dir='ltr'>τῆς</span> 
     </span>
    </p>
   </div>
   <div class='ocr_carea' id='block_1_75' title="bbox 255 4299 1827 4378">
    <p class='ocr_par' dir='ltr' id='par_1_75' title="bbox 255 4299 1827 4378">
     <span class='ocr_line' id='line_1_75' title="bbox 255 4299 1827 4378; baseline 0.004 -26"><span class='ocrx_word' id='word_1_577' title='bbox 255 4299 494 4369; x_wconf 85' lang='grc' dir='ltr'>Τριάδος</span> <span class='ocrx_word' id='word_1_578' title='bbox 543 4300 799 4370; x_wconf 88' lang='grc' dir='ltr'>ἀκίνητον</span> <span class='ocrx_word' id='word_1_579' title='bbox 842 4303 1130 4373; x_wconf 78' lang='grc' dir='ltr'>μεθίστησι</span> <span class='ocrx_word' id='word_1_580' title='bbox 1171 4305 1343 4368; x_wconf 79' lang='grc' dir='ltr'>τάξιν.</span> <span class='ocrx_word' id='word_1_581' title='bbox 1380 4306 1494 4358; x_wconf 83' lang='grc' dir='ltr'>Ἵνα</span> <span class='ocrx_word' id='word_1_582' title='bbox 1532 4307 1712 4358; x_wconf 87' lang='grc' dir='ltr'>τοίνυν</span> <span class='ocrx_word' id='word_1_583' title='bbox 1752 4309 1827 4378; x_wconf 89' lang='grc' dir='ltr'><strong>μὴ</strong></span> 
     </span>
    </p>
   </div>
   <div class='ocr_carea' id='block_1_76' title="bbox 251 4391 1830 4466">
    <p class='ocr_par' dir='ltr' id='par_1_76' title="bbox 251 4391 1830 4466">
     <span class='ocr_line' id='line_1_76' title="bbox 251 4391 1830 4466; baseline 0.006 -23"><span class='ocrx_word' id='word_1_584' title='bbox 251 4391 422 4444; x_wconf 83' lang='grc' dir='ltr'>τοῦτο</span> <span class='ocrx_word' id='word_1_585' title='bbox 459 4393 752 4465; x_wconf 78' lang='grc' dir='ltr'>συμϐαίνῃ,</span> <span class='ocrx_word' id='word_1_586' title='bbox 784 4395 812 4447; x_wconf 92' lang='lat'><strong>6</strong></span> <span class='ocrx_word' id='word_1_587' title='bbox 849 4395 974 4457; x_wconf 84' lang='grc' dir='ltr'>Υίδς</span> <span class='ocrx_word' id='word_1_588' title='bbox 1018 4396 1111 4449; x_wconf 90' lang='grc' dir='ltr'><strong>τοῦ</strong></span> <span class='ocrx_word' id='word_1_589' title='bbox 1141 4396 1482 4466; x_wconf 87' lang='grc' dir='ltr'>Πνεύματος,</span> <span class='ocrx_word' id='word_1_590' title='bbox 1516 4400 1611 4451; x_wconf 70' lang='grc' dir='ltr'><strong>καὶ</strong></span> <span class='ocrx_word' id='word_1_591' title='bbox 1650 4399 1830 4452; x_wconf 79' lang='grc' dir='ltr'>πάντα</span> 
     </span>
    </p>
   </div>
   <div class='ocr_carea' id='block_1_77' title="bbox 253 4483 1826 4556">
    <p class='ocr_par' dir='ltr' id='par_1_77' title="bbox 253 4483 1826 4556">
     <span class='ocr_line' id='line_1_77' title="bbox 253 4483 1826 4556; baseline 0.003 -19"><span class='ocrx_word' id='word_1_592' title='bbox 253 4483 326 4553; x_wconf 83' lang='grc' dir='ltr'>δὴ</span> <span class='ocrx_word' id='word_1_593' title='bbox 365 4483 506 4552; x_wconf 85' lang='grc' dir='ltr'>λέγω</span> <span class='ocrx_word' id='word_1_594' title='bbox 551 4486 686 4540; x_wconf 74' lang='grc' dir='ltr'><strong>τάπὶ</strong></span> <span class='ocrx_word' id='word_1_595' title='bbox 743 4486 976 4549; x_wconf 81' lang='grc' dir='ltr'>τούτοις,</span> <span class='ocrx_word' id='word_1_596' title='bbox 1013 4487 1139 4540; x_wconf 77' lang='grc' dir='ltr'>οὔτε</span> <span class='ocrx_word' id='word_1_597' title='bbox 1188 4488 1359 4551; x_wconf 78' lang='grc' dir='ltr'>ἐστιν,</span> <span class='ocrx_word' id='word_1_598' title='bbox 1410 4488 1533 4541; x_wconf 73' lang='grc' dir='ltr'>οὔτε</span> <span class='ocrx_word' id='word_1_599' title='bbox 1584 4490 1826 4556; x_wconf 79' lang='grc' dir='ltr'>λέγεται,</span> 
     </span>
    </p>
   </div>
   <div class='ocr_carea' id='block_1_78' title="bbox 1920 3307 3486 3376">
    <p class='ocr_par' dir='ltr' id='par_1_78' title="bbox 1920 3307 3486 3376">
     <span class='ocr_line' id='line_1_78' title="bbox 1920 3307 3486 3376; baseline -0.002 -14"><span class='ocrx_word' id='word_1_600' title='bbox 1920 3318 2095 3372; x_wconf 92' lang='lat' dir='ltr'><strong>retur,</strong></span> <span class='ocrx_word' id='word_1_601' title='bbox 2142 3325 2202 3364; x_wconf 92' lang='lat' dir='ltr'><strong>ac</strong></span> <span class='ocrx_word' id='word_1_602' title='bbox 2249 3325 2357 3376; x_wconf 80' lang='lat' dir='ltr'><strong>non</strong></span> <span class='ocrx_word' id='word_1_603' title='bbox 2405 3311 2555 3363; x_wconf 84' lang='lat' dir='ltr'><strong>solus</strong></span> <span class='ocrx_word' id='word_1_604' title='bbox 2603 3324 2669 3362; x_wconf 81' lang='lat' dir='ltr'><strong>ex</strong></span> <span class='ocrx_word' id='word_1_605' title='bbox 2716 3307 2832 3362; x_wconf 92' lang='lat' dir='ltr'><strong>solo</strong></span> <span class='ocrx_word' id='word_1_606' title='bbox 2874 3322 2977 3361; x_wconf 89' lang='lat' dir='ltr'><strong>nec</strong></span> <span class='ocrx_word' id='word_1_607' title='bbox 3026 3307 3358 3374; x_wconf 85' lang='lat' dir='ltr'><strong>unigenitus.</strong></span> <span class='ocrx_word' id='word_1_608' title='bbox 3387 3322 3486 3359; x_wconf 89' lang='lat' dir='ltr'><strong>nec</strong></span> 
     </span>
    </p>
   </div>
   <div class='ocr_carea' id='block_1_79' title="bbox 1919 3394 3486 3462">
    <p class='ocr_par' dir='ltr' id='par_1_79' title="bbox 1919 3394 3486 3462">
     <span class='ocr_line' id='line_1_79' title="bbox 1919 3394 3486 3462; baseline -0.003 -10"><span class='ocrx_word' id='word_1_609' title='bbox 1919 3399 2109 3452; x_wconf 84' lang='lat' dir='ltr'><strong>ordine</strong></span> <span class='ocrx_word' id='word_1_610' title='bbox 2140 3399 2415 3452; x_wconf 89' lang='lat' dir='ltr'><strong>secundus</strong></span> <span class='ocrx_word' id='word_1_611' title='bbox 2445 3413 2473 3450; x_wconf 92' lang='lat' dir='ltr'><strong>a</strong></span> <span class='ocrx_word' id='word_1_612' title='bbox 2509 3398 2690 3451; x_wconf 86' lang='lat' dir='ltr'><strong>Patre.</strong></span> <span class='ocrx_word' id='word_1_613' title='bbox 2721 3395 2815 3450; x_wconf 79' lang='lat' dir='ltr'><strong>sed</strong></span> <span class='ocrx_word' id='word_1_614' title='bbox 2861 3396 3074 3448; x_wconf 87' lang='lat' dir='ltr'><strong>tertius.</strong></span> <span class='ocrx_word' id='word_1_615' title='bbox 3109 3394 3346 3462; x_wconf 82' lang='lat' dir='ltr'><strong>Spiritus</strong></span> <span class='ocrx_word' id='word_1_616' title='bbox 3387 3410 3486 3447; x_wconf 92' lang='lat' dir='ltr'><strong>au-</strong></span> 
     </span>
    </p>
   </div>
   <div class='ocr_carea' id='block_1_80' title="bbox 1921 3483 3489 3555">
    <p class='ocr_par' dir='ltr' id='par_1_80' title="bbox 1921 3483 3489 3555">
     <span class='ocr_line' id='line_1_80' title="bbox 1921 3483 3489 3555; baseline -0.005 -13"><span class='ocrx_word' id='word_1_617' title='bbox 1921 3502 2026 3542; x_wconf 90' lang='lat' dir='ltr'><strong>tem</strong></span> <span class='ocrx_word' id='word_1_618' title='bbox 2059 3488 2332 3542; x_wconf 71' lang='lat' dir='ltr'><strong>secundus</strong></span> <span class='ocrx_word' id='word_1_619' title='bbox 2381 3489 2450 3541; x_wconf 88' lang='lat' dir='ltr'><strong>ab</strong></span> <span class='ocrx_word' id='word_1_620' title='bbox 2496 3488 2586 3540; x_wconf 90' lang='lat' dir='ltr'><strong>illo</strong></span> <span class='ocrx_word' id='word_1_621' title='bbox 2630 3486 2835 3555; x_wconf 84' lang='lat' dir='ltr'><strong>(Patre)</strong></span> <span class='ocrx_word' id='word_1_622' title='bbox 2877 3494 3039 3551; x_wconf 90' lang='lat' dir='ltr'><strong>atque</strong></span> <span class='ocrx_word' id='word_1_623' title='bbox 3077 3498 3141 3536; x_wconf 80' lang='lat' dir='ltr'><strong>ex</strong></span> <span class='ocrx_word' id='word_1_624' title='bbox 3183 3483 3341 3536; x_wconf 85' lang='lat' dir='ltr'><strong>Patre</strong></span> <span class='ocrx_word' id='word_1_625' title='bbox 3393 3498 3489 3549; x_wconf 90' lang='lat' dir='ltr'><strong>per</strong></span> 
     </span>
    </p>
   </div>
   <div class='ocr_carea' id='block_1_81' title="bbox 1922 3575 3491 3650">
    <p class='ocr_par' dir='ltr' id='par_1_81' title="bbox 1922 3575 3491 3650">
     <span class='ocr_line' id='line_1_81' title="bbox 1922 3575 3491 3650; baseline -0.004 -17"><span class='ocrx_word' id='word_1_626' title='bbox 1922 3580 2185 3650; x_wconf 85' lang='lat' dir='ltr'><strong>Spiritum</strong></span> <span class='ocrx_word' id='word_1_627' title='bbox 2217 3579 2491 3648; x_wconf 84' lang='lat' dir='ltr'><strong>generari,</strong></span> <span class='ocrx_word' id='word_1_628' title='bbox 2519 3587 2576 3632; x_wconf 91' lang='lat' dir='ltr'><strong>et</strong></span> <span class='ocrx_word' id='word_1_629' title='bbox 2611 3578 2828 3632; x_wconf 84' lang='lat' dir='ltr'><strong>silentio</strong></span> <span class='ocrx_word' id='word_1_630' title='bbox 2860 3592 3047 3644; x_wconf 88' lang='lat' dir='ltr'><strong>premo</strong></span> <span class='ocrx_word' id='word_1_631' title='bbox 3074 3575 3277 3642; x_wconf 89' lang='lat' dir='ltr'><strong>reliqua</strong></span> <span class='ocrx_word' id='word_1_632' title='bbox 3314 3577 3491 3626; x_wconf 86' lang='lat' dir='ltr'><strong>nomi-</strong></span> 
     </span>
    </p>
   </div>
   <div class='ocr_carea' id='block_1_82' title="bbox 1924 3664 3490 3737">
    <p class='ocr_par' dir='ltr' id='par_1_82' title="bbox 1924 3664 3490 3737">
     <span class='ocr_line' id='line_1_82' title="bbox 1924 3664 3490 3737; baseline -0.002 -17"><span class='ocrx_word' id='word_1_633' title='bbox 1924 3686 2012 3732; x_wconf 87' lang='lat' dir='ltr'><strong>na,</strong></span> <span class='ocrx_word' id='word_1_634' title='bbox 2042 3670 2240 3737; x_wconf 85' lang='lat' dir='ltr'><strong>quibus</strong></span> <span class='ocrx_word' id='word_1_635' title='bbox 2287 3666 2454 3721; x_wconf 89' lang='lat' dir='ltr'><strong>Filius</strong></span> <span class='ocrx_word' id='word_1_636' title='bbox 2500 3676 2555 3720; x_wconf 91' lang='lat' dir='ltr'><strong>et</strong></span> <span class='ocrx_word' id='word_1_637' title='bbox 2608 3664 2841 3720; x_wconf 84' lang='lat' dir='ltr'><strong>Verbum</strong></span> <span class='ocrx_word' id='word_1_638' title='bbox 2877 3665 2944 3717; x_wconf 90' lang='lat' dir='ltr'><strong>ad</strong></span> <span class='ocrx_word' id='word_1_639' title='bbox 2981 3664 3248 3732; x_wconf 90' lang='lat' dir='ltr'><strong>Spiritum</strong></span> <span class='ocrx_word' id='word_1_640' title='bbox 3301 3664 3490 3730; x_wconf 86' lang='lat' dir='ltr'><strong>utique</strong></span> 
     </span>
    </p>
   </div>
   <div class='ocr_carea' id='block_1_83' title="bbox 1922 3755 3491 3828">
    <p class='ocr_par' dir='ltr' id='par_1_83' title="bbox 1922 3755 3491 3828">
     <span class='ocr_line' id='line_1_83' title="bbox 1922 3755 3491 3828; baseline -0.005 -14"><span class='ocrx_word' id='word_1_641' title='bbox 1922 3762 2235 3814; x_wconf 87' lang='lat' dir='ltr'><strong>diceretur:</strong></span> <span class='ocrx_word' id='word_1_642' title='bbox 2271 3760 2472 3828; x_wconf 88' lang='lat' dir='ltr'><strong>quibus</strong></span> <span class='ocrx_word' id='word_1_643' title='bbox 2502 3760 2686 3826; x_wconf 87' lang='lat' dir='ltr'><strong>potius</strong></span> <span class='ocrx_word' id='word_1_644' title='bbox 2717 3757 2958 3826; x_wconf 88' lang='lat' dir='ltr'><strong>Spiritus</strong></span> <span class='ocrx_word' id='word_1_645' title='bbox 2989 3757 3054 3809; x_wconf 85' lang='lat' dir='ltr'><strong>ad</strong></span> <span class='ocrx_word' id='word_1_646' title='bbox 3087 3756 3282 3810; x_wconf 86' lang='lat' dir='ltr'><strong>Filium</strong></span> <span class='ocrx_word' id='word_1_647' title='bbox 3317 3755 3491 3808; x_wconf 79' lang='lat' dir='ltr'><strong>refer-</strong></span> 
     </span>
    </p>
   </div>
   <div class='ocr_carea' id='block_1_84' title="bbox 1925 3848 3490 3918">
    <p class='ocr_par' dir='ltr' id='par_1_84' title="bbox 1925 3848 3490 3918">
     <span class='ocr_line' id='line_1_84' title="bbox 1925 3848 3490 3918; baseline -0.004 -12"><span class='ocrx_word' id='word_1_648' title='bbox 1925 3863 2032 3906; x_wconf 87' lang='lat' dir='ltr'><strong>tur.</strong></span> <span class='ocrx_word' id='word_1_649' title='bbox 2065 3852 2168 3906; x_wconf 72' lang='lat' dir='ltr'><strong>Sed</strong></span> <span class='ocrx_word' id='word_1_650' title='bbox 2204 3852 2320 3905; x_wconf 65' lang='lat' dir='ltr'><strong>haec</strong></span> <span class='ocrx_word' id='word_1_651' title='bbox 2353 3850 2734 3904; x_wconf 76' lang='lat' dir='ltr'><strong>confusionem</strong></span> <span class='ocrx_word' id='word_1_652' title='bbox 2772 3849 3166 3918; x_wconf 85' lang='lat' dir='ltr'><strong>proprietatum</strong></span> <span class='ocrx_word' id='word_1_653' title='bbox 3200 3848 3490 3916; x_wconf 81' lang='lat' dir='ltr'><strong>perspicue</strong></span> 
     </span>
    </p>
   </div>
   <div class='ocr_carea' id='block_1_85' title="bbox 1925 3938 3494 4012">
    <p class='ocr_par' dir='ltr' id='par_1_85' title="bbox 1925 3938 3494 4012">
     <span class='ocr_line' id='line_1_85' title="bbox 1925 3938 3494 4012; baseline -0.005 -14"><span class='ocrx_word' id='word_1_654' title='bbox 1925 3945 2223 4004; x_wconf 88' lang='lat' dir='ltr'><strong>inducunt,</strong></span> <span class='ocrx_word' id='word_1_655' title='bbox 2277 3954 2441 4012; x_wconf 88' lang='lat' dir='ltr'><strong>atque</strong></span> <span class='ocrx_word' id='word_1_656' title='bbox 2495 3938 2780 3996; x_wconf 84' lang='lat' dir='ltr'><strong>Trinitatis</strong></span> <span class='ocrx_word' id='word_1_657' title='bbox 2839 3941 3231 3993; x_wconf 88' lang='lat' dir='ltr'><strong>immutabilem</strong></span> <span class='ocrx_word' id='word_1_658' title='bbox 3280 3948 3494 3991; x_wconf 83' lang='lat' dir='ltr'><strong>mutant</strong></span> 
     </span>
    </p>
   </div>
   <div class='ocr_carea' id='block_1_86' title="bbox 1925 4030 3495 4104">
    <p class='ocr_par' dir='ltr' id='par_1_86' title="bbox 1925 4030 3495 4104">
     <span class='ocr_line' id='line_1_86' title="bbox 1925 4030 3495 4104; baseline -0.005 -14"><span class='ocrx_word' id='word_1_659' title='bbox 1925 4038 2192 4092; x_wconf 89' lang='lat' dir='ltr'><strong>ordinem.</strong></span> <span class='ocrx_word' id='word_1_660' title='bbox 2223 4037 2300 4090; x_wconf 86' lang='lat' dir='ltr'><strong>Ne</strong></span> <span class='ocrx_word' id='word_1_661' title='bbox 2339 4036 2500 4104; x_wconf 86' lang='lat' dir='ltr'><strong>igitur</strong></span> <span class='ocrx_word' id='word_1_662' title='bbox 2533 4035 2586 4088; x_wconf 88' lang='lat' dir='ltr'><strong>id</strong></span> <span class='ocrx_word' id='word_1_663' title='bbox 2618 4032 2858 4095; x_wconf 82' lang='lat' dir='ltr'><strong>eveniat,</strong></span> <span class='ocrx_word' id='word_1_664' title='bbox 2899 4032 3070 4086; x_wconf 86' lang='lat' dir='ltr'><strong>Filius</strong></span> <span class='ocrx_word' id='word_1_665' title='bbox 3101 4030 3337 4099; x_wconf 75' lang='lat' dir='ltr'><strong>Spiritus</strong></span> <span class='ocrx_word' id='word_1_666' title='bbox 3368 4047 3495 4082; x_wconf 63' lang='lat' dir='ltr'><strong>san-</strong></span> 
     </span>
    </p>
   </div>
   <div class='ocr_carea' id='block_1_87' title="bbox 1927 4125 3494 4194">
    <p class='ocr_par' dir='ltr' id='par_1_87' title="bbox 1927 4125 3494 4194">
     <span class='ocr_line' id='line_1_87' title="bbox 1927 4125 3494 4194; baseline -0.006 -13"><span class='ocrx_word' id='word_1_667' title='bbox 1927 4127 2018 4190; x_wconf 88' lang='lat' dir='ltr'><strong>cti,</strong></span> <span class='ocrx_word' id='word_1_668' title='bbox 2040 4137 2094 4180; x_wconf 90' lang='lat' dir='ltr'><strong>et</strong></span> <span class='ocrx_word' id='word_1_669' title='bbox 2125 4127 2308 4180; x_wconf 89' lang='lat' dir='ltr'><strong>omnia</strong></span> <span class='ocrx_word' id='word_1_670' title='bbox 2336 4141 2457 4194; x_wconf 74' lang='lat' dir='ltr'><strong>qua:</strong></span> <span class='ocrx_word' id='word_1_671' title='bbox 2484 4125 2609 4179; x_wconf 85' lang='lat' dir='ltr'><strong>inde</strong></span> <span class='ocrx_word' id='word_1_672' title='bbox 2639 4133 2964 4192; x_wconf 87' lang='lat' dir='ltr'><strong>sequuntur,</strong></span> <span class='ocrx_word' id='word_1_673' title='bbox 2988 4137 3165 4190; x_wconf 90' lang='lat' dir='ltr'><strong>neque</strong></span> <span class='ocrx_word' id='word_1_674' title='bbox 3186 4130 3289 4181; x_wconf 91' lang='lat' dir='ltr'><strong>est,</strong></span> <span class='ocrx_word' id='word_1_675' title='bbox 3318 4136 3494 4189; x_wconf 89' lang='lat' dir='ltr'><strong>neque</strong></span> 
     </span>
    </p>
   </div>
   <div class='ocr_carea' id='block_1_88' title="bbox 1928 4213 3498 4283">
    <p class='ocr_par' dir='ltr' id='par_1_88' title="bbox 1928 4213 3498 4283">
     <span class='ocr_line' id='line_1_88' title="bbox 1928 4213 3498 4283; baseline -0.005 -13"><span class='ocrx_word' id='word_1_676' title='bbox 1928 4218 2151 4279; x_wconf 83' lang='lat' dir='ltr'><strong>dicitur,</strong></span> <span class='ocrx_word' id='word_1_677' title='bbox 2173 4231 2353 4282; x_wconf 87' lang='lat' dir='ltr'><strong>neque</strong></span> <span class='ocrx_word' id='word_1_678' title='bbox 2383 4217 2757 4283; x_wconf 83' lang='lat' dir='ltr'><strong>reciprocatur</strong></span> <span class='ocrx_word' id='word_1_679' title='bbox 2779 4213 3004 4266; x_wconf 81' lang='lat' dir='ltr'><strong>relativa</strong></span> <span class='ocrx_word' id='word_1_680' title='bbox 3034 4213 3134 4264; x_wconf 86' lang='lat' dir='ltr'><strong>ista</strong></span> <span class='ocrx_word' id='word_1_681' title='bbox 3156 4225 3498 4276; x_wconf 59' lang='lat' dir='ltr'><strong>consequen-</strong></span> 
     </span>
    </p>
   </div>
   <div class='ocr_carea' id='block_1_89' title="bbox 1930 4302 3496 4376">
    <p class='ocr_par' dir='ltr' id='par_1_89' title="bbox 1930 4302 3496 4376">
     <span class='ocr_line' id='line_1_89' title="bbox 1930 4302 3496 4376; baseline -0.005 -15"><span class='ocrx_word' id='word_1_682' title='bbox 1930 4307 2002 4362; x_wconf 72' lang='lat' dir='ltr'><strong>tia</strong></span> <span class='ocrx_word' id='word_1_683' title='bbox 2055 4306 2359 4360; x_wconf 82' lang='lat' dir='ltr'><strong>secundum</strong></span> <span class='ocrx_word' id='word_1_684' title='bbox 2419 4306 2723 4376; x_wconf 76' lang='lat' dir='ltr'><strong>Nyssenum</strong></span> <span class='ocrx_word' id='word_1_685' title='bbox 2777 4304 3099 4372; x_wconf 75' lang='lat' dir='ltr'><strong>Gregmium</strong></span> <span class='ocrx_word' id='word_1_686' title='bbox 3161 4302 3379 4354; x_wconf 90' lang='lat' dir='ltr'><strong>bomilia</strong></span> <span class='ocrx_word' id='word_1_687' title='bbox 3443 4303 3496 4353; x_wconf 91' lang='lat' dir='ltr'><strong>in</strong></span> 
     </span>
    </p>
   </div>
   <div class='ocr_carea' id='block_1_90' title="bbox 1933 4392 3499 4462">
    <p class='ocr_par' dir='ltr' id='par_1_90' title="bbox 1933 4392 3499 4462">
     <span class='ocr_line' id='line_1_90' title="bbox 1933 4392 3499 4462; baseline -0.005 -12"><span class='ocrx_word' id='word_1_688' title='bbox 1933 4398 2094 4450; x_wconf 86' lang='lat' dir='ltr'><strong>Pater</strong></span> <span class='ocrx_word' id='word_1_689' title='bbox 2129 4405 2326 4450; x_wconf 80' lang='lat' dir='ltr'><strong>noster.</strong></span> <span class='ocrx_word' id='word_1_690' title='bbox 2363 4395 2469 4449; x_wconf 88' lang='lat' dir='ltr'><strong>Sed</strong></span> <span class='ocrx_word' id='word_1_691' title='bbox 2503 4409 2680 4462; x_wconf 83' lang='lat' dir='ltr'><strong>mque</strong></span> <span class='ocrx_word' id='word_1_692' title='bbox 2716 4394 2892 4447; x_wconf 87' lang='lat' dir='ltr'><strong>Patris</strong></span> <span class='ocrx_word' id='word_1_693' title='bbox 2926 4392 3194 4456; x_wconf 78' lang='lat' dir='ltr'><strong>definitio,</strong></span> <span class='ocrx_word' id='word_1_694' title='bbox 3233 4392 3499 4444; x_wconf 81' lang='lat' dir='ltr'><strong>terminus</strong></span> 
     </span>
    </p>
   </div>
   <div class='ocr_carea' id='block_1_91' title="bbox 1931 4482 3500 4554">
    <p class='ocr_par' dir='ltr' id='par_1_91' title="bbox 1931 4482 3500 4554">
     <span class='ocr_line' id='line_1_91' title="bbox 1931 4482 3500 4554; baseline -0.007 -11"><span class='ocrx_word' id='word_1_695' title='bbox 1931 4499 1988 4544; x_wconf 93' lang='lat' dir='ltr'><strong>et</strong></span> <span class='ocrx_word' id='word_1_696' title='bbox 2039 4489 2297 4554; x_wconf 75' lang='lat' dir='ltr'><strong>Verbum,</strong></span> <span class='ocrx_word' id='word_1_697' title='bbox 2342 4502 2443 4539; x_wconf 89' lang='lat' dir='ltr'><strong>nec</strong></span> <span class='ocrx_word' id='word_1_698' title='bbox 2496 4486 2674 4554; x_wconf 78' lang='lat' dir='ltr'><strong>imago</strong></span> <span class='ocrx_word' id='word_1_699' title='bbox 2736 4484 3200 4537; x_wconf 86' lang='lat' dir='ltr'><strong>incommutabilis</strong></span> <span class='ocrx_word' id='word_1_700' title='bbox 3265 4482 3500 4549; x_wconf 76' lang='lat' dir='ltr'><strong>Spiritus</strong></span> 
     </span>
    </p>
   </div>
   <div class='ocr_carea' id='block_1_92' title="bbox 254 4563 1825 4647">
    <p class='ocr_par' dir='ltr' id='par_1_92' title="bbox 254 4574 1825 4647">
     <span class='ocr_line' id='line_1_92' title="bbox 254 4574 1825 4647; baseline 0.002 -19"><span class='ocrx_word' id='word_1_701' title='bbox 254 4574 386 4628; x_wconf 77' lang='grc' dir='ltr'>οὐδὲ</span> <span class='ocrx_word' id='word_1_702' title='bbox 422 4576 769 4646; x_wconf 77' lang='grc' dir='ltr'>ἀντιστρέφει</span> <span class='ocrx_word' id='word_1_703' title='bbox 828 4579 861 4646; x_wconf 83' lang='grc' dir='ltr'>ἠ</span> <span class='ocrx_word' id='word_1_704' title='bbox 922 4579 1143 4647; x_wconf 82' lang='grc' dir='ltr'>σχετικὴ</span> <span class='ocrx_word' id='word_1_705' title='bbox 1190 4579 1328 4647; x_wconf 73' lang='grc' dir='ltr'>αὕτη</span> <span class='ocrx_word' id='word_1_706' title='bbox 1369 4579 1660 4632; x_wconf 76' lang='grc' dir='ltr'>ἀκολουθία</span> <span class='ocrx_word' id='word_1_707' title='bbox 1689 4581 1825 4632; x_wconf 70' lang='grc' dir='ltr'>κατὰ</span> 
     </span>
    </p>
   </div>
   <div class='ocr_carea' id='block_1_93' title="bbox 1917 4563 3502 4647">
    <p class='ocr_par' dir='ltr' id='par_1_93' title="bbox 1931 4571 3502 4645">
     <span class='ocr_line' id='line_1_93' title="bbox 1931 4571 3502 4645; baseline -0.005 -14"><span class='ocrx_word' id='word_1_708' title='bbox 1931 4580 2152 4640; x_wconf 87' lang='lat' dir='ltr'><strong>dicitur,</strong></span> <span class='ocrx_word' id='word_1_709' title='bbox 2184 4576 2432 4645; x_wconf 74' lang='lat' dir='ltr'><strong>quamvis</strong></span> <span class='ocrx_word' id='word_1_710' title='bbox 2474 4590 2578 4627; x_wconf 91' lang='lat' dir='ltr'><strong>una</strong></span> <span class='ocrx_word' id='word_1_711' title='bbox 2612 4590 2736 4627; x_wconf 91' lang='lat' dir='ltr'><strong>cum</strong></span> <span class='ocrx_word' id='word_1_712' title='bbox 2777 4574 2956 4635; x_wconf 89' lang='lat' dir='ltr'><strong>Patre,</strong></span> <span class='ocrx_word' id='word_1_713' title='bbox 2987 4574 3232 4641; x_wconf 78' lang='lat' dir='ltr'><strong>Filioque</strong></span> <span class='ocrx_word' id='word_1_714' title='bbox 3279 4571 3502 4639; x_wconf 71' lang='lat' dir='ltr'><strong>congio--</strong></span> 
     </span>
    </p>
   </div>
   <div class='ocr_carea' id='block_1_94' title="bbox 254 4665 1834 4736">
    <p class='ocr_par' dir='ltr' id='par_1_94' title="bbox 254 4665 1834 4736">
     <span class='ocr_line' id='line_1_94' title="bbox 254 4665 1834 4736; baseline 0.001 -18"><span class='ocrx_word' id='word_1_715' title='bbox 254 4667 358 4718; x_wconf 82' lang='grc' dir='ltr'><strong>τὸν</strong></span> <span class='ocrx_word' id='word_1_716' title='bbox 387 4665 609 4732; x_wconf 81' lang='grc' dir='ltr'>Νύσσης</span> <span class='ocrx_word' id='word_1_717' title='bbox 661 4665 963 4736; x_wconf 77' lang='grc' dir='ltr'>Γρηγόριον</span> <span class='ocrx_word' id='word_1_718' title='bbox 1003 4669 1058 4719; x_wconf 86' lang='grc' dir='ltr'>ὲν</span> <span class='ocrx_word' id='word_1_719' title='bbox 1098 4669 1163 4736; x_wconf 82' lang='grc' dir='ltr'>τῇ</span> <span class='ocrx_word' id='word_1_720' title='bbox 1196 4667 1276 4729; x_wconf 87' lang='grc' dir='ltr'><strong>είς</strong></span> <span class='ocrx_word' id='word_1_721' title='bbox 1325 4666 1388 4719; x_wconf 92' lang='lat'><strong>:6</strong></span> <span class='ocrx_word' id='word_1_722' title='bbox 1435 4667 1626 4736; x_wconf 80' lang='grc' dir='ltr'>Πάτερ</span> <span class='ocrx_word' id='word_1_723' title='bbox 1664 4665 1834 4736; x_wconf 74' lang='grc' dir='ltr'>ἡμῶν</span> 
     </span>
    </p>
   </div>
   <div class='ocr_carea' id='block_1_95' title="bbox 1941 4662 3071 4728">
    <p class='ocr_par' dir='ltr' id='par_1_95' title="bbox 1941 4662 3071 4728">
     <span class='ocr_line' id='line_1_95' title="bbox 1941 4662 3071 4728; baseline -0.005 -8"><span class='ocrx_word' id='word_1_724' title='bbox 1941 4670 2206 4728; x_wconf 79' lang='lat' dir='ltr'><strong>rilicetur,</strong></span> <span class='ocrx_word' id='word_1_725' title='bbox 2238 4675 2292 4719; x_wconf 87' lang='lat' dir='ltr'><strong>ct</strong></span> <span class='ocrx_word' id='word_1_726' title='bbox 2320 4664 2799 4718; x_wconf 80' lang='lat' dir='ltr'><strong>consubstantialis</strong></span> <span class='ocrx_word' id='word_1_727' title='bbox 2827 4662 3071 4714; x_wconf 58' lang='lat' dir='ltr'><strong>exsistat.</strong></span> 
     </span>
    </p>
   </div>
   <div class='ocr_carea' id='block_1_96' title="bbox 257 4751 3503 4826">
    <p class='ocr_par' dir='ltr' id='par_1_96' title="bbox 257 4751 3503 4826">
     <span class='ocr_line' id='line_1_96' title="bbox 257 4751 3503 4826; baseline -0 -20"><span class='ocrx_word' id='word_1_728' title='bbox 257 4756 470 4826; x_wconf 72' lang='grc' dir='ltr'>ὁμιλίᾳ.</span> <span class='ocrx_word' id='word_1_729' title='bbox 495 4755 629 4808; x_wconf 74' lang='grc' dir='ltr'>Οὐδὲ</span> <span class='ocrx_word' id='word_1_730' title='bbox 671 4771 736 4821; x_wconf 83' lang='grc' dir='ltr'><strong>γε</strong></span> <span class='ocrx_word' id='word_1_731' title='bbox 792 4755 900 4824; x_wconf 88' lang='grc' dir='ltr'><strong>μὴν</strong></span> <span class='ocrx_word' id='word_1_732' title='bbox 941 4755 1036 4810; x_wconf 86' lang='grc' dir='ltr'><strong>τοῦ</strong></span> <span class='ocrx_word' id='word_1_733' title='bbox 1074 4757 1286 4826; x_wconf 79' lang='grc' dir='ltr'>Πατρὺς</span> <span class='ocrx_word' id='word_1_734' title='bbox 1334 4758 1458 4825; x_wconf 85' lang='grc' dir='ltr'>ὅρος</span> <span class='ocrx_word' id='word_1_735' title='bbox 1501 4758 1596 4810; x_wconf 79' lang='grc' dir='ltr'><strong>καὶ</strong></span> <span class='ocrx_word' id='word_1_736' title='bbox 1642 4759 1820 4826; x_wconf 81' lang='grc' dir='ltr'>λόγος,</span> <span class='ocrx_word' id='word_1_737' title='bbox 1858 4757 1966 4809; x_wconf 72' lang='grc' dir='ltr'>οὐδ’</span> <span class='ocrx_word' id='word_1_738' title='bbox 1995 4757 2160 4810; x_wconf 77' lang='grc' dir='ltr'>εἰκὼν</span> <span class='ocrx_word' id='word_1_739' title='bbox 2189 4756 2607 4826; x_wconf 80' lang='grc' dir='ltr'>ἀπαράλλακτος</span> <span class='ocrx_word' id='word_1_740' title='bbox 2636 4755 2696 4807; x_wconf 89' lang='lat'><strong>:6</strong></span> <span class='ocrx_word' id='word_1_741' title='bbox 2755 4752 2977 4822; x_wconf 75' lang='grc' dir='ltr'>Πνεῦμα</span> <span class='ocrx_word' id='word_1_742' title='bbox 3038 4751 3278 4819; x_wconf 78' lang='grc' dir='ltr'>λέγεται,</span> <span class='ocrx_word' id='word_1_743' title='bbox 3327 4753 3503 4805; x_wconf 72' lang='grc' dir='ltr'>καίτοι</span> 
     </span>
    </p>
   </div>
   <div class='ocr_carea' id='block_1_97' title="bbox 255 4846 2130 4918">
    <p class='ocr_par' dir='ltr' id='par_1_97' title="bbox 255 4846 2130 4918">
     <span class='ocr_line' id='line_1_97' title="bbox 255 4846 2130 4918; baseline 0.001 -18"><span class='ocrx_word' id='word_1_744' title='bbox 255 4848 342 4916; x_wconf 80' lang='grc' dir='ltr'>τῷ</span> <span class='ocrx_word' id='word_1_745' title='bbox 375 4847 547 4914; x_wconf 71' lang='grc' dir='ltr'>Πατρὶ</span> <span class='ocrx_word' id='word_1_746' title='bbox 568 4847 661 4899; x_wconf 67' lang='grc' dir='ltr'><strong>κοιλ⁵</strong></span> <span class='ocrx_word' id='word_1_747' title='bbox 686 4846 765 4917; x_wconf 83' lang='grc' dir='ltr'><strong>τῷ</strong></span> <span class='ocrx_word' id='word_1_748' title='bbox 791 4846 906 4915; x_wconf 81' lang='grc' dir='ltr'><strong>Υἱῷ</strong></span> <span class='ocrx_word' id='word_1_749' title='bbox 932 4848 1388 4916; x_wconf 76' lang='grc' dir='ltr'>συνδοξαζόμενον</span> <span class='ocrx_word' id='word_1_750' title='bbox 1417 4850 1510 4900; x_wconf 72' lang='grc' dir='ltr'>καὶ</span> <span class='ocrx_word' id='word_1_751' title='bbox 1537 4849 1824 4916; x_wconf 84' lang='grc' dir='ltr'>ὀμοούσιον</span> <span class='ocrx_word' id='word_1_752' title='bbox 1864 4848 2130 4918; x_wconf 81' lang='grc' dir='ltr'>ὑπάρχον.</span> 
     </span>
    </p>
   </div>
   <div class='ocr_carea' id='block_1_98' title="bbox 351 4937 1842 5007">
    <p class='ocr_par' dir='ltr' id='par_1_98' title="bbox 351 4937 1842 5007">
     <span class='ocr_line' id='line_1_98' title="bbox 351 4937 1842 5007; baseline -0.001 -16"><span class='ocrx_word' id='word_1_753' title='bbox 351 4939 513 4991; x_wconf 79' lang='grc' dir='ltr'>Ἀλλά</span> <span class='ocrx_word' id='word_1_754' title='bbox 567 4940 672 5007; x_wconf 78' lang='grc' dir='ltr'><strong>μὴν</strong></span> <span class='ocrx_word' id='word_1_755' title='bbox 730 4937 852 4990; x_wconf 74' lang='grc' dir='ltr'>οὐδὲ</span> <span class='ocrx_word' id='word_1_756' title='bbox 897 4938 1041 4992; x_wconf 82' lang='grc' dir='ltr'>τοῦτ’</span> <span class='ocrx_word' id='word_1_757' title='bbox 1094 4939 1362 5006; x_wconf 79' lang='grc' dir='ltr'>εὔλογον,</span> <span class='ocrx_word' id='word_1_758' title='bbox 1426 4940 1519 4992; x_wconf 84' lang='grc' dir='ltr'><strong>τοῦ</strong></span> <span class='ocrx_word' id='word_1_759' title='bbox 1587 4940 1718 4992; x_wconf 82' lang='grc' dir='ltr'>Υίοῦ</span> <span class='ocrx_word' id='word_1_760' title='bbox 1782 4941 1842 4991; x_wconf 85' lang='lat'><strong>:6</strong></span> 
     </span>
    </p>
   </div>
   <div class='ocr_carea' id='block_1_99' title="bbox 262 5029 1834 5101">
    <p class='ocr_par' dir='ltr' id='par_1_99' title="bbox 262 5029 1834 5101">
     <span class='ocr_line' id='line_1_99' title="bbox 262 5029 1834 5101; baseline 0 -17"><span class='ocrx_word' id='word_1_761' title='bbox 262 5029 494 5098; x_wconf 76' lang='grc' dir='ltr'>Πνεῦμα</span> <span class='ocrx_word' id='word_1_762' title='bbox 517 5031 612 5082; x_wconf 76' lang='grc' dir='ltr'><strong>καὶ</strong></span> <span class='ocrx_word' id='word_1_763' title='bbox 639 5030 810 5082; x_wconf 87' lang='grc' dir='ltr'>ταῦτα</span> <span class='ocrx_word' id='word_1_764' title='bbox 850 5031 1026 5083; x_wconf 84' lang='grc' dir='ltr'>πάντα</span> <span class='ocrx_word' id='word_1_765' title='bbox 1052 5031 1284 5097; x_wconf 77' lang='grc' dir='ltr'>φάσκειν</span> <span class='ocrx_word' id='word_1_766' title='bbox 1315 5031 1566 5098; x_wconf 82' lang='grc' dir='ltr'>λέγεσθαι</span> <span class='ocrx_word' id='word_1_767' title='bbox 1599 5032 1688 5084; x_wconf 77' lang='grc' dir='ltr'>διὰ</span> <span class='ocrx_word' id='word_1_768' title='bbox 1735 5033 1834 5101; x_wconf 81' lang='grc' dir='ltr'>τὴν</span> 
     </span>
    </p>
   </div>
   <div class='ocr_carea' id='block_1_100' title="bbox 259 5121 1840 5202">
    <p class='ocr_par' dir='ltr' id='par_1_100' title="bbox 259 5121 1840 5202">
     <span class='ocr_line' id='line_1_100' title="bbox 259 5121 1840 5202; baseline -0.001 -25"><span class='ocrx_word' id='word_1_769' title='bbox 259 5123 678 5192; x_wconf 85' lang='grc' dir='ltr'>όμοουσιότητα.</span> <span class='ocrx_word' id='word_1_770' title='bbox 735 5122 957 5191; x_wconf 86' lang='grc' dir='ltr'>Πρῶτον</span> <span class='ocrx_word' id='word_1_771' title='bbox 1015 5123 1252 5202; x_wconf 40' lang='grc' dir='ltr'>μὲνσότι</span> <span class='ocrx_word' id='word_1_772' title='bbox 1298 5121 1366 5174; x_wconf 77' lang='grc' dir='ltr'><strong>τά</strong></span> <span class='ocrx_word' id='word_1_773' title='bbox 1395 5122 1658 5189; x_wconf 79' lang='grc' dir='ltr'>ὁμοούσια</span> <span class='ocrx_word' id='word_1_774' title='bbox 1704 5125 1840 5191; x_wconf 78' lang='grc' dir='ltr'>πρὸς</span> 
     </span>
    </p>
   </div>
   <div class='ocr_carea' id='block_1_101' title="bbox 261 5213 1840 5284">
    <p class='ocr_par' dir='ltr' id='par_1_101' title="bbox 261 5213 1840 5284">
     <span class='ocr_line' id='line_1_101' title="bbox 261 5213 1840 5284; baseline -0.001 -16"><span class='ocrx_word' id='word_1_775' title='bbox 261 5213 474 5281; x_wconf 83' lang='grc' dir='ltr'>ἄλληλα</span> <span class='ocrx_word' id='word_1_776' title='bbox 502 5213 867 5284; x_wconf 79' lang='grc' dir='ltr'>ἀντιστρέφει,</span> <span class='ocrx_word' id='word_1_777' title='bbox 903 5213 1075 5267; x_wconf 86' lang='grc' dir='ltr'>ταῦτα</span> <span class='ocrx_word' id='word_1_778' title='bbox 1105 5213 1160 5265; x_wconf 80' lang='grc' dir='ltr'>δὲ</span> <span class='ocrx_word' id='word_1_779' title='bbox 1187 5213 1436 5282; x_wconf 78' lang='grc' dir='ltr'>οὐδαμῶς</span> <span class='ocrx_word' id='word_1_780' title='bbox 1459 5231 1471 5244; x_wconf 81' lang='grc'><em>’</em></span> <span class='ocrx_word' id='word_1_781' title='bbox 1507 5214 1699 5268; x_wconf 75' lang='grc' dir='ltr'>ἔπειτα</span> <span class='ocrx_word' id='word_1_782' title='bbox 1746 5216 1840 5266; x_wconf 74' lang='grc' dir='ltr'>ού-</span> 
     </span>
    </p>
   </div>
   <div class='ocr_carea' id='block_1_102' title="bbox 261 5302 1834 5375">
    <p class='ocr_par' dir='ltr' id='par_1_102' title="bbox 261 5302 1834 5375">
     <span class='ocr_line' id='line_1_102' title="bbox 261 5302 1834 5375; baseline 0 -18"><span class='ocrx_word' id='word_1_783' title='bbox 261 5304 324 5357; x_wconf 53' lang='lat'><em>6}:</em></span> <span class='ocrx_word' id='word_1_784' title='bbox 361 5305 497 5356; x_wconf 72' lang='grc' dir='ltr'>κατὰ</span> <span class='ocrx_word' id='word_1_785' title='bbox 527 5305 624 5375; x_wconf 82' lang='grc' dir='ltr'>τὴν</span> <span class='ocrx_word' id='word_1_786' title='bbox 649 5305 836 5356; x_wconf 79' lang='grc' dir='ltr'>οὐσίαν</span> <span class='ocrx_word' id='word_1_787' title='bbox 876 5302 1045 5356; x_wconf 84' lang='grc' dir='ltr'>ταῦτα</span> <span class='ocrx_word' id='word_1_788' title='bbox 1068 5304 1308 5370; x_wconf 76' lang='grc' dir='ltr'>λέγεται.</span> <span class='ocrx_word' id='word_1_789' title='bbox 1357 5304 1470 5356; x_wconf 78' lang='grc' dir='ltr'>Μία</span> <span class='ocrx_word' id='word_1_790' title='bbox 1500 5304 1608 5372; x_wconf 77' lang='grc' dir='ltr'><strong>γὰρ</strong></span> <span class='ocrx_word' id='word_1_791' title='bbox 1636 5306 1666 5372; x_wconf 83' lang='grc' dir='ltr'><strong>ἠ</strong></span> <span class='ocrx_word' id='word_1_792' title='bbox 1698 5306 1834 5375; x_wconf 76' lang='grc' dir='ltr'>αὐτή</span> 
     </span>
    </p>
   </div>
   <div class='ocr_carea' id='block_1_103' title="bbox 262 5395 1830 5463">
    <p class='ocr_par' dir='ltr' id='par_1_103' title="bbox 262 5395 1830 5463">
     <span class='ocr_line' id='line_1_103' title="bbox 262 5395 1830 5463; baseline -0.001 -15"><span class='ocrx_word' id='word_1_793' title='bbox 262 5399 420 5448; x_wconf 84' lang='grc' dir='ltr'>ἐστιν</span> <span class='ocrx_word' id='word_1_794' title='bbox 446 5396 622 5460; x_wconf 68' lang='grc' dir='ltr'>οὐσία,</span> <span class='ocrx_word' id='word_1_795' title='bbox 647 5400 741 5449; x_wconf 82' lang='grc' dir='ltr'>καὶ</span> <span class='ocrx_word' id='word_1_796' title='bbox 763 5397 822 5448; x_wconf 76' lang='grc' dir='ltr'><strong>ού</strong></span> <span class='ocrx_word' id='word_1_797' title='bbox 852 5395 970 5447; x_wconf 82' lang='grc' dir='ltr'>τόδε</span> <span class='ocrx_word' id='word_1_798' title='bbox 997 5395 1149 5447; x_wconf 85' lang='grc' dir='ltr'>τοῦδε</span> <span class='ocrx_word' id='word_1_799' title='bbox 1181 5397 1322 5447; x_wconf 72' lang='grc' dir='ltr'>κατὰ</span> <span class='ocrx_word' id='word_1_800' title='bbox 1351 5395 1550 5463; x_wconf 76' lang='grc' dir='ltr'>ταύτην</span> <span class='ocrx_word' id='word_1_801' title='bbox 1579 5396 1799 5462; x_wconf 74' lang='grc' dir='ltr'>λέγεται</span> <span class='ocrx_word' id='word_1_802' title='bbox 1819 5415 1830 5428; x_wconf 88' lang='grc'><strong>·</strong></span> 
     </span>
    </p>
   </div>
   <div class='ocr_carea' id='block_1_104' title="bbox 262 5483 1838 5558">
    <p class='ocr_par' dir='ltr' id='par_1_104' title="bbox 262 5483 1838 5558">
     <span class='ocr_line' id='line_1_104' title="bbox 262 5483 1838 5558; baseline -0.002 -17"><span class='ocrx_word' id='word_1_803' title='bbox 262 5487 446 5550; x_wconf 73' lang='grc' dir='ltr'>ἄλλως</span> <span class='ocrx_word' id='word_1_804' title='bbox 471 5487 575 5558; x_wconf 81' lang='grc' dir='ltr'><strong>γάρ</strong></span> <span class='ocrx_word' id='word_1_805' title='bbox 593 5491 738 5555; x_wconf 78' lang='grc' dir='ltr'>τρεῖς</span> <span class='ocrx_word' id='word_1_806' title='bbox 761 5487 827 5540; x_wconf 85' lang='grc' dir='ltr'>ἂν</span> <span class='ocrx_word' id='word_1_807' title='bbox 869 5483 1007 5557; x_wconf 86' lang='grc' dir='ltr'>ἦσαν</span> <span class='ocrx_word' id='word_1_808' title='bbox 1028 5487 1203 5539; x_wconf 84' lang='grc' dir='ltr'>οὐσίαι</span> <span class='ocrx_word' id='word_1_809' title='bbox 1243 5487 1638 5552; x_wconf 73' lang='grc' dir='ltr'>ἀπολελυμέναι</span> <span class='ocrx_word' id='word_1_810' title='bbox 1678 5488 1838 5556; x_wconf 77' lang='grc' dir='ltr'>άλλήο</span> 
     </span>
    </p>
   </div>
   <div class='ocr_carea' id='block_1_105' title="bbox 264 5577 1836 5648">
    <p class='ocr_par' dir='ltr' id='par_1_105' title="bbox 264 5577 1836 5648">
     <span class='ocr_line' id='line_1_105' title="bbox 264 5577 1836 5648; baseline -0.005 -18"><span class='ocrx_word' id='word_1_811' title='bbox 264 5582 399 5642; x_wconf 85' lang='grc' dir='ltr'>λων,</span> <span class='ocrx_word' id='word_1_812' title='bbox 417 5579 537 5630; x_wconf 68' lang='grc' dir='ltr'>οὐδὲ</span> <span class='ocrx_word' id='word_1_813' title='bbox 572 5579 707 5630; x_wconf 79' lang='grc' dir='ltr'>καθὸ</span> <span class='ocrx_word' id='word_1_814' title='bbox 727 5578 982 5648; x_wconf 86' lang='grc' dir='ltr'>ὁμοούσια</span> <span class='ocrx_word' id='word_1_815' title='bbox 1009 5578 1142 5648; x_wconf 83' lang='grc' dir='ltr'>πρὸς</span> <span class='ocrx_word' id='word_1_816' title='bbox 1167 5577 1369 5648; x_wconf 74' lang='grc' dir='ltr'>ἄλληλα</span> <span class='ocrx_word' id='word_1_817' title='bbox 1396 5578 1660 5646; x_wconf 71' lang='grc' dir='ltr'>λεγονιαι.</span> <span class='ocrx_word' id='word_1_818' title='bbox 1683 5580 1836 5630; x_wconf 63' lang='grc' dir='ltr'><strong>Κατά</strong></span> 
     </span>
    </p>
   </div>
   <div class='ocr_carea' id='block_1_106' title="bbox 344 5716 1840 5786">
    <p class='ocr_par' dir='ltr' id='par_1_106' title="bbox 344 5716 1840 5786">
     <span class='ocr_line' id='line_1_106' title="bbox 344 5716 1840 5786; baseline 0.001 -16"><span class='ocrx_word' id='word_1_819' title='bbox 344 5719 423 5784; x_wconf 73' lang='grc'><strong>(4)</strong></span> <span class='ocrx_word' id='word_1_820' title='bbox 453 5716 627 5772; x_wconf 88' lang='lat' dir='ltr'><strong>Locus</strong></span> <span class='ocrx_word' id='word_1_821' title='bbox 646 5717 874 5786; x_wconf 84' lang='lat' dir='ltr'><strong>Nysseni</strong></span> <span class='ocrx_word' id='word_1_822' title='bbox 894 5731 1056 5784; x_wconf 88' lang='lat' dir='ltr'><strong>quem</strong></span> <span class='ocrx_word' id='word_1_823' title='bbox 1081 5718 1215 5773; x_wconf 89' lang='lat' dir='ltr'><strong>citat</strong></span> <span class='ocrx_word' id='word_1_824' title='bbox 1239 5719 1544 5773; x_wconf 84' lang='lat' dir='ltr'><strong>Demetrius</strong></span> <span class='ocrx_word' id='word_1_825' title='bbox 1570 5722 1840 5786; x_wconf 78' lang='lat' dir='ltr'><strong>reperitur</strong></span> 
     </span>
    </p>
   </div>
   <div class='ocr_carea' id='block_1_107' title="bbox 269 5788 1841 5856">
    <p class='ocr_par' dir='ltr' id='par_1_107' title="bbox 269 5788 1841 5856">
     <span class='ocr_line' id='line_1_107' title="bbox 269 5788 1841 5856; baseline 0 -12"><span class='ocrx_word' id='word_1_826' title='bbox 269 5791 326 5844; x_wconf 89' lang='lat' dir='ltr'><strong>in</strong></span> <span class='ocrx_word' id='word_1_827' title='bbox 358 5789 608 5841; x_wconf 87' lang='lat' dir='ltr'><strong>oratione</strong></span> <span class='ocrx_word' id='word_1_828' title='bbox 645 5788 714 5841; x_wconf 83' lang='lat' dir='ltr'><strong>ad</strong></span> <span class='ocrx_word' id='word_1_829' title='bbox 766 5788 1077 5849; x_wconf 84' lang='lat' dir='ltr'><strong>Ablabium,</strong></span> <span class='ocrx_word' id='word_1_830' title='bbox 1111 5803 1232 5856; x_wconf 80' lang='lat' dir='ltr'><strong>qua:</strong></span> <span class='ocrx_word' id='word_1_831' title='bbox 1279 5804 1386 5840; x_wconf 88' lang='lat' dir='ltr'><strong>non</strong></span> <span class='ocrx_word' id='word_1_832' title='bbox 1443 5800 1526 5842; x_wconf 89' lang='lat' dir='ltr'><strong>est</strong></span> <span class='ocrx_word' id='word_1_833' title='bbox 1579 5792 1718 5856; x_wconf 66' lang='lat' dir='ltr'><strong>typis</strong></span> <span class='ocrx_word' id='word_1_834' title='bbox 1747 5807 1841 5843; x_wconf 82' lang='lat' dir='ltr'><strong>cx-</strong></span> 
     </span>
    </p>
   </div>
   <div class='ocr_carea' id='block_1_108' title="bbox 269 5858 1824 5927">
    <p class='ocr_par' dir='ltr' id='par_1_108' title="bbox 269 5858 1824 5927">
     <span class='ocr_line' id='line_1_108' title="bbox 269 5858 1824 5927; baseline 0 -13"><span class='ocrx_word' id='word_1_835' title='bbox 269 5872 435 5914; x_wconf 80' lang='lat' dir='ltr'><strong>cussa</strong></span> <span class='ocrx_word' id='word_1_836' title='bbox 477 5873 598 5911; x_wconf 86' lang='lat' dir='ltr'><strong>eum</strong></span> <span class='ocrx_word' id='word_1_837' title='bbox 627 5858 748 5912; x_wconf 83' lang='lat' dir='ltr'><strong>aliis</strong></span> <span class='ocrx_word' id='word_1_838' title='bbox 778 5859 895 5927; x_wconf 74' lang='lat' dir='ltr'><strong>ejus</strong></span> <span class='ocrx_word' id='word_1_839' title='bbox 931 5859 1211 5926; x_wconf 80' lang='lat' dir='ltr'><strong>Operibus,</strong></span> <span class='ocrx_word' id='word_1_840' title='bbox 1241 5871 1293 5912; x_wconf 77' lang='lat' dir='ltr'><strong>et</strong></span> <span class='ocrx_word' id='word_1_841' title='bbox 1323 5869 1495 5912; x_wconf 72' lang='lat' dir='ltr'><strong>exstat</strong></span> <span class='ocrx_word' id='word_1_842' title='bbox 1552 5859 1603 5912; x_wconf 80' lang='lat' dir='ltr'><strong>iu</strong></span> <span class='ocrx_word' id='word_1_843' title='bbox 1632 5861 1824 5914; x_wconf 50' lang='lat' dir='ltr'><strong>bibim-</strong></span> 
     </span>
    </p>
   </div>
   <div class='ocr_carea' id='block_1_109' title="bbox 2011 4940 3503 5009">
    <p class='ocr_par' dir='ltr' id='par_1_109' title="bbox 2011 4940 3503 5009">
     <span class='ocr_line' id='line_1_109' title="bbox 2011 4940 3503 5009; baseline -0.004 -15"><span class='ocrx_word' id='word_1_844' title='bbox 2011 4941 2116 4994; x_wconf 85' lang='lat' dir='ltr'><strong>Sed</strong></span> <span class='ocrx_word' id='word_1_845' title='bbox 2145 4955 2319 5009; x_wconf 87' lang='lat' dir='ltr'><strong>neque</strong></span> <span class='ocrx_word' id='word_1_846' title='bbox 2377 4940 2574 4992; x_wconf 90' lang='lat' dir='ltr'><strong>rationi</strong></span> <span class='ocrx_word' id='word_1_847' title='bbox 2631 4947 3055 4991; x_wconf 87' lang='lat' dir='ltr'><strong>consentaneum</strong></span> <span class='ocrx_word' id='word_1_848' title='bbox 3092 4947 3196 4998; x_wconf 87' lang='lat' dir='ltr'><strong>est,</strong></span> <span class='ocrx_word' id='word_1_849' title='bbox 3251 4952 3503 4990; x_wconf 79' lang='lat' dir='ltr'><strong>asserere</strong></span> 
     </span>
    </p>
   </div>
   <div class='ocr_carea' id='block_1_110' title="bbox 1939 5030 3496 5100">
    <p class='ocr_par' dir='ltr' id='par_1_110' title="bbox 1939 5030 3496 5100">
     <span class='ocr_line' id='line_1_110' title="bbox 1939 5030 3496 5100; baseline -0.004 -15"><span class='ocrx_word' id='word_1_850' title='bbox 1939 5031 2060 5085; x_wconf 87' lang='lat' dir='ltr'><strong>Filii</strong></span> <span class='ocrx_word' id='word_1_851' title='bbox 2086 5033 2371 5100; x_wconf 86' lang='lat' dir='ltr'><strong>Spiritum.</strong></span> <span class='ocrx_word' id='word_1_852' title='bbox 2402 5042 2458 5084; x_wconf 91' lang='lat' dir='ltr'><strong>et</strong></span> <span class='ocrx_word' id='word_1_853' title='bbox 2488 5033 2602 5084; x_wconf 72' lang='lat' dir='ltr'><strong>[nec</strong></span> <span class='ocrx_word' id='word_1_854' title='bbox 2629 5034 2813 5084; x_wconf 88' lang='lat' dir='ltr'><strong>omnia</strong></span> <span class='ocrx_word' id='word_1_855' title='bbox 2841 5030 2948 5082; x_wconf 90' lang='lat' dir='ltr'><strong>dici</strong></span> <span class='ocrx_word' id='word_1_856' title='bbox 2989 5040 3212 5096; x_wconf 86' lang='lat' dir='ltr'><strong>propter</strong></span> <span class='ocrx_word' id='word_1_857' title='bbox 3241 5031 3496 5080; x_wconf 82' lang='lat' dir='ltr'><strong>consub—</strong></span> 
     </span>
    </p>
   </div>
   <div class='ocr_carea' id='block_1_111' title="bbox 1939 5120 3503 5189">
    <p class='ocr_par' dir='ltr' id='par_1_111' title="bbox 1939 5120 3503 5189">
     <span class='ocr_line' id='line_1_111' title="bbox 1939 5120 3503 5189; baseline -0.004 -11"><span class='ocrx_word' id='word_1_858' title='bbox 1939 5124 2370 5178; x_wconf 83' lang='lat' dir='ltr'><strong>stantialitatem.</strong></span> <span class='ocrx_word' id='word_1_859' title='bbox 2406 5124 2646 5176; x_wconf 81' lang='lat' dir='ltr'><strong>Prinium</strong></span> <span class='ocrx_word' id='word_1_860' title='bbox 2680 5121 2926 5189; x_wconf 85' lang='lat' dir='ltr'><strong>quidem,</strong></span> <span class='ocrx_word' id='word_1_861' title='bbox 2957 5120 3104 5188; x_wconf 87' lang='lat' dir='ltr'><strong>quod</strong></span> <span class='ocrx_word' id='word_1_862' title='bbox 3139 5120 3503 5172; x_wconf 74' lang='lat' dir='ltr'><strong>consubstan-</strong></span> 
     </span>
    </p>
   </div>
   <div class='ocr_carea' id='block_1_112' title="bbox 1940 5209 3502 5282">
    <p class='ocr_par' dir='ltr' id='par_1_112' title="bbox 1940 5209 3502 5282">
     <span class='ocr_line' id='line_1_112' title="bbox 1940 5209 3502 5282; baseline -0.005 -14"><span class='ocrx_word' id='word_1_863' title='bbox 1940 5215 2086 5268; x_wconf 81' lang='lat' dir='ltr'><strong>tialia</strong></span> <span class='ocrx_word' id='word_1_864' title='bbox 2120 5215 2262 5267; x_wconf 91' lang='lat' dir='ltr'><strong>inter</strong></span> <span class='ocrx_word' id='word_1_865' title='bbox 2294 5230 2351 5267; x_wconf 90' lang='lat' dir='ltr'><strong>se</strong></span> <span class='ocrx_word' id='word_1_866' title='bbox 2395 5216 2828 5282; x_wconf 85' lang='lat' dir='ltr'><strong>reciprocantur,</strong></span> <span class='ocrx_word' id='word_1_867' title='bbox 2880 5211 2993 5264; x_wconf 67' lang='lat' dir='ltr'><strong>hate.</strong></span> <span class='ocrx_word' id='word_1_868' title='bbox 3027 5225 3158 5263; x_wconf 85' lang='lat' dir='ltr'><strong>vero</strong></span> <span class='ocrx_word' id='word_1_869' title='bbox 3203 5209 3352 5262; x_wconf 89' lang='lat' dir='ltr'><strong>nullo</strong></span> <span class='ocrx_word' id='word_1_870' title='bbox 3385 5225 3502 5260; x_wconf 80' lang='lat' dir='ltr'><strong>nn:-</strong></span> 
     </span>
    </p>
   </div>
   <div class='ocr_carea' id='block_1_113' title="bbox 1943 5301 3504 5372">
    <p class='ocr_par' dir='ltr' id='par_1_113' title="bbox 1943 5301 3504 5372">
     <span class='ocr_line' id='line_1_113' title="bbox 1943 5301 3504 5372; baseline -0.003 -15"><span class='ocrx_word' id='word_1_871' title='bbox 1943 5306 2032 5357; x_wconf 92' lang='lat' dir='ltr'><strong>do.</strong></span> <span class='ocrx_word' id='word_1_872' title='bbox 2085 5306 2288 5358; x_wconf 85' lang='lat' dir='ltr'><strong>Deinde</strong></span> <span class='ocrx_word' id='word_1_873' title='bbox 2360 5322 2537 5372; x_wconf 87' lang='lat' dir='ltr'><strong>neque</strong></span> <span class='ocrx_word' id='word_1_874' title='bbox 2606 5303 2910 5356; x_wconf 87' lang='lat' dir='ltr'><strong>secundum</strong></span> <span class='ocrx_word' id='word_1_875' title='bbox 2960 5301 3320 5355; x_wconf 79' lang='lat' dir='ltr'><strong>substantiam</strong></span> <span class='ocrx_word' id='word_1_876' title='bbox 3391 5301 3504 5352; x_wconf 66' lang='lat' dir='ltr'><strong>haec</strong></span> 
     </span>
    </p>
   </div>
   <div class='ocr_carea' id='block_1_114' title="bbox 1943 5393 3502 5460">
    <p class='ocr_par' dir='ltr' id='par_1_114' title="bbox 1943 5393 3502 5460">
     <span class='ocr_line' id='line_1_114' title="bbox 1943 5393 3502 5460; baseline -0.004 -12"><span class='ocrx_word' id='word_1_877' title='bbox 1943 5397 2236 5460; x_wconf 77' lang='lat' dir='ltr'><strong>dicuntur;</strong></span> <span class='ocrx_word' id='word_1_878' title='bbox 2279 5412 2383 5448; x_wconf 87' lang='lat' dir='ltr'><strong>una</strong></span> <span class='ocrx_word' id='word_1_879' title='bbox 2414 5397 2559 5448; x_wconf 86' lang='lat' dir='ltr'><strong>enim</strong></span> <span class='ocrx_word' id='word_1_880' title='bbox 2599 5394 2792 5446; x_wconf 88' lang='lat' dir='ltr'><strong>eadem</strong></span> <span class='ocrx_word' id='word_1_881' title='bbox 2825 5400 2908 5444; x_wconf 88' lang='lat' dir='ltr'><strong>est</strong></span> <span class='ocrx_word' id='word_1_882' title='bbox 2941 5393 3268 5447; x_wconf 80' lang='lat' dir='ltr'><strong>substantia.</strong></span> <span class='ocrx_word' id='word_1_883' title='bbox 3300 5401 3354 5441; x_wconf 87' lang='lat' dir='ltr'><strong>ct</strong></span> <span class='ocrx_word' id='word_1_884' title='bbox 3394 5405 3502 5442; x_wconf 80' lang='lat' dir='ltr'><em>n:.~::</em></span> 
     </span>
    </p>
   </div>
   <div class='ocr_carea' id='block_1_115' title="bbox 1943 5480 3505 5554">
    <p class='ocr_par' dir='ltr' id='par_1_115' title="bbox 1943 5480 3505 5554">
     <span class='ocr_line' id='line_1_115' title="bbox 1943 5480 3505 5554; baseline -0.008 -13"><span class='ocrx_word' id='word_1_885' title='bbox 1943 5489 2048 5541; x_wconf 89' lang='lat' dir='ltr'><strong>hoc</strong></span> <span class='ocrx_word' id='word_1_886' title='bbox 2083 5488 2245 5554; x_wconf 71' lang='lat' dir='ltr'><strong>hujus</strong></span> <span class='ocrx_word' id='word_1_887' title='bbox 2295 5487 2594 5540; x_wconf 86' lang='lat' dir='ltr'><strong>secundum</strong></span> <span class='ocrx_word' id='word_1_888' title='bbox 2637 5500 2754 5538; x_wconf 84' lang='lat' dir='ltr'><strong>eam</strong></span> <span class='ocrx_word' id='word_1_889' title='bbox 2821 5483 3043 5548; x_wconf 82' lang='lat' dir='ltr'><strong>dicitur,</strong></span> <span class='ocrx_word' id='word_1_890' title='bbox 3111 5480 3349 5547; x_wconf 72' lang='lat' dir='ltr'><strong>alioquin</strong></span> <span class='ocrx_word' id='word_1_891' title='bbox 3395 5490 3505 5530; x_wconf 63' lang='lat' dir='ltr'><strong>tres</strong></span> 
     </span>
    </p>
   </div>
   <div class='ocr_carea' id='block_1_116' title="bbox 1943 5571 3504 5635">
    <p class='ocr_par' dir='ltr' id='par_1_116' title="bbox 1943 5571 3504 5635">
     <span class='ocr_line' id='line_1_116' title="bbox 1943 5571 3504 5635; baseline -0.004 -3"><span class='ocrx_word' id='word_1_892' title='bbox 1943 5587 2128 5633; x_wconf 82' lang='lat' dir='ltr'><strong>essent</strong></span> <span class='ocrx_word' id='word_1_893' title='bbox 2185 5579 2506 5631; x_wconf 73' lang='lat' dir='ltr'><strong>substantia:</strong></span> <span class='ocrx_word' id='word_1_894' title='bbox 2565 5577 2824 5629; x_wconf 73' lang='lat' dir='ltr'><strong>absolutte</strong></span> <span class='ocrx_word' id='word_1_895' title='bbox 2879 5574 2947 5628; x_wconf 86' lang='lat' dir='ltr'><strong>ab</strong></span> <span class='ocrx_word' id='word_1_896' title='bbox 3005 5574 3261 5626; x_wconf 64' lang='lat' dir='ltr'><strong>invzcnm.</strong></span> <span class='ocrx_word' id='word_1_897' title='bbox 3320 5571 3504 5635; x_wconf 57' lang='grc' dir='ltr'>ἵει-οων</span> 
     </span>
    </p>
   </div>
   <div class='ocr_carea' id='block_1_117' title="bbox 1948 5716 3504 5776">
    <p class='ocr_par' dir='ltr' id='par_1_117' title="bbox 1948 5716 3504 5776">
     <span class='ocr_line' id='line_1_117' title="bbox 1948 5716 3504 5776; baseline -0.004 -3"><span class='ocrx_word' id='word_1_898' title='bbox 1948 5723 2102 5773; x_wconf 74' lang='lat' dir='ltr'><strong>thera</strong></span> <span class='ocrx_word' id='word_1_899' title='bbox 2135 5721 2408 5776; x_wconf 61' lang='lat' dir='ltr'><strong>Vaticana.</strong></span> <span class='ocrx_word' id='word_1_900' title='bbox 2445 5734 2548 5771; x_wconf 91' lang='lat' dir='ltr'><strong>non</strong></span> <span class='ocrx_word' id='word_1_901' title='bbox 2585 5729 2765 5771; x_wconf 87' lang='lat' dir='ltr'><strong>autem</strong></span> <span class='ocrx_word' id='word_1_902' title='bbox 2797 5717 2850 5770; x_wconf 91' lang='lat' dir='ltr'><strong>in</strong></span> <span class='ocrx_word' id='word_1_903' title='bbox 2900 5717 3052 5770; x_wconf 89' lang='lat' dir='ltr'><strong>libris</strong></span> <span class='ocrx_word' id='word_1_904' title='bbox 3103 5716 3504 5776; x_wconf 49' lang='lat' dir='ltr'><strong>coitl‘utatm&#39;iis,</strong></span> 
     </span>
    </p>
   </div>
   <div class='ocr_carea' id='block_1_118' title="bbox 1947 5787 3505 5857">
    <p class='ocr_par' dir='ltr' id='par_1_118' title="bbox 1947 5787 3505 5857">
     <span class='ocr_line' id='line_1_118' title="bbox 1947 5787 3505 5857; baseline -0.001 -16"><span class='ocrx_word' id='word_1_905' title='bbox 1947 5793 2040 5857; x_wconf 87' lang='lat' dir='ltr'><strong>qui</strong></span> <span class='ocrx_word' id='word_1_906' title='bbox 2072 5801 2198 5844; x_wconf 86' lang='lat' dir='ltr'><strong>sunt</strong></span> <span class='ocrx_word' id='word_1_907' title='bbox 2231 5801 2420 5843; x_wconf 89' lang='lat' dir='ltr'><strong>contra</strong></span> <span class='ocrx_word' id='word_1_908' title='bbox 2451 5788 2774 5841; x_wconf 72' lang='lat' dir='ltr'><strong>Eunomium</strong></span> <span class='ocrx_word' id='word_1_909' title='bbox 2801 5805 2813 5846; x_wconf 86' lang='lat'><strong>;</strong></span> <span class='ocrx_word' id='word_1_910' title='bbox 2847 5801 3016 5853; x_wconf 87' lang='lat' dir='ltr'><strong>quare</strong></span> <span class='ocrx_word' id='word_1_911' title='bbox 3051 5787 3359 5842; x_wconf 85' lang='lat' dir='ltr'><strong>Demetrius</strong></span> <span class='ocrx_word' id='word_1_912' title='bbox 3382 5803 3505 5855; x_wconf 64' lang='lat' dir='ltr'><strong>pas-</strong></span> 
     </span>
    </p>
   </div>
   <div class='ocr_carea' id='block_1_119' title="bbox 1944 5858 2882 5929">
    <p class='ocr_par' dir='ltr' id='par_1_119' title="bbox 1944 5858 2882 5929">
     <span class='ocr_line' id='line_1_119' title="bbox 1944 5858 2882 5929; baseline -0.043 15"><span class='ocrx_word' id='word_1_913' title='bbox 1944 5879 2035 5916; x_wconf 62' lang='grc' dir='ltr'>δυδ</span> <span class='ocrx_word' id='word_1_914' title='bbox 2075 5877 2157 5914; x_wconf 55' lang='grc' dir='ltr'><strong>θλί</strong></span> <span class='ocrx_word' id='word_1_915' title='bbox 2198 5861 2524 5929; x_wconf 70' lang='grc' dir='ltr'>μνημονικὸν</span> <span class='ocrx_word' id='word_1_916' title='bbox 2562 5858 2882 5926; x_wconf 67' lang='grc' dir='ltr'>ἁμάρτημα.</span> 
     </span>
    </p>
   </div>
  </div>
