4180 6458
210 480 318 540 917

1134 482 1234 542 DE
1276 481 1793 545 PBOCESSIONE
1836 481 2196 544 SPIRITUS
2236 482 2527 543 SANCTI.

3344 473 3451 537 918

206 592 311 644 οὐκ
341 591 469 645 ἄλλο
513 592 607 660 τῆς
640 593 967 662 διακρίσεως
1020 597 1194 651 αἰτιόν
1244 599 1358 651 ἐστι
1406 601 1502 669 τῆς
1535 600 1667 668 ὕλης
1698 600 1789 653 καὶ
1818 646 1826 661 η

1921 622 1945 657 ιι
1965 604 2165 658 divinis
2188 618 2295 657 non
2318 605 2422 657 alia
2448 610 2532 656 est
2550 614 2713 655 causa
2738 596 3106 653 distinctionis
3129 594 3271 661 (cum
3291 601 3469 647 mate-

209 685 321 736 τῶν
351 684 550 752 ταύτης
601 688 849 741 ἀπόντων
898 689 930 759 ἢ
983 691 1042 742 τὸ
1076 691 1175 759 μὲν
1220 694 1390 744 αἴτιον
1444 689 1604 758 εἶναι,
1641 696 1701 745 τὸ
1729 694 1785 747 δὲ

209 776 470 827 αἰτιατόν.
505 776 761 829 Λείπεται
815 777 992 829 τοίνυν
1024 780 1084 832 τὸ
1116 780 1390 849 δεύτερον,
1417 782 1655 850 δηλονότι
1692 781 1787 834 θά-

209 882 370 932 τςρον
401 866 456 929 ἐξ
489 868 675 936 ἐτέρου
704 870 801 937 τὴν
834 868 1069 938 ὓπαρξιν
1100 871 1262 939 ἔχειν.
1298 873 1453 925 Ἐπεὶ
1501 875 1596 926 καὶ
1624 874 1791 925 δέδει-

214 974 344 1007 κται
372 958 431 1009 τὸ
482 958 763 1026 όμοούσιον
802 960 1053 1013 ἐντεῦθεν
1082 963 1172 1013 ἐπὶ
1213 963 1320 1014 τῶν
1363 962 1523 1015 θείων
1562 963 1791 1028 συνάγε-

214 1048 362 1111 σθαι,
395 1049 529 1102 διότι
559 1050 782 1123 θάτερον
803 1053 861 1114 ἐξ
880 1053 1066 1123 ἐτέρου
1090 1055 1236 1106 ἐστὶν
1268 1055 1343 1115 ὡς
1363 1055 1543 1117 αἰτίας
1574 1053 1790 1107 ἑαυτοῦ.

230 1138 373 1191 Ἀλλ’
398 1143 423 1191 ό
452 1142 550 1209 μὲν
581 1142 705 1204 Υἱὸς
736 1144 834 1195 οὐκ
862 1143 927 1195 ἂν
952 1147 1015 1196 ἐκ
1058 1144 1153 1196 τοῦ
1205 1146 1523 1211 Πνεὺματος
1562 1146 1793 1209 λέγοιτ’).

218 1230 297 1280 Οὐ
324 1231 431 1298 γὰρ
462 1232 527 1285 ἂν
563 1233 851 1300 συμϐαίνοι
881 1234 948 1287 τὰ
976 1236 1128 1303 παρὰ
1157 1236 1259 1303 τῆς
1289 1236 1511 1304 Γραφῆς
1543 1236 1678 1304 πρὸς
1706 1237 1798 1287 τὸν

224 1320 353 1372 Υίδν
381 1323 739 1393 ἀποδιδόμενα
769 1324 843 1393 τῷ
878 1326 1155 1395 Πνεύματι
1187 1343 1201 1357 ·
1250 1328 1463 1393 μάλισθ’
1488 1329 1569 1378 ὅτι
1624 1328 1717 1379 καὶ
1741 1328 1801 1379 τὸ

224 1413 451 1482 Πνεῦμα
481 1416 543 1467 ἐκ
576 1415 667 1466 τοῦ
717 1417 923 1482 Πατρὸς
974 1418 1060 1468 διὰ
1096 1416 1185 1468 τοῦ
1222 1415 1350 1468 Υἰοῦ
1407 1417 1803 1485 ἐκπορεύεσθαι

224 1506 381 1573 παρὰ
408 1506 516 1557 τῶν
546 1507 878 1560 διδασκάλων
912 1508 1239 1575 θεολογείται
1265 1526 1276 1537 ·
1325 1502 1494 1576 οῦπερ
1548 1508 1805 1571 ἐναντίως

222 1595 441 1664 ἔχοντος
478 1598 509 1665 ἡ
541 1597 693 1661 τάξις
731 1601 868 1666 μετὰ
897 1602 997 1668 τῆς
1027 1600 1385 1668 προσωπικῆς
1415 1600 1596 1650 αὐτῶν
1627 1600 1807 1665 ὑπάρ-

230 1687 368 1748 ξεως
395 1688 837 1757 ἀναιρεθήσεται.
876 1691 989 1741 Οὐκ
1026 1691 1133 1759 ἄρα
1160 1688 1379 1756 Πνεῦμα
1410 1687 1538 1739 ἰ’ἱοῦ
1568 1687 1807 1753 λέγεται,

227 1778 666 1846 διότιὸμοούσιόν
699 1782 844 1831 ἐστιν
870 1780 1040 1849 αὐτῷ,
1084 1781 1197 1833 ἀλλ’
1226 1782 1307 1833 ὅτι.
1344 1781 1404 1841 ἐξ
1434 1778 1601 1831 αὐτοῦ
1636 1780 1807 1836 ἐστιν,

230 1870 316 1929 εἰς
346 1870 507 1923 αὑτὸν
540 1872 889 1940 ἀναφέρεται.
923 1873 1013 1924 Διὸ
1054 1872 1149 1924 καὶ
1188 1872 1252 1924 ἐκ
1287 1871 1387 1939 τῆς
1429 1870 1616 1932 οὐσίας
1647 1867 1811 1921 αὑτοῦ

230 1961 475 2027 λέγεται,
509 1963 603 2014 καὶ
630 1962 913 2029 ὁμοούσιον
940 1963 1086 2031 αὐτῷ
1116 1963 1281 2013 ἐστιν.

316 2137 437 2190 Ἔτι
464 2138 523 2191 τὸ
549 2139 665 2192 τόδε
705 2139 859 2192 τοῦδε
908 2139 1165 2207 λέγεσθαι
1198 2138 1507 2207 πλεοναχῶς
1560 2138 1779 2205 λέγεται
1801 2153 1812 2167 ’

236 2230 467 2300 καὶγὰρ
517 2231 591 2291 ὠς
619 2231 828 2300 κτῆμα,
861 2234 954 2286 καὶ
989 2232 1218 2299 ποίημα,
1265 2233 1358 2283 καὶ
1404 2231 1673 2298 γέννημα,
1724 2231 1819 2282 καὶ

242 2323 431 2393 μέρος,
464 2325 555 2375 καὶ
576 2325 827 2392 ὄργανον,
862 2325 957 2377 καὶ
980 2326 1079 2377 ὅσα
1105 2324 1329 2377 τοιαῦτα
1351 2341 1362 2355 ·
1390 2324 1523 2375 ἀλλὰ
1548 2324 1607 2375 τὸ
1625 2322 1820 2391 όμοού-

238 2433 362 2471 σιον
406 2417 492 2469 ἐπ’
525 2418 853 2471 ὲλλαττόνων
894 2419 1137 2486 λέγεται.
1162 2418 1278 2485 Ἐφ’
1336 2411 1409 2470 ὧν
1468 2418 1565 2486 μὲν
1621 2418 1730 2483 γὰρ
1760 2417 1822 2468 τὸ

237 2508 528 2576 ὁμοούσιον
553 2511 789 2577 λέγεται,
832 2511 893 2562 τὸ
920 2511 1037 2563 τόδε
1068 2510 1219 2562 τοῦδε
1253 2510 1478 2562 δύναται
1526 2508 1779 2575 λέγεσθαι
1804 2524 1818 2538 ο

240 2599 332 2666 ἐφ’
364 2594 437 2654 ὧν
467 2601 521 2654 δὲ
552 2602 736 2666 ἁπλῶς
760 2603 818 2655 τὸ
844 2603 962 2655 τόδε
996 2603 1151 2655 τοῦδε
1175 2603 1410 2671 λέγεται,
1446 2602 1546 2653 οὐκ
1578 2602 1670 2653 ἐπὶ
1698 2600 1821 2652 τού-

240 2708 357 2743 των
385 2693 600 2745 πάντων
642 2696 699 2746 τὶ
722 2695 1005 2763 ὁμοούσιον
1033 2695 1253 2747 δύναται
1290 2695 1543 2763 ῥηθῆναι.
1577 2694 1734 2745 Πᾶσα
1762 2692 1818 2743 δὲ

241 2786 397 2837 αἰτία
423 2784 456 2855 ἦ
487 2787 582 2838 ἐπὶ
612 2787 791 2852 πλέον,
823 2788 854 2857 ἦ
883 2789 1077 2857 ἐπίσης
1108 2790 1244 2856 πρὸς
1274 2789 1342 2839 τὰ
1374 2787 1590 2839 αἰτιατὰ
1631 2785 1820 2838 ἁποδί-

239 2874 430 2927 δοται·
462 2878 547 2928 ἐπ’
582 2877 798 2929 ἔλαττον
828 2877 883 2930 δὲ
914 2878 1186 2945 οὐδαμῶς.
1228 2877 1370 2947 Πρὸς
1419 2878 1526 2945 γὰρ
1560 2878 1650 2929 τὸν
1684 2878 1825 2944 ἐρω-

240 2967 450 3031 τῶντα,
496 2968 637 3021 διατί
667 2971 694 3021 ό
724 2968 1010 3039 ἄνθρωπος
1057 2970 1195 3032 ζῶόν
1226 2971 1361 3033 ἐστι,
1400 2970 1532 3021 διότι
1566 2970 1713 3020 ἐστὶν
1738 2970 1823 3019 αἰ-

249 3058 470 3125 σθητὸν,
504 3061 717 3122 οἰκείως
761 3061 1176 3131 ἀποδοθήσεται.
1209 3063 1280 3112 Τὸ
1308 3063 1418 3129 γὰρ
1445 3061 1705 3128 αἰσθητὸν
1737 3060 1828 3111 ἐπὶ

244 3150 514 3202 πλειόνων
620 3153 647 3203 ό
692 3150 975 3220 ἄνθρωπος
1010 3152 1245 3216 λέγεται.
1304 3151 1445 3219 Πρὸς
1474 3151 1530 3203 δέ
1565 3152 1654 3201 τὸν
1682 3151 1823 3219 ἐρω-

1890 693 1991 759 ria,
2022 702 2076 747 et
2104 694 2308 759 onmia,
2337 707 2457 761 quae
2476 706 2595 745 eam
2611 698 2917 759 sequuntur
2935 686 3093 754 longe
3114 681 3344 747 absint),
3363 679 3471 734 nisi

1892 801 2057 840 unum
2081 786 2299 853 quidem
2322 799 2443 839 esse
2470 796 2709 843 causam,
2741 781 2972 833 alterum
3009 791 3136 830 vero
3164 782 3469 829 causatum.

1893 880 2080 934 ltestat
2117 879 2283 945 igitur
2324 876 2616 942 posterius,
2663 872 2874 925 scilicet
2925 871 3157 923 alterum
3193 882 3259 921 ex
3303 866 3476 918 altero

1893 971 2267 1025 exsistentiam
2304 968 2522 1021 habere.
2557 965 2823 1031 Quoniam
2875 973 3156 1016 ostensum
3209 966 3317 1019 est,
3344 972 3471 1009 ροιιε

1897 1061 2414 1115 substantialitatem
2448 1060 2575 1114 inde
2608 1060 2661 1112 in
2689 1056 2893 1111 divinis
2920 1054 3123 1121 colligi,
3152 1051 3295 1121 quod
3333 1050 3473 1102 alte-

1901 1168 2022 1206 rum
2053 1154 2125 1206 sit
2182 1152 2251 1204 ab
2291 1151 2466 1204 altero
2512 1159 2770 1217 tanquam
2800 1163 2868 1201 ex
2902 1161 3000 1199 sua
3050 1157 3234 1197 causa.
3268 1141 3473 1192 Verum

1900 1244 2075 1297 Filius
2133 1242 2355 1310 quidem
2410 1257 2520 1295 non
2562 1257 2626 1294 ex
2683 1238 2888 1306 Spiritu
2924 1236 3031 1291 dici
3097 1240 3303 1301 posset.
3361 1230 3479 1283 Non

1904 1338 2049 1390 enim
2084 1334 2462 1401 {convenirent
2522 1332 2681 1393 Filio,
2729 1344 2850 1399 qua:
2902 1343 2931 1381 a
2978 1342 3131 1381 sacra
3194 1324 3481 1390 Scriptura

1905 1427 2135 1496 Spiritui
2193 1425 2569 1491 assignantur.
2627 1421 2940 1474 Prmsertim
2979 1433 3102 1471 cum
3132 1425 3188 1469 ct
3245 1414 3485 1482 Spiritus

1905 1534 1970 1571 ex
2004 1519 2161 1569 Patre
2195 1531 2290 1584 per
2338 1514 2532 1567 Fiiimn
2575 1512 2873 1581 procedere
2909 1526 2937 1562 a
2976 1507 3244 1576 theologis
3271 1519 3484 1557 assera-

1910 1618 2020 1661 tur.
2057 1606 2213 1671 Quod
2246 1606 2290 1658 si
2321 1605 2657 1658 contrariqu
2696 1612 2861 1666 esset,
2895 1602 3030 1654 ordo
3061 1615 3168 1652 una
3195 1614 3317 1651 cum
3358 1582 3485 1665 pcr-

1916 1699 2090 1751 souali
2125 1698 2369 1764 ipsorum
2440 1694 2765 1747 exsistentia
2824 1692 3134 1745 tolleretur.
3190 1689 3307 1741 Non
3358 1701 3487 1755 ergo

1914 1788 2153 1855 Spiritus
2190 1787 2311 1840 Filii
2346 1785 2568 1848 dicitur,
2596 1785 2722 1852 quia
2754 1781 3239 1838 consubstantialis
3268 1779 3335 1833 sit
3363 1778 3486 1844 ipsi,

1915 1881 2010 1935 sed
2069 1882 2327 1949 quoniam
2361 1898 2425 1936 cx
2461 1883 2579 1949 ipso
2615 1887 2718 1939 est,
2775 1877 2842 1929 ad
2895 1876 3075 1942 ipsum
3112 1874 3371 1929 refertur,
3402 1870 3487 1921 id-

1917 1976 2065 2029 circo
2116 1985 2169 2026 et
2222 1988 2290 2026 ex
2356 1971 2659 2026 substantia
2722 1968 2841 2039 ejus
2883 1966 3105 2029 dicitur,
3167 1962 3490 2017 ctconsub-

1916 2063 2187 2119 stantialis
2216 2072 2296 2115 est
2323 2062 2448 2130 ipsi.

1990 2156 2283 2221 Praeterea,
2322 2156 2427 2207 hoc
2474 2153 2634 2221 hujus
2682 2150 2789 2204 dici
2844 2147 3197 2201 multifariam
3252 2144 3491 2205 dicitur;

1919 2247 2121 2300 etenim
2189 2254 2247 2298 ut
2312 2243 2626 2311 possessio,
2688 2248 2742 2292 et
2790 2238 3112 2307 opiﬁcium,
3164 2244 3217 2288 et
3272 2234 3491 2302 proles.

1922 2354 2179 2408 parsque,
2234 2347 2290 2391 et
2348 2337 2795 2397 instrumentum,
2835 2341 2999 2399 atque
3055 2330 3106 2382 id
3149 2342 3321 2396 genus
3350 2344 3363 2378 :
3397 2324 3491 2377 sed

1922 2430 2393 2487 consubstantialc
2430 2444 2535 2481 non
2578 2429 2651 2483 ita
2686 2427 2793 2479 late
2826 2430 2996 2492 patet.
3021 2422 3080 2475 lu
3109 2421 3312 2488 quibus
3347 2416 3493 2470 enim

1924 2522 2394 2578 consubstantiale
2442 2520 2667 2581 dicitur,
2710 2516 2784 2569 ibi
2816 2514 2979 2569 etiam
3036 2515 3138 2565 hoc
3196 2511 3357 2579 hujus
3390 2508 3495 2562 dici

1926 2624 2127 2686 potest.
2152 2614 2221 2667 At
2253 2614 2307 2667 in
2339 2612 2546 2681 quibus
2573 2608 2895 2675 simpliciter
2930 2606 3031 2659 hoc
3069 2604 3234 2673 hujus
3270 2602 3496 2662 dicitur,

1928 2723 2037 2761 non
2072 2707 2128 2759 in
2162 2706 2248 2758 his
2276 2704 2537 2757 omnibus
2585 2697 3132 2755 consubstantialitas
3156 2696 3264 2749 dici
3297 2702 3495 2763 potest.

1927 2798 2116 2853 Omnis
2165 2806 2345 2851 autem
2403 2810 2587 2857 causa,
2623 2792 2707 2846 vel
2761 2800 2818 2844 ut
2860 2788 3025 2842 latius
3075 2797 3286 2855 patens,
3327 2785 3409 2838 vel
3443 2795 3502 2838 ut

1929 2905 2082 2958 mque
2134 2888 2244 2943 late
2304 2898 2495 2955 patens
2530 2885 2597 2939 ad
2634 2894 2853 2938 causata
2913 2881 3171 2943 refertur,
3221 2893 3502 2946 nunquam

1932 2992 2113 3035 autem
2153 2990 2213 3034 ut
2258 2980 2445 3033 minus
2490 2978 2597 3030 late
2636 2984 2851 3044 patens.
2890 2972 3103 3041 Quippe
3150 2972 3216 3024 ad
3266 2971 3502 3023 interro—

1931 3080 2173 3142 gantem,
2207 3084 2376 3137 quare
2408 3068 2572 3122 homo
2596 3066 2667 3119 sit
2697 3064 2925 3126 animal,
2952 3064 3081 3132 quia
3109 3071 3193 3116 est
3219 3060 3499 3121 sensibile,

1935 3162 2329 3216 convenienter
2378 3156 2755 3228 respondebit.
2789 3154 3061 3210 Sensibile
3090 3154 3236 3205 enim
3278 3151 3345 3205 de
3385 3151 3505 3219 pln-

238 3240 429 3294 στῶντα
458 3240 600 3292 διατί
633 3241 971 3307 γελαστικὸν,
1003 3241 1134 3292 διότι
1161 3240 1445 3309 ἅνθρωπός
1479 3242 1646 3301 ἐστιν,
1686 3241 1824 3292 ἀπο·

1935 3255 2106 3315 ribus,
2138 3268 2301 3322 quam
2351 3251 2514 3304 homo
2559 3248 2912 3319 prtedicatur.
2963 3245 3042 3300 Ad
3076 3245 3503 3311 interrogantem

242 3335 555 3402 δοθήσεται.
582 3333 762 3384 Ταῦτα
786 3333 891 3401 γὰρ
919 3332 1160 3402 ἀλλήλων
1192 3334 1701 3401 ἀντικατηγορείται
1734 3331 1828 3382 καὶ

247 3426 516 3491 ὲξισάζει.
558 3427 655 3477 Ἂν
683 3425 738 3478 δὲ
775 3425 908 3495 λέγῃ
937 3443 1039 3490 τις,
1070 3427 1156 3478 διὰ
1191 3424 1349 3477 τοῦτό
1388 3424 1536 3476 ἐστιν
1566 3426 1593 3475 ὁ
1622 3425 1831 3491 ἄνθρω-

246 3540 357 3585 ⁸νιος
391 3523 545 3586 ζῶον,
576 3523 709 3576 διότι
742 3524 858 3574 ἐστὶ
880 3521 1224 3589 γελαστικὸν,
1251 3520 1312 3571 οὐ
1346 3519 1485 3570 κατὰ
1516 3517 1673 3581 λόγον
1703 3516 1834 3567 ἁπο-

245 3614 437 3675 δώσει..
460 3615 519 3666 τὸ
549 3615 858 3682 γελαστικὸν
887 3613 1170 3675 ἀποδιδοὺς
1193 3612 1369 3664 αἰτίαν
1394 3610 1487 3662 τοῦ
1504 3609 1594 3661 τὸν
1629 3608 1835 3676 ἄνθρω-

250 3724 361 3760 πον
389 3702 523 3759 εἶναι
547 3707 705 3772 ζῶον,
752 3709 889 3775 ὅπερ
939 3707 1031 3758 ἐπὶ
1059 3706 1319 3757 πλειόνων
1355 3703 1556 3773 μᾶλλον
1589 3702 1620 3771 ἢ
1652 3701 1710 3753 τὸ
1739 3716 1833 3765 γε-

247 3797 510 3849 λαστικὸν
542 3800 944 3867 κατηγορεῖται.
978 3795 1045 3848 El'
1096 3814 1147 3849 τι
1192 3794 1289 3865 μὲν
1347 3796 1455 3864 γὰρ
1494 3794 1834 3862 γελαστικὸν,

250 3890 425 3954 ζῶον,
453 3890 512 3941 οὐ
550 3891 652 3958 μὴν
682 3890 734 3942 εἷ
767 3906 820 3941 τι
862 3888 1017 3953 ζῶον,
1051 3888 1395 3955 γελαστικόν.
1434 3886 1506 3938 Οὐ
1545 3886 1651 3953 γὰρ
1683 3887 1835 3938 ἀντι-

255 3981 507 4050 στρέφει,
563 3982 649 4034 διὰ
679 3983 739 4034 τὸ
791 3981 864 4050 μὴ
894 3982 1091 4049 ἐπίσης
1145 3980 1712 4047 ἁντικατηγορεῖσθαι.
1758 3976 1833 4027 Οὐ

250 4077 441 4127 τοίνυν
466 4074 556 4127 τοῦ
587 4072 717 4127 Υἰοῦ
762 4074 822 4126 τὸ
859 4072 1079 4141 Πνεῦμα
1130 4070 1325 4137 λέγοιτ’
1362 4069 1426 4121 ἂν
1459 4068 1490 4137 ἤ
1522 4068 1765 4134 δύναμις,
1804 4066 1835 4135 ἥ

254 4166 533 4235 ἐνέργεια,
574 4166 606 4235 ἢ
637 4165 748 4235 ζωὴ
782 4166 981 4233 φυσικὴ
1027 4164 1121 4214 καὶ
1157 4160 1441 4227 οὐσιὼδης,
1484 4158 1618 4209 διότι
1645 4155 1839 4224 ὁμοού-

258 4279 386 4317 σιον
412 4259 559 4328 αὺτῷ
589 4261 757 4312 ἐστιν.
808 4257 868 4309 Ὀ
896 4256 1007 4323 γὰρ
1036 4254 1094 4305 τὸ
1126 4252 1410 4320 όμοούσιον
1439 4248 1531 4301 τοῦ
1553 4247 1726 4301 ταῦτα
1752 4245 1841 4297 λέ-

254 4356 461 4424 γεσθαι
488 4353 548 4405 τὸ
575 4351 799 4419 Πνεῦμα
832 4348 959 4401 Tini
992 4346 1270 4414 τιθέμενος
1307 4344 1485 4395 αἰτίαν
1512 4340 1838 4410 ἁμαρτάνει,

255 4451 326 4503 τὸ
354 4448 441 4501 ἐπ’
474 4445 691 4498 ἔλαττον
724 4440 814 4494 τοῦ
848 4441 940 4491 ἐπὶ
968 4440 1153 4489 πλεῖον
1187 4435 1480 4501 λεγομένου
1520 4433 1697 4482 αἰτίαν
1721 4430 1841 4481 ἐπι-

260 4539 488 4609 σφαλῶς
519 4534 824 4596 ἀποδιδούς.
850 4534 910 4585 Εἰ
939 4534 996 4584 δὲ
1028 4532 1122 4583 καὶ
1151 4531 1242 4581 ἐπὶ
1262 4528 1370 4581 τῶν
1400 4524 1703 4594 ὁμοουσίων
1744 4522 1840 4591 μό-

1939 3355 2144 3409 autem,
2175 3358 2345 3412 quare
2374 3342 2584 3395 risibile
2615 3342 2709 3404 sit,
2744 3340 3003 3409 quoniam
3041 3338 3206 3389 homo
3260 3335 3502 3387 dicetur.

1939 3434 2063 3487 llmc
2098 3432 2244 3486 enim
2311 3431 2451 3483 inter
2487 3444 2545 3482 se
2602 3438 2791 3480 mutuo
2826 3425 3212 3495 praadieantur,
3256 3429 3312 3475 et
3364 3419 3504 3473 adat-

1937 3535 2199 3594 quantur.
2248 3523 2303 3576 Si
2341 3536 2471 3577 vero
2522 3520 2670 3573 dicat
2698 3520 2843 3588 quis,
2898 3526 3185 3585 propterea
3219 3514 3381 3565 homo
3423 3520 3508 3564 cst

1938 3614 2305 3684 animal,quia
2328 3622 2410 3668 est
2434 3613 2668 3677 risibile,
2696 3626 2805 3665 non
2839 3618 2986 3664 recte
3020 3603 3400 3675 respondebit,
3435 3602 3510 3653 ri-

1940 3710 2097 3764 sibile
2138 3710 2425 3779 assignans
2470 3719 2714 3768 causam,
2747 3702 2893 3773 quod
2956 3702 3121 3755 homo
3166 3699 3238 3753 sit
3285 3697 3506 3757 animal,

1941 3803 2084 3870 quod
2120 3802 2291 3870 magis
2328 3800 2397 3854 de
2459 3799 2732 3867 pluribus,
2786 3810 2949 3864 quam
3009 3793 3219 3847 risibile
3251 3790 3511 3860 praedica-

1942 3900 2050 3944 tur.
2084 3890 2143 3944 Si
2175 3889 2304 3957 quid
2331 3888 2474 3942 enim
2518 3886 2728 3941 risibile
2759 3892 2862 3945 est,
2905 3881 3104 3935 animal
3138 3889 3242 3944 est,
3274 3894 3383 3932 non
3432 3887 3511 3930 ta-

1942 3996 2065 4033 men
2103 3978 2147 4031 si
2192 3976 2323 4046 quid
2356 3975 2601 4037 animal,
2636 3972 2867 4028 risibile.
2899 3971 3019 4025 Non
3075 3968 3227 4021 enim
3285 3982 3514 4019 convcr-

1943 4080 2157 4130 tuntur,
2184 4083 2250 4121 eo
2279 4068 2423 4135 quod
2450 4082 2557 4120 non
2585 4078 2738 4133 aeque
2758 4078 2822 4115 ac
2853 4061 3094 4115 vicissim
3123 4058 3510 4127 praedicantur.

1941 4161 2059 4214 Non
2099 4160 2263 4229 igitur
2297 4156 2538 4225 Spiritus
2578 4154 2700 4208 Filii
2732 4154 2923 4221 utique
2962 4150 3265 4213 diceretur,
3300 4146 3383 4199 vel
3419 4161 3514 4215 po-

1944 4252 2136 4314 tentia,
2162 4250 2249 4303 vel
2274 4247 2541 4317 Operatio,
2572 4262 2669 4299 seu
2698 4245 2807 4298 vita
2842 4242 3133 4304 naturalis,
3163 4256 3228 4293 ac
3254 4238 3513 4292 substan-

1947 4342 2109 4400 tialis,
2144 4337 2403 4408 quoniam
2432 4333 2920 4390 consubstantialis
2952 4342 3033 4386 est
3068 4329 3193 4397 ipsi.
3231 4327 3334 4393 Qui
3362 4329 3512 4380 enim

1944 4428 2584 4485 consubstantialitatem
2617 4425 2771 4492 ponit
2799 4436 3021 4475 causam
3078 4428 3137 4472 ut
3171 4419 3269 4471 ista
3300 4418 3515 4470 dicatur

1945 4523 2183 4593 Spiritus
2233 4521 2379 4583 Filii,
2425 4526 2596 4582 errat,
2651 4531 2775 4571 cum
2806 4514 2936 4567 illud
2970 4510 3114 4580 quod
3177 4510 3358 4562 minus
3410 4518 3513 4568 est,

258 4651 378 4687 νων
414 4629 762 4697 θεωροῦντες,
798 4626 857 4678 οὐ
900 4622 1176 4682 παντελῶς
1222 4621 1525 4689 εὑρήσομεν
1577 4617 1826 4684 ἑπόμενοι

1951 4616 2191 4681 assignet
2221 4626 2479 4681 perverse
2515 4623 2737 4662 causam
2792 4607 2937 4674 ejus,
2968 4604 3117 4673 quod
3146 4602 3310 4657 latius
3344 4611 3514 4668 patet.

258 4725 392 4777 τόδε
419 4722 570 4773 τοῦδε
599 4718 870 4786 λέγεσθαι,
912 4715 1027 4769 ἀλλ’
1058 4714 1325 4766 ἐλλείπειν
1386 4713 1480 4763 καὶ
1519 4710 1612 4761 ἐπὶ
1642 4707 1846 4759 τούτων

261 4816 339 4867 τὰ
392 4814 652 4864 πλεῖστα·
700 4809 983 4878 ὀμοούσιος
1037 4805 1144 4875 γὰρ
1204 4803 1407 4870 Πέτρος
1466 4799 1686 4867 Παύλῳ,
1754 4798 1848 4849 καὶ

267 4906 489 4966 Παῦλος
514 4904 720 4974 Πέτρῳ,
758 4902 872 4955 ἀλλ’
896 4899 1020 4952 οὒτε
1046 4898 1138 4950 τοῦ
1173 4895 1389 4948 Παύλου
1415 4896 1441 4946 ό
1472 4894 1697 4959 Πέτρος,
1724 4890 1847 4941 οὕτε

263 5000 300 5050 ὁ
324 4994 537 5055 Παῦλος
564 4992 657 5045 τοῦ
684 4992 889 5058 Πέτρον
938 4990 1157 5055 λέγεται
1190 5004 1204 5016 ’
1266 4986 1445 5050 πολλῷ
1477 4984 1641 5035 πλέον
1670 4982 1850 5049 ἁμαρ-

264 5089 460 5142 τάνειν
491 5085 650 5137 αὐτὸν
700 5082 963 5153 ἐροῦμεν·
1010 5078 1189 5148 πολλῷ
1232 5080 1342 5146 γὰρ
1374 5076 1536 5127 πλέον
1572 5074 1655 5126 ἐπ’
1690 5074 1846 5125 ἔλατ·

267 5196 369 5232 τον
401 5177 467 5228 ἂν
491 5177 574 5242 εἰη
610 5174 671 5227 τὸ
694 5173 976 5243 ὀμοούσιον
1012 5173 1146 5241 πρὸς
1191 5170 1250 5220 τὸ
1278 5167 1393 5220 τόδε
1420 5166 1571 5218 τοῦδέ
1594 5180 1735 5225 τινος
1757 5162 1850 5213 καὶ

270 5268 425 5324 εἶναι
455 5268 547 5319 καὶ
573 5264 849 5333 λέγεσθαι.

357 5448 485 5500 Ἐτι
507 5447 567 5500 τὺ
596 5446 851 5515 ἔγχρονον
902 5446 1002 5498 οὐκ
1041 5444 1106 5497 ἂν
1150 5442 1365 5494 δύναιτο
1395 5441 1541 5493 αἰτία
1581 5439 1673 5490 τοῦ
1715 5438 1854 5502 ὑπὲρ

274 5541 479 5613 χρόνον
518 5536 685 5591 εἶναι*
719 5538 855 5591 ἀλλὰ
876 5539 936 5590 τὸ
972 5538 1070 5605 μὲν
1093 5536 1440 5606 χορηγεῖσθαι
1469 5534 1564 5585 καὶ
1591 5528 1850 5591 δίδοσθαι,

277 5639 387 5689 καὶ
419 5633 838 5686 ἀποστέλλεσθαι
887 5631 979 5683 τὸν
1021 5630 1376 5699 Παρείκλητον
1404 5626 1553 5692 παρὰ
1594 5623 1687 5674 τοῦ
1728 5621 1855 5673 Υἰοῦ

1950 4706 2105 4771 Quod
2139 4705 2185 4759 si
2216 4704 2269 4757 in
2305 4700 2872 4756 consubstantialibus
2894 4700 3057 4751 etiam
3098 4695 3230 4748 solis
3259 4691 3515 4747 conside-

1951 4812 2156 4857 remus,
2204 4810 2315 4847 non
2377 4793 2603 4847 omnino
2666 4790 3028 4857 reperiemus,
3066 4786 3209 4856 quod
3258 4792 3519 4851 sequatur

1954 4888 2057 4941 hoc
2090 4888 2253 4956 hujus
2285 4885 2418 4948 dici,
2448 4884 2542 4938 sed
2571 4884 2623 4935 in
2651 4883 2738 4936 bis
2760 4896 2980 4951 quoque
3002 4880 3236 4934 deiicere
3263 4876 3517 4945 plurima.

1952 4980 2169 5033 Etenim
2197 4979 2393 5032 Petrus
2421 4976 2588 5029 Paulo
2624 4970 3113 5028 consubstantialis
3144 4979 3247 5031 est,
3291 4976 3346 5020 et
3381 4967 3519 5020 Pau-

1953 5074 2036 5126 lus
2072 5073 2252 5133 Pctro,
2303 5069 2397 5123 sed
2441 5082 2619 5137 neque
2664 5066 2818 5120 Pauli
2874 5065 3086 5127 l’etrus,
3140 5076 3340 5129 neque.
3373 5058 3519 5111 Petri

1956 5164 2157 5219 Paulus
2185 5161 2406 5214 dicitur.
2438 5159 2603 5212 Multo
2638 5158 2811 5226 magis
2840 5171 2965 5209 eum
2999 5167 3222 5221 peccare
3255 5150 3518 5209 dicemus;

1956 5257 2129 5310 multo
2193 5254 2341 5307 enim
2398 5250 2581 5304 minus
2632 5250 2738 5302 late
2795 5247 3003 5315 patebit
3057 5240 3521 5300 consubstantialc

1957 5355 2210 5415 respectu
2241 5345 2385 5411 ejus,
2414 5341 2561 5410 quod
2589 5346 2690 5403 est,
2713 5353 2834 5392 esse
2871 5351 2933 5391 ac
2959 5336 3065 5388 dici
3105 5335 3204 5386 hoc
3232 5331 3481 5399 alicujus.

2031 5438 2319 5495 l‘rmtcrca,
2347 5434 2493 5502 quod
2534 5432 2591 5484 in
2622 5440 2869 5498 tempore
2901 5436 3007 5489 cst,
3044 5441 3151 5478 non
3186 5432 3367 5491 posset
3404 5435 3523 5471 eSse

1959 5544 2123 5583 causa
2174 5530 2315 5596 ejus,
2358 5525 2503 5594 quod
2563 5538 2727 5591 supra
2779 5536 2942 5573 omne
2994 5532 3210 5583 tempus
3257 5523 3382 5567 est:
3427 5514 3520 5565 sed

1961 5621 2096 5673 illud
2140 5618 2373 5685 erogari.
2410 5624 2575 5682 atque
2632 5612 2822 5674 tribui,
2854 5619 2908 5664 et
2936 5609 3077 5662 mitti
3125 5606 3465 5661 Paracletum
3496 5622 3524 5655 a

1962 5710 2097 5763 Filio
2152 5709 2329 5775 dignis
2388 5706 2442 5758 in
2496 5715 2738 5771 tempore
2793 5703 2933 5756 facta
2977 5708 3141 5763 sunt;
3187 5697 3295 5751 dici
3346 5705 3525 5747 autem

1963 5801 2227 5869 Spiritum
2278 5798 2423 5863 Filii,
2461 5812 2524 5850 ac
2584 5795 2905 5865 potentiam,
2941 5800 2993 5846 et
3058 5788 3358 5842 naturalem
3410 5784 3529 5851 ejus

1964 5893 2151 5945 vitam.
2191 5899 2241 5941 et
2288 5888 2656 5950 essentialcm,
2690 5896 2744 5941 et
2787 5900 2853 5939 ex
2885 5882 3195 5939 substantia
3236 5882 3355 5943 cius
3380 5892 3527 5940 esse,

276 5729 399 5787 τοῖς
433 5723 602 5789 ἀξίοις
623 5723 764 5777 κατὰ
790 5723 982 5791 χρόνον
1011 5721 1234 5787 γέγονεν
1254 5733 1268 5746 ·
1302 5718 1362 5769 τὸ
1381 5716 1435 5769 δὲ
1473 5714 1599 5766 Υἱοῦ
1636 5711 1859 5779 Πνεῦμα

280 5814 548 5882 λέγεσθαι
582 5814 677 5865 καὶ
711 5812 938 5879 δύναμιν
979 5812 1072 5863 καὶ
1116 5808 1349 5878 φυσικὴν
1398 5806 1559 5859 αὐτοῦ
1592 5805 1735 5870 ζωὴν
1768 5803 1861 5854 καὶ

280 5903 552 5972 οὐσιώδη,
585 5906 679 5957 καὶ
710 5904 772 5955 ἐκ
817 5904 917 5969 τῆς
953 5902 1141 5963 οὐσίας
1176 5899 1337 5954 αὐτοῦ
1380 5892 1541 5950 εἶναι.
1588 5896 1680 5946 καὶ
1713 5892 1860 5945 παοὰ
