4180 6458
711 474 814 536 91’)

1957 478 2327 537 DEMETllll
2376 481 2688 541 CYDONII

3849 484 3953 546 9'2!)

714 600 767 641 et
799 610 860 641 es
896 587 1051 641 Patre
1086 604 1178 655 per
1206 588 1398 643 Filium
1426 589 1719 657 procedere
1745 599 1872 643 ante
1926 600 2141 658 tempus
2171 590 2269 657 ipsi
2308 594 2344 646 Α

2308 594 2344 646 Α
2375 593 2467 646 τοῦ
2529 595 2737 661 Πατρὸς
2776 594 2861 645 διὰ
2907 593 3000 645 τοῦ
3058 594 3184 645 Υἰοῦ
3236 593 3632 662 ἐκπορεύεσθαι
3698 595 3946 663 exp/sm;

711 682 1106 736 attribuuntur.
1134 682 1343 750 Quippe
1391 682 1648 751 temporis
1682 698 1875 750 expers
1922 692 2006 735 est
2044 682 2269 734 omnino

710 772 954 841 Spiritus
1003 774 1303 842 processio,
1335 782 1389 825 et
1448 776 1673 825 omnino
1721 773 1856 826 ordo
1885 788 2047 840 quetn
2108 774 2272 825 habet

713 863 951 932 Spiritus
983 865 1046 915 ad
1106 866 1321 917 Filium.
1369 865 1472 930 Qui
1516 866 1685 932 igitur
1745 866 1943 917 asserit
1979 876 2266 931 propterea

708 964 967 1031 Spiritum
1002 964 1106 1017 dici
1145 964 1286 1025 Filii,
1319 975 1371 1018 rt
1402 966 1516 1018 lure
1541 966 1719 1017 munia
1748 966 1891 1033 quod
1935 965 2001 1017 alt
2045 966 2159 1032 ipso
2186 964 2272 1016 di-

710 1057 829 1121 guis
865 1055 1131 1117 mittatur,
1184 1056 1327 1123 quod
1368 1057 1419 1107 in
1484 1064 1728 1125 tempore
1763 1056 1961 1109 factum
1995 1064 2098 1118 est,
2145 1069 2273 1107 eau-

709 1162 823 1198 sam
853 1147 1090 1212 assignat
1146 1148 1308 1208 illlus,
1361 1146 1505 1215 quod
1539 1154 1621 1199 est
1667 1158 1790 1200 ante
1826 1162 1987 1200 omne
2038 1158 2269 1214 tempus.

712 1236 833 1303 Ipse
876 1236 1039 1303 igitur
1068 1252 1187 1289 cum
1221 1236 1507 1304 imperitus
1540 1246 1640 1298 est,
1676 1239 1817 1290 circa
1849 1237 2271 1305 assignationcm

709 1343 925 1387 errans.
953 1338 1065 1380 tum
1096 1329 1258 1382 etiam
1284 1327 1518 1395 Spiritus
1541 1329 1912 1382 exsistentiam
1946 1328 1997 1380 in
2029 1338 2273 1393 tempore

709 1418 1017 1477 constituit,
1055 1426 1218 1485 atque
1269 1419 1469 1470 divinis
1504 1419 1751 1485 personis
1776 1419 2034 1471 nonnulla
2062 1418 2276 1471 contiu-

713 1522 837 1574 gere
888 1508 940 1560 in
982 1518 1226 1577 tempore
1282 1507 1593 1562 aﬂirmaliit.
1651 1508 1773 1562 Non
1819 1518 2020 1569 tamen,
2049 1510 2173 1576 quia
2220 1508 2273 1561 in

715 1607 958 1667 tempore
990 1598 1308 1652 Paracletus
1344 1598 1524 1668 dignis
1553 1598 1693 1652 mitti
1729 1598 1951 1661 dicitur,
1986 1608 2275 1666 propterea

716 1689 824 1741 Ιὶυο
857 1690 908 1741 in
944 1698 1187 1757 tempore
1220 1690 1422 1757 aliquid
1455 1690 1674 1744 accidit.
1717 1688 1929 1743 Etenim
1975 1691 2276 1744 secundum

719 1796 973 1847 maguum
1029 1781 1289 1834 Basilium
1342 1783 1395 1835 in
1435 1791 1628 1849 quarto
1662 1781 1802 1834 libro
1860 1780 2274 1834 confutatorio:

722 1890 741 1922 ι
789 1873 905 1924 Non
933 1872 983 1923 in
1023 1881 1269 1940 tempore
1299 1872 1570 1940 provenit,
1601 1870 1746 1939 quod
1777 1886 1839 1925 ex
1875 1871 1983 1924 Deo
2009 1872 2274 1939 procedit,

714 1963 963 2030 quamvis
990 1962 1041 2015 in
1074 1974 1318 2031 tempore
1346 1963 1700 2029 operationes
1737 1972 1970 2029 promat.
2012 1982 2029 2010 ι

789 2052 1059 2107 l‘r:eterea
1122 2054 1261 2106 idem
1317 2055 1369 2107 in
1421 2055 1608 2107 eodem
1642 2054 1819 2106 libro:
1852 2072 1869 2102 ι
1915 2052 2102 2120 Neque
2131 2054 2276 2106 enim

716 2145 920 2212 aliquid
975 2147 1156 2198 minus
1189 2144 1431 2198 habituri
1460 2158 1679 2197 eramus
1740 2144 1804 2196 ad
1842 2145 2277 2213 cognoscendum

721 2233 988 2303 Spiritum
1049 2249 1172 2287 esse
1234 2249 1299 2287 ex
1355 2233 1488 2299 Deo,
1528 2232 1659 2287 dum
1699 2232 1952 2284 audimus
2014 2232 2277 2301 Spiritum

713 2322 829 2373 oris
849 2321 987 2385 ejus,
1013 2322 1108 2374 sed
1146 2320 1419 2374 suﬂiciens
1470 2329 1554 2374 est
1595 2320 1697 2374 hoc
1736 2334 1933 2373 nomen
1967 2320 2031 2372 ad
2072 2320 2277 2390 signiti-

714 2412 943 2465 candam
992 2411 1367 2466 exsistcntiam
1413 2412 1586 2480 ipsius
1615 2428 1681 2465 ex
1734 2412 1870 2469 Deo.
1918 2412 1975 2466 Si
2017 2412 2183 2481 igitur
2217 2413 2280 2466 il-

717 2503 835 2564 lud,
890 2502 1132 2570 Spiritus
1196 2501 1461 2556 exsistere
1510 2518 1575 2555 ex
1643 2503 1777 2565 Deo,
1829 2503 2143 2571 :equipollet
2202 2503 2275 2567 ei,

716 2595 863 2665 quod
893 2596 1127 2658 dicatur,
1158 2595 1274 2663 ipse
1325 2594 1560 2663 Spiritus
1590 2598 1703 2651 oris
1729 2596 1880 2661 ejus;
1916 2596 2047 2650 illud
2093 2605 2277 2651 autem

714 2687 1089 2741 exsistentiam
1124 2688 1297 2740 sancti
1326 2686 1564 2754 Spiritus
1591 2703 1656 2741 ex
1687 2688 1797 2742 Deo
1827 2688 2116 2758 signiﬁcat,
2149 2704 2279 2758 ergo

716 2778 976 2847 Spiritum
1009 2777 1115 2831 dici
1156 2778 1302 2840 Filii.
1331 2779 1578 2833 eamdem
1617 2780 1989 2833 cxsistentiam
2042 2779 2280 2848 Spiritus

715 2884 764 2924 et
805 2887 834 2924 a
872 2870 1012 2923 Filio
1064 2869 1302 2935 indicat;
1356 2871 1492 2925 satis
1545 2874 1714 2935 enim,
1754 2872 1951 2941 inquit,
1976 2880 2031 2925 ct
2074 2873 2175 2924 hoc
2211 2871 2279 2924 ad

717 2958 1061 3013 indicandam
1089 2957 1459 3011 exsisteutiam
1492 2958 1749 3026 Spiritus.
1796 2978 1814 3011 ι
1852 2958 1969 3013 Non
2009 2974 2139 3029 ergo
2173 2959 2279 3014 dici

718 3050 983 3120 Spiritum
1012 3048 1157 3113 Filii,
1194 3058 1253 3102 ut
1290 3050 1513 3118 quidam
1556 3052 1766 3115 volunt,
1801 3051 2282 3106 consubstantiali-

718 3150 882 3196 tatem
934 3140 1227 3210 signiﬁcat,
1258 3142 1352 3196 sed
1386 3142 1513 3210 quia
1572 3158 1640 3195 ex
1696 3144 1813 3212 ipso
1846 3145 1954 3207 sit;
1997 3144 2200 3197 idcirco
2223 3151 2279 3197 et

2372 685 2675 736 ἀποδίδοται
2702 686 2876 752 αὐτῷ’
2913 685 3135 753 άχρονος
3164 684 3269 753 γὰρ
3301 686 3334 752 ἡ
3377 684 3467 736 τοῦ
3502 684 3819 751 Πνεῦματος
3853 687 3944 736 ἐκ·

2375 780 2649 845 πόρευσις,
2685 779 2776 829 καὶ
2799 779 2935 839 ὅλως
2960 780 2990 844 ἠ
3014 778 3184 841 τάξις,
3213 779 3279 846 ἣν
3312 778 3423 845 ἔχει
3451 778 3584 843 προς
3606 777 3697 828 τὸν
3731 777 3862 828 Υίὸν
3891 775 3952 827 rb

2374 868 2619 935 Πνεῦμα.
2671 868 2727 920 Ὀ
2758 868 2931 919 τοίνυν
2978 867 3066 920 διὰ
3105 867 3261 919 τοῦτο
3316 867 3409 917 τοῦ
3444 866 3574 917 Υίοῦ
3611 865 3672 915 rb
3724 864 3950 918 Πνεῦμα

2373 959 2647 1025 λέγεσθαι,
2702 959 2796 1009 καὶ
2851 959 3029 1010 πάντα
3086 958 3151 1010 τὰ
3204 956 3430 1008 τοιαῦτα
3469 956 3944 1017 άποδιδοῦς,δινῖτι

2374 1050 2502 1115 παρ’
2521 1046 2685 1102 αὐτοῦ
2706 1050 2817 1109 τοῖς
2850 1048 3021 1113 ἀξίοις
3046 1046 3459 1109 ἀποστέλλεται,
3491 1047 3552 1096 rb
3576 1045 3720 1098 κατὰ
3750 1046 3944 1112 χρόνον

2374 1141 2594 1207 γεγονὸς
2638 1141 2819 1193 αἰτίαν
2870 1138 2963 1190 τοῦ
3012 1139 3149 1207 ὑπὲρ
3181 1140 3369 1208 χρόνον
3409 1138 3560 1199 ὄντος
3594 1137 3949 1190 ἀποδίδωσιν.

2374 1231 2542 1293 Αὐτός
2598 1248 2657 1284 τε
2686 1230 2777 1283 οῦν
2817 1230 3033 1298 ἀμαθής
3066 1230 3181 1283 ἐστι
3202 1232 3331 1297 περὶ
3352 1230 3450 1297 τὴν
3482 1230 3738 1281 ἀπόδοσιν
3764 1230 3953 1295 άμπρ-

2377 1323 2574 1383 τάνων,
2623 1325 2725 1391 τήν
2769 1340 2826 1375 τε
2885 1322 2979 1373 τοῦ
3040 1323 3355 1391 Πνεύματος
3409 1320 3639 1387 ὓπαρξιν
3695 1321 3956 1387 ἐγχρονον

2376 1412 2693 1481 καθίστησι,
2722 1415 2817 1465 καὶ
2849 1416 2959 1471 τοῖς
2992 1413 3157 1474 θείοις
3203 1412 3511 1481 προσώποις
3544 1410 3954 1478 συμϐεϐηκέναι

2377 1509 2498 1559 τινὰ
2550 1504 2688 1558 κατὰ
2726 1504 2913 1573 χρόνον
2968 1505 3309 1574 ὁμολογήσει.
3369 1505 3444 1556 Οὐ
3500 1504 3685 1571 μέντοι
3724 1501 3863 1553 διότι
3894 1501 3952 1550 ἐν

2378 1597 2553 1667 χρόνῳ
2586 1598 2695 1658 τοῖς
2724 1597 2894 1662 ἀξίοις
2931 1598 2958 1649 ό
2986 1596 3342 1665 Παράκλητος
3382 1591 3812 1647 ἀποστέλλεσθαι
3868 1590 3956 1641 λέ-

2378 1707 2557 1756 γεται,
2588 1689 2675 1741 διὰ
2700 1689 2856 1741 τοῦτο
2890 1690 2945 1741 ἐν
2982 1688 3059 1755 τῷ
3082 1674 3205 1755 θεῷ
3234 1686 3377 1739 κατὰ
3404 1686 3598 1755 χρόνον
3628 1701 3683 1736 τι
3714 1682 3954 1749 συμϐαί-

2381 1800 2478 1834 νει.
2519 1781 2677 1835 Κατὰ
2702 1780 2812 1849 γὰρ
2840 1780 2928 1833 τὸν
2963 1779 3135 1846 μέγαν
3161 1778 3436 1831 Βασίλειον
3467 1780 3524 1828 ἐν
3550 1775 3797 1841 τετάρτῳ
3844 1771 3954 1821 τῶν

2382 1870 2830 1940 ’Λντιῤῥητικῶν,
2857 1887 2875 1920 ι
2906 1869 3019 1922 Οὐκ
3045 1869 3101 1920 ἐν
3128 1866 3305 1937 χρόνῳ
3323 1866 3385 1919 rb
3409 1866 3593 1935 προϊὸν
3617 1867 3682 1916 ἐκ
3706 1862 3803 1915 τοῦ
3816 1860 3955 1915 Θεοῦ

2382 1960 2620 2028 πρόεισι,
2647 1958 2748 2011 κᾶν
2773 1959 2829 2009 ἐν
2852 1958 3027 2027 χρόνῳ
3051 1956 3148 2020 τάς
3174 1955 3452 2025 ἐνεργείας
3488 1952 3749 2021 ἀποδιδῷ.
3786 1970 3805 2003 ι

2454 2052 2576 2105 Ἔτι
2610 2053 2637 2103 ό
2672 2050 2829 2112 αὐτὸς
2864 2051 2921 2100 ἐν
2953 2050 3029 2117 τῷ
3056 2048 3235 2116 αὐτῷ·
3278 2067 3297 2099 ‹
3334 2047 3465 2099 Οὑδέ
3494 2047 3602 2113 γάρ
3652 2044 3874 2097 ἔλαττόν
3902 2060 3954 2095 τι

2379 2148 2521 2212 ἕξειν
2546 2145 2839 2214 ἐμέὶλομεν
2861 2143 2939 2205 είς
2963 2142 3023 2195 rb
3050 2140 3337 2209 γινώσκειν
3356 2140 3417 2191 rb
3438 2138 3660 2205 Πνεῦμα
3685 2136 3956 2204 ὑπάρχειν

2380 2238 2442 2287 ἐκ
2465 2235 2555 2287 τοῦ
2579 2233 2736 2299 Θεοῦ,
2770 2230 2992 2301 Πνεῦμα
3016 2232 3279 2297 στόματος
3301 2227 3462 2283 αὑτοῦ
3485 2228 3777 2287 ἀκούοντες
3795 2226 3951 2289 αὐτὸ,

2378 2327 2491 2381 ἀλλ’
2523 2324 2703 2378 ἱκανὸν
2727 2323 2996 2378 καὶτοῦτο
3015 2324 3075 2376 rb
3102 2323 3267 2391 δνομα
3293 2322 3392 2392 τὴν
3415 2321 3651 2389 ὓπαρξιν
3670 2320 3838 2372 αὑτοῦ
3861 2320 3955 2386 δη-

2378 2417 2544 2470 λῶσαι
2570 2414 2665 2483 τὴν
2692 2416 2755 2467 ἐκ
2776 2414 2931 2468 Θεοῦ.
2954 2414 3015 2469 El
3040 2413 3218 2466 τοίνυν
3243 2413 3301 2465 τ’)
3335 2414 3396 2464 rb
3427 2412 3651 2481 Πνεῦμα
3681 2411 3955 2479 ὑπάρχειν

2380 2513 2444 2562 ἐκ
2474 2507 2568 2561 τοῦ
2593 2508 2728 2561 Θεοῦ
2758 2509 2871 2561 ίσον
2898 2508 3012 2560 ἐστὶ
3027 2506 3104 2576 τῷ
3136 2506 3198 2560 rb
3227 2503 3448 2574 Πνεῦμα
3481 2505 3750 2573 στόματος
3785 2503 3953 2555 αὐτοῦ

2381 2600 2630 2667 λέγεσθαι
2650 2600 2780 2654 άῦτό
2804 2616 2819 2631 ·
2847 2598 2960 2652 ἀλλ’
2988 2601 3165 2652 ἐκεῖνο
3196 2597 3296 2665 τὴν
3323 2599 3388 2650 ἐκ
3417 2599 3511 2650 τοῦ
3540 2596 3676 2648 θεοῦ
3712 2594 3954 2661 ὓπαρξιν

2379 2695 2472 2746 τοῦ
2521 2693 2678 2760 ἁγίου
2729 2691 3042 2759 Πνεῦματος
3104 2689 3287 2760 δηλοῖ·
3343 2690 3451 2757 ἄρα
3483 2689 3580 2740 καὶ
3628 2689 3690 2741 rb
3723 2686 3952 2752 Πνεῦμα

2385 2784 2512 2839 Υἱοῦ
2560 2782 2811 2851 λέγεσθαι
2847 2782 2944 2851 τὴν
2994 2782 3163 2849 αὐτὴν
3208 2779 3443 2847 ὓπαρξιν
3475 2778 3570 2830 τοῦ
3627 2777 3951 2845 Πνεῦμα-τος

2382 2876 2474 2927 καὶ
2504 2874 2648 2943 παρὰ
2675 2871 2765 2925 τοῦ
2797 2871 2926 2925 Υίοῦ
2960 2871 3233 2938 ἐμψαίνει.
3277 2870 3485 2923 ἰκανὸν
3516 2870 3649 2937 γὰρ,
3683 2869 3816 2935 ἔφη,
3847 2868 3952 2919 καὶ

2380 2965 2539 3020 τοῦτο
2563 2965 2659 3033 τὴν
2702 2963 2934 3034 ὓπαρξιν
2973 2962 3067 3015 τοῦ
3099 2961 3414 3029 Πνεῦματος
3457 2960 3671 3029 δηλοῦν.
3706 2960 3819 3011 υῦκ
3840 2958 3953 3027 ἀρα

2380 3058 2441 3109 rb
2478 3056 2698 3125 Πνεῦμα
2718 3057 2809 3107 τοῦ
2836 3054 2962 3107 Υίοῦ
2983 3054 3255 3121 λέγεσθαι,
3284 3053 3358 3116 ὥς
3388 3069 3532 3114 τινες
3556 3050 3862 3119 βούλονται,
3888 3050 3953 3101 rb

2380 3146 2663 3217 ὀμοούσιον
2702 3145 2974 3215 ἐμφαίνει,
3035 3144 3150 3197 ἀλλ’
3196 3144 3279 3197 ὅτι
3307 3142 3365 3206 ἐξ
3408 3141 3620 3193 ἐκείνου
3656 3140 3811 3200 ἐστὶ,
3857 3137 3953 3189 διὰ

717 3234 1205 3289 consubstantialis
1259 3242 1343 3288 est
1401 3234 1526 3301 ipsi.
1560 3234 1760 3288 Eadem
1787 3243 1871 3289 est
1904 3242 2083 3289 autem
2117 3235 2276 3296 ratio,
2307 3250 2349 3307 α

2307 3250 2349 3307 c
2380 3240 2539 3292 τοῦτο
2594 3239 2689 3292 καὶ
2733 3238 3015 3305 όμοοὺσιόν
3052 3237 3199 3288 ἐστιν
3226 3235 3394 3304 αὐτῷ.
3442 3233 3503 3286 Ὀ
3531 3232 3576 3285 δ’
3603 3232 3765 3293 αὐτὸς
3789 3230 3954 3297 λόγος

716 3335 774 3379 ct
808 3325 875 3379 de
900 3340 967 3379 eo
993 3325 1137 3394 quod
1165 3325 1375 3378 dicatur
1419 3323 1653 3391 Spiritus
1685 3323 1940 3393 proprius
1976 3323 2122 3378 Filii.
2152 3324 2281 3378 Pro-

719 3416 872 3485 prius
928 3430 1165 3483 namque
1213 3416 1379 3469 Filius
1427 3415 1629 3469 dicitur
1673 3415 1875 3479 Patris,
1927 3424 1982 3469 et
2044 3416 2280 3483 Spiritus

716 3507 894 3562 Patris
937 3515 993 3561 et
1045 3506 1192 3571 Filii,
1243 3506 1387 3574 quod
1420 3516 1712 3574 utrumque
1741 3508 1807 3560 ad
1838 3521 1985 3570 eum,
2011 3506 2167 3575 cujus
2198 3516 2283 3560 est

723 3598 1026 3673 proprium,
1058 3605 1119 3650 ut
1169 3606 1449 3651 causatum
1511 3597 1817 3663 referatur;
1850 3605 1906 3649 et
1934 3595 2279 3650 manifestum

721 3703 823 3755 εει,
855 3692 982 3760 quia
1033 3708 1141 3746 non
1191 3693 1550 3747 convertitur.
1588 3691 1741 3757 Quod
1776 3692 1821 3745 si
1860 3693 2117 3761 proprius
2145 3690 2279 3744 dici-

720 3790 808 3832 :ur
840 3790 899 3834 ut
944 3782 1447 3845 consubstantialis,
1508 3784 1663 3848 cujus
1713 3792 1797 3836 est
1848 3780 2126 3849 proprius,
2185 3778 2279 3833 sed

718 3873 1259 3927 consubstantiatitas
1320 3874 1694 3943 principaliter
1749 3888 1968 3928 causam
2004 3881 2059 3927 et
2093 3886 2281 3927 causav

723 3977 837 4018 tum
878 3966 1167 4035 signiﬁcat,
1193 3974 1250 4019 ut
1282 3975 1562 4021 ostensum
1614 3976 1731 4029 est;
1763 3976 1816 4019 ct
1846 3980 1967 4019 esse
1999 3965 2280 4033 proprium

720 4074 853 4129 ergo
886 4074 1104 4113 causam
1137 4067 1194 4111 et
1247 4068 1531 4112 causatum
1580 4058 1854 4126 exprimit.
1892 4058 2056 4125 Atqui
2095 4070 2283 4123 proce-

722 4149 853 4203 dero
910 4149 1047 4201 nilnl
1107 4148 1277 4209 aliud,
1318 4164 1478 4217 quam
1536 4149 1907 4201 cxsistentiam
1952 4148 2156 4201 habere
2186 4163 2281 4215 per

724 4240 944 4293 modum
982 4239 1345 4308 proccssionis
1374 4238 1695 4307 signiﬁcate,
1721 4254 1912 4293 omnes
1938 4240 2124 4307 utique
2148 4238 2283 4292 fate-

723 4333 964 4394 buntur;
1019 4332 1472 4399 quemadmodum
1520 4340 1575 4384 et
1603 4331 1845 4399 generari
1892 4330 2113 4383 modqu
2142 4328 2286 4383 exsi-

723 4422 901 4476 stendi
934 4421 1055 4475 Filii
1112 4422 1390 4487 exprimit,
1434 4421 1579 4488 quod
1639 4421 1848 4474 scilicet
1912 4435 2009 4489 per
2062 4419 2282 4472 modum

726 4512 1115 4582 generationis.
1170 4512 1336 4579 Igitur
1397 4510 1541 4579 quod
1586 4510 1655 4563 ab
1709 4510 1961 4564 omnibus
2020 4509 2286 4579 theologis

2383 3333 2477 3385 xui.
2503 3331 2630 3401 περὶ
2661 3329 2756 3383 τοῦ
2790 3330 2917 3383 [διον
2953 3328 3206 3390 λέγεσθαι
3257 3327 3319 3378 rb
3365 3324 3587 3391 Πνεῦμα
3637 3322 3730 3375 τοῦ
3792 3322 3953 3374 Υίοῦ.

2386 3426 2544 3485 Ἰδιος
2584 3424 2692 3490 γὰρ
2720 3421 2941 3488 λέγεται
2982 3421 3077 3473 καὶ
3120 3421 3149 3472 ό
3203 3419 3332 3481 Tib;
3366 3418 3461 3469 τοῦ
3492 3415 3725 3482 Πατρδς,
3760 3415 3855 3466 καὶ
3890 3413 3957 3466 rb

2384 3513 2605 3581 Πνεῦμα
2637 3512 2764 3565 [διον
2794 3513 2887 3563 τοῦ
2924 3510 3138 3577 Πατρὸς
3186 3508 3282 3561 καὶ
3324 3507 3419 3559 τοῦ
3450 3506 3603 3569 Υίοῦ,
3628 3506 3709 3559 ὅτι
3756 3505 3959 3557 ἑκάτεο

2387 3623 2477 3673 ρον
2502 3604 2637 3674 πρὸς
2667 3604 2758 3656 τὸν
2780 3597 2839 3656 οὗ
2873 3604 3019 3654 ἐστιν
3052 3602 3180 3653 ἴδιον
3208 3600 3283 3661 ὠς
3304 3598 3545 3652 αίτιατδν
3572 3598 3914 3665 ἀναφέρεται
3938 3612 3957 3628 ο

2382 3700 2477 3750 καὶ
2524 3697 2703 3765 δῆλον,
2761 3696 2841 3748 ὅτι
2886 3694 3008 3748 οὐδέ
3064 3695 3435 3761 ἀντιστρέφει.
3478 3692 3541 3743 Ei
3588 3690 3647 3741 δὲ
3705 3691 3840 3741 ίδιον
3878 3689 3961 3751 ὡς

2383 3788 2683 3857 ὁμοούτιον,
2714 3782 2775 3841 οῦ
2808 3790 2954 3841 ἐστιν
2984 3786 3133 3849 ἷδιον,
3161 3786 3398 3853 λέγεται,
3424 3782 3559 3835 ἀλλὰ
3587 3780 3959 3847 τδὸμοούσιον

2385 3879 2624 3950 ἀρχικῶς
2646 3880 2705 3932 rb
2737 3880 2908 3931 αἴτιον
2948 3878 3047 3931 καὶ
3088 3878 3147 3930 rb
3179 3875 3423 3929 alrtarbv
3450 3874 3723 3943 ἐμφαίνει,
3766 3871 3965 3933 ὡςδὲ-

2382 3972 2623 4025 δεικται’
2660 3972 2755 4022 καὶ
2785 3970 2844 4022 rb
2865 3970 2993 4022 ίδιον
3021 3968 3129 4036 ἄρα
3159 3969 3220 4020 rb
3253 3968 3427 4022 αίτιον
3465 3967 3559 4019 καὶ
3605 3968 3664 4021 rb
3705 3968 3965 4019 αίτιατὶν

2388 4067 2703 4131 παρίστησι.
2737 4062 2846 4114 Καὶ
2887 4060 2991 4131 μὴν
3023 4061 3083 4113 rb
3116 4061 3511 4131 ἐκπορεύεσθαι
3556 4063 3659 4115 οὐκ
3689 4060 3822 4114 ἄλλο
3840 4079 3900 4112 τι
3928 4060 3966 4129 ἢ

2383 4157 2481 4223 τὴν
2510 4153 2744 4223 ὓπαρξιν
2784 4153 3129 4221 ὲκπορευτῶς
3170 4152 3316 4221 ἔχειν
3341 4153 3629 4223 σημαίνειν
3654 4157 3861 4214 πάντες
3895 4153 3969 4206 ἃν

2385 4247 2774 4314 ὁμολογήσαιεν
2795 4261 2808 4274 ·
2836 4245 3025 4313 ὥσπερ
3055 4246 3149 4296 καὶ
3169 4245 3229 4297 rb
3254 4246 3547 4311 γεννᾶσθαι
3572 4244 3673 4313 τῆς
3693 4244 3792 4297 τοῦ
3822 4242 3969 4296 Υίοῦ

2387 4336 2671 4406 ὑπάρξεως
2703 4336 2997 4404 παρίστησι
3040 4336 3131 4386 τὸν
3160 4337 3381 4405 τρόπον,
3423 4336 3507 4388 ὅτι
3555 4336 3726 4403 δήπου
3758 4354 3973 4404 γεννη-

2388 4428 2513 4490 τῶς.
2540 4426 2746 4478 Οὐκοῦν
2775 4426 2835 4479 rb
2863 4425 2950 4477 διὰ
2976 4425 3069 4477 τοῦ
3108 4427 3234 4479 Υίοῦ
3266 4426 3666 4496 ἐκπορεύεσθαι
3688 4427 3750 4480 rb
3785 4427 3975 4480 Πνεῦο

2393 4536 2466 4587 μα
2496 4520 2555 4571 rb
2584 4518 2740 4584 ἅγιον
2764 4519 2917 4587 παρὰ
2964 4518 3181 4569 πάντων
3220 4517 3588 4583 θεολογεῖσθαι
3630 4517 3974 4569 διδασκαλία

724 4611 1008 4657 asseratur
1035 4602 1273 4671 Spiritus
1305 4617 1399 4671 per
1427 4602 1624 4655 Filium
1650 4603 1965 4671 procedere,
1996 4601 2283 4655 manifesm
2319 4582 2359 4635 D

2323 4582 2359 4635 Β
2390 4582 2566 4678 σαφὴς
2597 4582 2689 4661 τοῦ
2730 4609 2819 4660 διὰ
2847 4582 2959 4660 ⁷τοῦ
2996 4606 3125 4659 Υἱοῦ
3168 4610 3233 4660 ἐκ
3264 4606 3362 4660 τοῦ
3390 4582 3394 4583 ν
3422 4607 3635 4675 Πατρὸς
3687 4606 3827 4660 αὐτὸ
3861 4606 3974 4677 τὴν

727 4694 973 4749 doctrina
1006 4704 1089 4747 est
1147 4695 1285 4762 ejus,
1331 4693 1477 4762 quod
1519 4709 1616 4761 per
1642 4695 1835 4747 Filium
1877 4709 1945 4748 ex
1978 4694 2136 4747 Patre
2172 4694 2285 4762 ipse

728 4786 926 4839 habeat
979 4784 1373 4838 exsistentiam.
1425 4786 1541 4838 Hoc
1585 4796 1763 4840 autem
1818 4786 1989 4839 instar
2042 4785 2285 4838 omnium

724 4878 943 4941 sulIicit,
978 4888 1034 4931 et
1064 4878 1199 4930 nihil
1224 4892 1362 4945 opus
1403 4887 1487 4931 est
1532 4878 1767 4930 ulterius
1812 4890 1988 4944 neque
2023 4876 2286 4943 theolog's

726 4970 821 5039 qui
873 4970 940 5023 de
992 4968 1386 5022 subsistentiali
1445 4969 1797 5037 processione
1822 4968 1993 5022 divini
2050 4968 2287 5037 Spiritus

736 5063 1031 5124 disserant,
1087 5075 1264 5128 neque
1322 5060 1555 5128 amplius
1608 5059 1676 5113 iis
1728 5059 1822 5128 qui
1882 5059 2048 5111 velint
2094 5058 2159 5111 de
2188 5057 2287 5111 hac

741 5166 886 5207 recte
924 5152 1128 5207 doieri.
1173 5152 1291 5206 Non
1350 5166 1479 5220 ergo
1526 5161 1713 5205 carent
1740 5151 1995 5212 dictione,
2028 5151 2119 5218 qui
2148 5150 2289 5202 hanc

736 5253 1009 5313 quwrunt,
1047 5259 1170 5296 cum
1223 5242 1443 5311 quidam
1480 5243 1722 5311 primarii
1776 5251 2087 5296 sanctorum
2112 5258 2177 5296 ex
2204 5242 2289 5296 Fi-

728 5338 824 5398 lio,
856 5337 945 5390 alii
974 5350 1100 5389 vero
1140 5350 1234 5403 per
1264 5335 1460 5388 Filium
1522 5336 1816 5403 procedere
1859 5336 2059 5389 dicant.
2085 5336 2291 5390 Distin-

730 5443 893 5496 guerc
921 5427 1065 5481 enim
1100 5427 1203 5479 hoc
1254 5426 1373 5479 loco
1414 5427 1851 5495 prmpositioncnt
1902 5444 1992 5495 per
2020 5427 2073 5480 in
2110 5428 2290 5480 diver-

730 5534 819 5573 sas
875 5519 1296 5585 intcliigentias,
1354 5530 1548 5586 praeter
1612 5532 1829 5571 omnem
1885 5518 2150 5571 rationem
2207 5526 2289 5570 est

732 5611 1009 5679 assignare
1054 5610 1199 5664 hunc
1250 5625 1469 5663 sensum
1498 5621 1700 5663 temere
1738 5610 1965 5663 dictioni
2022 5625 2111 5675 per
2138 5625 2200 5661 ac
2233 5624 2289 5662 se

735 5703 882 5770 ipsos
915 5702 1152 5770 regulam
1184 5702 1535 5754 constituere.
1568 5703 1643 5755 Es
1692 5702 1893 5769 quibus
1942 5702 2292 5755 absurdiorcs

734 5794 802 5845 iis
856 5792 987 5844 mihi
1020 5792 1271 5845 videntur
1321 5792 1411 5860 qui
1449 5793 1603 5846 hirco
1650 5807 1839 5844 cervos
1874 5790 2101 5861 ﬁngunt.
2137 5791 2288 5855 Quod

731 5882 774 5935 si
812 5882 922 5933 lure
955 5882 1022 5933 ita
1053 5896 1105 5934 se
1143 5882 1363 5941 habent,
1399 5883 1520 5948 quis
1552 5891 1731 5934 mente
1776 5881 2032 5948 pnedztus
2057 5881 2285 5934 oin-istc-

2389 4699 2619 4767 ὓπαρξιν
2673 4698 2836 4767 ἔχειν.
2895 4697 3063 4750 Τοῦτο
3094 4698 3150 4750 δὲ
3202 4699 3323 4751 ἀντὶ
3370 4698 3588 4751 πάντων
3634 4698 3822 4765 ἀρκεῖ,
3868 4699 3978 4751 καὶ

2386 4787 2537 4839 οὐδὲν
2564 4787 2643 4839 δεῖ
2660 4787 2966 4855 περαιτέρω
2984 4786 3107 4838 οὔτε
3136 4789 3245 4847 τοῖς
3274 4787 3613 4850 διδασκάλοις
3639 4787 3977 4855 θεολογοῦσι

2388 4876 2634 4946 περὶτῆς
2664 4877 3007 4947 ὑπαρκτικῆς
3044 4880 3273 4948 προόδου
3305 4880 3400 4932 τοῦ
3434 4880 3583 4933 θείου
3613 4881 3977 4951 Πνεῦμα-τος,

2387 4968 2510 5020 οὕτε
2539 4968 2647 5036 μὴν
2676 4972 2786 5028 τοῖς
2830 4968 3070 5020 ἐθέλουσι
3106 4970 3234 5037 περὶ
3256 4970 3458 5040 ταύτης
3488 4970 3665 5038 ὀρθῶς
3693 4971 3977 5043 διδαχθῆ-

2387 5074 2473 5109 ναι
2518 5058 2700 5127 δεήσει
2743 5074 2794 5111 τι
2828 5058 3009 5112 πλέον.
3033 5060 3147 5111 Οὐκ
3185 5060 3294 5129 ἄρα
3326 5061 3593 5130 ἀποροῦσι
3620 5062 3721 5130 τῆς
3758 5063 3981 5127 λέξεως

2390 5152 2439 5202 οι
2492 5151 2695 5218 ταύτην
2730 5150 3131 5220 ἐπιζητοῦντες,
3186 5152 3297 5203 τῶν
3340 5152 3439 5221 μὲν
3470 5158 3981 5221 περιφανεστάτων

2389 5242 2558 5307 ἁγίων
2592 5245 2653 5293 ἐκ
2682 5241 2774 5293 τοῦ
2812 5241 2938 5293 Υίοῦ
2992 5242 3386 5311 ἐκπορεύεσθαι
3428 5246 3731 5308 λεγόντων,
3762 5247 3887 5299 τῶν
3919 5249 3982 5301 δὲ

2390 5334 2476 5385 διὰ
2510 5332 2600 5383 τοῦ
2652 5331 2779 5383 Υίοῦ
2821 5332 3215 5401 ἐκπορεύεσθαι
3240 5348 3256 5365 ο
3293 5334 3353 5385 rb
3399 5335 3506 5402 γὰρ
3542 5338 3620 5397 είς
3669 5336 3983 5406 διαφόρηυς

2390 5427 2595 5487 ἑννοίας
2650 5423 2881 5477 ἐνταῦθα
2932 5424 3029 5491 τὴν
3072 5424 3168 5477 διὰ
3198 5424 3427 5493 διαιρεῖν
3481 5426 3975 5494 ἀποκληρούντων

2391 5522 2564 5581 ἄλλως
2592 5522 2739 5589 παρὰ
2764 5522 2941 5572 πάντα
2988 5520 3142 5587 λόγον
3174 5522 3310 5584 ἐστὶ,
3343 5522 3436 5574 καὶ
3476 5524 3699 5585 ἑαυτοὺς
3724 5528 3987 5595 ἡγουμέο

2391 5629 2497 5663 νων
2525 5612 2742 5666 κανόνα,
2788 5612 2877 5675 Ἐξ
2908 5606 2982 5663 ὧν
3012 5613 3346 5683 ἀτοπώτεροι
3372 5615 3652 5682 φαίνονται
3724 5619 3848 5671 τῶν
3887 5624 3989 5674 καὶ

2394 5704 2514 5764 τοὺς
2543 5704 2920 5771 τραγελάφους
2944 5704 3415 5760 ἁναπλαττόντων.
3440 5706 3499 5758 ΕΞ
3531 5708 3588 5760 δὲ
3618 5708 3778 5761 ταῦθ’
3803 5712 3986 5776 οὕτω,

2392 5793 2475 5852 τίς
2506 5793 2569 5842 ἂν
2594 5792 2716 5843 νοῦν
2752 5796 2889 5859 ἔχων
2913 5795 3129 5864 ἐνσταίη
3166 5796 3238 5865 μὴ
3261 5799 3325 5849 ἐκ
3362 5795 3456 5847 τοῦ
3489 5798 3702 5867 Πατρδς
3741 5802 3855 5853 καὶ
3892 5804 3987 5857 τι..)

2398 5884 2526 5935 Υἱοῦ
2576 5888 2635 5935 τὸ
2691 5885 2909 5951 Πνεῦμα
2940 5888 3000 5939 rb
3029 5886 3181 5953 ἅγιον
3214 5887 3308 5956 τὴν
3356 5886 3587 5954 ἰταρξιν
3648 5890 3840 5959 Exim;
3887 5900 3982 5947 χιε
