4180 6458
131 446 215 508 921

1038 453 1135 512 DE
1175 452 1694 512 l’ROCESSIONE
1736 450 2095 511 SPIRITUS
2138 448 2433 508 SANCTI.

3248 444 3356 504 925!

131 553 362 619 τοσούτῳ
400 551 618 618 μᾶλλον,
674 555 782 625 ὅσῳ
814 558 905 609 καὶ
951 557 1038 611 διὰ
1091 558 1184 610 τοῦ
1218 561 1389 623 Λόγου
1419 561 1445 611 ὁ
1493 559 1680 627 Πατὴρ

1799 569 1890 621 'et,
1927 576 2031 613 non
2083 575 2148 613 ex
2200 558 2357 611 l‘atre
2404 570 2500 624 per
2549 554 2746 608 Filium
2805 554 3065 622 Spiritum
3107 564 3359 605 sanctum

131 642 416 709 προὸολεύς
448 642 538 695 τοῦ
596 646 907 714 Πνεύματος
935 649 1014 718 τῷ
1054 650 1402 719 Δαμασκηνῷ
1436 652 1681 717 εἴρηται.

134 732 187 783 Εἰ
223 732 331 801 γὰρ
358 734 417 785 τὸ
468 736 556 789 διὰ
587 737 677 789 τοῦ
722 739 848 792 Υίοῦ
904 742 973 792 τὰ
1004 741 1179 794 πάντα
1225 741 1529 806 γεγονέναι,
1565 740 1687 792 ὅσον

129 826 245 892 ἥκει
270 829 349 888 είς
375 827 475 895 τὴν
504 829 623 895 διὰ,
655 832 863 884 καὶτὸν
889 834 1015 883 rm
1049 834 1145 886 ἕνα
1188 834 1515 901 δημιουργὸν
1552 832 1689 901 μετὰ

130 914 217 967 τοῦ
269 917 477 986 Πατρὸς
509 923 605 972 καὶ
633 923 861 991 ποιητὴν
895 923 1002 975 τῶν
1033 924 1201 977 ὄντων
1232 923 1581 992 παρίστησιν)
1614 924 1690 984 ὡς

131 1008 160 1074 ἡ
192 1007 456 1078 καθολικὴ
510 1011 690 1073 πίστις
725 1014 999 1079 ὁμολογεῖ,
1035 1014 1151 1074 πῶς
1181 1015 1274 1065 ἐπὶ
1330 1016 1430 1082 τῆς
1463 1015 1687 1082 προόδου

128 1094 217 1146 τοῦ
251 1096 394 1149 θείου
422 1099 739 1168 Πνεύματος
774 1103 872 1153 οὐκ
893 1103 956 1153 ἂν
992 1105 1018 1154 ὁ
1051 1103 1174 1163 Υἱὸς
1208 1102 1373 1155 αὐτοῦ
1418 1105 1691 1166 συναίτιος

128 1187 208 1255 εἴη
231 1228 249 1250 ,
278 1189 372 1240 καὶ
394 1183 475 1250 εἷς
504 1192 697 1253 αἴτιος,
733 1192 800 1243 δι’
830 1192 1024 1245 ἑαυτοῦ
1057 1193 1147 1246 τὸν
1178 1194 1397 1261 Πατέρα
1421 1194 1690 1260 προϐολέα

126 1278 217 1330 τοῦ
242 1279 552 1347 Πνεύματος
579 1282 715 1350 ἔχων
748 1283 839 1335 τοῦ
870 1285 1155 1350 ὀμοουσίου
1188 1286 1401 1354 ἑαυτῷ;
1434 1285 1689 1337 Διόασκέσ

126 1387 307 1423 τωσαν
328 1374 433 1441 γὰρ
454 1374 623 1441 ἡμᾶς,
652 1376 766 1430 πῶς
796 1378 852 1427 ὲν
876 1376 1046 1428 ἆπασι
1081 1378 1180 1445 μὲν
1199 1380 1308 1438 τοῖς
1331 1378 1418 1430 διὰ
1444 1377 1536 1430 τοῦ
1559 1375 1688 1429 Υίοῦ

127 1460 460 1527 κτιζομένοις
481 1458 631 1525 οὗτος
667 1466 867 1532 μᾶλλον
888 1468 1092 1534 ἥνωται
1122 1468 1200 1534 τῷ
1230 1470 1425 1534 Πατρὶ,
1455 1470 1511 1520 ὲν
1536 1469 1591 1521 δὲ
1622 1472 1687 1538 τῇ

125 1549 208 1602 διὰ
229 1550 325 1602 τοῦ
358 1551 486 1603 Υίοῦ
511 1553 832 1619 ὲκπορεύσει
857 1554 1143 1623 διῄρηται;
1178 1557 1235 1607 ὲν
1338 1573 1421 1615 τις
1448 1555 1514 1607 ἂν
1559 1555 1691 1617 ἴσως

125 1641 266 1693 εἴποι
288 1643 384 1694 καὶ
413 1645 584 1712 μείζω
612 1645 712 1711 τὴν
738 1647 1025 1699 κοινωνίαν
1057 1647 1238 1699 αὐτῶν
1280 1643 1419 1698 εἶναι
1455 1648 1587 1707 δεῖν,
1618 1646 1693 1708 ὡς

122 1730 186 1783 ἂν
208 1734 274 1784 ὲκ
304 1733 404 1802 τῆς
432 1736 617 1804 κοινῆς
648 1736 834 1799 οὐσίας
885 1738 980 1790 καὶ
1034 1738 1184 1799 θείας
1227 1737 1321 1789 τοῦ
1362 1738 1573 1805 Πατρὸς
1599 1738 1695 1791 καὶ

123 1822 215 1875 τοῦ
249 1824 381 1877 Υίοῦ
404 1827 759 1895 προαγόντων
780 1828 841 1880 τὸ
872 1828 1098 1896 Πνεῦμα
1129 1830 1189 1880 τὸ
1215 1831 1370 1897 ἆγιον
1398 1833 1495 1899 τῆς
1524 1829 1692 1891 αὐτῆς

1796 653 2166 708 cxsistentiam
2226 650 2471 704 habere?
2529 657 2693 717 atque
2739 661 2797 701 ea
2857 646 3049 713 magis,
3105 661 3214 712 quo
3267 659 3364 712 per

1797 743 2032 795 Verbum
2100 742 2260 795 Pater
2312 738 2612 809 productor
2664 737 2902 804 Spiritus
2948 750 2979 786 λ
3031 734 3362 787 Datnaseeno

1796 836 1979 889 dictus
2026 843 2132 888 est.
2160 834 2216 886 Si
2263 832 2409 885 enim
2455 826 2586 882 illud
2651 843 2747 895 per
2800 826 2997 879 Filium
3047 838 3166 875 esse
3226 822 3360 874 facta

1796 927 2017 987 omnia,
2067 934 2330 992 quantum
2385 921 2581 973 attinet
2654 918 2721 969 ad
2773 914 3209 983 prazpositionmn
3275 928 3365 977 per

1795 1019 1957 1070 etiam
1990 1016 2184 1069 Filium
2223 1029 2391 1065 unum
2440 1009 2787 1064 conditorem
2838 1016 2999 1073 atque
3059 1014 3361 1057 creatorem

1798 1118 1981 1157 rerum
2014 1118 2137 1156 cum
2172 1101 2351 1161 Patre,
2384 1099 2558 1156 docet.
2596 1106 2649 1150 et
2691 1094 2965 1160 exprimit,
3003 1104 3060 1144 nt
3094 1092 3364 1145 catholica

1798 1195 1933 1248 ﬁdes
1974 1195 2195 1256 fatetur,
2233 1189 2512 1259 quomodo
2564 1188 2618 1241 in
2672 1201 2929 1254 processu
2988 1183 3155 1236 divini
3196 1182 3367 1250 Spiri—

1800 1298 1906 1348 tus,
1947 1301 2052 1338 non
2079 1287 2244 1339 etiam
2301 1282 2474 1336 Filius
2512 1281 2632 1346 ejus
2673 1291 2940 1330 concausa
2974 1274 3270 1335 exstiterit,
3310 1282 3367 1325 et

1798 1392 1903 1428 una
1937 1390 2098 1429 causa
2133 1376 2205 1427 sit
2239 1375 2452 1426 Patrem
2510 1368 2891 1437 productorem
2931 1364 3135 1417 habens
3166 1378 3264 1429 per
3306 1376 3367 1413 se

1798 1469 1976 1537 ipsum
2014 1466 2254 1531 Spiritus
2275 1464 2379 1516 sibi
2410 1457 2930 1515 consubstantialis?
2963 1452 3365 1508 Doceantenint

1798 1578 1919 1624 nos,
1948 1560 2225 1631 quomodo
2252 1559 2306 1612 in
2361 1554 2620 1610 omnibus
2663 1569 2763 1622 per
2814 1550 3012 1605 Filium
3050 1548 3248 1601 creatis
3283 1547 3368 1599 Fi-

1799 1655 1905 1708 lius
1944 1654 2115 1721 magis
2150 1652 2221 1706 sit
2272 1652 2602 1719 conjunctus
2658 1643 2802 1697 Patri
2851 1645 2953 1700 :in
3016 1640 3368 1710 proccssionc

1799 1763 1929 1800 vero
1971 1761 2068 1813 per
2124 1744 2318 1797 Filium
2379 1742 2450 1794 sit
2486 1735 2828 1806 disjnnctus?
2876 1734 2927 1787 in
2975 1748 3083 1802 quo
3122 1731 3370 1784 fortassis

1800 1837 1995 1905 aliquis
2042 1836 2263 1897 dixerit,
2314 1835 2477 1887 etiam
2515 1833 2774 1899 majorem
2808 1823 3214 1894 conjuctionem
3249 1835 3370 1874 esse

124 1912 182 1965 ὃν
208 1917 304 1967 καὶ
332 1917 463 1969 αὐτὸ
488 1918 698 1984 οὐσίας,
734 1918 766 1988 ἦ
801 1921 857 1971 ὲν
886 1922 950 1989 τῇ
990 1919 1099 1972 τῶν
1146 1921 1463 1987 κτισμάτων
1515 1937 1689 1989 παρα-

1799 1939 2070 1998 oportere.
2096 1928 2232 1980 Cum
2272 1940 2339 1977 ex
2385 1921 2658 1975 communi
2724 1926 2781 1971 et
2841 1915 3024 1968 divina
3061 1912 3371 1967 substantia

126 2007 280 2074 γωγῇ
314 2005 437 2059 οὔτε
468 2008 530 2061 ἐκ
562 2010 658 2077 τῆς
689 2010 878 2078 κοινῆς
916 2011 1104 2073 οὐσίας
1134 2012 1272 2063 αὐτὰ
1306 2011 1691 2079 παραγόντων,

122 2098 259 2150 ἀλλὰ
292 2100 513 2168 καὶτῆς
557 2101 773 2167 φύσεως
816 2102 996 2155 αὐτῶν
1022 2101 1187 2171 οὔσης
1226 2103 1359 2172 πρὸς
1392 2103 1490 2168 τὴν
1542 2102 1694 2155 θείαν

125 2188 472 2241 παντάπασιν
496 2189 799 2259 ἀλλοτρίας.
829 2190 1036 2243 Οὔκουν
1061 2191 1173 2260 ἔχοι
1207 2208 1290 2252 τις
1324 2192 1389 2243 ἂν
1420 2192 1616 2255 εἰπεῖν,
1646 2189 1695 2243 εί

126 2277 199 2347 μὴ
230 2285 556 2349 μαινόμενος
586 2283 693 2350 εἴη,
746 2282 822 2343 ὠς
870 2281 977 2350 ἄρα
1023 2283 1083 2334 τὸ
1114 2282 1200 2334 διὰ
1242 2282 1335 2333 τοῦ
1367 2281 1495 2334 Υίοῦ
1537 2283 1698 2333 ὲκπο-

125 2368 381 2435 ρεὺεσθαι
412 2370 471 2424 τὸ
497 2371 583 2424 διὰ
603 2372 695 2424 τοῦ
727 2372 858 2425 Υίοῦ
890 2372 1131 2426 δίδοσθαι
1160 2373 1438 2441 σημαίνει.
1472 2373 1545 2424 Οὐ
1588 2373 1697 2440 γὰρ

120 2460 206 2512 διὰ
230 2460 328 2512 τοῦ
360 2461 489 2513 Υίοῦ
514 2462 782 2527 δίδοσθαι,
810 2465 842 2532 ἢ
892 2465 1238 2531 πέμπεσθαι,
1273 2465 1304 2534 ἢ
1338 2464 1698 2534 χορηγεῖσθαι

123 2549 291 2617 μόνον
313 2552 460 2621 παρὰ
510 2552 618 2605 τῶν
644 2553 979 2606 διδασκάλων
1007 2555 1245 2621 λέγεται,
1271 2555 1389 2607 οὐδὲ
1422 2557 1550 2623 περὶ
1577 2555 1699 2606 τού-

119 2654 229 2691 των
256 2640 617 2709 διαλεγόμεθα
653 2641 749 2695 νῦν
782 2645 847 2713 (εί
888 2647 979 2697 καὶ
1012 2646 1144 2697 αὐτὸ
1195 2646 1531 2699 ἐνδεικτικόν
1580 2647 1698 2698 ἐστι

120 2733 218 2785 τοῦ
270 2734 357 2787 διὰ
390 2734 482 2787 τοῦ
529 2734 658 2788 Υίοῦ
709 2736 1106 2802 ἐκπορεύεσθαι
1162 2738 1258 2788 καὶ
1308 2737 1406 2805 τὴν
1459 2735 1695 2804 ὓπαρξιν

121 2824 295 2891 ἔχειν.
331 2827 404 2878 Οὐ
453 2827 560 2895 γὰρ
602 2827 771 2897 δήπου
805 2829 893 2882 διὰ
929 2830 1021 2883 τοῦ
1058 2830 1186 2883 Υἱοῦ
1219 2826 1570 2882 ἀπεστέλλετ’
1607 2830 1696 2891 ἂν,

124 2916 174 2967 εί
210 2916 292 2986 μὴ
317 2920 411 2969 καὶ
437 2918 505 2971 δι’
535 2918 701 2973 αὐτοῦ
735 2921 996 2989 πρότερον
1025 2922 1123 2991 τὴν
1149 2921 1385 2990 ὓπαρξιν
1410 2918 1546 2990 εἷχε,
1575 2920 1699 2973 καθ’

127 3009 197 3074 ἢν
249 3009 438 3070 ἁῖδίως
491 3013 953 3081 ἐκπορευόμενον,
1007 3014 1275 3083 χρονικώς
1336 3012 1505 3073 οὕτως
1556 3012 1700 3080 ἔχειν

130 3102 290 3169 παρὰ
327 3102 433 3154 τῶν
485 3103 789 3171 ἀνθρώπων
829 3105 1198 3171 γινώσκεται·
1230 3107 1349 3175 ἥτις
1394 3106 1460 3175 δὴ
1499 3105 1700 3172 γνῶσις

121 3196 227 3262 τῆς
264 3195 683 3264 μεγαλειότητος
741 3195 905 3249 αὐτοῦ
957 3200 1054 3250 καὶ
1098 3200 1195 3265 τῆς
1235 3198 1520 3266 ὑπάρξεως
1563 3199 1699 3249 ἀπο·-
1726 3232 1773 3296 C

121 3286 293 3355 στολὴ
331 3286 469 3355 πρὸς
504 3286 629 3348 τούς
656 3286 973 3357 ἀνθρώπους
1008 3290 1105 3341 καὶ
1135 3290 1287 3359 παρὰ
1325 3292 1433 3341 τῶν
1483 3287 1696 3357 ἀνθρώ-

120 3391 246 3426 πων
274 3375 537 3446 λέγεται),
552 3377 687 3429 ἀλλὰ
704 3380 953 3446 περὶτῆς
970 3379 1061 3432 τοῦ
1082 3380 1475 3448 ἐκπορεύεσθαι
1501 3378 1698 3443 λέξεως

117 3465 145 3515 ό
175 3464 340 3532 λόγος
372 3464 483 3529 νῦν,
520 3467 639 3519 καθ’
665 3470 730 3538 ἢν
753 3469 815 3520 ἐκ
845 3468 937 3520 τοῦ
974 3472 1181 3537 Πατρὸς
1214 3471 1299 3522 διὰ
1324 3469 1415 3522 τοῦ
1450 3468 1577 3519 Υίοῦ
1611 3469 1703 3518 ὲκο

117 3555 455 3622 πορεύεσθαί
484 3575 634 3626 φασι,
686 3560 780 3611 καὶ
812 3560 878 3630 ἢν
923 3560 1226 3630 δηλωτικὴν
1278 3565 1377 3631 τῆς
1409 3562 1694 3630 ὑπάρξεως

116 3646 291 3698 αὐτοῦ
322 3649 518 3711 πάντες
545 3649 886 3719 ὁμολογοῦσι.
940 3653 1131 3704 Καίτοι
1174 3655 1268 3705 καὶ
1295 3654 1403 3708 τῶν
1440 3656 1697 3711 διδασκά-

113 3737 229 3791 λων
261 3738 410 3799 τινὲς
448 3739 547 3810 τὴν
576 3741 670 3793 τοῦ
701 3741 859 3809 ἁγίου
905 3744 1221 3813 Πνεύματος
1246 3749 1571 3816 ὲκπόρευσιν
1604 3752 1694 3805 ἔκ-

113 3830 336 3899 πεμψιν
367 3827 507 3886 εἷναι
553 3832 895 3887 διδάσκουσιν
928 3836 1116 3897 ἀΐδιον,
1164 3838 1321 3890 τοῦτο
1357 3841 1454 3908 μὲν
1484 3843 1511 3894 ό
1543 3842 1689 3896 Θαυ-

115 3922 439 3991 ματουργὸς
464 3923 780 3995 Γρηγόριος,
814 3926 970 3979 τοῦτο
1002 3927 1058 3979 δὲ
1099 3929 1393 3999 Γρηγόριος
1434 3936 1461 3985 ὁ
1504 3936 1695 3990 Θεολόο

110 4030 234 4079 γος,
263 4016 296 4068 δ
323 4015 423 4083 μὲν
440 4015 496 4066 ἔν
522 4017 684 4086 λόγῳ,
715 4011 775 4070 οὗ
798 4022 829 4088 ὴ
852 4020 1016 4089 ἁρχὴ,
1054 4023 1361 4088 Ἐχθιστοι
1388 4026 1485 4077 καὶ
1508 4027 1698 4081 ἀλλό-

110 4121 293 4172 τριοι.
333 4106 577 4174 φάσκων,
607 4127 623 4158 ι
656 4110 986 4179 ’Δγεννήτως
1021 4113 1117 4181 μὲν
1146 4114 1297 4176 ὄντος
1334 4119 1426 4168 τοῦ
1458 4119 1695 4188 Πατρὸς,

111 4196 478 4266 γεννηθέντος
516 4198 572 4251 δὲ
624 4198 716 4251 τοῦ
762 4200 890 4252 Υίοῦ
937 4202 1000 4252 ὲκ
1048 4202 1140 4253 τοῦ
1203 4205 1434 4273 Πατρὸς,
1494 4208 1589 4260 τοῦ
1638 4226 1698 4262 τε

109 4288 443 4357 Πνεύμλτος
475 4289 539 4341 ὲκ
567 4288 662 4360 τῆς
683 4289 865 4353 οὐσίας
890 4290 983 4343 τοῦ
1023 4292 1231 4363 Πατρὸς
1255 4295 1321 4345 δι’
1348 4294 1476 4348 Υίοῦ
1514 4298 1697 4361 ἀῐδίως

107 4378 567 4447 ἑκπεμφθέντοςο
607 4398 624 4429 ι
657 4383 684 4432 ό
713 4380 770 4434 δὲ
798 4383 856 4433 ὲν
895 4383 972 4451 τῷ
1002 4386 1139 4452 πρὸς
1172 4386 1396 4456 Ἥρωνα
1426 4392 1516 4441 τὸν
1545 4390 1696 4459 φιλό-

109 4485 317 4538 σοφον,
359 4468 488 4522 ῐδιον
524 4470 619 4523 τοῦ
666 4472 822 4539 ἁγίου
885 4474 1199 4542 Πνεύματος
1258 4478 1357 4549 τὴν
1415 4480 1695 4551 ἔκπεμψιν

1775 2023 1957 2078 Ῥειθι·
2001 2028 2060 2074 et
2094 2018 2265 2072 Filius
2294 2015 2601 2085 producant
2652 2010 2914 2079 Spiritum
2967 2015 3237 2065 sanctum,
3271 2004 3365 2071 qui

1796 2122 1851 2167 et
1878 2112 1993 2179 ipse
2026 2109 2270 2177 ejusdem
2301 2105 2515 2160 exsistit
2548 2100 2887 2162 substantire,
2916 2100 2967 2152 in
3008 2097 3371 2167 productione

1797 2212 1979 2256 autem
2030 2208 2410 2255 creaturarum
2471 2210 2582 2249 non
2637 2209 2702 2247 ex
2746 2191 3022 2246 connnuni
3063 2187 3372 2243 substantia

1798 2308 1891 2348 cas
1922 2292 2265 2361 producant;
2298 2302 2531 2358 quarum
2588 2292 2789 2338 natura
2841 2292 2922 2336 est
2953 2296 2981 2334 a
3013 2280 3194 2333 divina
3223 2276 3375 2346 peni-

1801 2396 1890 2439 tus
1924 2383 2151 2438 aliena?
2186 2381 2306 2435 Non
2339 2380 2508 2448 igitur
2559 2385 2744 2446 posset
2789 2374 2989 2442 aliquis
3026 2372 3233 2432 dicere,
3265 2368 3371 2422 nisi

1803 2475 2060 2535 insaniat,
2093 2471 2239 2541 quod
2303 2470 2566 2523 nimirum
2624 2466 2757 2520 illud
2816 2480 2913 2534 per
2947 2462 3142 2516 Filium
3179 2474 3372 2529 proce-

1800 2568 1950 2629 dere,
1987 2580 2084 2634 per
2138 2563 2337 2617 Filium
2391 2558 2642 2614 exhiberi
2700 2556 2989 2626 signiﬁcat.
3042 2553 3160 2607 Non
3222 2552 3371 2604 enim

1802 2668 2012 2714 tantum
2068 2672 2165 2726 per
2197 2655 2399 2710 Filium
2448 2653 2566 2707 dari
2619 2665 2716 2705 seu
2773 2648 2937 2710 mitti,
2968 2660 3062 2699 seu
3097 2642 3306 2712 erogari
3340 2655 3372 2696 ει

1800 2748 2120 2805 doctoribus
2153 2748 2377 2809 dicitur,
2411 2757 2590 2812 neque
2629 2742 2697 2795 de
2742 2740 2829 2792 bis
2857 2751 3003 2790 nunc
3032 2736 3372 2805 disputamus

1802 2838 2075 2907 (quamvis
2100 2846 2155 2891 et
2187 2838 2363 2904 ipsum
2412 2833 2769 2891 demonstret,
2805 2844 2901 2896 per
2933 2826 3129 2880 Filium
3174 2837 3373 2892 proce-

1802 2932 1952 2993 dere,
2005 2937 2062 2983 et
2093 2925 2474 2983 exsistentiam
2509 2923 2736 2976 habere.
2776 2921 2897 2973 Non
2930 2919 3077 2972 enim
3128 2914 3372 2985 profecto

1803 3039 1898 3093 per
1938 3021 2134 3075 Filium
2188 3019 2519 3075 mitteretur,
2557 3013 2661 3067 nisi
2699 3027 2795 3081 per
2833 3012 3010 3079 ipsum
3043 3009 3197 3078 prius
3226 3003 3372 3059 exsi-

1803 3113 2058 3168 stentiam
2094 3110 2343 3171 haberet,
2377 3106 2679 3163 secundum
2724 3118 2886 3171 quam
2917 3101 2985 3156 ab
3008 3109 3212 3152 :eterno
3250 3112 3372 3166 pro-

1805 3204 2003 3258 cedens
2050 3204 2105 3256 in
2158 3212 2423 3269 tempore,
2456 3200 2529 3253 ita
2568 3213 2626 3251 se
2675 3197 2878 3249 habere
2929 3194 2997 3246 ah
3059 3190 3373 3244 hominibus

1808 3295 2173 3365 dignoscitur.
2206 3292 2336 3358 Quae
2382 3306 2513 3345 sane
2549 3289 2788 3359 cognitio
2810 3284 3199 3354 magnitudinis
3232 3282 3373 3351 ejus,

1805 3398 1967 3451 atque
1998 3384 2333 3440 exsistentiaz
2379 3381 2570 3436 missio
2617 3381 2683 3433 ad
2719 3380 2989 3437 homines,
3016 3386 3064 3430 et
3100 3375 3166 3427 ah
3195 3373 3374 3425 homi-

1806 3479 1966 3531 nibus
1996 3474 2244 3531 dicitur).
2275 3473 2379 3526 Sed
2418 3487 2566 3525 nunc
2594 3485 2775 3526 sermo
2801 3480 2883 3524 est
2909 3469 2976 3522 de
3004 3468 3244 3519 dictione
3283 3463 3372 3517 illa

1806 3572 2128 3641 procedere,
2167 3567 2471 3622 secundum
2505 3581 2666 3635 quam
2703 3580 2771 3618 ex
2827 3563 2984 3615 Patre
3040 3576 3135 3627 per
3177 3557 3373 3611 Filium

1806 3664 2105 3735 procedere
2152 3663 2339 3721 aiunt.
2389 3670 2444 3714 et
2513 3674 2675 3728 quam
2727 3656 3187 3711 manil‘estativam
3252 3668 3375 3707 esse

1804 3756 2132 3813 exsistentia:
2162 3757 2280 3825 ejus
2309 3767 2498 3808 omnes
2522 3750 2781 3813 fatentur,
2823 3748 3074 3818 quamvis
3124 3744 3374 3801 nonnulli

1806 3849 2092 3903 doctorum
2131 3848 2539 3917 processionem
2572 3843 2746 3898 sancti
2770 3842 3003 3908 Spiritus
3026 3839 3376 3893 emissionem

1806 3955 1927 3993 esse
1954 3949 2211 3992 aeternam
2266 3936 2517 3999 doceant,
2548 3933 2748 4003 partim
2808 3932 3032 4001 quidem
3080 3927 3375 3999 Gregorius

1808 4032 2270 4098 Thaumaturgns,
2307 4027 2505 4096 partim
2540 4040 2671 4079 vero
2718 4024 3015 4093 Gregorius
3043 4021 3369 4089 Theologus.

1805 4122 1958 4175 Alter
2003 4119 2226 4188 quidem
2263 4118 2317 4171 in
2358 4116 2632 4178 oratione,
2673 4117 2828 4185 cujus
2866 4115 3078 4168 initium
3117 4132 3129 4166 :
3187 4113 3376 4167 Inimi-

1808 4210 2028 4274 cim’mi,
2059 4219 2220 4278 atque
2270 4208 2455 4271 alieni,
2488 4207 2741 4275 inquiens
2769 4222 2782 4261 :
2830 4224 2847 4256 ι
2884 4204 3018 4260 Cum
3050 4204 3121 4258 sit
3153 4204 3377 4272 quidem

1805 4301 1963 4355 Pater
1991 4300 2286 4368 ingenitus,
2320 4298 2490 4353 Filius
2532 4312 2663 4352 vero
2694 4312 2761 4350 ex
2791 4297 2952 4350 Patre
2984 4296 3226 4367 genitus,
3251 4295 3377 4362 Spi-

1805 4390 1946 4443 ritus
1973 4404 2191 4458 quoque
2243 4403 2311 4442 ex
2340 4388 2649 4443 substantia
2684 4386 2859 4440 Patris
2910 4402 3007 4456 per
3055 4387 3251 4440 Filium
3307 4386 3375 4441 al)

1804 4489 2010 4536 aeterno
2044 4481 2300 4535 emissus.
2342 4499 2359 4532 ι
2392 4481 2545 4535 Alter
2569 4495 2698 4533 vero
2729 4481 2783 4534 in
2813 4479 3061 4533 oratione
3096 4476 3161 4531 ad
3198 4476 3375 4531 Hero-

104 4560 315 4614 είπών.
342 4560 405 4614 El
437 4561 614 4614 τοίνυν
644 4562 735 4615 τοῦ
770 4564 926 4629 ἁγίου
952 4565 1268 4634 Ιινεύματος
1289 4569 1388 4640 τὴν
1422 4572 1696 4641 ἔκπεμψιν

1802 4590 1926 4629 nem
1978 4574 2388 4642 philosophum,
2432 4572 2711 4641 prepriam
2746 4571 2921 4625 sancti
2955 4571 3190 4639 Spiritus
3214 4571 3378 4623 emis-

100 4652 290 4704 ἀΐδιον
322 4654 419 4706 καὶ
440 4652 676 4723 ἰδιότητα
707 4654 797 4707 τοῦ
823 4656 1136 4725 [Ινεύματός
1171 4675 1325 4726 φασι,
1356 4660 1471 4724 πῶς
1503 4665 1601 4716 οὐκ
1629 4664 1695 4717 ἂν

102 4742 365 4811 εὐλόγως
404 4745 437 4812 ὴ
470 4743 767 4813 ἐκπεμψις,
824 4748 920 4799 καὶ
978 4749 1116 4802 κατὰ
1170 4750 1330 4804 τοῦτο
1372 4754 1696 4824 ὲκπὸρευσις

101 4834 193 4903 εἴη
234 4836 347 4888 καὶ
398 4834 641 4902 λέγοιτο;
686 4838 836 4908 Πλὴν
866 4840 915 4890 εί
950 4842 1024 4908 μὴ
1079 4843 1170 4895 καὶ
1207 4844 1304 4911 τὴν
1365 4847 1696 4917 ὲκπόρευσιν

99 4927 385 4997 χρονικὴν
415 4925 551 4981 εἶναι
579 4929 724 4997 λέγοι
756 4948 867 4993 τις’
898 4932 929 5000 ἧ
960 4935 1055 4986 καὶ
1076 4935 1135 4986 τὸ
1160 4935 1413 5006 ἔγχρονον
1433 4939 1525 4992 τοῦ
1554 4942 1695 5012 ὑπὲρ

97 5020 310 5088 χρόνον
349 5019 553 5087 τίθησιν
577 5022 746 5074 αἴτιον
768 5038 781 5051 ·
814 5023 907 5075 καί
927 5040 1047 5076 τινα
1068 5029 1178 5088 τοῖς
1196 5028 1355 5089 θείοις
1386 5030 1694 5099 προσώποις

96 5110 541 5180 ἑπισυμόαίνειν
569 5115 752 5175 οἴοιτο,
783 5116 877 5167 καὶ
924 5116 1078 5169 πάντ’
1100 5119 1181 5181 είς
1215 5120 1407 5175 ἑαυτὸν
1430 5123 1497 5176 τὰ
1540 5126 1694 5195 εἰρη-

100 5202 257 5272 μένα
299 5202 413 5256 τῶν
436 5204 652 5257 ἀτόπων
676 5206 1024 5275 ἐπισωρεύοι.

182 5467 363 5522 Ἀλλὰ
395 5468 489 5520 καὶ
516 5468 675 5521 τοῦτο
701 5469 981 5533 παντελῶς
1009 5472 1190 5535 αὐτοῖς
1218 5473 1409 5538 ἕωλον,
1432 5478 1459 5529 ὅ
1491 5497 1682 5547 φασιν,

87 5559 169 5625 ὡς
197 5563 253 5613 εί
284 5560 353 5613 τὸ
376 5560 600 5629 Πνεῦμα
632 5562 694 5614 τὸ
724 5564 879 5629 ἆγιον
901 5565 963 5616 ὲκ
989 5566 1084 5635 τῆς
1117 5567 1307 5629 οὐσίας
1341 5570 1433 5622 τοῦ
1472 5572 1687 5639 Πατρὶς

89 5655 193 5703 καὶ
251 5650 361 5703 τοῦ
425 5651 554 5704 Υῐοῦ
596 5655 735 5718 ἐστι,
779 5654 867 5707 διὰ
917 5657 977 5708 τδ
1026 5659 1155 5724 μίαν
1207 5654 1486 5712 εἶναιτῶν
1518 5664 1686 5731 τριῶν

86 5740 323 5805 οὐσίαν,
369 5740 451 5792 δεῖ
484 5742 578 5794 καὶ
609 5743 741 5794 αὐτὸ
794 5743 852 5807 ἐξ
896 5744 1089 5798 ἑαυτοῦ
1122 5748 1407 5819 ὑπάρχειν.
1460 5753 1685 5822 Πρῶτον

90 5830 198 5902 μὲι
225 5830 351 5900 γὰρ
380 5832 474 5885 οὐκ
516 5832 730 5903 ἀνάγκη
758 5834 826 5888 τὰ
854 5836 948 5888 τοῦ
985 5839 1199 5908 Harpe;
1230 5842 1322 5893 καὶ
1352 5842 1478 5897 Υίοῦ
1504 5846 1681 5900 πάντα

1801 4669 2009 4722 sionem
2047 4681 2316 4721 asserens.
2346 4664 2404 4719 Si
2452 4666 2616 4734 igitur
2647 4662 2884 4732 Spiritus
2915 4664 3087 4716 sancti
3129 4663 3380 4716 emissio-

1802 4774 1924 4812 ncm
1990 4765 2270 4819 aeternam,
2324 4764 2379 4808 ct
2441 4754 2832 4824 proprietatem
2892 4752 3132 4821 Spiritus
3197 4751 3375 4813 aiunt,

1804 4846 2082 4918 quomodo
2113 4861 2221 4899 non
2254 4845 2452 4899 merito
2481 4844 2705 4898 emissio
2729 4844 2894 4896 etiam
2922 4842 3226 4897 secundum
3276 4842 3379 4895 hoc

1798 4940 2075 5010 processio
2103 4946 2269 5001 esset,
2307 4926 2383 4991 ac,
2406 4936 2716 4990 diceretur?
2746 4935 2858 4989 Nisi
2886 4935 3009 5004 quis
3038 4935 3203 4988 etiam
3248 4948 3373 5000 pro-

1796 5029 2101 5082 cessionem
2130 5025 2184 5078 in
2225 5034 2467 5092 tempore
2501 5037 2622 5077 esse
2654 5022 2896 5083 dixerit;
2930 5031 2985 5076 et
3023 5022 3168 5089 quod
3197 5031 3279 5073 est
3320 5020 3375 5073 in

1798 5128 2044 5184 tempore
2074 5115 2237 5176 illius,
2257 5112 2401 5182 quod
2432 5122 2516 5167 est
2551 5122 2675 5165 ante
2706 5127 2865 5165 omne
2897 5122 3133 5180 tempus,
3157 5125 3373 5163 causam

1792 5224 1912 5264 esse
1936 5210 2215 5278 posuerit;
2247 5217 2305 5261 et
2332 5206 2593 5260 nonnulla
2623 5205 2823 5258 divinis
2846 5204 3097 5273 personis
3122 5202 3372 5255 accidere

1792 5301 2087 5371 putaverit,
2120 5311 2281 5370 atque
2312 5299 2521 5363 omnia,
2561 5312 2681 5366 quae
2704 5297 2846 5351 dicta
2884 5304 3013 5350 sunt
3047 5294 3283 5348 absurda
3319 5295 3373 5349 in

1792 5406 1851 5444 se
1885 5391 1998 5461 ipse
2029 5392 2480 5445 accuntulaverit.

1863 5482 1967 5537 Sed
2019 5490 2074 5536 et
2126 5482 2258 5535 illud
2312 5483 2475 5536 nimis
2526 5480 2784 5549 frigidum
2831 5490 2937 5541 est,
2993 5479 3135 5548 quod
3193 5480 3371 5537 aiunt;

1795 5577 1940 5644 quod
1978 5576 2022 5629 si
2084 5575 2321 5645 Spiritus
2370 5586 2597 5628 sanctus
2647 5590 2713 5627 ex
2776 5574 3075 5625 substantia
3111 5574 3285 5626 Patris
3323 5582 3377 5625 et

1800 5668 1926 5721 Filii
1955 5675 2059 5728 est,
2086 5681 2151 5721 eo
2181 5668 2325 5735 quod
2366 5666 2437 5719 sit
2465 5682 2571 5719 una
2598 5664 2834 5718 essentia
2871 5664 3057 5727 trium,
3087 5674 3298 5730 oportet
3322 5673 3375 5717 et

1791 5760 1971 5828 ipsunt
1998 5774 2063 5813 ex
2088 5774 2144 5813 se
2171 5759 2452 5814 exsistere.
2479 5759 2611 5812 Nam
2645 5757 2880 5826 primum
2912 5758 3129 5826 quidem
3157 5772 3261 5809 non
3292 5766 3375 5810 est

1788 5864 2031 5904 necesse.
2075 5861 2130 5903 ut
2179 5849 2361 5903 omnia
2421 5863 2541 5908 qure
2602 5859 2731 5903 sunt
2790 5848 3103 5903 communia
3127 5847 3273 5900 Patri
3311 5863 3370 5900 σε
