4198 6440
173 453 262 513 929

1077 457 1175 516 DE
1218 454 1732 515 PROCESSIONE
1772 452 2125 514 SPIl‘dTUS
2166 449 2453 511 SANCTI.

3276 454 3381 517 930

169 572 287 637 φασὶ
319 610 332 631 ,
384 569 476 620 καὶ
516 568 578 619 ὲκ
630 568 725 633 τῖς
789 570 975 633 οὐσίας
1032 571 1196 623 αἱρτοῦ
1224 613 1237 631 ,
1296 574 1388 623 καὶ
1450 571 1508 635 ἐξ
1552 568 1713 622 αὑτοῦ
1747 568 1827 630 ΑΙ

1747 576 1790 630 Α
1822 568 2080 622 Βοδίιὶυιιι
2109 570 2483 623 constituitur.
2515 571 2579 623 Et
2613 578 2872 638 prmterea
2910 584 3018 624 non
3048 581 3283 635 tantum,
3322 584 3382 627 ut

166 661 417 728 πρόεισιν
454 678 472 708 ν
506 661 533 711 ὁ
555 659 599 711 δ’
621 661 721 712 οὐκ
750 656 887 714 εἶναι
925 664 988 715 ἐκ
1031 663 1124 714 τοῦ
1158 662 1308 724 Tibi,
1339 663 1460 715 οὐδὲ
1519 665 1581 713 ὲκ
1612 665 1708 729 τῆς

165 750 341 813 οὐσίας
389 751 575 815 αὐτοῦ,
635 752 746 803 οὐδ’
785 752 845 815 ἐξ
893 753 1062 805 αὑτοῦ
1114 754 1384 821 προϊέναι,
1426 752 1610 804 Ταῦτα
1650 751 1706 803 δὲ

163 841 603 909 ὁμολογουμένως
628 840 935 908 ἀντίφασις.
983 842 1074 905 Ἐξ
1104 836 1176 892 ὧν
1208 844 1398 895 ἕπεται
1447 844 1478 911 ἢ
1525 842 1711 892 τοῦτον

166 934 317 1001 μόνον
345 932 663 984 διδάσκαλον
703 932 991 1001 ὁμολογεῖν
1046 928 1186 985 εἶναι
1220 935 1317 1002 τῆς
1357 933 1706 998 Ἐκκλησίας,

161 1024 247 1075 καὶ
270 1021 387 1091 ἅμα
411 1022 566 1088 ἅγιον
593 1024 938 1091 ἀποφαίνειν,
968 1025 1352 1093 ἀμελουμένων
1378 1026 1485 1077 τῶν
1515 1024 1707 1083 ἄλλων,

161 1114 296 1165 ὁκνῶ
327 1114 437 1181 γὰρ
462 1115 958 1184 ἁπορριπτομένων
991 1116 1191 1177 εἰπεῖν,
1215 1116 1248 1182 ἦ
1279 1115 1343 1167 rb
1383 1115 1580 1183 πλῆθος
1618 1114 1713 1165 καὶ

161 1208 213 1257 τὸ
240 1204 529 1271 πρεσϐεῖον
563 1206 913 1274 αἰδουμένους
938 1207 1179 1270 ἐκείνων,
1213 1208 1286 1273 μὴ
1315 1206 1712 1275 παραδέχεσθαι

160 1296 359 1347 τοῦτον.
408 1295 568 1347 Ἀὶλα
617 1299 774 1348 τοῦτο
807 1296 1027 1349 ἄτοπονο
1075 1298 1179 1365 χρὴ
1210 1298 1316 1365 γὰρ
1350 1297 1593 1355 ἅπαντας
1626 1298 1714 1348 εὖ·

159 1386 335 1448 λαεῶς
385 1387 530 1456 ἡμᾶς
570 1389 897 1454 δεχομένους
944 1390 1036 1440 καὶ
1072 1389 1393 1455 σεϐομένους
1418 1428 1432 1450 ,
1468 1388 1541 1446 ὼς
1574 1388 1715 1455 ὑπὲρ

160 1478 250 1542 τῆς
301 1478 463 1544 ἡμῶν
512 1478 789 1547 σωτηρίας
826 1478 929 1528 ὑπὸ
960 1478 1051 1529 τοῦ
1083 1478 1217 1529 Θεοῦ
1250 1479 1712 1546 ἐμπνευσθὲντας,

158 1567 210 1627 ὖς
262 1567 360 1618 οὐκ
415 1566 480 1619 ἂν
523 1568 798 1637 ὴθὲλητεν,
829 1568 1029 1633 ἀγαθὸς
1059 1566 1155 1632 ὢν,
1202 1568 1287 1620 διὰ
1331 1570 1537 1619 τούτων
1590 1567 1715 1629 τοὺς

160 1654 383 1725 ὕστερον
434 1657 673 1725 ἀπατᾷν,
720 1657 813 1719 οὒς
868 1658 1132 1710 ἐϐούλετο
1165 1659 1299 1725 πρὸς
1330 1660 1427 1725 τὴν
1458 1658 1717 1726 ἀλήθειαν

156 1747 375 1812 ἀνάγειν
402 1763 416 1776 ·
475 1748 584 1817 χρὴ
629 1748 808 1800 τοίνυν
847 1748 988 1801 οὕτω
1042 1748 1108 1801 τὲι
1148 1749 1369 1801 ἐκείνων
1404 1748 1715 1815 ἐξηγεῖσθαι

159 1836 482 1903 πειρᾶσθαι,
518 1836 592 1897 ὡς
626 1836 691 1889 ἂν
721 1838 857 1905 πρός
895 1855 953 1889 τε
989 1838 1216 1899 ἑαυτοὺς
1246 1838 1339 1888 καὶ
1375 1838 1622 1905 ἀλλήλοις
1666 1839 1715 1889 οἱ

1812 664 2056 715 nonnnili
2085 664 2359 730 accipiunt
2384 661 2676 714 dictionem
2714 664 3025 716 contrarius
3053 665 3154 717 sibi
3187 665 3380 719 (ἰοί-ωι-

1813 763 1979 813 esset.
2012 754 2105 807 sed
2134 763 2189 805 et
2219 754 2536 805 tiOt‘ltlrlbDS
2558 754 2650 820 qui
2677 766 2802 807 ante
2830 755 3007 825 ipsum
3033 758 3375 810 exstiterunt.

1812 841 2274 911 llieuimquidem
2297 860 2360 897 ex
2379 844 2516 898 Filio
2548 859 2666 897 esse
2697 847 2870 907 aiunt,
2899 857 2954 900 et
2983 862 3049 900 cx
3073 849 3378 901 substantia

1811 934 1950 1002 ejus,
1967 944 2016 986 et
2035 949 2098 987 ex
2119 935 2237 999 ipso
2259 937 2575 1003 procedere;
2606 938 2695 990 illo
2714 954 2842 991 vero
2868 955 2975 991 non
2996 956 3116 993 esse
3131 955 3193 993 ex
3215 938 3376 1001 Filio.

1814 1036 1989 1089 neque
2018 1036 2083 1075 ex
2116 1023 2417 1077 substantia
2443 1026 2581 1094 ejus,
2619 1040 2795 1094 neque
2826 1027 2893 1079 ah
2915 1029 3029 1095 ipso
3060 1031 3375 1097 proco-lere.

1812 1112 1937 1166 ll:ec
1958 1124 2134 1166 autem
2163 1116 2279 1167 sine
2309 1118 2679 1171 controversia
2710 1130 2837 1172 sunt
2885 1122 3269 1175 contradictio.
3300 1121 3374 1174 lix

1814 1203 2012 1269 quibus
2031 1204 2298 1269 sequitur,
2324 1206 2404 1258 vel
2438 1205 2714 1260 fatendmn
2747 1209 2891 1261 hunc
2939 1209 3111 1261 solum
3138 1226 3258 1264 esse
3288 1211 3382 1262 do-

1814 1300 2017 1343 ctorem
2039 1292 2309 1355 licuit-size,
2326 1304 2381 1345 et.
2397 1297 2556 1346 simul
2572 1307 2828 1371 sanctum
2844 1299 3174 1358 habendum,
3199 1301 3382 1367 πνεῖς-

1813 1380 1916 1433 etis
1936 1383 2076 1439 aliis,
2097 1398 2290 1435 vereor
2306 1385 2449 1436 enim
2479 1387 2692 1452 rejectis
2710 1388 2889 1439 dicere
2912 1408 2925 1447 ;
2948 1390 3028 1441 vel
3047 1391 3381 1443 multitudini

1814 1482 1868 1523 et
1898 1472 2207 1539 antiquitati
2248 1474 2459 1526 iilorum
2483 1480 2792 1542 pra-stando
2815 1482 3196 1539 revorentiaan,
3231 1482 3379 1533 hunc

1816 1577 1916 1615 non
1938 1577 2061 1615 es‘sc
2078 1563 2466 1631 recipiendum.
2487 1568 2589 1620 Sed
2610 1571 2711 1621 hoc
2727 1570 3022 1623 absurdum
3046 1571 3382 1638 est.0portet

1815 1652 1960 1705 enim
1983 1668 2172 1707 omnes
2201 1667 2514 1709 reverenter
2549 1660 2815 1724 recipere,
2855 1675 2917 1712 ac
2949 1664 3220 1722 venerari,
3260 1670 3381 1713 tan-

1817 1757 1981 1809 quam
2005 1758 2099 1797 eos
2115 1746 2204 1811 qui
2242 1760 2269 1797 a
2296 1746 2400 1798 lleo
2432 1762 2526 1814 pro
2561 1748 2735 1800 salute
2768 1759 2948 1802 nostra
2970 1751 3173 1804 fuerint
3211 1753 3383 1820 inspi-

1818 1835 1944 1885 rati.
1968 1832 2068 1897 Qui
2096 1845 2244 1888 certe
2269 1853 2390 1888 eum
2426 1838 2497 1890 sit
2523 1838 2717 1901 bonus,
2742 1855 2838 1907 per
2870 1856 2963 1894 eos
2989 1847 3175 1909 utique
3210 1844 3388 1895 noluit

155 1926 471 1979 διδάσκαλοι
517 1928 851 1995 συμφωνῶσι
875 1944 887 1958 ⁸
922 1928 1016 1981 καὶ
1070 1928 1303 1997 μάλιστα
1331 1930 1423 1980 ἐπὶ
1468 1928 1563 1979 τοῦ
1605 1929 1722 1979 νυνὶ
1756 1917 1795 1972 Β

1756 1917 1795 1972 Β
1828 1926 2160 1993 posteriores
2195 1926 2470 1995 decipere,
2526 1945 2665 1997 quos
2714 1932 2933 1985 volebat
2979 1936 3045 1985 ad
3096 1937 3382 1988 veritatem

155 2021 549 2088 προκειμένου,
579 2018 667 2087 ἐφ’
691 2012 753 2070 οὗ
794 2019 928 2071 πολὺ
973 2019 1034 2070 rb
1061 2019 1157 2088 τῆς
1186 2019 1512 2086 φιλονεικίας
1552 2021 1720 2088 προὺ-

152 2110 429 2179 χὼρησεν.
465 2112 640 2180 Ὅπερ
696 2110 798 2162 οὐκ
842 2110 907 2161 ἂν
965 2109 1142 2172 ἄλλως
1201 2110 1591 2180 συμφωνηθείη
1627 2112 1722 2163 καὶ

154 2202 388 2263 σώζοιτο
443 2204 586 2269 μετᾶ
622 2204 841 2258 πάντων
869 2209 961 2259 καὶ
988 2208 1075 2259 διὰ
1107 2208 1345 2272 πάντων,
1372 2208 1418 2259 εί
1445 2206 1519 2277 μὴ
1545 2209 1722 2274 λέγοι-

153 2306 255 2357 μεν
301 2291 693 2359 ἁσφαλέστατα
727 2295 823 2362 τὴν
852 2295 952 2364 μὲν
992 2296 1059 2349 ἐκ
1090 2298 1184 2348 ἐπὶ
1220 2297 1314 2350 τοῦ
1354 2296 1482 2350 Υἱοῦ
1509 2298 1585 2364 τῷ
1615 2299 1722 2351 Δα-

150 2383 425 2451 μασκηνῷ
458 2384 531 2453 μὴ
566 2385 1014 2454 παραληφθῆναι,
1054 2386 1140 2438 ἵνα
1174 2387 1249 2456 μὴ
1278 2387 1311 2457 ἢ
1340 2387 1399 2439 ἓν
1430 2388 1723 2458 πρόσωπον

148 2472 174 2521 ὁ
218 2473 412 2542 Πατὴρ
466 2475 558 2526 καὶ
602 2478 629 2526 6
676 2475 799 2538 Υἱὸς
855 2477 1259 2545 ὑποπτευθείη,
1312 2478 1401 2530 διὰ
1455 2477 1551 2546 τὴν
1612 2478 1722 2529 τῶν

146 2563 469 2630 προθέσεων
515 2563 848 2633 ὁμοιότηταο
918 2564 950 2632 ἢ
1012 2564 1087 2633 μὴ
1143 2564 1273 2633 δοκῇ
1318 2564 1486 2632 μηδὲν
1530 2562 1720 2615 ἑαυτοῦ

146 2652 656 2721 προεπινοούμενον
688 2655 716 2705 ὁ
754 2654 879 2715 Υἱὸς
911 2654 1077 2724 ἔχειν,
1099 2653 1288 2723 ὥσπερ
1324 2655 1420 2706 καὶ
1450 2656 1477 2706 ὁ
1514 2655 1719 2722 Πατὴρ,

143 2746 240 2795 καὶ
274 2745 453 2797 τᾶλλα
510 2748 611 2797 ὅσα
644 2749 953 2814 πρόκειται·
987 2748 1086 2813 τὴν
1127 2746 1185 2797 δὲ
1233 2746 1328 2797 διὰ
1360 2748 1455 2798 καὶ
1490 2746 1722 2811 μάλιστα

144 2834 449 2900 δέξασθαι,
476 2836 559 2888 ὅτι
591 2836 689 2906 τὴν
719 2836 873 2900 τάξιν
912 2838 1043 2906 ἡμῖν
1082 2836 1189 2888 τῶν
1222 2836 1528 2900 προσώπων
1580 2836 1715 2903 μετὰ

137 2927 242 2996 τῆς
294 2928 545 2989 Μονάδος
595 2928 895 2998 παρίστησι
943 2928 1031 2981 διὰ
1082 2927 1182 2999 τὴν
1220 2929 1421 2997 ἑαυτῆς
1461 2927 1721 2996 ἰδιότητα.

151 3022 311 3074 Ἐπεὶ
372 3022 512 3091 μετὰ
555 3023 655 3090 τῆς
710 3023 953 3086 Μονὰδος
1008 3028 1101 3075 καὶ
1148 3024 1247 3092 τὴν
1276 3025 1385 3076 τῶν
1417 3022 1724 3093 προσώπων

135 3112 429 3183 διάκρισιν
457 3112 740 3182 ὁμολογεῖν
774 3113 1065 3183 ὀφείλομεν
1096 3114 1237 3168 κατὰ
1266 3115 1364 3181 τὴν
1429 3114 1727 3183 παραδεδοο

140 3202 324 3271 μένην
360 3203 497 3272 ἡμῖν
528 3204 729 3259 πίστιν.
763 3205 829 3256 ’Δ
864 3204 929 3274 δὴ
959 3205 1051 3257 καὶ
1083 3206 1249 3273 ἄμφω
1292 3206 1351 3256 rb
1380 3207 1442 3255 ὲκ
1483 3204 1575 3255 τοῦ
1618 3205 1727 3256 ΙΙα-
1754 3235 1798 3296 C

134 3295 267 3364 τρὺς
290 3294 370 3348 δι’
393 3294 523 3348 Υίοῦ
555 3294 813 3363 λέγεσθαι
852 3297 913 3347 rb
948 3295 1101 3363 ἆγιον
1128 3296 1525 3365 ἐκπορεύεσθαι
1558 3296 1725 3348 Πνεῦ-

138 3404 218 3455 μα
248 3386 577 3455 ἐμφανίζει·
613 3387 673 3440 rb
705 3387 750 3439 δ’
779 3388 842 3439 ἐκ
870 3386 963 3439 τοῦ
982 3386 1112 3439 Υίοῦ
1140 3386 1391 3453 λέγεσθαι
1422 3386 1481 3440 οὐ
1511 3386 1681 3455 δήπου
1705 3402 1718 3415 ⁸

140 3478 406 3546 ἰιρεσεν
459 3472 553 3529 οὖν
606 3477 755 3546 αὐτῷ
792 3476 994 3547 μᾶλλον
1027 3476 1128 3547 τὴν
1171 3478 1309 3545 μετὰ
1360 3478 1455 3544 τῆς
1483 3476 1723 3537 Μονὰδος

134 3569 235 3619 καὶ
319 3567 431 3636 τὴν
487 3566 761 3635 διάκρισιν
821 3567 1195 3636 ἐμφαίνουσαν
1242 3566 1340 3619 διὰ
1383 3568 1724 3637 παραλαϐεῖν

130 3657 415 3726 πρόθεσιν
442 3657 476 3727 ἢ
511 3657 608 3728 τὴν
631 3659 700 3711 ἐκ
725 3658 908 3711 αἰτίαν
936 3660 1096 3727 μόνον
1124 3662 1218 3710 καὶ
1240 3659 1300 3710 οὐ
1326 3659 1598 3726 διάκρισιν
1631 3659 1725 3730 δη-

128 3749 372 3803 λοῦσαν.
412 3750 577 3802 Ὥστε
625 3749 884 3818 τοιαύτην
939 3748 1121 3819 πηγὴν
1162 3752 1188 3802 6
1226 3750 1585 3818 Δαμασκηνὸς
1632 3750 1724 3801 ἐπὶ

126 3838 226 3891 τοῦ
266 3838 416 3892 Υίοῦ
471 3840 816 3910 ἀπαρνείται,
877 3839 996 3892 οἵαν
1037 3842 1064 3892 ὁ
1111 3841 1283 3908 μέγας
1317 3838 1588 3901 Διονύσιος
1631 3840 1725 3891 ἐπὶ

125 3932 226 3984 τοῦ
266 3931 501 3999 Πατρδς
557 3930 738 3999 τίθησι
803 3930 973 4000 μόνην
1020 3932 1204 4000 πηγὴν
1251 3930 1348 3999 τῆς
1398 3931 1720 4000 ὑπερουσίου

126 4028 410 4099 θεότητος
446 4026 611 4079 αὐτὸν
640 4026 833 4079 είπών.
890 4026 1144 4080 Τοιοῦτον
1184 4026 1239 4079 δὲ
1271 4028 1440 4080 αἴτιον
1473 4028 1564 4079 τοῦ
1595 4025 1722 4078 Υἱοῦ

120 4123 494 4191 ἀφαιρεῖται,
537 4121 716 4173 ὁποῖον
750 4119 778 4170 ὁ
827 4119 1182 4185 Αὐγουστῖνος
1212 4117 1303 4169 τὸν
1335 4116 1551 4185 Πατέρα
1594 4116 1720 4184 ἔφη,

119 4209 375 4279 ἀρχικὸν
434 4208 609 4258 αἴτιον
654 4204 820 4257 αὑτὸν
857 4205 1171 4275 προσειπών
1199 4220 1211 4233 ·
1244 4204 1326 4255 ὅτι
1358 4204 1455 4273 μὲν
1490 4203 1597 4272 γὰρ
1629 4204 1722 4255 καὶ

117 4305 145 4353 6
180 4302 322 4363 Tib;
369 4297 533 4368 πηγὴ
582 4296 676 4350 τοῦ
722 4296 879 4363 ἁγίου
912 4296 1228 4365 Πνεύματυς
1256 4295 1497 4361 λέγεται,
1524 4294 1720 4346 πολλα-

116 4389 291 4459 χόθεν
331 4388 499 4457 ποιρὰ
548 4386 655 4438 τῶν
704 4385 1036 4438 διδασκάλων
1069 4384 1283 4452 ἔχομεν·
1320 4383 1433 4435 ἀλλ’
1469 4384 1593 4434 ἐπεὶ
1626 4380 1719 4433 τοῦ

127 4478 275 4530 Υἱοῦ
315 4479 349 4529 ὁ
401 4476 597 4543 Πατὴρ
634 4474 1061 4543 προεπινοεῖται,
1086 4472 1178 4524 τοῦ
1209 4472 1265 4523 δὲ
1296 4472 1506 4540 [ἰατρὸς
1544 4470 1718 4538 οὐδὲν,

1821 2015 2109 2069 adducere.
2153 2018 2382 2085 Oportet
2428 2020 2595 2088 igitur
2624 2021 2705 2075 sic
2732 2038 2920 2077 eorum
2959 2026 3161 2093 scripta
3198 2029 3383 2080 conari

1820 2122 2114 2175 exponere,
2153 2119 2211 2160 ut
2245 2118 2300 2161 et
2346 2112 2691 2180 sibimetipsi,
2739 2121 2795 2166 et
2830 2114 2973 2168 inter
3011 2131 3071 2169 se
3133 2117 3386 2171 doctores

1822 2196 2175 2257 conveniant:
2220 2201 2517 2266 prmsertim
2556 2202 2609 2253 in
2646 2203 2904 2269 prmsenti
2940 2206 3224 2271 proposito
3255 2207 3389 2274 dog-

1822 2292 1985 2347 mate,
2014 2284 2067 2336 in
2092 2288 2393 2352 quoguulta
2416 2290 2703 2340 contentio
2735 2288 2919 2343 habita
2944 2300 3046 2343 est.
3078 2292 3230 2355 Quod
3256 2308 3387 2345 sane.

1822 2374 1983 2428 aliter
2012 2391 2133 2427 cum
2176 2377 2438 2430 omnibus
2485 2388 2541 2431 et
2585 2395 2682 2447 per
2714 2380 2899 2433 omnia
2929 2383 3244 2437 concordari
3278 2399 3384 2437 non

1823 2474 2028 2535 posset,
2063 2467 2164 2519 nisi
2222 2468 2532 2522 ﬁrmissime
2565 2470 2891 2535 dixerimus,
2944 2475 3384 2543 praepositionem

1824 2574 1887 2610 ea:
1935 2572 1966 2611 α
1997 2559 2336 2613 Damasceno
2372 2559 2424 2612 in
2475 2560 2615 2615 Filio
2667 2577 2773 2615 non
2824 2579 2943 2617 esse
2973 2575 3276 2634 acceptam,
3320 2583 3388 2620 ne

1821 2652 1907 2703 vel
1940 2664 2100 2703 unam
2129 2663 2414 2717 personam
2454 2651 2668 2706 Patrem
2703 2662 2757 2707 et
2786 2653 2982 2708 Filiqu
3011 2672 3129 2710 esse
3165 2666 3388 2725 propter

1823 2741 2241 2795 similitudinem
2269 2743 2712 2811 praepositionum
2760 2747 2957 2814 aliquis
2982 2750 3386 2816 suspicaretur;

1824 2831 1907 2885 vel
1959 2847 2027 2885 ne
2069 2833 2325 2887 videatur
2360 2834 2528 2887 Filius
2561 2843 2620 2887 ut
2653 2835 2835 2898 Pater,
2888 2838 3021 2890 nihil
3057 2839 3161 2892 sibi
3196 2841 3391 2908 praeiu-

1826 2923 2103 2977 tcllectum
2128 2924 2353 2988 habere,
2390 2935 2446 2978 et
2478 2940 2544 2978 uc
2577 2935 2941 2994 sequerentur
2970 2929 3074 2982 alia
3099 2944 3217 2996 qum
3243 2930 3387 2984 dicta

1825 3020 1971 3065 Stlltl.
2006 3010 2453 3078 Pra'positionem
2487 3020 2669 3066 autem
2697 3029 2790 3080 per
2824 3015 3165 3082 potissimum
3199 3018 3392 3070 barua-

1826 3116 2047 3155 scenmn
2074 3103 2426 3170 approbasse,
2451 3102 2597 3171 quod
2616 3105 2862 3159 ordinem
2887 3121 3241 3175 personarum
3263 3098 3385 3161 cum

1832 3194 2060 3245 monade
2084 3193 2243 3245 nobis
2272 3193 2542 3261 exprimat
2565 3193 2637 3246 ob
2663 3194 2782 3262 ejus
2810 3195 3220 3263 proprietatem.
3243 3196 3391 3261 Quo-

1830 3280 1974 3334 niam
2011 3295 2133 3334 cum
2181 3280 2412 3333 monade
2444 3295 2802 3349 personarum
2834 3296 3053 3349 quoque
3081 3283 3389 3336 distinctio-

1825 3387 1948 3426 nem
2002 3371 2253 3425 conﬁteri
2300 3371 2587 3435 debemus,
2617 3375 2917 3425 secundum
2952 3373 3200 3426 traditam
3232 3374 3387 3428 nobis

1826 3464 2011 3517 ﬁdem.
2048 3464 2177 3528 Qua:
2207 3478 2337 3517 sane
2375 3464 2536 3517 ambo
2567 3463 2698 3516 illud
2734 3463 2957 3526 indicat,
2989 3464 3095 3517 dici
3123 3464 3382 3532 Spiritum

1824 3564 2069 3609 sanetum
2103 3570 2167 3607 ex
2222 3555 2378 3608 Patre
2418 3568 2515 3623 per
2544 3553 2740 3607 Filium
2774 3557 3100 3623 procedere;
3154 3570 3218 3609 ex
3253 3556 3388 3609 Filio

1823 3654 2007 3698 autem
2032 3644 2160 3706 dici,
2197 3658 2396 3712 nempe
2428 3643 2674 3697 minime.
2714 3644 2927 3698 Placuit
2957 3645 3120 3714 igitur
3149 3647 3246 3714 ipsi
3278 3662 3389 3699 ma-

1824 3734 1907 3804 gis
1936 3734 2376 3803 prmpositionem
2413 3750 2504 3798 per
2550 3748 2788 3796 sumere,
2828 3750 2949 3801 qua:
2999 3750 3123 3788 cum
3156 3736 3389 3790 monade

1823 3826 2228 3880 distinctionem
2261 3822 2488 3885 iudicat,
2522 3838 2685 3891 quam
2734 3839 2817 3886 ex,
2851 3839 2974 3892 quae
3020 3832 3230 3877 tantum
3258 3840 3387 3878 cau—

1824 3932 1961 3981 sam,
1998 3925 2053 3968 et
2092 3930 2199 3968 non
2237 3913 2649 3968 distinctionem
2680 3914 2975 3983 signiﬁcat.
3014 3915 3201 3984 Itaque
3224 3919 3385 3968 talem

1824 4012 2028 4062 fontem
2064 4006 2429 4059 Damascenus
2461 4006 2512 4058 in
2537 4005 2677 4059 Filio
2698 4016 2881 4075 negat,
2915 4006 3129 4075 qualem
3158 4023 3388 4077 magnus

1825 4099 2115 4168 Dionysius
2141 4100 2192 4150 in
2232 4095 2391 4151 Patre
2425 4097 2730 4160 constituit,
2760 4097 2937 4151 solum
2966 4098 3170 4152 fontem
3197 4115 3387 4168 super-

1824 4188 2200 4245 substantialis
2231 4188 2460 4242 Deitatis
2501 4188 2680 4254 ipsum
2712 4189 3029 4255 appellans:
3062 4189 3220 4242 talem
3258 4204 3387 4244 cau-

1824 4296 1936 4334 sam
1980 4280 2115 4333 Filio
2161 4278 2369 4341 adimit,
2420 4278 2635 4347 qualem
2670 4278 3006 4347 Augustinus
3038 4280 3250 4333 Patrem
3303 4294 3390 4334 as-

1824 4373 1975 4435 serit,
2032 4370 2388 4441 principalem
2441 4384 2662 4423 causam
2714 4371 2892 4440 ipsu'n
2950 4384 3168 4425 vocans.
3231 4370 3385 4436 Quod

1822 4463 1968 4517 enim
2017 4461 2177 4515 etiam
2241 4461 2414 4513 Filius
2464 4459 2585 4513 fons
2642 4458 2862 4512 dicatur
2900 4458 3139 4526 Spiritus
3188 4459 3386 4523 sancti,

118 4571 299 4632 αὑτός
336 4585 408 4619 τε
458 4567 517 4632 ἐξ
567 4566 776 4618 ἐκείνου
816 4564 1033 4631 λέγεται
1065 4559 1224 4627 εἶναι,
1255 4565 1348 4615 καὶ⁵
1386 4566 1521 4631 πρὸς
1555 4564 1721 4616 αὑτὸν
1757 4570 1774 4620 ι

1757 4570 1795 4620 ι)
1825 4554 2012 4608 multis
2047 4568 2111 4606 ex
2148 4553 2281 4606 locis
2328 4554 2615 4606 doctorum
2658 4550 2941 4603 habemus.
2986 4549 3090 4602 Sed
3124 4551 3382 4617 quoniam

112 4660 513 4728 ἀναφέρεται,
546 4658 640 4709 καὶ
667 4656 773 4708 πᾶν
803 4656 863 4708 rb
905 4654 1036 4725 παρ’
1058 4654 1227 4707 αὐτοῦ
1259 4654 1549 4722 λεγόμενον
1581 4651 1720 4706 είιαι

115 4754 268 4823 πρὸς
335 4751 459 4820 τὴν
508 4749 730 4818 πρώτην
786 4748 965 4799 αἰτίαν
994 4746 1091 4817 τὴν
1126 4748 1406 4815 ἀναφορὰν
1441 4746 1553 4815 Ιἔχει
1581 4747 1723 4798 κατά

110 4846 209 4899 rbv
243 4844 455 4913 μέγαν
480 4839 754 4891 Βασίλειον
780 4840 836 4890 ἐν
864 4839 975 4899 τοῖς
1026 4838 1475 4907 Ἀντιρρητικοῖς·
1512 4835 1633 4887 καθ’
1667 4836 1724 4886 ὃν

110 4936 341 5005 τρόπον
396 4931 506 4985 καὶ
555 4932 700 4998 ῥίζα,
739 4930 832 4981 καὶ
887 4929 1079 4997 πηγὴ,
1130 4930 1223 4979 καὶ
1283 4928 1442 4996 μόνος
1489 4928 1659 4987 αἴτιος
1696 4926 1724 4977 ὁ

112 5028 326 5096 Πατὴρ
357 5020 586 5076 δύναιτ’
615 5020 681 5074 ἂν
710 5020 962 5089 ῥηθῆναι,
996 5020 1084 5071 ἵνα
1118 5020 1180 5071 rb
1215 5018 1273 5082 ἐξ
1299 5012 1359 5070 οὗ
1391 5017 1599 5086 δειχθῇ,
1631 5016 1725 5069 καὶ

116 5122 198 5191 μὴ
234 5119 412 5187 τρεῖς
472 5114 506 5183 ἢ
553 5112 643 5165 δύο
693 5112 860 5182 ἀρχαὶ
907 5110 1182 5173 πολυθέως
1214 5109 1613 5179 παραδεχθῶσιο
1646 5108 1672 5158 δ
1698 5108 1725 5158 b

111 5216 214 5265 καὶ
256 5211 538 5278 εἴρηται,
565 5225 582 5254 ι
616 5203 700 5257 Ζῶ
728 5203 834 5269 ἐγὼ
864 5203 950 5256 διὰ
974 5203 1064 5255 τδν
1094 5203 1328 5270 Πατέρα,
1356 5220 1371 5250 ι
1403 5202 1515 5263 καὶ,
1546 5218 1561 5248 ι
1593 5199 1725 5266 Περὶ

108 5306 218 5373 τῆς
288 5300 470 5370 ὥρας
519 5297 731 5364 ἐκείνης
787 5296 958 5357 οὐδεὶς
1013 5288 1183 5354 οἶδεν,
1239 5294 1360 5345 οὐδὲ
1411 5296 1437 5343 ὁ
1490 5291 1645 5351 Υἱὶς,
1699 5306 1716 5337 ι

110 5399 235 5460 καὶ,
266 5414 288 5445 ί
318 5389 466 5445 ’Λπ⁹
487 5389 719 5456 ἐμαυτοῦ
748 5386 883 5439 ποιῶ
902 5386 1076 5446 οὐδὲν,
1098 5403 1115 5434 ι
1139 5384 1254 5448 καὶ,
1279 5403 1296 5434 ι
1322 5383 1518 5444 Καθὼς
1542 5380 1724 5434 ἀκούω

109 5490 324 5558 κρίνω,
387 5503 409 5533 ι
444 5481 607 5540 καὶ,ι
645 5478 710 5530 ’ὶι
744 5478 850 5546 ἐμὴ
877 5476 1064 5546 διδαχὴ
1083 5477 1181 5527 οὐκ
1213 5475 1358 5526 ἐστιν
1392 5475 1520 5543 ἐμὴ,
1554 5492 1571 5523 ›
1602 5473 1720 5535 καὶ,

114 5602 133 5632 ι
176 5583 242 5633 ὐ
273 5575 504 5641 Πατήρ
535 5588 632 5639 μου
662 5570 859 5638 μείζων
891 5568 989 5635 μού
1018 5571 1163 5620 ἐστιν
1183 5582 1198 5597 °
1228 5585 1246 5616 ι
1272 5567 1360 5617 καὶ
1398 5566 1449 5615 εἴ
1470 5582 1520 5616 τι
1545 5562 1719 5615 τοιοῦ-

105 5689 205 5725 τον
235 5670 498 5738 εἴρηται
524 5662 669 5731 αὐτῷ
695 5662 828 5731 πρὶς
858 5661 948 5712 τὸν
978 5659 1194 5726 Πατέρα
1237 5658 1411 5712 πάντα
1442 5656 1721 5720 ἁνάγοντι.

108 5765 292 5816 Ὅθεν
331 5758 452 5812 καὶ
505 5756 531 5806 ὁ
585 5754 755 5821 μέγας
792 5754 926 5823 φησὶ
978 5751 1332 5813 Βασίλειος,ι
1386 5748 1447 5798 ’11
1499 5746 1597 5798 δὴ
1626 5745 1724 5796 οὐκ

106 5856 320 5906 ﬁrmo:
380 5842 498 5899 τοῦ
551 5841 678 5895 Υίοῦ
726 5844 1017 5910 παρίστησι
1064 5840 1160 5907 τὴν
1212 5839 1524 5906 ἐνέργειαν,
1590 5834 1724 5886 ἀλλὰ

1824 4647 1961 4701 Fslio
1986 4645 2143 4697 Pater
2175 4643 2635 4712 prmiutelligitur,
2668 4641 2812 4695 Patri
2839 4649 3020 4693 autem
3053 4640 3213 4701 nihil,
3247 4640 3388 4709 ips-'-

1823 4754 1929 4808 que
1959 4739 2130 4791 Filius
2161 4736 2229 4789 ab
2260 4750 2327 4789 eo
2363 4734 2567 4789 dicitur
2593 4749 2747 4799 esse;
2778 4743 2833 4787 et
2868 4733 2933 4785 ad
2969 4748 3094 4785 eum
3131 4732 3388 4796 refertur,

1822 4841 1877 4885 et
1908 4845 2070 4884 omne
2100 4828 2244 4898 quod
2281 4828 2349 4880 ab
2381 4828 2501 4896 ipso
2534 4825 2722 4895 (Filio)
2756 4824 2959 4879 dicitur
2992 4838 3135 4887 esse,
3177 4823 3242 4876 ad
3278 4824 3392 4893 pri-

1823 4937 1963 4976 mam
1993 4937 2210 4975 causam
2242 4920 2559 4973 relationem
2592 4918 2754 4971 habet
2777 4916 3078 4970 secundum
3130 4930 3382 4985 magnum

1823 5014 2085 5067 Basiliam
2129 5012 2183 5064 in
2233 5010 2391 5064 libris
2424 5009 2841 5073 confutaloriis;
2887 5008 3038 5077 juxta
3071 5024 3233 5077 quem
3268 5024 3388 5060 mo~

1822 5106 1948 5157 dum
1986 5103 2150 5155 etiam
2211 5098 2387 5161 radix,
2444 5106 2500 5150 et
2554 5097 2697 5161 fons,
2740 5106 2795 5149 et
2850 5096 2996 5149 solus
3032 5110 3192 5149 causa
3230 5097 3392 5149 Pater

1824 5196 1930 5246 dici
1974 5201 2177 5261 posset,
2229 5201 2290 5244 ut
2332 5188 2463 5242 illud
2514 5204 2578 5241 ex
2616 5201 2726 5256 quo
2773 5186 3112 5247 ostendatur,
3169 5196 3223 5238 et
3276 5202 3387 5239 non

1826 5289 1948 5347 tria,
2000 5284 2085 5337 vel
2139 5283 2247 5336 duo
2282 5280 2559 5351 principia
2607 5279 2778 5333 instar
2829 5277 3125 5330 multormn
3159 5281 3383 5331 deormn

1824 5378 2222 5439 admittantur;
2256 5373 2463 5426 idcirco
2496 5370 2656 5424 etiam
2686 5368 2891 5421 dictum
2932 5378 3033 5430 est,
3076 5388 3092 5418 ι
3124 5369 3258 5421 Vivo
3286 5354 3390 5438 ego

1824 5478 2046 5539 propter
2069 5468 2305 5529 Patrem,
2339 5482 2356 5514 ›
2385 5475 2472 5517 ct:
2515 5481 2531 5512 ι
2564 5462 2636 5513 De
2661 5462 2751 5513 illa
2788 5463 2916 5511 hora
2946 5475 3105 5512 nemo
3140 5460 3265 5518 scit,
3292 5476 3388 5513 ne-

1823 5575 1925 5629 que
1950 5560 2137 5617 Filius,
2171 5576 2182 5607 ι
2220 5565 2307 5609 ct:
2337 5575 2354 5606 ι
2383 5554 2423 5607 Α
2450 5569 2530 5606 me
2555 5554 2672 5621 ipso
2689 5552 2825 5604 nihil
2851 5551 3041 5609 facio,»
3066 5559 3159 5603 et:
3193 5570 3208 5598 ι
3238 5550 3309 5601 διε
3332 5562 3389 5603 u;

1823 5649 2004 5711 audio,
2035 5646 2242 5716 judico,
2278 5663 2293 5694 ι
2334 5652 2418 5697 ct:
2459 5661 2474 5693 ι
2506 5644 2620 5695 Mea
2659 5641 2907 5693 doctrina
2943 5649 3155 5692 nonest
3189 5657 3335 5694 ιιιιέιι.
3365 5661 3381 5688 ι

1822 5752 1911 5793 et:
1966 5758 1982 5787 ι
2018 5738 2178 5791 Pater
2211 5751 2363 5789 meus
2394 5734 2564 5803 major
2595 5748 2680 5785 me
2712 5740 2833 5791 est;
2866 5748 2881 5781 ι
2922 5740 2973 5784 et
3002 5732 3043 5782 si
3079 5731 3205 5797 quid
3240 5731 3391 5797 ejus-

1825 5828 1969 5884 nndi
2003 5831 2069 5881 ab
2093 5842 2159 5881 eo
2192 5827 2398 5880 dictum
2421 5833 2528 5890 est,
2552 5822 2617 5877 ad
2645 5822 2856 5877 Patrem
2886 5821 3068 5875 omnia
3093 5820 3381 5885 referenti,
