4198 6440
164 447 262 511 933

1078 450 1175 507 DE
1217 449 1731 509 PROCESSIONE
1773 448 2127 511 SPIRITUS
2178 449 2471 509 SANC'I‘l.

3301 453 3407 515 934

162 536 333 599 οὐσίας
376 535 465 590 τοῦ
502 537 629 589 Υίοῦ
662 536 912 606 λέγεσθαι
949 541 1041 590 καὶ
1075 540 1132 605 ἐξ
1161 542 1325 594 αὐτου
1361 544 1613 609 προὶἐναι
1646 557 1715 593 κα

1850 537 1929 592 ibi
1970 540 2210 592 dandum
2261 550 2366 602 cst,
2407 550 2628 608 propter
2678 539 3015 596 idt-ntitatcm
3045 544 3316 609 cssentim,
3352 559 3405 597 ct

158 623 282 679 εἶναι
293 665 304 676 .

1844 629 1972 698 quia
2002 629 2175 682 Filius
2208 645 2347 682 unus
2394 639 2477 683 cst
2508 646 2628 683 cum
2659 632 2817 685 Patre
2859 633 3034 697 Deus;
3061 645 3221 703 atque
3251 638 3406 703 juxta

156 734 354 771 sacram
386 718 726 788 Scriptarum
750 719 804 774 in
831 722 1058 791 reliquis
1080 739 1186 777 una
1212 732 1295 778 est
1320 722 1536 777 illorum
1561 721 1815 775 identitas
1850 728 1905 773 et
1938 719 2458 775 incommutabilitas
2522 721 2766 776 Deitatis.
2830 724 2909 777 Ad
2952 724 3086 789 hinc,
3145 736 3201 779 et
3258 738 3402 795 quod

153 826 213 865 ex
246 811 551 866 substantia
579 813 702 868 Filii
736 812 975 882 Spiritus
1003 817 1237 878 dicatur,
1267 826 1322 869 et
1348 832 1413 870 ex
1447 817 1566 884 ipso
1593 813 1888 883 procedere
1917 823 1969 866 et
1999 827 2145 867 esse.

221 903 339 954 Ἔτι
365 903 421 955 δὲ
452 905 547 957 καὶ
579 906 734 959 αὐτοὶ
768 907 818 959 οἱ
848 908 1220 975 ἀντιλέγοντες
1272 910 1371 977 τὴν
1410 909 1713 977 ἐνέργειαν,

152 996 182 1064 ἢ
208 995 303 1065 τὴν
326 996 637 1065 ἁγαθὸτητα
664 999 755 1050 καὶ
779 1000 877 1067 τὴν
943 1000 1089 1067 ζωὴν
1124 1000 1216 1052 τοῦ
1248 999 1405 1060 Θεοῦ,
1436 1000 1467 1067 ἢ
1499 1000 1566 1052 τὰ
1617 999 1723 1051 ὑπὸ

150 1088 252 1141 τῶν
305 1086 605 1155 ἀνθρώπων
652 1089 801 1157 παρὰ
838 1089 930 1141 τοῦ
961 1091 1095 1142 θεοῦ
1129 1092 1205 1152 είς
1250 1095 1307 1143 τὸ
1368 1092 1722 1160 μετέρχεσθαι

151 1174 534 1244 λαμϐανόμενα
563 1178 899 1243 χαρίσματα,
935 1180 969 1229 ὃ.
1003 1178 1067 1244 δὴ
1099 1180 1274 1229 πάντα
1323 1178 1553 1229 ἄκτιστα
1581 1175 1722 1230 εἶναι

156 1264 432 1330 βούλονται
463 1266 557 1317 καὶ
582 1264 809 1334 διάφορα
838 1268 933 1333 τῆς
984 1267 1171 1327 οὐσίας
1207 1269 1526 1335 πράγματα,
1557 1270 1721 1334 φασὶν

150 1355 207 1405 ὲν
235 1356 371 1423 αὐτῇ
417 1357 481 1423 τῇ
507 1355 665 1423 οὐσίᾳ
692 1357 783 1407 τοῦ
807 1356 939 1407 Θεοῦ
992 1357 1333 1426 ἐνιδρυμένα,
1371 1360 1463 1409 καὶ
1519 1358 1722 1426 ταύτην

152 1448 329 1503 αὐτῶν
376 1450 552 1501 αἰτίαν
607 1446 765 1511 εἶναι,
824 1449 917 1501 νῦν
966 1451 1061 1516 μὲν
1116 1452 1180 1502 ἐκ
1225 1452 1317 1502 τοῦ
1363 1450 1568 1518 [ἰατρὸς
1630 1448 1721 1500 καὶ

149 1540 239 1594 τοῦ
308 1539 474 1601 Υίοῦ,
512 1540 606 1591 νῦν
658 1540 713 1591 δὲ
757 1542 821 1592 ὲκ
872 1544 965 1593 τοῦ
1024 1542 1234 1610 Πατρδς
1298 1544 1389 1594 καὶ
1436 1541 1530 1593 τοῦ
1590 1536 1718 1593 Υίοῦ

149 1632 244 1684 καὶ
285 1630 373 1683 τοῦ
423 1632 580 1698 ἁγίου
624 1632 937 1702 Ιῐνεύματος
980 1634 1079 1700 τὴν
1128 1631 1359 1697 ὓπαρξιν
1402 1632 1545 1700 ἔχειν
1591 1632 1719 1701 δμο-

150 1722 452 1789 λογοῦντες.
498 1724 590 1775 Ἐκ
621 1725 726 1791 γὰρ
750 1726 857 1777 τῶν
909 1725 1073 1791 τριῶν
1123 1726 1465 1775 ὑποστάσεων
1501 1724 1721 1776 αίτιηττὰ

147 1816 381 1870 τιθέασι.
436 1815 605 1869 Τοῦτο
652 1817 697 1868 δ’
747 1817 845 1869 οὐκ
902 1816 967 1869 ἂν
1014 1817 1231 1878 παντως
1290 1815 1492 1882 ἔλεγον,
1541 1816 1589 1867 εί
1642 1816 1716 1885 μὴ

146 1912 244 1973 τὰς
271 1910 595 1971 ὑποστάσεις
616 1909 717 1977 τὴν
771 1910 957 1961 οὐσίαν
1007 1904 1145 1959 εἶναι
1175 1908 1268 1960 τοῦ
1304 1906 1436 1959 Θεοῦ
1466 1907 1717 1976 ἡγοῦντο,

145 2002 284 2068 ὅπερ
305 2002 452 2053 ἐστὶν
479 2001 719 2052 ἐναντίον
748 1998 827 2062 οἱς
864 1997 1240 2067 ἀδολεσχοῦσιν
1269 1997 1523 2065 ἀλλαχοῦ.
1550 1998 1719 2065 Δῆλον

144 2097 326 2147 τοίνυν
359 2096 421 2147 ἐκ
452 2094 655 2146 τούτων
691 2093 784 2145 καὶ
832 2094 987 2145 αὐτοὶ
1035 2091 1299 2155 ποιοῦσιν,
1331 2092 1407 2151 ὡς
1461 2089 1717 2159 οὐδεμίαν

1899 906 2195 967 Praeterea,
2230 907 2393 960 etiam
2427 906 2551 974 ipsi,
2602 911 2696 975 qui
2752 911 3154 972 contradicunt,
3213 927 3405 979 opera-

1832 994 2058 1058 tionem,
2093 1009 2189 1047 seu
2244 996 2567 1059 bonitatem,
2604 1011 2666 1049 ac
2699 997 2862 1050 vitam
2918 999 3033 1061 Dei,
3064 1001 3146 1053 vel
3196 1000 3405 1053 charis-

1830 1094 1978 1137 mata
2014 1101 2136 1151 qua:
2162 1085 2413 1140 homines
2456 1104 2484 1140 a
2518 1089 2627 1142 Dco
2659 1090 2962 1157 accipiunt,
3000 1100 3059 1143 ut
3088 1103 3404 1158 operentur,

1829 1192 1950 1245 qua:
1996 1193 2126 1230 sane
2176 1180 2361 1233 omnia
2405 1181 2642 1235 increata
2694 1198 2814 1236 esse
2870 1183 3081 1244 volunt.
3134 1192 3295 1252 atque
3338 1187 3406 1236 ab

1827 1271 2078 1324 essentia'
2114 1270 2359 1325 diversas
2417 1286 2503 1327 res
2554 1289 2694 1335 esse,
2752 1276 2807 1328 in
2860 1276 2972 1343 ipsa
3021 1275 3115 1327 Dei
3169 1278 3405 1329 esiscntia

1829 1359 2067 1413 insidere
2103 1362 2276 1420 aiunt.
2310 1372 2365 1416 et
2406 1377 2524 1416 eam
2568 1366 2760 1416 hormn
2802 1381 2920 1419 esse
2964 1382 3206 1429 causam,
3263 1380 3407 1418 nunc

1835 1450 2058 1517 quidem
2095 1470 2158 1504 cx
2202 1453 2357 1506 l‘atre
2387 1471 2481 1522 per
2516 1456 2749 1520 Filium;
2803 1472 2949 1509 nunc
2981 1472 3112 1509 vero
3140 1474 3202 1509 ex
3249 1459 3406 1512 Putre

1830 1541 2079 1610 Filioque
2105 1559 2166 1594 ac
2200 1545 2404 1611 Spiritu
2431 1558 2620 1599 sancto
2664 1548 3037 1601 exsistcntiam
3095 1549 3291 1601 habere
3326 1550 3409 1603 fa-

1827 1644 2034 1688 tentur.
2070 1635 2287 1688 Etenim
2312 1651 2376 1688 ex
2412 1638 2587 1688 tribus
2614 1637 2994 1706 hyposlasibus
3033 1651 3253 1693 causata
3283 1658 3407 1696 οδω

1826 1737 2049 1778 censent
2089 1744 2100 1776 :
2136 1727 2279 1792 quod
2332 1727 2557 1779 omnino
2609 1744 2715 1779 non
2766 1729 3035 1790 dicerent,
3078 1730 3178 1783 nisi
3234 1733 3405 1799 hypo-

1825 1826 1997 1868 stas:~s
2026 1818 2317 1869 essentiam
2367 1818 2461 1871 Dei
2508 1833 2629 1871 esse
2668 1820 3072 1884 existimarent,
3115 1824 3260 1889 quod
3321 1836 3406 1876 cst

1827 1908 2161 1959 contrarium
2202 1909 2285 1960 his
2315 1923 2434 1975 quae
2467 1910 2595 1961 alibi
2654 1912 2924 1977 garriunt.
2976 1911 3050 1965 Ex
3098 1913 3182 1966 his
3238 1914 3405 1982 igitur

1832 2000 2180 2053 manifestum
2229 2012 2333 2061 est,
2366 2002 2509 2071 quod
2562 2004 2725 2056 etiam
2779 2003 2881 2071 ipsi
2930 2006 3134 2058 nullam
3192 2017 3404 2075 ponunt

1830 2090 2199 2145 diﬂerentiam
2280 2093 2333 2146 in
2409 2094 2494 2147 his
2563 2096 3077 2162 pra‘positionibus,
3148 2098 3403 2151 videlicet

141 2186 410 2253 διαφορὰν
437 2187 507 2237 ἐπ
560 2185 731 2237 ιὺτῶν
761 2185 870 2235 τῶν
900 2182 1208 2251 προθέσεων
1234 2183 1491 2245 τίθενται,
1528 2181 1715 2249 δηλον-

1826 2195 2047 2253 prOpter
2081 2185 2421 2244 identitatem
2458 2198 2621 2253 atque
2682 2187 3108 2241 ittdill'ercntiatn
3149 2190 3405 2244 substan-

140 2278 224 2330 ότι
274 2277 364 2329 διὰ
402 2276 461 2329 τὸ
489 2276 587 2343 τῆς
611 2275 799 2337 οὐσίας
826 2276 919 2328 καὶ
953 2276 1050 2342 τῆς
1076 2276 1300 2344 προόδου
1326 2274 1422 2325 καὶ
1444 2271 1722 2342 ἐνεργείαις

138 2370 347 2423 ταυτὸν
377 2369 476 2421 καὶ
537 2368 848 2438 ἀδιάφορον.
886 2367 1357 2437 Προσεμφαίνουσι
1387 2364 1442 2416 δὲ
1501 2366 1593 2416 καὶ
1640 2364 1721 2415 ὅτι

136 2462 238 2513 οὐκ
289 2462 386 2513 ἐπὶ
419 2460 527 2511 τῶν
590 2460 822 2512 κτιστῶν
890 2461 1053 2527 μόνον
1110 2458 1269 2528 ἡδιὰ
1323 2457 1459 2523 πρὸς
1510 2456 1608 2525 τὴν
1649 2455 1718 2507 ἐκ

134 2552 591 2621 ἀντιμεθίσταται
624 2552 683 2621 (ὃ
713 2552 855 2604 κατὰ
883 2555 981 2621 τῆς
1008 2551 1113 2603 τῶν
1174 2550 1345 2617 ἁγίων
1374 2550 1530 2601 αὐτοὶ
1582 2565 1719 2617 προ-

133 2645 381 2695 τείνουσι
407 2644 772 2705 διδασκαλίας,
800 2643 1143 2707 ἀξιωσάντων
1178 2642 1487 2709 ἀδιαφορείν
1517 2637 1721 2698 ταύτας

130 2737 229 2787 ἐπὶ
253 2736 370 2786 τῶν
400 2734 560 2787 Οείων
610 2736 819 2798 ἁπλῶς,
854 2736 928 2796 ὡς
994 2736 1233 2802 εἴρηται)
1262 2773 1275 2795 ,
1302 2733 1437 2784 ἀλλὰ
1485 2732 1582 2783 καὶ
1629 2728 1720 2781 ἐπὶ

130 2826 247 2878 τῶν
282 2826 560 2879 ἀκτίστων
593 2827 761 2888 αὑτὰς
814 2827 1115 2894 ὑποχωρεῖν
1151 2824 1408 2890 ἀλλήλαις
1444 2822 1539 2873 καὶ
1573 2822 1720 2873 ἀντι-

132 2918 529 2984 μεθίστασθαι.
564 2918 801 2970 Πειοέτω
830 2916 886 2969 δὲ
920 2918 1116 2978 αὐτοὺς
1150 2917 1245 2968 καὶ
1273 2915 1339 2967 τὰ
1388 2912 1721 2977 ὑποδείγμα-

128 3030 225 3074 τα,
254 3006 345 3072 οἷς
366 3014 414 3062 ot
439 3011 749 3063 διδάσκαλοι
801 3011 935 3078 πρὶς
986 3007 1211 3070 ἔνδειξιν
1261 3006 1362 3072 τῆς
1424 3003 1565 3055 κατὰ
1623 2998 1719 3068 τὴν

126 3103 352 3173 Τριὰδα
374 3102 483 3154 τῶν
515 3102 821 3169 προσώπων
846 3100 1072 3167 προόδου
1097 3099 1190 3151 καὶ
1218 3097 1419 3161 τάξεως
1456 3092 1720 3162 ἐχρήσαν-

124 3212 214 3255 το,
244 3189 369 3246 οἷον
389 3192 561 3260 ἥλιον,
588 3194 782 3245 ἀκτῖνα
812 3193 907 3244 καὶ
940 3191 1073 3257 φῶς,
1096 3188 1396 3257 ὀφθαλμὸν,
1420 3185 1513 3237 καὶ
1535 3180 1718 3249 πηγὴν

124 3293 225 3341 καὶ
250 3289 507 3356 ποταμόν
530 3302 546 3319 ⁸
582 3286 660 3339 ἔτι
693 3286 749 3337 δὲ
778 3286 956 3353 πηγὴν
984 3285 1076 3336 καὶ
1108 3282 1350 3349 ποταμὸν
1386 3280 1480 3331 καὶ
1500 3276 1714 3342 λίμνην,

124 3382 158 3448 ἦ
194 3382 391 3449 ῥίζαν.
416 3379 649 3449 καρπὸν,
675 3379 771 3430 καὶ
800 3377 1013 3439 κλάδον,
1046 3376 1142 3428 καὶ
1169 3376 1266 3426 ὅσα
1287 3370 1529 3425 τοιαῦτα·
1557 3370 1613 3419 ἐν
1635 3361 1715 3425 οἷς

1830 2274 1945 2335 tiae,
2002 2275 2501 2344 processionisqne,
2556 2286 2719 2344 atque
2775 2278 3128 2345 Operationis.
3180 2280 3403 2347 Insuper

1821 2373 2002 2417 autem
2044 2365 2306 2427 indicant,
2341 2365 2489 2433 quod
2518 2381 2626 2418 non
2660 2368 2837 2420 solum
2873 2372 2925 2420 in
2948 2369 3148 2422 creatis
3182 2385 3391 2438 prapo-

1820 2456 1947 2510 sitio
2008 2472 2101 2524 per
2164 2455 2231 2509 ad
2285 2456 2725 2524 praepositionem
2780 2474 2841 2510 ea:
2902 2460 3142 2513 vicissim
3204 2463 3401 2515 transit

1821 2547 1989 2618 (quod
2027 2557 2217 2602 contra
2249 2546 2554 2601 doctrinam
2609 2558 2920 2603 sanctorum
2958 2550 3256 2619 objectant,
3307 2553 3401 2621 qui

1818 2649 2045 2694 censent
2098 2639 2197 2694 has
2248 2640 2665 2709 pra'positioncs
2728 2642 2780 2695 in
2833 2642 3035 2696 divinis
3078 2644 3403 2713 simpliciter

1818 2730 1952 2781 nihil
2011 2729 2213 2782 habere
2261 2729 2622 2789 discriminis,
2661 2741 2718 2783 ut
2766 2729 2972 2784 dictmn
3029 2734 3156 2800 est),
3211 2749 3400 2787 verum

1819 2819 1986 2871 etiam
2018 2819 2072 2871 in
2104 2819 2359 2872 inereatis
2392 2820 2487 2872 has
2518 2820 2715 2873 cedere
2761 2819 3021 2885 invicem,
3069 2831 3124 2874 et
3171 2822 3401 2874 alti-ram

1822 2910 1875 2962 in
1907 2910 2137 2962 alteram
2184 2909 2426 2963 vicissim
2477 2912 2733 2963 transire.
2792 2910 3165 2965 Persuadeant
3215 2922 3395 2965 autem

1820 3001 1955 3069 ipsis
1985 3002 2151 3053 etiam
2178 3002 2447 3068 exempla,
2479 3002 2682 3070 quibus
2714 3001 2967 3055 doctores
2997 3001 3064 3055 ad
3100 3002 3400 3056 ostenden-

1820 3092 1948 3145 dum
1984 3107 2320 3160 processum,
2359 3102 2415 3145 et
2457 3093 2705 3147 ordinem
2758 3110 3114 3161 personarum
3170 3096 3223 3149 in
3276 3098 3402 3149 'I‘ri-

1818 3183 1988 3235 nitate
2022 3184 2103 3236 usi
2135 3193 2283 3247 sunt,
2312 3185 2476 3237 veluti
2511 3186 2645 3247 sole,
2674 3186 2931 3244 radio.ac
2956 3188 3075 3241 lucc
3097 3206 3109 3241 :
3134 3189 3296 3241 oculo
3346 3189 3399 3241 id

1816 3283 1918 3337 est,
1953 3275 2124 3342 prima
2154 3278 2316 3329 fontis
2342 3277 2697 3344 scaturigine)
2730 3288 2786 3332 et
2835 3279 3007 3343 fonte,
3036 3293 3099 3332 ac
3133 3279 3354 3331 ﬂumine
3381 3296 3399 3344 ;

1819 3366 2041 3434 insuper
2068 3368 2230 3419 etiam
2264 3366 2435 3433 fonte,
2474 3368 2716 3431 ﬂutttine,
2747 3378 2909 3437 atque
2941 3369 3166 3437 palude;
3202 3370 3283 3423 vel
3316 3387 3402 3421 ra-

118 3472 295 3541 δῆλον
330 3471 432 3537 τὴν
464 3468 693 3536 ὕπαρξιν
716 3466 858 3535 ἔχειν
900 3466 957 3517 τὸ
1010 3466 1192 3534 τρίτον
1256 3466 1321 3515 ὲκ
1370 3460 1463 3515 τοῦ
1495 3459 1710 3530 πρώτου

1821 3458 1952 3520 dice,
1980 3473 2150 3520 ramo,
2170 3467 2225 3511 et
2256 3460 2355 3511 fru:
2376 3470 2454 3522 tu,
2473 3469 2528 3513 et
2549 3460 2853 3525 similibus;
2880 3463 2932 3515 in
2956 3463 3154 3531 quibus
3173 3464 3401 3517 manic—

119 3561 218 3613 aia
253 3558 361 3611 τοῦ
403 3558 570 3627 μέσου
606 3558 747 3609 κατὰ
778 3557 904 3625 μίαν
936 3555 1161 3623 πρόοδον
1190 3553 1326 3622 μετά
1372 3554 1465 3605 καὶ
1493 3551 1585 3604 τοῦ
1616 3552 1714 3619 τὴν

119 3650 384 3718 φυσικὴν
423 3650 714 3716 σονάφειαν
746 3648 842 3700 καὶ
873 3648 1101 3716 ἑνότητα
1156 3645 1287 3716 πρὸς
1346 3644 1549 3712 ἄλληλα
1579 3643 1711 3695 ἀπο.

120 3745 273 3810 σῶζε
285 3762 364 3798 ιν.

214 3834 359 3903 Ἀφ’
385 3829 461 3888 ὢν
503 3834 916 3902 ὑποδειγμάτων
949 3833 1142 3901 δίπου,
1166 3838 1263 3900 της
1302 3830 1432 3899 ὕλης
1462 3830 1555 3883 καὶ
1610 3830 1716 3881 τῶν

114 3928 249 3981 κατ’
300 3927 479 3996 αὐτὴν
516 3927 897 3997 διαστημάτων
948 3928 1046 3979 καὶ
1090 3926 1188 3990 τῆς
1251 3925 1521 3992 ἑπομένης
1580 3922 1715 3991 αὗτῇ

112 4018 315 4089 ῥοπῆς
345 4018 991 4087 ἁφαιρουμένων(ταυτ“ι
1042 4021 1151 4088 γὰρ
1206 4018 1298 4071 ἐπὶ
1346 4016 1479 4069 Θεοῦ
1536 4014 1719 4083 χώραν

110 4114 223 4165 οὐκ
260 4113 415 4179 ἔχει,
456 4111 521 4163 δι’
582 4112 617 4165 ἃ
645 4112 708 4181 δὴ
768 4114 861 4165 καὶ
906 4112 1165 4175 πολλάκις
1216 4113 1283 4164 τὰ
1346 4110 1719 4177 ὑποδείγματα

109 4202 240 4263 τοῖς
300 4199 656 4260 διδασκάλοις
723 4200 848 4252 ὅσον
911 4202 969 4253 ὲν
1022 4201 1233 4263 τούτοις
1282 4198 1654 4268 ἀπήρεσκεν),
1691 4198 1719 4250 ὁ

110 4292 257 4357 περὶ
284 4290 401 4357 τῆς
429 4290 562 4358 πρὸς
596 4290 799 4358 ἄλληλα
825 4292 1029 4354 τάξεως
1086 4291 1224 4360 μετὰ
1272 4291 1370 4358 τῆς
1426 4287 1721 4357 συναφείας

108 4375 535 4428 καταλείπεται
588 4376 772 4443 λόγος·
814 4378 974 4445 μόνος
1035 4378 1127 4429 ἐπὶ
1164 4376 1299 4429 Θεοῦ
1333 4376 1475 4429 κατὰ
1505 4379 1571 4429 τὰ
1602 4376 1720 4427 θεῖα

106 4469 423 4536 πρόσωπα
472 4466 842 4534 λαμῦἀνεσοαι
916 4470 1228 4538 προσήκων.
1271 4470 1366 4531 ὐς
1421 4469 1578 4538 μόνος
1613 4469 1719 4522 τῶν

107 4561 314 4614 ἄλλων
352 4560 460 4613 ὅσα
490 4560 711 4613 ἕπονται
763 4563 1252 4632 παραλειπομένων
1308 4564 1400 4616 ἐπὶ
1434 4561 1569 4615 Θεοῦ
1606 4565 1721 4626 τοῖς

103 4649 313 4716 ἁγίοις
349 4649 546 4716 ἀρκεῖ·
591 4648 731 4701 ὥστε
764 4653 859 4703 καὶ
891 4651 988 4720 τὴν
1016 4653 1260 4721 πρόοδον,
1298 4655 1391 4705 καὶ
1424 4656 1521 4721 τὴν
1544 4654 1716 4719 τάξιν,

1815 3562 1958 3605 stum
1986 3560 2089 3616 est,
2113 3552 2332 3606 tertium
2358 3552 2557 3606 habere
2583 3555 2963 3607 exsistentiam
2996 3570 3061 3608 ex
3096 3556 3273 3623 primo
3301 3570 3401 3622 per

1816 3644 2053 3697 medium
2071 3643 2367 3697 secundum
2387 3659 2547 3697 unam
2565 3646 2991 3714 processionem,
3007 3659 3035 3699 5
3054 3654 3215 3700 rvata
3233 3646 3396 3699 simul

1817 3736 2049 3790 naturali
2078 3738 2482 3803 conjunctione,
2510 3746 2675 3806 atque
2703 3739 2909 3792 unitate
2941 3740 3008 3791 ad
3041 3739 3301 3792 invicem.

1886 3830 1964 3882 Ex
1991 3829 2193 3897 quibus
2224 3830 2487 3895 exemplis
2513 3829 2773 3882 nimirum
2816 3829 3067 3895 materia,
3096 3840 3152 3883 et
3178 3831 3391 3884 dimen-

1819 3922 2091 3985 sionibus,
2127 3932 2183 3975 et
2227 3922 2294 3975 iis
2327 3937 2450 3990 quae
2497 3937 2617 3976 eam
2657 3934 3090 3991 consequuntur,
3124 3924 3396 3978 detractis

1824 4013 1960 4080 (ha’c
2016 4013 2161 4065 enim
2200 4014 2253 4066 in
2310 4013 2418 4066 Deo
2464 4012 2640 4066 locum
2699 4030 2806 4066 non
2864 4014 3091 4077 habent,
3142 4015 3215 4069 ob
3271 4031 3393 4083 qua:

1818 4105 1981 4156 etiam
2009 4118 2150 4171 sarpe
2199 4103 2313 4157 ham
2338 4105 2584 4172 exempla
2637 4105 2958 4159 doctoribus
2988 4108 3165 4175 quoad
3209 4110 3392 4161 omnia

1819 4195 2233 4263 displicebant),
2279 4206 2449 4248 restat
2481 4197 2618 4248 ratio
2646 4197 2873 4260 ordinis,
2902 4198 2997 4265 qui
3030 4197 3169 4250 inter
3202 4213 3391 4266 perso-

1818 4297 1918 4337 nas
1946 4284 2011 4337 ad
2059 4283 2289 4337 invicem
2342 4292 2425 4337 est
2462 4300 2568 4337 una
2627 4300 2750 4337 eum
2799 4286 3185 4355 conjunctione
3218 4304 3231 4339 :
3269 4302 3392 4355 qua:

1821 4375 1959 4428 ratio
1990 4376 2103 4429 sola
2132 4376 2467 4429 conveniens
2492 4384 2597 4439 est,
2633 4385 2690 4429 ut
2740 4376 2791 4429 in
2832 4377 2941 4430 Deo
2970 4380 3269 4431 secundum
3302 4380 3391 4430 di-

1817 4469 1973 4522 vinas
2002 4483 2262 4536 personas
2289 4469 2611 4537 accipiatur.
2648 4470 2778 4534 Qua:
2804 4471 2916 4523 sola
2946 4470 2999 4523 in
3041 4471 3149 4523 Deo
3187 4470 3389 4524 relictis

1816 4560 1939 4611 aliis
1965 4572 2086 4626 quae
2115 4569 2441 4624 sequuntur,
2476 4560 2681 4613 sanctis
2710 4559 3036 4613 doctoribus
3078 4562 3286 4627 placet;
3329 4570 3390 4612 ut

1817 4660 1871 4704 et
1899 4664 2236 4717 processum.
2252 4658 2307 4703 et
2328 4650 2598 4714 ordinem,
2616 4666 2678 4703 ac
2695 4659 2903 4704 natura:
2922 4651 3388 4719 conjumtionem,

101 4742 208 4792 καί
252 4742 326 4791 τὸ
360 4741 464 4807 τῆς
492 4739 701 4807 φύσεως
726 4741 942 4805 οίκεὶον,
976 4744 1098 4795 ὅσον
1130 4744 1238 4797 ἀπὸ
1268 4745 1376 4798 τῶν
1402 4745 1525 4798 καθ’
1568 4748 1717 4814 ἡμᾶς

1821 4750 2081 4810 quantum
2130 4740 2247 4794 ﬁeri
2297 4751 2472 4811 potest
2512 4743 2580 4796 ab
2610 4744 2890 4809 exemplis,
2952 4743 3156 4796 nostris
3208 4742 3389 4810 expri-

102 4832 424 4900 ἐνδέχεται
451 4834 737 4902 παριστᾷν,
771 4834 832 4885 Et
884 4834 991 4905 γὰρ
1057 4837 1190 4905 μηδὲ
1241 4839 1382 4891 κατὰ
1440 4840 1537 4906 τὴν
1568 4838 1720 4902 τάξιν

100 4920 302 4972 ταῦτα
336 4920 631 4987 ληψόμεθα
660 4922 756 4992 τὴν
795 4925 1014 4994 πρόοδον
1040 4928 1292 4995 καθαρῶς
1330 4930 1720 4997 ὲμφαῖνουσαν,

98 5015 256 5082 μηδὲ
352 5011 464 5079 τῆς
525 5013 659 5080 πρὸς
711 5016 911 5084 ἄλληλα
976 5019 1208 5086 σχέσεως
1257 5008 1556 5073 ἕνδεικτικὰ
1613 5025 1722 5075 τῶν

97 5106 284 5157 Οείων
353 5103 670 5171 προσώπων
724 5108 990 5175 φήσομεν,
1028 5109 1125 5160 οὐκ
1182 5106 1299 5163 οῖδα
1348 5112 1399 5164 τί
1435 5113 1553 5164 ποθ’
1589 5115 1720 5184 ἡμῖν

91 5200 314 5267 ἕτερον
352 5195 521 5246 ταυτὶ
543 5196 607 5248 τὰ
633 5197 999 5267 ὑποδείγματα
1023 5202 1286 5269 βοᾶλεται.

732 5311 958 5362 ΚΕ¹Ῑ⁸ΔΛ
982 5352 994 5365 .
1029 5312 1123 5366 lB'.

92 5400 335 5475 Ὄτρος
370 5395 756 5475 ἄπιο-ι-ἐκᾳτὴς
800 5403 1014 5467 οὐσίας
1048 5405 1152 5459 τοῦ
1185 5408 1413 5475 Πατρὸς
1459 5409 1555 5461 καὶ
1611 5411 1716 5464 τοῦ

174 5469 341 5539 ιζιοῡ
393 5467 462 5518 τὸ
495 5468 732 5539 Πνεῦμα
761 5475 1129 5539 θεολογοὶοσι,
1183 5467 1529 5531 καὶῖἐῖίτοῡ
1583 5481 1715 5534 Υἱοῦ

162 5536 386 5616 εἶναι,
422 5538 524 5616 καὶ
549 5538 861 5607 ὑπάρχειν,
908 5536 1003 5596 καὶ
1055 5536 1343 5616 προὶέναι,
1370 5549 1467 5602 καὶ
1530 5550 1709 5602 ἐκπο-

155 5607 520 5677 ρεύεσθαι.

164 5721 425 5792 Καιρὸς
453 5719 507 5771 δὲ
539 5720 641 5790 ἥδη
672 5722 765 5775 καὶ
813 5725 870 5776 τὸ
909 5727 970 5779 ὲκ
1028 5728 1128 5795 τῆς
1185 5733 1369 5795 οὐσίας
1419 5731 1551 5788 εἶναι
1614 5738 1706 5790 τοῦ

82 5818 341 5883 Πατρδς
375 5811 479 5863 καὶ
513 5812 606 5866 τοῦ
646 5814 770 5869 Υἱοῦ
804 5816 861 5871 τὸ
895 5819 1113 5889 Πνεῦμα
1166 5826 1225 5877 τδ
1276 5827 1446 5893 ἅγιον,
1477 5833 1611 5901 ὅπερ
1635 5834 1707 5895 ὡς

1820 4841 2000 4897 mant;
2032 4832 2076 4886 si
2112 4832 2256 4886 enim
2297 4835 2409 4887 lure
2454 4835 2701 4903 exempla
2753 4849 2932 4903 neque
2971 4835 3037 4886 ad
3074 4836 3389 4903 exprimen-

1820 4924 1946 4975 dum
1966 4921 2239 4985 ordinem,
2267 4922 2355 4989 qui
2383 4936 2696 4989 processura
2720 4923 2864 4976 clare
2888 4922 3112 4984 indicat,
3139 4937 3386 4989 sumpse-

1820 5015 2011 5067 rimus.
2049 5012 2233 5080 Neque
2268 5013 2517 5065 dicemus
2542 5029 2685 5075 essc,
2715 5029 2834 5082 qua:
2858 5013 3166 5067 divinarum
3202 5030 3388 5082 perso-

1817 5121 2007 5157 narum
2042 5105 2182 5159 inter
2208 5120 2265 5159 se
2298 5106 2615 5160 relationem
2652 5107 2992 5175 signiﬁcent,
3022 5108 3210 5161 nescio
3249 5107 3383 5174 quid

1822 5194 2038 5249 tandem
2068 5195 2214 5249 aliud
2242 5196 2343 5250 ista
2374 5198 2620 5265 exempla
2667 5199 2822 5252 nobis
2856 5200 3163 5268 exprimere
3191 5200 3380 5253 velint.

2409 5312 2633 5367 CAPUT
2666 5313 2781 5367 XII.

1816 5424 1962 5489 Quod
1994 5428 2164 5479 sancti
2210 5442 2273 5479 ea:
2322 5428 2611 5481 substantia
2646 5428 2821 5481 Patris
2864 5439 2911 5481 et
2956 5429 3083 5483 Filii
3123 5430 3379 5498 Spiritum

1883 5506 2122 5548 sanctum
2148 5513 2255 5549 esse
2296 5498 2575 5563 tlteoloqice
2609 5500 2890 5555 disserunt.
2919 5510 2965 5551 ct
2996 5517 3057 5552 ea:
3090 5500 3221 5554 Filio
3253 5522 3377 5567 esse,

1888 5576 2044 5634 atque
2063 5567 2328 5631 exsistere,
2357 5568 2713 5635 proﬁciscique
2746 5580 2793 5621 et
2831 5574 3127 5637 procedere.

1886 5745 2003 5799 Jam
2042 5760 2169 5799 vero
2220 5755 2433 5815 tempus
2486 5756 2590 5812 est,
2643 5765 2709 5802 cx
2773 5751 3087 5805 doctoribus
3148 5754 3375 5822 υνυίκτςιι.»

1818 5837 2081 5905 Spiritum
2134 5848 2377 5892 sanetum
2415 5855 2479 5894 ex
2510 5842 2808 5895 substantia
2840 5860 2960 5899 esse
2996 5846 3170 5901 Patris
3201 5860 3253 5902 ιι
3297 5850 3383 5901 li-
