4198 6440
778 426 905 496 D357

2045 427 2417 487 DEME'l'RII
2455 428 2593 485 (ΣΠ)
2618 428 2759 486 ⁴ιΝΗ

2373 428 2417 485 [Ι
2455 428 2593 485 CYD
2618 428 2759 486 4N“
3930 434 4031 494 92ίί

780 552 838 604 lii
876 551 1039 621 (quod
1080 557 1334 619 tanquam
1375 548 1688 603 confessum
1721 554 2002 615 acceptum
2040 546 2147 610 est)
2186 554 2241 595 et
2281 560 2345 595 ex
2377 550 2418 608 Α

2377 550 2418 608 Α
2450 545 2881 613 ὁμολογούμενον
2936 546 3207 615 εἴληπται,
3248 550 3343 601 καὶ
3406 549 3465 614 ἐξ
3502 551 3665 604 αὐτοῦ
3720 549 3887 616 εἶναι,
3941 554 4030 608 καὶ

780 643 900 706 ipso
935 642 1116 705 (Filio)
1162 656 1302 703 esse,
1351 650 1512 708 atque
1563 638 1849 701 exsistere,
1878 634 2256 704 proticiseique
2287 644 2343 686 et

779 730 1095 797 procedere.
1130 740 1249 798 post
1286 732 1395 783 hinc
1441 730 1857 783 convenientem
1913 729 2071 780 linem
2127 726 2344 781 habebit

778 831 963 873 nostra
1002 823 1200 874 oratio.
1225 819 1503 889 Principio
1530 821 1692 888 igitur
1726 820 1881 871 divus
1914 818 2147 888 Cyrinus
2172 820 2224 871 in
2256 836 2343 872 se-

779 912 961 964 cundo
993 912 1134 963 libro
1164 911 1571 981 Thesaurorum,
1614 911 1664 961 in
1699 925 1808 962 uno
1855 926 1921 962 ex
1962 910 2232 977 capitibus
2265 911 2343 963 sic

781 1003 1191 1069 inscriptionem
1227 1002 1356 1055 facit
1394 1019 1406 1055 :
1451 1021 1469 1052 ι
1525 1000 1674 1064 Quod
1716 1016 1777 1053 ex
1823 1002 2117 1055 substantia
2168 1002 2343 1056 Patris

779 1112 843 1145 ac
873 1094 994 1145 Filii
1027 1093 1256 1161 Spiritus
1282 1101 1518 1145 sam-tus.
1543 1092 1693 1157 Quod
1726 1093 1768 1145 si
1817 1091 2055 1160 idipsum
2103 1093 2345 1160 proposi-

781 1194 893 1236 tum
928 1194 1013 1237 est
1043 1185 1168 1253 ipsi,
1214 1184 1561 1237 manifestum
1596 1194 1698 1247 est,
1748 1185 1892 1252 quod
1943 1184 2136 1237 thesim
2189 1185 2342 1237 valde

776 1276 1071 1327 admittens
1105 1276 1219 1327 vult
1263 1291 1381 1328 eam
1414 1276 1761 1328 concludere.
1796 1276 1969 1341 Atque
2010 1275 2063 1326 in
2097 1276 2215 1343 ipso
2255 1291 2344 1327 ca-

780 1366 972 1431 pitulo,
1008 1366 1151 1432 quod
1204 1366 1276 1417 ita
1331 1365 1667 1426 inscribitur,
1702 1365 1822 1415 ait:
1870 1382 1886 1413 ι
1928 1364 2194 1429 Quoniam
2241 1366 2342 1433 igi-

780 1469 867 1510 tur
896 1458 1130 1525 Spiritus
1158 1467 1378 1511 sanctus
1415 1474 1535 1511 cum
1577 1458 1626 1509 in
1677 1457 1834 1508 nobis
1881 1457 2063 1519 fuerit,
2123 1457 2341 1508 confor-

780 1562 892 1599 mes
925 1563 1025 1599 nos
1058 1547 1167 1599 Deo
1200 1547 1358 1610 facit;
1393 1546 1758 1614 proﬁciscitur
1787 1558 1967 1599 autem
2000 1561 2065 1598 ex
2094 1546 2254 1599 Patre
2280 1561 2343 1598 ac

777 1638 935 1697 Filio,
968 1641 1171 1690 clarum
1206 1649 1310 1697 est,
1340 1638 1481 1704 quod
1517 1638 1710 1689 divina:
1760 1638 1829 1689 sit
1875 1638 2209 1698 substantim,
2260 1653 2345 1689 es-

2448 636 2734 703 ὑπάρχειν,
2760 639 2853 688 καὶ
2907 639 3178 702 προϊέναι,
3232 642 3324 694 καὶ
3375 642 3772 711 ἐκπορεύεσθαι
3808 648 3873 697 ἐκ
3925 646 4031 698 τῶν

2445 726 2775 779 ειδασκάλων
2809 729 3179 796 παραστῆσαι,
3224 732 3317 784 καὶ
3374 735 3514 800 μετὰ
3566 736 3718 787 ταῦθ’
3763 739 3900 804 ἡμῖν
3921 738 4030 801 ἕξει

2445 816 2596 876 τέλος
2623 817 2682 867 τὸ
2715 818 2987 887 προσῆκον
3021 821 3049 871 6
3102 821 3281 887 λόγος.
3334 826 3542 877 Αὐτίκα
3595 828 3778 879 τοίνυν
3806 831 3832 879 6
3891 829 4029 891 Gaio;

2447 904 2712 973 Κύριλλος
2755 909 2813 958 ἐν
2880 907 2957 976 τῷ
3004 907 3050 977 β’
3099 907 3209 961 τῶν
3272 914 3604 981 Θησαυρῶν
3651 915 3735 984 ἐφ’
3787 918 3872 969 ἐνὶ
3926 918 4029 970 τῶν

2446 996 2756 1063 κεφαλαίων
2784 997 2927 1051 οὕτω
2971 1000 3069 1068 τὴν
3128 1003 3438 1071 ἐπιγραφὴν
3492 1008 3759 1060 ποιεῖται·
3798 1008 3935 1062 Ὀτι
3965 1011 4029 1062 ἐκ

2445 1085 2552 1151 τῆς
2584 1086 2804 1152 οὐσίας
2839 1089 2947 1143 τοῦ
2978 1092 3209 1159 Πατρός
3238 1093 3334 1145 καὶ
3360 1094 3467 1147 τοῦ
3508 1097 3643 1149 Υἱοῦ
3667 1098 3734 1149 τὸ
3784 1099 4028 1166 Πνεῦμα

2446 1180 2511 1231 τὸ
2546 1180 2735 1243 ἅγιον.
2771 1184 2830 1233 Εἰ
2854 1184 2908 1234 δὲ
2941 1185 3071 1236 αὐτὸ
3092 1186 3249 1238 τοῦτο
3290 1190 3575 1256 πρόκειται
3626 1192 3795 1260 αὐτῷ,
3844 1194 4024 1260 δῆλον,

2445 1273 2525 1323 ὅτι
2551 1273 2649 1339 τὴν
2689 1275 2839 1328 θέσιν
2867 1277 2961 1328 καὶ
3016 1280 3154 1331 πάνυ
3177 1282 3483 1349 δεχόμενος,
3524 1282 3769 1350 βούλεται
3818 1303 4029 1353 συμπε-

2450 1364 2652 1430 ραίνειν
2677 1380 2691 1394 ·
2727 1366 2818 1415 καὶ
2847 1368 2905 1417 ἐν
2938 1368 3086 1437 αὐτῷ
3112 1371 3207 1423 καὶ
3252 1372 3329 1440 τῷ
3364 1373 3536 1435 οὕτως
3596 1376 4028 1445 ἐπιγραφομένῳ

2447 1454 2728 1522 κεφαλαίῳ
2762 1458 2927 1524 φησίν
2952 1476 2967 1492 ο
3002 1479 3020 1511 ‹
3051 1461 3203 1513 Ἐπεὶ
3232 1464 3410 1515 τοίνυν
3435 1466 3493 1516 τὸ
3525 1466 3743 1531 Πνεῦμα
3783 1468 3841 1518 τὸ
3873 1469 4029 1533 ᾰγινιν

2447 1542 2503 1593 ἐν
2538 1544 2668 1609 ἡμῖν
2722 1548 3007 1614 γινόμενον
3074 1553 3438 1622 συμμόρφους
3472 1556 3621 1621 ἡμᾶς
3679 1556 4028 1608 ἀποδεικνύει

2447 1630 2606 1695 Θεοῦ,
2638 1637 2855 1701 πρόεισι
2876 1638 2931 1689 δὲ
2955 1640 3017 1689 ἐκ
3050 1640 3264 1710 Πατρὸς
3314 1644 3407 1695 καὶ
3464 1645 3614 1704 Υἱοῦ,
3649 1647 3919 1713 πρόδηλον
3951 1650 4028 1701 ὃτι

778 1730 1082 1782 St'nliulitcr
1130 1728 1182 1780 in
1226 1729 1364 1796 ipsa,
1395 1736 1535 1780 etex
1572 1729 1685 1795 ipsa
1721 1728 1997 1793 prodiens.
2048 1746 2066 1776 ι
2133 1729 2343 1781 Rursus

2446 1723 2541 1789 τὴς
2565 1724 2713 1787 θείας
2735 1729 2881 1779 ἐστὶν
2902 1730 3110 1793 οὐσίας,
3128 1734 3226 1785 οὺσ
3249 1735 3397 1796 ωδῶς
3421 1737 3478 1787 ἐν
3500 1736 3634 1804 αὐτῇ
3668 1740 3759 1789 καὶ
3778 1739 3834 1800 ἐξ
3856 1741 4028 1807 αὐτῆς

779 1818 831 1868 in
867 1818 1056 1868 eodem
1085 1832 1208 1884 cap.
1243 1834 1256 1871 :
1297 1834 1314 1866 ι
1358 1816 1615 1882 i‘roprius
1635 1825 1717 1868 est
1753 1828 1931 1869 autem
1973 1818 2212 1881 Spiritus
2249 1819 2338 1870 Fi-

2447 1814 2651 1878 προῖόν.
2685 1833 2702 1864 ι
2727 1816 2893 1869 Πάλιν
2921 1822 2978 1871 ἐν
2999 1822 3146 1891 αὐτῷ
3168 1838 3183 1854 ο
3216 1840 3234 1873 ι
3266 1824 3426 1876 Ἰδιον
3447 1827 3500 1876 δὲ
3525 1828 3740 1889 πάντως
3764 1829 3824 1879 τὸ
3861 1829 4030 1881 Πνεῦ-

778 1906 860 1965 lii,
897 1915 1060 1973 atque
1108 1920 1213 1958 n0n
1268 1906 1337 1958 ab
1392 1914 1543 1957 extra
1612 1906 1812 1958 illatus.
1856 1924 1874 1956 ι
1917 1908 2237 1976 Rursusque
2289 1909 2341 1960 in
2376 1891 2416 1943 Β

2376 1891 2416 1943 Β
2450 1921 2524 1972 μα
2552 1905 2642 1957 τοῦ
2676 1907 2826 1972 Υίοῦ,
2860 1911 2953 1963 καὶ
2981 1914 3081 1966 οὐκ
3117 1914 3315 1977 ἔξωθεν
3370 1918 3628 1972 ἐπακτόν,
3668 1938 3686 1970 ι
3716 1922 3823 1972 Καὶ
3861 1922 4028 1974 πάλιν

776 1997 884 2048 alio
936 2014 1055 2065 cap.
1098 2016 1110 2049 :
1148 2016 1165 2048 ι
1200 1998 1429 2051 Necesse
1460 2006 1544 2049 est
1568 1997 1720 2049 lateri
1758 1996 2019 2064 Spiritum
2054 2001 2228 2065 ipsum
2277 2013 2342 2051 ex

2447 1997 2503 2047 ἐν
2528 1998 2672 2068 ἄλλῳ
2700 2020 2717 2051 ι
2742 1999 2982 2071 Ἀνάγκη
3008 2005 3068 2055 τὸ
3086 2006 3307 2064 Πνεῦμα
3332 2010 3396 2060 ὲκ
3426 2009 3524 2076 τῆς
3548 2011 3732 2074 οὐσίας
3760 2013 4028 2083 ὑπάρχειν

778 2091 1076 2142 substantia
1113 2089 1229 2141 Filii
1254 2105 1316 2142 ac
1350 2090 1439 2143 [lci
1466 2091 1746 2150 exsistere,
1770 2105 1891 2140 tum
1926 2105 2139 2142 onmem
2175 2091 2342 2158 ipsius

2446 2089 2729 2157 ὁμολογεῖν
2752 2093 2882 2144 αὐτὸ
2916 2095 3017 2161 τῆς
3053 2096 3147 2148 τοῦ
3178 2097 3307 2150 Υίοῦ
3337 2100 3431 2150 καὶ
3451 2100 3609 2164 Θεοῦ,
3644 2104 3821 2154 πᾶσαν
3858 2105 4026 2157 αὑτοῦ

776 2194 897 2232 eum
923 2179 1239 2247 potentiam,
1259 2191 1369 2232 tum
1392 2182 1756 2248 operationem
1784 2179 1996 2231 habeat.
2020 2199 2036 2229 ι
2063 2180 2269 2233 Rursus
2289 2182 2340 2233 in

2444 2180 2544 2246 τήν
2590 2198 2647 2232 τε
2692 2182 2921 2252 δύναμιν
2961 2186 3056 2237 καὶ
3085 2187 3364 2256 ἐνέργειαν
3392 2190 3534 2259 ἕχον.
3566 2210 3584 2240 ι
3624 2193 3731 2244 Καὶ
3764 2193 3932 2245 πάλιν
3976 2196 4029 2246 ἐν

776 2272 917 2325 alio:
961 2290 977 2320 ε
1020 2271 1185 2339 Igitur
1211 2287 1276 2325 ex
1308 2272 1605 2324 substantia
1632 2270 1747 2323 Filii
1784 2271 2019 2337 Spiritus
2050 2284 2286 2325 sanctus.
2316 2292 2334 2323 ι

2444 2270 2611 2339 ἄλλῳ,
2637 2292 2655 2322 ‹
2685 2273 2890 2325 Οὐκοῦν
2924 2277 2988 2327 ἐκ
3013 2278 3111 2346 τῆς
3139 2279 3327 2341 οὐσίας
3356 2283 3447 2331 τοῦ
3473 2281 3605 2333 Υίοῦ
3638 2284 3697 2334 τὸ
3728 2285 3979 2345 Πνεῦμα.
4004 2304 4021 2335 ι

847 2362 1111 2415 Pnelerca
1145 2364 1285 2415 idem
1327 2365 1383 2415 in
1412 2363 1754 2429 expositione
1796 2364 1846 2414 in
1885 2362 2227 2431 Evangelium
2256 2381 2344 2418 se-

2518 2361 2637 2414 Ἐτι
2690 2365 2718 2414 6
2775 2365 2935 2429 αὐτὸς
2988 2369 3045 2418 ὲν
3098 2371 3163 2437 τῇ
3226 2370 3491 2440 ἑρμηνείᾳ
3518 2370 3613 2422 τοῦ
3664 2374 3807 2424 κατὰ
3842 2373 4029 2427 Ἰωάνα

775 2454 1013 2506 cundum
1047 2454 1309 2507 Joannem
1347 2455 1401 2506 in
1438 2454 1566 2506 illud
1600 2455 1802 2506 dictum
1840 2473 1853 2507 :
1896 2471 1914 2502 ι
1955 2453 2021 2505 Et
2065 2455 2197 2507 Deus
2229 2450 2344 2509 erat

2444 2466 2560 2519 νην,
2586 2452 2665 2514 είς
2694 2454 2756 2505 τὸ
2778 2457 2939 2524 ῥητὸν
2993 2457 3075 2521 τὸ,
3112 2458 3218 2511 Καὶ
3258 2460 3403 2525 Θεὸς
3447 2457 3526 2527 ἦν
3549 2465 3581 2513 ὁ
3611 2464 3815 2530 Λόγος-η
3865 2483 3885 2512 ι
3917 2466 4029 2517 Οὐκ

782 2545 1037 2599 Verbum:
1070 2566 1087 2596 ι
1126 2546 1239 2599 Non
1268 2562 1395 2615 ergo
1426 2547 1602 2600 minor
1631 2556 1736 2609 est,
1788 2547 1879 2614 qui
1918 2548 2163 2599 eamdem
2215 2564 2343 2616 ope-

2443 2543 2550 2611 ἄρα
2608 2545 2847 2599 ἐλάττων
2904 2550 3054 2601 ἐστὶν
3102 2552 3131 2602 6
3183 2551 3281 2617 τὴν
3322 2552 3490 2620 αὐτὴν
3547 2554 3829 2622 ἐνέργειαν
3889 2557 4030 2625 ἔχων

776 2641 1045 2692 rationem
1072 2656 1195 2693 cum
1232 2641 1389 2694 Patre
1420 2640 1662 2709 perfecto
1689 2643 1871 2705 habet,
1906 2642 2092 2696 vivens
2125 2652 2179 2695 et
2213 2645 2343 2697 sub-

2454 2636 2533 2702 τῷ
2566 2637 2755 2706 τελείῳ
2792 2639 2984 2708 Πατρὶ,
3041 2641 3136 2693 καὶ
3188 2642 3249 2693 τὸ
3295 2640 3388 2694 τοῦ
3418 2645 3772 2713 γεννήσαντος
3805 2649 4031 2716 Πικῦμα

778 2731 999 2792 sistens,
1041 2732 1497 2798 quemadmodum
1542 2747 1670 2785 sane
1698 2743 1753 2786 ct
1780 2734 1894 2799 ipse
1923 2734 2100 2787 Pater.
2132 2736 2342 2789 Rursus

2444 2730 2657 2795 φύσεως
2690 2730 2824 2792 ίδίας
2856 2730 2994 2799 ἔχων
3017 2732 3244 2797 ἀγαθὸν,
3285 2733 3395 2797 ζῶν
3421 2752 3479 2788 τε
3512 2739 3608 2789 καὶ
3668 2742 4027 2804 νυπὸστατον,

778 2823 921 2875 idem
950 2824 1002 2874 in
1035 2824 1221 2875 eadem
1254 2823 1591 2890 expositione
1631 2825 1682 2875 in
1728 2825 1859 2877 illud
1901 2842 1913 2877 :
1948 2824 2011 2876 Et
2038 2842 2130 2895 ego
2154 2828 2341 2895 rogabo

2443 2820 2632 2889 ὥσπερ
2679 2820 2773 2873 οὖν
2825 2822 3017 2887 ἀμέλει
3046 2824 3140 2875 καὶ
3192 2826 3219 2875 6
3271 2825 3480 2893 Πατήρ.
3523 2844 3541 2876 ι
3582 2827 3750 2880 Πάλιν
3794 2832 3822 2880 6
3866 2831 4031 2888 αῦσὸς

782 2912 1023 2973 Patrem,
1074 2923 1121 2964 et
1166 2913 1327 2965 alium
1368 2913 1701 2967 Paraclctum
1737 2917 1878 2968 dabit
1922 2917 2058 2969 vobis
2096 2933 2112 2968 :
2151 2935 2169 2967 ε
2205 2900 2340 2971 Cum

2445 2911 2501 2961 ἐν
2683 2913 2946 2982 ἑρμηνείᾳ.
2978 2915 3058 2975 εἰς
3117 2917 3199 2977 τὸ,
3229 2915 3399 2983 Κάγὼ
3434 2918 3714 2983 ἐρωτήσω
3757 2920 3866 2973 τεν
3918 2926 4033 2974 Πα-

778 3006 923 3058 enim
961 3007 1053 3058 Dei
1089 3015 1142 3058 et
1178 3005 1353 3058 Patris
1388 3008 1715 3060 naturalium
1765 3008 2030 3061 bonorum
2076 3011 2342 3064 essentia-

2446 3001 2604 3070 τέρα,
2636 3005 2737 3056 καὶ
2773 3004 2967 3057 ἄλλον
2996 3005 3394 3073 Παράκλητον
3427 3008 3605 3061 δώσει
3644 3010 3789 3079 ὑμῖν
3810 3028 3824 3041 ·
3865 3031 3885 3063 ι
3912 3013 4032 3064 Ἰῶν

778 3096 906 3150 liter
937 3096 1106 3151 Filius
1137 3098 1205 3150 sit
1231 3097 1522 3166 particeps,
1577 3097 1736 3151 habet
1788 3099 2050 3163 Spiritum
2101 3100 2167 3153 ad
2216 3116 2341 3154 cum

2444 3096 2553 3163 γὰρ
2608 3092 2703 3145 τοῦ
2755 3093 2891 3147 Θεοῦ
2941 3098 3033 3147 καὶ
3084 3097 3297 3166 Πατρὸς
3346 3101 3593 3166 φυσικῶν
3660 3100 3885 3167 ἀγαθῶν
3946 3104 4036 3154 οὺ-

781 3190 1028 3253 modum,
1059 3190 1359 3243 secundum
1405 3203 1565 3257 quem
1612 3188 1835 3257 intelligi
1871 3200 2047 3257 potest
2072 3200 2127 3244 et
2162 3191 2340 3256 Pater,
2370 3211 2414 3271 ρ

2377 3211 2414 3271 C
2452 3183 2658 3246 σιωδῶς
2697 3185 2955 3255 ὑπάρχων
2981 3189 3010 3239 6
3064 3186 3193 3249 Υἱὸς
3237 3188 3515 3254 κοινωνὸς,
3574 3190 3690 3261 ἔχει
3717 3191 3781 3244 τὸ
3810 3194 4035 3261 Πνεῦμα

784 3301 893 3340 non
925 3284 1231 3346 inductum,
1270 3298 1442 3353 neque
1474 3284 1541 3337 ab
1569 3292 1750 3347 extra;
1776 3284 1989 3336 fatuum
2014 3283 2215 3354 quippe
2234 3294 2340 3350 est,

2448 3274 2588 3327 κατὰ
2648 3275 2837 3329 τοῦτον
2885 3279 2976 3330 τὸν
3014 3281 3257 3347 τρόπον,
3328 3283 3449 3333 καθ’
3524 3283 3691 3351 ὅνπερ
3740 3284 3810 3337 ἂν
3862 3288 4036 3338 νοοῖτο

781 3378 913 3445 quin
947 3377 1133 3444 potius
1170 3375 1420 3427 insanum
1462 3376 1535 3428 ita
1565 3373 1791 3427 sentire.
1840 3374 2042 3429 Verum
2088 3387 2146 3430 ut
2194 3376 2346 3445 quis-

2447 3368 2587 3421 καὶὸ
2642 3368 2852 3440 Πατὴρ,
2919 3357 3019 3424 οῦκ
3083 3374 3341 3438 ἐπακτὸν,
3404 3375 3510 3425 οὐδ’
3569 3375 3793 3438 ἔξωθεν,
3833 3376 4034 3445 εὔηθες

784 3481 893 3533 que
920 3476 1167 3519 nostrum
1202 3466 1479 3533 proprium
1509 3464 1563 3518 in
1601 3479 1661 3518 se
1705 3467 1950 3519 continet
1980 3468 2255 3534 spiritum,
2288 3477 2344 3523 et

2442 3461 2572 3529 γὰρ,
2631 3463 2832 3529 μᾶλλον
2888 3463 2945 3515 δὲ
2999 3465 3229 3532 μανικὸν
3296 3466 3356 3517 τὸ
3407 3466 3549 3519 οὕτω
3598 3471 3859 3537 φρονεῖν.
3919 3469 4035 3522 m-

781 3567 907 3606 eum
930 3567 996 3605 ex
1017 3552 1224 3606 intimis
1246 3551 1544 3605 visceribus
1568 3552 1713 3605 foras
1732 3552 1980 3616 eﬂ’undit,
2006 3555 2076 3607 ob
2107 3555 2157 3606 id
2178 3555 2342 3609 etiam

2444 3550 2630 3622 ὥσπερ
2700 3557 2792 3605 καὶ
2868 3554 3026 3623 ήμῶν
3098 3555 3327 3619 ἕκαστος
3392 3558 3451 3609 τὸ
3522 3560 3652 3611 ῐόιον
3725 3562 3784 3610 ὲν
3855 3562 4037 3630 ἐαυτῴ

784 3643 1037 3697 Christus
1083 3645 1447 3711 corporaliter
1492 3658 1617 3696 cum
1665 3642 1985 3708 insulllavit,
2029 3647 2345 3712 ostendens,

2447 3645 2660 3714 πνεῦμα
2705 3647 2938 3715 συνέχει,
2975 3648 3064 3698 καὶ
3103 3649 3167 3700 ἐκ
3218 3649 3327 3700 τῶν
3376 3649 3671 3702 ἐνδοτάτων
3706 3652 4038 3721 σπλάγχνων

786 3735 932 3803 quod
963 3735 1423 3803 quemadmodum
1454 3750 1519 3788 ex
1548 3751 1641 3788 ore
1676 3736 1911 3789 humano
1957 3740 2203 3805 procedit
2240 3740 2347 3809 spi-

2449 3736 2529 3795 είς
2573 3735 2633 3787 τὸ
2683 3734 2786 3799 ἔξω
2825 3737 3081 3806 προχέει·
3108 3736 3195 3789 διά
3234 3756 3315 3790 τοι
3344 3738 3499 3790 τοῦτο
3542 3742 3635 3791 καὶ
3699 3744 4038 3808 σωματικῶς

787 3827 930 3880 ritus
954 3827 1331 3895 corporaliter,
1367 3829 1444 3879 sic
1474 3826 1637 3879 etiam
1676 3843 1742 3880 ex
1770 3827 2093 3891 substantia,
2140 3830 2229 3897 qui
2281 3845 2347 3884 ex

2447 3824 2578 3876 αὐτὸ
2626 3826 3012 3895 ἐνεφύσησενὸ
3058 3829 3311 3895 Χριστὸς,
3358 3828 3568 3888 δεικνὺς
3599 3830 3682 3881 ὅτι
3734 3831 4038 3902 καθώσπερ

789 3919 907 3986 ipsa
942 3928 1045 3978 est,
1082 3916 1385 3970 etIunditur
1433 3917 1691 3985 Spiritus,
1743 3925 1802 3969 ut
1831 3919 1999 3972 Deum
2036 3919 2211 3973 decet.
2245 3920 2349 3975 lte-

2447 3918 2511 3969 ἐκ
2544 3915 2637 3968 τοῦ
2672 3917 2934 3988 στόματος
2966 3917 3059 3971 τοῦ
3082 3918 3419 3989 ἀνθρωπίνου
3466 3922 3683 3989 πρόεισι
3716 3924 3778 3974 τὸ
3816 3924 4043 3993 πνεῦμα

789 4024 911 4062 rum
958 4009 1098 4061 idem
1128 4009 1181 4060 in
1230 4008 1569 4061 orationibus
1617 4008 1914 4061 secundum
1963 4010 2345 4077 interrogatio-

2448 4007 2796 4075 σωματικῶς,
2856 4005 2998 4059 οὕτω
3056 4007 3148 4059 καὶ
3201 4009 3266 4059 ἐκ
3314 4007 3414 4075 τῆς
3470 4009 3656 4071 οὐσίας
3711 4011 4042 4080 θεοπρεπῶς

789 4116 914 4154 nem
965 4110 1021 4153 et
1054 4100 1465 4166 responsionem
1505 4098 1571 4151 ad
1602 4098 1898 4153 Palladium
1933 4116 2100 4168 prope
2145 4101 2348 4169 princi-

2449 4099 2729 4164 προχεῖται
2751 4097 2811 4148 τὸ
2836 4096 2897 4160 ἐξ
2919 4098 3112 4166 αὐτῆς.
3138 4097 3339 4150 »Πάλιν
3364 4099 3392 4148 6
3421 4099 3580 4161 αὐτὸς
3632 4102 3691 4149 ὲν
3753 4105 3867 4162 τοῖς
3900 4104 4044 4169 πρὸς

790 4191 940 4258 pium
972 4208 987 4243 :
1020 4210 1037 4240 (
1070 4189 1342 4243 Mutabilis
1370 4199 1550 4241 autem
1593 4204 1933 4257 nequaquam
1974 4190 2211 4256 Spiritus
2241 4200 2345 4257 est,

2449 4184 2742 4237 Παλλάδιον
2774 4185 2915 4237 κατὰ
2948 4184 3138 4236 πεῦσιν
3167 4187 3569 4254 καὶάπόκρισιν
3586 4186 3767 4254 λόγοις
3806 4191 4045 4255 ἔγγιστα

789 4281 873 4333 vel
922 4280 965 4332 si
997 4279 1099 4333 hoc
1127 4278 1317 4331 morbo
1353 4279 1671 4333 mutationis
1711 4280 1938 4344 laborat,
1976 4281 2028 4334 in
2059 4284 2228 4351 ipsam
2266 4284 2349 4339 di-

2446 4276 2545 4344 τῆς
2572 4275 2747 4343 ἀρχῆς
2768 4289 2782 4303 ·
2809 4292 2829 4325 t
2855 4274 3099 4343 Τρεπτὺν
3125 4275 3181 4327 δὲ
3204 4276 3348 4329 οὗτοι
3382 4294 3483 4329 που
3508 4277 3568 4328 τὸ
3593 4280 3822 4347 Πνεῦμά
3853 4283 4009 4333 ἐστιν
4029 4301 4042 4313 ·

787 4371 969 4423 vinam
1004 4379 1249 4422 naturam
1275 4380 1520 4423 recurret
1555 4372 1928 4438 reprehensio.
1955 4372 2235 4442 Siquidem
2267 4385 2350 4431 est

2450 4364 2666 4435 ἢεῖπερ
2720 4367 2782 4418 τὸ
2831 4366 3124 4434 τρέπεσθαι
3166 4370 3332 4430 νοσεῖ,
3385 4370 3472 4419 ἐπ’
3528 4370 3701 4438 αὐτὴν
3754 4375 3783 4424 6
3847 4376 4046 4443 μῶμος

791 4464 888 4517 Dei
918 4472 973 4517 et
1000 4462 1198 4524 Patris,
1233 4463 1361 4528 quin
1390 4463 1552 4516 etiam
1588 4463 1728 4521 Filii.
1759 4464 1852 4530 qui
1885 4465 2248 4519 essentialiter
2281 4483 2349 4521 ex

2452 4457 2549 4525 τὴν
2581 4456 2727 4508 θείαν
2759 4456 3149 4527 ἁναδραμεῖται
3174 4458 3355 4527 φύσιν,
3402 4460 3559 4531 εἰπερ
3604 4464 3721 4513 ἐστὶ
3757 4465 3859 4515 τοῦ
3900 4466 4046 4517 Θεοῦ

788 4553 1078 4617 ambobus,
1109 4552 1161 4605 id
1192 4565 1295 4613 cSt,
1340 4567 1403 4604 ex
1449 4552 1608 4605 Patre
1656 4567 1751 4619 per
1806 4551 2003 4605 Filium
2051 4554 2351 4609 eﬂ'unditur
2380 4537 2428 4596 θ

2390 4537 2428 4596 D
2454 4548 2546 4598 καὶ
2584 4546 2813 4616 Πατρὺς,
2841 4549 2934 4600 καὶ
2965 4548 3071 4619 μὴν
3096 4551 3188 4601 καὶ
3217 4549 3310 4603 τοῦ
3370 4549 3502 4602 Υἱοῦ
3528 4551 3589 4603 τὸ
3643 4554 3928 4617 οὑσιωδῶς
3988 4559 4048 4621 ἐξ

789 4645 1051 4713 Spiritus.
1099 4643 1301 4695 lterum
1353 4642 1492 4694 idem
1524 4641 1575 4691 in
1614 4641 1840 4708 epistola
1874 4641 2027 4694 tertia
2060 4642 2127 4695 ad
2158 4643 2351 4697 Nesto-

2451 4640 2675 4707 ἀμφοῖν,
2725 4640 2891 4709 ἧγουν
2954 4642 3017 4693 ἐκ
3075 4641 3287 4711 ιιατρὸς
3346 4640 3417 4693 δι’
3449 4642 3599 4704 Υίιιῦ,
3661 4648 4051 4717 προχεόμενον

796 4738 958 4801 rium,
990 4737 1144 4804 cujus
1172 4734 1411 4798 initium,
1442 4732 1717 4785 Saluatore
1739 4741 1913 4784 nostro
1946 4734 2166 4796 dicente,
2196 4752 2213 4782 ι
2250 4734 2351 4798 Qui

2453 4729 2689 4796 πνεῦμα.
2720 4748 2738 4782 ι
2768 4731 2937 4783 Πάλιν
2965 4734 2994 4783 6
3026 4731 3186 4794 αὐτὸς
3216 4733 3274 4785 ἐν
3296 4735 3361 4802 τῇ
3380 4732 3515 4800 πρὸς
3535 4734 3842 4803 Νεστὸριον
3878 4742 4049 4808 τρίτῃ

794 4839 939 4879 autat
976 4824 1534 4894 patrem,velmatrcm
1565 4841 1584 4875 :
1623 4842 1641 4873 ι
1679 4820 1742 4872 Et
1790 4821 1836 4874 si
1891 4822 2035 4874 enim
2083 4822 2134 4875 in
2188 4824 2354 4892 hypo-

2453 4820 2612 4873 αὺτοῦ
2647 4821 2927 4891 ἐπιστολῇ,
2967 4818 3037 4892 ἦς
3074 4825 3107 4892 ἡ
3168 4824 3310 4892 ἀρχή
3334 4838 3349 4855 ·
3386 4822 3498 4877 Τοῦ
3552 4823 3834 4892 Σωτῆρος
3873 4830 4057 4897 ἡμῶν

793 4919 927 4973 stasi
976 4917 1194 4983 propria
1221 4925 1304 4969 est
1336 4915 1591 4983 Spiritus,
1635 4923 1690 4967 ct
1722 4912 1882 4965 ctiam
1915 4912 2233 4982 intelligitur
2258 4929 2355 4982 per

2452 4909 2758 4975 λέγοντος,
2801 4928 2819 4959 ‹
2862 4912 2925 4963 '0
2978 4910 3163 4979 φιλῶν
3215 4913 3463 4979 πατέρα,
3505 4913 3815 4982 ῆμητέρα.
3850 4936 3871 4967 ι
3942 4939 3964 4969 ι
3992 4921 4057 4971 Εἰ

792 5026 873 5071 se,
905 5017 1176 5076 quatenus
1202 5015 1286 5059 est
1333 5004 1588 5073 Spiritus,
1631 5013 1683 5057 ct
1721 5019 1826 5056 non
1865 5013 1946 5057 est
1977 5003 2181 5065 Filius;
2217 5004 2356 5056 nibi-

2454 4999 2561 5067 γὰρ
2592 5001 2685 5052 καὶ
2717 5000 2865 5052 ἐστιν
2893 5003 2951 5052 ὲν
2988 5001 3284 5053 ὑποστάσει
3313 5002 3375 5054 τὸ
3432 5002 3657 5071 Πνεῦμα
3728 5006 3899 5077 ἱδικῇ,
3957 5012 4059 5063 καὶ

795 5104 1031 5154 lominus
1064 5115 1167 5151 non
1202 5108 1288 5151 est
1339 5096 1547 5148 alienus
1582 5095 1648 5147 ab
1706 5096 1859 5162 ipso;
1914 5094 2151 5162 Spiritus
2208 5096 2352 5148 enim

2455 5092 2519 5160 δὴ
2552 5092 2646 5143 καὶ
2673 5094 2872 5143 νοεῖται
2901 5092 3023 5145 καθ’
3047 5094 3227 5157 ἑαυτὸ,
3256 5095 3390 5146 καθὸ
3426 5096 3651 5164 Πνεῦμά
3671 5099 3793 5151 ἐστι
3819 5104 3917 5153 καὶ
3954 5105 4059 5171 οὐχ

795 5193 1039 5247 veritatis
1067 5190 1375 5243 nominatus
1397 5196 1475 5239 est
1504 5204 1518 5250 ;
1562 5201 1721 5253 porro
1747 5185 1995 5238 Christus
2025 5193 2106 5238 est
2134 5186 2353 5252 veritas,

2465 5185 2585 5245 res;
2608 5204 2621 5217 ο
2660 5184 2773 5236 ἀλλ’
2799 5183 2892 5236 οῦν
2930 5187 3077 5237 ἐστιν
3126 5186 3224 5236 οὐκ
3254 5185 3532 5254 ἀλλότριον
3587 5187 3779 5241 αὐτοῦ.
3815 5192 4061 5263 Πνεῦμα

793 5297 847 5337 ct
878 5285 944 5336 ab
979 5284 1094 5350 ipso
1126 5282 1447 5345 eﬂ‘uinlitur,
1505 5295 1609 5332 non
1652 5278 1809 5331 aliter
1837 5276 2078 5345 profecto
2121 5287 2281 5345 atque
2326 5296 2354 5331 a

2458 5281 2565 5345 γὰρ
2601 5278 2859 5345 ἀληθείας
2898 5279 3239 5346 ὠνόμασται,
3272 5280 3366 5331 καὶ
3395 5281 3509 5332 ἔστι
3563 5282 3805 5353 Χριστὸς
3836 5286 3872 5354 ἡ
3911 5287 4060 5355 an,

799 5374 907 5426 Deo
930 5382 985 5425 et
1011 5372 1189 5424 Patre.
1229 5397 1245 5419 ι

2461 5371 2615 5421 οεια’
2654 5370 2745 5421 καὶ
2800 5373 3081 5439 προχεῖται
3113 5371 3243 5442 παρ’
3292 5372 3483 5437 αὐτοῦ,
3540 5375 3798 5443 καθάπερ
3853 5380 4064 5446 ἀμέλει

2462 5464 2634 5520 λισ-ὶέκ
2662 5460 2755 5515 τοῦ
2792 5461 2926 5516 Θεοῦ
2964 5464 3056 5516 καὶ
3083 5463 3315 5533 Πατρός.
3345 5484 3363 5515 ι

865 5557 1017 5621 Quod
1049 5558 1091 5607 si
1126 5555 1247 5624 quis
1301 5556 1405 5607 boe
1444 5556 1561 5607 loco
1600 5554 1855 5621 Spir.tnm
1904 5552 2105 5604 donum
2140 5549 2359 5603 minime

1503 5662 1689 5697 verum
1742 5646 1974 5711 primum
2017 5645 2235 5709 quidem
2278 5644 2355 5694 \i-

2532 5558 2593 5608 Εἰ
2631 5558 2685 5607 δέ
2726 5575 2809 5618 τις
2849 5557 3079 5608 ἐνταῦθα
3118 5558 3179 5608 τὸ
3221 5557 3439 5624 Πνεῦμα
3504 5559 3751 5627 χάρισμα
3797 5558 4059 5628 βούλεταί

796 5650 1099 5700 su‘osistens
1130 5649 1241 5698 \ult
1284 5663 1402 5699 esse
1442 5665 1454 5699 :
1503 5662 1689 5697 verum
1742 5646 1974 5711 primum
2017 5645 2235 5709 quidem
2278 5644 2355 5694 \i-

2462 5648 2835 5699 ἀνυπόστατον
2878 5643 3015 5698 εἶναι
3042 5665 3053 5677 ·
3094 5646 3231 5698 ἀλλὰ
3278 5648 3495 5715 πρῶτον
3535 5649 3667 5712 μὲν,
3706 5650 3819 5710 ζῶν
3857 5669 3921 5703 τε
3971 5666 4062 5705 και

798 5752 1009 5793 Ventem
1083 5740 1390 5808 (Spiritum)
1444 5750 1497 5793 et
1552 5742 1936 5793 subsistentem
1997 5737 2152 5801 dixit,
2200 5748 2254 5787 et
2308 5736 2358 5786 in

2465 5741 2823 5790 ἐνυπόττατον
2858 5738 3043 5807 εἴρηκε
3066 5780 3080 5804 ,
3116 5738 3210 5790 καὶ
3246 5740 3306 5806 ἐν
3341 5739 3639 5793 ὑποστάσει
3677 5736 3824 5793 εἶναι
3863 5744 4023 5816 ἱδικῇ
4046 5788 4059 5809 ,

807 5833 1021 5888 propria
1059 5835 1333 5892 ii'.'t‘ustasi
1369 5849 1507 5891 isse.
1545 5850 1604 5886 ςιιτ
1657 5850 1750 5889 μω
1782 5849 1859 5885 se.
1907 5831 2110 5884 Deinde
2144 5828 2361 5896 quando

2468 5834 2560 5885 καὶ
2589 5832 2707 5883 καθ’
2736 5832 2925 5885 ἑαυτό·
2953 5832 3142 5885 ἔπειτα
3172 5833 3263 5885 καὶ
3286 5832 3373 5884 ὅτε
3403 5833 3734 5897 σωματικῶς
3762 5837 3897 5889 αὐτὸ
3930 5856 4054 5892 asa-
