4198 6440
193 468 286 532 945
1082 465 1180 524 DE
1220 460 1742 527 l’ROCESSlONE
1781 463 2137 523 SPiRlTUS
2180 463 2468 528 SANCTI.
3285 457 3394 523 946

193 578 401 645 ρὶζτται.
468 572 657 645 ὥσπερ
698 578 794 629 καὶ
840 576 1009 628 τᾶλλα
1060 578 1240 631 πάντα
1270 595 1285 609 ο
1320 578 1379 629 τὸ
1413 576 1519 647 γὰρ
1566 572 1727 638 εἶναι,
1757 578 1806 636 Λ
1838 594 1851 626 ι

1757 578 1806 636 Λ
1838 594 1856 626 ι
1901 579 2118 634 Initium
2169 583 2450 650 sapientize
2486 582 2646 635 timor
2687 581 2922 645 Domini,
2961 599 2979 632 ι
3022 594 3186 649 quem
3240 578 3398 634 nobis

192 670 275 719 καὶ
302 668 358 719 τὸ
386 664 442 720 εῦ
492 664 631 721 εἶναι
668 669 799 736 παρ’
852 668 1040 721 αὑτοῦ.
1101 669 1192 721 Διὸ
1238 672 1333 721 καὶ
1355 670 1532 722 πάντα
1571 670 1731 737 χάριν·
1842 671 1850 724 Ι

1842 671 1983 726 Deus
2014 673 2245 742 largitur
2282 674 2425 727 sicut
2456 684 2650 728 uetera
2698 672 2915 726 omnia:
2959 685 3083 725 esse
3133 670 3279 725 enim
3303 711 3316 732 ,
3351 681 3409 724 et

190 776 271 819 τες
316 760 539 822 εἰκότως
601 760 666 812 ἂν
717 761 977 827 λέγοιντο,
1042 763 1137 814 καὶ
1199 761 1333 814 αὐτὸ
1384 762 1444 813 τὸ
1522 761 1585 825 ἐξ
1632 762 1734 814 οὐκ
1842 762 1848 815 l

1842 762 1981 817 bene
2007 777 2128 816 esse
2168 763 2237 816 ab
2272 762 2389 830 ipso
2420 770 2524 816 est.
2557 762 2825 828 Quocirca
2870 762 3036 815 etiam
3067 758 3249 814 omnia
3278 759 3403 826 jure

189 851 339 901 ὄντων
389 851 678 917 γενέσθαιο
725 852 955 920 ἐπείπερ
1028 852 1129 904 οὐκ
1172 851 1355 922 ἔργων
1408 858 1736 924 προϋπηργ·
1838 873 1847 906 ‹

1838 855 2046 923 optimo
2086 855 2271 920 gratia
2318 854 2426 907 dici
2474 862 2717 923 possent,
2752 853 2916 907 etiam
2956 853 3130 920 ipsum
3179 866 3245 904 ex
3296 865 3401 902 non

192 942 351 1008 μένων
416 941 616 1010 ταύτην
663 942 929 1012 ἐλάϐομεν
961 942 1058 1013 τὴν
1110 945 1366 1014 ἁμοιόήν.
1837 963 1850 999 t

1837 945 2059 1000 cutibus
2092 945 2247 997 ﬁeri:
2300 944 2463 998 nullis
2518 945 2661 998 enim
2695 944 3015 1013 praemissis,
3052 951 3104 996 et
3154 942 3406 1009 ιιι-ωε·ιεί-

1839 1036 2110 1090 stcntibus
2136 1035 2349 1090 meritis
2387 1033 2492 1089 hoc
2527 1035 2833 1103 recepimus
2864 1044 3120 1103 tanquam
3163 1030 3406 1085 retribu-

1844 1128 2068 1180 tionem.

1912 1217 2015 1270 Sed
2047 1216 2193 1273 enim
2241 1218 2404 1271 etiam
2454 1217 2615 1271 divus
2661 1216 2951 1279 Maximus,
2984 1216 3039 1269 in
3092 1215 3267 1283 capite
3311 1215 3403 1275 39,

1845 1307 2049 1375 quinta:
2077 1308 2339 1361 centuria:
2372 1307 2852 1377 Theologlcorum,
2882 1306 2995 1361 ait:
3044 1325 3062 1357 ι
3099 1305 3194 1359 Est
3221 1314 3405 1359 autem

1845 1399 2082 1469 Spiritus
2116 1400 2337 1467 quidem
2390 1400 2600 1454 timoris
2647 1400 2762 1463 Dei,
2812 1399 3060 1467 operatio
3105 1398 3404 1453 secumlum

1849 1492 2103 1543 virtutem
2133 1489 2459 1544 abstinendo
2498 1505 2527 1544 a
2569 1490 2746 1543 malis.
2778 1490 3018 1557 Spiritus
3046 1488 3407 1549 fortitudinis,

1849 1589 2133 1650 promptus
2163 1582 2331 1634 animi
2357 1581 2612 1648 impetus,
2631 1591 2686 1635 et
2712 1590 2895 1635 mutus
2918 1581 2985 1635 ad
3012 1582 3408 1649 operationem,

1847 1680 1903 1724 et
1961 1672 2171 1738 praxim
2220 1669 2624 1723 mandatorum.
2680 1669 2918 1738 Spiritus
2966 1678 3148 1723 autem
3194 1668 3408 1723 consilii

197 1756 379 1823 βουλῆς
402 1758 550 1808 ἐστιν
576 1757 734 1824 ἡτέξις
754 1757 850 1824 τῆς
872 1757 1215 1826 διακρίσεως.
1238 1755 1310 1808 Τὸ
1331 1757 1388 1809 δέ
1412 1756 1635 1824 Πνεῦμα
1649 1756 1748 1824 τῆς
1849 1780 1855 1810 ‹

1849 1770 1933 1815 est
1962 1761 2180 1815 habitus
2205 1759 2571 1813 discretionis.
2606 1759 2847 1827 Spiritus
2873 1773 3003 1813 vero
3055 1758 3299 1813 scicntia:
3325 1767 3410 1811 est

194 1843 496 1910 ἐπιστήμης
554 1844 700 1896 ἐστὶν
746 1846 778 1912 ή
820 1845 926 1896 τῶν
960 1845 1081 1896 κατ’
1114 1845 1314 1913 ἀρετὴν
1361 1845 1459 1913 τῆς
1498 1843 1747 1914 πράξεως
1783 1911 1818 1918 _

1743 1861 1747 1901 :
1783 1911 1818 1918 _
1853 1850 2091 1918 cognitio
2125 1851 2274 1903 lirma
2301 1850 2445 1903 circa
2480 1863 2658 1901 mores
2687 1849 2737 1901 in
2768 1848 3075 1902 actionibus
3114 1849 3401 1903 virtutum.

193 1934 404 2001 τρόπων
454 1933 703 1997 ἄπτωτος
753 1911 977 2004 εἰδησις.
1015 1937 1087 1989 Τὸ
1120 1911 1177 1989 δέ
1210 1911 1431 2005 Πνεῦμα
1464 1911 1563 2004 τῆς
1604 1934 1746 2001 γνὼο
1783 1911 1823 1966 Β

1783 1911 1823 1966 Β
1855 1942 2089 2012 Spiritus
2123 1951 2303 1995 autem
2368 1939 2697 2009 cognitionis
2741 1948 2826 1993 est
2870 1939 3289 2007 comprehensio
3325 1956 3413 1991 ru~

196 2025 326 2086 σεὼς
350 2028 499 2077 ἐστιν
531 2027 563 2093 ἡ
586 2026 690 2078 τῶν
722 2028 779 2077 ἐν
808 2030 926 2089 ταῖς
959 2026 1198 2090 ἐντολαῖς
1223 2029 1396 2095 λόγων
1431 2026 1746 2098 περίληψις.

1858 2035 2092 2093 tionnm,
2123 2047 2244 2099 qua:
2276 2029 2557 2084 servanda:
2584 2038 2712 2083 sunt
2750 2029 2802 2082 in
2842 2029 3132 2082 mandatis.
3179 2028 3414 2097 Spiritus

198 2117 411 2185 Πνεῦμα
447 2118 502 2171 δὲ
532 2118 798 2181 συνέσεώς
834 2122 1037 2189 ἐστινὴ
1070 2122 1204 2189 πρὸς
1233 2123 1361 2182 τοὺς
1388 2122 1624 2188 τρόπους
1657 2122 1750 2172 καὶ

1856 2134 2039 2179 autem
2070 2124 2393 2192 prudentia:
2445 2122 2511 2175 ad
2561 2136 2740 2174 mores
2779 2129 2833 2175 ct
2877 2121 3116 2175 rationes
3153 2122 3410 2175 virtutum

1857 2216 2367 2285 comprobatio,scu
2394 2213 2562 2283 magis
2588 2211 2801 2281 pmprie
2829 2209 3013 2266 dicere
3038 2213 3412 2266 commutatio.

1860 2309 2094 2377 Spiritus
2117 2316 2296 2361 autem
2320 2306 2597 2374 sapientiae
2617 2312 2700 2357 est
2726 2301 2974 2357 reductio
3000 2313 3054 2356 ct
3101 2305 3416 2370 conjunctio

1859 2398 2185 2470 spiritalium
2218 2396 2489 2450 rationum
2534 2395 2676 2449 circa
2720 2395 2974 2448 mandata
3022 2396 3090 2448 ad
3140 2394 3414 2465 (primam)

1860 2506 1919 2545 (ει)
1929 2505 2100 2544 usam.
2138 2508 2155 2539 δ

1934 2580 2536 2637 lrrationabilissimum
2570 2581 2735 2649 igitur
2762 2588 2867 2644 est,
2896 2579 3165 2634 actionem
3200 2579 3423 2632 manda-

1864 2686 2067 2740 torum,
2093 2685 2150 2731 et
2180 2674 2549 2728 mutationem
2572 2673 2867 2733 rationum,
2902 2686 3022 2740 quae
3048 2680 3176 2724 sunt
3206 2672 3258 2722 in
3292 2670 3423 2723 acti-

1865 2769 1968 2823 bus
1990 2768 2275 2831 virtutum,
2302 2774 2357 2819 et
2380 2765 2445 2818 ad
2470 2763 2698 2818 honesta
2726 2771 3031 2832 promptam
3062 2762 3420 2824 alacritatem,

1864 2870 1921 2915 et
1948 2867 2179 2922 motum,
2209 2866 2265 2912 et
2315 2858 2369 2910 in
2404 2871 2615 2911 summa
2643 2869 2859 2909 onmem
2898 2853 3216 2923 potentiam,
3248 2862 3301 2905 et
3327 2853 3425 2905 ha-

1867 2952 2065 3015 bitum,
2091 2958 2147 3004 et
2200 2948 2596 3018 perfectionem
2629 2945 2852 3000 humani
2883 2945 3049 2999 animi
3094 2945 3335 2997 incrcata
3370 2943 3424 2995 in

210 3034 307 3098 Ἐξ
365 3025 424 3084 οῦ
476 3033 609 3103 πρὸς
661 3032 875 3095 πολλοῖς
915 3034 1023 3085 τῶν
1062 3033 1346 3101 ἑπομένων
1398 3033 1612 3084 ἀτόπων
1667 3031 1762 3083 καὶ
1867 3092 1868 3095 η

1867 3044 1977 3098 1)(ξο
2016 3040 2200 3096 dicere
2251 3054 2393 3094 esse.
2437 3038 2515 3092 Ex
2549 3051 2659 3106 quo
2705 3045 2903 3105 praeter
2956 3033 3125 3087 multa
3169 3031 3422 3093 absurda,

192 3122 358 3175 τοῦτο
409 3124 720 3192 περιφανῶς
761 3123 970 3191 ἕψεται,
1020 3123 1081 3175 τὸ
1131 3125 1194 3192 τῇ
1238 3123 1375 3193 αὐτῇ
1427 3122 1626 3189 γνώσει
1666 3121 1759 3173 καὶ

1870 3148 1991 3202 qua:
2048 3140 2377 3200 sequuntur,
2420 3126 2549 3182 illud
2591 3125 2754 3178 etiam
2802 3121 3103 3178 clarissime
3148 3126 3424 3187 sequetur,

196 3216 479 3285 ἐπιστήμῃ
512 3218 605 3268 καὶ
654 3216 798 3286 ἰσχύϊ
826 3217 916 3268 τὸν
951 3215 1084 3268 θεὸν
1118 3215 1345 3269 δυνατόν
1368 3232 1427 3266 τε
1466 3216 1562 3268 καὶ
1602 3216 1764 3283 σοφὸν
1793 3257 1835 3315 c

1793 3257 1835 3315 ο
1872 3220 2060 3276 eadem
2092 3218 2422 3287 cognitione,
2452 3230 2517 3270 ac
2541 3215 2788 3277 scientia,
2818 3224 2871 3266 ct
2901 3211 3222 3265 fortitudine
3257 3210 3431 3268 Deum

194 3302 344 3356 εἶναι
370 3308 462 3359 καὶ
494 3307 659 3375 ἡμᾶς.
685 3305 794 3359 Καὶ
820 3308 940 3359 ἐπεὶ.
958 3300 1031 3359 ὧν
1058 3308 1115 3357 αἱ
1135 3306 1474 3374 τελειότητες
1500 3308 1553 3359 αἱ
1584 3307 1766 3370 αὐταὶ,
1795 3300 1835 3315 “

1795 3300 1835 3315 υ
1869 3330 1989 3370 esse
2027 3320 2327 3381 potentem,
2367 3325 2430 3364 ac
2461 3308 2763 3377 sapientem
2800 3316 2853 3358 et
2903 3320 3022 3358 nos.
3074 3304 3141 3357 Et
3170 3303 3426 3371 quoniam

269 1209 418 1261 Ἀλλὰ
449 1209 555 1279 μὴν
586 1211 678 1261 καὶ
710 1211 735 1260 ό
770 1209 909 1271 θεῖος
942 1210 1191 1279 Μάξιμος
1236 1212 1294 1263 ἐν
1341 1210 1620 1280 κεφαλαίῳ
1662 1210 1742 1262 λο⁹

190 1302 281 1367 τῆς
329 1299 367 1351 ε’
423 1306 468 1369 ρ’
518 1301 623 1353 τῶν
674 1301 1008 1368 Θεολογικῶν
1042 1317 1244 1369 φησιν·
1312 1321 1330 1352 ι
1392 1302 1644 1353 Ἔστιδέ
1683 1301 1743 1352 τὸ

196 1391 286 1453 μὲν
326 1391 546 1459 Πνεῦμα
585 1391 677 1442 τοῦ
713 1391 878 1456 φόῦου
934 1392 1026 1443 τοῦ
1066 1392 1201 1444 Θεοῦ
1240 1396 1271 1460 ἡ
1311 1409 1420 1445 των
1465 1392 1586 1444 κατ’
1616 1394 1744 1459 ἁρε-

192 1484 284 1551 τὴν
311 1484 582 1549 ἐνέργεια,
612 1484 798 1535 κακῶν
829 1485 1025 1551 ἀποχὴ.
1060 1484 1134 1536 Τὸ
1180 1483 1403 1553 Πνεῦμα
1431 1483 1529 1551 τῆς
1562 1482 1745 1550 ἰσχύος

194 1576 332 1625 ἐστὶν
384 1577 415 1643 ἡ
470 1576 604 1644 πρὸς
661 1578 946 1643 ἐνέργειαν
996 1577 1091 1628 καὶ
1142 1576 1341 1645 πρᾶξιν
1383 1575 1491 1628 τῶν
1521 1575 1747 1628 ἐντολῶν

196 1666 461 1732 πρόθυμος
511 1666 652 1733 ὁρμή
686 1683 743 1718 τε
788 1667 879 1718 καὶ
929 1666 1161 1734 κίνησις.
1203 1666 1276 1717 Τὸ
1302 1665 1359 1716 δὲ
1396 1663 1618 1733 Πνεῦμα
1646 1666 1748 1733 τῆς

195 2213 316 2273 τοῦς
346 2213 535 2279 λόγους
565 2213 670 2266 τῶν
716 2214 926 2282 ἀρετῶν
958 2214 1379 2282 συγκατάθεσις,
1416 2215 1447 2282 ἢ
1488 2214 1751 2281 κυριώτε-

200 2321 290 2372 ρον
316 2304 509 2370 εἰπεῖν,
545 2305 924 2372 μεταποίησις.
964 2306 1187 2375 Πνεῦμα
1221 2307 1277 2358 δὲ
1317 2308 1507 2373 σοφίας
1537 2307 1682 2357 ἐστὶν
1716 2308 1748 2373 ἡ

196 2396 331 2464 πρὸς
354 2396 452 2462 τὴν
484 2395 665 2448 αἰτίαν
695 2395 803 2446 τῶν
836 2398 893 2447 ἐν
928 2398 1045 2458 ταῖς
1098 2394 1338 2458 ἐντολαῖς
1375 2411 1752 2463 πνευματικῶν

196 2486 366 2553 τέρων
391 2487 564 2551 λόγων
591 2485 855 2552 ἀνάληψις
886 2503 942 2537 τε
976 2486 1070 2557 καὶ
1110 2484 1321 2546 ἓνωσις.
1361 2505 1380 2533 ι

283 2575 646 2641 ’Λλογὼτατον
674 2575 851 2627 τοίνυν
877 2576 973 2645 τὴν
1011 2575 1116 2627 τῶν
1149 2575 1380 2627 ἐντολῶν
1410 2574 1628 2644 πρᾶξιν,
1662 2574 1756 2626 καὶ

194 2666 296 2734 τὴν
339 2665 446 2716 τῶν
484 2665 656 2732 λόγων
696 2665 803 2717 τῶν
843 2667 1055 2735 ἀρετῶν
1103 2666 1486 2735 μεταποίησιν,
1531 2666 1626 2717 καὶ
1658 2665 1755 2734 τὴν

197 2760 333 2826 πρὸς
363 2761 427 2810 τὶ
460 2758 599 2810 καλὰ
634 2758 916 2829 πρόθυμον
943 2760 1120 2828 ὁρμήν
1155 2776 1213 2809 τε
1263 2760 1358 2810 καὶ
1400 2758 1632 2826 κίνησιν,
1664 2758 1758 2810 καὶ

192 2852 332 2908 ὅλως
375 2851 551 2903 πᾶσαν
582 2850 817 2917 δύναμιν
874 2849 969 2901 καὶ
1011 2851 1124 2914 egw
1177 2850 1271 2902 καὶ
1314 2848 1628 2918 τελειότητα
1659 2847 1758 2917 τῆς

196 2942 545 3013 ἀνθρωπίνης
570 2943 748 3012 ψυχῆς
782 2944 1013 2996 ἄκτιστα
1042 2946 1100 2996 ἐν
1137 2944 1212 3013 τῷ
1241 2943 1357 3013 Θεῷ
1384 2944 1564 3009 λέγειν
1599 2937 1757 2995 εἶναι.

195 3400 299 3450 καὶ
338 3400 368 3467 ἡ
406 3398 626 3467 οῦσέαή
669 3398 825 3467 αὑτὴ,
877 3398 1089 3451 ἔσονται
1129 3401 1222 3451 καὶ
1274 3401 1320 3451 οἱ
1372 3398 1649 3466 ἄνθρωποι
1692 3396 1769 3464 τῷ

199 3490 328 3555 Θεῷ
380 3489 499 3541 κατ’
533 3490 723 3543 οὐσίαν
778 3491 828 3542 οἱ
894 3490 1049 3542 αὐτοὶ
1106 3492 1200 3542 καὶ
1261 3490 1536 3557 ὁμοοῦσιοι
1595 3487 1765 3556 αὐτῷ.

195 3580 379 3633 Τοῦτο
433 3581 533 3649 μὲν
588 3580 680 3633 οὖν
725 3582 799 3642 ὡς
854 3581 1046 3647 ἄλογον
1096 3582 1372 3643 παντελῶς
1419 3578 1768 3649 ἁπεῤῥίφθω.

213 3675 343 3727 Ἑττί
370 3674 424 3725 δέ
455 3675 517 3725 τὸ
544 3673 905 3743 προκείμενον
942 3674 1099 3725 ἰτέον.

286 3854 409 3907 "Est
459 3857 517 3906 ἐν
549 3857 661 3916 τοῖς
698 3856 1031 3924 Πρακτικοῖς
1076 3854 1174 3922 τῆς
1207 3855 1262 3905 ἐν
1306 3853 1514 3922 Νικαέᾳ
1552 3852 1773 3921 πρώτης

196 3948 452 4012 συνόδου,
485 3949 542 3999 ἐν
573 3944 651 4009 οἷς
678 3943 826 3999 εἷπον
872 3949 922 3999 οἱ
976 3947 1212 4015 Πατέρες
1260 3945 1397 4015 πρὸς
1436 3944 1528 3996 τὸν
1561 3944 1776 4010 φιλόσο-

195 4060 312 4106 φον
374 4041 460 4093 διὰ
527 4040 620 4092 τοῦ
679 4041 979 4092 ἐπισκόπου
1045 4038 1319 4098 Λεοντίου,
1377 4055 1395 4085 ι
1437 4036 1664 4103 Εἴρηται
1717 4036 1777 4086 τὸ

195 4127 439 4189 Πνεῦμα
481 4129 915 4196 ἐκπορευόμενον
949 4128 1049 4196 μὲν
1087 4129 1150 4178 ἐκ
1174 4126 1268 4177 τοῦ
1300 4125 1529 4193 Πατρός,
1563 4123 1694 4176 ἴδιον
1720 4122 1776 4175 δὲ

190 4218 301 4271 τοῦ
348 4216 495 4278 Υἰοῦ,
537 4218 629 4269 καὶ
659 4215 718 4279 ἐξ
749 4217 913 4269 αὐτοῦ
946 4215 1270 4277 ἀναϐλύζον.
1306 4234 1323 4265 ι

284 4310 411 4361 Ἔτι
434 4311 461 4360 ό
486 4308 654 4376 μέγας
696 4307 1010 4367 Ἀθανάσιος
1043 4308 1100 4358 ἐν
1130 4304 1205 4374 τῷ
1230 4306 1356 4374 περὶ
1386 4305 1481 4374 τῆς
1511 4305 1777 4375 ἐνσάρκου

190 4403 527 4469 οἰκονομίας
576 4399 669 4453 τοῦ
718 4400 852 4451 Θεοῦ
890 4399 1067 4469 Λόγῳ,
1092 4393 1151 4452 οῦ
1181 4400 1212 4467 ἡ
1243 4397 1405 4467 ἀρχὴ,
1447 4399 1510 4449 Ol
1541 4395 1782 4448 κακοτέ-

188 4511 377 4563 Ζνως
414 4492 519 4558 τὰς
568 4492 731 4557 θείας
770 4493 818 4543 Γ
815 4490 1013 4558 βαφὰς
1044 4489 1412 4558 βουλόμενοι
1456 4488 1642 4551 νοεῖν,
1678 4506 1783 4559 φη-

1872 3418 2103 3473 quorum
2148 3400 2511 3469 perfamiones
2558 3403 2686 3450 sunt
2732 3393 2959 3458 eaedem,
3006 3394 3196 3447 cadent
3247 3401 3329 3445 est
3377 3396 3433 3443 et

1870 3494 2131 3557 essentia,
2169 3501 2333 3546 erunt
2365 3488 2618 3543 homines
2652 3485 2957 3541 secundum
3019 3482 3311 3537 essentiam
3360 3481 3431 3533 ii—

1872 3586 1995 3641 dem
2028 3595 2152 3638 cum
2191 3582 2321 3645 Deo,
2349 3589 2406 3634 et.
2436 3575 2931 3633 consubstantiales
2962 3574 3088 3642 ipsi.
3122 3572 3234 3626 lloc
3266 3571 3434 3639 igitur

1876 3686 2130 3743 tanquam
2162 3670 2472 3725 irrationale
2513 3668 2730 3736 penitus
2758 3664 3072 3735 abjieiatur.
3107 3662 3187 3716 Ad
3235 3676 3435 3729 propo-

1874 3767 2039 3818 situm
2074 3773 2255 3815 autem
2292 3759 2632 3813 redeundum
2660 3764 2764 3809 est.

1946 3858 2211 3911 Praeterea
2245 3854 2295 3905 in
2339 3851 2551 3904 actibus
2580 3848 2766 3916 prima:
2793 3845 3025 3899 Nicena!
3054 3842 3268 3913 synodi.
3288 3840 3342 3894 in
3371 3839 3438 3894 iis

1875 3963 1994 4016 qtae
2062 3943 2460 4011 responderunt
2512 3938 2699 3992 Patres
2770 3934 2837 3989 ad
2892 3932 3276 4003 philosOphum
3340 3947 3439 3999 per

1878 4035 2166 4091 Leontium
2196 4035 2538 4102 episcopum,
2564 4030 2743 4084 dictus
2766 4037 2849 4082 est
2878 4025 3114 4094 Spiritus
3138 4024 3440 4093 procedens

1878 4128 2099 4198 quidem
2141 4142 2204 4179 cx
2238 4126 2420 4187 Patre,
2469 4123 2723 4192 pr0prius
2748 4128 2929 4175 autem
2969 4117 3111 4181 Filii,
3142 4125 3197 4170 et
3225 4115 3294 4170 ab
3322 4115 3440 4185 ipso

1879 4236 2162 4276 emanans.

1952 4313 2220 4367 Prteterea
2278 4322 2509 4376 magnus
2554 4302 2921 4365 Athanasius,
2965 4300 3022 4353 in
3073 4296 3322 4352 oratione
3378 4296 3443 4347 de

1882 4403 2256 4458 incarnatione
2287 4398 2450 4454 Verbi
2501 4395 2593 4448 Dei
2621 4435 2637 4459 ,
2669 4395 2827 4463 cujus
2876 4389 3095 4444 initium
3125 4404 3139 4443 :
3176 4386 3279 4450 Qui
3322 4402 3443 4451 per-

1882 4512 2026 4551 uerse
2070 4494 2275 4548 diuinas
2316 4489 2618 4557 Scriptura:
2681 4483 2974 4552 intelligere
3033 4480 3253 4541 volunt,
3327 4479 3443 4531 ait:

190 4590 322 4647 σὶν,
367 4602 385 4635 ι
426 4583 599 4647 Αὐτὸς
656 4584 785 4636 αὐτὸ
838 4582 1044 4635 ἄνωθεν
1102 4580 1347 4649 ἔπεμπεν
1393 4579 1466 4641 ὡς
1501 4580 1651 4644 Θεὸς,
1687 4581 1783 4633 καὶ
1817 4596 1848 4650 ί]

1817 4596 1856 4650 D
1890 4607 1909 4639 ι
1949 4587 2068 4656 Ipse
2138 4585 2315 4652 ipsum
2367 4580 2697 4650 (Spiritum)
2749 4587 2982 4643 superne
3030 4570 3337 4631 emittebat,
3389 4578 3446 4622 ut

185 4677 384 4739 αὐτὸς
432 4678 562 4729 αὐτὸ
595 4674 838 4729 κάτωθεν
883 4673 1171 4742 ὑπεδέχετο
1221 4671 1295 4733 ὡς
1343 4670 1650 4741 ἄνθρωπος.
1695 4670 1783 4735 Ἐξ

1882 4677 2047 4739 Deus,
2094 4682 2149 4727 et
2196 4672 2311 4740 ipse
2344 4670 2519 4737 ipsum
2555 4665 2767 4720 inferne
2799 4662 3095 4730 recipiebat
3135 4668 3193 4713 ut.
3237 4659 3441 4720 homo;

1882 4783 1950 4823 ex
1982 4769 2101 4836 ipso
2134 4763 2299 4832 igitur
2330 4762 2383 4815 in
2422 4760 2598 4828 ipsum
2628 4753 3019 4815 descendebat,
3061 4765 3128 4805 ex
3158 4749 3447 4804 divinitate

1885 4860 2057 4930 ipsius
2089 4856 2155 4911 ad
2189 4856 2309 4924 ejus
2339 4851 2758 4905 humanitatem.
2799 4866 2817 4897 ι

1960 4952 2228 5004 Praeterea
2260 4945 2708 5013 Chrysostmnus,
2739 4937 2989 4992 oratione
3022 4936 3074 4989 in
3108 4934 3452 4987 humanatio-

1890 5058 2011 5096 nem
2042 5038 2253 5094 Domini
2288 5035 2457 5089 nostri
2497 5031 2625 5085 Jesu
2653 5030 2881 5088 Christi.
2906 5037 2962 5081 et
2991 5027 3141 5091 Quod
3171 5026 3452 5091 unicuique

1889 5133 2090 5186 cliututt’
2113 5128 2335 5198 prwsiut
2365 5123 2560 5193 angeli,
2587 5123 2745 5189 cujus
2776 5120 2989 5172 initium
3023 5133 3034 5168 :
3064 5117 3257 5169 Revera
3283 5134 3454 5183 appu—

1893 5226 1997 5277 ruit
2042 5222 2132 5275 Dei
2160 5219 2335 5289 gra'ia
2370 5233 2387 5269 :
2438 5234 2455 5265 ι
2496 5214 2675 5272 Venit,
2719 5210 2915 5278 inquit,
2946 5208 3201 5263 Christus
3228 5207 3294 5261 ad
3334 5222 3451 5267 nos,

1892 5315 2043 5370 dedit
2073 5312 2228 5365 nobis
2260 5308 2545 5377 Spiritum,
2574 5304 2665 5372 qui
2697 5318 2764 5357 ex
2798 5301 2917 5371 ipso
2944 5309 3051 5365 est,
3088 5307 3251 5368 atque
3276 5313 3455 5351 suste-

1895 5406 1974 5476 pit
2015 5415 2261 5458 nostrum
2295 5414 2513 5465 corpus.
2552 5415 2570 5445 ι

184 4769 387 4825 αὑτοῦ
414 4766 505 4820 οῦν
536 4770 614 4828 εἰς
644 4767 806 4819 αὐτὸν
841 4767 1055 4836 κατῄει,
1104 4770 1168 4820 ἐκ
1195 4766 1293 4833 τῆς
1335 4765 1590 4835 θεότητος
1618 4764 1781 4818 αὐτοῦ

188 4867 291 4926 εἰς
328 4863 431 4930 τὴν
459 4859 853 4929 ἀνθρωπότητα
889 4858 1076 4911 αὑτοῦ.
1114 4878 1131 4908 ι

285 4950 419 5001 Ἐτι
452 4949 479 4999 ὁ
510 4948 650 5007 θεῖος
682 4946 1064 5014 Χρυσόστομος
1096 4948 1153 4997 ἐν
1182 4945 1258 5013 τῷ
1288 4945 1433 5011 λόγῳ
1466 4943 1542 5011 τῷ
1579 4945 1657 5005 εἰς
1687 4944 1785 5009 τὴν

187 5039 639 5107 ἑνανθρώπησιν
691 5036 786 5088 τοῦ
828 5036 1032 5103 Κυρίου
1072 5035 1229 5105 ήμῶν
1292 5035 1466 5102 Ἰησοῦ
1522 5034 1783 5104 Χριστοῦ,

189 5134 312 5187 καὶ
346 5134 428 5191 εἰς
454 5131 536 5193 τὸ,
563 5128 831 5194 Ἑκάστῳ
848 5128 1084 5196 κλίματι
1114 5128 1583 5194 ἐφειστήκεισαν
1612 5126 1787 5193 ἄγγει

184 5231 339 5287 λοι,
395 5215 456 5275 οῦ
506 5222 539 5290 ἡ
579 5220 752 5291 ἁρχὴ,
808 5220 1033 5283 Ὄντως
1082 5216 1350 5285 ἐπεφάνη
1390 5216 1533 5285 ἡμῖν
1592 5216 1629 5283 ἡ
1684 5215 1788 5268 τοῦ

188 5314 378 5371 Θεοῦ
405 5312 595 5382 χάρις,
629 5312 814 5381 φησὶν,
851 5335 872 5362 ι
909 5310 1109 5363 *Ηλθεν
1133 5312 1159 5362 ό
1187 5309 1422 5378 Χριστὸς
1456 5307 1589 5376 πρὸς
1620 5309 1788 5374 ἡμᾶς,

189 5410 429 5461 ἔδωκεν
458 5407 587 5474 ἡμῖν
613 5404 674 5455 τὸ
722 5404 780 5469 ἐξ
806 5400 974 5457 αὑτοῦ
1004 5401 1248 5471 Πνεῦμα,
1279 5400 1375 5452 καὶ
1409 5398 1701 5452 ἀνελάϐετο
1732 5400 1791 5449 τὸ

187 5498 499 5570 ἡμέτερον
525 5495 703 5563 σῶμα.
748 5514 764 5544 ι
1172 5519 1183 5531 ι

289 5590 425 5642 Ἔτι
467 5589 495 5639 ό
560 5590 713 5656 ἅγιος
772 5587 1125 5646 Ἀναστάσιος
1182 5583 1529 5654 πατριάρχης
1591 5586 1794 5635 Ἀντιο-

185 5681 381 5753 χείας
415 5681 471 5731 ἐν
512 5678 588 5747 τῷ
616 5678 750 5744 περὶ
786 5676 902 5730 τῶν
943 5677 1071 5730 καθ’
1114 5674 1271 5744 ἡμᾶς
1306 5676 1495 5741 ἀνθῶν
1525 5673 1633 5738 τῆς
1670 5673 1793 5724 Ἐκ·

188 5767 496 5835 κλησιάς
544 5767 873 5836 δογμάτων,
930 5761 989 5821 οῦ
1037 5769 1069 5835 ἡ
1124 5766 1287 5836 ἁρχὴ,
1336 5766 1441 5817 τίν
1500 5764 1628 5831 περὶ
1688 5762 1796 5827 τῆς

189 5859 443 5931 ὑγιοῦς
479 5857 643 5929 ἡμῶν
672 5861 932 5924 πίστεως
962 5861 1167 5928 λόγον,
1200 5857 1360 5927 φησί’
1400 5876 1417 5907 ι
1466 5855 1568 5908 Τοῦ
1604 5855 1658 5907 δὲ
1696 5852 1796 5906 σώ-

1969 5577 2234 5629 Prmtcrea
2265 5578 2485 5621 sanctus
2517 5564 2855 5626 Anastasius.
2877 5563 3254 5618 Antiochenus
3286 5560 3458 5627 patri-

1896 5667 2083 5725 archa,
2122 5664 2173 5715 in
2208 5662 2349 5713 libro
2380 5658 2452 5711 De
2487 5660 2636 5709 rectis
2681 5663 2873 5708 nostra:
2902 5655 3168 5725 religionis
3198 5653 3460 5721 dogmati-

1899 5760 1992 5811 bus
2044 5752 2446 5811 ecciesiussiris,
2513 5750 2669 5819 cujus
2731 5746 2988 5821 initium:
3032 5746 3337 5801 Orationem
3400 5745 3460 5796 de

1902 5860 2041 5905 recta
2091 5853 2271 5902 nostra
2316 5842 2441 5912 ﬁde,
2483 5841 2595 5896 ait:
2645 5857 2661 5891 t
2699 5839 2960 5906 Corporis
2993 5847 3177 5895 autem
3213 5835 3463 5907 propriu-
