4198 6440
228 460 337 521 ΟΔΘ

1145 474 1242 532 DE
1285 477 1800 536 PROCESSIONE
1844 479 2205 538 SPllil'l‘US
2247 480 2539 537 SANC'I‘I.

3354 478 3455 537 rasa

230 594 381 642 τριον
416 578 625 649 Harp“;
654 581 747 634 καὶ
779 583 929 644 Υἱοῦ,
963 588 1084 640 οὐδὲ
1118 592 1413 659 συναλοιφή
1441 596 1553 646 ἐστι
1591 593 1800 662 Πατρὶς

1907 610 2081 659 neque
2100 594 2277 649 Patris
2297 605 2351 648 et
2381 593 2500 647 Filii
2525 603 2608 647 est
2631 593 2989 647 commistio.»
3030 595 3092 646 Et
3121 596 3279 661 paulo
3303 606 3453 661 post:

233 668 328 717 καὶ
356 668 505 722 Υίοῦ.
550 689 567 720 ι
609 672 715 724 Καὶ
758 675 876 742 μετ’
918 675 1097 742 ὀλίγα,
1156 699 1173 731 ι
1235 682 1456 749 Πνεῦμα
1505 685 1681 750 ἅγιον,
1733 685 1793 736 ού

235 758 582 827 σννὶδελφον.
634 764 696 813 ού
745 764 1142 834 πατράδελφον,
1196 771 1257 822 οὐ
1302 776 1665 843 προπάτορον,
1696 776 1795 826 οὐκ

233 848 620 910 ὲκγονον,ἀλλ’
686 855 748 905 ὲκ
801 856 898 922 τῆς
954 860 1123 926 αὐτῆς
1183 863 1366 924 οὐσίας
1430 866 1640 929 Ιιατρὸς
1702 867 1797 917 καὶ

238 938 388 991 Υίοῦ.
434 959 452 990 ι
504 944 607 993 Καὶ
644 946 761 1010 μετ’
789 946 962 1012 ὀλίγα,
1020 968 1037 1000 «
1098 953 1265 1014 Αύτὸς
1297 954 1402 1023 γὰρ
1439 957 1466 1007 6
1492 958 1800 1024 Μονογενὴς

235 1029 405 1089 λέγει,
444 1050 461 1081 «
497 1032 567 1085 Τὸ
606 1035 826 1103 Πνεῦμα
855 1038 948 1089 τοῦ
983 1041 1216 1110 [lat-96;,
1254 1062 1270 1093 ›
1321 1049 1416 1097 καὶ
1454 1064 1471 1096 «
1511 1048 1583 1098 T6
1614 1050 1676 1099 ἐκ
1705 1048 1796 1099 τοῦ

239 1123 451 1185 Πατρὶς
502 1129 952 1195 ἐκπορευόμενον.
1009 1151 1025 1182 ι
1067 1134 1159 1184 καὶ
1204 1152 1222 1184 «
1270 1135 1364 1187 Ἐκ
1415 1137 1509 1188 τοῦ
1549 1138 1682 1189 ὲοριοῦ
1708 1139 1803 1206 λή-

236 1213 419 1276 ψεται,
457 1235 473 1263 ι
513 1216 599 1267 ἵνα
629 1218 702 1286 μὴ
747 1220 1024 1288 ἀλλότριον
1076 1225 1353 1292 νομισθείη
1396 1227 1606 1295 [ἰατρὸς
1665 1229 1799 1296 μηδὲ

245 1302 392 1353 Υἱοῦ.
445 1324 462 1354 ι
506 1307 611 1355 Καὶ
650 1309 763 1373 μετ’
792 1308 966 1374 ὀλίγα,
1016 1329 1033 1361 ι
1091 1312 1185 1363 Ἐκ
1223 1313 1316 1365 τοῦ
1351 1316 1557 1381 Harpe:
1590 1317 1801 1368 καὶτοῦ

241 1390 372 1441 ΥΞοῦ
435 1394 616 1460 τρίτον
682 1398 747 1464 τῇ
814 1398 1099 1469 ὀνομασίᾳ.
1159 1422 1175 1453 ι
1238 1404 1346 1454 Καὶ
1414 1406 1551 1472 μετά
1614 1406 1802 1467 πολλὰ,

244 1499 263 1529 «
316 1482 631 1551 Ἀμφοτερα
660 1491 905 1538 κατοικεῖ
939 1491 995 1539 ἐν
1037 1490 1111 1558 τῷ
1144 1492 1416 1560 ἀνθρώπῳ
1444 1496 1519 1562 τῷ
1557 1495 1749 1564 δικαίῳ
1778 1498 1805 1548 6

202 1592 205 1595 ·
241 1572 476 1638 Χριστὸς
501 1577 677 1628 καὶτὸ
711 1577 933 1644 Πνεῦμα
962 1580 1149 1633 αὐτοῦ.
1185 1582 1245 1633 Εἰ
1276 1584 1332 1634 δὲ
1366 1586 1597 1653 Χριστὸς
1624 1588 1686 1637 ἐκ
1712 1587 1805 1638 τοῦ

242 1664 456 1730 Πατςιὸς
486 1667 797 1720 πιστεύεται
828 1668 960 1730 Θεὸς
990 1672 1053 1722 ὲκ
1080 1672 1238 1737 Θεοῦ,
1277 1676 1373 1725 καὶ
1398 1676 1458 1727 τὸ
1490 1676 1712 1743 Πνεῦμα
1743 1678 1807 1729 ἐκ

239 1754 336 1806 τοῦ
371 1755 626 1822 Χριστοῦ,
662 1758 694 1826 ἢ
744 1762 872 1825 παρ’
907 1762 1251 1829 ἀμφοτέρων,
1300 1763 1374 1825 ὥς
1411 1783 1575 1834 φησιν
1605 1770 1631 1818 ό
1678 1768 1808 1831 Χρι-

244 1848 393 1908 στὸς,
430 1865 447 1895 ι
469 1850 531 1899 "U
559 1849 705 1916 παρὰ
730 1850 823 1902 τοῦ
856 1852 1067 1920 Πατρδς
1101 1855 1511 1922 ἐκπορεύεται,›
1547 1861 1637 1910 καὶ
1668 1876 1685 1907 ι
1712 1851 1809 1909 Οῦ⁴

1903 687 2161 755 «Spiritus
2179 696 2399 741 sanctus
2422 701 2527 739 non
2551 684 2741 747 frater,
2765 701 2870 738 non
2901 694 3147 753 patruus,
3179 702 3284 738 non
3306 701 3456 745 avus,

1900 795 2005 829 nun
2032 794 2217 844 ιιιιιιος,
2236 777 2329 829 sed
2353 792 2416 829 ex
2437 777 2625 829 eadem
2644 775 2820 828 Patris
2840 774 3419 842 Filiiquesubstautin.
3437 796 3454 825 ο

1904 868 1963 915 int
1998 867 2153 928 paulo
2191 873 2313 930 pust
2344 885 2353 916 :
2394 864 2539 933 «ιμςρ
2570 866 2715 918 enim
2751 865 3071 932 Unigcnilus
3092 865 3224 917 dicit
3255 884 3266 917 :
3294 884 3311 914 «
3341 865 3460 930 Spi-

1904 949 2038 1001 ritus
2070 949 2263 1009 l'attis,
2285 968 2300 999 ι
2345 963 2417 1009 ct.
2480 972 2493 999 «
2535 951 2635 1015 Qui
2667 967 2695 1002 a
2727 951 2887 1004 Patre
2918 951 3212 1017 procedit,»
3248 960 3323 1012 et,
3357 950 3460 1001 «De

1904 1057 2023 1095 meo
2059 1042 2340 1109 accipiet,i
2409 1054 2465 1094 ut
2514 1059 2618 1094 non
2668 1044 2883 1095 alienus
2938 1040 3155 1095 aPntre
3206 1043 3290 1094 vel
3326 1040 3460 1094 Filio

1901 1132 2268 1186 crederetur.»
2341 1131 2407 1185 Et
2439 1142 2562 1199 post
2593 1147 2762 1198 pauca
2794 1150 2806 1183 :
2876 1132 2981 1183 «Ex
3011 1131 3175 1183 l’atre
3215 1130 3460 1195 Filioque

1904 1222 2096 1274 tertius
2125 1221 2513 1289 appellatione.
2566 1239 2581 1267 ι
2625 1218 2690 1271 Ει
2730 1230 2851 1286 post
2885 1220 3052 1271 multa
3085 1237 3099 1271 :
3151 1238 3167 1266 «
3201 1217 3375 1271 Ambo
3409 1219 3460 1268 in

1903 1313 2049 1379 justo
2082 1312 2331 1366 habitant
2352 1311 2627 1372 Christus,
2682 1310 2909 1377 ejusque
2936 1309 3173 1376 Spiritus
3208 1327 3219 1361 :
3247 1307 3391 1374 quod
3420 1307 3462 1357 si

1904 1400 2155 1455 Christus
2178 1419 2241 1454 ex
2271 1402 2427 1454 Patre
2459 1402 2702 1453 creditur
2726 1400 2868 1453 Deus
2888 1398 2953 1452 de
2986 1399 3112 1456 Deo.
3135 1408 3187 1450 et
3210 1400 3463 1466 Spiritus,

1907 1494 2051 1560 quia
2083 1493 2323 1552 Christo,
2353 1508 2447 1545 seu
2479 1508 2545 1545 ex
2576 1492 2858 1553 ambobus,
2932 1502 2989 1545 ut
3040 1500 3270 1543 testatur
3304 1491 3464 1543 (ibri-

1907 1597 2026 1639 stus
2056 1602 2069 1635 :
2109 1584 2237 1646 «Qui
2272 1599 2299 1634 a
2325 1583 2482 1635 Patre
2515 1581 2813 1648 procedit,»
2848 1590 2898 1632 ιιι
2932 1599 2945 1632 :
3011 1600 3028 1629 «
3073 1581 3143 1633 De
3180 1595 3300 1632 meo
3331 1580 3468 1631 arri-

1910 1676 2074 1744 pict.)
2110 1675 2176 1728 Et
2204 1683 2324 1743 post
2355 1673 2616 1727 nonnulla
2652 1688 2667 1724 :
2704 1670 2839 1725 «Sed
2872 1672 3019 1725 dicet
3049 1671 3270 1738 aliquis,
3332 1671 3468 1723 duos

1908 1784 2038 1834 ergo
2070 1768 2209 1820 ﬁlios
2240 1781 2360 1820 esse
2386 1766 2622 1819 dicimus
2656 1782 2670 1828 ;
2705 1775 2760 1817 et
2804 1764 3079 1832 quomodo
3116 1763 3470 1829 unigenitus‘.’

1909 1856 2035 1921 lmo'
2078 1882 2205 1920 vero
2237 1876 2291 1919 tu
2341 1865 2465 1934 quis
2486 1881 2564 1926 es,
2590 1866 2684 1931 qui
2710 1862 3041 1917 contr-adicis
3065 1864 3173 1915 Deo
3200 1862 3220 1913 ?
3246 1861 3299 1915 Si
3324 1860 3467 1913 enim

243 1954 335 1997 τος
363 1938 426 1988 ἐκ
449 1938 539 1989 τοῦ
568 1939 699 2005 ἐμοῦ
731 1941 956 2009 λήψεται
987 1959 1001 1974 ο
1040 1962 1058 1994 ι
1115 1946 1208 1997 καὶ
1238 1948 1355 2012 μετ’
1382 1948 1561 2012 ὀλίγα,
1600 1967 1618 1999 «
1670 1950 1806 2002 Ἀλλ’

1910 1959 2107 2012 Filium
2138 1968 2314 2020 vocat,
2343 1958 2433 2024 qui
2462 1971 2528 2008 ex
2557 1955 2697 2023 ipso,
2738 1955 3003 2020 Spiritum
3042 1967 3169 2004 vero
3196 1961 3466 2008 sanctum,

243 2031 365 2094 ἐρεῖ
412 2046 513 2090 τις,
557 2030 749 2083 οὐκοῦν
798 2050 975 2100 φαμεν
1008 2035 1100 2087 δύο
1141 2032 1277 2089 εἶναι
1334 2039 1525 2101 Υίούςο
1563 2042 1656 2093 καὶ
1697 2043 1811 2106 πῶς

242 2122 598 2188 Μονογενής;
647 2124 854 2176 Μενοῦν
889 2126 950 2191 γὲ
981 2128 1043 2180 σὺ
1090 2128 1172 2189 τίς
1205 2124 1257 2180 εἷ
1279 2130 1305 2179 6
1348 2130 1812 2199 ἀντιλογιζόμενος

243 2208 326 2276 τῷ
356 2208 506 2274 Θεῷ;
544 2210 603 2261 ΕΞ
633 2212 739 2277 γὰρ
770 2213 861 2264 τὸν
897 2214 1021 2267 Tib“;
1051 2218 1204 2269 καλεί
1235 2219 1325 2270 τὸν
1358 2221 1413 2284 ἐξ
1444 2223 1627 2283 αὑτοῦ,
1668 2225 1729 2275 τὸ
1757 2223 1814 2275 δὲ

245 2300 403 2363 ἅγιον
436 2300 654 2366 Πνεῦμα
685 2303 747 2352 τὸ
788 2303 914 2370 παρ’
947 2306 1272 2374 ἀμφοτέρων
1296 2325 1308 2338 ·
1365 2308 1396 2362 ἃ.
1439 2311 1600 2377 μόνον
1637 2313 1812 2365 πίστει

246 2388 514 2455 νοούμενα
541 2394 644 2444 ὑπὸ
684 2394 789 2444 τῶν
817 2397 1010 2461 ἁγίων,
1061 2400 1317 2465 φωτεινὰ,
1369 2403 1668 2468 φωτοδότα,
1702 2421 1812 2472 (per

244 2482 430 2550 στεινὴν
497 2486 593 2552 τὴν
651 2481 944 2555 ἐνξργειαν
995 2489 1125 2558 ἔχει.
1193 2511 1211 2541 r
1277 2494 1385 2545 Καὶ
1453 2494 1567 2561 μετ’
1635 2496 1812 2563 ὀλίγα,

252 2595 270 2625 ι
322 2576 538 2641 Πνεῦμα
575 2579 747 2643 ἅγιον,
780 2580 1003 2649 Πνεῦμα
1038 2583 1311 2651 ἀληυείας,
1350 2585 1463 2637 ἔστι
1493 2586 1606 2653 φῶς
1636 2588 1817 2657 τρίτον

246 2667 402 2733 παρὰ
445 2668 654 2736 Πατρὸς
694 2672 787 2722 καὶ
829 2672 977 2725 Υιοῦ.
1035 2693 1051 2723 ι
1108 2676 1218 2727 Καὶ
1255 2679 1369 2742 μετ’
1424 2676 1601 2741 ὀλίγα,
1652 2698 1668 2728 ι
1722 2681 1817 2732 ’ον

246 2760 363 2824 γὰρ
391 2759 590 2826 τρόπον
626 2760 798 2822 οὐδεὶς
848 2762 989 2827 ἔγνω
1034 2765 1126 2815 τὸν
1176 2766 1393 2835 Πατέρα
1424 2772 1471 2819 εί
1506 2770 1580 2836 μὴ
1610 2772 1635 2820 6
1670 2770 1815 2835 Υἱὸς,

245 2848 373 2897 οἶιὸὲ
404 2849 492 2898 τὸν
527 2848 654 2900 Υἱδν
691 2852 737 2902 εί
772 2852 845 2919 μὴ
892 2855 919 2904 ὁ
967 2854 1172 2920 Πατὴρ,
1219 2855 1361 2907 οῦτω
1392 2858 1571 2925 τολμώ
1615 2858 1815 2925 λέγειν,

245 2942 332 2989 ὅτι
362 2940 477 2990 οὐδὲ
502 2943 559 2991 τῦ
596 2942 814 3010 Πνεῦμα
845 2945 890 2994 εἰ
933 2945 1005 3012 μὴ
1036 2948 1062 2997 6
1108 2947 1296 3016 Πατὴρ
1343 2951 1432 3000 καὶ
1465 2952 1492 3001 ὁ
1526 2951 1644 3012 Υίθις
1687 2950 1818 3021 παρ’

246 3023 311 3082 οὗ
341 3032 716 3099 ἐκπορεύεται,
752 3038 843 3087 καὶ
876 3037 1003 3105 παρ’
1037 3032 1096 3089 οὗ
1135 3039 1423 3105 λαμϐάνει,
1467 3043 1555 3095 καὶ
1585 3043 1702 3094 οὐδὲ
1730 3045 1819 3095 τὸν

250 3122 389 3171 Υἱὸν
417 3125 508 3174 καὶ
532 3125 623 3174 τὸν
657 3125 895 3193 Πατέρα,
930 3130 975 3178 εἰ
1004 3129 1077 3197 μὴ
1118 3129 1177 3181 τὸ
1207 3131 1429 3199 Πνεῦμα
1461 3133 1523 3184 τὸ
1552 3134 1728 3200 ἅγιον,
1760 3136 1820 3188 τὸ

243 3213 479 3275 δοξάζον
512 3215 745 3282 ἀληθῶς.
776 3218 837 3268 τὸ
871 3217 1123 3271 διδάσκον
1153 3221 1220 3271 τα
1253 3222 1450 3284 πάντα,
1480 3223 1508 3274 ὃ
1544 3226 1692 3293 παρὰ
1723 3225 1814 3278 τοῦ

253 3304 468 3368 Ματρὸς
495 3304 587 3357 καὶ
610 3309 671 3358 ἐκ
706 3307 798 3358 τοῦ
840 3309 992 3365 Υίοῦ.
1032 3330 1049 3361 ι
1085 3312 1192 3363 Καὶ
1219 3314 1356 3381 μετά
1384 3330 1526 3375 τινα,
1565 3334 1583 3367 «
1626 3318 1817 3371 Τοίνυν

252 3397 451 3464 Πατὴρ
488 3392 553 3466 ἧν
590 3401 695 3462 ἀεὶ,
731 3402 826 3453 καὶ
873 3404 933 3453 τὸ
982 3404 1205 3473 Πνεῦμα
1245 3410 1307 3459 ὲκ
1346 3407 1439 3459 τοῦ
1488 3410 1695 3479 [ἰατρὸς
1728 3413 1820 3464 καὶ

259 3485 395 3537 Υίοῦ
429 3489 627 3544 πνέει.»
668 3492 833 3545 Πάλιν
863 3493 919 3547 ἐν
948 3493 1026 3562 τῷ
1068 3497 1240 3566 αὐτῷ,
1277 3515 1296 3549 «
1321 3499 1730 3565 Ἐξαπόστειλον
1760 3503 1822 3556 τὸ

251 3578 376 3645 φῶς
396 3596 510 3643 σου,
526 3584 620 3633 καὶ
635 3582 731 3652 τήν
745 3584 999 3653 ἀλήθειαν
1018 3604 1134 3648 σου,
1164 3608 1182 3639 ι
1213 3590 1378 3659 φησὶν
1397 3594 1424 3642 ὁ
1444 3594 1626 3645 Δαόίό.
1653 3595 1822 3658 Λύτός

249 3670 405 3720 ἐστιν
431 3673 458 3722 6
491 3671 686 3742 Κύριος
717 3677 744 3726 6
766 3674 952 3740 εἰπὼν,
976 3694 993 3726 «
1031 3677 1118 3730 Ἐν
1142 3682 1260 3742 ταῖς
1298 3682 1555 3749 ἐσχάταις
1588 3685 1822 3753 ἡμέραις

252 3763 437 3831 ἐκχεῶ
456 3765 563 3815 ἀπὸ
590 3765 681 3817 τοῦ
705 3767 1020 3835 Πνεύματός
1051 3787 1155 3837 μου
1176 3773 1265 3823 ἐπὶ
1292 3774 1467 3825 πᾶσαν
1498 3774 1698 3841 σάρκα,
1723 3777 1817 3827 καὶ

1909 2055 1999 2123 qui
2024 2070 2090 2107 ex
2120 2052 2426 2115 ambobus;
2454 2066 2530 2102 ea-
2556 2059 2665 2103 tres
2696 2064 2942 2116 personie
2975 2046 3089 2101 sola
3123 2046 3225 2099 [ide
3256 2060 3285 2097 a
3311 2060 3468 2098 sane-

1911 2152 1981 2201 tis
2010 2146 2140 2199 viris
2167 2152 2435 2214 percepta:
2461 2143 2677 2205 lucida),
2712 2156 2775 2194 ac
2806 2142 2944 2195 lucis
2967 2150 3257 2200 auctores;
3290 2136 3468 2191 lucida

1910 2247 2041 2292 sunt
2067 2240 2281 2292 actione
2319 2237 2610 2304 praedite.»
2673 2236 2738 2288 Et
2774 2244 2894 2302 post
2925 2248 3093 2301 pauca
3124 2250 3138 2285 :
3176 2250 3193 2281 «
3231 2231 3472 2299 Spiritus

1912 2341 2153 2393 sanctus,
2187 2330 2428 2396 Spiritus
2453 2326 2699 2379 veritatis
2728 2334 2810 2378 est
2866 2340 2894 2377 a
2926 2324 3083 2377 Patre
3116 2322 3358 2389 Filioque
3393 2320 3475 2372 lu-

1915 2439 2035 2476 men
2068 2421 2344 2474 tertium.)
2382 2418 2448 2472 Et
2483 2426 2603 2486 post
2640 2414 2940 2468 nonnulla:
2979 2411 3471 2479 «Quemadmodum

1913 2517 2062 2570 enim
2091 2529 2250 2566 nemo
2274 2511 2424 2563 novit
2456 2510 2667 2563 Patrem
2702 2508 2801 2561 nisi
2842 2506 3031 2566 Filius,
3075 2520 3251 2572 neque
3278 2502 3471 2557 Filium

1916 2608 2018 2660 nisi
2054 2608 2231 2668 Pater,
2264 2604 2335 2657 ita
2362 2604 2546 2656 dicere
2571 2601 2766 2659 audeo,
2812 2614 2989 2667 neque
3036 2597 3302 2665 Spiritum
3328 2595 3477 2647 novit

1917 2699 2217 2768 quispiam,
2252 2696 2354 2749 nisi
2389 2697 2547 2749 Pater
2577 2702 2632 2746 et
2659 2692 2823 2745 Filius
2850 2706 2878 2743 a
2918 2706 3028 2758 quo
3062 2686 3329 2757 procedit,
3367 2695 3421 2737 et
3446 2704 3473 2735 ει

1917 2802 2023 2853 quo
2050 2786 2285 2852 accipit;
2313 2791 2366 2835 et
2397 2797 2573 2850 neque
2602 2780 2796 2834 Filium
2829 2791 2881 2831 et
2923 2780 3166 2840 Patrem,
3220 2775 3321 2828 nisi
3360 2773 3479 2841 Spi-

1919 2876 2058 2929 ritus
2089 2884 2331 2939 sanctus,
2359 2873 2451 2941 qui
2482 2887 2606 2925 rere
2640 2870 2926 2938 gloritirat,
2961 2868 3055 2936 qui
3084 2868 3245 2921 docet
3272 2866 3477 2920 omnia.

1919 2969 2014 3035 qui
2046 2982 2073 3019 a
2110 2966 2270 3019 Patre
2300 2974 2356 3019 et
2384 2963 2576 3018 Filio.»
2650 2963 2712 3014 Et
2746 2969 2867 3029 post
2899 2959 3159 3013 nonnulla
3192 2974 3206 3011 :
3267 2975 3282 3006 «
3313 2956 3482 3023 Igitur

1922 3059 2082 3113 Pater
2114 3072 2332 3125 semper
2360 3054 2589 3116 exstitit,
2617 3062 2673 3105 et
2703 3051 2943 3119 Spiritus
2974 3065 3035 3102 ex
3058 3050 3217 3102 Patre
3239 3047 3481 3113 Filioque

1925 3151 2217 3219 Spiralur.)
2267 3146 2478 3199 Rursus
2509 3143 2561 3196 in
2596 3142 2787 3196 eodem
2823 3160 2836 3194 :
2873 3141 3100 3195 «Emitte
3134 3139 3308 3191 lucem
3336 3148 3481 3190 tuam

1843 3261 1885 3317 ο
1922 3248 1977 3292 et
2007 3236 2287 3291 veritatem
2323 3241 2526 3293 tuam,»
2563 3232 2639 3285 ait
2672 3230 2866 3293 David,
2921 3231 3035 3300 ipse
3086 3228 3351 3283 Dominus
3377 3235 3483 3283 est.

1925 3329 2015 3397 qui
2048 3327 2205 3387 dixit,
2242 3322 2329 3377 «In
2376 3321 2692 3376 novissimis
2721 3319 2920 3374 diebus
2953 3316 3233 3372 eﬁ‘undam
3260 3315 3327 3368 de
3358 3312 3483 3381 Spi-

1927 3419 2030 3472 ritu
2060 3431 2179 3469 meo
2210 3414 2265 3470 in
2293 3429 2511 3468 onmem
2546 3428 2788 3477 carnem,
2845 3421 2899 3465 et
2944 3407 3357 3479 prephetabunt
3391 3406 3484 3459 ﬁlii

1919 3522 2109 3563 eorum
2163 3514 2215 3559 et
2277 3506 2399 3559 tiliae
2454 3519 2668 3568 eorum,
2732 3512 2789 3557 et
2815 3501 3192 3555 adolescentes
3249 3498 3484 3565 ipsorum

1922 3596 2158 3648 visiones
2185 3592 2464 3655 videbunt,
2502 3610 2520 3641 ι
2559 3600 2668 3644 tres
2697 3603 2956 3658 personas
2990 3601 3161 3642 sacra:
3183 3583 3483 3639 [unctionis

1921 3686 2082 3739 nobis
2113 3685 2375 3747 ostendit,
2410 3683 2668 3736 nimirum
2691 3678 3028 3751 hypostasim
3084 3692 3150 3732 ex
3208 3673 3486 3745 bypOstasi

1923 3791 2092 3842 usque
2122 3775 2187 3827 ad
2224 3773 2548 3827 ternarium.
2596 3791 2612 3821 ι

252 3856 733 3924 προφητεύσουσιν
780 3862 826 3913 οἱ
860 3863 963 3913 υἱοὶ
994 3862 1193 3929 αὑτῶν,
1234 3866 1329 3917 καί
1362 3866 1412 3917 οἱ
1447 3869 1722 3920 νεανίσκοι
1755 3868 1932 3921 αὐτῶν
1975 3870 2194 3937 ὁράσεις
2232 3868 2452 3936 ὄψονται
2476 3882 2488 3895 ·
2529 3885 2547 3916 ι
2583 3866 2706 3931 τρία
2748 3863 3016 3933 πρόσωπα
3044 3859 3204 3927 ἁγίας
3245 3857 3490 3925 λειτουρ-

252 3946 387 4011 γίας
415 3946 684 3999 δείκνυσ.ν
735 3950 885 4018 ἡμῖν,
923 3951 1217 4005 ὑπόστασιν
1276 3956 1335 4017 ἐξ
1397 3956 1744 4020 ὑποστάσεως
1810 3957 1972 4028 οὔσης
2038 3959 2251 4028 τρίτης.
2285 3976 2304 4008 ι

335 4041 460 4092 Ἐτι
491 4044 517 4093 6
543 4040 765 4108 Νύσσης
802 4043 1099 4113 Γρηγὸριος
1130 4047 1186 4097 ὲν
1220 4045 1297 4115 τῷ
1321 4054 1365 4100 α’
1398 4049 1504 4101 τῶν
1540 4050 1689 4114 πρὸς
1717 4053 1827 4104 Εὑ-

252 4132 478 4199 νόμιον
541 4132 987 4202 Ἀντιρρητικῶν,
1026 4128 1088 4188 οὗ
1146 4138 1178 4206 ἡ
1232 4138 1393 4207 ἁρχὴ,
1454 4140 1574 4193 Οὐκ
1621 4137 1699 4209 ἦν
1748 4142 1830 4207 ὡς

251 4226 482 4284 ἔοικεν,
528 4240 546 4274 «
603 4225 700 4276 ⁸·ον
749 4227 948 4294 τρόπον
1000 4228 1391 4298 προθεωρετται
1446 4233 1478 4299 ἡ
1533 4233 1831 4295 ὑπόστασις

253 4315 359 4365 τοῦ
392 4313 599 4381 Πατρὸς
628 4314 726 4382 τῆς
754 4314 847 4367 τοῦ
876 4316 1005 4368 Υίοῦ
1038 4317 1389 4382 ὑποστάσεως
1421 4320 1495 4387 τῷ
1523 4322 1623 4387 τῆς
1655 4322 1832 4385 αἰτίας

254 4407 433 4473 λόγῳ,
472 4406 498 4456 6
527 4406 687 4467 αὐτὸς
716 4406 869 4473 λόγος
918 4411 1012 4461 καὶ
1056 4411 1184 4480 περὶ
1219 4413 1311 4463 τοῦ
1364 4412 1720 4480 Πνεύματοςο
1774 4415 1832 4464 ἐν

257 4499 410 4565 μόνῃ
441 4500 504 4567 τῇ
539 4499 688 4561 τάξει
736 4501 802 4565 τῇ
847 4500 987 4552 κατὰ
1013 4500 1075 4552 τὸ
1113 4500 1286 4553 αἴτιον
1328 4503 1422 4554 καὶ
1452 4505 1692 4554 αἰτιατον
1731 4503 1829 4568 δη-

1997 4050 2284 4113 Praeterea,
2334 4047 2635 4117 Gregorius
2684 4045 2982 4115 Nyssenus,
3051 4043 3105 4096 in
3148 4042 3322 4111 primo
3352 4041 3493 4095 libro

1925 4148 2109 4191 contra
2130 4136 2467 4197 Eunomium,
2495 4135 2652 4203 cujus
2673 4132 2889 4186 initium
2917 4154 2927 4186 :
2957 4130 3073 4185 Non
3098 4140 3213 4182 erat
3245 4139 3298 4181 ut
3328 4146 3494 4198 appa-

1929 4240 2049 4282 ret:
2088 4226 2591 4293 «Quemadmodum
2628 4224 2937 4294 hypostasis
2960 4221 3139 4277 Patris
3177 4220 3493 4291 pmintelli-

1929 4320 2076 4391 gitur
2106 4318 2378 4389 bypostasi
2414 4317 2509 4370 ﬁlii
2543 4318 2755 4370 ratione
2786 4329 2985 4377 causae,
3031 4312 3219 4367 eadem
3253 4312 3391 4364 ratio
3441 4320 3496 4361 et

1943 4411 2011 4464 de
2033 4409 2261 4478 Spiritu.
2296 4406 2566 4461 Nimirum
2600 4404 2654 4458 in
2706 4403 2823 4458 solo
2849 4403 3040 4456 ordine
3071 4401 3163 4470 qui
3192 4408 3281 4456 est
3304 4416 3497 4454 secun-

1938 4501 2066 4553 dum
2095 4512 2315 4552 causam
2372 4505 2426 4550 et
2459 4502 2742 4549 eausatum
2803 4492 3169 4546 diﬂerentiam
3203 4491 3400 4555 habet;
3440 4500 3497 4542 ut

255 4586 405 4653 λαδὴ
459 4586 556 4653 τὴν
612 4588 876 4657 διαφορὰν
932 4587 1065 4657 ἔχει.
1109 4588 1197 4650 Ὠς
1255 4593 1362 4659 γὰρ
1396 4592 1722 4643 συνάπτεται
1754 4592 1832 4661 τῷ

1891 4591 2080 4644 )enim
2115 4589 2284 4642 Filius
2312 4586 2663 4656 coniungitur
2700 4584 2885 4647 Patri,
2915 4594 3076 4647 atque
3130 4583 3199 4635 ab
3251 4583 3370 4650 ipso
3400 4583 3495 4633 ba-

260 4679 450 4747 Πατρὶ
474 4679 501 4729 6
528 4678 675 4740 Υἱὸς,
708 4679 887 4731 καὶτὸ
919 4680 975 4744 ἐξ
1008 4680 1173 4731 αὑτοῦ
1207 4677 1347 4733 εἶναι
1381 4681 1520 4750 ἔχων
1551 4682 1644 4749 οὐχ
1679 4682 1833 4733 ὑστε-

258 4770 416 4840 ρίζει
445 4769 586 4821 κατᾶ
619 4770 718 4839 τὴν
748 4769 1005 4836 ὕπαρξιν,
1041 4769 1183 4822 οὕτω
1223 4768 1383 4822 πάλιν
1425 4772 1515 4821 καὶ
1544 4770 1636 4822 τοῦ
1665 4769 1835 4822 Μονο-

252 4858 458 4927 γενοῦς
500 4859 682 4926 ἔχεται
726 4860 786 4911 τὸ
836 4858 1062 4927 Πνεῦμα
1127 4860 1187 4911 τὸ
1240 4861 1417 4926 ἅγιον,
1448 4859 1660 4928 ἐπινοίᾳ
1696 4859 1831 4929 μόνῃ

256 4950 415 5000 κατά
448 4947 539 4999 τὸν
567 4948 665 5015 τῆς
693 4948 867 5010 αἰτίας
903 4949 1060 5014 λόγον
1091 4950 1575 5020 προθεωρουμένου
1603 4949 1701 5017 τῆς
1741 4947 1833 5001 τοῦ

254 5037 584 5104 Πνεύματος
613 5038 980 5099 ὑποστάσεως.
1023 5056 1041 5089 ι

343 5131 468 5181 Ἔτι
516 5131 812 5199 Γρηγὸριος
849 5133 875 5182 6
907 5131 1167 5198 Θεολόγος
1218 5134 1346 5201 περὶ
1377 5132 1484 5200 ,τῆς
1532 5134 1766 5200 σχέσεως
1800 5131 1832 5199 ἦ

252 5222 479 5286 τάξεως
507 5221 572 5291 ἢν
598 5222 708 5289 ἔχει
738 5223 765 5273 6
795 5222 919 5284 Υἱὸς
946 5223 1081 5291 πρὸς
1107 5223 1165 5275 τὸ
1197 5224 1440 5292 Πνεῦμα.
1467 5224 1641 5275 καὶτὸ
1669 5221 1832 5275 Πνεῦ-

259 5326 346 5378 μα
385 5307 521 5376 πρὸς
550 5309 639 5359 τὸν
664 5308 805 5374 Υιὸν,
839 5311 958 5379 ἥτις
991 5311 1053 5377 δὴ
1078 5312 1231 5374 τάξις
1254 5311 1345 5363 ἐπὶ
1365 5311 1470 5362 τῶν
1490 5311 1648 5362 Θείων
1674 5326 1815 5377 προσ

254 5400 440 5448 ώπων
498 5395 655 5462 μόνον
707 5399 847 5447 κατὰ
878 5398 938 5447 τὸ
974 5396 1267 5449 αἴτιονκαὶ
1319 5397 1561 5449 αίτιατδν
1612 5396 1836 5450 δύναται

255 5483 671 5551 λαμὸἀνεσοαι,
701 5487 820 5536 κατ’
844 5485 971 5539 ἄλλο
1007 5486 1063 5537 δὲ
1096 5486 1195 5537 οὐκ
1231 5488 1483 5556 ἐγχωρεῖ,
1517 5489 1573 5539 ὲν
1601 5487 1676 5554 τῷ
1711 5490 1839 5553 περὶ

255 5571 365 5624 τοῦ
400 5570 559 5637 ἁγίου
581 5572 891 5639 Πνεύματος
912 5574 1310 5644 ’Λντιρρητικῷ
1344 5570 1457 5628 οἷον
1490 5578 1839 5638 ἁντιθετικῶς

257 5662 423 5726 λέγει
447 5672 461 5687 ⁸
506 5675 524 5708 σ
568 5660 629 5710 'l'i
653 5655 746 5712 οῦν
780 5660 977 5725 λείπει,
1012 5665 1165 5729 φησὶ,
1195 5663 1273 5730 τῷ
1308 5664 1582 5731 Πνεύῖλατι
1614 5666 1749 5732 up";
1781 5665 1841 5715 τὸ

260 5748 416 5803 εἶναι
455 5749 616 5815 Υἱὸνς
657 5752 717 5802 ΕΞ
760 5753 832 5821 μὴ
865 5754 971 5822 γὰρ
1012 5753 1194 5806 λεῖπον
1236 5772 1286 5806 τι
1318 5751 1406 5824 ἧν,
1446 5756 1567 5817 Υἱὸς
1594 5756 1657 5807 ἂν
1694 5752 1777 5824 ἦν.
1818 5774 1834 5806 ι

260 5842 449 5897 Τοῦτο
482 5844 579 5911 μὲν
628 5844 688 5896 τὸ
738 5846 833 5914 τῆς
868 5845 1190 5911 ἀντιθέσεως
1216 5863 1228 5877 ⁸
1270 5849 1524 5917 ἐπιφέρει
1558 5849 1614 5901 δέ
1639 5862 1657 5880 ·
1709 5866 1726 5900 ι
1766 5850 1839 5902 Uti

1936 4678 2071 4732 heus
2100 4692 2241 4741 esse,
2268 4692 2377 4729 non
2413 4685 2497 4729 est
2534 4672 2808 4741 posterior
2871 4671 3173 4724 secundum
3231 4675 3497 4722 exsisten.

1938 4770 2064 4823 tiam
2089 4786 2103 4832 ;
2136 4768 2208 4821 ita
2241 4782 2432 4821 rursus
2459 4766 2696 4835 Spiritus
2714 4773 2940 4819 sanctus
2958 4762 3307 4830 conjungitur
3340 4760 3496 4818 Filio,

1936 4879 2060 4918 cum
2110 4871 2319 4917 tantum
2378 4860 2708 4929 cogitatione
2775 4858 2971 4910 mentis
3023 4857 3174 4922 juxta
3230 4852 3497 4904 rationem

1918 4970 2116 5019 causa:
2150 4951 2424 5022 bypostasi
2460 4950 2699 5019 Spiritus
2725 4947 2898 5002 sancti
2930 4944 3429 5015 prmintelligatur.»

2010 5130 2281 5185 Prteterea
2337 5128 2633 5198 Gregorius
2691 5127 3002 5193 Theologus
3036 5121 3105 5177 de
3152 5118 3495 5175 habitudine.

1941 5238 2035 5276 seu
2090 5221 2282 5275 ordine
2333 5236 2497 5289 quem
2564 5220 2729 5273 habet
2796 5218 2964 5270 Filius
2998 5214 3063 5267 ad
3105 5213 3390 5281 Spiritum,
3446 5220 3497 5262 et

1940 5314 2175 5382 Spiritus
2202 5311 2267 5365 ad
2309 5312 2529 5373 Filium,
2566 5309 2659 5379 qui
2693 5316 2840 5361 certe
2870 5308 3005 5359 ordo
3038 5306 3092 5358 in
3133 5302 3337 5358 divinis
3376 5318 3499 5369 per-
3574 5338 3584 5347 .

1940 5402 2091 5456 sonis
2123 5411 2330 5454 tantum
2363 5397 2661 5453 secundmu
2689 5412 2930 5461 causam,
2968 5404 3025 5448 et
3080 5402 3360 5447 eausatnm
3414 5404 3502 5441 ac.-

1944 5494 2047 5561 Cll)i
2088 5502 2287 5561 Ροωεῑ,
2314 5492 2421 5545 alio
2453 5506 2581 5543 vero
2607 5489 2770 5543 modo
2804 5503 2911 5542 non
2947 5489 3106 5551 licet;
3164 5486 3217 5537 in
3253 5481 3502 5536 oratione

1942 5584 2306 5639 eonfutatoria
2326 5583 2391 5636 de
2414 5581 2616 5650 Spiritu
2636 5589 2842 5643 sancto,
2873 5578 3026 5647 quasi
3048 5575 3151 5630 sibi
3171 5572 3500 5643 objiciendn,

1945 5672 2021 5724 ait
2055 5688 2069 5732 ;
2104 5670 2271 5735 «Quid
2306 5669 2490 5738 igitur,
2530 5667 2729 5734 inquit,
2757 5667 2909 5719 deest
2934 5664 3164 5732 Spiritui
3205 5662 3271 5716 ad
3306 5666 3409 5714 hoc
3447 5672 3504 5712 nt

1944 5763 2014 5816 sit
2033 5761 2239 5815 Filius?
2264 5760 2368 5813 nisi
2387 5759 2533 5814 enim
2560 5758 2836 5826 quidpiam
2861 5757 3093 5817 deesset,
3117 5755 3283 5808 Filius
3304 5764 3463 5807 esSet.
3480 5774 3496 5803 ι

1948 5850 2072 5905 Πειιο
2102 5848 2321 5917 quidem
2356 5854 2439 5903 est
2465 5843 2725 5915 olijectio.
2792 5843 2957 5898 infert
2987 5856 3115 5897 vero
3150 5858 3164 5897 :
3226 5842 3372 5898 «Non
3405 5843 3497 5893 «le-
