4198 6440
186 466 281 524 1253i

1088 460 1185 523 DE
1224 463 1744 523 PROCESSIONE
1784 464 2147 525 SPIRITUS
2186 466 2479 527 SANC’I‘L

3296 474 3405 534 954

184 585 267 645 τὴν
317 580 477 643 ἁγίαν
530 578 760 647 Τριάδα,
805 579 1049 630 τουτέστι
1106 581 1196 629 τὸν
1246 579 1463 647 Πατέρα
1513 580 1605 630 καὶ
1654 578 1734 630 τὸν

1850 579 2088 643 Patrem,
2122 590 2177 634 et
2208 580 2430 647 Filium,
2483 591 2538 636 ct
2575 582 2843 652 Spiritum
2899 595 3169 653 sanctum,
3237 570 3404 643 unum

186 674 295 723 Υἱὸν
326 672 421 722 καὶ
446 672 503 721 τὸ
532 670 688 735 ἆγιον
726 669 970 736 Πνεῦμα,
1002 670 1101 721 ’ἐνα
1131 669 1265 721 Θεὸν
1301 670 1734 735 παντοδύναμον,

184 764 297 829 μιᾶς
343 760 547 823 οὐσίας,
589 762 717 828 μιᾶς
764 761 1071 829 ὑπὶρξεως,
1128 762 1259 828 μιᾶς
1327 761 1599 825 ἐξουσίας,
1645 761 1738 827 δη-

183 853 433 921 μιουργὸν
460 853 681 904 πάντων
707 853 815 904 τῶν
853 852 1190 921 κτισμάτων,
1222 853 1281 915 ἐξ
1322 848 1381 906 οῦ
1428 852 1495 905 τὰ
1540 852 1735 915 πάντα,

180 946 241 997 δι’
275 942 336 998 οὗ
384 948 451 997 τὰ
506 947 701 1009 πάντα,
735 946 794 995 ἐν
823 938 866 1010 ᾧ
890 945 956 996 τὰ
994 945 1204 997 πάντα’
1240 942 1459 1013 Ιιατέρα
1494 945 1594 995 οὐκ
1643 944 1735 1010 ἀφ’

179 1038 381 1105 ἐτέρου,
418 1037 545 1088 Υίὸν
588 1040 650 1088 ὲκ
695 1037 788 1087 τοῦ
843 1035 1051 1103 [ἰατρὸς
1096 1035 1375 1102 γεννητὸν,
1425 1034 1561 1085 Θεὸν
1606 1033 1736 1102 ἀλη-

180 1129 314 1179 θινὸν
350 1130 412 1179 ἐκ
464 1126 596 1179 Θεοῦ
639 1126 921 1195 ἀληθινοῦ,
957 1125 1070 1192 φῶς
1121 1124 1374 1193 ἀληθινὸν
1446 1126 1509 1175 ἐκ
1560 1122 1736 1189 φωτὸς

175 1219 424 1284 ἀληθινοῦ
455 1232 467 1245 ·
508 1218 568 1269 οὔ
607 1217 714 1287 μὴν
741 1216 834 1269 δύο
867 1215 1042 1283 φῶτα,
1085 1214 1199 1267 ἀλλ’
1246 1214 1303 1266 ἓν
1344 1214 1477 1283 φῶς,
1514 1214 1736 1281 Πνεῦμα

178 1313 325 1374 Ξγιον
377 1308 527 1375 παρὰ
560 1306 775 1375 Πατρὸς
832 1306 926 1357 καὶ
958 1304 1087 1357 Υῑοῦ
1134 1304 1331 1371 ἐπίσης
1365 1302 1734 1370 ἐκπορευόμε-

175 1417 279 1458 νοι,
317 1398 599 1465 ὁμοιιύσιον
650 1397 745 1447 καὶ
782 1394 1047 1445 συναῖδιον
1096 1393 1268 1457 "arpi.
1316 1392 1409 1441 καὶ
1448 1388 1581 1456 Υἱῷ.
1624 1390 1733 1439 lla-

174 1494 272 1558 τηρ
303 1492 358 1541 ὲν
400 1486 577 1555 ἐαυτῴ
622 1487 833 1554 πλήρης
874 1485 1030 1550 Θεὸς,
1064 1484 1187 1545 Υἱὸς
1236 1483 1449 1550 πλήρης
1494 1480 1643 1539 Θεὸς,
1672 1480 1735 1529 ἐκ

170 1581 262 1633 τοῦ
300 1581 509 1648 “arpi;
537 1578 839 1645 γεννηθεὶς,
873 1574 1098 1642 Πνεῦμα
1146 1575 1304 1641 ἅγιον
1342 1574 1558 1640 πλήρης
1602 1569 1735 1630 Θεὸς

171 1679 317 1745 παρὰ
352 1675 563 1744 [ἰατρὸς
606 1674 700 1724 καὶ
732 1671 861 1724 Υἱοῦ
899 1670 1356 1739 ἐκπορευόμενον.
1394 1669 1467 1718 Οὔ
1498 1668 1650 1734 τρεῖς
1678 1664 1734 1716 δέ

170 1786 348 1836 φαμεν
374 1768 562 1829 Θεοϋς,
588 1766 707 1817 ἀλλ’
730 1765 825 1817 ἕνα
858 1762 991 1815 Θεὸν
1017 1762 1455 1828 παντοκράτορα,
1483 1756 1729 1819 αἰώνιον,

171 1862 434 1928 ἀνίρατον,
486 1856 899 1926 ἀμετάϐλητον,
947 1855 1067 1906 ὅλον
1122 1850 1396 1919 πανταχοῦ
1460 1847 1730 1916 παρόντα,

1841 673 2011 726 Deum
2079 674 2537 741 omnipotentem,
2609 677 2769 730 unius
2813 676 3135 731 substantiae
3170 720 3185 741 ,
3243 680 3407 735 unius

1838 764 2115 825 essentiam,
2178 766 2342 819 unius
2404 767 2736 834 potestatis,
2796 778 3105 823 creatorem
3160 772 3404 825 omnium

1838 866 2237 919 creaturarum,
2268 873 2296 910 a
2323 873 2432 927 quo
2457 857 2662 919 omnia.
2684 874 2779 927 per
2807 876 2966 928 quem
2986 861 3190 923 omnia.
3217 863 3267 914 in
3297 879 3405 930 quo

1840 948 2044 1000 omnia.
2074 947 2288 1001 Patrem
2323 965 2350 1001 a
2386 950 2708 1017 semetipso.
2744 965 2848 1002 non
2882 951 2949 1004 ab
2975 953 3100 1005 alio.
3149 952 3347 1006 Fllilllll
3376 969 3404 1005 τι

1839 1038 1998 1093 Patre
2028 1039 2294 1108 genitum.
2330 1041 2495 1094 Deum
2524 1056 2713 1095 verum
2748 1041 2814 1095 de
2848 1042 2958 1095 Deo
3018 1059 3169 1105 vero.
3221 1046 3402 1098 lumen

1841 1146 2032 1183 verum
2071 1130 2138 1183 de
2168 1130 2377 1185 lumine
2400 1147 2553 1195 vero,
2608 1149 2716 1186 non
2788 1140 2967 1187 tamen
3032 1134 3141 1187 duo
3172 1135 3398 1196 lumina.

1836 1222 1931 1274 sed
1962 1238 2129 1275 unum
2193 1223 2402 1276 lumen.
2455 1222 2720 1291 Spiritum
2778 1236 3024 1277 sanctum
3079 1240 3106 1276 a
3142 1225 3300 1277 Patre
3347 1236 3403 1278 i-t

1838 1313 1973 1367 Filio
2031 1314 2314 1383 :equaliter
2376 1314 2799 1383 procedentem;
2844 1318 3399 1374 consubstantialem.

1835 1414 2160 1459 coaeternum
2186 1406 2331 1461 Patri
2364 1417 2418 1460 et
2446 1406 2615 1459 Filio:
2650 1406 2813 1459 Pater
2842 1418 2927 1460 est
2961 1408 3156 1473 plenus
3182 1408 3322 1459 Deus
3349 1408 3401 1458 in

1836 1512 1915 1550 se.
1952 1497 2121 1550 Filius
2143 1506 2228 1549 est
2256 1496 2448 1564 plenus
2480 1498 2622 1550 Deus
2652 1513 2681 1549 a
2707 1498 2865 1550 Patre
2893 1497 3132 1564 genitus.
3165 1498 3404 1565 Spiritus

1837 1597 2059 1641 sanctus
2088 1588 2280 1655 plenus
2310 1588 2457 1641 Dens
2494 1603 2522 1641 a
2554 1587 2712 1642 Patre
2772 1598 2828 1642 et
2880 1589 3021 1643 Filio
3076 1591 3400 1657 procedens.

1835 1680 1953 1733 Non
2014 1690 2189 1734 tamen
2251 1690 2361 1734 tres
2394 1678 2527 1734 deos
2583 1678 2846 1741 dicimus.
2898 1680 2993 1734 sed
3031 1696 3197 1733 unum
3232 1682 3400 1734 Deum

1836 1772 2290 1839 omnipotentem,
2323 1782 2609 1835 aeternum,
2653 1772 3013 1833 invisibilem.
3041 1772 3404 1826 incommuta-

1837 1860 2023 1922 bilem.
2052 1860 2145 1928 qui
2189 1868 2336 1913 totus
2378 1862 2577 1929 ubique
2602 1871 2685 1915 est
2708 1876 2967 1928 prmsens,
3000 1877 3107 1914 non
3144 1878 3242 1929 per
3268 1878 3396 1928 par-

168 1952 264 2002 ούκ
297 1951 377 2008 εἰς
412 1948 550 2015 μέρη
594 1945 997 2013 διαιρούμενον,
1036 1942 1148 1993 ἀλλ’
1184 1941 1303 1992 ὅλον
1356 1942 1412 1989 ἐν
1455 1940 1634 2000 πᾶσιν,
1669 1936 1729 1987 οὐ

1840 1961 1922 2004 tes
1950 1951 2180 2010 divisus.
2212 1950 2303 2004 sed
2335 1962 2506 2005 totum
2545 1953 2597 2004 in
2627 1950 2906 2014 omnibus,
2971 1967 3077 2003 non
3130 1952 3399 2016 localiter,

166 2040 434 2100 τοπικῶς,
469 2038 604 2089 ἀλλὰ
643 2037 782 2088 κατᾶ
832 2036 1094 2102 δύναμιν
1150 2032 1206 2093 ὃς
1249 2031 1624 2098 ἀμετάϐλητος
1658 2025 1732 2078 ὢν

166 2133 350 2183 ἔκτισε
394 2131 462 2181 τὰ
511 2127 844 2197 μεταϐλητὰ,
888 2126 981 2177 καὶ
1012 2124 1079 2177 τὰ
1120 2124 1409 2175 κτισθέντα
1452 2119 1691 2187 κυῦερνᾷ
1717 2132 1731 2147 ο

162 2224 251 2276 ἀεὶ
288 2224 468 2291 μένων
526 2222 663 2286 ὅπερ
703 2219 880 2271 ἐστίν·
922 2212 965 2283 ᾧ
993 2215 1338 2283 συμϐεϐηκὸς
1386 2211 1645 2264 ἀδύνατόν
1684 2227 1732 2261 τι

164 2318 461 2383 παρεῖναι·
507 2317 573 2383 τῇ
606 2314 714 2379 γὰρ
769 2310 913 2379 ἁπλῇ
945 2310 1041 2377 τῆς
1077 2310 1326 2375 θεότητος
1363 2304 1523 2372 φύσει
1561 2320 1732 2372 προσ-

160 2408 387 2475 τεθῇναί
453 2424 505 2459 τι
567 2406 599 2475 ἢ
668 2402 1034 2472 ἀφαιρεθῆναι
1095 2402 1417 2469 ἀμήχανον⁴
1466 2398 1552 2448 ἀεὶ
1622 2396 1731 2462 γάρ

162 2502 313 2551 ἐστιν
345 2500 482 2567 ὅπερ
510 2496 658 2549 ἐστίν
681 2513 695 2526 ·
736 2489 779 2561 ᾧ
825 2494 957 2547 ἴδιόν
998 2494 1166 2552 ἐστιν,
1203 2484 1244 2556 ᾧ
1276 2489 1444 2541 ἀΐδιόν
1493 2489 1659 2544 ἐστιν,
1690 2478 1733 2551 ᾧ

158 2591 359 2643 ταυτὸν
391 2592 505 2641 ἐστι
540 2589 598 2641 τὸ
634 2582 774 2640 εἶναι
809 2586 904 2637 καὶ
944 2585 1041 2654 ζῇν
1094 2585 1186 2637 καὶ
1217 2585 1353 2634 νοεῖν
1376 2594 1391 2610 ’
1428 2581 1523 2632 καὶ
1558 2576 1734 2631 ταῦτα

157 2684 225 2735 τὰ
258 2686 389 2751 τρία
422 2676 499 2743 εἷς
535 2681 687 2741 Θεὸς,
726 2680 820 2730 καὶ
860 2671 937 2737 εἷς
968 2677 1099 2737 Θεὸς
1134 2674 1312 2727 ταῦτα
1350 2675 1414 2725 τὰ
1450 2671 1599 2738 τρία.
1639 2690 1657 2719 ι

226 2776 315 2829 Τὰ
345 2775 443 2843 μὲν
480 2773 630 2840 παρὰ
661 2772 768 2822 τῶν
814 2769 985 2836 ἁγίων
1016 2767 1279 2828 τοσαῦτα,
1312 2766 1406 2831 καὶ
1446 2763 1589 2814 οὕτω
1633 2778 1734 2830 φα-

153 2869 312 2937 νερὰ,
357 2868 454 2919 καὶ
495 2868 557 2917 ὲκ
590 2864 798 2916 πολλῶν
842 2860 998 2927 ὀλίγα
1043 2855 1441 2923 συνειλεγμένα
1468 2872 1479 2882 θ
1515 2852 1731 2913 παντως

149 2960 207 3012 δὲ
264 2960 328 3010 οὐ
368 2958 449 3008 δεῖ
494 2957 585 3007 καὶ
630 2954 793 3021 ἕτερα
836 2952 943 3003 τῶν
982 2949 1159 3002 αὐτῶν
1208 2945 1605 3017 προσεπάγειν,
1638 2943 1733 3011 δη·

150 3051 355 3103 λοῦντα
390 3049 463 3110 ὠς
496 3049 603 3115 ἄρα
627 3045 686 3097 τὸ
716 3044 937 3111 Πνεῦμα
982 3043 1040 3093 τὸ
1073 3041 1228 3107 ἆγιον
1277 3042 1339 3089 ἐκ
1380 3038 1473 3089 τοῦ
1520 3035 1732 3103 Πατρὸς

144 3148 234 3199 5.1
264 3146 369 3197 τοῦ
409 3142 539 3196 Υἱοῦ
596 3135 995 3208 ἑκπορεύεσθαί
1046 3152 1198 3203 φασι,
1239 3132 1399 3185 τοῦτο
1444 3131 1541 3199 μὲν
1591 3146 1731 3180 παν-

144 3238 318 3307 δηλου
384 3237 520 3288 πᾶσι
572 3232 756 3302 σχεδὸν
811 3229 1043 3297 ταυτησὶ
1092 3226 1193 3293 τῆς
1245 3224 1569 3289 ἀποφάσεως
1622 3220 1731 3272 τῶν

140 3331 504 3385 διδασκάλων
561 3327 752 3395 οὔσης,
787 3324 948 3376 τοῦτο
996 3322 1052 3373 δὲ
1110 3320 1205 3371 καὶ
1264 3318 1371 3370 τῶν
1423 3314 1729 3383 εἰρημένων

145 3426 363 3487 ἱκανῶς
399 3422 712 3492 ἀρκούντων
746 3420 856 3479 τοίς
889 3416 1063 3483 φίλοις
1092 3416 1189 3481 τῆς
1220 3411 1498 3480 ἀληθείας.
1535 3409 1729 3461 Καίτοι

138 3536 205 3585 γε
259 3520 314 3569 εἰ
381 3515 547 3583 μηδὲν
596 3510 819 3564 ἐκείνων
850 3508 1054 3577 εἴρητο,
1090 3506 1150 3569 ἐξ
1206 3499 1278 3557 ὧν
1321 3504 1380 3556 τὸ
1435 3501 1585 3569 παρὰ
1635 3499 1729 3551 τοῦ

141 3610 309 3673 Υἰοῦ,
350 3609 451 3659 καὶ
485 3608 547 3657 ἐκ
597 3602 693 3655 τοῦ
731 3599 859 3653 Υἱοῦ
914 3597 1169 3665 καθαρῶς
1222 3596 1315 3647 καὶ
1370 3594 1456 3645 διὰ
1518 3591 1730 3643 πολλῶν

136 3705 379 3770 ἔχομεν,
424 3698 575 3749 τουτὶ
608 3697 703 3748 καὶ
738 3694 898 3761 μόνον
932 3691 1117 3760 ῥηθὲν,
1156 3690 1231 3747 ὡς
1286 3687 1343 3737 τὸ
1400 3684 1625 3753 [Ιειιῦμα
1672 3683 1731 3735 τὸ

136 3796 305 3857 ἅγιον
374 3791 442 3841 ὲκ
499 3786 589 3839 τοῦ
645 3784 861 3853 Πατρὸς
912 3779 997 3832 διὰ
1041 3778 1132 3831 τοῦ
1168 3775 1297 3829 Υίοῦ
1350 3774 1445 3843 τὴν
1498 3771 1731 3841 ὕπαρξιν

134 3887 295 3952 ἔχει,
371 3880 558 3939 αὐτοῖς
614 3893 673 3927 τε
732 3874 797 3926 ἀν
849 3874 961 3934 τοῖς
1019 3867 1363 3928 διδασκάλοις
1421 3863 1731 3934 ἀρκούντως

134 3974 318 4046 εἶχεν,
350 3976 383 4027 ὃ
412 3974 509 4026 καὶ
542 3972 802 4040 πρότερον
836 3968 1069 4035 εῑρητιι,
1098 3964 1225 4031 περὶ
1254 3960 1353 4029 τῆς
1386 3957 1733 4027 ὑπαρκτικῆς

134 4070 392 4139 προόδου
426 4062 829 4131 διαλεγομένοις
876 4058 970 4110 τοῦ
1018 4054 1249 4122 Πατρὸς,
1283 4053 1391 4113 τοῖς
1420 4067 1476 4103 τε
1510 4048 1734 4117 ζητοῦσι

128 4137 234 4228 τήν
284 4156 567 4225 ἀλήθειαν
619 4152 772 4204 οὐδὲν
822 4148 985 4200 πλέον
1034 4146 1239 4199 ἐνέδει·
1280 4144 1315 4210 ἦ
1350 4158 1409 4193 τε
1445 4142 1549 4209 γὰρ
1583 4137 1735 4201 τάξις

129 4250 529 4320 ὁμολογεῖται,
564 4246 688 4297 ὅσον
749 4242 873 4311 ἥκει
918 4239 997 4300 εἰς
1052 4237 1150 4305 τὴν
1208 4232 1324 4295 διὰ,
1376 4234 1410 4301 ἦ
1477 4248 1534 4284 τε
1587 4230 1736 4283 αἰτία

131 4343 282 4410 μετὰ
325 4342 439 4407 τῆς
494 4333 835 4402 ζητουμένης
883 4329 1081 4392 λέξεως
1137 4325 1237 4392 τῆς
1289 4322 1592 4393 δηλωτικῆς
1638 4320 1736 4388 τῆς

130 4430 461 4500 ὑπάρξεως
512 4425 603 4477 τοῦ
639 4422 957 4490 11νεύματο;
1000 4418 1230 4487 φανερά.
1256 4416 1329 4468 Οὐ
1382 4415 1487 4481 γὰρ
1523 4412 1652 4465 ἄλλο
1682 4427 1734 4462 τι

125 4522 394 4574 ἐνταῦθα
434 4518 497 4568 τὸ
529 4513 924 4582 ἐκπορεύεσθαι
956 4509 1231 4576 ἐμφαίνει,
1260 4507 1288 4573 ἢ
1318 4507 1398 4557 ὅτι
1431 4504 1491 4556 τὸ
1512 4503 1735 4570 Πνεῦμα

1836 2040 1930 2094 sed
1970 2042 2373 2109 potentialiter;
2417 2042 2509 2109 qui
2553 2042 2669 2095 sine
2702 2043 3130 2095 commutatione
3161 2042 3244 2094 sui
3280 2059 3403 2095 ιιιιι-

1838 2133 2020 2186 tabilia
2050 2134 2281 2194 creavit.
2302 2142 2359 2186 et
2388 2144 2569 2186 creata
2591 2135 2858 2202 gubernat
2884 2150 2900 2197 ;
2934 2149 3155 2199 semper
3178 2148 3406 2186 manens

1834 2222 1977 2290 quod
2024 2235 2143 2286 est;
2202 2222 2291 2277 etti
2350 2223 2483 2276 nihil
2543 2223 2800 2277 accidens
2846 2239 2970 2277 esse
2996 2226 3219 2291 poterit,
3273 2225 3401 2291 quia

1835 2314 2067 2383 simplici
2108 2314 2419 2368 Divinitatis
2456 2323 2667 2367 naturae
2704 2314 2838 2367 nihil
2893 2314 3046 2377 addi,
3094 2314 3179 2367 vel
3231 2315 3402 2367 tuinni

1834 2414 2039 2474 potest;
2074 2407 2201 2474 quia
2232 2420 2447 2473 semper
2479 2415 2584 2471 est,
2620 2405 2765 2473 quod
2794 2413 2915 2469 est;
2969 2405 3057 2458 cui
3117 2405 3402 2472 proprium

1832 2505 1935 2560 est,
1956 2496 2041 2550 cui
2065 2496 2457 2565 sempiternum
2482 2504 2587 2557 εει,
2615 2496 2701 2549 cui
2728 2496 2869 2548 idem
2898 2504 3003 2559 est,
3022 2510 3167 2559 esse.
3193 2498 3401 2560 vivere,

1832 2597 1887 2641 ct
1918 2588 2237 2656 intelligere.
2269 2588 2329 2640 Et
2366 2588 2478 2641 hinc
2506 2588 2606 2642 tria
2634 2604 2776 2643 unus
2799 2588 2964 2652 Deus,
3001 2596 3058 2642 et
3084 2604 3229 2642 unus
3258 2588 3402 2642 Deus

1834 2682 1949 2735 hate
1978 2682 2101 2735 tria.
2119 2702 2137 2732 ι

1905 2783 2057 2837 Dicta
2118 2782 2284 2850 igitur
2333 2791 2651 2836 sanctorum
2709 2792 2788 2837 tut
2841 2791 2993 2844 sunt,
3055 2791 3221 2849 atque
3266 2782 3405 2836 adeo

1833 2876 1999 2938 clara,
2018 2891 2082 2928 ex
2110 2874 2477 2944 plurimisque
2501 2890 2670 2943 pauca
2698 2875 2945 2937 collecta,
2976 2875 3199 2927 ontnino
3222 2885 3402 2927 autem

1833 2985 2009 3037 neque
2038 2984 2175 3038 opus
2203 2980 2305 3032 est,
2346 2970 2449 3022 alia
2495 2968 2657 3025 etiam
2710 2968 3001 3029 adducere.
3045 2985 3167 3037 qua:
3236 2967 3406 3035 signi-

1835 3061 2021 3120 ﬁcent,
2050 3060 2193 3123 quod
2233 3061 2493 3114 nimirum
2532 3060 2772 3129 Spiritus
2826 3069 3051 3113 sanctus
3116 3075 3182 3112 ex
3235 3059 3397 3113 Patre

1838 3168 1938 3222 per
1998 3152 2194 3207 Filium
2259 3155 2545 3221 procedat.
2602 3161 2716 3206 tum
2779 3152 2925 3220 quod
2978 3151 3095 3205 hare
3129 3151 3404 3204 sententia

1834 3245 2119 3299 doctorum
2174 3244 2346 3297 ferme
2376 3244 2634 3297 omnibus
2658 3245 2731 3298 sit
2756 3242 3081 3305 manifesta;
3110 3242 3403 3296 tumetiatn

1837 3336 1982 3404 quod
2008 3352 2070 3390 ea
2103 3352 2225 3405 qua:
2256 3337 2403 3389 dicta
2452 3345 2602 3397 sunt.
2662 3350 2847 3388 verum
2908 3333 3221 3386 amantibus
3255 3347 3406 3386 eont—

1836 3428 1997 3483 mode
2028 3427 2323 3482 sul‘hciant.
2360 3427 2629 3493 Quamvis
2694 3425 2739 3481 si
2780 3426 2915 3479 nihil
2967 3439 3161 3478 eorum
3200 3424 3404 3478 dictum

1836 3530 1999 3577 esset.
2026 3534 2093 3571 ex
2120 3518 2324 3586 quibus
2353 3518 2487 3570 illud
2520 3534 2548 3570 a
2573 3516 2735 3577 Filio,
2763 3526 2817 3569 et
2845 3531 2911 3569 ex
2952 3515 3109 3579 Filio,
3144 3514 3312 3575 clare.
3344 3530 3406 3568 ac

1839 3609 2021 3663 multis
2072 3609 2362 3668 habemus.
2426 3624 2606 3661 nonne
2667 3608 2771 3659 hoc
2831 3606 2914 3659 vel
2953 3606 3132 3659 solum
3196 3605 3403 3659 dictum

1838 3700 1982 3768 quod
2008 3700 2243 3768 Spiritus
2268 3710 2486 3754 sanctus
2512 3716 2576 3753 ex
2604 3698 2761 3752 Patre
2790 3713 2883 3766 per
2914 3696 3106 3751 Filium
3132 3698 3407 3751 exsistcn-

1840 3792 1969 3844 tiam
2002 3792 2219 3853 habeat,
2252 3801 2363 3844 tum
2396 3792 2529 3859 ipsis
2584 3789 2905 3843 doctoribus
2954 3789 3020 3843 de
3056 3789 3407 3857 processione

1839 3882 2179 3936 substantiali
2232 3883 2408 3934 Patris
2452 3879 2875 3938 disserentibtts.
2927 3880 3063 3933 satis
3115 3888 3285 3938 esset.
3348 3887 3408 3931 ut

1840 3982 1994 4025 antea
2030 3972 2233 4026 dictum
2260 3980 2363 4030 est.
2420 3981 2532 4024 tum
2583 3971 2648 4023 iis
2680 3971 2771 4037 qui
2812 3980 3067 4037 quierunt
3105 3971 3402 4023 veritatem

1843 4061 1976 4114 nihil
2012 4061 2248 4128 amplius
2281 4060 2425 4113 foret
2456 4060 2639 4128 Opus?
2670 4058 2936 4127 siquidem
2965 4070 3021 4113 et
3042 4059 3177 4113 ordo
3201 4059 3254 4112 in
3278 4074 3409 4112 eon-

1843 4152 1985 4206 fesso
2022 4161 2124 4214 est,
2162 4152 2306 4219 quod
2341 4163 2553 4221 spectat
2579 4153 2645 4206 ad
2702 4153 3169 4221 prrepositionem,
3214 4166 3329 4218 per,
3355 4159 3410 4203 et

1843 4256 2003 4296 causa
2032 4242 2316 4295 manifesta
2357 4251 2442 4295 est
2468 4258 2574 4295 una
2602 4258 2729 4294 eum
2763 4242 3026 4303 dictione,
3057 4255 3221 4308 quam
3261 4255 3412 4307 qua:-

1844 4343 1993 4394 rnnt.
2048 4348 2170 4399 quae
2220 4332 2491 4401 signiticet
2541 4333 2932 4385 exsistentiatn
2981 4331 3243 4399 Spiritus.
3295 4330 3410 4383 Non

1844 4425 1989 4480 enim
2028 4428 2131 4476 hoc
2166 4424 2287 4476 loco
2314 4424 2597 4492 quidpiam
2646 4423 2795 4477 aliud
2841 4424 3046 4477 indicat
3092 4424 3410 4499 procedere,

1846 4532 2010 4585 quam
2040 4514 2307 4584 Spiritum
2352 4522 2603 4567 sanctum
2646 4529 2713 4567 ex
2750 4514 2907 4568 I’atre
2960 4527 3058 4581 per
3090 4512 3285 4565 Filium
3317 4526 3412 4579 per

122 4616 189 4665 τὸ
222 4615 410 4677 ἆγιον
460 4611 522 4659 ἐκ
558 4606 651 4658 τοῦ
688 4603 895 4672 [Ιατρὸς
926 4602 1013 4653 διὰ
1050 4598 1145 4651 τοῦ
1189 4597 1317 4649 Υἱοῦ
1374 4592 1723 4664 ὲκπορευτῶς

1847 4606 2068 4660 modum
2111 4603 2476 4674 processionis
2496 4603 2871 4657 exsisteutiam
2903 4605 3122 4657 habere.
3146 4602 3259 4655 Nisi
3284 4601 3411 4669 quis

120 4707 229 4774 τὴν
261 4697 526 4766 ὕπαρξιν
556 4696 668 4766 ἔχει
688 4714 702 4726 ·
735 4696 783 4746 ει
813 4695 887 4762 μή
922 4708 1003 4753 τις
1027 4691 1301 4742 διακονίαν
1338 4688 1436 4756 τὴν
1466 4686 1561 4739 διὰ
1590 4685 1736 4753 λέγει

121 4796 445 4869 napis-civ
478 4805 490 4819 '
534 4790 561 4841 ὃ
589 4787 894 4855 περιφανής
926 4786 1043 4835 ὲστι
1091 4783 1224 4850 πρὸς
1270 4781 1368 4841 τὰς
1409 4782 1580 4849 ἀρχὰς
1639 4779 1736 4847 τῆς

120 4891 402 4945 πίστεως
434 4883 534 4934 καὶ
554 4879 651 4941 τὰς
680 4877 984 4943 ἀποφάσεις
1008 4873 1117 4924 τῶν
1148 4871 1411 4937 θεολόγων
1434 4869 1731 4935 ἀντιλογία.

118 4980 200 5032 03
241 4977 367 5045 γὰρ
413 4974 488 5026 ἂν
520 4967 793 5030 οὐσιωδῶς
849 4967 969 5018 οὐδὲ
1008 4964 1252 5032 gustui);
1306 4962 1393 5014 διὰ
1460 4962 1554 5015 τοῦ
1609 4961 1736 5013 rio-5

116 5124 280 5187 quod
376 5120 434 5172 is
491 5115 771 5187 scripserit
832 5115 1038 5187 aliquot
1098 5111 1269 5187 libros
1316 5110 1395 5187 de
1438 5109 1736 5187 _Trinitate.

124 5180 360 5247 Fabius
413 5180 861 5246 Benevolentius.
913 5183 1192 5241 Senensis.
1235 5181 1325 5247 qui
1359 5180 1599 5247 quinque
1643 5193 1739 5231 ca-

118 5265 245 5330 pita
298 5256 598 5330 Gennadii
652 5270 748 5330 pro
799 5252 1115 5330 defensione
1167 5250 1407 5330 coneilii_
1442 5248 1737 5301 Florentini

117 5319 339 5385 Latina
376 5328 549 5387 fecit.
579 5340 631 5376 tn
654 5319 762 5375 illis
793 5324 1021 5375 similem
1057 5320 1239 5372 locum
1288 5319 1589 5384 explicans.
1616 5332 1739 5369 eum

113 5401 363 5456 videret
397 5394 558 5463 apud
608 5392 663 5446 S.
696 5392 960 5445 Hilarium
1011 5389 1406 5463 Pictavienseiu
1445 5387 1579 5463 ti_ih.l
1631 5388 1738 5463 tale

110 5469 411 5538 reperiri,
445 5455 643 5538 'posuit
760 5464 1005 5538 margine
1053 5458 1285 5538 alterum
1327 5456 1609 5538 lltlariuin.
1645 5455 1737 5538 qui

111 5525 312 5609 primo
363 5525 620 5609 cili-icilio
671 5525 905 5609 Nicanm'
934 5528 1274 5607 interfuerit;
1323 5526 1415 5609 sed
1449 5540 1623 5609 neque
1660 5525 1734 5578 ibi

108 5598 441 5681 reperitur
478 5602 767 5681 ttlltts..qn'i_
806 5600 906 5653 ltoc
942 5598 1158 5681 notitiae
1200 5605 1446 5673 vocetur.
1500 5605 1555 5646 ut
1610 5612 1738 5647 con-

107 5666 230 5733 stat
258 5694 296 5732 e
332 5666 857 5737 subseriptioitibus
883 5667 1121 5729 concilii,
1143 5666 1397 5737 quamvis
1416 5680 1523 5716 non
1549 5679 1738 5737 milites

106 5760 385 5804 exstent.
408 5735 594 5798 Certe
617 5740 805 5793 debuit
842 5738 1261 5791 Benevoli-ntius
1287 5735 1531 5787 iudicare
1560 5736 1737 5792 ttuhis,

106 5822 209 5873 ubi
284 5812 590 5884 repererit
619 5811 785 5884 ‘hune
825 5806 1008 5884 lietum
1063 5805 1348 5884 Hilarium.
1394 5804 1503 5884 Ego
1545 5819 1741 5855 ci-tismi

107 5874 589 5943 Benedic-tinum
618 5877 951 5932 Breviarium
969 5890 1089 5930 esse
1106 5877 1307 5941 verius,
1333 5890 1457 5929 cum
1486 5874 1598 5927 [ωε
1618 5891 1745 5927 cott-

1844 4692 1991 4745 dicat
2051 4690 2497 4759 praepositionem
2532 4707 2622 4759 per
2654 4691 3024 4744 ministerium
3085 4691 3411 4759 designare;

1839 4781 1983 4850 quod
2019 4780 2085 4833 ad
2120 4780 2384 4850 principia
2433 4782 2577 4845 liilei.
2625 4791 2680 4835 et
2702 4783 3004 4835 sententias
3034 4782 3412 4850 theologorum

1842 4871 2131 4925 manifesta
2163 4882 2248 4926 est
2275 4872 2662 4925 contradictio.
2716 4872 2834 4925 Non
2894 4872 3040 4926 enim
3078 4873 3416 4925 substantia-

1836 4964 1988 5026 liter.
2018 4977 2196 5031 neque
2226 4964 2553 5018 naturaliter
2595 4978 2694 5033 per
2722 4964 2924 5019 Filium
2955 4965 3238 5019 diceretur
3270 4979 3402 5033 pro-

1833 5111 2063 5181 junetim
2119 5120 2174 5165 et
2211 5110 2527 5181 continuata
2555 5109 2806 5165 oratione
2837 5109 2981 5178 apud
3015 5110 3116 5162 hos
3146 5110 3404 5162 doctores

1837 5180 1894 5234 et
1948 5193 2201 5234 auctores
2271 5180 2495 5233 minime
2552 5180 2934 5248 reperiantur,
2997 5186 3058 5232 ut
3127 5187 3413 5246 propterea

1839 5252 2002 5303 etiam
2033 5261 2288 5317 quartum
2338 5251 2673 5303 Breviarium
2720 5250 2994 5301 neminem
3038 5248 3169 5301 citet
3217 5256 3406 5299 aucto-

1842 5335 1977 5377 rem.
2009 5316 2131 5372 eum
2166 5321 2371 5373 nullius
2402 5320 2583 5372 omnia
2614 5320 2743 5377 sint.
2787 5318 2881 5371 sed
2911 5318 3016 5369 alia
3059 5316 3201 5383 apud
3251 5318 3410 5379 alios,

1839 5400 1895 5441 et
1924 5389 2238 5456 singillatim
2274 5390 2428 5443 illud.
2491 5404 2595 5440 non
2632 5388 2805 5440 dividi
2857 5389 3025 5456 Deum
3075 5403 3169 5453 per
3203 5394 3410 5453 partes.

1842 5468 1897 5510 et
1933 5455 2033 5510 tria
2065 5473 2186 5511 esse
2212 5475 2378 5511 unum
2417 5458 2605 5519 Deum,
2640 5466 2696 5509 et
2729 5473 2892 5509 unum
2924 5455 3091 5507 Deum
3120 5457 3215 5506 tria
3242 5473 3253 5511 ;
3284 5457 3412 5506 item

1842 5543 1948 5579 non
1980 5528 2088 5579 duo
2122 5528 2348 5589 lumina,
2386 5527 2481 5580 sed
2518 5541 2689 5579 unum
2727 5528 2909 5577 lumen
2943 5540 3200 5591 expresse
3234 5524 3416 5591 legan-

1841 5606 1928 5647 tur
1960 5598 2011 5649 itt
2042 5596 2303 5665 Gregorio
2336 5597 2681 5649 Nazianzeuo
2709 5605 2850 5647 urat.
2878 5595 2951 5647 De
2976 5594 3177 5652 Spiritu
3203 5602 3413 5653 sancto,

1842 5666 1932 5718 tibi
1995 5666 2093 5717 tria
2140 5667 2626 5731 sttbitttelligunlur
2665 5665 2957 5731 πρόσωπα,
3014 5666 3117 5716 hoc
3160 5671 3263 5723 est,
3302 5669 3416 5731 tres

1841 5750 2101 5800 personat.
2167 5730 2602 5788 Connueniorata
2652 5730 2925 5786 Breviaria
3006 5733 3051 5785 si
3103 5731 3228 5800 quis
3280 5730 3414 5783 velit

1843 5806 1957 5857 suis
2016 5805 2189 5857 Oculis
2247 5806 2499 5861 lustrare.
2534 5805 2693 5856 adeat
2750 5804 3132 5856 bibliothecztm
3186 5800 3413 5855 Patrum

1850 5874 2141 5929 Societatis
2172 5873 2295 5928 Jesu
2326 5875 2379 5928 in
2416 5874 2644 5943 Collegia
2682 5874 2926 5927 Ilontano
2958 5876 3009 5925 iu
3036 5871 3203 5930 Urbe.
