4198 6440
790 447 897 506 959
2046 436 2420 496 DEMETRII
2463 432 2771 495 CYDONH
3920 428 4033 486 960

1812 787 2399 877 DEMETRII
2488 782 2995 874 CYDONII

2131 988 2221 1043 AD
2253 984 2520 1039 ΒΛΒΙΛᾹ
2532 982 2623 1037 ιιι]
2636 982 2681 1035 ιι

1388 1152 1772 1213 EPISTULA
1873 1148 1971 1208 DE
2064 1145 2605 1206 PROCESSIONE
2698 1142 3051 1203 SPlltl'l‘US
3132 1137 3415 1199 SANCTI

1504 1294 1651 1353 (Vide
1675 1294 1806 1342 inter
1833 1299 2029 1341 mutuas
2060 1289 2293 1339 Barlaami
2320 1288 2650 1338 ettDemetrii
2674 1288 2911 1348 epistolas
2932 1274 3003 1337 in"
3021 1285 3313 1345 llarlaamo.)

808 1492 881 1504 υ·
910 1493 938 1501 —
954 1481 2542 1504 ———————9:—_='-_'—_:;—__—_===‘—.-————————
2131 1481 2254 1489 .-
2278 1476 2539 1488 ἠ’-ῤ-

1540 1482 2693 1507 __-m________w
2806 1482 2833 1483 κ
2904 1482 3037 1484 v,
3126 1482 3191 1483 κγ
3278 1482 3293 1483 γ
3604 1482 3609 1483 ,
3726 1482 3741 1483 γ

2118 1644 2688 1734 MONITUM

878 1853 951 1910 IN
997 1846 1464 1908 OltA'l'IONEM
1515 1839 1901 1903 DEME'l‘ltll
1941 1835 2266 1898 cvooxn
2314 1834 2415 1892 DE
2457 1833 2990 1892 aonm'enoo
3043 1833 3516 1893 L.\'l‘lNOltU.\I
3563 1834 3950 1894 SUBSIDIO.

1953 1988 2225 2050 (COIIBEFIS.
2257 1989 2452 2035 Auctor.
2485 1998 2615 2041 uov.,
2652 1988 2769 2030 tom.
2807 1980 2891 2039 ll.)

871 2268 941 2319 De
973 2264 1247 2318 Demetrio
1282 2261 1528 2332 Cydonio
1555 2261 1607 2315 in
1644 2261 1760 2315 lure
1792 2261 1961 2314 verba
1997 2260 2325 2314 Posscvinus
2356 2275 2420 2313 ex
2450 2261 2811 2315 Volateranno
2858 2278 2870 2314 :
2909 2260 3203 2313 Demetrius
3231 2260 3496 2330 Cydouius
3532 2259 4044 2325 lessulou-‘ernsis,

792 2365 870 2415 vir
904 2364 1080 2415 doctus
1103 2376 1247 2428 reque
1280 2376 1342 2411 ac
1366 2367 1602 2419 sanctus,
1638 2355 1820 2410 Graeca
1888 2356 2188 2425 Latinoque
2216 2358 2461 2424 facundia
2508 2358 2779 2423 pra'ditus,
2828 2373 2890 2408 ea:
2928 2357 3100 2423 patria
3144 2358 3412 2415 decedens.
3473 2356 3823 2407 Mediolanum
3874 2360 4044 2420 renit,

796 2460 882 2511 ubi
934 2458 1122 2511 litteris
1154 2456 1361 2509 Latinis
1404 2470 1464 2507 ac
1502 2452 1774 2521 theologia:
1830 2470 2045 2523 operam
2094 2453 2256 2505 dedit.
2310 2452 2366 2505 S.
2402 2453 2607 2505 Thoma:
2646 2454 2923 2522 Aquinatis
2960 2453 3114 2504 libros
3146 2454 3199 2503 in
3247 2451 3486 2505 Gra'cum
3526 2469 3822 2503 sermonem
3856 2457 4043 2515 vertit,

793 2571 912 2622 qua:
955 2556 1121 2608 rersie
1168 2554 1418 2619 hodieque
1464 2552 1519 2603 in
1569 2550 1692 2603 bibl.
1741 2549 2009 2602 Vaticana
2042 2551 2296 2601 cernitur.
2349 2548 2566 2616 Scripsit
2614 2561 2661 2603 et
2709 2561 2893 2603 contra
2943 2551 3253 2603 Eunomium
3298 2550 3361 2600 (le
3410 2547 3699 2601 Divinitate
3740 2547 3896 2607 Filii,
3932 2558 4043 2601 etc.

797 2651 1133 2719 Exstatyjus
1165 2648 1340 2701 oratio
1371 2647 1594 2701 Basilea:
1623 2647 1791 2709 edita,
1844 2646 1913 2701 de
1975 2646 2084 2699 vita
2116 2656 2172 2699 et
2220 2654 2417 2699 morte.
2457 2645 2664 2700 llabent
2708 2650 2864 2715 plura
2894 2648 3012 2715 ejus
3052 2646 3504 2700 bibliothecarum
3557 2646 3784 2697 iudices.
3844 2646 3927 2697 Ex
3982 2644 4049 2696 iis

798 2762 901 2798 una
925 2746 1042 2799 lucc
1078 2745 1209 2797 mihi
1243 2743 1419 2797 oratio
1465 2742 1736 2811 prxcipua
1768 2743 1879 2794 visa
1914 2752 2017 2805 est,
2075 2759 2137 2796 ac
2186 2757 2307 2794 meo
2354 2742 2603 2796 instituto
2641 2755 2945 2812 opportuna
2976 2759 3080 2812 qua
3130 2742 3391 2809 deinceps
3432 2758 3460 2794 a
3501 2741 3748 2795 Mannele
3782 2741 4051 2807 pra-clare

798 2843 1055 2895 illustrari
1100 2842 1376 2894 videretur
1413 2840 1637 2893 historia
1669 2837 1876 2892 Grmca.
1912 2840 2023 2892 Nec
2062 2840 2208 2893 enim
2252 2840 2487 2894 Joannes
2521 2842 2836 2910 imperator,
2874 2857 2982 2908 quo
3019 2843 3242 2894 [tornum
3279 2840 3519 2909 profecto
3565 2840 3873 2893 Demetrius
3944 2838 4051 2890 ista

796 2934 995 2996 oravit,
1034 2934 1171 2988 alius
1204 2934 1451 2986 videatur
1484 2948 1646 3001 quam
1688 2931 1930 2985 Joannes
1982 2932 2243 2985 Mannelis
2288 2934 2449 2995 Iulius,
2497 2950 2658 3001 quem
2702 2944 2758 2987 et
2805 2934 2858 2986 in
2898 2935 3223 3002 llungariam
3257 2933 3557 3001 profectum
3604 2932 3807 2985 auxilia
3852 2946 4052 2982 corro-

798 3036 1053 3093 gaturum
1092 3026 1255 3079 habet
1289 3025 1523 3080 Franzes
1547 3042 1597 3079 c.
1626 3026 1688 3079 41
1722 3042 1737 3079 :
1768 3025 1861 3077 Die
1896 3024 1963 3077 15
2004 3025 2277 3080 Novembr.
2304 3043 2433 3079 ann.
2460 3026 2620 3089 6932,
2654 3024 2849 3079 Christi
2878 3026 3029 3092 “9.5,
3055 3029 3344 3095 imperator
3365 3025 3597 3078 Joannes
3623 3028 3676 3075 in
3712 3024 4052 3092 Ilungariam

802 3120 1038 3182 transiit,
1068 3120 1232 3186 fratre
1256 3134 1349 3169 suo
1376 3116 1725 3170 Constantino
1750 3117 1973 3186 despota
2006 3119 2270 3177 instituto,
2328 3125 2376 3169 et
2427 3135 2521 3187 pro
2564 3135 2620 3171 se
2654 3121 2706 3171 in
2753 3119 2876 3171 urbe
2907 3120 3107 3173 relicto.
3143 3118 3313 3183 Quam
3344 3119 3460 3186 ejus
3512 3117 3910 3186 profectionem
3952 3131 4053 3171 nec

804 3210 1109 3265 Demetrius
1144 3210 1287 3263 silet.
1323 3206 1455 3262 Orat
1486 3210 1588 3262 ista
1621 3224 1744 3263 cum
1772 3210 1883 3279 jam
1935 3210 2128 3273 Graeci,
2163 3209 2420 3263 omnibus
2465 3226 2601 3277 pene
2648 3210 2885 3275 amissis,
2937 3210 3023 3263 vix
3070 3212 3258 3264 urbem
3295 3210 3500 3263 salvam
3542 3210 3835 3262 haberent.
3867 3210 4053 3277 Argu-

802 3314 985 3355 mento
1018 3309 1196 3355 autem
1226 3311 1371 3365 sunt,
1412 3316 1537 3354 Cum
1607 3302 1869 3355 Demetrii
1922 3301 2089 3355 animi
2147 3302 2201 3355 in
2241 3301 2465 3357 Latinos
2506 3302 2901 3371 propensioris,
2942 3312 3054 3355 tum
3108 3302 3396 3370 iniquioris
3444 3304 3496 3355 in
3534 3302 3753 3355 eosdem
3808 3304 4051 3370 plurium

800 3394 1137 3455 Graecorum,
1166 3408 1305 3462 quos
1330 3394 1367 3446 ii
1405 3394 1547 3446 ultro
1578 3408 1771 3447 eorum
1808 3408 1972 3447 causa
2005 3394 2269 3449 adeuntes
2303 3395 2566 3463 pericula,
2598 3396 2668 3448 ita
2694 3409 2835 3464 aegre
2864 3395 3218 3449 admitterent
3252 3412 3266 3448 :
3306 3396 3457 3449 velut
3508 3394 3844 3455 Turcorum,
3885 3411 4051 3462 quam

805 3490 1115 3543 Latinorum
1145 3492 1332 3559 jugum
1379 3490 1554 3544 levius
1584 3490 1867 3544 haberent.
1912 3492 2111 3545 Prmter
2141 3492 2245 3545 alia
2297 3492 2557 3546 Demetrii
2605 3502 2953 3545 monumenta
3002 3501 3181 3544 exstat
3214 3492 3383 3560 Regio
3433 3492 3621 3544 codice
3678 3492 4053 3556 prolixissima

805 3581 988 3634 “ratio
1019 3582 1109 3643 Et;
1136 3582 1225 3633 τὸν
1252 3582 1701 3650 Εὖαγγελισμὸψ
1732 3597 1836 3651 qua
1863 3582 1976 3637 fere
2003 3586 2185 3637 omnia
2225 3585 2527 3651 spectantia
2576 3586 2643 3638 ad
2693 3584 2930 3637 hominis
2981 3584 3188 3651 lapsum
3232 3600 3295 3636 ac
3343 3584 3744 3651 reparationem
3802 3585 4057 3636 luculen-

807 3673 1011 3727 tissime
1061 3684 1256 3728 tractat
1305 3690 1369 3727 ac
1413 3674 1729 3743 exsequitur
1777 3677 2167 3742 cougruentias
2214 3677 2509 3739 adducens,
2568 3678 2759 3746 quales
2816 3676 2929 3730 fere
2981 3676 3041 3729 D.
3105 3676 3340 3730 Thomas
3420 3693 3477 3728 ιιι
3533 3673 3764 3728 Summa:
3817 3694 3870 3743 p.
3930 3676 4060 3744 Ejus

808 3768 967 3822 titulo
1026 3770 1097 3825 ita
1158 3778 1243 3824 est
1295 3770 1540 3824 additum
1595 3789 1609 3824 :
1655 3771 1730 3823 Οὐ
1781 3772 1885 3841 μὴν
1929 3773 2015 3823 ἐπ’
2058 3772 2357 3841 ἐκκλησίας
2408 3774 2466 3825 ἀν

2408 3772 2945 3841 ἀναγινωσκόμενος,
3014 3772 3101 3825 διὰ
3160 3774 3219 3823 τὸ
3282 3776 3348 3841 τῇ
3415 3774 3673 3839 καθολικῇ
3750 3773 4058 3841 Ἐχκλτᾳὲει

806 3866 1312 3936 ἀποδοκιμασθῆναι
1335 3884 1350 3899 υ
1390 3866 1554 3920 "and
1614 3878 1788 3919 tamen
1815 3884 1985 3920 sermo
2011 3871 2106 3921 iste
2137 3868 2332 3938 legitur
2363 3871 2415 3922 in
2450 3871 2663 3923 ecclesia
2703 3871 2841 3938 quod
2867 3869 3178 3935 reprobatus
3207 3869 3366 3937 fuerit
3392 3870 3454 3920 ab
3494 3868 3728 3920 Ecclesia
3762 3869 4053 3919 catholica.

813 3964 935 4031 Legi
966 3980 1085 4031 ego,
1116 3978 1214 4015 nee.
1248 3963 1453 4032 aliquid
1490 3964 1543 4015 in
1582 3978 1690 4031 quo
1721 3963 1903 4017 minus
1928 3962 2133 4017 Graecis
2159 3981 2221 4017 ac
2248 3966 2449 4019 nostris
2479 3966 2790 4028 conveniat,
2819 3965 3022 4018 oll‘endi
3050 3982 3064 4017 :
3092 3980 3265 4033 eoque
3304 3964 3556 4018 existimo
3610 3962 3973 4030 reprobatum
4006 3965 4054 4013 in

809 4060 993 4113 odium
1026 4061 1284 4120 auctoris,
1317 4075 1479 4127 quem
1505 4060 1651 4112 velut
1688 4060 2062 4129 Aatwécppova
2116 4060 2288 4114 Graeci
2348 4062 2676 4115 Schismatici
2718 4061 2843 4113 odio
2897 4069 3375 4127 prosequerentur.
3409 4060 3617 4112 'Exstat
3667 4073 3803 4110 sane
3854 4059 4058 4110 ibidem

812 4158 928 4224 ejus
969 4156 1033 4207 ad
1066 4155 1539 4222 archiepiscopum
1583 4154 2129 4208 Thessalonicensem
2166 4156 2515 4211 Theodorum
2567 4157 2789 4211 Glabam
2843 4157 2961 4208 fusa
3016 4157 3146 4209 satis
3188 4155 3437 4222 epistola,
3482 4169 3588 4221 qua
3643 4168 3701 4206 se
3740 4161 3968 4222 purgat,
4000 4168 4061 4204 ac

811 4251 1059 4319 queritur
1083 4249 1149 4302 de
1180 4249 1415 4303 sinistris
1467 4249 1534 4303 ab
1563 4265 1628 4303 eo
1683 4251 1887 4319 sparsis
1950 4252 2285 4315 rumoribus,
2341 4268 2402 4305 ac
2434 4252 2635 4320 quibus
2687 4252 3000 4306 traduceret
3033 4251 3180 4305 velut
3242 4249 3600 4309 hmreticum;
3652 4261 3978 4316 promptum
4007 4265 4063 4302 se

813 4345 995 4399 doceri
1028 4344 1359 4413 signiﬁcans,
1394 4356 1453 4399 ut
1482 4346 1571 4399 ille
1626 4347 1849 4400 meliora
1897 4349 2212 4401 ostenderet
2259 4364 2321 4402 ac
2364 4350 2649 4417 probaret;
2706 4349 2846 4400 haud
2894 4365 3023 4401 vero
3059 4360 3365 4408 cessurum,
3405 4350 3465 4398 ut
3529 4345 3801 4397 nonnulla
3840 4355 4060 4414 patrum

816 4436 1021 4505 populi,
1066 4437 1296 4504 hujusve
1329 4447 1421 4490 aut
1451 4438 1595 4491 illius
1628 4439 1976 4504 auctoritate,
2008 4450 2101 4493 aut
2128 4441 2292 4495 etiam
2324 4443 2721 4510 experimento,
2748 4441 2830 4494 vel
2871 4455 3032 4494 sensu
3076 4440 3260 4508 aliquo
3311 4448 3585 4506 premeret
3620 4456 3633 4489 :
3665 4436 3879 4505 quibus
3908 4440 4067 4506 plane

821 4532 1070 4586 Ecclesiae
1099 4547 1229 4596 suae,
1262 4548 1422 4599 quam
1457 4532 1748 4587 schismate
1783 4533 2011 4587 divisam
2052 4545 2258 4601 nosset,
2293 4552 2394 4591 nec
2441 4537 2709 4605 dogmatis
2753 4538 2977 4590 omnino
3036 4550 3244 4596 sanam.
3299 4534 3686 4587 auctoritatem
3735 4532 3946 4596 elevat,
4006 4549 4065 4585 ac

817 4640 1041 4677 suorum
1072 4625 1243 4689 carpit
1279 4625 1685 4691 credulitatem,
1712 4628 1803 4694 qui
1834 4626 2206 4682 schismaticis
2265 4644 2328 4683 ac
2369 4629 2639 4683 haereticis
2686 4630 2961 4697 magistris
3013 4628 3149 4682 adeo
3184 4626 3446 4689 tribuant,
3496 4634 3549 4679 et
3600 4624 3741 4676 nihil
3799 4637 4064 4693 praetcrea

820 4716 1085 4783 reliquum
1117 4717 1280 4768 velint
1315 4716 1382 4769 ad
1424 4719 1705 4769 veritatem
1742 4718 2123 4787 indagandum.
2161 4721 2333 4786 Quam
2368 4738 2497 4791 ergo
2538 4723 2739 4777 Graecis
2790 4722 3155 4775 schismaticis
3188 4720 3409 4789 Cydonii
3451 4718 3718 4770 invidiosa
3772 4733 3981 4771 memor
3999 4719 4064 4775 ia.

820 4819 927 4860 tam
972 4806 1173 4859 Latinis
1203 4807 1525 4860 orthodoxis
1570 4818 1719 4877 grata
1770 4810 1967 4863 dcbcat
2015 4828 2135 4865 cs>e
2186 4830 2249 4866 ac
2299 4830 2483 4879 sacra;
2536 4815 2713 4882 sitque
2768 4816 2935 4880 magis
2989 4829 3020 4866 e
3078 4831 3133 4864 re
3166 4811 3472 4865 Christiana
3513 4810 3633 4877 ejus
3670 4810 3891 4877 publici
3929 4810 4066 4879 juris

818 4910 1170 4953 monumenta
1207 4900 1407 4964 facere,
1436 4917 1597 4969 quant
1634 4902 1715 4955 vel
1758 4902 2055 4969 l’hilothei,
2090 4905 2170 4957 vel
2207 4906 2488 4970 Cabasilm,
2532 4917 2627 4960 aut
2671 4908 2897 4960 aliorum
2943 4906 3253 4974 teqttaliutn,
3300 4919 3437 4972 quos
3468 4903 3605 4957 nihil
3633 4901 3894 4971 Cydonio
3930 4917 4066 4972 prae.

820 4995 1110 5049 stamiores
1139 4995 1385 5050 doctrina
1418 5008 1514 5052 aut
1542 4998 1983 5069 eloquii_nitore.
2019 5003 2301 5056 erroribus
2331 5004 2383 5055 in
2416 5003 2518 5057 fide
2559 5019 2683 5058 cum
2714 5002 3009 5058 schismate
3038 5003 3267 5056 infectos
3293 5002 3489 5070 liquet.
