4198 6440
130 382 233 443 969

1039 378 1326 441 ORATIO
1371 376 1520 438 PRO
1563 373 1924 436 SUBSlDlO
1977 373 2453 468 l.i\TlNORI_J'l\I.

3279 379 3384 441 971i

130 516 235 567 χρη
305 493 671 563 παραϐάλλειν
721 492 915 564 φθορᾲε
981 493 1140 562 εἴπερ
1173 494 1272 546 οὐκ
1321 491 1434 545 ἴσον
1493 491 1711 544 πάντων

1839 487 2038 556 ιιιίιιειη
2077 487 2220 540 haud
2250 501 2466 556 :equum
2505 485 2777 551 videatur,
2802 488 2869 542 ab
2898 490 3154 545 omnibus
3187 496 3390 561 patitet‘

126 583 261 655 ὁμοῦ
285 585 394 637 τῶν
436 583 635 648 ἔξωθεν
686 583 908 652 ἀγαθῶν
961 586 1053 638 καὶ
1079 583 1216 637 Θεοῦ
1250 583 1605 653 χωρισθῆναι·
1644 575 1707 635 οὗ

129 680 293 748 χωρὶς
326 679 477 729 οὐδέν
512 678 658 729 ἔστιν
711 677 929 729 ἐλπίσαι
961 678 1070 730 τῶν
1111 675 1349 743 ἀγαθῶν.

201 769 263 820 Et
320 768 500 820 τοίνυν
569 769 634 820 ὲκ
714 769 933 820 πάντων
992 771 1290 836 ἀναγκαῖον
1348 767 1590 835 γίνεσθαι
1653 766 1714 818 τὸ

126 861 451 928 ἀμύνεσθαι,
515 862 562 912 εἰ
624 861 723 929 μὲν
753 862 844 912 καὶ
897 863 1059 930 ἡμεῖς
1100 860 1220 912 καθ’
1254 860 1481 923 ἑαυτοὺς
1509 860 1714 929 αὐτὰρ·

126 970 243 1014 κεις
269 955 403 1022 πρὸς
435 957 524 1004 τὸν
579 950 1001 1024 πόλεμονῆμεν,
1055 954 1197 1006 τοῦτ’
1248 954 1314 1007 ἂν
1368 949 1436 1023 ἦν
1493 953 1714 1021 ἄριστον

124 1047 388 1115 καὶπρὸς
421 1046 600 1110 δόξαν,
652 1048 747 1098 καὶ
819 1048 956 1116 πρὸς
1012 1048 1074 1099 τὸ
1131 1049 1205 1117 μὴ
1267 1045 1556 1116 πόρρωθεν
1617 1048 1716 1113 τὴν

126 1134 450 1201 συμμαχίαν
517 1135 869 1202 ἁθροίζοντας
927 1137 1158 1204 πρᾶγμα
1224 1136 1390 1205 ἔχειν·
1446 1137 1566 1188 ἐπεὶ
1613 1137 1716 1205 δ’ή

122 1225 454 1294 καθημέραν
476 1226 746 1295 ῥᾳστώνη,
806 1228 902 1280 καὶ
923 1227 982 1278 τὸ
999 1228 1097 1289 τὰς
1123 1228 1401 1295 παρούσας
1423 1229 1588 1298 τύχας
1618 1244 1723 1296 μη·

121 1313 323 1366 δέποτε
364 1316 759 1385 προσδοκῆσαι,
801 1319 882 1379 εἰς
918 1317 1109 1370 τοῦτον
1139 1321 1282 1370 κατά
1315 1322 1518 1388 μικρὸν
1548 1321 1722 1391 προή-

125 1423 312 1473 γαγον
361 1410 511 1477 ἡμᾶς
563 1409 656 1460 τὸν
690 1413 936 1479 κρημνόν
980 1425 994 1440 '
1027 1412 1244 1473 πάντως
1288 1413 1408 1465 οὐδὲ
1465 1413 1549 1465 διὰ
1611 1414 1722 1465 τῶν

125 1500 386 1564 μαντίων
433 1502 628 1570 ἑτέραν
663 1504 768 1570 χρὴ
797 1503 1170 1571 προσδοκῆσαι
1201 1505 1408 1574 φωνήν,
1445 1504 1475 1572 ἦ
1507 1503 1582 1566 ὡς
1605 1507 1725 1557 ἑτέ-

125 1609 260 1658 ρους
295 1593 358 1662 δὴ
391 1593 598 1657 καλεῖν,
631 1594 757 1657 τοὺς
805 1594 906 1663 τὴν
937 1595 1082 1664 ὑπὲρ
1111 1599 1268 1664 ἡμῶν
1318 1598 1726 1667 ἀπαιτήσοντας

120 1683 310 1752 δίκην·
345 1687 468 1738 ἐπεὶ
498 1686 703 1754 ταύτην
733 1690 879 1756 ἡμᾶς
903 1689 998 1758 τήν
1043 1687 1296 1758 δύναμιν,
1363 1693 1394 1759 ή
1425 1690 1534 1744 τῶν
1592 1690 1726 1760 βαρ·

123 1775 320 1844 ϐάρων
369 1777 579 1830 τούτων
623 1779 874 1843 ἐπίθεσις
910 1782 1006 1833 καὶ
1064 1779 1349 1845 πλεονεξία
1413 1783 1722 1853 παρείλετο.

122 1869 450 1936 Σκέψασθαι
480 1871 566 1940 δὴ,
593 1871 754 1923 τίνων
779 1871 860 1923 δεῖ
883 1874 998 1935 τοῖς
1037 1873 1172 1944 ήμῖν
1204 1874 1566 1928 συνδιοίσουσι
1630 1875 1721 1929 τὸν

121 1961 375 2030 πόλεμον
399 1962 608 2023 τοῦτον.
635 1963 702 2014 ἵν’
729 1962 997 2030 ἐντεῦθεν»
1029 1966 1182 2028 τίνας
1209 1965 1426 2020 ἑλέσθαι
1460 1967 1561 2032 δέ’
1587 1966 1724 2036 γνῶ.

125 2067 302 2119 ριμον
333 2052 468 2120 ἡμῖν
495 2055 767 2124 καταστῇ.

204 2143 418 2196 Οὐκοῦν
469 2145 709 2216 ἀνάγκη,
770 2146 988 2217 πρῶτον
1033 2148 1134 2218 μὲν
1160 2147 1261 2218 τῆς
1294 2151 1423 2220 περὶ
1465 2153 1526 2204 τὸ
1557 2152 1717 2207 Θείον

117 2236 298 2304 δόξης
346 2239 478 2306 ἡμῖν
527 2240 832 2293 κοινωνεῖν,
874 2239 1182 2309 Ἀμήχανον
1235 2243 1340 2312 γὰρ
1402 2245 1530 2308 τοὺς
1595 2248 1724 2315 περὶ

119 2328 298 2381 τοῦτο
324 2331 441 2392 ταῖς
467 2331 716 2400 γνώμαις
744 2331 1130 2403 διῃρημένους,
1161 2331 1196 2385 ἃ
1239 2334 1348 2386 τῶν
1385 2334 1557 2402 φίλων
1583 2338 1720 2399 ἐστὶ,

120 2419 296 2471 ταῦτ’
328 2421 544 2474 ἐλπίσαι
599 2423 732 2474 ποτὲ
761 2424 894 2494 παρ’
923 2423 1192 2494 ἀλλήλων.
1231 2427 1465 2480 Ἔπειτα
1509 2429 1604 2481 καὶ
1636 2429 1728 2482 άλ-

120 2513 244 2574 λως
287 2514 420 2582 ἡμῖν
453 2514 689 2578 οἰκείους
721 2517 819 2570 καὶ
853 2519 1108 2588 συνήθεις
1158 2520 1462 2591 ὑπάρχεινο
1497 2521 1642 2590 λέγω
1671 2524 1727 2577 δὲ

123 2607 330 2665 κοινάς
361 2606 481 2659 ποθ’
512 2609 642 2678 ἡμῖν
675 2611 949 2674 κάκείνοις
1013 2613 1268 2678 γενέσθαι
1306 2617 1596 2684 στρατείας
1631 2619 1724 2669 καὶ

120 2698 464 2766 διοικήσεις,
493 2703 584 2752 καὶ
611 2704 707 2765 τὰς
737 2703 905 2766 ἄλλας
929 2706 1216 2772 ἐπιμιξίας
1241 2722 1252 2736 ·
1288 2708 1380 2758 καὶ
1421 2707 1560 2770 ὅλως
1587 2703 1728 2761 εἶναί

122 2881 250 2941 τοῖς
280 2880 543 2948 μηδέποτ’
569 2884 832 2954 ἀλλήλους
857 2887 1146 2954 ἐγνωκόσι,
1165 2889 1434 2960 τοσαύτην
1461 2893 1645 2954 αὐτοῖς
1669 2895 1732 2944 ὲκ

126 2973 377 3041 πρώτης
433 2976 615 3043 φιλίαν
651 2979 1085 3049 ἐγγενήσεσθαι,
1137 2981 1269 3034 ὥσθ’
1318 2983 1458 3053 ὑπὲρ
1481 2983 1732 3055 ἀλλήλων

122 3065 425 3135 αἱρεῖσθαι
457 3069 791 3123 κινδυνεύειν
839 3072 867 3123 ὃ
915 3073 1039 3142 μηδ’
1070 3075 1208 3145 ὑπὲρ
1240 3075 1352 3128 τῶν
1381 3077 1733 3146 συνηθεστά-

169 2805 186 2838 ι
229 2791 328 2839 καὶ
365 2792 628 2860 πρότερον
657 2793 716 2844 τὸ
754 2793 1030 2860 συνάγον(
1053 2797 1148 2860 Τίς
1178 2798 1290 2866 γὰρ
1320 2799 1386 2851 ἂν
1418 2800 1729 2852 πιστεύσειε
1755 2787 1759 2791 ’

1815 579 2057 633 externis
2101 577 2262 631 bonis
2288 617 2302 640 ,
2336 588 2500 646 alque
2549 594 2578 631 a
2613 579 2721 632 Deo
2753 594 3030 650 segregem
3082 583 3196 637 fieri
3223 627 3237 650 ,
3269 589 3390 643 sine

1814 685 1948 739 quo,
1977 671 2110 723 nihil
2137 671 2262 724 licet
2291 685 2515 737 sperare
2543 671 2668 725 boui

1884 763 2019 817 Cum
2050 765 2238 832 itaque
2273 763 2409 816 ultio
2453 763 2816 833 undequaque
2845 769 3151 822 necessaria
3182 769 3285 833 sit,
3316 772 3392 824 si-

1817 855 2038 924 quidem
2081 856 2183 923 ipsi
2234 871 2262 908 a
2293 857 2454 909 nobis
2486 858 2619 909 satis
2653 857 2720 909 ad
2771 859 2975 912 bellum
3025 861 3391 926 haberemus,

1817 956 1962 1001 esset
1992 947 2043 1000 id
2070 948 2294 1015 quidem
2333 949 2624 1016 optimum,
2657 964 2780 1002 cum
2802 951 2868 1003 ad
2890 953 3139 1020 gloriam,
3178 965 3292 1016 tum
3325 972 3393 1010 ne

1821 1038 2116 1092 auviliares
2142 1041 2312 1107 copia:
2341 1042 2528 1102 procul
2554 1041 2739 1096 labore
2765 1045 3163 1112 congreganda!
3185 1060 3391 1102 essent.

1823 1127 1899 1180 Ex
1930 1143 2039 1196 quo
2097 1138 2277 1182 tamen
2313 1129 2631 1196 quotidiana
2671 1133 2797 1186 vita:
2833 1134 3048 1200 laxitas,
3089 1138 3400 1203 praesentis—

1823 1234 1932 1287 que
1968 1219 2203 1273 fortuna:
2230 1235 2442 1273 summa
2474 1221 2724 1288 quaedam
2760 1224 3172 1292 incxspeetatio,
3208 1243 3275 1281 eo
3299 1242 3400 1281 nos

1831 1311 2095 1380 paulatim
2133 1311 2424 1380 pra-cipitii
2468 1315 2738 1380 provexit,
2767 1313 2908 1367 haud
2937 1316 3095 1368 aliam
3123 1317 3281 1385 plane
3311 1319 3396 1371 vel

1825 1418 1854 1454 ιι
1917 1402 2136 1456 vatibus
2175 1402 2444 1458 habemus
2500 1406 2922 1473 exspectandam
2961 1422 3180 1473 vocent,
3235 1425 3399 1476 quam

1826 1494 1964 1547 alios
1995 1494 2346 1549 advocandos
2367 1509 2511 1558 esse,
2545 1497 2639 1565 qui
2680 1510 2921 1551 nostram
2955 1499 3290 1554 ulciscantur
3318 1502 3402 1556 in-

1821 1587 2053 1655 juriam;
2084 1585 2354 1655 siquidem
2387 1587 2440 1640 id
2467 1588 2624 1642 nobis
2651 1587 2929 1644 facultatis
2960 1590 3274 1661 ademptum
3309 1606 3396 1647 est

1830 1692 1926 1744 per
1953 1677 2316 1732 Barbarorum
2345 1679 2758 1748 impressionem
2786 1696 2849 1735 ac
2887 1681 3130 1751 iniquam
3156 1685 3404 1738 vexatio-

1830 1784 1976 1822 nem.
2038 1769 2519 1825 Considerandum
2588 1773 2774 1842 itaque
2833 1789 3100 1843 quosnam
3153 1786 3406 1846 oporteat

1828 1875 1970 1924 esse,
2005 1861 2100 1931 qtti
2133 1864 2235 1916 hoc
2265 1861 2408 1917 bello
2441 1862 2572 1918 socii
2603 1863 2919 1935 depugnare
2943 1867 3201 1945 habeant,
3229 1878 3285 1922 ut
3310 1884 3402 1932 eo,

1827 1954 2049 2024 quinam
2089 1956 2200 2010 sint
2227 1957 2461 2028 eligendi
2489 1959 2840 2030 perspicuum
2867 1961 2978 2016 fiat.

1897 2139 2037 2192 Ante
2077 2138 2260 2192 omnia
2319 2137 2485 2206 igitur
2537 2153 2759 2194 necesse
2799 2143 2889 2203 sit.
2926 2154 2984 2198 ut
3026 2144 3169 2200 idem
3216 2150 3408 2204 nobis-

1827 2245 1952 2284 cum
1993 2229 2061 2284 de
2129 2229 2238 2284 Deo
2268 2230 2529 2285 sentiant.
2563 2230 2777 2303 Quippe
2811 2233 2926 2288 fieri
2969 2239 3185 2306 nequit,
3225 2250 3284 2294 ut
3314 2245 3407 2310 qui

1830 2323 1934 2378 hac
1965 2332 2119 2393 parte
2150 2322 2347 2378 animis
2373 2323 2536 2378 divisi
2583 2335 2731 2392 sunt,
2767 2342 2888 2397 qua:
2921 2339 3053 2385 sunt
3083 2333 3408 2396 amicorum.

1834 2426 2023 2470 mutuo
2057 2416 2163 2470 sibi
2210 2432 2450 2486 unquam
2483 2419 2790 2486 praestanda
2827 2434 3070 2490 sperent.
3107 2424 3245 2480 Tum
3279 2444 3410 2481 vero

1831 2518 1892 2561 ut
1921 2516 1977 2561 et
2012 2510 2150 2563 alias
2201 2511 2501 2565 necessarii
2531 2511 2664 2577 sint,
2692 2529 2755 2567 ac
2807 2517 3137 2585 quibuscum
3175 2518 3444 2576 consum-7

1830 2601 2106 2665 verimus;
2143 2609 2200 2655 ut
2234 2601 2482 2672 inquam,
2515 2607 2904 2662 communibus
2943 2613 3220 2679 quondam
3253 2615 3413 2670 bellis

1832 2708 1896 2748 ac
1931 2692 2509 2750 administrationibus
2575 2697 2748 2752 functi
2795 2701 2991 2768 simus,
3043 2720 3107 2761 ac
3157 2708 3281 2764 aliis
3326 2714 3413 2768 usi

1834 2786 2217 2851 commerciis;
2273 2801 2336 2841 ac
2391 2789 2620 2843 omnino
2667 2792 2873 2862 aliquid
2934 2798 3161 2854 exsistat
3189 2818 3415 2860 necesse

1834 2877 1927 2941 sit,
1959 2877 2105 2946 quod
2159 2889 2215 2932 et
2249 2880 2401 2948 prius
2447 2883 2661 2937 animos
2712 2883 3044 2946 devinxerit.
3078 2891 3212 2956 Quis
3264 2897 3414 2951 enim

1834 2969 2060 3023 inducat
2097 2970 2154 3024 in
2206 2971 2474 3038 animum,
2505 2973 2774 3031 hactenus
2805 2979 2952 3034 inter
2997 2996 3055 3037 se
3086 2985 3286 3052 ignotis
3318 2990 3418 3043 ho-

1838 3059 2101 3128 minibus,
2136 3072 2339 3116 tantam
2392 3080 2421 3118 a
2454 3065 2630 3132 prima
2668 3072 3060 3139 congressione
3092 3077 3415 3134 coalituram

119 3173 250 3209 των
287 3160 408 3210 ἐστὶ
441 3161 638 3229 ῥαδίως
680 3163 1054 3232 προσδοκῆσαι
1109 3167 1262 3220 ποτέ.
1301 3167 1464 3221 Ἀλλά
1495 3169 1604 3240 μὴν
1637 3172 1732 3224 καὶ

1839 3153 2159 3218 amicitiam,
2194 3167 2376 3212 utnec
2405 3173 2507 3228 pro
2551 3174 2608 3213 se
2639 3170 2831 3218 mutuo
2874 3169 3116 3234 pericula
3138 3171 3292 3226 adire
3324 3173 3418 3228 de-

125 3250 370 3320 πλήθει,
403 3255 494 3306 καί
523 3255 716 3326 τόλμῃ,
755 3257 853 3308 καὶ
886 3260 1218 3328 φρονήμασι,
1256 3262 1349 3314 καὶ
1379 3264 1442 3332 τῇ
1478 3266 1604 3332 περὶ
1633 3264 1732 3327 τὰς

126 3344 335 3411 μάχας
359 3347 621 3417 ἐμπειρίᾳ
640 3348 723 3400 δεῖ
754 3351 879 3409 τοὺς
915 3352 1260 3421 συμμάχους,
1292 3354 1400 3406 τῶν
1441 3354 1734 3424 βαρϐάρων

127 3437 433 3505 προέχειν,
475 3441 522 3490 εἰ
557 3442 802 3505 μέλλοιεν
839 3444 965 3504 τοὺς
1001 3447 1056 3496 ἐν
1080 3449 1145 3515 τῇ
1177 3447 1354 3514 οἰκείᾳ
1389 3451 1735 3516 μαχομένους

119 3531 306 3582 αὐτοὶ
340 3531 516 3600 νικᾷν,
550 3532 698 3596 ὄντες
731 3533 894 3602 ξένοι,
927 3537 1022 3591 καὶ
1054 3538 1354 3606 τρέπεσθαι
1386 3542 1511 3601 τοὺς
1546 3541 1735 3594 είωθό·

118 3637 247 3683 τας
281 3624 511 3691 κρατεῖν
531 3639 543 3652 ·
577 3625 672 3676 καὶ
719 3627 855 3695 πρός
884 3644 947 3695 γε
996 3629 1076 3681 ἔτι
1109 3630 1183 3700 μὴ
1209 3631 1418 3699 ταύτην
1449 3631 1630 3694 αὐτοῖς
1661 3630 1736 3686 εἶ-

119 3731 238 3766 ναι
277 3713 507 3783 πρώτην
551 3717 650 3784 τῆς
708 3719 844 3789 πρὸς
896 3722 1020 3783 τοὺς
1062 3723 1359 3792 πολεμίους
1408 3727 1735 3795 συμπλοκῆς

116 3806 249 3874 τὴν
273 3808 477 3877 ἀρχήν.
500 3807 664 3862 Ἀλλὰ
689 3812 784 3864 καὶ
811 3813 1080 3882 πρότερον
1114 3810 1256 3868 εἶναι
1286 3818 1494 3871 τούτων
1554 3837 1740 3872 πεπεῖ-

120 3900 452 3971 ραμένους,
489 3904 583 3954 καὶ
610 3889 679 3958 τὰ
712 3903 993 3972 φθάσαντα
1021 3908 1424 3979 κατορθώματα
1457 3913 1555 3981 τῆς
1583 3913 1737 3965 ὕστε-

117 4009 246 4062 ρον
279 3992 552 4061 ἐσομένης
588 3996 742 4066 νίκης
776 3998 1035 4068 ἐνέχυρον
1081 3997 1241 4056 εἶναι.
1280 4004 1389 4073 Τῆς
1425 4003 1481 4055 δὲ
1522 4003 1739 4074 βεϐαιό-

113 4100 346 4153 τητος,
396 4088 493 4137 καὶ
538 4087 630 4139 τοῦ
664 4088 739 4159 μή
775 4091 882 4142 τῶν
915 4091 976 4154 ἐξ
1007 4092 1184 4162 ἀρχῆς
1217 4095 1577 4165 ἐγνωσμένων
1606 4097 1733 4164 άφί-

119 4176 419 4243 στασθαι,
451 4179 551 4232 ούκ
573 4176 669 4232 οἷδ’
702 4183 856 4244 εἴτις
892 4184 1028 4250 πρὸς
1045 4187 1134 4240 τὸν
1164 4187 1404 4256 πόλεμον
1440 4191 1739 4256 ἀναγκαιο-

110 4269 325 4340 τέραν
361 4270 671 4326 συντέλειαν
710 4274 948 4343 ἡγεῖται.
1004 4277 1090 4339 Ὠς
1123 4278 1183 4330 τό
1212 4295 1273 4346 γε
1325 4279 1486 4350 ἔργον
1520 4282 1738 4352 ἁψαμέ-

112 4375 282 4420 νους
322 4359 580 4412 ἀπειπεῖν
615 4361 722 4430 πρὸ
776 4364 869 4415 τοῦ
905 4364 1094 4428 τέλους
1119 4366 1271 4419 οὐδὲν
1295 4367 1481 4438 ἕτερόν
1511 4372 1680 4432 ἐστιν,
1706 4371 1738 4440 ἢ

112 4447 301 4513 agi;
331 4445 530 4508 αὐτοὺς
559 4448 892 4514 προδιδόναι,
923 4452 1016 4504 καὶ
1069 4453 1190 4505 καθ’
1227 4455 1385 4522 ήμῶν
1419 4458 1546 4518 τοὺς
1587 4455 1744 4509 πολε-

1843 3254 2110 3312 trectcut;
2137 3249 2284 3316 quod
2310 3250 2397 3303 vix
2444 3251 2641 3321 aliquis
2673 3270 2771 3323 pro
2809 3260 3042 3313 maxime
3090 3266 3420 3320 necessariis

1841 3355 2078 3409 unquam
2135 3340 2292 3396 facile
2341 3354 2647 3413 exspectet.
2695 3347 2836 3413 Quin
2888 3360 2943 3404 et
2972 3353 3324 3411 multitudine
3363 3373 3420 3413 et

1840 3433 2067 3488 audacia
2100 3436 2430 3506 animisque,
2463 3453 2529 3494 ac
2571 3441 2648 3496 rei
2703 3441 2910 3497 bellica:
2941 3447 3139 3514 peritia
3167 3449 3422 3508 Barbaris

1841 3537 2103 3593 praestare
2137 3540 2378 3597 oportet,
2416 3543 2475 3586 ut
2510 3532 2611 3601 ipsi
2647 3536 2943 3606 peregrini,
2975 3537 3027 3591 in
3052 3554 3148 3593 sua
3177 3542 3418 3609 ipsorum

1841 3616 2064 3686 regione
2119 3632 2431 3692 pugnantes
2473 3624 2596 3680 illus
2653 3628 2849 3681 victuri
2885 3629 3015 3695 sint,
3056 3647 3120 3686 ac
3177 3634 3426 3692 victoriis

1842 3720 2094 3766 assuetos
2146 3713 2198 3766 in
2254 3713 2432 3784 fugam
2498 3718 2730 3772 versuri.
2763 3720 2842 3774 Ad
2906 3722 3022 3777 haec
3074 3725 3200 3779 item
3240 3736 3303 3781 ut
3353 3745 3422 3784 ne

1847 3801 2084 3869 primum
2141 3801 2274 3857 illud
2325 3805 2396 3859 sit
2445 3809 2850 3875 congressionis
2907 3811 3176 3868 adversus
3236 3815 3427 3872 hostes

1845 3893 2103 3955 initium;
2140 3893 2234 3947 sed
2268 3902 2324 3947 et
2349 3895 2459 3963 jam
2497 3897 2682 3950 talium
2737 3899 3042 3968 periculum
3079 3902 3334 3972 fecerint,
3359 3923 3426 3962 ae

1845 3985 2050 4052 quibus
2100 3985 2305 4054 prioria
2339 3986 2602 4052 facinora,
2630 3989 2825 4045 futurae
2872 3993 3114 4049 victorie
3156 3999 3426 4054 exsistant

1846 4076 2063 4145 pignus.
2115 4079 2436 4132 Constantia
2493 4090 2702 4146 autem,
2762 4094 2818 4138 et
2873 4094 3041 4141 utne
3097 4088 3167 4142 ab
3202 4090 3268 4144 iis
3305 4106 3426 4159 qua:

1846 4165 2006 4222 initio
2043 4169 2156 4223 visa
2205 4183 2355 4234 sunt,
2419 4173 2762 4238 recedamus,
2805 4177 2950 4231 haud
3012 4180 3137 4233 novi
3193 4197 3261 4235 an
3301 4183 3428 4251 quis

1845 4256 1976 4322 quid
2013 4260 2384 4315 necessarium
2411 4263 2587 4333 magis
2608 4265 2886 4320 existimet
2916 4267 2984 4322 ad
3012 4267 3139 4323 belli
3173 4286 3429 4326 consum-

1847 4348 2164 4403 mationem.
2214 4351 2389 4421 Atque
2451 4355 2610 4421 adeo,
2671 4367 2729 4410 ut
2788 4374 2902 4413 rem
2961 4362 3258 4429 auspicati,
3299 4372 3428 4419 ante

1848 4437 2012 4493 finem
2068 4441 2312 4496 animum
2386 4443 2864 4514 despondeamus,
2921 4450 3065 4506 haud
3130 4452 3278 4506 aliud
3334 4454 3426 4520 sit,

111 4541 322 4612 μίους
353 4539 848 4610 προσπαροξύνειν.
886 4543 993 4595 Καὶ
1022 4543 1129 4614 μὴν
1159 4545 1313 4598 οὐδέν
1345 4549 1492 4599 ἐστιν
1521 4551 1598 4610 εἰς
1631 4549 1658 4602 ὅ
1684 4567 1732 4603 τι

1847 4545 2012 4599 quam
2047 4542 2108 4586 ut
2131 4549 2233 4588 nos
2270 4534 2372 4603 ipsi
2405 4537 2723 4606 prodamus,
2758 4541 3054 4611 hostesque
3077 4543 3133 4597 in
3168 4558 3270 4597 nos
3300 4545 3429 4598 irri-

103 4633 368 4686 τούτων
417 4631 633 4703 ἑκάστῳ
701 4635 1040 4704 χρησόμεθα,
1102 4639 1402 4707 χρημάτων
1454 4639 1738 4692 ἀπόντωνο

109 4721 370 4794 μᾶλλον
437 4722 495 4775 δὲ
549 4723 625 4793 μὴ
690 4723 958 4778 πλείστων
1025 4729 1331 4797 παρόντων.
1403 4729 1574 4782 Τοῦτο
1635 4733 1743 4802 γάρ

103 4818 334 4874 ἐστιν,
411 4802 472 4862 οὗ
521 4810 709 4880 σχεδδν
766 4811 984 4866 πάντων
1051 4815 1287 4883 μάλιστα
1355 4816 1470 4880 δεῖ,
1524 4819 1616 4870 καὶ
1670 4812 1745 4871 ὧν

103 4908 258 4960 οὐκ
295 4901 550 4970 ἀφθόνως
596 4905 986 4975 ἐπιρρεόντων,
1037 4907 1252 4978 ἀνάγκη
1307 4909 1424 4978 μετ’
1481 4910 1745 4980 αἰσχύνης

103 4997 492 5065 ἀναχωρεῖν.
518 4997 609 5047 Δεῖ
642 4996 705 5064 δὴ
746 4997 1017 5050 πλουσίων
1056 5000 1189 5068 ἡμῖν
1221 5002 1316 5052 κα)⁸
1348 5002 1744 5072 μεγαλοψύχων

103 5085 500 5156 συμμάχων,
557 5085 616 5137 ού
663 5086 730 5138 τὰ
758 5086 896 5139 ὅπλα
932 5088 1112 5156 μόνον,
1145 5088 1281 5141 ἀλλὰ
1312 5091 1406 5143 καὶ
1449 5092 1572 5152 τοὺς
1604 5092 1744 5144 οἴκοι

101 5176 484 5247 Θησαυροὺς
525 5176 664 5244 ὑπὲρ
690 5176 849 5246 ήμῶν
900 5178 1200 5246 τιθεμένων
1225 5193 1240 5210 ⁸
1277 5180 1372 5232 καὶ
1404 5180 1557 5234 ταῦθ’
1591 5181 1746 5250 ὑμῶν

101 5268 292 5346 μηδ’
326 5267 688 5337 ὁόολὸν.μήτε
737 5269 1053 5339 δυναμένων
1095 5271 1219 5341 μήτ’
1244 5271 1374 5334 ἴσως
1407 5271 1748 5342 βουλομένων

95 5364 309 5432 ὑπὲρ
347 5358 461 5411 τῶν
504 5360 848 5429 πραγμάτων
900 5362 1201 5430 προέσθαι·
1235 5363 1447 5416 τοσοῦτ’
1477 5367 1748 5433 άπεσχόνο

92 5470 271 5514 των
311 5449 544 5521 μισθοὺς
586 5450 824 5515 τελέσαι,
867 5453 962 5506 καὶ
1010 5454 1104 5522 τὴν
1159 5455 1328 5525 ἄλλην
1359 5456 1454 5508 τοῦ
1505 5455 1743 5526 πολέμου

92 5545 524 5612 κατασκευὴν
546 5545 878 5615 ἐκπορίζειν.

215 5642 311 5695 Ἀ
346 5638 452 5707 μὲν
481 5636 662 5689 τοίνυν
698 5625 823 5700 τοὺς
856 5639 990 5708 ἡμῖν
1027 5640 1566 5710 συνεπιληψομένους
1602 5643 1747 5712 ἔχειν

89 5729 460 5805 προσήκει,
489 5725 582 5777 καὶ
623 5725 742 5792 μεθ’
766 5727 894 5779 οἵων
925 5728 1032 5781 τῶν
1063 5745 1120 5781 τε
1150 5729 1318 5798 τύχης
1347 5731 1440 5782 καὶ
1465 5729 1571 5781 τῶν
1595 5731 1748 5798 παρὰ

89 5829 252 5894 τῆς
320 5815 530 5886 ἀρετῆς
579 5814 822 5881 ἀγαθῶν.
889 5818 1031 5887 ὑπὲρ
1093 5819 1250 5889 ἡμῶν
1316 5821 1742 5885 κινδυνεύσουσι,

417 5912 686 5970 ΡΑτιιοι..
719 5910 837 5970 Gn.
886 5910 927 5970 L'
941 5909 1005 5970 LI
1020 5911 1087 5972 Υ.

1852 4629 2047 4676 temus.
2087 4623 2155 4676 At
2185 4639 2364 4694 neque
2394 4629 2636 4696 suppetit
2675 4647 2784 4699 quo
2826 4632 3019 4685 horum
3047 4649 3268 4702 quoque
3306 4645 3428 4689 uta-

1849 4729 1994 4779 mur,
2052 4716 2096 4769 si
2162 4722 2410 4786 pecuniae
2466 4722 2667 4787 desint,
2704 4725 2814 4778 imo
2873 4726 2980 4780 nisi
3017 4727 3200 4782 adsint
3258 4733 3428 4784 ntulta

1848 4807 2038 4874 copia;
2091 4806 2196 4862 hoc
2257 4810 2404 4863 enim
2463 4821 2550 4865 est
2608 4829 2718 4881 quo
2762 4815 2875 4868 fere
2906 4815 3153 4869 omnium
3191 4817 3429 4872 maxime

1851 4915 1989 4970 opus
2017 4908 2139 4967 est,
2175 4918 2239 4956 ac
2268 4904 2468 4972 quibus
2521 4921 2630 4960 non
2664 4909 2886 4964 abunde
2916 4910 3290 4974 afﬂuentibus,
3335 4930 3431 4967 nc-

1847 5007 2000 5046 cesse
2060 4994 2133 5048 sit
2199 4995 2460 5051 confusos
2514 4999 2793 5055 recedere.
2844 5002 3032 5071 itaque
3085 5005 3430 5061 necessarios

1850 5082 2117 5137 habemus
2172 5085 2372 5140 divites
2422 5101 2486 5140 ac
2539 5090 2863 5158 magnificos
2917 5093 3275 5158 auxiliarios,
3334 5110 3429 5163 qui

1850 5174 2052 5228 nedum
2085 5190 2258 5239 arma,
2282 5178 2376 5232 sed
2412 5190 2466 5234 ct
2489 5179 2778 5235 thesauros
2818 5181 2964 5236 domi
3001 5185 3274 5252 repositos
3305 5201 3433 5254 pro-

1850 5278 1971 5334 pter
1995 5283 2095 5321 nos
2149 5280 2352 5337 ponant
2387 5290 2401 5325 :
2441 5272 2603 5341 idque
2631 5288 2756 5328 cum
2791 5289 2908 5340 vos,
2935 5291 3003 5329 ne
3059 5275 3277 5330 obolum
3305 5279 3430 5346 qui—

1849 5356 1970 5410 dem
2033 5359 2286 5426 possitis,
2334 5376 2398 5414 ac
2459 5361 2597 5416 forte
2655 5363 2842 5418 nolitis
2894 5365 3211 5435 reipublim
3267 5382 3430 5421 causa

1848 5445 2170 5515 effundere;
2209 5459 2418 5504 tantum
2449 5451 2622 5514 abest,
2660 5461 2720 5505 ut
2751 5454 2964 5508 solvere
3005 5453 3337 5518 mercedem,
3368 5472 3433 5509 ac

1851 5541 2122 5608 reliquum
2164 5542 2289 5596 belli
2331 5553 2653 5612 apparatum
2682 5555 2964 5614 praestare.

1923 5631 2046 5688 Haec
2097 5635 2380 5690 enimvero
2437 5638 2641 5705 quibus
2697 5649 2923 5694 ornatos
2975 5647 3226 5708 oporteat
3286 5653 3431 5705 esse,

1849 5728 1942 5796 qui
1984 5727 2283 5783 nobissint
2342 5730 2563 5785 allaturi
2596 5745 2778 5800 opem,
2829 5748 3003 5801 eaque
3034 5735 3150 5786 fere
3184 5749 3289 5802 qua
3314 5732 3429 5785 for-

1852 5829 2019 5883 tunas,
2079 5835 2185 5888 qua
2234 5820 2453 5876 virtutis
2521 5823 2686 5890 bona,
2733 5824 3064 5894 quibuscum
3112 5839 3212 5892 pro
3275 5824 3432 5878 nobis

3029 5919 3102 5977 31
