4198 6440
133 423 249 483 9Ἱ3

1141 424 1427 486 ORATIO
1468 426 1619 487 PRO
1664 427 2028 488 SUBSIDIO
2069 429 2548 493 LATINORUM.

3304 428 3408 488 974

129 545 189 596 οἱ
223 559 310 609 γε,
351 542 399 592 εί
431 541 504 610 μὴ
545 542 637 595 καὶ
693 541 847 595 αὐτοὶ
880 543 998 604 ταῖς
1052 541 1354 612 ἡμετέραις
1383 546 1718 613 ,συμφοραῖς

1824 547 1994 600 rando
2046 546 2414 602 lirmavcrant.
2439 547 2520 602 Ad
2579 556 2835 602 externas
2885 557 3069 601 autem
3103 549 3411 616 expeditio-

134 637 548 704 ἀπεχρήσαντο,
583 635 675 686 καῖ
703 634 802 703 τὴν
833 633 966 704 πρὸς
1005 634 1132 698 τοὺς
1166 633 1474 705 βαρϐάρους
1499 637 1722 699 τούτους

131 727 401 795 ἀσχολίαν
429 725 742 790 πλεονεξίας
783 724 974 792 καιρὸν
1008 725 1373 794 ἡγησάμενοι,
1409 727 1578 780 πολλὰ
1611 727 1722 780 τῶν

127 817 423 885 ἡμετέρων
479 816 862 884 παρέσπασαν,
920 817 1014 868 καὶ
1043 815 1136 868 νῦν
1168 818 1255 879 ἂν,
1287 816 1478 887 ὥσπερ
1515 821 1609 872 καὶ
1660 823 1722 872 τὸ

129 910 422 977 πρότερον,
455 908 557 959 ὑπὸ
587 909 678 959 τὸν
712 909 980 977 ἡμέτερον
1002 907 1166 974 ζυγὸν
1196 906 1333 971 ἔζων
1355 925 1367 937 °
1397 912 1493 963 καὶ
1520 911 1718 963 δεσπό-

125 1020 232 1064 τας
270 1003 414 1070 ἡμᾶς
448 1001 587 1070 μετὰ
622 1001 731 1053 τῶν
761 1000 940 1054 ἄλλων
968 999 1168 1070 ᾔδεσαν
1223 1000 1314 1053 καὶ
1349 999 1536 1054 αὐτοίο
1575 1001 1602 1053 ὃ
1625 1001 1721 1053 καί⁵

129 1095 340 1162 μᾶλλον
362 1093 689 1158 δεδοικότας,
718 1092 780 1144 οὔ
812 1093 942 1145 ποτέ
981 1109 1123 1160 φημι
1165 1092 1391 1156 τούτους
1433 1093 1719 1162 λυσιτελὴ-

126 1203 254 1238 σειν
289 1188 444 1254 ἡμῖν.
480 1185 657 1238 Ἰσασι
698 1184 830 1253 γὰρ,
861 1185 927 1237 ἂν
950 1184 1018 1237 τὰ
1051 1185 1235 1237 δίκαια
1275 1185 1484 1254 κρίνειν
1519 1185 1720 1238 ἐθέλω-

126 1296 244 1343 σιν,
273 1279 348 1340 ὡς
396 1277 568 1330 πολλὰ
620 1277 728 1330 τῶν
779 1278 1068 1348 ἡμετέρων
1096 1278 1400 1347 κατέσχον,
1453 1276 1565 1329 τῶν
1613 1293 1724 1330 κω-

122 1371 370 1424 λυόντων
399 1371 500 1422 ούκ
524 1369 694 1422 ὄντων
716 1385 731 1400 ⁶
763 1363 837 1423 ὧν
870 1371 1005 1438 πρὸς
1039 1370 1232 1434 ἄλλους
1260 1369 1356 1439 μὲν
1387 1369 1544 1440 ἡμῶν
1574 1367 1723 1438 ὲχόν-

121 1481 243 1516 των
271 1464 362 1515 τὸν
393 1461 539 1527 νοῦν,
574 1462 752 1530 κύριοι
792 1463 1106 1528 νομίζουσιν
1131 1463 1348 1516 ἔσεσθαι
1379 1478 1392 1492 ·
1447 1462 1720 1514 ἀναπνεύ-

124 1575 264 1609 σασι
287 1558 365 1617 δὲ,
401 1558 550 1609 πᾶσα
575 1555 790 1624 ἀνάγκη
820 1555 852 1624 ἢ
888 1556 1206 1619 ἀποδοῦναι,
1238 1556 1270 1624 ἤ
1298 1554 1454 1607 τοῦτο
1483 1555 1559 1623 μὴ
1593 1554 1720 1622 βουο

118 1647 413 1713 λομένους,
467 1649 774 1718 πράγματα
803 1645 971 1716 ἔχειν,
1023 1647 1119 1699 καὶ
1171 1647 1407 1710 πόλεμον
1435 1646 1716 1712 δέξασθαι,

120 1742 226 1792 καὶ
257 1742 384 1809 περὶ
424 1739 531 1790 τῶν
562 1739 623 1803 ἐξ
668 1739 842 1808 ἀρχῆς
874 1737 1308 1800 κινδυνεύοντας.
1347 1735 1560 1790 Οὔκουν
1597 1738 1722 1806 βού-

118 1832 295 1884 λοιντ’
328 1833 394 1885 ἂν
441 1833 520 1894 εἰς
574 1832 674 1895 τὰς
721 1831 914 1901 τύχης
945 1832 1172 1902 ἀδηλίας
1231 1831 1561 1901 ἐμπίπτειν·
1628 1830 1721 1884 καὶ

1829 653 1946 702 nos,
1971 639 2096 708 quis
2143 653 2241 693 eos
2300 641 2450 693 novit
2497 639 2798 694 eduxisse?
2828 639 2961 707 quin
2993 639 3236 703 omnino,
3287 655 3409 708 qua:

1827 743 2018 783 eorum
2049 745 2289 798 unquam
2342 730 2606 784 memoria
2667 729 2770 784 fuit
2812 730 2864 783 in
2917 729 3163 784 seculo?
3192 729 3283 797 qui
3329 729 3410 782 ni-

1827 821 2049 882 mirum.
2081 821 2183 875 nisi
2216 832 2270 875 et
2309 821 2415 890 ipsi
2474 822 2675 876 nostris
2730 821 3043 876 infortuniis
3096 821 3278 882 abusi,
3315 837 3411 874 no-

1825 919 2106 980 stramque
2177 927 2301 965 cum
2381 911 2634 967 Barbaris
2689 915 3145 983 occupationem,
3192 913 3408 978 iniuria:

1828 1013 2041 1070 tempus
2087 1007 2212 1065 rati,
2267 1005 2434 1058 multa
2488 1020 2518 1058 e
2561 1005 2766 1058 nostris
2816 1006 3232 1068 abstraxisseut,
3262 1019 3409 1058 nunc

1824 1111 2066 1165 quoque,
2106 1098 2182 1148 uti
2219 1099 2393 1164 prius,
2427 1105 2617 1151 nostro
2667 1099 3070 1166 viverentjugo
3123 1096 3405 1165 mancipa-

1825 1189 2139 1258 ti,nosqnc
2191 1189 2465 1253 dominos,
2500 1204 2608 1242 una
2665 1205 2790 1244 cum
2828 1191 2970 1254 aliis,
3018 1192 3121 1258 ipsi
3181 1205 3401 1258 quoque

1823 1280 2050 1345 scirent,
2087 1296 2227 1349 quos
2247 1296 2343 1334 eos
2403 1280 2584 1348 potius
2617 1291 2944 1346 metuentes,
2979 1281 3118 1332 haud
3163 1295 3403 1347 unquam

1825 1372 2030 1426 nostris
2080 1372 2246 1425 rebus
2281 1372 2456 1426 dicam
2518 1373 2884 1426 consulturos.
2922 1371 3117 1426 Sciunt
3149 1370 3296 1423 enim
3347 1379 3406 1422 ut

1817 1462 1964 1532 justa
1985 1461 2234 1532 judicare
2264 1462 2458 1523 velint,
2501 1461 2672 1514 multa
2714 1477 2744 1515 c
2776 1463 2978 1516 nostris
3011 1461 3211 1532 injuria
3239 1475 3408 1514 occu-

1823 1571 2001 1624 passe.
2036 1571 2160 1608 cum
2194 1555 2328 1608 nulli
2363 1565 2547 1610 essent
2583 1557 2672 1624 qui
2724 1555 3080 1624 prohiberent
3113 1573 3125 1606 :
3169 1570 3404 1622 quorum

1824 1663 1882 1701 se
1939 1647 2194 1702 dominos
2250 1646 2363 1701 fore
2417 1648 2777 1713 arbitrantur,
2831 1649 2960 1702 dum
3027 1647 3130 1717 ipsi
3184 1648 3403 1702 interim

1823 1738 1948 1793 aliis
1998 1739 2338 1793 intendimus
2387 1741 2650 1793 animum.
2707 1740 2799 1794 Sin
2881 1752 3065 1794 autem
3132 1741 3407 1808 respirare

1825 1830 2129 1898 contingat,
2185 1829 2557 1883 necessarium
2602 1829 2848 1893 omnino,
2895 1838 2954 1882 ut
3004 1837 3100 1884 aut
3141 1829 3406 1890 reddant.

118 1924 310 1993 παρὸν
336 1924 659 1991 κερδαίνειν,
686 1924 1106 1992 ἀναγκασῦῆναί
1139 1941 1270 1976 ποτε
1325 1923 1420 1976 καὶ
1448 1921 1557 1975 τῶν
1585 1921 1721 1974 ἰδίων

1833 1931 1926 1975 aut
1955 1921 2058 2008 nisi
2098 1919 2279 1976 velint.
2320 1919 2538 1989 negotia
2589 1920 2846 1983 habeant,
2878 1936 2942 1975 ac
2990 1920 3195 1974 bellum
3237 1920 3412 1973 susci-

119 2016 492 2084 ἀφίστασθαι.
539 2014 702 2068 Ἀλλὰ
728 2016 824 2085 τὴν
856 2016 1136 2086 ἡμετέραν
1183 2016 1571 2086 κακοπραγίαν
1603 2018 1715 2068 τεῖ-

118 2127 221 2177 χος
259 2109 440 2171 αὐτοῖς
471 2102 610 2160 εἶναι
641 2108 944 2179 νομίζουσι,
975 2109 1111 2177 πρὸς
1145 2108 1205 2160 τὸ
1241 2109 1316 2178 μή
1343 2124 1396 2160 τι
1425 2107 1618 2160 παθεῖν
1649 2106 1715 2159 ἂν

119 2203 354 2265 αὐτοὺς,
391 2201 456 2254 ἄν
479 2200 600 2254 ποτ’
634 2203 950 2270 ἀνενεγκεῖν
973 2202 1318 2271 δυνηθῶμεν.
1352 2200 1474 2263 Πῶς
1500 2199 1593 2254 οὖν
1618 2200 1715 2262 τὰς
1766 2263 1768 2266 ν

125 2295 429 2366 παρούσας
459 2295 632 2363 τύχας
685 2293 1202 2362 συνεπικουφιοῦσιν
1259 2295 1411 2364 ἡμῖν,
1445 2292 1503 2346 οἵ
1538 2291 1590 2362 γ’
1625 2293 1714 2347 ἀεὶ

119 2385 339 2446 ταύτας
365 2382 623 2448 αὔξεσθαι
657 2383 896 2455 συνεχῶς
928 2381 1164 2448 εὔξαιντ’
1201 2383 1304 2447 ἄν;

124 2472 179 2530 si
225 2479 454 2548 quando
485 2478 646 2533 nobis
697 2477 928 2530 facultas
968 2474 1282 2546 cmergendi
1322 2473 1438 2540 fiat,
1501 2473 1796 2542 accipiant.

122 2575 334 2642 quibus
363 2589 580 2642 semper
605 2575 658 2626 in
685 2573 826 2626 votis
862 2572 934 2626 sit
967 2582 1026 2626 ut
1059 2572 1321 2626 continue
1353 2569 1626 2638 augeant?

205 2671 321 2724 Καὶ
358 2671 438 2724 ὅτι
464 2670 616 2723 ταῦτ’
646 2671 745 2723 οὐκ
777 2672 840 2722 ὲκ
873 2668 1149 2738 λογισμῶν
1207 2667 1369 2738 μόνον
1404 2665 1714 2736 συμϐαίνει.

137 2764 285 2817 ἀλλὰ
333 2765 426 2817 καὶ
471 2765 606 2832 πρὸς
639 2764 778 2817 αὐτὰ
823 2764 890 2817 τὰ
937 2763 1240 2833 πράγματα
1291 2760 1716 2822 ἀποϐλέπουσιν,

128 2855 315 2920 ἔξεστι
355 2858 466 2918 τοῖς
523 2857 837 2924 εἰρημένοις
872 2853 1247 2907 συντίθεσθαι.
1302 2851 1716 2920 ’Λναμνὴσοητε

131 2948 230 2999 διὰ
256 2951 436 3000 πόσων
454 2948 759 3017 πρεσϐειῶν
784 2948 920 3017 πρὸς
944 2946 1290 3016 ἀμφοτέρους
1321 2962 1387 2996 πε
1399 2945 1449 3012 ρί
1473 2945 1564 3011 τῆς
1584 2956 1718 3011 συμ-

133 3041 347 3110 μαχίας
399 3041 733 3111 διειλέχοητε
791 3041 1019 3108 ταύτης,
1073 3040 1307 3099 ποσάκις
1363 3035 1561 3097 αὐτοὺς
1627 3035 1720 3086 καὶ

127 3135 420 3198 εὐσεϐείας
455 3136 550 3187 καὶ
589 3135 785 3187 κοινῶν
814 3133 997 3202 ἱερῶν,
1029 3134 1122 3185 καὶ
1153 3133 1253 3200 τῆς
1280 3129 1444 3199 ἄλλης
1478 3127 1716 3196 ἀνεμνή-

1823 2012 1994 2081 piant,
2016 2011 2272 2079 idemque
2298 2021 2460 2078 atque
2490 2026 2520 2064 a
2558 2011 2826 2078 principio
2861 2011 3166 2080 periculum
3192 2010 3409 2064 adeant.

1823 2103 1981 2157 Haud
2012 2119 2144 2172 ergo
2184 2105 2395 2156 incerta
2420 2102 2657 2156 fortuna:
2698 2112 2908 2156 tentare
2947 2103 3118 2156 velint
3149 2144 3162 2164 ,
3200 2117 3262 2156 ac
3282 2116 3406 2155 cum

1827 2194 1965 2249 lucri
2037 2193 2256 2248 occasio
2309 2203 2588 2263 suppetat,
2636 2196 2754 2264 cogi
2812 2195 3141 2264 quandoque
3201 2202 3260 2246 ut
3313 2210 3410 2247 sua

1821 2287 1927 2358 ipsi
1968 2287 2305 2341 dimiserint.
2364 2286 2510 2351 Quin
2579 2302 2761 2340 rerum
2829 2297 3141 2340 nostrarum
3211 2287 3407 2339 malam

1819 2379 2018 2444 aleam,
2052 2380 2194 2434 muri
2251 2380 2372 2434 loco
2422 2378 2524 2434 sibi
2577 2381 2806 2445 ducunt,
2836 2391 2892 2434 ut
2944 2395 3012 2433 ne
3074 2378 3205 2448 quid
3248 2379 3402 2446 mali,

1838 2470 1941 2538 Qui
1975 2487 2106 2542 ergo
2151 2472 2403 2542 przesenti
2455 2470 2687 2524 fortunae
2745 2472 2988 2525 levamen
3026 2471 3136 2524 sint
3170 2467 3407 2530 allaturi,

1897 2663 2053 2730 Quod
2082 2672 2267 2719 autem
2298 2663 2399 2717 ista
2433 2679 2540 2716 non
2566 2678 2594 2716 a
2639 2663 2770 2716 solis
2802 2661 3229 2731 cogitationibus
3261 2662 3409 2715 acri-

1826 2757 1978 2813 dant.
2011 2756 2107 2809 sed
2148 2765 2203 2810 et
2247 2756 2394 2825 ipsas
2432 2770 2518 2810 res
2569 2763 2836 2823 Spectenl,
2875 2769 2941 2807 ex
2998 2753 3239 2822 prmt‘atis
3281 2751 3411 2804 licet

1827 2851 2119 2904 conficere.
2153 2849 2423 2905 Metuores
2468 2852 2623 2912 estis,
2672 2859 2805 2917 quot
2848 2851 2912 2902 ad
2949 2859 3210 2915 utrosque
3241 2848 3410 2901 desti-

1827 2943 1976 2995 natis
2016 2943 2227 3011 legatis,
2263 2942 2332 2996 de
2368 2942 2472 2997 hac
2521 2943 2647 2996 belli
2699 2942 2961 2996 societate
3013 2942 3180 2994 locuti
3236 2943 3408 2996 estis?

1826 3032 2051 3098 Quoties
2083 3033 2163 3086 eis
2215 3041 2270 3087 et
2323 3033 2604 3101 pietatem,
2639 3045 2696 3088 et
2727 3049 2880 3088 sacra
2914 3034 3250 3096 communia,
3282 3034 3413 3086 reli-

1824 3139 2040 3192 quaque
2072 3124 2424 3188 comme.cia,
2477 3125 2529 3176 in
2565 3123 2889 3177 memoriam
2939 3123 3280 3178 revocastis?
3309 3122 3410 3176 Er-

133 3246 275 3282 σατε
307 3229 611 3290 κοινωνίας.
645 3224 772 3295 'Ap’
793 3226 885 3279 οὖν
911 3224 1241 3296 ἐκινήθησαν
1262 3239 1276 3254 ο
1311 3222 1346 3292 ἡ
1385 3220 1492 3274 τῶν
1521 3220 1720 3290 ἡμετέ-

1831 3231 1968 3284 gone
2003 3226 2295 3283 propterea
2344 3217 2479 3268 moti
2531 3227 2702 3278 sunt,
2739 3228 2832 3268 aut
2865 3216 3044 3282 siquid
3079 3233 3175 3285 per
3207 3219 3313 3269 vim
3342 3218 3409 3270 Ii-

133 3343 253 3392 ρων
298 3323 449 3390 γοῦν,
481 3323 533 3374 εἴ
561 3340 614 3374 τι
642 3321 934 3391 βιάσασθαι
970 3316 1073 3372 οἷοί
1105 3319 1151 3370 τ’
1184 3314 1348 3387 ἦσαν,
1376 3315 1714 3384 ἀπέσχοντο;

133 3417 251 3467 Καὶ
290 3416 393 3484 μὴν
435 3414 590 3483 ἡμῶν
621 3413 722 3464 ὑπὸ
754 3411 848 3464 τοῦ
881 3413 1014 3480 προς
1046 3411 1171 3471 τοὺς
1206 3408 1518 3479 βαρϐάρους
1553 3423 1655 3459 κατ
1670 3425 1721 3454 ἰ·

129 3509 492 3575 κλυζομένων
521 3507 779 3575 πολέμου,
811 3506 906 3558 καὶ
932 3503 1200 3572 τοσαύτης
1230 3503 1538 3572 τραγῳδίας
1567 3501 1720 3569 ἡμᾶς

132 3600 538 3672 περιεστώστβ,
588 3599 849 3669 Τριϐαλοὶ
878 3598 975 3661 τὰς
1019 3598 1118 3664 μὲν
1169 3595 1279 3647 τῶν
1318 3597 1375 3647 ἐν
1409 3593 1720 3662 Μακεδονίᾳ

131 3693 352 3744 πόλεων
402 3689 709 3758 περιιόντες
740 3688 1014 3759 ὑπήγοντο
1035 3701 1049 3715 ο
1080 3685 1178 3746 τὰς
1207 3684 1286 3748 δὲ,
1332 3681 1718 3753 στρατεύματα

129 3783 626 3853 περικαθίζοντες,
696 3783 788 3834 καὶ
861 3781 1235 3852 μηχανήματα
1309 3779 1716 3848 προσάγοντες,

129 3876 336 3944 ᾕρουν·
374 3875 470 3934 τὰς
498 3873 555 3924 δὲ
590 3873 684 3924 καὶ¹
713 3871 857 3939 λιμῷ
909 3873 1341 3940 παρεστήσαντο.
1373 3866 1484 3936 Τἡν
1517 3867 1570 3919 δὲ
1605 3867 1720 3918 Μυ-

131 3964 254 4015 σῶν
293 3961 554 4030 ὡμότητα
596 3959 832 4029 χαλεπὸν
861 3959 1031 4027 ἑτέρῳ
1055 3975 1132 4026 τῳ
1163 3955 1506 4026 παραόαλεῖν
1527 3969 1541 3984 ν
1574 3954 1626 4005 οἵ
1654 3969 1718 4020 γε

128 4053 239 4113 τὰς
281 4051 688 4120 χειμαζομένας
738 4048 847 4098 τῶν
909 4047 1196 4115 ἡμετέρων
1254 4043 1462 4096 πόλεων
1510 4040 1719 4094 τοσοῦτ’

129 4145 369 4213 ἀπεῖχον
393 4142 628 4210 ἀνέχειν,
656 4139 796 4192 ὥστε
830 4139 926 4198 τὰς
957 4137 1057 4206 μὲν
1084 4135 1376 4206 ἔπραττον,
1410 4134 1556 4195 ὅπως
1588 4133 1718 4202 ῥᾷον

125 4232 465 4292 ἁλώσονται,
499 4227 656 4280 τοῦτο
689 4229 796 4296 γὰρ
823 4226 1007 4286 αὐτοῖς
1044 4224 1297 4292 ἡδύνατο,
1322 4224 1381 4273 τὸ
1405 4221 1542 4291 μήτε
1569 4219 1716 4272 σίτου

136 4323 492 4394 μεταδιδόναι
521 4320 745 4379 ταύταις
780 4315 1101 4379 πεινώσαις,
1137 4315 1336 4377 αὐτοὺς
1365 4315 1422 4366 ὲν
1462 4313 1718 4380 ἀφθόνοις

131 4419 470 4485 διάγοντας·
503 4412 600 4475 τὰς
641 4411 685 4463 δ’
731 4409 906 4473 αὐτοὶ,
963 4409 1353 4478 στρατεύματα
1408 4408 1718 4475 πέμποντες

131 4512 239 4564 καὶ
301 4504 638 4577 στρατηγοὺς
693 4502 952 4566 οἰκείους,
992 4499 1330 4568 ἀνέστησαν·
1374 4499 1469 4551 καὶ
1514 4497 1583 4551 τὰ
1618 4499 1718 4565 μὲν

1824 3307 1936 3357 cuit
1977 3320 2214 3367 nocere,
2267 3320 2298 3358 a
2347 3305 2554 3358 nostris
2598 3305 3025 3357 abstinuerunt?
3090 3306 3409 3362 Enimvero.

1825 3398 2114 3452 barbarico
2138 3398 2355 3453 obrutis
2391 3398 2554 3462 bello,
2582 3414 2645 3452 ac
2670 3413 2796 3451 cum
2833 3408 2978 3451 tanta
3013 3413 3113 3452 nos
3143 3399 3409 3452 malorum

1822 3489 2204 3544 circumstaret
2253 3488 2792 3557 tragmdia,Tribali,
2829 3490 2963 3543 alias
3023 3490 3246 3558 quidem
3307 3492 3411 3544 cir-

1823 3590 2150 3635 cumeuntes
2185 3580 2512 3635 Macedoniae
2542 3581 2704 3634 urbes
2738 3581 3047 3636 defectione
3087 3583 3410 3648 tentabant;

1821 3672 1952 3725 alias
1988 3671 2224 3726 admotis
2271 3670 2606 3727 exercitibus
2637 3687 2700 3724 ac
2744 3672 3008 3726 n-aehinis
3048 3675 3406 3742 occupalant,

1826 3765 1961 3818 alias
1985 3765 2220 3833 denique
2241 3765 2292 3818 in
2324 3765 2483 3818 famis
2509 3763 2787 3833 angustias
2808 3765 3113 3820 mittebant.
3135 3765 3410 3835 Mysorum

1821 3866 2002 3910 autem
2037 3856 2441 3920 crudelitatem,
2467 3857 2551 3908 vix
2587 3858 2791 3910 habeas
2825 3857 2913 3911 cui
2935 3857 3028 3910 alii
3054 3873 3411 3926 comparave-

1826 3949 1916 4002 ris.
1955 3948 2188 4001 Tantum
2220 3948 2381 4017 plane
2411 3950 2622 4013 aberat,
2648 3961 2709 4003 ut
2745 3965 2811 4004 ne
2840 3951 3059 4020 jac-tatis
3085 3962 3409 4020 tempestate

1825 4039 2026 4094 nostris
2049 4039 2276 4094 urbibus
2299 4039 2556 4108 praesidio
2582 4051 2787 4108 essent,
2810 4052 2866 4096 ut
2886 4043 3021 4098 alias
3043 4045 3410 4114 quidetn,quo

1823 4129 1982 4183 facile
2027 4139 2378 4198 caperentur,
2424 4131 2752 4184 venderent.
2801 4132 2914 4185 lloc
2943 4133 3091 4186 enim
3121 4135 3186 4187 iis
3219 4150 3409 4202 prom.

1823 4228 1977 4288 ptum
2038 4228 2174 4274 erat.
2209 4219 2356 4288 quod
2389 4218 2533 4272 fame
2592 4220 2796 4289 pressis
2839 4225 3204 4277 necessariam
3236 4241 3410 4280 anno-

1824 4323 1969 4375 nam,
2006 4319 2312 4363 commeatu
2353 4309 2455 4378 ipsi
2514 4309 2822 4374 affluentes,
2863 4328 2972 4364 non
3029 4313 3364 4382 impertirent
3391 4357 3405 4380 ,

1822 4400 1957 4454 alias
2013 4398 2234 4454 sibimet
2289 4401 2392 4470 ipsi
2443 4401 2722 4458 submisso
2798 4404 2971 4458 milite
3025 4419 3088 4458 ac
3148 4405 3402 4470 ducibus,

1823 4492 2075 4560 proprias
2125 4503 2471 4558 assererent,
2497 4509 2560 4547 ac
2591 4494 2815 4562 quidem
2857 4510 2954 4563 per
2989 4512 3047 4549 se
3081 4497 3183 4565 ipsi
3218 4514 3407 4553 muros

129 4602 299 4671 τείχη
321 4600 389 4652 δι’
418 4596 627 4651 ἑαυτῶν
664 4591 809 4665 εἶχον
836 4636 850 4659 ,
891 4593 982 4646 καὶ
1027 4591 1270 4662 φρουρὰς
1297 4591 1484 4652 αὐτοῖς
1508 4591 1714 4655 οἰκείας

1824 4585 2099 4648 tenebant,
2137 4599 2201 4638 ac
2244 4585 2465 4654 propria
2518 4586 2930 4640 constituebant
2969 4589 3262 4657 prwsidia’,
3304 4592 3377 4646 mi

131 4695 583 4766 ἑγκαθίστασαν·
634 4692 759 4751 τοὺς
787 4689 847 4742 δὲ
887 4686 1270 4755 ταλαιπώρους
1306 4688 1600 4756 οἰκήτορας
1635 4685 1721 4738 ἀεὶ

129 4781 531 4842 δουλεύσοντας
579 4781 793 4849 ἀπῆγον
823 4776 899 4838 εἰς
922 4775 1023 4843 τὴν
1064 4773 1263 4827 αὐτῶν.
1303 4775 1413 4828 Καὶ
1448 4772 1542 4825 νῦν
1575 4777 1723 4841 ὁμω-

133 4877 350 4943 νύμους
406 4871 503 4940 μὲν
565 4871 684 4931 ταῖς
740 4865 1040 4936 ἡμετέραις
1091 4864 1313 4916 πόλεσιν
1351 4863 1517 4926 ἄλλας
1573 4858 1720 4915 οὗτοι

134 4963 428 5024 συνοικίας
461 4963 552 5013 ἐπ”.
583 4961 680 5029 τῆς
717 4958 896 5012 αὐτῶν
937 4957 1145 5026 ᾤκισαν
1178 4956 1244 5009 δι’
1274 4955 1451 5008 αὐτῶν
1475 4969 1488 4983 ⁸
1521 4957 1720 5023 φόρους

134 5057 197 5108 δὲ
229 5052 522 5114 τοσούτους
553 5051 894 5116 ὲκλέγουσιν,
935 5048 1078 5099 ὅσων
1109 5046 1220 5099 οὐδ’
1255 5047 1395 5098 ἂντὸ
1429 5046 1721 5098 πολλοστὸν

133 5142 468 5214 εἰσέπραξεν
504 5145 546 5211 ’ἡ
591 5141 701 5194 τῶν
742 5139 1035 5209 βαρϐάρων
1079 5136 1465 5206 ἁπανθρωπία.
1529 5137 1720 5190 Καίτοι

130 5237 320 5294 ταῦτα
350 5234 654 5298 ποιοῦντες,
700 5234 802 5302 οὐχ
827 5233 974 5302 ἡμᾶς
1010 5232 1106 5300 μὲν
1135 5230 1382 5297 ἠδίκουν,
1429 5230 1610 5292 αὐτοῖς
1664 5229 1720 5282 δὲ

137 5329 472 5384 συνοίσοντα
531 5325 914 5378 ἐϐουλεύοντο·
979 5324 1112 5376 ἀλλὰ
1143 5321 1398 5375 τοσοῦτον
1445 5321 1537 5374 τοῦ
1585 5324 1720 5391 πρὶς

135 5423 295 5494 ἡμᾶς
326 5419 512 5488 μίσους
545 5419 726 5478 αὐτοῖς
755 5417 972 5484 περιῆν,
1023 5413 1149 5466 ὥσθ’
1187 5414 1327 5482 ὑπὲρ
1354 5413 1448 5464 τοῦ
1484 5413 1551 5466 τὰ
1584 5415 1720 5483 ἡμέ-

131 5534 278 5586 τερα
309 5513 512 5565 κακοῦν
535 5509 769 5583 ᾑροῦ;ιτο
809 5510 902 5560 καὶ
927 5508 1082 5560 αὐτοὶ
1122 5505 1188 5558 τὰ
1208 5508 1381 5558 οἰκεῖα
1410 5507 1720 5572 προσαπολ-

127 5613 323 5661 λᾷναι.
365 5609 460 5668 "A;
509 5609 616 5674 γὰρ
671 5604 945 5674 ἡμετέρας
998 5602 1155 5654 αύτιὶ
1203 5597 1456 5669 διῴκιζον
1510 5601 1714 5666 πόλεις,

126 5698 303 5755 αὗται
338 5702 405 5769 τῇ
455 5699 660 5750 τούτων
693 5698 813 5748 ἀντὶ
842 5696 1054 5764 τείχους
1103 5693 1386 5761 ἐγίγνοντο
1409 5711 1420 5722 ·
1479 5695 1574 5746 καὶ
1604 5697 1716 5756 τοῖς

128 5792 440 5861 ἕὄειρὸάροις
494 5788 749 5857 ἀσχολίαν
802 5789 1182 5857 παρέχουσαι,
1240 5786 1455 5854 μέλλειν
1496 5788 1714 5838 ἐποῖουν

127 5886 329 5944 αὐτοῖς
366 5883 424 5934 τδ
462 5883 647 5946 κακὸν,
673 5883 792 5934 ἀντὶ
840 5880 932 5932 τοῦ
965 5884 1240 5949 παρεῖναι.
1273 5878 1554 5948 Δῆλονδέο
1591 5879 1707 5931 τούς

1824 4690 1977 4729 seros
2038 4684 2219 4729 autem
2283 4679 2520 4740 incolas,
2586 4688 2864 4746 perpetuae
2927 4680 3059 4749 jugo
3120 4682 3405 4738 servitutis

1824 4770 2096 4836 addictos,
2131 4788 2159 4824 a
2201 4770 2376 4841 patria
2428 4773 2798 4827 abducebaut.
2837 4774 2942 4828 Sed
2981 4785 3033 4830 et
3091 4776 3275 4840 modo,
3301 4794 3400 4830 no-

1823 4862 1949 4914 stris
2001 4861 2328 4932 coguomina
2385 4862 2614 4917 urbibus
2652 4864 2852 4932 oppida
2884 4865 2936 4917 in
2981 4866 3096 4920 suis
3130 4865 3230 4934 ipsi
3259 4869 3404 4920 sedi-

1827 4953 1928 5008 bus
1959 4969 2055 5022 per
2090 4970 2186 5008 eos
2217 4962 2644 5021 exstruxerunt,
2672 4966 2893 5024 tamque
2939 4957 3200 5010 immensa
3237 4958 3404 5011 vecti-

1824 5047 1963 5116 galia
2017 5047 2301 5116 colligunt,
2343 5057 2400 5101 ut
2455 5063 2524 5102 ne
2567 5050 2851 5114 exigendis
2899 5050 3265 5104 Barbarorum
3306 5055 3354 5103 in
3380 5083 3406 5096 -

1824 5138 2056 5191 inanitas
2097 5139 2286 5192 multis
2334 5141 2585 5208 partibus
2619 5141 2685 5194 ad
2742 5158 2804 5194 ea
2869 5142 3114 5196 accedat.
3159 5141 3399 5196 Tameti

1826 5231 1940 5284 haec
1973 5241 2220 5299 agentes,
2270 5231 2414 5284 haud
2482 5233 2553 5286 ita
2596 5233 2892 5298 habebant,
2928 5248 2984 5288 ut
3035 5250 3135 5290 nos
3176 5236 3398 5304 quidem

1825 5321 2108 5387 larderent,
2147 5323 2252 5377 sibi
2286 5334 2466 5378 autem
2501 5326 2648 5393 quod
2680 5342 2709 5380 e
2738 5343 2793 5380 re
2821 5338 2967 5381 esset
2994 5328 3349 5382 consulerent
3387 5352 3397 5381 :

1823 5415 1954 5481 quin
2002 5415 2113 5469 imo
2142 5430 2205 5468 ea
2257 5416 2311 5469 in
2351 5432 2451 5470 nos
2507 5418 2821 5472 ferebantur
2846 5420 2957 5474 odii
2990 5423 3398 5490 exsuperantiz,

1825 5516 1883 5561 ut
1909 5508 2072 5561 modo
2102 5518 2364 5563 nocerent
2394 5511 2618 5573 nostris,
2654 5529 2748 5565 sua
2792 5514 2893 5576 ipsi
2929 5515 3160 5567 libentes
3192 5517 3401 5584 pariter

1824 5600 2137 5667 perderent.
2164 5599 2310 5664 Quas
2364 5602 2513 5655 enim
2559 5603 2631 5655 illi
2685 5612 2904 5659 nostras
2935 5605 3271 5674 dissiparunl
3306 5622 3402 5660 ut-

1823 5693 1939 5754 bes,
1969 5707 2158 5746 eorum
2192 5693 2419 5748 sedibus
2452 5697 2590 5749 muri
2625 5696 2745 5750 loco
2795 5708 2987 5762 erant,
3023 5699 3399 5767 Barbarosqnss

1821 5793 2178 5850 occupantes,
2229 5785 2474 5839 futurum
2523 5790 2624 5850 eis,
2681 5790 2802 5840 loco
2855 5789 3135 5858 praesentis
3195 5793 3396 5844 malum

1822 5879 2115 5934 faciebant.
2173 5885 2246 5935 At:
2311 5883 2484 5950 liquet
2546 5903 2556 5936 :
2622 5885 2689 5937 iis
2738 5887 2882 5939 enim
2935 5887 3000 5941 de
3037 5886 3250 5952 lruetia,
3287 5888 3442 5958 jam-
