4198 6440
780 460 838 479 Ην

745 479 847 517 Hii)

1981 452 2358 515 DEMETRII
2421 454 2727 516 CYDONll

3910 456 4021 517 976

743 568 966 638 quidem
1002 566 1302 621 Trinabum
1364 570 1638 633 muniunt,
1670 566 1888 635 aliaque
1918 568 2156 621 obsessa:
2201 568 2318 626 urbi

2428 584 2535 621 των
2566 567 2673 635 γὰρ
2697 566 3121 638 καθῃρημένων,
3143 567 3409 636 Τρίναϐον
3439 568 3535 636 μὲν
3560 568 3660 639 ἤδη
3684 568 4017 638 τειχίζουσι,

744 660 1001 729 prazsidio
1053 661 1238 714 futura
1268 660 1560 723 inducunt,
1594 658 1673 711 sic
1723 657 1936 727 liquido
1968 660 2111 728 quod
2147 660 2320 714 inter-

734 755 881 823 jacct
910 753 1183 822 Mysorum
1209 761 1292 805 est
1332 751 1544 820 praeda,
1593 748 1816 803 Barbari
1852 760 2063 813 autem,
2089 750 2321 806 liberius

738 862 935 899 eorum
995 845 1257 899 invadent
1303 856 1499 905 terras,
1532 859 1695 913 quam
1726 844 1909 897 colant
1947 859 2110 905 suas,
2140 859 2322 899 nune-

740 954 846 1007 que
890 939 1024 992 alias
1080 938 1180 1006 ipsi
1247 945 1500 1006 quaerunt
1548 936 1725 1001 sedes,
1775 944 2033 1005 tanquam
2076 934 2212 989 nihil
2251 934 2320 990 ab

743 1033 985 1088 hostium
1013 1032 1235 1086 sedibus
1265 1046 1393 1086 suas
1421 1030 1645 1085 differre
1674 1029 1925 1085 credant.

811 1216 996 1267 Hosne
1016 1226 1168 1280 ergo,
1198 1226 1330 1278 rogo
1359 1218 1430 1273 te,
1463 1209 1591 1264 belli
1622 1211 1802 1265 socios
1832 1209 2077 1263 vocaturi
2105 1223 2320 1275 sumus,

736 1306 937 1375 quibus
984 1304 1028 1357 si
1075 1302 1207 1372 quid
1241 1301 1398 1356 nobis
1441 1301 1726 1355 infortunii
1766 1301 1995 1365 accidat,
2030 1299 2320 1353 commodo

735 1398 807 1449 sit.
846 1411 1163 1457 eeSSurutn,
1204 1409 1451 1462 quosque
1507 1393 1663 1445 malis
1712 1392 1941 1454 nostris,
1971 1406 2163 1446 omnes
2196 1406 2321 1460 pro-

736 1502 923 1545 vectos
978 1489 1191 1544 sciant?
1239 1488 1509 1541 Caeterum
1574 1486 1704 1555 quid
1753 1501 1815 1539 ea
1862 1485 2013 1539 dixi?
2067 1484 2320 1552 Optimus

734 1583 881 1636 enim
930 1590 1119 1633 noster
1171 1580 1494 1649 imperator,
1521 1589 1644 1647 post
1679 1578 1881 1631 multas
1920 1577 2219 1647 legationes
2257 1592 2320 1629 ac

735 1676 966 1728 collatos
994 1688 1301 1733 sermones,
1338 1673 1540 1740 quibus
1597 1672 1648 1723 in
1702 1672 1828 1724 belli
1865 1672 2185 1724 societatem
2223 1670 2321 1722 ad-

734 1763 1017 1817 ducendos
1049 1763 1324 1832 Sperabat,
1373 1761 1550 1828 ipsum
1595 1760 1788 1823 ﬁlium,
1823 1759 2040 1827 imperii
2072 1758 2317 1811 futurum

733 1870 1136 1915 SIICCBSSUI'CIII,
1163 1852 1229 1906 ad
1268 1854 1582 1922 nuptiarum
1630 1852 1835 1905 fmdera
1885 1866 2009 1905 cum
2046 1850 2315 1920 principis

2429 661 2524 712 καὶ
2550 660 2697 713 τᾶλλ’
2736 653 2811 713 ὧν
2865 660 2945 712 δεῖ
2982 662 3093 721 τοῖς
3136 659 3640 729 πολιορκουμένοις,
3689 661 4015 727 εἰσάγουσι·

2427 750 2601 812 οὕτως
2632 752 2892 820 ἄντικρυς
2910 751 3114 804 Μυσῶν
3144 751 3261 803 λεία
3286 751 3345 803 τὸ
3373 752 3600 821 μεταξύ.
3628 754 3687 804 Οἱ
3719 752 3772 804 δὲ
3808 752 4020 820 βάρϐα-

2430 860 2510 912 ροι
2551 843 2688 910 μετὰ
2731 842 2973 907 πλείονος
3003 843 3187 897 ἐπίασι
3211 845 3308 916 τὴν
3342 845 3546 906 αὑτῶν,
3606 846 3638 914 ἢ
3673 844 3891 897 οἰκοῦσι
3915 846 4016 913 τὴν

2426 936 2607 988 αὐτῶν
2629 952 2642 966 ⁸
2687 938 2781 988 καὶ
2815 935 2909 989 νῦν
2941 938 3110 1007 ἄλλην
3147 935 3402 1006 ζητοῦσιν
3444 939 3511 1007 ἢν
3551 939 3840 1005 οἰκήσουσι
3873 936 3979 1005 γῆν
4001 954 4013 965 ·

2425 1029 2498 1089 ὼς
2529 1028 2630 1096 τήν
2675 1045 2737 1094 γε
2775 1028 2914 1083 ἰδίαν
2961 1029 3112 1082 οὐδὲν
3150 1029 3251 1099 τῆς
3285 1030 3553 1099 πολεμίας
3607 1030 4015 1082 πεπιστεύκασι

2424 1119 2728 1187 διαφέρειν.

2495 1212 2729 1275 Τούτους
2752 1216 2952 1276 τοίνυν,
2983 1216 3105 1267 εἰπέ
3161 1234 3272 1284 μοι,
3309 1215 3611 1284 καλέσομεν
3660 1215 4015 1283 συμμάχους,

2422 1300 2525 1368 οἷς,
2545 1306 2609 1358 ἄν
2636 1322 2689 1356 τι
2724 1308 3067 1377 πταίσωμεν,
3089 1307 3307 1377 εὕρημα
3331 1310 3565 1375 γίνεται,
3600 1308 3692 1359 καὶ
3717 1308 3814 1368 οὓς
3846 1307 4016 1360 ᾶπαν-

2423 1415 2510 1459 τες
2544 1399 2727 1450 ἴσασιν
2788 1401 2851 1452 ἐκ
2882 1401 2991 1452 τῶν
3040 1402 3329 1469 ἡμετέρων
3387 1401 3571 1454 κακῶν
3619 1401 4013 1469 ηὑξημένους;

2426 1490 2617 1543 Καίτοι
2653 1490 2703 1541 τί
2731 1490 2904 1544 ταῦτα
2932 1485 3119 1557 εἷπον;
3175 1493 3234 1544 '0
3263 1493 3370 1561 γὰρ
3402 1493 3577 1545 πάντα
3612 1494 3840 1562 ἄριστος
3869 1492 4014 1560 βασι-

2423 1582 2570 1646 λεὺς,
2598 1585 2623 1635 ὁ
2650 1584 2943 1652 ἡμέτερος,
2969 1584 3131 1653 λέγω,
3165 1586 3304 1652 μετά
3342 1586 3542 1648 πολλὰς
3577 1586 3891 1657 πρεσϐείας
3924 1588 4014 1638 καὶ

2423 1674 2636 1741 λόγους,
2668 1670 2746 1737 οἷς
2772 1676 3003 1745 ἤλπισεν
3035 1679 3230 1740 αὐτοὺς
3258 1680 3337 1740 εἰς
3362 1683 3461 1749 τὴν
3490 1680 3819 1747 συμμαχίαν
3849 1697 4015 1747 προσ-

2424 1766 2670 1832 άξεσθαι,
2692 1767 2788 1820 καὶ
2814 1769 2905 1820 τὸν
2937 1767 3051 1821 υἱὸν
3070 1767 3237 1821 αὑτοῦ
3262 1769 3353 1823 τὸν
3396 1771 3513 1839 μετ’
3546 1756 3708 1823 αὑτὸν
3760 1770 4011 1840 βασιλέα,

2422 1860 2520 1930 τὴν
2557 1860 2831 1931 θυγατέρα
2864 1860 2959 1912 τοῦ
2989 1861 3191 1913 Μυσῶν
3214 1862 3473 1931 ἄρχοντος
3506 1864 3793 1932 ἠνάγκασε
3826 1865 4017 1930 γυναῖ-

734 1950 1003 2019 Mysorum
1054 1947 1197 2011 lilia,
1244 1955 1441 2014 putans
1497 1946 1577 1997 sic
1640 1944 2056 2013 pelliciendum,
2114 1942 2315 2011 adegit.

2424 1971 2492 2005 κα
2522 1953 2725 2018 λαϐεῖν,
2758 1952 2932 2024 ταύτῃ
2964 1955 3167 2023 μᾶλλον
3182 1956 3428 2025 οἰόμενος
3463 1956 3625 2009 αὑτὸν
3652 1956 4013 2023 ἐφέλκεσθαι.

733 2044 897 2110 Atqui
936 2042 1121 2094 sciunt
1158 2054 1371 2098 omnes,
1421 2053 1583 2103 quam
1622 2037 1727 2089 hoc
1775 2036 2117 2106 coniugium,
2143 2037 2317 2104 impc-

734 2137 899 2189 ratori
987 2133 1210 2201 quidem
1279 2132 1539 2185 dedecori
1622 2130 1823 2194 fuerit,
1874 2146 1936 2184 ac
1988 2130 2315 2200 abjectioni,

731 2243 1008 2299 quamque
1044 2227 1120 2279 illi
1157 2224 1342 2294 glori-.e
1373 2239 1435 2277 ae
1481 2223 1785 2292 splendori.
1822 2223 2035 2292 Ergone
2067 2231 2213 2276 tanta
2250 2222 2320 2277 ab

734 2321 1066 2390 imperatore
1093 2319 1266 2387 gratia
1300 2316 1512 2381 donati,
1540 2314 1761 2369 reveriti
1794 2324 1921 2370 sunt
1963 2314 2315 2381 beneﬁcium,

734 2429 798 2467 ae
824 2413 906 2466 vel
943 2410 1234 2464 minimum
1288 2409 1420 2478 quid
1469 2409 1536 2462 ad
1578 2407 2047 2463 remunerationis
2078 2407 2317 2477 speciem

733 2506 990 2559 conferre
1023 2503 1372 2572 cogitarunt?
1404 2500 1558 2555 Haud
1598 2501 1758 2569 plane
1790 2519 1803 2554 :
1841 2500 2056 2554 tametsi
2082 2500 2318 2555 necdum

733 2598 1023 2652 conciliata
1057 2595 1339 2661 aﬂiuitatc,
1370 2596 1553 2650 omnia
1591 2594 2027 2665 pollicebantur;
2060 2609 2123 2648 ac
2154 2602 2318 2663 quot-

734 2698 868 2757 qttot
904 2687 1169 2757 promissa
1211 2685 1555 2740 ﬁrmantibus
1595 2700 1788 2739 eorum
1827 2685 2191 2739 sacramentis
2225 2682 2323 2737 ad-

735 2779 1000 2833 hibebant
1048 2778 1313 2843 animum,
1346 2778 1613 2846 optimum
1652 2777 1840 2831 iniisse
1894 2776 2186 2830 consilium
2223 2776 2322 2830 im-

736 2882 1048 2940 peratorem
1103 2869 1461 2923 aliirniarent.
1510 2869 1808 2922 Enimvero
1844 2884 1967 2922 cum
2022 2869 2321 2923 necessitas

732 2969 978 3021 vocaret,
1038 2972 1105 3010 ne
1164 2957 1372 3017 navim,
1434 2972 1503 3010 ne
1560 2960 1823 3026 equitem,
1887 2972 1955 3012 ne
2014 2958 2320 3027 simplicem

733 3044 989 3107 militem,
1024 3058 1091 3097 ne
1131 3058 1297 3097 unum
1352 3042 1575 3096 obolqu
1634 3045 1984 3113 protulerunt
2024 3062 2037 3096 :
2081 3048 2213 3114 quin
2249 3046 2321 3100 ita

734 3138 790 3192 in
826 3138 987 3189 liuent
1020 3151 1191 3205 usque
1241 3135 1487 3204 improbe
1517 3135 1621 3188 sibi
1660 3136 1933 3204 agendum
1966 3144 2317 3205 putaverunt,

735 3242 798 3285 ut
851 3246 975 3285 cum
1034 3231 1330 3299 imperator
1403 3228 1457 3282 in
1521 3229 1797 3299 Illyricum
1854 3243 1918 3283 ac
1982 3229 2318 3283 Pannoniam

732 3322 1003 3395 proﬁcisci
1034 3322 1388 3386 decrevisset,
1442 3323 1663 3391 ipseque
1699 3337 1799 3390 per
1844 3320 1992 3376 viros
2052 3322 2315 3376 inducere

735 3424 797 3467 ut
849 3412 1181 3467 vindicando
1238 3413 1438 3465 auxilia
1513 3412 1741 3479 darent;
1806 3414 2043 3483 primum
2094 3414 2315 3484 quidem

734 3504 812 3557 illi
851 3503 987 3556 nihil
1021 3519 1127 3557 nou
1160 3504 1454 3568 moverint,
1486 3504 1687 3573 quibus
1717 3504 1786 3559 ab
1815 3506 2082 3575 ejusmodi
2108 3507 2316 3575 Optimo

732 3597 968 3650 consilio
1024 3597 1416 3650 retrahendum
1477 3606 1765 3663 sperarent
1804 3614 1818 3651 :
1853 3597 1947 3650 ubi
1998 3604 2181 3651 autem
2216 3598 2318 3651 mi-

733 3688 881 3743 nime
944 3690 1349 3758 persuasissent
1398 3689 1697 3742 annuerint
1754 3690 1999 3758 quidem,
2050 3705 2114 3743 ac
2173 3699 2317 3743 recte

732 3778 938 3834 habere
974 3779 1119 3847 quod
1148 3780 1457 3832 consultum
1497 3788 1645 3833 esset
1674 3778 1799 3833 fassi
1832 3778 1980 3842 sint;
2016 3794 2179 3848 quam
2204 3780 2316 3834 cito

738 3885 919 3927 tamen
985 3888 1123 3942 quas
1176 3872 1303 3937 inde
1366 3872 1613 3926 licuisset
1672 3872 2038 3926 adducentem
2108 3872 2314 3940 copias,

736 3965 938 4017 reverti
977 3962 1326 4027 monuerint;
1357 3961 1502 4031 quod
1539 3960 1810 4030 reliquum
1859 3962 2141 4015 videretur
2164 3961 2316 4030 adje-

734 4067 923 4111 cturos
952 4072 1032 4118 se,
1065 4071 1129 4110 ac
1167 4057 1379 4109 alacres
1412 4054 1601 4109 sociali
1639 4053 1782 4107 bello
1816 4053 2052 4117 futuros,
2085 4054 2316 4123 ejusque

735 4150 908 4216 gratia
960 4148 1096 4200 nihil
1151 4163 1257 4200 nou
1297 4147 1606 4202 molituros.
1633 4148 1809 4215 Atque
1838 4146 1956 4201 htec
1987 4146 2206 4216 quidem
2240 4147 2317 4200 illi

734 4241 1156 4309 pollicebantur.
1189 4240 1331 4294 Num
1364 4248 1548 4295 autem
1580 4241 1763 4294 verbis
1797 4255 1884 4294 res
1911 4240 2315 4310 responderint.

734 4342 886 4385 certo
918 4346 1081 4386 nosse
1118 4332 1264 4394 licet,
1290 4348 1354 4385 cx
1391 4332 1458 4385 iis
1485 4346 1604 4401 qua:
1630 4331 1967 4386 acciderunt.
1995 4330 2134 4385 Olim
2166 4330 2313 4385 enim

734 4424 961 4477 Barbari
993 4425 1249 4479 veniente
1300 4424 1629 4493 imperatore
1662 4439 1854 4493 petras
1883 4424 2181 4489 dedissent,
2208 4423 2313 4477 nisi

736 4514 817 4569 illi
852 4514 1017 4567 sociis
1070 4529 1135 4568 ae
1182 4512 1659 4568 commilitonibus
1690 4512 1809 4565 vias
1857 4510 2313 4572 interclusissent,

2424 2044 2606 2097 Καίτοι
2647 2046 2847 2107 πάντες
2884 2046 3087 2111 ἴσασιν,
3119 2049 3250 2119 ὅσην
3292 2048 3320 2100 ὁ
3354 2049 3530 2117 γάμος
3562 2042 3715 2110 οὗτος
3745 2049 3823 2116 τῷ
3859 2048 4014 2117 βασε-

2422 2136 2504 2188 λεῖ
2532 2137 2632 2203 μὲν
2657 2136 2878 2203 ἀδοξίαν
2912 2138 3006 2189 καὶ
3029 2140 3417 2209 ταπεινότητα,
3436 2140 3628 2209 ἐκείνῳ
3658 2140 3716 2191 δὲ
3752 2140 4015 2192 εῦκλειαν

2422 2227 2676 2295 ἤνεγκεν.
2709 2223 2839 2297 Ἆρ’
2868 2227 2961 2280 οῦν
2992 2228 3251 2298 τοιαύτης
3291 2231 3475 2293 αὐτοῖς
3496 2234 3718 2300 χάριτος
3740 2234 3834 2286 τοῦ
3859 2230 4012 2298 βασι-

2422 2319 2555 2381 λέως
2595 2320 2964 2392 ὑπάρξαντος,
2994 2320 3344 2392 ᾐσχύνθησαν
3377 2323 3475 2389 τὴν
3511 2324 3860 2391 εὐεργεσίαν,
3919 2323 4015 2376 καί

2421 2426 2472 2461 τι
2504 2412 2598 2462 καὶ
2626 2411 2756 2477 παρ’
2807 2411 2986 2463 αὑτῶν
3030 2411 3219 2481 σχῆμα
3258 2410 3386 2480 γοῦν
3416 2412 3655 2482 ἀμοιϐῆς
3695 2412 3817 2482 ἔχον
3850 2416 4017 2481 γενέ-

2426 2500 2550 2554 σθαι
2605 2502 2994 2573 διενοήθησανς
3031 2502 3320 2572 Οὐδαμῶς.
3384 2506 3578 2557 Καίτοι
3616 2505 3720 2574 πρὸ
3755 2504 3858 2571 τῆς
3914 2523 4016 2571 κη-

2412 2596 2570 2660 ,δείας
2600 2597 2760 2649 πάνθ’
2810 2594 3208 2666 ὑπισχνοῦντο·
3258 2597 3350 2649 καὶ
3384 2598 3583 2659 πάντες
3614 2599 3695 2660 εἰς
3739 2596 3827 2659 οῦς
3866 2599 4015 2667 ὑπὲρ

2422 2688 2631 2741 τούτων
2682 2686 2942 2756 ὤμνυσαν
2999 2688 3200 2756 ὅρκους
3250 2688 3506 2759 ὁρῶντες,
3537 2689 3719 2752 καλῶς
3761 2689 4017 2757 ἔφασκον

2426 2780 2809 2850 βεϐουλεῦσθαι
2834 2780 2927 2832 τὸν
2961 2779 3207 2847 βασιλέα.
3254 2780 3413 2833 Ἀλλά
3442 2781 3543 2849 τῆς
3574 2782 3765 2850 χρείας
3810 2780 4017 2833 καλού-

2426 2887 2547 2938 σης.
2593 2870 2651 2921 οὑ
2702 2867 2870 2932 ναῦν,
2901 2868 3002 2935 οὑχ
3038 2870 3233 2932 ἱππέα,
3270 2868 3365 2939 οὐχ
3413 2870 3641 2938 ὁπλίτην
3684 2869 3867 2938 ψιλδν,
3912 2872 4017 2925 οὑκ

2423 2959 2608 3012 ὀϐολὸν
2640 2959 2737 3012 ἕνα
2769 2960 3018 3029 προεῖντο
3043 2972 3057 2987 ·
3086 2958 3202 3011 ἀλλ’
3231 2958 3376 3013 οῦτω
3403 2960 3493 3014 διὰ
3522 2960 3709 3023 τέλους
3744 2963 4014 3030 ἀγνωμο-

2423 3056 2534 3107 νεῖν
2563 3051 2730 3122 ᾧοντο
2757 3051 2890 3115 δεῖν,
2916 3051 2991 3113 ὼς
3040 3054 3136 3104 καὶ
3164 3052 3260 3104 τοῦ
3293 3051 3562 3122 βασιλέως
3588 3054 3674 3106 ἐπ’
3703 3054 4016 3123 Ἰλλυριοὺς

2425 3146 2517 3199 καὶ
2574 3145 2807 3206 Παίονας
2842 3144 3145 3213 ἀποδημεῖν
3180 3146 3505 3213 ἐγνωκότος,
3563 3148 3657 3199 καὶ
3690 3146 3758 3199 δι’
3807 3147 4014 3201 ἑαυτοῦ

2427 3235 2636 3288 πείθειν
2676 3234 3085 3304 ἐπιχειροῦντος
3117 3233 3349 3304 ἀμύνειν
3387 3236 3561 3304 αὐτῷ,
3593 3237 3741 3288 αὑτοὶ
3783 3236 4016 3305 πρῶτον

2424 3330 2524 3399 μὲν
2559 3327 2716 3380 πάντ’
2748 3328 2983 3389 ἐκίνουν,
3018 3327 3085 3379 δι’
3117 3322 3191 3381 ὧν
3218 3326 3445 3397 ἧλπιζον
3475 3328 3639 3380 αὑτὸν
3668 3328 4017 3399 ἀποστήσειν

2418 3422 2526 3473 τῶν
2561 3419 2741 3483 καλῶς
2775 3420 3132 3486 ἐγνωσμένων
3157 3436 3169 3452 ο
3222 3419 3297 3482 ὼς
3326 3419 3368 3471 δ’
3404 3420 3505 3472 οὑκ
3544 3420 3785 3483 ἔπειθον,
3822 3424 4011 3476 ὲνδῦνο

2418 3529 2528 3578 τες,
2563 3514 2658 3566 καὶ
2689 3511 2869 3573 καλῶς
2901 3511 3045 3579 ἔχειν
3078 3510 3328 3573 είπόντες
3346 3512 3415 3564 τὰ
3452 3512 3784 3581 βεϐουλευμέ
3798 3534 3882 3577 να,
3911 3518 4016 3584 τὴν

2418 3602 2678 3669 ταχίστην
2717 3600 3080 3668 ἀναστρέφειν
3118 3597 3416 3667 παρῄνουν,
3477 3600 3610 3669 ὅσην
3664 3602 3732 3653 ἂν
3778 3603 4016 3671 δύνηται

2417 3694 2650 3762 δύναμιν
2682 3692 3054 3760 ἐπαγόμενον·
3099 3691 3199 3759 τὴν
3225 3691 3282 3743 δὲ
3314 3692 3508 3762 λοιπὴν
3540 3693 3883 3763 προσθήσειν
3914 3698 4017 3751 αὑ-

2419 3788 2567 3849 τοὺς,
2600 3788 2693 3839 καὶ
2737 3783 3328 3855 συμπροθυμήσεσθαι,
3393 3787 3489 3839 καὶ
3534 3786 3712 3839 πάντα
3772 3791 4015 3858 πράξειν

2419 3879 2559 3948 ὑπὲρ
2590 3878 2778 3932 αὑτοῦ.
2834 3877 3023 3931 Ταῦτα
3059 3877 3156 3946 μὲν
3198 3872 3339 3948 ἦσαν
3373 3880 3430 3930 ἐν
3475 3873 3554 3939 οἷς
3603 3880 4011 3950 ὑπισχνοῦντο·

2419 3973 2468 4025 εί
2494 3972 2539 4023 δ“
2571 3967 2650 4033 οἷς
2678 3972 2885 4036 ἔλεγον,
2919 3972 3015 4023 καὶ
3036 3970 3103 4021 τὰ
3134 3971 3243 4023 ἀπὸ
3270 3969 3378 4022 τῶν
3402 3972 3747 4039 πραγμάτων
3784 3976 4014 4043 συνέϐη,

2419 4061 2628 4128 ἔξεστιν
2662 4062 2724 4112 ἐκ
2756 4061 2864 4112 τῶν
2884 4060 3204 4113 ἀποϐάντων
3228 4060 3325 4130 τὴν
3344 4061 3653 4132 μαρτυρίαν
3677 4063 4013 4132 λαμϐάνειν.

2421 4155 2596 4207 Πάλαι
2628 4152 2735 4222 γὰρ
2755 4154 2817 4205 Ξιν
2847 4152 3003 4221 δίκην
3030 4151 3216 4204 ἔδοσαν
3249 4153 3297 4204 οἱ
3319 4152 3585 4223 βάρϐαροι
3614 4154 3711 4207 τοῦ
3740 4158 4018 4224 βασιλέως

2420 4244 2688 4305 ἐλθόντος,
2726 4244 2775 4293 εἰ
2812 4241 2887 4311 μὴ
2939 4244 3050 4303 τοῖς
3105 4244 3417 4310 συμμάχοις
3472 4237 3620 4296 οὗτοι
3667 4244 3770 4308 τὰς
3806 4247 4016 4309 διόδους

2422 4332 2779 4395 ἀπέκλεισαν,
2837 4333 2930 4383 καὶ
2982 4332 3107 4393 τοὺς
3167 4332 3479 4402 βαρϐάρους
3514 4336 3647 4403 ημῖν
3685 4336 3785 4388 τοῦ
3817 4339 4017 4408 θέροσς

2420 4426 2723 4496 ἐπήγαγον,
2746 4423 2935 4475 οὐδένα
2969 4421 3154 4475 λοιπὸν
3179 4422 3441 4487 δεδιότας.
3471 4425 3626 4477 Ἵλατ’
3655 4428 3714 4479 ετ
3732 4445 3822 4491 τις
3851 4430 4017 4500 ἄχθε-

2420 4532 2511 4566 ται
2543 4514 2653 4573 τοῖς
2685 4513 2950 4582 παροῦσι,
2991 4514 3204 4578 τούτοις
3262 4515 3363 4583 τὴν
3428 4517 3611 4568 αἰτίαν
3653 4519 3768 4570 τῶν
3825 4523 4019 4575 κακῶν

734 4605 902 4673 inque
963 4618 1064 4657 nos
1118 4614 1327 4669 aestate,
1382 4603 1522 4657 nihil
1576 4604 1686 4671 jam
1748 4605 2003 4656 timentes
2046 4600 2318 4655 Barbaros

2424 4604 2742 4674 λογιζέσθω.
2783 4605 2867 4667 Ὠς
2896 4607 2948 4658 εἴ
2979 4605 3029 4672 γ’
3060 4606 3322 4675 ἐμμένειν
3365 4601 3512 4660 οῦτοι
3542 4611 3654 4671 τοῖς
3688 4611 4019 4683 ὑπεσχημέ-

733 4698 1115 4751 immisissent.
1139 4695 1507 4763 Quamobrem
1536 4696 1580 4749 si
1617 4696 1741 4766 quis
1778 4712 1960 4749 rerum
1997 4703 2318 4764 praasentem

733 4800 939 4845 statum
987 4791 1218 4845 moleste
1275 4789 1462 4853 habet,
1497 4789 1767 4843 malorum
1802 4789 1883 4843 eis
1922 4788 2156 4857 imputet
2192 4803 2322 4841 cau-

735 4896 874 4935 sam.
900 4882 1080 4949 Atque
1115 4879 1280 4943 adeo,
1315 4880 1469 4933 utilli
1505 4879 1809 4933 voluissent
1838 4878 2121 4948 promissis
2151 4888 2318 4939 stare,

735 4987 846 5025 non
886 4971 1062 5024 modis
1085 4970 1343 5025 omnibus
1376 4985 1463 5024 res
1490 4969 1828 5025 confundere
1855 4984 1916 5023 ac
1943 4969 2318 5039 pessumdare,

734 5062 867 5116 olim
910 5077 1011 5116 nos
1056 5077 1085 5114 a
1130 5060 1501 5114 Barbarorum
1555 5061 1757 5131 injuria
1810 5059 1972 5115 liberi
2008 5074 2318 5129 ageremus,

736 5156 997 5225 omnique
1029 5153 1425 5222 tranquillitate
1465 5152 1630 5207 urbes
1663 5154 2051 5207 iucoleremns.

804 5246 939 5312 Quis
990 5260 1146 5315 ergo,
1178 5244 1283 5297 nisi
1334 5242 1560 5297 insanus
1614 5254 1719 5305 est.
1756 5244 1839 5319 vel
1882 5244 2160 5298 modicum
2188 5242 2321 5312 quid

733 5340 805 5395 ab
842 5338 952 5393 illis
996 5337 1325 5406 Speraverit,
1354 5335 1557 5404 quibus
1592 5344 1777 5390 nostra
1832 5337 1995 5399 mala,
2027 5352 2124 5390 sua
2175 5337 2326 5406 ipso-

739 5448 862 5486 rum
920 5432 1098 5486 salute
1149 5428 1549 5484 ehariora.sint
1598 5442 1663 5482 ac
1698 5428 2001 5483 studiosius
2056 5428 2323 5498 quaesita?

739 5524 1023 5595 Siquidem
1055 5538 1189 5592 ergo
1240 5530 1302 5575 ut
1355 5519 1586 5592 Scythas
1615 5520 1775 5576 nobis
1806 5522 2170 5577 auxiliaturos
2196 5538 2324 5591 spe-

738 5635 947 5685 remus,
979 5632 1183 5671 vanum
1218 5624 1333 5681 est;
1368 5625 1427 5669 ut
1471 5616 1721 5669 Tribalos
1752 5615 2084 5679 ridiculum;
2121 5624 2181 5669 ut
2211 5616 2323 5686 My-

732 5727 828 5768 sos
855 5711 993 5766 nihil
1019 5708 1086 5763 ad
1115 5724 1266 5777 spem
1302 5709 1647 5761 commodum
1671 5747 1684 5769 ,
1718 5707 1895 5761 nostri
1927 5722 2060 5761 vero
2088 5722 2321 5775 quorum

737 5804 953 5875 pridem
989 5800 1165 5855 virtus
1209 5800 1423 5856 defecta
1459 5799 1550 5863 sit,
1582 5799 1729 5852 nulla
1768 5799 1906 5852 ratio
1935 5798 2186 5853 habenda
2216 5808 2319 5865 est,

742 5911 916 5968 quem
960 5895 1213 5965 praesenti
1248 5894 1508 5962 deinceps
1557 5892 1776 5961 negotio
1806 5891 2188 5947 auxiliatorem
2226 5906 2320 5946 vo-

2424 4714 2533 4760 νοις
2568 4696 2874 4758 ἐϐούλοντο,
2927 4698 3021 4749 καὶ
3072 4700 3147 4767 μὴ
3177 4700 3353 4752 πάντα
3382 4699 3583 4769 τρόπον
3641 4707 3882 4771 συγχεῖν
3926 4708 4019 4760 καὶ

2422 4792 2763 4861 διαφθείρειν
2800 4790 2869 4841 τὰ
2902 4791 3224 4860 πράγματα,
3256 4791 3424 4845 πάλαι
3455 4792 3523 4845 ἂν
3572 4793 3739 4862 ἡμεῖς
3772 4796 3881 4863 τῆς
3912 4799 4017 4849 τῶν

2427 4881 2722 4952 βαρϐάρων
2755 4879 2967 4946 ὕϐρεως
3010 4881 3406 4952 ἀπηλλάγμεθα
3428 4920 3443 4947 ,
3474 4883 3568 4936 καὶ
3620 4885 3748 4952 μεθ’
3777 4887 4017 4959 ἡσυχίας

2424 4976 2522 5038 τὰς
2551 4973 2738 5036 πόλεις
2772 4971 3047 5042 ᾠκοῦμεν.

2496 5248 2591 5311 Τίς
2617 5243 2732 5311 οῦν,
2767 5246 2922 5309 εἴτις
2954 5245 3031 5315 μὴ
3084 5247 3355 5316 μαίνοιτο,
3388 5244 3611 5316 μέτριον
3653 5245 3723 5299 ἀν
3771 5262 3829 5298 τι
3862 5250 4014 5318 παρὰ

2423 5338 2632 5392 τούτων
2684 5338 2922 5404 ἐλπίσαι,
2975 5332 3056 5401 οἷς
3106 5337 3177 5390 τὰ
3208 5336 3452 5407 ἡμέτερα
3504 5337 3649 5389 κακά
3687 5340 3795 5407 τῆς
3832 5339 4018 5393 αὐτῶν

2426 5432 2703 5501 σωτηρίας
2726 5431 2928 5500 μᾶλλον
2953 5429 3346 5495 σπουδάζεται;
3381 5429 3590 5483 Οὐκοῦν
3623 5432 3671 5483 εί
3701 5431 3766 5483 τὸ
3792 5432 4015 5494 Σκύθας

2402 5526 2523 5594 ’μὲν
2551 5526 2681 5594 ἡμῖν
2708 5523 2924 5593 βοηθεῖν
2955 5523 3145 5588 ἕωλον,
3178 5525 3353 5592 γέλως
3390 5523 3446 5575 δὲ
3476 5524 3507 5591 ἡ
3534 5521 3833 5592 Τριϐαλῶν
3875 5542 4017 5594 συμ-

2427 5616 2621 5685 μαχία,
2677 5616 2978 5667 ἀνέλπιστα
3021 5614 3078 5666 δὲ
3130 5613 3201 5667 τὰ
3232 5614 3459 5678 Μυσῶν,
3514 5615 3662 5683 ἡμᾶς
3702 5613 3751 5666 δ’
3776 5610 3851 5669 αὖ
3891 5615 4017 5669 οὐδὲ

2426 5705 2883 5777 προσλογίζεσθαι
2905 5707 3011 5776 χρὴ
3037 5706 3207 5759 πάλαι
3232 5706 3606 5776 ἀπειρηκότας
3628 5722 3642 5735 ·
3678 5706 3803 5760 τίνα
3822 5707 4019 5760 λοιπὸν

2426 5798 2727 5866 καλέσομεν
2751 5797 3039 5867 σύμμαχον
3067 5799 3161 5850 ἐπὶ
3184 5798 3255 5850 τα
3282 5800 3561 5868 παρόντας
3612 5797 3687 5852 Οὐ
3705 5798 3816 5867 γάρ
3838 5799 4018 5869 δήπου

2428 5890 2797 5959 Μασσαγέτας
2832 5890 3139 5961 ἀξιώσομεν
3169 5890 3313 5960 δεῦρ’
3344 5892 3524 5961 ήκειν,
3568 5892 4021 5961 μετασχήσοντας
