4198 6440
207 430 315 492 97Ἶ

1156 437 1442 500 ORATIO
1480 440 1628 501 PRO
1669 442 2027 502 SUBSIDlO
2068 440 2542 504 LATINORUM.

3360 443 3468 505 978

204 541 303 594 τοῦ
336 540 573 610 πολέμου
592 558 604 572 ·
638 542 668 612 ἢ
699 541 834 611 πρὸς
855 544 982 609 τοὺς
1011 544 1108 615 τὴν
1133 548 1237 612 ἔξω
1263 547 1483 617 Στηλῶν
1515 548 1782 601 Θάλατταν

1890 552 2242 606 caverimus?
2268 552 2406 606 Num
2441 551 2577 604 forte
2604 548 3063 619 Massagetasrbuc
3090 548 3281 602 adesse
3315 564 3474 617 roga-

203 635 489 697 οἰκοῦντας
521 636 815 707 πέμψομεν
854 640 1146 709 πρέσϐεις;
1200 642 1513 712 Συμδούλου
1547 642 1591 695 δ’
1638 640 1777 696 εἶναι

202 728 270 779 οὐ
319 729 432 791 τοῖς
488 727 586 797 μὶν
622 729 715 782 ὑπ’
743 731 918 785 ἄλλων
953 732 1269 802 λεγομένοις
1308 737 1590 806 ἐπιτιμᾷν,
1621 736 1784 788 αὑτὸν

202 818 251 871 δ’
281 818 319 873 ἃ
372 821 609 874 συνοίσει
658 822 733 893 μὴ
776 823 994 888 λέγειν’
1039 823 1158 879 ἀλλ’
1201 828 1526 879 ἀντειπόντα
1570 828 1683 888 τοῖς
1715 826 1776 877 οὐ

200 912 392 976 καλῶς
421 914 671 967 δοκοῦσιν
718 915 973 985 εἰρῆσθαι
1022 918 1307 988 πρότερον,
1359 919 1521 971 αὑτὸν
1552 918 1780 986 ὕστερον

200 1005 271 1072 τῇ
298 1003 493 1075 γνώμῃ
524 1008 772 1075 κρατεῖν.
802 1007 995 1060 Καίτοι
1035 1010 1358 1078 ἀντεροῦσιν
1395 1010 1443 1061 oi
1475 1010 1641 1078 μηδὲν
1667 1009 1785 1061 ’ἐτε-

203 1111 300 1163 ρον
340 1098 397 1148 ἐν
453 1100 517 1168 τῇ
569 1099 725 1151 πόλει
755 1100 1144 1169 συμϐουλεύειν
1180 1101 1527 1163 σκοποῦντες,
1567 1102 1600 1170 ἢ
1634 1102 1783 1163 ὅπως

196 1189 315 1249 τοῖς
342 1188 417 1258 μὴ
452 1190 518 1242 τὰ
556 1190 800 1244 δοκοῦντ’
832 1194 1015 1256 αὐτοῖς
1045 1194 1296 1260 λέγουσιν
1319 1192 1661 1263 ἀντεροῦσιν.

1887 642 2092 704 bimus,
2124 643 2290 710 inque
2344 644 2467 697 belli
2516 642 2831 698 societatem
2864 639 3101 695 venire?
3133 639 3214 694 vel
3244 639 3469 693 nuntios

1894 733 1959 787 ad
1995 748 2091 787 eos
2136 733 2439 796 mittemus,
2472 736 2565 802 qui
2622 733 2834 787 insulas
2869 746 2933 787 ac
2972 745 3121 785 mare
3170 740 3321 784 extra
3361 730 3470 784 Cu-

1886 823 2104 877 lumnas
2162 823 2450 877 habitant?
2484 824 2654 877 Porro
2687 834 2866 877 autem
2906 820 3206 874 consiliarii
3242 821 3332 880 sit,
3355 836 3463 872 non

1901 924 1960 968 ut
1990 915 2057 967 ab
2079 915 2202 969 aliis
2228 914 2371 967 dicta
2400 915 2809 982 vituperavcril,
2842 914 2979 968 nihil
3014 928 3146 966 vero
3179 912 3294 980 ipse
3320 909 3465 977 quod

1887 1024 1919 1063 e
1986 1022 2045 1061 re
2096 1008 2187 1069 sit,
2248 1022 2311 1062 ac
2383 1006 2730 1060 conducibile
2779 1007 2999 1069 dixerit,
3027 1005 3121 1059 sed
3183 1003 3373 1071 magis,
3409 1010 3468 1053 ut

1890 1102 2045 1167 prius
2096 1098 2349 1153 refutatis
2383 1115 2504 1167 quae
2540 1114 2648 1152 non
2686 1098 2827 1153 bene
2859 1097 3003 1151 dicta
3042 1097 3321 1154 videntur.
3350 1094 3467 1161 ipse

1891 1192 2239 1261 postmodum
2303 1194 2576 1246 sententia
2629 1190 2972 1260 superaverit
3014 1205 3028 1242 :
3084 1187 3297 1242 tametsi
3339 1193 3469 1239 sunt

195 1282 628 1349 contradictori,
653 1286 745 1354 qui
781 1286 919 1340 nihil
954 1288 1099 1342 aliud
1136 1288 1189 1342 in
1220 1287 1446 1342 civitate
1478 1285 1791 1340 deliberant
1828 1296 1893 1337 ac
1957 1282 2173 1337 consilii
2209 1282 2421 1348 ineunt,
2486 1297 2647 1352 quam
2681 1291 2739 1334 ut
2783 1282 2871 1346 iis,
2897 1280 2990 1350 qui
3032 1282 3213 1334 minus
3246 1278 3466 1348 placen-

197 1373 277 1427 tia
306 1372 569 1440 dixerint,
598 1379 1007 1433 contradieanl.

284 1466 430 1533 Ἐγὼ
463 1468 519 1521 δὲ
551 1471 771 1540 πρῶτον
803 1472 925 1543 μὲν,
950 1468 994 1526 ὦ
1026 1474 1241 1547 ἄνδρες,
1271 1474 1566 1543 ἀξιώσαιμ’
1584 1473 1781 1536 αὐτοὺς

191 1558 401 1626 λέγειν,
435 1563 570 1614 εἴτι
616 1565 730 1626 τοῖς
784 1566 1097 1635 εἰρημένοις
1146 1567 1467 1635 ἐπιτιμῶσι,
1526 1568 1622 1620 καὶ
1670 1566 1782 1618 δει-

191 1648 384 1701 κνύειν
413 1650 444 1719 ἦ
478 1651 553 1714 ὡς
582 1653 679 1722 οὐχ
706 1654 937 1708 ἕκαστον
961 1656 1069 1708 τῶν
1088 1657 1585 1728 ἀπηριθιμημένων
1621 1674 1785 1728 προσ-

189 1740 337 1790 εἶναι
385 1741 466 1792 δεῖ
505 1744 616 1806 τοῖς
680 1745 813 1813 ἡμῖν
857 1749 1352 1818 συμμαχήσουσιν·
1407 1749 1439 1818 ἢ
1487 1747 1597 1815 ἐγὼ
1654 1747 1781 1805 τοὺς

193 1831 292 1883 ὁπ’
329 1832 513 1887 αὐτῶν
551 1835 881 1905 λεγομένους
939 1840 1284 1909 συκοφαντῶ,
1326 1840 1422 1892 καὶ
1473 1839 1778 1910 χρησίμους

192 1924 493 1994 ἐσομένους
519 1931 584 1998 τῇ
623 1930 800 1992 πόλει,
842 1934 1114 2001 πονηροὺς
1156 1934 1459 2001 ἀποφαίνω.
1500 1934 1559 1986 El
1584 1933 1639 1986 δὲ
1674 1949 1780 2001 μη-

188 2011 420 2080 δέτερον
458 2020 633 2069 ποιεῖν
666 2018 1038 2089 ἐθελήσουσιν,
1093 2022 1230 2090 ὅπερ
1271 2024 1401 2089 ἡμῖν
1434 2019 1776 2087 ἐγκαλοῦσιν,

188 2104 353 2156 αὐτοὶ
402 2106 666 2174 πρότερον
703 2107 1006 2172 πείσονται,
1048 2112 1142 2163 καὶ
1178 2110 1424 2174 δόξουσιν
1459 2112 1591 2179 ἡμῖν
1629 2110 1780 2162 ἀντι-

188 2195 401 2264 λέγειν,
462 2198 723 2266 οὐδεμίαν
779 2201 937 2253 αὐτοὶ
976 2201 1204 2269 γνώμην
1251 2202 1617 2270 εἰσφέροντες.
1645 2201 1708 2253 Εἰ
1735 2199 1781 2252 δ’

190 2292 486 2358 ἀμφότερα
505 2290 686 2353 καλῶς
709 2292 924 2362 εἴρηται
953 2293 1083 2363 παρ’
1106 2294 1282 2362 ἡμῶν,
1298 2294 1542 2347 λείπεται
1559 2293 1780 2346 σκοπεῖν

189 2379 251 2431 ὲν
284 2380 475 2451 κοινῷ,
510 2381 654 2442 τίνες
696 2383 746 2434 οἱ
777 2383 915 2453 πρὸς
947 2385 1015 2437 τά
1061 2385 1305 2453 παρόντα
1346 2389 1410 2455 τῇ
1447 2386 1603 2437 πόλει
1633 2383 1781 2435 λυσι-

188 2472 537 2541 τελήσοντες.
578 2474 653 2526 Οὐ
700 2475 807 2544 μὴν
836 2476 953 2530 ἀλλ’
1000 2476 1087 2529 ἵνα
1131 2478 1207 2547 μὴ
1245 2477 1579 2544 δοκῶτλόγον
1604 2477 1779 2536 ἄλλως

192 2564 362 2631 μόνον
390 2560 531 2618 εἶναι
559 2567 628 2618 τὰ
659 2566 791 2637 παρ’
820 2569 998 2638 ἡμῶν,
1031 2570 1140 2622 τῶν
1181 2571 1234 2623 δὲ
1269 2569 1613 2639 πραγμάτων
1639 2568 1779 2623 ἑκὼν

186 2651 259 2703 δι’
297 2654 536 2719 ἀπορίαν
562 2655 921 2724 ἀφίστασθαι,
954 2659 1063 2728 ὲρῶ
1087 2658 1153 2711 τὰ
1185 2658 1477 2712 δοκοῦντα·
1525 2659 1779 2712 τοσοῦτον

191 2742 357 2813 ἡμῶν
391 2744 628 2814 δεηθεὶς,
662 2749 736 2817 μὴ
774 2750 1039 2821 πρότερον
1071 2750 1343 2821 θορυϐεῖν,
1371 2752 1427 2803 εί
1453 2770 1505 2805 τι
1540 2753 1693 2822 παρὰ
1721 2755 1780 2805 τὸ

186 2834 390 2887 δοκοῦν
422 2836 550 2905 ὑμῖν
602 2840 634 2909 ή
670 2840 955 2911 συμϐουλὴ
1004 2842 1276 2911 περιέξειο
1314 2843 1429 2897 ἀλλ’
1465 2844 1778 2912 ἀνασχομέ-

188 2943 325 2991 νους
359 2927 468 2981 τῶν
498 2929 725 2993 λοιπῶν,
759 2932 881 2983 τότε
930 2932 961 3001 ἢ
997 2931 1309 2998 συνθέσθαι,
1356 2932 1388 3002 ἢ
1423 2936 1534 2995 τοῖς
1563 2937 1779 3003 καιροῖς

188 3019 334 3073 ἄλλο
372 3038 422 3072 τι
471 3023 889 3094 χρησιμώτερον
935 3017 1275 3093 ἐξευρίσκειν
1304 3025 1625 3093 πειρᾶσθαι.
1665 3024 1779 3077 Οὐκ

189 3113 406 3183 ἀπορίᾳ
443 3117 750 3184 συμμάχων
806 3118 900 3169 ἐπὶ
949 3116 1095 3170 τοῦτ’
1146 3116 1450 3185 ἀφίγμεθα,
1480 3111 1524 3171 ὧ
1562 3117 1773 3186 ἄνδρες,

1960 1470 2075 1537 Ego
2110 1477 2318 1531 autem,
2350 1468 2651 1531 auditores,
2667 1482 2764 1521 eos
2794 1468 3032 1536 primum
3065 1467 3283 1522 edicere
3312 1480 3469 1532 roga-

1886 1561 2081 1625 verim,
2116 1576 2246 1612 num
2282 1559 2411 1627 qttid
2447 1559 2500 1611 in
2532 1557 2772 1626 praefatis
2810 1557 3328 1626 reprehendendum
3364 1557 3467 1608 ba-

1883 1660 2067 1723 beant,
2099 1658 2519 1726 ostendantque,
2551 1665 2647 1709 aut
2695 1670 2801 1709 nou
2850 1670 3073 1709 necesse
3109 1668 3230 1707 esse
3262 1661 3321 1706 ut
3352 1653 3469 1707 hmc

1888 1750 2073 1803 omnia
2126 1750 2328 1811 adsint,
2384 1748 2510 1801 belli
2555 1746 2712 1799 nobis
2750 1745 2946 1800 futuris
2996 1744 3196 1806 sociis,
3226 1742 3310 1796 vel
3341 1757 3465 1811 ego,

1818 1878 1857 1931 Β
1888 1857 2031 1911 quos
2062 1843 2139 1896 illi
2172 1841 2413 1895 dixerint
2438 1842 2490 1893 in
2523 1839 2732 1893 crimen
2761 1837 2993 1897 vocabo,
3035 1837 3268 1903 urbique
3301 1836 3466 1888 utiles

1886 1936 2229 1990 existimatos
2286 1934 2461 1987 malos
2512 1931 2911 2003 pronuntiabo.
2968 1929 3064 1983 Sin
3117 1938 3297 1982 autem
3330 1944 3469 1982 neu-

1882 2035 2026 2079 trum
2084 2022 2257 2077 velint
2311 2030 2593 2091 praestare,
2644 2022 2746 2088 ipsi
2801 2019 2957 2089 prius
3015 2031 3180 2071 causa
3245 2016 3465 2080 cadent,

1878 2114 2327 2180 videbunturque
2386 2111 2544 2164 nobis
2599 2108 3002 2173 contradicere,
3065 2119 3189 2158 eum
3260 2106 3464 2170 nullam

1882 2204 1981 2274 ipsi
2008 2203 2331 2257 sententiam
2363 2200 2622 2255 inferant.
2646 2199 2802 2265 Quod
2822 2199 2864 2251 si
2888 2200 3026 2253 bene
3046 2209 3100 2253 et
3124 2209 3182 2253 ut
3211 2212 3306 2267 par
3321 2205 3463 2259 erat,

1882 2307 2109 2365 utraque
2127 2295 2385 2356 diximus,
2412 2294 2680 2361 reliquum
2700 2292 3069 2346 estcommuni
3102 2291 3468 2345 deliberemus

1879 2388 2131 2451 consilio,
2159 2386 2385 2455 quinam
2444 2400 2627 2438 rerum
2662 2385 2915 2450 praesenIi
2945 2393 3112 2446 statu,
3149 2382 3321 2437 futuri
3356 2381 3469 2436 sint

1881 2480 2004 2534 urbi
2043 2480 2224 2533 utiles.
2262 2477 2585 2543 Enimvero,
2638 2486 2697 2530 ut
2730 2492 2797 2530 ne
2834 2477 3041 2529 nudum
3090 2484 3297 2529 temere
3345 2490 3464 2528 ser-

1885 2585 2105 2625 monem
2169 2569 2389 2624 elfutire
2447 2569 2681 2634 videar,
2741 2567 3028 2636 libensque
3086 2582 3199 2635 pne
3248 2565 3464 2619 consilii

1885 2662 2067 2732 inepia
2097 2680 2127 2718 a
2157 2663 2322 2719 rebus
2376 2670 2578 2716 memet
2612 2659 2958 2724 abstrahere,
3000 2659 3176 2712 dicam
3207 2674 3328 2726 quae
3374 2658 3462 2710 vi-

1884 2759 2110 2819 dentur,
2150 2758 2254 2811 hoc
2294 2764 2507 2810 tantum
2570 2770 2788 2824 rogans,
2841 2762 2898 2806 ut
2938 2751 3119 2820 siquid
3173 2751 3463 2805 consilium

1884 2866 1911 2903 a
1949 2858 2134 2904 vestro
2169 2850 2409 2903 alienum
2443 2862 2608 2901 sensu
2664 2845 3085 2913 complectatur,
3142 2858 3249 2896 non
3313 2843 3467 2911 prius

1886 2942 2180 2997 tumultum
2215 2940 2409 2997 cieatis
2438 2980 2454 3003 ,
2492 2938 2586 2995 sed
2619 2936 2949 3007 exspectetis
2978 2936 3211 3004 reliqua,
3241 2943 3469 3002 tumque

1881 3035 1968 3088 vel
2003 3034 2293 3102 praaheatis
2352 3046 2662 3094 assensum,
2696 3031 2782 3084 vel
2832 3028 2981 3084 aliud
3017 3027 3298 3098 quidpiam
3334 3041 3463 3080 cou-

1884 3142 2079 3194 gruum
2131 3127 2305 3196 magis
2364 3123 2705 3194 temporibus
2758 3121 3007 3195 invenire
3068 3120 3311 3177 tentetis.
3343 3120 3463 3175 Non

189 3206 287 3259 οἷδ’
321 3207 436 3259 ἀλλ’
490 3207 653 3277 ἔτερα
691 3209 798 3259 τῶν
831 3210 1119 3279 παρόντων
1159 3209 1346 3262 κακῶν
1392 3209 1523 3280 ἡμῖν
1558 3210 1780 3277 γέγονεν

1886 3217 2014 3272 belli
2068 3217 2345 3272 sociorum
2397 3215 2637 3277 defectu,
2672 3215 2976 3278 auditores,
3015 3213 3068 3267 in
3098 3228 3225 3267 eum
3259 3220 3464 3265 statum

193 3299 358 3350 αἴτια
380 3314 395 3328 ·
422 3298 456 3351 ἀ
488 3298 587 3367 τῆς
629 3300 906 3363 πολιτείας
947 3301 1327 3372 κρατήσαντα,
1352 3303 1449 3353 καὶ
1468 3303 1778 3371 συμμαχεῖν

190 3388 534 3457 δυναμένους
560 3390 768 3459 ἑτέροις
801 3392 972 3459 ἡμᾶς,
1004 3391 1098 3445 νῦν
1121 3394 1245 3454 τοὺς
1288 3391 1653 3461 βοηθήσοντας
1684 3407 1780 3443 πε-

196 3481 443 3553 ριιόντας
477 3484 779 3550 ἀναγκάζει
832 3484 1037 3553 ζητεῖν.
1091 3484 1382 3555 Σύμμαχοι
1419 3485 1463 3537 δ’
1492 3486 1624 3555 ήμῖν
1671 3484 1779 3537 sict

194 3574 299 3628 καὶ
323 3574 509 3628 πολλοὶ
538 3578 636 3629 καὶ
686 3576 843 3631 καλοὶ
877 3577 975 3629 καὶ
1025 3577 1279 3630 τοσοῦτον
1326 3577 1620 3646 ἀχθόμενοι
1665 3576 1779 3639 τοῖς

190 3669 493 3740 ἡμετέροις
515 3672 728 3736 κακοῖς,
756 3672 879 3724 ὅσον
901 3671 1044 3740 ἡμᾶς
1069 3670 1235 3738 ἔγωγ’
1258 3671 1323 3722 ἂν
1353 3671 1623 3740 εὐξαίμην
1650 3671 1779 3739 ὑμῖν

196 3761 391 3823 αὐτοῖς
422 3760 730 3829 συναλγεῖν.
790 3760 945 3815 Εἴπω
979 3762 1129 3824 τίνας
1152 3779 1168 3796 ο
1213 3762 1486 3827 κελεύετε,
1546 3762 1640 3816 καὶ
1678 3762 1777 3816 οὐκ

192 3857 497 3925 ὀργιεῖσθε.

1888 3308 2095 3362 redacti
2126 3323 2336 3363 sumus.
2370 3307 2590 3361 Minime
2623 3306 2866 3375 gentium
2901 3321 2916 3371 ;
2948 3320 3136 3358 verum
3169 3303 3274 3358 alia
3305 3301 3466 3357 nobis

1889 3411 1950 3458 ut
1981 3403 2035 3455 in
2068 3402 2182 3456 hare
2222 3403 2362 3455 mala
2391 3399 2790 3465 incideremus,
2819 3400 2873 3453 in
2905 3413 3069 3453 causa
3100 3398 3465 3460 exstiterunt,

1887 3508 2062 3561 eaque
2093 3492 2416 3561 occupantia
2446 3492 2863 3561 rempublicam,
2887 3505 3013 3544 eum
3040 3490 3174 3543 tales
3198 3501 3466 3553 essemus,

1888 3585 1983 3656 qui
2039 3586 2169 3641 belli
2216 3584 2350 3659 socii
2401 3584 2524 3639 aliis
2578 3583 2829 3637 auxiliari
2882 3596 3190 3650 possemus,
3242 3594 3310 3634 eo
3367 3594 3469 3633 nos

1890 3678 2228 3748 compulere,
2276 3685 2335 3730 ut
2364 3678 2511 3731 omni
2563 3687 2718 3744 parte
2747 3675 3061 3729 auxiliarios
3089 3687 3336 3742 quaerere
3371 3684 3468 3724 ne-

1888 3781 2104 3822 cessum
2144 3766 2467 3821 habeamus.
2520 3765 2693 3820 Porro
2751 3764 2911 3820 nobis
2968 3773 3099 3817 sunt
3132 3762 3260 3815 belli
3307 3759 3466 3826 socii,

1889 3858 2037 3926 iique
2068 3856 2226 3911 multi
2260 3870 2323 3910 ac
2356 3856 2508 3922 boni,
2534 3858 2738 3929 quique
2783 3855 2925 3909 adeo
2950 3866 3134 3908 nostra
3168 3855 3307 3906 mala
3343 3867 3465 3906 mo-

192 3952 342 4007 leste
368 3950 570 4015 ferant,
598 3959 660 4006 ut
692 3951 771 4006 sic
819 3966 921 4006 nos
947 3952 1063 4022 ipse
1092 3960 1274 4021 optem
1307 3959 1494 4007 nostra
1561 3950 1732 4017 ferre,
1796 3963 1861 4004 ac
1897 3949 2059 4005 nobis
2095 3947 2412 4005 condolere.
2459 3949 2647 4003 Dicam
2704 3947 2978 4013 homines,
3016 3947 3226 4017 iubete,
3258 3959 3323 3999 ac
3357 3944 3469 4000 iras

192 4043 500 4098 continete.

268 4136 412 4199 Τοὺς
436 4135 529 4189 νῦν
555 4137 790 4206 ἥκοντας
831 4135 1137 4204 Ῥωμαίους
1174 4135 1317 4205 φημὶ
1365 4134 1460 4188 καὶ
1514 4134 1583 4188 τὰ
1647 4133 1791 4187 ἐκείο

193 4249 310 4284 νων
338 4231 499 4294 ὅπλα,
526 4229 618 4282 καὶ
642 4229 743 4299 τὴν
766 4228 992 4296 ἀνδρίαν
1016 4243 1030 4258 ο
1061 4226 1090 4279 ὃ
1147 4228 1243 4281 καὶ
1280 4224 1549 4293 θαυμάζω
1593 4227 1639 4277 εί
1692 4226 1790 4279 καὶ

193 4322 447 4388 τοῦνομα
496 4320 628 4388 γοῦν
691 4320 789 4389 οὐχ
853 4320 1037 4372 ίκανδν
1092 4319 1221 4387 ὑμῖν
1272 4316 1608 4371 διαλλάττειν
1661 4315 1788 4379 τοὺς

198 4413 430 4479 ἄνδρας.
463 4411 742 4480 Σκέψασθε
766 4410 967 4475 τοίνυν,
987 4410 1034 4461 εἰ
1066 4409 1208 4471 τίνος
1239 4407 1348 4459 τῶν
1367 4406 1787 4477 προειρημένων

200 4507 352 4560 ἐνδεῖ
376 4506 485 4565 τοῖς
529 4501 837 4572 συμμάχοις
891 4502 1045 4569 ἡμῖν,
1105 4499 1305 4569 μᾶλλον
1333 4498 1377 4550 δ’
1409 4499 1459 4549 εί
1517 4499 1592 4567 μὴ
1652 4494 1788 4564 πρὸς

1966 4135 2264 4191 Venientes
2308 4151 2458 4191 nunc
2490 4137 2767 4192 Romanos
2818 4136 2942 4192 dico
2976 4150 3281 4206 eorumque
3314 4150 3468 4189 arma

1893 4241 1958 4281 ac
1986 4225 2401 4283 fortitudinem:
2430 4242 2494 4281 ac
2521 4228 2741 4292 mirum,
2771 4229 2827 4283 ui
2857 4229 3034 4298 ipsum
3065 4242 3286 4291 nomen,
3320 4227 3471 4280 viros

1893 4317 2051 4373 vobis
2081 4319 2357 4375 conciliet.
2386 4321 2616 4375 Pensate
2638 4336 2791 4391 ergo,
2821 4337 2950 4375 num
2971 4320 3103 4391 quid
3127 4334 3319 4374 eorum
3344 4334 3472 4389 qua:

1893 4408 2271 4478 praediximus,
2328 4410 2456 4464 belli
2491 4412 2651 4465 nobis
2684 4411 2851 4467 sociis
2895 4412 3072 4475 desit;
3118 4411 3252 4479 quin
3287 4410 3473 4479 potius

1894 4516 2025 4555 num
2059 4500 2277 4555 abunde
2300 4504 2579 4568 omnibus,
2612 4503 2813 4571 quibus
2838 4502 2966 4571 quis
2988 4502 3302 4563 auxilietur,
3332 4517 3470 4570 pra:-

201 4599 389 4653 πάντα
428 4595 567 4665 μετά
600 4592 692 4647 τοῦ
753 4592 1037 4663 περιόντος
1091 4589 1376 4659 ἀρκοῦσιν.
1405 4588 1616 4642 Οὐκοῦν
1662 4588 1782 4640 ὅθεν

1893 4587 1995 4644 diti
2039 4589 2170 4643 sint.
2208 4590 2394 4658 Itaque
2429 4590 2575 4645 unde
2603 4591 2742 4661 οωρί
2766 4633 2779 4656 ,
2810 4606 2839 4644 a
2871 4592 3175 4657 communi,
3216 4594 3465 4660 inquam,

200 4692 488 4763 ἠρξάμην,
515 4688 623 4742 ἀπὸ
686 4681 780 4740 τοῦ
840 4682 1307 4753 κοινοῦ-δηλονότι
1365 4684 1781 4753 προσρήματος,

202 4783 513 4850 ποιήσομαι
541 4778 642 4848 τὴν
667 4777 866 4848 ἀρχήν.
925 4775 1081 4837 Τίνες
1137 4775 1429 4842 Ῥωμαίοις
1495 4772 1786 4841 Ῥωμαίων

200 4875 529 4942 οἰκειότεροι
586 4870 897 4939 σύμμαχοις
934 4868 968 4939 ἢ
1003 4868 1147 4920 τίνες
1185 4865 1621 4933 ἀξιοπιστότεροι
1678 4865 1786 4917 τῶν

128 4988 140 4999 θ
201 4966 310 5038 τὴν
342 4964 509 5032 αὐτὴν
537 4962 769 5032 ἐχόντων
813 4957 1074 5028 πατρίδα;
1117 4958 1183 5009 Ἦ
1221 4957 1327 5026 γὰρ
1380 4957 1602 5009 ἐκείνων
1636 4956 1788 5018 πόλις

204 5058 314 5128 τῆς
340 5055 613 5126 ἡμετέρας
639 5052 971 5123 μητρόπολις
1003 5052 1195 5120 γέγονε
1218 5065 1235 5084 ο
1267 5049 1361 5103 καὶ⁵
1397 5052 1508 5109 τοῖς
1539 5047 1790 5108 ἀποίκοις

206 5150 595 5219 κοινωνήσασα
622 5147 717 5214 τῆς
744 5143 1081 5212 ιπωνυμίας,
1114 5140 1296 5208 ἐκείνη
1341 5140 1437 5211 μὲν
1483 5140 1671 5210 ὥσπερ
1706 5156 1789 5201 τις

207 5241 479 5313 πρόϐολος
538 5240 751 5308 ἔμεινεν
778 5238 870 5290 ἐπὶ
925 5234 1024 5302 τῆς
1082 5235 1357 5301 ἑσπέρας·
1394 5233 1539 5301 ἡμᾶς
1583 5232 1638 5284 δὲ
1689 5233 1789 5300 τῆς

223 5335 412 5396 Ἀσίας
447 5332 818 5402 ἡγησομένους
846 5327 1152 5397 ιξέπεμψεν
1174 5343 1186 5356 ·
1211 5324 1341 5378 ὥσθ’
1368 5325 1462 5378 ἕνα
1496 5325 1593 5394 μὲν
1619 5326 1790 5394 δῆμον

209 5425 366 5495 ἡμᾶς
399 5439 459 5474 τε
490 5421 776 5482 κάκείνους
803 5419 1001 5480 δοκεῖν,
1038 5416 1164 5485 μίαν
1188 5416 1245 5467 δὲ
1269 5414 1420 5467 πόλιν
1452 5416 1788 5484 ἀμφοτέρας,

210 5517 275 5568 ὲν
312 5512 540 5565 ἀποίκου
564 5510 659 5563 καὶ
691 5506 1075 5578 μητροπόλεως
1117 5504 1355 5571 σχήματι
1412 5505 1751 5569 τεταγμένας
1773 5521 1785 5535 ⁸

214 5600 391 5672 μηδὲν
456 5598 513 5651 δὲ
572 5595 793 5650 εἶναιτὸ
842 5592 1103 5664 διαιροῦν,
1164 5591 1301 5660 πλὴν
1350 5590 1473 5642 ὅσον
1530 5591 1627 5660 τὴν
1693 5593 1791 5660 μὲν

226 5691 510 5760 Ῥωμύλος
538 5688 795 5760 ἱδρύσατο
817 5704 832 5720 ·
862 5686 963 5756 τὴν
984 5685 1028 5737 δ’
1049 5686 1077 5736 ό
1126 5683 1223 5752 ’τὴν
1258 5680 1466 5735 ἐκείνου
1516 5683 1791 5750 βασιλείαν

213 5782 603 5852 διαδεξάμενος
635 5779 802 5849 ἔπηξε
833 5777 1262 5836 Κωνσταντῖνος.
1299 5774 1460 5825 Ἀλλὰ
1494 5774 1603 5844 μὴν
1633 5774 1791 5829 αὐτόν

220 5894 280 5930 τε
306 5877 737 5941 Κωνσταντῖνον,
774 5870 835 5929 οὒ
898 5872 1070 5928 πάντα
1116 5869 1184 5923 τὰ
1238 5869 1477 5939 ἡμέτερα
1536 5868 1787 5941 ἤρτηται,

1896 4681 2282 4749 appellatione,
2313 4681 2439 4736 inde
2469 4682 2664 4735 ducam
2693 4682 3001 4737 exordium.
3049 4683 3325 4749 Quosnam
3359 4684 3470 4738 Ro-

1896 4772 2042 4825 mani
2094 4772 2357 4828 Romanis
2394 4773 2564 4843 magis
2591 4773 2936 4829 necessarios
2984 4776 3165 4829 socios
3198 4776 3474 4831 habeant?

1896 4862 2176 4928 Quosnam
2229 4879 2362 4918 vero
2404 4864 2473 4918 ad
2500 4863 2662 4918 Iidem
2697 4867 3148 4933 eomparatiores,
3173 4882 3337 4924 uuam
3372 4870 3467 4936 qui

1897 4957 2102 5012 habent
2131 4958 2380 5011 eamdem
2424 4956 2694 5026 patriam?
2731 4956 2933 5011 Eorum
2966 4973 3202 5028 namque
3252 4961 3467 5025 civitas,

1898 5059 2099 5102 nostra:
2129 5048 2449 5117 metropolis
2479 5058 2601 5112 est;
2637 5064 2872 5118 cumque
2911 5050 3141 5103 colonia:
3176 5066 3473 5106 commune

1897 5139 2231 5209 impertisset
2269 5156 2492 5206 nomen,
2550 5141 2666 5211 ipsa
2704 5141 2924 5210 quidem
2977 5142 3128 5197 velut
3160 5160 3473 5213 prOpugna-

1898 5234 2082 5288 culum
2099 5233 2155 5286 in
2178 5232 2474 5287 Occidente
2500 5233 2733 5297 mansit;
2760 5248 2860 5286 nos
2879 5248 3032 5297 vero,
3057 5235 3149 5303 qui
3175 5234 3473 5303 Asizeprm-

1897 5334 2163 5387 essemus,
2213 5320 2416 5385 emisit,
2449 5329 2507 5373 ut
2538 5321 2695 5388 plane
2744 5321 2985 5391 utrique,
3032 5339 3175 5377 unus
3210 5325 3467 5394 idemque

1898 5412 2133 5482 populus
2182 5404 2507 5475 videamur;
2560 5411 2846 5480 ambmque
2886 5413 3049 5467 urbes
3089 5414 3220 5468 urbs
3251 5416 3470 5477 eadem,

1900 5518 1997 5572 pro
2046 5503 2277 5559 coloniae
2322 5518 2387 5558 ac
2441 5505 2760 5573 metropolis
2807 5505 3054 5559 ratione:
3106 5506 3352 5575 nihilque
3401 5513 3472 5563 sit

1898 5594 2043 5665 quod
2080 5594 2404 5665 distinguat,
2454 5605 2684 5665 excepto
2718 5604 2777 5650 ut
2810 5598 3037 5652 alteram
3084 5597 3307 5665 quidem
3360 5598 3468 5652 llo-

1900 5688 2083 5741 mulus
2116 5686 2468 5754 fundaverit;
2498 5676 2726 5743 alteram
2767 5705 2915 5753 vero,
2948 5690 3067 5759 ejus
3096 5690 3310 5758 imperii
3340 5705 3469 5745 suc-

1901 5793 2086 5835 cessor
2128 5777 2528 5835 Constantinus
2560 5779 2891 5835 condiderit.
2924 5780 3065 5846 Quin
3116 5791 3174 5835 et
3203 5783 3470 5836 Constan-

1903 5872 2076 5926 tinum
2123 5887 2151 5925 a
2191 5886 2298 5941 quo
2345 5872 2526 5926 omnia
2561 5882 2745 5929 nostra
2780 5872 3039 5943 pendent,
3072 5872 3251 5929 sciunt
3277 5886 3473 5928 omnes
