4198 6440
159 482 253 550 981

1072 482 1358 542 ORATIO
1403 480 1546 542 PBt)
1593 485 1952 545 SUBSlDIO
1994 478 2473 543 LATINORUM.

3306 468 3410 532 983

158 603 334 666 Θανον,
364 598 633 651 ἀθάνατον
674 597 731 662 ἐξ
781 589 854 651 ὧν
890 598 1210 666 προείλοντο
1239 598 1397 663 δόξαν
1446 601 1727 670 κτησάμε-

1858 602 1939 670 psi
1979 600 2204 670 quidem
2256 607 2488 652 mortem
2537 596 2815 652 obierunt.
2877 590 3172 645 immortali
3213 606 3241 643 a
3284 606 3413 659 pro-

157 707 269 744 νοι.
300 692 445 759 ἡμᾶς
491 690 547 741 δὲ
587 690 720 759 πρὶς
779 688 838 742 τὸ
873 690 949 759 μὴ
1003 689 1282 744 δουλεύειν
1338 692 1603 761 αἰσχρῶς,
1638 693 1736 745 καὶ

159 785 370 835 πάντων
390 782 498 833 τῶν
524 784 588 850 τῇ
610 780 748 851 τύχῃ
772 780 945 850 ταύτῃ
973 782 1537 854 συγκεκληρωμένων,
1561 785 1737 853 ἀπήλ-

156 874 354 938 λαξανο
389 873 504 935 οὒς,
543 874 643 925 οὑκ
687 873 753 925 ἄν
780 890 865 934 τις
899 874 1158 943 ἁμάρτοι,
1192 875 1436 945 πύργους
1467 877 1564 944 τῆς
1596 878 1734 944 ἡμε-

154 967 313 1033 τέρας
345 964 547 1019 εἰπών’
583 966 658 1026 ὠς
718 967 767 1017 εί
824 965 901 1036 μὴ
961 968 1102 1035 σφᾶς
1135 966 1332 1021 αὐτοὺς
1387 967 1496 1020 τότ’
1533 970 1733 1021 ἐκεῖνοι

154 1061 264 1118 τοῖς
316 1059 615 1127 βαρϐάροις
651 1059 1013 1128 ἀντέστησαν,
1068 1060 1177 1112 οὐδ’
1206 1061 1275 1113 ἂν
1326 1055 1395 1131 ἦν
1432 1061 1573 1130 ὑπὲρ
1609 1062 1731 1114 ὅτου

159 1151 251 1203 νῦν
282 1151 387 1202 ἔδει
418 1150 791 1219 βουλεύεσθαι.
830 1152 970 1204 Ἀλλ’
1000 1153 1073 1204 ὲῶ
1105 1152 1263 1206 τοῦτό
1292 1171 1355 1219 γε
1379 1168 1395 1185 ο
1422 1153 1472 1205 οἱ
1501 1154 1544 1207 δ’
1569 1154 1735 1222 ὀλίγῳ

163 1240 426 1310 πρότερον
452 1241 545 1310 τὴν
569 1239 827 1311 Σμύρναν
856 1241 1278 1308 καταλαϐόντες,
1309 1245 1401 1296 καὶ
1427 1247 1518 1298 τὸν
1543 1244 1737 1313 λιμένα

162 1334 259 1401 μὲν
290 1335 682 1402 acutae/.621“,
720 1329 781 1387 οὗ
812 1335 881 1387 τά
916 1339 1093 1389 πᾶσαν
1121 1337 1218 1407 τὴν
1250 1337 1524 1407 ἡμετέραν
1548 1338 1737 1405 ἀοίκη-

153 1444 243 1476 τον
289 1429 630 1496 πεποιηκότα
663 1428 825 1482 πλοῖα
865 1430 972 1482 τῶν
1000 1429 1293 1500 βαρϐάρων
1324 1431 1731 1501 συνηθροίζετο,

150 1515 241 1565 τὸν
276 1516 331 1568 δὲ
363 1516 638 1584 βάρϐαρον
668 1518 857 1572 αὐτόθι
889 1521 1025 1586 πρὸς
1048 1523 1161 1584 τοῖς
1191 1522 1395 1591 τείχεσι
1427 1521 1734 1590 μαχόμενον

154 1612 490 1671 κ-είναντες,
528 1606 589 1664 οὗ
618 1612 843 1679 ζῶντος,
876 1614 1028 1666 οὐδὲν
1057 1614 1168 1667 τῶν
1196 1614 1383 1668 κακῶν
1412 1615 1735 1667 ἀνέλπιστον

149 1696 241 1770 ἦν,
294 1701 463 1754 πόθεν
522 1704 811 1773 ὡρμῶντο,
866 1707 963 1759 καὶ
1012 1708 1121 1759 τίσι
1174 1706 1527 1777 χαριζόμενοι
1579 1706 1738 1761 τοῦτο

151 1792 372 1846 ἐποίουν
403 1811 417 1858 ;
451 1795 587 1848 Οὔτε
625 1797 730 1867 γάρ
780 1798 1003 1850 Σκυθῶν
1032 1816 1179 1862 τινες
1228 1799 1259 1869 ἢ
1297 1799 1501 1852 Μυσῶν
1535 1799 1604 1853 τά
1633 1816 1740 1852 τοι-

152 1884 299 1937 αὕτα
331 1888 596 1956 ἐτόλμων,
631 1889 746 1942 οὔτ’
775 1891 957 1954 ἄλλοις
1001 1893 1145 1962 πλὴν
1175 1893 1335 1961 ἡμῶν
1373 1892 1737 1963 βοηθήσοντες

1839 695 2016 764 posito
2052 693 2333 760 animique
2382 689 2749 760 generositate
2795 682 3024 752 gloriam
3072 696 3416 751 consequen-

1838 796 1957 850 tes;
1990 801 2091 840 nos
2122 800 2254 837 vero
2286 798 2409 837 cum
2436 797 2464 835 a
2498 780 2641 849 turpi
2672 778 2954 837 servitute,
2991 784 3104 827 tum
3130 789 3160 827 a
3188 774 3414 843 reliquis

1838 878 1965 931 huic
1995 876 2128 931 sorti
2164 874 2507 942 fortunaeque
2537 872 2866 943 conjunctis,
2902 873 3246 929 liberarunt;
3279 881 3417 934 quos

1839 984 1965 1023 vere
2009 968 2201 1038 patriae
2234 975 2437 1021 nostra:
2472 963 2880 1035 propugnacula
2911 978 2974 1016 ac
3006 973 3185 1016 turres
3230 959 3415 1011 dit-as:

1839 1072 1899 1115 ut
1928 1060 2033 1115 nisi
2062 1076 2142 1124 sc,
2181 1070 2311 1114 tunc
2342 1060 2418 1113 illi
2452 1058 2709 1112 Barbaris
2738 1055 3091 1126 objeeisscut,
3142 1068 3211 1107 ne
3252 1049 3417 1104 modo

1838 1152 2060 1220 quidem
2090 1160 2235 1205 esset
2266 1150 2425 1219 cujus
2454 1150 2628 1219 gratia
2659 1148 3116 1203 deliberaremus.
3151 1145 3329 1211 Atque
3362 1140 3416 1193 id

1837 1243 2060 1313 quidem
2096 1243 2270 1306 bene;
2317 1242 2411 1311 qui
2461 1250 2644 1296 autem
2679 1241 2821 1294 haud
2870 1241 2941 1294 ita
2990 1238 3203 1309 pridem
3233 1234 3421 1303 Smyr-

1840 1352 1963 1389 nam
1994 1345 2282 1404 ceperunt,
2310 1350 2373 1389 ac
2402 1343 2621 1403 portum
2659 1334 2879 1402 quidem
2920 1337 3281 1399 occuparunt.
3324 1327 3415 1380 ubi

1840 1429 2209 1483 Barbarorum
2231 1428 2442 1490 classis,
2470 1441 2593 1495 quae
2613 1426 2923 1479 universam
2950 1433 3147 1476 terram
3171 1431 3414 1473 nostram

1840 1524 2206 1587 desolaverat,
2253 1522 2481 1576 collecta
2514 1531 2672 1583 erat;
2723 1521 3032 1588 eodemque
3061 1520 3182 1570 loco
3218 1511 3421 1568 Baiba-

1840 1633 1963 1673 rum
1996 1618 2062 1671 ad
2091 1630 2279 1669 muros
2304 1621 2635 1683 pugnantem
2669 1620 3022 1681 peremerunt
3052 1608 3151 1677 (9.).
3181 1623 3291 1676 quo
3334 1620 3421 1658 su-

1842 1710 2091 1779 perstite,
2147 1706 2358 1761 nullum
2408 1716 2525 1759 erat
2578 1705 2845 1757 malorum
2881 1717 3071 1770 genus,
3111 1698 3257 1768 quod
3310 1715 3425 1765 non

1843 1803 2177 1862 immineret,
2208 1800 2481 1852 uudcnam
2524 1796 2749 1865 profecti
2789 1803 2985 1857 erant,
3030 1794 3083 1845 iu
3113 1804 3420 1858 quorumve

1843 1897 2099 1964 gratiam,
2144 1908 2258 1946 rem
2310 1889 2578 1960 ejusmodi
2635 1886 3004 1957 pnestahaut?
3035 1885 3224 1953 Neque
3273 1882 3421 1934 enim

150 1973 309 2048 ἧκον.
331 1980 397 2032 Οἵ
416 1998 477 2048 γε
502 1985 608 2051 γάρ
633 1984 875 2048 ἐλθόντες
898 1988 960 2039 ἐκ
986 1961 1605 2041 τῶνγἊλπεωνήέπλεον.
1627 1987 1737 2040 Καὶ

1853 1961 2059 2058 βογιιιιε
2085 1984 2277 2053 aliqui,
2309 1996 2405 2035 aut
2441 1979 2569 2049 Mysi
2605 1978 2725 2030 talia
2762 1982 3268 2045 praesumpscruut;
3325 1986 3425 2024 nec

152 2073 177 2122 ὁ
206 2071 318 2122 τῶν
346 2073 669 2143 Σμυρναίων
701 2075 868 2147 λιμὴν
903 2078 1016 2131 ἴστε
1058 2079 1259 2142 πάντες
1287 2074 1376 2132 οἷα
1407 2082 1573 2133 πᾶσιν
1605 2081 1738 2148 ἡμῖν

153 2164 347 2233 ἤγειρε
383 2166 625 2233 κύματα.
661 2168 833 2222 Πόσον
864 2170 909 2223 δ’
943 2170 1081 2241 ὑπὲρ
1126 2171 1319 2224 τούτου
1353 2173 1443 2225 καὶ
1469 2172 1740 2241 σωμάτων

152 2259 252 2309 καὶ
286 2259 590 2328 χρημάτων
614 2260 821 2331 πλῆθος
852 2262 946 2315 καὶ
972 2264 1236 2334 πρότερον
1267 2263 1599 2333 ἁνηλοῦσθαι
1648 2266 1739 2318 δο-

161 2352 337 2415 κεῖτε,
355 2354 446 2403 καὶ
464 2351 558 2404 νῦν
580 2354 908 2409 ἀναλοῦσθαι
940 2358 1058 2409 κατ’
1085 2356 1237 2421 ἕτος;
1271 2359 1495 2421 Πάντως
1521 2358 1587 2412 ἂν
1611 2359 1740 2430 ἔστη

155 2443 251 2493 καὶ
286 2442 469 2509 πηγάς
498 2443 620 2513 ἔχον
646 2445 843 2516 ἀρχήν.
874 2448 1155 2503 Κάκείνων
1189 2449 1288 2519 μὲν
1312 2452 1361 2504 oi
1391 2451 1627 2506 κίνδυνοι
1652 2452 1758 2505 καὶ·

155 2541 224 2585 τα
246 2532 603 2604 ἀναλώματα·
632 2538 766 2606 ἡμῖν
782 2537 838 2591 δὲ
862 2538 1196 2609 καθημένοις
1214 2541 1281 2593 τά
1298 2539 1550 2594 ἐντεῦθεν
1570 2557 1745 2610 προσ-

154 2628 372 2694 γίνεται
404 2628 594 2698 κέρδη.
631 2631 762 2683 Τίνα
810 2632 866 2684 δὲ
894 2632 1038 2697 λέγω
1080 2632 1289 2697 ταύτας
1322 2633 1442 2686 Τῶν
1468 2630 1747 2702 αἰχμαλώ-

154 2736 271 2770 των
300 2721 350 2772 oi
403 2721 727 2791 καθημέραν
775 2725 1205 2791 ἀνασωζόμενοι,
1236 2727 1330 2793 οὓς
1380 2731 1748 2801 ἀπειρήκασιν

153 2805 552 2875 ἀριθμοῦντες,
572 2804 653 2873 οἷς
670 2812 842 2865 ταῦτα
867 2815 1134 2883 ἐμέλησεν
1157 2818 1496 2888 ἀναγράφειν
1517 2834 1532 2849 ·
1564 2821 1621 2873 αί
1643 2820 1749 2873 τῶν

154 2900 426 2969 ἐμπόρων
472 2904 797 2970 ἀναγωγαί·
825 2906 885 2956 τῦ
924 2906 1059 2974 μηδὲ
1093 2908 1195 2974 τῆς
1243 2909 1513 2980 θαλάττης
1567 2912 1753 2980 εἴργε-

156 2992 291 3046 σθαι
320 3011 334 3024 ·
364 2993 424 3046 τὺ
468 2996 566 3057 τὰς
602 2999 798 3066 νήσους
846 2997 922 3067 μὴ
975 3002 1364 3071 ἀνηρπάσθαι·
1400 3003 1563 3056 πάνθ’
1609 3004 1753 3057 ὅσων

158 3085 297 3155 ’πρὶν
334 3086 689 3156 ὴνειχόμεθα.
751 3091 829 3141 Τά
872 3091 928 3143 δὲ
965 3092 1101 3161 πρὸς
1138 3093 1351 3166 Ἴμϐρῳ
1402 3096 1535 3166 παρ’
1570 3095 1754 3151 αὐτῶν

155 3178 439 3245 γενόμενα
463 3220 477 3241 ,
522 3180 656 3246 πρὸς
685 3181 784 3251 τῆς
812 3182 1068 3250 ἀληθείας
1098 3186 1287 3254 αὐτῆς,
1319 3187 1460 3255 ὑπὲρ
1492 3188 1639 3251 τίνος
1668 3206 1755 3252 τις

1844 2079 1880 2134 ii
1928 2078 2051 2132 aliis
2092 2091 2256 2146 quam
2289 2074 2449 2128 nobis
2480 2071 2760 2141 suppetias
2789 2078 3097 2122 venerunt:
3132 2066 3225 2136 qui
3276 2065 3425 2119 enim

1843 2178 2134 2233 venerant,
2160 2170 2230 2224 ab
2251 2168 2477 2238 Alpibus
2502 2168 2842 2235 navigarant.
2866 2162 3031 2218 Scitis
3055 2175 3186 2215 vero
3208 2174 3423 2221 unines,

1844 2274 2083 2336 quantos
2113 2262 2389 2317 universis
2436 2260 2597 2315 nobis
2632 2256 2959 2312 excitaverit
2995 2255 3198 2309 fluctus
3234 2253 3427 2322 Smyr-

1848 2373 1931 2411 nae
1981 2365 2197 2426 portus.
2245 2356 2517 2420 Quantam
2569 2367 2700 2405 vero
2752 2351 2873 2421 ejus
2923 2363 3086 2403 causa
3140 2346 3429 2400 hominum

1849 2448 2279 2511 multitudinem,
2295 2457 2597 2517 quantasve
2618 2459 2773 2515 opes,
2796 2458 2918 2497 cum
2936 2443 3088 2512 prius
3104 2448 3429 2506 consumpta

1848 2540 2191 2603 existimatis,
2222 2538 2638 2604 etiamnumque
2682 2534 2841 2589 annis
2875 2533 3109 2602 singulis
3136 2526 3431 2584 consumi?

1850 2636 2017 2690 Plane
2065 2633 2298 2688 stitisset
2341 2630 2428 2685 cui
2478 2631 2563 2683 vel
2593 2630 2772 2683 fontes
2822 2628 3041 2682 initium
3073 2623 3323 2678 fuissent.
3358 2621 3435 2675 Ac

1853 2731 1931 2785 illi
1970 2728 2192 2799 quidem
2227 2725 2492 2796 periculis
2516 2724 2755 2778 defuncti
2785 2731 2934 2787 sunt,
2964 2726 3326 2787 sumptusque
3357 2712 3435 2767 fc—

1853 2828 2073 2879 cerunt,
2102 2818 2263 2872 nobis
2285 2831 2416 2870 vero
2443 2815 2789 2877 sedentibus,
2812 2827 2936 2882 quae
2960 2811 3085 2875 inde
3112 2818 3239 2864 sunt
3261 2808 3434 2878 lucra,

1857 2913 2150 2968 accedunt.
2182 2912 2443 2976 Quaenam
2472 2923 2600 2962 vero
2630 2907 2744 2961 lucc
2774 2905 2933 2960 dico?
2969 2902 3194 2972 Recepti
3214 2917 3277 2956 ac
3298 2900 3432 2954 salvi

1856 3004 2103 3075 quotidie
2152 3002 2393 3070 captivi,
2444 2999 2644 3069 quibus
2688 2996 3044 3052 numerandis
3095 3009 3163 3048 ne
3200 2992 3437 3046 suiIieieo

1860 3098 2254 3168 bantquidem,
2305 3093 2398 3164 qui
2437 3091 2849 3163 perscribendis
2870 3105 3094 3159 operam
3117 3087 3392 3158 ponebant
3423 3102 3435 3136 :

1859 3191 2259 3248 mercatoribus
2279 3189 2451 3243 libera
2478 3185 2839 3255 navigatiomt
2870 3199 2937 3238 ne
2955 3182 3091 3237 mari
3124 3194 3434 3238 arceantur,

155 3272 381 3336 νομίσει
421 3271 737 3341 πεπρᾶχθαι
763 3290 777 3337 ;
809 3275 878 3326 Ἢ
906 3275 1069 3327 κάκεῖ
1094 3278 1221 3337 τοὺς
1265 3277 1582 3348 βαρϐάρους
1614 3281 1751 3351 ὑπὲρ

1860 3294 1921 3339 ιιι
1950 3301 2016 3338 ne
2046 3284 2234 3337 hostes
2264 3279 2551 3348 rapuerint
2583 3277 2811 3337 insulas,
2846 3287 3190 3344 quaecunque
3214 3271 3437 3323 demum

152 3364 382 3417 ἑαυτῶν
418 3368 773 3435 ἀμυνόμενοι,
809 3368 878 3421 τὰ
901 3368 1109 3421 τοιαῦτ’
1132 3371 1540 3440 ὲπεδείκνυντος

1857 3377 2013 3446 prius
2044 3375 2188 3444 passi
2227 3388 2438 3428 sumus.
2466 3372 2598 3439 Quae
2626 3387 2755 3425 vero
2791 3370 2858 3423 ab
2889 3368 2972 3422 eis
3005 3365 3149 3433 apud
3196 3364 3435 3418 imbrum

154 3467 323 3527 gesta
359 3469 508 3523 sunt,
555 3475 654 3530 per
690 3460 863 3529 ipsam
913 3462 1164 3516 obtestor
1210 3466 1525 3533 veritatem,
1563 3470 1847 3539 cujusnam
1922 3470 2048 3538 quis
2115 3468 2288 3540 gratia
2356 3474 2506 3536 gesta
2582 3464 2898 3535 putaverit?
2943 3463 3132 3517 lllicne
3195 3472 3439 3529 quoque’

154 3562 225 3605 ut
265 3550 538 3606 Barbaros
572 3556 655 3607 sui
695 3568 861 3609 causa
911 3556 1329 3625 ulciscerentur,
1386 3561 1513 3615 talia
1572 3562 1969 3634 designarunt?

249 3642 395 3694 Ἀλλ’
447 3642 559 3696 οὔτ’
612 3648 809 3703 ἐκεῖνοι
854 3646 1075 3699 πώποτε
1132 3650 1382 3720 καθῆκαν
1416 3654 1497 3715 εἰς
1542 3655 1633 3707 τὸν
1687 3656 1759 3707 Α-

151 3734 350 3803 δρίαν,
380 3735 433 3787 οἵ
481 3753 544 3803 γε
577 3738 685 3789 οὐδ’
718 3739 918 3804 ἴσασιν,
946 3741 1061 3793 οὐθ’
1102 3740 1254 3812 εὖροι
1276 3761 1361 3807 τις
1390 3744 1456 3797 ἂν
1497 3745 1759 3800 Ἰταλικὸν

154 3826 512 3895 ἀνδράποδον
558 3830 616 3880 ὲν
664 3828 874 3901 Ἐφέσῳ
927 3834 1023 3885 καὶ
1069 3834 1400 3905 Μαγνησίᾳ·
1440 3837 1555 3889 ἀλλ’
1591 3839 1755 3907 ἡμεῖς

151 3919 340 3984 ἐσμὲν
367 3921 415 3971 oi
440 3920 787 3983 δουλεύοντες
812 3925 1090 3993 πανταχοῦ
1113 3941 1127 3955 ο
1162 3927 1305 3997 ὑπὲρ
1334 3921 1407 3982 ὧν
1436 3930 1637 3981 ἐκεῖνοι
1664 3946 1761 3982 παι

154 4012 548 4079 ροξυνθέντες,
594 4016 805 4083 ὀλίγαις
847 4017 1133 4087 τριήρεσιν
1173 4020 1627 4087 ἐπιπλεύσαντες,
1659 4039 1758 4076 καο

151 4104 403 4157 τέλαὸον
438 4107 565 4168 τοὺς
590 4106 923 4176 βαρϐάρους,
958 4109 1136 4164 εἴκοσι
1184 4113 1277 4165 καὶ
1320 4113 1515 4166 ἑκατὸν
1548 4114 1759 4178 πλοίοις

153 4198 739 4267 ἀνδραποδιζομένους
770 4202 1127 4272 τὴνἼμϐρον.
1152 4203 1286 4257 Οῖαν
1320 4204 1364 4257 δ’
1391 4207 1510 4259 ἐκεῖ
1533 4205 1758 4272 τούτους

156 4289 315 4357 ὑπὲρ
376 4291 533 4359 ήμῶν
584 4290 874 4361 ἀπῄτησαν
926 4294 1105 4362 δίκην,
1148 4295 1331 4348 ἴσασιν
1368 4298 1417 4349 οἱ
1470 4297 1630 4368 μέχρι
1659 4297 1757 4351 νῦν

151 4384 405 4434 ἐκείνων
462 4384 804 4451 μεμνημένοι
837 4384 945 4436 τῶν
975 4387 1269 4455 ναυαγίων.
1306 4388 1499 4457 Σχεδὸν
1536 4390 1645 4461 γάρ
1666 4391 1759 4445 ού-

150 4474 282 4535 δεὶς
309 4475 429 4526 τότε
454 4475 672 4542 λέγεται
701 4476 809 4527 τῶν
834 4474 1129 4547 βαρϐάρων
1150 4481 1456 4548 διαφυγεῖν.
1490 4484 1599 4536 Καὶ
1628 4499 1758 4535 σιω-

150 4566 255 4619 πῶ
293 4567 363 4619 τά
404 4568 460 4619 ὲν
518 4567 910 4638 Πελοποννήσῳ
960 4569 1229 4639 λῃστρικὰ
1260 4573 1441 4636 πλοῖα,
1508 4576 1603 4628 καὶ
1646 4574 1757 4629 τῶν

153 4660 478 4731 βαρϐάρων
505 4661 633 4722 τοὺς
679 4660 866 4714 αὐτόθι
899 4662 1297 4732 διαφθαρέντας
1320 4705 1335 4729 ,
1379 4667 1473 4718 καὶ
1499 4666 1661 4720 πάλιν
1689 4668 1759 4722 τὰ

154 4753 318 4821 προς
354 4752 643 4822 Θετταλίᾳ,
688 4755 782 4806 καὶ
841 4753 973 4823 ίερῷ
1020 4754 1161 4823 ὄρει,
1218 4758 1313 4810 καὶ
1349 4756 1754 4829 Ἑλλησπόντῳ,

152 4846 271 4899 καὶ
307 4843 513 4907 πάσαις
558 4844 762 4915 νήσοις.
796 4846 990 4915 Σχεδὸν
1034 4848 1140 4917 γὰρ
1177 4850 1419 4920 ἑκάστης
1452 4851 1670 4922 ἡμέρας
1703 4851 1758 4905 ἔ-

1937 3655 2236 3710 Enimvero
2277 3666 2453 3721 neque
2480 3651 2557 3705 illi
2587 3666 2823 3721 unquam
2850 3650 2902 3703 in
2929 3648 3267 3703 Adriaticum
3297 3663 3444 3703 mare

1863 3746 2290 3807 descenderunt,
2339 3744 2487 3815 quod
2519 3759 2588 3798 ne
2622 3753 2830 3799 norunt
2873 3742 3135 3813 quidem;
3187 3758 3287 3797 nee
3316 3743 3441 3811 quis

1864 3854 2086 3893 servum
2141 3855 2205 3893 ex
2258 3839 2409 3893 ltalia
2454 3837 2657 3906 Ephesi
2705 3853 2767 3890 ac
2801 3836 3089 3906 Magnesia:
3127 3837 3439 3891 invenerit:

1862 3948 1964 3986 nos
1984 3948 2117 3986 vero
2144 3933 2178 3986 ii
2208 3948 2417 3996 sumus,
2444 3933 2538 4001 qui
2566 3931 2771 4000 ubique
2794 3932 3038 4001 gentiqu
3065 3931 3207 3984 servi
3228 3946 3438 3990 sumus.

1862 4040 2098 4095 quorum
2160 4024 2234 4078 illi
2272 4039 2435 4079 causa
2484 4024 2822 4087 exacerbati,
2871 4023 3065 4092 paucis
3122 4023 3443 4076 triremibus

1861 4118 2097 4182 advecti,
2144 4118 2413 4173 Barbaros
2461 4126 2752 4187 ceperunt,
2806 4130 2931 4169 cum
2973 4115 3049 4168 illi
3101 4126 3321 4169 centum
3378 4130 3443 4169 ac

1862 4212 2057 4281 viginti
2110 4211 2456 4282 navigiorum
2509 4211 2707 4275 classe,
2763 4208 3005 4263 Imbrum
3041 4208 3438 4278 manciparent.

1861 4305 2036 4370 Quam
2070 4320 2201 4359 vero
2233 4320 2428 4375 graves
2458 4304 2526 4358 ab
2550 4305 2632 4357 eis
2656 4318 2844 4372 poenas
2872 4316 2973 4356 nos
2997 4302 3325 4356 ulciscentes
3348 4316 3441 4355 ex-

1861 4397 2095 4465 egerint,
2128 4399 2311 4451 sciunt
2351 4396 2444 4466 qui
2486 4396 2754 4449 hactenus
2804 4393 2943 4447 facta
2995 4393 3105 4447 illic
3156 4393 3439 4463 naufragia

1865 4489 2125 4540 memoria
2166 4487 2427 4541 retinent.
2466 4486 2673 4540 Ferunt
2701 4484 2849 4538 enim
2880 4483 2966 4538 vix
3000 4499 3334 4553 quemquam
3362 4483 3443 4538 cf-

1864 4580 2067 4649 fugisse
2093 4579 2483 4634 Barbarorum.
2517 4580 2665 4634 Sileo
2699 4579 2960 4650 piraticas
2986 4579 3039 4631 in
3065 4578 3443 4647 Peloponneso

1862 4687 2051 4734 naves,
2077 4688 2139 4726 ac
2156 4671 2431 4726 Barbaros
2457 4670 2569 4725 illic
2599 4670 2962 4725 internecioni
2982 4670 3170 4723 datos:
3198 4686 3431 4725 rursum-

1866 4778 1973 4831 que
2001 4775 2151 4833 gesta
2178 4764 2232 4817 in
2262 4762 2567 4829 Thessalia,
2607 4772 2793 4817 monte
2825 4770 3036 4829 sancto,
3076 4761 3432 4832 Hellesponto

1863 4872 1927 4911 ac
1958 4856 2216 4910 omnibus
2252 4856 2466 4910 insulis.
2514 4855 2618 4911 Vix
2666 4856 2815 4911 enim
2868 4856 3113 4924 praeterit
3140 4856 3282 4923 dies,
3324 4872 3447 4924 qua:

149 4936 339 5007 χουσί
367 4954 420 4989 τι
450 4937 632 5006 λέγειν
666 4938 811 4990 κατὰ
843 4938 952 4989 τῶν
987 4939 1282 5010 βαρϐάρων
1323 4942 1415 4995 ὑπ’
1451 4943 1629 4997 αὐτῶν
1664 4963 1751 4998 περι

1864 4964 1975 5003 non
2023 4947 2230 5017 aliquid
2266 4948 2321 5001 in
2374 4947 2645 5003 Barbaros
2677 4948 2745 5002 ab
2773 4947 2856 5003 eis
2883 4948 3229 5019 designatum
3281 4946 3446 5001 ferat.

152 5030 521 5100 πραγμένον.
564 5030 751 5094 Οὕτως
782 5034 968 5097 αὐτοῖς
1004 5033 1103 5103 μὲν
1135 5034 1194 5087 τὸ
1251 5036 1487 5106 νικᾷν,ἡ
1532 5031 1673 5109 ἧττα
1699 5038 1756 5091 δὲ

1869 5039 1960 5094 Sic
1985 5040 2207 5107 quidem
2247 5040 2403 5110 ipsis,
2440 5041 2698 5105 vincere;
2732 5039 2986 5096 Barbaris
3018 5050 3199 5094 autem
3233 5039 3379 5093 vinci
3417 5054 3444 5091 a

1463 5130 1567 5191 Fr.
1604 5130 1972 5195 Combetisii
2003 5141 2190 5196 notua.

245 5246 341 5302 (Ξ)
381 5246 640 5302 Eamdem
673 5250 1087 5305 Cantacnzcnus
1122 5251 1406 5305 historiam
1445 5254 1631 5317 refert,
1664 5255 1762 5312 lib.

154 5336 257 5379 ιιι,
299 5318 395 5367 ubi
428 5320 656 5372 classem
688 5320 1028 5375 Rhodiorum
1062 5337 1123 5375 ac
1153 5324 1387 5376 aliorum
1414 5324 1762 5386 Latinorum,

152 5387 569 5459 quziib‘myrna
613 5400 769 5459 capta
820 5397 925 5452 est,
957 5392 1028 5444 24
1080 5394 1386 5445 triremium
1445 5396 1617 5449 fuisse
1666 5395 1763 5459 ait,

150 5458 542 5526 rzclvbratque
597 5458 791 5514 eorum
865 5459 1187 5515 immensam
1248 5461 1650 5529 fortitudinem,
1709 5458 1767 5519 ut

151 5530 354 5602 ipse-
405 5544 642 5602 praesens
719 5534 949 5602 Ameras
1026 5548 1135 5585 non
1220 5534 1459 5599 potuerit
1548 5545 1766 5602 portum

154 5596 356 5651 Iittari
396 5613 458 5671 ac
491 5601 701 5671 urbem.
754 5600 873 5671 Non
918 5600 1090 5667 liquet
1121 5596 1412 5671 quemnam
1460 5596 1765 5659 Barbarum

150 5669 503 5739 Demetrius
536 5669 608 5724 ibi
657 5670 899 5723 occisum
947 5671 1113 5731 dicat,
1142 5669 1171 5724 a
1222 5687 1332 5739 quo
1359 5680 1507 5727 tanta
1565 5673 1768 5730 Gra‘cis

150 5737 507 5808 immineret
570 5738 877 5808 pernicies;
916 5741 1051 5794 nihil
1120 5737 1267 5795 enim
1347 5743 1768 5799 Cantacuzenus

149 5806 463 5876 ejusmodi
495 5806 678 5884 habet.
714 5809 935 5884 Lubens
967 5810 1205 5884 doceree
1240 5812 1292 5884 in
1324 5829 1487 5884 quem
1532 5815 1770 5884 impera-

153 5880 707 5955 turqtuqtraaccdens
739 5879 967 5955 historia
1018 5880 1208 5955 referri
1252 5879 1468 5955 debeat,
1519 5879 1645 5938 vere
1682 5887 1767 5940 illa

158 5948 410 6001 Latinis
446 5966 507 6003 ac
541 5949 814 6017 Ucciduis,
864 5960 923 6004 ut
958 5967 1060 6020 qua
1107 5952 1232 6016 alia,
1281 5952 1536 6020 gloriosa.
1583 5956 1685 6010 Sed
1716 5967 1769 6011 Cl

1874 5256 2082 5325 reliqua
2127 5256 2180 5310 in
2234 5256 2458 5310 eosdem
2507 5254 2743 5310 subinde
2788 5257 2937 5309 velut
2978 5254 3167 5325 obiter
3209 5254 3354 5308 dicta
3388 5271 3451 5309 ac

1876 5324 2133 5387 iudieata,
2173 5328 2401 5382 omnino
2439 5327 2527 5379 illa
2556 5326 2837 5394 prreclara,
2867 5341 2930 5379 ac
2978 5340 3105 5379 vere
3146 5324 3446 5379 Christiani

1877 5398 2115 5465 pectoris
2136 5412 2260 5451 cum
2294 5400 2408 5465 pari
2439 5396 2887 5465 magnanimitate
2918 5396 3149 5448 heroum
3178 5396 3448 5464 majorum

1877 5476 2215 5531 nostrorum,
2267 5482 2504 5534 quorum
2558 5466 2708 5519 orbis
2771 5480 2925 5519 sacro
2975 5465 3244 5533 ejusmodi
3306 5466 3451 5518 bello

1873 5536 2200 5600 facinorum,
2268 5540 2545 5591 theatrum
2608 5536 2744 5597 fuit,
2806 5536 3138 5603 przemiator,
3194 5536 3336 5588 Deus
3388 5551 3449 5588 ac

1877 5607 2022 5659 coeli.
2049 5607 2266 5662 Utinam
2308 5622 2438 5660 vero
2465 5615 2684 5660 tandem
2738 5604 3055 5672 aliquando.
3087 5620 3152 5659 ac
3182 5606 3262 5659 vel
3304 5620 3451 5669 sero,

1876 5687 2103 5745 nepotes
2137 5693 2199 5732 ac
2224 5678 2342 5742 filii,
2368 5680 2453 5729 vix
2480 5676 2779 5746 quidquam
2802 5677 3169 5744 generositate
3193 5675 3452 5743 impares,

1876 5748 2163 5816 εμφύλιον,
2236 5763 2345 5816 quo
2413 5747 2772 5816 discordibus»
2821 5746 2979 5799 nobis
3034 5746 3298 5799 dilabitur
3367 5762 3454 5798 res

1875 5814 2206 5879 Christiana,
2256 5814 2721 5871 ‘emnmutaverint
2762 5814 2815 5869 iu
2869 5831 2995 5869 vere
3046 5831 3284 5879 sacrum,
3341 5817 3453 5869 aii

1879 5895 2040 5954 taque
2075 5891 2271 5956 pietate
2300 5900 2528 5941 matrem
2558 5887 2836 5942 vindicare
2867 5886 3199 5941 studuerint.
