4198 6440
757 425 858 486 953

2001 428 2374 489 DEMETRH
2414 426 2723 491 CYDOXII
3922 440 4029 499 F82

769 542 1039 609 principio
1067 541 1285 596 videtur
1314 544 1599 615 obtigisse.
1631 546 1741 601 Nec
1769 548 2215 617 congressionem
2253 559 2334 597 εει

2440 550 2553 609 τοῖς
2585 548 2884 619 βαρϐάροις
2914 549 2972 615 ἐξ
3004 552 3180 622 ἀρχῆς
3242 554 3714 622 συγκεκλήρωται.
3771 557 3883 608 Καὶ
3922 558 4029 605 οἰκ

755 636 970 701 signare
999 636 1178 700 liceat,
1209 654 1314 705 qna
1376 656 1483 691 non
1528 640 1762 695 victores
1788 653 1988 709 tropara
2024 640 2327 695 ercxerint.

758 723 1049 778 Enimvero
1080 743 1204 780 cum
1241 730 1310 780 ab
1340 731 1569 799 antiquo
1604 734 1873 801 co:perint
1905 733 2176 786 Barbaros
2202 747 2328 799 pro-

748 816 906 881 δυσιειί
948 818 1097 879 odio,
1136 818 1403 872 hactenus
1441 833 1812 889 perseverant,
1845 824 2059 876 utnihil
2085 838 2324 890 unquam

750 904 974 960 foederis
1002 909 1221 962 ineundi
1268 914 1657 965 meminerint:
1695 923 1859 982 atque
1892 915 2031 967 adeo
2067 930 2153 967 res
2184 915 2330 979 ejus-

753 998 921 1061 modi,
973 1000 1173 1053 nedum
1222 1017 1339 1055 :evo
1391 1004 1516 1066 hoe,
1550 1006 1788 1058 nominis
1825 1006 1904 1059 eis
1932 1006 2121 1059 alTerct
2161 1006 2325 1058 clari-

752 1098 952 1153 tat~-m;
995 1105 1188 1143 verum
1230 1094 1391 1144 etiam
1449 1094 1635 1147 futuro
1684 1110 2007 1163 magnorum
2057 1098 2325 1148 bonorum

750 1180 917 1233 habet
949 1184 1457 1249 reproinissioncm.
1491 1186 1678 1254 Atqui,
1719 1188 1844 1255 quis
1871 1188 2078 1241 certius
2104 1186 2324 1255 aliquod

747 1284 1133 1339 argumentum
1189 1276 1343 1338 velit,
1388 1285 1446 1329 ut
1480 1293 1585 1330 non
1636 1278 1671 1330 ii
1725 1278 1904 1341 facile,
1941 1289 2197 1347 tanquam
2230 1294 2328 1331 co-

750 1362 922 1415 lorem
953 1365 1062 1416 sint
1090 1367 1418 1419 sententiam
1450 1368 1736 1431 mutaturi,
1777 1384 1941 1437 quam
1973 1378 2034 1423 ut
2061 1371 2328 1423 diuturno

748 1456 886 1508 adeo
920 1465 1167 1523 tempore
1202 1458 1468 1510 adversus
1501 1458 1768 1512 Barbaros
1795 1460 2197 1527 depugnantes,
2230 1477 2325 1515 ne-

748 1562 854 1612 que
892 1548 991 1613 ipsi
1043 1562 1282 1614 unquam
1315 1548 1562 1601 inducias
1609 1550 1875 1615 petierint
1900 1588 1915 1611 ,
1948 1566 2049 1602 nec
2077 1551 2327 1604 hostibus

747 1637 1022 1690 Voluerint
1064 1639 1312 1699 concedi,
1351 1648 1605 1706 tanquam
1660 1656 1787 1692 vero
1833 1640 1901 1691 ab
1949 1640 2064 1707 ipsa
2124 1652 2325 1695 natura

752 1729 806 1781 in
838 1744 933 1781 ros
966 1730 1165 1782 bz-llum
1208 1730 1571 1797 susceperint,
1604 1731 1681 1783 sic
1708 1746 1900 1785 eorum
1935 1731 2148 1784 ruinam
2188 1733 2324 1787 lucri

750 1822 969 1873 maximi
1001 1822 1124 1874 loco
1162 1822 1364 1874 habent
1390 1821 1412 1873 ?
1439 1820 1592 1885 Quod
1641 1831 1821 1875 autem
1856 1838 1961 1875 non
1992 1824 2098 1877 nisi
2131 1825 2324 1892 grandi

748 1928 854 1965 :ere
881 1912 1007 1965 talia
1040 1914 1326 1981 designare
1362 1914 1661 1980 potuerint,
1695 1914 1962 1968 ridiculus
1991 1917 2091 1969 sim
2120 1926 2179 1969 ut
2200 1932 2325 1985 pro-
2364 1897 2406 1952 Β

752 2007 879 2057 bare
910 2006 1257 2058 lentaverini.
1293 2004 1489 2058 Sciunt
1519 2021 1649 2057 vero
1674 2006 1768 2073 qui
1799 2008 2017 2060 navales
2046 2009 2331 2063 instruunt

753 2096 963 2164 Copias,
1018 2096 1150 2148 nihil
1188 2095 1543 2163 paucioribus
1577 2096 1831 2164 indigere
1857 2097 1921 2148 ad
1964 2108 2328 2151 commeatum

753 2185 900 2240 bello
931 2196 1301 2254 comparatam
1337 2187 1540 2248 navim,
1574 2195 1737 2253 atque
1774 2188 2016 2255 indigeat
2060 2205 2164 2241 una
2198 2191 2331 2243 urbs

752 2289 886 2332 tota.
940 2278 1044 2331 Tot
1079 2294 1214 2332 vero
1262 2279 1336 2332 illi
1392 2280 1651 2332 continue
1700 2280 1980 2333 instruunt
2011 2282 2232 2346 classes,
2274 2290 2333 2335 ut

750 2371 917 2425 ludus
949 2370 1171 2439 quidem
1221 2370 1494 2435 videatur,
1533 2386 1697 2439 quam
1732 2370 1901 2425 (ἑταεοί
1937 2375 2204 2426 miserunt
2236 2390 2333 2426 cx-

753 2474 1052 2531 pugnatum
1090 2462 1353 2532 Trojam:
1402 2463 1481 2516 sic
1515 2464 1663 2516 velut
1708 2478 1739 2516 e
1773 2463 2040 2526 fontibus,
2085 2467 2332 2533 pecuniae

751 2556 1006 2610 aﬂluunt.
1054 2556 1168 2611 Nec
1199 2557 1484 2609 hominum
1541 2573 1704 2626 quam
1758 2558 2119 2626 pecuniarum
2156 2560 2335 2613 minor

752 2648 933 2717 repia.
974 2648 1080 2701 Per
1129 2649 1382 2701 nationes
1420 2647 1594 2711 enim,
1648 2649 2012 2716 sodaliiiaque
2062 2665 2124 2703 ac
2158 2652 2335 2706 tribus

754 2748 1062 2802 transeunt,
1099 2749 1158 2792 ut
1191 2739 1484 2791 videantur
1508 2739 1681 2807 patria
1716 2741 1902 2793 relicta
1935 2742 2043 2793 alio
2098 2742 2329 2795 commi-

752 2848 930 2902 grarc.
962 2831 1118 2895 Quod
1148 2830 1193 2887 si
1227 2831 1349 2899 quis
1378 2848 1444 2885 eo
1478 2833 1683 2885 moveri
1722 2832 1892 2897 dicat,
1928 2835 2071 2903 quod
2106 2850 2205 2888 nos
2234 2836 2335 2889 nii-

753 2930 1023 2984 scrantcs,
1055 2922 1195 2975 mala
1242 2930 1425 2974 nostra
1480 2936 1633 2973 suam
1674 2923 1915 2989 ipsorum
1966 2924 2333 2979 calamitatem

753 3012 993 3075 ducant;
1022 3010 1153 3079 quid
1184 3011 1267 3065 vel
1294 3021 1552 3079 parentes
1582 3012 1908 3079 ampliorum
1944 3014 1994 3065 in
2031 3028 2129 3065 nos
2161 3012 2337 3067 visee-

755 3122 875 3157 rum
928 3103 1222 3157 ostcndere
1282 3103 1529 3155 valeant?
1586 3101 1681 3155 Sin
1737 3116 1943 3167 autem,
1982 3113 2141 3157 tanta:
2188 3105 2335 3157 illius

2442 640 2586 694 Enn
2611 644 2700 695 ὅτε
2729 644 3101 713 συμϐαλόντες
3122 648 3222 698 οὐκ
3251 647 3557 715 ἀνέστησαν
3586 647 3839 713 τρόπαια.
3861 647 3951 697 Ἀ)
3967 648 3986 694 λ
4004 648 4032 695 ά

2442 734 2548 801 μὴν
2572 734 2781 787 ἀνωθεν
2820 736 2914 788 τοῦ
2952 737 3089 806 πρὸς
3128 740 3255 799 τοὺς
3293 739 3607 807 βαρὸἀρους
3641 739 3833 807 μῖσους
3860 738 4033 801 ἀρξά-

2441 843 2614 894 μενοι,
2645 826 2794 894 δεῦρ’
2814 828 2901 880 ἀεὶ
2930 828 3331 893 διαγεγόνασιν,
3362 829 3482 880 οὖδέ
3516 845 3642 879 ποτε
3684 828 4031 894 μνητῠέντες

2440 920 2721 971 σπονδῶνο
2759 921 2836 981 ὡς
2889 920 3039 973 τοῦτ’
3089 921 3274 983 αὐτοῖς
3309 921 3410 973 οὒκ
3449 920 3681 971 ὲνταῦοα
3738 921 3905 984 μόνον
3940 917 4032 969 εὖ·

2438 1013 2628 1065 κλειαν
2654 1008 2821 1075 οἷσον,
2855 1012 2991 1063 ἀλλὰ
3035 1014 3126 1063 καὶ
3162 1012 3300 1079 πρὸς
3325 1012 3386 1063 τὸ
3415 1012 3611 1079 μέλλον
3654 1012 3886 1075 inﬂa:
3928 1029 4027 1077 με·

2436 1105 2617 1170 γάλων
2653 1105 2776 1172 ἔχον
2809 1105 3165 1170 ἐπαγγελίαν.
3202 1106 3394 1157 Καίτοι
3426 1104 3511 1165 τίς
3557 1104 3621 1155 ἂν
3668 1103 3801 1155 ἄλλο
3843 1105 4028 1168 μεῖζον

2437 1196 2551 1263 ἔχοι
2590 1196 2894 1263 τεκμήριον
2921 1194 3018 1247 τοῦ
3067 1196 3196 1256 τοὺς
3228 1195 3427 1260 ἄνδρας
3466 1194 3540 1261 μὴ
3590 1195 3798 1261 ῥᾴδιον,
3835 1192 4025 1259 ὥσπερ

2437 1290 2649 1358 χροιὰς,
2686 1290 3044 1357 μεταϐάλλειν
3075 1288 3175 1346 τάς
3208 1288 3431 1355 γνώμας
3463 1288 3496 1355 ἦ
3537 1286 3797 1337 τοῖοίτον
3832 1286 4026 1351 κρίνον

2438 1382 2817 1449 πολεμοῦντας
2851 1382 2987 1449 πρὸς
3019 1382 3355 1449 βαρϐάρους,
3386 1382 3589 1447 ἀνοχὰς
3640 1380 3772 1445 μήτ’
3828 1380 4026 1435 αὐτοις

2435 1476 2675 1542 αἰτῆσαι,
2709 1477 2846 1542 μήτε
2901 1475 3127 1541 θελῆσαι
3165 1472 3352 1525 δοῦναι
3393 1474 3506 1531 τοῖς
3538 1472 3835 1535 πολεμίοις
3863 1486 3879 1498 ⁸
3914 1469 4023 1521 ἀλλ’

2436 1565 2626 1633 ῶσπερ
2658 1566 2754 1615 καὶ
2797 1564 2893 1630 τὴν
2927 1564 3065 1632 πρὸς
3101 1563 3346 1624 ἐκείνους
3388 1563 3570 1629 μάχην
3601 1562 3744 1627 μετᾶ
3780 1564 3885 1627 τῆς
3932 1563 4023 1623 :5-

2439 1676 2574 1720 σεως
2605 1659 2952 1724 δεξαμένους,
3002 1657 3147 1709 οὕτω
3176 1656 3275 1726 τὴν
3308 1658 3532 1707 ἐκείνων
3582 1654 3874 1706 ἀπώλειαν
3918 1654 4023 1720 ἥδι-

2438 1768 2563 1803 στον
2593 1749 2838 1816 νομίζειν
2866 1750 3108 1817 κερδῶν;
3135 1749 3257 1801 Ὀτι
3282 1748 3330 1801 δ’
3358 1748 3457 1800 οὐκ
3480 1748 3606 1800 ἄνευ
3626 1764 3736 1814 χρη
3749 1747 3944 1811 μάτων
3965 1748 4021 1797 1'1

2434 1842 2661 1894 τοιαῦτα
2718 1842 2785 1893 ἂν
2814 1840 3185 1908 ἠδυνήθησαν,
3244 1839 3419 1905 γέλως
3478 1839 3576 1906 μὲν
3626 1838 4022 1889 άπώεικνιίναι

2435 1932 2730 2003 πειρᾶσθαι
2751 1947 2765 1961 ’
2807 1934 2953 1985 ίσασι
2978 1932 3036 1983 δὲ
3063 1933 3110 1983 οἱ
3148 1932 3247 1991 τὰς
3274 1931 3542 1991 ναυτικὰς
3571 1931 3843 1993 δυνάμεις
3874 1929 4022 1993 ἐξαρ-

2432 2025 2707 2091 τυόμενοι,
2735 2023 2807 2085 ὡς
2836 2023 2976 2074 ὅσων
3008 2024 3105 2091 μιᾷ
3148 2021 3321 2084 πόλει,
3352 2021 3625 2071 τοσούτων
3662 2022 3749 2071 δεῖ
3796 2022 3901 2070 καὶ
3935 2021 4021 2085 μ.εᾷ

2433 2115 2523 2182 νηῒ
2554 2114 2922 2182 στρατιώτιδι.
2970 2114 3326 2174 ’Δποστὸλους
3380 2113 3421 2163 δ’
3458 2115 3661 2164 ἐκεῖνοι
3719 2111 4019 2171 τοσούτους

2435 2207 2674 2274 συνεχῶς
2726 2207 3101 2275 ἐξαρτύονται,
3143 2204 3219 2266 ὼς
3273 2206 3494 2256 παιδιάν
3553 2222 3672 2255 τινα
3719 2206 3933 2267 δοκεῖν,
3969 2205 4022 2253 ὃν

2434 2297 2697 2361 Ἕλληνες
2722 2298 2815 2349 ἐπὶ
2846 2297 3048 2366 Τροίαν
3082 2298 3414 2349 ἀπέστειλαν
3438 2314 3450 2326 ·
3484 2297 3628 2348 οὓτω
3676 2295 3751 2346 τά.
3782 2296 4025 2364 χρήματ’

2419 2392 2618 2452 ,αὐτοῖς
2644 2390 2836 2459 ὥσπερ
2865 2391 2975 2443 ἀπὸ
3001 2391 3199 2459 πηγῶν
3229 2392 3469 2460 ἐπιρριῖ,
3500 2392 3595 2441 καὶ
3627 2389 3722 2440 τοῦ
3752 2391 3867 2439 τῶν
3902 2407 4025 2454 χρη-

2438 2484 2626 2552 μάτων
2657 2483 2897 2552 πλήθους
2954 2483 3050 2551 οὐχ
3083 2478 3246 2552 ἦττον
3282 2482 3342 2534 τὺ
3372 2483 3479 2533 τῶν
3537 2482 3841 2548 σωμάτων.
3877 2480 4025 2531 Rati

2435 2578 2561 2647 ἔθνη
2594 2578 2703 2646 γάρ
2734 2578 2829 2629 καὶ
2859 2577 3000 2628 κατὰ
3029 2577 3268 2645 φατρίας
3299 2578 3395 2627 καὶ
3427 2580 3565 2627 κατα
3599 2573 3780 2641 φυλὰς
3814 2573 4027 2624 61:161-1-

2435 2686 2655 2733 νουσιν,
2690 2669 2763 2728 ὡς
2811 2670 2991 2721 δοκεῖν
3032 2669 3223 2721 ἄλλοσε
3279 2665 3708 2736 μετοικίζεσθαι,
3762 2665 3868 2732 τὴν
3928 2681 4024 2713 παο

2436 2761 2591 2828 τρίδα
2627 2759 3055 2822 καταλιπόντας.
3092 2759 3166 2810 Τὸ
3201 2759 3246 2811 δ’
3274 2760 3367 2810 ἐπὶ
3394 2756 3569 2809 ταῦτα
3616 2753 3808 2806 κινοῦν
3841 2754 3891 2805 εί
3932 2754 4027 2819 μὲν

2434 2852 2496 2902 τὸ
2543 2852 2833 2917 συναλγεῖν
2870 2852 3005 2917 ἡμῖν
3046 2850 3191 2902 εἴποι
3236 2866 3345 2912 τις,
3389 2850 3485 2900 καὶ
3522 2851 3815 2914 συμφοράν
3853 2848 4025 2895 ποιεῖ·

2439 2942 2563 2993 σθαι
2597 2942 2663 2991 τά
2689 2940 2931 3007 ἡμέτερα
2982 2938 3156 3006 πάθη,
3214 2940 3266 2989 τί
3296 2940 3406 2998 τοῖς
3443 2935 3660 3003 γονεῦσι
3697 2936 3828 3001 περὶ
3881 2934 4027 3002 159i,-

2438 3031 2817 3093 ἐπιδείξασθαι
2853 3029 3017 3081 πλέον
3053 3029 3377 3089 κατέλιπον;
3410 3030 3460 3079 εί
3487 3027 3544 3078 δὲ
3572 3027 3671 3093 τὴν
3699 3027 3794 3076 ἐπὶ
3813 3023 4027 3083 τούτοις

2438 3125 2597 3188 δόξαν
2622 3119 2782 3176 ἆθλον
2810 3121 2911 3189 τῆς
2959 3121 3232 3187 τοσαύτης
3263 3117 3669 3187 μεγαλοψυχίας
3711 3114 4028 3175 ποιοῦνται,

755 3196 1177 3265 magniﬁcentia:
1204 3194 1514 3263 praemium,
1541 3210 1704 3263 quam
1744 3193 1869 3247 inde
1900 3206 2332 3264 consequuntur,

2439 3217 2555 3269 πότ’
2590 3216 2655 3268 ἂν
2692 3211 2837 3269 οὗτοι
2865 3213 3078 3283 μικρῶν
3113 3230 3275 3265 τινων
3319 3212 3480 3263 ἕνεκα
3529 3212 3655 3269 τοὺς
3701 3209 4030 3275 συμμάχους

756 3288 984 3358 gloriam
1024 3296 1294 3356 quaerant,
1327 3288 1675 3357 quandonam
1728 3286 1763 3340 ii
1798 3286 1980 3339 induci
2012 3288 2241 3356 possint,
2274 3298 2332 3339 ut

756 3381 973 3435 levibus
1006 3380 1335 3449 quibusdam
1360 3397 1423 3435 ex
1457 3380 1637 3434 causis
1672 3380 1799 3433 belli
1829 3382 2009 3433 socios
2037 3380 2329 3443 deserant;

760 3473 855 3542 qui
888 3488 1020 3526 vero
1068 3489 1177 3527 non
1208 3472 1276 3527 iis
1321 3473 1430 3527 sint
1480 3472 1816 3533 auxiliaturi,
1847 3486 2081 3540 quorum
2134 3472 2332 3537 salute,

761 3576 970 3619 tantam
1013 3562 1253 3617 habeant
1304 3572 1585 3632 reportare
1622 3561 1890 3630 gloriam?
1941 3561 2035 3614 Sin
2072 3561 2332 3630 denique,

760 3658 905 3726 quod
956 3658 1132 3727 majus
1193 3656 1491 3724 veriusque
1539 3653 1779 3717 dicatur,
1840 3654 1985 3722 quod
2024 3655 2077 3707 in
2110 3656 2224 3709 suis
2272 3670 2337 3709 ac

759 3748 1105 3814 necessariis,
1131 3764 1376 3818 quosque
1397 3758 1455 3801 ut
1472 3764 1568 3802 sua
1596 3748 1837 3817 ipsorum
1856 3748 2100 3803 membra
2118 3758 2335 3814 curent,

764 3841 1031 3913 pietatem
1072 3840 1295 3893 videant
1341 3843 1393 3893 in
1436 3840 1732 3893 discrimen
1776 3841 1998 3903 vocari;
2048 3850 2211 3908 atque
2241 3856 2337 3895 eos

761 3932 1007 4001 quicum
1046 3932 1177 4001 ipsis
1204 3946 1266 3986 ac
1292 3947 1388 4001 per
1416 3932 1562 4000 ipsos
1587 3932 1864 3987 universis
1890 3932 2335 3998 dominabantur,

762 4041 955 4078 eorum
1010 4024 1309 4093 mancipari
1370 4040 1579 4087 servos,
1637 4040 1777 4092 quos
1828 4025 1979 4093 prius
2015 4024 2340 4079 habuissent

764 4117 1038 4185 mancipia
1090 4131 1188 4185 pro
1234 4117 1492 4169 omnibus
1541 4115 1643 4185 ipsi
1697 4118 1951 4170 adierunt
1993 4116 2334 4186 periculum;

767 4225 939 4263 unum
974 4208 1108 4262 illud
1136 4208 1236 4262 sibi
1264 4217 1656 4277 proponentes,
1688 4225 1797 4278 quo
1822 4209 2138 4277 religionem
2161 4224 2341 4264 sacra-

767 4301 1031 4355 tissimam
1055 4299 1123 4353 ab
1155 4299 1448 4368 impiorum
1475 4299 1673 4369 injuria
1703 4301 2026 4360 liberarent,
2062 4299 2339 4368 quomodo

767 4406 877 4446 non
910 4390 1175 4444 eximium
1229 4388 1359 4458 quid
1414 4389 1663 4443 videatur
1710 4389 1853 4459 quod
1908 4391 1976 4445 ab
2006 4390 2088 4443 eis
2118 4390 2341 4458 agitur?

768 4482 881 4533 Aut
913 4479 1039 4548 quis
1074 4477 1344 4531 illustrius
1370 4477 1547 4546 possit
1576 4476 1771 4531 allerre
1798 4476 2018 4545 pietatis
2043 4474 2341 4529 indicium?

2439 3306 2863 3372 ὲγκαταλίποιεν
2892 3320 2907 3335 ·
2940 3304 2974 3372 ἢ
3023 3306 3143 3364 πῶς
3168 3303 3269 3354 οὐκ
3295 3301 3361 3354 ἂν
3396 3301 3615 3370 βοηθεῖν
3646 3300 3908 3361 ἐκείνοις,
3939 3298 4031 3359 οὓς

2437 3397 2731 3458 σώσαντες,
2763 3395 3034 3463 τοσαύτην
3074 3392 3320 3446 οἴσεσθαι
3357 3393 3611 3459 μέλλουσι
3639 3392 3832 3455 δόξανς
3904 3392 3958 3443 ει
3988 3392 4031 3442 δ’

2434 3487 2463 3539 ὃ
2500 3488 2685 3556 μεῖζον
2718 3487 2810 3538 καὶ
2854 3484 3221 3553 ἀληθέστερον
3249 3483 3395 3537 εἴποι
3430 3501 3536 3547 τις,
3563 3483 3637 3544 t'o;
3696 3481 3945 3549 ὁρῶντες
3978 3484 4032 3533 ἐν

2436 3581 2546 3638 τοῖς
2571 3576 2789 3638 οἰκείοις
2818 3576 2914 3627 καὶ
2937 3568 3010 3625 ὧν
3038 3574 3114 3636 ὡς
3143 3574 3367 3626 οἰκείων
3397 3573 3577 3641 μελῶν
3614 3572 3901 3639 κήδονται,
3934 3573 4032 3638 τὴν

2436 3666 2718 3720 εὐσέϐειαν
2781 3662 3243 3717 κινδυνεύουσανο
3303 3665 3399 3716 καὶ
3453 3662 3581 3723 τοὺς
3635 3661 3752 3729 μετ’
3816 3662 4031 3718 αὐτῶν,

2436 3761 2535 3813 καὶ
2590 3759 2657 3810 δι’
2711 3758 2892 3812 αὐτῶν
2929 3758 3145 3808 πάντων
3196 3755 3558 3825 κρατοῦντας,
3595 3756 3708 3816 τοῖς
3748 3756 3923 3822 πρΰτε
3937 3772 4029 3824 ρον

2437 3852 2797 3918 ἀνδραπόδοις
2842 3849 3327 3917 ἀναγκαζομένους
3384 3848 3682 3911 δουλεύειν,
3738 3848 3907 3901 αὐτοὶ
3943 3849 4031 3900 τὸν

2440 3945 2581 4015 ὑπὲρ
2623 3945 2729 3997 τῶν
2764 3944 2902 3996 ὅλων
2928 3942 3247 4007 ἀνεδέξαντο
3290 3940 3572 4003 κίνδυνον,
3610 3942 3669 3991 ἓν
3698 3939 3862 3991 τοῦτο
3900 3957 4030 3992 ακο-

2441 4038 2691 4098 ποῦντες,
2726 4038 2878 4096 ὅπως
2914 4035 3018 4103 τὴν
3051 4035 3365 4103 ἁγιωτάτην
3432 4033 3732 4102 θρησκείαν
3780 4034 3887 4101 τῆς
3922 4032 4031 4083 τῶν

2440 4130 2656 4185 ἀσεϐῶν
2699 4127 2912 4196 ὕϐρεως
2944 4128 3298 4195 ἐξαρπάσωσι
3320 4143 3333 4158 ο
3369 4126 3488 4187 πῶς
3520 4126 3617 4193 οὐχ
3648 4127 3941 4193 ὑπερφυὲς
3974 4125 4033 4177 τὺ

2442 4221 2564 4274 κατ’
2593 4218 2813 4283 αὐτοὺς,
2867 4219 2900 4288 ἢ
2956 4219 3008 4269 τί
3062 4234 3148 4279 τις
3190 4218 3571 4287 λαμπρότερον
3601 4217 3889 4277 εὐσεϐείας
3916 4218 4031 4281 ἐξε-

2443 4312 2640 4377 νέγκαι
2672 4311 2976 4378 τεκμήριον
3003 4326 3018 4374 ;
3057 4308 3112 4361 οί
3146 4325 3209 4375 γε
3242 4311 3353 4369 τοῖς
3391 4309 3481 4359 τὸν
3512 4308 3751 4377 Χριστὸν
3777 4308 4031 4377 βλασφη-

2448 4399 2632 4470 μοῦσι,
2688 4400 2783 4451 καὶ
2826 4401 2940 4461 τοῖς
2990 4399 3201 4450 ἐκείνου
3259 4398 3427 4459 θείοις
3490 4399 3673 4464 νόμοις
3735 4400 3839 4462 τὴν
3900 4396 4030 4465 παρ’

2450 4496 2665 4553 ἑαυτοῖς
2696 4491 3108 4543 ἀντιτάττουσιν
3138 4489 3391 4558 ἀνομίαν,
3429 4490 3526 4540 καὶ
3569 4491 3681 4550 τοῖς
3715 4490 3815 4539 ἀπ’
3851 4490 4027 4542 αἱ.τοῦ

768 4570 1042 4641 siquidem
1102 4566 1615 4637 blasphemantibus
1666 4566 1967 4626 Christum,
2028 4566 2334 4634 divinisque

2448 4580 2811 4647 καλουμένοις
2835 4576 3102 4637 τοσαύτας
3130 4575 3489 4645 περιτιθείσιν
3520 4576 3793 4642 ἀνάγκας,
3821 4578 3901 4638 ὡς
3932 4579 4031 4630 οὐκ

771 4661 890 4732 ejus
951 4659 1163 4727 legibus
1196 4674 1348 4712 suam
1397 4657 1640 4725 ipsorum
1692 4657 2101 4726 Opponentibus
2138 4656 2337 4723 iniqui-

770 4763 962 4813 tatem.
997 4754 1163 4822 inque
1192 4760 1370 4804 tantas
1400 4751 1750 4804 necessitates
1784 4750 1959 4803 dictos
1992 4749 2061 4803 ab
2089 4764 2155 4802 eo
2182 4748 2344 4801 Chri-

769 4847 981 4900 stianos
1015 4845 1387 4910 mittentibus,
1441 4853 1501 4897 ut
1550 4858 1617 4896 ne
1653 4842 1874 4911 quidem
1924 4842 2128 4910 alioqui
2179 4840 2341 4895 liceat

770 4937 883 4990 vita
915 4936 1264 5004 superstitem
1300 4951 1444 4998 esse,
1494 4934 1599 4988 nisi
1639 4950 1757 4988 eam
1804 4934 1926 5002 quis
1973 4933 2158 4988 laudet
2211 4949 2338 4987 cor-

774 5027 1110 5095 ruptionem,
1165 5028 1262 5081 soli
1316 5042 1373 5082 se
1408 5027 1680 5082 universis
1724 5027 2060 5096 adversaque
2096 5027 2213 5081 acie
2242 5026 2339 5080 ob-

767 5121 1042 5189 jecerunt.
1078 5120 1157 5172 Ac
1207 5134 1383 5189 neque
1434 5121 1627 5173 civitas
1656 5130 1774 5185 est;
1832 5135 1938 5173 non
1972 5120 2193 5185 insula;
2230 5136 2339 5175 non

772 5210 1087 5272 continens,
1124 5210 1216 5264 ubi
1268 5226 1374 5264 non
1414 5211 1474 5274 ii,
1521 5212 1666 5265 illius
1700 5227 1799 5280 pro
1833 5213 2033 5279 pietate
2071 5212 2170 5266 zeli
2205 5213 2343 5267 assi-

772 5298 882 5350 due
920 5302 1201 5366 specimen
1248 5298 1431 5361 edant,
1478 5314 1574 5353 eos
1616 5298 1681 5352 ad
1716 5298 1900 5353 ﬂetum
1936 5310 2211 5369 cogentes,
2246 5302 2340 5370 qui

776 5388 1027 5443 irrisioni
1056 5390 1312 5459 pietatem
1344 5390 1567 5446 habent.
1608 5391 1671 5445 lli
1703 5401 1831 5444 sunt
1857 5392 1947 5457 qui
1981 5392 2035 5445 in
2066 5393 2249 5447 Africa
2280 5409 2343 5448 ac

772 5480 1103 5553 Carthagine
1127 5499 1416 5537 numerosa
1442 5484 1742 5537 triremium
1766 5485 1961 5547 classe,
1989 5498 2052 5537 ac
2077 5484 2344 5554 pedestri-

772 5570 879 5625 bus
901 5574 1074 5642 copiis
1093 5574 1455 5631 Barbarorum
1475 5575 1726 5646 injuriam
1755 5575 2015 5629 cohibent
2034 5593 2048 5629 :
2069 5577 2271 5646 quique
2289 5577 2343 5630 in

777 5660 1076 5736 Egyptutn
1119 5675 1422 5733 moventes,
1452 5669 1670 5721 illorum
1704 5668 2048 5736 metropolim
2084 5669 2217 5737 igni,
2248 5684 2341 5722 ca-

778 5757 1096 5825 daveribus,
1150 5773 1215 5811 ac
1260 5759 1555 5813 ruderibus
1594 5760 1961 5827 repleverint:
1995 5761 2179 5815 Asiam
2212 5776 2341 5815 vero

786 5846 867 5901 sic
915 5847 1288 5916 percusserint
1335 5849 1758 5918 terruerintque,
1810 5860 1867 5904 ut
1900 5850 2077 5919 magni
2112 5850 2337 5906 aestimet

2446 4672 2567 4725 ἐνὸν
2596 4670 2767 4730 ἄλλως
2799 4668 2922 4737 ζῇν,
2947 4668 3013 4718 ἂν
3047 4667 3122 4735 μή
3155 4683 3240 4728 τις
3274 4668 3492 4733 ἐκείνην
3520 4668 3718 4735 ἐπαινῇ
3772 4667 3872 4737 τὴν
3904 4670 4032 4736 969-

2450 4764 2567 4831 ραν,
2596 4759 2747 4827 μόνοι
2776 4760 2941 4810 πᾶσιν
2964 4758 3189 4815 ἑαυτοὺς
3210 4756 3597 4825 άντεξήγαγον.
3620 4757 3731 4806 Καὶ
3758 4758 3863 4808 οὐκ
3882 4759 4030 4808 ἔστιν

2446 4851 2507 4903 οὐ
2544 4848 2722 4911 πόλις,
2754 4848 2815 4899 ού
2847 4847 3029 4915 νῆσος,
3053 4848 3153 4897 οὐκ
3183 4846 3434 4914 ἠπειρος,
3464 4838 3523 4897 οὗ
3561 4844 3635 4913 μὴ
3669 4845 3915 4913 συνεχῶς
3946 4840 4032 4897 οὗ·

2446 4959 2527 4995 τοι
2565 4941 2657 4994 τὸν
2692 4941 2830 5008 ὑπὲρ
2884 4943 2981 5008 τῆς
3034 4938 3317 5000 εὐσεϐείας
3368 4937 3777 4990 ἐπιδείκνυνται
3841 4939 4025 5006 ζῆλον,

2447 5035 2660 5087 κλαίειν
2692 5032 3094 5099 ἀναγκάζοντες
3140 5031 3267 5092 τοὺς
3320 5028 3419 5097 τῆς
3465 5028 3749 5088 εὐσεϐείας
3785 5048 4031 5096 καταγε-

2445 5125 2672 5185 λῶντας.
2696 5121 2853 5177 Οὗτοι
2878 5125 2985 5190 γάρ
3010 5125 3149 5174 εἰσιν
3170 5124 3218 5173 oi
3245 5122 3383 5189 πρὸς
3413 5119 3589 5190 Λιϐύῃ
3617 5121 3717 5187 μὲν
3750 5123 3854 5173 καὶ
3883 5124 4031 5187 Καρ-

2449 5216 2632 5285 χηδόνι
2654 5215 2876 5275 πολλαῖς
2901 5215 3157 5283 τριήρεσι
3200 5214 3296 5263 καὶ
3356 5212 3495 5281 πεζῇ
3527 5211 3761 5278 δυνάμει
3795 5217 3895 5281 τὴν
3922 5214 4031 5266 τῶν

2448 5306 2742 5374 βαρϐάρων
2803 5303 2961 5373 ὓϐριν
3029 5305 3399 5372 ἀνείργοντες.
3435 5302 3763 5366 Αἰγυπτίοις
3819 5304 3877 5356 δὲ
3909 5307 4026 5355 ἐπι-

2450 5395 2908 5467 στρατεύσαντες,
2942 5398 3034 5449 καὶ
3064 5396 3163 5458 τὴν
3194 5396 3421 5447 ἐκείνων
3464 5395 3806 5461 μητρόπολιν
3856 5398 4029 5466 πυρὸς

2449 5490 2542 5540 καὶ
2577 5487 2788 5556 νεκρῶν
2840 5488 2934 5537 καὶ
2989 5473 3245 5553 ἐρειπίων
3293 5486 3676 5554 ἐμπλήσαντες
3704 5501 3719 5517 ο
3759 5487 3953 5539 Ἀσίαν
3985 5488 4027 5539 δ’

2446 5560 2589 5632 οὕτω
2616 5577 2937 5647 πλήξαντες,
2973 5576 3102 5630 ὥστ’
3132 5578 3351 5647 ἀγαπᾷν
3386 5580 3433 5629 εί
3477 5579 3550 5645 μή
3580 5594 3629 5629 τι
3668 5582 3987 5647 προσπάθοι
4010 5596 4024 5612 ·

2445 5674 2571 5731 τοὺς
2614 5670 2659 5721 δ’
2707 5672 2765 5721 ὲν
2802 5669 3181 5740 Ἑλλησπόντῳ
3220 5670 3315 5721 καὶ
3356 5670 3681 5736 Προποντίδι
3735 5675 3837 5725 καὶ
3890 5672 4025 5741 πρὸς

2452 5762 2621 5830 μόνην
2644 5761 2745 5829 τὴν
2776 5760 2947 5830 ἀκοὴν
2966 5762 3063 5829 τῆς
3088 5762 3269 5813 αὐτῶν
3296 5762 3582 5829 δυνάμεως
3612 5764 4025 5837 ἀναγκάζοντες

2449 5852 2713 5921 φρίττειν.
2757 5852 2966 5906 ’Δλλων
2994 5853 3050 5906 δέ
3084 5870 3247 5907 τινων
3272 5852 3411 5922 ὑπὲρ
3445 5854 3534 5906 τὸν
3565 5854 3865 5911 Καύκασον
3899 5878 4021 5929 μαι-
