  <div class='ocr_page' id='page_1' title='image "/cluster/home/n/w/nwhite01/storage/ocr_20150623/154/nnc1.0046980970/498.png"; bbox 0 0 4198 6440; ppageno 0'>
   <div class='ocr_carea' id='block_1_1' title="bbox 215 451 319 520">
    <p class='ocr_par' dir='ltr' id='par_1_1' title="bbox 215 451 319 520">
     <span class='ocr_line' id='line_1_1' title="bbox 215 451 319 520; baseline 0.087 -10"><span class='ocrx_word' id='word_1_1' title='bbox 215 451 319 520; x_wconf 75' lang='lat'><strong>985</strong></span> 
     </span>
    </p>
   </div>
   <div class='ocr_carea' id='block_1_2' title="bbox 1136 456 2536 523">
    <p class='ocr_par' dir='ltr' id='par_1_2' title="bbox 1136 456 2536 523">
     <span class='ocr_line' id='line_1_2' title="bbox 1136 456 2536 523; baseline 0.006 -8"><span class='ocrx_word' id='word_1_2' title='bbox 1136 456 1423 517; x_wconf 80' lang='lat' dir='ltr'><strong>ORATIO</strong></span> <span class='ocrx_word' id='word_1_3' title='bbox 1465 460 1610 519; x_wconf 82' lang='lat' dir='ltr'><strong>PRO</strong></span> <span class='ocrx_word' id='word_1_4' title='bbox 1654 460 2019 520; x_wconf 86' lang='lat' dir='ltr'><strong>SUBSlDlO</strong></span> <span class='ocrx_word' id='word_1_5' title='bbox 2061 462 2536 523; x_wconf 79' lang='lat' dir='ltr'><strong>LATINORUM.</strong></span> 
     </span>
    </p>
   </div>
   <div class='ocr_carea' id='block_1_3' title="bbox 3371 464 3474 524">
    <p class='ocr_par' dir='ltr' id='par_1_3' title="bbox 3371 464 3474 524">
     <span class='ocr_line' id='line_1_3' title="bbox 3371 464 3474 524; baseline -0.01 0"><span class='ocrx_word' id='word_1_6' title='bbox 3371 464 3474 524; x_wconf 85' lang='lat'><strong>986</strong></span> 
     </span>
    </p>
   </div>
   <div class='ocr_carea' id='block_1_4' title="bbox 211 566 1802 644">
    <p class='ocr_par' dir='ltr' id='par_1_4' title="bbox 211 566 1790 644">
     <span class='ocr_line' id='line_1_4' title="bbox 211 566 1790 644; baseline 0.005 -27"><span class='ocrx_word' id='word_1_7' title='bbox 211 566 472 633; x_wconf 75' lang='grc' dir='ltr'>νομένων,</span> <span class='ocrx_word' id='word_1_8' title='bbox 496 567 588 619; x_wconf 72' lang='grc' dir='ltr'><strong>καὶ</strong></span> <span class='ocrx_word' id='word_1_9' title='bbox 611 567 688 637; x_wconf 84' lang='grc' dir='ltr'>τῷ</span> <span class='ocrx_word' id='word_1_10' title='bbox 720 569 856 635; x_wconf 71' lang='grc' dir='ltr'>πυρὶ</span> <span class='ocrx_word' id='word_1_11' title='bbox 878 568 1269 637; x_wconf 83' lang='grc' dir='ltr'>προσαγόντων</span> <span class='ocrx_word' id='word_1_12' title='bbox 1293 570 1327 623; x_wconf 79' lang='grc' dir='ltr'>ἃ</span> <span class='ocrx_word' id='word_1_13' title='bbox 1354 573 1621 642; x_wconf 71' lang='grc' dir='ltr'>προσήκει</span> <span class='ocrx_word' id='word_1_14' title='bbox 1647 573 1790 644; x_wconf 84' lang='grc' dir='ltr'>Θεῷ,</span> 
     </span>
    </p>
   </div>
   <div class='ocr_carea' id='block_1_5' title="bbox 1906 566 3478 644">
    <p class='ocr_par' dir='ltr' id='par_1_5' title="bbox 1906 571 3478 642">
     <span class='ocr_line' id='line_1_5' title="bbox 1906 571 3478 642; baseline -0.001 -17"><span class='ocrx_word' id='word_1_15' title='bbox 1906 572 2034 625; x_wconf 84' lang='lat' dir='ltr'><strong>nihil</strong></span> <span class='ocrx_word' id='word_1_16' title='bbox 2054 574 2176 626; x_wconf 88' lang='lat' dir='ltr'><strong>mali</strong></span> <span class='ocrx_word' id='word_1_17' title='bbox 2204 572 2485 641; x_wconf 87' lang='lat' dir='ltr'><strong>amplioris</strong></span> <span class='ocrx_word' id='word_1_18' title='bbox 2507 572 2650 642; x_wconf 88' lang='lat' dir='ltr'><strong>pati:</strong></span> <span class='ocrx_word' id='word_1_19' title='bbox 2686 571 2780 641; x_wconf 83' lang='lat' dir='ltr'><strong>qui</strong></span> <span class='ocrx_word' id='word_1_20' title='bbox 2808 571 3219 640; x_wconf 80' lang='lat' dir='ltr'><strong>Hellespontum</strong></span> <span class='ocrx_word' id='word_1_21' title='bbox 3241 585 3303 625; x_wconf 91' lang='lat' dir='ltr'><strong>ac</strong></span> <span class='ocrx_word' id='word_1_22' title='bbox 3344 571 3478 623; x_wconf 77' lang='lat' dir='ltr'><strong>Pro-</strong></span> 
     </span>
    </p>
   </div>
   <div class='ocr_carea' id='block_1_6' title="bbox 210 658 1786 735">
    <p class='ocr_par' dir='ltr' id='par_1_6' title="bbox 210 658 1786 735">
     <span class='ocr_line' id='line_1_6' title="bbox 210 658 1786 735; baseline 0.006 -26"><span class='ocrx_word' id='word_1_23' title='bbox 210 658 401 728; x_wconf 74' lang='grc' dir='ltr'>ὢσπερ</span> <span class='ocrx_word' id='word_1_24' title='bbox 430 660 528 711; x_wconf 79' lang='grc' dir='ltr'><strong>οὐκ</strong></span> <span class='ocrx_word' id='word_1_25' title='bbox 560 660 741 723; x_wconf 75' lang='grc' dir='ltr'>ἄλλοις</span> <span class='ocrx_word' id='word_1_26' title='bbox 786 661 927 731; x_wconf 80' lang='grc' dir='ltr'>ὑπὲρ</span> <span class='ocrx_word' id='word_1_27' title='bbox 964 662 1062 730; x_wconf 84' lang='grc' dir='ltr'>τῆς</span> <span class='ocrx_word' id='word_1_28' title='bbox 1110 662 1263 725; x_wconf 81' lang='grc' dir='ltr'>Θείας</span> <span class='ocrx_word' id='word_1_29' title='bbox 1298 664 1457 732; x_wconf 75' lang='grc' dir='ltr'>δόξης</span> <span class='ocrx_word' id='word_1_30' title='bbox 1509 666 1786 735; x_wconf 85' lang='grc' dir='ltr'>προσῆκον</span> 
     </span>
    </p>
   </div>
   <div class='ocr_carea' id='block_1_7' title="bbox 210 748 1784 822">
    <p class='ocr_par' dir='ltr' id='par_1_7' title="bbox 210 748 1784 822">
     <span class='ocr_line' id='line_1_7' title="bbox 210 748 1784 822; baseline 0.006 -21"><span class='ocrx_word' id='word_1_31' title='bbox 210 753 568 817; x_wconf 83' lang='grc' dir='ltr'>ἀγανακτεῖν,</span> <span class='ocrx_word' id='word_1_32' title='bbox 606 748 750 807; x_wconf 73' lang='grc' dir='ltr'>οὗτοι</span> <span class='ocrx_word' id='word_1_33' title='bbox 781 756 892 817; x_wconf 86' lang='grc' dir='ltr'>τοῖς</span> <span class='ocrx_word' id='word_1_34' title='bbox 928 754 1115 815; x_wconf 78' lang='grc' dir='ltr'><strong>ὅπλοις</strong></span> <span class='ocrx_word' id='word_1_35' title='bbox 1143 756 1371 816; x_wconf 80' lang='grc' dir='ltr'>ἐκείνοις</span> <span class='ocrx_word' id='word_1_36' title='bbox 1408 759 1784 822; x_wconf 75' lang='grc' dir='ltr'><strong>ἐπιπεσόντες,</strong></span> 
     </span>
    </p>
   </div>
   <div class='ocr_carea' id='block_1_8' title="bbox 208 844 1796 919">
    <p class='ocr_par' dir='ltr' id='par_1_8' title="bbox 208 844 1796 919">
     <span class='ocr_line' id='line_1_8' title="bbox 208 844 1796 919; baseline 0.004 -26"><span class='ocrx_word' id='word_1_37' title='bbox 208 844 309 907; x_wconf 80' lang='grc' dir='ltr'>τὴν</span> <span class='ocrx_word' id='word_1_38' title='bbox 352 844 577 898; x_wconf 73' lang='grc' dir='ltr'>ἐκείνων</span> <span class='ocrx_word' id='word_1_39' title='bbox 617 846 848 900; x_wconf 76' lang='grc' dir='ltr'>ἔσϐεσαν</span> <span class='ocrx_word' id='word_1_40' title='bbox 877 847 1127 913; x_wconf 77' lang='grc' dir='ltr'><strong>ἀλογίαν,</strong></span> <span class='ocrx_word' id='word_1_41' title='bbox 1161 848 1425 901; x_wconf 79' lang='grc' dir='ltr'><strong>ἀποικίαν</strong></span> <span class='ocrx_word' id='word_1_42' title='bbox 1456 865 1514 900; x_wconf 93' lang='grc' dir='ltr'><strong>τε</strong></span> <span class='ocrx_word' id='word_1_43' title='bbox 1547 850 1796 919; x_wconf 76' lang='grc' dir='ltr'>πέμπον-</span> 
     </span>
    </p>
   </div>
   <div class='ocr_carea' id='block_1_9' title="bbox 208 938 1795 1008">
    <p class='ocr_par' dir='ltr' id='par_1_9' title="bbox 208 938 1795 1008">
     <span class='ocr_line' id='line_1_9' title="bbox 208 938 1795 1008; baseline 0.004 -23"><span class='ocrx_word' id='word_1_44' title='bbox 208 950 327 997; x_wconf 84' lang='grc' dir='ltr'>τες,</span> <span class='ocrx_word' id='word_1_45' title='bbox 380 939 476 988; x_wconf 79' lang='grc' dir='ltr'><strong>καὶ</strong></span> <span class='ocrx_word' id='word_1_46' title='bbox 527 938 731 1006; x_wconf 87' lang='grc' dir='ltr'>νόμους</span> <span class='ocrx_word' id='word_1_47' title='bbox 769 938 1069 1006; x_wconf 78' lang='grc' dir='ltr'>τιθέμενοι,</span> <span class='ocrx_word' id='word_1_48' title='bbox 1124 942 1217 991; x_wconf 76' lang='grc' dir='ltr'><strong>καὶ</strong></span> <span class='ocrx_word' id='word_1_49' title='bbox 1267 942 1447 993; x_wconf 78' lang='grc' dir='ltr'>πάντα</span> <span class='ocrx_word' id='word_1_50' title='bbox 1487 939 1690 1008; x_wconf 85' lang='grc' dir='ltr'>τρόπον</span> <span class='ocrx_word' id='word_1_51' title='bbox 1727 940 1795 992; x_wconf 74' lang='grc' dir='ltr'>τὰ</span> 
     </span>
    </p>
   </div>
   <div class='ocr_carea' id='block_1_10' title="bbox 211 1027 1795 1100">
    <p class='ocr_par' dir='ltr' id='par_1_10' title="bbox 211 1027 1795 1100">
     <span class='ocr_line' id='line_1_10' title="bbox 211 1027 1795 1100; baseline 0.004 -23"><span class='ocrx_word' id='word_1_52' title='bbox 211 1027 322 1078; x_wconf 82' lang='grc' dir='ltr'>τῶν</span> <span class='ocrx_word' id='word_1_53' title='bbox 354 1027 648 1098; x_wconf 80' lang='grc' dir='ltr'>βαρϐάρων</span> <span class='ocrx_word' id='word_1_54' title='bbox 678 1029 1078 1099; x_wconf 71' lang='grc' dir='ltr'>ἐξημεροῦντες</span> <span class='ocrx_word' id='word_1_55' title='bbox 1107 1044 1122 1059; x_wconf 87' lang='grc'>⁶</span> <span class='ocrx_word' id='word_1_56' title='bbox 1158 1030 1330 1092; x_wconf 72' lang='grc' dir='ltr'>οὕτως</span> <span class='ocrx_word' id='word_1_57' title='bbox 1368 1032 1647 1100; x_wconf 74' lang='grc' dir='ltr'>ἀμήχανόν</span> <span class='ocrx_word' id='word_1_58' title='bbox 1675 1048 1795 1083; x_wconf 89' lang='grc' dir='ltr'>τινα</span> 
     </span>
    </p>
   </div>
   <div class='ocr_carea' id='block_1_11' title="bbox 213 1120 1796 1191">
    <p class='ocr_par' dir='ltr' id='par_1_11' title="bbox 213 1120 1796 1191">
     <span class='ocr_line' id='line_1_11' title="bbox 213 1120 1796 1191; baseline 0.003 -21"><span class='ocrx_word' id='word_1_59' title='bbox 213 1120 480 1185; x_wconf 84' lang='grc' dir='ltr'>φροντίδα</span> <span class='ocrx_word' id='word_1_60' title='bbox 505 1120 563 1172; x_wconf 76' lang='grc' dir='ltr'>τὸ</span> <span class='ocrx_word' id='word_1_61' title='bbox 589 1123 741 1173; x_wconf 83' lang='grc' dir='ltr'>Θεῖον</span> <span class='ocrx_word' id='word_1_62' title='bbox 762 1122 901 1191; x_wconf 84' lang='grc' dir='ltr'>ὑπὲρ</span> <span class='ocrx_word' id='word_1_63' title='bbox 931 1122 1213 1181; x_wconf 77' lang='grc' dir='ltr'>εὐσεϐείας</span> <span class='ocrx_word' id='word_1_64' title='bbox 1240 1123 1358 1183; x_wconf 76' lang='grc' dir='ltr'>ταῖς</span> <span class='ocrx_word' id='word_1_65' title='bbox 1376 1123 1601 1174; x_wconf 81' lang='grc' dir='ltr'>ἐκείνων</span> <span class='ocrx_word' id='word_1_66' title='bbox 1633 1122 1796 1189; x_wconf 68' lang='grc' dir='ltr'>ἐνῆκε</span> 
     </span>
    </p>
   </div>
   <div class='ocr_carea' id='block_1_12' title="bbox 206 1209 1798 1282">
    <p class='ocr_par' dir='ltr' id='par_1_12' title="bbox 206 1209 1798 1282">
     <span class='ocr_line' id='line_1_12' title="bbox 206 1209 1798 1282; baseline 0.001 -21"><span class='ocrx_word' id='word_1_67' title='bbox 206 1212 452 1279; x_wconf 52' lang='grc' dir='ltr'>ψυχαῖν</span> <span class='ocrx_word' id='word_1_68' title='bbox 512 1214 650 1265; x_wconf 83' lang='grc' dir='ltr'>ὥστε</span> <span class='ocrx_word' id='word_1_69' title='bbox 688 1213 834 1265; x_wconf 75' lang='grc' dir='ltr'>τοῦτ’</span> <span class='ocrx_word' id='word_1_70' title='bbox 890 1216 1075 1275; x_wconf 81' lang='grc' dir='ltr'>αὐτοῖς</span> <span class='ocrx_word' id='word_1_71' title='bbox 1109 1209 1247 1266; x_wconf 81' lang='grc' dir='ltr'>εἶναι</span> <span class='ocrx_word' id='word_1_72' title='bbox 1304 1214 1441 1282; x_wconf 75' lang='grc' dir='ltr'>βίον,</span> <span class='ocrx_word' id='word_1_73' title='bbox 1494 1217 1587 1265; x_wconf 74' lang='grc' dir='ltr'><strong>καὶ</strong></span> <span class='ocrx_word' id='word_1_74' title='bbox 1638 1212 1798 1264; x_wconf 80' lang='grc' dir='ltr'>τοῦτο</span> 
     </span>
    </p>
   </div>
   <div class='ocr_carea' id='block_1_13' title="bbox 209 1304 1796 1375">
    <p class='ocr_par' dir='ltr' id='par_1_13' title="bbox 209 1304 1796 1375">
     <span class='ocr_line' id='line_1_13' title="bbox 209 1304 1796 1375; baseline -0.001 -20"><span class='ocrx_word' id='word_1_75' title='bbox 209 1308 461 1365; x_wconf 83' lang='grc' dir='ltr'>σκοπεῖν,</span> <span class='ocrx_word' id='word_1_76' title='bbox 489 1306 569 1357; x_wconf 80' lang='grc' dir='ltr'>ὅτι</span> <span class='ocrx_word' id='word_1_77' title='bbox 595 1305 720 1367; x_wconf 81' lang='grc' dir='ltr'>τοὺς</span> <span class='ocrx_word' id='word_1_78' title='bbox 758 1306 1073 1373; x_wconf 77' lang='grc' dir='ltr'>βαρϐάρους</span> <span class='ocrx_word' id='word_1_79' title='bbox 1108 1306 1432 1375; x_wconf 79' lang='grc' dir='ltr'>πλήξαντες,</span> <span class='ocrx_word' id='word_1_80' title='bbox 1462 1305 1673 1366; x_wconf 74' lang='grc' dir='ltr'>ἀοώους</span> <span class='ocrx_word' id='word_1_81' title='bbox 1696 1304 1796 1371; x_wconf 79' lang='grc' dir='ltr'><strong>τῆς</strong></span> 
     </span>
    </p>
   </div>
   <div class='ocr_carea' id='block_1_14' title="bbox 204 1394 1797 1468">
    <p class='ocr_par' dir='ltr' id='par_1_14' title="bbox 204 1394 1797 1468">
     <span class='ocr_line' id='line_1_14' title="bbox 204 1394 1797 1468; baseline 0.006 -21"><span class='ocrx_word' id='word_1_82' title='bbox 204 1397 438 1449; x_wconf 84' lang='grc' dir='ltr'>ἐκείνων</span> <span class='ocrx_word' id='word_1_83' title='bbox 472 1398 680 1465; x_wconf 71' lang='grc' dir='ltr'>ἱϐρεως</span> <span class='ocrx_word' id='word_1_84' title='bbox 710 1398 836 1460; x_wconf 75' lang='grc' dir='ltr'>τοὺς</span> <span class='ocrx_word' id='word_1_85' title='bbox 869 1397 988 1466; x_wconf 85' lang='grc' dir='ltr'>μετ’</span> <span class='ocrx_word' id='word_1_86' title='bbox 1029 1398 1312 1459; x_wconf 78' lang='grc' dir='ltr'>εὐσεϐείας</span> <span class='ocrx_word' id='word_1_87' title='bbox 1348 1398 1662 1468; x_wconf 72' lang='grc' dir='ltr'>ᾑρημένους</span> <span class='ocrx_word' id='word_1_88' title='bbox 1698 1394 1797 1461; x_wconf 72' lang='grc' dir='ltr'>ξῇν</span> 
     </span>
    </p>
   </div>
   <div class='ocr_carea' id='block_1_15' title="bbox 206 1488 620 1550">
    <p class='ocr_par' dir='ltr' id='par_1_15' title="bbox 206 1488 620 1550">
     <span class='ocr_line' id='line_1_15' title="bbox 206 1488 620 1550; baseline 0.012 -13"><span class='ocrx_word' id='word_1_89' title='bbox 206 1488 620 1550; x_wconf 81' lang='grc' dir='ltr'>ἀποδείξουσιν.</span> 
     </span>
    </p>
   </div>
   <div class='ocr_carea' id='block_1_16' title="bbox 1896 662 3473 731">
    <p class='ocr_par' dir='ltr' id='par_1_16' title="bbox 1896 662 3473 731">
     <span class='ocr_line' id='line_1_16' title="bbox 1896 662 3473 731; baseline 0.001 -18"><span class='ocrx_word' id='word_1_90' title='bbox 1896 662 2176 731; x_wconf 88' lang='lat' dir='ltr'><strong>pontidem</strong></span> <span class='ocrx_word' id='word_1_91' title='bbox 2209 662 2597 725; x_wconf 72' lang='lat' dir='ltr'><strong>incolentibus,</strong></span> <span class='ocrx_word' id='word_1_92' title='bbox 2640 663 2827 715; x_wconf 90' lang='lat' dir='ltr'><strong>auditu</strong></span> <span class='ocrx_word' id='word_1_93' title='bbox 2848 662 2964 716; x_wconf 90' lang='lat' dir='ltr'><strong>solo</strong></span> <span class='ocrx_word' id='word_1_94' title='bbox 3005 676 3194 715; x_wconf 91' lang='lat' dir='ltr'><strong>eorum</strong></span> <span class='ocrx_word' id='word_1_95' title='bbox 3227 664 3473 723; x_wconf 84' lang='lat' dir='ltr'><strong>virtutis.</strong></span> 
     </span>
    </p>
   </div>
   <div class='ocr_carea' id='block_1_17' title="bbox 1898 752 3479 823">
    <p class='ocr_par' dir='ltr' id='par_1_17' title="bbox 1898 752 3479 823">
     <span class='ocr_line' id='line_1_17' title="bbox 1898 752 3479 823; baseline 0.001 -18"><span class='ocrx_word' id='word_1_96' title='bbox 1898 753 2180 807; x_wconf 89' lang='lat' dir='ltr'><strong>horrorem</strong></span> <span class='ocrx_word' id='word_1_97' title='bbox 2206 754 2471 821; x_wconf 89' lang='lat' dir='ltr'><strong>injiciant.</strong></span> <span class='ocrx_word' id='word_1_98' title='bbox 2501 752 2635 807; x_wconf 90' lang='lat' dir='ltr'><strong>Cum</strong></span> <span class='ocrx_word' id='word_1_99' title='bbox 2667 765 2847 808; x_wconf 88' lang='lat' dir='ltr'><strong>autem</strong></span> <span class='ocrx_word' id='word_1_100' title='bbox 2875 756 2964 809; x_wconf 83' lang='lat' dir='ltr'><strong>alii</strong></span> <span class='ocrx_word' id='word_1_101' title='bbox 2994 754 3213 823; x_wconf 83' lang='lat' dir='ltr'><strong>quidam</strong></span> <span class='ocrx_word' id='word_1_102' title='bbox 3252 755 3305 807; x_wconf 82' lang='lat' dir='ltr'><strong>in</strong></span> <span class='ocrx_word' id='word_1_103' title='bbox 3334 756 3479 821; x_wconf 73' lang='lat' dir='ltr'><strong>Cau-</strong></span> 
     </span>
    </p>
   </div>
   <div class='ocr_carea' id='block_1_18' title="bbox 1899 843 3480 914">
    <p class='ocr_par' dir='ltr' id='par_1_18' title="bbox 1899 843 3480 914">
     <span class='ocr_line' id='line_1_18' title="bbox 1899 843 3480 914; baseline 0 -19"><span class='ocrx_word' id='word_1_104' title='bbox 1899 843 2007 896; x_wconf 91' lang='lat' dir='ltr'><strong>casi</strong></span> <span class='ocrx_word' id='word_1_105' title='bbox 2032 844 2306 897; x_wconf 86' lang='lat' dir='ltr'><strong>montanis</strong></span> <span class='ocrx_word' id='word_1_106' title='bbox 2328 844 2518 897; x_wconf 87' lang='lat' dir='ltr'><strong>insano</strong></span> <span class='ocrx_word' id='word_1_107' title='bbox 2540 859 2750 906; x_wconf 84' lang='lat' dir='ltr'><strong>errore,</strong></span> <span class='ocrx_word' id='word_1_108' title='bbox 2774 845 2882 897; x_wconf 87' lang='lat' dir='ltr'><strong>Deo</strong></span> <span class='ocrx_word' id='word_1_109' title='bbox 2903 846 3140 909; x_wconf 88' lang='lat' dir='ltr'><strong>debitos,</strong></span> <span class='ocrx_word' id='word_1_110' title='bbox 3171 845 3277 914; x_wconf 92' lang='lat' dir='ltr'><strong>igni</strong></span> <span class='ocrx_word' id='word_1_111' title='bbox 3298 844 3480 896; x_wconf 79' lang='lat' dir='ltr'><strong>defer-</strong></span> 
     </span>
    </p>
   </div>
   <div class='ocr_carea' id='block_1_19' title="bbox 1900 936 3479 1003">
    <p class='ocr_par' dir='ltr' id='par_1_19' title="bbox 1900 936 3479 1003">
     <span class='ocr_line' id='line_1_19' title="bbox 1900 936 3479 1003; baseline 0.001 -18"><span class='ocrx_word' id='word_1_112' title='bbox 1900 945 2019 987; x_wconf 81' lang='lat' dir='ltr'><strong>rent</strong></span> <span class='ocrx_word' id='word_1_113' title='bbox 2045 936 2305 998; x_wconf 79' lang='lat' dir='ltr'><strong>honores,</strong></span> <span class='ocrx_word' id='word_1_114' title='bbox 2351 944 2607 1003; x_wconf 89' lang='lat' dir='ltr'><strong>tanquam</strong></span> <span class='ocrx_word' id='word_1_115' title='bbox 2643 936 2775 989; x_wconf 83' lang='lat' dir='ltr'><strong>nulli</strong></span> <span class='ocrx_word' id='word_1_116' title='bbox 2804 937 2892 989; x_wconf 91' lang='lat' dir='ltr'><strong>alii</strong></span> <span class='ocrx_word' id='word_1_117' title='bbox 2926 950 3110 989; x_wconf 76' lang='lat' dir='ltr'><strong>essent</strong></span> <span class='ocrx_word' id='word_1_118' title='bbox 3148 936 3349 1003; x_wconf 79' lang='lat' dir='ltr'><strong>quibus</strong></span> <span class='ocrx_word' id='word_1_119' title='bbox 3379 950 3479 1002; x_wconf 86' lang='lat' dir='ltr'><strong>pro</strong></span> 
     </span>
    </p>
   </div>
   <div class='ocr_carea' id='block_1_20' title="bbox 1899 1010 3482 1095">
    <p class='ocr_par' dir='ltr' id='par_1_20' title="bbox 1899 1010 3482 1095">
     <span class='ocr_line' id='line_1_20' title="bbox 1899 1010 3482 1095; baseline 0.001 -18"><span class='ocrx_word' id='word_1_120' title='bbox 1899 1025 1994 1077; x_wconf 87' lang='lat' dir='ltr'><strong>Dei</strong></span> <span class='ocrx_word' id='word_1_121' title='bbox 2027 1025 2195 1093; x_wconf 84' lang='lat' dir='ltr'><strong>gloria</strong></span> <span class='ocrx_word' id='word_1_122' title='bbox 2224 1023 2612 1091; x_wconf 75' lang='lat' dir='ltr'><strong>indignandum</strong></span> <span class='ocrx_word' id='word_1_123' title='bbox 2640 1027 3006 1089; x_wconf 77' lang='lat' dir='ltr'><strong>incumberet,</strong></span> <span class='ocrx_word' id='word_1_124' title='bbox 3028 1026 3295 1095; x_wconf 81' lang='lat' dir='ltr'><strong>correptis</strong></span> <span class='ocrx_word' id='word_1_125' title='bbox 3312 1010 3482 1078; x_wconf 88' lang='lat' dir='ltr'><strong>armis</strong></span> 
     </span>
    </p>
   </div>
   <div class='ocr_carea' id='block_1_21' title="bbox 1912 1116 3482 1183">
    <p class='ocr_par' dir='ltr' id='par_1_21' title="bbox 1912 1116 3482 1183">
     <span class='ocr_line' id='line_1_21' title="bbox 1912 1116 3482 1183; baseline -0.001 -15"><span class='ocrx_word' id='word_1_126' title='bbox 1912 1117 1964 1168; x_wconf 91' lang='lat' dir='ltr'><strong>in</strong></span> <span class='ocrx_word' id='word_1_127' title='bbox 2000 1132 2094 1169; x_wconf 88' lang='lat' dir='ltr'><strong>eos</strong></span> <span class='ocrx_word' id='word_1_128' title='bbox 2122 1116 2463 1177; x_wconf 69' lang='lat' dir='ltr'><strong>invadentes,</strong></span> <span class='ocrx_word' id='word_1_129' title='bbox 2498 1118 2731 1169; x_wconf 88' lang='lat' dir='ltr'><strong>alienam</strong></span> <span class='ocrx_word' id='word_1_130' title='bbox 2762 1132 2790 1169; x_wconf 90' lang='lat' dir='ltr'><strong>a</strong></span> <span class='ocrx_word' id='word_1_131' title='bbox 2829 1117 3043 1169; x_wconf 76' lang='lat' dir='ltr'><strong>ratione</strong></span> <span class='ocrx_word' id='word_1_132' title='bbox 3071 1131 3259 1169; x_wconf 87' lang='lat' dir='ltr'><strong>eorum</strong></span> <span class='ocrx_word' id='word_1_133' title='bbox 3292 1132 3482 1183; x_wconf 72' lang='lat' dir='ltr'><strong>super-</strong></span> 
     </span>
    </p>
   </div>
   <div class='ocr_carea' id='block_1_22' title="bbox 1901 1207 3478 1269">
    <p class='ocr_par' dir='ltr' id='par_1_22' title="bbox 1901 1207 3478 1269">
     <span class='ocr_line' id='line_1_22' title="bbox 1901 1207 3478 1269; baseline 0 -8"><span class='ocrx_word' id='word_1_134' title='bbox 1901 1209 2182 1262; x_wconf 71' lang='lat' dir='ltr'><strong>stitionem</strong></span> <span class='ocrx_word' id='word_1_135' title='bbox 2214 1208 2635 1268; x_wconf 75' lang='lat' dir='ltr'><strong>exstinxerunt;</strong></span> <span class='ocrx_word' id='word_1_136' title='bbox 2670 1209 2953 1261; x_wconf 90' lang='lat' dir='ltr'><strong>mittentes</strong></span> <span class='ocrx_word' id='word_1_137' title='bbox 2981 1207 3277 1269; x_wconf 86' lang='lat' dir='ltr'><strong>coloniam,</strong></span> <span class='ocrx_word' id='word_1_138' title='bbox 3308 1223 3369 1260; x_wconf 92' lang='lat' dir='ltr'><strong>ac</strong></span> <span class='ocrx_word' id='word_1_139' title='bbox 3400 1208 3478 1261; x_wconf 88' lang='lat' dir='ltr'><strong>lc-</strong></span> 
     </span>
    </p>
   </div>
   <div class='ocr_carea' id='block_1_23' title="bbox 1902 1298 3481 1366">
    <p class='ocr_par' dir='ltr' id='par_1_23' title="bbox 1902 1298 3481 1366">
     <span class='ocr_line' id='line_1_23' title="bbox 1902 1298 3481 1366; baseline -0.003 -15"><span class='ocrx_word' id='word_1_140' title='bbox 1902 1300 2061 1365; x_wconf 80' lang='lat' dir='ltr'><strong>gibus</strong></span> <span class='ocrx_word' id='word_1_141' title='bbox 2114 1298 2499 1359; x_wconf 80' lang='lat' dir='ltr'><strong>informantes,</strong></span> <span class='ocrx_word' id='word_1_142' title='bbox 2540 1299 2805 1366; x_wconf 82' lang='lat' dir='ltr'><strong>ornnique</strong></span> <span class='ocrx_word' id='word_1_143' title='bbox 2859 1299 3020 1351; x_wconf 88' lang='lat' dir='ltr'><strong>modo</strong></span> <span class='ocrx_word' id='word_1_144' title='bbox 3061 1299 3329 1352; x_wconf 82' lang='lat' dir='ltr'><strong>Barbaros</strong></span> <span class='ocrx_word' id='word_1_145' title='bbox 3375 1300 3481 1351; x_wconf 76' lang='lat' dir='ltr'><strong>tle-</strong></span> 
     </span>
    </p>
   </div>
   <div class='ocr_carea' id='block_1_24' title="bbox 1903 1390 3482 1458">
    <p class='ocr_par' dir='ltr' id='par_1_24' title="bbox 1903 1390 3482 1458">
     <span class='ocr_line' id='line_1_24' title="bbox 1903 1390 3482 1458; baseline -0.003 -15"><span class='ocrx_word' id='word_1_146' title='bbox 1903 1392 2199 1444; x_wconf 86' lang='lat' dir='ltr'><strong>linieutes:</strong></span> <span class='ocrx_word' id='word_1_147' title='bbox 2261 1392 2341 1445; x_wconf 91' lang='lat' dir='ltr'><strong>sic</strong></span> <span class='ocrx_word' id='word_1_148' title='bbox 2386 1392 2531 1444; x_wconf 86' lang='lat' dir='ltr'><strong>Deus</strong></span> <span class='ocrx_word' id='word_1_149' title='bbox 2566 1390 2888 1443; x_wconf 82' lang='lat' dir='ltr'><strong>immensam</strong></span> <span class='ocrx_word' id='word_1_150' title='bbox 2944 1390 3235 1458; x_wconf 81' lang='lat' dir='ltr'><strong>quamdam</strong></span> <span class='ocrx_word' id='word_1_151' title='bbox 3293 1404 3482 1441; x_wconf 89' lang='lat' dir='ltr'><strong>curam</strong></span> 
     </span>
    </p>
   </div>
   <div class='ocr_carea' id='block_1_25' title="bbox 1906 1481 3479 1552">
    <p class='ocr_par' dir='ltr' id='par_1_25' title="bbox 1906 1481 3479 1552">
     <span class='ocr_line' id='line_1_25' title="bbox 1906 1481 3479 1552; baseline -0.001 -19"><span class='ocrx_word' id='word_1_152' title='bbox 1906 1482 2127 1550; x_wconf 75' lang='lat' dir='ltr'><strong>pictatis</strong></span> <span class='ocrx_word' id='word_1_153' title='bbox 2156 1498 2287 1551; x_wconf 90' lang='lat' dir='ltr'><strong>ergo</strong></span> <span class='ocrx_word' id='word_1_154' title='bbox 2314 1499 2376 1537; x_wconf 84' lang='lat' dir='ltr'><strong>ae</strong></span> <span class='ocrx_word' id='word_1_155' title='bbox 2413 1482 2698 1552; x_wconf 80' lang='lat' dir='ltr'><strong>religionis</strong></span> <span class='ocrx_word' id='word_1_156' title='bbox 2734 1483 2950 1535; x_wconf 90' lang='lat' dir='ltr'><strong>illorum</strong></span> <span class='ocrx_word' id='word_1_157' title='bbox 2992 1482 3189 1534; x_wconf 87' lang='lat' dir='ltr'><strong>animis</strong></span> <span class='ocrx_word' id='word_1_158' title='bbox 3220 1481 3479 1537; x_wconf 84' lang='lat' dir='ltr'><strong>immisit:</strong></span> 
     </span>
    </p>
   </div>
   <div class='ocr_carea' id='block_1_26' title="bbox 207 1574 3483 1653">
    <p class='ocr_par' dir='ltr' id='par_1_26' title="bbox 207 1574 3483 1653">
     <span class='ocr_line' id='line_1_26' title="bbox 207 1574 3483 1653; baseline -0.002 -19"><span class='ocrx_word' id='word_1_159' title='bbox 207 1592 269 1636; x_wconf 91' lang='lat' dir='ltr'><strong>ut</strong></span> <span class='ocrx_word' id='word_1_160' title='bbox 302 1585 421 1638; x_wconf 68' lang='lat' dir='ltr'><strong>haec</strong></span> <span class='ocrx_word' id='word_1_161' title='bbox 454 1601 646 1637; x_wconf 84' lang='lat' dir='ltr'><strong>eorum</strong></span> <span class='ocrx_word' id='word_1_162' title='bbox 688 1586 799 1638; x_wconf 88' lang='lat' dir='ltr'><strong>vita</strong></span> <span class='ocrx_word' id='word_1_163' title='bbox 846 1585 939 1648; x_wconf 91' lang='lat' dir='ltr'><strong>sit,</strong></span> <span class='ocrx_word' id='word_1_164' title='bbox 984 1585 1030 1638; x_wconf 91' lang='lat' dir='ltr'><strong>is</strong></span> <span class='ocrx_word' id='word_1_165' title='bbox 1062 1600 1284 1653; x_wconf 83' lang='lat' dir='ltr'><strong>scepus,</strong></span> <span class='ocrx_word' id='word_1_166' title='bbox 1328 1593 1385 1637; x_wconf 93' lang='lat' dir='ltr'><strong>ut</strong></span> <span class='ocrx_word' id='word_1_167' title='bbox 1415 1581 1795 1649; x_wconf 86' lang='lat' dir='ltr'><strong>percutientes</strong></span> <span class='ocrx_word' id='word_1_168' title='bbox 1834 1592 1898 1631; x_wconf 88' lang='lat' dir='ltr'><strong>ac</strong></span> <span class='ocrx_word' id='word_1_169' title='bbox 1927 1578 2289 1647; x_wconf 88' lang='lat' dir='ltr'><strong>percelleutcs</strong></span> <span class='ocrx_word' id='word_1_170' title='bbox 2316 1577 2607 1641; x_wconf 81' lang='lat' dir='ltr'><strong>Barbaros,</strong></span> <span class='ocrx_word' id='word_1_171' title='bbox 2647 1578 2713 1631; x_wconf 90' lang='lat' dir='ltr'><strong>ab</strong></span> <span class='ocrx_word' id='word_1_172' title='bbox 2776 1592 2966 1631; x_wconf 89' lang='lat' dir='ltr'><strong>eorum</strong></span> <span class='ocrx_word' id='word_1_173' title='bbox 3032 1576 3233 1647; x_wconf 81' lang='lat' dir='ltr'><strong>injuria</strong></span> <span class='ocrx_word' id='word_1_174' title='bbox 3269 1574 3483 1628; x_wconf 85' lang='lat' dir='ltr'><strong>incolu-</strong></span> 
     </span>
    </p>
   </div>
   <div class='ocr_carea' id='block_1_27' title="bbox 207 1679 1129 1746">
    <p class='ocr_par' dir='ltr' id='par_1_27' title="bbox 207 1679 1129 1746">
     <span class='ocr_line' id='line_1_27' title="bbox 207 1679 1129 1746; baseline 0.001 -15"><span class='ocrx_word' id='word_1_175' title='bbox 207 1694 331 1733; x_wconf 87' lang='lat' dir='ltr'><strong>mes</strong></span> <span class='ocrx_word' id='word_1_176' title='bbox 366 1688 587 1733; x_wconf 78' lang='lat' dir='ltr'><strong>servent</strong></span> <span class='ocrx_word' id='word_1_177' title='bbox 620 1679 842 1746; x_wconf 84' lang='lat' dir='ltr'><strong>pietatis</strong></span> <span class='ocrx_word' id='word_1_178' title='bbox 868 1679 1129 1732; x_wconf 89' lang='lat' dir='ltr'><strong>cultores.</strong></span> 
     </span>
    </p>
   </div>
   <div class='ocr_carea' id='block_1_28' title="bbox 278 1770 1791 1846">
    <p class='ocr_par' dir='ltr' id='par_1_28' title="bbox 278 1770 1791 1846">
     <span class='ocr_line' id='line_1_28' title="bbox 278 1770 1791 1846; baseline -0.003 -20"><span class='ocrx_word' id='word_1_179' title='bbox 278 1774 523 1833; x_wconf 76' lang='grc' dir='ltr'>Τούτους</span> <span class='ocrx_word' id='word_1_180' title='bbox 560 1775 656 1843; x_wconf 84' lang='grc' dir='ltr'><strong>μὲν</strong></span> <span class='ocrx_word' id='word_1_181' title='bbox 708 1770 803 1828; x_wconf 70' lang='grc' dir='ltr'>οὖν</span> <span class='ocrx_word' id='word_1_182' title='bbox 831 1777 933 1827; x_wconf 71' lang='grc' dir='ltr'>κᾶν</span> <span class='ocrx_word' id='word_1_183' title='bbox 994 1776 1069 1846; x_wconf 80' lang='grc' dir='ltr'><strong>μὴ</strong></span> <span class='ocrx_word' id='word_1_184' title='bbox 1136 1774 1493 1843; x_wconf 79' lang='grc' dir='ltr'>βουλομένους</span> <span class='ocrx_word' id='word_1_185' title='bbox 1542 1774 1634 1825; x_wconf 73' lang='grc' dir='ltr'>καὶ</span> <span class='ocrx_word' id='word_1_186' title='bbox 1691 1773 1791 1839; x_wconf 76' lang='grc' dir='ltr'><strong>τὴν</strong></span> 
     </span>
    </p>
   </div>
   <div class='ocr_carea' id='block_1_29' title="bbox 1972 1765 3483 1835">
    <p class='ocr_par' dir='ltr' id='par_1_29' title="bbox 1972 1765 3483 1835">
     <span class='ocr_line' id='line_1_29' title="bbox 1972 1765 3483 1835; baseline -0.006 -9"><span class='ocrx_word' id='word_1_187' title='bbox 1972 1772 2083 1825; x_wconf 84' lang='lat' dir='ltr'><strong>llos</strong></span> <span class='ocrx_word' id='word_1_188' title='bbox 2126 1786 2257 1825; x_wconf 83' lang='lat' dir='ltr'><strong>sane</strong></span> <span class='ocrx_word' id='word_1_189' title='bbox 2310 1770 2521 1823; x_wconf 78' lang='lat' dir='ltr'><strong>tametsi</strong></span> <span class='ocrx_word' id='word_1_190' title='bbox 2577 1770 2810 1827; x_wconf 81' lang='lat' dir='ltr'><strong>nollent,</strong></span> <span class='ocrx_word' id='word_1_191' title='bbox 2877 1766 3112 1835; x_wconf 82' lang='lat' dir='ltr'><strong>bellique</strong></span> <span class='ocrx_word' id='word_1_192' title='bbox 3171 1765 3483 1817; x_wconf 86' lang='lat' dir='ltr'><strong>societatem</strong></span> 
     </span>
    </p>
   </div>
   <div class='ocr_carea' id='block_1_30' title="bbox 207 1862 1802 1937">
    <p class='ocr_par' dir='ltr' id='par_1_30' title="bbox 207 1864 1791 1937">
     <span class='ocr_line' id='line_1_30' title="bbox 207 1864 1791 1937; baseline -0.002 -20"><span class='ocrx_word' id='word_1_193' title='bbox 207 1868 536 1936; x_wconf 70' lang='grc' dir='ltr'>συμμαχίαν</span> <span class='ocrx_word' id='word_1_194' title='bbox 598 1868 1047 1937; x_wconf 72' lang='grc' dir='ltr'>ἀπαγορεύοντας</span> <span class='ocrx_word' id='word_1_195' title='bbox 1116 1868 1223 1920; x_wconf 78' lang='grc' dir='ltr'>ἔδει</span> <span class='ocrx_word' id='word_1_196' title='bbox 1284 1864 1791 1934; x_wconf 74' lang='grc' dir='ltr'>προσαναγκάζειν,</span> 
     </span>
    </p>
   </div>
   <div class='ocr_carea' id='block_1_31' title="bbox 1906 1862 3490 1937">
    <p class='ocr_par' dir='ltr' id='par_1_31' title="bbox 1906 1862 3490 1926">
     <span class='ocr_line' id='line_1_31' title="bbox 1906 1862 3490 1926; baseline -0.006 -11"><span class='ocrx_word' id='word_1_197' title='bbox 1906 1862 2293 1920; x_wconf 84' lang='lat' dir='ltr'><strong>detrectarent,</strong></span> <span class='ocrx_word' id='word_1_198' title='bbox 2337 1862 2552 1915; x_wconf 83' lang='lat' dir='ltr'><strong>abunde</strong></span> <span class='ocrx_word' id='word_1_199' title='bbox 2600 1874 2697 1912; x_wconf 89' lang='lat' dir='ltr'><strong>nos</strong></span> <span class='ocrx_word' id='word_1_200' title='bbox 2732 1867 3011 1926; x_wconf 85' lang='lat' dir='ltr'><strong>oporteret</strong></span> <span class='ocrx_word' id='word_1_201' title='bbox 3040 1871 3258 1925; x_wconf 81' lang='lat' dir='ltr'><strong>cogere,</strong></span> <span class='ocrx_word' id='word_1_202' title='bbox 3291 1872 3490 1925; x_wconf 75' lang='lat' dir='ltr'><strong>rogan-</strong></span> 
     </span>
    </p>
   </div>
   <div class='ocr_carea' id='block_1_32' title="bbox 202 1958 1802 2029">
    <p class='ocr_par' dir='ltr' id='par_1_32' title="bbox 202 1958 1802 2029">
     <span class='ocr_line' id='line_1_32' title="bbox 202 1958 1802 2029; baseline -0.003 -18"><span class='ocrx_word' id='word_1_203' title='bbox 202 1960 497 2025; x_wconf 76' lang='grc' dir='ltr'>δεομένους</span> <span class='ocrx_word' id='word_1_204' title='bbox 529 1961 620 2011; x_wconf 71' lang='grc' dir='ltr'><strong>καὶ</strong></span> <span class='ocrx_word' id='word_1_205' title='bbox 668 1960 911 2029; x_wconf 79' lang='grc' dir='ltr'>χρήμαθ’</span> <span class='ocrx_word' id='word_1_206' title='bbox 954 1960 1441 2029; x_wconf 76' lang='grc' dir='ltr'>ὑπισχνουμένους,</span> <span class='ocrx_word' id='word_1_207' title='bbox 1483 1958 1578 2010; x_wconf 76' lang='grc' dir='ltr'><strong>καὶ</strong></span> <span class='ocrx_word' id='word_1_208' title='bbox 1622 1959 1802 2009; x_wconf 77' lang='grc' dir='ltr'>πάντα</span> 
     </span>
    </p>
   </div>
   <div class='ocr_carea' id='block_1_33' title="bbox 208 2040 1793 2115">
    <p class='ocr_par' dir='ltr' id='par_1_33' title="bbox 208 2040 1793 2115">
     <span class='ocr_line' id='line_1_33' title="bbox 208 2040 1793 2115; baseline -0.001 -20"><span class='ocrx_word' id='word_1_209' title='bbox 208 2043 528 2107; x_wconf 76' lang='grc' dir='ltr'>ποιοῦντας,</span> <span class='ocrx_word' id='word_1_210' title='bbox 576 2044 644 2097; x_wconf 86' lang='grc' dir='ltr'>δι’</span> <span class='ocrx_word' id='word_1_211' title='bbox 689 2040 765 2097; x_wconf 82' lang='grc' dir='ltr'>ὧν</span> <span class='ocrx_word' id='word_1_212' title='bbox 816 2046 901 2102; x_wconf 79' lang='grc' dir='ltr'><strong>ἂν,</strong></span> <span class='ocrx_word' id='word_1_213' title='bbox 938 2046 1055 2115; x_wconf 85' lang='grc' dir='ltr'>μεθ’</span> <span class='ocrx_word' id='word_1_214' title='bbox 1106 2048 1265 2115; x_wconf 80' lang='grc' dir='ltr'>ἡμῶν</span> <span class='ocrx_word' id='word_1_215' title='bbox 1324 2047 1513 2109; x_wconf 65' lang='grc' dir='ltr'>στῆναι</span> <span class='ocrx_word' id='word_1_216' title='bbox 1571 2043 1793 2102; x_wconf 84' lang='grc' dir='ltr'>τούτους</span> 
     </span>
    </p>
   </div>
   <div class='ocr_carea' id='block_1_34' title="bbox 207 2137 1799 2208">
    <p class='ocr_par' dir='ltr' id='par_1_34' title="bbox 207 2137 1799 2208">
     <span class='ocr_line' id='line_1_34' title="bbox 207 2137 1799 2208; baseline -0.001 -19"><span class='ocrx_word' id='word_1_217' title='bbox 207 2137 531 2205; x_wconf 66' lang='grc' dir='ltr'>ἐπείθομε-ι,</span> <span class='ocrx_word' id='word_1_218' title='bbox 553 2138 762 2189; x_wconf 80' lang='grc' dir='ltr'>οὐδέσιν</span> <span class='ocrx_word' id='word_1_219' title='bbox 789 2138 996 2208; x_wconf 83' lang='grc' dir='ltr'>ἑτέροις</span> <span class='ocrx_word' id='word_1_220' title='bbox 1025 2139 1225 2206; x_wconf 76' lang='grc' dir='ltr'>μᾶλλον</span> <span class='ocrx_word' id='word_1_221' title='bbox 1248 2138 1470 2208; x_wconf 71' lang='grc' dir='ltr'>θαρρεῖν</span> <span class='ocrx_word' id='word_1_222' title='bbox 1496 2138 1709 2205; x_wconf 81' lang='grc' dir='ltr'>ἔχοντες</span> <span class='ocrx_word' id='word_1_223' title='bbox 1736 2138 1799 2188; x_wconf 83' lang='grc' dir='ltr'>ὲκ</span> 
     </span>
    </p>
   </div>
   <div class='ocr_carea' id='block_1_35' title="bbox 207 2224 1796 2294">
    <p class='ocr_par' dir='ltr' id='par_1_35' title="bbox 207 2224 1796 2294">
     <span class='ocr_line' id='line_1_35' title="bbox 207 2224 1796 2294; baseline 0.001 -19"><span class='ocrx_word' id='word_1_224' title='bbox 207 2224 327 2275; x_wconf 78' lang='grc' dir='ltr'><strong>τῶν</strong></span> <span class='ocrx_word' id='word_1_225' title='bbox 373 2225 701 2293; x_wconf 71' lang='grc' dir='ltr'>εἰρημένων.</span> <span class='ocrx_word' id='word_1_226' title='bbox 747 2226 899 2278; x_wconf 74' lang='grc' dir='ltr'>Ἐπεὶ</span> <span class='ocrx_word' id='word_1_227' title='bbox 944 2226 999 2278; x_wconf 85' lang='grc' dir='ltr'>δὲ</span> <span class='ocrx_word' id='word_1_228' title='bbox 1030 2226 1255 2288; x_wconf 75' lang='grc' dir='ltr'>τούτους</span> <span class='ocrx_word' id='word_1_229' title='bbox 1293 2226 1557 2293; x_wconf 76' lang='grc' dir='ltr'>ἡγγελται</span> <span class='ocrx_word' id='word_1_230' title='bbox 1590 2226 1684 2277; x_wconf 71' lang='grc' dir='ltr'><strong>καὶ</strong></span> <span class='ocrx_word' id='word_1_231' title='bbox 1732 2224 1796 2294; x_wconf 83' lang='grc' dir='ltr'>δὴ</span> 
     </span>
    </p>
   </div>
   <div class='ocr_carea' id='block_1_36' title="bbox 208 2315 1797 2387">
    <p class='ocr_par' dir='ltr' id='par_1_36' title="bbox 208 2315 1797 2387">
     <span class='ocr_line' id='line_1_36' title="bbox 208 2315 1797 2387; baseline 0.002 -23"><span class='ocrx_word' id='word_1_232' title='bbox 208 2318 493 2380; x_wconf 81' lang='grc' dir='ltr'>παρεῖναι,</span> <span class='ocrx_word' id='word_1_233' title='bbox 522 2316 619 2367; x_wconf 75' lang='grc' dir='ltr'><strong>καὶ</strong></span> <span class='ocrx_word' id='word_1_234' title='bbox 664 2315 765 2385; x_wconf 86' lang='grc' dir='ltr'><strong>τὴν</strong></span> <span class='ocrx_word' id='word_1_235' title='bbox 813 2317 1136 2386; x_wconf 78' lang='grc' dir='ltr'>συμμαχίαν</span> <span class='ocrx_word' id='word_1_236' title='bbox 1168 2318 1301 2387; x_wconf 77' lang='grc' dir='ltr'>ἡμῖν</span> <span class='ocrx_word' id='word_1_237' title='bbox 1336 2317 1797 2385; x_wconf 76' lang='grc' dir='ltr'>ἐπαγγελλόμενοι</span> 
     </span>
    </p>
   </div>
   <div class='ocr_carea' id='block_1_37' title="bbox 204 2404 1799 2479">
    <p class='ocr_par' dir='ltr' id='par_1_37' title="bbox 204 2404 1799 2479">
     <span class='ocr_line' id='line_1_37' title="bbox 204 2404 1799 2479; baseline 0.002 -23"><span class='ocrx_word' id='word_1_238' title='bbox 204 2408 326 2467; x_wconf 82' lang='grc' dir='ltr'>τοῖς</span> <span class='ocrx_word' id='word_1_239' title='bbox 354 2405 529 2458; x_wconf 74' lang='grc' dir='ltr'>οὐκέτ’</span> <span class='ocrx_word' id='word_1_240' title='bbox 568 2409 888 2476; x_wconf 83' lang='grc' dir='ltr'>ἀντέχουσιν</span> <span class='ocrx_word' id='word_1_241' title='bbox 922 2404 1079 2479; x_wconf 81' lang='grc' dir='ltr'>ἧκον,</span> <span class='ocrx_word' id='word_1_242' title='bbox 1116 2410 1210 2461; x_wconf 75' lang='grc' dir='ltr'><strong>καὶ</strong></span> <span class='ocrx_word' id='word_1_243' title='bbox 1236 2410 1342 2460; x_wconf 82' lang='grc' dir='ltr'><strong>τῶν</strong></span> <span class='ocrx_word' id='word_1_244' title='bbox 1368 2409 1629 2470; x_wconf 74' lang='grc' dir='ltr'>πολλάκις</span> <span class='ocrx_word' id='word_1_245' title='bbox 1659 2408 1799 2477; x_wconf 80' lang='grc' dir='ltr'>ὑπὲρ</span> 
     </span>
    </p>
   </div>
   <div class='ocr_carea' id='block_1_38' title="bbox 206 2496 1801 2568">
    <p class='ocr_par' dir='ltr' id='par_1_38' title="bbox 206 2496 1801 2568">
     <span class='ocr_line' id='line_1_38' title="bbox 206 2496 1801 2568; baseline 0.003 -22"><span class='ocrx_word' id='word_1_246' title='bbox 206 2496 378 2563; x_wconf 80' lang='grc' dir='ltr'>ἡμῶν</span> <span class='ocrx_word' id='word_1_247' title='bbox 432 2498 572 2548; x_wconf 68' lang='grc' dir='ltr'>κατὰ</span> <span class='ocrx_word' id='word_1_248' title='bbox 614 2497 722 2549; x_wconf 83' lang='grc' dir='ltr'>τῶν</span> <span class='ocrx_word' id='word_1_249' title='bbox 779 2498 1069 2568; x_wconf 83' lang='grc' dir='ltr'>βαρϐάρων</span> <span class='ocrx_word' id='word_1_250' title='bbox 1117 2500 1300 2560; x_wconf 77' lang='grc' dir='ltr'>αὐτοῖς</span> <span class='ocrx_word' id='word_1_251' title='bbox 1344 2500 1801 2568; x_wconf 81' lang='grc' dir='ltr'>ὲπιδεδειγμένων</span> 
     </span>
    </p>
   </div>
   <div class='ocr_carea' id='block_1_39' title="bbox 211 2586 1799 2662">
    <p class='ocr_par' dir='ltr' id='par_1_39' title="bbox 211 2586 1799 2662">
     <span class='ocr_line' id='line_1_39' title="bbox 211 2586 1799 2662; baseline 0 -19"><span class='ocrx_word' id='word_1_252' title='bbox 211 2589 687 2659; x_wconf 81' lang='grc' dir='ltr'>ἀναμνησθέντες,</span> <span class='ocrx_word' id='word_1_253' title='bbox 729 2586 894 2660; x_wconf 77' lang='grc' dir='ltr'>ἦλθον</span> <span class='ocrx_word' id='word_1_254' title='bbox 952 2593 1331 2656; x_wconf 78' lang='grc' dir='ltr'>ἀποδώσοντες</span> <span class='ocrx_word' id='word_1_255' title='bbox 1387 2594 1488 2662; x_wconf 73' lang='grc' dir='ltr'>μὲν</span> <span class='ocrx_word' id='word_1_256' title='bbox 1537 2593 1654 2661; x_wconf 82' lang='grc' dir='ltr'>Θεῷ</span> <span class='ocrx_word' id='word_1_257' title='bbox 1700 2594 1799 2660; x_wconf 81' lang='grc' dir='ltr'><strong>τὴν</strong></span> 
     </span>
    </p>
   </div>
   <div class='ocr_carea' id='block_1_40' title="bbox 211 2684 1800 2754">
    <p class='ocr_par' dir='ltr' id='par_1_40' title="bbox 211 2684 1800 2754">
     <span class='ocr_line' id='line_1_40' title="bbox 211 2684 1800 2754; baseline 0.001 -19"><span class='ocrx_word' id='word_1_258' title='bbox 211 2684 550 2747; x_wconf 77' lang='grc' dir='ltr'>ἀναγκαίαν,</span> <span class='ocrx_word' id='word_1_259' title='bbox 577 2685 672 2735; x_wconf 73' lang='grc' dir='ltr'><strong>καὶ</strong></span> <span class='ocrx_word' id='word_1_260' title='bbox 696 2684 761 2753; x_wconf 83' lang='grc' dir='ltr'>ἢν</span> <span class='ocrx_word' id='word_1_261' title='bbox 793 2684 942 2754; x_wconf 82' lang='grc' dir='ltr'>αὐτῷ</span> <span class='ocrx_word' id='word_1_262' title='bbox 975 2685 1193 2753; x_wconf 78' lang='grc' dir='ltr'>μάλιστ’</span> <span class='ocrx_word' id='word_1_263' title='bbox 1217 2686 1451 2752; x_wconf 82' lang='grc' dir='ltr'>ὀφείλειν</span> <span class='ocrx_word' id='word_1_264' title='bbox 1484 2685 1800 2753; x_wconf 79' lang='grc' dir='ltr'>νομίζουσιν</span> 
     </span>
    </p>
   </div>
   <div class='ocr_carea' id='block_1_41' title="bbox 210 2774 1799 2848">
    <p class='ocr_par' dir='ltr' id='par_1_41' title="bbox 210 2774 1799 2848">
     <span class='ocr_line' id='line_1_41' title="bbox 210 2774 1799 2848; baseline 0.004 -25"><span class='ocrx_word' id='word_1_265' title='bbox 210 2774 508 2841; x_wconf 81' lang='grc' dir='ltr'>εἰσφορὰν,</span> <span class='ocrx_word' id='word_1_266' title='bbox 530 2776 859 2843; x_wconf 84' lang='grc' dir='ltr'>ἀμυνόμενοι</span> <span class='ocrx_word' id='word_1_267' title='bbox 887 2776 942 2829; x_wconf 83' lang='grc' dir='ltr'>δὲ</span> <span class='ocrx_word' id='word_1_268' title='bbox 980 2779 1074 2829; x_wconf 69' lang='grc' dir='ltr'><strong>καὶ</strong></span> <span class='ocrx_word' id='word_1_269' title='bbox 1106 2777 1245 2848; x_wconf 80' lang='grc' dir='ltr'>ὑπὲρ</span> <span class='ocrx_word' id='word_1_270' title='bbox 1295 2778 1474 2844; x_wconf 74' lang='grc' dir='ltr'>ήμῶν,</span> <span class='ocrx_word' id='word_1_271' title='bbox 1513 2778 1607 2839; x_wconf 75' lang='grc' dir='ltr'><strong>οὓς</strong></span> <span class='ocrx_word' id='word_1_272' title='bbox 1639 2780 1799 2847; x_wconf 83' lang='grc' dir='ltr'>ἡμεῖς</span> 
     </span>
    </p>
   </div>
   <div class='ocr_carea' id='block_1_42' title="bbox 212 2861 1802 2938">
    <p class='ocr_par' dir='ltr' id='par_1_42' title="bbox 212 2861 1802 2938">
     <span class='ocr_line' id='line_1_42' title="bbox 212 2861 1802 2938; baseline 0.003 -23"><span class='ocrx_word' id='word_1_273' title='bbox 212 2866 319 2933; x_wconf 75' lang='grc' dir='ltr'><strong>οὐχ</strong></span> <span class='ocrx_word' id='word_1_274' title='bbox 372 2861 487 2931; x_wconf 48' lang='grc' dir='ltr'>οἷοί,</span> <span class='ocrx_word' id='word_1_275' title='bbox 524 2866 572 2917; x_wconf 83' lang='grc' dir='ltr'>τ’</span> <span class='ocrx_word' id='word_1_276' title='bbox 612 2869 798 2934; x_wconf 75' lang='grc' dir='ltr'>ἐσμὲν,</span> <span class='ocrx_word' id='word_1_277' title='bbox 851 2868 1025 2938; x_wconf 80' lang='grc' dir='ltr'>τολμᾷ</span> <span class='ocrx_word' id='word_1_278' title='bbox 1073 2886 1157 2932; x_wconf 90' lang='grc' dir='ltr'><strong>τις</strong></span> <span class='ocrx_word' id='word_1_279' title='bbox 1206 2870 1440 2922; x_wconf 78' lang='grc' dir='ltr'>ἐνταῦθα</span> <span class='ocrx_word' id='word_1_280' title='bbox 1492 2870 1802 2938; x_wconf 84' lang='grc' dir='ltr'>συμϐουλῆς</span> 
     </span>
    </p>
   </div>
   <div class='ocr_carea' id='block_1_43' title="bbox 217 2956 1801 3029">
    <p class='ocr_par' dir='ltr' id='par_1_43' title="bbox 217 2956 1801 3029">
     <span class='ocr_line' id='line_1_43' title="bbox 217 2956 1801 3029; baseline 0.004 -23"><span class='ocrx_word' id='word_1_281' title='bbox 217 2956 563 3024; x_wconf 79' lang='grc' dir='ltr'>μεμνῆσθαι,</span> <span class='ocrx_word' id='word_1_282' title='bbox 599 2960 693 3010; x_wconf 69' lang='grc' dir='ltr'>καὶ</span> <span class='ocrx_word' id='word_1_283' title='bbox 720 2957 980 3026; x_wconf 65' lang='grc' dir='ltr'>συνάγειν</span> <span class='ocrx_word' id='word_1_284' title='bbox 1021 2961 1145 3023; x_wconf 63' lang='grc' dir='ltr'>τοὺς</span> <span class='ocrx_word' id='word_1_285' title='bbox 1175 2960 1568 3029; x_wconf 74' lang='grc' dir='ltr'>σκεψομένους.</span> <span class='ocrx_word' id='word_1_286' title='bbox 1596 2965 1643 3013; x_wconf 86' lang='grc' dir='ltr'>εἰ</span> <span class='ocrx_word' id='word_1_287' title='bbox 1684 2960 1801 3012; x_wconf 87' lang='grc' dir='ltr'>δέον</span> 
     </span>
    </p>
   </div>
   <div class='ocr_carea' id='block_1_44' title="bbox 213 3048 1800 3121">
    <p class='ocr_par' dir='ltr' id='par_1_44' title="bbox 213 3048 1800 3121">
     <span class='ocr_line' id='line_1_44' title="bbox 213 3048 1800 3121; baseline -0.008 -4"><span class='ocrx_word' id='word_1_288' title='bbox 213 3050 371 3117; x_wconf 68' lang='grc' dir='ltr'><strong>ἡμᾶς</strong></span> <span class='ocrx_word' id='word_1_289' title='bbox 401 3050 719 3118; x_wconf 66' lang='grc' dir='ltr'>ἐλευθέρους</span> <span class='ocrx_word' id='word_1_290' title='bbox 754 3048 931 3119; x_wconf 76' lang='grc' dir='ltr'>εἶναις</span> <span class='ocrx_word' id='word_1_291' title='bbox 974 3051 1145 3104; x_wconf 83' lang='grc' dir='ltr'>Τοῦτο</span> <span class='ocrx_word' id='word_1_292' title='bbox 1196 3053 1307 3121; x_wconf 74' lang='grc' dir='ltr'>γὰρ</span> <span class='ocrx_word' id='word_1_293' title='bbox 1331 3054 1590 3120; x_wconf 67' lang='grc' dir='ltr'>ἄντικρυς</span> <span class='ocrx_word' id='word_1_294' title='bbox 1620 3056 1800 3115; x_wconf 76' lang='grc' dir='ltr'>αὐτοῖς</span> 
     </span>
    </p>
   </div>
   <div class='ocr_carea' id='block_1_45' title="bbox 213 3142 1797 3214">
    <p class='ocr_par' dir='ltr' id='par_1_45' title="bbox 213 3142 1797 3214">
     <span class='ocr_line' id='line_1_45' title="bbox 213 3142 1797 3214; baseline 0.004 -23"><span class='ocrx_word' id='word_1_295' title='bbox 213 3158 369 3209; x_wconf 80' lang='grc' dir='ltr'>φημι</span> <span class='ocrx_word' id='word_1_296' title='bbox 431 3142 709 3208; x_wconf 84' lang='grc' dir='ltr'>βούλεσθαι</span> <span class='ocrx_word' id='word_1_297' title='bbox 761 3144 857 3213; x_wconf 80' lang='grc' dir='ltr'><strong>τήν</strong></span> <span class='ocrx_word' id='word_1_298' title='bbox 920 3144 1071 3214; x_wconf 66' lang='grc' dir='ltr'>παρὰ</span> <span class='ocrx_word' id='word_1_299' title='bbox 1136 3146 1323 3213; x_wconf 73' lang='grc' dir='ltr'>καιρὸν</span> <span class='ocrx_word' id='word_1_300' title='bbox 1367 3145 1572 3213; x_wconf 73' lang='grc' dir='ltr'>ταύτην</span> <span class='ocrx_word' id='word_1_301' title='bbox 1638 3146 1797 3197; x_wconf 75' lang='grc' dir='ltr'>εὐλά·</span> 
     </span>
    </p>
   </div>
   <div class='ocr_carea' id='block_1_46' title="bbox 212 3232 1802 3308">
    <p class='ocr_par' dir='ltr' id='par_1_46' title="bbox 212 3232 1802 3308">
     <span class='ocr_line' id='line_1_46' title="bbox 212 3232 1802 3308; baseline 0.004 -27"><span class='ocrx_word' id='word_1_302' title='bbox 212 3232 395 3295; x_wconf 81' lang='grc' dir='ltr'>ϐειαν,</span> <span class='ocrx_word' id='word_1_303' title='bbox 438 3232 471 3301; x_wconf 79' lang='grc' dir='ltr'><strong>ἢ</strong></span> <span class='ocrx_word' id='word_1_304' title='bbox 511 3233 711 3300; x_wconf 83' lang='grc' dir='ltr'>μᾶλλον</span> <span class='ocrx_word' id='word_1_305' title='bbox 748 3236 1125 3304; x_wconf 78' lang='grc' dir='ltr'>ἀναισθησίαν,</span> <span class='ocrx_word' id='word_1_306' title='bbox 1166 3237 1228 3288; x_wconf 79' lang='lat' dir='ltr'><strong>El</strong></span> <span class='ocrx_word' id='word_1_307' title='bbox 1267 3238 1366 3306; x_wconf 82' lang='grc' dir='ltr'><strong>μὲν</strong></span> <span class='ocrx_word' id='word_1_308' title='bbox 1398 3238 1507 3308; x_wconf 78' lang='grc' dir='ltr'><strong>γὰρ</strong></span> <span class='ocrx_word' id='word_1_309' title='bbox 1551 3236 1582 3306; x_wconf 78' lang='grc' dir='ltr'>ἢ</span> <span class='ocrx_word' id='word_1_310' title='bbox 1616 3236 1688 3305; x_wconf 81' lang='grc' dir='ltr'><strong>μὴ</strong></span> <span class='ocrx_word' id='word_1_311' title='bbox 1723 3237 1802 3289; x_wconf 82' lang='grc' dir='ltr'><strong>δεῖ</strong></span> 
     </span>
    </p>
   </div>
   <div class='ocr_carea' id='block_1_47' title="bbox 215 3323 1804 3397">
    <p class='ocr_par' dir='ltr' id='par_1_47' title="bbox 215 3323 1804 3397">
     <span class='ocr_line' id='line_1_47' title="bbox 215 3323 1804 3397; baseline 0.005 -24"><span class='ocrx_word' id='word_1_312' title='bbox 215 3323 528 3392; x_wconf 87' lang='grc' dir='ltr'>συμμάχων</span> <span class='ocrx_word' id='word_1_313' title='bbox 582 3325 734 3392; x_wconf 78' lang='grc' dir='ltr'>ἡμῖν,</span> <span class='ocrx_word' id='word_1_314' title='bbox 774 3325 805 3394; x_wconf 80' lang='grc' dir='ltr'>ἢ</span> <span class='ocrx_word' id='word_1_315' title='bbox 845 3326 1049 3378; x_wconf 85' lang='grc' dir='ltr'>τούτων</span> <span class='ocrx_word' id='word_1_316' title='bbox 1104 3326 1235 3397; x_wconf 77' lang='grc' dir='ltr'>ἐξῆν</span> <span class='ocrx_word' id='word_1_317' title='bbox 1268 3327 1521 3388; x_wconf 79' lang='grc' dir='ltr'>καλλίους</span> <span class='ocrx_word' id='word_1_318' title='bbox 1572 3328 1804 3395; x_wconf 70' lang='grc' dir='ltr'>πορίσας</span> 
     </span>
    </p>
   </div>
   <div class='ocr_carea' id='block_1_48' title="bbox 219 3415 1803 3491">
    <p class='ocr_par' dir='ltr' id='par_1_48' title="bbox 219 3415 1803 3491">
     <span class='ocr_line' id='line_1_48' title="bbox 219 3415 1803 3491; baseline 0.004 -25"><span class='ocrx_word' id='word_1_319' title='bbox 219 3415 375 3477; x_wconf 85' lang='grc' dir='ltr'>σθαι,</span> <span class='ocrx_word' id='word_1_320' title='bbox 409 3418 439 3484; x_wconf 86' lang='grc' dir='ltr'>ἢ</span> <span class='ocrx_word' id='word_1_321' title='bbox 471 3418 633 3485; x_wconf 74' lang='grc' dir='ltr'>τυχὸν</span> <span class='ocrx_word' id='word_1_322' title='bbox 668 3420 1157 3472; x_wconf 76' lang='grc' dir='ltr'>ὁποιουστινασοῦν</span> <span class='ocrx_word' id='word_1_323' title='bbox 1184 3420 1315 3485; x_wconf 81' lang='grc' dir='ltr'>γοῦν</span> <span class='ocrx_word' id='word_1_324' title='bbox 1346 3419 1458 3472; x_wconf 72' lang='grc' dir='ltr'>οἷον</span> <span class='ocrx_word' id='word_1_325' title='bbox 1485 3423 1532 3473; x_wconf 91' lang='grc' dir='ltr'>τ’</span> <span class='ocrx_word' id='word_1_326' title='bbox 1559 3418 1626 3491; x_wconf 84' lang='grc' dir='ltr'>ἦν</span> <span class='ocrx_word' id='word_1_327' title='bbox 1652 3422 1803 3486; x_wconf 71' lang='grc' dir='ltr'>ἐξευ-</span> 
     </span>
    </p>
   </div>
   <div class='ocr_carea' id='block_1_49' title="bbox 217 3502 1802 3582">
    <p class='ocr_par' dir='ltr' id='par_1_49' title="bbox 217 3502 1802 3582">
     <span class='ocr_line' id='line_1_49' title="bbox 217 3502 1802 3582; baseline 0.005 -25"><span class='ocrx_word' id='word_1_328' title='bbox 217 3509 362 3574; x_wconf 77' lang='grc' dir='ltr'>ρεῖν,</span> <span class='ocrx_word' id='word_1_329' title='bbox 396 3502 540 3577; x_wconf 77' lang='grc' dir='ltr'>εἶχεν</span> <span class='ocrx_word' id='word_1_330' title='bbox 576 3509 642 3561; x_wconf 84' lang='grc' dir='ltr'><strong>ἀν</strong></span> <span class='ocrx_word' id='word_1_331' title='bbox 669 3526 789 3561; x_wconf 89' lang='grc' dir='ltr'>τινα</span> <span class='ocrx_word' id='word_1_332' title='bbox 826 3510 983 3576; x_wconf 78' lang='grc' dir='ltr'>λόγον</span> <span class='ocrx_word' id='word_1_333' title='bbox 1013 3513 1125 3570; x_wconf 83' lang='grc' dir='ltr'>τοῖς</span> <span class='ocrx_word' id='word_1_334' title='bbox 1169 3512 1521 3579; x_wconf 82' lang='grc' dir='ltr'>παραπλῆξιν</span> <span class='ocrx_word' id='word_1_335' title='bbox 1555 3516 1586 3582; x_wconf 80' lang='grc' dir='ltr'><strong>ἠ</strong></span> <span class='ocrx_word' id='word_1_336' title='bbox 1624 3512 1802 3565; x_wconf 82' lang='grc' dir='ltr'>πάντα</span> 
     </span>
    </p>
   </div>
   <div class='ocr_carea' id='block_1_50' title="bbox 214 3600 1804 3672">
    <p class='ocr_par' dir='ltr' id='par_1_50' title="bbox 214 3600 1804 3672">
     <span class='ocr_line' id='line_1_50' title="bbox 214 3600 1804 3672; baseline 0.003 -19"><span class='ocrx_word' id='word_1_337' title='bbox 214 3604 425 3663; x_wconf 80' lang='grc' dir='ltr'>ἄτοπος</span> <span class='ocrx_word' id='word_1_338' title='bbox 457 3600 596 3670; x_wconf 73' lang='grc' dir='ltr'>αὕτη</span> <span class='ocrx_word' id='word_1_339' title='bbox 633 3602 795 3671; x_wconf 86' lang='grc' dir='ltr'>βουλή</span> <span class='ocrx_word' id='word_1_340' title='bbox 821 3618 835 3631; x_wconf 76' lang='grc'><strong>⁸</strong></span> <span class='ocrx_word' id='word_1_341' title='bbox 870 3605 991 3654; x_wconf 73' lang='grc' dir='ltr'>ἐπεὶ</span> <span class='ocrx_word' id='word_1_342' title='bbox 1014 3602 1068 3654; x_wconf 84' lang='grc' dir='ltr'>δὲ</span> <span class='ocrx_word' id='word_1_343' title='bbox 1105 3604 1171 3655; x_wconf 77' lang='grc' dir='ltr'>τὰ</span> <span class='ocrx_word' id='word_1_344' title='bbox 1217 3605 1316 3670; x_wconf 80' lang='grc' dir='ltr'><strong>μὲν</strong></span> <span class='ocrx_word' id='word_1_345' title='bbox 1356 3604 1454 3672; x_wconf 78' lang='grc' dir='ltr'>τῆς</span> <span class='ocrx_word' id='word_1_346' title='bbox 1488 3605 1695 3667; x_wconf 68' lang='grc' dir='ltr'>πόλεως</span> <span class='ocrx_word' id='word_1_347' title='bbox 1726 3605 1804 3657; x_wconf 67' lang='lat' dir='ltr'><strong>ol-</strong></span> 
     </span>
    </p>
   </div>
   <div class='ocr_carea' id='block_1_51' title="bbox 216 3692 1804 3759">
    <p class='ocr_par' dir='ltr' id='par_1_51' title="bbox 216 3692 1804 3759">
     <span class='ocr_line' id='line_1_51' title="bbox 216 3692 1804 3759; baseline 0.003 -20"><span class='ocrx_word' id='word_1_348' title='bbox 216 3706 405 3757; x_wconf 84' lang='grc' dir='ltr'>χεται,</span> <span class='ocrx_word' id='word_1_349' title='bbox 444 3693 533 3741; x_wconf 67' lang='grc' dir='ltr'><strong>καὶ</strong></span> <span class='ocrx_word' id='word_1_350' title='bbox 566 3692 691 3742; x_wconf 85' lang='grc' dir='ltr'>καθ’</span> <span class='ocrx_word' id='word_1_351' title='bbox 722 3692 949 3752; x_wconf 77' lang='grc' dir='ltr'>ἑαυτοὺς</span> <span class='ocrx_word' id='word_1_352' title='bbox 976 3693 1293 3758; x_wconf 80' lang='grc' dir='ltr'>ἀνενεγκεῖν</span> <span class='ocrx_word' id='word_1_353' title='bbox 1322 3694 1472 3759; x_wconf 78' lang='grc' dir='ltr'>ἡμᾶς</span> <span class='ocrx_word' id='word_1_354' title='bbox 1499 3695 1670 3746; x_wconf 86' lang='grc' dir='ltr'>πάλαι</span> <span class='ocrx_word' id='word_1_355' title='bbox 1696 3694 1804 3745; x_wconf 83' lang='grc' dir='ltr'>τῶν</span> 
     </span>
    </p>
   </div>
   <div class='ocr_carea' id='block_1_52' title="bbox 216 3782 1805 3855">
    <p class='ocr_par' dir='ltr' id='par_1_52' title="bbox 216 3782 1805 3855">
     <span class='ocr_line' id='line_1_52' title="bbox 216 3782 1805 3855; baseline 0.005 -24"><span class='ocrx_word' id='word_1_356' title='bbox 216 3782 507 3833; x_wconf 80' lang='grc' dir='ltr'>ἀδυνάτων</span> <span class='ocrx_word' id='word_1_357' title='bbox 546 3782 603 3834; x_wconf 82' lang='grc' dir='ltr'>ὃν</span> <span class='ocrx_word' id='word_1_358' title='bbox 626 3783 901 3850; x_wconf 80' lang='grc' dir='ltr'>κέκριται,</span> <span class='ocrx_word' id='word_1_359' title='bbox 931 3784 1023 3844; x_wconf 84' lang='grc' dir='ltr'><strong>οὒς</strong></span> <span class='ocrx_word' id='word_1_360' title='bbox 1054 3785 1096 3836; x_wconf 73' lang='grc' dir='ltr'>δ’</span> <span class='ocrx_word' id='word_1_361' title='bbox 1124 3783 1188 3836; x_wconf 74' lang='grc' dir='ltr'><strong>ἂν</strong></span> <span class='ocrx_word' id='word_1_362' title='bbox 1215 3787 1555 3852; x_wconf 72' lang='grc' dir='ltr'>ἐκαλέσαμεν</span> <span class='ocrx_word' id='word_1_363' title='bbox 1584 3787 1805 3855; x_wconf 82' lang='grc' dir='ltr'>συμμά-</span> 
     </span>
    </p>
   </div>
   <div class='ocr_carea' id='block_1_53' title="bbox 217 3866 1803 3947">
    <p class='ocr_par' dir='ltr' id='par_1_53' title="bbox 217 3866 1803 3947">
     <span class='ocr_line' id='line_1_53' title="bbox 217 3866 1803 3947; baseline 0.004 -24"><span class='ocrx_word' id='word_1_364' title='bbox 217 3890 372 3942; x_wconf 84' lang='grc' dir='ltr'>χους,</span> <span class='ocrx_word' id='word_1_365' title='bbox 406 3866 549 3925; x_wconf 71' lang='grc' dir='ltr'>οὗτοι</span> <span class='ocrx_word' id='word_1_366' title='bbox 582 3874 781 3935; x_wconf 82' lang='grc' dir='ltr'>πάντες</span> <span class='ocrx_word' id='word_1_367' title='bbox 810 3877 903 3942; x_wconf 63' lang='grc' dir='ltr'><strong>τὴκ</strong></span> <span class='ocrx_word' id='word_1_368' title='bbox 943 3875 1053 3926; x_wconf 83' lang='grc' dir='ltr'><strong>τῶν</strong></span> <span class='ocrx_word' id='word_1_369' title='bbox 1090 3876 1364 3945; x_wconf 85' lang='grc' dir='ltr'>πολεμίων</span> <span class='ocrx_word' id='word_1_370' title='bbox 1410 3878 1667 3947; x_wconf 76' lang='grc' dir='ltr'>εἰλήφασι</span> <span class='ocrx_word' id='word_1_371' title='bbox 1708 3880 1803 3931; x_wconf 85' lang='grc' dir='ltr'>τά·</span> 
     </span>
    </p>
   </div>
   <div class='ocr_carea' id='block_1_54' title="bbox 221 3963 1810 4037">
    <p class='ocr_par' dir='ltr' id='par_1_54' title="bbox 221 3963 1810 4037">
     <span class='ocr_line' id='line_1_54' title="bbox 221 3963 1810 4037; baseline 0.006 -22"><span class='ocrx_word' id='word_1_372' title='bbox 221 3963 312 4026; x_wconf 80' lang='grc' dir='ltr'><strong>ξιν</strong></span> <span class='ocrx_word' id='word_1_373' title='bbox 335 3979 348 3992; x_wconf 87' lang='grc'>·</span> <span class='ocrx_word' id='word_1_374' title='bbox 376 3963 517 4015; x_wconf 72' lang='grc' dir='ltr'>οὕτω</span> <span class='ocrx_word' id='word_1_375' title='bbox 549 3965 595 4014; x_wconf 81' lang='grc' dir='ltr'>δ’</span> <span class='ocrx_word' id='word_1_376' title='bbox 625 3966 739 4033; x_wconf 77' lang='grc' dir='ltr'>ἔχει</span> <span class='ocrx_word' id='word_1_377' title='bbox 767 3966 936 4034; x_wconf 82' lang='grc' dir='ltr'>τύχης</span> <span class='ocrx_word' id='word_1_378' title='bbox 967 3968 1036 4019; x_wconf 70' lang='grc' dir='ltr'>τὰ</span> <span class='ocrx_word' id='word_1_379' title='bbox 1091 3970 1395 4037; x_wconf 88' lang='grc' dir='ltr'>πράγματα</span> <span class='ocrx_word' id='word_1_380' title='bbox 1430 3972 1549 4033; x_wconf 74' lang='grc' dir='ltr'>νῦν,</span> <span class='ocrx_word' id='word_1_381' title='bbox 1597 3972 1725 4025; x_wconf 81' lang='grc' dir='ltr'>ὥστ’</span> <span class='ocrx_word' id='word_1_382' title='bbox 1758 3975 1810 4025; x_wconf 80' lang='grc' dir='ltr'>εἴ</span> 
     </span>
    </p>
   </div>
   <div class='ocr_carea' id='block_1_55' title="bbox 216 4056 1808 4131">
    <p class='ocr_par' dir='ltr' id='par_1_55' title="bbox 216 4056 1808 4131">
     <span class='ocr_line' id='line_1_55' title="bbox 216 4056 1808 4131; baseline 0.005 -24"><span class='ocrx_word' id='word_1_383' title='bbox 216 4072 311 4116; x_wconf 87' lang='grc' dir='ltr'><strong>τις</strong></span> <span class='ocrx_word' id='word_1_384' title='bbox 337 4058 486 4123; x_wconf 76' lang='grc' dir='ltr'>ἡμᾶς</span> <span class='ocrx_word' id='word_1_385' title='bbox 519 4056 717 4125; x_wconf 77' lang='grc' dir='ltr'>ἔροιτο,</span> <span class='ocrx_word' id='word_1_386' title='bbox 752 4058 923 4110; x_wconf 88' lang='grc' dir='ltr'>Τίνων</span> <span class='ocrx_word' id='word_1_387' title='bbox 972 4060 1095 4111; x_wconf 84' lang='grc' dir='ltr'>ὲστὲ</span> <span class='ocrx_word' id='word_1_388' title='bbox 1154 4061 1367 4129; x_wconf 86' lang='grc' dir='ltr'>κύριοι;</span> <span class='ocrx_word' id='word_1_389' title='bbox 1405 4063 1527 4131; x_wconf 78' lang='grc' dir='ltr'>μηδ’</span> <span class='ocrx_word' id='word_1_390' title='bbox 1576 4064 1641 4115; x_wconf 82' lang='grc' dir='ltr'><strong>ἂν</strong></span> <span class='ocrx_word' id='word_1_391' title='bbox 1677 4064 1808 4115; x_wconf 76' lang='grc' dir='ltr'>αὐτὸ</span> 
     </span>
    </p>
   </div>
   <div class='ocr_carea' id='block_1_56' title="bbox 217 4148 1807 4223">
    <p class='ocr_par' dir='ltr' id='par_1_56' title="bbox 217 4148 1807 4223">
     <span class='ocr_line' id='line_1_56' title="bbox 217 4148 1807 4223; baseline 0.004 -22"><span class='ocrx_word' id='word_1_392' title='bbox 217 4148 492 4216; x_wconf 70' lang='grc' dir='ltr'>τοῦδαφος</span> <span class='ocrx_word' id='word_1_393' title='bbox 546 4151 949 4220; x_wconf 85' lang='grc' dir='ltr'>ἀποκρίνασθαι</span> <span class='ocrx_word' id='word_1_394' title='bbox 983 4152 1173 4205; x_wconf 76' lang='grc' dir='ltr'>λοιπὸν</span> <span class='ocrx_word' id='word_1_395' title='bbox 1221 4153 1488 4223; x_wconf 71' lang='grc' dir='ltr'>ὑπάρχειν</span> <span class='ocrx_word' id='word_1_396' title='bbox 1519 4156 1653 4223; x_wconf 87' lang='grc' dir='ltr'>ἡμῖν</span> <span class='ocrx_word' id='word_1_397' title='bbox 1677 4170 1690 4184; x_wconf 84' lang='grc'><strong><em>⁸</em></strong></span> <span class='ocrx_word' id='word_1_398' title='bbox 1722 4155 1807 4207; x_wconf 85' lang='grc' dir='ltr'><strong>τίς</strong></span> 
     </span>
    </p>
   </div>
   <div class='ocr_carea' id='block_1_57' title="bbox 219 4242 1807 4321">
    <p class='ocr_par' dir='ltr' id='par_1_57' title="bbox 219 4242 1807 4321">
     <span class='ocr_line' id='line_1_57' title="bbox 219 4242 1807 4321; baseline 0.006 -31"><span class='ocrx_word' id='word_1_399' title='bbox 219 4246 255 4310; x_wconf 78' lang='grc' dir='ltr'><strong>ἡ</strong></span> <span class='ocrx_word' id='word_1_400' title='bbox 312 4242 614 4308; x_wconf 80' lang='grc' dir='ltr'>φιλονεικία</span> <span class='ocrx_word' id='word_1_401' title='bbox 661 4242 729 4321; x_wconf 66' lang='grc' dir='ltr'>δι’</span> <span class='ocrx_word' id='word_1_402' title='bbox 775 4244 841 4313; x_wconf 80' lang='grc' dir='ltr'>ἢν</span> <span class='ocrx_word' id='word_1_403' title='bbox 878 4245 1059 4297; x_wconf 85' lang='grc' dir='ltr'>πάντα</span> <span class='ocrx_word' id='word_1_404' title='bbox 1094 4244 1521 4309; x_wconf 71' lang='grc' dir='ltr'>ἀπολωλεκότες,</span> <span class='ocrx_word' id='word_1_405' title='bbox 1572 4247 1666 4299; x_wconf 78' lang='grc' dir='ltr'><strong>νῦν</strong></span> <span class='ocrx_word' id='word_1_406' title='bbox 1714 4248 1807 4301; x_wconf 76' lang='grc' dir='ltr'>καὶ</span> 
     </span>
    </p>
   </div>
   <div class='ocr_carea' id='block_1_58' title="bbox 216 4335 1636 4394">
    <p class='ocr_par' dir='ltr' id='par_1_58' title="bbox 216 4335 1636 4394">
     <span class='ocr_line' id='line_1_58' title="bbox 216 4335 1636 4394; baseline 0.003 -6"><span class='ocrx_word' id='word_1_407' title='bbox 216 4337 332 4388; x_wconf 84' lang='grc' dir='ltr'><strong>τῶν</strong></span> <span class='ocrx_word' id='word_1_408' title='bbox 360 4335 591 4389; x_wconf 61' lang='grc' dir='ltr'>ἐλπίδων</span> <span class='ocrx_word' id='word_1_409' title='bbox 624 4337 803 4390; x_wconf 83' lang='grc' dir='ltr'>αὐτῶν</span> <span class='ocrx_word' id='word_1_410' title='bbox 836 4337 1233 4394; x_wconf 75' lang='grc' dir='ltr'>κινδυνεύομεν</span> <span class='ocrx_word' id='word_1_411' title='bbox 1269 4342 1636 4392; x_wconf 65' lang='grc' dir='ltr'>στεοτπθῢναιο</span> 
     </span>
    </p>
   </div>
   <div class='ocr_carea' id='block_1_59' title="bbox 1902 1950 3486 2022">
    <p class='ocr_par' dir='ltr' id='par_1_59' title="bbox 1902 1950 3486 2022">
     <span class='ocr_line' id='line_1_59' title="bbox 1902 1950 3486 2022; baseline -0.003 -15"><span class='ocrx_word' id='word_1_412' title='bbox 1902 1963 2006 2013; x_wconf 83' lang='lat' dir='ltr'><strong>tes,</strong></span> <span class='ocrx_word' id='word_1_413' title='bbox 2054 1953 2441 2022; x_wconf 81' lang='lat' dir='ltr'><strong>promittentes</strong></span> <span class='ocrx_word' id='word_1_414' title='bbox 2473 1952 2755 2021; x_wconf 84' lang='lat' dir='ltr'><strong>pecunias,</strong></span> <span class='ocrx_word' id='word_1_415' title='bbox 2805 1950 3099 2018; x_wconf 77' lang='lat' dir='ltr'><strong>omniaque</strong></span> <span class='ocrx_word' id='word_1_416' title='bbox 3143 1959 3486 2018; x_wconf 67' lang='lat' dir='ltr'><strong>prmstaules,</strong></span> 
     </span>
    </p>
   </div>
   <div class='ocr_carea' id='block_1_60' title="bbox 1901 2042 3487 2116">
    <p class='ocr_par' dir='ltr' id='par_1_60' title="bbox 1901 2042 3487 2116">
     <span class='ocr_line' id='line_1_60' title="bbox 1901 2042 3487 2116; baseline -0.004 -17"><span class='ocrx_word' id='word_1_417' title='bbox 1901 2047 2101 2116; x_wconf 83' lang='lat' dir='ltr'><strong>quibus</strong></span> <span class='ocrx_word' id='word_1_418' title='bbox 2139 2046 2419 2099; x_wconf 88' lang='lat' dir='ltr'><strong>nobiscum</strong></span> <span class='ocrx_word' id='word_1_419' title='bbox 2449 2054 2594 2097; x_wconf 81' lang='lat' dir='ltr'><strong>stare</strong></span> <span class='ocrx_word' id='word_1_420' title='bbox 2630 2043 3012 2105; x_wconf 81' lang='lat' dir='ltr'><strong>suaderemus,</strong></span> <span class='ocrx_word' id='word_1_421' title='bbox 3046 2057 3169 2095; x_wconf 85' lang='lat' dir='ltr'><strong>cum</strong></span> <span class='ocrx_word' id='word_1_422' title='bbox 3198 2057 3263 2095; x_wconf 84' lang='lat' dir='ltr'><strong>ex</strong></span> <span class='ocrx_word' id='word_1_423' title='bbox 3304 2042 3487 2104; x_wconf 88' lang='lat' dir='ltr'><strong>dictis,</strong></span> 
     </span>
    </p>
   </div>
   <div class='ocr_carea' id='block_1_61' title="bbox 1901 2132 3487 2205">
    <p class='ocr_par' dir='ltr' id='par_1_61' title="bbox 1901 2132 3487 2205">
     <span class='ocr_line' id='line_1_61' title="bbox 1901 2132 3487 2205; baseline -0.004 -13"><span class='ocrx_word' id='word_1_424' title='bbox 1901 2139 2065 2192; x_wconf 88' lang='lat' dir='ltr'><strong>nullis</strong></span> <span class='ocrx_word' id='word_1_425' title='bbox 2089 2137 2208 2191; x_wconf 84' lang='lat' dir='ltr'><strong>aliis</strong></span> <span class='ocrx_word' id='word_1_426' title='bbox 2240 2137 2467 2205; x_wconf 82' lang='lat' dir='ltr'><strong>perinde</strong></span> <span class='ocrx_word' id='word_1_427' title='bbox 2505 2135 2671 2189; x_wconf 82' lang='lat' dir='ltr'><strong>ﬁdere</strong></span> <span class='ocrx_word' id='word_1_428' title='bbox 2698 2135 3018 2187; x_wconf 81' lang='lat' dir='ltr'><strong>habeamus.</strong></span> <span class='ocrx_word' id='word_1_429' title='bbox 3057 2132 3133 2187; x_wconf 81' lang='lat' dir='ltr'><strong>Ex</strong></span> <span class='ocrx_word' id='word_1_430' title='bbox 3166 2149 3274 2201; x_wconf 92' lang='lat' dir='ltr'><strong>quo</strong></span> <span class='ocrx_word' id='word_1_431' title='bbox 3304 2143 3487 2186; x_wconf 88' lang='lat' dir='ltr'><strong>autem</strong></span> 
     </span>
    </p>
   </div>
   <div class='ocr_carea' id='block_1_62' title="bbox 1901 2224 3490 2293">
    <p class='ocr_par' dir='ltr' id='par_1_62' title="bbox 1901 2224 3490 2293">
     <span class='ocr_line' id='line_1_62' title="bbox 1901 2224 3490 2293; baseline -0.004 -8"><span class='ocrx_word' id='word_1_432' title='bbox 1901 2233 2065 2285; x_wconf 85' lang='lat' dir='ltr'><strong>etiam</strong></span> <span class='ocrx_word' id='word_1_433' title='bbox 2116 2230 2306 2283; x_wconf 79' lang='lat' dir='ltr'><strong>adesse</strong></span> <span class='ocrx_word' id='word_1_434' title='bbox 2354 2228 2662 2280; x_wconf 89' lang='lat' dir='ltr'><strong>nuntiatum</strong></span> <span class='ocrx_word' id='word_1_435' title='bbox 2706 2236 2810 2287; x_wconf 90' lang='lat' dir='ltr'><strong>est,</strong></span> <span class='ocrx_word' id='word_1_436' title='bbox 2860 2225 3096 2293; x_wconf 86' lang='lat' dir='ltr'><strong>bellique</strong></span> <span class='ocrx_word' id='word_1_437' title='bbox 3146 2226 3326 2278; x_wconf 90' lang='lat' dir='ltr'><strong>socios</strong></span> <span class='ocrx_word' id='word_1_438' title='bbox 3375 2224 3490 2278; x_wconf 83' lang='lat' dir='ltr'><strong>fore</strong></span> 
     </span>
    </p>
   </div>
   <div class='ocr_carea' id='block_1_63' title="bbox 1902 2315 3487 2391">
    <p class='ocr_par' dir='ltr' id='par_1_63' title="bbox 1902 2315 3487 2391">
     <span class='ocr_line' id='line_1_63' title="bbox 1902 2315 3487 2391; baseline -0.003 -16"><span class='ocrx_word' id='word_1_439' title='bbox 1902 2321 2259 2391; x_wconf 82' lang='lat' dir='ltr'><strong>spondentes,</strong></span> <span class='ocrx_word' id='word_1_440' title='bbox 2301 2321 2366 2373; x_wconf 86' lang='lat' dir='ltr'><strong>iis</strong></span> <span class='ocrx_word' id='word_1_441' title='bbox 2416 2329 2614 2388; x_wconf 77' lang='lat' dir='ltr'><strong>pra-sto</strong></span> <span class='ocrx_word' id='word_1_442' title='bbox 2649 2328 2777 2371; x_wconf 86' lang='lat' dir='ltr'><strong>sunt</strong></span> <span class='ocrx_word' id='word_1_443' title='bbox 2825 2318 2915 2386; x_wconf 89' lang='lat' dir='ltr'><strong>qui</strong></span> <span class='ocrx_word' id='word_1_444' title='bbox 2975 2315 3210 2370; x_wconf 86' lang='lat' dir='ltr'><strong>necdum</strong></span> <span class='ocrx_word' id='word_1_445' title='bbox 3260 2332 3355 2371; x_wconf 88' lang='lat' dir='ltr'><strong>eos</strong></span> <span class='ocrx_word' id='word_1_446' title='bbox 3383 2317 3487 2371; x_wconf 77' lang='lat' dir='ltr'><strong>sibi</strong></span> 
     </span>
    </p>
   </div>
   <div class='ocr_carea' id='block_1_64' title="bbox 1904 2405 3487 2475">
    <p class='ocr_par' dir='ltr' id='par_1_64' title="bbox 1904 2405 3487 2475">
     <span class='ocr_line' id='line_1_64' title="bbox 1904 2405 3487 2475; baseline -0.004 -12"><span class='ocrx_word' id='word_1_447' title='bbox 1904 2412 2178 2465; x_wconf 83' lang='lat' dir='ltr'><strong>devincire</strong></span> <span class='ocrx_word' id='word_1_448' title='bbox 2212 2409 2507 2464; x_wconf 80' lang='lat' dir='ltr'><strong>studebant</strong></span> <span class='ocrx_word' id='word_1_449' title='bbox 2534 2426 2547 2460; x_wconf 87' lang='lat'><strong>:</strong></span> <span class='ocrx_word' id='word_1_450' title='bbox 2580 2418 2744 2475; x_wconf 85' lang='lat' dir='ltr'><strong>atque</strong></span> <span class='ocrx_word' id='word_1_451' title='bbox 2777 2407 2829 2459; x_wconf 93' lang='lat' dir='ltr'><strong>in</strong></span> <span class='ocrx_word' id='word_1_452' title='bbox 2866 2405 3183 2457; x_wconf 83' lang='lat' dir='ltr'><strong>memoriam</strong></span> <span class='ocrx_word' id='word_1_453' title='bbox 3219 2420 3487 2458; x_wconf 80' lang='lat' dir='ltr'><strong>revocan-</strong></span> 
     </span>
    </p>
   </div>
   <div class='ocr_carea' id='block_1_65' title="bbox 1904 2496 3487 2572">
    <p class='ocr_par' dir='ltr' id='par_1_65' title="bbox 1904 2496 3487 2572">
     <span class='ocr_line' id='line_1_65' title="bbox 1904 2496 3487 2572; baseline -0.006 -15"><span class='ocrx_word' id='word_1_454' title='bbox 1904 2514 1985 2558; x_wconf 89' lang='lat' dir='ltr'><strong>tes</strong></span> <span class='ocrx_word' id='word_1_455' title='bbox 2009 2518 2129 2572; x_wconf 73' lang='lat' dir='ltr'><strong>quze</strong></span> <span class='ocrx_word' id='word_1_456' title='bbox 2157 2503 2351 2571; x_wconf 83' lang='lat' dir='ltr'><strong>sa-pins</strong></span> <span class='ocrx_word' id='word_1_457' title='bbox 2386 2501 2443 2553; x_wconf 93' lang='lat' dir='ltr'><strong>in</strong></span> <span class='ocrx_word' id='word_1_458' title='bbox 2495 2501 2765 2552; x_wconf 76' lang='lat' dir='ltr'><strong>Barbaros</strong></span> <span class='ocrx_word' id='word_1_459' title='bbox 2800 2497 2971 2550; x_wconf 83' lang='lat' dir='ltr'><strong>nostri</strong></span> <span class='ocrx_word' id='word_1_460' title='bbox 3002 2511 3165 2551; x_wconf 86' lang='lat' dir='ltr'><strong>causa</strong></span> <span class='ocrx_word' id='word_1_461' title='bbox 3207 2496 3487 2564; x_wconf 83' lang='lat' dir='ltr'><strong>designas-</strong></span> 
     </span>
    </p>
   </div>
   <div class='ocr_carea' id='block_1_66' title="bbox 1904 2588 3484 2660">
    <p class='ocr_par' dir='ltr' id='par_1_66' title="bbox 1904 2588 3484 2660">
     <span class='ocr_line' id='line_1_66' title="bbox 1904 2588 3484 2660; baseline -0.006 -12"><span class='ocrx_word' id='word_1_462' title='bbox 1904 2605 2042 2656; x_wconf 85' lang='lat' dir='ltr'><strong>sent,</strong></span> <span class='ocrx_word' id='word_1_463' title='bbox 2077 2595 2187 2647; x_wconf 90' lang='lat' dir='ltr'><strong>Deo</strong></span> <span class='ocrx_word' id='word_1_464' title='bbox 2218 2592 2437 2660; x_wconf 87' lang='lat' dir='ltr'><strong>quidem</strong></span> <span class='ocrx_word' id='word_1_465' title='bbox 2476 2590 2743 2644; x_wconf 88' lang='lat' dir='ltr'><strong>reddituri</strong></span> <span class='ocrx_word' id='word_1_466' title='bbox 2771 2596 3062 2652; x_wconf 84' lang='lat' dir='ltr'><strong>venerunt,</strong></span> <span class='ocrx_word' id='word_1_467' title='bbox 3091 2588 3484 2649; x_wconf 65' lang='lat' dir='ltr'><strong>necessariam,</strong></span> 
     </span>
    </p>
   </div>
   <div class='ocr_carea' id='block_1_67' title="bbox 1903 2678 3487 2755">
    <p class='ocr_par' dir='ltr' id='par_1_67' title="bbox 1903 2678 3487 2755">
     <span class='ocr_line' id='line_1_67' title="bbox 1903 2678 3487 2755; baseline -0.006 -17"><span class='ocrx_word' id='word_1_468' title='bbox 1903 2704 1963 2740; x_wconf 80' lang='lat' dir='ltr'><strong>ac</strong></span> <span class='ocrx_word' id='word_1_469' title='bbox 1994 2687 2151 2755; x_wconf 81' lang='lat' dir='ltr'><strong>cujus</strong></span> <span class='ocrx_word' id='word_1_470' title='bbox 2196 2698 2255 2738; x_wconf 86' lang='lat' dir='ltr'><strong>se</strong></span> <span class='ocrx_word' id='word_1_471' title='bbox 2301 2685 2535 2736; x_wconf 76' lang='lat' dir='ltr'><strong>maxime</strong></span> <span class='ocrx_word' id='word_1_472' title='bbox 2571 2696 2696 2735; x_wconf 79' lang='lat' dir='ltr'><strong>reos</strong></span> <span class='ocrx_word' id='word_1_473' title='bbox 2746 2680 3103 2742; x_wconf 78' lang='lat' dir='ltr'><strong>arbitrantur,</strong></span> <span class='ocrx_word' id='word_1_474' title='bbox 3135 2678 3487 2740; x_wconf 75' lang='lat' dir='ltr'><strong>oblationem,</strong></span> 
     </span>
    </p>
   </div>
   <div class='ocr_carea' id='block_1_68' title="bbox 1901 2769 3490 2843">
    <p class='ocr_par' dir='ltr' id='par_1_68' title="bbox 1901 2769 3490 2843">
     <span class='ocr_line' id='line_1_68' title="bbox 1901 2769 3490 2843; baseline -0.004 -13"><span class='ocrx_word' id='word_1_475' title='bbox 1901 2791 1997 2830; x_wconf 88' lang='lat' dir='ltr'><strong>eos</strong></span> <span class='ocrx_word' id='word_1_476' title='bbox 2024 2783 2207 2829; x_wconf 86' lang='lat' dir='ltr'><strong>autem</strong></span> <span class='ocrx_word' id='word_1_477' title='bbox 2258 2781 2482 2843; x_wconf 69' lang='lat' dir='ltr'><strong>promer</strong></span> <span class='ocrx_word' id='word_1_478' title='bbox 2524 2787 2623 2826; x_wconf 89' lang='lat' dir='ltr'><strong>nos</strong></span> <span class='ocrx_word' id='word_1_479' title='bbox 2670 2770 2863 2832; x_wconf 86' lang='lat' dir='ltr'><strong>ulturi.</strong></span> <span class='ocrx_word' id='word_1_480' title='bbox 2904 2784 3043 2838; x_wconf 89' lang='lat' dir='ltr'><strong>quos</strong></span> <span class='ocrx_word' id='word_1_481' title='bbox 3094 2769 3252 2822; x_wconf 90' lang='lat' dir='ltr'><strong>nobis</strong></span> <span class='ocrx_word' id='word_1_482' title='bbox 3300 2769 3490 2823; x_wconf 90' lang='lat' dir='ltr'><strong>ulcisci</strong></span> 
     </span>
    </p>
   </div>
   <div class='ocr_carea' id='block_1_69' title="bbox 1904 2863 3488 2935">
    <p class='ocr_par' dir='ltr' id='par_1_69' title="bbox 1904 2863 3488 2935">
     <span class='ocr_line' id='line_1_69' title="bbox 1904 2863 3488 2935; baseline -0.004 -13"><span class='ocrx_word' id='word_1_483' title='bbox 1904 2885 2011 2923; x_wconf 90' lang='lat' dir='ltr'><strong>non</strong></span> <span class='ocrx_word' id='word_1_484' title='bbox 2044 2869 2201 2932; x_wconf 89' lang='lat' dir='ltr'><strong>licet;</strong></span> <span class='ocrx_word' id='word_1_485' title='bbox 2236 2868 2431 2935; x_wconf 85' lang='lat' dir='ltr'><strong>quisue</strong></span> <span class='ocrx_word' id='word_1_486' title='bbox 2461 2866 2551 2919; x_wconf 90' lang='lat' dir='ltr'><strong>hic</strong></span> <span class='ocrx_word' id='word_1_487' title='bbox 2581 2865 2794 2919; x_wconf 88' lang='lat' dir='ltr'><strong>consilii</strong></span> <span class='ocrx_word' id='word_1_488' title='bbox 2826 2865 2990 2917; x_wconf 81' lang='lat' dir='ltr'><strong>audet</strong></span> <span class='ocrx_word' id='word_1_489' title='bbox 3026 2863 3364 2926; x_wconf 86' lang='lat' dir='ltr'><strong>meminisse,</strong></span> <span class='ocrx_word' id='word_1_490' title='bbox 3402 2865 3488 2917; x_wconf 87' lang='lat' dir='ltr'><strong>in-</strong></span> 
     </span>
    </p>
   </div>
   <div class='ocr_carea' id='block_1_70' title="bbox 1905 2957 3493 3031">
    <p class='ocr_par' dir='ltr' id='par_1_70' title="bbox 1905 2957 3493 3031">
     <span class='ocr_line' id='line_1_70' title="bbox 1905 2957 3493 3031; baseline -0.003 -16"><span class='ocrx_word' id='word_1_491' title='bbox 1905 2977 2011 3031; x_wconf 89' lang='lat' dir='ltr'><strong>que</strong></span> <span class='ocrx_word' id='word_1_492' title='bbox 2071 2959 2362 3015; x_wconf 88' lang='lat' dir='ltr'><strong>consilium</strong></span> <span class='ocrx_word' id='word_1_493' title='bbox 2430 2972 2625 3026; x_wconf 83' lang='lat' dir='ltr'><strong>cogere</strong></span> <span class='ocrx_word' id='word_1_494' title='bbox 2705 2957 3137 3015; x_wconf 82' lang='lat' dir='ltr'><strong>delibcraturos,</strong></span> <span class='ocrx_word' id='word_1_495' title='bbox 3197 2972 3325 3009; x_wconf 92' lang='lat' dir='ltr'><strong>num</strong></span> <span class='ocrx_word' id='word_1_496' title='bbox 3390 2971 3493 3009; x_wconf 88' lang='lat' dir='ltr'><strong>nos</strong></span> 
     </span>
    </p>
   </div>
   <div class='ocr_carea' id='block_1_71' title="bbox 1905 3046 3490 3118">
    <p class='ocr_par' dir='ltr' id='par_1_71' title="bbox 1905 3046 3490 3118">
     <span class='ocr_line' id='line_1_71' title="bbox 1905 3046 3490 3118; baseline -0.004 -12"><span class='ocrx_word' id='word_1_497' title='bbox 1905 3060 2156 3118; x_wconf 86' lang='lat' dir='ltr'><strong>oporleat</strong></span> <span class='ocrx_word' id='word_1_498' title='bbox 2187 3065 2310 3104; x_wconf 86' lang='lat' dir='ltr'><strong>esse</strong></span> <span class='ocrx_word' id='word_1_499' title='bbox 2345 3048 2586 3103; x_wconf 85' lang='lat' dir='ltr'><strong>liberos?</strong></span> <span class='ocrx_word' id='word_1_500' title='bbox 2616 3048 2847 3102; x_wconf 87' lang='lat' dir='ltr'><strong>Perinde</strong></span> <span class='ocrx_word' id='word_1_501' title='bbox 2873 3047 3018 3099; x_wconf 90' lang='lat' dir='ltr'><strong>enim</strong></span> <span class='ocrx_word' id='word_1_502' title='bbox 3048 3046 3185 3101; x_wconf 89' lang='lat' dir='ltr'><strong>velle</strong></span> <span class='ocrx_word' id='word_1_503' title='bbox 3210 3047 3490 3112; x_wconf 79' lang='lat' dir='ltr'><strong>existimo,</strong></span> 
     </span>
    </p>
   </div>
   <div class='ocr_carea' id='block_1_72' title="bbox 1905 3141 3494 3211">
    <p class='ocr_par' dir='ltr' id='par_1_72' title="bbox 1905 3141 3494 3211">
     <span class='ocr_line' id='line_1_72' title="bbox 1905 3141 3494 3211; baseline -0.003 -14"><span class='ocrx_word' id='word_1_504' title='bbox 1905 3160 2067 3211; x_wconf 89' lang='lat' dir='ltr'><strong>quem</strong></span> <span class='ocrx_word' id='word_1_505' title='bbox 2102 3144 2551 3211; x_wconf 74' lang='lat' dir='ltr'><strong>intempestivum</strong></span> <span class='ocrx_word' id='word_1_506' title='bbox 2592 3141 2842 3195; x_wconf 82' lang='lat' dir='ltr'><strong>timorem</strong></span> <span class='ocrx_word' id='word_1_507' title='bbox 2882 3147 3210 3209; x_wconf 63' lang='lat' dir='ltr'><strong>praetexunt,</strong></span> <span class='ocrx_word' id='word_1_508' title='bbox 3239 3155 3335 3193; x_wconf 89' lang='lat' dir='ltr'><strong>seu</strong></span> <span class='ocrx_word' id='word_1_509' title='bbox 3377 3156 3494 3193; x_wconf 89' lang='lat' dir='ltr'><strong>ma-</strong></span> 
     </span>
    </p>
   </div>
   <div class='ocr_carea' id='block_1_73' title="bbox 1906 3231 3496 3303">
    <p class='ocr_par' dir='ltr' id='par_1_73' title="bbox 1906 3231 3496 3303">
     <span class='ocr_line' id='line_1_73' title="bbox 1906 3231 3496 3303; baseline -0.001 -17"><span class='ocrx_word' id='word_1_510' title='bbox 1906 3235 1987 3303; x_wconf 89' lang='lat' dir='ltr'><strong>gis</strong></span> <span class='ocrx_word' id='word_1_511' title='bbox 2018 3233 2519 3287; x_wconf 87' lang='lat' dir='ltr'><strong>insensibilitatem.</strong></span> <span class='ocrx_word' id='word_1_512' title='bbox 2553 3231 2833 3301; x_wconf 87' lang='lat' dir='ltr'><strong>Siquidem</strong></span> <span class='ocrx_word' id='word_1_513' title='bbox 2866 3233 3012 3285; x_wconf 92' lang='lat' dir='ltr'><strong>enim</strong></span> <span class='ocrx_word' id='word_1_514' title='bbox 3054 3242 3149 3285; x_wconf 85' lang='lat' dir='ltr'><strong>aut</strong></span> <span class='ocrx_word' id='word_1_515' title='bbox 3180 3246 3287 3285; x_wconf 91' lang='lat' dir='ltr'><strong>non</strong></span> <span class='ocrx_word' id='word_1_516' title='bbox 3324 3232 3496 3285; x_wconf 89' lang='lat' dir='ltr'><strong>habe-</strong></span> 
     </span>
    </p>
   </div>
   <div class='ocr_carea' id='block_1_74' title="bbox 1907 3323 3498 3392">
    <p class='ocr_par' dir='ltr' id='par_1_74' title="bbox 1907 3323 3498 3392">
     <span class='ocr_line' id='line_1_74' title="bbox 1907 3323 3498 3392; baseline -0.001 -13"><span class='ocrx_word' id='word_1_517' title='bbox 1907 3340 2088 3380; x_wconf 90' lang='lat' dir='ltr'><strong>remus</strong></span> <span class='ocrx_word' id='word_1_518' title='bbox 2116 3326 2458 3379; x_wconf 88' lang='lat' dir='ltr'><strong>necessarios</strong></span> <span class='ocrx_word' id='word_1_519' title='bbox 2487 3324 2613 3377; x_wconf 90' lang='lat' dir='ltr'><strong>belli</strong></span> <span class='ocrx_word' id='word_1_520' title='bbox 2649 3323 2851 3387; x_wconf 70' lang='lat' dir='ltr'><strong>socios,</strong></span> <span class='ocrx_word' id='word_1_521' title='bbox 2880 3324 2961 3377; x_wconf 86' lang='lat' dir='ltr'><strong>vel</strong></span> <span class='ocrx_word' id='word_1_522' title='bbox 2991 3340 3279 3392; x_wconf 73' lang='lat' dir='ltr'><strong>pessemus</strong></span> <span class='ocrx_word' id='word_1_523' title='bbox 3306 3324 3498 3378; x_wconf 69' lang='lat' dir='ltr'><strong>melio-</strong></span> 
     </span>
    </p>
   </div>
   <div class='ocr_carea' id='block_1_75' title="bbox 1906 3417 3495 3488">
    <p class='ocr_par' dir='ltr' id='par_1_75' title="bbox 1906 3417 3495 3488">
     <span class='ocr_line' id='line_1_75' title="bbox 1906 3417 3495 3488; baseline -0.002 -15"><span class='ocrx_word' id='word_1_524' title='bbox 1906 3436 1992 3473; x_wconf 85' lang='lat' dir='ltr'><strong>res</strong></span> <span class='ocrx_word' id='word_1_525' title='bbox 2019 3421 2102 3473; x_wconf 89' lang='lat' dir='ltr'><strong>bis</strong></span> <span class='ocrx_word' id='word_1_526' title='bbox 2123 3434 2467 3488; x_wconf 87' lang='lat' dir='ltr'><strong>comparare,</strong></span> <span class='ocrx_word' id='word_1_527' title='bbox 2490 3434 2551 3472; x_wconf 83' lang='lat' dir='ltr'><strong>ac</strong></span> <span class='ocrx_word' id='word_1_528' title='bbox 2580 3423 2720 3470; x_wconf 81' lang='lat' dir='ltr'><strong>forte</strong></span> <span class='ocrx_word' id='word_1_529' title='bbox 2743 3418 2881 3470; x_wconf 88' lang='lat' dir='ltr'><strong>alios</strong></span> <span class='ocrx_word' id='word_1_530' title='bbox 2904 3417 3191 3486; x_wconf 82' lang='lat' dir='ltr'><strong>quospiam</strong></span> <span class='ocrx_word' id='word_1_531' title='bbox 3216 3419 3495 3487; x_wconf 85' lang='lat' dir='ltr'><strong>adjutores</strong></span> 
     </span>
    </p>
   </div>
   <div class='ocr_carea' id='block_1_76' title="bbox 1906 3507 3496 3578">
    <p class='ocr_par' dir='ltr' id='par_1_76' title="bbox 1906 3507 3496 3578">
     <span class='ocr_line' id='line_1_76' title="bbox 1906 3507 3496 3578; baseline -0.005 -9"><span class='ocrx_word' id='word_1_532' title='bbox 1906 3515 2153 3569; x_wconf 82' lang='lat' dir='ltr'><strong>invenire</strong></span> <span class='ocrx_word' id='word_1_533' title='bbox 2194 3514 2405 3575; x_wconf 87' lang='lat' dir='ltr'><strong>liceret,</strong></span> <span class='ocrx_word' id='word_1_534' title='bbox 2458 3513 2683 3564; x_wconf 87' lang='lat' dir='ltr'><strong>haberet</strong></span> <span class='ocrx_word' id='word_1_535' title='bbox 2733 3510 2920 3578; x_wconf 84' lang='lat' dir='ltr'><strong>utique</strong></span> <span class='ocrx_word' id='word_1_536' title='bbox 2967 3508 3215 3562; x_wconf 89' lang='lat' dir='ltr'><strong>attonitis</strong></span> <span class='ocrx_word' id='word_1_537' title='bbox 3265 3507 3496 3561; x_wconf 82' lang='lat' dir='ltr'><strong>rationis</strong></span> 
     </span>
    </p>
   </div>
   <div class='ocr_carea' id='block_1_77' title="bbox 1908 3602 3493 3675">
    <p class='ocr_par' dir='ltr' id='par_1_77' title="bbox 1908 3602 3493 3675">
     <span class='ocr_line' id='line_1_77' title="bbox 1908 3602 3493 3675; baseline -0.006 -14"><span class='ocrx_word' id='word_1_538' title='bbox 1908 3607 2111 3675; x_wconf 88' lang='lat' dir='ltr'><strong>aliquid</strong></span> <span class='ocrx_word' id='word_1_539' title='bbox 2147 3620 2242 3675; x_wconf 88' lang='lat' dir='ltr'><strong>per</strong></span> <span class='ocrx_word' id='word_1_540' title='bbox 2270 3605 2453 3658; x_wconf 90' lang='lat' dir='ltr'><strong>omnia</strong></span> <span class='ocrx_word' id='word_1_541' title='bbox 2490 3604 2785 3655; x_wconf 80' lang='lat' dir='ltr'><strong>absurdum</strong></span> <span class='ocrx_word' id='word_1_542' title='bbox 2835 3602 3159 3666; x_wconf 88' lang='lat' dir='ltr'><strong>consilium;</strong></span> <span class='ocrx_word' id='word_1_543' title='bbox 3206 3612 3493 3670; x_wconf 90' lang='lat' dir='ltr'><strong>postquam</strong></span> 
     </span>
    </p>
   </div>
   <div class='ocr_carea' id='block_1_78' title="bbox 1907 3690 3495 3759">
    <p class='ocr_par' dir='ltr' id='par_1_78' title="bbox 1907 3690 3495 3759">
     <span class='ocr_line' id='line_1_78' title="bbox 1907 3690 3495 3759; baseline -0.005 -8"><span class='ocrx_word' id='word_1_544' title='bbox 1907 3714 2036 3752; x_wconf 69' lang='lat' dir='ltr'><strong>Vero</strong></span> <span class='ocrx_word' id='word_1_545' title='bbox 2068 3696 2307 3752; x_wconf 71' lang='lat' dir='ltr'><strong>civitatis</strong></span> <span class='ocrx_word' id='word_1_546' title='bbox 2339 3696 2507 3749; x_wconf 88' lang='lat' dir='ltr'><strong>robur</strong></span> <span class='ocrx_word' id='word_1_547' title='bbox 2535 3694 2869 3748; x_wconf 79' lang='lat' dir='ltr'><strong>exstinctum</strong></span> <span class='ocrx_word' id='word_1_548' title='bbox 2902 3701 3005 3755; x_wconf 90' lang='lat' dir='ltr'><strong>est,</strong></span> <span class='ocrx_word' id='word_1_549' title='bbox 3042 3704 3208 3758; x_wconf 85' lang='lat' dir='ltr'><strong>utque</strong></span> <span class='ocrx_word' id='word_1_550' title='bbox 3242 3708 3340 3744; x_wconf 90' lang='lat' dir='ltr'><strong>nos</strong></span> <span class='ocrx_word' id='word_1_551' title='bbox 3394 3690 3495 3759; x_wconf 84' lang='lat' dir='ltr'><strong>ipsi</strong></span> 
     </span>
    </p>
   </div>
   <div class='ocr_carea' id='block_1_79' title="bbox 1908 3782 3496 3857">
    <p class='ocr_par' dir='ltr' id='par_1_79' title="bbox 1908 3782 3496 3857">
     <span class='ocr_line' id='line_1_79' title="bbox 1908 3782 3496 3857; baseline -0.006 -14"><span class='ocrx_word' id='word_1_552' title='bbox 1908 3808 1934 3843; x_wconf 88' lang='lat' dir='ltr'><strong>a</strong></span> <span class='ocrx_word' id='word_1_553' title='bbox 1987 3790 2146 3844; x_wconf 91' lang='lat' dir='ltr'><strong>nobis</strong></span> <span class='ocrx_word' id='word_1_554' title='bbox 2191 3802 2475 3857; x_wconf 89' lang='lat' dir='ltr'><strong>emergere</strong></span> <span class='ocrx_word' id='word_1_555' title='bbox 2522 3786 2822 3855; x_wconf 90' lang='lat' dir='ltr'><strong>possimus,</strong></span> <span class='ocrx_word' id='word_1_556' title='bbox 2880 3784 3217 3852; x_wconf 88' lang='lat' dir='ltr'><strong>impossibile</strong></span> <span class='ocrx_word' id='word_1_557' title='bbox 3282 3782 3496 3851; x_wconf 80' lang='lat' dir='ltr'><strong>pridem</strong></span> 
     </span>
    </p>
   </div>
   <div class='ocr_carea' id='block_1_80' title="bbox 1903 3875 3500 3951">
    <p class='ocr_par' dir='ltr' id='par_1_80' title="bbox 1903 3875 3500 3951">
     <span class='ocr_line' id='line_1_80' title="bbox 1903 3875 3500 3951; baseline -0.003 -20"><span class='ocrx_word' id='word_1_558' title='bbox 1903 3881 2207 3951; x_wconf 58' lang='lat' dir='ltr'><strong>jll&#39;iiCi‘llUlﬂ</strong></span> <span class='ocrx_word' id='word_1_559' title='bbox 2242 3888 2354 3941; x_wconf 89' lang='lat' dir='ltr'><strong>est;</strong></span> <span class='ocrx_word' id='word_1_560' title='bbox 2411 3892 2548 3945; x_wconf 84' lang='lat' dir='ltr'><strong>quos</strong></span> <span class='ocrx_word' id='word_1_561' title='bbox 2592 3891 2725 3929; x_wconf 84' lang='lat' dir='ltr'><strong>vero</strong></span> <span class='ocrx_word' id='word_1_562' title='bbox 2758 3875 2881 3928; x_wconf 84' lang='lat' dir='ltr'><strong>belli</strong></span> <span class='ocrx_word' id='word_1_563' title='bbox 2928 3875 3087 3927; x_wconf 87' lang='lat' dir='ltr'><strong>nobis</strong></span> <span class='ocrx_word' id='word_1_564' title='bbox 3126 3875 3500 3927; x_wconf 73' lang='lat' dir='ltr'><strong>asciveramus</strong></span> 
     </span>
    </p>
   </div>
   <div class='ocr_carea' id='block_1_81' title="bbox 1908 3969 3500 4036">
    <p class='ocr_par' dir='ltr' id='par_1_81' title="bbox 1908 3969 3500 4036">
     <span class='ocr_line' id='line_1_81' title="bbox 1908 3969 3500 4036; baseline -0.003 -11"><span class='ocrx_word' id='word_1_565' title='bbox 1908 3973 2109 4036; x_wconf 66' lang='lat' dir='ltr'><strong>socios,</strong></span> <span class='ocrx_word' id='word_1_566' title='bbox 2150 3972 2184 4024; x_wconf 88' lang='lat' dir='ltr'><strong>ii</strong></span> <span class='ocrx_word' id='word_1_567' title='bbox 2223 3986 2415 4024; x_wconf 89' lang='lat' dir='ltr'><strong>omnes</strong></span> <span class='ocrx_word' id='word_1_568' title='bbox 2448 3969 2689 4022; x_wconf 90' lang='lat' dir='ltr'><strong>hostium</strong></span> <span class='ocrx_word' id='word_1_569' title='bbox 2732 3974 3067 4035; x_wconf 85' lang='lat' dir='ltr'><strong>acceperunt</strong></span> <span class='ocrx_word' id='word_1_570' title='bbox 3096 3976 3301 4033; x_wconf 83' lang='lat' dir='ltr'><strong>partes,</strong></span> <span class='ocrx_word' id='word_1_571' title='bbox 3335 3975 3500 4033; x_wconf 85' lang='lat' dir='ltr'><strong>atque</strong></span> 
     </span>
    </p>
   </div>
   <div class='ocr_carea' id='block_1_82' title="bbox 1912 4060 3502 4128">
    <p class='ocr_par' dir='ltr' id='par_1_82' title="bbox 1912 4060 3502 4128">
     <span class='ocr_line' id='line_1_82' title="bbox 1912 4060 3502 4128; baseline -0.004 -12"><span class='ocrx_word' id='word_1_572' title='bbox 1912 4065 1979 4117; x_wconf 83' lang='lat' dir='ltr'><strong>ad</strong></span> <span class='ocrx_word' id='word_1_573' title='bbox 2008 4080 2104 4118; x_wconf 88' lang='lat' dir='ltr'><strong>eas</strong></span> <span class='ocrx_word' id='word_1_574' title='bbox 2131 4066 2294 4118; x_wconf 90' lang='lat' dir='ltr'><strong>modo</strong></span> <span class='ocrx_word' id='word_1_575' title='bbox 2331 4062 2537 4116; x_wconf 88' lang='lat' dir='ltr'><strong>redacti</strong></span> <span class='ocrx_word' id='word_1_576' title='bbox 2574 4075 2765 4113; x_wconf 90' lang='lat' dir='ltr'><strong>sumus</strong></span> <span class='ocrx_word' id='word_1_577' title='bbox 2810 4060 3111 4128; x_wconf 74' lang='lat' dir='ltr'><strong>angustias,</strong></span> <span class='ocrx_word' id='word_1_578' title='bbox 3160 4068 3218 4110; x_wconf 94' lang='lat' dir='ltr'><strong>ut</strong></span> <span class='ocrx_word' id='word_1_579' title='bbox 3266 4073 3502 4126; x_wconf 86' lang='lat' dir='ltr'><strong>percon-</strong></span> 
     </span>
    </p>
   </div>
   <div class='ocr_carea' id='block_1_83' title="bbox 1911 4150 3500 4222">
    <p class='ocr_par' dir='ltr' id='par_1_83' title="bbox 1911 4150 3500 4222">
     <span class='ocr_line' id='line_1_83' title="bbox 1911 4150 3500 4222; baseline -0.006 -10"><span class='ocrx_word' id='word_1_580' title='bbox 1911 4168 2063 4212; x_wconf 91' lang='lat' dir='ltr'><strong>tante</strong></span> <span class='ocrx_word' id='word_1_581' title='bbox 2096 4173 2163 4211; x_wconf 84' lang='lat' dir='ltr'><strong>ex</strong></span> <span class='ocrx_word' id='word_1_582' title='bbox 2211 4156 2365 4209; x_wconf 91' lang='lat' dir='ltr'><strong>nobis</strong></span> <span class='ocrx_word' id='word_1_583' title='bbox 2410 4154 2616 4222; x_wconf 86' lang='lat' dir='ltr'><strong>aliquo,</strong></span> <span class='ocrx_word' id='word_1_584' title='bbox 2664 4165 2901 4220; x_wconf 90' lang='lat' dir='ltr'><strong>quorum</strong></span> <span class='ocrx_word' id='word_1_585' title='bbox 2942 4150 3148 4203; x_wconf 90' lang='lat' dir='ltr'><strong>domini</strong></span> <span class='ocrx_word' id='word_1_586' title='bbox 3204 4150 3398 4215; x_wconf 88' lang='lat' dir='ltr'><strong>simus,</strong></span> <span class='ocrx_word' id='word_1_587' title='bbox 3432 4165 3500 4204; x_wconf 87' lang='lat' dir='ltr'><strong>ne</strong></span> 
     </span>
    </p>
   </div>
   <div class='ocr_carea' id='block_1_84' title="bbox 1913 4238 3500 4310">
    <p class='ocr_par' dir='ltr' id='par_1_84' title="bbox 1913 4238 3500 4310">
     <span class='ocr_line' id='line_1_84' title="bbox 1913 4238 3500 4310; baseline -0.007 -8"><span class='ocrx_word' id='word_1_588' title='bbox 1913 4249 2120 4302; x_wconf 92' lang='lat' dir='ltr'><strong>nudum</strong></span> <span class='ocrx_word' id='word_1_589' title='bbox 2152 4247 2328 4301; x_wconf 92' lang='lat' dir='ltr'><strong>solum</strong></span> <span class='ocrx_word' id='word_1_590' title='bbox 2359 4244 2533 4297; x_wconf 72' lang='lat' dir='ltr'><strong>nostri</strong></span> <span class='ocrx_word' id='word_1_591' title='bbox 2563 4241 2824 4310; x_wconf 89' lang='lat' dir='ltr'><strong>deinceps</strong></span> <span class='ocrx_word' id='word_1_592' title='bbox 2850 4239 2990 4307; x_wconf 87' lang='lat' dir='ltr'><strong>juris</strong></span> <span class='ocrx_word' id='word_1_593' title='bbox 3013 4253 3134 4293; x_wconf 88' lang='lat' dir='ltr'><strong>esse</strong></span> <span class='ocrx_word' id='word_1_594' title='bbox 3166 4238 3500 4307; x_wconf 86' lang='lat' dir='ltr'><strong>respondere</strong></span> 
     </span>
    </p>
   </div>
   <div class='ocr_carea' id='block_1_85' title="bbox 1911 4332 3501 4409">
    <p class='ocr_par' dir='ltr' id='par_1_85' title="bbox 1911 4332 3501 4409">
     <span class='ocr_line' id='line_1_85' title="bbox 1911 4332 3501 4409; baseline -0.007 -15"><span class='ocrx_word' id='word_1_595' title='bbox 1911 4340 2185 4409; x_wconf 84' lang='lat' dir='ltr'><strong>possimus</strong></span> <span class='ocrx_word' id='word_1_596' title='bbox 2227 4356 2241 4393; x_wconf 90' lang='lat'><strong>:</strong></span> <span class='ocrx_word' id='word_1_597' title='bbox 2279 4351 2527 4406; x_wconf 61' lang='lat' dir='ltr'><strong>quaenam</strong></span> <span class='ocrx_word' id='word_1_598' title='bbox 2561 4334 2677 4387; x_wconf 65' lang='lat' dir='ltr'><strong>haec</strong></span> <span class='ocrx_word' id='word_1_599' title='bbox 2707 4332 3181 4401; x_wconf 85' lang='lat' dir='ltr'><strong>contentio.cujus</strong></span> <span class='ocrx_word' id='word_1_600' title='bbox 3208 4332 3340 4384; x_wconf 84' lang='lat' dir='ltr'><strong>vitio</strong></span> <span class='ocrx_word' id='word_1_601' title='bbox 3379 4346 3501 4385; x_wconf 82' lang='lat' dir='ltr'><strong>om-</strong></span> 
     </span>
    </p>
   </div>
   <div class='ocr_carea' id='block_1_86' title="bbox 1912 4424 3497 4498">
    <p class='ocr_par' dir='ltr' id='par_1_86' title="bbox 1912 4424 3497 4498">
     <span class='ocr_line' id='line_1_86' title="bbox 1912 4424 3497 4498; baseline -0.005 -14"><span class='ocrx_word' id='word_1_602' title='bbox 1912 4432 2075 4484; x_wconf 88' lang='lat' dir='ltr'><strong>nibus</strong></span> <span class='ocrx_word' id='word_1_603' title='bbox 2103 4430 2341 4488; x_wconf 84' lang='lat' dir='ltr'><strong>amissis.</strong></span> <span class='ocrx_word' id='word_1_604' title='bbox 2378 4428 2550 4498; x_wconf 83' lang='lat' dir='ltr'><strong>ipsius</strong></span> <span class='ocrx_word' id='word_1_605' title='bbox 2573 4439 2794 4497; x_wconf 86' lang='lat' dir='ltr'><strong>quoque</strong></span> <span class='ocrx_word' id='word_1_606' title='bbox 2831 4438 2976 4479; x_wconf 89' lang='lat' dir='ltr'><strong>nunc</strong></span> <span class='ocrx_word' id='word_1_607' title='bbox 3012 4424 3325 4478; x_wconf 73' lang='lat' dir='ltr'><strong>amittenda:</strong></span> <span class='ocrx_word' id='word_1_608' title='bbox 3382 4425 3497 4494; x_wconf 83' lang='lat' dir='ltr'><strong>spei</strong></span> 
     </span>
    </p>
   </div>
   <div class='ocr_carea' id='block_1_87' title="bbox 1912 4519 2378 4575">
    <p class='ocr_par' dir='ltr' id='par_1_87' title="bbox 1912 4519 2378 4575">
     <span class='ocr_line' id='line_1_87' title="bbox 1912 4519 2378 4575; baseline 0.004 -5"><span class='ocrx_word' id='word_1_609' title='bbox 1912 4522 2086 4575; x_wconf 83' lang='lat' dir='ltr'><strong>aleam</strong></span> <span class='ocrx_word' id='word_1_610' title='bbox 2112 4519 2378 4574; x_wconf 82' lang='lat' dir='ltr'><strong>facimus?</strong></span> 
     </span>
    </p>
   </div>
   <div class='ocr_carea' id='block_1_88' title="bbox 301 4602 1802 4679">
    <p class='ocr_par' dir='ltr' id='par_1_88' title="bbox 301 4602 1801 4674">
     <span class='ocr_line' id='line_1_88' title="bbox 301 4602 1801 4674; baseline 0 -17"><span class='ocrx_word' id='word_1_611' title='bbox 301 4605 371 4657; x_wconf 80' lang='grc' dir='ltr'><strong><em>Ἥ</em></strong></span> <span class='ocrx_word' id='word_1_612' title='bbox 417 4602 554 4671; x_wconf 79' lang='grc' dir='ltr'>πρὸς</span> <span class='ocrx_word' id='word_1_613' title='bbox 586 4602 687 4671; x_wconf 73' lang='grc' dir='ltr'>μὶν</span> <span class='ocrx_word' id='word_1_614' title='bbox 711 4604 838 4666; x_wconf 80' lang='grc' dir='ltr'>τοὺς</span> <span class='ocrx_word' id='word_1_615' title='bbox 864 4602 1044 4666; x_wconf 83' lang='grc' dir='ltr'>δεῖνας</span> <span class='ocrx_word' id='word_1_616' title='bbox 1072 4603 1333 4674; x_wconf 75' lang='grc' dir='ltr'>πρέσϐεις</span> <span class='ocrx_word' id='word_1_617' title='bbox 1376 4604 1801 4673; x_wconf 77' lang='grc' dir='ltr'>ἀποστελοῦμεν,</span> 
     </span>
    </p>
   </div>
   <div class='ocr_carea' id='block_1_89' title="bbox 1906 4602 3498 4679">
    <p class='ocr_par' dir='ltr' id='par_1_89' title="bbox 1978 4607 3498 4679">
     <span class='ocr_line' id='line_1_89' title="bbox 1978 4607 3498 4679; baseline -0.003 -13"><span class='ocrx_word' id='word_1_618' title='bbox 1978 4613 2317 4679; x_wconf 81' lang='lat' dir='ltr'><strong>Num,rogo,</strong></span> <span class='ocrx_word' id='word_1_619' title='bbox 2379 4610 2444 4663; x_wconf 88' lang='lat' dir='ltr'><strong>ad</strong></span> <span class='ocrx_word' id='word_1_620' title='bbox 2496 4610 2741 4665; x_wconf 90' lang='lat' dir='ltr'><strong>incertos</strong></span> <span class='ocrx_word' id='word_1_621' title='bbox 2785 4608 3048 4679; x_wconf 84' lang='lat' dir='ltr'><strong>quosdam</strong></span> <span class='ocrx_word' id='word_1_622' title='bbox 3103 4607 3498 4662; x_wconf 76' lang='lat' dir='ltr'><strong>destinabimus</strong></span> 
     </span>
    </p>
   </div>
   <div class='ocr_carea' id='block_1_90' title="bbox 222 4695 1807 4766">
    <p class='ocr_par' dir='ltr' id='par_1_90' title="bbox 222 4695 1807 4766">
     <span class='ocr_line' id='line_1_90' title="bbox 222 4695 1807 4766; baseline 0.001 -17"><span class='ocrx_word' id='word_1_623' title='bbox 222 4697 325 4749; x_wconf 79' lang='grc' dir='ltr'>καὶ</span> <span class='ocrx_word' id='word_1_624' title='bbox 358 4697 621 4764; x_wconf 80' lang='grc' dir='ltr'>χρήματα</span> <span class='ocrx_word' id='word_1_625' title='bbox 654 4695 925 4765; x_wconf 85' lang='grc' dir='ltr'>δώσομεν,</span> <span class='ocrx_word' id='word_1_626' title='bbox 960 4696 1058 4748; x_wconf 72' lang='grc' dir='ltr'>καὶ</span> <span class='ocrx_word' id='word_1_627' title='bbox 1096 4696 1307 4765; x_wconf 87' lang='grc' dir='ltr'>γάμους</span> <span class='ocrx_word' id='word_1_628' title='bbox 1358 4697 1807 4766; x_wconf 79' lang='grc' dir='ltr'>ὑποσχησόμεθα,</span> 
     </span>
    </p>
   </div>
   <div class='ocr_carea' id='block_1_91' title="bbox 219 4786 1810 4856">
    <p class='ocr_par' dir='ltr' id='par_1_91' title="bbox 219 4786 1810 4856">
     <span class='ocr_line' id='line_1_91' title="bbox 219 4786 1810 4856; baseline -0.001 -15"><span class='ocrx_word' id='word_1_629' title='bbox 219 4789 325 4841; x_wconf 76' lang='grc' dir='ltr'><strong>καὶ</strong></span> <span class='ocrx_word' id='word_1_630' title='bbox 363 4788 493 4849; x_wconf 75' lang='grc' dir='ltr'>τοὺς</span> <span class='ocrx_word' id='word_1_631' title='bbox 522 4787 840 4856; x_wconf 76' lang='grc' dir='ltr'>οἱκοτρίϐας</span> <span class='ocrx_word' id='word_1_632' title='bbox 872 4786 967 4839; x_wconf 70' lang='grc' dir='ltr'><strong>ἐπὶ</strong></span> <span class='ocrx_word' id='word_1_633' title='bbox 997 4786 1094 4847; x_wconf 81' lang='grc' dir='ltr'>τὰς</span> <span class='ocrx_word' id='word_1_634' title='bbox 1144 4787 1470 4856; x_wconf 83' lang='grc' dir='ltr'>ὑπερορίους</span> <span class='ocrx_word' id='word_1_635' title='bbox 1518 4790 1810 4856; x_wconf 78' lang='grc' dir='ltr'>στρατείας</span> 
     </span>
    </p>
   </div>
   <div class='ocr_carea' id='block_1_92' title="bbox 222 4879 1808 4949">
    <p class='ocr_par' dir='ltr' id='par_1_92' title="bbox 222 4879 1808 4949">
     <span class='ocr_line' id='line_1_92' title="bbox 222 4879 1808 4949; baseline 0 -18"><span class='ocrx_word' id='word_1_636' title='bbox 222 4882 534 4948; x_wconf 81' lang='grc' dir='ltr'>κινήσομεν</span> <span class='ocrx_word' id='word_1_637' title='bbox 558 4895 571 4909; x_wconf 90' lang='grc'><strong>·</strong></span> <span class='ocrx_word' id='word_1_638' title='bbox 604 4879 731 4942; x_wconf 77' lang='grc' dir='ltr'>τοὺς</span> <span class='ocrx_word' id='word_1_639' title='bbox 761 4880 817 4932; x_wconf 78' lang='grc' dir='ltr'>δὲ</span> <span class='ocrx_word' id='word_1_640' title='bbox 851 4884 1055 4949; x_wconf 86' lang='grc' dir='ltr'>προῖκα</span> <span class='ocrx_word' id='word_1_641' title='bbox 1104 4883 1417 4948; x_wconf 87' lang='grc' dir='ltr'>συμμαχεῖν</span> <span class='ocrx_word' id='word_1_642' title='bbox 1448 4880 1808 4949; x_wconf 72' lang='grc' dir='ltr'>ϐουλομένους</span> 
     </span>
    </p>
   </div>
   <div class='ocr_carea' id='block_1_93' title="bbox 220 4970 1806 5042">
    <p class='ocr_par' dir='ltr' id='par_1_93' title="bbox 220 4970 1806 5042">
     <span class='ocr_line' id='line_1_93' title="bbox 220 4970 1806 5042; baseline 0.001 -20"><span class='ocrx_word' id='word_1_643' title='bbox 220 4970 700 5039; x_wconf 69' lang='grc' dir='ltr'>ἀποπεμψάμεθα,</span> <span class='ocrx_word' id='word_1_644' title='bbox 729 4971 788 5022; x_wconf 75' lang='grc' dir='ltr'><strong>τὸ</strong></span> <span class='ocrx_word' id='word_1_645' title='bbox 820 4972 1053 5042; x_wconf 70' lang='grc' dir='ltr'>μηδενὸς</span> <span class='ocrx_word' id='word_1_646' title='bbox 1080 4973 1235 5040; x_wconf 80' lang='grc' dir='ltr'>ἡμῶν</span> <span class='ocrx_word' id='word_1_647' title='bbox 1262 4972 1471 5024; x_wconf 85' lang='grc' dir='ltr'>δεῖσθαι</span> <span class='ocrx_word' id='word_1_648' title='bbox 1505 4973 1688 5041; x_wconf 66' lang='grc' dir='ltr'>μῦνον,</span> <span class='ocrx_word' id='word_1_649' title='bbox 1730 4974 1806 5036; x_wconf 83' lang='grc' dir='ltr'><strong>ὡς</strong></span> 
     </span>
    </p>
   </div>
   <div class='ocr_carea' id='block_1_94' title="bbox 226 5062 1811 5136">
    <p class='ocr_par' dir='ltr' id='par_1_94' title="bbox 226 5062 1811 5136">
     <span class='ocr_line' id='line_1_94' title="bbox 226 5062 1811 5136; baseline 0.003 -24"><span class='ocrx_word' id='word_1_650' title='bbox 226 5062 437 5123; x_wconf 74' lang='grc' dir='ltr'>ἔοικεν,</span> <span class='ocrx_word' id='word_1_651' title='bbox 468 5062 686 5129; x_wconf 75' lang='grc' dir='ltr'>ἔχοντες</span> <span class='ocrx_word' id='word_1_652' title='bbox 727 5062 1017 5125; x_wconf 60' lang='grc' dir='ltr'>ἐγκαλεῖν</span> <span class='ocrx_word' id='word_1_653' title='bbox 1056 5064 1153 5115; x_wconf 76' lang='grc' dir='ltr'><strong>καὶ</strong></span> <span class='ocrx_word' id='word_1_654' title='bbox 1203 5066 1328 5126; x_wconf 65' lang='grc' dir='ltr'>τοὺς</span> <span class='ocrx_word' id='word_1_655' title='bbox 1363 5066 1463 5133; x_wconf 85' lang='grc' dir='ltr'>μὲν</span> <span class='ocrx_word' id='word_1_656' title='bbox 1518 5064 1591 5136; x_wconf 82' lang='grc' dir='ltr'>μὴ</span> <span class='ocrx_word' id='word_1_657' title='bbox 1626 5064 1811 5133; x_wconf 80' lang='grc' dir='ltr'>βουλο-</span> 
     </span>
    </p>
   </div>
   <div class='ocr_carea' id='block_1_95' title="bbox 230 5155 1809 5226">
    <p class='ocr_par' dir='ltr' id='par_1_95' title="bbox 230 5155 1809 5226">
     <span class='ocr_line' id='line_1_95' title="bbox 230 5155 1809 5226; baseline 0.003 -23"><span class='ocrx_word' id='word_1_658' title='bbox 230 5155 433 5221; x_wconf 74' lang='grc' dir='ltr'>μένους</span> <span class='ocrx_word' id='word_1_659' title='bbox 464 5156 895 5225; x_wconf 71' lang='grc' dir='ltr'>ἐπιχειρήσομεν</span> <span class='ocrx_word' id='word_1_660' title='bbox 932 5155 1142 5208; x_wconf 87' lang='grc' dir='ltr'>πείθειν</span> <span class='ocrx_word' id='word_1_661' title='bbox 1165 5171 1179 5185; x_wconf 87' lang='grc'><strong>·</strong></span> <span class='ocrx_word' id='word_1_662' title='bbox 1215 5158 1262 5209; x_wconf 83' lang='grc' dir='ltr'><strong>εί</strong></span> <span class='ocrx_word' id='word_1_663' title='bbox 1294 5157 1351 5209; x_wconf 79' lang='grc' dir='ltr'>δέ</span> <span class='ocrx_word' id='word_1_664' title='bbox 1387 5174 1469 5219; x_wconf 89' lang='grc' dir='ltr'><strong>τις</strong></span> <span class='ocrx_word' id='word_1_665' title='bbox 1500 5159 1809 5226; x_wconf 83' lang='grc' dir='ltr'>αὐτόματος</span> 
     </span>
    </p>
   </div>
   <div class='ocr_carea' id='block_1_96' title="bbox 226 5241 1807 5317">
    <p class='ocr_par' dir='ltr' id='par_1_96' title="bbox 226 5241 1807 5317">
     <span class='ocr_line' id='line_1_96' title="bbox 226 5241 1807 5317; baseline 0.004 -22"><span class='ocrx_word' id='word_1_666' title='bbox 226 5241 377 5316; x_wconf 76' lang='grc' dir='ltr'>ἧκε,</span> <span class='ocrx_word' id='word_1_667' title='bbox 431 5250 963 5315; x_wconf 75' lang='grc' dir='ltr'>καταφρονήσομενο</span> <span class='ocrx_word' id='word_1_668' title='bbox 1020 5248 1116 5299; x_wconf 76' lang='grc' dir='ltr'><strong>καὶ</strong></span> <span class='ocrx_word' id='word_1_669' title='bbox 1168 5247 1244 5317; x_wconf 81' lang='grc' dir='ltr'>μὴ</span> <span class='ocrx_word' id='word_1_670' title='bbox 1302 5249 1664 5313; x_wconf 82' lang='grc' dir='ltr'>φαινομένους</span> <span class='ocrx_word' id='word_1_671' title='bbox 1713 5251 1807 5317; x_wconf 84' lang='grc' dir='ltr'>μὲν</span> 
     </span>
    </p>
   </div>
   <div class='ocr_carea' id='block_1_97' title="bbox 227 5337 1812 5409">
    <p class='ocr_par' dir='ltr' id='par_1_97' title="bbox 227 5337 1812 5409">
     <span class='ocr_line' id='line_1_97' title="bbox 227 5337 1812 5409; baseline 0.004 -22"><span class='ocrx_word' id='word_1_672' title='bbox 227 5337 362 5398; x_wconf 78' lang='grc' dir='ltr'>τοὺς</span> <span class='ocrx_word' id='word_1_673' title='bbox 408 5338 731 5405; x_wconf 85' lang='grc' dir='ltr'>συμμάχους</span> <span class='ocrx_word' id='word_1_674' title='bbox 759 5337 1091 5407; x_wconf 80' lang='grc' dir='ltr'>ποθήσομεν,</span> <span class='ocrx_word' id='word_1_675' title='bbox 1128 5340 1407 5407; x_wconf 77' lang='grc' dir='ltr'>φανέντων</span> <span class='ocrx_word' id='word_1_676' title='bbox 1438 5340 1493 5391; x_wconf 79' lang='grc' dir='ltr'>δὲ</span> <span class='ocrx_word' id='word_1_677' title='bbox 1540 5340 1812 5409; x_wconf 84' lang='grc' dir='ltr'>ἀμελήσο-</span> 
     </span>
    </p>
   </div>
   <div class='ocr_carea' id='block_1_98' title="bbox 232 5428 1811 5498">
    <p class='ocr_par' dir='ltr' id='par_1_98' title="bbox 232 5428 1811 5498">
     <span class='ocr_line' id='line_1_98' title="bbox 232 5428 1811 5498; baseline 0.002 -17"><span class='ocrx_word' id='word_1_678' title='bbox 232 5444 342 5498; x_wconf 84' lang='grc' dir='ltr'><strong>μεν</strong></span> <span class='ocrx_word' id='word_1_679' title='bbox 365 5444 380 5459; x_wconf 78' lang='grc'><strong><em>⁸</em></strong></span> <span class='ocrx_word' id='word_1_680' title='bbox 430 5430 525 5481; x_wconf 77' lang='grc' dir='ltr'>καὶ</span> <span class='ocrx_word' id='word_1_681' title='bbox 556 5430 665 5481; x_wconf 80' lang='grc' dir='ltr'><strong>τῶν</strong></span> <span class='ocrx_word' id='word_1_682' title='bbox 698 5428 799 5497; x_wconf 75' lang='grc' dir='ltr'>μὶν</span> <span class='ocrx_word' id='word_1_683' title='bbox 840 5430 1101 5482; x_wconf 83' lang='grc' dir='ltr'>κινδύνων</span> <span class='ocrx_word' id='word_1_684' title='bbox 1144 5431 1492 5497; x_wconf 72' lang='grc' dir='ltr'>ἐφεστώτων.</span> <span class='ocrx_word' id='word_1_685' title='bbox 1525 5429 1637 5483; x_wconf 87' lang='grc' dir='ltr'>Θεοί</span> <span class='ocrx_word' id='word_1_686' title='bbox 1666 5450 1811 5493; x_wconf 86' lang='grc' dir='ltr'>τινες</span> 
     </span>
    </p>
   </div>
   <div class='ocr_carea' id='block_1_99' title="bbox 229 5516 1813 5591">
    <p class='ocr_par' dir='ltr' id='par_1_99' title="bbox 229 5516 1813 5591">
     <span class='ocr_line' id='line_1_99' title="bbox 229 5516 1813 5591; baseline 0.002 -17"><span class='ocrx_word' id='word_1_687' title='bbox 229 5516 381 5574; x_wconf 79' lang='grc' dir='ltr'>εἷναι</span> <span class='ocrx_word' id='word_1_688' title='bbox 407 5520 654 5591; x_wconf 79' lang='grc' dir='ltr'>δόξομεν,</span> <span class='ocrx_word' id='word_1_689' title='bbox 687 5522 785 5574; x_wconf 73' lang='grc' dir='ltr'>καὶ</span> <span class='ocrx_word' id='word_1_690' title='bbox 809 5521 919 5591; x_wconf 79' lang='grc' dir='ltr'>τὴν</span> <span class='ocrx_word' id='word_1_691' title='bbox 940 5522 1195 5591; x_wconf 80' lang='grc' dir='ltr'>εὐτυχίαν</span> <span class='ocrx_word' id='word_1_692' title='bbox 1244 5525 1376 5589; x_wconf 75' lang='grc' dir='ltr'>ἡμῖν</span> <span class='ocrx_word' id='word_1_693' title='bbox 1411 5524 1679 5577; x_wconf 85' lang='grc' dir='ltr'>ἀθάνατον</span> <span class='ocrx_word' id='word_1_694' title='bbox 1714 5542 1813 5577; x_wconf 87' lang='grc' dir='ltr'>πε-</span> 
     </span>
    </p>
   </div>
   <div class='ocr_carea' id='block_1_100' title="bbox 232 5612 1809 5685">
    <p class='ocr_par' dir='ltr' id='par_1_100' title="bbox 232 5612 1809 5685">
     <span class='ocr_line' id='line_1_100' title="bbox 232 5612 1809 5685; baseline 0.001 -18"><span class='ocrx_word' id='word_1_695' title='bbox 232 5612 517 5683; x_wconf 77' lang='grc' dir='ltr'>πηγέναις</span> <span class='ocrx_word' id='word_1_696' title='bbox 553 5613 748 5666; x_wconf 82' lang='grc' dir='ltr'>Καίτοι</span> <span class='ocrx_word' id='word_1_697' title='bbox 786 5614 835 5665; x_wconf 79' lang='grc' dir='ltr'><strong>εί</strong></span> <span class='ocrx_word' id='word_1_698' title='bbox 892 5613 993 5681; x_wconf 78' lang='grc' dir='ltr'>μὲν</span> <span class='ocrx_word' id='word_1_699' title='bbox 1048 5614 1215 5682; x_wconf 80' lang='grc' dir='ltr'>μηδὲν</span> <span class='ocrx_word' id='word_1_700' title='bbox 1270 5616 1384 5667; x_wconf 79' lang='grc' dir='ltr'>ἔστι</span> <span class='ocrx_word' id='word_1_701' title='bbox 1438 5618 1809 5685; x_wconf 78' lang='grc' dir='ltr'>προσδοκῆσαι</span> 
     </span>
    </p>
   </div>
   <div class='ocr_carea' id='block_1_101' title="bbox 233 5704 1810 5776">
    <p class='ocr_par' dir='ltr' id='par_1_101' title="bbox 233 5704 1810 5776">
     <span class='ocr_line' id='line_1_101' title="bbox 233 5704 1810 5776; baseline 0.001 -18"><span class='ocrx_word' id='word_1_702' title='bbox 233 5704 372 5770; x_wconf 84' lang='grc' dir='ltr'>παρ’</span> <span class='ocrx_word' id='word_1_703' title='bbox 400 5705 583 5756; x_wconf 81' lang='grc' dir='ltr'>αὐτῶν</span> <span class='ocrx_word' id='word_1_704' title='bbox 616 5704 902 5775; x_wconf 77' lang='grc' dir='ltr'>βλαϐερὸν,</span> <span class='ocrx_word' id='word_1_705' title='bbox 938 5705 1055 5763; x_wconf 82' lang='grc' dir='ltr'><strong>πῶς</strong></span> <span class='ocrx_word' id='word_1_706' title='bbox 1086 5707 1147 5758; x_wconf 85' lang='grc' dir='ltr'><strong>οὐ</strong></span> <span class='ocrx_word' id='word_1_707' title='bbox 1181 5707 1334 5775; x_wconf 85' lang='grc' dir='ltr'><strong>παρά</strong></span> <span class='ocrx_word' id='word_1_708' title='bbox 1368 5709 1559 5773; x_wconf 85' lang='grc' dir='ltr'>καιρὸν</span> <span class='ocrx_word' id='word_1_709' title='bbox 1589 5709 1721 5776; x_wconf 76' lang='grc' dir='ltr'>ἡμῖν</span> <span class='ocrx_word' id='word_1_710' title='bbox 1753 5709 1810 5761; x_wconf 82' lang='grc' dir='ltr'><strong>τὸ</strong></span> 
     </span>
    </p>
   </div>
   <div class='ocr_carea' id='block_1_102' title="bbox 233 5794 1809 5868">
    <p class='ocr_par' dir='ltr' id='par_1_102' title="bbox 233 5794 1809 5868">
     <span class='ocr_line' id='line_1_102' title="bbox 233 5794 1809 5868; baseline 0.003 -21"><span class='ocrx_word' id='word_1_711' title='bbox 233 5794 629 5865; x_wconf 77' lang='grc' dir='ltr'>βουλεύεσθαις</span> <span class='ocrx_word' id='word_1_712' title='bbox 662 5796 710 5848; x_wconf 79' lang='grc' dir='ltr'>ει</span> <span class='ocrx_word' id='word_1_713' title='bbox 738 5794 785 5849; x_wconf 81' lang='grc' dir='ltr'>δ’</span> <span class='ocrx_word' id='word_1_714' title='bbox 829 5795 1032 5865; x_wconf 82' lang='grc' dir='ltr'>ὑποψία</span> <span class='ocrx_word' id='word_1_715' title='bbox 1085 5797 1275 5848; x_wconf 83' lang='grc' dir='ltr'>κακῶν</span> <span class='ocrx_word' id='word_1_716' title='bbox 1320 5798 1413 5848; x_wconf 74' lang='grc' dir='ltr'>ἐπὶ</span> <span class='ocrx_word' id='word_1_717' title='bbox 1469 5797 1614 5850; x_wconf 84' lang='grc' dir='ltr'>τοῦθ’</span> <span class='ocrx_word' id='word_1_718' title='bbox 1661 5801 1809 5868; x_wconf 82' lang='grc' dir='ltr'>ἡμᾶς</span> 
     </span>
    </p>
   </div>
   <div class='ocr_carea' id='block_1_103' title="bbox 233 5887 1805 5957">
    <p class='ocr_par' dir='ltr' id='par_1_103' title="bbox 233 5887 1805 5957">
     <span class='ocr_line' id='line_1_103' title="bbox 233 5887 1805 5957; baseline 0.003 -17"><span class='ocrx_word' id='word_1_719' title='bbox 233 5889 385 5955; x_wconf 77' lang='grc' dir='ltr'>ἄγει,</span> <span class='ocrx_word' id='word_1_720' title='bbox 416 5889 627 5943; x_wconf 77' lang='grc' dir='ltr'>εἰπάτω</span> <span class='ocrx_word' id='word_1_721' title='bbox 662 5906 747 5953; x_wconf 87' lang='grc' dir='ltr'><strong>τις</strong></span> <span class='ocrx_word' id='word_1_722' title='bbox 794 5888 853 5942; x_wconf 76' lang='grc' dir='ltr'><strong>τὸ</strong></span> <span class='ocrx_word' id='word_1_723' title='bbox 887 5888 1027 5953; x_wconf 80' lang='grc' dir='ltr'>δέος,</span> <span class='ocrx_word' id='word_1_724' title='bbox 1058 5887 1126 5942; x_wconf 82' lang='grc' dir='ltr'>δι’</span> <span class='ocrx_word' id='word_1_725' title='bbox 1162 5889 1187 5942; x_wconf 79' lang='grc' dir='ltr'><strong>δ</strong></span> <span class='ocrx_word' id='word_1_726' title='bbox 1226 5889 1415 5945; x_wconf 69' lang='grc' dir='ltr'>παθεῖν</span> <span class='ocrx_word' id='word_1_727' title='bbox 1444 5890 1503 5943; x_wconf 76' lang='grc' dir='ltr'>οὐ</span> <span class='ocrx_word' id='word_1_728' title='bbox 1546 5891 1805 5957; x_wconf 75' lang='grc' dir='ltr'>δέδοικεν,</span> 
     </span>
    </p>
   </div>
   <div class='ocr_carea' id='block_1_104' title="bbox 1913 4700 3499 4774">
    <p class='ocr_par' dir='ltr' id='par_1_104' title="bbox 1913 4700 3499 4774">
     <span class='ocr_line' id='line_1_104' title="bbox 1913 4700 3499 4774; baseline -0.003 -16"><span class='ocrx_word' id='word_1_729' title='bbox 1913 4707 2143 4774; x_wconf 87' lang='lat' dir='ltr'><strong>legatos,</strong></span> <span class='ocrx_word' id='word_1_730' title='bbox 2180 4703 2545 4771; x_wconf 86' lang='lat' dir='ltr'><strong>dabimusque</strong></span> <span class='ocrx_word' id='word_1_731' title='bbox 2597 4702 2879 4771; x_wconf 87' lang='lat' dir='ltr'><strong>pecunias.</strong></span> <span class='ocrx_word' id='word_1_732' title='bbox 2912 4717 2975 4754; x_wconf 89' lang='lat' dir='ltr'><strong>ac</strong></span> <span class='ocrx_word' id='word_1_733' title='bbox 3012 4700 3231 4767; x_wconf 88' lang='lat' dir='ltr'><strong>nuptias</strong></span> <span class='ocrx_word' id='word_1_734' title='bbox 3270 4700 3499 4767; x_wconf 59' lang='lat' dir='ltr'><strong>promite</strong></span> 
     </span>
    </p>
   </div>
   <div class='ocr_carea' id='block_1_105' title="bbox 1916 4790 3499 4861">
    <p class='ocr_par' dir='ltr' id='par_1_105' title="bbox 1916 4790 3499 4861">
     <span class='ocr_line' id='line_1_105' title="bbox 1916 4790 3499 4861; baseline -0.003 -13"><span class='ocrx_word' id='word_1_735' title='bbox 1916 4806 2113 4861; x_wconf 66' lang='lat' dir='ltr'><strong>lenius,</strong></span> <span class='ocrx_word' id='word_1_736' title='bbox 2149 4794 2508 4860; x_wconf 74' lang='lat' dir='ltr'><strong>hominesque</strong></span> <span class='ocrx_word' id='word_1_737' title='bbox 2560 4793 2702 4845; x_wconf 89' lang='lat' dir='ltr'><strong>domi</strong></span> <span class='ocrx_word' id='word_1_738' title='bbox 2755 4801 3024 4853; x_wconf 66' lang='lat' dir='ltr'><strong>assuetos,</strong></span> <span class='ocrx_word' id='word_1_739' title='bbox 3061 4790 3125 4844; x_wconf 88' lang='lat' dir='ltr'><strong>ad</strong></span> <span class='ocrx_word' id='word_1_740' title='bbox 3184 4790 3499 4859; x_wconf 86' lang='lat' dir='ltr'><strong>peregrinas</strong></span> 
     </span>
    </p>
   </div>
   <div class='ocr_carea' id='block_1_106' title="bbox 1912 4881 3498 4954">
    <p class='ocr_par' dir='ltr' id='par_1_106' title="bbox 1912 4881 3498 4954">
     <span class='ocr_line' id='line_1_106' title="bbox 1912 4881 3498 4954; baseline -0.004 -15"><span class='ocrx_word' id='word_1_741' title='bbox 1912 4897 2172 4954; x_wconf 75' lang='lat' dir='ltr'><strong>extraque</strong></span> <span class='ocrx_word' id='word_1_742' title='bbox 2222 4883 2562 4953; x_wconf 78' lang='lat' dir='ltr'><strong>provinciam</strong></span> <span class='ocrx_word' id='word_1_743' title='bbox 2608 4882 2987 4951; x_wconf 75' lang='lat' dir='ltr'><strong>expeditiones</strong></span> <span class='ocrx_word' id='word_1_744' title='bbox 3044 4881 3498 4950; x_wconf 85' lang='lat' dir='ltr'><strong>pruvocabimus;</strong></span> 
     </span>
    </p>
   </div>
   <div class='ocr_carea' id='block_1_107' title="bbox 1912 4971 3498 5042">
    <p class='ocr_par' dir='ltr' id='par_1_107' title="bbox 1912 4971 3498 5042">
     <span class='ocr_line' id='line_1_107' title="bbox 1912 4971 3498 5042; baseline -0.004 -13"><span class='ocrx_word' id='word_1_745' title='bbox 1912 4991 2007 5029; x_wconf 86' lang='lat' dir='ltr'><strong>eos</strong></span> <span class='ocrx_word' id='word_1_746' title='bbox 2058 4984 2239 5028; x_wconf 91' lang='lat' dir='ltr'><strong>autem</strong></span> <span class='ocrx_word' id='word_1_747' title='bbox 2289 4974 2383 5042; x_wconf 90' lang='lat' dir='ltr'><strong>qui</strong></span> <span class='ocrx_word' id='word_1_748' title='bbox 2439 4988 2496 5027; x_wconf 90' lang='lat' dir='ltr'><strong>se</strong></span> <span class='ocrx_word' id='word_1_749' title='bbox 2546 4972 2717 5041; x_wconf 81' lang='lat' dir='ltr'><strong>gratis</strong></span> <span class='ocrx_word' id='word_1_750' title='bbox 2747 4972 2801 5026; x_wconf 92' lang='lat' dir='ltr'><strong>iu</strong></span> <span class='ocrx_word' id='word_1_751' title='bbox 2836 4972 3016 5026; x_wconf 87' lang='lat' dir='ltr'><strong>socios</strong></span> <span class='ocrx_word' id='word_1_752' title='bbox 3067 4971 3191 5024; x_wconf 90' lang='lat' dir='ltr'><strong>belli</strong></span> <span class='ocrx_word' id='word_1_753' title='bbox 3233 4971 3498 5036; x_wconf 70' lang='lat' dir='ltr'><strong>oll‘crunt,</strong></span> 
     </span>
    </p>
   </div>
   <div class='ocr_carea' id='block_1_108' title="bbox 1914 5065 3495 5138">
    <p class='ocr_par' dir='ltr' id='par_1_108' title="bbox 1914 5065 3495 5138">
     <span class='ocr_line' id='line_1_108' title="bbox 1914 5065 3495 5138; baseline -0.003 -15"><span class='ocrx_word' id='word_1_754' title='bbox 1914 5070 2258 5138; x_wconf 88' lang='lat' dir='ltr'><strong>repellemus,</strong></span> <span class='ocrx_word' id='word_1_755' title='bbox 2285 5083 2454 5121; x_wconf 91' lang='lat' dir='ltr'><strong>unum</strong></span> <span class='ocrx_word' id='word_1_756' title='bbox 2484 5068 2605 5131; x_wconf 89' lang='lat' dir='ltr'><strong>hoc,</strong></span> <span class='ocrx_word' id='word_1_757' title='bbox 2634 5076 2789 5135; x_wconf 87' lang='lat' dir='ltr'><strong>puto,</strong></span> <span class='ocrx_word' id='word_1_758' title='bbox 2818 5066 2925 5119; x_wconf 93' lang='lat' dir='ltr'><strong>illis</strong></span> <span class='ocrx_word' id='word_1_759' title='bbox 2959 5065 3222 5118; x_wconf 90' lang='lat' dir='ltr'><strong>habentes</strong></span> <span class='ocrx_word' id='word_1_760' title='bbox 3253 5065 3495 5118; x_wconf 86' lang='lat' dir='ltr'><strong>damlum</strong></span> 
     </span>
    </p>
   </div>
   <div class='ocr_carea' id='block_1_109' title="bbox 1912 5156 3501 5227">
    <p class='ocr_par' dir='ltr' id='par_1_109' title="bbox 1912 5156 3501 5227">
     <span class='ocr_line' id='line_1_109' title="bbox 1912 5156 3501 5227; baseline -0.003 -12"><span class='ocrx_word' id='word_1_761' title='bbox 1912 5158 2151 5223; x_wconf 87' lang='lat' dir='ltr'><strong>crimini,</strong></span> <span class='ocrx_word' id='word_1_762' title='bbox 2192 5162 2337 5227; x_wconf 91' lang='lat' dir='ltr'><strong>quod</strong></span> <span class='ocrx_word' id='word_1_763' title='bbox 2375 5157 2539 5211; x_wconf 90' lang='lat' dir='ltr'><strong>nullis</strong></span> <span class='ocrx_word' id='word_1_764' title='bbox 2575 5159 2779 5211; x_wconf 90' lang='lat' dir='ltr'><strong>nostris</strong></span> <span class='ocrx_word' id='word_1_765' title='bbox 2810 5156 3123 5226; x_wconf 83' lang='lat' dir='ltr'><strong>indigeant?</strong></span> <span class='ocrx_word' id='word_1_766' title='bbox 3156 5171 3218 5210; x_wconf 85' lang='lat' dir='ltr'><strong>ac</strong></span> <span class='ocrx_word' id='word_1_767' title='bbox 3251 5157 3501 5210; x_wconf 89' lang='lat' dir='ltr'><strong>nolentes</strong></span> 
     </span>
    </p>
   </div>
   <div class='ocr_carea' id='block_1_110' title="bbox 1913 5249 3501 5320">
    <p class='ocr_par' dir='ltr' id='par_1_110' title="bbox 1913 5249 3501 5320">
     <span class='ocr_line' id='line_1_110' title="bbox 1913 5249 3501 5320; baseline -0.003 -15"><span class='ocrx_word' id='word_1_768' title='bbox 1913 5252 2154 5320; x_wconf 80' lang='lat' dir='ltr'><strong>quidem,</strong></span> <span class='ocrx_word' id='word_1_769' title='bbox 2189 5251 2469 5304; x_wconf 84' lang='lat' dir='ltr'><strong>innectere</strong></span> <span class='ocrx_word' id='word_1_770' title='bbox 2501 5250 2858 5315; x_wconf 84' lang='lat' dir='ltr'><strong>conabimur;</strong></span> <span class='ocrx_word' id='word_1_771' title='bbox 2908 5250 3081 5317; x_wconf 78' lang='lat' dir='ltr'><strong>siquis</strong></span> <span class='ocrx_word' id='word_1_772' title='bbox 3129 5260 3312 5301; x_wconf 86' lang='lat' dir='ltr'><strong>autem</strong></span> <span class='ocrx_word' id='word_1_773' title='bbox 3354 5249 3501 5301; x_wconf 89' lang='lat' dir='ltr'><strong>ultro</strong></span> 
     </span>
    </p>
   </div>
   <div class='ocr_carea' id='block_1_111' title="bbox 1912 5340 3499 5409">
    <p class='ocr_par' dir='ltr' id='par_1_111' title="bbox 1912 5340 3499 5409">
     <span class='ocr_line' id='line_1_111' title="bbox 1912 5340 3499 5409; baseline -0.002 -14"><span class='ocrx_word' id='word_1_774' title='bbox 1912 5344 2115 5406; x_wconf 82' lang='lat' dir='ltr'><strong>veniat,</strong></span> <span class='ocrx_word' id='word_1_775' title='bbox 2146 5352 2601 5406; x_wconf 89' lang='lat' dir='ltr'><strong>contemnemus;</strong></span> <span class='ocrx_word' id='word_1_776' title='bbox 2638 5356 2701 5395; x_wconf 88' lang='lat' dir='ltr'><strong>ac</strong></span> <span class='ocrx_word' id='word_1_777' title='bbox 2731 5341 2912 5395; x_wconf 89' lang='lat' dir='ltr'><strong>socios</strong></span> <span class='ocrx_word' id='word_1_778' title='bbox 2945 5340 3166 5409; x_wconf 90' lang='lat' dir='ltr'><strong>quidem</strong></span> <span class='ocrx_word' id='word_1_779' title='bbox 3198 5356 3322 5393; x_wconf 91' lang='lat' dir='ltr'><strong>eum</strong></span> <span class='ocrx_word' id='word_1_780' title='bbox 3366 5356 3499 5393; x_wconf 85' lang='lat' dir='ltr'><strong>nus-</strong></span> 
     </span>
    </p>
   </div>
   <div class='ocr_carea' id='block_1_112' title="bbox 1911 5431 3502 5501">
    <p class='ocr_par' dir='ltr' id='par_1_112' title="bbox 1911 5431 3502 5501">
     <span class='ocr_line' id='line_1_112' title="bbox 1911 5431 3502 5501; baseline -0.002 -17"><span class='ocrx_word' id='word_1_781' title='bbox 1911 5448 2071 5501; x_wconf 87' lang='lat' dir='ltr'><strong>quam</strong></span> <span class='ocrx_word' id='word_1_782' title='bbox 2124 5442 2405 5500; x_wconf 86' lang='lat' dir='ltr'><strong>apparent,</strong></span> <span class='ocrx_word' id='word_1_783' title='bbox 2460 5431 2935 5497; x_wconf 80' lang='lat' dir='ltr'><strong>desiderabimus;</strong></span> <span class='ocrx_word' id='word_1_784' title='bbox 2988 5440 3312 5499; x_wconf 86' lang='lat' dir='ltr'><strong>apparentes</strong></span> <span class='ocrx_word' id='word_1_785' title='bbox 3368 5446 3502 5482; x_wconf 79' lang='lat' dir='ltr'><strong>vero</strong></span> 
     </span>
    </p>
   </div>
   <div class='ocr_carea' id='block_1_113' title="bbox 1912 5520 3503 5591">
    <p class='ocr_par' dir='ltr' id='par_1_113' title="bbox 1912 5520 3503 5591">
     <span class='ocr_line' id='line_1_113' title="bbox 1912 5520 3503 5591; baseline -0.001 -18"><span class='ocrx_word' id='word_1_786' title='bbox 1912 5538 1975 5574; x_wconf 88' lang='lat' dir='ltr'><strong>ac</strong></span> <span class='ocrx_word' id='word_1_787' title='bbox 2007 5536 2128 5575; x_wconf 87' lang='lat' dir='ltr'><strong>cum</strong></span> <span class='ocrx_word' id='word_1_788' title='bbox 2165 5522 2433 5581; x_wconf 85' lang='lat' dir='ltr'><strong>videmus,</strong></span> <span class='ocrx_word' id='word_1_789' title='bbox 2467 5522 2838 5591; x_wconf 84' lang='lat' dir='ltr'><strong>negligemus;</strong></span> <span class='ocrx_word' id='word_1_790' title='bbox 2884 5520 3300 5574; x_wconf 86' lang='lat' dir='ltr'><strong>imminentibus</strong></span> <span class='ocrx_word' id='word_1_791' title='bbox 3347 5520 3503 5572; x_wconf 82' lang='lat' dir='ltr'><strong>deni-</strong></span> 
     </span>
    </p>
   </div>
   <div class='ocr_carea' id='block_1_114' title="bbox 1914 5612 3501 5683">
    <p class='ocr_par' dir='ltr' id='par_1_114' title="bbox 1914 5612 3501 5683">
     <span class='ocr_line' id='line_1_114' title="bbox 1914 5612 3501 5683; baseline -0.003 -14"><span class='ocrx_word' id='word_1_792' title='bbox 1914 5632 2019 5681; x_wconf 90' lang='lat' dir='ltr'><strong>que</strong></span> <span class='ocrx_word' id='word_1_793' title='bbox 2054 5615 2332 5683; x_wconf 81' lang='lat' dir='ltr'><strong>periculis,</strong></span> <span class='ocrx_word' id='word_1_794' title='bbox 2366 5615 2439 5667; x_wconf 92' lang='lat' dir='ltr'><strong>dii</strong></span> <span class='ocrx_word' id='word_1_795' title='bbox 2471 5615 2693 5682; x_wconf 80' lang='lat' dir='ltr'><strong>quidam</strong></span> <span class='ocrx_word' id='word_1_796' title='bbox 2736 5616 2895 5669; x_wconf 91' lang='lat' dir='ltr'><strong>nobis</strong></span> <span class='ocrx_word' id='word_1_797' title='bbox 2933 5615 3266 5673; x_wconf 86' lang='lat' dir='ltr'><strong>videbimur.</strong></span> <span class='ocrx_word' id='word_1_798' title='bbox 3306 5612 3501 5665; x_wconf 81' lang='lat' dir='ltr'><strong>ﬁxam-</strong></span> 
     </span>
    </p>
   </div>
   <div class='ocr_carea' id='block_1_115' title="bbox 1911 5702 3499 5779">
    <p class='ocr_par' dir='ltr' id='par_1_115' title="bbox 1911 5702 3499 5779">
     <span class='ocr_line' id='line_1_115' title="bbox 1911 5702 3499 5779; baseline -0.005 -17"><span class='ocrx_word' id='word_1_799' title='bbox 1911 5723 2020 5779; x_wconf 92' lang='lat' dir='ltr'><strong>que</strong></span> <span class='ocrx_word' id='word_1_800' title='bbox 2101 5707 2259 5761; x_wconf 90' lang='lat' dir='ltr'><strong>nobis</strong></span> <span class='ocrx_word' id='word_1_801' title='bbox 2338 5707 2699 5761; x_wconf 85' lang='lat' dir='ltr'><strong>immorta&#39;em</strong></span> <span class='ocrx_word' id='word_1_802' title='bbox 2763 5707 3078 5760; x_wconf 76' lang='lat' dir='ltr'><strong>felicitatem</strong></span> <span class='ocrx_word' id='word_1_803' title='bbox 3148 5702 3499 5774; x_wconf 80' lang='lat' dir='ltr'><strong>putabimus?</strong></span> 
     </span>
    </p>
   </div>
   <div class='ocr_carea' id='block_1_116' title="bbox 1912 5793 3497 5868">
    <p class='ocr_par' dir='ltr' id='par_1_116' title="bbox 1912 5793 3497 5868">
     <span class='ocr_line' id='line_1_116' title="bbox 1912 5793 3497 5868; baseline -0.004 -15"><span class='ocrx_word' id='word_1_804' title='bbox 1912 5800 2098 5868; x_wconf 79' lang='lat' dir='ltr'><strong>Atqui,</strong></span> <span class='ocrx_word' id='word_1_805' title='bbox 2149 5808 2207 5853; x_wconf 93' lang='lat' dir='ltr'><strong>ut</strong></span> <span class='ocrx_word' id='word_1_806' title='bbox 2263 5800 2485 5867; x_wconf 90' lang='lat' dir='ltr'><strong>quidem</strong></span> <span class='ocrx_word' id='word_1_807' title='bbox 2541 5798 2672 5851; x_wconf 91' lang='lat' dir='ltr'><strong>nihil</strong></span> <span class='ocrx_word' id='word_1_808' title='bbox 2730 5799 2795 5851; x_wconf 80' lang='lat' dir='ltr'><strong>ab</strong></span> <span class='ocrx_word' id='word_1_809' title='bbox 2851 5798 2933 5851; x_wconf 87' lang='lat' dir='ltr'><strong>eis</strong></span> <span class='ocrx_word' id='word_1_810' title='bbox 2982 5796 3107 5850; x_wconf 89' lang='lat' dir='ltr'><strong>mali</strong></span> <span class='ocrx_word' id='word_1_811' title='bbox 3170 5810 3233 5849; x_wconf 91' lang='lat' dir='ltr'><strong>ac</strong></span> <span class='ocrx_word' id='word_1_812' title='bbox 3281 5793 3497 5863; x_wconf 71' lang='lat' dir='ltr'><strong>injurim</strong></span> 
     </span>
    </p>
   </div>
   <div class='ocr_carea' id='block_1_117' title="bbox 1914 5884 3495 5961">
    <p class='ocr_par' dir='ltr' id='par_1_117' title="bbox 1914 5884 3495 5961">
     <span class='ocr_line' id='line_1_117' title="bbox 1914 5884 3495 5961; baseline -0.007 -13"><span class='ocrx_word' id='word_1_813' title='bbox 1914 5892 2339 5961; x_wconf 77' lang='lat' dir='ltr'><strong>exspectandum</strong></span> <span class='ocrx_word' id='word_1_814' title='bbox 2374 5894 2464 5955; x_wconf 88' lang='lat' dir='ltr'><strong>sit,</strong></span> <span class='ocrx_word' id='word_1_815' title='bbox 2506 5889 2783 5960; x_wconf 84' lang='lat' dir='ltr'><strong>quomodo</strong></span> <span class='ocrx_word' id='word_1_816' title='bbox 2820 5905 2926 5945; x_wconf 89' lang='lat' dir='ltr'><strong>non</strong></span> <span class='ocrx_word' id='word_1_817' title='bbox 2980 5890 3288 5959; x_wconf 88' lang='lat' dir='ltr'><strong>importuna</strong></span> <span class='ocrx_word' id='word_1_818' title='bbox 3334 5884 3495 5940; x_wconf 88' lang='lat' dir='ltr'><strong>nobis</strong></span> 
     </span>
    </p>
   </div>
  </div>
