4198 6440
759 398 865 459 387

2039 409 2416 468 ΒῖἱΜΕῚΊὶΗ
2461 411 2769 470 CYDONII

3926 426 4030 487 988

760 511 846 566 ειμι
877 512 1119 569 θττυιῖοῗ
1167 513 1250 570 sin
1307 516 1572 569 nialcrum
1612 536 1672 570 su
1710 519 1852 588 picio
1906 538 2004 574 nos
2051 537 2113 574 eo
2165 521 2338 584 ducit.

2455 515 2530 572 ὧν
2570 523 2778 575 δέδοικε
2824 524 3010 593 χείρω.
3063 526 3336 597 Ἰσχυρούς
3374 547 3539 599 φησιν
3591 528 3733 585 εἶναι
3775 535 3903 596 τοὺς
3953 538 4009 587 ἐλ

760 605 903 657 dicat
934 604 1059 672 quis
1089 616 1312 668 metum,
1346 610 1500 677 cujus
1531 627 1687 665 causa
1721 631 1824 665 non
1859 617 2064 677 timeat,
2097 617 2163 668 iis
2192 618 2333 670 dete-

761 694 925 756 riora,
963 712 1084 764 quze
1137 690 1310 752 timet.
1347 699 1540 754 Fortes
1589 704 1738 756 aiunt
1767 720 1908 768 esse,
1948 708 2039 775 qui
2083 707 2213 760 socii
2251 724 2340 762 ve—

762 785 942 848 niunt,
993 802 1054 838 ae
1097 805 1330 856 quorum
1375 795 1633 846 oumilms
1667 799 2005 860 generositas
2055 815 2119 852 ac
2161 801 2338 856 virtus

759 887 885 929 nota
917 878 986 930 sit
1015 896 1028 931 :
1067 880 1213 934 velut
1244 883 1366 936 data
1393 901 1556 952 opera
1587 888 1920 944 inﬁrmiores
1947 893 2119 958 eligen
2145 893 2178 946 li
2205 895 2335 959 sint,

756 969 841 1021 vel
879 969 1096 1023 timidos
1128 989 1250 1027 ese
1300 987 1551 1045 oporteat
1595 994 1688 1034 eos
1724 984 1813 1049 qui
1866 995 1993 1037 sunt
2033 1002 2131 1054 pro
2181 988 2338 1043 nobis

759 1056 811 1108 in
842 1069 1118 1114 Certamen
1183 1067 1418 1119 Venturi.
1455 1068 1521 1122 Ut
1563 1071 1710 1124 enim
1741 1073 1841 1128 hoc
1874 1077 2008 1130 satis
2053 1078 2147 1143 sit,
2172 1094 2337 1147 opor-

764 1155 981 1218 teatque
1019 1155 1422 1211 commilitones
1456 1174 1519 1213 ac
1550 1162 1730 1216 socios
1762 1164 1980 1219 timidos
2015 1183 2136 1222 esse
2171 1182 2336 1240 atque

760 1238 1083 1307 imbecilles,
1115 1247 1307 1312 quidni
1343 1264 1408 1303 ex
1461 1236 1614 1306 liisee
1659 1256 2002 1310 coturnicum
2044 1260 2334 1323 altoribus.

763 1329 1314 1406 lmlneatoribusque,
1388 1356 1452 1394 ac
1518 1346 1869 1409 tonsoribus,
1933 1355 2338 1422 conscripsistis

760 1425 1082 1488 exercitum,
1112 1428 1292 1498 iisque
1318 1435 1492 1502 copiis
1519 1437 1584 1488 ad
1627 1437 1826 1492 bellum
1862 1457 1958 1496 vos
1998 1457 2121 1498 eum
2154 1446 2337 1500 fortis-

761 1514 916 1568 simis
949 1517 1306 1584 instruxistis,
1356 1542 1418 1580 ac
1469 1543 1566 1595 per
1605 1545 1699 1584 eos
1743 1537 2097 1589 asserendam
2149 1543 2336 1607 patriae

761 1606 1065 1662 libertatem
1101 1613 1486 1670 existimastis?
1523 1619 1617 1672 Sin
1665 1634 1848 1678 autem
1895 1628 2069 1680 aliena
2105 1630 2219 1684 iure
2267 1633 2336 1686 ab

761 1700 910 1751 omni
946 1703 1174 1763 ratione.
1206 1722 1272 1758 ne
1312 1708 1587 1763 sociorum
1621 1717 1842 1781 quidem
1885 1734 2010 1786 spes
2061 1723 2216 1777 nobis
2245 1739 2338 1778 su-

760 1801 942 1852 specta
971 1796 1058 1847 sit.
1105 1796 1275 1851 Porro
1307 1800 1483 1857 libens
1515 1807 1780 1862 dicentem
1807 1815 2098 1877 quemdam
2127 1821 2332 1886 autivi,

759 1880 902 1934 haud
941 1885 1112 1941 videri
1147 1898 1346 1956 tutum,
1382 1905 1438 1946 ut
1478 1896 1632 1952 nobis
1677 1898 1996 1958 fortioribus
2022 1908 2185 1961 sociis
2217 1920 2338 1963 uta-

761 1987 904 2035 mur.
960 1979 1062 2030 nisi
1119 1981 1303 2035 hostes
1357 1983 1606 2043 hostibus
1661 2004 2002 2050 commutare
2057 1999 2336 2057 velimus:

757 2082 897 2132 quos
925 2072 1183 2138 patimur,
1220 2075 1410 2130 iisdem
1455 2084 1813 2138 successuris.
1845 2085 1987 2142 Sane
2029 2107 2176 2156 vero,
2210 2095 2338 2148 sub-

761 2158 852 2210 tle
895 2159 996 2213 hoc
1047 2179 1228 2217 rerum
1261 2183 1512 2235 examen,
1548 2188 1736 2226 eorum
1770 2176 1912 2240 dico,
1948 2181 2038 2247 qui
2063 2183 2172 2251 jam
2211 2183 2336 2238 boni

759 2250 962 2319 aliquit
1017 2270 1254 2323 Sperent,
1312 2277 1416 2314 non
1468 2279 1658 2319 eorum
1709 2270 1801 2337 qui
1858 2273 2060 2328 redacti
2107 2277 2217 2330 sint
2271 2280 2337 2334 ad

757 2353 1034 2400 extremas
1086 2353 1383 2417 angustias,
1433 2358 1624 2422 quales
1673 2376 1773 2412 nos
1828 2363 2062 2433 quisque
2111 2368 2335 2424 dixerit.

758 2431 827 2485 lis
858 2435 1004 2488 enim
1055 2439 1148 2507 qui
1196 2441 1301 2496 huc
1337 2443 1564 2500 fortuna:
1605 2462 1892 2520 venerunt,
1941 2456 2044 2512 hoc
2088 2470 2339 2529 superest

759 2535 817 2576 ut
842 2540 1152 2594 supremam
1189 2540 1450 2589 tesseram
1485 2539 1708 2606 jaeiant.

829 2616 1125 2674 Enimvero
1151 2625 1273 2692 quis
1297 2631 1583 2683 consilium
1611 2634 1714 2688 hoc
1740 2651 1846 2689 non
1866 2639 2136 2708 aanigmati
2159 2644 2338 2702 simile

757 2709 996 2765 tillCl'il?
1025 2715 1078 2768 Si
1110 2719 1330 2784 quidem
1363 2725 1508 2778 enim
1537 2725 1623 2790 iis,
1655 2732 1855 2797 quibus
1890 2743 2148 2804 tanquam
2180 2741 2339 2796 nobis

761 2802 1220 2864 imbecillioribus
1271 2828 1463 2868 sumus
1515 2819 1685 2882 usuri,
1739 2825 2004 2879 adversus
2060 2844 2156 2883 eos
2211 2831 2337 2886 belli

758 2895 1026 2950 incumbit
1079 2901 1270 2964 moles.
1321 2901 1412 2971 qui
1467 2898 1565 2961 nos
1618 2914 1754 2966 adeo
1801 2917 2010 2973 viribus
2056 2935 2336 2992 superant,

758 2987 1036 3052 quomodo
1067 3005 1173 3044 non
1208 2993 1260 3046 id
1285 2997 1500 3062 accidit,
1526 3003 1671 3068 quod
1699 3003 1844 3060 dixi?
1877 3009 2132 3066 nimirum
2160 3015 2340 3074 simile

758 3077 1061 3146 quidpiam,
1093 3097 1157 3136 ac
1206 3085 1248 3137 si
1281 3088 1405 3154 quis
1444 3090 1653 3146 minora
1690 3097 2020 3164 minoribus,
2051 3107 2243 3172 primis
2276 3126 2340 3165 ac

2443 612 2636 675 Οόντας
2667 616 3012 685 συμμάχους,
3050 619 3139 670 καὶ
3170 620 3374 687 πολλὴν
3401 622 3626 692 ἀνδρίαν
3672 625 3860 687 αὐτοῖς
3891 626 4028 678 πάνυ

2443 722 2533 767 τες
2566 708 2886 761 συνίσασιν·
2929 710 3121 778 ὥσπερ
3167 713 3483 783 ἐξεπίτηδες
3528 719 3655 780 τοὺς
3697 719 4028 771 ἀσθενεστά-

2439 814 2566 859 τους
2599 799 2719 852 δέον
2749 801 3048 872 αἱρεῖσθαι,
3077 805 3107 873 ἢ
3143 806 3352 868 δειλοὺς
3375 804 3516 862 εἶναι
3549 812 3672 873 τοὺς
3701 813 3844 880 ὑπὲρ
3870 813 4028 880 ἡμῶν

2440 890 2903 960 ἀγωνιουμένους.
2934 895 2994 948 Εἰ
3031 898 3140 966 γὰρ
3185 899 3329 952 τοῦτ’
3362 903 3545 971 ἀρκεῖ,
3575 905 3669 956 καὶ
3707 907 3793 956 δεῖ
3820 906 4024 958 δειλίαν

2441 980 2538 1032 καὶ
2578 982 2866 1036 ἀσθένειαν
2892 990 3180 1052 προσεῖναι
3214 993 3328 1052 τοῖς
3359 993 3653 1062 ἡμετέροις
3685 997 4022 1063 συμμάχοις,

2440 1073 2536 1124 τοῦ
2563 1076 2726 1142 χάριν
2759 1077 2834 1147 μὴ
2869 1078 2993 1140 τοὺς
3015 1080 3458 1152 ὀρτυγοτρόφους
3491 1088 3742 1150 τούτους,
3773 1087 3873 1141 καὶ
3904 1092 4028 1152 τοὺς

2439 1164 2535 1216 ἐπὶ
2562 1167 2670 1218 τῶν
2702 1167 3001 1237 βαλανείων
3049 1175 3144 1226 καὶ
3192 1176 3302 1226 τῶν
3349 1178 3611 1246 κουρείων
3638 1179 4028 1245 ἀθροίσαντες,

2444 1259 2761 1328 στράτευμα
2795 1264 3146 1330 κατελέξατε,
3182 1270 3277 1324 καὶ
3302 1273 3438 1337 μετὰ
3467 1271 3672 1322 τούτων
3705 1274 3826 1323 τοῖς
3854 1275 4004 1341 ἐῤῥω

2443 1351 2798 1414 μενεστάτοις
2834 1355 3092 1424 πολεμεῖν
3146 1358 3586 1426 παρεσκεύασθε,
3627 1363 3722 1413 καὶ
3767 1362 3863 1413 διὰ
3913 1363 4030 1414 τοὺ-

2438 1457 2546 1491 των
2578 1441 2902 1510 ἐλευθεροῦν
2933 1446 3210 1510 ἐγνώκατε
3250 1449 3347 1519 τὴν
3371 1452 3644 1521 πατρίδας
3677 1453 3741 1506 ΕΞ
3764 1454 3822 1506 δὲ
3858 1456 4030 1508 ταῦτα

2441 1533 2592 1600 παρὰ
2621 1535 2826 1596 πάντας
2854 1536 2969 1588 ἐστὶ
3007 1539 3136 1599 τοὺς
3165 1541 3486 1611 λογισμοὺς,
3523 1543 3648 1612 μηδ’
3677 1546 3710 1613 ὴ
3740 1547 3856 1598 τῶν
3893 1565 4029 1617 συμ-

2443 1623 2631 1691 μάχων
2673 1625 2828 1688 ἐλπὶς
2863 1628 2996 1695 ἡμῖν
3029 1626 3275 1694 ὕποπτος
3317 1632 3481 1686 ἔστω.
3507 1635 3714 1705 Χάριεν
3745 1637 3793 1688 δ’
3823 1637 3852 1689 ὅ
3883 1655 4025 1699 τινος

2440 1716 2651 1781 ἥκουσα
2683 1717 2957 1784 λέγοντος,
3010 1723 3086 1786 ὡς
3113 1725 3215 1776 οὐκ
3267 1727 3511 1794 ἀσφαλὲς
3549 1730 3939 1798 ἰσχυροτέροις
3975 1733 4025 1798 ἡ·

2371 1858 2410 1914 Β
2444 1807 2562 1874 μὼν
2589 1809 2826 1877 χρῆσθαι
2871 1818 3204 1884 συμμάχοις,
3251 1819 3301 1870 εί
3352 1811 3427 1888 μὴ
3463 1820 3758 1889 μέλλοιμεν
3792 1822 4027 1890 ὲχΘροὶυς

2444 1899 2658 1968 ἐχθροῖς
2689 1901 3070 1969 ἀλλάττεσθαι,
3100 1908 3207 1961 τῶν
3230 1909 3398 1962 ὄντων
3422 1912 3549 1973 τοὺς
3579 1913 3867 1976 ἐπιόντας.
3886 1915 4026 1980 Ἐγὼ

2441 1993 2495 2045 δξ
2527 1995 2701 2048 ταῦτα
2738 1999 2836 2064 μὲν
2875 2000 3352 2069 ἀκριϐολογεῖσθαι
3383 2007 3489 2058 τῶν
3520 2006 3620 2074 ἤδη
3643 2026 3689 2060 τι
3722 2009 3819 2059 καὶ
3857 2025 4029 2075 προσ-

2440 2089 2724 2141 δοκώντων
2781 2093 3015 2162 χρηστὸν
3050 2091 3189 2147 εἶναι
3224 2099 3388 2166 φημὶ,
3420 2098 3480 2150 οὐ
3503 2099 3609 2149 τῶν
3641 2101 3721 2162 εἰς
3755 2103 3868 2153 πᾶν
3893 2103 4023 2152 ἀπο·

2443 2179 2564 2247 ρέας
2606 2182 2870 2250 ἡκόντων,
2908 2185 3051 2246 οἴους
3088 2186 3234 2253 ἡμᾶς
3277 2188 3383 2248 πᾶς
3427 2205 3510 2250 τις
3559 2189 3625 2240 ἂν
3661 2190 3835 2242 εἴποι.
3904 2194 4024 2253 Τοῖς

2441 2273 2551 2342 γὰρ
2583 2275 2818 2328 ἐνταῦθα
2849 2278 3046 2346 ἥκουσι
3069 2279 3237 2348 τύχης
3269 2280 3363 2333 καὶ
3391 2280 3482 2332 τὸν
3529 2282 3763 2351 ἔσχατον
3799 2283 4024 2352 ἀναρρί-

2441 2382 2601 2419 πτειν
2630 2366 2796 2419 κύϐον
2827 2368 3036 2422 λοιπόν.

2525 2639 2686 2693 Ἀλλὰ
2717 2638 2824 2708 μὴν
2875 2639 2925 2691 τί
2969 2655 3055 2701 τις
3094 2638 3163 2692 ἂν
3202 2639 3357 2704 λέγοι
3385 2639 3667 2710 διαφέρειν
3694 2643 4027 2710 αἰνίγματος

2441 2731 2650 2800 ταύτην
2682 2732 2781 2802 τὴν
2813 2732 3162 2800 συμϐουλήνς
3197 2733 3257 2784 Εἰ
3299 2732 3404 2802 γὰρ
3433 2728 3514 2795 οἷς
3545 2733 3621 2794 ὡς
3651 2735 3815 2802 ἡμῶν
3865 2738 4028 2788 ἀσθε-

2443 2825 2717 2895 νεστέροις
2747 2824 3083 2894 χρησόμεθα,
3113 2817 3257 2877 οὗτοι
3286 2825 3416 2894 πρξς
3441 2826 3562 2888 τοὺς
3593 2826 3854 2878 τοσοῦτον
3883 2829 4004 2894 ίσχυ

2446 2918 2702 2988 ροτέρους
2734 2918 2892 2988 ἡμῶν
2942 2917 3369 2986 παρατάξονται,
3397 2908 3528 3009 (ira);
3562 2919 3662 2986 οὐχ
3711 2921 3856 2985 ὅπερ
3889 2922 4028 2987 ἔφην

2444 3009 2772 3078 συμϐαίνεις
2811 3011 3194 3079 παραπλήσιον
3250 3010 3441 3080 ὥσπερ
3479 3011 3547 3063 ἂν
3598 3014 3652 3064 εἴ
3686 3029 3772 3074 τις
3807 3013 3878 3065 τὰ
3919 3014 4024 3066 τῶν

2443 3101 2744 3154 ἐλαττόνων
2772 3103 2980 3154 ἐλάττω
3011 3103 3184 3171 μείζω
3211 3104 3320 3156 τῶν
3349 3104 3586 3174 ἐξαρχῆς
3611 3103 3791 3173 ἀξιοίη
3822 3106 4023 3158 δοκεῖν.

759 3187 787 3222 a
833 3171 1105 3242 princlp'o
1150 3180 1355 3248 majora
1407 3183 1576 3236 videri
1624 3189 1768 3241 velit.
1807 3191 1860 3244 ld
1910 3196 2193 3253 enimvero
2241 3218 2338 3259 nec

2458 3193 2616 3246 Ἀλλὰ
2651 3191 2809 3244 τοῦτο
2851 3193 2948 3262 μὲν
2982 3193 3106 3246 οὔτε
3147 3195 3247 3260 τὴν
3303 3195 3414 3248 τῶν
3445 3171 3740 3266 βαρϐάρων
3781 3171 4028 3266 δύναμιν

759 3276 952 3315 eorum
1002 3277 1086 3319 est
1135 3270 1226 3337 qui
1277 3271 1640 3333 Barbarorum
1693 3289 1991 3351 potentiam
2040 3304 2339 3361 spectatam

763 3351 1018 3418 habeant,
1037 3357 1303 3416 adversus
1326 3379 1489 3432 quam
1516 3369 1826 3441 indigemus
1855 3381 2129 3436 sociorum
2153 3401 2338 3456 opera,

763 3461 864 3498 nec
900 3451 992 3516 qui
1043 3461 1306 3518 nostram,
1341 3465 1399 3509 ut
1430 3459 1510 3513 sic
1555 3463 1704 3532 loqui
1753 3467 1933 3538 liceat,
1961 3475 2162 3532 virium
2195 3482 2344 3537 defe-

759 3537 1021 3606 ctionem,
1057 3559 1218 3610 quam
1248 3559 1496 3615 Oporteat
1529 3553 1857 3614 instaurare.
1900 3564 1957 3618 Si
1985 3569 2110 3635 quis
2141 3573 2342 3630 nihilo-

761 3630 946 3684 minus
977 3633 1119 3700 ipsas
1145 3650 1230 3689 res
1259 3637 1311 3689 in
1344 3641 1634 3698 consilium
1669 3649 1796 3702 velit
1825 3630 2106 3722 adhibere,
2130 3662 2342 3720 desinet

760 3735 822 3774 ea
859 3739 1102 3779 metuere
1129 3743 1249 3797 quae
1299 3741 1502 3785 metum
1539 3752 1644 3790 non
1694 3739 1916 3808 habent,
1960 3764 2060 3803 nec
2098 3756 2292 3810 decent
2323 3775 2337 3812 :

759 3829 826 3867 ac
857 3831 1088 3872 securus
1121 3822 1402 3877 consistet.
1437 3827 1702 3896 Equidem
1734 3845 1792 3887 ut
1821 3843 2072 3904 pecuniis
2105 3852 2342 3914 promis-

762 3906 859 3971 sis,
899 3907 1151 3979 lucrique
1187 3914 1486 3981 cupiditate
1527 3936 1719 3977 eorum
1753 3931 2069 3988 attollentes
2104 3906 2338 4006 animos,

761 3998 816 4053 ia
863 4000 988 4054 belli
1037 4005 1353 4061 societatem
1400 4012 1774 4081 traxissemus,
1821 4019 1928 4073 diei
1979 4038 2183 4092 posset,
2225 4033 2340 4087 fore

763 4105 870 4145 non
922 4105 1207 4148 contentos
1255 4101 1747 4169 minoribus,cum
1799 4111 1952 4178 plura
2019 4117 2340 4178 lucrifacere

761 4195 984 4252 possent
1019 4204 1032 4239 :
1068 4189 1149 4241 sin
1203 4205 1330 4245 vero
1379 4195 1518 4246 adeo
1563 4197 1632 4250 ab
1685 4199 1753 4254 iis
1797 4203 1996 4258 distant
2046 4209 2138 4277 qui
2181 4213 2340 4268 malis

762 4275 931 4330 lueris
969 4294 1080 4331 rem
1117 4297 1315 4344 augere
1347 4288 1586 4352 student,
1619 4300 1678 4344 ut
1719 4308 1817 4346 nec
1860 4296 2156 4354 inunensos
2179 4317 2338 4356 vere-

763 4379 926 4421 antur
954 4383 1224 4440 sumptus.
1259 4375 1567 4446 horumque
1614 4385 1902 4452 perspicue
1952 4387 2342 4447 insensibilita-

766 4470 872 4513 tem
924 4476 1215 4528 accusent;
1272 4469 1542 4537 siquidem
1597 4474 1782 4527 nullus
1838 4478 1920 4531 eis
1978 4481 2336 4538 maximarum

763 4567 1130 4620 expensarum
1171 4557 1316 4618 linis.
1357 4563 1634 4628 quomodo
1665 4582 1771 4618 non
1805 4583 1832 4619 a
1869 4583 2033 4624 sensu
2080 4573 2340 4631 abhorret

767 4655 828 4698 ut
861 4647 1072 4700 minora
1115 4651 1372 4714 periculis
1410 4657 1700 4723 ceitjuneta
1725 4661 2030 4727 obtineant,
2065 4667 2216 4732 plura
2246 4684 2339 4723 eos

765 4752 830 4789 ac
869 4739 1075 4806 m..jora
1107 4742 1464 4808 profundere,
1498 4763 1620 4814 qua:
1651 4752 1868 4806 nemine
1898 4753 2200 4811 lacessente
2245 4774 2340 4814 ne-

765 4829 974 4896 gotium
1006 4847 1103 4885 sua
1132 4835 1484 4900 pessideant?
1516 4838 1649 4892 Nam
1685 4843 1875 4911 liquet,
1910 4847 1990 4900 vel
2019 4847 2064 4901 si
2095 4864 2194 4902 nos
2234 4851 2337 4919 ipsi

769 4928 1018 4980 mercede
1046 4927 1417 4990 redderemus.
1446 4947 1513 4986 ne
1537 4944 1742 5002 partem
1774 4938 1996 5004 quidem
2019 4955 2337 5010 sumptuum

768 5019 960 5074 classis
985 5031 1320 5089 reet-plures.
1347 5025 1463 5078 Non
1483 5043 1614 5095 ergo
1639 5031 1782 5098 quod
1813 5033 2139 5099 prudentum
2164 5037 2254 5100 sit,
2277 5055 2340 5092 ac

769 5113 955 5166 nescio
971 5129 1332 5181 quorumnam
1368 5123 1734 5185 praestiterunt
1759 5140 1920 5192 opus,
1942 5135 1999 5178 ιιι
2016 5141 2137 5180 cum
2157 5129 2338 5196 quiete

770 5209 922 5274 plura
953 5209 1220 5265 haberent
1245 5212 1434 5266 labore
1465 5221 1869 5286 comparandis.
1909 5225 2068 5277 anxie
2100 5234 2342 5290 postmo-

769 5299 898 5352 dum
931 5316 994 5354 ea
1027 5304 1361 5370 quatsierint.
1395 5307 1490 5361 Sin
1535 5311 1660 5377 quis
1695 5311 1986 5380 imperare,
2022 5331 2184 5383 quam
2220 5331 2340 5371 esse

770 5394 1018 5457 divitem,
1053 5398 1416 5464 praestabilius
1448 5416 1512 5453 ae
1559 5405 1844 5470 augustius
1891 5416 2061 5474 putet,
2108 5424 2340 5475 eamque

772 5486 881 5539 illis
932 5487 1078 5542 dicat
1113 5504 1362 5555 Causnm,
1423 5506 1479 5546 ut
1538 5496 1701 5548 nullis
1755 5510 1980 5563 parcant
2033 5500 2337 5566 expulsis:

772 5579 892 5646 ipse
935 5579 1098 5634 etiam
1144 5583 1380 5637 hominis
1423 5586 1634 5639 ratione
1692 5588 1899 5657 agentis
1949 5589 2340 5659 prudentiaque

773 5671 1040 5725 rationem
1091 5688 1210 5726 eam
1243 5675 1574 5732 admiserim.
1623 5678 1840 5732 Etenim
1875 5690 2064 5733 nostro
2113 5682 2341 5750 imperio

775 5763 911 5816 nihil
937 5766 1222 5833 augustius
1257 5767 1374 5821 fuit.
1405 5771 1482 5823 Ac
1507 5787 1658 5833 vero,
1693 5784 1751 5824 ut
1781 5773 1904 5839 quis
1933 5773 2176 5826 virorum
2221 5784 2339 5827 stn-

772 5857 922 5908 dium
957 5873 1117 5911 omne
1166 5861 1481 5915 ambitionis
1521 5864 1681 5920 iilt‘lli.
1724 5865 2140 5932 haudquaquam
2186 5882 2336 5919 crra~

2368 4524 2417 4584 D

2445 3285 2878 3355 ἐπεσκεμμένων
2913 3286 3050 3349 ἐστὶ,
3085 3285 3219 3356 πρὸς
3251 3287 3318 3357 ἦν
3362 3286 3442 3338 δεῖ
3469 3287 3576 3340 τῶν
3614 3290 3932 3359 συμμάχων
3968 3292 4028 3359 ᾐ-

2446 3379 2560 3447 μῖν,
2591 3377 2715 3430 οῦτε
2747 3379 2847 3448 τὴν
2879 3381 3157 3448 ἡμετέραν
3188 3380 3426 3444 ἔκλυσιν,
3453 3383 3501 3433 εί
3535 3381 3616 3432 δεῖ
3648 3383 3794 3434 τοῦτ’
3822 3386 4027 3442 εἰπεῖν,

2443 3469 2512 3540 ἢν
2550 3470 2968 3540 ἀνακτήσασθαι
2998 3471 3096 3526 δεῖ.
3130 3471 3321 3540 Ὅμως
3357 3474 3408 3525 εῖ
3439 3489 3525 3535 τις
3555 3475 3668 3536 τοῖς
3698 3476 4029 3544 πράγμασιν

2443 3563 2626 3624 αὐτοῖς
2653 3563 2833 3634 ἀξιοίη
2860 3564 3094 3633 χρῆσθαι
3122 3564 3473 3633 συμϐούλοις,
3500 3567 3772 3618 παύσεται
3800 3570 3872 3620 τὰ
3897 3569 4032 3622 ἀδεᾶ.

2443 3656 2632 3717 δεδιὼς
2687 3658 2779 3709 καὶ
2843 3656 2938 3708 τοῦ
2993 3657 3366 3726 προσήκοντος
3419 3656 3522 3721 ἔξω
3569 3659 3669 3725 τῆς
3711 3660 4028 3726 ἀσφαλείας

2445 3747 2723 3816 ἐχόμενος.
2766 3746 2828 3800 Εί
2863 3747 2962 3815 μὲν
2989 3745 3098 3816 γὰρ
3134 3747 3380 3817 χρήματ’
3407 3748 3592 3810 αὐτοῖς
3625 3750 4024 3818 ὑποσχόμενοι,

2448 3839 2539 3892 καὶ
2565 3841 2628 3908 τῇ
2661 3837 2757 3890 τοῦ
2789 3838 3014 3906 κέρδους
3048 3839 3316 3911 ἐπιθυμίᾳ
3366 3841 3465 3904 τὰς
3505 3843 3729 3913 γνώμας
3779 3845 4029 3914 ἐπάραν-

2443 3947 2557 3992 τες,
2592 3930 2685 3981 ἐπὶ
2721 3930 2783 3982 τὸ
2832 3932 3146 4000 συμμαχεῖν
3190 3934 3580 4002 ἐφειλκόμεθα,
3616 3932 3686 4006 ἦν
3718 3934 3785 3989 ἂν
3834 3935 4029 4002 λέγειν

2443 4023 2517 4084 ὼς
2577 4022 2677 4074 οὐκ
2709 4022 3140 4092 ἀρκεσθήσονται
3175 4025 3288 4086 τοῖς
3347 4024 3652 4090 ἐλάττοσιν,
3683 4025 3806 4088 ἐξὸν
3848 4027 4029 4083 πλείω

2444 4113 2753 4183 κερδαίνειν
2771 4127 2786 4142 ο
2817 4115 2866 4166 εί
2889 4113 2946 4166 δὲ
2969 4114 3180 4167 τοσοῦτ’
3206 4114 3475 4181 ἀνομοίως
3505 4118 3629 4186 ἔχου
3641 4134 3694 4169 σι
3729 4117 3872 4186 πρὸς
3893 4126 4026 4183 τοὺς

2445 4205 2791 4258 πλεονεκτεῖν
2829 4203 3211 4274 βουλομένους,
3245 4205 3373 4259 ὥστ’
3410 4209 3551 4260 εἰσὶν
3577 4211 3625 4260 οἱ
3658 4210 3757 4280 τὴν
3787 4213 4027 4284 ἄπειρον

2441 4297 2686 4367 δαπάνην
2726 4297 3066 4361 κακίζοντες,
3105 4299 3199 4350 καὶ
3231 4299 3376 4367 σαφῆ
3408 4300 3617 4352 τούτων
3649 4303 4032 4371 κατηγοροῦν-

2441 4405 2534 4450 τες
2587 4388 2687 4456 τὴν
2734 4387 3189 4456 ἀναισθησίαν,εί
3230 4389 3420 4457 μηδεὶς
3465 4390 3650 4453 αὐτοῖς
3697 4393 3847 4444 ἐστιν
3900 4394 4027 4463 ὅρος

2443 4483 2554 4535 τῶν
2603 4482 2852 4550 ἀκαίρων
2889 4481 3304 4549 ἀναλωμάτων·
3363 4481 3480 4543 πῶς
3527 4484 3626 4536 οὐκ
3687 4483 4027 4553 ἀναίσθητον

2443 4575 2582 4644 ὑπὲρ
2611 4573 2705 4626 τοῦ
2732 4572 2842 4625 τῶν
2868 4572 3170 4626 ἐλαττόνων
3202 4573 3344 4640 μστά
3374 4571 3484 4624 τῶν
3524 4573 3792 4625 κινδύνων
3835 4578 4028 4643 τυχεῖν

2440 4664 2510 4717 τὰ
2546 4663 2714 4717 πλείω
2746 4667 2914 4733 χωρὶς
2970 4664 3315 4732 πραγμάτων
3353 4665 3672 4734 «pateﬁat;
3709 4665 3890 4734 Δῆλον
3919 4671 4028 4736 γὰρ

2440 4757 2515 4819 ὡς
2548 4756 2658 4809 οὐδ’
2686 4756 2775 4820 ἂν,
2810 4757 2961 4826 ἡμᾶς
2993 4757 3344 4823 ἀποδόμενοι,
3380 4757 3545 4825 μέρος
3594 4755 3776 4826 ἔχοιεν
3805 4759 3920 4810 τῶν
3949 4763 4028 4822 εἰς

2440 4849 2532 4900 τὸν
2563 4847 2860 4901 ἀπόστολον
2892 4849 3080 4900 τοῦτον
3106 4848 3496 4918 ἀνηλωμένων.
3549 4850 3623 4902 Οὐ
3665 4851 3856 4903 τοίνυν
3901 4855 4025 4906 νοῦν

2442 4941 2673 5009 ἐχόντων
2699 4979 2714 5003 ,
2745 4939 2860 4992 ἀλλ’
2899 4939 2998 4991 οὐκ
3030 4935 3124 4994 οἷδ’
3166 4941 3306 4992 ὅτων
3339 4941 3502 5008 ἔργον
3534 4937 3643 4993 εἷεν
3677 4942 3743 4994 ἂν
3800 4946 4028 5012 εἰργασ-

2446 5034 2702 5103 μένοικεὶ
2729 5026 2803 5084 ὧν
2844 5032 2950 5084 ἔδει
2987 5034 3085 5084 σὺν
3119 5032 3266 5102 πόνῳ
3309 5033 3643 5100 κτήσασθαι,
3675 5032 3856 5087 πλεξω
3907 5036 4026 5103 μεῖν

2443 5095 2673 5190 ἦσυχίές
2715 5120 2948 5190 ἔχοντες,
2981 5116 3098 5174 εἶτα
3141 5095 3601 5191 περιεργάσαντο.
3645 5120 3705 5172 Εἰ
3739 5121 3804 5172 δέ
3851 5095 3936 5184 τις
3967 5125 4026 5174 τὸ

2441 5215 2632 5285 ἄρχειν
2699 5214 2793 5268 τοῦ
2840 5215 3094 5267 πλουτεῖν
3147 5213 3473 5283 σεμνότερον
3511 5213 3704 5276 οἴεται,
3747 5217 3850 5265 xa‘.
3878 5215 4023 5266 τοῦτ’

2443 5309 2626 5370 αὐτοῖς
2659 5307 2834 5361 αἴτιον
2869 5304 3008 5360 εἶναι
3042 5305 3210 5373 λέγοι,
3256 5307 3350 5358 καὶ
3387 5303 3747 5372 φειδομένους
3806 5307 4022 5368 οὐὴνδς

2443 5403 2782 5464 ἀναλίσκειν,
2817 5398 2940 5451 νοῦν
2971 5400 3070 5466 μὲν
3109 5394 3324 5467 ἐχὸντος
3353 5397 3508 5465 κάγὼ
3545 5396 3781 5465 φήσαιμ’
3818 5398 3888 5449 ἂν
3916 5399 4023 5464 γὰρ

2442 5494 2531 5545 τὸν
2571 5492 2854 5561 λογισμόν.
2888 5492 2997 5559 Τῆς
3040 5507 3099 5542 τε
3149 5491 3257 5558 γὰρ
3290 5493 3418 5559 παρ’
3449 5491 3584 5556 ἡμῖν
3631 5489 3814 5559 ἀρχῆς
3873 5491 4023 5542 οὐδὲν

2445 5586 2768 5654 σεμνότερον
2799 5583 3012 5650 γέγονε.
3067 5583 3175 5636 Καὶ
3212 5581 3418 5642 τούτοις
3465 5582 3528 5633 ἄν
3562 5598 3648 5643 τις
3688 5583 3764 5649 φῇ
3817 5584 4019 5650 φιλοτι·

2449 5679 2577 5746 μίας
2609 5673 2748 5730 εἶναι
2781 5677 2960 5728 πᾶσαν
2985 5675 3086 5741 τὴν
3120 5675 3376 5740 ἄσκησιν,
3408 5674 3507 5724 οὐκ
3539 5671 3606 5724 ἂν
3638 5673 3887 5740 ἁμάρτοι
3925 5675 4020 5739 τῆς

2446 5770 2555 5821 τῶν
2585 5768 2794 5834 ἀνδρῶν
2824 5769 3084 5828 διανοίας.
3112 5766 3274 5818 Ἀλλὰ
3305 5766 3798 5832 προσενθυμείσοω
3832 5770 3926 5820 καὶ
3946 5768 4018 5827 ὡς

2447 5862 2552 5912 οὐδ’
2601 5862 2778 5916 αὐτῶν
2815 5863 2860 5912 οἱ
2917 5860 3134 5920 πλείους
3168 5859 3304 5910 εἰσὶν
3362 5858 3603 5912 ἰδιῶται·
3640 5860 3761 5913 ἀλλ’
3800 5861 4010 5925 ἑκάστῳ
