4198 6440
210 418 315 479 959

1142 424 1426 483 ORATIO
1466 425 1614 483 ΡΙὶο
1656 426 2020 487 SUBSlUlO
2065 427 2536 487 LA'l‘lNURUM.

3364 428 3477 493 990

210 533 305 585 καὶ
352 534 522 594 οἰκία,
573 535 665 585 καὶ
718 535 895 595 πόλεις
948 536 1274 604 ἁρχᾶμεναι,
1337 542 1431 589 καὶ
1487 538 1661 607 βῆμα,
1696 542 1790 591 καὶ

1902 538 2033 590 vmit
2072 539 2139 591 ab
2182 554 2372 592 eorum
2408 538 2607 591 mentis
2663 538 2944 607 proposito
2976 555 2988 590 :
3025 538 3229 605 cogitet
3271 548 3477 598 tamen,

210 624 503 691 πρόσοδοι·
548 628 643 678 καὶ
672 628 771 679 οὐκ
820 626 883 679 ἄν
936 644 1027 689 τις
1051 629 1251 698 ῥαδίως
1284 631 1499 683 ἐκλίποι
1551 632 1617 683 τὰ
1652 632 1788 682 οῖκοι

210 714 413 783 σεῖινὰ..

286 993 396 1043 Καὶ
426 991 560 1059 πρός
599 1008 661 1055 γε
704 992 785 1043 ἔτι
818 992 914 1060 οὐχ
947 986 1026 1053 εἷς
1056 1010 1136 1055 τις
1170 994 1299 1060 παρ’
1337 994 1519 1053 αὐτοῖς
1572 997 1791 1048 πάντων

208 1080 400 1147 ἄρχων
450 1082 561 1138 τοῖς
597 1080 777 1143 ἄλλοις
827 1080 1025 1149 χρῆται
1065 1083 1201 1148 πρὸς
1236 1082 1304 1135 τὰ
1348 1084 1606 1137 δοκοῦντα
1632 1100 1645 1114 ⁸
1676 1087 1790 1138 ἀλλ’

208 1168 335 1219 ἔστι
385 1168 481 1237 μὲν
527 1162 571 1236 ᾧ
601 1171 804 1231 πάντες
841 1171 1126 1223 ὑπείκουσι
1176 1173 1382 1238 τάξεώς
1434 1192 1580 1236 τινος
1630 1176 1794 1230 ἕνεκα

208 1260 309 1311 καὶ
342 1263 572 1329 κόσμου,
608 1266 697 1315 καὶ
751 1264 843 1315 τοῦ
902 1264 976 1332 μὴ
1010 1264 1314 1334 φύρεσθαι·
1372 1262 1526 1326 οὗτος
1574 1267 1651 1331 δὲ,
1684 1269 1794 1321 τῶν

210 1351 446 1417 ἀγώνων
489 1354 781 1419 λυθέντων,
821 1356 1033 1417 πολλοῖς
1064 1360 1129 1409 ἂν
1164 1358 1399 1426 ἐκσταίη
1432 1358 1542 1410 τῶν
1573 1358 1666 1409 νῦν
1702 1358 1793 1424 ὑφ’

208 1442 400 1503 αὑτὸν,
434 1445 529 1495 καὶ
557 1444 748 1511 γένους
779 1448 871 1499 καὶ
918 1447 1239 1516 χρημάτων,
1275 1448 1369 1500 καὶ
1397 1450 1492 1516 τῆς
1542 1449 1628 1500 διὰ
1656 1451 1795 1501 πάνυ

208 1555 325 1588 των
360 1538 661 1606 ἁδρότητος
683 1554 697 1569 ·
737 1541 834 1591 καὶ
864 1540 1209 1592 πλεονεκτεῖν
1262 1541 1565 1609 βουληθεὶς,
1599 1543 1697 1594 οῦκ
1730 1542 1796 1595 ἂν

209 1630 331 1699 ἔχοι
370 1633 465 1683 καὶ
488 1633 611 1693 sub;
642 1632 833 1693 ἄλλους
868 1633 1225 1696 ἐπαινοῦντας
1256 1635 1354 1701 τὴν
1387 1634 1634 1705 γνώμην.
1670 1634 1796 1687 Οῦτ’

208 1722 308 1774 οῦν
342 1725 549 1783 ἐκεῖνος
580 1726 803 1787 ἀδικῶν,
834 1726 1040 1788 πάντας
1068 1727 1447 1794 ἀντιλέγοντας
1496 1728 1641 1797 ἔχειν
1672 1732 1798 1797 βου-

207 1817 466 1886 λήσεται,
515 1817 625 1869 οὔτ’
675 1820 831 1870 αὐτοὶ
878 1820 1093 1889 μικρῶν
1149 1839 1312 1873 τινων
1343 1822 1528 1875 εἵνεκα
1564 1825 1794 1894 πονηροί

208 1928 365 1973 τινες
391 1913 710 1981 αἱρήσονται
740 1913 911 1977 δόξαι.
962 1914 1121 1966 Ἀλλὰ
1159 1916 1265 1984 μὴν
1297 1916 1388 1966 καὶ
1414 1922 1479 1967 τὰ
1507 1916 1614 1969 τὲν
1644 1917 1796 1984 τριή-

215 2020 335 2071 ρων
361 2002 725 2073 πληρώματα,
766 2002 865 2066 ,αἶς
908 2006 1038 2072 πρὸς
1082 2006 1178 2074 τὴν
1215 2006 1584 2075 μεταγομιδὴν
1628 2008 1797 2075 χρῶν-

213 2113 332 2157 ται,
372 2095 429 2158 ἐξ
454 2096 677 2147 ἐκείνων
709 2096 817 2147 εἰσὶ
840 2094 945 2147 τῶν
982 2096 1211 2160 πόλεων,
1244 2092 1319 2149 ὧν
1344 2100 1399 2149 αἰ
1429 2097 1676 2149 ἀποικίαι
1704 2098 1799 2150 καὶ

208 2191 265 2239 οἱ
286 2188 519 2256 ἔμποροι
542 2190 673 2257 ἡμῖν
700 2206 712 2217 ·
743 2191 839 2240 καὶ
870 2190 1073 2253 ἴσασιν,
1100 2191 1174 2250 ὡς
1205 2191 1362 2258 ἡμῶν
1386 2190 1795 2260 κρατηθέντων,

214 2278 596 2331 κεκλείσονται
661 2277 761 2347 μὲν
794 2279 976 2341 αὐτοῖς
1006 2279 1055 2330 οἱ
1110 2279 1330 2345 λιμένες
1355 2295 1367 2306 ’
1406 2280 1507 2349 τῆς
1556 2281 1613 2331 δὲ
1651 2297 1795 2331 σιτο·

212 2370 468 2433 πομπίας
496 2370 679 2437 ἕτερος
710 2368 897 2437 κύριος
941 2367 1092 2420 ἔσται
1115 2384 1129 2397 ⁸
1167 2370 1260 2420 καὶ
1299 2371 1397 2439 τῆς
1428 2370 1695 2432 ἀτελείας,
1732 2365 1798 2439 ἦς

209 2460 400 2521 αὐτοῖς
435 2461 906 2531 μεταδεδώκαμεν,
950 2460 1331 2515 ἐκπεσοῦνται.
1356 2464 1509 2515 ”Ωσο’
1561 2464 1678 2533 ἆμα
1738 2482 1796 2515 τε

213 2554 251 2621 ἡ
283 2554 437 2615 πόλις
468 2552 761 2619 ἁλώσεται,
811 2554 902 2606 καὶ
953 2550 1100 2608 οὗτοι
1140 2554 1512 2621 δουλεύσουσι,
1554 2559 1649 2609 καὶ
1698 2557 1799 2609 οῦκ

217 2648 291 2699 ἂν
318 2648 515 2713 ἔχοιεν,
541 2646 729 2715 ὥσπερ
759 2649 927 2717 ἡμᾶς,
967 2650 1061 2701 καὶ
1087 2649 1310 2711 τούτους
1338 2665 1352 2679 ·
1381 2651 1449 2701 τὰ
1490 2649 1588 2717 μὲν
1617 2648 1800 2716 βιαζό-

226 2756 405 2807 μενοι,
447 2739 513 2789 τὰ
536 2738 591 2791 δὲ
632 2737 912 2800 πείθοντες
945 2740 1006 2789 ἐκ
1041 2739 1260 2791 πάντων
1292 2738 1567 2797 πλουτεῖν,
1594 2734 1673 2799 οἷς
1696 2739 1802 2807 ἀμφ

219 2832 480 2900 φοτέροις
521 2832 657 2897 πρὸς
688 2832 835 2900 ἡμᾶς
873 2832 962 2882 ἀεὶ
998 2831 1261 2900 χρῶνται.
1296 2830 1506 2884 Οῦκουν
1539 2831 1801 2900 βούλοιντ’

219 2923 290 2975 ἂν
318 2926 399 2984 εὶς
430 2924 687 2983 τοιαύτας
721 2922 1033 2989 ἀμηχανίας
1088 2924 1383 2991 ἐμπίπτειν
1403 2939 1415 2950 ·
1448 2923 1563 2975 ἀλλ’
1588 2922 1800 2973 ἐπιοῦσι

217 3016 323 3084 μὲν
360 3017 469 3077 τοῖς
497 3015 791 3084 βαρϐάροις
832 3016 926 3067 καὶ
960 3016 1090 3084 ἡμῖν
1113 3016 1365 3085 βοηθοῦσι
1418 3018 1803 3084 συμπνεύσου-

216 3125 342 3161 σινο
380 3112 427 3161 εί
456 3109 512 3162 δὲ
540 3108 857 3170 πλεονάζειν
898 3108 1247 3177 ἐπιχειροῖεν,
1280 3110 1410 3178 ἡμῖν
1445 3108 1646 3177 μᾶλλον
1669 3124 1799 3176 προ-

220 3201 538 3269 σῦήσονται,
574 3202 670 3251 καὶ
707 3198 825 3267 μεθ’
864 3201 1020 3269 ἡμῶν
1049 3203 1243 3264 αὐτοὺς
1276 3201 1627 3271 ἀμυνοῦνται.
1649 3200 1804 3252 Ἐπεὶ

220 3294 323 3344 καὶ
351 3293 408 3343 τὸ
432 3294 529 3354 τὰς
556 3294 803 3364 τριήρεις
832 3293 1013 3354 αὐτοῖς
1040 3296 1367 3361 παρασχεῖν,
1397 3293 1490 3345 καὶ
1516 3292 1612 3360 τῆς
1641 3308 1802 3360 στρα-

215 3385 373 3444 τείας
403 3386 704 3449 κοινωνεῖν,
732 3386 878 3437 τοῦτ’
931 3385 1117 3444 αὐτοῖς
1155 3384 1427 3452 βούλεται,
1478 3383 1539 3433 τὸ
1573 3383 1672 3450 τὴν
1706 3382 1803 3451 μὲν

214 3477 381 3528 πόλιν
432 3477 693 3530 κινδύνων
750 3477 1156 3545 ἀπαλλαγῆναι,
1192 3478 1340 3543 ἡμᾶς
1371 3476 1429 3527 δὲ
1464 3476 1669 3539 ταύτης
1718 3474 1805 3543 βε-

218 3569 393 3630 ϐαίως
423 3568 637 3637 ἄρχειν,
664 3571 759 3621 καὶ
783 3569 844 3621 τὸ
872 3571 1097 3637 ἀρχαῖον
1134 3568 1317 3637 σχῆμα
1354 3570 1465 3629 τοῖς
1517 3568 1802 3637 πράγμασι

218 3660 570 3731 τηρηθῆναι·
600 3662 674 3722 ὼς
699 3660 841 3712 οὓτω
880 3661 931 3727 γ’
961 3660 1147 3723 αὐτοῖς
1172 3659 1437 3728 ἐσομένης
1471 3659 1676 3723 ἁδείας,
1710 3659 1804 3710 καὶ

221 3751 384 3803 πλεῖν
410 3752 530 3803 ὅποι
561 3770 639 3813 τις
694 3752 962 3820 βούλεται,
995 3753 1091 3805 καὶ
1120 3754 1184 3805 τᾶ
1232 3752 1359 3803 ὄντα
1386 3751 1555 3803 πλείω
1606 3752 1798 3802 ποιεῖν.

230 3844 323 3907 Ὠς
352 3840 408 3895 εἴ
431 3842 482 3911 γ’
528 3844 612 3912 ἐφ’
640 3845 785 3913 ἡμᾶς
820 3844 974 3914 ἥξειν
1022 3843 1221 3905 αὐτοὺς
1260 3843 1541 3908 ὑπενόουν,
1574 3843 1727 3894 αὐτοί
1756 3847 1801 3892 τ’

218 3934 290 3987 ἂν
321 3934 568 4002 φανερῶς
609 3934 932 4002 ἐπολέμουν,
967 3938 1061 3985 καὶ
1094 3936 1227 4002 ἡμῖν
1266 3933 1544 4002 παρῄνουν
1592 3931 1800 4001 φυλάτ-

218 4025 439 4077 τεσθαι.
470 4026 532 4076 Ἰί
559 4027 738 4077 τοίνυν
788 4026 1178 4095 μαλακώτερον
1210 4025 1305 4078 τοῦ
1362 4027 1595 4095 δύναμιν
1642 4019 1710 4095 ἦς
1745 4029 1805 4076 τὸ

221 4118 413 4171 πλεῖον
442 4117 561 4186 μεθ’
588 4120 621 4187 ὴ
632 4119 749 4188 μῶν
775 4120 915 4182 ἐστι,
951 4119 1184 4173 δεδιέναι
1207 4136 1222 4184 ;

296 4397 510 4463 Ὅμως,
570 4396 734 4457 εἴτις
784 4396 968 4455 αὐτοῖς
1028 4393 1325 4463 πρόσχημα
1382 4395 1478 4461 μὲν
1518 4390 1657 4448 εἶναι
1707 4394 1805 4465 τὴν

220 4485 481 4556 βοήθειαν
518 4484 687 4551 λέγοι,
723 4486 785 4537 τδ
815 4485 857 4536 δ’
890 4484 1109 4553 ἀληθὲς,
1132 4484 1226 4553 τῆς
1260 4485 1431 4553 ἀρχῆς
1465 4486 1805 4553 ἐπιθυμοῦνι

1897 640 1958 683 ut
1987 645 2085 683 nee
2116 646 2306 683 eorum
2341 630 2525 698 plures
2575 630 2796 697 privatae
2845 630 3013 682 sortis
3049 630 3296 682 homines
3330 632 3472 695 sint;

1894 722 1989 775 sed
2021 732 2077 773 ut
2104 721 2305 791 singuli
2336 722 2562 774 domutn
2588 721 2845 783 habeant,
2876 721 3259 790 snbjectasque
3288 723 3474 785 urbe»,

1892 830 1957 869 ac
1989 815 2251 877 tribunal,
2290 814 2640 881 reditusque;
2696 821 2865 879 utque
2915 828 3024 864 non
3072 812 3230 865 facile
3276 811 3477 879 aliquis

1894 909 2132 971 deserat,
2166 922 2287 975 qua!
2318 906 2463 957 dotui
2500 914 2726 973 auguSIa
2770 918 2832 957 ac
2860 905 3117 970 przeclara
3149 904 3332 956 habet.

1968 1000 2236 1054 Przeterca
2268 997 2450 1051 nullus
2480 997 2677 1065 aliquis
2712 995 2855 1063 apud
2891 995 3013 1047 illos
3044 1003 3131 1048 est
3155 994 3277 1048 aliis
3307 995 3480 1061 impt-

1897 1106 2046 1155 rans,
2089 1091 2294 1159 quique
2339 1089 2406 1141 iis
2438 1098 2641 1147 utatur.
2676 1088 2742 1140 ad
2790 1102 2911 1156 qnze
2946 1087 3251 1155 placuerit:
3290 1099 3476 1136 verum

1896 1186 1966 1237 sit
2004 1184 2227 1251 quidem
2262 1197 2404 1235 unus
2438 1179 2582 1249 quis,
2616 1181 2705 1232 eui
2750 1178 2960 1231 ordinis
2993 1192 3156 1230 causa
3192 1186 3357 1243 atque
3392 1175 3481 1227 de-

1898 1279 2063 1338 coris,
2098 1288 2153 1332 et
2189 1286 2247 1331 ut
2280 1292 2349 1330 ne
2383 1276 2453 1330 sit
2482 1274 2752 1337 confusio,
2784 1273 3029 1326 universi
3064 1271 3293 1337 subjecti
3321 1271 3430 1322 sint
3464 1284 3479 1323 :

1900 1380 1958 1421 ut
1986 1378 2163 1422 tamen
2208 1368 2402 1422 solutis
2451 1367 2865 1425 certaminibus,
2910 1362 3101 1417 multis
3154 1377 3345 1415 eorum
3387 1360 3479 1427 qui

1898 1475 2043 1513 nunc
2089 1459 2136 1513 ei
2171 1459 2555 1527 subjiciuntur,
2587 1457 2807 1526 generis
2861 1455 3148 1508 nobilitate
3176 1468 3239 1505 ae
3273 1451 3482 1504 divitiis

1898 1553 2078 1614 cedat,
2139 1551 2399 1617 omnique
2454 1550 2561 1601 alio
2620 1548 2910 1615 splendore
2971 1562 3035 1599 ac
3092 1544 3481 1597 ornamentis:

1900 1654 2065 1711 atque
2094 1643 2159 1696 is.
2195 1650 2254 1695 ut
2286 1641 2539 1711 injuriam
2579 1639 2710 1692 velit
2749 1638 2975 1699 inferre,
3007 1636 3149 1688 haml
3180 1636 3316 1687 alios
3351 1650 3479 1701 pro-

1902 1734 2062 1803 positi
2110 1734 2420 1787 laudatores
2458 1732 2732 1785 habuerit.
2781 1729 2889 1783 Nec
2933 1743 3064 1797 ergo
3098 1727 3189 1780 ille
3233 1725 3482 1795 iujuriam

1907 1826 2134 1889 faciens,
2201 1825 2491 1877 universos
2558 1822 3002 1876 contradiccntcs
3059 1819 3190 1871 velit
3251 1817 3482 1880 habere;

1898 1931 2077 1983 neque
2103 1914 2136 1968 ii
2162 1915 2233 1968 ob
2254 1915 2450 1982 exigua
2481 1913 2729 1981 quasdam
2755 1910 3061 1965 commoda.
3088 1909 3237 1977 pravi
3264 1909 3483 1977 quidam

1899 2022 1961 2059 ac
1991 2006 2207 2059 scelesti
2240 2004 2414 2057 videri
2450 2004 2677 2072 eligant.
2719 2003 2860 2067 Quin
2896 2011 2951 2054 et
2989 2000 3191 2053 nautici
3242 2000 3294 2051 in
3330 1998 3488 2052 trire-

1900 2097 2080 2150 mibus
2128 2095 2406 2153 homines.
2454 2094 2657 2162 quibus
2700 2094 2763 2143 ad
2812 2104 3093 2144 vecturam
3132 2099 3385 2153 utuntur,
3421 2104 3486 2141 ex

1898 2188 2008 2241 illis
2036 2196 2166 2241 sunt
2192 2185 2440 2247 urbibus,
2466 2200 2530 2238 ex
2558 2184 2759 2252 quibus
2785 2183 3031 2234 colonias
3060 2198 3124 2234 ac
3154 2189 3489 2233 mercatores

1899 2279 2211 2333 habemus:
2261 2276 2552 2343 sciuntque
2602 2278 2716 2326 tore
2772 2280 2829 2325 ut
2862 2271 3022 2324 nobis
3076 2269 3258 2331 vietis,
3298 2280 3488 2337 portus

1899 2372 1977 2425 eis
2008 2370 2359 2430 claudantur,
2407 2368 2658 2435 aliusque
2691 2364 3008 2418 emittendze
3043 2378 3273 2416 annona:
3323 2374 3486 2429 atque

1904 2459 2165 2514 frumenti
2200 2460 2453 2511 dominus
2479 2457 2550 2510 sit
2577 2474 2589 2510 :
2627 2464 2794 2523 utque
2831 2452 3234 2506 immunitatem
3264 2469 3292 2505 a
3317 2451 3486 2505 vecti-

1901 2551 2134 2619 galibus,
2168 2564 2331 2618 quam
2382 2548 2463 2601 eis
2516 2546 2911 2609 concessimus,
2954 2545 3209 2599 amittant
3252 2562 3264 2598 :
3324 2555 3488 2611 atque

1902 2645 2041 2698 adeo
2083 2659 2183 2698 nec
2228 2643 2467 2696 futuram
2517 2641 2790 2710 ignorant,
2830 2648 2891 2693 ut
2922 2654 3046 2692 mox
3080 2649 3236 2707 capta
3267 2639 3488 2691 civitate

1902 2734 2161 2790 servituti
2187 2734 2297 2787 sint
2322 2750 2335 2786 :
2367 2748 2468 2786 nec
2493 2733 2638 2787 enim
2668 2733 2742 2784 nti
2771 2745 2872 2784 nos
2899 2732 2979 2783 sic
3007 2729 3129 2782 illos
3157 2728 3489 2791 habuerint;

1902 2844 2009 2898 qua
2045 2828 2191 2882 velut
2236 2827 2311 2891 vi,
2344 2842 2451 2894 qua
2487 2835 2707 2893 sponte,
2742 2840 2809 2879 ex
2845 2825 3106 2878 omnibus
3137 2822 3347 2876 divitiis
3395 2837 3492 2874 an-

1904 2922 2018 2986 geri
2055 2925 2389 2987 querentes,
2425 2933 2536 2985 quo
2568 2928 2802 2984 utroque
2854 2916 2905 2968 in
2942 2930 3042 2969 nos
3071 2930 3291 2983 semper
3326 2926 3493 2969 utun-

1908 3021 2016 3063 tur.
2056 3008 2210 3062 llaud
2259 3022 2413 3078 ergo,
2465 3009 2539 3061 illi
2590 3010 2642 3061 iu
2689 3007 2959 3077 ejusmodi
3012 3006 3291 3076 angustias
3325 3007 3493 3061 velint

1908 3104 2151 3159 incidere
2178 3120 2191 3157 τ
2224 3104 2357 3173 quin
2393 3113 2451 3157 ut
2483 3106 2534 3157 in
2566 3104 2837 3156 Barbaros
2865 3102 3088 3171 quidem
3118 3101 3399 3161 invadant,
3428 3116 3493 3155 ac

1907 3202 2064 3255 nobis
2095 3201 2454 3259 auxilientur.
2478 3216 2602 3254 cum
2627 3201 2708 3254 eis
2729 3199 3126 3269 conspirabunt
3152 3216 3164 3252 :
3200 3199 3281 3253 sin
3308 3208 3491 3252 autent

1908 3294 2165 3363 injuriam
2218 3292 2423 3347 inferre
2474 3291 2829 3357 tentaverint,
2867 3292 3026 3344 nobis
3076 3292 3259 3360 potius
3296 3290 3491 3358 adjun-

1904 3395 2123 3455 gentur,
2152 3401 2216 3440 ac
2245 3384 2393 3452 ipsos
2435 3384 2718 3438 nobiscum
2754 3384 3113 3437 ulciscentur.
3146 3383 3281 3436 Nam
3323 3384 3490 3437 etiam

1906 3475 2200 3542 praebendo
2235 3475 2507 3537 triremes,
2539 3491 2602 3529 ac
2645 3475 2773 3529 belli
2821 3476 3085 3530 societate
3133 3475 3237 3529 hoc
3277 3475 3489 3536 volunt,

1907 3576 1966 3619 ut
2014 3566 2145 3619 urbs
2193 3566 2416 3634 quidem
2465 3581 2492 3617 a
2548 3564 2811 3634 periculis
2854 3566 3153 3631 liberetur,
3206 3580 3306 3618 nos
3363 3580 3493 3617 vero

1907 3657 2125 3711 firmum
2157 3656 2276 3725 ejus
2310 3667 2592 3711 teneamus
2622 3655 2938 3724 imperium,
2969 3670 3168 3725 resque
3208 3655 3492 3721 antiquam

1906 3748 2137 3802 formam
2175 3750 2491 3804 retineant:
2525 3749 2669 3818 quod
2698 3750 2770 3803 ita
2807 3749 2980 3804 libera
3026 3748 3261 3805 facultas
3308 3748 3492 3802 futura

1905 3842 2002 3907 sit,
2032 3852 2090 3897 ut
2130 3858 2241 3912 quo
2275 3842 2467 3906 velint,
2506 3852 2623 3897 tuto
2657 3843 2937 3912 navigent,
2980 3852 3326 3913 augeantque
3367 3856 3495 3895 suas

1907 3934 2215 3989 facultates.
2260 3934 2628 4000 Quamobrem
2679 3943 2739 3988 ut
2784 3934 3028 4003 suspicio
3069 3942 3219 3989 esset
3273 3948 3493 3987 movere

1908 4027 2031 4080 illos
2064 4026 2353 4080 adversum
2404 4041 2523 4089 nos,
2556 4027 2734 4095 palam
2776 4026 2878 4096 ipsi
2919 4035 3110 4081 contra
3155 4035 3487 4096 pugnarent,

1907 4133 1970 4172 ac
1996 4118 2158 4172 nobis
2208 4119 2512 4173 cavendum
2564 4129 2879 4173 monerent.
2914 4117 3057 4183 Quid
3102 4132 3231 4187 ergo
3273 4117 3491 4170 mollius

1906 4210 2411 4279 etIeminatiusque,
2439 4225 2601 4279 quam
2638 4220 2697 4264 ut
2724 4210 2982 4263 virtutem
3012 4213 3169 4281 cujus
3203 4209 3487 4264 nobiscum

1907 4316 2034 4370 pars
2060 4301 2293 4354 maxima
2325 4301 2416 4363 sit,
2451 4300 2787 4355 timeamus?

1978 4394 2296 4459 Enimvero,
2324 4405 2382 4447 ut
2412 4394 2538 4463 quis
2564 4394 2645 4449 eis
2684 4395 2948 4449 auxilium
2991 4393 3217 4463 quidem
3258 4394 3487 4463 pra‘texi

1907 4486 2075 4551 dicat,
2125 4501 2314 4541 revera
2368 4496 2548 4541 tamen
2597 4487 2785 4540 venire
2837 4486 3141 4556 imperandi
3190 4486 3491 4554 cupiditate

219 4595 323 4640 τας
362 4578 453 4629 καὶ
476 4577 574 4645 τῆς
607 4577 837 4638 πόλεως,
862 4571 1119 4647 ἔρχεσθαι
1146 4590 1160 4605 ⁶
1198 4577 1461 4645 πρότερον
1520 4577 1689 4647 ἐχρῆν
1715 4578 1798 4646 ἐφ’

1907 4578 2195 4648 impuISos,
2238 4586 2295 4632 et
2341 4587 2399 4631 ut
2451 4579 2607 4633 urbis
2654 4576 2957 4647 petiantur,
2998 4580 3287 4649 oportebat
3332 4582 3489 4649 prius

220 4666 437 4720 ἑαυτῶν
493 4665 984 4735 βουλευσαμένους,
1031 4666 1256 4720 καὶτὸν
1312 4666 1483 4726 δόλον.
1517 4668 1593 4732 ὡς
1648 4671 1794 4739 ἐνῆν,

224 4759 651 4821 συσκιάσαντας,
687 4758 860 4821 οὕτως
887 4761 1221 4831 ἐπιχειρεῖνο
1254 4761 1349 4815 νῦν
1389 4763 1433 4814 δ’
1466 4762 1625 4831 ῐσμεν
1668 4765 1798 4826 ὅσας

225 4849 332 4919 μὲν
385 4848 681 4919 πρεσϐείας
756 4854 783 4902 ο
848 4850 1100 4925 βασιλεὺς
1173 4853 1266 4905 ἐπὶ
1342 4855 1514 4907 ταῦτα
1582 4857 1800 4925 κεκίνη-

224 4960 345 5005 κεν,
382 4945 538 5003 ὖσους
568 4942 613 4995 δ’
644 4933 801 4995 αὐτοὶ
841 4942 1003 4995 πάλιν
1055 4946 1486 4999 ἀνταπέστειλαν
1516 4949 1795 5017 πρέσόεις.

222 5027 747 5105 παρασκευάζεσθᾶι
800 5039 963 5103 σφᾶς,
998 5038 1092 5091 καὶ
1141 5040 1339 5106 μηκέτι
1376 5041 1666 5109 μελλήσεις)
1697 5059 1801 5110 μη-

222 5129 475 5190 νύοντας.
515 5127 676 5180 Ἀλλὰ
712 5132 803 5181 καὶ
838 5130 896 5193 ἐξ
934 5129 1223 5199 Ἰταλίαςὴ
1270 5131 1499 5201 δύναμις
1542 5135 1795 5199 ἐκινεῖτο,

225 5219 323 5273 καὶ
374 5220 494 5271 τότε
541 5219 906 5288 προύπέμψας
937 5222 1128 5290 ἄνδρα,
1181 5223 1519 5292 προεροῦντα
1565 5225 1683 5293 μὲν,
1724 5225 1798 5288 ὡς

224 5310 330 5381 ἤδη
358 5310 579 5372 τούτους
608 5312 1009 5381 ,προσδέχεσθαι
1046 5314 1150 5381 χρή
1174 5330 1187 5344 ·
1218 5316 1574 5382 φροντιοῦντα
1617 5318 1671 5369 δὲ
1705 5320 1800 5369 καὶ

222 5400 338 5453 τῶν
365 5401 681 5466 ἀναγκαίων
704 5441 718 5463 ,
755 5404 847 5453 καὶ
895 5403 1035 5454 ὅσων
1064 5404 1435 5473 στρατεύματι
1472 5405 1570 5460 δεῖ.
1598 5402 1706 5458 Ἦν
1744 5408 1800 5458 δὲ

222 5484 380 5553 οὗτος
405 5491 503 5561 οὐχ
534 5491 561 5543 ὁ
584 5492 759 5560 τυχών
785 5508 798 5523 ⁶
830 5492 964 5547 ἀλλὰ
997 5496 1271 5558 κάκείνοις
1300 5498 1523 5560 οἰκεῖος,
1554 5499 1647 5550 καὶ
1669 5500 1798 5563 παρ’

223 5585 361 5651 ἡμῖν
395 5584 587 5653 συχνίν
634 5585 944 5655 διατρίψας,
991 5589 1084 5641 καὶ
1120 5591 1312 5659 πεῖραν
1348 5590 1559 5652 εὐνοίας
1588 5590 1663 5657 τῷ
1706 5592 1803 5659 βα-

226 5676 372 5729 σιλεῖ
392 5676 666 5739 δεδωκὼς,
695 5680 791 5732 καλ⁹
815 5681 881 5733 δι’
905 5673 965 5732 οὗ
995 5680 1213 5749 μάλισθ’
1236 5684 1263 5733 ὁ
1292 5682 1547 5748 βασιλεὺς
1578 5683 1801 5747 τούτους

226 5764 437 5821 ἐκάλει.
472 5767 531 5819 Et
561 5769 741 5821 τοίνυν
797 5772 914 5839 μετ’
943 5772 1159 5842 ἀπάτης
1206 5774 1482 5839 ὴ6ούλονο⁹
1512 5778 1645 5845 ἡμῖν
1686 5778 1803 5828 ἐπι-

227 5858 439 5925 Οέσοαι,
468 5860 569 5914 τίν’
603 5859 716 5932 εἶχε
748 5863 904 5931 λόγον
929 5866 1111 5929 αὐτοῖς
1141 5868 1427 5939 προλέγειν
1456 5872 1550 5939 τὴν
1577 5869 1757 5939 ἔξοδον
1783 5886 1797 5934 ;

1902 4671 2044 4740 apud
2096 4672 2244 4739 ipsos
2290 4670 2684 4737 deliberantes,
2735 4671 3056 4739 dolumque,
3105 4681 3163 4725 ut
3218 4672 3487 4751 Ιίίιιιίεεριν

1901 4762 2313 4826 adumbrantes,
2364 4764 2443 4818 sic
2481 4778 2592 4817 rem
2624 4763 2843 4833 aggredi
2874 4780 2887 4816 :
2922 4778 3069 4816 nunc
3100 4778 3231 4817 vero
3280 4763 3488 4817 scimus

1902 4870 2066 4923 quam
2114 4856 2301 4910 multis
2346 4856 2646 4925 imperator
2686 4855 3055 4926 legationibus
3087 4856 3152 4908 ad
3190 4855 3306 4909 hac
3339 4854 3486 4908 viros

1902 4949 2321 5016 provocaverit;
2360 4958 2605 5016 quotque
2642 4947 2716 5000 illi
2766 4948 3009 5000 vicissim
3066 4947 3273 5000 nuntiis
3311 4946 3487 4999 desti-

1902 5038 2068 5101 natis,
2108 5037 2377 5089 adornare
2414 5038 2668 5099 classem,
2723 5052 2825 5089 nec
2868 5052 2925 5090 se
2974 5039 3113 5090 ultra
3175 5046 3487 5090 moraturos

1903 5127 2355 5197 significaverim.
2391 5129 2533 5193 Quin
2560 5130 2674 5195 jam
2704 5129 2953 5183 exercitu
2982 5130 3051 5181 ab
3080 5127 3233 5182 Italia
3272 5142 3489 5181 moven-

1904 5232 1976 5287 te,
2014 5221 2115 5274 sub
2152 5221 2328 5289 ipsum
2374 5222 2669 5275 articulum
2724 5222 2902 5275 virum
2954 5223 3358 5290 prmmiseruut,
3390 5222 3485 5288 qui

1905 5312 2120 5379 iamjam
2155 5318 2557 5381 cxspcctandos
2598 5314 2937 5385 praediceret,
2972 5314 3059 5366 cui
3097 5312 3259 5366 etiam
3297 5327 3489 5365 neces-

1903 5407 2174 5457 sariarum
2226 5420 2354 5458 cura
2391 5406 2755 5467 incumberet,
2789 5420 2853 5459 ac
2894 5406 2948 5459 in
2998 5406 3300 5458 exercitum
3335 5420 3485 5458 com-

1906 5506 2118 5550 meatus
2148 5499 2408 5567 provisio.
2452 5499 2501 5552 ls
2531 5510 2712 5553 autem
2742 5515 2848 5553 non
2882 5499 3045 5551 homo
3072 5498 3310 5567 vulgaris
3336 5508 3477 5559 erat,

1904 5590 1996 5644 sed
2044 5600 2099 5644 et
2150 5593 2283 5659 ipsis
2340 5592 2641 5655 familiaris,
2696 5607 2760 5644 ac
2809 5591 3125 5659 frequenter
3179 5592 3322 5659 apud
3381 5607 3483 5643 nos

1906 5694 2175 5744 versatus,
2203 5684 2404 5752 quique
2450 5685 2729 5738 boneVola
2764 5684 2960 5739 mentis
3000 5685 3277 5754 Specimen
3312 5683 3483 5750 impe-

1908 5776 2075 5829 πειωί
2122 5777 2500 5831 exhibuisset:
2540 5778 2696 5847 cujus
2744 5778 2981 5846 denique
3035 5777 3265 5830 maxime
3311 5790 3477 5842 opera

1910 5870 2205 5939 imperator
2238 5870 2358 5924 il'os
2390 5870 2702 5926 advocaret.
2736 5869 3016 5939 Siquidem
3062 5884 3191 5937 ergo
3234 5869 3477 5921 fraudem
