4198 6440
725 411 819 469 991

2016 416 2390 475 DEMETllll
2434 416 2745 475 CYDONII

3887 418 3997 481 992

726 527 920 579 f:-.rtnri
961 526 1259 581 voluissent
1299 530 1582 591 invadere,
1621 530 1748 595 quid
1790 531 2019 586 rationis
2052 542 2109 586 ut
2150 534 2302 586 inva-

2437 534 2484 584 )ὖ
2513 534 2617 602 γὰρ
2652 534 2717 603 δὴ
2746 532 2809 586 τό
2843 536 2893 601 γ’
2930 536 2993 588 ὲκ
3034 540 3397 608 προρρήσεως
3441 539 3701 607 πολεμεῖν
3747 543 3995 609 ἀσφαλέα

727 624 935 673 sinnem
971 623 1359 689 [ιιειειιίριιτριιιῖ
1384 624 1488 675 Nec
1520 626 1664 677 enim
1698 624 1801 677 hoc
1834 625 2027 689 tutius,
2064 637 2121 678 ut
2152 627 2307 681 hoste

736 714 1061 778 prtcmonito
1103 715 1168 766 ad
1222 716 1421 767 ln-lllllll
1455 717 1776 785 accingaris.
1818 715 1913 770 Sin
1942 730 2122 770 autem
2160 721 2308 787 quis,

734 806 953 857 tametsi
1002 807 1485 873 praesenticntibus
1518 808 1674 860 nobis
1722 808 1857 862 nihil
1904 809 2031 863 inde
2076 813 2313 880 amplius

732 897 847 950 fore
882 898 1105 961 dixerit,
1138 900 1268 965 quid
1297 900 1408 967 jam
1455 916 1548 952 eos
1584 901 1819 954 ludenda
1855 901 2037 954 fabula
2077 920 2140 957 ac
2169 908 2315 958 deci—

734 991 935 1058 piendo
963 1002 1237 1056 spectasse
1284 992 1560 1045 dicemus?
1604 995 1705 1047 nisi
1739 996 1863 1063 quis
1898 996 2046 1049 nullo
2077 1010 2173 1049 eos
2209 996 2313 1049 ﬁne

735 1098 897 1146 agere
927 1083 1149 1137 dixerit.
1184 1084 1498 1147 Enimvero,
1528 1086 1577 1137 id
1609 1087 1673 1139 de
1700 1088 1901 1141 nostris
1930 1088 2080 1141 hisce
2104 1104 2315 1141 sermo-

740 1176 900 1225 nibus
949 1177 1211 1240 probabili
1262 1178 1431 1243 magis
1460 1178 1671 1231 ratione
1704 1179 1907 1231 dictum
1952 1181 2223 1241 videatur,
2257 1188 2317 1234 ut

736 1285 832 1320 eos
856 1269 1124 1335 jactcmtts
1158 1280 1384 1331 temere,
1418 1271 1737 1338 nullumque
1763 1273 2124 1324 centendendi
2152 1272 2315 1325 ﬁnem

740 1360 1027 1424 faciamus,
1076 1361 1167 1427 qui
1203 1364 1491 1415 sedeamus
1522 1363 1677 1416 luero
1708 1363 2057 1429 deputantes,
2098 1372 2153 1415 nt
2186 1365 2317 1431 quid

740 1453 987 1505 criminis
1018 1454 1203 1508 studio
1231 1456 1549 1518 inferamus,
1588 1464 1645 1508 ut
1676 1456 1799 1523 quis
1829 1456 1965 1508 bene
1997 1456 2129 1509 velit
2178 1458 2321 1510 Prte-

743 1554 891 1597 terea
934 1561 1081 1603 vcro.
1131 1561 1235 1599 non
1284 1546 1398 1599 haec
1448 1547 1680 1600 Romani
1729 1563 1757 1601 a
1800 1549 2045 1615 patrihus
2095 1548 2317 1612 habent,

742 1653 843 1689 nec
874 1638 954 1691 eis
983 1654 1043 1691 ea
1077 1638 1298 1691 ferenda
1357 1649 1450 1691 aut
1492 1647 1717 1703 cognata
1763 1648 1911 1699 sunt,
1953 1636 2127 1704 inquit
2158 1637 2323 1706 juris-

742 1729 1183 1782 consnltissimus
1234 1730 1342 1781 ille.
1374 1730 1649 1793 Quasnam
1690 1732 1837 1781 enim
1889 1730 2101 1797 priores
2157 1728 2318 1782 nobis

744 1821 1105 1887 deeipientes.
1142 1822 1220 1873 sic
1262 1821 1328 1875 de
1380 1822 1513 1889 ipsis
1564 1821 1876 1889 suspicandi
1927 1836 2112 1873 ansam
2166 1821 2324 1874 nobis

745 1911 1069 1975 pnebuerc?
1116 1911 1427 1975 Enimvero,
1482 1912 1778 1963 multorum
1829 1912 2091 1979 quidem,
2124 1914 2323 1980 rogati,

749 2005 954 2070 patrias
994 2004 1336 2055 vindicarunt
1377 2018 1440 2056 ac
1488 2002 1831 2067 libertatem;
1879 2013 1938 2056 ut
1972 2014 2152 2057 autem
2202 2004 2328 2071 quis

747 2111 939 2147 eorum
977 2110 1162 2158 causa,
1197 2110 1357 2163 quam
1390 2110 1515 2162 spes
1542 2107 1718 2155 erant.
1748 2097 1989 2149 deterior
2018 2098 2324 2162 recesserit,

747 2201 910 2238 m-tno
958 2186 1225 2240 hactenus
1272 2189 1559 2240 ostendere
1614 2188 1805 2255 possit.
1854 2188 1994 2253 Quin
2042 2190 2181 2256 apud
2233 2204 2328 2242 eos

748 2280 887 2333 adeo
917 2280 1092 2333 virtus
1126 2281 1237 2332 hrcc
1270 2296 1476 2332 summa
1512 2289 1596 2332 cst
1637 2292 1700 2332 ac
1729 2295 2085 2347 exsuperans,
2124 2293 2182 2335 ut
2227 2296 2329 2335 nec

749 2372 893 2425 desit
931 2373 1023 2439 qui
1061 2380 1113 2424 et
1147 2372 1257 2438 jam
1293 2372 1539 2424 stultitim
1564 2387 1625 2424 ea
1665 2380 1816 2439 parte
1842 2383 2084 2427 accuset.

825 2461 1037 2530 Quippe
1068 2462 1191 2530 quis
1233 2462 1362 2523 fuit,
1405 2476 1502 2527 pro
1536 2475 1791 2526 agrorum
1825 2461 2023 2513 ﬁnibtts
2056 2462 2205 2515 litem
2237 2462 2326 2515 alii

754 2554 1055 2618 intentans,
1088 2569 1150 2607 ac
1181 2553 1247 2606 de
1282 2554 1343 2607 iis
1369 2569 1493 2605 enm
1532 2570 1596 2606 eo
1632 2554 1954 2621 digladians.
2011 2554 2112 2608 Ubi
2167 2571 2330 2624 porro

754 2657 929 2699 morte
960 2646 1153 2698 habuit
1186 2645 1431 2715 defungi,
1464 2646 1701 2697 moriens
1734 2649 1865 2715 ipse.
1902 2647 2135 2699 ﬁliorum
2167 2658 2330 2716 atque

757 2738 945 2791 uxoris
992 2747 1298 2790 curatoretn
1354 2739 1608 2791 aemulum
1648 2754 1713 2789 ex
1746 2746 2069 2791 testamento
2101 2742 2333 2809 inscrip-

754 2830 848 2882 sit.
890 2829 967 2881 Ac
995 2829 1215 2896 quidem
1263 2828 1376 2889 illc,
1411 2829 1459 2881 ei
1513 2832 1751 2882 moriens
1790 2828 2037 2889 conﬁdit,
2092 2846 2329 2897 quocum

754 2922 949 2974 vivens
980 2938 1158 2991 pugna
1186 2922 1579 2975 contendisset.
1623 2922 1771 2975 Alter
1793 2932 1974 2977 autem
2008 2923 2169 2977 rebus
2200 2925 2332 2992 ipsis

759 3014 1071 3082 opinionem
1103 3013 1472 3077 conﬁrmavit,
1518 3013 1803 3079 indignum
1842 3028 1905 3067 ac
1952 3014 2330 3084 turpissimum

760 3118 928 3164 ratus,
962 3115 1020 3157 ut
1050 3105 1347 3158 adversarii
1390 3104 1457 3156 de
1493 3104 1609 3172 ipsi»
1641 3105 1888 3164 meliora,
1922 3122 2084 3175 quam
2117 3108 2229 3174 ipse
2266 3106 2333 3160 de

2412 642 2625 693 στερον.
2663 628 2721 677 El
2753 627 2808 679 δὲ
2838 628 2933 681 καὶ
2954 631 3437 699 προαισθομένοις,
3466 633 3619 684 οὐδὲν
3643 634 3801 687 ἔσται
3836 635 4002 687 πλέον

2412 719 2566 785 ἡμῖν,
2610 719 2772 786 φήσει
2813 736 2919 781 τις,
2953 722 3096 782 τίνος
3123 722 3311 775 λοιπὸν
3353 725 3550 785 αὐτοὺς
3580 724 3824 794 ἐροῦμεν
3860 728 4003 777 ἀπα-

2411 809 2622 871 τῶντας
2655 810 3044 878 στοχάζεσθαι;
3086 815 3134 865 εξ
3168 815 3243 884 μή
3277 832 3361 876 τις
3410 818 3544 881 πρὸς
3592 819 3763 885 μηδὲν
3814 820 4001 880 αὐτοῖς

2414 901 2555 953 εἴποι
2589 900 2809 969 βλέπειν
2840 905 2938 965 τὰς
2978 906 3228 974 πράξεις.
3275 908 3437 959 Ἀλλὰ
3473 912 3603 976 περὶ
3644 910 3755 960 τῶν
3797 911 4004 977 ἡμετέ-

2420 1010 2527 1061 ρων
2562 996 2788 1048 τουτωνὶ
2813 997 2989 1064 λόγων
3020 998 3391 1069 πιθανώτερον
3422 1002 3581 1052 τοῦτο
3611 1002 3866 1067 δοξάζειν
3889 1018 3901 1030 ·
3930 1002 4001 1062 ὡς

2416 1084 2542 1153 εἱκῆ
2582 1086 2807 1149 τούτους
2839 1090 3125 1156 ρίπτομεν,
3162 1093 3253 1143 καὶ
3282 1093 3457 1161 πέρας
3514 1095 3647 1161 ἡμῖν
3704 1095 3863 1146 οὐδὲν
3906 1095 4004 1161 τῆς

2419 1177 2775 1245 φιλονεικίας,
2794 1182 2846 1232 οἵ
2866 1197 2925 1247 γε
2952 1183 3243 1251 καθήμεθα
3275 1185 3465 1252 κέρδος
3491 1186 3829 1251 νομίζοντες,
3863 1187 3927 1237 ἴιν
3955 1202 4004 1236 τι

2418 1272 2545 1329 τοὺς
2581 1268 2638 1324 εὖ
2672 1276 2847 1326 ποιεῖν
2889 1274 3253 1343 βουλομένους
3296 1277 3696 1343 αἱτιασώμεθα.
3733 1278 3927 1344 Χωρὶς
3954 1278 4005 1327 δὲ

2418 1363 2623 1415 τούτων
2653 1366 2752 1418 οὐκ
2802 1361 2869 1435 ἦν
2911 1365 3086 1419 ταῦτα
3142 1368 3439 1435 Ῥωμαίοις
3468 1370 3696 1435 πάτρια,
3733 1366 3848 1418 636'
3890 1369 4009 1418 ανε-

2420 1456 2548 1519 κτὰ,
2576 1457 2686 1509 οὐδ’
2718 1457 2960 1524 ἔμφυτα,
3012 1460 3177 1526 φησὶν
3203 1461 3230 1510 6
3270 1458 3505 1526 μάλιστα
3560 1460 3714 1520 εἰδὼς
3760 1460 4006 1525 συμϐου-

2422 1549 2618 1601 λεύειν.
2650 1550 2815 1612 Τίνας
2851 1550 2959 1616 γὰρ
3005 1550 3197 1613 ἄλλους
3245 1552 3351 1621 προ
3396 1551 3552 1620 ἡμῶν
3596 1553 4007 1617 ἁπατήσαντες,

2423 1641 2595 1693 ταῦτα
2621 1645 2900 1709 παρέσχον
2928 1643 3061 1708 ἡμῖν
3092 1644 3221 1712 περὶ
3251 1643 3431 1695 αὐτῶν
3458 1642 3789 1695 ὑποπτεύειν
3809 1661 3825 1705 ',
3849 1642 4011 1694 Ἀλλὰ

2429 1736 2535 1801 μὴν
2562 1734 2780 1795 πολλοῖς
2822 1734 2923 1800 μὲν
2952 1734 3167 1787 ἔσωσαν
3198 1735 3440 1804 δεηθεῖσι
3476 1739 3573 1798 τὰς
3609 1737 3887 1802 πατρίδας
3918 1738 4012 1788 x19.

2424 1826 2525 1893 τὴν
2557 1825 2872 1894 ἐλευθερίαν
2895 1843 2908 1858 ο
2956 1828 3103 1887 ὅστις
3141 1828 3195 1879 δὲ
3227 1829 3294 1881 δι’
3327 1830 3526 1891 αὐτοὺς
3561 1832 3747 1897 χεῖρον
3777 1828 3892 1879 τῶν
3931 1829 4013 1878 ἑλ-

2428 1917 2597 1969 πίδων
2622 1917 2956 1986 ἀπήλλαξεν,
2993 1918 3093 1970 οὐκ
3125 1920 3191 1971 ἂν
3222 1918 3335 1987 ἔχοι
3366 1937 3451 1983 τις
3507 1921 3668 1989 μέχρι
3708 1919 3874 1988 δεῦρο
3906 1920 4014 1971 δει-

2429 2007 2642 2060 κνύναι.
2691 2011 2799 2061 Καὶ
2856 2011 3091 2077 τοσαύτη
3158 2011 3287 2080 παρ’
3344 2012 3527 2072 αὐτοῖς
3554 2016 3700 2063 ἐστιν
3739 2011 3836 2073 τῆς
3882 2010 4015 2079 περὶ

2427 2100 2582 2153 ταῦτ’
2619 2102 2825 2171 ἀρετῆς
2872 2105 2905 2171 ἡ
2962 2104 3261 2174 ὑπερϐολὴ,
3295 2104 3421 2156 ὥστ’
3453 2106 3553 2174 ἤδη
3587 2122 3670 2167 τις
3720 2105 3784 2157 ἂν
3825 2104 4014 2156 αοὲτῶν

2430 2195 2559 2265 περὶ
2590 2195 2764 2249 ταῦτα
2792 2198 2886 2249 καὶ
2916 2197 3171 2266 εὐήθειαν
3202 2197 3522 2265 καταγνοίη.

2508 2459 2725 2512 Τούτων
2752 2459 2861 2529 γάρ
2890 2462 3041 2512 ἐστιν
3081 2463 3108 2513 6
3150 2460 3384 2529 πόλεμον
3415 2462 3554 2532 πρός
3583 2480 3704 2515 τινα
3734 2463 3866 2531 περὶ
3916 2466 4021 2533 γῆς

2431 2554 2571 2621 ὅρων
2615 2551 2917 2619 ἐξενεγκὼν
2942 2568 2958 2585 ο
2993 2553 3116 2605 ἐπεὶ
3162 2553 3207 2605 δ’
3253 2552 3538 2619 ἀποθάνοι,
3572 2556 3669 2622 τῆς
3700 2556 3890 2624 χώρας
3927 2561 4022 2609 καὶ

2431 2646 2524 2698 τοῦ
2554 2646 2743 2708 παιδὸς
2779 2646 3179 2715 ἀποσχόμενος,
3218 2649 3324 2709 ὅτι,
3371 2649 3527 2716 φησὶ,
3564 2650 3834 2701 τελευτῶν
3862 2653 3892 2703 6
3926 2669 4021 2702 πο-

2432 2737 2641 2807 λέμιος,
2672 2740 2793 2799 ταῖς
2833 2737 3123 2806 διαθήκαις
3155 2739 3361 2791 παίδων
3415 2741 3508 2791 καὶ
3559 2741 3823 2806 γυναικὸς
3850 2743 4023 2792 αὐτὸν

2434 2827 2774 2897 ἐπιμελητὴν
2833 2828 3182 2897 παρέγραψε,
3236 2830 3345 2882 Καὶ
3380 2831 3407 2881 6
3456 2829 3557 2897 μὲν
3614 2831 3845 2899 ἐθάρρει
3880 2837 4025 2899 μετα

2432 2921 2532 2987 τὴν
2565 2919 2844 2989 τελευτὴν,
2949 2919 3060 2982 ζῶν
3100 2921 3400 2990 ἐπολέμει·
3438 2924 3465 2973 6
3494 2923 3539 2974 δ’
3577 2924 3669 2973 ἐπὶ
3698 2924 3813 2975 τῶν
3842 2942 4026 2991 τραγ.

2437 3012 2625 3079 μάτων
2652 3011 2902 3063 ἐϐεϐαίου
2934 3012 3033 3079 τὴν
3065 3011 3223 3077 δόξαν
3243 3030 3257 3043 ·
3296 3013 3572 3080 αῐσχιστον
3597 3010 3739 3067 εἶναι
3784 3017 4029 3081 νομίζων

2438 3098 2677 3167 βελτίους
2708 3098 2852 3169 ἔχειν
2875 3100 3007 3168 περὶ
3030 3100 3195 3152 αὑτοῦ
3226 3102 3352 3164 τοὺς
3384 3102 3672 3170 δυσμενεῖς
3699 3104 4028 3172 ὑπολήψεις,

761 3213 818 3250 se
846 3199 1075 3250 sentiret
1104 3216 1115 3249 ε
1148 3207 1316 3264 utque
1370 3197 1477 3250 illis
1512 3197 1908 3251 humanitatem
1953 3199 2213 3267 suffragio
2254 3214 2327 3254 as-

2440 3184 2515 3243 ὧν
2544 3190 2705 3253 αὐτὸς
2733 3194 2863 3259 περὶ
2887 3190 3083 3243 ἑαυτοῦ
3113 3207 3129 3224 ο
3154 3192 3441 3254 κάκείνους
3475 3193 3573 3261 μὲν
3602 3194 4030 3264 φιλανθρωπίαν

760 3288 1097 3346 seretttilus.
1141 3288 1257 3354 ipse,
1315 3286 1417 3341 sibi
1482 3284 1824 3340 crudelitatis
1859 3289 2113 3339 conscius
2166 3296 2330 3341 esset.

761 3378 948 3445 Itaque
979 3394 1169 3431 eorum
1198 3377 1429 3430 laudans
1460 3379 1749 3432 consilium
1792 3379 1884 3447 qui
1927 3381 2045 3445 ejus
2095 3380 2169 3432 illi
2221 3381 2335 3433 aui-

764 3471 837 3522 mi
876 3481 1129 3523 auctores
1165 3470 1416 3531 fuissent,
1454 3470 1597 3523 haud
1631 3471 1831 3525 frustra
1884 3472 2165 3525 inimicum
2212 3488 2337 3541 spe-

766 3577 940 3627 rasse,
1008 3562 1171 3615 rebus
1228 3564 1627 3630 comprobavit.
1688 3562 1827 3616 Cum
1889 3564 2031 3617 enim
2106 3580 2335 3631 puerum

764 3653 907 3713 apud
943 3669 1000 3707 se
1059 3653 1344 3722 magniﬁce
1393 3652 1666 3714 educavit,
1700 3662 1812 3706 tum
1842 3654 1962 3723 ejus
2002 3656 2339 3723 principatus

764 3760 830 3801 ac
860 3746 1220 3813 spectantium
1250 3746 1313 3798 ad
1367 3746 1569 3815 ipsum,
1614 3759 1800 3798 curam
1838 3745 2058 3799 interim
2084 3746 2216 3815 egit,
2246 3746 2341 3799 do—

768 3850 869 3893 nat:
903 3838 990 3890 ille
1026 3839 1145 3905 ejus
1178 3838 1504 3890 eduratione
1550 3852 1612 3889 ac
1641 3852 1797 3897 cura.
1828 3838 1991 3890 etiam
2048 3845 2201 3906 patre
2238 3837 2341 3890 im-

768 3932 924 3999 perio
956 3931 1133 4000 aptior
1167 3932 1519 3994 redderetur;
1576 3943 1800 4000 tumque
1857 3932 2041 3984 domui
2080 3931 2340 3999 przrfecit,

770 4021 1031 4075 idoneum
1079 4021 1191 4087 jam
1241 4022 1333 4089 qui
1365 4037 1453 4074 res
1487 4022 1818 4075 domesticas
1848 4029 2137 4073 tutaretur.
2172 4021 2343 4074 Caete-

769 4128 889 4163 runt
926 4113 1069 4179 quod
1113 4112 1374 4179 deinceps
1403 4113 1652 4180 sequitur
1690 4127 1829 4180 quos
1880 4127 1987 4165 non
2028 4114 2246 4166 virtutis
2284 4114 2341 4165 ti-

768 4201 969 4271 drique
1003 4203 1136 4256 ﬁnes
1179 4204 1424 4257 excedit?
1471 4202 1609 4257 Cum
1670 4205 1818 4258 enim
1872 4203 2110 4272 juvenis,
2162 4204 2344 4257 animo

766 4295 999 4361 juvenili
1033 4309 1098 4349 ac
1143 4295 1285 4346 :rtati
1340 4310 1585 4359 congruo
1635 4304 1810 4360 esset;
1868 4297 2180 4363 nedumque
2238 4311 2342 4349 non

769 4394 1043 4454 qna-reret
1069 4401 1169 4454 pro
1199 4384 1481 4439 beneﬁciis
1513 4386 1713 4454 quibus
1746 4385 1937 4439 fuisset
1969 4386 2198 4440 aﬂ'ectus
2220 4402 2345 4454 gra-

771 4478 902 4531 tiam
936 4476 1185 4538 reddere,
1220 4486 1279 4529 ut
1325 4476 1434 4545 jam
1485 4491 1705 4545 quoque
1752 4477 2020 4544 correptis
2076 4476 2244 4528 armis
2291 4476 2343 4529 in

2439 3284 2589 3351 αὐτῷ
2620 3285 2945 3353 μαρτυρεῖν,
2977 3283 3123 3352 αὖτῷ
3145 3285 3188 3336 δ’
3213 3285 3377 3336 αὑτὸν
3400 3286 3663 3354 ὡμότητα
3696 3288 4028 3339 συνειδέναι.

2438 3377 2646 3445 Τοιγᾶρ
2686 3376 2781 3429 καὶ
2812 3374 2937 3436 τοὺς
2964 3374 3159 3443 ἑκείνῳ
3187 3374 3392 3444 ταύτην
3420 3376 3724 3437 δεδωκότας
3758 3380 3861 3448 τὴν
3894 3379 4033 3445 γνὼο

2442 3488 2549 3538 μην
2576 3467 2677 3536 τῆς
2709 3468 3024 3537 συμϐουλῆς
3056 3466 3376 3529 ἐπαινέσας,
3409 3467 3501 3518 ἐπὶ
3530 3467 3642 3521 τῶν
3674 3471 4033 3537 πραγμάτων

2439 3561 2531 3612 καὶ
2550 3559 2709 3622 αὐτὸς
2732 3560 2791 3611 οὗ
2831 3560 3011 3628 μάτην
3037 3557 3310 3627 ὴλπικότα
3342 3558 3434 3610 τὸν
3466 3559 3556 3626 ὲχθ
3568 3560 3659 3626 ρδν
3686 3561 3995 3614 ἀπεδείκνυ
4014 3576 4032 3591 ⁸

2442 3654 2537 3705 καὶ
2570 3652 2661 3704 τόν
2705 3668 2763 3703 τε
2806 3650 2975 3703 παῖδα
3026 3650 3246 3719 τρέφων
3295 3650 3431 3719 παρ’
3467 3650 3647 3719 ἐαυτῷ
3697 3652 4035 3720 φιλοτίμως.

2443 3743 2538 3796 καὶ
2564 3742 2663 3811 τῆς
2692 3744 2866 3810 ἀρχῆς
2898 3742 2991 3793 καὶ
3035 3742 3145 3792 τῶν
3176 3741 3371 3810 ὲκείνῳ
3401 3741 3774 3811 διαφερόντων
3830 3745 4035 3813 ἐπιμε-

2441 3835 2699 3903 λούμενος
2748 3835 3043 3900 διεγένετο,
3111 3833 3217 3895 ἕως
3274 3835 3480 3885 ἐκεῖνον
3533 3837 3594 3901 τῇ
3643 3834 3781 3903 παρ’
3831 3837 4033 3889 ἑαυτοῦ

2441 3930 2616 3995 τροφῇ
2652 3927 2742 3978 καὶ
2795 3926 2991 3995 μελέτῃ
3049 3926 3140 3977 καὶ
3173 3924 3268 3977 τοῦ
3305 3926 3510 3993 πατρδε
3547 3925 3745 3993 βελτίω
3802 3929 3942 3995 πρὸς
3980 3930 4038 3979 τὸ

2444 4021 2630 4086 ἄρχειν
2658 4019 2932 4084 ἀπέδειξε,
2957 4019 3051 4070 καὶ
3080 4018 3199 4069 τότε
3225 4017 3327 4086 τῆς
3351 4018 3557 4079 οἰκείας
3584 4018 3814 4085 ἐφίστη,
3851 4021 4040 4073 ίκανὲν

2445 4112 2738 4180 γενόμενον
2774 4109 2970 4172 σώζειν
2994 4110 3062 4162 τὰ
3098 4110 3260 4163 οῖκοι.
3296 4110 3369 4161 Τὸ
3397 4109 3443 4161 δ’
3474 4109 3677 4176 ἐφεξῆς
3708 4112 3876 4174 τίνας
3910 4114 4043 4182 ἀρε-

2446 4201 2543 4269 τῆς
2593 4203 2685 4254 καὶ
2722 4203 2961 4263 πίστεως
3009 4201 3170 4268 ὄρους
3219 4200 3318 4268 οὐχ
3372 4199 3733 4269 ὑπερϐαίνει;
3770 4203 3887 4255 Τοῖ’
3935 4208 4043 4273 γὰρ

2446 4293 2567 4344 νέου
2601 4293 3009 4361 συμϐαίνουσαν
3038 4292 3254 4361 ἔχοντος
3294 4294 3388 4344 καὶ
3418 4294 3515 4360 τὴν
3542 4292 3777 4363 γνώμην
3823 4300 3891 4365 τῇ
3928 4300 4044 4366 ἡλι-

2447 4386 2562 4455 κίᾳ,
2599 4386 2693 4438 καὶ
2740 4382 2952 4438 τοσοῦτ’
2983 4385 3324 4452 ἀποσχόντος
3362 4378 3438 4438 ὧν
3470 4380 3528 4438 εὖ
3563 4387 3834 4440 πεπόνθει
3881 4392 4045 4459 χάριν

2451 4476 2633 4545 ζητεῖν
2659 4476 2974 4539 ἀποδοῦναι,
3004 4476 3134 4529 ὥστ’
3164 4476 3267 4546 ήδη
3295 4476 3481 4529 καὶτὰ
3509 4477 3651 4529 ὅπλα
3679 4479 4042 4545 ἁρπάσαντα,

770 4585 895 4623 cutu
932 4570 1274 4637 procederet,
1316 4568 1408 4637 qui
1450 4569 1620 4635 patris
1651 4567 1855 4637 justius
1880 4583 2042 4636 quam
2075 4569 2327 4621 curatori:

2452 4569 2647 4636 χωρεῖν
2674 4568 2767 4619 ἐπὶ
2804 4566 2895 4619 τὸν
2923 4566 3259 4636 δικαιότερον
3296 4567 3361 4619 ἂν
3407 4568 3620 4635 πατέρα
3660 4568 3697 4637 ἢ
3732 4570 4046 4639 ἐπίτροπον

770 4656 1015 4709 ontnium
1046 4656 1303 4725 suffragio
1337 4671 1535 4709 nomen
1577 4657 1841 4722 referret;
1881 4658 1989 4719 ille,
2033 4672 2131 4710 nec
2166 4657 2345 4711 illatas

771 4763 799 4799 a
832 4757 986 4815 patre
1028 4748 1260 4816 injurias
1300 4748 1352 4801 in
1410 4750 1728 4802 memoriam
1784 4749 2080 4810 revocavit,
2136 4764 2235 4801 nec
2289 4749 2342 4801 in

767 4837 989 4905 juvenis
1033 4837 1123 4890 illa
1174 4837 1389 4901 deliria,
1424 4846 1483 4890 ut
1535 4854 1633 4907 par
1667 4848 1805 4903 erat,
1835 4847 1920 4891 est
1952 4839 2343 4904 exacerbatus;

772 4945 876 4984 nec
903 4930 1141 4999 denique
1169 4932 1279 4999 egit
1303 4931 1504 5000 gratias
1547 4931 1800 4993 fortunzr,
1826 4931 1988 4985 dante
2011 4932 2129 5000 ejus
2156 4946 2343 4985 ansam

773 5022 1029 5087 stultitia,
1064 5033 1124 5076 ut
1169 5038 1268 5076 sua
1316 5024 1428 5091 ipse
1480 5038 1674 5090 eaque,
1710 5038 1805 5091 pro
1840 5022 2041 5091 quibus
2074 5031 2200 5075 ante
2248 5023 2345 5074 de-

775 5125 1130 5184 pugnaverat,
1168 5116 1467 5185 reciperet;
1508 5117 1639 5184 quitt
1688 5116 1821 5179 imo,
1870 5116 2105 5169 mirabili
2159 5130 2348 5169 acces-

774 5212 928 5264 sione
981 5210 1309 5278 principiqu
1346 5225 1568 5279 augere,
1618 5210 1761 5262 nulla
1797 5210 1913 5278 ipse
1940 5210 2042 5263 alia
2073 5210 2345 5271 mercede,

775 5318 937 5370 quant
964 5316 1159 5356 eorum
1199 5300 1292 5369 qui
1346 5301 1600 5369 injuriam
1652 5300 1845 5353 fecisse
1895 5300 2201 5354 videantur.
2260 5301 2349 5354 Sic

778 5408 911 5447 vero
940 5392 1106 5447 etiam
1159 5406 1280 5460 qua:
1324 5393 1493 5459 patris
1519 5402 1703 5445 essent
1736 5392 1789 5444 in
1822 5391 2224 5445 adolescentem
2258 5409 2349 5447 su-

782 5502 973 5555 perare
1005 5485 1307 5547 contendit,
1354 5493 1415 5536 ut
1442 5483 1659 5552 quidem
1714 5494 1936 5551 paterna
1997 5485 2197 5554 majora
2233 5485 2349 5553 pie-

782 5588 892 5633 tate
943 5578 1140 5643 ferret;
1194 5578 1451 5645 velutque
1516 5592 1614 5643 pro
1672 5576 1828 5645 ptteri
1883 5576 2176 5645 petulantia
2226 5593 2353 5629 eru-

779 5671 1013 5725 bescens
1042 5671 1180 5737 ipse,
1216 5685 1285 5721 ne
1321 5670 1445 5737 quis
1486 5671 1606 5738 ejus
1644 5684 1762 5722 eam
1814 5668 2216 5737 improbitatem
2253 5685 2353 5737 pu-

783 5763 1024 5826 tavisset,
1048 5762 1185 5816 alios
1215 5760 1437 5815 dicebat
1470 5761 1685 5831 juvenis
1728 5762 1971 5813 animum
2013 5760 2077 5813 ad
2111 5775 2173 5813 ea
2218 5760 2350 5812 inci-

782 5868 895 5908 tare
926 5871 939 5907 :
976 5856 1229 5910 mouebat
1260 5869 1385 5909 vero
1414 5863 1473 5908 ut
1508 5853 1677 5907 malos
1717 5851 1980 5919 ejusmodi
2010 5851 2353 5907 consiliarios

2448 4658 2553 4710 ὑπὸ
2583 4658 2804 4709 πάντων
2836 4657 3104 4727 κληθέντα
3126 4673 3139 4685 ’
3173 4659 3381 4721 ἐκεῖνος
3408 4653 3611 4711 οὔθ’ὦν
3649 4660 3762 4713 ὑπὸ
3792 4663 3897 4715 τοῦ
3936 4682 4043 4716 πα-

2449 4745 2575 4813 τρὸς
2606 4746 2853 4814 ἠδίκητο,
2888 4744 3227 4813 ἀνεμνήσθη,
3277 4745 3399 4797 οὔτε
3433 4747 3569 4814 πρὸς
3616 4749 3749 4811 τοὺς
3780 4750 3885 4803 τοῦ
3918 4753 4041 4805 νέου

2450 4837 2673 4907 λήρους,
2714 4838 2788 4898 ὠς
2819 4837 2987 4899 εἰκὸς,
3038 4836 3387 4905 παρωξύνθη,
3420 4836 3543 4889 οὔτε
3575 4840 3641 4906 τῇ
3692 4839 3843 4911 τύχῃ
3880 4844 4042 4913 χάριν

2450 4929 2612 4995 ἔγνω,
2642 4929 2737 4997 τῆς
2774 4929 2985 4980 ἐκείνου
3011 4927 3223 4995 μωρίας
3253 4928 3445 4997 καιρὸν
3479 4934 3926 5001 παρασχομένης
3959 4952 4042 4986 κο-

2456 5021 2716 5089 μίσασθαι
2746 5021 2843 5088 μὲν
2877 5020 2944 5072 τὰ
2971 5020 3147 5072 οἰκεῖα
3192 5021 3285 5072 καὶ⁵
3316 5019 3458 5089 ὑπερ
3486 5012 3561 5073 ὧν
3604 5023 3889 5093 πρότερον
3920 5029 4043 5079 ἑπο-

2451 5114 2642 5182 λέμει·
2675 5112 2960 5181 θαυμαστῇ
3004 5112 3059 5163 δέ
3094 5129 3202 5164 τινι
3249 5111 3537 5181 προσθήκῃ
3583 5112 3687 5181 τὴν
3715 5113 3904 5184 ἀρχὴν
3948 5118 4043 5170 αὖ-

2454 5204 2637 5270 ξῆσαι,
2689 5203 3068 5272 προσλαϐόντα
3107 5203 3175 5255 τὰ
3222 5203 3331 5255 τῶν
3370 5202 3657 5273 ὑϐρικέναι
3689 5205 4037 5261 δοκούντων

2453 5295 2569 5347 ἀλλ’
2611 5292 2756 5346 οὕτω
2806 5295 2900 5346 καὶ
2944 5295 3013 5346 τὰ
3050 5292 3143 5345 τοῦ
3191 5293 3398 5363 πατρὸς
3443 5295 3896 5363 ὑπερϐάλλεσθαι
3929 5303 4039 5361 τοῖς

2454 5390 2533 5446 εἰς
2559 5386 2649 5437 τὸν
2677 5387 2795 5437 νέον
2826 5385 3218 5454 ἐφιλονείκησε,
3264 5385 3394 5437 ὥστ’
3425 5384 3689 5453 ἠνέσχετο
3734 5387 3865 5454 μὲν,
3900 5392 4038 5442 ὅσων

2454 5479 2562 5530 οὐδ’
2585 5478 2649 5530 ἂν
2668 5478 2909 5539 ἐκεῖνος’
2941 5476 3131 5546 ὥσπερ
3160 5477 3206 5529 δ’
3234 5477 3373 5546 ὑπὲρ
3401 5470 3478 5529 ὦν
3504 5478 3837 5546 ἠσέλγαινεν
3864 5484 3895 5533 6
3917 5486 4045 5545 παῖς

2453 5572 2867 5640 αἰσχυνόμενος,
2909 5572 2982 5639 μή
3019 5587 3103 5632 τις
3140 5569 3306 5622 αὑτοῦ
3330 5569 3429 5640 τὴν
3460 5571 3877 5642 ἀγνωμοσύνην
3905 5578 4046 5627 ὲκεί-

2456 5683 2553 5731 νην
2579 5665 2794 5735 νομίσῃ,
2821 5663 3013 5723 ἄλλους
3039 5663 3223 5727 ἔλεγεν
3253 5656 3392 5713 εἶναι
3413 5662 3538 5723 τοὺς
3560 5662 3725 5714 αὑτὸν
3748 5664 3849 5716 ἐπὶ
3870 5668 4046 5721 ταῦτα

2460 5756 2818 5823 κεκινηκότας
2845 5770 2859 5784 °
2895 5752 3057 5805 αὐτὸν
3090 5752 3146 5805 δὲ
3174 5752 3407 5821 παρῄνει
3438 5754 3563 5813 τοὺς
3589 5754 3874 5821 πονηροὺς
3914 5774 4045 5825 συμ.

2463 5848 2686 5910 δούλους
2726 5850 3053 5918 μισήσαντα,
3104 5843 3211 5896 τῶν
3258 5842 3350 5896 τοῦ
3382 5843 3587 5913 πατρὸς
3633 5843 3928 5915 διαθηκῶν
3956 5852 4040 5901 καὶ
