4198 6440
99 458 214 519 993

1042 461 1325 520 ORATIO
1370 459 1516 520 PRO
1558 459 1917 520 SUBSIDIO
1959 461 2438 522 LATINORUNI.

3263 463 3365 523 99$

95 573 208 638 τῆς
238 567 375 640 παρ’
400 552 548 641 αύτῷ
577 571 828 634 παιδείας
864 571 1205 640 μεμνῆσθαι,
1229 571 1501 624 νουθετεῖν
1535 571 1696 639 ἐγνω-

1807 570 2012 625 habens
2046 573 2193 634 odio,
2253 572 2562 626 testamenti
2611 572 2782 642 patris
2846 588 2909 628 ac
2960 590 3182 643 nupera:
3238 578 3383 645 apud

98 663 224 724 κὼς
259 664 461 732 μᾶλλον
489 664 521 733 ἧ
560 664 840 733 πολεμεῖν.
879 663 988 717 Καὶ
1017 664 1189 717 πολλά
1231 682 1314 727 τις
1344 665 1410 717 ἂν
1440 663 1553 733 ἔχοι
1585 682 1697 715 τοι-

97 754 251 808 αῦτα
277 758 387 807 τῶν
418 757 628 827 ἀνδρῶν
660 758 865 809 τούτων
889 757 1207 827 διηγήματα
1236 758 1434 826 λέγειν.
1477 756 1541 809 Εἰ
1583 756 1694 809 τοί-

99 866 205 899 νυν
238 849 471 909 καὶτοῖς
508 848 724 917 ἐχθροῖς
781 851 861 901 ὅτι
902 851 1065 918 μόνον
1109 850 1293 912 αὐτοῖς
1343 849 1693 913 ἐπίστευσαν,

97 941 327 1005 ἀξιοῦσι
362 942 461 1009 τὴν
491 942 663 1011 ὀργὴν
695 941 935 1010 ἀφιέναι,
989 943 1103 1005 πῶς
1134 944 1195 995 οὐ
1232 944 1443 1012 γελοῖον
1469 943 1695 1004 τούτους

98 1035 381 1096 ἀπίστους
439 1034 663 1087 ἔσεσθαι
696 1039 809 1098 τοῖς
838 1035 1010 1104 φίλοις
1038 1037 1317 1105 νομίζειν;
1357 1038 1450 1089 καὶ
1501 1038 1547 1089 εἰ
1585 1038 1695 1088 τῶν

96 1126 321 1178 ἀδικεῖν
343 1127 435 1178 καὶ
465 1129 827 1196 καταφρονεῖν
851 1126 1154 1181 δοκούντων
1183 1129 1492 1196 ἀνέχονται,
1517 1126 1570 1181 τί
1595 1129 1695 1181 οὐκ

99 1218 172 1268 ἂν
212 1218 483 1287 πράξαιεν
508 1219 650 1286 ὑπὲρ
679 1219 788 1271 τῶν
814 1218 1068 1271 διδόντων
1111 1221 1206 1271 καὶ
1243 1220 1557 1289 δεομένων;
1601 1220 1695 1274 καὶ

100 1310 154 1360 εἰ
198 1312 316 1371 τοῖς
362 1309 644 1378 πολεμίοις
697 1311 797 1373 τὰς
850 1312 930 1372 εἰς
981 1312 1180 1373 αὐτοὺς
1233 1311 1458 1374 ἐλπίδας
1498 1312 1694 1380 κυρίας

98 1400 325 1466 ἀξιοῦσι
358 1404 555 1465 ποιεῖν,
593 1402 711 1464 πῶς
741 1403 801 1454 οὐ
826 1404 917 1455 καὶ
952 1403 1108 1454 πλέον
1138 1420 1189 1456 τι
1232 1406 1370 1473 πρὸς
1399 1402 1525 1465 τοὺς
1562 1420 1693 1472 συγ-

99 1495 293 1557 γενεῖς
335 1494 733 1559 ἑπιδείξονται;

198 1671 366 1725 ’Λλλά
404 1671 511 1741 μὴν
535 1673 562 1724 ὃ
594 1690 650 1724 τε
679 1675 779 1742 τῆς
826 1674 1120 1744 στρατείας
1147 1676 1364 1742 ἐκείνης
1396 1677 1699 1746 ἡγούμενος

103 1764 345 1840 ἀνεψιός
386 1766 502 1817 ἐστι
530 1764 607 1834 τῷ
630 1766 765 1834 παρ’
800 1766 933 1835 ἡμῖν
963 1766 1195 1836 βασιλεῖ,
1222 1770 1316 1820 καὶ
1344 1771 1569 1842 πάππος
1593 1769 1700 1838 ἀμ-

102 1856 236 1921 φοῖν
267 1853 334 1926 ἦν
357 1858 384 1909 ὁ
411 1857 488 1926 τῷ
512 1858 612 1928 βίῳ
642 1858 763 1921 δοὺς
791 1859 849 1911 τὸ
878 1858 1199 1928 θαυμαστὸν
1223 1861 1398 1912 ἐκεῖνο
1423 1859 1695 1931 διήγημα.

1801 664 1982 731 ipsum
2020 663 2369 717 educationis
2421 664 2792 729 meminisset;
2833 664 3131 718 admonere
3166 666 3384 727 doctus,

1799 770 1908 807 non
1954 756 2149 808 bellum
2185 756 2411 810 inferre.
2451 757 2740 825 Possilque
2769 756 2890 822 quis
2920 758 3191 827 ejusmodi
3226 762 3384 829 plura

1798 846 1868 898 ab
1898 844 1964 897 iis
1994 856 2142 915 gesta
2185 862 2429 900 narrare.
2458 846 2744 916 Siquidem
2767 850 3082 919 ergoetiam
3113 850 3380 917 hostibus,

1797 952 1865 990 eo
1891 939 2036 1006 quod
2072 938 2202 1003 ipsis
2244 939 2567 993 habuissent
2620 939 2806 1002 fidem,
2862 942 3223 997 remittendus
3273 944 3389 999 iras

1800 1038 2165 1098 putaverunt;
2222 1030 2321 1099 qui
2376 1046 2484 1085 non
2532 1030 2849 1093 ridiculum,
2889 1041 2948 1085 ut
2996 1031 3153 1087 fidem
3189 1038 3386 1091 amic's

1801 1124 2056 1177 violaturi
2105 1124 2432 1188 credantur;
2484 1140 2721 1197 cumque
2770 1141 2867 1180 eos
2920 1128 3248 1194 sustineant,
3289 1132 3384 1200 qui

1801 1216 1997 1285 injuria
2032 1216 2246 1271 allicere
2293 1230 2358 1270 ac
2396 1225 2751 1271 contemnere
2795 1218 3075 1283 videntur,
3108 1219 3237 1289 quid
3275 1238 3325 1274 ni
3349 1239 3383 1275 n

1801 1307 2031 1361 fecerint
2055 1324 2246 1364 eorum
2297 1312 2493 1381 gratia,
2529 1312 2624 1378 qui
2669 1320 2724 1365 et
2768 1311 3038 1375 tribuunt,
3082 1323 3131 1367 et
3181 1315 3388 1368 auxilio

1800 1398 1993 1453 adesse
2047 1404 2375 1469 precantur?
2425 1402 2561 1456 Cum
2625 1403 2864 1470 denique
2922 1404 3177 1460 hostibus
3237 1416 3387 1462 ratas

1800 1491 2245 1557 exspectationes
2272 1492 2464 1555 velint,
2498 1494 2592 1562 qui
2631 1509 2739 1546 non
2767 1493 2944 1564 majus
2962 1494 3172 1564 aliquid
3192 1498 3388 1551 adver-

1801 1597 1896 1634 sus
1937 1590 2199 1650 cognatos
2229 1582 2339 1635 sint
2364 1582 2741 1653 designaturi?

1871 1674 2189 1739 Enimvero,
2228 1675 2318 1743 qui
2357 1674 2432 1728 illi
2473 1676 2739 1729 exercitui
2786 1676 2899 1732 dux
2937 1677 3224 1748 pra-fectus
3278 1689 3383 1741 est,

1800 1766 2162 1820 consobrinus
2183 1778 2260 1822 est
2284 1768 2454 1822 nostri
2490 1767 2934 1841 impcratoris(5)
2961 1789 2974 1823 :
3000 1771 3212 1840 fuitque
3247 1783 3389 1827 utr.-

1800 1874 1906 1929 que
1934 1875 2070 1913 avus
2111 1862 2203 1928 qui
2241 1862 2548 1915 mirabilem
2597 1877 2715 1915 eam
2749 1863 3033 1917 historiam
3066 1864 3267 1919 saeculo
3297 1880 3387 1919 re-

104 1947 239 2010 Πῶς
271 1947 364 2001 οῦν
397 1950 425 2001 ὁ
460 1951 559 2019 μὲν
594 1950 846 2015 ἀνέξεται
872 1952 968 2004 καὶ
999 1951 1154 2004 ταῦτ’
1187 1952 1265 2015 είς
1305 1953 1511 2023 ἀρετῆς
1540 1954 1696 2022 λόγον

1801 1950 1979 2017 liquit.
2014 1949 2302 2013 Quomodo
2332 1951 2539 2019 itaque.
2576 1967 2699 2006 cum
2742 1953 2829 2007 ille
2862 1954 2998 2007 adeo
3030 1970 3058 2007 a
3114 1956 3385 2024 majorum

104 2040 227 2091 τῶν
254 2058 385 2110 προγ
401 2043 535 2095 όνων
578 2042 1003 2113 ἀπολειφθῆναι,
1034 2044 1131 2097 καὶ
1170 2045 1267 2113 τὴν
1297 2045 1503 2115 ἐτέρων
1540 2048 1699 2096 πλεο-

103 2132 299 2196 νεξίαν
340 2134 687 2202 μιμήσασθαι
723 2175 737 2201 ,
771 2134 889 2198 ἐξὸν
920 2135 1019 2204 τὴν
1073 2135 1281 2189 οἰκείαν
1322 2135 1695 2204 δικαιοσύνην,

105 2226 136 2276 ὁ
170 2225 220 2275 δ’
256 2224 586 2277 ὑποπτεύσει
619 2226 711 2278 τὸν
746 2226 1010 2294 συγγενῆ,
1045 2225 1106 2278 ὃν
1134 2227 1166 2295 ή
1203 2226 1459 2279 κοινωνία
1485 2226 1579 2278 τοῦ
1610 2227 1699 2293 γέ-

106 2333 243 2377 νους
307 2318 594 2386 συμφορὰν
652 2318 958 2384 ἀναγκάζει
1012 2317 1289 2370 ποιεῖσθαι
1339 2318 1408 2371 τά
1454 2320 1697 2389 ἡμέτερα

108 2410 305 2477 πάθη;
336 2410 512 2472 Ὀλως
544 2411 601 2462 δὲ
644 2412 944 2481 Ῥωμαίοις
985 2413 1094 2480 πρὸ
1144 2410 1324 2482 πάσης
1369 2411 1534 2482 ἄλλης
1570 2412 1699 2481 ἀρε-

106 2500 281 2571 τῆςὴ
344 2501 697 2573 δικαιοσύνη’
732 2503 825 2555 καὶ
871 2502 1125 2571 δηλοῦσιν
1154 2504 1203 2555 οί
1268 2504 1442 2573 νόμοι,
1496 2505 1587 2556 καὶ
1632 2504 1699 2567 ἃς

109 2593 409 2648 ἀπαιτοῦσι
442 2594 596 2657 δίκας
634 2594 758 2658 τοὺς
786 2595 991 2648 ἀδικεῖν
1021 2596 1352 2664 ἐγνωκότας.
1383 2597 1455 2647 Τὸ
1498 2596 1542 2648 δ’
1569 2598 1698 2649 ἄπι-

108 2705 244 2741 στον
282 2686 420 2741 εἶναι
471 2689 600 2757 παρ’
652 2689 855 2751 αὐτοῖς,
906 2691 999 2741 καὶ
1032 2689 1151 2759 μετ’
1192 2691 1411 2756 ἀπάτης
1464 2689 1698 2758 χρῆσθαι

105 2783 230 2843 τοῖς
267 2782 539 2851 χρήμασι,
568 2782 711 2843 τίνος
739 2781 839 2833 οῦκ
876 2783 1230 2851 αἰσχρότερον
1264 2780 1494 2850 βρόχου;
1529 2781 1583 2831 οἶ
1634 2797 1697 2849 γε

114 2871 247 2941 μηδ’
274 2873 331 2924 ὲν
361 2874 473 2935 τοῖς
526 2871 668 2941 ὑπὲρ
698 2872 808 2925 τῶν
836 2873 973 2925 ὅλων
1008 2872 1286 2942 πολέμοις,
1318 2872 1415 2925 καὶ
1443 2865 1505 2923 οῦ
1543 2873 1698 2941 νόμιο

112 2976 222 3028 μον
254 2961 487 3022 ἀπάταις
515 2960 751 3030 χρῆσθαι
778 2962 904 3022 τοὺς
932 2961 1277 3030 στρατηγοὺς
1308 2963 1402 3014 καὶ
1433 2962 1702 3031 σοφίσμα·

115 3067 210 3102 σιν
232 3089 248 3115 ,
281 3050 388 3103 οὐδ’
418 3054 536 3104 ἐκεῖ
589 3050 873 3120 βούλονται
932 3052 1069 3117 μετά
1096 3051 1190 3104 τοῦ
1245 3050 1475 3119 ψεύδους
1502 3052 1661 3121 νικᾷν
1682 3067 1696 3081 ⁸

109 3141 257 3195 ἀλλὰ
284 3142 639 3210 προειπόντες
672 3142 747 3205 ὡς
794 3141 1009 3211 ἥξουσι,
1067 3145 1163 3196 καὶ¹
1201 3143 1328 3204 τοὺς
1370 3143 1570 3203 τόπους
1606 3143 1700 3194 καὶ

114 3240 247 3300 τοὺς
288 3238 515 3309 χρόνους
550 3238 892 3308 κηρύξαντες
940 3256 1222 3308 αντικρυς,
1255 3236 1429 3299 οῦτως
1462 3238 1541 3299 είς
1597 3240 1699 3307 τὴν

115 3332 305 3401 μάχην
338 3331 698 3385 καθίστανται
719 3348 732 3363 ⁸
762 3334 864 3403 τὴν
894 3331 1016 3402 μετ’
1056 3332 1258 3403 ἀρετῆς
1286 3326 1458 3402 ἧτταν
1492 3330 1586 3384 τοῦ
1623 3349 1700 3383 νι-

116 3426 223 3493 κᾷν
255 3423 495 3492 ἀγεννῶς
531 3425 757 3493 ἀνδράσι
799 3426 1003 3495 μᾶλλον
1034 3427 1336 3495 προσήκειν
1364 3423 1696 3493 νομίζοντες.

119 3516 251 3569 Πὸτ’
276 3515 370 3569 οῦν
397 3518 750 3587 ἀπατήσουσι
784 3516 1223 3589 συμμαχοῦντες,
1250 3518 1303 3569 οἵ
1325 3534 1388 3585 γε
1426 3517 1561 3588 μηδὲ
1590 3534 1697 3585 μα-

112 3612 343 3679 χόμενοι
403 3611 676 3678 χρήσιμον
704 3611 908 3663 οἴονται
942 3612 1003 3662 τὸ
1053 3609 1284 3678 ψεῦδο;;
1333 3607 1475 3674 Ἐγὼ
1526 3609 1581 3661 δὲ
1608 3608 1700 3661 καὶ

110 3699 276 3753 τοῦτο
307 3698 519 3768 ἀπορῶ,
552 3704 600 3752 εἰ
652 3700 847 3771 παρὼν
877 3701 973 3755 νῦν
1002 3703 1031 3754 ὁ
1080 3701 1333 3772 βασιλεὺς
1366 3704 1480 3764 τοῖς
1518 3700 1698 3770 πράγ-

117 3806 289 3859 μασιν
344 3790 527 3861 ἔτυχε,
571 3792 693 3845 τίνα
742 3794 808 3846 ἂν
839 3789 993 3846 εἷπον
1027 3797 1074 3847 οἱ
1099 3794 1192 3847 νῦν
1231 3793 1405 3847 ταῦτα
1466 3795 1700 3864 δημηγο-

116 3884 367 3950 ροῦντες.
400 3883 462 3935 Et
497 3883 596 3951 μὲν
622 3884 731 3954 γὰρ
762 3887 1016 3938 κάκεῖνον
1045 3885 1318 3948 ἐκέλευον,
1348 3883 1441 3947 οὓς
1470 3885 1697 3938 ἐκάλεσε

116 3976 473 4044 συμμάχους,
507 3976 719 4039 τούτοις
771 3975 973 4028 κλείειν
1002 3977 1101 4039 τὰς
1132 3978 1231 4045 τῆς
1260 3977 1469 4039 πόλεως
1499 3978 1695 4041 πύλας,

113 4068 218 4119 οὐκ
251 4062 351 4120 οἶδ’
385 4067 582 4119 ὁπόθεν
631 4067 782 4137 αὑτῷ
818 4072 1120 4137 προσήκειν
1167 4067 1329 4121 τοῦτο
1374 4067 1602 4140 τοῦργον
1633 4071 1696 4139 ή-

117 4157 367 4224 γοῦνται.
411 4157 580 4225 Δῆλον
615 4156 724 4224 γὰρ
755 4158 831 4220 ὡς
865 4158 1021 4210 οὐδὲν
1070 4154 1148 4212 ὦν
1199 4157 1448 4211 ἐλθοῦσιν
1503 4159 1699 4228 ὑπισχ-

115 4250 284 4311 νεῖτο,
315 4249 558 4317 τηρῆσαι
609 4249 995 4302 συνεϐούλευον
1030 4249 1096 4303 ἄν
1119 4263 1133 4278 '
1167 4251 1264 4302 καὶ
1292 4250 1448 4303 ταῦτ’
1492 4252 1591 4302 οὐκ
1639 4250 1697 4314 ἐξ

112 4338 394 4407 ἀνάγκης,
425 4338 544 4390 ἀλλ’
576 4339 833 4409 ἐπίτηδες
866 4340 960 4392 ἐπὶ
981 4340 1080 4408 τὴν
1101 4342 1319 4408 ἀπάτην
1362 4339 1606 4396 ἐλθόντα.
1635 4341 1698 4393 Εἰ

112 4430 173 4482 δὲ
204 4430 461 4499 δέχεσθαι
513 4430 736 4492 τούτους
778 4431 1075 4501 παρῄνουν,
1120 4432 1239 4494 πῶς
1290 4433 1352 4485 οὐ
1413 4432 1572 4483 τοῦτο
1606 4433 1698 4484 καὶ

114 4519 211 4572 νῦν
244 4519 393 4571 ἴσασι
420 4519 512 4571 τὸν
546 4519 742 4587 καιρὸν
766 4519 1125 4573 ἀπαιτοῦντα.
1155 4522 1229 4573 Οὐ
1274 4520 1382 4589 γάρ
1417 4520 1589 4589 δήπου
1620 4518 1699 4588 τῷ

1802 2040 2075 2095 sustineat
2108 2041 2341 2096 deficere
2372 2044 2599 2107 virtute,
2648 2058 2712 2099 ac
2754 2045 2986 2098 aliorum
3036 2046 3239 2099 imitari
3281 2047 3388 2101 im-

1802 2133 2029 2201 probam
2065 2134 2419 2203 cupiditatem
2464 2152 2589 2190 cum
2627 2137 2984 2192 domesticam
3013 2139 3177 2195 liccat
3216 2141 3385 2210 justi-

1801 2226 1969 2288 tiam;
2024 2237 2140 2278 tum
2179 2227 2267 2280 hic
2294 2237 2585 2296 cognatum
2612 2239 2931 2299 suspectum
2965 2230 3182 2293 habent,
3220 2247 3385 2299 quim

1800 2317 2115 2370 communio
2158 2318 2375 2387 generis
2403 2321 2539 2374 mala
2573 2330 2760 2374 nostra
2817 2336 2973 2375 suam
3027 2321 3197 2391 ipsius
3242 2323 3391 2378 cala-

1802 2410 2046 2463 mitatem
2116 2408 2320 2464 ducere
2380 2411 2832 2467 facit?0mnino
2888 2422 3070 2467 autem
3134 2415 3389 2483 Itomani,

1800 2500 1948 2555 omni
1974 2502 2080 2555 alia
2114 2502 2420 2571 impensius
2460 2504 2687 2564 virtute,
2731 2503 3000 2570 justitiam
3054 2507 3266 2571 colunt,
3324 2522 3387 2560 ac

1805 2603 2078 2648 testantur
2108 2596 2277 2664 leges,
2323 2611 2570 2665 quasque
2618 2598 2846 2667 exigunt
2902 2614 3115 2666 punias,
3163 2598 3233 2651 ab
3296 2599 3384 2661 iis,

1801 2687 1894 2756 qui
1936 2686 2190 2757 injuriam
2230 2687 2458 2743 faciunt.
2499 2689 2686 2742 Datam
2726 2699 2907 2744 autem
2940 2690 3150 2744 violare
3200 2690 3385 2752 fidem,

1802 2779 2082 2847 rebusque
2127 2778 2356 2847 agendis
2388 2780 2713 2849 deceptione
2759 2783 2863 2841 uti.
2891 2798 3001 2849 quo
3042 2797 3151 2834 non
3188 2782 3387 2852 laqueo

1804 2867 2021 2935 turpius
2070 2867 2313 2921 habent?
2356 2871 2451 2938 qui
2504 2885 2683 2939 neque
2727 2870 2783 2924 in
2837 2870 3016 2935 bellis,
3061 2873 3266 2940 quibus
3294 2874 3390 2926 de-

1801 2968 2062 3012 cernatur
2090 2958 2156 3013 de
2188 2964 2370 3013 rerum
2400 2976 2636 3023 summa,
2664 2978 2726 3015 ac
2749 2962 2951 3030 quibus
2996 2963 3114 3032 lege
3162 2977 3389 3017 conces-

1802 3063 1947 3114 sum,
1980 3060 2040 3102 ut
2082 3050 2254 3103 duces
2300 3050 2627 3120 deceptione
2685 3062 2911 3107 utantur
2957 3069 3020 3106 ac
3075 3054 3385 3118 fraudibus,

1804 3140 2149 3194 mendacium
2198 3140 2445 3196 subsidio
2486 3143 2831 3208 adhibentes,
2868 3146 3091 3199 vincere
3144 3146 3313 3199 velint
3370 3164 3388 3201 :

1802 3233 1934 3302 quin
1972 3231 2083 3285 imo
2108 3233 2543 3301 pramuntiantes
2596 3242 2655 3287 ut
2705 3234 2815 3289 sint
2864 3236 3105 3301 venturi,
3160 3236 3387 3306 locaque

1801 3342 1866 3381 ac
1911 3337 2159 3396 tempora
2202 3326 2574 3396 designantes,
2611 3327 2691 3380 sic
2753 3326 2955 3380 bellum
3003 3327 3385 3389 committant;

1801 3420 1998 3483 decere
2028 3420 2199 3489 magis
2224 3420 2373 3473 viros
2403 3418 2804 3483 existimantes,
2838 3434 2961 3473 cum
2988 3421 3192 3472 virtute
3216 3418 3385 3483 vinci,

1800 3524 1962 3579 quam
2008 3509 2201 3579 ignave
2251 3524 2554 3578 parumque
2609 3509 2849 3563 viriliter
2905 3509 3139 3562 victoria
3194 3507 3383 3576 potiri.

1799 3599 2156 3666 Quandonam
2192 3615 2322 3669 ergo
2358 3600 2486 3654 belli
2541 3615 2599 3655 se
2654 3600 2837 3654 socios
2894 3599 3148 3668 professi,
3194 3598 3389 3669 decep-

1804 3694 1911 3746 turi
1945 3701 2096 3755 sunt,
2124 3693 2218 3762 qui
2250 3707 2318 3746 ne
2359 3691 2502 3746 bello
2542 3691 2765 3761 quidem
2802 3706 2927 3745 cum
2974 3690 3226 3744 hostibus
3258 3706 3287 3743 e
3322 3706 3381 3743 re

1801 3790 1993 3850 putent
2026 3782 2283 3836 mentiri?
2332 3782 2599 3850 Equidem
2634 3782 2738 3835 hoc
2789 3796 3008 3850 quoque
3046 3794 3255 3848 quem,
3306 3780 3385 3834 si-

1800 3873 2020 3942 quidem
2055 3875 2169 3941 ipse
2198 3888 2438 3942 praesens
2470 3873 2773 3941 imperator
2802 3873 3184 3927 deliberationi
3224 3871 3386 3926 ades-

1800 3975 1903 4030 set,
1956 3981 2207 4034 quaenam
2255 3965 2500 4034 praeclari
2568 3965 2621 4017 hi
2692 3980 2841 4019 nunc
2896 3971 3143 4018 oratores
3198 3974 3385 4018 essent

1801 4057 2039 4110 dicturi?
2090 4055 2232 4110 Sane
2282 4065 2343 4109 ut
2381 4064 2438 4109 ct
2485 4056 2637 4110 illum
2669 4058 2946 4126 juberent,
2998 4057 3151 4109 urnis
3196 4064 3383 4124 portas

1800 4149 2057 4204 claudere
2098 4148 2187 4213 iis,
2247 4162 2388 4217 quos
2454 4149 2581 4203 belli
2631 4148 2813 4202 socios
2870 4148 3175 4209 ascivisset,
3232 4146 3381 4200 haud

1799 4240 1913 4295 scio
1939 4240 2083 4293 unde
2123 4256 2236 4294 rem
2281 4240 2552 4294 facturum
2588 4250 2802 4311 putent,
2840 4256 2963 4310 qua:
3005 4241 3248 4295 deceret.
3285 4239 3383 4295 Li-

1799 4344 1930 4402 quet
1958 4333 2106 4386 enim
2153 4341 2408 4387 auctores
2438 4333 2577 4396 fore,
2612 4341 2671 4385 nt
2706 4333 2843 4386 nihil
2883 4349 3073 4387 eorum
3107 4348 3380 4396 servate.

1799 4441 1919 4495 quae
1954 4425 2300 4480 venientibus
2338 4436 2483 4479 esset
2542 4426 2841 4495 pollicitus;
2896 4436 3061 4493 atque
3120 4424 3172 4478 id
3224 4428 3375 4479 nuba

1799 4529 2027 4590 cogente
2068 4520 2415 4582 necessitate,
2464 4518 2559 4573 sed
2629 4530 2755 4572 cum
2803 4518 2927 4572 data
3000 4532 3167 4586 opera
3228 4516 3380 4571 frau-

116 4610 219 4679 μὲν
251 4610 463 4678 βασιλεῖ
509 4612 682 4663 ποιεῖν
729 4611 800 4663 τὰ
849 4612 1040 4666 δέοντα
1084 4611 1383 4665 δώσουσιν·
1415 4613 1600 4675 αὐτοῖς
1634 4611 1691 4665 δὲ

1799 4613 1923 4667 dem
1966 4613 2188 4667 faceret.
2231 4610 2325 4665 Sin
2363 4620 2545 4665 autem
2590 4621 2881 4665 monerent
2929 4618 2988 4663 ut
3028 4612 3153 4663 illos
3204 4610 3383 4663 susei-

111 4701 415 4769 φυλάξουσι
442 4700 540 4771 τὴν
567 4701 925 4772 ἀναισθησίαν
946 4718 962 4735 ⁸
990 4705 1086 4757 καὶ
1107 4704 1227 4756 τότε
1256 4704 1356 4774 μὲν
1380 4703 1687 4773 ἀληθεύειν,

110 4794 211 4847 νῦν
242 4795 299 4846 δὲ
359 4794 653 4863 ψεύδεσθαι
711 4796 962 4865 νομιοῦσι
1008 4797 1327 4867 προσῆκον·
1380 4798 1474 4851 καὶ
1516 4796 1690 4851 ταῦτα

117 4887 288 4957 μηδὲν
315 4887 602 4956 μέλλοντες
627 4889 692 4940 ὲκ
730 4888 833 4958 τῆς
885 4889 1169 4959 ἀγχινοίας
1210 4890 1420 4962 ταύτης
1477 4892 1693 4962 κερδαί-

114 4996 169 5030 νε
179 4996 251 5033 ιν.

1797 4713 1972 4776 peret,
2012 4707 2107 4774 qui
2157 4719 2266 4758 non
2339 4703 2391 4758 id
2431 4720 2651 4772 quoque
2699 4703 2861 4756 modo
2920 4718 3101 4772 opera:
3142 4701 3380 4771 pretium

1797 4796 2145 4867 intelligunt?
2192 4796 2305 4851 Nec
2368 4795 2514 4851 enim
2578 4796 2760 4850 daturi
2829 4804 2992 4857 sunt,
3057 4794 3379 4862 Imperatori

1796 4888 2018 4957 quidem
2068 4902 2392 4955 congruere,
2435 4902 2555 4956 quae
2603 4887 2866 4948 deceant;
2906 4884 3011 4939 sibi
3044 4895 3227 4939 autem
3267 4900 3383 4937 ser-

1801 4979 1975 5033 vaturi
2000 4978 2479 5033 insensibilitatem
2507 4995 2521 5031 :
2550 4994 2612 5032 ac
2642 4987 2775 5033 tunc
2807 4978 3055 5048 quidem,
3088 4976 3375 5029 colendam

1799 5074 2130 5134 veritatem,
2201 5069 2364 5124 modo
2426 5081 2610 5123 autem
2663 5068 3006 5122 mendacium
3070 5067 3378 5137 putabunt;

1801 5164 1985 5235 idque,
2005 5177 2131 5218 cum
2157 5175 2223 5216 ex
2238 5176 2303 5217 ea
2321 5161 2564 5216 versutia
2584 5162 2722 5215 nihil
2744 5162 2815 5216 sit
2835 5159 2972 5213 lucri
3004 5172 3380 5212 accessurum.

1378 5399 1476 5458 Fr.
1518 5392 1881 5459 Combeiisii
1916 5402 2100 5455 notae.

184 5572 263 5638 (3)
304 5568 464 5624 Forte
508 5583 573 5622 ex
628 5568 830 5623 familia
879 5567 1212 5623 marehionis
1275 5565 1687 5629 Montisferrati,

106 5641 281 5709 Cujus
305 5639 412 5709 filia
453 5637 609 5692 Irene
654 5640 972 5692 Andronico
1019 5637 1325 5707 Palzeologo
1368 5640 1573 5705 nupsit,
1620 5652 1687 5709 ex

111 5708 225 5777 quo
256 5708 399 5761 ﬁlios
428 5717 536 5762 tres
568 5710 832 5777 suscepit,
868 5724 933 5763 ex
961 5723 1194 5776 quorum
1222 5718 1509 5777 stemmate
1542 5708 1687 5772 regia

110 5776 538 5846 Pailaadogorum
572 5776 770 5831 domus
792 5780 1052 5847 deinceps
1083 5788 1377 5847 propagata
1407 5776 1527 5829 fuit.
1564 5777 1683 5847 Vid.

110 5848 434 5916 Gri-geram,
467 5848 560 5900 lib.
594 5863 641 5900 vr
680 5857 733 5901 et
769 5864 859 5902 vn.
888 5846 1026 5912 Quin
1055 5859 1109 5899 et
1149 5846 1575 5913 Palteologorum
1611 5846 1689 5899 fa-

115 5917 317 5970 miliam
353 5932 417 5971 ex
448 5917 597 5970 Italia
644 5933 705 5971 ac
742 5916 980 5973 Viterbio
1035 5918 1264 5971 Etruria:
1317 5917 1536 5970 civitate
1578 5933 1686 5969 non

1793 5565 2018 5634 ignobili
2044 5564 2321 5635 originem,
2361 5564 2614 5635 traxisse,
2666 5560 2950 5635 nonnullis
2987 5561 3184 5630 placet,
3227 5564 3373 5630 quod

1793 5630 1955 5688 docet
2003 5630 2246 5695 Bizarus,
2292 5634 2433 5689 libro
2480 5650 2496 5688 ι
2549 5634 2625 5685 De
2666 5632 2799 5685 bello
2842 5630 3034 5684 Veneto
3069 5648 3087 5685 :
3119 5641 3211 5685 sed
3273 5638 3376 5685 lue

1795 5710 2063 5759 remotius
2097 5705 2359 5767 arbitror,
2410 5719 2573 5772 quam
2611 5713 2670 5757 ut
2714 5702 3023 5755 Demetrius
3068 5717 3133 5755 eo
3186 5719 3371 5770 respe-

1794 5774 1955 5837 xerit,
1994 5792 2057 5829 ac
2083 5776 2239 5829 ducis
2295 5775 2613 5828 Latinorum
2664 5772 2895 5826 subsidii
2950 5772 3375 5840 (Im-eorumque

1797 5846 2143 5911 imperatoris
2174 5844 2708 5914 consanguinitatem
2754 5844 2877 5895 inde
2918 5843 3157 5909 petierat.
