4198 6440
210 434 317 494 9ρῖ

1145 418 1431 482 ORATIO
1471 416 1622 478 PRO
1662 415 2019 475 ευιιξῖιυιῡ
2066 419 2538 482 LATINUHUM.

3377 434 3482 496 998

214 552 281 611 Ei;
316 546 606 616 ἀμφότερα
643 547 1093 615 προσπαρέχοντο
1130 544 1378 613 τριήρεις
1421 541 1499 601 εἰς
1554 536 1646 589 τὸν
1696 536 1795 587 πό-

1904 539 2181 587 streuuam
2228 551 2484 600 manum;
2540 555 2784 610 quasque
2840 542 2915 596 illi
2955 545 3207 602 triremes
3262 561 3485 617 praesta-

212 646 378 709 λεμόν
408 643 518 693 τῶν
574 643 790 709 ἑχθρων
842 636 1182 697 διπλασίους·
1240 637 1332 687 xa‘.
1379 634 1477 693 τὰς
1518 628 1795 699 ἡμετέρας

214 733 382 787 πάλιν
440 734 539 794 τὰς
602 731 821 792 πολλάς,
877 732 971 782 καὶ
1009 731 1109 783 ὅσα
1168 722 1663 798 τότ’,ὲτρίφοημεν
1718 721 1796 780 είς

217 828 402 895 μάχην
448 825 686 893 ἐκείνην,
724 824 899 875 καίτοι
954 823 1227 875 τοσούτων
1284 820 1588 887 ἀνεχόντων
1626 813 1793 882 ἡμᾶς.

213 916 518 981 Μέμνησθε
591 919 689 975 τὰς
743 912 1109 981 περιεχούσας
1172 910 1292 962 τότε
1362 905 1651 975 συμφοράς
1699 901 1795 969 τὴν

210 1012 477 1080 πατρίδα,
522 1010 618 1062 καὶ
670 1012 799 1072 τοὺς
843 1005 1234 1071 Σωζοπο).ιτῶν
1264 1000 1669 1070 αἰχμαλώτους,
1701 1000 1795 1048 καί

214 1105 319 1173 τὴν
369 1102 675 1171 Περινθίων
736 1102 1075 1162 ἀνάστασιν,
1136 1098 1231 1150 καὶ
1282 1091 1433 1149 τᾶλλ’
1488 1093 1629 1144 ὅσων
1674 1088 1795 1142 οὐδὲ

212 1196 605 1265 μεμνημένους
640 1194 877 1264 μετρίως
921 1191 1098 1256 ἔξεστι
1124 1190 1337 1260 φέρειν.
1374 1187 1484 1239 Καὶ
1513 1183 1703 1237 σιωπῶ
1734 1183 1796 1233 τὸ

214 1284 344 1356 μηδ’
370 1286 457 1350 ἂν,
495 1286 759 1347 πολλάκις
788 1284 1075 1343 τοσούτους
1103 1283 1253 1351 ἡμᾶς
1293 1296 1352 1332 τε
1382 1279 1474 1331 καὶ
1508 1278 1632 1337 τοὺς
1673 1275 1794 1327 τότε

210 1379 540 1445 συμμάχους
576 1377 759 1439 ὄντας,
803 1376 940 1445 πρὸς
987 1375 1171 1440 ὀλίγον
1215 1373 1317 1440 τῆς
1358 1371 1475 1422 τότε
1512 1371 1795 1436 δυνάμεως

208 1471 514 1536 ἀντισχεῖν.
564 1468 727 1529 Λέγω
781 1468 892 1537 γάρ
943 1462 1038 1519 οὖν
1089 1465 1123 1518 ὃ.
1169 1467 1322 1533 κοινῇ
1367 1467 1522 1531 παρὰ
1574 1462 1795 1513 πάντων

210 1562 420 1615 ἀκούω.
456 1562 518 1613 Εἰ
570 1561 752 1613 τοίνυν
784 1560 983 1627 ἀληθὲς
1030 1559 1105 1621 ὡς
1146 1560 1276 1627 ἡμῖν
1329 1554 1791 1608 ὲπιὸουλεύουσιν

209 1648 387 1716 οὗτοι,
420 1654 513 1705 καὶ
548 1653 619 1712 ὡς
670 1653 807 1721 πρὸς
840 1650 899 1704 ἓν
938 1651 1086 1704 τοῦθ’
1117 1652 1264 1711 ὅπως
1296 1650 1444 1717 ἡμᾶς
1481 1645 1794 1698 δουλώσων-

210 1765 303 1799 ται
359 1746 513 1798 πάντ’
556 1746 740 1808 αὐτοῖς
778 1746 959 1815 ἀφορᾷ
989 1783 1004 1808 ,
1040 1744 1272 1796 κωλύειν
1302 1743 1358 1794 δὲ
1401 1740 1628 1802 τούτους
1653 1739 1797 1807 ἁμή-

210 1848 402 1902 χανονο
435 1833 560 1886 τίνα
590 1834 655 1887 ἄν
688 1849 773 1895 τις
800 1834 1001 1903 τρόπον
1025 1822 1211 1895 αὐτοῖς
1252 1834 1521 1902 χρήσαιτο
1559 1846 1795 1899 μετριω-

208 1926 417 1994 τέροις,
471 1924 570 1977 καὶ
620 1923 758 1992 πρὸς
792 1924 853 1977 τὸ
884 1924 1148 1993 βλάπτειν
1194 1924 1602 1991 ὀκνηροτέροις·
1629 1923 1796 1987 ἐγκα-

209 2016 321 2067 λῶν
351 2017 445 2067 καὶ
496 2014 754 2085 πολεμῶν
800 2017 896 2068 καὶ
948 2015 1320 2084 μεμφόμενος,
1360 2015 1391 2083 ἢ
1426 2016 1611 2082 φίλους
1650 2011 1798 2080 ἔχειν

212 2107 721 2177 σχηματιζόμενος,
786 2108 876 2159 καὶ
940 2108 1231 2177 δεχόμενος
1294 2105 1588 2176 προσηνῶς
1623 2145 1638 2168 ,
1704 2105 1798 2158 κατ⁹

213 2206 610 2272 συνευχόμενος
664 2201 736 2255 τά
794 2200 1027 2271 palatio;
1090 2203 1232 2269 Ἐγὼ
1264 2202 1364 2271 μὲν
1415 2196 1570 2269 οἶμαι
1618 2201 1795 2254 τοῦτο.

211 2296 327 2349 Καὶ
378 2296 499 2349 οὐδὲ
550 2299 797 2364 ἐνεγκεῖν
847 2297 915 2349 ἂν
974 2296 1123 2365 ἡμᾶς
1186 2296 1286 2364 τὴν
1335 2294 1581 2346 δουλείαν
1630 2294 1796 2362 φημί.

211 2387 435 2457 Μήποθ’
466 2387 641 2450 οὕτως
690 2388 901 2457 ἔρημος
931 2388 1197 2457 γενοίμην
1241 2387 1476 2457 φρενῶν,
1507 2388 1637 2440 ὥστ’
1669 2387 1799 2440 ἄλλο

211 2497 267 2531 τι
317 2484 594 2552 προτιμᾷν
629 2484 758 2551 ’τῆς
816 2483 1153 2548 ἐλευθερίας.
1207 2481 1345 2532 ’Λλλ’
1370 2481 1601 2547 ἐπείπερ
1645 2479 1799 2532 οὐδὲν

216 2578 441 2645 ίσχυρδν
473 2572 549 2628 ῶν
580 2574 991 2643 ὑποπτεύομεν,
1026 2572 1224 2641 μᾶλλον
1247 2572 1291 2624 δ’
1314 2572 1388 2633 ώς
1425 2570 1600 2624 εὔνοοι
1628 2573 1800 2623 πᾶσιν

214 2671 352 2738 ἡμῖν
404 2686 563 2738 ηκον,
606 2670 669 2721 ἐκ
719 2672 941 2722 πάντων
998 2668 1107 2720 τῶν
1142 2666 1423 2734 λογισμῶν
1458 2665 1794 2734 βεϐαιοῦται·

215 2763 270 2813 τί
308 2762 390 2814 δεῖ
418 2761 511 2814 τοῦ
554 2761 706 2831 παρὰ
741 2762 934 2829 καιρὸν
968 2760 1142 2825 δέους,
1184 2759 1347 2811 ὁπότε
1379 2759 1473 2811 καὶ
1501 2758 1800 2811 δεδοικόσιν

216 2856 373 2908 οὐδὲν
412 2858 568 2907 ἔσται
612 2855 777 2907 πλέον
806 2894 821 2917 ,
884 2856 1014 2908 ὃτ.ν
1074 2858 1104 2924 ἢ
1161 2854 1524 2924 κρατηθέντες
1573 2854 1639 2905 τά
1690 2854 1799 2903 τῶν

221 2948 466 3001 ἁλόντων
506 2950 949 3016 ἀναγκαζώμεθα
999 2949 1247 3019 πάσχειν,
1283 2949 1315 3017 ἦ
1364 2948 1799 3017 περιγενόμενοι,

219 3041 414 3108 ῶσπερ
451 3044 509 3092 ὲν
543 3042 753 3111 σαγήνῃ
802 3040 1104 3109 καθώμεθα
1145 3043 1255 3102 τοῖς
1288 3041 1492 3109 τείχεσι
1536 3040 1800 3108 καθειργ-

224 3136 403 3203 μένοι,
441 3135 580 3202 μήτε
612 3135 746 3201 πρὸς
778 3134 877 3201 τὴν
902 3134 1026 3203 γῆν,
1060 3136 1196 3202 μήτε
1232 3134 1368 3201 πρὸς
1402 3136 1500 3201 τὴν
1529 3133 1802 3186 θάλατταν

1902 624 2032 679 bant
2061 628 2112 680 in
2146 628 2274 681 belli
2310 630 2641 693 subsidium.
2664 634 2833 703 duplo
2865 636 2975 690 illis
3010 638 3246 695 hostium
3275 644 3482 711 plures,

1900 733 1963 771 {lC
1990 730 2232 774 llOSll‘alll
2284 739 2504 779 l'lll‘Sllll]
2556 730 2857 784 allCiiOI'CIII
2896 731 3127 787 classem
3158 752 3171 788 2
3208 751 3483 808 quamque

1900 822 1963 860 ea
2024 810 2388 867 nihilominus
2417 830 2594 883 pugna
2626 820 2795 872 attriti
2822 826 3013 887 simus,
3046 828 3261 879 tametsi
3300 830 3487 884 multis

1900 900 2036 954 adeo
2067 906 2365 960 tuentibus.
2406 908 2731 963 Metuinisds
2763 914 2964 979 quibus
2998 925 3129 971 tunc
3178 920 3353 987 patria
3390 937 3484 976 ca-

1899 992 2240 1051 lamitatibus
2304 999 2497 1053 affecta
2558 1002 2650 1065 sit,
2718 1001 3131 1073 Sozopolitanos
3207 1014 3482 1081 captivos;

1900 1100 2148 1142 eversam
2181 1090 2522 1156 Perinthum,
2558 1096 2797 1164 aliaque,
2848 1115 3083 1166 quorum
3142 1119 3245 1158 nec
3310 1108 3483 1174 ipsam

1902 1179 2222 1233 memoriam
2262 1182 2450 1236 mitius
2503 1184 2644 1237 ferre
2692 1202 3000 1254 possumus.
3048 1192 3227 1248 Taceo
3274 1205 3481 1260 autem.

1902 1278 1962 1321 ut
1987 1285 2164 1338 neque
2199 1288 2299 1327 nos
2328 1290 2452 1328 cum
2481 1277 2612 1328 tanti
2656 1292 2923 1339 ess-mus.
2953 1298 3053 1336 nec
3086 1285 3238 1339 socii.
3268 1295 3335 1341 ad
3368 1305 3489 1341 mo.

1902 1361 2087 1414 dicutn
2163 1364 2401 1419 hostium
2473 1368 2548 1421 illi
2610 1369 2799 1423 virtuti
2863 1375 3036 1429 olmiti
3116 1380 3483 1446 qnivcrimns.

1903 1454 2030 1506 Dico
2059 1454 2224 1524 igitur
2262 1457 2407 1524 quod
2456 1475 2541 1512 om
2572 1462 2699 1514 .itnn
2734 1470 3102 1522 communiter
3144 1490 3239 1528 ore
3283 1476 3484 1544 jactari

1898 1547 2087 1601 audio.
2127 1550 2184 1602 Si
2219 1550 2398 1618 itaque
2431 1551 2503 1604 ita
2542 1553 2725 1618 habet,
2764 1569 2820 1610 ut
2854 1560 2888 1612 ii
2940 1563 3097 1617 nobis
3129 1565 3484 1633 insidientur.

1900 1655 2001 1694 nec
2028 1656 2218 1694 eorum
2262 1643 2370 1696 alio
2423 1646 2723 1713 respiciant
2768 1655 3019 1719 consilia,
3065 1674 3228 1723 quam
3274 1674 3331 1716 ut
3388 1682 3488 1722 nos

1898 1746 2089 1786 omnes
2121 1734 2186 1787 ad
2222 1751 2391 1789 unum
2436 1738 2541 1792 sibi
2579 1743 2923 1810 mancipem;
2979 1763 3079 1801 ncc
3122 1750 3235 1805 ﬁeri
3284 1767 3484 1823 patcst,

1902 1833 1961 1877 ut
1992 1827 2390 1892 prohibeamus
2422 1829 2675 1898 injuriam
2700 1850 2713 1896 ;
2743 1850 2981 1903 quonam
3023 1856 3118 1893 eos
3151 1846 3275 1911 quis
3322 1851 3486 1901 modo

1902 1915 2255 1972 humaniores
2280 1935 2461 1986 exsuci
2484 1930 2579 1985 tet,
2609 1934 2772 1993 atque
2807 1928 2873 1981 ad
2925 1930 3230 1989 laedendum
3266 1942 3484 2005 segnio-

1902 2025 2017 2067 res;
2051 2026 2179 2064 num
2211 2013 2541 2077 accusando,
2583 2016 2868 2073 inferendo
2924 2024 3144 2088 lteh'um,
3197 2031 3488 2100 vituperiis

1900 2099 2249 2167 lacessendo;
2283 2119 2350 2155 an
2388 2105 2550 2158 amici
2587 2108 2826 2174 speciem
2865 2115 3226 2178 prml'e'eudo,
3260 2099 3487 2174 blando-

1900 2210 2007 2263 que
2038 2195 2378 2264 recipiendo.
2415 2212 2480 2251 ac
2527 2200 2754 2255 meliora
2804 2207 3119 2271 precando?
3172 2210 3285 2265 Hoc
3332 2216 3490 2283 cqui-

1901 2286 2024 2338 dem
2084 2287 2386 2341 secundum
2438 2299 2591 2358 puto.
2651 2292 2765 2347 Nec
2821 2311 2947 2350 ιρι-ο
2996 2302 3274 2357 leienzlam
3329 2306 3488 2361 nobis

1901 2374 2222 2429 servitutem
2271 2377 2416 2433 dico.
2450 2382 2623 2441 Absit.
2662 2384 2736 2436 ita
2768 2400 2933 2440 sensu
2967 2389 3266 2449 destitutus
3296 2397 3395 2449 sim
3426 2416 3488 2452 :‘e

1904 2466 2153 2530 insanus,
2186 2477 2246 2522 ut
2275 2470 2426 2524 aliud
2471 2473 2752 2543 quidpiam
2789 2479 2951 2531 velim
2998 2480 3239 2539 libertati
3298 2492 3489 2557 preclu-

1905 2571 2039 2612 tum.
2077 2558 2182 2613 Sed
2215 2563 2344 2630 quia
2376 2564 2511 2617 nihil
2544 2583 2736 2622 eorum
2769 2588 2892 2638 qu:e
2932 2588 3185 2643 suspecta
3222 2580 3490 2635 habemus

1906 2654 2123 2709 ﬁrmum
2157 2667 2264 2722 est,
2295 2660 2428 2728 quin
2492 2664 2674 2729 potius
2724 2673 3067 2735 argumentis
3121 2678 3378 2730 tunnibUs
3428 2679 3490 2731 li-

1903 2758 2058 2814 quet.
2096 2751 2283 2805 venire
2315 2753 2574 2807 omnibus
2628 2759 2788 2811 nobis
2838 2761 2974 2815 bene
3024 2764 3276 2833 allectos;
3332 2771 3491 2838 qu‘d-

1905 2856 2029 2895 nam
2065 2844 2382 2911 importuno
2424 2849 2693 2918 ejusmodi
2748 2868 2888 2920 Opus
2932 2866 3101 2919 metu,
3155 2873 3278 2911 cum
3314 2877 3491 2929 neque

1904 2933 1948 2986 si
1992 2934 2361 3001 titmterimus,
2403 2943 2580 3008 majus
2624 2943 2824 3012 aliquid
2868 2948 2934 2999 sit
2972 2946 3239 3015 futurum,
3270 2956 3491 3021 mando

1906 3027 1989 3079 vel
2036 3028 2163 3081 vitai
2193 3046 2255 3082 ea
2291 3032 2412 3083 suhi
2450 3048 2479 3086 e
2535 3049 2942 3107 cogemur-quae
2997 3054 3125 3095 sunt
3183 3045 3488 3112 vi-torum;

1907 3119 1991 3170 vel
2023 3135 2056 3171 v
2082 3130 2262 3175 ctores
2294 3123 2417 3191 ipsi.
2454 3127 2603 3179 velut
2650 3128 2701 3180 in
2732 3144 2931 3199 sagcna
2987 3135 3260 3191 omnibus
3297 3142 3489 3193 arctati

217 3227 440 3295 ἔχοντες
473 3227 691 3296 βλέπειν
733 3226 938 3290 λοιπὸν,
969 3226 1072 3293 τῆς
1108 3226 1208 3295 μὲν
1248 3226 1515 3295 πρότερον
1559 3226 1662 3278 ὑπὸ
1691 3228 1799 3278 τῶν

1907 3213 2111 3266 sessuri
2146 3229 2356 3278 sumus,
2408 3228 2468 3271 ut
2494 3220 2602 3285 jam
2650 3236 2824 3289 neque
2858 3226 2920 3276 ad
2958 3233 3157 3279 terram
3202 3244 3381 3297 neque
3422 3233 3489 3285 ad

220 3320 520 3390 βαρϐάρων
554 3320 968 3388 ἐκϐεϐλημένοι.
998 3320 1095 3387 τῆς
1130 3320 1173 3371 δ’
1207 3320 1363 3372 αὐτοὶ
1400 3319 1495 3371 νῦν
1528 3321 1801 3372 ἀποστάν-

223 3430 322 3475 τες
351 3413 439 3464 διὰ
474 3412 539 3464 τὰ
589 3412 818 3464 ἐνύπνια
858 3412 1065 3474 mira;
1118 3412 1178 3463 Εἰ
1212 3411 1267 3462 δὲ
1305 3411 1619 3479 πάνθ’ήμῖν
1656 3428 1796 3479 συγ-

217 3507 597 3575 χωρήσαντες.
638 3506 733 3557 καὶ
780 3503 910 3574 μήθ’
944 3498 1018 3556 ὧν
1044 3505 1243 3564 αὐτοὺς
1277 3503 1700 3565 καλέσαντες....
1730 3505 1797 3556 τά

220 3597 576 3667 μετριώτατα
628 3596 691 3657 δὴ
745 3597 923 3649 ταῦτα
988 3596 1191 3659 ἀξιοῖεν
1242 3596 1413 3647 αἰτεῖν
1471 3598 1603 3665 παρ’
1646 3596 1801 3665 ἡμῶν

220 3690 337 3742 τῶν
381 3689 936 3759 παρακρουσαμένων
967 3730 980 3752 ,
1013 3688 1386 3751 ἀπολαϐόντας
1420 3688 1564 3756 ἆπερ
1593 3688 1802 3754 ἀνηλώο

218 3798 353 3835 κασι
382 3785 482 3852 γρή
494 3798 662 3850 ματα,
690 3780 863 3843 οὕτως
912 3780 1087 3833 οἴκαδ’
1118 3779 1473 3832 ἐπαναπλεῖνο
1500 3779 1657 3832 τοῦτο
1691 3783 1801 3849 γάρ

220 3875 322 3927 καὶ
379 3874 539 3942 ἡμεῖς
592 3871 658 3925 ἂν
684 3872 1000 3941 αἱρεθέντες
1053 3873 1328 3941 διαιτηταὶ
1360 3871 1483 3924 καθ’
1516 3871 1673 3941 ήμῶν
1707 3872 1803 3921 αὐ-

216 3968 331 4018 τῶν
361 3964 765 4033 ψηφισαίμεθα·
805 3963 978 4017 ποίων
1024 3965 1157 4032 ήμῖν
1213 3962 1497 4032 μετάλλων
1527 3963 1797 4030 διορυχαὶ,

219 4060 362 4130 πρὸς
414 4058 513 4127 τὴν
549 4057 803 4110 ἀπόδοσιν
854 4057 1059 4109 τούτων
1095 4057 1466 4125 ἀρκέσουσιν;
1517 4057 1656 4124 Ἐγὼ
1704 4058 1803 4123 μὲν

216 4158 355 4222 γαρ,
399 4152 497 4202 καὶ
536 4149 605 4200 τὰ
640 4148 748 4201 τῶν
786 4146 1023 4200 πολιτῶν
1064 4146 1292 4217 σώματα
1332 4148 1446 4209 τοῖς
1475 4142 1595 4199 οὖσι
1628 4162 1801 4216 προσ-

219 4248 443 4306 θέντας,
489 4243 589 4295 οὐκ
627 4241 694 4294 ἂν
725 4236 883 4310 οἶμαι
923 4236 1195 4293 λύσασθαι
1226 4239 1450 4301 τελείως
1491 4239 1591 4307 τὴν
1620 4240 1803 4306 είσςρο-

219 4340 351 4409 ράν
399 4339 464 4389 ἂν
489 4337 546 4388 δὲ
575 4337 638 4406 δὴ
672 4335 767 4386 καὶ
798 4334 1010 4395 πάντας
1049 4330 1456 4400 ὑπερϐαλέσθαι
1492 4331 1804 4400 μεγαλοψυ-

216 4431 320 4499 χίᾳ
369 4428 722 4497 θελήσαντες,
756 4426 854 4477 καὶ
904 4424 1086 4475 πᾶσαν
1136 4424 1200 4473 ὲκ
1234 4422 1402 4488 μέσου
1441 4420 1804 4489 ποιησάμενοι

212 4521 614 4588 δικαιολογίαν.
658 4518 849 4571 νόστου
895 4514 1232 4585 μνησθῶσιν,
1290 4512 1409 4565 ἀνθ’
1453 4512 1612 4581 ἡμῶν
1659 4512 1805 4580 ὠφε-

213 4616 339 4667 λεῖν
374 4611 674 4680 ἐγνωκότες
708 4610 775 4662 τὰ
824 4590 988 4671 οἴκοι,
1042 4606 1221 4668 οὐδεὶς
1261 4605 1500 4672 ἀντερεῖ,
1533 4605 1607 4671 μὴ
1637 4603 1803 4657 πάλιν

214 4707 376 4775 ἡμᾶς
414 4703 638 4772 μονονοὺ
670 4702 789 4762 ταῖς
827 4700 985 4770 χερσὶ
1018 4698 1125 4750 τῶν
1169 4696 1461 4767 βαρϐάρων
1497 4696 1801 4761 ἐνέξεσθαι.

217 4798 289 4852 Et
346 4796 527 4848 τοίνυν
571 4792 753 4863 δεήσει
797 4791 1009 4851 τούτοις
1043 4788 1337 4852 δουλεύειν,
1380 4786 1469 4840 διά
1497 4787 1548 4839 τί
1589 4789 1665 4855 μὴ
1700 4786 1805 4857 πρὸ

215 4888 438 4943 τούτων
460 4887 730 4950 ὲκείνοις;
761 4884 809 4935 εἱ
843 4882 952 4951 γὰρ
982 4882 1082 4934 οὐκ
1106 4880 1186 4933 ένι
1214 4880 1488 4948 δήπουθεν
1520 4878 1805 4949 ἐλεύθερον

220 4976 395 5047 εἶναι,
441 4977 501 5030 τό
552 4993 615 5044 γε
654 4977 763 5035 τοῖς
812 4973 1081 5043 βελτίοσιν
1115 4970 1436 5024 ὑποκεῖσθσι
1465 4973 1805 5041 κουφοτέραν

220 5070 526 5139 ἀποφαίνει
551 5068 651 5138 τὴν
679 5066 988 5135 συμφοράν.

313 5164 477 5218 Ἀλλὰ
514 5161 819 5229 καλέσομεν
845 5156 1216 5227 συμμάχουςς
1260 5155 1497 5225 Πότερον
1528 5153 1801 5216 ἀσθενεῖς,

220 5260 258 5330 ἢ
296 5257 409 5311 τῶν
448 5256 792 5323 δυναμένων;
819 5252 881 5304 Et
911 5251 1010 5320 μὶν
1046 5251 1138 5303 οὖν
1166 5251 1267 5303 οὐκ
1307 5249 1637 5320 ἀρκοῦντας,
1680 5252 1806 5308 τοὺς

220 5352 387 5421 ἡμῖν,
421 5347 498 5408 ὡς
535 5347 701 5406 εοικε,
752 5342 1268 5411 συναπολουμένους
1302 5342 1612 5411 ζητήσομεν
1638 5359 1649 5372 ·
1687 5345 1731 5394 εἰ
1761 5341 1805 5392 δ’

219 5442 602 5514 ἐρρωμένους,
640 5439 803 5491 πάλιν
856 5439 1018 5505 ἡμεῖς
1074 5436 1173 5506 μὲν
1231 5438 1480 5498 ἀσθενεῖς
1513 5477 1526 5501 ,
1579 5437 1805 5487 ἐκείνων

219 5536 282 5589 δὲ
342 5535 375 5603 ἠ
422 5534 652 5599 δύναμις
687 5530 915 5601 φοϐερά·
951 5532 1049 5581 καὶ
1102 5529 1265 5582 πάλιν
1314 5532 1367 5579 αἱ
1428 5528 1680 5594 ὑποψίαι,
1716 5530 1808 5580 καὶ

215 5624 323 5677 τοῦ
361 5622 535 5676 κακοῦ
573 5622 749 5689 πέρας
792 5620 968 5673 οὐδέν.
1004 5618 1179 5681 "Uitta;
1210 5618 1263 5670 δὲ
1302 5618 1413 5669 οὐ)
1444 5618 1555 5687 ὁρῶ
1602 5618 1652 5669 τί
1688 5617 1809 5669 ποθ’

219 5714 363 5782 ἡμῖν
394 5713 634 5764 συνοίσει
687 5711 746 5762 τὸ
788 5709 1091 5762 κόπτεσθαι
1136 5710 1228 5760 καὶ
1269 5708 1590 5776 συμμαχίαν
1623 5708 1805 5775 ζητεῖν

216 5804 320 5858 τιιῦ
355 5802 564 5861 λοιποῦ,
604 5804 651 5855 εί
683 5802 807 5864 τοὺς
846 5801 944 5870 μὲν
972 5801 1225 5869 ἰσχυροὺς
1250 5800 1626 5869 φυλαξόμεθα,
1655 5801 1807 5869 παρὰ

214 5900 276 5952 δὲ
319 5897 428 5947 τῶν
473 5895 752 5949 ἀδυνάτων
786 5895 941 5947 οὐδὲν
1000 5894 1198 5961 εχομεν
1254 5891 1608 5959 ὠφελεῖσθαι.
1652 5893 1806 5955 Τίνες

1908 3318 2058 3355 mare
2116 3305 2389 3373 respicere
2444 3308 2643 3372 liet-at;
2706 3312 2854 3378 prius
2894 3315 3117 3381 quidem
3155 3331 3183 3369 a
3239 3318 3492 3375 llarharis

1907 3392 1996 3445 illa
2054 3396 2445 3462 exterminati;
2523 3400 2625 3453 hoc
2689 3410 2892 3464 autem,
2950 3406 3051 3471 ipsi
3117 3422 3215 3461 nos
3270 3423 3494 3481 propter

1904 3486 2177 3554 ejusmodi
2214 3491 2425 3548 somnia
2462 3508 2490 3541 u
2518 3492 2624 3545 odo
2669 3494 3013 3550 abdicanles.
3070 3500 3165 3553 Sin
3197 3509 3380 3556 autem
3412 3504 3497 3558 in—

1903 3578 2190 3646 diligentes
2223 3581 2429 3645 omnia,
2454 3598 2557 3637 nec
2583 3586 2728 3654 quod
2754 3598 3273 3646 Vocantes...........
3314 3595 3493 3653 limere

1906 3686 1932 3720 a
1972 3670 2132 3724 nobis
2163 3680 2286 3739 post
2333 3673 2598 3729 oﬂ‘ensam
2642 3679 3012 3735 modicssima
3046 3685 3218 3739 vi-lint
3248 3688 3499 3756 exigere,

1908 3774 1965 3815 ut
2000 3766 2237 3833 receptis
2258 3780 2397 3834 quas
2420 3768 2835 3838 insumpserunt
2866 3776 3136 3841 pecuniis,
3160 3778 3239 3831 sic
3269 3782 3488 3835 domum

1905 3858 2133 3911 classem
2169 3859 2453 3913 reducant.
2490 3861 2601 3915 lloc
2642 3864 2788 3916 enim
2816 3880 2911 3918 vos
2938 3866 3041 3934 ipsi
3072 3870 3362 3924 adn-rsum
3396 3890 3494 3927 vos

1904 3948 2102 4004 delecti
2130 3948 2323 4006 arbitri
2348 3954 2646 4019 saucialis;
2679 3971 2927 4024 quenatn
2962 3961 3306 4014 metallorum
3342 3979 3493 4017 vena:

1908 4043 1974 4096 ad
2022 4044 2293 4110 ejusmodi
2350 4048 2509 4100 nobis
2544 4049 2873 4104 solutionem
2908 4054 3041 4107 satis
3075 4056 3316 4109 fuerint?
3350 4056 3492 4113 Sane

1906 4136 2171 4199 arbitror,
2217 4153 2285 4191 ne
2320 4138 2436 4209 ipsa
2469 4141 2691 4209 quidem
2742 4145 2969 4214 adjectis
3017 4146 3372 4203 facultatibus
3417 4154 3493 4205 c3-

1910 4227 2055 4281 vium
2091 4242 2344 4297 corpora,
2375 4233 2508 4286 satis
2540 4232 2679 4297 fore,
2723 4244 2783 4288 ut
2818 4238 2966 4307 juste
3002 4239 3276 4309 impensas
3314 4242 3497 4296 solva-

1911 4335 2053 4374 mus.
2110 4319 2209 4375 Sin
2254 4322 2496 4392 deniquc
2551 4326 2842 4382 universos
2893 4330 3061 4384 animi
3119 4334 3499 4402 magnitudine

1908 4426 2172 4480 superare
2203 4414 2473 4479 volentes,
2511 4418 2709 4486 suique
2753 4435 2972 4474 omnem
3023 4424 3168 4493 juris
3226 4426 3497 4481 rationem

1910 4505 2131 4558 missam
2160 4506 2445 4569 facientes,
2485 4511 2872 4564 revertendum
2921 4514 3250 4582 signiﬁcent,
3298 4516 3493 4571 dome-

1908 4599 2062 4653 sticis
2095 4615 2257 4669 quam
2298 4603 2517 4656 nuszris
2572 4603 2739 4659 rebus
2790 4607 3194 4662 COlIilllOd‘Ol‘CS
3256 4608 3496 4671 futuros,

1909 4708 2069 4746 nemo
2107 4693 2208 4747 ibit
2261 4694 2494 4759 inﬁcias,
2535 4695 2623 4750 vix
2673 4712 2782 4751 non
2835 4697 3202 4753 Barbarorum
3237 4718 3335 4757 nos
3381 4720 3497 4756 ma-

1910 4786 2070 4839 nibus
2106 4795 2321 4840 tentum
2353 4787 2443 4840 iri.
2480 4787 2534 4842 Si
2584 4804 2714 4860 ergo
2765 4805 2985 4844 necesse
3019 4793 3126 4845 erit
3155 4794 3237 4847 eis
3290 4798 3496 4850 manci-

1907 4877 2046 4946 pari,
2081 4893 2181 4931 cur
2214 4893 2323 4932 non
2356 4881 2541 4948 potius
2577 4882 2702 4935 illis.
2742 4881 3021 4950 Siquidem
3076 4884 3223 4937 enim
3271 4885 3508 4940 libertas

1910 4971 2103 5039 nequit
2127 4979 2403 5036 constare,
2436 4986 2566 5026 sane
2607 4973 2929 5027 melioribus
2977 4975 3195 5046 subjici,
3230 4976 3495 5031 leviorem

1909 5061 2274 5114 calamitatem
2314 5059 2461 5114 facit.

1980 5153 2049 5206 At
2080 5154 2397 5206 vocabimus
2427 5154 2641 5207 socios?
2688 5153 2828 5207 Num
2884 5156 3169 5221 invalidos,
3201 5174 3268 5211 an
3305 5173 3498 5228 poten-

1913 5244 2028 5299 tes?
2057 5244 2201 5298 Sane
2232 5254 2293 5298 ut
2322 5261 2417 5299 eus
2448 5262 2707 5300 vocemus
2736 5249 2826 5315 qui
2870 5264 2974 5301 non
3009 5249 3143 5303 satis
3182 5250 3293 5303 sint
3342 5252 3496 5321 adju-

1874 5366 1875 5369 η
1911 5337 2110 5399 vando,
2150 5338 2341 5405 utique
2383 5340 2665 5394 nobiscum
2705 5342 2979 5407 perituros
3010 5359 3322 5409 quzeremus
3362 5362 3372 5395 :
3409 5346 3491 5397 sin

1910 5443 2095 5485 autem
2127 5431 2329 5495 fortes,
2362 5434 2568 5486 erimus
2620 5449 2809 5488 rursus
2839 5422 2938 5488 nos
2973 5436 3219 5499 invalidi,
3268 5454 3494 5490 eorum—

1911 5542 2015 5594 que
2045 5523 2411 5579 formidabilis
2438 5526 2645 5591 virtus;
2678 5542 2977 5595 rursusque
3001 5540 3251 5598 smpecta
3282 5544 3491 5589 omna.

1913 5633 2013 5672 nec
2044 5618 2169 5671 mali
2207 5618 2329 5672 ﬁnis
2374 5618 2535 5671 ullus.
2589 5618 2819 5672 Pr‘nrsus
2882 5634 3015 5672 vero
3082 5635 3189 5673 non
3247 5620 3497 5688 intelligo

1911 5711 2041 5779 quid
2085 5711 2242 5765 nobis
2282 5710 2543 5779 deinrcps
2579 5713 2830 5779 planctus
2865 5714 3135 5781 profuturi
3182 5714 3312 5779 sint,
3348 5722 3402 5765 (ι
3436 5726 3492 5769 ιιι

1914 5802 2096 5853 socios
2128 5816 2471 5869 qumramus;
2510 5801 2782 5869 siquidem
2822 5818 3015 5856 cavere
3042 5803 3339 5857 habeamus
3378 5803 3495 5854 for--

1915 5905 2015 5954 tes,
2064 5909 2162 5947 nee
2203 5892 2475 5946 connnodi
2510 5890 2712 5961 aliquid
2753 5891 2822 5946 ab
2855 5892 3106 5947 invalidis
3144 5893 3315 5947 simus
3362 5908 3495 5947 cen-
