4198 6440
300 464 433 528 1001

1205 466 1489 529 ORATIO
1527 466 1680 525 PRO
1717 463 2077 523 SUBSlDlO
2119 466 2598 543 LATINURUM.

3380 470 3524 536 1009.

298 581 395 629 καὶ
433 576 571 629 τοῦτ’
618 578 693 630 ὢν
751 584 810 630 τὸ
861 578 1122 647 μέγιστον
1172 579 1269 630 καὶ
1312 578 1611 640 θειότατον,
1645 577 1739 630 καὶ
1764 592 1867 627 παρ
1896 579 1939 635 Λ

1896 579 1939 635 Λ
1970 574 2284 628 defunctum
2329 576 2566 644 przemiis
2607 576 2895 632 honorare.
2945 578 3042 632 Sin
3085 588 3289 646 autem,
3323 595 3446 635 cum
3474 592 3532 637 et

296 673 477 739 τςιῷον
514 673 651 739 ἔχων
690 671 895 739 σχῆμα,
929 669 1102 720 ἔπειθ’
1136 669 1273 739 ὑπὲρ
1300 670 1457 737 ἡμῶν
1490 667 1701 720 δεῖσθαι
1735 666 1865 728 τοὺς

299 763 612 830 βιςιϐαρους
678 763 777 813 οὐκ
829 760 1016 812 ὥκνει⁶
1067 759 1258 813 τούτου
1298 761 1428 827 γὰρ,
1457 758 1646 810 τούτου
1705 757 1865 825 μόνον

299 855 412 904 οὐδ’
444 854 508 905 ἂν
546 854 731 921 ἕτερον
763 852 1167 922 ἐπαχθέστερον
1209 851 1373 903 πάθοι
1422 849 1559 919 ἀνὴρ
1589 849 1864 909 τοσούτοις

300 944 510 1005 εἰωθὼς
543 943 869 996 ἐπιτάττειν·
907 944 1024 1005 πῶς
1062 944 1124 995 ού
1165 940 1618 1010 παρελευσόμεθα
1646 940 1741 991 καὶ
1768 940 1865 1005 τὴν

298 1038 411 1087 τῶν
468 1036 758 1103 βαρϐάρων
807 1035 1092 1103 ὡμότητα,
1129 1036 1177 1085 εἰ
1229 1032 1472 1100 βελτίους
1518 1034 1575 1082 ἐν
1635 1030 1865 1093 ἐκείνοις

300 1130 463 1196 ἔσχεν
490 1129 730 1189 ἐλπίδας,
765 1125 841 1179 ὧν
887 1129 1045 1195 ἡμεῖς
1076 1123 1453 1191 ὲπιόειξόμεθα
1487 1122 1645 1187 τότε;
1701 1120 1868 1173 Ἐκεί-

299 1235 425 1278 νους
458 1218 553 1285 μὲν
579 1217 689 1284 γὰρ
732 1216 920 1282 φίλους
951 1216 1092 1279 ’ἐξειν
1130 1214 1397 1280 ἐνόμισεν,
1427 1211 1567 1262 ὥστε
1601 1212 1697 1262 καὶ
1730 1226 1869 1277 συμ-

302 1309 503 1374 μαχεῖν
538 1322 551 1336 ο
588 1308 724 1373 ἡμῖν
765 1306 819 1357 δὲ
869 1304 1045 1370 δεινήν
1077 1321 1194 1356 τινα
1228 1305 1328 1368 τὴν
1360 1300 1557 1370 ἔχθραν
1587 1301 1655 1351 τὰ
1695 1315 1868 1366 πρατ-

297 1398 505 1465 τόμενα
563 1398 924 1466 μαρτυρήσει.
989 1398 1050 1448 Εἰ
1117 1396 1160 1446 δ’
1214 1392 1431 1453 ἀσεϐεῖς
1487 1392 1582 1444 καὶ
1640 1390 1867 1459 μιαροὺς

299 1492 643 1558 ἡγησάμενοι
677 1490 807 1552 τοὺς
853 1489 972 1541 τότε
1018 1485 1174 1539 ταῦτ’
1210 1485 1278 1537 ἂν
1316 1484 1694 1550 τολμήσοντας
1729 1498 1868 1548 συμ-

301 1582 601 1645 ϐουλεύειν,
647 1580 765 1649 μετ’
813 1578 1091 1647 εὐφημίας
1136 1578 1231 1627 καὶ
1283 1574 1512 1642 κρότων,
1571 1573 1757 1643 ὥσπερ
1792 1572 1869 1624 δί-

299 1691 478 1736 καιον,
512 1675 859 1742 ἐπανήκοντα
898 1672 989 1724 τὸν
1032 1669 1254 1739 βασιλέα
1288 1667 1602 1734 δεχοίμεθα,
1639 1666 1867 1734 πότερον

300 1768 401 1818 καὶ
444 1766 571 1826 τοὺς
604 1764 928 1833 συμμάχους
977 1760 1342 1815 συνεισελθεῖν
1391 1758 1542 1828 αύτῷ
1582 1758 1866 1825 συγχωρή-

304 1872 503 1924 σομενο
549 1857 580 1923 ἣ
642 1858 781 1924 πρὸς
825 1857 923 1922 μέν
972 1855 1180 1906 ἐκεῖνον
1232 1849 1864 1920 φιλανθρωπευσόμεθα,

303 1949 534 2001 ἐκείνων
571 1948 626 2000 δὲ
670 1948 733 2000 τὸ
774 1948 955 2000 πεδίον
984 1947 1161 2007 ἕσται,
1193 1946 1288 1997 καὶ
1318 1945 1350 2010 ἡ
1382 1942 1743 2008 ταλαιπωρία,
1769 1940 1865 1991 καὶ

302 2041 575 2108 στήσομεν
624 2042 750 2100 τοὺς
802 2040 1082 2109 εἴρξοντας
1137 2035 1335 2096 αὐτοὺς
1384 2033 1493 2086 τῶν
1542 2032 1763 2092 πυλῶνι
1805 2031 1864 2082 Εἰ

305 2129 407 2198 μὲν
451 2129 560 2199 γὰρ
601 2130 729 2197 πρὶν
764 2129 939 2180 ἐλθεῖν
986 2126 1367 2196 ὁμονοοῦντας,
1400 2122 1633 2178 ἐνταῦθα
1674 2123 1865 2189 ἀφικο-

306 2224 503 2291 μένους
561 2221 757 2281 αὐτοὺς
808 2220 1202 2288 διαιρήσομεν*
1244 2218 1342 2270 καὶ
1482 2216 1580 2283 μὲν
1643 2213 1701 2265 ἐν
1752 2214 1864 2275 τοῖς

302 2310 554 2363 εἰωθόσιν
608 2310 683 2372 ὡς
718 2309 983 2378 ἡμέτερος
1017 2307 1169 2360 ἔσται
1200 2346 1216 2372 ,
1258 2307 1384 2367 τοὺς
1437 2306 1481 2358 δ’
1522 2305 1597 2366 ὡς
1636 2301 1863 2373 ἐχθροὺς

304 2401 661 2470 ὑποτρόμεθα,
708 2403 801 2454 καλ⁹
839 2401 977 2470 μήτε
1027 2400 1248 2468 στέγης,
1308 2398 1446 2467 μήτε
1501 2397 1610 2448 τῶν
1663 2397 1726 2447 ἐκ
1770 2395 1870 2463 τῆς

302 2495 511 2563 ἀγορᾶς
547 2494 729 2555 αὐτοῖς
771 2491 1162 2562 μεταδώσομεν
1192 2505 1205 2519 ·
1265 2489 1365 2541 οὐκ
1410 2486 1524 2540 οῖδα
1555 2487 1714 2539 τίνων
1760 2502 1870 2537 τοι-

304 2584 478 2652 αύτης
538 2583 825 2653 ἀρξάντων
898 2579 1338 2651 ἀπανθρωπίας,
1415 2579 1657 2641 ἐκείνους
1720 2577 1868 2646 ἡμᾶς

306 2674 506 2742 ζηλοῦν
551 2673 799 2744 δόξομεν.
840 2671 1054 2725 Ἔπειτ’
1113 2670 1221 2725 οὐδ’
1262 2673 1290 2725 ὁ
1324 2669 1695 2740 βασιλεὺς,ἢν
1738 2669 1870 2735 ἐφυ-

306 2767 525 2830 λάξαντ’
562 2767 629 2819 ἂν
665 2768 868 2828 πάντες
922 2763 1371 2835 εὐγνωμοσύνην,
1425 2762 1632 2830 ταύτην
1692 2758 1870 2827 ἐαυτῷ

308 2859 612 2927 προσήκειν
662 2859 936 2927 ἡγήσεται
958 2872 974 2888 ο
1032 2856 1127 2910 καὶ
1154 2854 1249 2919 οὓς
1283 2854 1634 2923 θαυμασταῖς
1664 2850 1875 2903 ἐλπίσιν

308 2951 521 3020 ἐπάρας
558 2949 706 3019 δεῦρ’
757 2950 955 3018 ἡγαγε,
1017 2949 1241 3011 τούτους
1297 2946 1556 3015 ἐξαίφνης
1594 2943 1878 2997 ἀπολιπεῖν

312 3042 600 3111 μονονουχὶ
645 3042 780 3094 πᾶσι
818 3041 1180 3112 κηρύξοντας,
1229 3038 1306 3102 ὡς
1359 3040 1429 3091 τὰ
1473 3036 1565 3090 τοῦ
1610 3034 1878 3104 βασιλέως

307 3134 464 3187 οὐδὲν
492 3133 580 3203 ἀρ’
602 3129 692 3203 ἦν,
722 3133 861 3203 πλὴν
891 3134 1098 3201 ἀπάτη.

1967 664 2263 718 maximum
2324 665 2458 717 illud
2508 681 2572 719 ac
2627 665 3027 719 divinissimum
3082 680 3245 731 esset,
3295 672 3529 741 jureque

1965 766 2190 823 paterno
2216 756 2501 824 imperium
2535 768 2763 819 teneret.
2794 758 2964 811 nostri
2995 761 3337 825 postmodum
3365 775 3526 814 causa

1967 860 2036 899 ne
2064 846 2329 901 Barbaros
2380 864 2452 916 qu
2478 848 2600 902 dem
2644 850 2826 902 renuit
2871 850 3204 915 obsecrare;
3255 866 3378 904 nam
3426 852 3530 905 hac

1967 934 2081 1003 ipsa
2133 951 2213 997 re,
2266 936 2402 989 nihil
2455 937 2750 1004 quidquam
2810 938 3089 992 molestius
3126 939 3358 1001 accidat,
3413 939 3531 993 viro

1969 1036 2077 1080 tam
2121 1027 2309 1080 multis
2346 1027 2505 1081 solito
2548 1028 2854 1096 imperare:
2901 1031 3175 1097 quomodo
3205 1030 3387 1099 itaque
3418 1045 3527 1083 non

1968 1117 2138 1185 ipsam
2175 1119 2534 1172 Barbarorum
2564 1134 2753 1173 sumus
2780 1123 3088 1188 superaturi
3122 1123 3528 1180 crudelitatem.

1970 1209 2236 1275 siquidem
2271 1216 2494 1263 meliora
2543 1212 2631 1265 ille
2661 1213 2728 1266 de
2760 1212 2868 1265 illis
2916 1214 3180 1280 speravit.
3230 1229 3392 1281 quam
3427 1212 3531 1279 ipsi

1971 1306 2098 1351 tunc
2142 1300 2312 1353 simus
2355 1300 2677 1355 e‘xhihituri.
2734 1303 2950 1356 Putavit
2997 1302 3215 1371 quidem
3274 1304 3354 1357 sic
3411 1304 3533 1357 illos

1967 1389 2172 1444 amicos
2224 1390 2363 1451 fore,
2397 1401 2458 1445 ut
2504 1401 2560 1447 et
2612 1393 2739 1447 belli
2786 1394 3101 1448 socii-tatem
3160 1394 3397 1455 inirent;
3430 1408 3533 1447 nos

1968 1495 2102 1534 vero
2130 1481 2199 1534 iis
2230 1496 2352 1549 quas
2380 1482 2807 1549 designabimus,
2841 1500 3002 1553 grave
3038 1484 3312 1553 quoddam
3342 1485 3531 1538 odium

1969 1573 2235 1640 prodituri
2267 1588 2477 1627 sumus.
2508 1574 2603 1628 Sin
2632 1591 2763 1629 vero
2790 1577 2987 1644 impios
3019 1592 3084 1629 ac
3115 1578 3408 1631 sceleratos
3438 1592 3533 1631 eos

1969 1666 2245 1728 arbitrari,
2287 1666 2380 1733 qui
2441 1676 2571 1720 tunc
2616 1668 2883 1736 ejusmodi
2928 1668 3133 1733 aliquid
3180 1668 3383 1719 fuerint
3415 1669 3534 1722 ausi

1970 1757 2277 1822 consulere,
2333 1756 2590 1812 laudibus
2637 1772 2702 1811 ac
2752 1757 2966 1826 plausu,
3001 1759 3078 1811 uti
3128 1758 3287 1827 plane
3336 1760 3533 1812 merito

1973 1846 2149 1907 decet.
2180 1856 2541 1901 revertentem
2574 1848 2955 1915 imperatorem
2988 1864 3177 1903 sumus
3202 1850 3531 1919 suscepturi.

1972 1952 2154 1991 nonne
2184 1945 2240 1990 et
2286 1938 2466 1991 socios
2506 1952 2610 1989 una
2644 1953 2766 1990 cum
2803 1952 2868 1991 eo
2914 1939 3126 2006 ingredi
3176 1940 3367 1992 urbem
3408 1956 3537 2007 pcr-

1973 2028 2289 2092 mittemus;
2328 2042 2394 2081 an
2439 2028 2622 2097 potius
2652 2029 2986 2084 humanitate
3012 2030 3066 2082 in
3097 2045 3222 2084 eum
3254 2033 3357 2093 usi,
3388 2046 3535 2084 cam-

1971 2134 2097 2187 pqu
2123 2119 2228 2172 illis
2254 2133 2316 2172 ac
2340 2119 2613 2173 miseriam
2644 2120 3037 2188 relinquemus,
3069 2121 3535 2193 prazlicicmusquc

1972 2210 2065 2279 qui
2112 2219 2297 2278 portas
2344 2211 2410 2264 ad
2454 2227 2547 2265 eos
2594 2212 2860 2266 arcendos
2897 2213 3249 2267 custodiant?
3288 2214 3443 2278 Quod
3486 2215 3532 2269 si

1972 2301 2272 2354 concordes
2319 2300 2438 2354 illos
2481 2302 2794 2370 priusquam
2841 2303 3240 2371 ingrediantur.
3285 2305 3375 2359 ubi
3422 2306 3533 2374 jam

1971 2397 2240 2453 venerint,
2263 2392 2639 2447 disceruamus
2662 2436 2677 2459 ,
2706 2408 2770 2448 ac
2789 2394 2904 2462 ipse
2928 2394 3148 2463 quidem
3177 2396 3323 2450 velut
3349 2404 3533 2449 noster

1970 2500 2033 2539 ac
2074 2486 2430 2549 domesticus,
2492 2496 2787 2542 consuetos
2848 2487 3047 2542 habeat
3098 2488 3366 2553 honores;
3416 2489 3537 2543 illos

1970 2583 2152 2630 autem
2201 2591 2302 2630 ceu
2368 2576 2573 2641 hostes,
2626 2587 2909 2645 suspectos
2948 2578 3281 2641 habeamus,
3330 2594 3538 2648 eosque

1971 2680 2149 2734 neque
2203 2674 2366 2727 tecto,
2434 2681 2609 2735 neque
2665 2665 2787 2721 foro
2844 2666 3129 2722 donandos
3183 2668 3538 2730 arbitremur.

1972 2756 2117 2810 haud
2172 2756 2330 2825 plane
2373 2756 2526 2821 novi,
2581 2755 2713 2826 quid
2760 2756 2883 2812 illos
2928 2757 2983 2811 in
3020 2759 3177 2813 nobis
3222 2758 3540 2815 laudaturos

1972 2857 2250 2917 putemus,
2297 2847 2389 2917 qui
2424 2847 2492 2902 ab
2525 2848 2861 2904 immanitate
2908 2850 3179 2919 ejusmodi
3234 2852 3534 2906 ordiamur.

1974 2938 2244 2994 Prazterea
2275 2954 2345 2994 ne
2397 2940 2511 3008 ipse
2551 2939 2772 3008 quidem
2808 2942 3128 3009 imperator.
3162 2959 3322 3011 quam
3348 2960 3541 2999 omnes

1974 3030 2318 3086 servaverint
2349 3031 2805 3095 benevolentiam,
2844 3033 2945 3087 sibi
2968 3048 3262 3104 congruam
3292 3036 3539 3103 putabit;

1979 3133 2145 3193 utque
2173 3138 2267 3178 eos
2289 3140 2429 3193 quos
2453 3124 2758 3193 magnificis
2791 3125 3268 3181 sollicitationibus
3297 3127 3349 3180 in
3385 3142 3537 3198 spem

309 3228 550 3297 erigens,
594 3229 703 3283 huc
747 3228 986 3293 duxerit.
1025 3227 1207 3283 statim
1235 3225 1602 3295 derelinquat,
1642 3222 1730 3277 vix
1794 3231 1903 3274 non
1943 3218 2146 3288 ubique
2182 3219 2423 3288 gentium
2463 3217 2875 3288 praedicaturos,
2941 3218 3280 3287 imperatoris
3320 3233 3539 3276 omnem

309 3320 755 3388 negotiationem.
789 3318 995 3373 fraudis
1025 3320 1237 3373 larvam
1270 3317 1460 3371 fuisse.

382 3420 492 3473 Καὶ
531 3420 638 3488 μὴν
672 3418 783 3471 οὐδ’
830 3411 903 3471 ὧν
969 3415 1131 3470 εἵνεκ’
1162 3416 1663 3483 ἀναισχυντήσομεν
1716 3408 1868 3481 εὖροι
1895 3417 1941 3476 c

1895 3417 1941 3476 ο
2046 3406 2186 3462 Sane
2240 3420 2309 3461 ne
2358 3421 2590 3476 quorum
2636 3408 2859 3477 quidem
2892 3402 3065 3479 gratia
3115 3411 3535 3481 proterviamus.

309 3526 395 3570 τις
430 3510 517 3563 ἀν.
559 3510 621 3560 Εἰ
661 3508 759 3577 μὲν
806 3508 915 3576 γὰρ
958 3507 1054 3559 τοῦ
1089 3506 1353 3575 πολέμου,
1380 3504 1476 3558 καὶ
1518 3504 1736 3558 πάντων
1761 3500 1872 3554 τῶν

311 3599 477 3651 εἵνεκ’
500 3600 697 3661 αὐτοὺς
734 3598 876 3670 δεῦρ’
905 3598 1188 3669 ἠγάγομεν
1220 3596 1667 3666 ἐξειργασμένων
1713 3595 1870 3662 ἡμῖν,

311 3692 441 3751 τοὺς
491 3688 813 3758 συμμάχους
863 3688 1124 3758 ἠξιοῦμεν
1171 3686 1628 3758 προπηλακίζειν,
1676 3685 1777 3737 οὐκ
1808 3683 1873 3736 ἂν

310 3781 568 3834 τοσοῦτον
598 3776 712 3851 εἶχε
771 3780 1016 3835 κίνδυνον
1081 3782 1114 3850 ἡ
1180 3780 1511 3849 ἀχαριστία·
1548 3779 1597 3830 εί
1652 3778 1709 3829 δὲ
1765 3775 1874 3828 τῶν

310 3872 517 3941 ὁμοίων
575 3873 898 3939 ἐφεστώτων
954 3874 1164 3937 κακῶν,
1232 3871 1502 3940 ἀνομοίως
1549 3871 1709 3938 ἡμεῖς
1761 3868 1873 3928 τοῖς

312 3964 489 4030 φίλοις
522 3964 818 4027 καλοῦντες
843 3966 940 4017 καὶ
971 3965 1251 4032 δεχόμενοι
1287 3960 1740 4032 προσφερόμεθα,
1776 3962 1872 4026 οὐχ

310 4055 423 4125 δρῶ
460 4056 557 4119 τὰς
586 4055 805 4119 ἐλπίδας
837 4056 935 4124 τῆς
958 4057 1217 4124 τοιαύτης
1246 4053 1622 4122 καινοτομίας.
1659 4052 1735 4104 Ού
1765 4052 1872 4121 γὰρ

313 4145 405 4197 ῖνα
460 4145 620 4213 μόνον
662 4143 826 4197 δεινοί
880 4161 1026 4207 τινες
1078 4145 1407 4211 κακουργεῖν
1436 4143 1533 4195 καὶ
1562 4140 1874 4208 φενακίζειν

311 4234 581 4304 δοκῶμεν,
619 4235 1097 4305 περιεργαζόμεθα
1119 4234 1331 4301 ταῦτας
1366 4236 1529 4287 Ἀνευ
1561 4232 1618 4285 δὲ
1644 4231 1873 4297 τούτων,

312 4323 366 4375 τί
406 4325 523 4376 ποτ’
551 4324 749 4387 αὐτοὺς
796 4324 1239 4394 ἐξαπατηθέντας
1298 4323 1389 4376 καὶ
1434 4321 1646 4389 γέλωτα
1706 4322 1873 4373 πᾶσιν

311 4408 612 4476 ὃφλοντας,
659 4410 840 4463 οἴεσθε
884 4410 1141 4480 δράσειν;
1175 4409 1557 4474 Καθεδεῖσθαι,
1599 4409 1695 4460 καὶ
1744 4406 1871 4476 παρ’

311 4502 529 4562 ἑαυτοῖς
580 4500 723 4564 ἐξειν
756 4501 833 4552 τὼ
883 4503 1052 4570 χεῖρε,
1085 4500 1180 4552 καὶ⁵
1212 4498 1503 4570 δεήσεσθαι
1539 4498 1873 4567 συγγνώμην

310 4593 499 4653 αὐτοῖς
542 4591 708 4661 ἔχειν,
750 4587 825 4646 ὧν
863 4593 1266 4661 ἐξηπάτηνταις
1320 4592 1436 4663 Οὐχ
1480 4592 1623 4646 οὕτω
1654 4592 1871 4660 φιλοσο-

312 4683 435 4749 φεῖν
460 4680 759 4749 ἐγνώκασι,
795 4684 895 4736 καὶ
943 4680 1118 4751 θυμοῦ
1158 4687 1403 4752 κρατεῖν.
1458 4684 1659 4737 Λοιπὸν
1692 4683 1871 4736 τοίνυν

1974 3499 2129 3554 facile
2171 3499 2294 3569 quis
2350 3501 2611 3555 inveniat.
2668 3502 2801 3557 Nam
2860 3516 2919 3558 ut
2983 3505 3126 3561 beilo
3177 3506 3420 3575 quidem,
3474 3521 3540 3559 ac

1974 3605 2208 3659 quorum
2262 3605 2423 3644 causa
2475 3592 2653 3645 socios
2705 3593 3050 3661 adduximus,
3108 3596 3403 3659 confectis,
3455 3596 3540 3651 eis

1975 3681 2239 3737 vellemus
2274 3682 2522 3747 illudere,
2570 3684 2710 3739 haud
2747 3694 2954 3741 tantum
2996 3688 3190 3758 ingrati
3232 3689 3324 3743 illa
3367 3689 3536 3742 animi

1974 3774 2124 3829 labes
2153 3776 2457 3844 periculum
2492 3777 2738 3831 haberet.
2775 3779 2868 3833 Sin
2894 3789 3075 3835 autem
3103 3780 3294 3835 iisdem
3325 3784 3538 3835 instan-

1976 3865 2122 3919 tibus
2162 3866 2341 3928 malis,
2367 3867 2470 3920 alia
2503 3868 2717 3937 aliaque
2750 3869 2961 3924 ratione
2989 3871 3248 3927 vocandis
3272 3886 3336 3927 ac
3360 3873 3536 3927 susci-

1974 3958 2188 4028 piendis
2215 3960 2406 4015 amicis
2433 3960 2719 4025 habemus,
2742 3978 2849 4016 non
2881 3962 3041 4019 video
3066 3965 3197 4034 quid
3224 3980 3287 4019 ea
3320 3967 3535 4020 novitas

1973 4050 2088 4117 spei
2120 4049 2336 4104 habeat.
2372 4051 2511 4105 Num
2547 4053 2693 4106 enim
2728 4054 2904 4109 solum
2939 4065 2998 4109 ut
3041 4057 3271 4111 subtiles
3308 4057 3532 4125 quidam

1974 4140 2303 4195 consueudis
2340 4141 2627 4197 fraudibus
2672 4158 2735 4197 ac
2769 4144 2951 4200 dando
2998 4146 3164 4204 verba
3207 4150 3531 4214 videamur.

1974 4230 2053 4285 sic
2102 4231 2205 4285 ista
2247 4233 2406 4287 anxie
2452 4234 2706 4302 agimus?
2752 4235 3042 4301 Praeterea,
3097 4240 3229 4309 quid
3274 4241 3535 4311 deceptos

1974 4320 2118 4384 illos,
2161 4323 2519 4405 omniumque
2561 4324 2732 4381 factos
2763 4327 3021 4394 fabulam,
3052 4331 3391 4398 prastituros
3433 4350 3535 4403 pu«

1974 4415 2137 4470 tatis?
2176 4416 2311 4471 Fors
2351 4432 2621 4486 sessuros,
2664 4435 2729 4474 ac
2758 4423 2900 4490 apud
2947 4438 3007 4478 se
3040 4426 3380 4483 cohibituros
3414 4445 3532 4484 ma-

1976 4521 2104 4569 nus,
2132 4510 2453 4578 veniamque
2496 4526 2597 4579 pro
2624 4511 2815 4566 fraude
2854 4514 2984 4581 ipsis
3020 4515 3162 4570 facta
3204 4521 3536 4587 rogaturos?

1972 4595 2171 4650 Verum
2202 4598 2344 4652 haud
2377 4600 2454 4654 illi
2490 4601 2562 4655 ita
2600 4602 2972 4672 philosophari
3005 4616 3300 4671 noverunt,
3346 4624 3411 4662 ac
3440 4610 3534 4664 ira:

1973 4684 2263 4741 dominari.
2321 4688 2584 4759 Superest
2635 4706 2767 4761 ergo
2817 4704 2875 4748 ut
2932 4694 3009 4749 illi
3062 4698 3282 4765 quidem
3344 4716 3533 4754 muros

312 4772 561 4833 ἐκείνους
604 4772 704 4839 μὶν
733 4773 841 4825 τῶν
872 4789 933 4824 τε
958 4772 1156 4842 τειχῶν
1202 4772 1517 4842 πειρᾶσθαι,
1562 4774 1657 4827 καὶ
1699 4790 1873 4842 μηχα-
1904 4764 1948 4821 D

1904 4764 1948 4821 D
1977 4783 2208 4840 tentent,
2243 4787 2407 4848 atque
2436 4780 2517 4833 eis
2553 4781 2880 4838 admoveant
2921 4786 3237 4854 machinas;
3274 4805 3374 4844 nos
3403 4806 3535 4846 vero

313 4861 535 4928 νήματα
593 4859 803 4922 τούτοις
860 4861 1198 4930 προσάγειν,
1240 4861 1387 4928 ἡμᾶς
1441 4859 1497 4912 δὲ
1548 4858 1869 4927 ἀντέχεσθαι

311 4952 424 5003 τῶν
472 4952 536 5002 ἐκ
586 4954 683 5021 τῆς
718 4952 1037 5019 πολιορκίας
1066 4952 1272 5005 κακῶν.
1321 4952 1484 5003 Ἀνευ
1532 4950 1640 5019 γάρ
1666 4950 1871 5003 τούτων

314 5043 453 5112 πρὸς
481 5042 631 5094 οὐδὲν
668 5044 854 5112 ἓτερον
897 5044 1088 5113 ἀρκεῖν
1138 5060 1227 5111 μοι
1277 5043 1503 5094 δοκεῖτε.
1532 5042 1591 5094 Et
1634 5042 1693 5094 δέ
1722 5039 1869 5093 τοῦθ’

315 5132 450 5199 ἡμῖν
472 5130 730 5200 φορητὸν,
761 5131 813 5182 τί
840 5132 952 5191 τοῖς
975 5128 1249 5198 πανταχοῦ
1281 5128 1595 5196 δυναμένοις
1615 5128 1870 5196 πρέσϐεις

312 5221 454 5287 ὑπὲρ
489 5219 805 5288 συμμαχίας
854 5220 1164 5289 πέμποντες
1199 5220 1465 5289 ἐνοχλεῖτε
1494 5259 1509 5283 ,
1542 5218 1659 5280 ἐξὸν
1706 5234 1873 5270 κατα-

312 5312 667 5371 κλεισθέντας
705 5310 814 5364 ύπό
845 5312 952 5363 τῶν
992 5311 1283 5379 βαρὸἀρων
1323 5309 1764 5379 πολιορκεῖσθαιξ;
1793 5309 1869 5363 Οὐ

312 5398 425 5468 γὰρ
454 5399 628 5466 ἔγωγε
660 5399 771 5468 ὁρῶ
830 5400 992 5453 τίνων
1022 5402 1168 5469 ἡμᾶς
1191 5400 1592 5462 ἀπαλλάξουσιν
1627 5400 1871 5460 ἐλθόντες

316 5492 369 5542 οἱ
402 5489 699 5559 σύμμαχοι,
736 5491 888 5543 ὁπόθ’
925 5493 1141 5555 ἑκόντες
1196 5491 1438 5561 αἱρεῖσθε
1489 5491 1556 5544 τὰ
1595 5492 1868 5560 χείριστα.

317 5579 506 5641 Οὕτως
526 5582 625 5632 οὐκ
662 5581 812 5635 ἐστιν
849 5583 1030 5653 εὑρεῖν
1063 5584 1202 5652 ὑπὲρ
1237 5584 1358 5636 ὅτου
1400 5584 1525 5645 τοὺς
1558 5584 1695 5649 μετὰ
1724 5584 1873 5650 βασι-

316 5668 455 5732 λέιος
481 5671 708 5738 ἥξοντας
738 5673 799 5725 οὐ
827 5674 1206 5743 προσδέξεσθε.
1245 5676 1305 5727 Εἰ
1346 5676 1390 5728 δ’
1423 5677 1739 5745 ἀνθρώπινα
1781 5678 1875 5728 καὶ

316 5760 502 5813 δίκαια
564 5764 952 5830 λογισάμενοι,
999 5766 1297 5834 στεφανοῦν
1356 5768 1455 5835 μὲν
1513 5769 1698 5819 εἵνεκα
1765 5769 1874 5822 τῶν

321 5851 466 5921 ὑπὲρ
503 5855 657 5922 ἡμῶν
707 5859 1100 5923 πεπονημένων
1137 5859 1229 5909 τὸν
1270 5858 1493 5927 βασιλέα
1525 5859 1872 5929 βουλήσεσθε,

557 5954 821 6017 Panaca.
863 5957 977 6019 Gn.
1020 5956 1209 6020 CLIV.

1975 4868 2211 4923 obsessae
2232 4870 2383 4925 urbis
2426 4871 2667 4929 feramus
2702 4875 3066 4930 incommoda.
3107 4879 3334 4949 Insuper
3363 4884 3532 4946 enim,

1977 4960 2111 5015 nihil
2156 4976 2253 5016 vos
2300 4964 2443 5017 aliud
2478 4980 2636 5031 posse
2680 4969 2951 5021 existimo.
3000 4970 3155 5036 Quod
3191 4974 3235 5027 si
3284 4988 3345 5027 ea
3381 4976 3536 5030 vobis

1978 5066 2064 5104 res
2117 5050 2335 5104 ferenda
2395 5053 2631 5116 videtur,
2672 5065 2727 5109 ut
2785 5058 2916 5125 quid
2967 5059 3168 5127 ubique
3224 5065 3537 5130 potentibus

1976 5135 2308 5189 destinantes
2347 5138 2550 5205 legatos
2594 5140 2687 5206 qui
2733 5143 2785 5194 in
2828 5142 2956 5195 belli
3010 5146 3325 5199 societatem
3372 5148 3532 5201 indu-

1976 5236 2119 5288 cant,
2160 5228 2436 5296 uegotium
2478 5229 2678 5296 facitis,
2718 5247 2841 5287 cum
2892 5233 3050 5289 liceat
3079 5237 3228 5290 urbis
3261 5239 3536 5293 mamilius

1978 5318 2263 5372 conclusos
2330 5319 2693 5377 Barbarorum
2761 5325 3049 5381 obsidione
3111 5329 3325 5395 premi?
3380 5331 3532 5384 llaud

1978 5408 2121 5461 enim
2167 5424 2296 5463 sane
2337 5412 2533 5476 video,
2584 5430 2692 5483 quo
2728 5431 2828 5471 nos
2880 5418 3023 5471 malo
3078 5420 3358 5473 venientes
3401 5423 3535 5476 socii

1977 5498 2211 5553 liberare
2242 5501 2495 5567 habeant,
2527 5520 2652 5559 cum
2682 5518 2879 5575 sponte
2922 5509 3155 5577 pessima
3195 5512 3530 5577 praeoptetis.

1979 5589 2155 5657 Atque
2180 5592 2315 5645 adeo
2341 5594 2476 5647 nihil
2506 5610 2684 5651 causae
2717 5598 2821 5651 erit
2848 5614 2946 5651 cur
2976 5610 3238 5653 venturos
3268 5616 3390 5652 cum
3429 5602 3537 5653 im-

1981 5693 2228 5750 peratore
2260 5701 2365 5738 non
2408 5689 2738 5757 suscipiatis.
2777 5690 2869 5744 Sin
2920 5702 3101 5747 autem
3128 5708 3249 5760 qua:
3305 5694 3540 5747 humana

1980 5783 2105 5827 sunt
2148 5790 2208 5829 ac
2246 5777 2385 5846 juris
2425 5782 2743 5848 cogitantes.
2788 5783 3173 5854 imperatorem
3212 5784 3431 5850 quidem
3468 5784 3540 5837 ob

1980 5877 2265 5935 susceptos
2312 5872 2483 5926 nostri
2524 5887 2687 5930 causa
2718 5874 2934 5930 labores
2965 5874 3341 5930 coronandum
3384 5884 3541 5944 puta-

3111 5971 3188 6028 32
