4198 6440
244 472 386 535 13305

1187 474 1470 533 ORATIO
1511 475 1658 534 l‘Rl)
1701 475 2053 534 SUBSBDIU
2098 476 2567 535 LATINORUM.

3355 478 3491 543 1006

240 588 305 637 τὸ
340 585 480 641 δέος·
517 586 610 636 καὶ
631 584 921 646 δεσπόται,
955 584 1154 636 δούλων
1187 585 1383 645 αὐτοὺς
1414 584 1804 650 ἀποδράντων,
1838 587 1882 641 Α

1838 587 1882 641 Α
1912 582 2096 638 litibus
2116 583 2378 653 impetum
2398 585 2563 637 timor
2588 582 2902 647 retardavit;
2925 582 3262 653 dominique,
3281 583 3490 655 fugien-

243 676 405 728 αὐτοὶ
430 676 527 745 τὴν
556 675 777 728 ἐκείνων
804 675 1263 744 ἀντιλαμϐάνουσι
1294 677 1488 744 τύχην.
1529 675 1601 725 Τὸ
1628 674 1671 725 δ’
1695 674 1814 725 ὅλον

247 766 439 834 σχῆμα
474 768 573 833 τῆς
598 766 805 827 πόλεως
826 767 1015 834 ὁρᾶται
1043 765 1128 819 διὰ
1161 766 1381 819 πάντων
1410 762 1679 833 άμειφῦἐν
1710 762 1819 815 ῶσ-

243 871 358 923 περ
390 855 447 906 ἐν
491 854 718 906 πένθει·
756 853 959 916 πάντες
1010 853 1194 922 δὲτὴν
1238 853 1344 905 τῶν
1385 852 1570 905 κακῶν
1603 852 1818 903 σύνοδον

244 944 621 1012 ἐκπλαγέντες
647 986 661 1011 ,
701 943 1053 1012 ἀπώκνησαν.
1084 946 1193 997 Καὶ
1223 943 1250 995 ὃ
1295 944 1421 1005 τοὺς
1451 943 1573 994 νοῦν
1602 942 1822 1011 ἔχοντας

244 1038 556 1097 κατασείει,
586 1038 667 1089 ὅτι
700 1039 797 1091 καὶ
835 1039 944 1091 τῶν
975 1037 1411 1106 πολιτευομένων
1442 1036 1627 1088 πολλοὶ
1678 1034 1822 1088 οὕτω

243 1129 557 1199 χειροήθεις
597 1130 696 1191 τάς
742 1131 970 1199 γνώμας
1000 1130 1312 1197 γεγόνασιν,
1351 1130 1425 1191 ὡς
1469 1129 1613 1198 ἔχειν
1640 1145 1692 1181 τι
1728 1129 1823 1180 καὶ

244 1222 416 1272 καλὸν
432 1220 632 1288 λέγειν,
656 1221 752 1291 τὴν
772 1222 876 1273 ὑπο
893 1224 1001 1285 τοῖς
1017 1220 1312 1290 βαρϐάροις
1332 1220 1535 1280 τούτοις
1557 1219 1822 1283 δουλείαν,

244 1314 347 1364 καὶ
376 1314 502 1374 τοὺς
535 1311 841 1379 Ῥωμαίους
870 1311 1146 1380 βαρύτερα
1166 1310 1494 1365 ἐπιτάττειν.
1531 1312 1693 1362 Ὥστε
1729 1310 1825 1361 καὶ

242 1404 503 1471 φανερῶς
530 1405 617 1456 ἐπ’
647 1404 889 1465 ἐκείνους
924 1404 1290 1473 ἀποδημοῦσι,
1317 1406 1415 1457 καὶ
1449 1402 1644 1473 ρητούς
1674 1418 1825 1465 τινας

244 1500 482 1558 ἐκείνοις
511 1497 714 1550 σύνεισι
744 1498 999 1566 χρόνους’
1020 1498 1115 1548 καὶ
1138 1494 1406 1561 πρόϐατα,
1435 1496 1529 1546 καὶ
1554 1491 1700 1561 βοῦς,
1732 1491 1825 1543 καὶ

247 1584 473 1645 ἵππους,
505 1586 598 1635 καὶ
625 1583 887 1653 ἀργύρια,
914 1584 1140 1652 μισθοὺς
1170 1584 1355 1651 ἔχουσι
1386 1584 1485 1650 τῆς
1511 1581 1668 1650 ἡμῶν
1695 1597 1827 1650 προ-

240 1675 432 1737 δοσίας
447 1690 461 1706 ’
486 1676 581 1728 καὶ
611 1676 966 1744 συμπίνοντες
992 1674 1246 1736 ἐκείνοις,
1266 1674 1364 1742 τὴν
1384 1674 1659 1743 ἡμετέραν
1677 1673 1825 1726 ἀπώ-

240 1766 401 1819 λειαν
433 1766 650 1836 ᾄδουσι’
695 1769 790 1818 καὶ
818 1765 915 1835 τὴν
958 1765 1054 1818 τοῦ
1084 1765 1256 1827 δεῖνος
1299 1765 1497 1829 οἰκίαν,
1529 1765 1561 1833 ἢ
1594 1764 1689 1835 τὴν
1727 1765 1825 1831 τῆς

242 1857 510 1925 γυναικὸς
543 1856 715 1925 ὥραν,
745 1856 777 1924 ἢ
808 1857 907 1925 τὴν
934 1856 1139 1909 παίδων
1171 1855 1402 1917 ἐκείνοις
1433 1857 1787 1924 προπίνουσιν
1808 1872 1821 1885 ⁸

244 1946 501 2015 εὔχονται
547 1947 603 1997 δὲ
634 1946 785 2021 παρὰ
823 1946 1006 2013 σφίσιν
1035 1945 1161 1997 ἰδεῖν
1191 1945 1295 1998 ὑπὸ
1323 1934 1541 1997 πάντων
1585 1962 1825 2014 προσκυο
1856 1918 1899 1976 Β

246 2039 547 2108 νουμένους
569 2054 581 2066 ·
618 2040 771 2091 ταῦτ’
805 2037 1052 2098 εἰπόντες
1082 2036 1177 2088 καὶ
1197 2036 1502 2105 πράξαντες
1529 2036 1822 2103 ἐπανῆκον,

247 2132 658 2199 ἐνδεικνύμενοι
707 2133 822 2193 τοῖς
879 2129 1131 2191 πολίταις
1180 2129 1256 2191 ῶς
1300 2130 1348 2180 εἰ
1398 2128 1472 2199 μὴ
1516 2129 1824 2197 σιγήσουσι,

249 2225 396 2294 πρὸς
424 2227 547 2285 τοὺς
577 2223 843 2287 δεσπότας
875 2223 1055 2276 αὐτῶν
1092 2222 1404 2291 κατεροῦσι,
1440 2224 1566 2283 τοὺς
1600 2221 1830 2275 ἀλάστο-

251 2333 361 2386 ρας
412 2315 654 2376 ἐκείνους
705 2315 804 2368 οὑκ
862 2314 1147 2376 ὀκνοῦντες
1182 2313 1341 2366 τοῦτο
1389 2315 1603 2367 καλεῖν.
1656 2313 1720 2366 Οἱ
1772 2312 1829 2366 δὲ

252 2406 564 2476 φρίττουσι,
613 2406 708 2457 καὶ
738 2403 1089 2474 συνεύχονται
1124 2403 1303 2473 γῆρας
1348 2405 1460 2465 τοῖς
1493 2401 1716 2463 δικαίως
1762 2400 1828 2453 ἂν

251 2498 555 2567 ἁπαχθεῖσι
586 2496 890 2567 μνησθῆναί
917 2513 969 2548 τι
1020 2498 1114 2549 καὶ
1160 2495 1341 2548 αὐτῶν
1387 2496 1480 2547 ἐπὶ
1521 2492 1627 2546 τῶν
1651 2493 1829 2545 πότων

251 2589 503 2658 δεόμενοι
528 2604 543 2620 ο
574 2590 670 2642 καὶ
696 2588 963 2656 τοσαύτην
1008 2586 1320 2657 παρρησίαν
1356 2586 1405 2638 οἱ
1439 2583 1568 2653 παρ’
1605 2583 1831 2645 ἐκείνοις

261 2680 691 2752 μισθαρνοῦντες
744 2678 1171 2749 προσειληφότες
1224 2676 1325 2729 οὐκ
1378 2674 1632 2728 ὀκνοῦσιν
1691 2672 1830 2741 ὑπὲρ

253 2774 489 2827 ἐκείνων
516 2771 742 2841 ἀναίδην
778 2768 1240 2841 δημηγοροῦντες,
1278 2769 1375 2820 καὶ
1410 2767 1589 2819 πάντα
1623 2765 1833 2818 ποιοῦνο

257 2881 378 2929 τες,
412 2864 473 2930 ἐξ
498 2860 572 2918 ῶν
612 2864 795 2924 αὐτοῖς
827 2860 1141 2933 χαριοῦνται
1164 2873 1179 2890 ⁸
1212 2861 1350 2928 ὅπερ
1380 2859 1497 2910 ἐστὶ
1545 2857 1833 2927 προδοῦναι

256 2961 366 3029 τὴν
394 2958 567 3020 πόλιν,
593 2956 688 3009 καὶ
707 2955 928 3025 κυρίους
958 2954 1198 3015 ἐκείνους
1224 2953 1410 3022 σαφῶς
1439 2953 1657 3005 πάντων
1673 2950 1832 3017 ποιῆ-

262 3064 391 3102 σαι*
424 3048 552 3101 ὥστ’
585 3048 723 3101 εἰσὶν
760 3048 860 3117 ήδη
902 3046 952 3098 οί
1001 3045 1140 3115 μετὰ
1179 3043 1422 3097 σπονδῶν
1463 3042 1596 3109 γοῦν
1630 3040 1833 3094 ἁλῶναι

260 3140 368 3208 τὴν
400 3140 553 3191 πόλιν
598 3137 881 3207 εὐχόμενοι
952 3134 1249 3197 δεδοικότες
1294 3134 1368 3203 μὴ
1407 3132 1687 3202 φθάσωσιν
1729 3130 1835 3183 ὑπὸ

260 3232 378 3286 τῶν
406 3231 615 3299 μιαρῶν
646 3229 845 3281 τούτων
868 3227 1265 3297 προδεδομένοι.

1924 674 2069 727 tibus
2088 676 2472 736 scrvis,eorum
2494 678 2593 743 ipsi
2620 674 2857 729 vicissim
2881 674 3116 729 subeunt
3135 676 3493 732 sortcm.Uni-

1921 780 2075 819 versa
2094 766 2331 820 civitatis
2349 768 2558 837 species
2574 767 2721 820 omni
2753 782 2904 836 parte
2923 767 3073 821 velut
3092 769 3146 821 in
3169 768 3320 824 luctu
3340 784 3490 823 com-

1921 863 2128 908 mutata
2154 857 2396 910 cernitur
2421 877 2436 910 :
2464 859 2755 925 cunctique
2784 859 3053 912 malorutn
3075 860 3312 914 coitione
3339 870 3487 913 tanta

1921 946 2235 1016 stupefacti,
2272 949 2484 1004 animos
2518 951 2952 1019 desponderunt.
2973 952 3116 1018 Quin
3138 952 3241 1007 hoc
3270 967 3492 1022 quoque

1923 1038 2233 1105 sapientum
2281 1048 2517 1093 mentem
2548 1042 2751 1109 quatit,
2778 1042 2925 1110 quod
2962 1042 3116 1096 multi
3169 1042 3318 1096 cives
3351 1043 3493 1094 adeo

1923 1128 2109 1182 servili
2154 1130 2339 1182 animo
2387 1128 2518 1183 facti
2552 1131 2683 1193 sint,
2722 1141 2780 1185 ut
2812 1133 2943 1201 quid
2983 1133 3133 1198 boni,
3175 1134 3249 1187 illi
3286 1133 3494 1199 Barba-

1926 1233 2113 1272 rorum
2130 1220 2383 1275 servituti
2421 1220 2600 1275 inesse
2627 1222 2909 1288 dicant,ac
2935 1224 3209 1277 Romanos
3238 1225 3489 1293 graviora

1922 1309 2137 1380 jubere.
2172 1311 2538 1376 Quamobrem
2571 1313 2733 1368 etiam
2764 1314 3042 1383 propalam
3074 1314 3141 1367 ad
3179 1316 3299 1368 illos
3325 1318 3492 1384 proli-

1926 1402 2494 1473 ciscuntur,apudque
2528 1405 2649 1459 illos
2683 1406 2850 1460 certis
2899 1406 3228 1474 quibusdam
3276 1416 3488 1475 tempo-

1929 1492 2084 1545 ribus
2115 1501 2426 1555 versantur,
2459 1508 2722 1562 ovesque,
2768 1507 2823 1551 et
2862 1495 3048 1559 boves,
3101 1507 3158 1549 et
3205 1511 3394 1564 equos,
3428 1512 3494 1551 ac

1928 1583 2210 1652 pecunias,
2242 1592 2441 1637 nostra:
2476 1584 2784 1638 mercedem
2822 1585 3150 1653 proditionis
3188 1588 3489 1654 accipiunt,

1926 1676 2120 1742 eisque
2152 1684 2532 1744 compotantes
2570 1685 2814 1730 nostram
2849 1685 3053 1730 canunt
3086 1678 3445 1746 perditionem
3475 1698 3491 1743 ;

1927 1780 1993 1819 ac
2038 1767 2202 1836 hujus
2230 1766 2476 1829 domum,
2518 1767 2707 1821 uxoris
2743 1768 2887 1822 illius
2915 1767 3176 1836 speciem,
3208 1770 3489 1823 autetiam

1931 1857 2242 1927 pignorum,
2277 1857 2346 1912 iis
2378 1858 2671 1927 propitiant
2701 1876 2716 1912 :
2761 1860 2906 1928 apud
2953 1876 3011 1913 se
3042 1871 3221 1915 autem
3264 1862 3316 1915 in
3350 1861 3494 1915 votis

1929 1947 2167 2011 habent,
2202 1958 2263 2001 ut
2295 1947 2365 2001 ab
2396 1948 2665 2003 universis
2702 1952 2915 2005 adorari
2955 1952 3202 2007 homines
3249 1954 3494 2018 videant,

1928 2037 2105 2106 iisque
2137 2039 2298 2093 dictis
2328 2053 2392 2093 ac
2420 2038 2577 2093 factis
2631 2042 2833 2095 reverti
2883 2054 3367 2112 prmsumpserunt,
3419 2047 3495 2101 si-

1928 2129 2250 2198 gniﬁcantes
2300 2130 2535 2195 civibus,
2569 2130 2673 2185 nisi
2729 2140 2964 2195 taceant,
3000 2135 3245 2189 dicturos
3283 2152 3343 2190 se
3379 2138 3496 2192 suis

1929 2217 2197 2280 dominis,
2232 2233 2296 2272 ac
2340 2218 2481 2287 apud
2529 2234 2624 2273 eos
2673 2220 2896 2288 gravius
2951 2235 3330 2291 accusaturos,
3382 2242 3492 2281 non

1930 2320 2183 2364 verentes
2213 2311 2384 2365 malos
2420 2311 2540 2365 illos
2574 2310 2851 2366 damnones
2890 2329 2953 2367 ac
2982 2324 3164 2382 pestes
3190 2317 3269 2370 sic
3305 2321 3496 2386 appel—

1928 2402 2063 2458 lare.
2096 2400 2135 2454 li
2180 2416 2312 2455 vero
2342 2401 2567 2455 horrore
2610 2412 2887 2469 tenentur,
2933 2403 3233 2475 longosque
3265 2423 3464 2476 precan

1933 2502 2022 2545 tur
2049 2507 2222 2547 annos
2253 2492 2340 2557 iis,
2370 2493 2464 2562 qui
2501 2494 2697 2547 merito
2733 2494 2817 2564 agi
2848 2494 3167 2551 debuissent
3195 2516 3209 2551 :
3241 2510 3495 2569 rogantes

1934 2594 1993 2638 ut
2021 2585 2164 2638 inter
2195 2584 2388 2652 pocula
2436 2600 2628 2639 eorum
2663 2585 2867 2655 aliquid
2924 2589 3241 2645 meminisse
3280 2591 3448 2647 velint
3482 2609 3495 2644 :

1938 2686 2256 2745 tantamque
2300 2676 2611 2732 libertatem
2644 2678 2723 2732 sic
2760 2678 2903 2750 apud
2935 2680 3060 2735 illos
3094 2692 3369 2738 merentes
3411 2700 3501 2738 as-

1937 2774 2315 2836 sumpserunt,
2354 2777 2413 2822 ut
2446 2784 2548 2823 nec
2581 2786 2678 2839 pro
2709 2771 2816 2825 illis
2847 2772 3185 2842 impudentia
3216 2789 3376 2829 orare
3408 2792 3502 2831 ve-

1937 2871 2181 2925 reantur,
2216 2861 2510 2929 omniaquc
2560 2860 2762 2927 facere,
2809 2878 2875 2917 ex
2917 2864 3120 2933 quibus
3169 2866 3279 2922 illis
3335 2869 3501 2923 obse-

1935 2962 2175 3022 quantur
2203 2969 2219 3020 ;
2249 2952 2396 3022 quod
2444 2966 2530 3007 est
2558 2955 2749 3009 urbem
2780 2956 3035 3026 prodere.
3068 2973 3133 3012 ac
3162 2959 3340 3027 palam
3374 2962 3502 3013 uni-

1936 3057 2220 3097 versorum
2280 3043 2532 3099 dominos
2580 3044 2761 3100 facere
2789 3064 2803 3101 :
2836 3057 2894 3101 ut
2928 3062 3026 3101 nee
3053 3048 3166 3118 jam
3197 3049 3377 3105 desint
3407 3052 3500 3119 qui

1936 3144 2126 3204 aptent
2156 3133 2259 3189 sub
2289 3133 2464 3204 pactis
2495 3135 2615 3203 capi
2644 3134 2944 3201 civitatem,
2984 3136 3241 3191 timentes
3268 3154 3338 3194 ne
3382 3156 3501 3195 scc-

1937 3225 2089 3281 lestis
2120 3224 2240 3280 istis
2278 3224 2636 3280 traditoribus
2674 3227 2950 3296 contingat
2978 3230 3252 3297 occupari.

335 3287 522 3385 Οῦτως
553 3324 631 3383 εἰς
660 3321 866 3391 ἄπορόν
892 3287 1015 3373 τινα
1045 3287 1213 3387 τύχην
1241 3319 1312 3372 τά
1345 3319 1501 3372 κοινά
1533 3317 1831 3387 συνηλάθη,
1860 3287 1905 3345 C

1860 3287 1905 3345 θ
2010 3317 2102 3373 Sic
2133 3317 2352 3386 publica
2383 3332 2473 3372 res
2505 3318 2557 3370 in
2603 3327 2873 3371 extremas
2918 3320 3183 3385 quasdam
3226 3322 3505 3391 anguStias

264 3420 365 3473 καὶ
392 3416 531 3469 οὕτω
552 3414 611 3466 τὸ
635 3414 751 3483 μετ’
770 3410 1081 3481 ἐλευθερίας
1109 3411 1209 3481 ζῇν
1240 3410 1336 3464 τοῦ
1359 3410 1546 3463 λοιποῦ
1568 3409 1630 3463 ἐν
1653 3426 1708 3462 τι
1727 3410 1838 3463 τῶν

264 3507 541 3563 ἀδυνάτων
570 3506 745 3557 δοκεῖ’
780 3504 856 3564 είς
887 3504 1023 3571 ὅπερ
1058 3502 1201 3571 ὑμᾶς
1252 3502 1313 3553 τὸ
1346 3502 1414 3553 τὰ
1451 3502 1550 3570 μὲν
1589 3499 1838 3571 καθημέ-

267 3619 376 3671 ραν
399 3595 755 3664 ἐλαττώματα
784 3592 1129 3663 διορθοῦσθαι
1160 3590 1401 3661 νομίζειν
1430 3591 1746 3661 περίεργον,
1778 3588 1840 3643 τὸ

265 3694 328 3747 δὲ
386 3692 521 3759 μετὰ
571 3685 854 3758 ῥᾳστώνης
900 3685 1189 3753 παρελθεῖν
1220 3683 1318 3751 τὴν
1351 3684 1564 3752 ἡμέραν
1611 3683 1838 3751 ἀνδράσι

267 3782 545 3852 προσῆκον
571 3777 915 3845 λογίζεσθαι·
941 3778 1032 3828 καὶ
1062 3778 1189 3838 τοὺς
1223 3776 1321 3846 μὲν
1351 3775 1387 3828 ἃ
1410 3776 1492 3827 δεῖ
1510 3774 1839 3845 παραινοῦνο

264 3893 372 3936 τας
415 3874 612 3942 λήρους
641 3871 846 3934 καλεῖν,
877 3870 985 3930 τοῖς
1016 3868 1071 3920 δὲ
1096 3870 1215 3931 ταῖς
1254 3867 1412 3937 ἡμῶν
1438 3868 1649 3937 ἡδοναῖς
1683 3884 1840 3921 συναο

265 3961 669 4033 γωνιζομένους
689 3955 824 4011 ἆθλα
847 3958 1135 4027 θαυμαστὰ
1179 3958 1491 4027 προτιθέναι
1527 3960 1837 4029 προήγαγε.

266 4056 389 4111 Καὶ
417 4054 550 4123 πρός
589 4069 652 4119 γε
694 4051 776 4104 ἔτι
806 4051 866 4103 τὸ
900 4052 1023 4113 τοὺς
1057 4053 1154 4119 μὲν
1184 4050 1434 4120 φανερῶς
1468 4052 1840 4121 πολεμοῦντας

267 4142 585 4212 ἀνέχεσθαι,
636 4141 730 4193 καὶ
771 4139 1046 4192 πιστεύειν
1077 4140 1413 4205 ἐξαπατῶσι,
1469 4141 1593 4202 τοὺς
1627 4140 1685 4193 δὲ
1720 4138 1840 4208 μεθ’

267 4235 435 4306 ήμῶν
482 4232 772 4287 τάττεσθαι
828 4233 923 4285 καὶ
980 4235 1287 4302 συμμαχεῖν
1338 4231 1838 4301 ἐπαγγελλομένους

270 4326 637 4383 ὑποπτεύεινο
672 4324 767 4377 καὶ
798 4323 981 4392 ζητεῖν
1007 4324 1308 4391 προφάσεις
1327 4324 1451 4375 ὅθεν
1478 4324 1711 4391 λύσομεν
1742 4322 1839 4383 τὰς

272 4416 637 4491 φιλίας.Ἀλλ’
656 4416 751 4469 ἐὰν
773 4416 881 4467 τῶν
912 4414 1177 4483 πρότερον
1202 4416 1585 4482 καταγνόντες,
1612 4417 1723 4476 τοῖς
1744 4413 1839 4466 νῦν

270 4511 431 4580 παρὰ
461 4508 594 4562 Θεοῦ
632 4505 933 4573 δεδομένοις
969 4503 1323 4572 χρησώμεθα,
1364 4506 1455 4556 καὶ
1486 4508 1612 4567 τοὺς
1654 4503 1840 4557 ἀνθελ-

1940 3408 2155 3464 redacta
2183 3418 2291 3473 est,
2325 3408 2512 3478 sicque
2541 3408 2799 3476 deinceps
2832 3409 3034 3464 liberos
3082 3412 3263 3466 vivere
3297 3414 3509 3483 impos-

1939 3501 2195 3556 sibilibus
2222 3501 2629 3556 accensendum
2659 3501 2875 3555 videtur
2900 3519 2916 3567 ;
2946 3502 3003 3555 in
3033 3519 3171 3572 quas
3209 3521 3308 3559 nos
3334 3522 3508 3576 anguo

1939 3594 2073 3647 stias
2098 3592 2354 3663 conjecit,
2383 3602 2496 3645 tum
2524 3592 2668 3661 quod
2700 3592 3003 3648 accidentia
3030 3596 3170 3649 mala
3199 3595 3506 3668 damnaque

1940 3684 2346 3753 neglexerimus
2392 3698 2491 3738 ceu
2551 3699 2665 3739 rem
2710 3685 3038 3753 superﬂuam
3084 3689 3380 3744 emendare
3430 3709 3495 3746 ac

1940 3776 2292 3839 instaurare;
2348 3784 2462 3829 tum
2514 3775 2660 3844 quod
2708 3775 2849 3829 diem
2919 3777 3030 3834 otio
3096 3782 3396 3849 transigere
3441 3798 3508 3836 ac

1942 3865 2194 3936 ignavia,
2246 3865 2396 3920 viros
2444 3865 2642 3920 decere
2694 3874 3050 3935 putaremus;
3095 3884 3160 3924 ac
3219 3882 3509 3927 monentes

1941 3958 2162 4027 quidem
2223 3972 2345 4026 quae
2408 3973 2589 4026 opera:
2638 3959 2871 4027 pretium
2916 3968 3122 4023 essent,
3172 3960 3508 4018 haberemus

1942 4050 2139 4103 stultos
2166 4066 2180 4113 ;
2218 4049 2285 4102 iis
2311 4061 2492 4102 autem
2525 4049 2618 4117 qui
2644 4048 3016 4117 voluptatibus
3046 4050 3507 4107 adblandirentur

1944 4140 2168 4204 nostris,
2204 4140 2463 4209 praeclara
2497 4138 2744 4208 quaedam
2788 4140 3005 4208 praemia
3028 4143 3308 4209 proposita
3340 4145 3510 4198 velle-

1945 4247 2081 4286 mus.
2113 4230 2193 4285 Ad
2222 4231 2337 4285 haec
2360 4241 2563 4294 autem,
2591 4231 2732 4299 quod
2764 4231 3079 4286 manifestos
3107 4231 3292 4288 hostes
3340 4239 3511 4289 susti-

1942 4335 2216 4385 neremus,
2246 4335 2309 4374 ac
2351 4320 2757 4389 decipientibus
2811 4320 3145 4376 haberemus
3176 4321 3378 4388 iidem;
3416 4340 3511 4379 eos

1944 4422 2127 4467 autem
2159 4413 2251 4481 qui
2298 4411 2458 4466 nobis
2503 4413 2850 4476 accedentes,
2884 4413 3010 4468 belli
3057 4427 3115 4468 se
3166 4416 3347 4470 socios
3393 4416 3511 4472 fore

1943 4503 2357 4567 pollicebantur,
2386 4502 2734 4557 habuerimus
2767 4514 3070 4573 suspectos,
3102 4520 3165 4559 ea
3202 4518 3510 4572 causantes,

271 4602 510 4664 κοῦντας
542 4598 765 4658 τούτους
817 4596 1278 4663 ἀποσεισάμενοι,
1309 4597 1399 4649 καὶ
1429 4597 1635 4665 γραυσὶ
1671 4595 1843 4649 ταῦτα
1878 4610 1919 4664 ι)

1878 4610 1919 4664 ι)
1948 4592 2149 4662 quibus
2178 4594 2448 4647 amicitias
2472 4594 2915 4650 dissolveremus.
2938 4595 3140 4650 Verum
3178 4607 3236 4650 ut
3264 4600 3511 4667 priorum

280 4692 764 4763 μυθολογήσαντας
810 4689 1258 4757 ἀποπέμψαντες,
1287 4688 1376 4739 τὸν
1408 4688 1630 4754 ἔσχατον
1658 4685 1846 4738 τοῦτον

278 4784 427 4851 ὑπὲρ
456 4783 554 4851 τῆς
584 4786 769 4853 κοινῆς
800 4781 1070 4851 σωτηρίας
1100 4778 1289 4846 ἀγῶνα
1312 4777 1685 4845 ἀγωνίσασθαι
1727 4776 1850 4844 βου-

276 4877 503 4945 ληθῆτε,
556 4871 729 4943 οἶμαι,
771 4876 865 4926 καὶ
904 4874 1000 4925 σὺν
1038 4871 1157 4939 Θεῷ
1194 4870 1340 4922 τοῦτ’
1388 4870 1647 4940 είρήσθω,
1687 4870 1748 4920 οῦ
1783 4870 1851 4920 τὰ

277 4967 424 5019 οῐκοι
466 4966 643 5033 μόνον,
698 4964 832 5017 ἀλλὰ
867 4964 963 5015 καὶ
1014 4963 1083 5014 τὰ
1119 4963 1455 5031 πορρωτάτω
1489 4961 1665 5022 καλῶς
1706 4962 1849 5024 ἕξειν

276 5058 446 5126 ἡμῖν·
466 5056 559 5109 καὶ
588 5055 662 5124 μὴ
685 5058 751 5125 τῇ
781 5054 1001 5123 πατρίδι
1028 5053 1187 5121 μόνον
1203 5052 1505 5105 άνασώσειν
1538 5053 1600 5105 τὸ
1632 5053 1850 5105 πάντων

276 5142 612 5213 ἀντίρροπον
642 5143 739 5213 τὴν
775 5141 1111 5210 ἐλευθερίαν,
1144 5140 1279 5193 ἀλλὰ
1326 5142 1420 5193 καὶ
1459 5141 1719 5192 πλειόνων
1754 5143 1851 5208 ἄρ-

279 5234 463 5303 ξεινή
516 5235 808 5305 πρότερον·
843 5234 938 5287 καὶ
970 5235 1179 5295 πάντας
1219 5232 1345 5294 τοὺς
1378 5234 1509 5301 πρὶν
1568 5232 1657 5300 ὑφ’
1702 5235 1850 5302 ἡμᾶς

279 5324 373 5393 ἐφ’
401 5326 544 5393 ἡμᾶς
574 5325 885 5394 ἐπανήξειν,
913 5324 1007 5376 καὶ
1033 5324 1241 5385 πάντας
1266 5323 1369 5375 ὑπὸ
1396 5324 1522 5385 τοὺς
1550 5326 1851 5392 ἡμετέρους

279 5416 506 5469 ἔσεσθαι
556 5418 751 5486 νόμους
774 5456 789 5482 ,
819 5419 912 5469 καὶ
954 5416 1223 5485 πανταχοῦ
1257 5418 1369 5477 τοῖς
1398 5416 1692 5487 βαρϐάροις
1724 5418 1853 5469 ἀνα-

282 5508 660 5577 θαρῤήσοντας
691 5508 1067 5578 ἐπιθήσεσθαι.
1095 5508 1209 5560 Νῦν
1247 5510 1344 5576 μὲν
1373 5507 1483 5578 γὰρ
1511 5509 1657 5577 ἡμᾶς
1689 5509 1853 5578 ὁρῶν-

280 5618 381 5663 τες
414 5600 852 5669 κατεπτηχότας,
888 5604 1111 5662 εἰκότως
1146 5602 1527 5652 συστέλλονται
1556 5602 1648 5652 καὶ
1674 5601 1851 5663 αὐτοὶ,

284 5695 386 5747 καὶ
419 5693 514 5761 τῆς
549 5692 795 5754 δουλείας
822 5693 1124 5761 ἀνέχονῖαι,
1160 5692 1389 5760 ὁρῶντες
1422 5691 1546 5751 τοὺς
1592 5692 1853 5752 δεσπότας

288 5783 782 5852 ἀνακεχωρηκότας
814 5782 922 5835 τῶν
954 5784 1295 5851 πραγμάτων
1322 5797 1334 5810 ·
1374 5782 1438 5833 ἂν
1468 5780 1510 5832 δ’
1543 5781 1737 5848 δρῶσιν
1762 5782 1853 5834 άν-

289 5874 570 5930 τιῦλέπειν
624 5873 1035 5942 τολμήσαντας,
1089 5874 1182 5927 καὶ
1238 5873 1390 5925 αὐτοὶ
1439 5873 1740 5924 συνοίσουσι
1790 5872 1853 5925 τὰ

1951 4684 2294 4754 ρωιιίιυιίὶιιε
2338 4684 2525 4751 ducti,
2577 4685 2774 4739 oblatis
2833 4702 2980 4741 nunc
3029 4688 3121 4741 Dei
3170 4690 3513 4757 providentia

1952 4774 2289 4828 voluerimus
2321 4776 2422 4836 uti,
2465 4775 2643 4843 iisque
2680 4778 2915 4842 repulsis
2942 4780 3035 4846 qui
3078 4794 3235 4832 secus
3270 4781 3515 4843 trahunt,

1953 4883 2016 4921 ac
2042 4868 2107 4919 ad
2134 4881 2293 4928 anus,
2317 4866 2518 4931 quibus
2544 4881 2639 4920 eas
2670 4867 2881 4921 tabulas
2913 4879 3159 4929 narrent,
3187 4871 3513 4934 amandatis,

1952 4973 2267 5025 supremum
2311 4958 2414 5010 huc
2454 4973 2552 5025 pro
2579 4959 2753 5011 salute
2790 4961 3065 5013 communi
3097 4962 3366 5015 desudare
3394 4977 3517 5014 cet-

1954 5063 2155 5112 tamen,
2189 5051 2301 5103 fore
2355 5064 2538 5117 spero,
2574 5050 2717 5111 quod
2755 5054 2827 5104 sit
2856 5053 3057 5105 dictum
3103 5054 3210 5103 Deo
3271 5058 3515 5123 auspice,

1954 5154 2012 5202 ut
2045 5143 2246 5197 nedum
2272 5142 2584 5197 domesticae
2613 5159 2697 5198 res
2725 5145 2859 5198 bene
2892 5146 3049 5199 nobis
3083 5147 3353 5203 habitura:
3384 5150 3515 5211 sint.

1947 5248 2141 5287 verum
2168 5233 2333 5287 etiam
2365 5248 2529 5300 quam
2582 5234 2899 5302 longissime
2928 5237 3160 5303 posita;
3205 5247 3372 5306 utque
3409 5255 3515 5291 non

1952 5325 2126 5378 solum
2182 5325 2372 5392 patriae
2420 5334 2619 5377 sartam
2653 5334 2851 5378 tectam
2902 5342 3206 5392 servemus,
3246 5329 3516 5383 universis

1952 5416 2374 5484 comparabilem
2428 5432 2491 5469 ac
2541 5416 2917 5470 aestimabilem
2980 5419 3146 5486 magis
3178 5421 3514 5483 libertatem,

1954 5507 2046 5561 sed
2074 5508 2236 5561 etiam
2280 5508 2528 5575 pluribus
2569 5508 2900 5576 imperemus
2928 5525 2940 5571 ;
2976 5525 3273 5579 omnesque
3305 5513 3513 5578 pridem

1954 5600 2113 5653 nobis
2146 5599 2373 5669 suljecti
2405 5600 2470 5652 ad
2522 5616 2621 5653 nos
2654 5612 3019 5667 revertantur,
3055 5605 3367 5671 nostrisque
3400 5606 3517 5657 unli-

1954 5691 2095 5744 versi
2127 5691 2335 5758 legibus
2360 5691 2726 5757 subjiciuntur
2753 5710 2765 5753 ;
2794 5710 2856 5745 ac
2883 5696 3097 5746 demunt
3134 5704 3191 5745 ιιι
3220 5695 3366 5747 omni
3401 5697 3518 5748 lin-0

1957 5782 2153 5837 liducia
2184 5782 2350 5851 pleni,
2376 5782 2562 5837 hostes
2598 5784 2936 5839 invadamus.
2968 5785 3123 5838 Modo
3146 5786 3363 5854 quidem
3394 5804 3518 5840 eum

1958 5888 2058 5929 nos
2092 5874 2350 5929 attonitos
2374 5873 2614 5940 videant,
2649 5878 2844 5931 merito
2875 5889 2928 5930 ct
2963 5878 3061 5945 ipsi
3094 5880 3518 5939 contrahuntur,
