4198 6440
356 439 491 500 1009

1190 448 1473 511 ORATIO
1515 451 1611 510 DE
1655 452 1804 513 NON
1844 454 2249 516 liE‘DDENDA
2296 454 2710 514 (IALLII‘OLL

3420 444 3555 512 1010

2546 654 2903 665 ..ο-...αα-

1429 806 1773 938 ΤΟΥ
1881 804 2453 941 ΑΥΤΟΥ

912 1047 2279 1169 ΣΥΜΒΟΥΛΕΥΤΙΚΟΣ
2396 1050 2974 1166 ΕΤΕΡΟΣ

1237 1278 1550 1362 ΠΕΡΙ
1647 1276 2627 1365 ΚΛΛΛΙΠΟΛΕΩΣ

1422 1458 1855 1513 ΛΙΤΗΣΛΝΤΟΣ
1892 1459 2028 1512 ΤΟΥ
2061 1458 2438 1515 ΜΟΥΡΛΤΟΥ

1497 1791 2362 1948 EJUSDEM

1055 2087 1509 2179 ORATIO
1556 2088 1827 2175 ALIA
1934 2089 2823 2181 DELIBEliATlVA

872 2291 976 2352 DE
1018 2290 1179 2349 NON
1228 2288 1675 2349 BEDDENDA'
1709 2286 2128 2349 CALLIPOLI
2176 2289 2543 2351 PETENTE
2592 2290 3004 2353 AMURATE.

1898 2447 1967 2456 —

399 2591 547 2642 Ἔδει
584 2591 702 2657 μὲν,
740 2583 784 2639 ὦ
839 2588 1053 2656 ἄνδρες,
1115 2587 1189 2654 μὴ
1242 2588 1370 2653 περὶ
1427 2585 1688 2635 τοιούτων
1738 2585 1883 2651 ἡμᾶς
1917 2583 1961 2640 Α

318 2684 482 2753 ἥκειν
513 2679 993 2751 βουλευσομένους,
1047 2678 1105 2741 ἐξ
1146 2671 1219 2730 ὧν
1258 2676 1519 2743 ὁποτέρου
1561 2674 1887 2742 συμϐάντος,

322 2778 589 2847 αἰσχύνην
643 2774 736 2826 καὶ
771 2772 1014 2825 κίνδυνον
1052 2769 1267 2836 ἀνάγκη
1301 2770 1366 2837 τῇ
1417 2768 1568 2819 πόλει
1604 2764 1892 2832 προσγίνε-

326 2868 474 2931 σθαι,
508 2866 641 2918 ἀλλὰ
670 2866 796 2934 περὶ
833 2862 941 2914 τῶν
980 2859 1331 2929 ἐνδοξοτέρων
1363 2875 1421 2910 τε
1472 2857 1567 2910 καὶ
1608 2856 1891 2926 βελτιόνων

323 2963 460 3029 ἡμῖν
494 2955 631 3011 εἶναι
671 2956 762 3009 τὸν
814 2955 1007 3021 λόγον’
1062 2953 1235 3014 ἄλλως
1284 2968 1341 3003 τε
1390 2952 1481 3003 καὶ
1534 2949 1630 3017 τῆς
1686 2948 1893 3010 πόλῖως

329 3054 464 3120 ἡμῖν
496 3053 553 3103 ὲν
592 3052 711 3112 ταῖς
762 3050 970 3108 κοιναῖς
1023 3044 1306 3114 πράξεσιν,
1361 3041 1513 3094 οὐδὲν
1565 3038 1783 3092 πώποτε
1820 3038 1893 3106 μὴ

324 3142 640 3209 φιλοτιμίας
680 3141 773 3191 καὶ
812 3140 968 3207 δόξης
1001 3137 1275 3206 ἐχόμενον,
1310 3132 1685 3202 ἀνασχομένης
1723 3130 1893 3183 ἐνδεί-

324 3234 577 3285 κνυσθαι.
608 3232 759 3284 Ἐπεὶ
781 3230 837 3283 δὲ
862 3230 922 3281 τὸ
949 3229 1047 3297 μὲν
1074 3228 1321 3295 εὐτυχεῖν
1352 3224 1445 3278 καὶ
1480 3223 1689 3293 μεγάλα
1725 3223 1898 3292 πράτο

323 3342 439 3376 τειν
486 3324 632 3392 ἡμᾶς
671 3320 1025 3374 ὑπολέλοιπεν
1058 3316 1183 3387 ἤδη,
1245 3315 1610 3383 πεπράγαμεν
1658 3312 1713 3363 δὲ
1755 3311 1895 3362 οὕτω

324 3415 534 3476 κακῶς,
572 3413 709 3464 ὥστε
742 3414 854 3471 τοῖς
905 3408 1032 3478 παρ’
1078 3410 1209 3476 ἡμῖν
1263 3406 1517 3475 ῥήτορσιν
1563 3403 1725 3471 ἔργον
1760 3396 1894 3453 εἶναι

320 3506 435 3558 τῶν
467 3503 868 3574 προτιθεμένων
908 3501 993 3553 ἀεὶ
1040 3498 1223 3550 κακῶν
1266 3498 1325 3549 τὸ
1375 3495 1703 3562 κουφότερον
1743 3493 1896 3556 ἐξευ-

325 3599 542 3668 ρίσκειν
567 3614 579 3625 ·
624 3595 676 3646 τί
704 3594 890 3646 λοιπον
922 3591 1107 3662 ἢ’Θεῷ
1152 3590 1252 3657 μὲν
1292 3587 1548 3657 εὔχεσοαι
1582 3587 1706 3655 περί
1742 3585 1897 3654 ἡμῶν

326 3687 699 3759 μετριώτερόν
766 3702 820 3738 τι
870 3682 1303 3753 βουλεύσασθαι,
1364 3681 1560 3743 αὐτοὺς
1604 3680 1658 3731 δὲ
1690 3678 1895 3744 λελογι-

325 3784 546 3851 σμένως
600 3783 665 3849 τῇ
719 3776 970 3846 παρούσῃ
1022 3775 1156 3845 τύχῃ
1213 3773 1547 3844 χρωμένους,
1608 3772 1897 3837 πειρᾶσθαι

326 3873 531 3937 σώζειν
558 3872 753 3933 αὐτοὺς
785 3870 888 3931 ἕως
918 3870 1119 3932 ἔξεστι,
1174 3869 1266 3918 καὶ
1308 3867 1381 3935 μὴ
1414 3865 1603 3933 ὥσπερ
1632 3863 1895 3928 ἀπογνόν-

325 3982 452 4027 τας,
492 3963 588 4030 τὴν
623 3962 730 4012 τῶν
765 3958 1043 4028 προγόνων
1086 3957 1288 4025 ἀρετήν
1328 3974 1384 4007 τε
1438 3956 1532 4008 καὶ
1575 3956 1732 4019 δόξαν
1765 3971 1897 4023 προ-

323 4056 515 4109 δοῦναι
542 4054 908 4117 παντάπασιν,
970 4050 1083 4103 ἀλλ’
1104 4052 1166 4103 ὲκ
1205 4051 1313 4102 τῶν
1342 4047 1582 4101 δυνατῶν
1608 4050 1687 4109 εἰς
1719 4048 1900 4099 ἐκεῖνα

331 4147 621 4217 φαίνεσθαι
644 4148 710 4199 τὰ
747 4145 1166 4215 παραδείγματα
1195 4144 1288 4195 καὶ
1324 4142 1417 4194 νῦν
1444 4141 1852 4203 ἀποϐλέποντας
1884 4155 1897 4170 ·

346 4240 413 4290 ’Π
442 4238 537 4301 μὲν
564 4236 656 4289 οὖν
693 4235 857 4305 βουλὴ
894 4236 987 4286 καὶ
1032 4235 1063 4301 ἠ
1110 4232 1431 4301 καθημέραν
1458 4231 1717 4299 γινομένη
1765 4230 1901 4297 πρὸς

333 4329 603 4397 ἀλλήλους
634 4330 692 4379 ὲν
733 4329 851 4389 ταῖς
880 4325 1201 4396 ἐκκλησίαις
1231 4321 1505 4389 ἀντιλογία
1541 4322 1667 4390 περὶ
1698 4321 1805 4372 τῶν
1845 4321 1903 4373 ἐν

330 4420 667 4487 Χερῤονήσῳ
706 4416 1049 4482 πραγμάτων
1096 4415 1212 4465 ἐστὶ
1254 4413 1349 4464 καὶ
1372 4413 1469 4480 τῆς
1502 4409 1901 4475 Καλλιπέλεωςὶ

332 4514 405 4578 ἣν
434 4512 461 4561 ὁ
486 4510 781 4577 Μονρᾶιτης
821 4508 950 4573 παρ’
987 4506 1143 4573 ἡμῶν
1172 4505 1313 4568 ὑπὲρ
1359 4503 1458 4571 τῆς
1488 4504 1710 4571 εἰρήνης
1740 4503 1901 4553 αίτεῖ.

337 4603 451 4653 Καὶ
485 4602 540 4653 τό
584 4616 647 4667 γε
684 4600 935 4651 πλεῖστον
970 4601 1068 4666 τῆς
1118 4595 1345 4659 πόλεως,
1383 4596 1473 4647 καὶ
1520 4595 1627 4646 τῶν
1656 4593 1906 4661 ,συμϐου-

335 4692 519 4743 λεύειν
570 4688 858 4751 εἰωθότων,
900 4688 1036 4755 φασὶ
1086 4687 1193 4739 δεῖν
1241 4687 1339 4756 ἤδη
1393 4685 1631 4748 διδόναι,
1684 4686 1779 4736 καὶ
1831 4685 1905 4753 μὴ

338 4781 559 4851 μέλλειν
608 4780 684 4842 ὡς
741 4780 832 4832 καὶ
888 4780 988 4847 τῆς
1040 4778 1310 4847 ἀναϐολῆς
1371 4778 1607 4846 φανερὸν
1661 4776 1907 4829 κίνδυνον

334 4872 575 4941 ἐχούσης
635 4875 697 4942 τῇ
728 4872 903 4925 πόλει.
922 4870 1063 4934 Ἐγὼ
1085 4870 1129 4922 δ’
1155 4870 1387 4938 ἐσχάτης
1419 4869 1644 4937 ἀτυχίας
1672 4869 1909 4934 νομίζων

334 4966 440 5035 οὐχ
465 4965 679 5017 ὅτιτῶν
720 4963 994 5033 πολεμίων
1029 4960 1592 5030 προσληψόμεοτρλλῧ
1641 4963 1730 5013 ὅτι
1787 4961 1909 5013 τού-

335 5076 457 5122 τοις
502 5057 849 5128 προησόμεθα
900 5055 1008 5108 τῶν
1059 5054 1341 5123 ἡμετέρων
1385 5051 1769 5122 βουλεύεσθαι,
1819 5050 1910 5104 ἐπὶ

334 5150 522 5219 τούτῳ
561 5149 777 5219 μάλιστ’
810 5148 876 5200 ἂν
908 5145 1074 5215 φαίην
1110 5147 1459 5212 ἀγανακτεῖν,
1493 5144 1575 5195 ὅτι
1608 5142 1733 5204 τοὺς
1766 5140 1913 5193 πλεί-

2064 2582 2162 2635 l‘ar
2197 2584 2441 2651 quidvm.
2480 2582 2782 2643 auditores.
2816 2594 2954 2643 crat.
2996 2600 3061 2637 ne
3092 2583 3160 2638 de
3199 2584 3264 2639 iis
3294 2586 3569 2641 delibera»

1997 2682 2105 2730 turi
2143 2678 2194 2730 in
2234 2678 2523 2732 consilium
2557 2692 2898 2745 cogeremur,
2941 2695 3006 2732 ex
3035 2679 3257 2748 quibus,
3292 2683 3562 2737 utrumvis

1996 2767 2226 2834 accidat,
2258 2769 2517 2838 probrum
2563 2769 2683 2824 urbi
2727 2785 2789 2825 ac
2840 2771 3143 2838 periculum
3192 2775 3433 2833 accedat.
3468 2788 3567 2829 ue-

1996 2876 2149 2915 eesse
2176 2861 2247 2915 sit
2275 2878 2289 2926 ;
2322 2862 2417 2915 sed
2455 2870 2516 2915 nt
2548 2876 2647 2930 pro
2681 2862 2748 2916 iis
2777 2878 2897 2930 qum
2932 2863 3192 2933 majorem
3218 2863 3423 2919 habent
3452 2866 3569 2935 glo-

1996 2953 2131 3005 riam
2162 2966 2225 3006 ac
2268 2961 2394 3006 sunt
2425 2954 2657 3021 potiora.
2690 2954 2849 3007 nobis
2890 2962 3036 3008 esset
3079 2955 3386 3019 orandum;
3439 2971 3565 3012 εει-ιι

1999 3040 2202 3108 alioqui
2235 3040 2401 3095 etiam
2430 3056 2618 3096 nos:ra
2646 3040 2859 3106 civitas,
2882 3042 3017 3096 nihil
3049 3059 3288 3112 unquam
3325 3046 3377 3097 in
3414 3060 3565 3099 com-

1995 3132 2261 3213 munibus
2297 3132 2629 3197 actionibus,
2676 3150 2784 3188 non
2840 3135 3188 3205 magnificum
3241 3152 3303 3191 ac
3335 3139 3565 3206 gloriam

2003 3224 2231 3288 habens,
2263 3225 2556 3299 ostendere
2583 3227 2936 3280 sustinuerit.
2981 3227 3121 3293 Quia
3165 3244 3298 3281 vero
3329 3245 3428 3283 nos
3454 3230 3564 3299 jam

2001 3313 2249 3377 felicitas,
2282 3325 2337 3369 ct
2370 3325 2427 3369 ut
2460 3331 2652 3383 magna
2701 3316 3075 3385 designcmus,
3118 3318 3343 3383 defecit,
3398 3322 3567 3375 adeo-

2000 3422 2107 3475 que
2133 3407 2272 3460 male
2300 3416 2484 3460 actum
2516 3416 2601 3461 est
2634 3407 2941 3472 nobiscum,
2974 3415 3034 3462 ut
3069 3425 3238 3463 unum
3281 3411 3331 3463 id
3370 3414 3573 3466 nostris

1997 3496 2107 3567 jam
2163 3496 2473 3550 oratoribus
2522 3497 2820 3561 incumbat,
2874 3508 2934 3552 ut
2970 3500 3024 3553 in
3061 3500 3219 3553 malis
3251 3504 3568 3571 propositis,

2001 3588 2147 3659 quod
2174 3588 2245 3645 sit
2274 3590 2450 3644 levius
2492 3590 2794 3654 inveniant,
2841 3592 2969 3661 quid
3001 3605 3276 3662 superest,
3302 3612 3463 3665 quam
3513 3607 3573 3649 ut

2002 3682 2171 3737 Deum
2216 3696 2505 3749 precemur
2534 3681 2753 3736 mitiora
2784 3681 2851 3736 de
2882 3683 3043 3738 nobis
3074 3684 3371 3740 decernere
3401 3703 3415 3749 ;
3447 3702 3573 3741 nos-

2001 3789 2109 3842 que
2161 3774 2284 3841 ipsi,
2317 3775 2570 3843 praesenti
2602 3774 2813 3828 fortuna
2862 3790 2892 3829 e
2919 3774 3132 3830 ratione
3182 3791 3247 3831 ac
3282 3779 3569 3845 prudentia

2004 3875 2240 3931 utentes,
2277 3874 2475 3919 nostrae
2511 3865 2752 3935 ipsorum
2780 3867 3245 3936 saluti,quamdiu
3281 3870 3428 3933 licet,
3459 3883 3575 3925 stu-

2003 3958 2230 4012 deamus
2255 3956 2565 4022 consulere,
2590 3972 2699 4011 non
2725 3956 2875 4011 velut
2902 3957 3290 4027 desperatione
3316 3963 3442 4024 acti,
3463 3978 3576 4016 ma-

1999 4050 2180 4119 jorum
2214 4048 2470 4101 virtutem
2518 4062 2582 4101 ac
2625 4048 2853 4117 gloriam
2885 4050 3113 4105 omnino
3160 4051 3393 4120 prodere
3428 4070 3441 4105 :
3475 4054 3569 4107 sed

2004 4151 2102 4205 pro
2142 4136 2305 4200 virili,
2344 4136 2395 4189 in
2430 4136 2520 4190 illa
2564 4136 2735 4201 videri
2789 4138 3039 4206 exempla
3089 4141 3384 4209 reSpicere.
3416 4143 3570 4208 Quod

2001 4231 2189 4295 itaque
2240 4230 2487 4297 agitatur
2515 4227 2829 4292 consilium,
2862 4242 2925 4281 ac
2974 4229 3208 4283 invicem
3254 4233 3570 4299 quotidiana

2005 4320 2093 4373 illa
2120 4320 2404 4374 nobiscum
2439 4320 2674 4389 publicis
2696 4321 3063 4375 conventibus
3098 4324 3481 4390 contradictio,
3521 4328 3574 4380 in

2003 4412 2332 4467 Chersonesi
2364 4412 2526 4465 rebus
2544 4419 2887 4478 versatur,ac
2915 4412 3066 4467 urbis
3090 4411 3390 4483 Callipolis,
3412 4432 3573 4485 quam

2007 4504 2243 4557 Murates
2285 4520 2314 4556 a
2350 4505 2510 4557 nobis
2540 4519 2639 4572 pro
2686 4518 2818 4572 pace
2850 4506 3009 4573 petit.
3054 4505 3131 4558 Ac
3167 4521 3298 4559 vero
3344 4509 3573 4561 maxima

2007 4593 2242 4647 civitatis
2270 4606 2416 4659 pars,
2456 4607 2756 4660 eorumque
2786 4595 2880 4662 qui
2906 4604 3037 4649 sunt
3070 4610 3100 4648 a
3133 4597 3398 4662 consiliis,
3432 4600 3483 4650 in
3511 4614 3577 4650 eo

2007 4685 2307 4752 conspirat,
2340 4693 2400 4738 ut
2442 4684 2676 4738 dandam
2708 4685 2911 4751 dicant,
2946 4694 3111 4755 atque
3144 4688 3197 4740 id
3248 4689 3366 4743 sine
3401 4706 3577 4750 mora,

2007 4790 2125 4843 qua:
2173 4775 2289 4841 ipsa
2331 4785 2582 4844 apertum
2622 4776 2861 4830 civitatis
2903 4778 3211 4845 periculum
3258 4780 3477 4834 habeat.
3513 4782 3580 4834 At

2009 4882 2131 4936 ego,
2184 4876 2443 4921 extrema:
2486 4883 2597 4921 rem
2653 4866 2993 4922 infelicitatis
3041 4870 3337 4936 arbitrans,
3376 4883 3433 4925 ut
3470 4889 3576 4925 non

2012 4959 2066 5013 in
2098 4974 2165 5013 eo
2203 4969 2391 5013 nostra
2433 4958 2764 5013 deliberatio
2796 4959 2886 5025 sit,
2919 4970 2978 5012 ut
3012 4960 3251 5015 hostium
3302 4978 3391 5016 res
3422 4964 3580 5017 nobis

2008 5052 2368 5113 vindicemus,
2428 5050 2521 5105 sed
2564 5062 2621 5104 ut
2671 5063 2884 5106 nostras
2934 5052 3035 5121 ipsi
3084 5053 3443 5113 dimittamus.
3480 5058 3583 5108 lim:

2016 5143 2249 5197 maxime
2278 5142 2669 5212 indignandum
2707 5142 2964 5211 dixerim,
2994 5145 3137 5213 quod
3168 5148 3459 5214 plerosque
3484 5164 3575 5200 nc-

341 5256 507 5293 στους
535 5238 644 5291 τῶν
690 5236 951 5290 ἐναντίων
998 5235 1171 5301 λόγων
1200 5234 1308 5286 οὐδ’
1354 5232 1713 5300 ἀνεχομένους
1761 5231 1907 5300 όρῶο

2017 5230 2235 5300 quidem
2294 5230 2631 5284 sustinentes
2680 5231 2873 5284 audire
2932 5233 3240 5286 contrarios
3299 5249 3582 5288 sermones

337 5332 461 5387 ἀλλ’
489 5331 661 5394 οὕτως
699 5331 852 5392 ὅλους
880 5331 976 5398 τῆς
1006 5327 1249 5385 δουλείας
1280 5329 1373 5377 καὶ
1402 5327 1495 5377 τοῦ
1528 5323 1603 5392 τῷ
1649 5323 1908 5392 βαρϐάρῳ

339 5423 667 5495 χαρίζεσθαι
707 5421 1019 5489 γεγονότας,
1060 5418 1187 5470 ὥστ’
1219 5417 1424 5469 ἐκείνου
1456 5419 1590 5487 πρδς
1640 5418 1700 5468 τὸ
1726 5416 1911 5467 λαϐεῖν

338 5516 568 5577 τούτους
601 5513 977 5582 ἑτοιμοτέρους
1019 5508 1155 5563 εἶναι
1199 5512 1331 5579 πρὸς
1372 5512 1431 5561 τὸ
1466 5510 1681 5561 διδύναι.
1712 5508 1777 5559 Τί
1806 5508 1912 5574 γάρ

342 5609 415 5661 ἄν
446 5623 529 5667 τις
552 5605 694 5656 εἴποι
730 5604 863 5665 πρὸς
898 5602 995 5671 τὴν
1044 5602 1234 5665 ἄλογον
1268 5600 1444 5651 αὐτῶν
1479 5601 1653 5666 ὁρμὴν
1688 5597 1917 5650 άποῧλέ-

345 5714 490 5759 πων,
523 5696 615 5747 καὶ
646 5694 706 5746 τὸ
736 5693 1025 5761 πολεμίους
1051 5693 1143 5744 καί
1166 5690 1429 5760 προδότας
1462 5689 1567 5742 τῶν
1601 5690 1794 5741 κοινῶν
1822 5705 1919 5741 σα·

358 5787 477 5855 φῶς
522 5782 918 5852 ἀποφαίνεσθαι
946 5782 1070 5843 τοὺς
1100 5782 1345 5849 ἐπισχεῖν
1390 5781 1486 5831 καὶ
1529 5777 1920 5847 βουλεύσασθαί

378 5897 431 5931 τι
460 5881 584 5947 περὶ
613 5877 797 5930 τούτου
832 5875 1036 5945 βέλτιον
1064 5871 1375 5936 ἀξιοῦντας;
1413 5872 1485 5923 Οὐ
1512 5870 1616 5939 μὴν
1651 5868 1784 5922 ἀλλὰ
1828 5873 1923 5922 καὶ

2016 5321 2273 5389 aspiciam
2302 5339 2316 5386 ;
2348 5319 2442 5374 sed
2492 5320 2566 5374 ita
2610 5328 2751 5373 totos
2778 5318 2992 5374 deditus
3022 5323 3294 5381 servituti.
3324 5334 3487 5391 atque
3522 5333 3583 5376 ut

2020 5412 2255 5465 Barbaro
2281 5411 2551 5480 placeant,
2585 5420 2644 5463 ut
2676 5410 2875 5464 minori
2909 5410 2995 5464 ille
3025 5413 3282 5467 ariditate
3323 5415 3581 5483 accipiat,

2017 5520 2179 5573 quam
2214 5504 2302 5555 isti
2340 5502 2611 5556 desiderio
2657 5502 2918 5556 tribuant.
2957 5502 3098 5567 Quid
3136 5505 3281 5557 enim
3334 5508 3455 5579 quis
3504 5509 3585 5560 di-

2018 5605 2125 5660 cat,
2164 5594 2228 5647 ad
2259 5609 2448 5647 eorum
2498 5592 2735 5645 alienum
2770 5607 2799 5645 a
2849 5592 3057 5647 ratione
3109 5599 3367 5663 impetum
3402 5600 3584 5664 .riwpi-

2019 5689 2208 5750 ciens;
2243 5693 2411 5753 utque
2462 5684 2664 5745 hostes,
2694 5696 2757 5735 ac
2788 5698 2967 5736 rerum
3001 5684 3173 5752 palam
3210 5690 3578 5740 communium

2024 5776 2328 5845 proditores
2356 5772 2734 5842 pronuntient,
2758 5780 2810 5824 ut
2840 5774 2961 5841 quis
2991 5772 3161 5825 obniti
3194 5774 3421 5838 velit,a«-
3450 5778 3581 5843 quid

2028 5869 2221 5927 melius
2274 5885 2370 5938 pro
2405 5866 2617 5937 :.cgotio
2663 5866 2994 5921 coxisulcrc?
3026 5864 3345 5935 Quanquam
3402 5876 3581 5923 tamen
