4198 6440
358 461 490 528 ibi?»

1237 474 1517 532 OliA'l‘lU
1560 474 1653 532 DE
1695 474 1838 531 NUN
1891 473 2288 533 REDDENDA
2332 474 2746 533 CALLH'OLI.

3441 468 3574 531 1014

352 580 562 632 ἀπόντα
587 584 639 635 ἇέ
665 582 790 645 τοὺς
808 584 1062 652 ἐσχάτους
1084 586 1357 647 κινδύνους
1380 588 1672 656 ἐπήνεγκε,
1700 587 1904 639 τούτων
1933 588 1983 644 Α

1933 588 1983 644 Α
2012 599 2157 649 runt,
2188 603 2412 656 quaeque
2444 603 2567 641 cum
2597 587 2849 640 abessent
2881 598 3131 653 suprema
3161 585 3400 652 pericula
3433 591 3574 637 attu-

350 670 608 732 ἐκστῆναι
639 676 752 737 τοῖς
780 678 1079 744 πολεμίοις,
1118 678 1210 730 καὶ
1238 673 1317 738 οἷς
1346 678 1516 731 ταῦτα
1543 679 1906 747 προλαὸοὖσιν

350 757 503 809 οὐδὲν
543 764 613 812 ζτι
649 766 790 817 κατὰ
832 768 929 833 τῆς
970 766 1175 829 πόλεως
1205 768 1508 838 ἁτὸλμητον
1562 769 1744 831 Eat-att;
1802 772 1909 822 Καὶ

351 849 526 900 ταῦτα
580 852 636 913 ἐξ
682 857 1074 927 ἐπιτάγματος,
1105 859 1291 927 ὥσπερ
1319 861 1435 912 δέον
1468 863 1577 923 τοῖς
1613 861 1908 931 βαρϐάροις

353 938 511 989 πάνθ’
569 942 952 1016 artaxatis-veil
1001 950 1109 1001 τῶν
1154 950 1437 1020 ἡμετέρων
1499 954 1905 1021 πλεονεκτημά-

355 1044 461 1077 των
492 1027 730 1087 ἐκείνους
766 1033 985 1099 κυρίους
1020 1041 1210 1091 ποιεῖν.

428 1117 662 1203 κακεῖνο
687 1118 739 1169 δὲ
768 1122 871 1186 χρὴ
903 1129 1416 1194 προσένθμγρείσθαι,
1454 1134 1540 1184 ὅτε
1574 1135 1785 1200 πρῶτον
1813 1136 1907 1203 hy-

356 1202 519 1269 γέλθη
573 1204 672 1269 τὴν
703 1206 1032 1259 Καλλίπολιν
1072 1213 1377 1264 σεισθεῖσαν
1409 1217 1513 1268 ὑπὸ
1559 1220 1668 1272 τῶν
1705 1202 1909 1289 βαρϐά-

358 1308 467 1358 ρων
496 1292 784 1360 ληφθῆναι,
818 1295 966 1356 τίνας
999 1299 1177 1363 φωνὰς
1212 1303 1462 1368 ήψῖεμεν.
1496 1310 1588 1362 καὶ
1610 1311 1694 1372 τίς
1728 1308 1791 1379 ’ἦν
1821 1313 1908 1364 διὰ

360 1384 543 1451 πάσης
574 1384 669 1453 τῆς
698 1387 904 1449 πόλεως
951 1388 1175 1456 θρῆνος;
1219 1393 1311 1444 καὶ
1341 1396 1420 1456 τίς
1451 1391 1518 1465 ἦν
1543 1401 1573 1462 ή
1606 1401 1725 1451 τότε
1762 1406 1909 1471 παρὰ

354 1477 418 1541 τῇ
454 1476 605 1528 πόλει
630 1477 903 1543 κρατοῦσα
938 1481 1088 1549 φήμη
1110 1485 1241 1552 ςυύχ
1270 1486 1341 1544 ὠς
1376 1488 1765 1558 ἁπολὼλαμενς
1799 1495 1908 1563 Οᾷχ

352 1560 429 1622 «τις
483 1564 539 1613 ἐν
598 1566 807 1634 σαγήνῃ
860 1570 1059 1629 πάντες
1105 1572 1205 1639 ἢδη
1239 1576 1349 1635 τοῖς
1397 1577 1630 1644 τείχεσιν
1675 1579 1778 1631 ὑπὸ
1805 1560 1910 1634 τῶν

356 1652 642 1721 βαρῦἀρων
674 1656 946 1723 ἑχόμεθας
980 1660 1087 1727 Οὐχ
1129 1662 1202 1723 ὡς
1235 1666 1327 1716 καὶ
1354 1666 1615 1733 τοῦδαφος
1644 1670 1775 1723 αὐτὸ
1804 1671 1909 1724 λοι-

353 1744 451 1793 πὸν
482 1744 579 1810 τῆς
614 1747 819 1810 πόλεως
852 1750 1137 1806 ὑπόκειται
1177 1758 1285 1817 τοῖς
1321 1758 1615 1821 κινδύνοιςς
1662 1763 1772 1813 Οὐκ
1818 1764 1909 1814 εύ-

348 1831 557 1899 δαίμων
577 1835 603 1885 ὁ
631 1835 734 1901 πρὸ
762 1836 871 1887 τῶν
897 1839 1155 1891 κινδύνων
1182 1842 1278 1909 τὴν
1308 1844 1461 1895 πόλιν
1482 1847 1910 1913 καταλιμπάνων

348 1924 469 1974 τότε
517 1925 723 1989 ἐδόκεις
766 1928 988 1992 Πάντως
1025 1932 1322 2000 μέμνησθε,
1376 1936 1449 1998 ὡς
1494 1937 1592 2004 τῆς
1644 1938 1908 2006 πολεμίας

352 2014 550 2079 μᾶλλον
596 2018 991 2088 ὑπωπτεύομεν
1028 2022 1123 2090 τὴν
1168 2024 1419 2091 πατρίδα,
1457 2028 1549 2078 καὶ
1590 2028 1722 2094 πρὸς
1768 2029 1907 2082 Ἰτα-

344 2104 487 2167 λίαν,
546 2108 638 2160 καὶ
699 2108 948 2180 Γάδειρα,
992 2114 1086 2164 καὶ
1122 2114 1218 2182 τὴν
1274 2117 1377 2178 ἔξω
1432 2118 1650 2186 Στηλῶν
1708 2122 1905 2183 πάντες

341 2197 634 2263 ἠπείγοντο
682 2200 970 2263 Θάλασσαν,
1020 2203 1095 2265 ὡς
1133 2205 1273 2258 οὕτω
1320 2209 1496 2273 μόνως
1530 2209 1625 2276 τῆς
1665 2209 1906 2275 δουλείας

343 2287 803 2356 ἀπαλλαξόμενοι.
835 2292 933 2346 ’Ἢν
965 2296 1143 2346 τοίνυν
1179 2300 1289 2349 τότ’
1321 2300 1653 2367 ἐθρηνοῦμεν
1690 2304 1903 2357 ἀπολω-

343 2379 519 2442 λυῖαν,
563 2385 656 2435 καὶ
685 2380 751 2455 ἧς
779 2385 1155 2456 δουλευούσης,
1206 2391 1357 2442 οὐδὲν
1404 2394 1533 2460 ἡμῖν
1568 2388 1634 2462 ἦν
1683 2395 1904 2448 ἀνέλπι-

347 2488 473 2524 στον
501 2474 608 2526 τῶν
637 2477 845 2540 κακῶν,
873 2479 1077 2549 ταύτην
1102 2481 1271 2542 οὕτως
1308 2483 1494 2540 ἁπλῶς
1524 2486 1903 2555 προησόμεθα,

341 2565 650 2637 ἐπειδήπερ
681 2569 712 2637 ή
738 2570 959 2639 πρόνοια
992 2572 1153 2623 πάλιν
1178 2570 1235 2627 εὖ
1272 2575 1497 2628 ποιοῦσα
1526 2578 1592 2628 τὰ
1623 2578 1904 2646 πράγμαθ’

338 2651 474 2717 ἡμῖν
504 2654 851 2721 ἐπανήγαγεν
873 2675 886 2687 ’
918 2659 1105 2725 ὥσπερ
1136 2659 1167 2727 ἢ
1198 2661 1294 2729 τῆς
1350 2662 1552 2729 ζημῖας
1583 2664 1906 2733 ἐπιλαθόμε-

340 2757 444 2800 νοι,
477 2740 510 2810 ἢ
557 2743 948 2814 δυστυχοῦντες
1000 2748 1097 2817 μὲν
1132 2750 1331 2811 εἰδότες
1364 2749 1695 2816 λογίζεσθαι,
1726 2755 1793 2823 τῇ
1842 2753 1902 2806 δὲ

341 2832 575 2899 βελτίονι
626 2835 763 2908 τύχῃ
815 2838 888 2907 μὴ
924 2838 1211 2907 δυνάμενοι
1257 2842 1517 2910 χρῆσθαι.
1555 2844 1749 2897 Καίτοι
1785 2847 1905 2909 πῶς

335 2923 440 2976 οὐκ
476 2925 780 2992 ἀπέραντον
811 2929 871 2979 τὸ
902 2930 1091 2993 κακὸν,
1129 2933 1176 2982 εὶ
1206 2931 1382 3001 κύριοι
1416 2935 1513 3001 μὲν
1536 2952 1697 2986 τινων
1728 2936 1901 3001 ὄντες,

333 3015 438 3065 οὐκ
484 3015 857 3083 αίσθησόμεθα
898 3019 997 3085 τὴν
1032 3022 1138 3072 ἀπὸ
1180 3021 1385 3074 τούτων
1431 3022 1729 3090 ὠφέλειαν
1770 3029 1903 3079 am-

333 3105 584 3157 λωλότων
628 3108 706 3169 δὲ,
757 3111 1157 3178 ἀθυμήσομενς
1205 3114 1299 3164 καὶ
1356 3114 1664 3183 ποθήσομεν
1697 3116 1797 3183 μὲν
1829 3120 1902 3189 μὴ

337 3197 583 3263 παρόντα
606 3238 621 3261 ,
658 3200 1023 3253 ἐπανελθόντα
1053 3202 1107 3252 δὲ
1138 3202 1292 3266 αὖθις
1324 3205 1552 3274 ρίψομεν
1573 3223 1585 3235 ·
1632 3210 1727 3261 καὶ
1752 3210 1901 3263 ταῦτ’

334 3287 559 3351 εἰδότες,
591 3289 666 3351 ὠς
717 3291 778 3343 οὐ
826 3291 1207 3361 καταλύσομεν
1240 3294 1333 3346 τὸν
1377 3296 1574 3362 ἔρωτα,
1629 3299 1763 3352 ἀλλὰ
1809 3301 1903 3352 καὶ

333 3380 746 3449 προσθήσομεν,
781 3383 911 3435 ὅταν
945 3383 1044 3435 οὐκ
1181 3384 1351 3437 Τοῦτο
1398 3388 1506 3455 γὰρ
1535 3388 1793 3459 ἄντικρυς
1840 3395 1900 3445 οὐ

334 3470 649 3539 Πενελόπης
680 3474 846 3537 ἱστὸν,
890 3475 1117 3537 ἑαυτοὺς
1161 3475 1206 3527 δ’
1242 3475 1387 3530 ἐστιν
1418 3478 1778 3543 ἁναλυόντων,
1810 3486 1904 3535 καὶ

331 3564 436 3627 τὰς
469 3565 673 3619 ἑαυτῶν
706 3568 1009 3636 μισούντων
1046 3569 1231 3639 εὐχάς.

422 3743 579 3795 Ἀλλὰ
610 3744 737 3813 μὴν,
770 3747 818 3798 εί
863 3748 960 3816 μὲν
993 3748 1214 3813 οἰκείοις
1259 3751 1435 3805 τέλεσι
1467 3756 1562 3808 καὶ
1592 3759 1902 3824 στρατείαις

332 3836 434 3887 καὶ
487 3840 671 3899 πόνοις
700 3839 905 3909 ταύτην
964 3841 1087 3893 ὐπὸ“”
1128 3844 1239 3905 τοῖς
1283 3844 1578 3911 βαρϐάροις
1609 3849 1903 3917 γενομένην

333 3927 785 3995 ἀνεκτησάμεθα,
819 3931 959 4001 χρῆν
985 3932 1083 4000 μὲν
1110 3934 1218 3985 οὐδ’
1254 3934 1424 3998 οὕτως
1442 3931 1517 3988 ὧν
1544 3937 1903 4007 ἀνηλώκαμεν

334 4018 436 4069 καὶ
502 4022 892 4089 πεπονήκαμεν
934 4023 1374 4093 ἐπιλαθομένους,
1426 4027 1630 4097 ταύτην
1676 4030 1901 4092 ἐκείνοις

331 4108 501 4162 πάλιν
525 4111 815 4180 προέσθαι·
846 4113 994 4181 ὅμως
1028 4108 1143 4183 εἶχέ
1170 4133 1291 4168 τινα
1336 4116 1491 4184 λόγον
1534 4118 1594 4170 τὸ
1632 4121 1788 4174 πάλιν
1816 4121 1902 4190 ἐφ’

331 4200 473 4269 ἡμῖν
491 4197 629 4255 εἶναι
648 4204 852 4273 ταύτην
878 4206 1013 4258 ἀναλ
1027 4208 1183 4259 αϐεῖν
1205 4209 1332 4261 ὅταν
1359 4210 1695 4277 βουλώμεθα,
1723 4216 1903 4267 πεῖσαι

330 4290 542 4358 ταύτης
593 4294 687 4349 νῦν
740 4298 890 4365 ἡμᾶς
941 4298 1245 4366 ἀμελῆσαισ
1300 4304 1347 4353 εί
1399 4304 1495 4354 καὶ
1538 4304 1733 4369 ἄλλως,
1765 4307 1899 4376 ὅπερ

332 4383 498 4452 ἔφην,
534 4385 781 4451 ἀνόητον,
832 4388 1050 4452 ἑκόντας
1102 4391 1431 4456 ὲκδιδόντας,
1482 4393 1639 4457 αὖθις
1690 4396 1903 4449 ἀνασῶ-

335 4476 458 4536 ζειν
489 4479 806 4548 πειρᾶσθαι,
838 4482 933 4533 καὶ
969 4482 1089 4533 καθ’
1114 4484 1383 4552 ἑκατέραν
1408 4486 1710 4554 πράγματα
1733 4487 1897 4557 ἔχειν.

2009 676 2210 740 lerunt,
2270 679 2518 731 hostibus
2573 677 2859 737 cedamus,
2921 675 3121 742 quibus
3174 683 3234 725 ut
3285 674 3572 741 recipiant,

2010 768 2145 820 nihil
2170 770 2278 837 jam
2314 770 2365 821 in
2418 770 2607 821 urbem
2640 767 2968 820 intentatum
3016 765 3372 832 relinquent?
3398 765 3572 828 Atque

2011 857 2061 909 id
2090 873 2154 909 ex
2189 868 2480 926 pnecepto,
2512 868 2765 924 tanquam
2801 855 2853 907 in
2883 853 3163 915 omnibus,
3197 866 3402 904 morem
3449 851 3576 902 Bar-

2011 948 2157 1002 baris
2216 963 2404 1016 gerere
2436 956 2707 1015 oporteat,
2735 954 3157 1011 nostrorumque
3189 944 3312 997 illos
3336 956 3575 995 commo-

2010 1039 2203 1090 dorum
2242 1039 2416 1090 facrre
2452 1037 2722 1090 dominos.

2084 1129 2271 1183 Sedet
2316 1128 2530 1181 abunde
2593 1126 2724 1181 illud
2758 1125 3107 1195 cogitandum
3131 1162 3144 1184 ,
3183 1123 3270 1177 tibi
3333 1124 3570 1190 primum

2013 1234 2201 1272 rumor
2227 1218 2560 1286 percrebuit,
2590 1226 2899 1284 quassatam
2936 1231 2967 1268 a
2999 1214 3250 1267 Barbaris
3266 1213 3571 1280 Callipolim

2012 1318 2221 1373 captam
2261 1323 2401 1367 es-e,
2438 1322 2695 1374 quasnam
2722 1307 3113 1361 emittebamus
3140 1319 3319 1363 voces,
3354 1318 3414 1355 ac
3445 1303 3573 1369 quis

2013 1400 2145 1451 urbe
2188 1408 2296 1451 tota
2327 1399 2507 1450 luctus
2537 1397 2694 1449 erat?
2758 1413 2945 1464 qmeve
3006 1406 3135 1449 tunc
3203 1395 3255 1447 in
3308 1394 3441 1446 urbe
3473 1396 3573 1447 ob-

2014 1488 2219 1540 tinebat
2253 1486 2393 1540 fama
2417 1490 2439 1525 "
2464 1488 2652 1541 Nonne
2674 1488 2900 1555 periisse
2926 1488 3063 1541 nos?
3092 1487 3207 1541 Non
3231 1485 3341 1552 jam
3359 1486 3570 1546 omnes,

2015 1589 2269 1644 tanquam
2291 1579 2341 1629 in
2369 1593 2589 1646 sagena.
2608 1579 2686 1632 sic
2715 1578 2885 1631 teneri
2913 1595 2943 1631 a
2970 1578 3221 1631 Barbaris
3246 1578 3414 1630 nmris
3439 1593 3575 1631 con-

2011 1668 2235 1722 elusos?
2282 1668 2474 1722 Nonne
2510 1670 2685 1736 ipsum
2740 1670 2847 1737 jam
2883 1669 3031 1721 urbis
3066 1669 3241 1721 solum
3272 1668 3569 1720 obnoxium

2011 1771 2131 1811 esse
2159 1759 2462 1826 periculis?
2508 1759 2695 1811 Nonne
2724 1770 2851 1812 tunc
2881 1758 3071 1811 beatus
3097 1758 3421 1815 habebatur.
3474 1758 3569 1823 qui

2012 1845 2244 1897 necdum
2276 1848 2535 1912 periculis
2551 1857 2808 1915 exceptus
2833 1848 3019 1899 urbem
3051 1847 3423 1914 relinqueret?
3446 1846 3574 1899 Om-

2011 1936 2143 1987 nino
2174 1937 2433 1988 memoria
2465 1938 2683 1998 tenetis,
2715 1951 2774 1990 ιιι
2825 1937 3062 1989 hostium
3092 1946 3236 1989 terra
3263 1937 3569 2003 suspeetio-

2012 2040 2123 2079 rem
2155 2027 2383 2094 patriam
2419 2026 2779 2090 haberemus;
2826 2042 3126 2093 omnesque
3160 2026 3212 2079 in
3247 2026 3477 2086 Italiam,
3510 2041 3573 2079 ac

2012 2115 2212 2177 Gades,
2266 2130 2525 2182 mareque
2588 2116 2868 2169 (lolunmis
2927 2116 3179 2177 ulterius,
3224 2124 3477 2182 tanquam
3509 2130 3571 2167 ea

2010 2214 2216 2258 tantum
2246 2206 2455 2258 ratione
2485 2220 2511 2256 a
2546 2205 2828 2258 servitutis
2857 2206 2987 2275 jngo
3020 2205 3289 2258 liberandi
3342 2206 3567 2258 festiva-

2009 2306 2148 2350 rent.
2181 2296 2351 2363 Quam
2385 2312 2516 2363 ergo
2549 2305 2675 2349 tunc
2712 2296 2963 2349 amissam
2999 2295 3340 2363 lugebamus,
3402 2312 3429 2347 a
3465 2313 3570 2363 qua

2008 2392 2308 2453 serviente,
2347 2390 2554 2443 nullum
2592 2406 2692 2442 non
2715 2388 3138 2457 exspectandum
3177 2390 3377 2442 malum
3424 2390 3575 2441 vide-

2010 2482 2187 2546 batur,
2215 2498 2335 2535 eam
2364 2482 2442 2535 sic
2479 2493 2683 2535 temere
2715 2481 3077 2543 dimittemus,
3106 2479 3247 2547 quod
3272 2480 3467 2534 iterum
3496 2480 3574 2533 fa-

2007 2586 2140 2623 vens
2172 2568 2543 2639 providentia,
2617 2584 2705 2623 res
2734 2568 2892 2622 nobis
2932 2568 3254 2632 reduxerit,
3313 2577 3570 2637 tanquam

2005 2661 2090 2715 vel
2123 2662 2352 2731 jacturze
2387 2658 2579 2720 obliti,
2649 2658 2732 2711 vel
2766 2658 2859 2726 qui
2901 2657 3040 2710 mala
3097 2657 3320 2725 quidem
3355 2657 3572 2711 fortuna

2007 2752 2218 2805 ratione
2253 2764 2411 2819 agere
2444 2748 2757 2802 noverimus
2780 2787 2795 2811 ,
2826 2761 3087 2816 prospera
3117 2756 3298 2800 autem
3352 2747 3433 2800 uti
3463 2763 3571 2799 non

2006 2842 2301 2911 possimus.
2336 2839 2574 2893 Tametsi
2594 2837 2868 2907 quomodo
2895 2852 3002 2889 non
3032 2836 3182 2890 omni
3210 2835 3314 2890 line
3340 2837 3576 2905 produc-

2007 2933 2114 2987 tius
2180 2933 2403 2998 malum,
2445 2940 2504 2984 ut
2557 2944 2790 2999 quorum
2845 2927 3053 2982 domini
3113 2943 3221 2981 non
3271 2927 3574 2981 sentiamus

2004 3025 2131 3093 quid
2160 3024 2248 3077 illa
2285 3023 2553 3077 commodi
2591 3023 2829 3082 habent,
2867 3021 3085 3074 amissis
3118 3029 3299 3073 autem
3336 3035 3573 3074 mmrore

2004 3116 2336 3168 alliciamur?
2370 3131 2433 3167 ac
2464 3114 2683 3181 quidem
2716 3113 3113 3169 desideremus.
3177 3126 3302 3165 eum
3334 3128 3441 3164 non
3479 3112 3574 3163 ad-

2006 3215 2171 3270 sunt;
2209 3220 2331 3257 eum
2362 3220 2494 3258 vero
2521 3203 2803 3266 redierint,
2835 3203 3034 3257 iterum
3075 3202 3453 3272 projiciamus,
3488 3203 3572 3254 id-

2007 3312 2112 3366 que
2138 3312 2261 3351 cum
2295 3297 2529 3350 sciamus
2552 3295 2693 3356 fore,
2752 3304 2812 3348 ut
2837 3308 3080 3347 amorem
3112 3292 3337 3346 minime
3366 3294 3575 3346 exstin-

2006 3403 2255 3459 gnamus,
2293 3386 2386 3441 sed
2417 3396 2474 3439 ut
2501 3390 2664 3439 etiam
2693 3385 2965 3438 exstincta
2995 3399 3053 3436 re
3082 3398 3399 3452 augeamus.
3462 3383 3573 3438 lloe

2004 3479 2148 3534 enim
2174 3480 2372 3548 palam,
2408 3493 2514 3531 non
2542 3490 2730 3528 eorum
2767 3477 2836 3528 sit
2863 3476 2955 3543 qui
2989 3476 3149 3529 telam
3193 3482 3442 3527 retexant
3476 3478 3574 3527 l’eo

2007 3569 2252 3636 nelopes,
2286 3567 2377 3620 sed
2402 3567 2497 3633 qui
2526 3566 2737 3634 seipsos
2765 3563 3023 3633 perdant,
3078 3577 3286 3631 suaque
3326 3562 3570 3630 ipsorum

2005 3669 2127 3711 vota
2161 3657 2287 3710 odio
2313 3656 2569 3709 habeant.

2074 3761 2235 3827 Atqui
2264 3768 2323 3811 ut
2352 3758 2555 3812 nostris
2581 3756 2680 3826 ipsi
2708 3755 2984 3811 reditibus
3021 3752 3481 3824 expeditioneque
3509 3764 3572 3804 ac

2004 3849 2304 3911 l:-boribns,
2325 3863 2447 3901 cum
2473 3848 2624 3917 prius
2652 3846 2904 3900 Uarbaris
2933 3846 3172 3916 subjecta
3192 3850 3356 3905 esset,
3382 3841 3569 3893 urbem

2006 3939 2160 3993 nobis
2192 3940 2640 4002 asseruissemus,
2696 3953 2796 3992 nec
2825 3938 2903 3990 sic
2937 3953 3035 4006 par
3060 3945 3177 3990 erat
3211 3946 3569 4002 expensarum

2004 4030 2200 4083 oblitos
2226 4046 2290 4084 ac
2321 4039 2695 4098 susceptorum
2727 4029 3001 4089 laborum,
3066 4026 3145 4080 sic
3208 4039 3398 4077 rursus
3462 4021 3571 4075 illis

2004 4124 2301 4177 dimittere.
2339 4122 2497 4175 Esset
2528 4121 2893 4173 nihilominus
2927 4118 3139 4186 aliquid
3196 4116 3263 4170 ad
3300 4115 3571 4168 ratiooem

2006 4215 2312 4282 probabile,
2353 4224 2412 4266 ut
2470 4230 2536 4267 eo
2589 4213 2640 4265 in
2702 4212 3113 4279 praesentiarum
3147 4208 3569 4277 negligeremus,

2004 4304 2147 4374 quod
2182 4306 2234 4357 in
2262 4313 2444 4359 nostra
2469 4313 2733 4372 potestate
2756 4312 2899 4355 esset
2934 4303 3133 4354 iterum
3159 4317 3281 4354 eum
3309 4298 3572 4352 vellemus

2005 4397 2249 4465 recipere
2280 4414 2293 4449 :
2326 4410 2638 4464 quanquam
2670 4395 2899 4462 alioqui,
2935 4402 2994 4445 ut
3041 4392 3314 4456 dicebam,
3341 4390 3569 4444 stultum

2005 4486 2098 4547 sit,
2118 4495 2178 4538 ut
2198 4486 2340 4539 ultro
2370 4486 2699 4545 tribuentes,
2724 4488 2904 4537 denuo
2932 4490 3196 4535 cenemur
3223 4495 3567 4545 recuperare.

331 4565 408 4619 El
444 4566 491 4618 δ’
524 4568 683 4637 ἡμεῖς
725 4570 834 4621 τόθ’
880 4571 1082 4642 ἁλούσῃ
1128 4574 1344 4625 τοσαῦτ’
1398 4576 1713 4645 ἀπέσχομεν
1762 4578 1895 4646 αὐτῇ
1933 4598 1974 4651 υ

1933 4598 1974 4651 ι)
2003 4593 2065 4632 ac
2095 4578 2335 4645 quotidie
2358 4575 3067 4645 negotiahabeamus.Quod
3084 4575 3127 4626 si
3147 4588 3263 4635 nos,
3291 4588 3421 4626 cum
3442 4582 3571 4625 tunc

332 4654 625 4723 βοηθῆσαι,
659 4658 781 4710 ὅσον
812 4661 937 4727 ἐμοὶ
971 4661 1121 4715 δοκεῖ
1157 4664 1366 4715 καὶτοῦ
1408 4666 1714 4733 πτήσεσθαι
1735 4679 1750 4695 ⁸
1787 4667 1897 4720 ἴστε

328 4750 449 4816 γὰρ
470 4748 543 4811 ὡς
569 4750 721 4813 ἔτους
752 4752 982 4804 ἑκάστου
1014 4754 1143 4821 περὶ
1171 4753 1375 4808 τούτων
1406 4757 1698 4826 ἐκκλησίαν
1723 4758 1903 4824 ἀθροί-

332 4842 547 4906 ζοντες,
580 4841 750 4912 πεζῆς
786 4844 882 4911 μὲν
941 4844 1225 4913 δυνάμεως
1254 4846 1355 4898 οὐκ
1394 4847 1678 4910 ἐλάττονος
1708 4850 1737 4918 ἢ
1770 4849 1903 4918 Ξέρ-

336 4933 445 5001 ξης
477 4932 571 4985 ἐπὶ
592 4933 717 4996 τοὺς
752 4932 1021 5001 Ἕλληνα-ς
1064 4930 1187 5003 ἦγε,
1228 4938 1339 4998 τοῖς
1372 4938 1692 5007 πράγμασιν
1726 4940 1906 5008 ἐλέγο-

336 5040 446 5091 μεν
484 5024 595 5077 δεῖν
615 5040 629 5056 ·
667 5024 804 5077 νεῶν
835 5026 889 5078 δὲ
922 5026 1207 5091 πλειόνων,
1241 5028 1272 5096 ἢ
1306 5030 1374 5081 δι’
1399 5030 1540 5083 ὅσων
1572 5032 1672 5101 τὴν
1704 5034 1903 5103 Τροίαν

335 5115 605 5186 Ἕλληνες
660 5113 840 5170 εἷλον
901 5121 1200 5190 χρημάτων
1238 5121 1283 5173 δ’
1330 5123 1468 5175 ὅσων
1521 5123 1631 5177 οὐδ’
1688 5124 1753 5177 ἂν
1804 5124 1902 5194 τὴν

330 5208 587 5261 ἑκάστων
617 5210 805 5262 οὐσίαν
829 5210 1317 5280 ἐξαργυρισθεῖσαν
1345 5214 1614 5282 ἀρκέσαι·
1655 5216 1804 5269 ἄλλοι
1836 5218 1890 5272 δέ

330 5315 487 5361 τινες
516 5300 797 5371 πόρρωθεν
818 5303 1070 5371 ἥκοντες,
1104 5306 1195 5357 καὶ
1221 5305 1353 5373 ήμῖν
1376 5301 1453 5357 ὧν
1479 5307 1903 5377 ἀπεστερήμεθα

332 5389 803 5456 συναλγήσαντες,
846 5392 959 5453 τοῖς
992 5392 1204 5444 ἑαυτῶν
1250 5393 1515 5457 κινδύνοις
1559 5397 1651 5448 καὶ
1689 5398 1903 5450 ἀναλώ-

330 5496 508 5550 μασιν
542 5479 695 5543 αὒθις
723 5483 856 5551 ἡμῖν
887 5483 1174 5549 ἀπέδοσαν,
1204 5477 1278 5537 ὧν
1307 5486 1573 5554 πρότερον
1612 5487 1901 5540 ἐκπεπτώ-

325 5589 514 5640 καμεν
538 5589 552 5603 ⁸
585 5575 636 5626 τί
668 5575 750 5626 δεῖ
778 5576 942 5629 πάλιν
982 5578 1063 5639 είς
1108 5577 1207 5640 τὰς
1241 5578 1510 5649 πρότερον
1541 5578 1900 5633 καθίστασθαι

325 5666 648 5735 συμφορὰς,
688 5668 783 5720 καὶ
812 5668 911 5737 τὴν
959 5670 1057 5735 μὲν
1103 5669 1313 5739 ἀνδρῶν
1345 5672 1567 5722 ἐκείνων
1616 5671 1901 5738 ἁψανίζειν

322 5757 672 5827 φιλοτιμίαν,
701 5753 783 5821 οἷς
809 5759 938 5827 παρ’
968 5760 1123 5827 ήμῶν
1154 5764 1247 5813 καὶ
1276 5762 1475 5830 στήλην
1504 5762 1611 5813 ἔδει
1639 5762 1899 5829 σταθῆναι

327 5853 607 5918 μνημεῖον
636 5844 709 5901 ὧν
744 5852 886 5919 ἡμᾶς
921 5850 1330 5920 εὐηργέτησαν·
1385 5853 1577 5913 αὐτοὺς
1618 5852 1669 5902 δὲ
1703 5852 1765 5905 τὰ
1794 5853 1898 5905 τῶν

2010 4678 2165 4736 capta
2201 4678 2362 4730 esset,
2398 4667 2477 4721 sic
2506 4668 2666 4733 longe
2690 4681 2930 4725 eramus.
2981 4674 3041 4717 ut
3071 4666 3118 4719 ei
3150 4679 3440 4733 possemus
3472 4679 3571 4715 au-

2004 4759 2192 4811 xilium
2224 4758 2386 4819 ferre,
2424 4756 2501 4810 uti
2538 4766 2690 4825 puto,
2731 4765 2789 4808 ut
2822 4754 3096 4824 possimus
3145 4753 3353 4805 volare.
3406 4751 3569 4803 Scitis

2002 4850 2147 4903 enim
2182 4858 2241 4902 ut
2268 4850 2426 4902 annis
2463 4848 2693 4916 singulis
2719 4861 2884 4914 super
2923 4846 3010 4900 bis
3037 4845 3264 4898 collectzi
3314 4843 3565 4900 ecclesia.

2006 4941 2146 4994 haud
2180 4940 2481 4993 minoribus
2508 4938 2848 5007 pedestribuc
2875 4937 3047 5004 copiis
3073 4950 3211 5001 opus
3233 4936 3564 4993 diceremus.

2004 5050 2067 5089 ac
2095 5034 2299 5087 Xerxes
2326 5031 2606 5086 eduxi-set
2644 5039 2833 5083 contra
2866 5029 3085 5082 Grreeos
3120 5045 3132 5080 :
3166 5028 3400 5079 navit-ius
3434 5042 3562 5078 vero

2005 5124 2268 5194 pluribus,
2333 5140 2494 5190 quam
2542 5123 2745 5191 quibus
2776 5122 2943 5175 Graeci
3006 5129 3293 5187 cmpernut
3324 5118 3565 5186 Troiam:

2004 5215 2251 5286 pecuniis
2280 5216 2413 5269 adeo
2439 5215 2646 5279 multis,
2680 5224 2739 5267 ut
2775 5230 2874 5267 nec
2909 5213 3247 5279 singulorum
3280 5210 3567 5262 facultates

2004 5309 2056 5361 in
2090 5316 2371 5375 argentum
2401 5321 2571 5359 versae
2594 5304 2922 5358 sullicerent.
2978 5304 3069 5357 Sic
3103 5318 3231 5355 vero
3264 5301 3429 5354 rebus
3473 5301 3568 5351 ha-

2005 5397 2257 5451 bentibus
2282 5405 2548 5450 venerunt
2578 5395 2667 5447 alii
2702 5393 2922 5462 quidam
2948 5409 2978 5448 e
3029 5393 3357 5462 longinquis,
3385 5392 3569 5443 nobis:—

2003 5503 2129 5557 que,
2161 5504 2259 5557 pro
2292 5503 2357 5542 eo
2388 5498 2547 5556 atque
2582 5486 2872 5554 exspoliati
2901 5500 3145 5539 essemus
3184 5485 3561 5538 comlolentes.

2003 5580 2118 5633 suis
2154 5579 2395 5647 ipsormn
2452 5576 2711 5647 periculis
2766 5586 2927 5639 atque
2986 5576 3315 5644 sumptibus,
3367 5577 3562 5629 iterum

2004 5672 2162 5725 nobis
2196 5671 2579 5729 reddiderunt,
2624 5684 2744 5737 qua:
2809 5669 2960 5737 prius
3012 5667 3390 5720 amiseramus.
3424 5666 3563 5730 Quid

2004 5780 2131 5830 ergo
2152 5779 2286 5832 opus
2308 5763 2583 5829 prioribus
2606 5778 2702 5813 uos
2727 5759 3131 5814 ralamitatilms
3156 5758 3480 5811 inseramus.
3501 5773 3565 5807 ac

2007 5855 2219 5909 illorum
2254 5854 2469 5921 quidem
2517 5852 2757 5906 \‘il’Ul‘illll
2800 5850 3255 5913 magnilicentimn
3306 5848 3567 5900 obscure-
