4198 6440
714 444 850 508 1015

1978 456 2356 517 DEMETRH
2401 460 2713 518 CYDt)Nll

3828 469 3975 531 toto

716 572 868 619 mus,
907 557 1109 625 quibus
1164 567 1220 612 et
1277 561 1496 614 titulum
1567 576 1666 617 nos
1699 564 1989 633 oportebat
2052 567 2284 634 erigere,

2395 574 2740 641 μαινομένων
2779 577 2972 638 ποιεῖν,
3008 575 3057 627 οἳ
3098 574 3197 644 τὴν
3245 575 3448 644 ἐσθῆτα
3486 581 3971 648 περιῤῥηγνύντεν

707 663 901 701 eorum
943 662 1357 705 monumentum
1391 652 1802 717 beneﬁciorum,
1824 658 2026 724 quibus
2052 674 2150 712 nos
2181 662 2275 712 de-

710 741 1002 795 vinxerunt
1031 759 1045 806 ;
1081 744 1181 812 ipsi
1213 760 1362 807 vero,
1403 761 1523 813 qua:
1551 747 1660 800 sint
1688 746 2020 802 furiosorum
2058 760 2279 818 pra'stc-

711 848 857 898 mus,
878 836 971 902 qui
1010 832 1234 888 discissa
1264 846 1430 900 veste,
1457 839 1586 892 nudi
1618 840 1849 907 turpiter
1878 840 2160 907 incedant;
2194 842 2277 895 sin

2382 663 2786 732 ἀσχημονοῦσι·
2854 666 2956 717 κάν
3006 684 3088 725 τις
3142 668 3343 729 αὐτοὺς
3391 671 3739 742 περιστέλλῃ,
3798 674 3850 721 οξ
3918 676 3971 722 ςε

2387 755 2549 806 πάλιν
2605 758 2978 824 γυμνοῦνται,
3032 761 3127 811 καὶ
3184 759 3444 814 δάκνουσι
3490 765 3615 823 τοὺς
3670 765 3741 816 δι’
3781 762 3908 816 οτκτ
3948 787 3974 816 ν

2377 847 2409 895 ἑ
2422 845 2853 915 πιμελουμξνους
2883 851 3060 903 αὐτῶν
3081 869 3097 917 ;

709 938 892 982 autem
927 932 1052 998 quis
1086 930 1348 995 induerit,
1380 948 1571 986 rursus
1597 935 1895 1000 nudentur,
1926 950 1987 989 ac
2014 952 2108 991 eos
2139 936 2448 1003 niordeant,
2477 943 2566 1009 qui
2596 943 2969 1001 misericordia
3002 949 3215 1004 illorum
3249 968 3433 1006 curam
3464 962 3652 1021 agunt.

778 1023 960 1090 Turpe
987 1024 1089 1077 ltoc
1112 1025 1356 1093 quidem,
1395 1035 1453 1078 ut
1482 1043 1642 1094 quem
1700 1028 1906 1095 liqueat
1939 1029 2114 1097 ipsum
2170 1030 2275 1082 sibi

710 1129 817 1165 non
845 1115 1111 1177 sull‘n'cre,
1144 1116 1237 1170 sed
1268 1119 1418 1169 Vt'llll
1457 1119 1579 1170 aliis
1614 1119 1941 1186 quibusdam
1973 1121 2280 1189 ptetlagogis

706 1219 889 1273 egere,
919 1206 1009 1274 qui
1042 1222 1127 1261 res
1144 1209 1263 1275 ejus
1290 1210 1598 1263 custodiant
1628 1228 1640 1262 :
1678 1220 1735 1263 ut
1762 1222 1943 1264 autem
1966 1228 2276 1280 quanquam

708 1296 1055 1365 adjutoribus
1084 1299 1224 1361 alin,
1253 1313 1315 1353 ac
1349 1302 1662 1355 arcentibus
1695 1304 1938 1355 volentes
1965 1302 2169 1357 inferre
2199 1304 2282 1356 in-

703 1386 931 1453 jnriam,
964 1389 1221 1456 omnique
1248 1389 1409 1443 modo
1438 1400 1495 1443 ut
1519 1395 1654 1445 bene
1683 1408 1746 1445 ac
1779 1409 2036 1460 prospere
2078 1395 2278 1448 habeat

711 1478 1146 1544 providentibus,
1170 1478 1283 1546 ipse
1312 1496 1369 1534 se
1406 1481 1470 1533 de
1509 1481 1776 1535 industria
1797 1482 1882 1535 del
1918 1485 2276 1551 principitcm,

712 1568 1042 1636 impleatquc
1082 1569 1320 1624 hostium
1353 1579 1496 1634 vota,
1549 1573 1650 1625 llth
1708 1574 1816 1642 jam
1873 1577 2040 1627 etiam
2088 1592 2277 1629 eorum

711 1657 805 1722 qui
833 1657 1017 1711 lurore
1045 1659 1344 1721 insaniunt,
1379 1662 1626 1730 exempla
1653 1672 1892 1730 superet.
1959 1664 2061 1717 Per
2112 1665 2278 1718 Deum

710 1762 863 1815 rogo,
892 1756 951 1801 ut
983 1750 1147 1803 etiam
1176 1752 1419 1811 veniant.
1461 1762 1555 1804 aut
1578 1754 1642 1804 ad
1681 1768 1780 1806 nos
1806 1755 2011 1821 legatos
2040 1755 2280 1819 mittant,

710 1840 803 1905 qui
827 1850 1067 1906 ereptam
1097 1841 1343 1894 barbaris
1368 1841 1700 1910 Callipolim,
1727 1844 1886 1897 nobis
1914 1845 2279 1908 tradiderunt,

709 1944 773 1982 ac
796 1929 978 1982 dicant
1013 1948 1025 1982 :
1059 1931 1187 1995 Nos,
1223 1933 1342 1995 viri,
1379 1934 1527 1986 nulla
1566 1934 1706 1987 vobis
1739 1936 2112 1989 necessitudine
2152 1953 2280 1989 con-

702 2019 926 2087 juncti:
958 2036 1122 2091 neque
1168 2025 1307 2075 enim
1364 2022 1560 2092 aliquis
1615 2024 1763 2077 nobis
1814 2026 1962 2094 apud
1992 2026 2278 2096 Byzantios

709 2128 1055 2183 commeatus,
1091 2137 1184 2173 nec
1210 2122 1389 2189 aliquo
1421 2140 1451 2174 a
1485 2123 1623 2175 vobis
1657 2124 1926 2190 beneﬁcio,
1953 2135 2043 2178 aut
2076 2127 2278 2179 auxilio

711 2222 941 2281 accepto,
970 2229 1176 2265 necesse
1208 2215 1483 2268 habuimus
1510 2233 1701 2269 munus
1735 2217 2056 2283 rependere;
2089 2221 2216 2288 quin
2245 2236 2277 2271 a

709 2306 968 2374 principio
1005 2321 1069 2357 ne
1096 2307 1224 2376 quid
1264 2307 1467 2360 velletis
1532 2310 1744 2376 quidem
1785 2309 2136 2380 intelligentes
2166 2313 2279 2363 sine

708 2398 1013 2465 interprete,
1039 2398 1177 2467 quod
1203 2399 1373 2451 solum
1408 2399 1600 2453 Christi
1657 2401 1923 2455 nobiscum
1959 2402 2184 2454 cultores
2241 2420 2274 2455 a

708 2486 972 2541 Ilarbaris
997 2489 1295 2543 conculcari
1324 2491 1645 2544 audierimus
1679 2508 1696 2545 :
1723 2509 1785 2545 ac
1841 2503 2037 2547 terram
2067 2494 2278 2563 quidem

707 2589 937 2633 vestram
968 2579 1075 2633 illis
1105 2580 1242 2649 ferre
1270 2581 1467 2649 fructus
1495 2598 1557 2635 ac
1589 2581 1771 2647 lucra;
1827 2585 1976 2637 urbes
2005 2595 2179 2639 autem
2212 2589 2278 2639 ab

708 2671 818 2725 illis
848 2688 957 2725 esse
988 2688 1219 2736 eversas,
1260 2689 1322 2727 ac
1352 2689 1572 2740 corpora
1598 2675 1813 2744 quidem
1855 2678 2007 2746 siqua
2042 2676 2277 2746 gladium

708 2765 1022 2835 effugerunt,
1056 2765 1247 2834 ubique
1294 2764 1536 2834 dispersa
1594 2767 1895 2820 servitutem
1924 2769 2155 2832 servire;
2207 2769 2276 2821 ad

708 2858 818 2909 ha'c
848 2864 1024 2908 autem
1063 2856 1291 2916 animas,
1323 2872 1425 2925 qua
1456 2858 1526 2919 vi,
1580 2873 1684 2923 qua
1714 2858 1962 2935 suasione
2010 2875 2071 2909 ac
2103 2860 2276 2927 quoti-

708 2948 872 3000 diana
898 2964 1012 2999 cum
1040 2946 1143 3000 illis
1172 2947 1546 3000 consuetudine
1576 2946 1772 3015 pollui;
1798 2949 1873 3001 sic
1894 2957 2073 3001 autem
2100 2967 2275 3019 angu—

709 3047 848 3090 stam
878 3038 1017 3090 vobis
1050 3037 1312 3102 regionem
1345 3046 1565 3098 restare,
1597 3048 1650 3091 ut
1682 3054 1746 3089 ne
1794 3039 2002 3107 quidem
2046 3040 2275 3105 tributis,

710 3147 827 3198 qua:
856 3132 1131 3198 pendenda
1166 3130 1407 3183 barbaris
1435 3131 1635 3184 habetis
1669 3130 1899 3200 sufﬁciat
1923 3149 1941 3195 ;
1968 3149 2278 3202 omnemque

2452 1037 2685 1104 Λὲσχοδν
2736 1041 2832 1105 μὲν
2863 1041 2971 1107 γὰρ
3004 1042 3097 1093 καὶ
3146 1044 3204 1094 τὸ
3237 1045 3394 1110 δῆλον
3430 1041 3570 1095 εἷναί
3604 1063 3722 1096 τινα
3782 1047 3803 1093 Ξ
3834 1066 3868 1089 .·
3902 1047 3962 1109 ιτ

2386 1128 2459 1196 μὴ
2487 1129 2780 1196 ἀρκοῦντα,
2809 1130 2923 1182 ἀλλ’
2947 1133 3138 1200 ὥσπερ
3171 1134 3335 1185 τινῶν
3361 1136 3725 1201 παιδαγωγῶν
3950 1155 3977 1183 ν

2381 1220 2605 1283 δεῖσθαι,
2669 1222 2716 1272 οἳ
2773 1225 2949 1291 τούτῳ
2998 1224 3066 1274 τὰ
3098 1225 3227 1277 ὄντα
3291 1229 3626 1294 τηρήσουσι·
3662 1228 3726 1276 re
3775 1229 3835 1279 δὲ
3882 1230 3975 1278 γμὶ

2382 1312 2557 1365 ἄὶλων
2609 1311 2966 1381 βοηθούντων,
3021 1317 3116 1367 καὶ
3168 1319 3293 1378 τοὺς
3342 1318 3548 1369 ἀδικεῖν
3600 1318 3975 1385 βουλομένης

2384 1405 2719 1473 εἰργόντων,
2778 1409 2873 1457 καὶ
2927 1405 3104 1458 πάντα
3156 1408 3358 1474 τρόπον
3410 1409 3553 1471 ὅπως
3614 1407 3670 1460 εὖ
3735 1412 3971 1479 πράξ-ιε

2384 1496 2779 1566 προνοούντων,
2815 1498 2980 1550 αύτδν
3011 1498 3337 1568 κρημνὲζειν
3372 1502 3561 1553 ἑαυτὸν
3619 1503 3971 1568 ἐξεπίτηδες,

2384 1591 2614 1650 καὶτοῖς
2643 1588 2856 1659 ἐχθροῖς
2889 1592 3132 1659 πληροῦν
3166 1592 3263 1654 τὰς
3300 1593 3488 1661 εὐχὰς,
3535 1593 3676 1645 τοῦτ’
3710 1596 3815 1663 ἤδη
3877 1600 3975 1646 καὶ

2382 1681 2489 1731 τών
2540 1682 2883 1749 μαινομένων
2937 1684 3365 1753 παραδείγματα
3400 1685 3589 1752 σαφῶς
3641 1687 3970 1752 ὑπεραίρει.

2386 1772 2526 1838 Πρὸς
2552 1772 2719 1823 θεοῦ·
2758 1776 2805 1826 εί
2840 1774 2899 1826 δὲ
2945 1774 3007 1843 δὴ
3040 1775 3133 1827 καὶ
3166 1776 3433 1836 ἐλθόντες,
3463 1776 3494 1844 ἦ
3544 1777 3636 1827 καὶ
3693 1778 3974 1844 πρέσϐεις

2384 1864 2698 1930 πέμψαντες
2730 1865 2866 1930 πρὸς
2896 1867 3064 1933 ἡμᾶς,
3105 1868 3155 1919 οἱ
3189 1867 3284 1919 καὶ
3317 1868 3653 1921 Καλλίπολιν
3680 1870 3793 1921 τῶν
3828 1872 3971 1939 βαρ-

2382 1950 2567 2019 ϐάρων
2614 1952 2960 2019 ἀφελόμενοι,
2995 1954 3089 2005 καὶ
3137 1954 3271 2023 ἡμῖν
3315 1956 3672 2024 παραδόντες,
3708 1958 3970 2024 λέγοιεν·

2388 2062 2407 2095 ι
2433 2044 2643 2112 Ἡμεῖς,
2662 2038 2707 2096 ὦ
2731 2044 2940 2113 ἄνδρες,
2962 2046 3115 2100 οὐδὲν
3133 2047 3264 2114 ὑμῖν
3283 2049 3673 2115 προσήκοντες·
3698 2050 3823 2101 οὐδὲ
3858 2051 3972 2119 γὰρ

2383 2134 2638 2203 προξενία
2676 2136 2738 2202 γέ
2796 2153 2880 2197 τις
2935 2132 3003 2203 ἦν
3058 2138 3189 2206 ἡμῖν
3238 2138 3392 2208 παρὰ
3441 2140 3780 2203 Βυζαντίοις,
3840 2142 3971 2192 οὐδὲ

2380 2226 2602 2296 χάριτός
2631 2243 2774 2288 τινος
2805 2228 2836 2295 ἢ
2878 2227 3133 2297 βοηθείας
3164 2230 3299 2296 ἡμῖν
3335 2230 3467 2298 παρ’
3506 2230 3662 2297 ὑμῶν
3706 2231 3965 2300 ὑπαρξάο

2385 2336 2504 2385 σης,
2545 2318 2653 2369 ἔδει
2687 2316 2786 2385 τὴν
2819 2317 3027 2386 δωρεὰν
3058 2318 3510 2385 ἀκιταναπληροῦν
3534 2336 3548 2349 ·
3574 2319 3672 2387 τὴν
3704 2320 3890 2389 ἀρχὴν
3916 2321 3971 2371 δὲ

2381 2407 2489 2459 οὐδ’
2523 2408 2653 2460 ἄνευ
2689 2407 2976 2474 ἑρμηνέων
3016 2407 3044 2458 ὃ
3087 2424 3139 2460 τι
3181 2405 3435 2475 βούλεσθε
3478 2409 3778 2468 συνιέντες,
3812 2410 3969 2458 ἒπει-

2381 2498 2446 2567 δὴ
2495 2499 2655 2565 μόνον
2705 2496 2797 2547 τὸν
2852 2496 3086 2564 Χριστὸν
3146 2496 3265 2563 μεθ’
3299 2499 3455 2565 ἡμῶν
3490 2497 3972 2566 προσκυνοῦντας.

2380 2585 2654 2653 ἠκούομεν
2702 2584 2806 2636 ὑπὸ
2858 2586 2967 2636 τῶν
3005 2584 3297 2655 βαρϐάρων
3342 2587 3816 2639 καταπατεῖσθαι·
3874 2589 3973 2639 καὶ

2380 2677 2480 2744 τὴν
2514 2676 2612 2743 μὲν
2642 2676 2914 2746 ὑμετέραν
2943 2676 3046 2744 γῆν
3074 2677 3306 2737 ἐκείνοις
3331 2676 3518 2746 φέρειν
3548 2679 3675 2741 τοὺς
3708 2681 3975 2745 καρποίες

2380 2772 2475 2821 καὶ
2511 2770 2578 2823 τὰ
2604 2768 2791 2839 κέρδη,
2818 2770 2915 2831 τὰς
2957 2769 3013 2821 δὲ
3046 2770 3227 2831 πόλεις
3256 2768 3347 2821 ὑπ’
3386 2770 3609 2821 ἐκείνων
3650 2771 3973 2837 ἀνασταθῆ-

2382 2877 2470 2913 νκι
2494 2876 2509 2891 ·
2546 2861 2641 2912 καὶ
2687 2859 2790 2911 τῶν
2844 2860 2941 2927 μὲν
2975 2860 3244 2926 σωμάτων
3274 2861 3375 2912 ὅσα
3416 2860 3477 2912 τὸ
3528 2860 3679 2928 ξιφος
3713 2862 3975 2927 διέτυγε,

2385 2953 2695 3022 πανταχόσε
2747 2952 3117 3021 διασπαρέντα
3166 2952 3479 3004 δουλεύειν·
3534 2954 3636 3013 τὰς
3689 2953 3746 3003 δὲ
3784 2953 3974 3019 vlt-.1751;

2383 3044 2502 3114 ἅμα
2546 3045 2757 3105 τούτοις
2786 3044 2855 3096 τὰ
2885 3043 2983 3111 μὲν
3025 3042 3139 3114 βίᾳ,
3170 3044 3241 3095 τὰ
3264 3043 3323 3095 δὲ
3355 3043 3536 3096 πειθοῖ
3580 3045 3676 3095 καὶ
3729 3046 3801 3113 τῇ
3842 3044 3975 3096 καθ’

2384 3140 2601 3207 ἡμέραν
2652 3136 2787 3207 πρὸς,
2834 3135 3056 3198 τούτους
3101 3135 3292 3206 ὁμιλίᾳ
3334 3136 3686 3205 μιαίνεσθαι·
3739 3135 3979 3188 τοσοῦτο

712 3229 958 3273 ornatum
993 3229 1221 3273 vestrum
1255 3222 1323 3273 ad
1352 3219 1469 3272 illos
1507 3221 1898 3290 commigrasse,
1928 3239 1990 3275 ac
2040 3222 2279 3293 deinceps

2389 3230 2429 3284 δ’
2465 3231 2593 3298 ὑμῖν
2633 3229 2732 3297 τῆς
2766 3228 2949 3299 χώρας
2997 3227 3308 3295 λειφθῆναι,
3338 3229 3463 3281 ὅσον
3497 3228 3632 3297 μηδὲ
3666 3228 3809 3295 πρὸς
3840 3228 3977 3289 τοὺς

710 3311 896 3364 habere
921 3311 974 3364 in
990 3313 1143 3376 votis,
1168 3311 1422 3364 utsaltem
1440 3312 1636 3364 servire
1656 3313 2038 3380 permittamini
2053 3329 2071 3377 ;
2099 3315 2284 3367 horum

717 3406 865 3470 fama
900 3404 970 3456 ad
995 3420 1087 3456 nos
1125 3402 1358 3473 perlata,
1417 3411 1752 3473 nostramque
1782 3404 2016 3473 ipsorum
2056 3405 2285 3457 calami-

719 3507 884 3552 tatem
913 3507 1088 3549 vestra
1126 3494 1373 3548 arbitrati
1404 3494 1588 3558 mala;
1639 3511 1701 3547 ac
1732 3511 1824 3549 nec
1869 3498 2181 3563 exspectatis
2215 3497 2288 3549 le-

712 3588 851 3654 gatis
905 3587 1091 3655 quibus
1160 3602 1253 3639 nos
1310 3601 1372 3639 ea
1404 3586 1678 3647 doceretis,
1728 3589 1906 3655 patria
1942 3589 2158 3657 quisque
2188 3605 2284 3640 sua

712 3678 904 3747 egressi
940 3693 1153 3739 sumus,
1186 3676 1558 3746 dereliquimus
1614 3694 1735 3730 vero
1765 3687 2026 3747 parentes,
2071 3696 2285 3741 amicos,

712 3769 946 3839 aliosque
973 3770 1315 3830 necessarios,
1334 3770 1543 3822 tametsi
1569 3769 1747 3821 sedere
1776 3780 2047 3838 rogarent.
2080 3786 2143 3822 ac
2170 3786 2287 3822 cum

716 3862 974 3931 cognatis,
995 3861 1143 3913 battis
1171 3876 1288 3927 qua:
1318 3861 1459 3913 domi
1487 3860 1711 3921 iucunde
1738 3859 2007 3920 haberent,
2044 3862 2148 3927 frui
2196 3877 2287 3912 nec

712 3956 901 4006 anxios
925 3968 1061 4013 esse,
1094 3962 1185 4005 aut
1219 3953 1378 4004 etiam
1407 3950 1530 4003 belli
1554 3952 1904 4013 incommoda,
1936 3969 1998 4005 ac
2020 3952 2287 4021 fortunam

714 4050 945 4098 aliorum
976 4046 1118 4098 nobis
1155 4046 1431 4098 asciscere.
1497 4044 1668 4096 Porro
1708 4054 1881 4097 autem
1926 4055 2076 4096 erant
2101 4044 2285 4113 plet-is-

712 4154 810 4206 que
834 4146 1069 4189 nostrum
1116 4137 1277 4188 etiam
1310 4152 1498 4189 uxores
1534 4153 1595 4189 ac
1627 4136 1795 4195 liberi,
1818 4144 1871 4189 ut
1896 4136 2001 4187 illis
2034 4136 2285 4199 virorum,

712 4228 826 4279 istis
860 4237 1073 4295 patrum
1108 4242 1267 4295 opera
1297 4242 1358 4277 ac
1387 4242 1515 4277 cura
1545 4242 1674 4294 Opus
1706 4236 1860 4279 esset.
1920 4225 2079 4279 Scitis
2110 4235 2286 4278 autem

715 4321 914 4371 larium
943 4335 1175 4379 amores,
1208 4328 1360 4386 utque
1386 4317 1463 4370 vel
1481 4319 1891 4371 adamanlinum
1945 4326 2117 4380 pectus
2157 4334 2290 4370 uxor

715 4411 963 4481 lacrgmis
990 4410 1248 4473 emolliat,
1281 4411 1661 4480 liberorumque
1692 4410 2047 4473 imbecillitas,
2105 4422 2285 4479 pater—

717 4522 811 4559 nos
845 4506 1054 4557 obtutus
1089 4505 1406 4557 necessarios
1447 4503 1661 4555 habens.
1698 4502 1977 4555 Enimvero
2022 4502 2153 4553 nihil
2204 4502 2291 4554 ho-

2390 3323 2592 3393 φόρους
2616 3320 2708 3384 οὒς
2741 3322 2913 3373 οἴσετε
2947 3322 3061 3382 τοῖς
3102 3318 3404 3389 βαρϐάροις
3440 3320 3632 3390 ἀρκεῖν
3652 3335 3669 3351 ·
3703 3319 3889 3371 πάντα
3917 3320 3977 3371 δὲ

2385 3415 2480 3467 τὸν
2511 3413 2778 3482 ὑμέτερον
2824 3413 3027 3480 κόσμον
3062 3411 3202 3480 πρὸς
3233 3412 3481 3474 ἐκείνους
3520 3412 3978 3479 μετατεθεῖσθαι,

2390 3507 2489 3558 καὶ
2522 3505 2709 3558 λοιπὸν
2754 3501 2920 3571 εὐχὴν
2954 3502 3083 3570 ὑμῖν
3112 3498 3255 3555 εἶναι
3284 3500 3345 3554 τδ
3368 3500 3501 3569 γοῦν
3516 3500 3813 3555 δουλεύειν
3843 3517 3981 3567 συγ.

2389 3593 2702 3664 χωρηθῆναι
2721 3609 2737 3624 ·
2774 3593 2952 3646 ταῦτα
2980 3593 3077 3660 τῆς
3107 3594 3294 3662 φήμης
3324 3592 3678 3655 ἀκούσαντες,
3702 3593 3805 3644 καὶ
3834 3609 3980 3659 συμ·

2391 3686 2562 3755 φορὰν
2594 3685 2730 3737 ίδίαν
2767 3684 2836 3737 τὰ
2863 3684 3035 3737 οἰκεῖα
3078 3683 3429 3752 λογισάμενοι
3462 3682 3610 3752 πάθη
3645 3726 3661 3749 ,
3706 3684 3803 3735 καὶ
3838 3683 3979 3753 μηδὲ

2388 3777 2487 3846 τὴν
2518 3776 2672 3829 ταῦτ’
2702 3775 2935 3844 ὲροῦσαν
2960 3774 3259 3845 πρεσϐείαν
3285 3773 3415 3845 παρ’
3446 3774 3609 3844 ὑμῶν·
3637 3773 3984 3842 ἀναμείναν-

2388 3887 2503 3935 τες,
2531 3869 2828 3938 ἐξήλθομεν
2864 3868 2964 3938 μὲν
3012 3865 3120 3919 τῶν
3155 3867 3431 3937 πατρίδων
3455 3906 3469 3931 ,
3512 3864 3893 3935 κατελίπομεν
3922 3866 3983 3917 δὲ

2390 3964 2583 4030 γονέας
2620 3963 2716 4014 καὶ
2755 3961 2944 4030 φίλους
2995 3960 3090 4012 καὶ
3149 3960 3273 4022 τοὺς
3328 3959 3520 4021 ἄλλους
3578 3959 3978 4026 ἐπιτηδείους,

2389 4054 2678 4122 δεομένους
2707 4050 3006 4119 καθῆσθαι,
3038 4051 3130 4102 καὶ
3159 4050 3266 4101 τῶν
3298 4048 3436 4102 οἴκοι
3490 4049 3629 4117 μετὰ
3676 4050 3791 4099 τῶν
3841 4066 3979 4114 σμγ-

2392 4144 2568 4212 γενῶν
2619 4143 2921 4196 ἀπολαύειν
2950 4141 3162 4211 ,ήδέων,
3218 4142 3311 4193 καὶ
3357 4140 3430 4209 μὴ
3478 4140 3980 4210 περιεργάζεσθαι,

2394 4237 2526 4307 μηδὲ
2563 4237 2672 4289 τῶν
2706 4235 2814 4288 ἀπὸ
2843 4234 2937 4287 τού
2978 4232 3217 4300 πολέμου
3268 4234 3455 4285 κακῶν
3501 4234 3727 4300 καὶτῆς
3768 4233 3984 4301 ἑτέρων

2391 4329 2561 4398 τύχης
2613 4327 2989 4395 κληρονομεῖν.
3028 4319 3208 4376 Ἦσαν
3260 4324 3317 4375 δὲ
3363 4325 3475 4385 τοῖς
3521 4324 3767 4375 πλείοσιν
3816 4324 3981 4392 ἡμῶν

2393 4421 2488 4471 καὶ
2524 4420 2783 4484 γυναῖκες
2827 4417 2922 4469 καὶ
2946 4417 3135 4475 τέκνα,
3172 4414 3229 4466 αἱ
3262 4415 3361 4484 μὲν
3409 4413 3639 4482 ἀνδρῶν,
3672 4414 3741 4464 τὰ
3779 4415 3839 4466 δὲ
3876 4431 3984 4465 πα-

2391 4511 2566 4581 τέρων
2595 4509 2844 4577 δεόμενα.
2884 4507 2992 4559 Καὶ
3042 4505 3156 4557 ἴστε
3188 4505 3315 4565 τοὺς
3346 4504 3445 4572 τῆς
3497 4505 3677 4566 οίκίας
3737 4507 3982 4572 ἔρωτας,

718 4615 837 4649 rum
872 4605 1043 4648 vestra
1076 4596 1252 4665 potius
1281 4595 1558 4647 habuimus
1612 4593 1801 4645 salute.
1862 4592 2001 4656 Quin
2047 4592 2284 4661 neglectis

2398 4601 2493 4653 καὶ
2520 4598 2595 4661 ὡς
2621 4600 2719 4667 τὴν
2761 4599 2819 4663 ἐξ
2852 4596 3158 4666 ἀδάμαντος
3195 4596 3419 4666 καρδίαν
3467 4597 3604 4665 γυνὴ
3644 4598 3983 4666 δακρύσασα

722 4688 985 4751 omnibus,
1047 4704 1109 4738 ac
1152 4686 1345 4755 grandi
1391 4685 1558 4737 classe
1602 4701 1847 4753 magnum
1877 4684 2290 4736 transmittente:

725 4780 965 4849 pelagus,
996 4779 1261 4846 marisque
1284 4794 1344 4829 ac
1374 4785 1745 4845 tempestatum
1771 4792 1860 4827 nos
1896 4776 2101 4828 casibus
2138 4790 2290 4840 crpo-

722 4883 923 4929 tteutes,
960 4868 1110 4922 nulla
1131 4869 1273 4921 nobis
1298 4870 1539 4921 condicta
1566 4869 1823 4929 mercede,
1857 4885 1918 4920 ac
1937 4883 2027 4919 nec
2052 4875 2288 4934 sperata,

727 4971 942 5029 excepta
975 4961 1205 5015 utilitate
1237 4969 1433 5023 vestra,
1482 4962 1718 5013 venimus
1758 4976 1851 5029 pro
1890 4960 2031 5012 vobis
2073 4958 2289 5022 armati,

726 5057 871 5108 haud
905 5070 1047 5107 secus
1081 5071 1143 5107 ac
1174 5070 1269 5123 pro
1292 5053 1435 5106 nobis
1466 5053 1589 5120 ipsis
1623 5071 1684 5105 ac
1702 5054 2004 5121 parentibus
2036 5068 2052 5103 :
2087 5048 2292 5103 multis-

722 5166 823 5216 que
852 5156 976 5201 ante
999 5148 1298 5200 descensum
1324 5163 1351 5199 e
1377 5147 1591 5200 navibus
1625 5146 1852 5215 defuncti
1884 5144 2150 5212 periculis,
2176 5160 2293 5195 eum

725 5237 979 5295 Barbaris
1032 5255 1227 5307 magna
1271 5238 1656 5306 prohibentibus
1711 5239 1902 5289 virtute
1934 5278 1947 5299 ,
2014 5252 2114 5287 non
2182 5237 2293 5287 sine

724 5332 922 5400 grandi
947 5330 1250 5382 discrimine
1281 5346 1342 5381 ac
1383 5329 1559 5383 labore
1578 5329 1762 5396 primis
1811 5343 1987 5379 eorum
2020 5326 2291 5394 repressis,

723 5424 793 5475 ad
827 5423 1131 5487 prwsidium
1154 5422 1411 5484 venimus,
1430 5429 1539 5472 tmn
1560 5420 1767 5487 quidem
1794 5419 1931 5472 vobis
1954 5418 2095 5470 omni
2123 5419 2296 5487 majus

731 5517 896 5578 pretio
914 5532 932 5577 ;
972 5530 1113 5566 nunc
1144 5522 1342 5575 autem,
1375 5516 1512 5581 quod
1550 5514 1801 5572 habeatis,
1858 5528 1920 5565 ne
1952 5513 2006 5565 in
2038 5512 2296 5564 accessio-

727 5608 805 5659 nis
836 5607 1044 5670 quidem
1081 5614 1283 5675 partem
1317 5605 1550 5657 habitum
1573 5646 1586 5667 ,
1648 5604 1859 5674 Deoque
1890 5605 2014 5656 bene
2045 5604 2293 5672 propitio,

726 5698 861 5749 illud
888 5698 1101 5767 quidem
1133 5700 1382 5766 cepimus,
1415 5700 1685 5765 hos-tesque
1722 5698 1861 5765 turpi
1891 5696 2016 5765 fuga
2063 5694 2296 5746 recedere

725 5790 1006 5859 coegimus.
1040 5806 1101 5843 ac
1126 5791 1333 5843 demum
1366 5800 1557 5841 vestros
1589 5787 1698 5841 illic
1716 5790 1945 5857 captivos
1978 5786 2296 5855 recepimus;

729 5881 997 5948 armisque
1028 5899 1086 5934 at“
1124 5899 1358 5945 Itttttt'tttt,
1384 5882 1624 5949 ririsque,
1647 5897 1705 5932 ac
1732 5878 1969 5933 onmibus
1994 5877 2297 5930 necessariis

2398 4692 2688 4761 μαλάξειεν
2759 4691 2867 4755 ἂν,
2945 4690 3040 4741 καὶ
3084 4690 3292 4742 τέκνων
3356 4688 3612 4741 ἀσθένεια
3686 4691 3984 4758 πατρικῶν

2395 4779 2690 4848 ὀφθαλμῶν
2736 4779 2990 4847 δεομένη.
3026 4776 3166 4829 Ἀλλ’
3199 4778 3347 4845 ὅμως
3382 4777 3533 4828 οὐδὲν
3578 4776 3792 4829 τούτοιν
3847 4781 3985 4847 ἡμῖν

2397 4874 2503 4941 πρὸ
2534 4872 2632 4940 τῆς
2662 4872 2932 4940 ὑμετέρας
2972 4870 3168 4935 γέγονε
3206 4869 3513 4938 σωτηρίας·
3566 4866 3702 4918 ἀλλὰ
3751 4869 3984 4920 πάντων

2398 4962 2769 5030 ὑπεριδόντες,
2804 4962 2897 5012 καὶ
2940 4958 3164 5029 μεγάλῳ
3196 4958 3367 5026 στόλῳ
3400 4958 3542 5027 μέγα
3578 4955 3828 5023 πέλαγος
3858 4958 3983 5009 δια·

2400 5055 2616 5117 ὖάντες,
2668 5056 2762 5106 καὶ
2794 5056 2912 5113 ταῖς
2950 5054 3046 5116 τῆς
3097 5050 3369 5119 θαλάττης
3416 5050 3510 5099 καὶ
3538 5048 3645 5100 τῶν
3681 5050 3983 5116 χειμώνων

2396 5146 2586 5215 τύχαις
2622 5147 2766 5213 ἡμᾶς
2800 5143 2991 5205 αὑτοὺς
3023 5142 3334 5205 ὑποθέντες,
3370 5139 3585 5199 οὑδενδς
3615 5139 3756 5208 ἡμῖν
3787 5156 3986 5208 προει-

2401 5237 2663 5308 ρημένου,
2700 5234 2815 5289 ἀλλ’
2865 5233 2977 5286 οὐδ’
3027 5232 3408 5301 ἐλπιζομένου,
3466 5230 3603 5296 πλὴν
3660 5228 3761 5295 τῆς
3820 5230 3983 5297 ὑμῶν

2398 5329 2688 5397 ὠφελεία·,
2732 5328 2944 5395 μισθοῦ,
2977 5325 3186 5395 ἥκομεν
3236 5323 3377 5391 ὑπὲρ
3410 5323 3564 5390 ὑμῶν
3600 5321 3698 5389 οὑχ
3742 5316 3921 5391 ἦττον
3948 5322 3981 5390 ἢ

2400 5418 2557 5487 ἡμῶν
2587 5418 2766 5469 αὐτῶν
2794 5417 2887 5467 καὶ
2916 5415 3024 5467 τῶν
3058 5414 3282 5479 γονέων,
3319 5414 3386 5465 τὰ
3411 5411 3549 5465 ὅπλα
3583 5412 3810 5475 θέμενοι
3834 5428 3853 5443 ·
3890 5413 3985 5463 καὶ

2400 5512 2529 5577 πρὶν
2560 5509 2671 5560 τῶν
2702 5508 2836 5559 νεῶν
2871 5506 3166 5574 ἀποϐῆναι,
3212 5505 3383 5557 πολλὰ
3418 5504 3555 5573 πρὸς
3593 5505 3721 5565 τοὺς
3769 5503 3987 5572 $4965.-

2404 5617 2530 5669 ρους
2578 5598 3014 5661 κιδυνεύςαντες,
3059 5594 3274 5666 μεγάλη
3303 5595 3533 5661 δυνάμει
3565 5593 3661 5661 τὴν
3703 5594 3985 5645 ἀπόϐασιν

2401 5692 2709 5759 εἴργοντας,
2746 5690 2846 5742 οὑκ
2879 5690 3007 5743 ἄνευ
3038 5688 3299 5739 κινδύνων
3328 5688 3422 5739 καὶ
3437 5687 3601 5739 πόνου
3627 5684 3831 5737 πολλοῦ
3859 5688 3987 5746 τοὺς

2403 5784 2651 5851 πρώτους
2680 5782 2860 5833 αὐτῶν
2906 5780 3227 5849 βιασάμενοι
3272 5780 3368 5831 ἐπὶ
3401 5779 3461 5829 τὸ
3509 5778 3687 5845 τεῖχος
3725 5776 3980 5844 ἥκομεν·

2405 5875 2614 5927 tot/,1:
2675 5872 2772 5941 μὲν
2827 5872 2952 5939 ὑμῖν
3001 5868 3220 5924 πάντων
3268 5866 3510 5934 ἀνάξιον,
3562 5866 3658 5920 νῦν
3691 5864 3739 5919 δ’
3790 5866 3989 5935 ἐπειδῂ
