4198 6440
242 439 379 505 1017

1139 447 1425 509 ORATIO
1464 450 1565 511 DE
1604 450 1757 511 NON
1801 448 2213 513 REDDENDA
2256 445 2676 510 CALLIPOLL

3355 449 3493 515 iOi-S

231 556 380 609 τοῦτ’
410 556 585 624 ἔχετε,
619 557 742 627 μηδ’
779 559 838 611 ὲν
887 560 1206 631 προσθήκης
1242 563 1401 634 μέρει
1451 564 1679 619 δοκοῦν’
1716 568 1809 619 καὶ

1915 568 2220 636 ρηεδίιιίιιηι
2252 556 2592 629 instruentes,
2627 562 2803 616 urbem
2835 562 2973 615 vobis
3010 563 3352 624 tradidimus,
3377 581 3484 630 qun

233 649 372 700 Θεοῦ
408 649 662 717 τυχόντες
693 649 977 720 εὐμενοῦς,
1024 653 1239 721 εἵλομεν
1272 654 1372 724 μὲν
1418 658 1631 723 ἐκεῖνο,
1685 660 1809 720 τοὺς

235 737 292 788 δὲ
344 737 636 806 πολεμίους
673 740 917 809 αἰσχρῶς
977 745 1172 810 φυγεῖν
1208 744 1619 814 ἠναγκάσαμεν.
1666 747 1785 800 ’Λνε

232 830 588 897 λαμϐάνομεν
617 831 671 882 δὲ
711 833 837 894 τοὺς
879 834 1164 903 ὑμετέρων
1193 836 1771 903 αὐτόθιοδουλεύοντας
1795 858 1809 871 ⁸

234 919 426 971 ὅπλοις
454 918 533 976 δὲ,
573 923 664 973 καὶ
704 921 857 985 σίτῳ,
891 924 983 974 καί
1010 922 1243 991 σώμασι.
1280 925 1374 975 καὶ
1414 926 1579 976 πᾶσιν
1601 920 1676 978 ὧν
1706 927 1812 979 έδ-ι

231 1008 297 1059 τὺ
342 1012 516 1078 τεῖχος
569 1013 1053 1076 ἐπισκευάσαντες,
1092 1016 1497 1085 παρεδώκαμεν
1529 1016 1659 1085 ὑμῖν
1715 1018 1811 1084 τὴν

238 1099 395 1152 πόλιν
423 1099 496 1160 ὡς
541 1102 715 1172 οἰκεία
742 1104 1083 1173 κεχρῆσθαι·
1138 1108 1232 1159 καὶ
1260 1106 1320 1158 τὸ
1351 1106 1485 1167 τέως
1530 1106 1638 1159 ὑπὸ
1678 1108 1814 1160 πάν-

235 1209 351 1245 των
401 1193 796 1263 θρυλλούμενον
839 1199 1139 1266 ἀμήχανον,
1171 1201 1246 1260 ὠς
1293 1198 1394 1267 τῆς
1433 1198 1812 1262 Καλλιπὸλεως

234 1284 560 1355 ἀφεστώσης
607 1287 885 1355 ἀμήχανον
921 1289 994 1357 μὴ
1042 1289 1347 1353 δουλεῦσαι,
1404 1290 1495 1343 καὶ
1534 1290 1561 1342 ὃ
1613 1293 1812 1353 πάντες

234 1376 296 1427 ἓν
335 1396 386 1429 τι
443 1378 549 1429 τῶν
587 1379 862 1432 ἀδυνάτων
914 1380 1117 1449 ᾤοντο,
1173 1384 1380 1451 ταυτην
1437 1383 1810 1444 ὲπανασῶσαι,

233 1466 385 1519 τοῦτ’
418 1469 518 1539 ἥδη
554 1470 704 1538 παρὰ
748 1470 902 1534 δόξαν
934 1472 1345 1539 ἐκπέπρακταιο
1374 1476 1466 1526 καὶ
1500 1475 1681 1543 κύριοι
1715 1478 1813 1535 μὲν

235 1564 396 1631 ὑμεῖς
434 1564 530 1615 τοῦ
584 1565 870 1633 πορθμοῦ·
926 1566 1106 1630 ἔξεστι
1146 1566 1202 1619 δὲ
1242 1570 1358 1625 τοῖς
1408 1570 1596 1621 αὐτόθι
1631 1570 1811 1638 λιμέσι

235 1654 576 1723 χρωμένους,
621 1655 720 1715 τὰς
758 1656 868 1708 τῶν
924 1657 1213 1727 βαρϐάρων
1251 1658 1507 1729 λῃστείας
1559 1662 1652 1714 καὶ
1688 1665 1810 1724 τοὺς

237 1744 473 1807 ἔκπλους
500 1746 797 1813 ἀνείργεινο
846 1766 863 1798 ι
899 1749 947 1801 εἰ
990 1749 1053 1817 δὴ
1093 1749 1265 1804 ταῦτα
1312 1751 1541 1817 λέγοιεν,
1578 1753 1673 1805 καὶ
1711 1755 1812 1822 τὴν

235 1834 424 1887 αἰτίαν
471 1835 863 1887 πυνθάνοιντοο
921 1854 939 1886 ι
993 1836 1057 1888 Τί
1100 1836 1313 1905 δήποτ’,
1347 1833 1392 1891 ὦ
1426 1840 1675 1908 χρηστοὶ,
1718 1841 1810 1892 καὶ

1922 658 2195 712 utet-emitti
2223 666 2478 726 tanquam
2504 655 2753 725 propria;
2792 653 3036 722 quodque
3092 656 3343 706 hactenus
3397 655 3495 705 im-

1921 750 2163 817 possibile
2194 764 2285 801 ore
2309 749 2541 801 omnium
2574 747 2838 812 lerebatur
2866 785 2880 807 ,
2938 743 3057 811 ﬁeri
3089 761 3190 796 non
3220 761 3386 813 posse,
3437 751 3495 796 ut

1921 842 2193 907 deﬁciente
2224 840 2476 908 Gallipoli
2533 838 2834 891 libertatem
2893 839 3208 900 (ueremini;
3256 855 3315 890 ac
3357 838 3495 905 quod

1923 933 2155 984 universi
2188 932 2323 983 inter
2359 928 2708 998 impossibilia
2752 929 3034 989 habebant,
3077 938 3133 980 ut
3180 944 3240 979 ea
3277 945 3493 991 recunev

1920 1027 2032 1076 ruri
2056 1032 2245 1093 posset,
2276 1024 2370 1074 hoc
2421 1023 2572 1074 modo
2626 1030 2817 1089 pra'ter
2848 1022 3143 1087 opinionem
3200 1021 3496 1088 pro’stitum

1919 1125 2029 1177 est;
2061 1131 2120 1165 nc
2138 1113 2350 1181 quidem
2382 1130 2470 1164 vos
2495 1113 2614 1177 freti
2640 1112 2838 1165 domini
2863 1113 3004 1172 estis,
3031 1112 3349 1179 potestisque
3373 1126 3499 1177 por-

1936 1205 2091 1257 litbus
2113 1204 2225 1257 illic
2260 1206 2438 1270 positis
2470 1204 2594 1255 bene
2621 1212 2841 1264 utentes,
2868 1202 3322 1265 barbarorumque
3356 1204 3499 1254 rohi-

1921 1294 2038 1346 bere
2087 1294 2363 1346 latrocinia
2415 1310 2476 1345 ac
2526 1295 2840 1362 eruptiones.
2903 1291 3205 1359 Siquidem,
3252 1292 3493 1358 inquam,

1921 1384 2021 1437 ista
2079 1385 2342 1447 dixerint,
2406 1386 2723 1452 fuerintque
2771 1399 2988 1437 causam
3026 1382 3323 1450 percontati
3371 1400 3384 1434 :
3433 1382 3497 1434 lit

1918 1475 2042 1540 quid
2075 1490 2160 1527 t'os
2229 1477 2432 1544 optimi,
2491 1475 2801 1542 nullumque
2855 1476 3068 1543 agendis
3143 1474 3495 1540 pro'slitutuin

1919 1567 2059 1618 vobis
2091 1565 2316 1618 volentes
2339 1566 2520 1630 ﬁnem,
2554 1582 2614 1618 ea
2639 1566 2899 1617 consecuti
2931 1580 3154 1632 quorum
3179 1562 3497 1616 tenebamini

1902 1658 2201 1714 desiderio.
2233 1657 2371 1709 vobis
2396 1657 2586 1708 iterum
2615 1654 2907 1707 libertatem
2946 1654 3207 1715 invidetis,
3235 1669 3297 1705 ac
3346 1668 3497 1703 umn—

1918 1748 2086 1814 εἰρανὶ
2121 1747 2325 1800 vultis?
2354 1746 2463 1800 Hoc
2484 1747 2623 1799 enim
2654 1746 2792 1797 vobis
2828 1744 2960 1804 vult,
2994 1744 3131 1813 quod
3163 1744 3355 1795 iterum
3401 1759 3494 1793 ur-

1920 1840 2033 1891 bem
2062 1842 2115 1893 in
2152 1857 2337 1892 manus
2393 1840 2615 1891 tradetis
2651 1839 2913 1890 barbatis.
2975 1836 3114 1902 Quid
3162 1835 3363 1889 dicturi
3404 1851 3494 1888 su-

237 1926 379 1991 πρὸς
412 1926 581 1995 μηδὲν
618 1928 767 1988 τέλος
799 1927 1033 1995 ὁρῶντες
1064 1930 1120 1980 ἐν
1147 1922 1228 1990 οἷς
1254 1930 1548 1996 πράττετε,
1581 1923 1654 1982 ὧν
1685 1933 1812 2000 πρν

1925 1928 2083 1980 mus?
2132 1928 2271 1993 Quid
2310 1943 2407 1996 per
2448 1928 2613 1980 Deum
2650 1926 3004 1995 responsuri?
3062 1925 3223 1978 Plane
3266 1938 3496 1977 necesse

236 2017 567 2087 ἐπεθυμεῖτε
612 2018 893 2088 τυχόντες,
931 2020 1093 2072 πάλιν
1136 2019 1264 2088 ὑμῖν
1298 2019 1479 2082 αὐτοῖς
1520 2022 1618 2088 τῆς
1665 2021 1817 2072 ἐλευ·

237 2106 425 2174 θερῖα-
452 2106 719 2171 φθονεῖτε,
756 2109 849 2161 καὶ
881 2107 1154 2160 δουλεύειν
1183 2109 1469 2176 αἰρεῖσθε;
1522 2108 1691 2160 Τοῦτο
1713 2112 1819 2175 γᾶρ

236 2198 370 2259 ὑμῖν
406 2198 654 2267 βούλεται
693 2201 753 2251 τὸ
801 2202 912 2261 τοῖς
961 2199 1259 2268 βαρϐάροις
1295 2200 1457 2252 πάλιν
1496 2201 1817 2269 ἐγχειρίζειν

236 2291 343 2356 τὴν
373 2292 526 2343 πόλιν
548 2308 562 2322 ⁶
615 2311 631 2342 ι
678 2294 729 2342 τί
755 2292 1016 2361 ἐροῦμεν,
1050 2292 1080 2360 ἦ
1122 2292 1174 2344 τί
1205 2291 1650 2361 ἀποκρινούμεθα
1682 2293 1815 2361 πρὸς

242 2378 414 2445 Θεού;
451 2381 674 2443 Πάντως
712 2382 924 2450 ἀνάγκη
961 2381 1190 2433 κύπτειν
1225 2386 1303 2445 εἰς
1326 2383 1453 2451 γῆν,
1492 2384 1577 2433 καὶ
1610 2398 1821 2449 συγχω-

468 2474 541 2507 τ’,

421 2489 482 2539 μὴ
505 2508 519 2523 υ

237 2562 452 2616 δίκαιον
483 2565 782 2617 ἀντειπεῖν.
813 2565 849 2613 Κ
865 2565 921 2615 αὶ
963 2565 1067 2634 μὴν
1098 2567 1156 2617 οὐ
1187 2568 1322 2632 πρὸς
1359 2566 1599 2627 ἐκείνους
1633 2566 1814 2632 μόνον,

238 2654 383 2705 ἀλλὰ
416 2655 508 2705 καὶ
539 2654 675 2723 πρὸς
707 2655 911 2717 πάντας
938 2655 1063 2717 τοὺς
1095 2655 1192 2724 τὴν
1229 2654 1499 2724 Εὐρώπην
1527 2655 1811 2716 οἰκοῦντας

237 2742 645 2812 Χριστιανοὺς,
704 2747 912 2798 οίεσθαι
967 2746 1071 2815 χρὴ
1124 2747 1214 2798 τὸν
1266 2747 1427 2799 αὐτὸν
1488 2748 1616 2813 ὑμῖν
1672 2746 1813 2799 εἶναι

237 2833 421 2902 λόγον.
453 2834 525 2887 Ἀ
567 2852 625 2887 τε
677 2840 784 2903 γὰρ
828 2837 1075 2904 ἔπραξαν
1127 2838 1172 2888 οἱ
1209 2836 1352 2905 δεῦρ’

235 2925 494 2987 ἐκείνων,
543 2924 781 2988 ἅπαντες
822 2929 1003 2977 ἰσαοιο
1042 2928 1137 2979 καὶ
1176 2927 1270 2980 νῦν
1313 2927 1377 2981 ἂν
1416 2928 1482 2981 τὰ
1520 2939 1657 2997 μετα
1694 2946 1815 2980 τοσ-

234 3015 417 3069 ούτων
475 3017 732 3069 κινδύνων
780 3017 1050 3084 κτηθέντα
1087 3019 1414 3087 προώμεθα,
1460 3022 1676 3084 πάντως
1714 3023 1812 3074 οὐκ

234 3111 593 3177 ἁγνοήσουσι.
618 3109 781 3171 Τίνας
817 3108 995 3161 τοίνυν
1029 3108 1172 3161 οὕτω
1198 3110 1406 3173 δεινοὺς
1446 3112 1626 3178 λέγειν
1660 3114 1810 3181 πέμ-

233 3200 375 3269 ψετε
398 3199 641 3264 Ἰταλοῖς,
669 3199 956 3262 Γαλάταις,
984 3200 1302 3269 Γερμανοῖς,
1335 3200 1590 3266 Κέλταις,
1627 3204 1813 3254 Ἱσπα-

242 2474 361 2529 ρεῖν
421 2474 541 2539 μετ’
599 2473 860 2540 αἰσχύνηξ
903 2467 978 2533 οἷς
1021 2474 1279 2539 λέγουσι,
1334 2474 1410 2542 τῷ
1465 2475 1629 2543 μηδὲν
1674 2475 1818 2542 ἔχειν

1409 2835 1813 2900 ἐκπλεύσαντες

1924 2029 1980 2073 ιιι
2025 2021 2267 2074 demisso
2295 2022 2347 2073 in
2385 2030 2588 2074 terram
2632 2018 2808 2079 vultu,
2866 2017 3007 2070 dicta
3048 2017 3231 2069 omnia
3287 2014 3496 2084 pudore

1919 2112 2296 2169 :ulmittamus.
2333 2111 2535 2181 quibus
2568 2111 2702 2163 nihil
2753 2111 2960 2178 justum
3016 2107 3082 2159 ad
3116 2108 3491 2160 defensionem

1919 2211 2196 2269 Slllipl‘lltl.
2227 2200 2522 2263 Cancrum,
2556 2201 2755 2253 nedum
2788 2198 2853 2250 ad
2894 2198 3039 2261 illos,
3098 2212 3291 2248 verum
3325 2196 3490 2248 etiam

1918 2294 1981 2344 ad
2016 2307 2207 2344 omnes
2242 2299 2350 2344 tota
2383 2290 2601 2358 Europa
2636 2288 3003 2351 Christianos,
3029 2302 3155 2340 cum
3190 2284 3342 2340 vobis
3377 2301 3493 2339 ser—

1920 2398 2135 2435 monem
2166 2398 2309 2446 eSse,
2347 2382 2644 2450 putandum
2687 2382 2775 2434 sil.
2844 2381 3037 2433 Sciunt
3084 2379 3231 2432 enim
3278 2393 3494 2443 omnes,

1916 2490 2036 2541 qua:
2074 2474 2180 2527 illis
2207 2474 2313 2526 hue
2343 2472 2768 2525 excurrentibus
2802 2481 2950 2540 gesta
2976 2470 3087 2523 sint
3114 2487 3127 2522 :
3157 2479 3323 2538 utque
3348 2486 3495 2525 nunc

1916 2566 2415 2631 dimittamus,qua:
2439 2563 2603 2615 tantis
2622 2562 2881 2630 periculis
2908 2571 3222 2629 comparata
3248 2560 3492 2625 fuerunt,

1921 2656 2067 2708 haud
2129 2655 2290 2722 plane
2333 2653 2773 2708 suntnescituri.
2830 2652 2979 2718 Quos
3039 2668 3171 2721 ergo
3231 2653 3498 2707 facundos

1915 2748 2052 2799 adeo
2075 2756 2327 2799 oratores
2357 2744 2575 2798 missuri
2607 2744 2742 2799 estis
2795 2745 2863 2797 ad
2899 2744 3085 2808 Italos,
3123 2744 3329 2809 Gallos,
3358 2745 3499 2799 Ger-

1916 2856 2129 2902 manos,
2160 2839 2360 2901 Celtas,
2393 2840 2663 2906 Hispanos
2700 2855 2714 2891 :
2749 2838 2815 2891 ad
2846 2853 2941 2892 cos
2974 2838 3066 2907 qui
3094 2838 3493 2902 continentem,

1915 2931 2116 2999 quique
2140 2928 2346 2981 insulas
2374 2929 2657 2992 habitant;
2694 2943 2757 2981 ac
2806 2929 2899 2996 qui
2933 2937 3085 2982 extra
3115 2928 3335 2993 Gades;
3394 2929 3492 2998 qui

1916 3038 2013 3091 pro
2047 3021 2248 3090 probro
2276 3019 2381 3075 hoc
2408 3037 2472 3073 ae
2501 3020 2764 3081 amentia,
2819 3021 3080 3074 omnibus
3121 3020 3496 3074 satisfaciant?

1913 3113 2093 3182 Atque
2115 3113 2232 3167 hinc
2254 3127 2404 3177 vero,
2434 3126 2558 3164 eum
2586 3112 2970 3165 accusationes
2992 3111 3197 3164 nullam
3223 3111 3495 3168 rationem

1914 3204 2245 3270 admittant,
2272 3204 2487 3272 illique,
2513 3205 2711 3273 partim
2731 3204 2952 3273 quidem
2975 3204 3338 3273 pereuntibus
3362 3221 3494 3258 con-

240 3267 380 3354 νοῖς.
420 3293 532 3352 τοῖς
583 3292 639 3342 ὲν
691 3292 809 3352 ταῖς
853 3267 1126 3361 ἠπείροις,
1175 3292 1289 3353 τοῖς
1331 3293 1387 3344 ὲν
1435 3295 1554 3356 ταῖς
1605 3294 1811 3364 νήσοις.

1917 3298 2157 3356 doleant.
2187 3300 2391 3365 partim
2419 3298 2471 3348 in
2507 3295 2616 3350 iras
2652 3294 2973 3353 eﬂ‘erveant.
3031 3294 3180 3362 quod
3205 3307 3495 3364 susceptos

231 3388 353 3448 τοῖς
379 3384 482 3449 ἔξω
522 3384 819 3451 Γαδείρων,
845 3383 1043 3445 οἵτινες
1074 3383 1215 3451 ὑπὲρ
1246 3384 1345 3453 τῆς
1378 3384 1640 3455 αἰσχύνης
1680 3386 1810 3437 ταύ-

232 3494 340 3546 της
376 3477 464 3528 καὶ
494 3477 591 3543 τῆς
621 3474 879 3537 ἀπονοίας
917 3474 1053 3544 πρὸς
1080 3474 1288 3537 πάντας
1330 3475 1763 3544 ἀπολογήσονται
1791 3519 1805 3541 ,

238 3571 359 3621 Καὶ
409 3567 580 3633 ταῦτα
627 3567 734 3617 τῶν
777 3567 873 3634 μὲν
908 3566 1271 3635 ἐγκλημάτων
1315 3566 1503 3619 οὐδένα
1533 3566 1690 3633 λόγον
1728 3568 1815 3617 ἐν-

234 3662 572 3728 δεχομένων,
609 3657 832 3710 ἐκείνων
878 3656 934 3709 δὲ
978 3657 1088 3709 τῶν
1123 3658 1222 3725 μὲν
1254 3659 1365 3720 τοῖς
1418 3657 1812 3725 ἀπολλυμένοις

235 3751 682 3819 συναχθομένων.
711 3750 819 3801 τῶν
848 3748 894 3801 δ’
912 3748 1308 3818 ὀργιζομένων,
1330 3749 1417 3816 ἐφ’
1438 3744 1516 3811 οἷς
1547 3751 1808 3818 ματαίους

234 3844 431 3904 αὐτοῖς
473 3842 612 3909 ὑπὲρ
655 3840 813 3910 ἡμῶν
862 3842 1247 3909 πεποιήκαμεν
1296 3840 1517 3902 πόνους.
1565 3840 1727 3901 Τίνας
1765 3839 1812 3892 δ’

230 3936 375 4003 ἡμῖν
401 3932 575 3985 οἴεσθε
606 3934 701 3984 καὶ
725 3934 877 3999 παρὰ
912 3930 1352 4000 τῆςἘκκλησίας
1400 3931 1540 3998 ἀράς
1570 3930 1812 4000 ἐπαχθή-

236 4024 452 4085 σεσθαι,
485 4023 697 4092 ὁρώσης
719 4023 815 4090 οὐχ
845 4024 989 4090 ἡμᾶς
1020 4022 1219 4085 αὐτοὺς
1245 4022 1406 4092 μόνον
1434 4021 1503 4075 δι’
1528 4015 1604 4075 ὧν
1629 4023 1813 4074 ποιοῦ-

1916 3387 1985 3439 ab
2010 3386 2091 3441 eis
2116 3403 2213 3453 pro
2244 3386 2404 3440 nobis
2426 3386 2641 3439 labores
2669 3400 2853 3439 cassos
2883 3383 3306 3438 reddiderimus.
3343 3386 3492 3449 Quas

1915 3493 2046 3532 vero
2075 3479 2243 3533 etiam
2280 3477 2346 3531 ab
2376 3476 2619 3532 Ecclesia
2653 3476 2813 3531 nobis
2847 3474 3117 3529 inllictum
3186 3477 3253 3529 iri
3305 3477 3496 3531 existi-

1918 3571 2078 3625 matis
2113 3569 2261 3624 diras
2284 3613 2297 3635 ,
2362 3584 2484 3639 quae
2530 3568 2733 3632 videat,
2797 3576 2857 3620 ut
2888 3566 3090 3621 nedum
3139 3565 3242 3635 ipsi
3271 3582 3390 3629 nos.
3422 3568 3492 3621 iis

1913 3679 2038 3733 qua:
2063 3663 2295 3733 agimus,
2336 3662 2520 3731 impiis
2541 3660 2859 3730 prodamus,
2896 3673 3084 3714 verum
3120 3662 3284 3715 etiam
3327 3661 3494 3716 Chri-

1920 3753 2113 3809 stianis
2170 3754 2464 3819 universis,
2495 3752 2622 3807 mali
2657 3751 2820 3822 hujus
2866 3751 3173 3807 efﬁciamur
3212 3766 3490 3820 auctores,

1916 3860 2047 3915 quo,
2081 3845 2225 3899 inter
2269 3844 2453 3897 omnia
2486 3859 2727 3913 unquam
2760 3843 3078 3907 commissa,
3144 3844 3279 3897 nihil
3337 3845 3493 3914 quis-

1917 3950 2079 3997 quam
2148 3931 2461 3999 scelestius,
2516 3946 2613 3987 aut
2668 3932 2907 3987 alienum
2939 3933 3109 4000 magis
3138 3932 3206 3987 ab
3240 3934 3492 3990 Immani-

1919 4034 2037 4081 tale‘
2053 4026 2276 4080 dixerit.

237 4134 347 4187 μεν
403 4115 746 4184 προδιδὸντας
802 4116 915 4176 τοῖς
983 4112 1258 4177 ἀσεόἐσιν,
1312 4112 1446 4165 ἀλλὰ
1511 4114 1606 4165 καὶ
1664 4114 1797 4165 πᾶσι
1836 4115 2179 4184 Χριστιανοῖς
2233 4114 2327 4167 τοῦ
2398 4114 2571 4167 κακοῦ
2641 4113 2832 4167 τούτου
2878 4112 3197 4182 γινομένους
3265 4114 3490 4182 αἰτίους,

228 4208 299 4268 οὐ
326 4214 437 4265 τῶν
477 4211 695 4263 πώποτε
727 4210 1112 4279 τολμηθέντων
1147 4207 1259 4261 οὔτ’
1302 4210 1658 4277 ὲναγέστερον
1694 4207 1807 4261 οὐτ’
1845 4211 2350 4281 ἀπανθρωπότερον
2381 4211 2525 4264 ετποι
2557 4227 2640 4273 τις
2664 4210 2751 4263 ἄν.

313 4308 481 4371 Τίνας
508 4306 553 4361 δ’
584 4308 723 4376 ὑπὲρ
766 4306 923 4376 ἡμῶν
963 4305 1124 4374 εὐχάς
1153 4306 1186 4374 ἢ
1223 4304 1317 4358 καὶ
1352 4306 1542 4367 θυσίας
1588 4309 1806 4374 προσοί-

234 4414 348 4461 σει,
369 4396 547 4465 ὁρῶσα
574 4396 780 4455 πάντας
801 4394 1026 4455 ἑκόντας
1053 4393 1252 4446 οὑτωσὶ
1270 4395 1334 4447 τὰ
1353 4392 1603 4462 χείριστα
1622 4393 1808 4459 αἱρου-

234 4491 477 4558 μένουςς
534 4488 753 4541 Μᾶλλον
792 4487 893 4555 μὲν
953 4482 1046 4539 οὖν
1098 4486 1212 4547 πῶς
1244 4487 1304 4538 οὐ
1340 4487 1433 4539 καὶ
1467 4485 1807 4554 καταράτους

226 4579 501 4640 τοιούτοις
556 4577 966 4648 ἐπιχειροῦντας
1013 4578 1313 4646 ἡγήσεταις
1367 4578 1537 4645 Ὑπὲρ
1568 4576 1676 4644 γὰρ
1701 4576 1808 4627 τῶν

226 4672 423 4738 ἀγαθὰ
454 4671 604 4736 σφίσι
646 4688 704 4724 τε
735 4671 918 4733 αὐτοῖς
964 4673 1057 4724 καὶ
1095 4673 1205 4732 τοῖς
1241 4671 1419 4731 ἄλλοις
1449 4669 1811 4737 βουλομένων,

228 4766 332 4816 καὶ
360 4764 505 4824 ὅπως
534 4764 736 4816 τούτων
761 4763 975 4831 τύχοιεν
1003 4761 1095 4814 τοῦ
1126 4760 1261 4814 Θεοῦ
1292 4762 1583 4829 δεομένων,
1613 4761 1674 4813 οὐ
1707 4760 1814 4811 τῶν

228 4855 554 4922 ἐξεπίτηδες
612 4856 836 4916 ἑαυτοὺς
868 4853 1235 4915 ἀπολλύντων,
1267 4854 1359 4904 καὶ
1400 4851 1548 4903 θύειν
1598 4853 1693 4904 καὶ
1728 4850 1815 4901 εῦ-

227 4941 432 5013 χεσθαι
479 4942 571 4994 καὶ
618 4941 796 4993 πάντα
849 4942 1024 4993 ποιεῖν
1057 4938 1339 5009 ἀξιοῦμεν.
1382 4939 1717 5009 Κατηγορίαι
1756 4938 1813 4989 δὲ

232 5030 336 5081 καὶ
363 5028 492 5096 ἀραὶ
522 5027 672 5096 παρὰ
698 5028 934 5090 πάντων,
965 5026 1017 5079 ετ
1047 5043 1129 5088 τις
1161 5025 1354 5078 ἑαυτὸν
1382 5026 1684 5094 προδιδοὺς,
1720 5025 1812 5075 καὶ

225 5121 364 5181 τούς
388 5120 576 5179 ἄλλους
611 5117 1243 5188 προσαναγκάζοι.Τίνας
1264 5118 1307 5169 δ’
1334 5118 1465 5186 ἡμῖν
1488 5118 1580 5169 καὶ
1613 5133 1817 5185 συγκε-

226 5213 388 5264 λέαει
422 5209 763 5279 συμμάχους,
816 5209 849 5279 ἢ
889 5208 1029 5279 μετὰ
1072 5206 1231 5270 ποίας
1276 5210 1501 5277 γνώμης
1547 5207 1681 5277 ὑπὲρ
1715 5208 1813 5275 τῆς

230 5302 381 5373 πρὸς
412 5304 559 5371 ἡμᾶς
589 5301 892 5373 διαλέξεται
926 5298 1177 5369 βοηθείας
1199 5315 1215 5329 ο
1252 5297 1403 5359 τίνας
1436 5298 1491 5349 δὲ
1509 5297 1604 5349 καὶ
1638 5297 1813 5348 πείσει

227 5397 415 5447 ποιεῖν
447 5394 543 5448 καὶ
574 5392 900 5446 κινδυνεύειν
925 5392 1068 5460 ὑπὲρ
1110 5390 1289 5459 ἡμῶν,
1314 5391 1441 5443 ὅταν
1479 5390 1558 5450 είς
1587 5388 1811 5441 τούναν-

224 5491 355 5542 τίον
381 5488 520 5557 αὐτῇ
549 5487 649 5555 τὴν
690 5485 924 5553 σπουδὴν
975 5484 1078 5553 ὁρᾷ.
1123 5481 1496 5546 τελευτῶσαν;
1556 5482 1623 5534 Ἃ
1651 5482 1756 5548 γὰρ
1787 5482 1814 5527 ὁ

229 5580 434 5648 Κύμης
464 5578 599 5649 ὑπὲρ
630 5578 784 5647 ἡμῶν
806 5576 1069 5644 ἐπόνησεν
1105 5577 1288 5642 ἐκείνῃ
1325 5572 1811 5634 πεισθετςηούτίυν

231 5673 404 5741 ὑμεῖς
433 5670 526 5723 ἐπὶ
550 5671 674 5731 τοὺς
711 5667 1015 5737 βαρϐάρους
1051 5666 1393 5735 μετενεγκεῖν
1422 5664 1521 5734 τὴν
1544 5663 1812 5730 ὠφέλειαν

231 5760 529 5834 βούλεσθε.
559 5760 735 5822 Ὀλως
784 5758 840 5811 δὲ
888 5756 1037 5818 τίνας
1073 5758 1180 5827 χρὴ
1244 5756 1551 5827 προσδοκᾷν
1594 5755 1812 5807 ἔσεσθαι

232 5851 562 5923 συμμάχους
597 5851 749 5920 ἡμῖν,
796 5847 1002 5910 εἰδότας
1048 5846 1122 5910 ώς
1150 5846 1302 5900 οὐδὲν
1329 5844 1440 5898 οὐτ’
1484 5846 1666 5909 αὐτοῖς
1696 5844 1809 5897 οὐθ’

1983 4306 2255 4372 Quasnam
2291 4322 2422 4360 vero
2454 4321 2555 4375 pro
2589 4304 2749 4360 nobis
2789 4319 2979 4375 preces
3003 4347 3018 4370 ,
3053 4320 3150 4360 seu
3206 4305 3369 4359 etiam
3405 4320 3493 4358 sa-

1914 4398 2117 4450 crificia
2140 4436 2155 4459 ,
2181 4397 2432 4450 oblatura
2472 4398 2581 4459 sit,
2619 4412 2742 4450 cum
2778 4396 2859 4451 sic
2892 4411 3085 4451 omnes
3122 4399 3268 4451 ultro
3306 4398 3492 4451 videat

1916 4494 2276 4554 prieoptantes
2328 4484 2602 4553 pessima?
2659 4485 2799 4551 Quin
2856 4485 2985 4546 imo.
3052 4488 3328 4555 quomodo
3380 4504 3490 4543 non

1913 4579 2139 4632 devotos
2186 4592 2249 4631 ac
2299 4576 2665 4631 exsecrabiles
2709 4579 2923 4640 habeat,
2969 4592 3067 4632 eos
3125 4578 3219 4645 qui
3276 4586 3491 4632 tentant

1919 4668 2086 4720 talia?
2118 4668 2225 4721 Pro
2271 4667 2337 4719 iis
2366 4668 2537 4724 enim,
2570 4668 2662 4734 qui
2694 4668 2799 4721 sibi
2831 4667 2933 4736 ipsi
2970 4683 3033 4721 ac
3078 4668 3305 4736 reliquis
3350 4668 3489 4721 bona

1914 4758 2133 4820 volunt,
2166 4757 2448 4825 Deumque
2493 4766 2659 4829 orant
2695 4765 2753 4809 ut
2795 4772 2857 4810 ea
2902 4768 3349 4824 consequantur:
3380 4774 3490 4811 non

1916 4863 2014 4916 pro
2045 4848 2133 4907 iis,
2168 4849 2260 4916 qui
2297 4848 2363 4900 de
2400 4848 2669 4901 industria
2722 4849 2959 4917 perdunt
2992 4849 3222 4917 seipsos,
3255 4849 3493 4902 libentes

1924 4938 2191 4991 sacrificia
2231 4954 2293 4989 ae
2332 4952 2525 5004 preces
2554 4937 2855 4998 oderimus,
2902 4939 3117 5005 aliaque
3149 4940 3328 4990 omnia
3378 4954 3493 4991 Ino-

1920 5029 2109 5082 limur.
2147 5027 2431 5097 Vitupcria
2480 5039 2663 5081 autem
2710 5044 2773 5082 ac
2797 5028 3085 5082 maledicta
3119 5030 3185 5081 ab
3209 5028 3489 5092 oumibus,

1921 5130 1979 5171 ιιι
2018 5120 2143 5185 quis
2192 5120 2428 5187 prodens
2472 5121 2748 5189 seipsunt,
2785 5120 3000 5173 abunde
3051 5120 3191 5173 alios
3240 5121 3294 5173 in
3345 5120 3487 5175 idem

1916 5220 2094 5280 cogat.
2144 5210 2421 5276 Quosnam
2476 5228 2607 5264 vero
2644 5213 2806 5264 etiam
2861 5211 3021 5265 nobis
3062 5213 3344 5265 advocabit
3403 5228 3491 5267 so-

1917 5302 2058 5366 cios,
2120 5317 2299 5371 quove
2350 5303 2537 5355 animo
2592 5318 2695 5371 pro
2754 5303 3023 5356 mittendo
3078 5303 3237 5355 nobis
3282 5304 3490 5357 auxilio

1916 5393 2186 5445 disseret:
2231 5392 2563 5461 quibusnam
2620 5407 2751 5444 vero
2805 5392 2970 5445 etiam
3024 5393 3374 5461 persuadeat,
3431 5403 3490 5447 ut

1915 5482 2044 5549 quid
2102 5481 2304 5536 faciant
2346 5498 2445 5552 pro
2496 5482 2677 5543 nobis.
2714 5497 2779 5536 ac
2828 5482 3067 5547 pericula
3102 5482 3321 5543 adeant,
3365 5499 3486 5535 rum

1916 5590 1941 5626 s
1973 5573 2162 5625 ndium
2212 5588 2371 5627 suum
2413 5588 2476 5627 ac
2526 5588 2754 5641 operam
2811 5573 2999 5625 videat
3054 5573 3108 5625 in
3146 5574 3486 5627 contrarium

1918 5666 2167 5717 νι-τδιιιιιῖ
2198 5664 2328 5729 Quae
2377 5664 2523 5717 enim
2560 5665 2761 5718 Comes
2810 5665 2931 5733 ejus
2958 5679 3121 5717 suasu
3180 5679 3279 5733 pro
3328 5666 3489 5719 nobis

1917 5752 2208 5814 Lboravit.
2275 5753 2471 5805 horum
2527 5768 2623 5806 vos
2683 5753 2738 5805 in
2803 5752 3076 5807 Barbaros
3138 5754 3486 5806 commodum

1920 5845 2215 5899 transferre
2238 5845 2512 5913 cogitatis.
2543 5845 2781 5901 Omnino
2813 5856 2994 5900 autem
3028 5861 3295 5915 quosnam
3327 5846 3488 5900 nobis
