4198 6440
228 454 356 521 1021

1061 466 1346 529 ORATIO
1388 465 1487 527 DE
1530 465 1683 525 NON
1725 465 2137 527 REDDENDA
2179 465 2596 530 CALLlPOLl.

3344 467 3481 533 10⁸22

222 567 369 636 ὑμᾶς
418 567 605 639 ἕτερον
649 570 872 640 αἰτῆσαι
926 572 1132 639 νομίζω
1182 573 1289 642 πρδ
1338 572 1447 627 τῶν
1494 572 1705 626 πόλεων
1736 573 1798 633 ἃς

1910 572 2134 626 mittens
2163 573 2380 642 juberet
2413 587 2639 625 munera
2669 581 2879 641 petere,
2914 582 2974 628 ut
3005 589 3069 629 ne
3098 576 3358 647 deinceps
3387 581 3483 632 ad-

220 657 608 728 ἀπωλέσαμεν,
639 662 714 723 ὡς
744 661 887 715 οὕτω
920 664 1099 731 μόνως
1135 664 1250 729 ἐξὸν
1281 663 1359 725 εἵς
1380 681 1438 715 τε
1472 664 1573 733 τὴν
1613 666 1803 735 προτέ-

223 761 327 813 ραν
360 746 527 816 τύχην
552 748 904 818 ἀναδραμεῖν,
938 752 1033 802 καὶ
1059 750 1212 812 δίκας
1239 753 1544 819 ἀπαιτῆσαι
1561 754 1685 813 τοὺς
1709 751 1803 803 νῖν

221 836 641 903 πλεονάζοντας.
683 838 799 893 Εἴθ’
849 834 924 894 ὧν
957 843 1218 911 τυχόντες.
1242 844 1342 896 οὐκ
1391 844 1458 896 ἂν
1504 842 1804 911 εὐξαίμεθα

224 932 417 998 μείζω,
463 932 617 984 ταῦτ’
680 933 994 1005 ἑξεπῖτηδες
1039 936 1388 1001 ἀπολλύντες,
1442 936 1502 987 τὸ
1558 938 1803 987 συνοῖσον

220 1023 351 1091 περὶ
381 1026 536 1093 ἡμῶν
559 1027 743 1079 αὐτῶν
769 1029 1061 1097 νομίζομεν
1088 1027 1477 1097 βεϐουλεῦσθαι
1503 1045 1516 1091 ;
1551 1028 1662 1081 Καὶ
1686 1028 1803 1089 πῶς

217 1115 281 1194 ob
316 1116 601 1183 μαίνεσθαι
632 1119 856 1188 δόξομεν
883 1138 896 1183 ;

1910 662 2081 716 versis
2107 663 2301 716 essetis
2337 663 2512 725 usuri,
2543 664 2678 717 nihil
2712 679 2808 717 vos
2843 666 2989 719 aliud
3032 668 3200 735 priori
3238 668 3357 721 loco
3394 686 3486 737 pc-

1910 752 2136 807 tendum
2176 763 2412 813 raturos,
2445 770 2607 822 quam
2655 755 2886 807 amissas
2915 755 3099 821 urbes,
3132 765 3387 827 tanquam
3416 775 3479 811 ea

1902 846 2170 899 duntaxat
2222 847 2433 900 ratione
2467 848 2681 909 liceret,
2725 858 2838 901 tum
2902 850 3083 903 redire
3127 850 3192 903 ad
3242 852 3476 917 priorem

1904 937 2198 998 fortunam,
2231 948 2343 989 tum
2374 953 2467 990 eos
2500 939 2691 991 ulcisci
2722 940 2814 1008 qui
2853 956 2998 995 nunc
3036 952 3222 994 nostra
3258 942 3478 1009 rapiunt

1905 1024 2219 1093 faciuntque
2282 1025 2559 1091 iniuriam.
2613 1027 2704 1080 Sic
2755 1044 2887 1097 ergo
2947 1046 3010 1084 ea
3068 1047 3131 1085 ex
3196 1033 3479 1100 proposito

1904 1120 2242 1182 auiittenles,
2296 1134 2528 1184 quorum
2592 1120 2728 1174 nihil
2786 1122 2962 1190 majus
3015 1125 3382 1192 possessione,
3423 1132 3481 1177 ut

216 1199 308 1260 llla
358 1211 613 1264 adessent
658 1219 895 1283 optaturi
939 1231 1208 1280 essemus,
1240 1216 1384 1287 quod
1434 1231 1464 1270 e
1518 1228 1577 1268 re
1645 1212 1718 1266 sit
1770 1210 1837 1265 de
1876 1211 2037 1264 nobis
2084 1211 2184 1280 ipsi
2236 1211 2568 1266 deliberasse
2612 1214 2969 1282 putabimus?
3034 1216 3133 1281 Qui
3188 1234 3317 1272 vero
3370 1234 3477 1272 non

217 1304 411 1359 furiosi
441 1307 693 1365 homines
724 1328 785 1364 ac
815 1312 994 1365 insani
1033 1314 1272 1368 habendi
1304 1312 1537 1367 sumus?

293 1402 521 1453 Ἔπειτα
548 1404 657 1455 οὐδ’
681 1406 884 1471 ὅμοιον,
905 1407 1385 1477 προπολεμοῦντας
1410 1407 1519 1459 τῶν
1552 1404 1791 1469 οίκείων,

215 1489 310 1539 καὶ
336 1489 761 1556 κινδυνεύοντας,
790 1490 904 1546 εἶτα
923 1496 1258 1556 πταίσαντας
1280 1493 1451 1548 ταῦτα
1480 1494 1795 1557 ἀποϐαλεῖν,

214 1578 311 1627 καὶ
344 1578 451 1629 τῶν
487 1578 781 1647 βαρϐάρων
820 1580 1119 1633 αἰτούντων
1166 1583 1197 1645 ἦ
1248 1582 1343 1633 καὶ
1377 1581 1797 1642 ἐπιταττόντων,

212 1668 420 1737 ταύτην
456 1670 695 1735 ἐνεγκεῖν
727 1673 827 1737 τὴν
861 1672 1086 1739 ζημίαν.
1148 1672 1401 1734 Ἐκείνως
1459 1671 1557 1739 μὲν
1589 1671 1697 1742 γὰρ
1737 1671 1800 1724 τὸ

216 1760 352 1827 γοῦν
380 1762 620 1830 αἱσχρδν-
656 1763 870 1824 ἄπεστι,
908 1766 1000 1815 καὶ
1056 1766 1224 1833 μόνης
1259 1766 1354 1834 τῆς
1387 1766 1558 1833 τύχης
1584 1764 1794 1830 γίνεται

212 1854 277 1905 τὸ
308 1853 592 1921 ἐλάττωμα
616 1897 630 1919 ,
678 1849 745 1925 ἧς
776 1854 1096 1923 ἀνθρώπους
1131 1873 1193 1923 γε
1226 1856 1384 1918 ὄντας
1413 1857 1511 1908 οὐκ
1540 1858 1684 1909 ἔστιν
1712 1857 1796 1907 ἀεὶ

1970 1402 2240 1457 Prmterea
2286 1418 2385 1456 nec
2421 1404 2524 1458 hoc
2568 1404 2766 1471 simile,
2808 1419 2910 1474 pro
2940 1403 3161 1470 illustris
3202 1414 3327 1457 ante
3379 1420 3477 1472 pu-

1901 1509 1969 1564 gn
1986 1504 2144 1548 antes
2186 1494 2374 1556 rebus.
2414 1510 2478 1549 ac
2526 1496 2791 1551 adeuntes
2823 1498 3087 1565 pericula,
3139 1505 3366 1565 tumque
3398 1497 3479 1548 vi-

1901 1600 2018 1643 ctos
2065 1605 2128 1643 ea
2181 1590 2456 1653 amittere,
2490 1599 2653 1658 atque
2686 1590 3006 1659 petentibus
3038 1589 3315 1649 Barbaris.
3377 1604 3474 1641 seu

1897 1685 2062 1736 etiam
2099 1681 2443 1752 jubentibus,
2474 1696 2592 1734 eam
2627 1682 2899 1749 jacturam
2940 1680 3100 1733 ferre.
3136 1680 3267 1733 Nam
3297 1678 3475 1747 primo

1899 1774 2058 1826 modo
2124 1772 2277 1827 abest
2324 1772 2467 1841 quod
2529 1784 2614 1825 est
2673 1784 2855 1842 turpe,
2905 1788 3010 1826 nec
3079 1771 3182 1824 nisi
3244 1771 3476 1823 fortuna:

1896 1864 2153 1916 damnum
2188 1872 2271 1915 est
2307 1879 2323 1915 :
2357 1864 2514 1930 cujus
2552 1878 2675 1915 cum
2708 1862 2961 1915 homines
3001 1862 3192 1923 simus,
3225 1859 3477 1928 impossi-

214 1945 598 2013 περιγίνεσθαι
619 1965 633 1979 ’
665 1948 723 1999 τδ
750 1947 794 2000 δ’
824 1949 1047 2010 ἑκόντας
1095 1948 1216 2001 καθ’
1248 1949 1457 2001 ἑαυτῶν
1492 1952 1603 2011 τοῖς
1652 1949 1794 2018 ἐχθί-

1904 1954 2007 2006 bile
2047 1962 2132 2007 est
2167 1968 2384 2021 semper
2427 1968 2524 2005 nos
2551 1952 2795 2005 arbitros
2830 1967 2974 2003 esse.
3008 1951 3078 2005 Ut
3124 1959 3308 2001 autem
3366 1946 3473 2015 ipsi

219 2055 367 2101 στοις
395 2038 727 2107 ὑπηρετεῖν,
761 2038 923 2091 τοῦτο
973 2040 1037 2106 δὴ
1071 2040 1163 2093 καὶ
1199 2039 1291 2093 τοῦ
1338 2041 1525 2100 ἔθνους
1561 2043 1653 2092 καὶ
1695 2042 1797 2103 τῆς

214 2129 565 2199 ἀνθρωπῖνης
600 2130 815 2198 φύσεως
848 2131 1039 2201 πόρρω
1071 2132 1280 2193 πίπτει,
1316 2131 1411 2185 καὶ
1441 2132 1609 2202 μόνης
1638 2132 1795 2185 ἀναι-

218 2222 452 2289 σθησίας
484 2222 755 2288 ἀπόδειξιν
780 2223 922 2292 ἔχει’
957 2223 985 2276 ὃ
1020 2224 1114 2277 νῦν
1143 2226 1272 2294 ἡμῖν
1308 2224 1674 2291 συμϐήσεται,
1703 2224 1799 2277 ἐὰν

219 2311 301 2383 μὴ
336 2312 698 2382 μεταθώμεθα
735 2312 862 2384 περὶ
890 2308 965 2368 ὧν
998 2313 1391 2386 βουλευόμεθα.

294 2492 480 2560 Χωρὶς
526 2493 582 2545 δὲ
613 2493 841 2557 τούτων,
875 2493 1055 2559 εἰμὲν
1084 2490 1151 2564 ἦν
1192 2511 1277 2556 τις
1334 2495 1466 2564 ⁴ἡμῖν
1500 2494 1799 2564 ἀξιόχρεως

217 2586 324 2652 τῆς
351 2586 459 2638 τῶν
491 2586 777 2656 βαρϐάρων
813 2586 1034 2656 γνώμης
1062 2588 1338 2657 ἐγγυητὴς
1375 2587 1527 2656 (θεδς
1552 2587 1597 2638 δ’
1633 2587 1698 2639 ἂν
1733 2581 1799 2656 ἦν

216 2670 408 2740 οὗτος·
432 2678 493 2731 οὐ
527 2680 632 2749 γὰρ
660 2678 960 2748 ἀνθρώπων
988 2696 1051 2745 γε
1073 2679 1246 2731 οὐδενὶ
1277 2680 1344 2732 τά
1367 2679 1594 2731 τοιαῦτα
1624 2678 1800 2731 δοτέον

218 2769 592 2837 ἐπίστασθαι),
633 2770 704 2831 ὼς
739 2771 832 2823 ἐὰν
861 2771 897 2824 ἃ
941 2770 1034 2822 νῦν
1068 2771 1117 2822 οἱ
1166 2770 1431 2839 βάρϐαροι
1464 2771 1592 2840 παρ’
1644 2770 1799 2839 ἡμῶν

223 2861 624 2927 ἐπαγγέλλουσι
653 2860 916 2923 λάϐωσιν,
954 2863 1293 2931 ἡσυχάσουσι
1325 2861 1420 2914 τοῦ
1453 2860 1663 2924 λοιποῦ,
1704 2860 1799 2912 καὶ

214 2953 323 3020 τὴν
356 2951 663 3016 πλεονεξίαν
685 2954 973 3023 στήσουσιν
1008 2955 1067 3005 ὲν
1086 2955 1197 3015 τοῖς
1222 2953 1547 3022 δεδομένοις,
1576 2951 1799 3021 αἰσχρὸν

222 3044 329 3111 μὲν
357 3045 578 3113 αἰσχρὸν
614 3048 705 3096 καὶ
728 3042 920 3110 οὕτως,
947 3048 1040 3097 καὶ
1080 3045 1186 3096 τῶν
1215 3046 1379 3115 μέχρι
1400 3044 1496 3098 νῦν
1530 3046 1640 3106 τοῖς
1671 3062 1801 3113 προ-

217 3136 403 3203 γόκοις
453 3136 901 3205 κατωρθωμένων
948 3136 1188 3201 ἀνάξιον,
1234 3140 1328 3189 καὶ
1359 3139 1468 3199 τοῖς
1526 3138 1668 3189 κατά
1696 3138 1798 3204 γῆν

1901 2056 2095 2113 Sponte
2157 2045 2445 2098 adversum
2504 2061 2603 2099 nos
2670 2044 3055 2098 infensissimis
3120 2044 3470 2103 serviamus,

1902 2138 2004 2191 hoc
2028 2152 2156 2191 sane
2202 2151 2323 2189 cum
2383 2152 2410 2188 a
2454 2145 2635 2204 gente,
2690 2144 2801 2188 tum
2844 2135 2911 2187 ab
2965 2134 3308 2187 humanitate
3364 2140 3474 2184 tota

1900 2229 2054 2297 longe
2083 2228 2510 2280 remotissimum
2547 2235 2650 2290 est,
2686 2242 2785 2278 nec
2826 2227 2971 2278 aliud
3025 2225 3268 2276 ostendit
3308 2238 3474 2290 quam

1902 2318 2379 2372 insensibilitatem
2434 2336 2449 2371 :
2506 2317 2651 2384 quod
2712 2318 2871 2370 nobis
2941 2318 2993 2370 in
3056 2316 3474 2384 przesentiarnm

1900 2413 2203 2481 continget,
2230 2412 2333 2465 nisi
2370 2411 2597 2465 consilia
2631 2410 3051 2464 tnutavcrimus.

1972 2504 2255 2567 Praeterea,
2304 2511 2363 2556 ut
2401 2502 2619 2572 quidem
2659 2502 2853 2570 dignus
2894 2500 3018 2569 quis
3064 2514 3297 2568 sponsor
3330 2507 3479 2552 esset

1900 2595 2063 2647 animi
2100 2594 2484 2653 Barbarornm,
2516 2593 2584 2661 (is
2614 2593 2771 2658 plane
2810 2591 2949 2643 llens
2973 2600 3141 2645 esset.
3180 2607 3282 2645 nec
3327 2593 3475 2643 enim

1902 2688 1998 2740 ulli
2029 2687 2314 2739 hominum
2362 2685 2776 2739 concedendum
2823 2684 2894 2737 sit
2926 2684 3029 2737 ista
3076 2683 3265 2744 scire),
3314 2682 3479 2735 nimi-

1902 2796 2021 2833 rum
2070 2779 2186 2833 fore
2221 2787 2283 2831 ut
2328 2777 2554 2833 Barbari
2586 2778 2830 2845 acceptis
2860 2792 2982 2845 quae
3036 2776 3199 2830 modo
3247 2790 3277 2828 a
3316 2775 3476 2828 nobis

1900 2872 2219 2941 efﬂagitant.
2258 2871 2527 2942 deinceps.
2547 2879 2735 2925 essent
2772 2868 3037 2938 quieturi,
3070 2868 3478 2935 terminumquc

1903 2964 2115 3034 injuria:
2142 2964 2196 3017 in
2235 2963 2300 3017 iis
2331 2978 2453 3033 quae
2504 2962 2630 3016 data
2662 2972 2868 3027 essent,
2906 2960 3166 3030 posituri,
3199 2959 3279 3013 sic
3314 2958 3476 3011 etiam

1901 3056 1981 3109 sic
2011 3065 2167 3125 turpe
2222 3054 2382 3120 foret,
2432 3071 2494 3110 ac
2524 3055 2794 3123 majorum
2847 3053 3113 3107 hactenus
3160 3058 3476 3104 nostrorum

1900 3147 2245 3201 facinoribus
2276 3147 2584 3217 indignum.
2617 3147 2893 3215 rebusque
2926 3160 3024 3214 per
3052 3159 3150 3199 eos
3190 3153 3332 3197 terra
3369 3158 3481 3195 ma-

218 3228 320 3280 καὶ
355 3229 493 3280 κατὰ
529 3220 796 3279 θάλατταν
832 3230 1013 3291 αὐτοῖς
1056 3228 1440 3298 εἰργασμένοις
1473 3228 1797 3281 ἐναντιώτα-

1904 3237 2062 3305 rique
2114 3235 2374 3305 prtcclare
2433 3235 2739 3304 designatis
2804 3247 3017 3286 summe
3089 3230 3477 3293 contrarium,

214 3334 338 3379 τον,
370 3319 461 3369 καὶ
497 3320 678 3371 πᾶσαν
728 3319 899 3387 ἄρδην
933 3319 1241 3388 ἁνατρέπον
1291 3321 1391 3389 τὴν
1441 3319 1544 3389 τῆς
1586 3320 1792 3383 πόλεως

214 3410 423 3476 δόξαν,
479 3411 654 3464 δοκεῖν
710 3410 877 3463 εἴκειν
932 3414 1046 3474 τοῖς
1107 3411 1400 3480 βαρϐάροις
1458 3413 1553 3464 καὶ
1607 3411 1793 3465 ὁπωσ-

213 3504 336 3567 οῦν,
399 3506 491 3557 καὶ
520 3504 673 3557 ταῦτ’
720 3507 775 3555 ἐν
810 3500 896 3566 οἷς
951 3504 1311 3573 λυμαίνονται
1358 3507 1470 3566 τοῖς
1500 3504 1792 3574 ἡμετέροις

214 3596 430 3659 καλοῖς,
487 3597 581 3649 καὶ
612 3596 966 3664 κατορύττειν
994 3613 1055 3664 γε
1088 3597 1333 3665 προσῆκε
1357 3597 1450 3649 τὸν
1481 3595 1632 3649 ταῦθ’
1662 3597 1793 3664 ἡμῖν

217 3688 617 3755 συμϐουλεύειν
646 3689 677 3757 ἢ
709 3690 803 3740 καὶ
830 3688 1035 3740 πείθειν
1076 3688 1379 3757 τολμῶντα.
1427 3689 1500 3742 Οὐ
1535 3687 1641 3759 μὴν
1674 3687 1792 3742 ἀλλ’

215 3782 275 3833 εἴ
318 3796 399 3841 τις
434 3780 576 3849 ἡμᾶς
608 3780 805 3843 πείθοι,
865 3778 941 3841 ὼς
990 3778 1109 3831 ἔστι
1155 3779 1263 3831 τῶν
1297 3778 1394 3832 νῦν
1444 3779 1791 3849 ζητουμένων

214 3872 756 3941 παραχωρήσαντας,
790 3874 899 3935 τοῖς
929 3873 1375 3942 λειφθησομένοις
1406 3872 1644 3942 χρῆσθαι
1676 3876 1795 3942 μετ’

214 3963 545 4030 ἀσφαλείας,
580 3962 769 4033 ὥσπερ
797 3966 846 4017 οἱ
887 3966 995 4017 τῶν
1064 3966 1240 4033 μελῶν
1282 3983 1401 4019 τινα
1435 3968 1641 4036 σιδήρῳ
1696 3969 1790 4020 καὶ

214 4056 483 4107 καύσεσιν
517 4056 834 4120 ἐκδιδόντες,
860 4057 998 4127 ὑπὲρ
1016 4058 1109 4110 τοῦ
1134 4059 1209 4126 τῷ
1231 4058 1399 4126 λοιπῴ
1433 4059 1642 4127 σώματι
1669 4058 1791 4130 ζῇνυ

214 4141 304 4207 οἷς
331 4146 424 4198 τοῦ
451 4146 679 4201 θανάτου
718 4149 1041 4217 πικρότερον
1068 4148 1277 4214 γίνεται
1304 4150 1371 4200 τὰ
1398 4151 1547 4217 παρά
1576 4150 1794 4203 πάντων

214 4236 423 4303 ὀνείδη.
455 4236 697 4303 σιγασθω
730 4238 829 4305 μὲν
852 4237 918 4289 τὰ
936 4238 1034 4306 τῆς
1052 4239 1304 4308 πατρίδος
1333 4240 1492 4291 καλά⁸
1524 4239 1795 4309 ἀριστέων

213 4330 281 4382 δὲ
302 4329 613 4396 ἀνδριάντες
638 4332 1109 4398 ἀνατραπήτωσαν
1128 4345 1142 4360 ’
1170 4331 1570 4399 ἐπιγράμματα
1597 4330 1653 4383 δὲ
1678 4330 1800 4396 ἐξα-

213 4422 515 4489 λειφέσθω,
551 4424 659 4483 ti;
694 4420 970 4487 ἐσομένοις
1011 4422 1277 4491 δηλοῦντα
1318 4423 1417 4493 τὴν
1460 4425 1557 4493 τῆς
1590 4424 1796 4487 πόλεως

213 4515 456 4581 ἀρετήν’
496 4513 591 4565 καὶ
646 4515 755 4572 πᾶς
784 4514 828 4565 δ’
884 4513 1023 4583 αὐτῇ
1059 4514 1197 4583 ὑπὲρ
1243 4514 1394 4584 δόξης
1443 4516 1798 4587 διηνυσμένος

1906 3335 2185 3397 totamque
2237 3326 2456 3396 penitus
2510 3326 2735 3381 abolens
2797 3324 3038 3379 civitatis
3087 3321 3340 3393 gloriam,
3394 3327 3475 3384 ut,

1905 3419 2153 3487 inquam,
2201 3418 2289 3472 vel
2337 3418 2542 3487 aliquid
2593 3416 2849 3470 Barlaaris
2902 3414 3096 3469 cedere
3139 3411 3478 3473 videremur,

1903 3510 2069 3579 idque
2110 3510 2179 3564 iis
2210 3509 2264 3562 in
2295 3508 2481 3569 rebus,
2518 3507 2721 3576 quibus
2756 3506 3015 3559 damnum
3052 3506 3123 3557 sit
3156 3502 3361 3556 nostris
3386 3501 3484 3554 ho-

1902 3602 2028 3657 nis:
2075 3609 2331 3669 essetque
2370 3598 2758 3659 defodiendus,
2794 3596 2885 3664 qui
2922 3596 3037 3648 hac
3086 3594 3246 3647 nobis
3287 3608 3485 3644 consu-

1901 3693 2014 3748 lere
2042 3692 2267 3745 auderet
2322 3698 2416 3743 aut
2463 3690 2715 3743 suadere.
2768 3687 3062 3741 Enimvero
3098 3694 3156 3737 ut
3200 3681 3323 3751 quis
3355 3697 3481 3734 sua-

1902 3785 2049 3846 deat,
2114 3783 2389 3837 ceucessis
2441 3782 2507 3834 iis
2562 3796 2683 3849 qum
2741 3777 2904 3831 modo
2936 3785 3218 3846 petuntur,
3253 3773 3369 3826 fore
3423 3779 3483 3824 ut

1906 3886 2026 3929 tuto
2060 3874 2273 3928 relictis
2308 3885 2548 3937 utamur,
2579 3870 2643 3923 ad
2677 3886 2867 3924 eorum
2914 3868 3158 3931 modum,
3191 3867 3281 3934 qni
3316 3879 3483 3917 mem-

1904 3967 2063 4021 brum
2101 3964 2323 4034 aliquod
2372 3962 2519 4016 ferro
2554 3978 2617 4015 ac
2648 3961 2759 4030 igni
2807 3969 3109 4029 exponunt,
3142 3972 3251 4025 quo
3298 3955 3483 4008 vivant

1903 4072 2135 4126 corpore
2188 4056 2449 4125 reliquo:
2490 4054 2693 4123 quibus
2744 4064 2916 4106 morte
2968 4050 3222 4104 acerbius
3264 4049 3332 4101 sit
3365 4062 3482 4099 om-

1901 4150 2053 4203 nium
2106 4147 2323 4217 probris
2366 4147 2512 4216 peti:
2572 4145 2771 4199 sileant
2801 4142 3021 4212 quidem
3067 4140 3254 4209 patriae
3297 4142 3476 4192 bona:

1903 4248 2227 4294 evertantur
2268 4237 2402 4290 viris
2451 4234 2769 4289 fortissimis
2820 4234 3007 4303 positae
3046 4243 3235 4285 statua:
3271 4246 3332 4283 ac
3369 4245 3482 4282 mo-

1907 4339 2204 4386 numenta:
2240 4329 2383 4382 tituli
2435 4329 2747 4386 deleantur,
2796 4326 2998 4392 quibus
3042 4322 3272 4390 posteris
3306 4321 3482 4374 virtus

1905 4423 2152 4479 civitatis
2195 4434 2329 4475 noza
2374 4418 2509 4472 fiat:
2553 4434 2718 4472 omne
2769 4420 2836 4470 ab
2868 4433 2930 4470 ea
2983 4424 3260 4469 certamen
3299 4414 3485 4481 gloriae

1905 4530 2069 4569 causa
2102 4521 2416 4582 susceptan
2446 4509 2709 4563 oblivioni
2749 4508 3018 4565 tradatur,
3050 4524 3113 4560 ac
3134 4505 3265 4574 quid
3293 4519 3486 4574 super—

215 4602 379 4672 ἀγὼν
424 4604 558 4675 λήθῃ
587 4605 844 4668 δεδῦσθω,
877 4607 968 4658 καὶ
1013 4607 1307 4676 περιεργία
1331 4607 1558 4660 δοκείτω
1596 4609 1655 4661 τὸ
1682 4626 1795 4661 κιν⁹

1909 4608 2077 4661 llnum
2111 4605 2457 4661 existimetur
2488 4601 2629 4656 velle
2674 4615 2778 4670 pro
2811 4599 2986 4669 gloria
3019 4597 3260 4666 pericula
3308 4595 3481 4648 adire.

213 4696 469 4750 δυνεύιιν
503 4697 646 4766 ὑπὲρ
676 4697 830 4765 δόξης
874 4699 1180 4769 αἱρεῖσθαι·
1238 4698 1396 4751 τοῦτο
1449 4700 1534 4768 δὴ,
1567 4694 1611 4768 ᾧ
1651 4702 1801 4763 πόλις

219 4786 331 4856 μὲν
366 4787 591 4846 πόλεως,
626 4786 767 4853 ἀνὴρ
812 4787 869 4838 δὲ
912 4786 1104 4855 ἀνδρὸς
1154 4787 1411 4856 ὑπερέχει
1438 4801 1451 4815 ·
1500 4789 1592 4838 καὶ
1642 4787 1803 4840 πάνθ’

216 4877 598 4930 ὑπακουστέον
628 4882 740 4940 τοῖς
792 4878 1111 4947 βαρϐάροις,
1171 4880 1263 4931 καὶ
1305 4874 1385 4940 οἷς
1417 4878 1798 4949 συγχωροῦσιν

217 4970 376 5037 ἔχειν
410 4969 757 5036 ἐμμενετέον.
801 4969 863 5019 Ei
892 4968 938 5020 δ’
966 4970 1180 5021 ἅπαντα.
1236 4970 1438 5037 μᾶλλον
1466 4970 1496 5038 ἦ
1534 4970 1687 5022 ταῦτ’
1713 4970 1803 5021 ὲλ⁴

216 5064 385 5112 τῖσαι
418 5078 497 5119 τις
550 5059 635 5121 ἂν,
664 5062 788 5124 τοὺς
829 5060 1138 5129 βαρϐάρους
1186 5061 1471 5123 λαϐόντας,
1513 5060 1549 5114 ὃ.
1584 5062 1676 5112 νῦν
1713 5062 1802 5112 αἰ-

215 5148 384 5202 τοῦσι
422 5148 548 5218 παρ’
579 5149 757 5218 ἡμῶν,
817 5149 1131 5219 ἡσυχάζειν,
1185 5150 1268 5211 τίς
1324 5154 1352 5202 ὁ
1408 5149 1613 5201 πείθων
1644 5150 1800 5217 λόγος

216 5241 303 5303 ὡς
336 5242 441 5308 ἄρα
459 5240 645 5292 δεῖκαὶ
679 5242 960 5308 συμφέρον
992 5244 1102 5302 τοῖς
1124 5242 1419 5310 ἡμετέροις
1454 5240 1638 5301 ὅπλοις
1674 5243 1803 5302 τοὺς

220 5332 521 5397 πολεμίους
555 5330 815 5394 ὁπλίζειν,
844 5333 909 5383 ἶν’
938 5332 1010 5393 ὡς
1046 5332 1188 5385 ἔοικε
1235 5334 1803 5398 δυσκαταγωνιστοτέ-

223 5440 347 5488 ρας
382 5423 739 5493 χρησὼμεοκς
785 5424 844 5476 ΕΞ
878 5424 984 5493 γὰρ
1044 5424 1120 5476 ὅτ’
1160 5424 1416 5490 ἐΟὲ,τευον
1451 5430 1541 5477 καὶ
1577 5426 1803 5487 κλοπαῖς

219 5515 370 5581 πρὸς
404 5531 498 5576 τας
549 5517 798 5582 ἀφορμὰς
819 5516 910 5566 τοῦ
940 5518 1078 5584 βίον,
1109 5520 1202 5568 καὶ
1232 5519 1508 5586 λῃστεῑαις
1543 5518 1800 5586 ἐχρῶντο,

215 5608 327 5673 τῆς
353 5606 624 5673 ἡμετέρας
650 5606 819 5675 ἀρχῆς
858 5607 1233 5675 ὲπεθᾶμησαν,
1290 5611 1481 5660 οὐδένα
1513 5612 1677 5661 πόνον
1711 5614 1804 5662 καὶ

219 5696 475 5751 κίνδυνον
506 5697 641 5764 ὑπὲρ
680 5698 771 5749 τοῦ
809 5698 1011 5766 ταύτην
1065 5699 1380 5765 κτήσασθαι
1428 5702 1804 5769 παραιτούμε-

218 5806 330 5844 νοι.
369 5793 459 5839 καὶ
487 5789 658 5841 ταῦτα
691 5792 797 5841 τῶν
826 5793 1107 5861 ἡμετέρων
1139 5794 1260 5844 τότε
1312 5794 1403 5844 καὶ
1434 5794 1671 5862 σώμασι,
1711 5796 1804 5846 καὶ

222 5879 500 5949 χρήμασι,
539 5881 633 5931 καὶ
668 5882 743 5950 τῷ
778 5882 939 5950 μηδὲν
973 5881 1281 5950 προθυμίας
1316 5882 1606 5947 ἐλλείπειν,
1639 5885 1802 5955 ὲρῥω-

1904 4701 2074 4754 Porro
2107 4697 2222 4750 ham
2254 4693 2581 4749 excellentia
2607 4700 2711 4755 est,
2741 4706 2846 4760 qua
2893 4690 3026 4743 urbs
3058 4688 3216 4751 ttrbc,
3244 4686 3333 4739 vir
3364 4685 3483 4739 viro

1908 4789 2258 4860 prazstantior
2314 4794 2400 4839 cst
2448 4800 2465 4838 :
2532 4784 2613 4838 vel
2659 4784 2740 4838 sic
2800 4781 3057 4835 Barbaris
3112 4781 3163 4833 in
3226 4777 3484 4833 omnibus

1905 4878 2399 4950 obtemperandum
2433 4892 2499 4931 ac
2527 4874 2861 4930 manendum
2912 4874 2979 4927 iis
3018 4881 3331 4934 contentos,
3361 4885 3485 4940 qua:

1906 4973 2065 5027 nobis
2114 4971 2315 5024 habere
2372 4970 2717 5037 permittunt.
2747 4965 2839 5020 Sin
2881 4975 3063 5019 autem
3123 4964 3263 5017 nihil
3298 4965 3486 5017 minus

1905 5079 2125 5132 sperare
2184 5063 2333 5124 licet,
2368 5061 2629 5114 nimirum
2693 5059 2943 5127 acceptis
3012 5057 3304 5118 Barbaros,
3361 5070 3484 5125 qua:

1906 5168 2051 5206 mmc
2088 5160 2283 5221 petunt
2312 5166 2340 5203 a
2386 5149 2570 5211 nobis,
2614 5150 2924 5217 quieturos,
2956 5146 3084 5215 quis
3142 5161 3326 5199 sermo
3360 5160 3487 5197 sua-

1907 5248 2051 5304 deat.
2087 5242 2139 5296 id
2190 5255 2321 5295 vero
2361 5256 2543 5309 operae
2597 5239 2833 5308 pretium
2870 5254 2990 5291 esse
3038 5252 3103 5290 ac
3152 5236 3485 5300 conducere,

1910 5345 1965 5387 ut
2015 5333 2217 5386 nostris
2262 5330 2431 5383 armis
2463 5329 2650 5383 hostes
2699 5330 3055 5388 instruamus,
3086 5344 3197 5396 quo
3229 5336 3288 5380 ut
3335 5326 3487 5379 vide-

1908 5437 2018 5489 tur,
2065 5424 2325 5476 fortiores
2375 5422 2745 5488 experiamur.
2803 5419 3090 5487 Squidem
3150 5418 3297 5472 enim
3357 5434 3481 5471 cum

1910 5514 2159 5569 mercede
2211 5513 2502 5572 servirent,
2559 5510 2825 5577 furtisque
2874 5524 2937 5562 ac
2988 5507 3295 5560 latrociniis
3368 5516 3488 5560 nte-

1910 5618 2103 5660 reutur
2131 5604 2195 5657 ad
2227 5606 2351 5657 vita:
2378 5614 2771 5665 commeatum,
2809 5601 2978 5653 nostri
3014 5600 3231 5669 imperii
3270 5599 3487 5668 cupidi-

1910 5712 2016 5755 tate
2064 5702 2409 5754 ducebantur
2480 5702 2691 5753 nullum
2732 5700 3105 5752 detrectantes
3144 5697 3394 5750 laborent
3419 5710 3485 5749 ac

1908 5792 2237 5860 periculum,
2268 5808 2379 5861 quo
2424 5791 2530 5845 sibi
2583 5791 2714 5844 illud
2764 5791 3130 5848 vindicarent,
3168 5789 3331 5855 idque
3359 5800 3483 5839 rum

1911 5885 2085 5939 nostri
2128 5893 2280 5951 tunc,
2328 5899 2454 5940 cum
2511 5884 2639 5939 viris
2699 5897 2761 5937 ac
2822 5882 3014 5943 milite.
3057 5890 3170 5935 tum
3221 5879 3498 5950 prconiis,
