4198 6440
719 435 850 500 1023

1981 444 2313 501 DEMETIH

2398 443 2710 503 CYDONll
3820 440 3971 503 Ξειέί

3820 486 3841 507 Δ

710 567 1037 618 mniumque
1099 559 1361 606 navantcs
1418 568 1661 623 operam,
1709 552 1923 607 fortiter
1983 567 2288 621 tuerentur,

2400 563 2573 625 μένως
2632 556 3018 626 ἀμυνομένων·
3076 558 3127 610 τί
3167 557 3270 627 χρὴ
3301 555 3395 609 νῦν
3426 556 3733 626 προσδοκᾷν
3766 556 3976 617 αὐτοις

710 642 841 709 quid
896 657 1040 696 nunc
1098 643 1339 697 facturos
1382 647 1731 714 sperandum,
1785 647 1873 697 ubi
1931 648 2093 700 etiam
2156 664 2277 716 qua:

709 732 869 785 fortia
952 733 1283 798 habeamus,
1340 736 1554 790 abunde
1627 749 1931 805 ceperunt,
2024 754 2276 806 nuncque

717 826 971 887 maxime,
1010 828 1227 895 quando
1275 830 1447 881 aerarii
1503 830 1723 897 quidem
1786 832 2032 897 pecunia:
2089 848 2277 886 omnes

715 915 1005 984 insumpta:
1071 928 1233 970 sunt:
1294 934 1592 985 earumque
1666 921 1874 973 reditus
1921 920 2279 985 delet-erunt;

715 1009 913 1073 vixque
951 1008 1178 1075 privatis
1216 1025 1277 1061 ac
1312 1011 1539 1077 singulis
1574 1020 1829 1079 suppetat
1873 1028 1981 1079 quo
2019 1012 2276 1064 familiam

715 1098 922 1162 possint
952 1097 1137 1151 alere:
1180 1100 1383 1152 militia:
1419 1100 1584 1153 robur
1619 1102 1942 1155 ex-tinctum
1981 1102 2085 1158 sit;
2122 1110 2278 1169 pacta

717 1201 841 1237 cum
878 1187 1125 1242 hostibus
1160 1191 1374 1243 Soluta:
1411 1202 1566 1259 capta
1598 1192 1817 1245 demum
1853 1193 1967 1245 loca
2003 1193 2183 1245 omnia
2216 1208 2282 1246 ac

717 1278 1014 1343 pt';esidi:t:
1072 1281 1147 1333 illi
1200 1292 1405 1345 autem,
1464 1298 1566 1334 uua
1619 1296 1741 1333 cum
1790 1282 2085 1351 Mysorum,
2137 1298 2283 1337 nunc

716 1382 935 1434 quoque
968 1369 1313 1423 Tribalorum
1353 1371 1641 1439 imperium
1677 1354 1956 1440 triumpho
2003 1382 2183 1440 agant,
2218 1388 2281 1427 ac

718 1473 831 1510 sme
879 1470 1157 1527 reportent
1191 1462 1391 1516 factum
1426 1464 1683 1517 ditionis:
1724 1464 1934 1517 tantillo
1966 1465 2123 1519 nobis
2152 1480 2285 1519 con-

721 1564 879 1601 cesso
917 1552 1221 1618 respirandi
1266 1555 1400 1617 otio,
1454 1554 1628 1608 donec
1661 1555 1924 1609 adversus
1968 1556 2090 1609 illos
2122 1572 2287 1624 nego-

722 1641 857 1693 tium
896 1642 1226 1697 habuerunt.
1260 1647 1326 1698 At
1360 1646 1449 1699 ubi
1485 1648 1655 1701 semel
1688 1662 1775 1699 res
1806 1646 1919 1699 illic
1964 1661 2287 1715 composue-

722 1732 852 1789 rint.
883 1733 947 1785 ad
982 1750 1082 1789 nos
1115 1737 1385 1789 terribiles
1411 1746 1791 1791 revertentur:
1828 1746 2065 1805 tuncque
2096 1746 2285 1805 petent

720 1837 829 1874 non
879 1822 1207 1891 Callipolim,
1263 1828 1702 1896 neque‘tributa
1756 1828 2133 1896 scrupulosius
2174 1829 2290 1881 cxi-

2380 653 2617 716 δράσειν,
2658 653 2751 702 καὶ
2787 650 2852 701 τα
2885 650 3129 719 ἡμέτερα
3159 650 3569 718 προσλαϐόντας
3615 648 3836 718 ἰσχυρὰ,
3867 649 3976 697 καὶ

2387 743 2617 811 μάλιστα
2644 744 2757 803 νῦν,
2786 743 2874 793 ὅτε
2907 741 3012 793 τῶν
3063 742 3161 808 μὲν
3186 740 3483 809 χρημάτων
3504 740 3570 789 τὰ
3604 739 3700 805 μὲν
3724 739 3977 790 ἀπόθετα

2381 834 2559 885 πάντα
2594 834 2884 899 ἀνήλωται,
2913 834 2960 883 οἱ
2998 832 3054 883 δὲ
3086 833 3246 900 πόροι
3280 832 3485 884 τούτων
3520 830 3815 881 ἐπέλιπον·
3853 829 3975 895 ἰδία

2382 924 2435 975 δέ
2459 926 2687 985 ἕκαστος
2716 924 2836 975 οὐδὲ
2871 924 3007 991 πρὸς
3054 923 3151 991 τὴν
3185 923 3365 976 οἰκίαν
3411 922 3603 989 ἀρκεῖ·
3652 921 3885 986 σώματα
3914 920 3975 971 δὲ

2384 1013 2650 1081 ἔφθαρται
2670 1029 2683 1041 ·
2718 1015 2771 1063 αἱ
2796 1013 2851 1063 δὲ
2880 1012 2986 1063 τῶν
3015 1011 3289 1078 πολεμίων
3311 1009 3593 1072 συντάξεις
3622 1009 3973 1061 ἐκλέλυνται·

2385 1100 2563 1169 χωρία
2616 1102 2669 1153 δὲ
2732 1101 2907 1151 πάντα
2960 1101 3354 1167 προείληπταις
3416 1093 3576 1151 Οὗτοι
3607 1099 3662 1150 δὲ
3700 1099 3840 1168 μετὰ
3869 1098 3975 1164 τὴν

2385 1191 2587 1244 Μυσῶν
2618 1192 2883 1259 πρότερον
2914 1192 3013 1257 τὴν
3048 1190 3335 1259 Τριϐαλῶν
3369 1189 3463 1242 νῦν
3498 1190 3693 1256 ἄγουσι
3726 1191 3824 1241 καὶ
3879 1192 3977 1254 φέ-

2389 1296 2539 1348 ρουσι
2581 1280 2897 1349 βασιλείαν·
2940 1281 3201 1333 τοσοῦτον
3252 1283 3512 1332 ἀναπνεῖν
3565 1283 3698 1348 ἡμῖν
3753 1296 3979 1345 συγχω-

2392 1370 2631 1437 ροῦντες,
2664 1372 2787 1423 ὅσον
2805 1372 2939 1440 πρὶς
2963 1373 3203 1435 ἐκείνους
3232 1373 3583 1442 ἠσχόληνται.
3616 1372 3677 1422 ΕΞ
3707 1371 3763 1421 δὲ
3793 1371 3854 1437 δὴ
3883 1372 3980 1419 καὶ

2386 1462 2541 1511 τάκεῖ
2570 1460 2952 1528 διοικήσονται,
2985 1462 3315 1529 ἐπανήξουσι
3377 1462 3476 1530 μὲν
3534 1464 3667 1529 ἡμῖν
3725 1461 3978 1527 φοϐεροὶ,

2390 1550 2684 1619 ζητήσουσι
2712 1551 2767 1603 δὲ
2784 1552 2843 1604 οὐ
2873 1552 2970 1619 τὴν
3000 1554 3331 1607 Καλλίπολιν
3377 1556 3518 1613 τότε,
3559 1554 3680 1605 οὐδὲ
3718 1554 3851 1619 περὶ
3880 1553 3979 1613 ςδ-

2402 1659 2513 1709 ρων
2574 1644 2694 1694 τότε
2744 1644 3285 1714 ἀκριϐολογήσονται,
3356 1646 3474 1697 οὑδέ
3544 1648 3807 1713 στάχυσιν
3872 1642 3982 1693 οὐδ’

2391 1734 2655 1803 ἀμπέλοις
2686 1736 3072 1804 ἀπειλήσουσιν
3122 1738 3476 1807 ἐπιθήπεσθαι
3502 1755 3515 1767 ·
3583 1737 3697 1789 ἀλλ’
3735 1737 3982 1800 ἐπαιτή-

2390 1842 2539 1878 σουσι
2568 1826 2665 1887 τὴν
2697 1826 3026 1895 ἐλευθερίαν,
3061 1830 3155 1880 καὶ
3188 1830 3246 1881 τὸ
3276 1829 3470 1897 χρῆναι
3504 1831 3638 1896 μετὰ
3657 1829 3769 1879 τῶν
3804 1828 3985 1879 ἄλλων

721 1925 870 1980 gent,
914 1925 1008 1967 aut
1055 1918 1330 1985 segetibus
1404 1918 1517 1973 sive
1593 1920 1768 1973 vineis
1810 1921 2291 1973 comminabuntur

2398 1922 2485 1972 καὶ
2519 1920 2665 1988 ἡμᾶς
2698 1919 2897 1985 γνῶναι
2929 1922 3053 1977 τοὺς
3074 1921 3231 1983 ὂντας
3257 1922 3538 1981 δεσπότας.

723 1996 1064 2062 ἱιιιηιίςδιιτος
1098 2013 1346 2076 militent,
1378 2013 1474 2067 sed
1510 2013 1727 2083 cxigent
1758 2012 2088 2075 libertatem,
2121 2024 2286 2083 utque
2327 2014 2442 2082 pari
2486 2029 2585 2067 nos
2617 2024 2781 2083 atque
2824 2014 2915 2067 alii
2988 2027 3157 2078 sorte,
3212 2032 3403 2069 eorum
3478 2032 3577 2069 nos
3617 2028 3984 2083 agnoscamus

722 2101 995 2169 subjectos
1024 2104 1286 2155 dominio.

793 2195 955 2259 Quid,
1015 2213 1165 2265 rugo,
1202 2207 1329 2251 tunc
1362 2200 1624 2268 temporis
1679 2202 1893 2255 consilii
1943 2201 2152 2256 dabunt
2208 2202 2288 2256 sic

726 2284 927 2352 ubique
976 2286 1157 2341 faciles
1214 2288 1322 2350 isti,
1354 2304 1416 2342 ac
1466 2292 1665 2359 quibus
1721 2301 1948 2360 excepto
2007 2293 2154 2360 quod
2206 2302 2290 2347 est

726 2394 962 2446 praesens
1009 2380 1141 2432 nihil
1175 2384 1505 2448 propositum
1539 2384 1807 2439 sit?Saue
1846 2385 2065 2453 quidem
2108 2395 2165 2439 ut
2188 2386 2299 2439 sic—

728 2480 786 2523 ut
839 2471 998 2523 modo
1052 2471 1319 2525 ceileulas
1368 2474 1615 2529 Barlmris
1673 2492 1759 2530 res
1811 2486 2048 2541 nostras,
2114 2479 2187 2532 ita
2235 2489 2291 2534 et

726 2578 859 2621 tunc
905 2582 1093 2621 eorum
1149 2568 1495 2621 subeundum
1556 2570 1746 2639 jugum
1807 2569 2007 2624 liortati
2064 2569 2289 2636 fuerint,

725 2660 901 2713 bonos
940 2660 1129 2728 utique
1160 2660 1310 2713 cives
1353 2662 1420 2714 ad
1459 2662 1653 2729 dignos
1693 2662 2007 2731 reipublicae
2041 2663 2293 2717 delenSti-

728 2765 817 2803 res
862 2765 917 2802 se
949 2750 1213 2815 prodituri
1246 2760 1398 2804 sunt.
1438 2753 1532 2804 Sin
1582 2763 1761 2805 autem
1806 2755 1948 2821 quod
1982 2763 2062 2807 est
2096 2755 2293 2807 rationi

729 2852 1154 2895 consentaneum
1204 2842 1420 2910 llcoque
1467 2844 1744 2912 placitum,
1792 2856 1956 2913 atquc
2018 2854 2075 2897 ut
2128 2846 2295 2898 verbo

728 2931 924 2996 dicant,
981 2934 1362 2987 universorum
1415 2934 1616 2986 bomun
1658 2930 1931 3003 sulIragiis
1972 2935 2293 3003 comproba-

731 3032 882 3075 tum:
917 3025 1008 3076 sed
1044 3034 1098 3077 et
1138 3025 1298 3078 nobis
1331 3036 1679 3092 consuetum,
1716 3042 1779 3079 ac
1823 3028 1891 3081 iis
1921 3043 2041 3096 qua:
2072 3044 2100 3080 a
2136 3027 2292 3096 prin-

727 3116 872 3183 cipio
934 3114 1124 3169 civitas
1176 3116 1499 3185 designarit,
1527 3127 1580 3171 et
1624 3119 1805 3187 gloria:
1841 3135 2142 3187 congruum
2190 3121 2294 3173 hoc

728 3208 900 3261 velint
921 3209 1228 3271 consulere,
1258 3210 1511 3262 nimirum
1542 3212 1879 3265 retinendam
1919 3227 2041 3265 esse
2072 3211 2293 3266 liberta-

730 3308 861 3366 tem,
900 3302 1255 3371 omniumque
1303 3302 1535 3356 maxime
1580 3301 2039 3356 terribilissimam
2091 3302 2296 3355 ducen-

729 3393 852 3447 dam
885 3394 1232 3448 servitutem:
1293 3403 1351 3446 ut
1390 3394 1519 3462 quid
1576 3392 1735 3446 modo
1790 3394 2105 3455 admonent,
2148 3391 2295 3461 quod

730 3484 848 3553 ejus
932 3494 1059 3536 tunc
1114 3484 1373 3553 temporis
1445 3484 1688 3537 consiliis
1740 3483 2070 3536 destructuri
2128 3481 2298 3535 sunt?

731 3576 1085 3643 Perspicuum
1135 3577 1277 3628 enim
1319 3584 1423 3640 est,
1460 3592 1582 3629 eum
1617 3575 1817 3628 bellum
1852 3585 1979 3628 tunc
2014 3573 2300 3627 consulent

732 3666 1137 3734 perferendum,
1171 3668 1523 3734 pecuniarum
1554 3666 1763 3728 itidem,
1795 3675 1954 3733 atque
1991 3664 2296 3726 hominum,

733 3757 1139 3824 sociorumque,
1195 3766 1251 3811 et
1300 3759 1567 3818 locorum,
1622 3767 1783 3825 atque
1844 3764 2121 3824 portuum,
2183 3769 2301 3807 om-

733 3846 1002 3916 niumque
1033 3848 1281 3902 abSolute
1322 3848 1539 3918 negotio
1566 3847 1991 3901 conducentium
2031 3844 2302 3899 accessio-

734 3954 859 3992 nem
891 3954 1012 3993 esse
1047 3943 1397 4009 cogitaturos.
1446 3939 1602 3994 Tunc
1643 3952 1768 3992 vero
1812 3938 1904 4007 qui
1957 3948 2086 3991 tunc
2124 3936 2303 4005 provi-

732 4031 849 4083 suri
875 4041 1003 4083 sunt
1046 4041 1104 4083 ut
1134 4046 1254 4100 qua’
1292 4031 1489 4086 desunt
1518 4046 1832 4099 comparare
1866 4028 2160 4097 possimus,
2190 4027 2303 4096 ipsa

736 4120 901 4174 modo
955 4121 1139 4173 habita
1186 4135 1377 4189 sponte
1458 4120 1826 4189 ablegabunt?
1882 4134 1945 4173 ac
1998 4128 2304 4187 qumrentes

733 4211 1124 4276 accessionem,
1187 4214 1295 4265 voti
1331 4228 1389 4266 se
1443 4223 1724 4281 compotes
1774 4211 1889 4264 fore
1934 4209 2304 4264 subtractione

735 4304 1188 4358 arbitrabuntur?
1214 4305 1491 4372 Siquidem
1540 4306 1684 4358 enim
1732 4305 1955 4358 omnino
1986 4304 2186 4358 bellum
2218 4319 2307 4373 ge-

737 4397 967 4450 rendum
998 4406 1099 4461 est,
1140 4397 1300 4464 plane
1361 4406 1577 4465 prastat
1636 4396 1797 4450 rebus
1844 4397 2142 4451 instructos
2191 4410 2307 4450 rem

735 4488 977 4557 aggredi,
1000 4504 1103 4540 non
1136 4489 1201 4542 tle
1226 4488 1490 4542 industria
1514 4503 1605 4541 eas
1635 4488 1901 4553 minuere,
1957 4504 2081 4543 cum
2107 4487 2307 4555 quibus

738 4595 963 4633 necesse
1015 4588 1095 4633 est
1152 4580 1493 4634 commodius
1544 4582 1679 4650 geri,
1731 4591 1789 4633 ιιι
1840 4590 1897 4635 et
1946 4595 2071 4634 cum
2128 4580 2315 4635 sociis.

740 4668 1002 4721 I‘rteterea
1053 4667 1096 4721 si
1146 4669 1270 4738 quis
1320 4670 1572 4723 adeunda
1629 4670 1869 4739 pericula
1916 4670 2080 4731 dicat.
2127 4672 2201 4724 ita
2247 4679 2307 4723 ut

738 4758 983 4825 pecunia:
1014 4767 1323 4825 suppe'ant,
1352 4774 1460 4811 non
1494 4768 1553 4811 ut
1589 4774 1854 4827 pauperes
1883 4760 2075 4823 simus,
2108 4774 2171 4813 ac
2193 4774 2309 4812 om-

739 4849 872 4901 nino
908 4858 966 4901 ut
1009 4865 1172 4918 quam
1221 4850 1455 4903 maxima
1514 4850 1733 4905 licuerit
1786 4865 1967 4903 rerum
2022 4850 2178 4919 copia
2230 4850 2311 4903 in-

735 4941 929 4994 structi
974 4942 1186 5007 simus;
1225 4956 1503 5007 cancrum,
1551 4941 1695 5011 quod
1754 4941 2032 5011 Callipolis
2082 4942 2313 5010 oppidu—

738 5032 850 5087 lum
884 5035 972 5098 sit,
1006 5035 1326 5104 metrapolis
1357 5042 1537 5088 autem
1587 5034 1658 5088 sit
1696 5035 1889 5089 civitas
1940 5034 2195 5098 maxima,
2235 5034 2314 5087 id-

738 5126 887 5180 circo
932 5129 1073 5195 quod
1147 5128 1327 5181 minus
1374 5136 1455 5181 est
1494 5126 1879 5182 dimittendum
1941 5145 2062 5185 esse
2101 5145 2197 5199 pro
2246 5146 2313 5184 eo

741 5222 885 5287 quod
914 5228 995 5271 est
1027 5224 1319 5272 maximum
1354 5237 1365 5272 :
1396 5220 1632 5288 primum
1661 5220 1879 5287 quidem
1909 5222 2133 5274 stultum
2167 5220 2313 5291 judi-

746 5326 872 5363 care
917 5326 1002 5363 res
1034 5328 1098 5364 et
1150 5313 1543 5379 magnitudine,
1600 5327 1663 5366 ac
1719 5328 1935 5380 semper
1985 5329 2092 5381 quo
2142 5314 2316 5383 majus

742 5405 947 5473 aliquid
986 5421 1049 5459 eo
1085 5406 1277 5459 melius
1310 5416 1519 5473 putare,
1546 5405 1895 5473 deleriusquc
1921 5405 2063 5473 quod
2095 5408 2313 5461 minus:

744 5498 896 5550 velut
928 5498 970 5551 si
1008 5499 1129 5565 quis
1177 5496 1546 5549 membrorum
1599 5496 1843 5564 corporis
1877 5497 2095 5549 oculum
2139 5497 2318 5550 deter-

748 5592 947 5645 rimum
975 5592 1292 5653 arbitretur,
1327 5589 1468 5659 quod
1505 5589 1692 5657 utique
1717 5590 1787 5643 sit
1813 5590 1951 5642 mole
1984 5590 2267 5642 minimum
2299 5608 2313 5653 ;

750 5682 836 5735 vel
863 5696 957 5736 eos
1004 5682 1095 5750 qui
1133 5683 1434 5751 pra'grandi
1474 5692 1602 5735 sunt
1636 5696 1885 5749 corpore,
1919 5681 2025 5734 illis
2070 5680 2321 5735 meliores

752 5774 1047 5837 existimet,
1085 5775 1175 5843 qui
1226 5784 1354 5827 sunt
1401 5776 1635 5841 modico,
1679 5791 1742 5828 ac
1768 5776 1923 5845 just-te
1958 5784 2198 5829 statura2.
2232 5774 2322 5827 Sic

756 5867 936 5935 itaque
969 5868 1111 5935 quod
1142 5868 1207 5921 ad
1242 5867 1545 5937 Callipolim
1576 5867 1787 5934 attinet,
1823 5868 2023 5923 nedum
2059 5866 2320 5922 ambitum

2469 2198 2599 2250 Τότε
2648 2198 2697 2248 τί
2732 2197 3223 2267 συμϐουλεύσωσιν
3243 2202 3290 2249 οἱ
3326 2200 3480 2250 πάντ’
3517 2202 3765 2267 εὐχερεῖς
3809 2194 3981 2253 οὗτοι.

2398 2292 2489 2342 καὶ
2521 2291 2580 2341 τὸ
2608 2292 2779 2358 παρὸν
2809 2293 2968 2357 μόνον
2996 2292 3391 2359 σκοπούμενοι;
3430 2290 3487 2344 Ei
3528 2295 3625 2359 μὲν
3649 2295 3755 2361 γὰρ
3783 2292 3931 2345 (τιστις
3952 2314 3977 2359 ρ

2400 2383 2493 2431 νῦν
2529 2384 2637 2442 τοῖς
2662 2381 2958 2449 βαρϐάροις
2994 2383 3326 2449 ἀφίστασθαι
3357 2385 3462 2437 τῶν
3485 2386 3674 2445 ὄντων,
3707 2387 3855 2436 οὕτω
3882 2394 3981 2437 και

2398 2474 2517 2524 τότε
2550 2473 2821 2524 δουλεύειν
2867 2476 3047 2536 αὐτοῖς
3080 2478 3469 2544 παραινέςουσι
3491 2519 3504 2536 ,
3560 2482 3840 2547 χρησιοῦς
3868 2483 3979 2547 ἄρα

2391 2563 2612 2624 πολίτας
2660 2564 2879 2627 αὐτοὺς,
2918 2565 3152 2616 καὶτῶν
3191 2566 3390 2619 κοινῶν
3423 2569 3605 2633 ἀξίους
3660 2572 3983 2638 προστάτας

2392 2656 2768 2721 ἀποφανοῦσιν
2793 2672 2806 2685 ·
2856 2659 2903 2709 εί
2926 2658 2967 2709 δ’
3002 2658 3140 2727 ὅπερ
3174 2658 3399 2725 εὔλογον
3435 2664 3526 2712 καὶ
3555 2662 3674 2730 Θεῷ
3710 2665 3811 2731 μὲν
3852 2666 3985 2732 ἐιρὲ-

2395 2762 2545 2811 σκον,
2575 2748 2709 2797 πᾶσι
2739 2746 2783 2798 δ’
2824 2746 2902 2809 ὡς
2941 2746 3070 2807 ἔπος
3105 2750 3283 2799 εἰπεῖν
3324 2751 3861 2820 συγκεκληρωμένον
3888 2756 3985 2806 ἁνο

2395 2838 2653 2906 θρώποις,
2690 2837 2879 2900 εἰωθὸς
2909 2838 2964 2889 δὲ
3013 2840 3107 2891 καὶ
3139 2840 3289 2910 ἡμῖν,
3324 2842 3418 2893 καὶ
3445 2844 3555 2903 τοῖς
3586 2845 3828 2912 ἑξαρχῆς
3876 2847 3988 2906 τοῖς

2399 2931 2604 2992 πόλεως
2628 2930 2834 2999 ἔργοις,
2859 2933 2954 2983 καὶ
2979 2935 3045 3001 τῇ
3069 2932 3193 3002 δόξῃ
3228 2932 3545 2999 συμϐαῖνον,
3581 2936 3638 2986 τό
3650 2953 3705 2986 τε
3737 2937 3986 3003 συμϐου-

2399 3022 2577 3075 λεύειν
2612 3024 2960 3093 θελήσουσιν,
2996 3024 3071 3085 ὡς
3099 3024 3207 3092 ἄρα
3240 3023 3527 3076 ἀνθεκτέον
3577 3028 3675 3095 μέν
3710 3028 3810 3092 τῆς
3838 3028 3990 3079 ἐλευ-

2401 3113 2609 3181 θερίας,
2649 3113 2866 3166 πάντων
2896 3114 2951 3165 δὲ
2993 3114 3227 3182 μάλιστα
3260 3112 3357 3182 τὴν
3388 3114 3635 3165 δουλείαν
3662 3116 3989 3184 φοϐερώταο

2400 3219 2489 3254 τον
2511 3203 2745 3271 ἡγητέον
2765 3219 2777 3234 ·
2813 3202 2864 3253 τί
2895 3202 2987 3255 νῦν
3021 3202 3398 3273 παραινοῦσιν,
3430 3203 3467 3257 ὃ,
3494 3203 3604 3255 τότ’
3622 3204 3994 3276 ἀναιρήσουσι

2397 3296 2462 3348 δι’
2491 3289 2565 3349 ὧν
2598 3296 3066 3366 συμϐουλεύσουσι
3090 3316 3103 3362 ;
3130 3299 3296 3367 Δῆλον
3346 3301 3451 3368 γὰρ
3483 3301 3561 3351 ὅτι
3585 3301 3710 3352 τότε
3746 3302 3989 3367 πόλεμον

2398 3389 2704 3457 ἐξενεγκεῖν
2741 3391 3225 3459 συμϐουλεύοντες,
3261 3393 3355 3444 καὶ
3384 3393 3710 3460 χρημάτων,
3755 3394 3855 3444 καὶ
3882 3410 3991 3444 σωο

2402 3482 2609 3548 μάτων,
2651 3482 2748 3534 καὶ
2781 3484 3113 3551 συμμάχων,
3140 3483 3234 3535 καὶ
3257 3486 3459 3544 τόπων,
3486 3485 3581 3535 καὶ
3604 3484 3875 3552 λιμένων,
3899 3486 3993 3557 καὶ

2401 3575 2617 3625 πάντων
2636 3572 2822 3635 ἁπλῶς
2843 3574 2950 3626 τῶν
2971 3574 3292 3643 ἐπιτηδείων
3316 3576 3630 3644 προσθήκην
3661 3577 3860 3645 ἐπι-θοή
3874 3594 3990 3627 σου·

2404 3686 2507 3722 σιν.
2539 3660 2671 3721 Εἶτα
2729 3668 2836 3720 τῶν
2873 3670 2948 3736 μὴ
2978 3668 3146 3720 ὄντων
3168 3670 3314 3732 ὅπως
3361 3669 3660 3738 προσέσται
3702 3669 3831 3719 τότε
3868 3685 3995 3719 ax:-

2401 3760 2647 3828 ψάμενοι,
2700 3760 2768 3812 τὰ
2820 3760 2948 3811 ὅντα
3016 3759 3108 3811 νῦν
3162 3760 3485 3825 ἐκϐαλοῦσις
3532 3762 3627 3813 καὶ
3666 3760 3995 3829 προσθήκην

2404 3850 2720 3919 ζητοῦντες.
2767 3851 3057 3918 ἀφαιρέσει
3092 3848 3343 3919 νομιοῦσι
3379 3850 3735 3919 περιέσεσθαι
3782 3849 3883 3901 τοῦ
3911 3849 3995 3900 6r,-

2405 3941 2658 4006 κοῦντος;
2710 3941 2770 3994 Et
2823 3941 2929 4009 γὰρ
2985 3940 3118 4003 ὅλως
3148 3940 3231 3992 δεῖ
3263 3942 3557 4004 πολεμεῖν,
3624 3940 3847 4007 βέλτιον
3880 3942 3994 3999 τοῖς

2404 4032 2545 4095 ὅλοις
2584 4033 2721 4101 μετὰ
2752 4032 2861 4085 τῶν
2884 4034 3053 4084 ὄντων
3083 4032 3413 4102 ἐπιχειρεῖν·
3446 4027 3559 4084 ἀλλ’
3592 4031 3695 4082 οὐκ
3722 4030 3995 4081 ἐλαττοῦν

2405 4123 2745 4193 ἐξεπίτηδες,
2798 4122 2916 4191 μεθ’
2938 4116 3013 4175 ὧν
3040 4122 3255 4190 ἀνάγκη
3299 4123 3578 4191 διαφέρειν
3606 4123 3699 4173 τδν
3725 4121 3995 4188 πόλεμον,

2406 4213 2591 4285 ὥσπερ
2635 4216 2728 4267 καὶ
2760 4214 2901 4283 μετὰ
2952 4214 3281 4283 συμμάχων.
3324 4214 3384 4267 Et
3438 4213 3640 4265 τούτων
3669 4213 3803 4265 ἄνευ
3842 4213 3998 4264 εἴποι

2407 4325 2489 4369 τις
2544 4308 2607 4360 ἂν
2639 4308 2749 4359 δεῖν
2782 4305 3137 4369 κινδυνεύειν,
3176 4306 3272 4360 καὶ
3314 4306 3455 4373 μετὰ
3491 4304 3793 4375 χρημάτων
3818 4343 3834 4366 ,
3874 4302 3997 4354 ἀλλ’

2407 4400 2468 4450 οὐ
2506 4398 2643 4467 μετὰ
2678 4398 2900 4459 πενίας·
2935 4397 3031 4450 καὶ
3068 4397 3255 4460 ἁπλῶς
3286 4396 3408 4463 μεθ’
3439 4396 3523 4448 ὅτι
3576 4395 3847 4464 πλείστης
3882 4391 3999 4449 οἷόν

2407 4505 2468 4541 τε
2502 4489 2854 4559 περιουσίας·
2886 4490 2933 4540 εί
2955 4489 3001 4541 δ’
3039 4490 3121 4541 ὅτι
3166 4486 3339 4555 μικρὰ
3389 4486 3489 4555 μὲν
3520 4489 3551 4554 ἡ
3600 4486 3945 4547 Καλλίπολιῖ
3969 4526 3985 4548 ν

2351 4589 2393 4641 D
2422 4582 2651 4650 μεγίστη
2674 4580 2782 4650 δὲή
2818 4580 3172 4649 μητρόπολις,
3207 4579 3295 4632 διὰ
3330 4577 3477 4630 τοῦτ’
3503 4578 3609 4648 ἄρα
3640 4576 3722 4629 δεῖ
3752 4577 3997 4629 τοῦλατο

2410 4690 2499 4724 τον
2531 4674 2652 4725 ἀντὶ
2676 4672 2767 4724 τοῦ
2800 4674 3056 4741 μεγίστου
3087 4671 3375 4740 προΐεσθαι
3401 4686 3417 4701 ·
3454 4669 3669 4739 πρῶτον
3696 4668 3801 4737 μὲν
3832 4671 3999 4737 diriq-

2411 4779 2500 4813 τον
2538 4762 2755 4829 μεγέθει
2778 4763 2845 4813 τὰ
2878 4762 3175 4829 πράγματα
3201 4757 3508 4828 κρίνεσθαι,
3543 4758 3632 4809 καὶ
3654 4756 3877 4825 βέλτιον
3899 4758 3999 4824 μὲν

2412 4853 2499 4905 ἀεὶ
2526 4852 2585 4904 τὸ
2619 4854 2801 4921 μεῖξον
2821 4868 2836 4883 ·
2866 4856 2926 4904 τὸ
2956 4852 3001 4904 δ’
3031 4848 3191 4922 ἦττον
3227 4854 3406 4921 χεῖρον
3434 4850 3642 4903 δοκεῖν·
3672 4846 3876 4917 ὥσπερ
3930 4850 3996 4900 ἂν

2413 4945 2465 4997 εἴ
2490 4962 2571 5007 τις
2602 4945 2823 4997 καὶτῶν
2854 4946 2910 4997 ἐν
2939 4944 3017 5013 τῷ
3054 4943 3269 5011 σώματι
3302 4943 3391 4995 τὸν
3413 4940 3688 5009 ὀφθαλμὸν
3711 4941 3997 5009 χείριστον

2412 5036 2567 5105 ᾤετο,
2600 5037 2678 5087 ὅτι
2702 5036 2763 5101 δὴ
2789 5037 2881 5087 καὶ
2910 5035 3269 5105 σμικρότατον
3290 5072 3305 5095 ,
3337 5035 3369 5103 ἠ
3402 5033 3496 5085 καὶ
3519 5034 3643 5091 τοὺς
3668 5032 3737 5082 τὰ
3759 5032 4000 5100 σώματα

2420 5131 2635 5199 μείζους
2669 5128 2910 5197 βελτίους
2944 5127 3052 5178 τῶν
3089 5126 3325 5194 μετρίων
3351 5126 3552 5193 ἠγεῖτο.
3587 5123 3818 5190 Καὶτῆς
3857 5126 4000 5175 Καὶ-

2417 5224 2677 5283 λιπόλεως
2710 5223 2887 5274 τοίνυν
2919 5222 2979 5272 οὐ
3009 5221 3097 5271 τὸν
3134 5217 3420 5287 περίϐολον
3456 5216 3612 5283 μόνον
3636 5216 3733 5265 καί
3763 5216 3867 5265 τὸν
3894 5216 3996 5267 τιῖιν

2418 5316 2644 5383 πύργων
2703 5312 2932 5381 ἀριθμὸν
2966 5312 3233 5381 προσήκει
3287 5310 3531 5369 σκοπεῖν,
3584 5306 3722 5357 ἀλλὰ
3748 5308 3855 5358 καὶ
3907 5308 3993 5373 τὴν

2420 5405 2828 5472 ἐπιτηδειότητα
2863 5401 2955 5453 τοῦ
3007 5400 3207 5470 χωρίου
3235 5396 3567 5464 λογίζεσθαι,
3604 5398 3699 5447 καὶ
3727 5397 3806 5457 ὡς
3841 5398 3997 5465 ἀκρο-

2422 5498 2570 5557 πολίς
2604 5512 2685 5556 τις
2719 5494 2817 5562 τῆς
2870 5492 3110 5560 μεγάλης
3139 5491 3344 5550 πόλεως
3401 5484 3540 5540 εἶναι
3578 5487 3762 5538 δοκεῖ·
3800 5492 3901 5539 καὶ
3930 5488 3995 5547 ὡς

2422 5590 2522 5641 ἕως
2557 5586 2653 5655 μὲν
2687 5586 2853 5653 αὐτὴν
2887 5586 3047 5653 ἡμεῖς
3074 5583 3315 5652 εἴχομεν,
3348 5583 3381 5649 ἦ
3405 5597 3465 5631 τε
3498 5580 3856 5649 Χερῤἆνησος
3916 5580 3995 5629 nl

2422 5680 2479 5733 αἱ
2510 5680 2566 5728 ἐν
2606 5677 2795 5746 Θρᾴκῃ
2842 5676 3023 5735 πόλεις
3084 5675 3219 5742 ἡμῖν
3281 5674 3557 5739 ὑπήκουον
3590 5669 3885 5737 καθαρῶς·
3913 5666 3995 5735 ἀφ’

2423 5764 2483 5823 οὗ
2510 5770 2565 5821 δέ
2602 5770 2803 5836 ταύτην
2831 5767 3095 5835 κατέσχον
3124 5766 3173 5817 ot
3210 5763 3470 5835 βάρϐαρον
3498 5798 3514 5815 .
3552 5762 3743 5813 ἐκεῖνά
3769 5778 3835 5813 τε
3868 5762 3992 5812 ἀπέ-

2430 5879 2550 5928 στη,
2583 5862 2677 5913 καὶ
2711 5859 2804 5913 νῦν
2833 5860 2966 5927 ἡμῖν
2999 5856 3241 5925 περὶτῆς
3269 5854 3542 5924 σωτηρίας
3571 5853 3619 5904 οἱ
3648 5850 3803 5917 λόγοι
3836 5852 3997 5917 γίνου·
