  <div class='ocr_page' id='page_1' title='image "/cluster/home/n/w/nwhite01/storage/ocr_20150623/154/nnc1.0046980970/518.png"; bbox 0 0 4198 6440; ppageno 0'>
   <div class='ocr_carea' id='block_1_1' title="bbox 142 534 3347 614">
    <p class='ocr_par' dir='ltr' id='par_1_1' title="bbox 142 534 3347 614">
     <span class='ocr_line' id='line_1_1' title="bbox 142 534 3347 614; baseline -0.005 0"><span class='ocrx_word' id='word_1_1' title='bbox 142 554 261 614; x_wconf 71' lang='lat'><strong>1025</strong></span> <span class='ocrx_word' id='word_1_2' title='bbox 958 545 1241 608; x_wconf 77' lang='lat' dir='ltr'>ORATIO</span> <span class='ocrx_word' id='word_1_3' title='bbox 1278 544 1374 604; x_wconf 88' lang='lat' dir='ltr'><strong>DE</strong></span> <span class='ocrx_word' id='word_1_4' title='bbox 1415 539 1570 603; x_wconf 76' lang='lat' dir='ltr'><strong>NON</strong></span> <span class='ocrx_word' id='word_1_5' title='bbox 1614 539 2026 601; x_wconf 72' lang='lat' dir='ltr'><strong>REDDENDA</strong></span> <span class='ocrx_word' id='word_1_6' title='bbox 2066 534 2493 599; x_wconf 78' lang='lat' dir='ltr'>CALLIPOLI.</span> <span class='ocrx_word' id='word_1_7' title='bbox 3210 537 3347 601; x_wconf 72' lang='lat'><strong>1026</strong></span> 
     </span>
    </p>
   </div>
   <div class='ocr_carea' id='block_1_2' title="bbox 135 652 1793 736">
    <p class='ocr_par' dir='ltr' id='par_1_2' title="bbox 135 656 1793 736">
     <span class='ocr_line' id='line_1_2' title="bbox 135 656 1793 736; baseline -0.007 -16"><span class='ocrx_word' id='word_1_8' title='bbox 135 687 215 720; x_wconf 75' lang='grc' dir='ltr'><strong>ται</strong></span> <span class='ocrx_word' id='word_1_9' title='bbox 245 669 552 736; x_wconf 69' lang='grc' dir='ltr'>κσοηςιὲραν</span> <span class='ocrx_word' id='word_1_10' title='bbox 577 683 589 697; x_wconf 67' lang='grc'><em>⁸</em></span> <span class='ocrx_word' id='word_1_11' title='bbox 625 666 893 733; x_wconf 81' lang='grc' dir='ltr'><strong>τοσαύτην</strong></span> <span class='ocrx_word' id='word_1_12' title='bbox 920 664 1005 714; x_wconf 82' lang='grc' dir='ltr'>ἐπ’</span> <span class='ocrx_word' id='word_1_13' title='bbox 1031 661 1313 729; x_wconf 80' lang='grc' dir='ltr'>ἀμφότερα</span> <span class='ocrx_word' id='word_1_14' title='bbox 1359 657 1530 727; x_wconf 77' lang='grc' dir='ltr'>ῥοπὴν</span> <span class='ocrx_word' id='word_1_15' title='bbox 1561 656 1673 724; x_wconf 76' lang='grc' dir='ltr'>ἔχει</span> <span class='ocrx_word' id='word_1_16' title='bbox 1701 661 1746 716; x_wconf 73' lang='grc' dir='ltr'><strong>Α</strong></span> <span class='ocrx_word' id='word_1_17' title='bbox 1775 671 1793 708; x_wconf 82' lang='lat' dir='ltr'><strong>a</strong></span> 
     </span>
    </p>
   </div>
   <div class='ocr_carea' id='block_1_3' title="bbox 1689 652 3347 736">
    <p class='ocr_par' dir='ltr' id='par_1_3' title="bbox 1701 652 3347 721">
     <span class='ocr_line' id='line_1_3' title="bbox 1701 652 3347 721; baseline -0.002 -13"><span class='ocrx_word' id='word_1_18' title='bbox 1701 661 1838 716; x_wconf 72' lang='lat' dir='ltr'><strong>Aac</strong></span> <span class='ocrx_word' id='word_1_19' title='bbox 1903 668 2187 707; x_wconf 89' lang='lat' dir='ltr'><strong>numerum</strong></span> <span class='ocrx_word' id='word_1_20' title='bbox 2240 652 2471 706; x_wconf 91' lang='lat' dir='ltr'><strong>turrium</strong></span> <span class='ocrx_word' id='word_1_21' title='bbox 2536 660 2749 719; x_wconf 92' lang='lat' dir='ltr'><strong>oportet</strong></span> <span class='ocrx_word' id='word_1_22' title='bbox 2811 661 3103 721; x_wconf 87' lang='lat' dir='ltr'><strong>spectare,</strong></span> <span class='ocrx_word' id='word_1_23' title='bbox 3158 666 3347 705; x_wconf 90' lang='lat' dir='ltr'><strong>verum</strong></span> 
     </span>
    </p>
   </div>
   <div class='ocr_carea' id='block_1_4' title="bbox 1786 741 3355 812">
    <p class='ocr_par' dir='ltr' id='par_1_4' title="bbox 1786 741 3355 812">
     <span class='ocr_line' id='line_1_4' title="bbox 1786 741 3355 812; baseline -0.003 -12"><span class='ocrx_word' id='word_1_24' title='bbox 1786 746 1951 799; x_wconf 90' lang='lat' dir='ltr'><strong>etiam</strong></span> <span class='ocrx_word' id='word_1_25' title='bbox 2007 753 2259 810; x_wconf 86' lang='lat' dir='ltr'><strong>reputare</strong></span> <span class='ocrx_word' id='word_1_26' title='bbox 2300 741 2763 810; x_wconf 77' lang='lat' dir='ltr'><strong>opportunitatem</strong></span> <span class='ocrx_word' id='word_1_27' title='bbox 2814 741 2943 806; x_wconf 92' lang='lat' dir='ltr'><strong>loci,</strong></span> <span class='ocrx_word' id='word_1_28' title='bbox 2988 752 3154 812; x_wconf 92' lang='lat' dir='ltr'><strong>utque</strong></span> <span class='ocrx_word' id='word_1_29' title='bbox 3203 742 3355 796; x_wconf 88' lang='lat' dir='ltr'><strong>velut</strong></span> 
     </span>
    </p>
   </div>
   <div class='ocr_carea' id='block_1_5' title="bbox 1789 833 3354 903">
    <p class='ocr_par' dir='ltr' id='par_1_5' title="bbox 1789 833 3354 903">
     <span class='ocr_line' id='line_1_5' title="bbox 1789 833 3354 903; baseline -0.002 -14"><span class='ocrx_word' id='word_1_30' title='bbox 1789 852 1884 889; x_wconf 77' lang='lat' dir='ltr'><strong>arx</strong></span> <span class='ocrx_word' id='word_1_31' title='bbox 1916 850 2123 903; x_wconf 74' lang='lat' dir='ltr'><strong>magna-</strong></span> <span class='ocrx_word' id='word_1_32' title='bbox 2171 834 2331 903; x_wconf 90' lang='lat' dir='ltr'><strong>hujus</strong></span> <span class='ocrx_word' id='word_1_33' title='bbox 2367 834 2606 888; x_wconf 73' lang='lat' dir='ltr'><strong>civitatis</strong></span> <span class='ocrx_word' id='word_1_34' title='bbox 2650 833 2947 890; x_wconf 88' lang='lat' dir='ltr'><strong>videatur:</strong></span> <span class='ocrx_word' id='word_1_35' title='bbox 2996 848 3059 900; x_wconf 78' lang='lat' dir='ltr'><strong>ac</strong></span> <span class='ocrx_word' id='word_1_36' title='bbox 3112 835 3354 900; x_wconf 91' lang='lat' dir='ltr'><strong>quandiu</strong></span> 
     </span>
    </p>
   </div>
   <div class='ocr_carea' id='block_1_6' title="bbox 132 922 1790 1010">
    <p class='ocr_par' dir='ltr' id='par_1_6' title="bbox 132 928 1790 1010">
     <span class='ocr_line' id='line_1_6' title="bbox 132 928 1790 1010; baseline -0.008 -18"><span class='ocrx_word' id='word_1_37' title='bbox 132 942 396 1010; x_wconf 56' lang='grc' dir='ltr'>διαφέρειν</span> <span class='ocrx_word' id='word_1_38' title='bbox 452 942 601 1009; x_wconf 75' lang='grc' dir='ltr'>εὖροι</span> <span class='ocrx_word' id='word_1_39' title='bbox 632 957 715 1001; x_wconf 87' lang='grc' dir='ltr'><strong>τις</strong></span> <span class='ocrx_word' id='word_1_40' title='bbox 759 941 823 991; x_wconf 86' lang='grc' dir='ltr'><strong>ἂν</strong></span> <span class='ocrx_word' id='word_1_41' title='bbox 856 936 951 990; x_wconf 78' lang='grc' dir='ltr'>τοῦ</span> <span class='ocrx_word' id='word_1_42' title='bbox 977 936 1183 1004; x_wconf 84' lang='grc' dir='ltr'>ταύτην</span> <span class='ocrx_word' id='word_1_43' title='bbox 1214 930 1463 985; x_wconf 79' lang='grc' dir='ltr'>ἐκδοῦναι</span> <span class='ocrx_word' id='word_1_44' title='bbox 1498 929 1558 982; x_wconf 81' lang='grc' dir='ltr'><strong>τὸ</strong></span> <span class='ocrx_word' id='word_1_45' title='bbox 1582 928 1681 999; x_wconf 82' lang='grc' dir='ltr'>τὴν</span> <span class='ocrx_word' id='word_1_46' title='bbox 1787 952 1790 971; x_wconf 80' lang='grc' dir='ltr'>ι</span> 
     </span>
    </p>
   </div>
   <div class='ocr_carea' id='block_1_7' title="bbox 1692 922 3350 1010">
    <p class='ocr_par' dir='ltr' id='par_1_7' title="bbox 1787 922 3350 993">
     <span class='ocr_line' id='line_1_7' title="bbox 1787 922 3350 993; baseline -0.002 -15"><span class='ocrx_word' id='word_1_47' title='bbox 1787 924 2005 993; x_wconf 85' lang='lat' dir='ltr'><strong>quidem</strong></span> <span class='ocrx_word' id='word_1_48' title='bbox 2068 923 2212 976; x_wconf 81' lang='lat' dir='ltr'><strong>illam</strong></span> <span class='ocrx_word' id='word_1_49' title='bbox 2274 926 2570 988; x_wconf 88' lang='lat' dir='ltr'><strong>tenuimus,</strong></span> <span class='ocrx_word' id='word_1_50' title='bbox 2622 939 2746 977; x_wconf 92' lang='lat' dir='ltr'><strong>cum</strong></span> <span class='ocrx_word' id='word_1_51' title='bbox 2801 922 3198 985; x_wconf 64' lang='lat' dir='ltr'><strong>Chersonesus,</strong></span> <span class='ocrx_word' id='word_1_52' title='bbox 3239 933 3350 975; x_wconf 89' lang='lat' dir='ltr'><strong>tum</strong></span> 
     </span>
    </p>
   </div>
   <div class='ocr_carea' id='block_1_8' title="bbox 134 1012 1792 1101">
    <p class='ocr_par' dir='ltr' id='par_1_8' title="bbox 134 1015 1792 1101">
     <span class='ocr_line' id='line_1_8' title="bbox 134 1015 1792 1101; baseline -0.002 -18"><span class='ocrx_word' id='word_1_53' title='bbox 134 1033 350 1101; x_wconf 78' lang='grc' dir='ltr'>πατρίδα</span> <span class='ocrx_word' id='word_1_54' title='bbox 382 1031 693 1100; x_wconf 81' lang='grc' dir='ltr'>προδοῦναι.</span> <span class='ocrx_word' id='word_1_55' title='bbox 1787 1015 1792 1035; x_wconf 70' lang='grc'>¹</span> 
     </span>
    </p>
   </div>
   <div class='ocr_carea' id='block_1_9' title="bbox 1697 1012 3355 1101">
    <p class='ocr_par' dir='ltr' id='par_1_9' title="bbox 1787 1012 3355 1081">
     <span class='ocr_line' id='line_1_9' title="bbox 1787 1012 3355 1081; baseline -0.004 -13"><span class='ocrx_word' id='word_1_56' title='bbox 1787 1014 2033 1068; x_wconf 64' lang='lat' dir='ltr'><strong>Thracia:</strong></span> <span class='ocrx_word' id='word_1_57' title='bbox 2095 1012 2259 1065; x_wconf 91' lang='lat' dir='ltr'><strong>urbes</strong></span> <span class='ocrx_word' id='word_1_58' title='bbox 2314 1015 2489 1081; x_wconf 91' lang='lat' dir='ltr'><strong>palam</strong></span> <span class='ocrx_word' id='word_1_59' title='bbox 2548 1014 2707 1067; x_wconf 88' lang='lat' dir='ltr'><strong>nobis</strong></span> <span class='ocrx_word' id='word_1_60' title='bbox 2762 1013 3083 1067; x_wconf 78' lang='lat' dir='ltr'><strong>olicdirent:</strong></span> <span class='ocrx_word' id='word_1_61' title='bbox 3118 1028 3182 1066; x_wconf 71' lang='lat' dir='ltr'><strong>ex</strong></span> <span class='ocrx_word' id='word_1_62' title='bbox 3247 1026 3355 1078; x_wconf 70' lang='lat' dir='ltr'><strong>quo</strong></span> 
     </span>
    </p>
   </div>
   <div class='ocr_carea' id='block_1_10' title="bbox 132 1105 3356 1185">
    <p class='ocr_par' dir='ltr' id='par_1_10' title="bbox 132 1105 3356 1185">
     <span class='ocr_line' id='line_1_10' title="bbox 132 1105 3356 1185; baseline -0.006 -8"><span class='ocrx_word' id='word_1_63' title='bbox 132 1137 300 1179; x_wconf 88' lang='lat' dir='ltr'><strong>autem</strong></span> <span class='ocrx_word' id='word_1_64' title='bbox 330 1140 447 1180; x_wconf 92' lang='lat' dir='ltr'><strong>eam</strong></span> <span class='ocrx_word' id='word_1_65' title='bbox 491 1133 785 1179; x_wconf 89' lang='lat' dir='ltr'><strong>tenuerunt</strong></span> <span class='ocrx_word' id='word_1_66' title='bbox 851 1122 1096 1185; x_wconf 82' lang='lat' dir='ltr'><strong>Barbari,</strong></span> <span class='ocrx_word' id='word_1_67' title='bbox 1125 1130 1236 1174; x_wconf 91' lang='lat' dir='ltr'><strong>tum</strong></span> <span class='ocrx_word' id='word_1_68' title='bbox 1303 1118 1391 1172; x_wconf 81' lang='lat' dir='ltr'><strong>illa</strong></span> <span class='ocrx_word' id='word_1_69' title='bbox 1433 1113 1752 1174; x_wconf 86' lang='lat' dir='ltr'><strong>defecerint,</strong></span> <span class='ocrx_word' id='word_1_70' title='bbox 1795 1122 1905 1165; x_wconf 91' lang='lat' dir='ltr'><strong>tum</strong></span> <span class='ocrx_word' id='word_1_71' title='bbox 1936 1124 2002 1164; x_wconf 91' lang='lat' dir='ltr'><strong>eo</strong></span> <span class='ocrx_word' id='word_1_72' title='bbox 2034 1108 2237 1162; x_wconf 89' lang='lat' dir='ltr'><strong>redacti</strong></span> <span class='ocrx_word' id='word_1_73' title='bbox 2275 1107 2467 1170; x_wconf 89' lang='lat' dir='ltr'><strong>simus,</strong></span> <span class='ocrx_word' id='word_1_74' title='bbox 2514 1117 2573 1161; x_wconf 92' lang='lat' dir='ltr'><strong>ut</strong></span> <span class='ocrx_word' id='word_1_75' title='bbox 2618 1109 2861 1177; x_wconf 75' lang='lat' dir='ltr'><strong>quotidie</strong></span> <span class='ocrx_word' id='word_1_76' title='bbox 2910 1123 3055 1161; x_wconf 91' lang='lat' dir='ltr'><strong>nunc</strong></span> <span class='ocrx_word' id='word_1_77' title='bbox 3085 1106 3154 1160; x_wconf 92' lang='lat' dir='ltr'><strong>de</strong></span> <span class='ocrx_word' id='word_1_78' title='bbox 3181 1105 3356 1159; x_wconf 82' lang='lat' dir='ltr'><strong>salute</strong></span> 
     </span>
    </p>
   </div>
   <div class='ocr_carea' id='block_1_11' title="bbox 128 1202 3355 1289">
    <p class='ocr_par' dir='ltr' id='par_1_11' title="bbox 128 1202 3355 1289">
     <span class='ocr_line' id='line_1_11' title="bbox 128 1202 3355 1289; baseline -0.005 -18"><span class='ocrx_word' id='word_1_79' title='bbox 128 1237 399 1276; x_wconf 75' lang='lat' dir='ltr'><strong>Semnones</strong></span> <span class='ocrx_word' id='word_1_80' title='bbox 445 1222 788 1275; x_wconf 80' lang='lat' dir='ltr'><strong>conferamus</strong></span> <span class='ocrx_word' id='word_1_81' title='bbox 850 1236 866 1273; x_wconf 92' lang='lat'><strong>:</strong></span> <span class='ocrx_word' id='word_1_82' title='bbox 915 1219 1121 1289; x_wconf 83' lang='lat' dir='ltr'><strong>grande</strong></span> <span class='ocrx_word' id='word_1_83' title='bbox 1158 1213 1402 1270; x_wconf 77' lang='lat' dir='ltr'><strong>adeoad</strong></span> <span class='ocrx_word' id='word_1_84' title='bbox 1452 1222 1680 1279; x_wconf 89' lang='lat' dir='ltr'><strong>utraque</strong></span> <span class='ocrx_word' id='word_1_85' title='bbox 1753 1215 2089 1261; x_wconf 85' lang='lat' dir='ltr'><strong>momentum</strong></span> <span class='ocrx_word' id='word_1_86' title='bbox 2148 1204 2313 1258; x_wconf 82' lang='lat' dir='ltr'><strong>habet</strong></span> <span class='ocrx_word' id='word_1_87' title='bbox 2361 1218 2585 1273; x_wconf 86' lang='lat' dir='ltr'><strong>parvum</strong></span> <span class='ocrx_word' id='word_1_88' title='bbox 2635 1204 2739 1258; x_wconf 92' lang='lat' dir='ltr'><strong>hoc</strong></span> <span class='ocrx_word' id='word_1_89' title='bbox 2791 1206 3125 1273; x_wconf 51' lang='lat' dir='ltr'><strong>pra‘sidium.</strong></span> <span class='ocrx_word' id='word_1_90' title='bbox 3200 1214 3259 1258; x_wconf 86' lang='lat' dir='ltr'><strong>ut</strong></span> <span class='ocrx_word' id='word_1_91' title='bbox 3311 1202 3355 1258; x_wconf 91' lang='lat' dir='ltr'><strong>si</strong></span> 
     </span>
    </p>
   </div>
   <div class='ocr_carea' id='block_1_12' title="bbox 129 1293 3358 1384">
    <p class='ocr_par' dir='ltr' id='par_1_12' title="bbox 129 1293 3358 1384">
     <span class='ocr_line' id='line_1_12' title="bbox 129 1293 3358 1384; baseline -0.006 -18"><span class='ocrx_word' id='word_1_92' title='bbox 129 1314 284 1367; x_wconf 86' lang='lat' dir='ltr'><strong>missa</strong></span> <span class='ocrx_word' id='word_1_93' title='bbox 333 1312 705 1384; x_wconf 82' lang='lat' dir='ltr'><strong>magnitudine</strong></span> <span class='ocrx_word' id='word_1_94' title='bbox 767 1312 1016 1365; x_wconf 80' lang='lat' dir='ltr'><strong>utilitatis</strong></span> <span class='ocrx_word' id='word_1_95' title='bbox 1066 1308 1312 1363; x_wconf 89' lang='lat' dir='ltr'><strong>habenda</strong></span> <span class='ocrx_word' id='word_1_96' title='bbox 1366 1306 1437 1359; x_wconf 91' lang='lat' dir='ltr'><strong>sit</strong></span> <span class='ocrx_word' id='word_1_97' title='bbox 1493 1303 1677 1364; x_wconf 82' lang='lat' dir='ltr'><strong>ratio,</strong></span> <span class='ocrx_word' id='word_1_98' title='bbox 1719 1298 1864 1353; x_wconf 89' lang='lat' dir='ltr'><strong>haud</strong></span> <span class='ocrx_word' id='word_1_99' title='bbox 1941 1299 2172 1350; x_wconf 91' lang='lat' dir='ltr'><strong>multum</strong></span> <span class='ocrx_word' id='word_1_100' title='bbox 2240 1293 2364 1364; x_wconf 84' lang='lat' dir='ltr'><strong>quis</strong></span> <span class='ocrx_word' id='word_1_101' title='bbox 2422 1293 2626 1348; x_wconf 88' lang='lat' dir='ltr'><strong>referre</strong></span> <span class='ocrx_word' id='word_1_102' title='bbox 2666 1295 2932 1359; x_wconf 90' lang='lat' dir='ltr'><strong>inveniat,</strong></span> <span class='ocrx_word' id='word_1_103' title='bbox 2973 1303 3033 1348; x_wconf 94' lang='lat' dir='ltr'><strong>ut</strong></span> <span class='ocrx_word' id='word_1_104' title='bbox 3079 1312 3139 1349; x_wconf 92' lang='lat' dir='ltr'><strong>ca</strong></span> <span class='ocrx_word' id='word_1_105' title='bbox 3176 1297 3358 1348; x_wconf 81' lang='lat' dir='ltr'><strong>trada-</strong></span> 
     </span>
    </p>
   </div>
   <div class='ocr_carea' id='block_1_13' title="bbox 135 746 1680 829">
    <p class='ocr_par' dir='ltr' id='par_1_13' title="bbox 135 746 1680 829">
     <span class='ocr_line' id='line_1_13' title="bbox 135 746 1680 829; baseline -0.008 -20"><span class='ocrx_word' id='word_1_106' title='bbox 135 761 190 811; x_wconf 70' lang='grc' dir='ltr'>τὸ</span> <span class='ocrx_word' id='word_1_107' title='bbox 221 762 402 829; x_wconf 67' lang='grc' dir='ltr'>μικρὸν</span> <span class='ocrx_word' id='word_1_108' title='bbox 443 759 599 811; x_wconf 71' lang='grc' dir='ltr'>τοῦτο</span> <span class='ocrx_word' id='word_1_109' title='bbox 657 758 873 827; x_wconf 85' lang='grc' dir='ltr'>χωρίον.</span> <span class='ocrx_word' id='word_1_110' title='bbox 912 753 1063 806; x_wconf 82' lang='grc' dir='ltr'>’⁸Ωστ’</span> <span class='ocrx_word' id='word_1_111' title='bbox 1094 755 1143 805; x_wconf 83' lang='grc' dir='ltr'><strong>εί</strong></span> <span class='ocrx_word' id='word_1_112' title='bbox 1191 752 1291 812; x_wconf 88' lang='grc' dir='ltr'>δεῖ,</span> <span class='ocrx_word' id='word_1_113' title='bbox 1350 751 1409 801; x_wconf 80' lang='grc' dir='ltr'><strong>τὸ</strong></span> <span class='ocrx_word' id='word_1_114' title='bbox 1447 746 1680 817; x_wconf 80' lang='grc' dir='ltr'>μέγεοος</span> 
     </span>
    </p>
   </div>
   <div class='ocr_carea' id='block_1_14' title="bbox 135 837 1678 918">
    <p class='ocr_par' dir='ltr' id='par_1_14' title="bbox 135 837 1678 918">
     <span class='ocr_line' id='line_1_14' title="bbox 135 837 1678 918; baseline -0.01 -15"><span class='ocrx_word' id='word_1_115' title='bbox 135 852 375 917; x_wconf 77' lang='grc' dir='ltr'>ἀφέντας,</span> <span class='ocrx_word' id='word_1_116' title='bbox 414 851 723 917; x_wconf 75' lang='grc' dir='ltr'>λογίζεσθαι</span> <span class='ocrx_word' id='word_1_117' title='bbox 773 850 870 918; x_wconf 78' lang='grc' dir='ltr'>τὴν</span> <span class='ocrx_word' id='word_1_118' title='bbox 927 845 1212 913; x_wconf 83' lang='grc' dir='ltr'>ὠφέλειαν,</span> <span class='ocrx_word' id='word_1_119' title='bbox 1247 843 1307 894; x_wconf 80' lang='grc' dir='ltr'><strong>οὐ</strong></span> <span class='ocrx_word' id='word_1_120' title='bbox 1360 841 1511 909; x_wconf 74' lang='grc' dir='ltr'>παρὰ</span> <span class='ocrx_word' id='word_1_121' title='bbox 1542 837 1678 890; x_wconf 78' lang='grc' dir='ltr'>πολὺ</span> 
     </span>
    </p>
   </div>
   <div class='ocr_carea' id='block_1_15' title="bbox 130 1405 870 1476">
    <p class='ocr_par' dir='ltr' id='par_1_15' title="bbox 130 1405 870 1476">
     <span class='ocr_line' id='line_1_15' title="bbox 130 1405 870 1476; baseline -0.004 -17"><span class='ocrx_word' id='word_1_122' title='bbox 130 1417 235 1462; x_wconf 91' lang='lat' dir='ltr'><strong>tur.</strong></span> <span class='ocrx_word' id='word_1_123' title='bbox 268 1416 357 1461; x_wconf 91' lang='lat' dir='ltr'><strong>aut</strong></span> <span class='ocrx_word' id='word_1_124' title='bbox 385 1406 645 1476; x_wconf 87' lang='lat' dir='ltr'><strong>prodatur</strong></span> <span class='ocrx_word' id='word_1_125' title='bbox 669 1405 870 1473; x_wconf 89' lang='lat' dir='ltr'><strong>patria.</strong></span> 
     </span>
    </p>
   </div>
   <div class='ocr_carea' id='block_1_16' title="bbox 204 1487 1692 1566">
    <p class='ocr_par' dir='ltr' id='par_1_16' title="bbox 204 1487 1692 1566">
     <span class='ocr_line' id='line_1_16' title="bbox 204 1487 1692 1566; baseline -0.011 -14"><span class='ocrx_word' id='word_1_126' title='bbox 204 1502 426 1552; x_wconf 79' lang='grc' dir='ltr'>Ἔπειτα</span> <span class='ocrx_word' id='word_1_127' title='bbox 454 1500 503 1550; x_wconf 86' lang='grc' dir='ltr'>εἰ</span> <span class='ocrx_word' id='word_1_128' title='bbox 554 1496 761 1566; x_wconf 82' lang='grc' dir='ltr'>ταύτην</span> <span class='ocrx_word' id='word_1_129' title='bbox 812 1498 921 1558; x_wconf 82' lang='grc' dir='ltr'>τοῖς</span> <span class='ocrx_word' id='word_1_130' title='bbox 954 1494 1247 1564; x_wconf 74' lang='grc' dir='ltr'>βαρϐάροις</span> <span class='ocrx_word' id='word_1_131' title='bbox 1305 1490 1548 1545; x_wconf 78' lang='grc' dir='ltr'>αίτοῦσιν</span> <span class='ocrx_word' id='word_1_132' title='bbox 1593 1487 1692 1538; x_wconf 80' lang='grc' dir='ltr'><strong>οὐκ</strong></span> 
     </span>
    </p>
   </div>
   <div class='ocr_carea' id='block_1_17' title="bbox 125 1580 1688 1659">
    <p class='ocr_par' dir='ltr' id='par_1_17' title="bbox 125 1580 1688 1659">
     <span class='ocr_line' id='line_1_17' title="bbox 125 1580 1688 1659; baseline -0.01 -14"><span class='ocrx_word' id='word_1_133' title='bbox 125 1594 416 1658; x_wconf 76' lang='grc' dir='ltr'><strong>ἀντιλέγειν</strong></span> <span class='ocrx_word' id='word_1_134' title='bbox 440 1590 804 1659; x_wconf 79' lang='grc' dir='ltr'>τολμήσομεν,</span> <span class='ocrx_word' id='word_1_135' title='bbox 826 1591 923 1659; x_wconf 76' lang='grc' dir='ltr'>τὴν</span> <span class='ocrx_word' id='word_1_136' title='bbox 947 1590 1170 1641; x_wconf 80' lang='grc' dir='ltr'>ἐκείνων</span> <span class='ocrx_word' id='word_1_137' title='bbox 1188 1586 1416 1654; x_wconf 87' lang='grc' dir='ltr'>δύναμιν</span> <span class='ocrx_word' id='word_1_138' title='bbox 1436 1580 1688 1640; x_wconf 81' lang='grc' dir='ltr'><strong>δεδιότες,</strong></span> 
     </span>
    </p>
   </div>
   <div class='ocr_carea' id='block_1_18' title="bbox 126 1670 1689 1749">
    <p class='ocr_par' dir='ltr' id='par_1_18' title="bbox 126 1670 1689 1749">
     <span class='ocr_line' id='line_1_18' title="bbox 126 1670 1689 1749; baseline -0.003 -15"><span class='ocrx_word' id='word_1_139' title='bbox 126 1687 330 1734; x_wconf 72' lang='grc' dir='ltr'>εἰπάτω</span> <span class='ocrx_word' id='word_1_140' title='bbox 354 1699 435 1744; x_wconf 85' lang='grc' dir='ltr'><strong>τις</strong></span> <span class='ocrx_word' id='word_1_141' title='bbox 465 1682 627 1749; x_wconf 73' lang='grc' dir='ltr'>ἐμοὶ,</span> <span class='ocrx_word' id='word_1_142' title='bbox 672 1681 725 1732; x_wconf 87' lang='grc' dir='ltr'><strong>τί</strong></span> <span class='ocrx_word' id='word_1_143' title='bbox 760 1680 819 1731; x_wconf 82' lang='grc' dir='ltr'>τὸ</span> <span class='ocrx_word' id='word_1_144' title='bbox 874 1678 1079 1732; x_wconf 84' lang='grc' dir='ltr'>κωλύον</span> <span class='ocrx_word' id='word_1_145' title='bbox 1113 1679 1208 1730; x_wconf 75' lang='grc' dir='ltr'><strong>καὶ</strong></span> <span class='ocrx_word' id='word_1_146' title='bbox 1230 1676 1477 1744; x_wconf 83' lang='grc' dir='ltr'>δεύτερον</span> <span class='ocrx_word' id='word_1_147' title='bbox 1508 1670 1689 1729; x_wconf 82' lang='grc' dir='ltr'>αὐτοῖς</span> 
     </span>
    </p>
   </div>
   <div class='ocr_carea' id='block_1_19' title="bbox 123 1753 1691 1832">
    <p class='ocr_par' dir='ltr' id='par_1_19' title="bbox 123 1753 1691 1832">
     <span class='ocr_line' id='line_1_19' title="bbox 123 1753 1691 1832; baseline -0.008 -17"><span class='ocrx_word' id='word_1_148' title='bbox 123 1765 329 1815; x_wconf 77' lang='grc' dir='ltr'><strong>αἰτοῦσι</strong></span> <span class='ocrx_word' id='word_1_149' title='bbox 354 1764 447 1815; x_wconf 74' lang='grc' dir='ltr'><strong>καὶ</strong></span> <span class='ocrx_word' id='word_1_150' title='bbox 479 1762 662 1832; x_wconf 86' lang='grc' dir='ltr'>τρίτον</span> <span class='ocrx_word' id='word_1_151' title='bbox 693 1762 1009 1830; x_wconf 77' lang='grc' dir='ltr'>πεισθῆναι;</span> <span class='ocrx_word' id='word_1_152' title='bbox 1042 1760 1187 1821; x_wconf 76' lang='lat' dir='ltr'><strong>&quot;Em;</strong></span> <span class='ocrx_word' id='word_1_153' title='bbox 1218 1760 1324 1825; x_wconf 77' lang='grc' dir='ltr'><strong>γάρ</strong></span> <span class='ocrx_word' id='word_1_154' title='bbox 1348 1756 1433 1819; x_wconf 82' lang='grc' dir='ltr'><strong>ἂν,</strong></span> <span class='ocrx_word' id='word_1_155' title='bbox 1459 1753 1532 1817; x_wconf 85' lang='grc' dir='ltr'>ὡς</span> <span class='ocrx_word' id='word_1_156' title='bbox 1550 1754 1691 1805; x_wconf 81' lang='grc' dir='ltr'>ἐκεῖ·</span> 
     </span>
    </p>
   </div>
   <div class='ocr_carea' id='block_1_20' title="bbox 125 1844 1687 1927">
    <p class='ocr_par' dir='ltr' id='par_1_20' title="bbox 125 1844 1687 1927">
     <span class='ocr_line' id='line_1_20' title="bbox 125 1844 1687 1927; baseline -0.009 -18"><span class='ocrx_word' id='word_1_157' title='bbox 125 1875 207 1909; x_wconf 84' lang='grc' dir='ltr'><strong>νοι</strong></span> <span class='ocrx_word' id='word_1_158' title='bbox 237 1858 519 1927; x_wconf 82' lang='grc' dir='ltr'>στήσονται</span> <span class='ocrx_word' id='word_1_159' title='bbox 541 1854 634 1908; x_wconf 82' lang='grc' dir='ltr'>τοῦ</span> <span class='ocrx_word' id='word_1_160' title='bbox 668 1856 1025 1910; x_wconf 85' lang='grc' dir='ltr'>πλεονεκτεῖν.</span> <span class='ocrx_word' id='word_1_161' title='bbox 1069 1853 1163 1922; x_wconf 80' lang='grc' dir='ltr'><strong>οὐχ</strong></span> <span class='ocrx_word' id='word_1_162' title='bbox 1206 1847 1314 1911; x_wconf 72' lang='grc' dir='ltr'>οἶός</span> <span class='ocrx_word' id='word_1_163' title='bbox 1339 1848 1387 1901; x_wconf 82' lang='grc' dir='ltr'>τ’</span> <span class='ocrx_word' id='word_1_164' title='bbox 1479 1845 1687 1899; x_wconf 84' lang='grc' dir='ltr'>πείοειν</span> 
     </span>
    </p>
   </div>
   <div class='ocr_carea' id='block_1_21' title="bbox 1865 1477 3357 1547">
    <p class='ocr_par' dir='ltr' id='par_1_21' title="bbox 1865 1477 3357 1547">
     <span class='ocr_line' id='line_1_21' title="bbox 1865 1477 3357 1547; baseline 0.001 -14"><span class='ocrx_word' id='word_1_165' title='bbox 1865 1477 2132 1533; x_wconf 52' lang='lat' dir='ltr'><strong>Praeterea</strong></span> <span class='ocrx_word' id='word_1_166' title='bbox 2165 1515 2181 1540; x_wconf 93' lang='lat'><strong>,</strong></span> <span class='ocrx_word' id='word_1_167' title='bbox 2237 1478 2507 1547; x_wconf 87' lang='lat' dir='ltr'><strong>siquidem</strong></span> <span class='ocrx_word' id='word_1_168' title='bbox 2562 1493 2680 1532; x_wconf 90' lang='lat' dir='ltr'><strong>eam</strong></span> <span class='ocrx_word' id='word_1_169' title='bbox 2744 1478 3055 1546; x_wconf 88' lang='lat' dir='ltr'><strong>petentibus</strong></span> <span class='ocrx_word' id='word_1_170' title='bbox 3105 1481 3357 1537; x_wconf 74' lang='lat' dir='ltr'><strong>Barbaris</strong></span> 
     </span>
    </p>
   </div>
   <div class='ocr_carea' id='block_1_22' title="bbox 1793 1569 3360 1642">
    <p class='ocr_par' dir='ltr' id='par_1_22' title="bbox 1793 1569 3360 1642">
     <span class='ocr_line' id='line_1_22' title="bbox 1793 1569 3360 1642; baseline 0.001 -18"><span class='ocrx_word' id='word_1_171' title='bbox 1793 1569 2173 1624; x_wconf 88' lang='lat' dir='ltr'><strong>contradicere</strong></span> <span class='ocrx_word' id='word_1_172' title='bbox 2208 1585 2315 1624; x_wconf 85' lang='lat' dir='ltr'><strong>non</strong></span> <span class='ocrx_word' id='word_1_173' title='bbox 2362 1569 2650 1634; x_wconf 85' lang='lat' dir='ltr'><strong>audemus,</strong></span> <span class='ocrx_word' id='word_1_174' title='bbox 2700 1571 2859 1624; x_wconf 92' lang='lat' dir='ltr'><strong>veriti</strong></span> <span class='ocrx_word' id='word_1_175' title='bbox 2913 1571 3127 1625; x_wconf 87' lang='lat' dir='ltr'><strong>illorum</strong></span> <span class='ocrx_word' id='word_1_176' title='bbox 3163 1586 3360 1642; x_wconf 82' lang='lat' dir='ltr'><strong>putei.-</strong></span> 
     </span>
    </p>
   </div>
   <div class='ocr_carea' id='block_1_23' title="bbox 1791 1662 3357 1730">
    <p class='ocr_par' dir='ltr' id='par_1_23' title="bbox 1791 1662 3357 1730">
     <span class='ocr_line' id='line_1_23' title="bbox 1791 1662 3357 1730; baseline 0.002 -13"><span class='ocrx_word' id='word_1_177' title='bbox 1791 1664 1944 1726; x_wconf 88' lang='lat' dir='ltr'><strong>tiam,</strong></span> <span class='ocrx_word' id='word_1_178' title='bbox 1975 1664 2120 1717; x_wconf 85' lang='lat' dir='ltr'><strong>dicat</strong></span> <span class='ocrx_word' id='word_1_179' title='bbox 2154 1664 2276 1730; x_wconf 90' lang='lat' dir='ltr'><strong>quis</strong></span> <span class='ocrx_word' id='word_1_180' title='bbox 2298 1662 2428 1730; x_wconf 88' lang='lat' dir='ltr'><strong>quid</strong></span> <span class='ocrx_word' id='word_1_181' title='bbox 2462 1673 2627 1726; x_wconf 83' lang='lat' dir='ltr'><strong>vetet,</strong></span> <span class='ocrx_word' id='word_1_182' title='bbox 2662 1674 2721 1716; x_wconf 92' lang='lat' dir='ltr'><strong>ut</strong></span> <span class='ocrx_word' id='word_1_183' title='bbox 2750 1680 2815 1717; x_wconf 89' lang='lat' dir='ltr'><strong>ne</strong></span> <span class='ocrx_word' id='word_1_184' title='bbox 2839 1666 3080 1719; x_wconf 88' lang='lat' dir='ltr'><strong>secundo</strong></span> <span class='ocrx_word' id='word_1_185' title='bbox 3104 1684 3165 1721; x_wconf 85' lang='lat' dir='ltr'><strong>ac</strong></span> <span class='ocrx_word' id='word_1_186' title='bbox 3195 1672 3357 1722; x_wconf 83' lang='lat' dir='ltr'><strong>tertio</strong></span> 
     </span>
    </p>
   </div>
   <div class='ocr_carea' id='block_1_24' title="bbox 1788 1751 3359 1823">
    <p class='ocr_par' dir='ltr' id='par_1_24' title="bbox 1788 1751 3359 1823">
     <span class='ocr_line' id='line_1_24' title="bbox 1788 1751 3359 1823; baseline 0.004 -16"><span class='ocrx_word' id='word_1_187' title='bbox 1788 1754 2105 1823; x_wconf 79' lang='lat' dir='ltr'><strong>petentibus</strong></span> <span class='ocrx_word' id='word_1_188' title='bbox 2150 1753 2559 1822; x_wconf 81' lang='lat' dir='ltr'><strong>obsequantur?</strong></span> <span class='ocrx_word' id='word_1_189' title='bbox 2592 1751 2841 1818; x_wconf 86' lang='lat' dir='ltr'><strong>Quandiu</strong></span> <span class='ocrx_word' id='word_1_190' title='bbox 2875 1756 3020 1809; x_wconf 88' lang='lat' dir='ltr'><strong>enim</strong></span> <span class='ocrx_word' id='word_1_191' title='bbox 3052 1770 3359 1815; x_wconf 84' lang='lat' dir='ltr'><strong>cessaturos</strong></span> 
     </span>
    </p>
   </div>
   <div class='ocr_carea' id='block_1_25' title="bbox 1792 1845 3347 1918">
    <p class='ocr_par' dir='ltr' id='par_1_25' title="bbox 1792 1845 3347 1918">
     <span class='ocr_line' id='line_1_25' title="bbox 1792 1845 3347 1918; baseline 0.003 -19"><span class='ocrx_word' id='word_1_192' title='bbox 1792 1847 1913 1900; x_wconf 85' lang='lat' dir='ltr'><strong>illos</strong></span> <span class='ocrx_word' id='word_1_193' title='bbox 1947 1847 2200 1915; x_wconf 90' lang='lat' dir='ltr'><strong>iniuriam</strong></span> <span class='ocrx_word' id='word_1_194' title='bbox 2243 1845 2441 1909; x_wconf 89' lang='lat' dir='ltr'><strong>facere,</strong></span> <span class='ocrx_word' id='word_1_195' title='bbox 2476 1862 2636 1901; x_wconf 83' lang='lat' dir='ltr'><strong>neruo</strong></span> <span class='ocrx_word' id='word_1_196' title='bbox 2670 1848 2741 1901; x_wconf 90' lang='lat' dir='ltr'><strong>sit</strong></span> <span class='ocrx_word' id='word_1_197' title='bbox 2774 1847 2865 1917; x_wconf 91' lang='lat' dir='ltr'><strong>qtti</strong></span> <span class='ocrx_word' id='word_1_198' title='bbox 2902 1848 3075 1917; x_wconf 87' lang='lat' dir='ltr'><strong>possit</strong></span> <span class='ocrx_word' id='word_1_199' title='bbox 3124 1866 3347 1918; x_wconf 49' lang='lat' dir='ltr'><strong>persnav</strong></span> 
     </span>
    </p>
   </div>
   <div class='ocr_carea' id='block_1_26' title="bbox 126 1910 1784 2015">
    <p class='ocr_par' dir='ltr' id='par_1_26' title="bbox 126 1910 1761 2015">
     <span class='ocr_line' id='line_1_26' title="bbox 318 1910 1447 1927; baseline -0.007 0"><span class='ocrx_word' id='word_1_200' title='bbox 318 1910 329 1927; x_wconf 90' lang='lat'><strong>.</strong></span> <span class='ocrx_word' id='word_1_201' title='bbox 1133 1910 1163 1922; x_wconf 74' lang='grc' dir='ltr'><strong><em>η</em></strong></span> <span class='ocrx_word' id='word_1_202' title='bbox 1300 1910 1307 1911; x_wconf 41' lang='grc' dir='ltr'>κ</span> <span class='ocrx_word' id='word_1_203' title='bbox 1417 1910 1447 1919; x_wconf 92' lang='grc'><strong>..</strong></span> 
     </span>
     <span class='ocr_line' id='line_1_27' title="bbox 126 1910 1761 2015; baseline -0.013 -7"><span class='ocrx_word' id='word_1_204' title='bbox 126 1963 231 2008; x_wconf 79' lang='grc' dir='ltr'>τις,</span> <span class='ocrx_word' id='word_1_205' title='bbox 260 1950 349 1997; x_wconf 61' lang='grc' dir='ltr'><strong>καὶ</strong></span> <span class='ocrx_word' id='word_1_206' title='bbox 402 1948 548 2015; x_wconf 76' lang='grc' dir='ltr'>ἡμᾶς</span> <span class='ocrx_word' id='word_1_207' title='bbox 579 1946 791 2013; x_wconf 81' lang='grc' dir='ltr'><strong>ἀνάγκη</strong></span> <span class='ocrx_word' id='word_1_208' title='bbox 834 1948 945 2008; x_wconf 88' lang='grc' dir='ltr'>τοῖς</span> <span class='ocrx_word' id='word_1_209' title='bbox 987 1944 1077 1996; x_wconf 82' lang='grc' dir='ltr'>ὑπ’</span> <span class='ocrx_word' id='word_1_210' title='bbox 1118 1942 1340 1995; x_wconf 76' lang='grc' dir='ltr'><strong>ἐκείνων</strong></span> <span class='ocrx_word' id='word_1_211' title='bbox 1374 1938 1686 2008; x_wconf 78' lang='grc' dir='ltr'><strong>λεγομένοις</strong></span> <span class='ocrx_word' id='word_1_212' title='bbox 1718 1910 1761 1968; x_wconf 64' lang='grc' dir='ltr'><strong>Β</strong></span> 
     </span>
    </p>
   </div>
   <div class='ocr_carea' id='block_1_27' title="bbox 1702 1910 3360 2015">
    <p class='ocr_par' dir='ltr' id='par_1_27' title="bbox 1718 1910 3360 2012">
     <span class='ocr_line' id='line_1_28' title="bbox 1718 1910 3360 2012; baseline 0.003 -21"><span class='ocrx_word' id='word_1_213' title='bbox 1718 1910 1761 1968; x_wconf 65' lang='grc' dir='ltr'><strong>Β</strong></span> <span class='ocrx_word' id='word_1_214' title='bbox 1790 1937 1943 2002; x_wconf 85' lang='lat' dir='ltr'><strong>dere,</strong></span> <span class='ocrx_word' id='word_1_215' title='bbox 1979 1954 2079 1992; x_wconf 91' lang='lat' dir='ltr'><strong>nos</strong></span> <span class='ocrx_word' id='word_1_216' title='bbox 2109 1953 2330 2006; x_wconf 89' lang='lat' dir='ltr'><strong>quoque</strong></span> <span class='ocrx_word' id='word_1_217' title='bbox 2364 1952 2587 1992; x_wconf 91' lang='lat' dir='ltr'><strong>necesse</strong></span> <span class='ocrx_word' id='word_1_218' title='bbox 2618 1939 2725 1992; x_wconf 84' lang='lat' dir='ltr'><strong>erit</strong></span> <span class='ocrx_word' id='word_1_219' title='bbox 2758 1940 2976 1993; x_wconf 88' lang='lat' dir='ltr'><strong>illorum</strong></span> <span class='ocrx_word' id='word_1_220' title='bbox 3014 1941 3216 1995; x_wconf 83' lang='lat' dir='ltr'><strong>veritos</strong></span> <span class='ocrx_word' id='word_1_221' title='bbox 3262 1961 3360 2012; x_wconf 80' lang='lat' dir='ltr'><strong>po-</strong></span> 
     </span>
    </p>
   </div>
   <div class='ocr_carea' id='block_1_28' title="bbox 124 2030 1685 2107">
    <p class='ocr_par' dir='ltr' id='par_1_28' title="bbox 124 2030 1685 2107">
     <span class='ocr_line' id='line_1_29' title="bbox 124 2030 1685 2107; baseline -0.005 -18"><span class='ocrx_word' id='word_1_222' title='bbox 124 2039 492 2102; x_wconf 76' lang='grc' dir='ltr'>συντίθεσθαι,</span> <span class='ocrx_word' id='word_1_223' title='bbox 527 2039 624 2107; x_wconf 80' lang='grc' dir='ltr'><strong>τὴν</strong></span> <span class='ocrx_word' id='word_1_224' title='bbox 676 2038 905 2105; x_wconf 77' lang='grc' dir='ltr'>δύναμιν</span> <span class='ocrx_word' id='word_1_225' title='bbox 944 2036 1149 2088; x_wconf 75' lang='grc' dir='ltr'>τούτων</span> <span class='ocrx_word' id='word_1_226' title='bbox 1175 2032 1581 2105; x_wconf 67' lang='grc' dir='ltr'><strong>ὑφορωμένους.</strong></span> <span class='ocrx_word' id='word_1_227' title='bbox 1627 2030 1685 2081; x_wconf 87' lang='grc' dir='ltr'>Ὀ</span> 
     </span>
    </p>
   </div>
   <div class='ocr_carea' id='block_1_29' title="bbox 119 2118 1689 2199">
    <p class='ocr_par' dir='ltr' id='par_1_29' title="bbox 119 2118 1689 2199">
     <span class='ocr_line' id='line_1_30' title="bbox 119 2118 1689 2199; baseline -0.006 -19"><span class='ocrx_word' id='word_1_228' title='bbox 119 2130 235 2197; x_wconf 82' lang='grc' dir='ltr'>γὰρ</span> <span class='ocrx_word' id='word_1_229' title='bbox 263 2130 404 2194; x_wconf 70' lang='lat' dir='ltr'><strong>ama</strong></span> <span class='ocrx_word' id='word_1_230' title='bbox 444 2129 542 2199; x_wconf 81' lang='grc' dir='ltr'>τὴν</span> <span class='ocrx_word' id='word_1_231' title='bbox 570 2128 680 2182; x_wconf 83' lang='grc' dir='ltr'>τῶν</span> <span class='ocrx_word' id='word_1_232' title='bbox 727 2127 1004 2196; x_wconf 84' lang='grc' dir='ltr'>πολεμίων</span> <span class='ocrx_word' id='word_1_233' title='bbox 1039 2126 1191 2195; x_wconf 75' lang='grc' dir='ltr'>ἰσχὺν</span> <span class='ocrx_word' id='word_1_234' title='bbox 1238 2122 1552 2189; x_wconf 80' lang='grc' dir='ltr'>ἐκπλαγεὶς,</span> <span class='ocrx_word' id='word_1_235' title='bbox 1594 2118 1689 2171; x_wconf 78' lang='grc' dir='ltr'>καὶ</span> 
     </span>
    </p>
   </div>
   <div class='ocr_carea' id='block_1_30' title="bbox 122 2211 1689 2287">
    <p class='ocr_par' dir='ltr' id='par_1_30' title="bbox 122 2211 1689 2287">
     <span class='ocr_line' id='line_1_31' title="bbox 122 2211 1689 2287; baseline -0.003 -18"><span class='ocrx_word' id='word_1_236' title='bbox 122 2219 509 2287; x_wconf 76' lang='grc' dir='ltr'>μεμελετηκὼς</span> <span class='ocrx_word' id='word_1_237' title='bbox 533 2218 851 2280; x_wconf 79' lang='grc' dir='ltr'>ὑπακούειν,</span> <span class='ocrx_word' id='word_1_238' title='bbox 881 2218 938 2271; x_wconf 75' lang='grc' dir='ltr'>οὐ</span> <span class='ocrx_word' id='word_1_239' title='bbox 968 2218 1037 2271; x_wconf 71' lang='grc' dir='ltr'>τὰ</span> <span class='ocrx_word' id='word_1_240' title='bbox 1063 2217 1158 2285; x_wconf 80' lang='grc' dir='ltr'>μὲν</span> <span class='ocrx_word' id='word_1_241' title='bbox 1181 2216 1385 2268; x_wconf 79' lang='grc' dir='ltr'>ἐλάττω</span> <span class='ocrx_word' id='word_1_242' title='bbox 1408 2211 1689 2280; x_wconf 80' lang='grc' dir='ltr'>συγχωρή·</span> 
     </span>
    </p>
   </div>
   <div class='ocr_carea' id='block_1_31' title="bbox 119 2299 1687 2377">
    <p class='ocr_par' dir='ltr' id='par_1_31' title="bbox 119 2299 1687 2377">
     <span class='ocr_line' id='line_1_32' title="bbox 119 2299 1687 2377; baseline -0.004 -19"><span class='ocrx_word' id='word_1_243' title='bbox 119 2324 231 2370; x_wconf 84' lang='grc' dir='ltr'>σει,</span> <span class='ocrx_word' id='word_1_244' title='bbox 282 2307 411 2376; x_wconf 74' lang='grc' dir='ltr'>πρὸς</span> <span class='ocrx_word' id='word_1_245' title='bbox 468 2307 524 2359; x_wconf 77' lang='grc' dir='ltr'>δὲ</span> <span class='ocrx_word' id='word_1_246' title='bbox 557 2307 622 2360; x_wconf 83' lang='grc' dir='ltr'><strong>τά</strong></span> <span class='ocrx_word' id='word_1_247' title='bbox 687 2308 854 2377; x_wconf 74' lang='grc' dir='ltr'>μείζω</span> <span class='ocrx_word' id='word_1_248' title='bbox 911 2306 1306 2373; x_wconf 66' lang='grc' dir='ltr'>φιλονεικήσει·</span> <span class='ocrx_word' id='word_1_249' title='bbox 1363 2302 1497 2355; x_wconf 72' lang='grc' dir='ltr'>ἀλλὰ</span> <span class='ocrx_word' id='word_1_250' title='bbox 1530 2299 1687 2354; x_wconf 80' lang='grc' dir='ltr'>πάνθ’</span> 
     </span>
    </p>
   </div>
   <div class='ocr_carea' id='block_1_32' title="bbox 118 2393 1689 2466">
    <p class='ocr_par' dir='ltr' id='par_1_32' title="bbox 118 2393 1689 2466">
     <span class='ocr_line' id='line_1_33' title="bbox 118 2393 1689 2466; baseline -0.003 -16"><span class='ocrx_word' id='word_1_251' title='bbox 118 2398 321 2466; x_wconf 74' lang='grc' dir='ltr'>ὁμοίως</span> <span class='ocrx_word' id='word_1_252' title='bbox 353 2399 741 2466; x_wconf 76' lang='grc' dir='ltr'>ὑποστήσεται,</span> <span class='ocrx_word' id='word_1_253' title='bbox 772 2398 874 2460; x_wconf 82' lang='grc' dir='ltr'>ἓως</span> <span class='ocrx_word' id='word_1_254' title='bbox 912 2398 976 2450; x_wconf 82' lang='grc' dir='ltr'>ἂν</span> <span class='ocrx_word' id='word_1_255' title='bbox 1012 2397 1110 2466; x_wconf 79' lang='grc' dir='ltr'>τὴν</span> <span class='ocrx_word' id='word_1_256' title='bbox 1153 2396 1262 2447; x_wconf 76' lang='grc' dir='ltr'><strong>τῶν</strong></span> <span class='ocrx_word' id='word_1_257' title='bbox 1293 2393 1689 2446; x_wconf 84' lang='grc' dir='ltr'>ἐπιταττόντων</span> 
     </span>
    </p>
   </div>
   <div class='ocr_carea' id='block_1_33' title="bbox 123 2484 1687 2559">
    <p class='ocr_par' dir='ltr' id='par_1_33' title="bbox 123 2484 1687 2559">
     <span class='ocr_line' id='line_1_34' title="bbox 123 2484 1687 2559; baseline -0.003 -18"><span class='ocrx_word' id='word_1_258' title='bbox 123 2491 285 2557; x_wconf 67' lang='grc' dir='ltr'>ἰσχὺν</span> <span class='ocrx_word' id='word_1_259' title='bbox 312 2489 610 2559; x_wconf 78' lang='grc' dir='ltr'>ὑποπτεύῃ.</span> <span class='ocrx_word' id='word_1_260' title='bbox 673 2490 827 2541; x_wconf 76' lang='grc' dir='ltr'>Ὠστ’</span> <span class='ocrx_word' id='word_1_261' title='bbox 853 2490 974 2558; x_wconf 66' lang='grc' dir='ltr'>οὐχ).</span> <span class='ocrx_word' id='word_1_262' title='bbox 1026 2489 1153 2558; x_wconf 69' lang='grc' dir='ltr'>περὶ</span> <span class='ocrx_word' id='word_1_263' title='bbox 1184 2488 1277 2553; x_wconf 80' lang='grc' dir='ltr'><strong>τῆς</strong></span> <span class='ocrx_word' id='word_1_264' title='bbox 1309 2484 1687 2547; x_wconf 74' lang='grc' dir='ltr'>Καλλιπόλεως</span> 
     </span>
    </p>
   </div>
   <div class='ocr_carea' id='block_1_34' title="bbox 123 2578 1689 2653">
    <p class='ocr_par' dir='ltr' id='par_1_34' title="bbox 123 2578 1689 2653">
     <span class='ocr_line' id='line_1_35' title="bbox 123 2578 1689 2653; baseline -0.004 -19"><span class='ocrx_word' id='word_1_265' title='bbox 123 2585 312 2653; x_wconf 76' lang='grc' dir='ltr'>μόνον,</span> <span class='ocrx_word' id='word_1_266' title='bbox 344 2583 391 2633; x_wconf 85' lang='grc' dir='ltr'><strong>εί</strong></span> <span class='ocrx_word' id='word_1_267' title='bbox 438 2584 541 2652; x_wconf 76' lang='grc' dir='ltr'><strong>χρὴ</strong></span> <span class='ocrx_word' id='word_1_268' title='bbox 575 2583 835 2652; x_wconf 78' lang='grc' dir='ltr'>προέσθαι</span> <span class='ocrx_word' id='word_1_269' title='bbox 894 2582 1095 2651; x_wconf 83' lang='grc' dir='ltr'>ταύτην</span> <span class='ocrx_word' id='word_1_270' title='bbox 1127 2622 1139 2643; x_wconf 89' lang='grc'><strong>,</strong></span> <span class='ocrx_word' id='word_1_271' title='bbox 1193 2581 1323 2647; x_wconf 82' lang='grc' dir='ltr'>ἡμῖν</span> <span class='ocrx_word' id='word_1_272' title='bbox 1354 2581 1467 2631; x_wconf 78' lang='grc' dir='ltr'>ἐστι</span> <span class='ocrx_word' id='word_1_273' title='bbox 1521 2578 1614 2631; x_wconf 74' lang='grc' dir='ltr'><strong>νῦν</strong></span> <span class='ocrx_word' id='word_1_274' title='bbox 1657 2579 1689 2647; x_wconf 81' lang='grc' dir='ltr'><strong>ἠ</strong></span> 
     </span>
    </p>
   </div>
   <div class='ocr_carea' id='block_1_35' title="bbox 121 2664 1688 2737">
    <p class='ocr_par' dir='ltr' id='par_1_35' title="bbox 121 2664 1688 2737">
     <span class='ocr_line' id='line_1_36' title="bbox 121 2664 1688 2737; baseline -0.003 -17"><span class='ocrx_word' id='word_1_275' title='bbox 121 2668 429 2737; x_wconf 78' lang='grc' dir='ltr'>συμϐουλὴ,</span> <span class='ocrx_word' id='word_1_276' title='bbox 463 2669 599 2720; x_wconf 72' lang='grc' dir='ltr'>ἀλλὰ</span> <span class='ocrx_word' id='word_1_277' title='bbox 643 2669 737 2722; x_wconf 76' lang='grc' dir='ltr'><strong>καὶ</strong></span> <span class='ocrx_word' id='word_1_278' title='bbox 770 2669 899 2737; x_wconf 76' lang='grc' dir='ltr'>περὶ</span> <span class='ocrx_word' id='word_1_279' title='bbox 944 2666 1037 2719; x_wconf 76' lang='grc' dir='ltr'>τοῦ</span> <span class='ocrx_word' id='word_1_280' title='bbox 1066 2668 1162 2733; x_wconf 82' lang='grc' dir='ltr'>τῆς</span> <span class='ocrx_word' id='word_1_281' title='bbox 1198 2666 1405 2728; x_wconf 82' lang='grc' dir='ltr'>πόλεως</span> <span class='ocrx_word' id='word_1_282' title='bbox 1437 2664 1688 2733; x_wconf 63' lang='grc' dir='ltr'>ἐδάφους,</span> 
     </span>
    </p>
   </div>
   <div class='ocr_carea' id='block_1_36' title="bbox 118 2755 1691 2827">
    <p class='ocr_par' dir='ltr' id='par_1_36' title="bbox 118 2755 1691 2827">
     <span class='ocr_line' id='line_1_37' title="bbox 118 2755 1691 2827; baseline -0.003 -14"><span class='ocrx_word' id='word_1_283' title='bbox 118 2761 222 2813; x_wconf 69' lang='grc' dir='ltr'><strong>καὶ</strong></span> <span class='ocrx_word' id='word_1_284' title='bbox 254 2760 465 2812; x_wconf 80' lang='grc' dir='ltr'>πάντων</span> <span class='ocrx_word' id='word_1_285' title='bbox 500 2760 683 2821; x_wconf 83' lang='grc' dir='ltr'>ἁπλῶς</span> <span class='ocrx_word' id='word_1_286' title='bbox 713 2759 822 2811; x_wconf 82' lang='grc' dir='ltr'><strong>τῶν</strong></span> <span class='ocrx_word' id='word_1_287' title='bbox 851 2759 1072 2813; x_wconf 83' lang='grc' dir='ltr'>λοιπῶν.</span> <span class='ocrx_word' id='word_1_288' title='bbox 1102 2758 1176 2810; x_wconf 72' lang='grc' dir='ltr'><strong>Οὐ</strong></span> <span class='ocrx_word' id='word_1_289' title='bbox 1208 2758 1310 2827; x_wconf 81' lang='grc' dir='ltr'>χρὴ</span> <span class='ocrx_word' id='word_1_290' title='bbox 1348 2756 1527 2809; x_wconf 83' lang='grc' dir='ltr'>τοίνυν</span> <span class='ocrx_word' id='word_1_291' title='bbox 1551 2755 1691 2808; x_wconf 72' lang='grc' dir='ltr'>οὕτω</span> 
     </span>
    </p>
   </div>
   <div class='ocr_carea' id='block_1_37' title="bbox 118 2848 1687 2920">
    <p class='ocr_par' dir='ltr' id='par_1_37' title="bbox 118 2848 1687 2920">
     <span class='ocr_line' id='line_1_38' title="bbox 118 2848 1687 2920; baseline -0.004 -17"><span class='ocrx_word' id='word_1_292' title='bbox 118 2851 557 2914; x_wconf 74' lang='grc' dir='ltr'>ταπεινωθέντας</span> <span class='ocrx_word' id='word_1_293' title='bbox 614 2851 790 2904; x_wconf 85' lang='grc' dir='ltr'>πάντα</span> <span class='ocrx_word' id='word_1_294' title='bbox 840 2852 1146 2920; x_wconf 81' lang='grc' dir='ltr'>συγχωρεῖν</span> <span class='ocrx_word' id='word_1_295' title='bbox 1200 2852 1309 2911; x_wconf 91' lang='grc' dir='ltr'>τοῖς</span> <span class='ocrx_word' id='word_1_296' title='bbox 1354 2848 1687 2917; x_wconf 77' lang='grc' dir='ltr'>βαρϐάροις·</span> 
     </span>
    </p>
   </div>
   <div class='ocr_carea' id='block_1_38' title="bbox 120 2935 1689 3012">
    <p class='ocr_par' dir='ltr' id='par_1_38' title="bbox 120 2935 1689 3012">
     <span class='ocr_line' id='line_1_39' title="bbox 120 2935 1689 3012; baseline -0.005 -17"><span class='ocrx_word' id='word_1_297' title='bbox 120 2942 248 2995; x_wconf 84' lang='grc' dir='ltr'>ἀλλ’</span> <span class='ocrx_word' id='word_1_298' title='bbox 284 2943 567 2994; x_wconf 69' lang='grc' dir='ltr'>ἐνίοτεσκαὶ</span> <span class='ocrx_word' id='word_1_299' title='bbox 596 2941 1012 3012; x_wconf 80' lang='grc' dir='ltr'>συμφερώτερον</span> <span class='ocrx_word' id='word_1_300' title='bbox 1055 2940 1300 3009; x_wconf 74' lang='grc' dir='ltr'>νομίζειν</span> <span class='ocrx_word' id='word_1_301' title='bbox 1350 2935 1689 3003; x_wconf 80' lang='grc' dir='ltr'>ἐνίστασθαι,</span> 
     </span>
    </p>
   </div>
   <div class='ocr_carea' id='block_1_39' title="bbox 123 3028 1690 3102">
    <p class='ocr_par' dir='ltr' id='par_1_39' title="bbox 123 3028 1690 3102">
     <span class='ocr_line' id='line_1_40' title="bbox 123 3028 1690 3102; baseline -0.003 -18"><span class='ocrx_word' id='word_1_302' title='bbox 123 3034 226 3084; x_wconf 83' lang='grc' dir='ltr'>καὶ</span> <span class='ocrx_word' id='word_1_303' title='bbox 257 3032 496 3099; x_wconf 72' lang='grc' dir='ltr'>νομίζειν</span> <span class='ocrx_word' id='word_1_304' title='bbox 549 3035 742 3102; x_wconf 79' lang='grc' dir='ltr'>τέχνης</span> <span class='ocrx_word' id='word_1_305' title='bbox 794 3032 938 3093; x_wconf 77' lang='grc' dir='ltr'>τινὸς</span> <span class='ocrx_word' id='word_1_306' title='bbox 992 3032 1175 3083; x_wconf 84' lang='grc' dir='ltr'>εἵνεκα</span> <span class='ocrx_word' id='word_1_307' title='bbox 1230 3033 1322 3083; x_wconf 79' lang='grc' dir='ltr'>καὶ</span> <span class='ocrx_word' id='word_1_308' title='bbox 1373 3028 1566 3099; x_wconf 85' lang='grc' dir='ltr'>πείρας</span> <span class='ocrx_word' id='word_1_309' title='bbox 1600 3029 1690 3079; x_wconf 71' lang='grc' dir='ltr'><strong>ὑπ’</strong></span> 
     </span>
    </p>
   </div>
   <div class='ocr_carea' id='block_1_40' title="bbox 122 3122 1693 3194">
    <p class='ocr_par' dir='ltr' id='par_1_40' title="bbox 122 3122 1693 3194">
     <span class='ocr_line' id='line_1_41' title="bbox 122 3122 1693 3194; baseline -0.004 -17"><span class='ocrx_word' id='word_1_310' title='bbox 122 3125 359 3177; x_wconf 74' lang='grc' dir='ltr'>ἐκείνων</span> <span class='ocrx_word' id='word_1_311' title='bbox 386 3126 544 3177; x_wconf 80' lang='grc' dir='ltr'>ταυτὶ</span> <span class='ocrx_word' id='word_1_312' title='bbox 578 3125 1007 3194; x_wconf 60' lang='grc' dir='ltr'>προϐεϐλῆσϐαγ</span> <span class='ocrx_word' id='word_1_313' title='bbox 1044 3123 1133 3189; x_wconf 72' lang='lat' dir='ltr'><strong>iv,’</strong></span> <span class='ocrx_word' id='word_1_314' title='bbox 1155 3125 1249 3176; x_wconf 77' lang='grc' dir='ltr'><strong>ἐὰν</strong></span> <span class='ocrx_word' id='word_1_315' title='bbox 1282 3124 1378 3191; x_wconf 85' lang='grc' dir='ltr'>μὲν</span> <span class='ocrx_word' id='word_1_316' title='bbox 1418 3122 1693 3190; x_wconf 85' lang='grc' dir='ltr'>ἐνστῶμεν</span> 
     </span>
    </p>
   </div>
   <div class='ocr_carea' id='block_1_41' title="bbox 121 3213 1765 3314">
    <p class='ocr_par' dir='ltr' id='par_1_41' title="bbox 121 3213 1765 3314">
     <span class='ocr_line' id='line_1_42' title="bbox 121 3213 1765 3314; baseline 0 -47"><span class='ocrx_word' id='word_1_317' title='bbox 121 3216 229 3268; x_wconf 78' lang='grc' dir='ltr'><strong>καὶ</strong></span> <span class='ocrx_word' id='word_1_318' title='bbox 274 3215 377 3267; x_wconf 83' lang='grc' dir='ltr'>τῶν</span> <span class='ocrx_word' id='word_1_319' title='bbox 402 3216 568 3268; x_wconf 78' lang='grc' dir='ltr'>δ·.των</span> <span class='ocrx_word' id='word_1_320' title='bbox 600 3215 1024 3282; x_wconf 72' lang='grc' dir='ltr'>ἀντιποιὼμεῦα,</span> <span class='ocrx_word' id='word_1_321' title='bbox 1090 3215 1182 3268; x_wconf 71' lang='grc' dir='ltr'><strong>καὶ</strong></span> <span class='ocrx_word' id='word_1_322' title='bbox 1212 3216 1358 3284; x_wconf 78' lang='grc' dir='ltr'>δῆλοι</span> <span class='ocrx_word' id='word_1_323' title='bbox 1407 3213 1694 3283; x_wconf 80' lang='grc' dir='ltr'>γενώμεθα</span> <span class='ocrx_word' id='word_1_324' title='bbox 1718 3251 1765 3314; x_wconf 78' lang='lat' dir='ltr'>C</span> 
     </span>
    </p>
   </div>
   <div class='ocr_carea' id='block_1_42' title="bbox 125 3303 1695 3373">
    <p class='ocr_par' dir='ltr' id='par_1_42' title="bbox 125 3303 1695 3373">
     <span class='ocr_line' id='line_1_43' title="bbox 125 3303 1695 3373; baseline -0.001 -17"><span class='ocrx_word' id='word_1_325' title='bbox 125 3305 211 3373; x_wconf 85' lang='grc' dir='ltr'>μὴ</span> <span class='ocrx_word' id='word_1_326' title='bbox 255 3303 636 3373; x_wconf 65' lang='grc' dir='ltr'>ἐπιτρέψοντες</span> <span class='ocrx_word' id='word_1_327' title='bbox 671 3305 826 3371; x_wconf 81' lang='grc' dir='ltr'>ἄγειν</span> <span class='ocrx_word' id='word_1_328' title='bbox 872 3305 965 3356; x_wconf 75' lang='grc' dir='ltr'>καὶ</span> <span class='ocrx_word' id='word_1_329' title='bbox 1026 3305 1212 3372; x_wconf 76' lang='grc' dir='ltr'>φέρειν</span> <span class='ocrx_word' id='word_1_330' title='bbox 1248 3304 1416 3372; x_wconf 73' lang='grc' dir='ltr'>ἡμᾶς,</span> <span class='ocrx_word' id='word_1_331' title='bbox 1468 3303 1595 3356; x_wconf 86' lang='grc' dir='ltr'>ἀλλο</span> <span class='ocrx_word' id='word_1_332' title='bbox 1642 3319 1695 3355; x_wconf 89' lang='grc' dir='ltr'><strong>τι</strong></span> 
     </span>
    </p>
   </div>
   <div class='ocr_carea' id='block_1_43' title="bbox 119 3392 1696 3463">
    <p class='ocr_par' dir='ltr' id='par_1_43' title="bbox 119 3392 1696 3463">
     <span class='ocr_line' id='line_1_44' title="bbox 119 3392 1696 3463; baseline -0.001 -19"><span class='ocrx_word' id='word_1_333' title='bbox 119 3394 411 3463; x_wconf 74' lang='grc' dir='ltr'>ζητήσωσι</span> <span class='ocrx_word' id='word_1_334' title='bbox 458 3394 810 3462; x_wconf 74' lang='grc' dir='ltr'>λυσιτελῆσον</span> <span class='ocrx_word' id='word_1_335' title='bbox 843 3393 1026 3456; x_wconf 82' lang='grc' dir='ltr'>αὐτοῖς</span> <span class='ocrx_word' id='word_1_336' title='bbox 1048 3410 1061 3423; x_wconf 81' lang='lat'><strong>&#39;</strong></span> <span class='ocrx_word' id='word_1_337' title='bbox 1095 3393 1187 3446; x_wconf 85' lang='grc' dir='ltr'>ἐὰν</span> <span class='ocrx_word' id='word_1_338' title='bbox 1215 3393 1257 3446; x_wconf 83' lang='grc' dir='ltr'>δ’</span> <span class='ocrx_word' id='word_1_339' title='bbox 1290 3392 1696 3460; x_wconf 74' lang='grc' dir='ltr'>ὑποπτήξαντες</span> 
     </span>
    </p>
   </div>
   <div class='ocr_carea' id='block_1_44' title="bbox 120 3485 1699 3556">
    <p class='ocr_par' dir='ltr' id='par_1_44' title="bbox 120 3485 1699 3556">
     <span class='ocr_line' id='line_1_45' title="bbox 120 3485 1699 3556; baseline 0.001 -19"><span class='ocrx_word' id='word_1_340' title='bbox 120 3486 584 3555; x_wconf 75' lang='grc' dir='ltr'>συγχωρήσωμεν</span> <span class='ocrx_word' id='word_1_341' title='bbox 613 3526 627 3551; x_wconf 93' lang='grc'><strong>,</strong></span> <span class='ocrx_word' id='word_1_342' title='bbox 681 3487 867 3539; x_wconf 67' lang='grc' dir='ltr'>λοιπον</span> <span class='ocrx_word' id='word_1_343' title='bbox 910 3488 982 3548; x_wconf 88' lang='grc' dir='ltr'>ὼς</span> <span class='ocrx_word' id='word_1_344' title='bbox 1017 3487 1117 3556; x_wconf 78' lang='grc' dir='ltr'>ἤδη</span> <span class='ocrx_word' id='word_1_345' title='bbox 1157 3487 1560 3544; x_wconf 65' lang='grc' dir='ltr'>ταπεινωῠεῖσι.</span> <span class='ocrx_word' id='word_1_346' title='bbox 1602 3485 1699 3538; x_wconf 77' lang='grc' dir='ltr'>καὶ</span> 
     </span>
    </p>
   </div>
   <div class='ocr_carea' id='block_1_45' title="bbox 117 3576 1698 3649">
    <p class='ocr_par' dir='ltr' id='par_1_45' title="bbox 117 3576 1698 3649">
     <span class='ocr_line' id='line_1_46' title="bbox 117 3576 1698 3649; baseline 0.002 -21"><span class='ocrx_word' id='word_1_347' title='bbox 117 3576 288 3628; x_wconf 65' lang='grc' dir='ltr'>οὐδὲν</span> <span class='ocrx_word' id='word_1_348' title='bbox 321 3578 413 3629; x_wconf 84' lang='grc' dir='ltr'><strong>ὅτι</strong></span> <span class='ocrx_word' id='word_1_349' title='bbox 450 3579 509 3629; x_wconf 79' lang='grc' dir='ltr'><strong>οὐ</strong></span> <span class='ocrx_word' id='word_1_350' title='bbox 539 3579 976 3647; x_wconf 82' lang='grc' dir='ltr'>συγχωρήσουσι,</span> <span class='ocrx_word' id='word_1_351' title='bbox 1022 3580 1317 3649; x_wconf 77' lang='grc' dir='ltr'>χρήσονται</span> <span class='ocrx_word' id='word_1_352' title='bbox 1344 3594 1357 3608; x_wconf 78' lang='grc'>⁶</span> <span class='ocrx_word' id='word_1_353' title='bbox 1389 3581 1482 3631; x_wconf 75' lang='grc' dir='ltr'><strong>καὶ</strong></span> <span class='ocrx_word' id='word_1_354' title='bbox 1517 3579 1698 3631; x_wconf 81' lang='grc' dir='ltr'>πάντα</span> 
     </span>
    </p>
   </div>
   <div class='ocr_carea' id='block_1_46' title="bbox 116 3669 1698 3740">
    <p class='ocr_par' dir='ltr' id='par_1_46' title="bbox 116 3669 1698 3740">
     <span class='ocr_line' id='line_1_47' title="bbox 116 3669 1698 3740; baseline 0.001 -20"><span class='ocrx_word' id='word_1_355' title='bbox 116 3670 552 3740; x_wconf 71' lang='grc' dir='ltr'>περικόψαντες,</span> <span class='ocrx_word' id='word_1_356' title='bbox 582 3669 940 3731; x_wconf 78' lang='grc' dir='ltr'>τελευτῶντες</span> <span class='ocrx_word' id='word_1_357' title='bbox 971 3670 1190 3738; x_wconf 75' lang='grc' dir='ltr'>ἥξουσιν</span> <span class='ocrx_word' id='word_1_358' title='bbox 1223 3670 1316 3723; x_wconf 69' lang='grc' dir='ltr'><strong>ἐπὶ</strong></span> <span class='ocrx_word' id='word_1_359' title='bbox 1339 3673 1433 3733; x_wconf 81' lang='grc' dir='ltr'><strong>τάς</strong></span> <span class='ocrx_word' id='word_1_360' title='bbox 1470 3669 1698 3738; x_wconf 79' lang='grc' dir='ltr'>θυγατέο</span> 
     </span>
    </p>
   </div>
   <div class='ocr_carea' id='block_1_47' title="bbox 114 3760 1698 3829">
    <p class='ocr_par' dir='ltr' id='par_1_47' title="bbox 114 3760 1698 3829">
     <span class='ocr_line' id='line_1_48' title="bbox 114 3760 1698 3829; baseline 0.004 -20"><span class='ocrx_word' id='word_1_361' title='bbox 114 3776 256 3828; x_wconf 58' lang='lat' dir='ltr'><strong>pm,</strong></span> <span class='ocrx_word' id='word_1_362' title='bbox 300 3760 395 3811; x_wconf 72' lang='grc' dir='ltr'><strong>καὶ</strong></span> <span class='ocrx_word' id='word_1_363' title='bbox 423 3761 545 3822; x_wconf 81' lang='grc' dir='ltr'>τοὺς</span> <span class='ocrx_word' id='word_1_364' title='bbox 572 3761 789 3825; x_wconf 86' lang='grc' dir='ltr'>παῖδας,</span> <span class='ocrx_word' id='word_1_365' title='bbox 820 3763 915 3813; x_wconf 73' lang='grc' dir='ltr'><strong>καὶ</strong></span> <span class='ocrx_word' id='word_1_366' title='bbox 936 3764 1033 3824; x_wconf 67' lang='grc' dir='ltr'><strong>τὰς</strong></span> <span class='ocrx_word' id='word_1_367' title='bbox 1079 3765 1366 3829; x_wconf 87' lang='grc' dir='ltr'>γυναῖκας,</span> <span class='ocrx_word' id='word_1_368' title='bbox 1402 3766 1493 3815; x_wconf 72' lang='grc' dir='ltr'><strong>καὶ</strong></span> <span class='ocrx_word' id='word_1_369' title='bbox 1522 3765 1588 3818; x_wconf 84' lang='grc' dir='ltr'><strong>τά</strong></span> <span class='ocrx_word' id='word_1_370' title='bbox 1614 3781 1698 3823; x_wconf 80' lang='grc' dir='ltr'>τι·</span> 
     </span>
    </p>
   </div>
   <div class='ocr_carea' id='block_1_48' title="bbox 121 3852 1698 3926">
    <p class='ocr_par' dir='ltr' id='par_1_48' title="bbox 121 3852 1698 3926">
     <span class='ocr_line' id='line_1_49' title="bbox 121 3852 1698 3926; baseline 0.007 -24"><span class='ocrx_word' id='word_1_371' title='bbox 121 3852 406 3922; x_wconf 82' lang='grc' dir='ltr'>μιώτατα,</span> <span class='ocrx_word' id='word_1_372' title='bbox 433 3853 527 3905; x_wconf 73' lang='grc' dir='ltr'><strong>καὶ</strong></span> <span class='ocrx_word' id='word_1_373' title='bbox 558 3852 653 3922; x_wconf 74' lang='grc' dir='ltr'>τὴν</span> <span class='ocrx_word' id='word_1_374' title='bbox 681 3854 931 3922; x_wconf 82' lang='grc' dir='ltr'>πατρίδα.</span> <span class='ocrx_word' id='word_1_375' title='bbox 964 3856 1037 3907; x_wconf 71' lang='grc' dir='ltr'><strong>Οὐ</strong></span> <span class='ocrx_word' id='word_1_376' title='bbox 1075 3856 1180 3926; x_wconf 68' lang='grc' dir='ltr'><strong>γὰρ</strong></span> <span class='ocrx_word' id='word_1_377' title='bbox 1212 3858 1269 3909; x_wconf 83' lang='grc' dir='ltr'><strong>ἐν</strong></span> <span class='ocrx_word' id='word_1_378' title='bbox 1291 3860 1402 3919; x_wconf 85' lang='grc' dir='ltr'>τοῖς</span> <span class='ocrx_word' id='word_1_379' title='bbox 1420 3856 1698 3913; x_wconf 81' lang='grc' dir='ltr'>ἐλάττοσιν</span> 
     </span>
    </p>
   </div>
   <div class='ocr_carea' id='block_1_49' title="bbox 114 3941 1698 4019">
    <p class='ocr_par' dir='ltr' id='par_1_49' title="bbox 114 3941 1698 4019">
     <span class='ocr_line' id='line_1_50' title="bbox 114 3941 1698 4019; baseline 0.004 -23"><span class='ocrx_word' id='word_1_380' title='bbox 114 3941 656 4010; x_wconf 81' lang='grc' dir='ltr'>ἀναισχυντοῦντες,</span> <span class='ocrx_word' id='word_1_381' title='bbox 710 3946 767 3995; x_wconf 83' lang='grc' dir='ltr'><strong>ἐν</strong></span> <span class='ocrx_word' id='word_1_382' title='bbox 827 3947 938 4008; x_wconf 87' lang='grc' dir='ltr'>τοῖς</span> <span class='ocrx_word' id='word_1_383' title='bbox 975 3946 1250 4013; x_wconf 75' lang='grc' dir='ltr'>μεγίστοις</span> <span class='ocrx_word' id='word_1_384' title='bbox 1314 3948 1698 4019; x_wconf 77' lang='grc' dir='ltr'>ἐπιστήσονται</span> 
     </span>
    </p>
   </div>
   <div class='ocr_carea' id='block_1_50' title="bbox 112 4033 1699 4108">
    <p class='ocr_par' dir='ltr' id='par_1_50' title="bbox 112 4033 1699 4108">
     <span class='ocr_line' id='line_1_51' title="bbox 112 4033 1699 4108; baseline 0.004 -22"><span class='ocrx_word' id='word_1_385' title='bbox 112 4035 454 4103; x_wconf 59' lang='grc' dir='ltr'>σωφρονεῖν.</span> <span class='ocrx_word' id='word_1_386' title='bbox 491 4035 598 4087; x_wconf 73' lang='grc' dir='ltr'><strong>Καὶ</strong></span> <span class='ocrx_word' id='word_1_387' title='bbox 631 4036 679 4087; x_wconf 87' lang='grc' dir='ltr'>εἰ</span> <span class='ocrx_word' id='word_1_388' title='bbox 712 4033 881 4087; x_wconf 66' lang='grc' dir='ltr'>ταῦτα</span> <span class='ocrx_word' id='word_1_389' title='bbox 923 4040 1399 4105; x_wconf 76' lang='grc' dir='ltr'>συγχωρήσαιμεν,</span> <span class='ocrx_word' id='word_1_390' title='bbox 1429 4040 1501 4101; x_wconf 82' lang='grc' dir='ltr'>ὡς</span> <span class='ocrx_word' id='word_1_391' title='bbox 1526 4041 1699 4108; x_wconf 78' lang='grc' dir='ltr'>ἔγωγε</span> 
     </span>
    </p>
   </div>
   <div class='ocr_carea' id='block_1_51' title="bbox 108 4127 1699 4201">
    <p class='ocr_par' dir='ltr' id='par_1_51' title="bbox 108 4127 1699 4201">
     <span class='ocr_line' id='line_1_52' title="bbox 108 4127 1699 4201; baseline 0.004 -24"><span class='ocrx_word' id='word_1_392' title='bbox 108 4128 228 4195; x_wconf 77' lang='grc' dir='ltr'>οὐχ</span> <span class='ocrx_word' id='word_1_393' title='bbox 263 4127 377 4197; x_wconf 84' lang='grc' dir='ltr'>ὁρῶ</span> <span class='ocrx_word' id='word_1_394' title='bbox 424 4128 541 4190; x_wconf 85' lang='grc' dir='ltr'><strong>πῶς</strong></span> <span class='ocrx_word' id='word_1_395' title='bbox 603 4128 703 4181; x_wconf 80' lang='grc' dir='ltr'><strong>οὐκ</strong></span> <span class='ocrx_word' id='word_1_396' title='bbox 751 4128 1076 4199; x_wconf 79' lang='grc' dir='ltr'>ἀξιώσομεν,</span> <span class='ocrx_word' id='word_1_397' title='bbox 1115 4131 1209 4194; x_wconf 82' lang='grc' dir='ltr'>τῆς</span> <span class='ocrx_word' id='word_1_398' title='bbox 1266 4134 1433 4201; x_wconf 82' lang='grc' dir='ltr'>αὐτῆς</span> <span class='ocrx_word' id='word_1_399' title='bbox 1469 4134 1563 4184; x_wconf 70' lang='grc' dir='ltr'><strong>καὶ</strong></span> <span class='ocrx_word' id='word_1_400' title='bbox 1589 4132 1699 4184; x_wconf 53' lang='grc' dir='ltr'>τόν</span> 
     </span>
    </p>
   </div>
   <div class='ocr_carea' id='block_1_52' title="bbox 110 4219 1701 4293">
    <p class='ocr_par' dir='ltr' id='par_1_52' title="bbox 110 4219 1701 4293">
     <span class='ocr_line' id='line_1_53' title="bbox 110 4219 1701 4293; baseline 0.004 -23"><span class='ocrx_word' id='word_1_401' title='bbox 110 4222 271 4291; x_wconf 77' lang='grc' dir='ltr'>ἡμῖν</span> <span class='ocrx_word' id='word_1_402' title='bbox 304 4219 548 4288; x_wconf 73' lang='grc' dir='ltr'>ἀνάγκης</span> <span class='ocrx_word' id='word_1_403' title='bbox 593 4220 967 4288; x_wconf 78' lang='grc' dir='ltr'>ἐπικειμένης,</span> <span class='ocrx_word' id='word_1_404' title='bbox 1021 4220 1197 4273; x_wconf 86' lang='grc' dir='ltr'>πάντα</span> <span class='ocrx_word' id='word_1_405' title='bbox 1225 4222 1332 4292; x_wconf 85' lang='grc' dir='ltr'>ἄρα</span> <span class='ocrx_word' id='word_1_406' title='bbox 1365 4225 1474 4285; x_wconf 86' lang='grc' dir='ltr'>τοῖς</span> <span class='ocrx_word' id='word_1_407' title='bbox 1502 4223 1701 4293; x_wconf 78' lang='grc' dir='ltr'>βαρϐά-</span> 
     </span>
    </p>
   </div>
   <div class='ocr_carea' id='block_1_53' title="bbox 118 4305 1702 4376">
    <p class='ocr_par' dir='ltr' id='par_1_53' title="bbox 118 4305 1702 4376">
     <span class='ocr_line' id='line_1_54' title="bbox 118 4305 1702 4376; baseline 0.004 -18"><span class='ocrx_word' id='word_1_408' title='bbox 118 4325 256 4376; x_wconf 78' lang='grc' dir='ltr'>ροις</span> <span class='ocrx_word' id='word_1_409' title='bbox 312 4310 731 4375; x_wconf 81' lang='grc' dir='ltr'>προστάττουσιν</span> <span class='ocrx_word' id='word_1_410' title='bbox 773 4308 1138 4360; x_wconf 71' lang='grc' dir='ltr'>ὑπακουστέον</span> <span class='ocrx_word' id='word_1_411' title='bbox 1190 4305 1329 4362; x_wconf 83' lang='grc' dir='ltr'>εἶναι</span> <span class='ocrx_word' id='word_1_412' title='bbox 1387 4312 1600 4373; x_wconf 79' lang='grc' dir='ltr'>πάντως</span> <span class='ocrx_word' id='word_1_413' title='bbox 1636 4315 1702 4365; x_wconf 82' lang='grc' dir='ltr'><strong>ἐκ</strong></span> 
     </span>
    </p>
   </div>
   <div class='ocr_carea' id='block_1_54' title="bbox 107 4396 1704 4470">
    <p class='ocr_par' dir='ltr' id='par_1_54' title="bbox 107 4396 1704 4470">
     <span class='ocr_line' id='line_1_55' title="bbox 107 4396 1704 4470; baseline 0.002 -19"><span class='ocrx_word' id='word_1_414' title='bbox 107 4396 227 4451; x_wconf 78' lang='grc' dir='ltr'>τοῦ</span> <span class='ocrx_word' id='word_1_415' title='bbox 262 4396 423 4464; x_wconf 79' lang='grc' dir='ltr'>λόγου</span> <span class='ocrx_word' id='word_1_416' title='bbox 467 4396 656 4449; x_wconf 81' lang='grc' dir='ltr'>τούτου</span> <span class='ocrx_word' id='word_1_417' title='bbox 690 4397 1027 4466; x_wconf 75' lang='grc' dir='ltr'>συμϐαίνειν.</span> <span class='ocrx_word' id='word_1_418' title='bbox 1085 4398 1146 4449; x_wconf 80' lang='lat' dir='ltr'><strong>El</strong></span> <span class='ocrx_word' id='word_1_419' title='bbox 1177 4398 1230 4451; x_wconf 85' lang='grc' dir='ltr'><strong>ὃέ</strong></span> <span class='ocrx_word' id='word_1_420' title='bbox 1259 4398 1436 4464; x_wconf 79' lang='grc' dir='ltr'>τοῦτο,</span> <span class='ocrx_word' id='word_1_421' title='bbox 1493 4417 1704 4470; x_wconf 74' lang='grc' dir='ltr'>σωφρο-</span> 
     </span>
    </p>
   </div>
   <div class='ocr_carea' id='block_1_55' title="bbox 110 4487 1702 4560">
    <p class='ocr_par' dir='ltr' id='par_1_55' title="bbox 110 4487 1702 4560">
     <span class='ocr_line' id='line_1_56' title="bbox 110 4487 1702 4560; baseline 0.001 -18"><span class='ocrx_word' id='word_1_422' title='bbox 110 4487 379 4542; x_wconf 75' lang='grc' dir='ltr'>νούντων</span> <span class='ocrx_word' id='word_1_423' title='bbox 425 4489 491 4541; x_wconf 78' lang='grc' dir='ltr'>ἂν</span> <span class='ocrx_word' id='word_1_424' title='bbox 524 4488 631 4557; x_wconf 75' lang='grc' dir='ltr'>εἴη,</span> <span class='ocrx_word' id='word_1_425' title='bbox 679 4489 810 4558; x_wconf 73' lang='grc' dir='ltr'>πρὶν</span> <span class='ocrx_word' id='word_1_426' title='bbox 854 4488 1186 4541; x_wconf 82' lang='grc' dir='ltr'>καθέκαστον</span> <span class='ocrx_word' id='word_1_427' title='bbox 1230 4490 1468 4553; x_wconf 80' lang='grc' dir='ltr'>διδόντας</span> <span class='ocrx_word' id='word_1_428' title='bbox 1522 4493 1702 4560; x_wconf 85' lang='grc' dir='ltr'>πράγ-</span> 
     </span>
    </p>
   </div>
   <div class='ocr_carea' id='block_1_56' title="bbox 1790 2029 3361 2095">
    <p class='ocr_par' dir='ltr' id='par_1_56' title="bbox 1790 2029 3361 2095">
     <span class='ocr_line' id='line_1_57' title="bbox 1790 2029 3361 2095; baseline 0.006 -14"><span class='ocrx_word' id='word_1_429' title='bbox 1790 2029 2041 2091; x_wconf 89' lang='lat' dir='ltr'><strong>tentiam,</strong></span> <span class='ocrx_word' id='word_1_430' title='bbox 2079 2029 2228 2082; x_wconf 87' lang='lat' dir='ltr'><strong>hisce</strong></span> <span class='ocrx_word' id='word_1_431' title='bbox 2263 2030 2614 2083; x_wconf 85' lang='lat' dir='ltr'><strong>sermonibus</strong></span> <span class='ocrx_word' id='word_1_432' title='bbox 2646 2032 2920 2087; x_wconf 85' lang='lat' dir='ltr'><strong>assentiri.</strong></span> <span class='ocrx_word' id='word_1_433' title='bbox 2961 2034 3063 2095; x_wconf 71' lang='lat' dir='ltr'><strong>Qui</strong></span> <span class='ocrx_word' id='word_1_434' title='bbox 3097 2037 3242 2091; x_wconf 91' lang='lat' dir='ltr'><strong>enim</strong></span> <span class='ocrx_word' id='word_1_435' title='bbox 3280 2054 3361 2090; x_wconf 81' lang='lat' dir='ltr'><strong>sc-</strong></span> 
     </span>
    </p>
   </div>
   <div class='ocr_carea' id='block_1_57' title="bbox 1790 2119 3359 2196">
    <p class='ocr_par' dir='ltr' id='par_1_57' title="bbox 1790 2119 3359 2196">
     <span class='ocr_line' id='line_1_58' title="bbox 1790 2119 3359 2196; baseline 0.007 -25"><span class='ocrx_word' id='word_1_436' title='bbox 1790 2120 1895 2172; x_wconf 89' lang='lat' dir='ltr'><strong>mel</strong></span> <span class='ocrx_word' id='word_1_437' title='bbox 1931 2119 2166 2173; x_wconf 92' lang='lat' dir='ltr'><strong>hostium</strong></span> <span class='ocrx_word' id='word_1_438' title='bbox 2201 2131 2428 2188; x_wconf 83' lang='lat' dir='ltr'><strong>stupens</strong></span> <span class='ocrx_word' id='word_1_439' title='bbox 2460 2121 2785 2190; x_wconf 84' lang='lat' dir='ltr'><strong>potentiam,</strong></span> <span class='ocrx_word' id='word_1_440' title='bbox 2828 2124 3052 2180; x_wconf 88' lang='lat' dir='ltr'><strong>obedire</strong></span> <span class='ocrx_word' id='word_1_441' title='bbox 3097 2130 3359 2196; x_wconf 79' lang='lat' dir='ltr'><strong>assuevit,</strong></span> 
     </span>
    </p>
   </div>
   <div class='ocr_carea' id='block_1_58' title="bbox 1799 2208 3361 2283">
    <p class='ocr_par' dir='ltr' id='par_1_58' title="bbox 1799 2208 3361 2283">
     <span class='ocr_line' id='line_1_59' title="bbox 1799 2208 3361 2283; baseline 0.009 -24"><span class='ocrx_word' id='word_1_442' title='bbox 1799 2208 2219 2278; x_wconf 84' lang='lat' dir='ltr'><strong>haudquaquam</strong></span> <span class='ocrx_word' id='word_1_443' title='bbox 2254 2210 2464 2263; x_wconf 87' lang='lat' dir='ltr'><strong>minora</strong></span> <span class='ocrx_word' id='word_1_444' title='bbox 2494 2210 2715 2279; x_wconf 85' lang='lat' dir='ltr'><strong>quidem</strong></span> <span class='ocrx_word' id='word_1_445' title='bbox 2747 2228 3116 2271; x_wconf 83' lang='lat' dir='ltr'><strong>concessurus</strong></span> <span class='ocrx_word' id='word_1_446' title='bbox 3135 2229 3239 2283; x_wconf 88' lang='lat' dir='ltr'><strong>est,</strong></span> <span class='ocrx_word' id='word_1_447' title='bbox 3279 2220 3361 2273; x_wconf 89' lang='lat' dir='ltr'><strong>in-</strong></span> 
     </span>
    </p>
   </div>
   <div class='ocr_carea' id='block_1_59' title="bbox 1790 2301 3362 2375">
    <p class='ocr_par' dir='ltr' id='par_1_59' title="bbox 1790 2301 3362 2375">
     <span class='ocr_line' id='line_1_60' title="bbox 1790 2301 3362 2375; baseline 0.009 -24"><span class='ocrx_word' id='word_1_448' title='bbox 1790 2316 1896 2368; x_wconf 88' lang='lat' dir='ltr'><strong>que</strong></span> <span class='ocrx_word' id='word_1_449' title='bbox 1950 2301 2248 2370; x_wconf 84' lang='lat' dir='ltr'><strong>majoribus</strong></span> <span class='ocrx_word' id='word_1_450' title='bbox 2281 2302 2632 2355; x_wconf 87' lang='lat' dir='ltr'><strong>contentione</strong></span> <span class='ocrx_word' id='word_1_451' title='bbox 2664 2314 2887 2357; x_wconf 77' lang='lat' dir='ltr'><strong>acturus</strong></span> <span class='ocrx_word' id='word_1_452' title='bbox 2913 2345 2925 2358; x_wconf 93' lang='lat'><strong>.</strong></span> <span class='ocrx_word' id='word_1_453' title='bbox 2979 2310 3110 2375; x_wconf 90' lang='lat' dir='ltr'><strong>quin</strong></span> <span class='ocrx_word' id='word_1_454' title='bbox 3148 2310 3255 2364; x_wconf 91' lang='lat' dir='ltr'><strong>imo</strong></span> <span class='ocrx_word' id='word_1_455' title='bbox 3284 2313 3362 2365; x_wconf 81' lang='lat' dir='ltr'><strong>si-</strong></span> 
     </span>
    </p>
   </div>
   <div class='ocr_carea' id='block_1_60' title="bbox 1794 2391 3359 2468">
    <p class='ocr_par' dir='ltr' id='par_1_60' title="bbox 1794 2391 3359 2468">
     <span class='ocr_line' id='line_1_61' title="bbox 1794 2391 3359 2468; baseline 0.008 -25"><span class='ocrx_word' id='word_1_456' title='bbox 1794 2392 1907 2444; x_wconf 91' lang='lat' dir='ltr'><strong>mili</strong></span> <span class='ocrx_word' id='word_1_457' title='bbox 1951 2391 2134 2444; x_wconf 92' lang='lat' dir='ltr'><strong>omnia</strong></span> <span class='ocrx_word' id='word_1_458' title='bbox 2188 2392 2397 2445; x_wconf 90' lang='lat' dir='ltr'><strong>ratione</strong></span> <span class='ocrx_word' id='word_1_459' title='bbox 2434 2392 2594 2455; x_wconf 88' lang='lat' dir='ltr'><strong>feret,</strong></span> <span class='ocrx_word' id='word_1_460' title='bbox 2648 2395 2891 2461; x_wconf 89' lang='lat' dir='ltr'><strong>quandiu</strong></span> <span class='ocrx_word' id='word_1_461' title='bbox 2926 2399 3359 2468; x_wconf 71' lang='lat' dir='ltr'><strong>praecipientium</strong></span> 
     </span>
    </p>
   </div>
   <div class='ocr_carea' id='block_1_61' title="bbox 1791 2483 3359 2554">
    <p class='ocr_par' dir='ltr' id='par_1_61' title="bbox 1791 2483 3359 2554">
     <span class='ocr_line' id='line_1_62' title="bbox 1791 2483 3359 2554; baseline 0.01 -23"><span class='ocrx_word' id='word_1_462' title='bbox 1791 2491 2114 2551; x_wconf 81' lang='lat' dir='ltr'><strong>potestatem</strong></span> <span class='ocrx_word' id='word_1_463' title='bbox 2139 2492 2447 2551; x_wconf 85' lang='lat' dir='ltr'><strong>suspectam</strong></span> <span class='ocrx_word' id='word_1_464' title='bbox 2476 2483 2717 2538; x_wconf 83' lang='lat' dir='ltr'><strong>habebit.</strong></span> <span class='ocrx_word' id='word_1_465' title='bbox 2743 2485 3132 2554; x_wconf 86' lang='lat' dir='ltr'><strong>Quamobrem,</strong></span> <span class='ocrx_word' id='word_1_466' title='bbox 3160 2495 3359 2546; x_wconf 83' lang='lat' dir='ltr'><strong>nedum</strong></span> 
     </span>
    </p>
   </div>
   <div class='ocr_carea' id='block_1_62' title="bbox 1791 2567 3364 2644">
    <p class='ocr_par' dir='ltr' id='par_1_62' title="bbox 1791 2567 3364 2644">
     <span class='ocr_line' id='line_1_63' title="bbox 1791 2567 3364 2644; baseline 0.008 -23"><span class='ocrx_word' id='word_1_467' title='bbox 1791 2567 1858 2622; x_wconf 92' lang='lat' dir='ltr'><strong>de</strong></span> <span class='ocrx_word' id='word_1_468' title='bbox 1890 2567 2186 2637; x_wconf 85' lang='lat' dir='ltr'><strong>Callipolli,</strong></span> <span class='ocrx_word' id='word_1_469' title='bbox 2221 2569 2364 2623; x_wconf 87' lang='lat' dir='ltr'><strong>sitne</strong></span> <span class='ocrx_word' id='word_1_470' title='bbox 2410 2568 2501 2622; x_wconf 88' lang='lat' dir='ltr'><strong>illa</strong></span> <span class='ocrx_word' id='word_1_471' title='bbox 2550 2568 2894 2638; x_wconf 86' lang='lat' dir='ltr'><strong>dimittenda,</strong></span> <span class='ocrx_word' id='word_1_472' title='bbox 2935 2591 3172 2644; x_wconf 73' lang='lat' dir='ltr'><strong>pztcsens</strong></span> <span class='ocrx_word' id='word_1_473' title='bbox 3204 2580 3364 2633; x_wconf 89' lang='lat' dir='ltr'><strong>nobis</strong></span> 
     </span>
    </p>
   </div>
   <div class='ocr_carea' id='block_1_63' title="bbox 1794 2657 3363 2736">
    <p class='ocr_par' dir='ltr' id='par_1_63' title="bbox 1794 2657 3363 2736">
     <span class='ocr_line' id='line_1_64' title="bbox 1794 2657 3363 2736; baseline 0.006 -26"><span class='ocrx_word' id='word_1_474' title='bbox 1794 2657 2121 2711; x_wconf 89' lang='lat' dir='ltr'><strong>deliberatio</strong></span> <span class='ocrx_word' id='word_1_475' title='bbox 2172 2666 2291 2712; x_wconf 89' lang='lat' dir='ltr'><strong>est:</strong></span> <span class='ocrx_word' id='word_1_476' title='bbox 2330 2672 2518 2714; x_wconf 82' lang='lat' dir='ltr'><strong>verum</strong></span> <span class='ocrx_word' id='word_1_477' title='bbox 2563 2661 2728 2716; x_wconf 89' lang='lat' dir='ltr'><strong>etiam</strong></span> <span class='ocrx_word' id='word_1_478' title='bbox 2776 2662 2844 2716; x_wconf 89' lang='lat' dir='ltr'><strong>de</strong></span> <span class='ocrx_word' id='word_1_479' title='bbox 2892 2665 3007 2733; x_wconf 87' lang='lat' dir='ltr'><strong>ipso</strong></span> <span class='ocrx_word' id='word_1_480' title='bbox 3043 2667 3194 2722; x_wconf 87' lang='lat' dir='ltr'><strong>urbis</strong></span> <span class='ocrx_word' id='word_1_481' title='bbox 3222 2669 3363 2736; x_wconf 71' lang='lat' dir='ltr'><strong>solo,</strong></span> 
     </span>
    </p>
   </div>
   <div class='ocr_carea' id='block_1_64' title="bbox 1794 2749 3365 2829">
    <p class='ocr_par' dir='ltr' id='par_1_64' title="bbox 1794 2749 3365 2829">
     <span class='ocr_line' id='line_1_65' title="bbox 1794 2749 3365 2829; baseline 0.008 -28"><span class='ocrx_word' id='word_1_482' title='bbox 1794 2764 1857 2802; x_wconf 89' lang='lat' dir='ltr'><strong>ac</strong></span> <span class='ocrx_word' id='word_1_483' title='bbox 1887 2749 1931 2802; x_wconf 88' lang='lat' dir='ltr'><strong>si</strong></span> <span class='ocrx_word' id='word_1_484' title='bbox 1963 2765 2069 2817; x_wconf 89' lang='lat' dir='ltr'><strong>qua</strong></span> <span class='ocrx_word' id='word_1_485' title='bbox 2107 2750 2331 2803; x_wconf 91' lang='lat' dir='ltr'><strong>omnino</strong></span> <span class='ocrx_word' id='word_1_486' title='bbox 2362 2752 2570 2820; x_wconf 88' lang='lat' dir='ltr'><strong>reliqua</strong></span> <span class='ocrx_word' id='word_1_487' title='bbox 2597 2762 2744 2807; x_wconf 91' lang='lat' dir='ltr'><strong>sunt.</strong></span> <span class='ocrx_word' id='word_1_488' title='bbox 2782 2752 2932 2808; x_wconf 88' lang='lat' dir='ltr'><strong>llaud</strong></span> <span class='ocrx_word' id='word_1_489' title='bbox 2967 2756 3150 2826; x_wconf 87' lang='lat' dir='ltr'><strong>itaque</strong></span> <span class='ocrx_word' id='word_1_490' title='bbox 3184 2776 3365 2829; x_wconf 76' lang='lat' dir='ltr'><strong>opera:</strong></span> 
     </span>
    </p>
   </div>
   <div class='ocr_carea' id='block_1_65' title="bbox 1800 2840 3371 2911">
    <p class='ocr_par' dir='ltr' id='par_1_65' title="bbox 1800 2840 3371 2911">
     <span class='ocr_line' id='line_1_66' title="bbox 1800 2840 3371 2911; baseline 0.011 -21"><span class='ocrx_word' id='word_1_491' title='bbox 1800 2840 2037 2909; x_wconf 88' lang='lat' dir='ltr'><strong>pretium</strong></span> <span class='ocrx_word' id='word_1_492' title='bbox 2071 2840 2152 2894; x_wconf 90' lang='lat' dir='ltr'><strong>sic</strong></span> <span class='ocrx_word' id='word_1_493' title='bbox 2208 2840 2440 2911; x_wconf 88' lang='lat' dir='ltr'><strong>deiectis</strong></span> <span class='ocrx_word' id='word_1_494' title='bbox 2470 2844 2668 2898; x_wconf 74' lang='lat' dir='ltr'><strong>animus</strong></span> <span class='ocrx_word' id='word_1_495' title='bbox 2714 2847 2967 2902; x_wconf 78' lang='lat' dir='ltr'><strong>universa</strong></span> <span class='ocrx_word' id='word_1_496' title='bbox 2997 2850 3252 2907; x_wconf 84' lang='lat' dir='ltr'><strong>Barbaris</strong></span> <span class='ocrx_word' id='word_1_497' title='bbox 3278 2869 3371 2909; x_wconf 86' lang='lat' dir='ltr'><strong>ce-</strong></span> 
     </span>
    </p>
   </div>
   <div class='ocr_carea' id='block_1_66' title="bbox 1799 2930 3367 3007">
    <p class='ocr_par' dir='ltr' id='par_1_66' title="bbox 1799 2930 3367 3007">
     <span class='ocr_line' id='line_1_67' title="bbox 1799 2930 3367 3007; baseline 0.01 -23"><span class='ocrx_word' id='word_1_498' title='bbox 1799 2930 2021 2997; x_wconf 87' lang='lat' dir='ltr'><strong>damus,</strong></span> <span class='ocrx_word' id='word_1_499' title='bbox 2070 2933 2164 2986; x_wconf 87' lang='lat' dir='ltr'><strong>sed</strong></span> <span class='ocrx_word' id='word_1_500' title='bbox 2204 2944 2263 2986; x_wconf 94' lang='lat' dir='ltr'><strong>ut</strong></span> <span class='ocrx_word' id='word_1_501' title='bbox 2294 2935 2459 2987; x_wconf 91' lang='lat' dir='ltr'><strong>etiam</strong></span> <span class='ocrx_word' id='word_1_502' title='bbox 2485 2935 2817 3007; x_wconf 89' lang='lat' dir='ltr'><strong>quandoque</strong></span> <span class='ocrx_word' id='word_1_503' title='bbox 2844 2940 3246 2998; x_wconf 78' lang='lat' dir='ltr'><strong>conducibilius</strong></span> <span class='ocrx_word' id='word_1_504' title='bbox 3276 2961 3367 2999; x_wconf 80' lang='lat' dir='ltr'><strong>re-</strong></span> 
     </span>
    </p>
   </div>
   <div class='ocr_carea' id='block_1_67' title="bbox 1796 3020 3369 3099">
    <p class='ocr_par' dir='ltr' id='par_1_67' title="bbox 1796 3020 3369 3099">
     <span class='ocr_line' id='line_1_68' title="bbox 1796 3020 3369 3099; baseline 0.008 -24"><span class='ocrx_word' id='word_1_505' title='bbox 1796 3020 1993 3076; x_wconf 78' lang='lat' dir='ltr'><strong>sistcre</strong></span> <span class='ocrx_word' id='word_1_506' title='bbox 2023 3032 2297 3091; x_wconf 87' lang='lat' dir='ltr'><strong>putemus,</strong></span> <span class='ocrx_word' id='word_1_507' title='bbox 2329 3025 2771 3097; x_wconf 88' lang='lat' dir='ltr'><strong>arbitremurque</strong></span> <span class='ocrx_word' id='word_1_508' title='bbox 2803 3031 2939 3085; x_wconf 90' lang='lat' dir='ltr'><strong>artis</strong></span> <span class='ocrx_word' id='word_1_509' title='bbox 2964 3034 3198 3099; x_wconf 82' lang='lat' dir='ltr'><strong>quadam</strong></span> <span class='ocrx_word' id='word_1_510' title='bbox 3235 3037 3369 3089; x_wconf 83' lang='lat' dir='ltr'><strong>sub-</strong></span> 
     </span>
    </p>
   </div>
   <div class='ocr_carea' id='block_1_68' title="bbox 1799 3110 3367 3193">
    <p class='ocr_par' dir='ltr' id='par_1_68' title="bbox 1799 3110 3367 3193">
     <span class='ocr_line' id='line_1_69' title="bbox 1799 3110 3367 3193; baseline 0.01 -30"><span class='ocrx_word' id='word_1_511' title='bbox 1799 3110 1990 3167; x_wconf 80' lang='lat' dir='ltr'><strong>tilitate</strong></span> <span class='ocrx_word' id='word_1_512' title='bbox 2016 3127 2079 3166; x_wconf 91' lang='lat' dir='ltr'><strong>ac</strong></span> <span class='ocrx_word' id='word_1_513' title='bbox 2106 3113 2337 3182; x_wconf 90' lang='lat' dir='ltr'><strong>periculi</strong></span> <span class='ocrx_word' id='word_1_514' title='bbox 2368 3113 2602 3169; x_wconf 76' lang='lat' dir='ltr'><strong>faciendi</strong></span> <span class='ocrx_word' id='word_1_515' title='bbox 2640 3133 2825 3181; x_wconf 86' lang='lat' dir='ltr'><strong>causa,</strong></span> <span class='ocrx_word' id='word_1_516' title='bbox 2857 3120 2973 3174; x_wconf 41' lang='lat' dir='ltr'><strong>huic</strong></span> <span class='ocrx_word' id='word_1_517' title='bbox 3004 3122 3073 3174; x_wconf 86' lang='lat' dir='ltr'><strong>ab</strong></span> <span class='ocrx_word' id='word_1_518' title='bbox 3105 3124 3211 3176; x_wconf 88' lang='lat' dir='ltr'><strong>illis</strong></span> <span class='ocrx_word' id='word_1_519' title='bbox 3244 3142 3367 3193; x_wconf 81' lang='lat' dir='ltr'><strong>pro—</strong></span> 
     </span>
    </p>
   </div>
   <div class='ocr_carea' id='block_1_69' title="bbox 1799 3198 3369 3281">
    <p class='ocr_par' dir='ltr' id='par_1_69' title="bbox 1799 3198 3369 3281">
     <span class='ocr_line' id='line_1_70' title="bbox 1799 3198 3369 3281; baseline 0.012 -27"><span class='ocrx_word' id='word_1_520' title='bbox 1799 3202 1963 3272; x_wconf 87' lang='lat' dir='ltr'><strong>poni:</strong></span> <span class='ocrx_word' id='word_1_521' title='bbox 2026 3214 2087 3259; x_wconf 91' lang='lat' dir='ltr'><strong>ut</strong></span> <span class='ocrx_word' id='word_1_522' title='bbox 2139 3203 2410 3274; x_wconf 88' lang='lat' dir='ltr'><strong>siquidem</strong></span> <span class='ocrx_word' id='word_1_523' title='bbox 2466 3207 2853 3275; x_wconf 86' lang='lat' dir='ltr'><strong>restiterimus,</strong></span> <span class='ocrx_word' id='word_1_524' title='bbox 2908 3198 3103 3281; x_wconf 83' lang='lat' dir='ltr'><strong>resque</strong></span> <span class='ocrx_word' id='word_1_525' title='bbox 3154 3225 3369 3273; x_wconf 84' lang='lat' dir='ltr'><strong>nostras</strong></span> 
     </span>
    </p>
   </div>
   <div class='ocr_carea' id='block_1_70' title="bbox 1798 3294 3368 3369">
    <p class='ocr_par' dir='ltr' id='par_1_70' title="bbox 1798 3294 3368 3369">
     <span class='ocr_line' id='line_1_71' title="bbox 1798 3294 3368 3369; baseline 0.01 -22"><span class='ocrx_word' id='word_1_526' title='bbox 1798 3294 2224 3358; x_wconf 84' lang='lat' dir='ltr'><strong>defenderimus,</strong></span> <span class='ocrx_word' id='word_1_527' title='bbox 2280 3296 2565 3365; x_wconf 76' lang='lat' dir='ltr'><strong>palamque</strong></span> <span class='ocrx_word' id='word_1_528' title='bbox 2616 3298 2783 3352; x_wconf 82' lang='lat' dir='ltr'><strong>fuerit</strong></span> <span class='ocrx_word' id='word_1_529' title='bbox 2822 3299 2965 3354; x_wconf 91' lang='lat' dir='ltr'><strong>haud</strong></span> <span class='ocrx_word' id='word_1_530' title='bbox 3000 3304 3368 3369; x_wconf 83' lang='lat' dir='ltr'><strong>permissuros</strong></span> 
     </span>
    </p>
   </div>
   <div class='ocr_carea' id='block_1_71' title="bbox 1799 3386 3369 3459">
    <p class='ocr_par' dir='ltr' id='par_1_71' title="bbox 1799 3386 3369 3459">
     <span class='ocr_line' id='line_1_72' title="bbox 1799 3386 3369 3459; baseline 0.01 -20"><span class='ocrx_word' id='word_1_531' title='bbox 1799 3386 1883 3456; x_wconf 80' lang='lat' dir='ltr'><strong>agi</strong></span> <span class='ocrx_word' id='word_1_532' title='bbox 1912 3401 2012 3440; x_wconf 92' lang='lat' dir='ltr'><strong>nos</strong></span> <span class='ocrx_word' id='word_1_533' title='bbox 2050 3397 2214 3455; x_wconf 87' lang='lat' dir='ltr'><strong>atque</strong></span> <span class='ocrx_word' id='word_1_534' title='bbox 2270 3386 2422 3454; x_wconf 87' lang='lat' dir='ltr'><strong>ferri,</strong></span> <span class='ocrx_word' id='word_1_535' title='bbox 2464 3389 2609 3443; x_wconf 91' lang='lat' dir='ltr'><strong>aliud</strong></span> <span class='ocrx_word' id='word_1_536' title='bbox 2649 3392 2781 3459; x_wconf 89' lang='lat' dir='ltr'><strong>quid</strong></span> <span class='ocrx_word' id='word_1_537' title='bbox 2820 3408 2884 3447; x_wconf 84' lang='lat' dir='ltr'><strong>ex</strong></span> <span class='ocrx_word' id='word_1_538' title='bbox 2915 3409 3105 3448; x_wconf 90' lang='lat' dir='ltr'><strong>eorum</strong></span> <span class='ocrx_word' id='word_1_539' title='bbox 3142 3398 3369 3453; x_wconf 84' lang='lat' dir='ltr'><strong>rationi-</strong></span> 
     </span>
    </p>
   </div>
   <div class='ocr_carea' id='block_1_72' title="bbox 1800 3477 3367 3549">
    <p class='ocr_par' dir='ltr' id='par_1_72' title="bbox 1800 3477 3367 3549">
     <span class='ocr_line' id='line_1_73' title="bbox 1800 3477 3367 3549; baseline 0.006 -16"><span class='ocrx_word' id='word_1_540' title='bbox 1800 3480 1902 3534; x_wconf 87' lang='lat' dir='ltr'><strong>bus</strong></span> <span class='ocrx_word' id='word_1_541' title='bbox 1934 3477 2178 3532; x_wconf 92' lang='lat' dir='ltr'><strong>futurum</strong></span> <span class='ocrx_word' id='word_1_542' title='bbox 2229 3490 2516 3549; x_wconf 72' lang='lat' dir='ltr'><strong>qurerant:</strong></span> <span class='ocrx_word' id='word_1_543' title='bbox 2559 3483 2639 3535; x_wconf 93' lang='lat' dir='ltr'><strong>sin</strong></span> <span class='ocrx_word' id='word_1_544' title='bbox 2687 3493 2865 3537; x_wconf 89' lang='lat' dir='ltr'><strong>autem</strong></span> <span class='ocrx_word' id='word_1_545' title='bbox 2909 3485 2979 3539; x_wconf 92' lang='lat' dir='ltr'><strong>ob</strong></span> <span class='ocrx_word' id='word_1_546' title='bbox 3017 3486 3367 3545; x_wconf 81' lang='lat' dir='ltr'><strong>formidinem</strong></span> 
     </span>
    </p>
   </div>
   <div class='ocr_carea' id='block_1_73' title="bbox 1798 3571 3370 3649">
    <p class='ocr_par' dir='ltr' id='par_1_73' title="bbox 1798 3571 3370 3649">
     <span class='ocr_line' id='line_1_74' title="bbox 1798 3571 3370 3649; baseline 0.011 -30"><span class='ocrx_word' id='word_1_547' title='bbox 1798 3571 2192 3637; x_wconf 71' lang='lat' dir='ltr'><strong>concedamus,</strong></span> <span class='ocrx_word' id='word_1_548' title='bbox 2229 3571 2485 3642; x_wconf 88' lang='lat' dir='ltr'><strong>deinceps</strong></span> <span class='ocrx_word' id='word_1_549' title='bbox 2512 3573 2622 3643; x_wconf 88' lang='lat' dir='ltr'><strong>iam</strong></span> <span class='ocrx_word' id='word_1_550' title='bbox 2652 3589 2750 3629; x_wconf 90' lang='lat' dir='ltr'><strong>ceu</strong></span> <span class='ocrx_word' id='word_1_551' title='bbox 2783 3591 3014 3644; x_wconf 90' lang='lat' dir='ltr'><strong>quorum</strong></span> <span class='ocrx_word' id='word_1_552' title='bbox 3038 3577 3233 3649; x_wconf 81' lang='lat' dir='ltr'><strong>deiecti</strong></span> <span class='ocrx_word' id='word_1_553' title='bbox 3259 3583 3370 3636; x_wconf 87' lang='lat' dir='ltr'><strong>sint</strong></span> 
     </span>
    </p>
   </div>
   <div class='ocr_carea' id='block_1_74' title="bbox 1799 3662 3369 3734">
    <p class='ocr_par' dir='ltr' id='par_1_74' title="bbox 1799 3662 3369 3734">
     <span class='ocr_line' id='line_1_75' title="bbox 1799 3662 3369 3734; baseline 0.008 -19"><span class='ocrx_word' id='word_1_554' title='bbox 1799 3662 1988 3725; x_wconf 91' lang='lat' dir='ltr'><strong>animi,</strong></span> <span class='ocrx_word' id='word_1_555' title='bbox 2021 3662 2268 3732; x_wconf 86' lang='lat' dir='ltr'><strong>nihilque</strong></span> <span class='ocrx_word' id='word_1_556' title='bbox 2300 3678 2407 3716; x_wconf 92' lang='lat' dir='ltr'><strong>non</strong></span> <span class='ocrx_word' id='word_1_557' title='bbox 2434 3663 2606 3719; x_wconf 92' lang='lat' dir='ltr'><strong>simus</strong></span> <span class='ocrx_word' id='word_1_558' title='bbox 2646 3669 2985 3734; x_wconf 86' lang='lat' dir='ltr'><strong>concessuri,</strong></span> <span class='ocrx_word' id='word_1_559' title='bbox 3015 3669 3085 3724; x_wconf 85' lang='lat' dir='ltr'><strong>ita</strong></span> <span class='ocrx_word' id='word_1_560' title='bbox 3123 3672 3369 3727; x_wconf 81' lang='lat' dir='ltr'><strong>habituri</strong></span> 
     </span>
    </p>
   </div>
   <div class='ocr_carea' id='block_1_75' title="bbox 1800 3751 3371 3821">
    <p class='ocr_par' dir='ltr' id='par_1_75' title="bbox 1800 3751 3371 3821">
     <span class='ocr_line' id='line_1_76' title="bbox 1800 3751 3371 3821; baseline 0.009 -18"><span class='ocrx_word' id='word_1_561' title='bbox 1800 3760 1963 3804; x_wconf 88' lang='lat' dir='ltr'><strong>sunt:</strong></span> <span class='ocrx_word' id='word_1_562' title='bbox 1998 3751 2358 3821; x_wconf 88' lang='lat' dir='ltr'><strong>omnibusque</strong></span> <span class='ocrx_word' id='word_1_563' title='bbox 2381 3753 2599 3816; x_wconf 88' lang='lat' dir='ltr'><strong>ablatis,</strong></span> <span class='ocrx_word' id='word_1_564' title='bbox 2633 3754 2850 3809; x_wconf 86' lang='lat' dir='ltr'><strong>tandem</strong></span> <span class='ocrx_word' id='word_1_565' title='bbox 2886 3758 2951 3811; x_wconf 90' lang='lat' dir='ltr'><strong>ad</strong></span> <span class='ocrx_word' id='word_1_566' title='bbox 2980 3758 3203 3821; x_wconf 88' lang='lat' dir='ltr'><strong>liberos.</strong></span> <span class='ocrx_word' id='word_1_567' title='bbox 3237 3777 3371 3816; x_wconf 75' lang='lat' dir='ltr'><strong>uxo-</strong></span> 
     </span>
    </p>
   </div>
   <div class='ocr_carea' id='block_1_76' title="bbox 1803 3844 3370 3922">
    <p class='ocr_par' dir='ltr' id='par_1_76' title="bbox 1803 3844 3370 3922">
     <span class='ocr_line' id='line_1_77' title="bbox 1803 3844 3370 3922; baseline 0.008 -27"><span class='ocrx_word' id='word_1_568' title='bbox 1803 3858 2024 3913; x_wconf 87' lang='lat' dir='ltr'><strong>resque,</strong></span> <span class='ocrx_word' id='word_1_569' title='bbox 2066 3859 2128 3898; x_wconf 91' lang='lat' dir='ltr'><strong>ac</strong></span> <span class='ocrx_word' id='word_1_570' title='bbox 2159 3844 2581 3913; x_wconf 87' lang='lat' dir='ltr'><strong>pretiosissima,</strong></span> <span class='ocrx_word' id='word_1_571' title='bbox 2634 3847 2918 3918; x_wconf 89' lang='lat' dir='ltr'><strong>ipsamque</strong></span> <span class='ocrx_word' id='word_1_572' title='bbox 2953 3850 3089 3906; x_wconf 86' lang='lat' dir='ltr'><strong>adeo</strong></span> <span class='ocrx_word' id='word_1_573' title='bbox 3132 3852 3370 3922; x_wconf 86' lang='lat' dir='ltr'><strong>patriam</strong></span> 
     </span>
    </p>
   </div>
   <div class='ocr_carea' id='block_1_77' title="bbox 1802 3934 3373 4014">
    <p class='ocr_par' dir='ltr' id='par_1_77' title="bbox 1802 3934 3373 4014">
     <span class='ocr_line' id='line_1_78' title="bbox 1802 3934 3373 4014; baseline 0.01 -29"><span class='ocrx_word' id='word_1_574' title='bbox 1802 3934 2118 4002; x_wconf 81' lang='lat' dir='ltr'><strong>precedent.</strong></span> <span class='ocrx_word' id='word_1_575' title='bbox 2156 3936 2274 3989; x_wconf 84' lang='lat' dir='ltr'><strong>Non</strong></span> <span class='ocrx_word' id='word_1_576' title='bbox 2306 3938 2451 3990; x_wconf 88' lang='lat' dir='ltr'><strong>enim</strong></span> <span class='ocrx_word' id='word_1_577' title='bbox 2496 3937 2588 4006; x_wconf 87' lang='lat' dir='ltr'><strong>qui</strong></span> <span class='ocrx_word' id='word_1_578' title='bbox 2636 3938 2716 3993; x_wconf 89' lang='lat' dir='ltr'><strong>sic</strong></span> <span class='ocrx_word' id='word_1_579' title='bbox 2767 3939 2823 3993; x_wconf 89' lang='lat' dir='ltr'><strong>in</strong></span> <span class='ocrx_word' id='word_1_580' title='bbox 2857 3940 3161 3998; x_wconf 87' lang='lat' dir='ltr'><strong>minoribus</strong></span> <span class='ocrx_word' id='word_1_581' title='bbox 3191 3944 3373 4014; x_wconf 86' lang='lat' dir='ltr'><strong>impu-</strong></span> 
     </span>
    </p>
   </div>
   <div class='ocr_carea' id='block_1_78' title="bbox 1805 4022 3373 4093">
    <p class='ocr_par' dir='ltr' id='par_1_78' title="bbox 1805 4022 3373 4093">
     <span class='ocr_line' id='line_1_79' title="bbox 1805 4022 3373 4093; baseline 0.01 -18"><span class='ocrx_word' id='word_1_582' title='bbox 1805 4022 1992 4077; x_wconf 86' lang='lat' dir='ltr'><strong>dentia</strong></span> <span class='ocrx_word' id='word_1_583' title='bbox 2014 4032 2198 4093; x_wconf 83' lang='lat' dir='ltr'><strong>agant,</strong></span> <span class='ocrx_word' id='word_1_584' title='bbox 2231 4024 2283 4077; x_wconf 92' lang='lat' dir='ltr'><strong>in</strong></span> <span class='ocrx_word' id='word_1_585' title='bbox 2305 4026 2556 4079; x_wconf 80' lang='lat' dir='ltr'><strong>maximis</strong></span> <span class='ocrx_word' id='word_1_586' title='bbox 2582 4028 2973 4085; x_wconf 87' lang='lat' dir='ltr'><strong>noverintesse</strong></span> <span class='ocrx_word' id='word_1_587' title='bbox 2994 4032 3187 4088; x_wconf 86' lang='lat' dir='ltr'><strong>sobrii:</strong></span> <span class='ocrx_word' id='word_1_588' title='bbox 3209 4049 3373 4090; x_wconf 87' lang='lat' dir='ltr'><strong>sane-</strong></span> 
     </span>
    </p>
   </div>
   <div class='ocr_carea' id='block_1_79' title="bbox 1803 4118 3371 4185">
    <p class='ocr_par' dir='ltr' id='par_1_79' title="bbox 1803 4118 3371 4185">
     <span class='ocr_line' id='line_1_80' title="bbox 1803 4118 3371 4185; baseline 0.008 -15"><span class='ocrx_word' id='word_1_589' title='bbox 1803 4132 1910 4185; x_wconf 87' lang='lat' dir='ltr'><strong>que</strong></span> <span class='ocrx_word' id='word_1_590' title='bbox 1950 4127 2008 4170; x_wconf 92' lang='lat' dir='ltr'><strong>ut</strong></span> <span class='ocrx_word' id='word_1_591' title='bbox 2041 4118 2156 4171; x_wconf 62' lang='lat' dir='ltr'><strong>haec</strong></span> <span class='ocrx_word' id='word_1_592' title='bbox 2189 4119 2642 4184; x_wconf 82' lang='lat' dir='ltr'><strong>concesserimus,</strong></span> <span class='ocrx_word' id='word_1_593' title='bbox 2683 4121 2828 4175; x_wconf 87' lang='lat' dir='ltr'><strong>haud</strong></span> <span class='ocrx_word' id='word_1_594' title='bbox 2875 4123 3034 4178; x_wconf 90' lang='lat' dir='ltr'><strong>video</strong></span> <span class='ocrx_word' id='word_1_595' title='bbox 3068 4136 3126 4180; x_wconf 87' lang='lat' dir='ltr'><strong>ut</strong></span> <span class='ocrx_word' id='word_1_596' title='bbox 3151 4136 3205 4180; x_wconf 90' lang='lat' dir='ltr'><strong>et</strong></span> <span class='ocrx_word' id='word_1_597' title='bbox 3240 4138 3371 4184; x_wconf 91' lang='lat' dir='ltr'><strong>tunc</strong></span> 
     </span>
    </p>
   </div>
   <div class='ocr_carea' id='block_1_80' title="bbox 1801 4208 3372 4278">
    <p class='ocr_par' dir='ltr' id='par_1_80' title="bbox 1801 4208 3372 4278">
     <span class='ocr_line' id='line_1_81' title="bbox 1801 4208 3372 4278; baseline 0.006 -15"><span class='ocrx_word' id='word_1_598' title='bbox 1801 4209 1992 4263; x_wconf 89' lang='lat' dir='ltr'><strong>eadem</strong></span> <span class='ocrx_word' id='word_1_599' title='bbox 2027 4208 2182 4261; x_wconf 91' lang='lat' dir='ltr'><strong>nobis</strong></span> <span class='ocrx_word' id='word_1_600' title='bbox 2216 4210 2467 4278; x_wconf 82' lang='lat' dir='ltr'><strong>imposita</strong></span> <span class='ocrx_word' id='word_1_601' title='bbox 2500 4214 2850 4278; x_wconf 88' lang='lat' dir='ltr'><strong>necessitate,</strong></span> <span class='ocrx_word' id='word_1_602' title='bbox 2898 4216 3044 4269; x_wconf 91' lang='lat' dir='ltr'><strong>haud</strong></span> <span class='ocrx_word' id='word_1_603' title='bbox 3070 4233 3133 4271; x_wconf 88' lang='lat' dir='ltr'><strong>ea</strong></span> <span class='ocrx_word' id='word_1_604' title='bbox 3160 4220 3372 4274; x_wconf 87' lang='lat' dir='ltr'><strong>ratione</strong></span> 
     </span>
    </p>
   </div>
   <div class='ocr_carea' id='block_1_81' title="bbox 1802 4301 3375 4379">
    <p class='ocr_par' dir='ltr' id='par_1_81' title="bbox 1802 4301 3375 4379">
     <span class='ocr_line' id='line_1_82' title="bbox 1802 4301 3375 4379; baseline 0.006 -25"><span class='ocrx_word' id='word_1_605' title='bbox 1802 4301 1997 4354; x_wconf 86' lang='lat' dir='ltr'><strong>confici</strong></span> <span class='ocrx_word' id='word_1_606' title='bbox 2023 4301 2273 4365; x_wconf 81' lang='lat' dir='ltr'><strong>velimus,</strong></span> <span class='ocrx_word' id='word_1_607' title='bbox 2306 4302 2531 4357; x_wconf 91' lang='lat' dir='ltr'><strong>omnino</strong></span> <span class='ocrx_word' id='word_1_608' title='bbox 2554 4302 3043 4374; x_wconf 89' lang='lat' dir='ltr'><strong>obtemperandum</strong></span> <span class='ocrx_word' id='word_1_609' title='bbox 3070 4324 3190 4364; x_wconf 91' lang='lat' dir='ltr'><strong>esse</strong></span> <span class='ocrx_word' id='word_1_610' title='bbox 3214 4311 3375 4379; x_wconf 54' lang='lat' dir='ltr'><strong>quid-</strong></span> 
     </span>
    </p>
   </div>
   <div class='ocr_carea' id='block_1_82' title="bbox 1804 4391 3370 4468">
    <p class='ocr_par' dir='ltr' id='par_1_82' title="bbox 1804 4391 3370 4468">
     <span class='ocr_line' id='line_1_83' title="bbox 1804 4391 3370 4468; baseline 0.008 -25"><span class='ocrx_word' id='word_1_611' title='bbox 1804 4393 1932 4461; x_wconf 93' lang='lat' dir='ltr'><strong>quid</strong></span> <span class='ocrx_word' id='word_1_612' title='bbox 1958 4391 2175 4445; x_wconf 85' lang='lat' dir='ltr'><strong>demum</strong></span> <span class='ocrx_word' id='word_1_613' title='bbox 2204 4392 2521 4462; x_wconf 69' lang='lat' dir='ltr'><strong>praecipiant</strong></span> <span class='ocrx_word' id='word_1_614' title='bbox 2553 4395 2799 4451; x_wconf 85' lang='lat' dir='ltr'><strong>Barbari.</strong></span> <span class='ocrx_word' id='word_1_615' title='bbox 2829 4398 2923 4452; x_wconf 92' lang='lat' dir='ltr'><strong>Sin</strong></span> <span class='ocrx_word' id='word_1_616' title='bbox 2959 4414 3047 4454; x_wconf 93' lang='lat' dir='ltr'><strong>res</strong></span> <span class='ocrx_word' id='word_1_617' title='bbox 3078 4400 3150 4455; x_wconf 85' lang='lat' dir='ltr'><strong>ita</strong></span> <span class='ocrx_word' id='word_1_618' title='bbox 3179 4402 3370 4468; x_wconf 84' lang='lat' dir='ltr'><strong>habet,</strong></span> 
     </span>
    </p>
   </div>
   <div class='ocr_carea' id='block_1_83' title="bbox 1806 4484 3371 4563">
    <p class='ocr_par' dir='ltr' id='par_1_83' title="bbox 1806 4484 3371 4563">
     <span class='ocr_line' id='line_1_84' title="bbox 1806 4484 3371 4563; baseline 0.009 -28"><span class='ocrx_word' id='word_1_619' title='bbox 1806 4484 2095 4553; x_wconf 90' lang='lat' dir='ltr'><strong>prudentis</strong></span> <span class='ocrx_word' id='word_1_620' title='bbox 2135 4484 2347 4537; x_wconf 84' lang='lat' dir='ltr'><strong>consilii</strong></span> <span class='ocrx_word' id='word_1_621' title='bbox 2396 4486 2526 4550; x_wconf 90' lang='lat' dir='ltr'><strong>erit,</strong></span> <span class='ocrx_word' id='word_1_622' title='bbox 2558 4489 2878 4558; x_wconf 81' lang='lat' dir='ltr'><strong>priusquam</strong></span> <span class='ocrx_word' id='word_1_623' title='bbox 2912 4491 3093 4546; x_wconf 90' lang='lat' dir='ltr'><strong>dando</strong></span> <span class='ocrx_word' id='word_1_624' title='bbox 3119 4495 3371 4563; x_wconf 88' lang='lat' dir='ltr'><strong>quotidie</strong></span> 
     </span>
    </p>
   </div>
   <div class='ocr_carea' id='block_1_84' title="bbox 111 4575 1769 4649">
    <p class='ocr_par' dir='ltr' id='par_1_84' title="bbox 111 4577 1769 4649">
     <span class='ocr_line' id='line_1_85' title="bbox 111 4577 1769 4649; baseline 0.002 -20"><span class='ocrx_word' id='word_1_625' title='bbox 111 4594 286 4647; x_wconf 80' lang='grc' dir='ltr'>ματα</span> <span class='ocrx_word' id='word_1_626' title='bbox 338 4577 499 4645; x_wconf 84' lang='grc' dir='ltr'>ἔχειν,</span> <span class='ocrx_word' id='word_1_627' title='bbox 541 4577 671 4645; x_wconf 74' lang='grc' dir='ltr'>ὑφὲν</span> <span class='ocrx_word' id='word_1_628' title='bbox 699 4577 857 4630; x_wconf 81' lang='grc' dir='ltr'>πάνθ’</span> <span class='ocrx_word' id='word_1_629' title='bbox 912 4577 1138 4639; x_wconf 82' lang='grc' dir='ltr'>ἐκείνοις</span> <span class='ocrx_word' id='word_1_630' title='bbox 1175 4579 1422 4649; x_wconf 77' lang='grc' dir='ltr'>ἀμαχητὶ</span> <span class='ocrx_word' id='word_1_631' title='bbox 1466 4582 1700 4649; x_wconf 80' lang='grc' dir='ltr'>προεμέ-</span> <span class='ocrx_word' id='word_1_632' title='bbox 1735 4590 1769 4643; x_wconf 84' lang='grc' dir='ltr'>ι]</span> 
     </span>
    </p>
   </div>
   <div class='ocr_carea' id='block_1_85' title="bbox 1712 4575 3370 4649">
    <p class='ocr_par' dir='ltr' id='par_1_85' title="bbox 1735 4575 3370 4644">
     <span class='ocr_line' id='line_1_86' title="bbox 1735 4575 3370 4644; baseline 0.008 -17"><span class='ocrx_word' id='word_1_633' title='bbox 1735 4590 1777 4643; x_wconf 83' lang='grc' dir='ltr'>ι)</span> <span class='ocrx_word' id='word_1_634' title='bbox 1808 4575 2083 4644; x_wconf 76' lang='lat' dir='ltr'><strong>negotium</strong></span> <span class='ocrx_word' id='word_1_635' title='bbox 2135 4576 2293 4630; x_wconf 89' lang='lat' dir='ltr'><strong>nobis</strong></span> <span class='ocrx_word' id='word_1_636' title='bbox 2338 4576 2660 4643; x_wconf 75' lang='lat' dir='ltr'><strong>lacessatur,</strong></span> <span class='ocrx_word' id='word_1_637' title='bbox 2711 4588 2773 4633; x_wconf 91' lang='lat' dir='ltr'><strong>ut</strong></span> <span class='ocrx_word' id='word_1_638' title='bbox 2808 4581 3083 4637; x_wconf 86' lang='lat' dir='ltr'><strong>universis</strong></span> <span class='ocrx_word' id='word_1_639' title='bbox 3111 4586 3273 4638; x_wconf 89' lang='lat' dir='ltr'><strong>simul</strong></span> <span class='ocrx_word' id='word_1_640' title='bbox 3308 4602 3370 4640; x_wconf 82' lang='lat' dir='ltr'><strong>ac</strong></span> 
     </span>
    </p>
   </div>
   <div class='ocr_carea' id='block_1_86' title="bbox 104 4666 1699 4740">
    <p class='ocr_par' dir='ltr' id='par_1_86' title="bbox 104 4666 1699 4740">
     <span class='ocr_line' id='line_1_87' title="bbox 104 4666 1699 4740; baseline 0.002 -19"><span class='ocrx_word' id='word_1_641' title='bbox 104 4686 286 4732; x_wconf 84' lang='grc' dir='ltr'>νους,</span> <span class='ocrx_word' id='word_1_642' title='bbox 348 4670 449 4738; x_wconf 83' lang='grc' dir='ltr'><strong>τὴν</strong></span> <span class='ocrx_word' id='word_1_643' title='bbox 509 4666 709 4735; x_wconf 69' lang='grc' dir='ltr'>μεταξὺ</span> <span class='ocrx_word' id='word_1_644' title='bbox 767 4669 877 4720; x_wconf 86' lang='grc' dir='ltr'>τῶν</span> <span class='ocrx_word' id='word_1_645' title='bbox 934 4669 1118 4721; x_wconf 82' lang='grc' dir='ltr'>κακῶν</span> <span class='ocrx_word' id='word_1_646' title='bbox 1155 4672 1353 4738; x_wconf 75' lang='grc' dir='ltr'>πεῖραν</span> <span class='ocrx_word' id='word_1_647' title='bbox 1410 4672 1699 4740; x_wconf 76' lang='grc' dir='ltr'>κερδᾶναι·</span> 
     </span>
    </p>
   </div>
   <div class='ocr_carea' id='block_1_87' title="bbox 104 4756 1702 4831">
    <p class='ocr_par' dir='ltr' id='par_1_87' title="bbox 104 4756 1702 4831">
     <span class='ocr_line' id='line_1_88' title="bbox 104 4756 1702 4831; baseline 0 -16"><span class='ocrx_word' id='word_1_648' title='bbox 104 4762 334 4830; x_wconf 82' lang='grc' dir='ltr'>ὥσπερ</span> <span class='ocrx_word' id='word_1_649' title='bbox 359 4756 510 4827; x_wconf 84' lang='grc' dir='ltr'>οἶμαι</span> <span class='ocrx_word' id='word_1_650' title='bbox 541 4762 636 4814; x_wconf 71' lang='grc' dir='ltr'>καὶ</span> <span class='ocrx_word' id='word_1_651' title='bbox 666 4761 763 4831; x_wconf 77' lang='grc' dir='ltr'>μιᾷ</span> <span class='ocrx_word' id='word_1_652' title='bbox 794 4761 972 4831; x_wconf 78' lang='grc' dir='ltr'>πληγῇ</span> <span class='ocrx_word' id='word_1_653' title='bbox 1006 4763 1190 4814; x_wconf 80' lang='grc' dir='ltr'>πεσεῖν</span> <span class='ocrx_word' id='word_1_654' title='bbox 1217 4762 1573 4831; x_wconf 81' lang='grc' dir='ltr'>αἱρετώτερον</span> <span class='ocrx_word' id='word_1_655' title='bbox 1609 4763 1702 4816; x_wconf 79' lang='grc' dir='ltr'>τοῦ</span> 
     </span>
    </p>
   </div>
   <div class='ocr_carea' id='block_1_88' title="bbox 1808 4666 3372 4741">
    <p class='ocr_par' dir='ltr' id='par_1_88' title="bbox 1808 4666 3372 4741">
     <span class='ocr_line' id='line_1_89' title="bbox 1808 4666 3372 4741; baseline 0.006 -22"><span class='ocrx_word' id='word_1_656' title='bbox 1808 4667 1973 4719; x_wconf 89' lang='lat' dir='ltr'><strong>semel</strong></span> <span class='ocrx_word' id='word_1_657' title='bbox 2021 4666 2169 4719; x_wconf 74' lang='lat' dir='ltr'><strong>nulla</strong></span> <span class='ocrx_word' id='word_1_658' title='bbox 2200 4682 2377 4735; x_wconf 77' lang='lat' dir='ltr'><strong>pugna</strong></span> <span class='ocrx_word' id='word_1_659' title='bbox 2409 4666 2673 4733; x_wconf 91' lang='lat' dir='ltr'><strong>dimissis,</strong></span> <span class='ocrx_word' id='word_1_660' title='bbox 2716 4670 3011 4736; x_wconf 86' lang='lat' dir='ltr'><strong>malorum,</strong></span> <span class='ocrx_word' id='word_1_661' title='bbox 3042 4688 3165 4741; x_wconf 79' lang='lat' dir='ltr'><strong>qua:</strong></span> <span class='ocrx_word' id='word_1_662' title='bbox 3204 4676 3372 4728; x_wconf 83' lang='lat' dir='ltr'><strong>inter-</strong></span> 
     </span>
    </p>
   </div>
   <div class='ocr_carea' id='block_1_89' title="bbox 1812 4757 3372 4826">
    <p class='ocr_par' dir='ltr' id='par_1_89' title="bbox 1812 4757 3372 4826">
     <span class='ocr_line' id='line_1_90' title="bbox 1812 4757 3372 4826; baseline 0.007 -17"><span class='ocrx_word' id='word_1_663' title='bbox 1812 4758 1987 4810; x_wconf 86' lang='lat' dir='ltr'><strong>media</strong></span> <span class='ocrx_word' id='word_1_664' title='bbox 2016 4766 2161 4817; x_wconf 89' lang='lat' dir='ltr'><strong>sunt,</strong></span> <span class='ocrx_word' id='word_1_665' title='bbox 2193 4757 2518 4826; x_wconf 88' lang='lat' dir='ltr'><strong>periculum,</strong></span> <span class='ocrx_word' id='word_1_666' title='bbox 2542 4758 2678 4813; x_wconf 90' lang='lat' dir='ltr'><strong>lucri</strong></span> <span class='ocrx_word' id='word_1_667' title='bbox 2706 4759 2998 4815; x_wconf 85' lang='lat' dir='ltr'><strong>faciamus:</strong></span> <span class='ocrx_word' id='word_1_668' title='bbox 3030 4766 3104 4817; x_wconf 90' lang='lat' dir='ltr'><strong>uti</strong></span> <span class='ocrx_word' id='word_1_669' title='bbox 3131 4765 3372 4820; x_wconf 77' lang='lat' dir='ltr'><strong>arbitrer</strong></span> 
     </span>
    </p>
   </div>
   <div class='ocr_carea' id='block_1_90' title="bbox 99 4852 1704 4923">
    <p class='ocr_par' dir='ltr' id='par_1_90' title="bbox 99 4852 1704 4923">
     <span class='ocr_line' id='line_1_91' title="bbox 99 4852 1704 4923; baseline -0.001 -16"><span class='ocrx_word' id='word_1_670' title='bbox 99 4854 281 4907; x_wconf 74' lang='grc' dir='ltr'>κατὰ</span> <span class='ocrx_word' id='word_1_671' title='bbox 321 4852 517 4922; x_wconf 74' lang='grc' dir='ltr'>μικρὸν</span> <span class='ocrx_word' id='word_1_672' title='bbox 551 4852 876 4905; x_wconf 75' lang='grc' dir='ltr'>ἀναλοῦσθαι</span> <span class='ocrx_word' id='word_1_673' title='bbox 904 4854 964 4903; x_wconf 81' lang='grc' dir='ltr'><strong>τὸ</strong></span> <span class='ocrx_word' id='word_1_674' title='bbox 1005 4853 1181 4922; x_wconf 85' lang='grc' dir='ltr'>σῶμα.</span> <span class='ocrx_word' id='word_1_675' title='bbox 1212 4852 1271 4905; x_wconf 81' lang='grc' dir='ltr'><strong>ΕΞ</strong></span> <span class='ocrx_word' id='word_1_676' title='bbox 1305 4854 1399 4923; x_wconf 82' lang='grc' dir='ltr'>μὲν</span> <span class='ocrx_word' id='word_1_677' title='bbox 1434 4852 1525 4905; x_wconf 74' lang='grc' dir='ltr'>σῦν</span> <span class='ocrx_word' id='word_1_678' title='bbox 1554 4854 1704 4906; x_wconf 72' lang='grc' dir='ltr'>ταῦτ’</span> 
     </span>
    </p>
   </div>
   <div class='ocr_carea' id='block_1_91' title="bbox 102 4943 1705 5013">
    <p class='ocr_par' dir='ltr' id='par_1_91' title="bbox 102 4943 1705 5013">
     <span class='ocr_line' id='line_1_92' title="bbox 102 4943 1705 5013; baseline 0.001 -17"><span class='ocrx_word' id='word_1_679' title='bbox 102 4944 344 5003; x_wconf 65' lang='grc' dir='ltr'>εἱδοτες</span> <span class='ocrx_word' id='word_1_680' title='bbox 378 4943 563 5009; x_wconf 63' lang='grc' dir='ltr'>σαφῶς</span> <span class='ocrx_word' id='word_1_681' title='bbox 596 4944 963 5011; x_wconf 74' lang='grc' dir='ltr'>ἐκϐησόμενα,</span> <span class='ocrx_word' id='word_1_682' title='bbox 996 4944 1217 5012; x_wconf 77' lang='grc' dir='ltr'>δέχεσθε</span> <span class='ocrx_word' id='word_1_683' title='bbox 1264 4945 1361 5013; x_wconf 83' lang='grc' dir='ltr'>μὲν</span> <span class='ocrx_word' id='word_1_684' title='bbox 1389 4947 1450 4996; x_wconf 85' lang='grc' dir='ltr'><strong>τδ</strong></span> <span class='ocrx_word' id='word_1_685' title='bbox 1488 4944 1705 5012; x_wconf 77' lang='grc' dir='ltr'>μέλλον,</span> 
     </span>
    </p>
   </div>
   <div class='ocr_carea' id='block_1_92' title="bbox 98 5033 1707 5103">
    <p class='ocr_par' dir='ltr' id='par_1_92' title="bbox 98 5033 1707 5103">
     <span class='ocr_line' id='line_1_93' title="bbox 98 5033 1707 5103; baseline 0.002 -20"><span class='ocrx_word' id='word_1_686' title='bbox 98 5033 334 5094; x_wconf 81' lang='grc' dir='ltr'>ἁπλῶς</span> <span class='ocrx_word' id='word_1_687' title='bbox 386 5033 442 5084; x_wconf 78' lang='grc' dir='ltr'>δὲ</span> <span class='ocrx_word' id='word_1_688' title='bbox 498 5033 660 5102; x_wconf 76' lang='grc' dir='ltr'>μηδὲν</span> <span class='ocrx_word' id='word_1_689' title='bbox 710 5035 1093 5103; x_wconf 79' lang='grc' dir='ltr'>ἀντιπράττειν</span> <span class='ocrx_word' id='word_1_690' title='bbox 1142 5036 1431 5103; x_wconf 84' lang='grc' dir='ltr'>ἐκρίνατε,</span> <span class='ocrx_word' id='word_1_691' title='bbox 1469 5036 1597 5087; x_wconf 80' lang='grc' dir='ltr'>ἄλλο</span> <span class='ocrx_word' id='word_1_692' title='bbox 1653 5054 1707 5088; x_wconf 83' lang='grc' dir='ltr'><strong>τι</strong></span> 
     </span>
    </p>
   </div>
   <div class='ocr_carea' id='block_1_93' title="bbox 97 5121 1706 5195">
    <p class='ocr_par' dir='ltr' id='par_1_93' title="bbox 97 5121 1706 5195">
     <span class='ocr_line' id='line_1_94' title="bbox 97 5121 1706 5195; baseline 0 -20"><span class='ocrx_word' id='word_1_693' title='bbox 97 5122 302 5175; x_wconf 80' lang='grc' dir='ltr'>τοῦτο</span> <span class='ocrx_word' id='word_1_694' title='bbox 334 5123 416 5191; x_wconf 74' lang='grc' dir='ltr'>εἴη</span> <span class='ocrx_word' id='word_1_695' title='bbox 437 5135 456 5154; x_wconf 78' lang='grc' dir='ltr'><strong><em>ο</em></strong></span> <span class='ocrx_word' id='word_1_696' title='bbox 491 5123 583 5174; x_wconf 73' lang='grc' dir='ltr'><strong>καὶ</strong></span> <span class='ocrx_word' id='word_1_697' title='bbox 610 5121 773 5190; x_wconf 77' lang='grc' dir='ltr'>δῆλον</span> <span class='ocrx_word' id='word_1_698' title='bbox 807 5124 880 5185; x_wconf 81' lang='grc' dir='ltr'>ὡς</span> <span class='ocrx_word' id='word_1_699' title='bbox 932 5122 1056 5175; x_wconf 77' lang='grc' dir='ltr'>οὔτε</span> <span class='ocrx_word' id='word_1_700' title='bbox 1088 5122 1290 5193; x_wconf 79' lang='grc' dir='ltr'>θηρίων</span> <span class='ocrx_word' id='word_1_701' title='bbox 1316 5166 1330 5189; x_wconf 94' lang='grc'><strong>,</strong></span> <span class='ocrx_word' id='word_1_702' title='bbox 1360 5124 1481 5175; x_wconf 66' lang='grc' dir='ltr'>οὔτε</span> <span class='ocrx_word' id='word_1_703' title='bbox 1524 5124 1706 5195; x_wconf 78' lang='grc' dir='ltr'>πολλῷ</span> 
     </span>
    </p>
   </div>
   <div class='ocr_carea' id='block_1_94' title="bbox 99 5214 1707 5285">
    <p class='ocr_par' dir='ltr' id='par_1_94' title="bbox 99 5214 1707 5285">
     <span class='ocr_line' id='line_1_95' title="bbox 99 5214 1707 5285; baseline 0.002 -21"><span class='ocrx_word' id='word_1_704' title='bbox 99 5214 353 5283; x_wconf 74' lang='grc' dir='ltr'>μᾶλλον</span> <span class='ocrx_word' id='word_1_705' title='bbox 382 5214 557 5283; x_wconf 68' lang='grc' dir='ltr'>ψυχῆς</span> <span class='ocrx_word' id='word_1_706' title='bbox 617 5214 960 5283; x_wconf 74' lang='grc' dir='ltr'>ἀνθρωπίνης</span> <span class='ocrx_word' id='word_1_707' title='bbox 998 5216 1046 5267; x_wconf 85' lang='grc' dir='ltr'>οἱ</span> <span class='ocrx_word' id='word_1_708' title='bbox 1103 5217 1375 5284; x_wconf 86' lang='grc' dir='ltr'>λογισμοί.</span> <span class='ocrx_word' id='word_1_709' title='bbox 1416 5217 1556 5269; x_wconf 70' lang='lat' dir='ltr'><strong>llic:</strong></span> <span class='ocrx_word' id='word_1_710' title='bbox 1598 5218 1707 5285; x_wconf 78' lang='grc' dir='ltr'><strong>γάρ</strong></span> 
     </span>
    </p>
   </div>
   <div class='ocr_carea' id='block_1_95' title="bbox 92 5306 1703 5379">
    <p class='ocr_par' dir='ltr' id='par_1_95' title="bbox 92 5306 1703 5379">
     <span class='ocr_line' id='line_1_96' title="bbox 92 5306 1703 5379; baseline 0 -18"><span class='ocrx_word' id='word_1_711' title='bbox 92 5310 388 5375; x_wconf 73' lang='grc' dir='ltr'>ἑμφυτον</span> <span class='ocrx_word' id='word_1_712' title='bbox 421 5308 487 5358; x_wconf 69' lang='grc' dir='ltr'><strong>τά</strong></span> <span class='ocrx_word' id='word_1_713' title='bbox 521 5308 695 5359; x_wconf 74' lang='grc' dir='ltr'>οἰκεῖα</span> <span class='ocrx_word' id='word_1_714' title='bbox 721 5309 905 5378; x_wconf 88' lang='grc' dir='ltr'>τηρεῖν</span> <span class='ocrx_word' id='word_1_715' title='bbox 939 5306 1137 5375; x_wconf 81' lang='grc' dir='ltr'>ἀγαθὰ,</span> <span class='ocrx_word' id='word_1_716' title='bbox 1186 5309 1412 5372; x_wconf 79' lang='grc' dir='ltr'>καὶτοῖς</span> <span class='ocrx_word' id='word_1_717' title='bbox 1448 5310 1703 5379; x_wconf 67' lang='grc' dir='ltr'>βιαζομέυ</span> 
     </span>
    </p>
   </div>
   <div class='ocr_carea' id='block_1_96' title="bbox 100 5397 1707 5468">
    <p class='ocr_par' dir='ltr' id='par_1_96' title="bbox 100 5397 1707 5468">
     <span class='ocr_line' id='line_1_97' title="bbox 100 5397 1707 5468; baseline 0.001 -16"><span class='ocrx_word' id='word_1_718' title='bbox 100 5415 251 5460; x_wconf 82' lang='grc' dir='ltr'>νοις</span> <span class='ocrx_word' id='word_1_719' title='bbox 314 5397 423 5458; x_wconf 70' lang='grc' dir='ltr'><strong>ἕως</strong></span> <span class='ocrx_word' id='word_1_720' title='bbox 473 5398 645 5462; x_wconf 78' lang='grc' dir='ltr'>ἔξεστι</span> <span class='ocrx_word' id='word_1_721' title='bbox 697 5400 986 5468; x_wconf 86' lang='grc' dir='ltr'>μάχεσθαι.</span> <span class='ocrx_word' id='word_1_722' title='bbox 1040 5400 1151 5452; x_wconf 72' lang='grc' dir='ltr'>Καὶ</span> <span class='ocrx_word' id='word_1_723' title='bbox 1184 5400 1252 5452; x_wconf 89' lang='grc' dir='ltr'><strong>τά</strong></span> <span class='ocrx_word' id='word_1_724' title='bbox 1302 5418 1363 5468; x_wconf 88' lang='grc' dir='ltr'><strong>γε</strong></span> <span class='ocrx_word' id='word_1_725' title='bbox 1396 5400 1503 5453; x_wconf 86' lang='grc' dir='ltr'>τῶν</span> <span class='ocrx_word' id='word_1_726' title='bbox 1551 5401 1707 5462; x_wconf 81' lang='grc' dir='ltr'>ζώων</span> 
     </span>
    </p>
   </div>
   <div class='ocr_carea' id='block_1_97' title="bbox 92 5487 1707 5563">
    <p class='ocr_par' dir='ltr' id='par_1_97' title="bbox 92 5487 1707 5563">
     <span class='ocr_line' id='line_1_98' title="bbox 92 5487 1707 5563; baseline 0.002 -23"><span class='ocrx_word' id='word_1_727' title='bbox 92 5487 541 5544; x_wconf 72' lang='grc' dir='ltr'>ἀσθενέσταται</span> <span class='ocrx_word' id='word_1_728' title='bbox 568 5491 897 5561; x_wconf 72' lang='grc' dir='ltr'>ἐρρωμένως</span> <span class='ocrx_word' id='word_1_729' title='bbox 932 5490 996 5542; x_wconf 83' lang='grc' dir='ltr'>ἄν</span> <span class='ocrx_word' id='word_1_730' title='bbox 1034 5507 1118 5553; x_wconf 90' lang='grc' dir='ltr'><strong>τις</strong></span> <span class='ocrx_word' id='word_1_731' title='bbox 1160 5491 1258 5543; x_wconf 81' lang='grc' dir='ltr'>ἴδοι</span> <span class='ocrx_word' id='word_1_732' title='bbox 1289 5495 1400 5554; x_wconf 84' lang='grc' dir='ltr'>τοῖς</span> <span class='ocrx_word' id='word_1_733' title='bbox 1431 5492 1707 5563; x_wconf 83' lang='grc' dir='ltr'>ἰσχυροτά-</span> 
     </span>
    </p>
   </div>
   <div class='ocr_carea' id='block_1_98' title="bbox 88 5580 1707 5652">
    <p class='ocr_par' dir='ltr' id='par_1_98' title="bbox 88 5580 1707 5652">
     <span class='ocr_line' id='line_1_99' title="bbox 88 5580 1707 5652; baseline 0.001 -19"><span class='ocrx_word' id='word_1_734' title='bbox 88 5597 246 5642; x_wconf 75' lang='grc' dir='ltr'>τθις</span> <span class='ocrx_word' id='word_1_735' title='bbox 278 5580 627 5644; x_wconf 82' lang='grc' dir='ltr'>ἀντεπιόντα,</span> <span class='ocrx_word' id='word_1_736' title='bbox 671 5582 798 5635; x_wconf 85' lang='grc' dir='ltr'>ὅταν</span> <span class='ocrx_word' id='word_1_737' title='bbox 828 5582 964 5634; x_wconf 74' lang='grc' dir='ltr'>αὐτὰ</span> <span class='ocrx_word' id='word_1_738' title='bbox 997 5582 1255 5652; x_wconf 79' lang='grc' dir='ltr'>βλάπτειν</span> <span class='ocrx_word' id='word_1_739' title='bbox 1296 5584 1545 5652; x_wconf 80' lang='grc' dir='ltr'>ἐπιχειρῇ</span> <span class='ocrx_word' id='word_1_740' title='bbox 1577 5599 1590 5612; x_wconf 86' lang='lat'><strong><em>°</em></strong></span> <span class='ocrx_word' id='word_1_741' title='bbox 1632 5584 1707 5646; x_wconf 83' lang='grc' dir='ltr'>ὡς</span> 
     </span>
    </p>
   </div>
   <div class='ocr_carea' id='block_1_99' title="bbox 88 5668 1708 5743">
    <p class='ocr_par' dir='ltr' id='par_1_99' title="bbox 88 5668 1708 5743">
     <span class='ocr_line' id='line_1_100' title="bbox 88 5668 1708 5743; baseline 0.002 -21"><span class='ocrx_word' id='word_1_742' title='bbox 88 5676 145 5743; x_wconf 68' lang='grc' dir='ltr'>ἢ</span> <span class='ocrx_word' id='word_1_743' title='bbox 191 5673 307 5740; x_wconf 74' lang='grc' dir='ltr'>τῆς</span> <span class='ocrx_word' id='word_1_744' title='bbox 334 5668 540 5731; x_wconf 80' lang='grc' dir='ltr'>ἀδικίας</span> <span class='ocrx_word' id='word_1_745' title='bbox 573 5672 755 5724; x_wconf 86' lang='grc' dir='ltr'>ἐκεῖνα</span> <span class='ocrx_word' id='word_1_746' title='bbox 776 5672 1105 5734; x_wconf 79' lang='grc' dir='ltr'>κωλύσοντα,</span> <span class='ocrx_word' id='word_1_747' title='bbox 1134 5672 1167 5741; x_wconf 78' lang='grc' dir='ltr'>ἢ</span> <span class='ocrx_word' id='word_1_748' title='bbox 1196 5673 1253 5723; x_wconf 79' lang='grc' dir='ltr'><strong>τὸ</strong></span> <span class='ocrx_word' id='word_1_749' title='bbox 1271 5673 1400 5737; x_wconf 83' lang='grc' dir='ltr'>γοῦν</span> <span class='ocrx_word' id='word_1_750' title='bbox 1418 5675 1708 5727; x_wconf 70' lang='grc' dir='ltr'>ἀποθανεῖν</span> 
     </span>
    </p>
   </div>
   <div class='ocr_carea' id='block_1_100' title="bbox 88 5763 1708 5833">
    <p class='ocr_par' dir='ltr' id='par_1_100' title="bbox 88 5763 1708 5833">
     <span class='ocr_line' id='line_1_101' title="bbox 88 5763 1708 5833; baseline 0.002 -20"><span class='ocrx_word' id='word_1_751' title='bbox 88 5763 490 5833; x_wconf 68' lang='grc' dir='ltr'>ἀμυνόμενα,</span> <span class='ocrx_word' id='word_1_752' title='bbox 552 5764 625 5823; x_wconf 79' lang='grc' dir='ltr'>ὡς</span> <span class='ocrx_word' id='word_1_753' title='bbox 676 5764 984 5829; x_wconf 77' lang='grc' dir='ltr'>ἄλληντινὰ</span> <span class='ocrx_word' id='word_1_754' title='bbox 1043 5767 1106 5833; x_wconf 78' lang='grc' dir='ltr'>τῇ</span> <span class='ocrx_word' id='word_1_755' title='bbox 1160 5765 1315 5830; x_wconf 76' lang='grc' dir='ltr'>φύσει</span> <span class='ocrx_word' id='word_1_756' title='bbox 1368 5764 1708 5833; x_wconf 83' lang='grc' dir='ltr'>λειτουργίαν</span> 
     </span>
    </p>
   </div>
   <div class='ocr_carea' id='block_1_101' title="bbox 84 5849 1327 5924">
    <p class='ocr_par' dir='ltr' id='par_1_101' title="bbox 84 5849 1327 5924">
     <span class='ocr_line' id='line_1_102' title="bbox 84 5849 1327 5924; baseline -0.003 -13"><span class='ocrx_word' id='word_1_757' title='bbox 84 5877 127 5911; x_wconf 74' lang='grc' dir='ltr'>ε,</span> <span class='ocrx_word' id='word_1_758' title='bbox 148 5855 471 5917; x_wconf 76' lang='grc' dir='ltr'>ἱσοίσοντα,</span> <span class='ocrx_word' id='word_1_759' title='bbox 499 5849 563 5924; x_wconf 76' lang='grc' dir='ltr'>ἧς</span> <span class='ocrx_word' id='word_1_760' title='bbox 594 5851 735 5906; x_wconf 79' lang='grc' dir='ltr'>εἶναι</span> <span class='ocrx_word' id='word_1_761' title='bbox 759 5858 921 5921; x_wconf 71' lang='grc' dir='ltr'>νόμον</span> <span class='ocrx_word' id='word_1_762' title='bbox 952 5854 1146 5916; x_wconf 76' lang='grc' dir='ltr'>σώζειν</span> <span class='ocrx_word' id='word_1_763' title='bbox 1170 5856 1327 5908; x_wconf 79' lang='grc' dir='ltr'>αὐτά.</span> 
     </span>
    </p>
   </div>
   <div class='ocr_carea' id='block_1_102' title="bbox 1808 4846 3372 4924">
    <p class='ocr_par' dir='ltr' id='par_1_102' title="bbox 1808 4846 3372 4924">
     <span class='ocr_line' id='line_1_103' title="bbox 1808 4846 3372 4924; baseline 0.006 -24"><span class='ocrx_word' id='word_1_764' title='bbox 1808 4851 1992 4917; x_wconf 90' lang='lat' dir='ltr'><strong>potius</strong></span> <span class='ocrx_word' id='word_1_765' title='bbox 2027 4862 2135 4900; x_wconf 91' lang='lat' dir='ltr'><strong>uno</strong></span> <span class='ocrx_word' id='word_1_766' title='bbox 2172 4846 2477 4901; x_wconf 83' lang='lat' dir='ltr'><strong>confectum</strong></span> <span class='ocrx_word' id='word_1_767' title='bbox 2508 4848 2737 4903; x_wconf 90' lang='lat' dir='ltr'><strong>vulnere</strong></span> <span class='ocrx_word' id='word_1_768' title='bbox 2771 4851 2932 4917; x_wconf 89' lang='lat' dir='ltr'><strong>mori,</strong></span> <span class='ocrx_word' id='word_1_769' title='bbox 2962 4868 3123 4922; x_wconf 90' lang='lat' dir='ltr'><strong>quam</strong></span> <span class='ocrx_word' id='word_1_770' title='bbox 3158 4866 3215 4909; x_wconf 91' lang='lat' dir='ltr'><strong>ut</strong></span> <span class='ocrx_word' id='word_1_771' title='bbox 3239 4872 3372 4924; x_wconf 85' lang='lat' dir='ltr'><strong>pau-</strong></span> 
     </span>
    </p>
   </div>
   <div class='ocr_carea' id='block_1_103' title="bbox 1811 4939 3373 5014">
    <p class='ocr_par' dir='ltr' id='par_1_103' title="bbox 1811 4939 3373 5014">
     <span class='ocr_line' id='line_1_104' title="bbox 1811 4939 3373 5014; baseline 0.005 -23"><span class='ocrx_word' id='word_1_772' title='bbox 1811 4939 1959 4991; x_wconf 90' lang='lat' dir='ltr'><strong>latim</strong></span> <span class='ocrx_word' id='word_1_773' title='bbox 2003 4954 2207 5007; x_wconf 85' lang='lat' dir='ltr'><strong>corpus</strong></span> <span class='ocrx_word' id='word_1_774' title='bbox 2240 4949 2621 4993; x_wconf 89' lang='lat' dir='ltr'><strong>consumatur.</strong></span> <span class='ocrx_word' id='word_1_775' title='bbox 2664 4941 2944 5009; x_wconf 88' lang='lat' dir='ltr'><strong>Siquidem</strong></span> <span class='ocrx_word' id='word_1_776' title='bbox 2971 4960 3099 5013; x_wconf 81' lang='lat' dir='ltr'><strong>ergo</strong></span> <span class='ocrx_word' id='word_1_777' title='bbox 3123 4947 3214 5014; x_wconf 89' lang='lat' dir='ltr'><strong>qui</strong></span> <span class='ocrx_word' id='word_1_778' title='bbox 3245 4964 3373 5000; x_wconf 79' lang='lat' dir='ltr'><strong>\eu-</strong></span> 
     </span>
    </p>
   </div>
   <div class='ocr_carea' id='block_1_104' title="bbox 1820 5030 3370 5105">
    <p class='ocr_par' dir='ltr' id='par_1_104' title="bbox 1820 5030 3370 5105">
     <span class='ocr_line' id='line_1_105' title="bbox 1820 5030 3370 5105; baseline 0.007 -23"><span class='ocrx_word' id='word_1_779' title='bbox 1820 5038 1939 5082; x_wconf 88' lang='lat' dir='ltr'><strong>tura</strong></span> <span class='ocrx_word' id='word_1_780' title='bbox 1995 5031 2107 5084; x_wconf 75' lang='lat' dir='ltr'><strong>ha-e</strong></span> <span class='ocrx_word' id='word_1_781' title='bbox 2155 5030 2439 5099; x_wconf 83' lang='lat' dir='ltr'><strong>perspicue</strong></span> <span class='ocrx_word' id='word_1_782' title='bbox 2477 5032 2683 5097; x_wconf 90' lang='lat' dir='ltr'><strong>sciatis,</strong></span> <span class='ocrx_word' id='word_1_783' title='bbox 2717 5034 2960 5087; x_wconf 90' lang='lat' dir='ltr'><strong>futurum</strong></span> <span class='ocrx_word' id='word_1_784' title='bbox 2996 5038 3215 5105; x_wconf 87' lang='lat' dir='ltr'><strong>quidem</strong></span> <span class='ocrx_word' id='word_1_785' title='bbox 3247 5055 3370 5093; x_wconf 88' lang='lat' dir='ltr'><strong>sus-</strong></span> 
     </span>
    </p>
   </div>
   <div class='ocr_carea' id='block_1_105' title="bbox 1809 5122 3368 5198">
    <p class='ocr_par' dir='ltr' id='par_1_105' title="bbox 1809 5122 3368 5198">
     <span class='ocr_line' id='line_1_106' title="bbox 1809 5122 3368 5198; baseline 0.006 -24"><span class='ocrx_word' id='word_1_786' title='bbox 1809 5122 2028 5190; x_wconf 88' lang='lat' dir='ltr'><strong>cipitis;</strong></span> <span class='ocrx_word' id='word_1_787' title='bbox 2108 5122 2438 5190; x_wconf 89' lang='lat' dir='ltr'><strong>omninoque</strong></span> <span class='ocrx_word' id='word_1_788' title='bbox 2508 5123 2831 5179; x_wconf 87' lang='lat' dir='ltr'><strong>decrevistis</strong></span> <span class='ocrx_word' id='word_1_789' title='bbox 2884 5126 3021 5181; x_wconf 87' lang='lat' dir='ltr'><strong>nihil</strong></span> <span class='ocrx_word' id='word_1_790' title='bbox 3072 5130 3368 5198; x_wconf 86' lang='lat' dir='ltr'><strong>quidquam</strong></span> 
     </span>
    </p>
   </div>
   <div class='ocr_carea' id='block_1_106' title="bbox 1811 5204 3369 5287">
    <p class='ocr_par' dir='ltr' id='par_1_106' title="bbox 1811 5204 3369 5287">
     <span class='ocr_line' id='line_1_107' title="bbox 1811 5204 3369 5287; baseline 0.007 -22"><span class='ocrx_word' id='word_1_791' title='bbox 1811 5213 2013 5275; x_wconf 80' lang='lat' dir='ltr'><strong>llloliri,</strong></span> <span class='ocrx_word' id='word_1_792' title='bbox 2049 5212 2193 5265; x_wconf 88' lang='lat' dir='ltr'><strong>aliud</strong></span> <span class='ocrx_word' id='word_1_793' title='bbox 2248 5204 2350 5267; x_wconf 80' lang='lat' dir='ltr'><strong>hoc</strong></span> <span class='ocrx_word' id='word_1_794' title='bbox 2386 5212 2573 5278; x_wconf 87' lang='lat' dir='ltr'><strong>fuerit,</strong></span> <span class='ocrx_word' id='word_1_795' title='bbox 2628 5230 2693 5270; x_wconf 93' lang='lat' dir='ltr'><strong>ae</strong></span> <span class='ocrx_word' id='word_1_796' title='bbox 2744 5216 2915 5287; x_wconf 88' lang='lat' dir='ltr'><strong>liquet</strong></span> <span class='ocrx_word' id='word_1_797' title='bbox 2959 5234 3027 5273; x_wconf 88' lang='lat' dir='ltr'><strong>ne</strong></span> <span class='ocrx_word' id='word_1_798' title='bbox 3071 5221 3369 5276; x_wconf 87' lang='lat' dir='ltr'><strong>bestiarum</strong></span> 
     </span>
    </p>
   </div>
   <div class='ocr_carea' id='block_1_107' title="bbox 1808 5305 3371 5381">
    <p class='ocr_par' dir='ltr' id='par_1_107' title="bbox 1808 5305 3371 5381">
     <span class='ocr_line' id='line_1_108' title="bbox 1808 5305 3371 5381; baseline 0.005 -25"><span class='ocrx_word' id='word_1_799' title='bbox 1808 5305 2051 5375; x_wconf 88' lang='lat' dir='ltr'><strong>quidem,</strong></span> <span class='ocrx_word' id='word_1_800' title='bbox 2098 5306 2266 5358; x_wconf 89' lang='lat' dir='ltr'><strong>multo</strong></span> <span class='ocrx_word' id='word_1_801' title='bbox 2316 5307 2497 5359; x_wconf 88' lang='lat' dir='ltr'><strong>minus</strong></span> <span class='ocrx_word' id='word_1_802' title='bbox 2528 5307 2775 5361; x_wconf 64' lang='lat' dir='ltr'><strong>humana:</strong></span> <span class='ocrx_word' id='word_1_803' title='bbox 2816 5309 3133 5363; x_wconf 74' lang='lat' dir='ltr'><strong>ensmentis</strong></span> <span class='ocrx_word' id='word_1_804' title='bbox 3164 5312 3371 5381; x_wconf 75' lang='lat' dir='ltr'><strong>cogita-</strong></span> 
     </span>
    </p>
   </div>
   <div class='ocr_carea' id='block_1_108' title="bbox 1811 5394 3379 5468">
    <p class='ocr_par' dir='ltr' id='par_1_108' title="bbox 1811 5394 3379 5468">
     <span class='ocr_line' id='line_1_109' title="bbox 1811 5394 3379 5468; baseline 0.004 -20"><span class='ocrx_word' id='word_1_805' title='bbox 1811 5396 1986 5450; x_wconf 85' lang='lat' dir='ltr'><strong>tiones</strong></span> <span class='ocrx_word' id='word_1_806' title='bbox 2033 5395 2225 5449; x_wconf 86' lang='lat' dir='ltr'><strong>videri.</strong></span> <span class='ocrx_word' id='word_1_807' title='bbox 2258 5394 2469 5466; x_wconf 83' lang='lat' dir='ltr'><strong>Quippe</strong></span> <span class='ocrx_word' id='word_1_808' title='bbox 2519 5398 2793 5452; x_wconf 89' lang='lat' dir='ltr'><strong>universis</strong></span> <span class='ocrx_word' id='word_1_809' title='bbox 2828 5414 2855 5451; x_wconf 93' lang='lat' dir='ltr'><strong>a</strong></span> <span class='ocrx_word' id='word_1_810' title='bbox 2888 5409 3080 5452; x_wconf 89' lang='lat' dir='ltr'><strong>natura</strong></span> <span class='ocrx_word' id='word_1_811' title='bbox 3112 5400 3379 5468; x_wconf 84' lang='lat' dir='ltr'><strong>inditum,</strong></span> 
     </span>
    </p>
   </div>
   <div class='ocr_carea' id='block_1_109' title="bbox 1815 5489 3371 5562">
    <p class='ocr_par' dir='ltr' id='par_1_109' title="bbox 1815 5489 3371 5562">
     <span class='ocr_line' id='line_1_110' title="bbox 1815 5489 3371 5562; baseline 0.004 -22"><span class='ocrx_word' id='word_1_812' title='bbox 1815 5497 1874 5540; x_wconf 91' lang='lat' dir='ltr'><strong>ut</strong></span> <span class='ocrx_word' id='word_1_813' title='bbox 1901 5502 1998 5541; x_wconf 88' lang='lat' dir='ltr'><strong>sua</strong></span> <span class='ocrx_word' id='word_1_814' title='bbox 2029 5498 2272 5560; x_wconf 70' lang='lat' dir='ltr'><strong>servent,</strong></span> <span class='ocrx_word' id='word_1_815' title='bbox 2304 5503 2365 5542; x_wconf 87' lang='lat' dir='ltr'><strong>ac</strong></span> <span class='ocrx_word' id='word_1_816' title='bbox 2398 5489 2576 5556; x_wconf 88' lang='lat' dir='ltr'><strong>quoad</strong></span> <span class='ocrx_word' id='word_1_817' title='bbox 2606 5489 2822 5546; x_wconf 88' lang='lat' dir='ltr'><strong>licuerit</strong></span> <span class='ocrx_word' id='word_1_818' title='bbox 2853 5490 3116 5545; x_wconf 87' lang='lat' dir='ltr'><strong>adversus</strong></span> <span class='ocrx_word' id='word_1_819' title='bbox 3142 5510 3255 5557; x_wconf 88' lang='lat' dir='ltr'><strong>eos,</strong></span> <span class='ocrx_word' id='word_1_820' title='bbox 3279 5496 3371 5562; x_wconf 84' lang='lat' dir='ltr'><strong>qui</strong></span> 
     </span>
    </p>
   </div>
   <div class='ocr_carea' id='block_1_110' title="bbox 1812 5579 3374 5655">
    <p class='ocr_par' dir='ltr' id='par_1_110' title="bbox 1812 5579 3374 5655">
     <span class='ocr_line' id='line_1_111' title="bbox 1812 5579 3374 5655; baseline 0.002 -21"><span class='ocrx_word' id='word_1_821' title='bbox 1812 5581 1920 5635; x_wconf 90' lang='lat' dir='ltr'><strong>vim</strong></span> <span class='ocrx_word' id='word_1_822' title='bbox 1955 5579 2216 5635; x_wconf 87' lang='lat' dir='ltr'><strong>inferant.</strong></span> <span class='ocrx_word' id='word_1_823' title='bbox 2245 5580 2577 5650; x_wconf 78' lang='lat' dir='ltr'><strong>depugnem.</strong></span> <span class='ocrx_word' id='word_1_824' title='bbox 2600 5582 2738 5647; x_wconf 87' lang='lat' dir='ltr'><strong>Quin</strong></span> <span class='ocrx_word' id='word_1_825' title='bbox 2764 5592 2817 5635; x_wconf 90' lang='lat' dir='ltr'><strong>et</strong></span> <span class='ocrx_word' id='word_1_826' title='bbox 2845 5581 3057 5655; x_wconf 83' lang='lat' dir='ltr'><strong>infirma</strong></span> <span class='ocrx_word' id='word_1_827' title='bbox 3081 5584 3374 5637; x_wconf 88' lang='lat' dir='ltr'><strong>admodum</strong></span> 
     </span>
    </p>
   </div>
   <div class='ocr_carea' id='block_1_111' title="bbox 1812 5672 3376 5741">
    <p class='ocr_par' dir='ltr' id='par_1_111' title="bbox 1812 5672 3376 5741">
     <span class='ocr_line' id='line_1_112' title="bbox 1812 5672 3376 5741; baseline 0.003 -15"><span class='ocrx_word' id='word_1_828' title='bbox 1812 5672 2089 5736; x_wconf 90' lang='lat' dir='ltr'><strong>animalia,</strong></span> <span class='ocrx_word' id='word_1_829' title='bbox 2114 5672 2335 5725; x_wconf 89' lang='lat' dir='ltr'><strong>robuste</strong></span> <span class='ocrx_word' id='word_1_830' title='bbox 2363 5673 2412 5724; x_wconf 92' lang='lat' dir='ltr'><strong>in</strong></span> <span class='ocrx_word' id='word_1_831' title='bbox 2433 5673 2746 5726; x_wconf 87' lang='lat' dir='ltr'><strong>animalium</strong></span> <span class='ocrx_word' id='word_1_832' title='bbox 2771 5676 3142 5741; x_wconf 82' lang='lat' dir='ltr'><strong>potentissima</strong></span> <span class='ocrx_word' id='word_1_833' title='bbox 3165 5677 3376 5730; x_wconf 89' lang='lat' dir='ltr'><strong>irruere</strong></span> 
     </span>
    </p>
   </div>
   <div class='ocr_carea' id='block_1_112' title="bbox 1812 5766 3362 5837">
    <p class='ocr_par' dir='ltr' id='par_1_112' title="bbox 1812 5766 3362 5837">
     <span class='ocr_line' id='line_1_113' title="bbox 1812 5766 3362 5837; baseline 0.003 -20"><span class='ocrx_word' id='word_1_834' title='bbox 1812 5766 2020 5827; x_wconf 84' lang='lat' dir='ltr'><strong>videas,</strong></span> <span class='ocrx_word' id='word_1_835' title='bbox 2061 5780 2183 5817; x_wconf 89' lang='lat' dir='ltr'><strong>cum</strong></span> <span class='ocrx_word' id='word_1_836' title='bbox 2219 5779 2281 5816; x_wconf 90' lang='lat' dir='ltr'><strong>ea</strong></span> <span class='ocrx_word' id='word_1_837' title='bbox 2318 5778 2514 5817; x_wconf 88' lang='lat' dir='ltr'><strong>nocere</strong></span> <span class='ocrx_word' id='word_1_838' title='bbox 2572 5766 2936 5831; x_wconf 84' lang='lat' dir='ltr'><strong>tentaverint;</strong></span> <span class='ocrx_word' id='word_1_839' title='bbox 2990 5784 3098 5837; x_wconf 90' lang='lat' dir='ltr'><strong>quo</strong></span> <span class='ocrx_word' id='word_1_840' title='bbox 3146 5770 3229 5821; x_wconf 79' lang='lat' dir='ltr'><strong>vel</strong></span> <span class='ocrx_word' id='word_1_841' title='bbox 3285 5770 3362 5821; x_wconf 87' lang='lat' dir='ltr'><strong>in-</strong></span> 
     </span>
    </p>
   </div>
   <div class='ocr_carea' id='block_1_113' title="bbox 1809 5855 3372 5925">
    <p class='ocr_par' dir='ltr' id='par_1_113' title="bbox 1809 5855 3372 5925">
     <span class='ocr_line' id='line_1_114' title="bbox 1809 5855 3372 5925; baseline 0.004 -17"><span class='ocrx_word' id='word_1_842' title='bbox 1809 5856 2008 5925; x_wconf 89' lang='lat' dir='ltr'><strong>iuriam</strong></span> <span class='ocrx_word' id='word_1_843' title='bbox 2058 5855 2405 5924; x_wconf 89' lang='lat' dir='ltr'><strong>prohibeant,</strong></span> <span class='ocrx_word' id='word_1_844' title='bbox 2454 5855 2539 5909; x_wconf 91' lang='lat' dir='ltr'><strong>vel</strong></span> <span class='ocrx_word' id='word_1_845' title='bbox 2589 5855 2873 5912; x_wconf 86' lang='lat' dir='ltr'><strong>moriendo</strong></span> <span class='ocrx_word' id='word_1_846' title='bbox 2909 5874 2966 5914; x_wconf 81' lang='lat' dir='ltr'><strong>se</strong></span> <span class='ocrx_word' id='word_1_847' title='bbox 3020 5859 3372 5924; x_wconf 85' lang='lat' dir='ltr'><strong>ulciscantur,</strong></span> 
     </span>
    </p>
   </div>
   <div class='ocr_carea' id='block_1_114' title="bbox 92 5946 2718 6017">
    <p class='ocr_par' dir='ltr' id='par_1_114' title="bbox 92 5946 2718 6017">
     <span class='ocr_line' id='line_1_115' title="bbox 92 5946 2718 6017; baseline 0 -14"><span class='ocrx_word' id='word_1_848' title='bbox 92 5963 242 6008; x_wconf 60' lang='lat' dir='ltr'><strong>ceu</strong></span> <span class='ocrx_word' id='word_1_849' title='bbox 277 5946 432 6001; x_wconf 86' lang='lat' dir='ltr'><strong>aliud</strong></span> <span class='ocrx_word' id='word_1_850' title='bbox 465 5948 738 6015; x_wconf 83' lang='lat' dir='ltr'><strong>quoddam</strong></span> <span class='ocrx_word' id='word_1_851' title='bbox 772 5946 1019 6016; x_wconf 88' lang='lat' dir='ltr'><strong>obsequii</strong></span> <span class='ocrx_word' id='word_1_852' title='bbox 1043 5962 1214 6016; x_wconf 70' lang='lat' dir='ltr'><strong>genus</strong></span> <span class='ocrx_word' id='word_1_853' title='bbox 1239 5957 1446 6007; x_wconf 68' lang='lat' dir='ltr'><strong>naturae</strong></span> <span class='ocrx_word' id='word_1_854' title='bbox 1482 5948 1699 6003; x_wconf 82' lang='lat' dir='ltr'><strong>illatura</strong></span> <span class='ocrx_word' id='word_1_855' title='bbox 1742 5949 1901 6017; x_wconf 89' lang='lat' dir='ltr'><strong>cuius</strong></span> <span class='ocrx_word' id='word_1_856' title='bbox 1936 5948 2006 6002; x_wconf 90' lang='lat' dir='ltr'><strong>sit</strong></span> <span class='ocrx_word' id='word_1_857' title='bbox 2038 5948 2119 6001; x_wconf 83' lang='lat' dir='ltr'><strong>lex</strong></span> <span class='ocrx_word' id='word_1_858' title='bbox 2153 5956 2213 6001; x_wconf 93' lang='lat' dir='ltr'><strong>ut</strong></span> <span class='ocrx_word' id='word_1_859' title='bbox 2244 5946 2391 6001; x_wconf 87' lang='lat' dir='ltr'><strong>salva</strong></span> <span class='ocrx_word' id='word_1_860' title='bbox 2423 5946 2514 6001; x_wconf 81' lang='lat' dir='ltr'><strong>illa</strong></span> <span class='ocrx_word' id='word_1_861' title='bbox 2544 5954 2718 6003; x_wconf 85' lang='lat' dir='ltr'><strong>curet.</strong></span> 
     </span>
    </p>
   </div>
  </div>
