4198 6440
172 412 307 479 1033
1012 411 1293 472 ORATIO
1336 412 1434 472 DE

1501 411 1656 474 NON
1691 411 2111 474 REDDENDA
2149 410 2575 472 CALLIPOLI.

3261 413 3403 478 1034

169 530 416 599 χειροῦσι
491 526 684 578 πολλαὶ
761 525 1089 593 φανήσονται
1176 520 1311 596 πρὸς
1366 527 1465 595 τὴν
1521 527 1745 580 ἐκείνων

1784 537 1821 594 Α
1853 524 2124 579 invenerit
2167 538 2182 577 :
2233 524 2511 592 multaque
2563 520 3023 590 aggredientibus,
3080 523 3283 592 quibus
3344 542 3407 581 ea

171 616 496 684 καθαίρεσιν
524 613 788 682 ἀφορμαί.
826 615 933 665 Καὶ
970 615 1127 667 τοῦτο
1158 616 1525 685 μαρτυροῦσιν
1571 618 1623 668 oi
1647 616 1742 669 νῦν

170 709 513 767 ἀποστάντες
562 705 671 757 τῶν
722 705 937 756 οἰκείων
967 744 981 769 ,
1035 706 1129 758 καὶ
1178 706 1417 774 πόλεμον
1491 708 1743 777 φανερῶς

169 800 307 867 προς
342 796 585 858 ἐκείνους
614 796 1013 863 ἐξενεγκόντες
1049 792 1129 861 εἷς
1155 799 1209 851 εί
1232 818 1316 861 τις
1348 801 1740 864 ἐπικελεύοιτο,

167 890 267 939 και
324 889 603 956 χρήμασιν
653 888 856 954 ὀλίγοις
910 891 1009 942 καὶ
1080 891 1367 961 συμμαχίᾳ
1424 895 1520 953 τάς
1566 892 1742 960 ὁρμάς

168 982 501 1050 ἑπιρρὡσειε
536 981 630 1031 καὶ
664 981 1133 1050 συμπροῡυμοῖτο,
1170 987 1297 1044 iam;
1330 982 1417 1048 ἂν,
1454 982 1742 1051 ἀξιόμαχοι

168 1075 474 1140 γενόμενοι,
508 1072 798 1141 τράποιντο
832 1076 929 1141 μὲν
970 1074 1055 1143 ἐφ’
1083 1076 1298 1136 αὐτούς·
1336 1076 1480 1144 ἡμᾶς
1507 1075 1552 1127 δ’
1580 1076 1610 1144 ἢ
1639 1093 1743 1145 μηο

168 1166 258 1215 δὲν
295 1164 326 1233 ἢ
365 1163 573 1214 ἐλάττω
628 1165 936 1230 βλάπτοιεν,
976 1166 1366 1233 ἀσχολούμενοι
1418 1167 1554 1235 πρὶς
1584 1167 1746 1235 ἀλλήο

169 1257 316 1315 λους.
380 1256 538 1307 Ἀλλά
574 1257 679 1324 μὴν
731 1258 823 1306 καὶ
878 1256 1028 1325 παρὰ
1057 1257 1162 1307 τῶν
1210 1258 1495 1325 Τριῦαλῶν
1543 1258 1742 1325 ἦκουσι

170 1342 460 1409 πρέσϐεις,
504 1343 781 1407 ἀξιοῦντες
806 1345 956 1410 κοινῇ
1010 1344 1133 1402 τοὺς
1185 1348 1397 1404 κοινοὺς
1451 1343 1744 1412 πολεμίους

170 1433 523 1499 ἀμύνασθαι,
580 1436 673 1484 καί
724 1432 936 1499 γάμους
990 1434 1286 1498 αἰτοῦντες,
1340 1436 1435 1486 καὶ
1485 1437 1742 1504 χρήματα

174 1524 625 1591 ὑπισχνούμενοι,
661 1524 729 1573 δι’
780 1517 854 1574 ὧν
895 1524 1099 1575 οἴονται
1152 1527 1397 1591 κινήσειν
1447 1526 1611 1593 ἡμᾶς·
1650 1524 1743 1586 οὒς

173 1616 431 1683 βεϐαίους
459 1617 565 1684 χρὴ
596 1615 837 1683 νομίζειν
872 1617 1089 1667 ἔσεσθαι
1131 1618 1451 1685 συμμάχους
1488 1619 1639 1686 ἡμῖν,
1669 1617 1741 1680 ὡς

185 1709 254 1758 ἂν
318 1709 412 1759 καὶ
464 1707 619 1759 αὐτοὶ
706 1709 856 1774 παρὰ
911 1708 1020 1759 τῶν
1092 1708 1387 1777 βαρίέρων
1442 1710 1748 1776 ἠδίκηνται.

187 1798 327 1851 Ἀλλ’
368 1799 463 1865 οὐχ
513 1797 667 1867 ἡμῶν
719 1800 879 1867 χάριν
932 1801 1365 1867 ἀμυνουμένους,
1420 1802 1560 1851 εἴποι
1601 1802 1644 1852 δ’
1677 1802 1743 1856 ἄν

1848 614 2057 670 destrui
2090 615 2322 684 possint,
2356 623 2672 683 argumenta
2711 624 3021 669 occurrent.
3056 615 3246 671 Testes
3282 626 3412 671 sunt

1848 709 1942 776 qui
1975 722 2004 760 a
2038 706 2155 761 suis
2185 707 2346 759 modo
2378 706 2721 769 defecerunt,
2755 708 2946 775 eisque
2986 708 3163 776 palam
3208 711 3412 765 bellum

1852 797 2175 861 intulerunt,
2197 797 2398 865 quibus
2426 808 2485 851 ut
2512 799 2636 866 quis
2666 798 2875 866 jubeat.
2900 800 3289 869 nonnullisque
3318 817 3412 871 pe-

1847 888 2026 943 cuniis
2070 906 2133 943 at:
2184 889 2314 942 belli
2359 888 2608 943 subsidio
2655 905 2843 943 eorum
2888 900 3123 945 conatus
3168 894 3411 960 roboret,

1851 996 1913 1034 ac
1938 982 2137 1035 sociam
2161 980 2497 1034 alacritatem
2522 981 2791 1045 ostendat,
2814 983 2922 1043 apti
2959 983 3096 1035 forte
3125 983 3416 1039 bellatores

1850 1072 2053 1135 effecti,
2088 1074 2141 1125 in
2192 1086 2320 1126 suos
2351 1081 2762 1135 convertantur,
2787 1074 2999 1140 sibique
3036 1087 3227 1128 mutuo
3280 1076 3417 1131 infe-

1850 1174 2030 1217 rentes
2078 1163 2304 1227 bellum,
2347 1165 2430 1217 vel
2477 1164 2635 1223 nihil.
2684 1172 2780 1217 aut
2809 1165 2940 1233 quid
2992 1166 3266 1221 modicum
3318 1183 3417 1221 nos

1851 1255 2066 1309 laedant.
2098 1256 2237 1320 Quin
2270 1266 2325 1309 et
2356 1256 2560 1309 Tribali
2590 1256 2938 1311 deStinarunt
2972 1258 3194 1325 legatos,
3226 1277 3417 1329 rogan-

1852 1363 1933 1406 tes
1982 1362 2041 1406 ut
2087 1353 2363 1406 communi
2410 1354 2642 1407 consilio
2702 1370 3021 1408 communes
3058 1356 3240 1411 hostes
3275 1357 3416 1410 ulei-

1850 1459 2096 1506 scamur,
2150 1460 2210 1497 ac
2240 1444 2550 1512 nuptiarum
2601 1447 2916 1499 societatem
2975 1448 3248 1508 ineamus,
3301 1451 3417 1517 pol-

1850 1533 2186 1602 licentesque
2244 1535 2532 1601 pecunias,
2591 1536 2791 1602 quibus
2853 1552 2951 1591 nos
3003 1540 3297 1593 excitatum
3350 1542 3414 1593 iri

1850 1632 2127 1689 Sperant:
2181 1638 2321 1689 quos
2374 1623 2580 1675 firmam
2636 1625 2757 1678 belli
2814 1629 3129 1681 societatem
3184 1630 3414 1682 illlltll'uS

1852 1711 2152 1778 putandum
2188 1721 2292 1775 est,
2340 1714 2483 1777 quod
2521 1723 2577 1764 et
2613 1713 2714 1781 ipsi
2757 1716 2967 1781 experti
3002 1716 3113 1769 :iltl
3157 1716 3413 1771 Barbaru-

1855 1820 1969 1856 rnm
2002 1805 2297 1873 injuriam:
2334 1806 2478 1858 baud
2516 1822 2645 1860 vero
2683 1807 2820 1860 dicat
2852 1809 3049 1876 aliquis
3091 1825 3156 1863 eo
3195 1812 3319 1871 line,
3362 1819 3417 1863 ut

170 1908 283 1952 τις,
320 1892 413 1943 καὶ
442 1891 595 1955 ἄλλα,
626 1894 661 1945 ἃ
693 1891 786 1943 νῦν
822 1894 919 1961 μὲν
948 1892 1182 1960 χαλεπὸν
1205 1893 1514 1947 κάοέκαστα
1542 1894 1742 1962 λέγειν·

1784 1890 2062 1949 Bnostras
2115 1896 2340 1964 injurias
2388 1897 2750 1958 ulciscantur.
2802 1901 3043 1969 aliaque,
3100 1917 3220 1970 qua:
3273 1919 3417 1957 nunc

172 1982 338 2043 αὐτὸς
370 1982 413 2034 δ’
441 1984 469 2034 ὁ
500 1983 730 2051 πόλεμος
764 1984 1082 2051 κινούμενος
1126 1985 1311 2053 σαφῶς
1344 1986 1523 2039 πάντα
1554 1988 1741 2051 δείξει.

173 2076 252 2126 υἷι
323 2074 387 2143 δὴ
444 2075 651 2128 δίκαιον
714 2075 960 2127 τοιοῦτον
1014 2080 1503 2146 παραπεπτωκότα
1554 2081 1746 2149 καιρὸν

174 2168 433 2232 ἀφεῖναν
489 2165 603 2217 ἀλλ’
659 2166 779 2218 ἐπεὶ
837 2168 973 2236 μηδὲ
1037 2167 1393 2236 βουλομένους
1452 2170 1747 2239 ἡσυχάζειν

174 2257 557 2328 συγχωροῦσιν
590 2259 636 2310 οἱ
673 2259 969 2328 βάρϐαροι,
1000 2260 1114 2311 ἀλλ’
1157 2261 1367 2329 ova.qu
1403 2261 1744 2329 καθημένους

170 2351 278 2417 τῆς
298 2351 404 2402 τῶν
432 2351 781 2418 ἀνδραπόδων
812 2350 981 2419 τύχης
1015 2352 1439 2420 κληρονομῆσαι·
1482 2357 1746 2421 χρηστέον

170 2444 287 2504 τοῖ,
323 2444 555 2511 καιροῖς,
598 2444 693 2494 καὶ
750 2442 1134 2511 προθυμητέον
1180 2443 1210 2511 ἦ
1263 2443 1355 2495 καὶ
1383 2443 1480 2514 τὴν
1514 2447 1746 2513 πατρίδα

174 2537 272 2587 καὶ
302 2535 427 2597 τοὺς
454 2534 762 2603 ὁμοφύλους
796 2534 1139 2603 ἐλευθεροῦν,
1176 2536 1206 2599 ἢ
1240 2540 1485 2602 γενναῖον
1537 2542 1666 2604 γοῦν
1695 2558 1746 2593 τι

172 2629 273 2680 καὶ
298 2627 457 2679 καλὸν
496 2627 830 2693 πραξάντας,
874 2632 1138 2697 μνημεῖον
1180 2630 1378 2698 ἀρετῆς
1408 2632 1515 2691 τοῖ,
1558 2630 1752 2700 ἐσομέ-

173 2735 293 2780 νοις
321 2718 658 2773 καταλιπεῐν.
690 2718 751 2770 Et
779 2719 824 2772 δ’
858 2719 1109 2788 οἰόμεθα,
1144 2721 1440 2789 προδόντας
1477 2723 1574 2791 τὴν
1602 2723 1747 2775 Καλ-

173 2810 412 2874 λίπολιν,
448 2811 687 2879 οίγὴσειν
715 2809 970 2878 ἀσφαλῶς
1006 2811 1102 2879 τὴν
1136 2812 1394 2880 πατρίδα,
1428 2812 1642 2865 δέδοικα
1674 2813 1748 2883 μὴ

177 2903 279 2953 καὶ
303 2902 507 2969 ταύτης
550 2902 688 2970 μετά
726 2902 922 2972 μικρὸν
950 2904 1299 2965 ἐγπεσόντες,
1344 2904 1455 2956 οὐδ’
1484 2905 1549 2976 ἢν
1589 2909 1746 2976 οἰκή-

176 3011 350 3063 σομεν
384 2992 635 3064 εὕρωμεν
672 2994 767 3046 τοῦ
802 2994 1012 3050 λοιποῦ.
1061 2995 1158 3057 Τίς
1195 2997 1301 3065 γὰρ
1350 2996 1416 3049 ἂν
1465 2999 1589 3061 τοὺς
1640 3000 1749 3053 τῶν

172 3089 396 3141 οἰκείων
423 3088 687 3157 προδότας
711 3086 965 3157 ἐπιὸῆναι
991 3088 1087 3158 τῆς
1114 3088 1307 3142 ἐαυτοῦ
1326 3093 1701 3161 συγχωρήσειε
1731 3107 1748 3157 ;

1846 1988 2066 2056 quidem
2104 2004 2268 2056 grave
2306 1990 2377 2043 sit
2406 1989 2685 2059 sigillatim
2719 1991 2921 2054 dicere,
2955 2008 3183 2062 qumque
3217 1994 3417 2047 niliilo-

1848 2082 2029 2133 minus
2076 2082 2257 2135 omnia
2313 2094 2516 2136 motum
2578 2085 2779 2138 bellum
2831 2086 3040 2154 liquido
3092 2087 3416 2142 declarabit.

1848 2170 2001 2227 llaud
2035 2189 2163 2227 sane
2187 2190 2427 2242 aequum,
2457 2176 2783 2230 incidentem
2813 2179 3078 2242 ejusmodi
3114 2182 3189 2233 rei
3226 2195 3419 2248 geren-

1847 2265 1929 2318 dae
1960 2265 2302 2319 occasionem
2353 2268 2663 2333 dimittere;
2692 2285 2881 2323 verum
2914 2271 3040 2339 quia
3072 2288 3141 2325 ne
3170 2273 3419 2326 volentes

1848 2355 2067 2424 quidem
2120 2357 2338 2411 Barbari
2376 2360 2698 2426 permittunt
2729 2362 3033 2430 quiescere,
3063 2362 3157 2415 sed
3195 2374 3279 2418 est
3327 2380 3421 2417 nc-

1848 2460 2002 2501 cesse
2057 2458 2115 2501 ut
2168 2450 2421 2503 sedentes
2470 2466 2532 2504 ac
2581 2455 2765 2516 otiosi,
2815 2470 3096 2508 servorum
3143 2456 3416 2511 fortunam

1849 2540 2164 2604 Subeamus,
2201 2543 2466 2593 utendum
2498 2543 2899 2610 occasionibus,
2930 2561 2993 2599 ac
3023 2547 3189 2601 alacri
3216 2549 3421 2601 audet:-

1850 2628 1980 2683 dum
2033 2632 2214 2685 animo
2270 2642 2328 2685 ut
2380 2634 2463 2687 vel
2508 2635 2740 2703 patriam
2800 2652 2862 2689 ac
2914 2639 3145 2706 gentiles
3203 2649 3422 2695 nostros

1850 2720 2106 2776 libertate
2154 2721 2450 2788 donemus,
2503 2727 2585 2779 vel
2637 2736 2782 2780 certe
2839 2740 3122 2783 strenuum
3170 2732 3302 2799 quid
3358 2747 3422 2786 ao

1851 2814 2171 2882 pmclarum
2207 2816 2575 2886 tit-signantes,
2616 2819 2833 2873 virtutis
2880 2832 3291 2877 monumentum
3327 2841 3423 2892 pn-

1850 2908 2009 2959 steris
2041 2907 2435 2975 relinquamus.
2469 2908 2621 2973 Quod
2657 2910 2700 2963 si
2735 2910 2938 2979 putatis
2972 2912 3088 2967 fore
3121 2924 3180 2968 ut
3213 2916 3421 2970 traden-

1852 3006 1934 3050 tes
1976 2996 2283 3067 Callipolim
2334 3007 2453 3052 tutu
2496 3002 2725 3067 patriam
2759 3003 3093 3073 liabitemus,
3137 3009 3303 3062 timeo
3349 3027 3418 3066 ne

1851 3087 2001 3141 brevi
2030 3103 2148 3141 eam
2186 3090 2355 3158 ipsam
2392 3094 2724 3158 amittentes,
2760 3112 2826 3151 ne
2878 3099 3053 3153 solum
3096 3102 3316 3171 quidem
3364 3106 3419 3160 in

173 3181 275 3241 Τίς
307 3180 364 3232 δὲ
394 3180 519 3240 τοὺς
550 3178 644 3231 τοῦ
679 3178 923 3232 τοιούτου
960 3180 1163 3249 μύσους
1197 3182 1576 3251 σκυτόχειρας,
1612 3184 1748 3251 πρός

1784 3222 1820 3281 c
1853 3194 1960 3246 quo
1984 3180 2295 3235 babitemus
2324 3182 2579 3252 deinceps
2607 3184 2973 3243 inveniamus.
2994 3191 3127 3258 Quis
3157 3196 3301 3248 enim
3326 3213 3424 3253 eos

171 3288 307 3324 τινα
336 3271 441 3324 τῶν
495 3270 712 3333 σεμνῶν
762 3271 1018 3343 πράξεων
1066 3272 1406 3340 ἐπιτηδείους
1438 3274 1750 3341 ἡγήσεταις

188 3354 340 3406 Ἀλλ’
365 3354 624 3424 ὅσοισπερ
660 3354 726 3407 ἀν
755 3355 912 3425 ἡμῶν
942 3355 1167 3423 γένηται
1192 3357 1291 3417 τὰς
1317 3354 1426 3406 τῶν
1458 3356 1752 3425 βαρϐάρων

174 3448 369 3515 χεῖρας
418 3446 740 3513 διαφυγεῖν,
794 3446 1185 3515 πλανησόμεθα
1244 3447 1342 3517 μὲν
1395 3448 1752 3509 λανθάνοντες

174 3538 315 3606 περὶ
341 3536 438 3600 τάς
468 3539 792 3602 ἀλλοδαπὰς·
834 3539 935 3591 κάν
974 3557 1076 3591 που
1114 3541 1400 3609 φανῶμεν,
1428 3542 1561 3612 ἀραὶ
1600 3541 1753 3611 παρὰ

172 3632 399 3684 πάντων
430 3632 562 3699 ἡμῖν
602 3631 822 3699 ἕψονται
868 3632 965 3683 καὶ
1018 3632 1346 3703 κατηγορίαι
1410 3632 1505 3685 καὶ
1554 3633 1749 3700 γέλως.

173 3723 207 3773 Ἰ
226 3722 416 3785 ούτους
442 3722 497 3774 δὲ
547 3724 685 3792 χρῆν
725 3723 1000 3794 ὁράσθαι;
1058 3725 1308 3794 μετέχειν
1356 3725 1411 3778 δὲ
1453 3724 1749 3791 συλλόγου;

172 3817 441 3867 ἀναπνεῖν
467 3814 523 3866 δὲ
571 3815 747 3878 ὃλως;
799 3816 847 3866 οί
880 3814 1140 3883 τοιαύτην
1184 3816 1284 3881 μὲν
1325 3814 1543 3885 ἔχοντες
1573 3818 1748 3879 πόλιν,

172 3905 417 3959 τοσαῦτα
443 3905 501 3959 δὲ
530 3906 812 3976 χρήματα,
861 3908 1135 3977 τοσαύτην
1168 3908 1224 3960 δὲ
1268 3907 1520 3978 δύναμιν
1558 3910 1753 3964 Θαλάτ-

170 4014 279 4067 της
308 3996 363 4049 δὲ
392 3998 484 4050 καὶ
510 3998 614 4066 γῆς
639 3998 791 4059 ὄντες
814 3999 1013 4065 κύριον
1049 4000 1225 4051 πάντα
1246 4000 1305 4052 δὲ
1343 4000 1400 4066 ἐξ
1437 4002 1751 4071 ἐπιτάγμα-

173 4106 274 4151 τος
325 4089 509 4141 ἀνύειν
537 4089 853 4159 δυνάμενοι,
884 4091 984 4159 τὴν
1042 4090 1143 4157 μὲν
1176 4092 1497 4161 περιουσίαν
1534 4094 1751 4163 ἐκείνην

177 4179 581 4248 βλακευόμενοι
618 4181 716 4233 καὶ
756 4180 1111 4243 καθεύδοντες
1158 4184 1252 4234 καὶ
1293 4184 1607 4254 ὑϐρίζοντες
1648 4187 1754 4238 πᾶ-

178 4288 287 4322 σαν
336 4270 638 4340 ἀνήλωσανο
690 4272 1055 4333 τελευτῶντες
1105 4272 1183 4335 δὲ,
1240 4276 1336 4327 καὶ
1364 4275 1462 4346 τὴν
1514 4279 1750 4347 πατρίδα

176 4357 495 4426 προδόντες,
523 4358 618 4411 νῦν
646 4358 833 4429 ῶσπερ
863 4360 1041 4412 κοινόν
1070 4376 1123 4412 τι
1150 4362 1427 4431 περιίασιν
1459 4364 1613 4431 ἄγος
1644 4365 1753 4418 λοιο

178 4448 279 4516 μοί
306 4466 468 4512 τινες,
502 4449 595 4502 καὶ
640 4452 751 4511 τοῖς
781 4449 961 4512 ἄλλοις
992 4456 1089 4516 τῆς
1124 4452 1280 4503 νόσου
1329 4454 1701 4521 μεταδιδόντες
1734 4457 1746 4509 !

188 4540 358 4606 Ὶίμῖν
386 4538 429 4591 δ’
458 4537 568 4591 οὔτ’
599 4539 906 4605 ἀντιλέγειν
939 4540 1178 4601 ἐξέσται.
1216 4542 1287 4592 Τὸ
1320 4544 1429 4611 γὰρ
1460 4543 1567 4595 τῶν
1600 4546 1751 4611 ἐλεγ-

173 4646 301 4698 χων
328 4628 532 4681 δίκαιον
560 4630 658 4692 τὴν
696 4631 1012 4700 παρρησίαν
1048 4632 1325 4695 παντελῶς
1358 4636 1747 4704 ἁφαιρήσεταν

175 4721 281 4773 καὶ
330 4721 390 4772 τὸ
437 4723 624 4789 φέρειν
673 4722 1064 4789 ὑϐριζομένους
1118 4728 1278 4788 ποίας
1328 4727 1390 4779 ού
1447 4728 1749 4797 βαρύτερον

176 4812 508 4878 συμφορᾶςί
552 4812 703 4865 Ὠστ“
736 4815 948 4884 ἀνάγκη
979 4816 1202 4883 φεύγειν
1236 4823 1333 4885 μεν
1378 4820 1581 4885 πόλεις,
1620 4824 1750 4887 φεύ-

171 4918 307 4970 γειν
332 4904 386 4954 δὲ
422 4903 733 4970 συλλόγους·
766 4908 845 4968 είς
886 4910 1166 4976 χηραμοὺς
1199 4909 1255 4961 δέ
1301 4928 1452 4971 τινας
1477 4894 1750 4967 καταδύν-

169 5006 303 5052 τας,
333 4991 450 5058 ζῇν,
480 4990 821 5061 κρύπτοντας
850 4993 971 5045 ὅθεν
1006 4996 1193 5062 ἐσμὲν,
1236 4997 1327 5047 καὶ
1358 4998 1457 5065 τὴν
1486 5002 1745 5068 τελευτὴν

169 5082 534 5148 εὐχομένους.
589 5081 725 5146 Οὓκ,
776 5084 873 5135 ἐὰν
921 5086 1047 5152 ἐμοὶ
1075 5084 1357 5153 πείθησθε·
1394 5088 1508 5139 ἀλλ’
1562 5090 1608 5140 εί
1667 5092 1743 5159 μὴ

172 5175 469 5243 πρότερον,
521 5174 615 5225 νῦν
666 5174 797 5241 γοῦν
858 5178 1133 5239 παντελῶς
1172 5178 1578 5248 ἀπιστήσαντες
1630 5186 1744 5244 τοῖς

173 5265 504 5337 βαρϐάροις,
537 5266 628 5316 καὶ
659 5269 1045 5328 πιστεύσαντες
1088 5269 1224 5336 πρὸς
1256 5270 1314 5321 ἓν
1346 5271 1530 5330 αὐτοῖς
1567 5275 1746 5327 πάντα

169 5358 398 5421 τείνειν,
452 5358 598 5418 ὅπως
645 5358 795 5425 ἡμεῖς
842 5360 1408 5428 καταδουλωσάμενοι,
1441 5365 1596 5418 αὐτοὶ
1646 5369 1745 5434 μὲν

174 5448 473 5514 ἀυρὲλοιντο
520 5448 589 5498 τὰ
634 5448 903 5516 ἡμέτερα,
952 5451 1062 5509 τοῖς
1102 5450 1145 5500 δ’
1194 5452 1482 5520 ἡμετέροις
1532 5454 1746 5523 σώμασι

168 5537 279 5597 τὰς
321 5535 427 5587 τῶν
474 5537 826 5613 ἀνδραπόδων
874 5539 1113 5590 ὲπιξιεὶωι
1160 5540 1427 5606 ἀνάγκας,
1466 5545 1523 5594 οὗ
1583 5548 1746 5615 μόνον

171 5624 489 5693 ἀπόσχεσῦε
518 5626 626 5677 τῶν
656 5628 771 5677 νυνὶ
800 5625 1199 5696 βουλευμάτων·
1237 5630 1370 5681 ἀλλά
1403 5634 1495 5684 καὶ
1521 5634 1745 5699 δύσνους

170 5723 247 5786 τῇ
287 5716 438 5769 πόλει
490 5718 809 5785 νομίσαντες
865 5722 989 5779 τοὺς
1040 5722 1105 5773 τά
1152 5722 1374 5774 τοιαῦτα
1430 5725 1745 5793 τολμῶντας

172 5808 319 5876 ἡμῖν
363 5806 774 5873 συμϐουλεύειν,
815 5808 1055 5860 πέαπειν
1109 5810 1204 5877 μὲν
1256 5815 1381 5875 τοὺς
1416 5831 1511 5881 την
1548 5817 1748 5870 Καλλί-

398 5909 670 5964 ΡΑτιιοι..
703 5906 820 5965 (in.
871 5900 994 5962 CLI
1008 5902 1073 5963 Υ.

1853 3270 1947 3340 qui
1981 3286 2077 3323 sua
2111 3271 2209 3340 ipsi
2243 3274 2605 3341 prodiderint,
2633 3277 2685 3329 in
2719 3293 2871 3332 suam
2906 3280 3021 3349 ipse
3047 3285 3276 3352 patriam
3302 3305 3424 3357 per-

1854 3362 2035 3415 mittat
2080 3365 2413 3419 aseendere?
2462 3367 2596 3432 Quis
2652 3372 2786 3424 tanti
2836 3374 3058 3428 sceleris
3098 3388 3420 3435 consutori-s

1852 3466 2225 3522 auctoresque
2282 3457 2522 3512 boneSIae
2557 3460 2651 3513 ulli
2692 3464 2893 3516 actioni
2930 3479 3274 3535 comparatos
3305 3472 3422 3525 exi-

1853 3544 2133 3598 stimabit?
2186 3545 2478 3601 Enimvero
2528 3561 2797 3619 quotquot
2847 3564 3096 3610 nostrum
3146 3560 3423 3631 continget

1854 3635 2216 3690 Barbarorum
2248 3654 2441 3693 manus
2486 3643 2746 3709 ellugere,
2780 3646 3001 3701 obscuri
3048 3648 3322 3722 ignotique
3364 3655 3422 3708 in

1852 3731 2127 3784 extraneis
2172 3731 2473 3799 provinciis
2524 3748 2714 3788 sumus
2758 3740 3003 3805 vagaturi
3046 3757 3060 3793 :
3112 3740 3198 3795 sin
3236 3753 3421 3799 autem

1852 3836 2231 3890 agnoscamur,
2277 3823 2522 3876 omnium
2545 3839 2644 3878 nos
2661 3826 2789 3880 dine
2806 3839 2864 3881 et
2882 3830 3147 3899 vituperia
3172 3834 3423 3905 risusque

1854 3923 2275 3982 prosequentur.
2299 3915 2476 3969 Eosne
2507 3916 2675 3970 videri
2698 3934 2799 3987 par
2826 3923 2974 3976 erat?
3005 3924 3058 3978 in
3089 3939 3419 3984 conventum

1853 4005 2106 4059 admitti?
2134 4020 2362 4073 prorsus
2401 4018 2583 4061 autem
2620 4010 2821 4065 ducere
2850 4014 3141 4078 spiritum?
3166 4020 3260 4088 qui
3289 4022 3424 4078 urbe

1860 4106 2006 4150 tanta
2034 4098 2329 4165 potientes,
2355 4107 2462 4152 tam
2501 4101 2688 4155 multis
2716 4104 2945 4171 divitiis,
2970 4115 3115 4164 tanta
3148 4116 3420 4180 potentia;

1855 4188 1949 4257 qui
1981 4191 2148 4243 maris
2176 4204 2241 4242 ac
2272 4200 2429 4245 terra:
2463 4190 2693 4258 domini,
2725 4196 2949 4266 soloque
2978 4199 3210 4270 imperio
3238 4207 3423 4259 omnia

1854 4281 2099 4333 valentes
2128 4282 2420 4347 conficere,
2449 4284 2595 4338 illam
2625 4302 2842 4341 omnem
2880 4290 3239 4346 substantiam
3273 4296 3420 4349 molli

1855 4371 2027 4437 victu,
2076 4387 2139 4426 ac
2182 4373 2538 4439 dormientes,
2577 4377 3022 4450 luxuriantesque
3071 4397 3424 4454 consumpse-

1855 4470 2011 4527 runt;
2055 4464 2381 4533 tandemque
2430 4467 2601 4534 ipsam
2644 4470 2874 4537 patriam
2923 4473 3236 4542 prodentes,
3275 4493 3424 4535 nune

1784 4556 1955 4611 Dceu
2015 4568 2306 4610 commune
2363 4558 2636 4625 quoddam
2702 4561 2975 4629 piaculum
3043 4564 3422 4624 circumeunti

1854 4653 2037 4713 pestes
2071 4646 2339 4714 quasdam,
2368 4650 2678 4720 morbique,
2722 4658 2971 4724 contagie
3001 4658 3141 4713 alios
3173 4659 3421 4716 inficien-

1854 4736 1972 4789 tes?
2002 4737 2112 4790 Nos
2142 4747 2345 4800 autem.
2374 4755 2443 4793 ne
2468 4757 2580 4810 quo
2611 4746 3051 4801 contradicamus
3073 4749 3293 4819 quidem
3326 4752 3422 4807 ba-

1854 4823 2122 4877 bebimus.
2148 4825 2317 4880 Justaa
2342 4832 2490 4883 enim
2522 4831 2951 4901 vituperationes
2983 4853 3047 4891 ac
3079 4841 3420 4898 criminatio-

1850 4928 1967 4973 nes,
2016 4915 2319 4971 libertatem
2360 4934 2576 4975 omnem
2630 4926 2928 4979 excusandi
2965 4927 3242 4996 auferent;
3275 4932 3421 4989 ferre

1850 5016 2031 5059 autem
2060 5008 2140 5061 sic
2160 5019 2443 5077 exceptos,
2479 5027 2585 5080 qua
2615 5028 2722 5068 non
2764 5017 3070 5073 calamitate
3103 5023 3424 5098 molestius?

1848 5093 2188 5165 Quapropter
2204 5114 2487 5154 necessum
2508 5114 2566 5157 ut
2582 5104 2740 5158 urbes
2754 5105 3027 5177 fugiamus
3041 5093 3422 5184 fugiantusque

1847 5196 2168 5253 conventus,
2191 5197 2356 5259 atque
2380 5208 2480 5247 nos
2510 5194 2563 5246 in
2580 5196 2757 5251 antris
2775 5200 3103 5266 quibusdam
3141 5206 3407 5262 abdentes

1847 5277 2012 5329 vitam
2041 5293 2285 5345 agamus,
2304 5281 2545 5336 celantes
2571 5287 2825 5352 patriam,
2851 5305 2914 5343 ac
2943 5303 3172 5345 morum
3202 5297 3252 5348 in
3280 5299 3418 5352 votis

1849 5366 2135 5421 habentes.
2198 5371 2627 5442 Haudquaquam
2691 5392 2824 5432 vero
2881 5382 2922 5434 si
2980 5383 3113 5437 mibi
3168 5388 3417 5444 creditis.

1851 5457 2163 5521 Enimvero,
2216 5464 2299 5515 sin
2354 5466 2506 5532 prius
2569 5466 2963 5539 liactenusque,
3013 5476 3176 5531 modo
3224 5479 3413 5533 saltem

1855 5548 2004 5601 omni
2034 5550 2250 5614 penitus
2283 5553 2539 5611 Bai‘baris
2586 5570 2781 5627 negata
2821 5561 2948 5626 title,
2981 5575 3240 5634 certoque
3286 5583 3419 5637 pcr-

1849 5640 2017 5703 suasi,
2050 5656 2115 5694 eo
2148 5657 2241 5695 sua
2278 5646 2459 5699 omnia
2488 5649 2715 5702 consilia
2747 5652 3000 5722 dirigere,
3040 5665 3100 5710 ut
3130 5672 3230 5712 nos
3273 5661 3420 5715 redi-

1848 5740 2038 5797 gentes
2084 5734 2137 5785 in
2195 5736 2535 5803 servitutem,
2589 5739 2690 5808 ipsi
2747 5758 2832 5796 res
2880 5745 3132 5803 auferant
3179 5763 3411 5817 nostras,

1848 5822 2354 5895 mancipiorumque
2387 5828 2667 5899 obsequiis
2708 5849 2770 5888 ac
2822 5839 3243 5897 necessitatibus
3289 5844 3419 5899 sub-

2986 5934 3063 5995 33
