4198 6440
236 476 377 542 1045

1470 478 1761 538 CONTRA
1803 475 2069 534 MAHOM
2090 478 2310 538 E'I‘Efd.

3332 466 3470 529 10-16

230 608 384 641 vent
410 590 464 643 δὲ
500 591 623 660 μηδ’
651 593 754 644 ὑπὸ
784 594 893 645 τῶν
929 596 1197 650 Ἰουδαίων
1215 598 1444 665 Χριστὸν
1474 596 1800 665 ἀνῃρῆσθαι,
1836 598 1875 653 Α

1836 598 1875 653 Α
1906 593 2034 648 lem.
2072 597 2127 649 In
2159 599 2359 665 quibus
2399 616 2521 651 cum
2586 594 2894 651 Maniclneis
2958 593 3231 646 convenit.
3276 591 3468 645 Addit—

232 680 379 746 μήτε
412 682 811 749 σταυρωθῆναι,
841 685 977 737 ἀλλά
1009 704 1129 739 τινα
1154 688 1311 741 ἄλὶον
1367 690 1558 756 ἐκείνῳ
1593 689 1795 756 ὅμοεοψ

229 765 291 813 ὲν
326 759 402 825 οἷς
436 767 769 838 συμφέρεται
811 772 1151 839 Μανιχαίοις.
1204 775 1531 843 Προστίθησί
1588 794 1646 828 τε
1710 781 1803 830 καὶ

227 856 293 905 τὸ
314 856 402 907 τὸν
434 856 565 910 Θεὸν
597 864 675 921 εἰς
712 864 901 916 ἑαυτὸν
932 866 1400 933 μετακαλέσασθαι
1426 868 1512 919 τὸν
1546 870 1798 938 Χριστὸν.

232 947 331 997 καὶ
360 952 516 1003 πάλιν
542 954 700 1004 αὑτὸν
748 955 879 1022 πρὸς
908 955 987 1023 τῷ
1016 957 1156 1007 τέλει
1183 958 1273 1009 τοῦ
1302 960 1504 1025 κόσμου
1564 962 1803 1029 ςςανήσεο

234 1032 383 1094 σθαι,
425 1038 517 1087 καὶ
576 1038 906 1093 θανατώσειν
966 1042 1055 1095 τὸν
1127 1046 1506 1113 ’Δντίχριστοψ
1552 1046 1691 1112 μετά
1748 1046 1802 1097 δὲ

234 1123 411 1176 ταῦτα
470 1130 716 1195 ποιήσειν
749 1134 838 1183 τὸν
870 1132 1002 1183 Θεὸν
1052 1134 1340 1187 ἀποθανεῖν
1395 1139 1486 1187 τὴν
1542 1137 1797 1205 Χριστόν.

249 1214 312 1267 ὐ
348 1215 401 1268 δὲ
432 1219 490 1269 τὸ
518 1219 683 1281 πάθος
732 1223 1062 1290 ἀρνούμενος
1102 1226 1196 1277 τοῦ
1256 1226 1491 1296 Χριστοῦ
1553 1230 1797 1297 ἀρνεῖται

230 1305 415 1357 πάντα
448 1308 512 1358 τὰ
533 1310 632 1375 τῆς
677 1312 997 1378 Ἐκκλησίας
1028 1320 1321 1382 μυστήρια,
1388 1318 1450 1367 ἐκ
1505 1316 1596 1367 τοῦ
1656 1316 1799 1368 θείου

233 1396 443 1460 πάθους
475 1399 534 1449 τὸ
562 1401 884 1470 δραστήριον
908 1405 1117 1473 ἔχοντα.
1158 1408 1245 1457 Ἑν
1272 1404 1350 1469 οἷς
1411 1409 1524 1468 τοῖς
1584 1408 1796 1475 αἱρετι-

228 1491 347 1547 xui;
381 1490 722 1552 Δονατισταῖς
742 1498 1056 1561 συμφρονεῖ.
1100 1497 1236 1563 Φησὶ
1268 1498 1323 1547 δὲ
1371 1497 1463 1547 καὶ
1516 1496 1639 1557 τοὺς
1688 1497 1801 1548 δαί-

233 1591 403 1638 μονας
431 1575 686 1633 δύνασθαι
720 1583 955 1649 σωθῆναι
982 1583 1066 1636 δια
1129 1584 1222 1637 τοῦ
1255 1584 1597 1655 Ἀλκορίνουο
1662 1586 1799 1638 ὥστε

232 1666 332 1716 καὶ
402 1667 624 1731 πολλοὺς
674 1672 851 1724 αὐτῶν
894 1674 1048 1728 τοῦτο
1122 1677 1477 1740 ἀκούσαντας,
1545 1678 1797 1743 γενέσθαι

231 1754 641 1824 Σιῤῥακηνους,
696 1762 959 1830 ἑπόμενος
1010 1768 1065 1816 ἐν
1122 1768 1329 1828 τούτοις
1383 1768 1651 1835 ἀμηγέπη
1721 1767 1798 1834 τῷ

232 1847 518 1915 Ὠριγένει,
549 1851 719 1918 λέγων
753 1854 1089 1923 σωθήσεσθαι
1112 1858 1235 1918 τοὺς
1250 1856 1529 1926 δαίμονας.
1570 1858 1796 1909 Πλάττει

230 1935 288 1986 δὲ
323 1940 410 1989 καῖ
442 1941 574 2006 πρζς
601 1941 687 1992 τὸν
744 1941 872 1991 Θεὸν
938 1943 1196 2007 ἀνελθεῖν,
1232 1944 1343 2013 ¹ὅτε
1409 1943 1548 2011 ὑπὲρ
1612 1946 1797 1997 τούτου

232 2027 326 2075 τὶν
382 2028 618 2097 Γαὸριὴλ
678 2030 993 2081 ἀπέστειλεν
1056 2032 1269 2095 ὁθεδς,
1334 2032 1427 2084 καὶ
1478 2033 1577 2091 τὴν
1644 2034 1798 2101 χεῖρα

228 2115 411 2180 τούτῳ
442 2119 532 2168 τὸν
562 2118 690 2168 Θεὸν
735 2119 1019 2181 ἐπιθεῖναι,
1058 2124 1145 2173 καὶ
1195 2122 1458 2192 τοσαύτης
1520 2124 1797 2193 ἁψαμένου

230 2205 325 2254 τοῦ
358 2205 489 2258 Θεοῦ
518 2208 729 2273 ψύξεως
755 2209 1005 2279 αἴσθησιν
1028 2212 1282 2265 λαϐεῖνέν
1314 2214 1388 2283 τῷ
1411 2214 1643 2281 σώματι,
1676 2205 1808 2267 ὥστ’

234 2297 407 2364 abripi
438 2296 663 2351 διελθεῖν
696 2300 855 2371 μέχρι
905 2303 996 2355 τοῦ
1060 2305 1154 2369 τῆς
1200 2305 1410 2373 ῥάχεως
1464 2306 1682 2374 μυεὶοῦ.
1714 2309 1804 2359 Ἐν

230 2384 316 2448 οἷς
341 2389 495 2456 δῆλός
553 2394 667 2444 ἐστι
727 2394 994 2448 κοινωνῶν
1034 2399 1145 2459 τοῖς
1205 2397 1803 2467 Ἀνθρωπομορφίταις,

234 2481 544 2545 σωματικὸν
575 2483 839 2548 φάσκουσι
886 2486 976 2537 τὸν
999 2485 1152 2541 Θεὸν.
1183 2487 1345 2554 Λέγει
1370 2489 1424 2541 δὲ
1445 2492 1538 2541 καὶ
1563 2491 1621 2541 τὸ
1648 2490 1798 2556 άγιον

232 2568 458 2638 Πνεῦμα
476 2573 700 2641 κτίσμα,
739 2576 1053 2645 Μακεδονίῳ
1091 2578 1348 2648 συνᾴδων.
1386 2580 1473 2632 Ἐν
1508 2576 1585 2639 οἷς
1610 2581 1663 2632 δὲ
1696 2583 1802 2649 φά-

226 2662 500 2722 σκειτοὺς
521 2662 782 2728 ἀγγέλους
818 2665 1074 2734 δαίμονας
1136 2669 1434 2734 γεγονέναι,
1475 2671 1546 2738 μὴ
1613 2671 1802 2743 βουλη-

226 2748 445 2814 θέντας,
480 2754 904 2820 προστάττοντος
935 2756 1027 2808 τοῦ
1050 2756 1203 2821 Θεοῦ,
1240 2760 1330 2811 τὸν
1380 2761 1550 2829 Ἀδὰμ
1575 2780 1805 2832 προσκυ-

225 2844 413 2910 νῆσαι,
454 2844 637 2895 οὐδένα
691 2846 1022 2915 μιμούμενος
1082 2850 1348 2915 φαίνεται.
1406 2854 1646 2921 Ληρεῖδὲ
1708 2856 1803 2907 καὶ

224 2935 335 3002 τὴν
368 2935 600 3003 ἐσχάτην
616 2937 708 2987 τοῦ
742 2938 1027 3007 ἀνθρώπου
1062 2942 1461 3011 μακαριότητα,
1500 2947 1557 2997 ὲν
1601 2946 1801 2997 ἀκολα-

228 3026 328 3095 σία
365 3027 458 3079 καὶ
484 3030 658 3097 τρυφῇ
692 3028 859 3095 λέγων
889 3024 1048 3093 εἶναι,
1081 3032 1170 3084 καὶ
1205 3034 1437 3101 ἱματίοις
1461 3036 1796 3098 πολυτελέσι,

225 3122 325 3169 γαπ
356 3119 724 3188 παραδείσοις
758 3120 1035 3188 ὁμολογῶν
1088 3124 1144 3173 ἐν
1183 3105 1391 3186 τούτοις
1450 3126 1691 3196 Ιίερίνθῳ
1722 3129 1799 3193 τῷ

1912 704 2038 754 que,
2070 699 2125 740 et
2178 689 2344 741 Deum
2383 690 2448 741 ad
2484 706 2540 741 se.
2585 692 2760 757 ipsmu
2804 684 3131 745 accersisse,
3183 692 3237 736 ct
3280 698 3472 736 rursus

1909 792 2031 828 eum
2066 777 2120 830 in
2160 778 2265 832 fine
2322 781 2509 831 mundi
2564 778 2975 846 appariturum,
3023 783 3077 827 et
3116 773 3470 833 interemptu-

1910 880 2029 917 rum
2068 867 2487 920 Antichristum.
2528 867 2655 920 Post
2691 868 2804 919 haec
2888 874 3069 918 autem
3110 861 3272 915 faciet
3327 861 3470 914 Deus

1906 954 2183 1009 Christum
2223 958 2377 1010 mori.
2413 957 2515 1021 Qui
2563 965 2745 1009 autem
2783 956 3087 1023 passionem
3124 950 3326 1005 Chris'i
3379 966 3471 1002 ne-

1908 1052 2018 1109 gat,
2054 1054 2213 1113 negat
2247 1046 2426 1097 omnia
2461 1045 2719 1099 Ecclesia:
2756 1042 3009 1114 mysteria
3033 1082 3047 1101 ,
3080 1057 3199 1108 quae
3225 1056 3252 1092 a
3288 1039 3470 1091 divina

1907 1134 2163 1201 passione
2206 1134 2502 1189 emcaciam
2540 1136 2759 1190 habent.
2791 1135 2846 1187 ln
2898 1132 3098 1201 quilms
3142 1147 3261 1184 eum
3297 1132 3471 1183 Dona-

1910 1225 2051 1279 tistis
2087 1226 2358 1279 haereticis
2390 1226 2669 1279 convenit.
2722 1226 2859 1278 Dicit
2894 1234 3074 1275 autem
3114 1231 3169 1275 et
3199 1222 3471 1275 daemones

1907 1331 2065 1384 posse
2101 1318 2293 1369 salvari
2328 1332 2423 1385 per
2454 1316 2784 1369 Alcoranum
2822 1326 2870 1367 et
2901 1314 3044 1380 quod
3094 1312 3245 1365 riiulti
3279 1327 3469 1364 eorum

1905 1420 2025 1458 cum
2063 1407 2165 1458 hoc
2197 1407 2570 1469 audivissent,
2596 1405 2721 1459 facti
2756 1413 2883 1459 sunt
2917 1404 3194 1467 Saraceni,
3229 1418 3464 1471 sequens

1908 1498 1959 1549 in
1987 1495 2071 1549 his
2106 1498 2290 1565 aliquo
2321 1499 2485 1549 modo
2516 1498 2806 1566 Origenem
2839 1496 2940 1565 (1),
2974 1496 3065 1563 qui
3098 1495 3231 1547 dicit
3263 1496 3468 1547 salvan-

1904 1586 2002 1640 dos
2025 1588 2139 1640 fore
2174 1588 2468 1640 d:emones.
2507 1586 2755 1654 Dicitque
2775 1594 2829 1638 et
2852 1588 2916 1638 ad
2946 1586 3112 1637 Deum
3136 1582 3471 1643 ascendisse,

1904 1679 2124 1747 quando
2154 1694 2255 1748 pro
2295 1695 2360 1731 eo
2405 1677 2715 1731 Cabriclem
2759 1676 2901 1729 misit
2945 1676 3107 1735 Deus,
3140 1684 3196 1727 et
3249 1688 3468 1726 manum

1904 1772 2032 1823 lmic
2094 1770 2263 1823 Deum
2305 1770 2629 1837 imposuisse
2656 1808 2671 1832 ,
2705 1778 2759 1821 et
2816 1776 3021 1818 tantum
3057 1765 3169 1817 Deo
3217 1774 3469 1831 tangente

1908 1858 2203 1926 rigiditatis
2248 1872 2469 1911 sensum
2507 1856 2716 1924 cepisse
2760 1855 2813 1907 in
2843 1870 3099 1922 corpore,
3136 1862 3193 1907 ut
3223 1863 3277 1907 et
3306 1852 3351 1906 is
3381 1867 3468 1904 us-

1908 1964 2014 2015 que
2046 1948 2111 2001 ad
2147 1948 2441 1999 medullam
2470 1946 2639 2014 spina:
2674 1946 2819 1999 dorsi
2849 1946 3224 2014 pertransiret.
3264 1944 3319 1998 In
3347 1944 3470 2011 qui-

1909 2038 2009 2091 bus
2047 2037 2391 2090 manifestum
2419 2046 2522 2101 est,
2556 2038 2697 2105 quod
2729 2052 2849 2090 cum
2895 2035 3468 2104 Anthropomorphilis

1914 2128 2325 2189 communicat,
2385 2128 2479 2196 qui
2528 2128 2865 2195 corporalem
2924 2127 3091 2179 Deum
3134 2135 3464 2179 asseverant.

1911 2218 2162 2287 Dicitque
2194 2229 2247 2272 ct
2277 2218 2540 2287 Spiritum
2566 2228 2811 2272 sanctum
2843 2227 3143 2270 creatorem
3172 2232 3311 2280 esse,
3343 2233 3465 2269 cum

1907 2312 2223 2365 Macedonio
2271 2310 2625 2365 conveniens.
2665 2310 2720 2363 lu
2758 2310 2953 2378 quibus
2996 2319 3175 2362 autem
3213 2307 3348 2361 dicit
3376 2322 3469 2358 an-

1907 2404 2055 2469 gelos
2087 2403 2362 2456 d:emoncs
2412 2403 2586 2456 factos
2621 2418 2738 2456 esse
2761 2442 2776 2465 ,
2819 2418 2941 2456 eum
2972 2402 3275 2454 noluissent
3319 2415 3470 2452 mau-

1907 2494 2068 2545 dante
2100 2494 2209 2546 Deo
2234 2492 2403 2546 Adam
2452 2491 2704 2551 adorare,
2737 2491 3009 2543 neminem
3042 2490 3093 2541 in
3142 2488 3243 2541 hoc
3270 2488 3465 2540 imitari

1908 2583 2148 2636 videtur.
2180 2583 2427 2651 Nugatur
2467 2596 2672 2647 autem,
2698 2591 2752 2634 et
2778 2581 3021 2633 ultimam
3056 2578 3295 2631 hominis
3342 2578 3470 2630 bea-

1912 2676 2226 2737 titudinem,
2254 2675 2307 2726 in
2340 2673 2757 2741 intemperantia
2784 2682 2839 2724 et
2867 2670 3075 2723 dein-iis
3107 2668 3295 2722 dicens
3324 2682 3468 2731 esse,

1907 2773 1961 2815 et
1990 2763 2237 2816 vestibus
2264 2761 2623 2831 sumptuosis,
2654 2769 2708 2813 et
2740 2760 2913 2813 hortis
2968 2759 3188 2829 irriguis
3210 2798 3225 2823 ,
3271 2772 3470 2810 conve-

1909 2852 2064 2903 niens
2087 2850 2139 2904 in
2172 2851 2256 2903 his
2300 2866 2423 2903 cum
2453 2849 2718 2904 Cerintho
2751 2848 3025 2912 hazretico,
3052 2854 3108 2902 et
3142 2847 3467 2916 quibusdam

1904 2943 2146 3011 antiquis
2188 2941 2525 2997 infidelibus.
2578 2940 2640 2993 Et
2687 2939 3159 2994 circumcisiouem
3216 2946 3469 3006 oportere

1908 3045 2093 3088 tenere
2127 3034 2300 3098 dicit,
2350 3031 2758 3095 commendans,
2802 3045 2921 3099 qua:
2975 3028 3209 3084 haeretici
3246 3028 3470 3081 Ebionls

1905 3134 2052 3176 sunt.
2086 3121 2353 3177 Concedit
2382 3130 2435 3175 et
2472 3121 2876 3174 multitudinem
2908 3133 3143 3195 uxorum.
3171 3119 3226 3173 in
3269 3117 3470 3187 nuptiis

224 3210 494 3279 αἱρετικῷ
517 3212 607 3263 καί
633 3228 770 3263 τισιν
798 3213 1044 3281 ἀρχαίοις
1067 3214 1333 3273 ἀπίστοις.
1360 3217 1469 3268 Καὶ
1518 3218 1614 3286 τῆς
1640 3236 1794 3289 περι·
1828 3247 1868 3303 C

1828 3247 1868 3303 ς
1909 3216 2272 3284 pellicumque
2326 3222 2377 3267 et
2441 3214 2795 3275 ancillarum,
2842 3219 2897 3264 et
2941 3218 3208 3278 quotquot
3254 3210 3377 3278 quis
3413 3212 3464 3262 in

223 3300 405 3367 τομῆς
461 3300 517 3354 δὲ
580 3301 689 3353 δεῖν
753 3302 967 3371 ἔχεσθαι
1025 3303 1213 3369 λέγει,
1254 3304 1321 3356 τά
1376 3305 1468 3357 τοῦ
1521 3308 1795 3377 αἰρετικοῦ

229 3386 500 3448 Ειόὁίωνος
552 3388 803 3440 ἐπαινῶν.
842 3389 1120 3457 Συγχωρεῖ
1159 3390 1213 3442 δὲ
1255 3393 1349 3442 καὶ
1386 3393 1585 3461 πλῆθος
1612 3412 1799 3462 γυναι-

227 3479 346 3532 κῶν
368 3480 422 3531 ἑν
450 3479 527 3549 τῷ
548 3480 729 3549 γάμῳ,
764 3480 1022 3532 παλακῶν
1050 3498 1106 3532 τε
1164 3483 1252 3533 καί
1283 3482 1625 3551 θεραπαινῶν
1667 3489 1794 3538 ὁπό-

229 3589 333 3631 σας
360 3572 425 3624 ἇν
452 3589 534 3634 τις
564 3573 622 3623 ὲν
642 3572 860 3640 πολέμῳ
918 3571 1100 3624 λαϐὼν
1156 3573 1372 3626 δύναιτο
1426 3575 1665 3645 τρέφειν·
1702 3580 1797 3630 καὶ

225 3663 331 3720 τὰς
353 3660 459 3712 τῶν
486 3660 660 3714 ἄλλων
699 3660 754 3714 δὲ
806 3664 1067 3727 γυναῖκας
1129 3662 1437 3733 ἀδιαφόρως
1480 3666 1794 3733 λαμεάλειν,

225 3754 345 3811 τοῖς
385 3753 678 3820 αἱρετικοῖς
732 3752 1080 3813 Νικολαῖταις
1137 3754 1195 3804 ὲν
1235 3756 1441 3816 τούτοις
1514 3757 1793 3825 ἑπόμενος.

229 3842 451 3903 Πάντας
485 3841 540 3893 δὲ
598 3842 708 3893 δεῖν
774 3858 939 3910 φησιν
996 3842 1332 3911 ἀναιρεῖσθαι
1381 3846 1508 3907 τοὺς
1594 3845 1667 3913 μὴ
1718 3846 1797 3913 τῷ

225 3931 421 3981 τούτου
449 3929 799 3997 πειθομένους
838 3930 1004 3998 νόμῳ,
1056 3931 1194 3999 πλὴν
1237 3932 1284 3983 ei
1328 3934 1401 3999 μὴ
1452 3934 1647 4001 φόρους
1704 3950 1792 3985 τε-

225 4021 393 4073 λοίιν.
420 4020 574 4071 Δοκεῖ
597 4018 652 4071 δὲ
684 4023 987 4087 συγχωρεῖν
1047 4021 1140 4073 καὶ
1188 4020 1255 4073 τά
1289 4022 1599 4090 σοδομιτικα
1634 4023 1689 4075 ἐν
1735 4042 1795 4077 τε

227 4108 457 4177 ἀνδράσι
480 4108 572 4159 καὶ
616 4106 879 4174 γυναιξὶν,
909 4109 965 4158 ὲν
997 4107 1073 4176 τῷ
1114 4110 1240 4175 περὶ
1297 4109 1397 4177 τῆς
1445 4110 1565 4177 βοὸς
1622 4128 1793 4179 κεφα-

226 4198 389 4267 λαίῳ
443 4197 588 4250 εῖκαὶ
619 4198 667 4249 οῖ
698 4196 884 4249 τοῦτον
910 4196 1276 4265 διαδεξάμενοι
1316 4198 1489 4251 ταῦτα
1542 4200 1797 4270 σεμνοτέ-

230 4303 361 4357 ραις
418 4289 559 4339 τισὶν
608 4286 899 4356 ἐξηγήσεσι
959 4286 1452 4353 συγκαλύπτουσιν.
1506 4290 1569 4341 ⁸0
1590 4292 1645 4342 δὲ
1689 4294 1797 4355 πᾶς

226 4378 424 4430 τούτου
455 4380 654 4437 σκοπός
677 4378 844 4441 ἐστιν,
899 4376 1172 4444 ἀποκόψαι
1215 4378 1313 4445 μὲν
1379 4380 1486 4431 πᾶν
1532 4381 1668 4449 ὅπερ
1728 4382 1795 4434 ἂν

229 4468 496 4538 μέγακαὶ
544 4466 736 4536 σεμνὸν
792 4468 850 4517 ἐν
903 4470 968 4536 τῇ
1032 4469 1236 4531 πίστει,
1321 4472 1415 4521 καὶ
1456 4471 1778 4539 δυσχέρειαν

1911 3307 2053 3359 bello
2076 3307 2298 3374 capiens
2329 3314 2512 3373 posset
2540 3302 2796 3362 educare,
2831 3310 2885 3353 et
2916 3302 3146 3353 aliorum
3172 3314 3367 3353 uxores
3390 3299 3470 3351 in-

1904 3398 2220 3451 dichrCnt-‘r
2259 3410 2475 3463 capere,
2514 3393 2797 3447 haereticos
2830 3392 3125 3446 Nicolaitas
3164 3392 3218 3444 in
3253 3390 3337 3445 his
3380 3406 3469 3443 se-

1902 3503 2095 3556 quens.
2131 3486 2332 3539 Omnes
2363 3494 2542 3537 autem
2607 3484 2738 3538 dicit
2788 3494 3041 3552 oportere
3074 3484 3331 3548 interimi,
3373 3486 3467 3551 qui

1902 3578 2030 3630 huic
2065 3578 2168 3641 legi
2221 3592 2328 3629 non
2374 3576 2779 3643 obtemperant,
2814 3576 2917 3628 nisi
2978 3574 3180 3627 tributa
3228 3576 3461 3628 solvant.

1902 3666 2242 3736 Videturque
2271 3666 2571 3720 concedere
2597 3664 2927 3718 Sodomitiea
2958 3665 3010 3717 in
3037 3664 3167 3718 viris
3186 3675 3243 3719 et
3272 3667 3466 3719 mulie-

1900 3759 2047 3810 ribus
2077 3796 2092 3819 ,
2153 3757 2205 3808 in
2239 3756 2477 3825 capitulo
2520 3754 2587 3808 de
2639 3768 2799 3807 vacca
2852 3754 2952 3823 (2),
3000 3754 3100 3807 etsi
3133 3754 3293 3823 hujus
3341 3770 3466 3811 suc-

1899 3862 2140 3901 cessores
2172 3847 2290 3901 bzec
2345 3844 2755 3898 honestioribus
2789 3844 3220 3911 expositionibus
3266 3860 3465 3915 coope-

1901 3933 2066 3986 riant.
2127 3933 2299 4001 Hujus
2354 3942 2533 3985 autem
2589 3932 2767 3985 omnis
2820 3932 3048 3986 intentio
3090 3941 3175 3986 est
3221 3948 3463 3988 resecare

1899 4023 2163 4091 quidquid
2193 4031 2313 4076 erat
2346 4020 2577 4075 arduum
2627 4022 2681 4073 in
2718 4022 3012 4085 credendo,
3058 4030 3113 4075 et
3143 4021 3359 4076 dillicile
3406 4024 3459 4075 in

1898 4113 2215 4181 cperando;
2270 4112 2571 4165 concedere
2624 4121 2808 4164 autem
2843 4126 3003 4165 omne
3055 4111 3123 4164 ad
3157 4112 3301 4179 quod
3340 4127 3464 4180 pro-

1901 4204 2024 4255 ciivi
2060 4211 2241 4264 erant,
2271 4217 2391 4270 qua:
2420 4202 2778 4270 prmsentibus
2803 4202 3112 4270 capiuntur,
3149 4210 3203 4255 et
3228 4204 3461 4256 maxime

1900 4293 2131 4346 aliorum
2167 4292 2371 4346 Arabes
2397 4332 2409 4353 ,
2439 4292 2619 4360 gulam
2648 4291 2937 4352 videlicet,
2980 4293 3254 4360 rapinam,
3288 4302 3343 4344 et
3375 4293 3459 4345 in-

1904 4382 2344 4450 temperantiam.
2385 4379 2456 4433 De
2498 4379 2790 4432 virtutibus
2825 4390 3005 4433 autem
3033 4415 3049 4438 ,
3093 4382 3237 4432 sicut
3279 4379 3460 4432 Immi-

1900 4472 2076 4535 litate,
2108 4470 2394 4539 patientia,
2447 4485 2604 4537 pace,
2648 4469 3006 4531 continentia,
3045 4479 3140 4521 aut
3192 4470 3244 4523 in
3278 4471 3461 4538 proxi-

226 4562 355 4631 ἔχον
376 4560 434 4612 ὲν
455 4560 534 4628 τῷ
559 4558 989 4629 κατορθωθῆναι·
1039 4559 1392 4628 συγχωρῆσαι
1420 4561 1477 4612 δὲ
1520 4564 1645 4624 πᾶν,
1698 4564 1789 4630 ἐφ’
1824 4560 1866 4612 D

1824 4560 1866 4612 [ι
1900 4580 2044 4616 mum
2075 4562 2362 4622 cbaritate,
2401 4560 2482 4613 vel
2538 4560 2605 4613 de
2647 4570 2891 4613 extremo
2945 4560 3051 4613 line
3088 4560 3250 4621 nihil,
3288 4570 3347 4613 ut
3387 4561 3458 4614 ita

223 4653 367 4717 ὅπερ
401 4650 466 4700 ἂν
492 4649 806 4718 ἐπιρρεπεῖς
836 4639 969 4698 ὦσιν
1008 4646 1055 4697 οἱ
1086 4649 1196 4706 τοῖς
1232 4648 1469 4716 παροῦσι
1510 4652 1792 4719 προσηλω-

228 4740 413 4809 μένοι,
457 4742 549 4791 καὶ
578 4737 811 4807 μάλιστα
844 4737 950 4787 τῶν
982 4735 1155 4787 ἄλλων
1177 4738 1225 4787 οἱ
1279 4737 1533 4803 Ἀραδες,
1566 4757 1790 4809 γαστρι-

230 4828 475 4899 μαργίαν
502 4827 761 4893 δηλονότι,
813 4825 1088 4892 ἁρπαγὴν,
1151 4825 1245 4875 καὶ
1297 4826 1608 4880 ἀκολασίαν.
1661 4830 1791 4899 Περὶ

224 4920 286 4970 δὲ
317 4917 423 4968 τῶν
449 4916 673 4983 ἀρετῶν,
698 4908 807 4965 οἷον
837 4914 1352 4979 ταπεινοφροσύνης,
1390 4916 1788 4984 μακροθυμίας,

225 5009 476 5077 εἰρήνης,
524 5005 868 5072 ἐγκρατείας,
900 5002 1055 5071 ἣτῆς
1107 5003 1186 5062 είς
1233 5004 1323 5054 τὸν
1361 5006 1589 5073 πλησίον
1624 5010 1789 5072 ,ἀγα-

226 5116 363 5168 πης,
394 5097 425 5167 ἢ
448 5097 539 5150 τοῦ
569 5097 795 5165 ἐσχάτου
818 5096 1026 5154 τέλους,
1049 5093 1201 5144 οὐδὲν
1234 5094 1326 5161 (ὡς
1352 5097 1546 5162 εἰπεῖν)
1583 5097 1791 5161 ἀξιῶ.οφ

224 5208 327 5256 γιν
354 5184 526 5241 εἴπεν.
569 5186 656 5249 Ὦς
705 5187 770 5238 ἂν
822 5188 875 5238 δὲ
929 5187 988 5237 τὸ
1047 5186 1172 5253 περὶ
1224 5190 1426 5240 τούτων
1484 5188 1594 5239 τῶν
1630 5189 1791 5241 αὐτοῦ

221 5280 421 5349 ψεῦδος
475 5280 548 5347 μὴ
582 5279 773 5348 ῥαδίως
807 5278 1097 5348 ἐλέγχοιτο,
1131 5282 1214 5333 διά
1254 5297 1312 5331 τε
1342 5281 1439 5345 τῆς
1496 5280 1791 5348 Παλαιᾶςῆ

228 5372 434 5438 Καινῆς
456 5371 780 5438 Διαθήκηζ,ἢ
816 5372 907 5421 καὶ
944 5372 1009 5420 δι’
1037 5364 1108 5421 ὧν
1132 5371 1373 5438 ἔγραψαν
1400 5372 1448 5420 οἱ
1502 5371 1791 5436 cariosae},-

226 5479 451 5525 σαντες,
482 5463 539 5511 ὲν
569 5457 650 5521 οἷς
680 5479 771 5511 και
802 5461 1107 5529 αὐτοῖπεῴ
1142 5478 1195 5511 τε
1226 5462 1419 5526 αρετῆς
1452 5460 1545 5510 ναὶ
1590 5462 1719 5511 κακέ
1758 5477 1785 5521 ς

225 5556 323 5609 καὶ
353 5553 446 5603 τοῦ
499 5553 727 5618 ἐσχάτου
758 5550 939 5612 τέλους
969 5552 1237 5613 διέλαϐον,
1299 5551 1464 5618 μηδὲν
1519 5551 1784 5619 μηδαμῶς

301 5694 376 5761 (1)
428 5692 541 5745 Non
571 5693 881 5758 ()rigenem,
914 5692 1005 5746 sed
1048 5689 1279 5758 perﬁdos
1312 5688 1625 5753 haereticos,
1652 5692 1785 5744 abu-

228 5775 407 5818 tentes
440 5763 655 5814 nomine
684 5762 1005 5814 sanctissnni
1034 5762 1154 5812 viri.

302 5833 373 5890 i9;-
424 5832 678 5886 Vtcentur
711 5831 997 5885 \iolentius
1026 5833 1188 5883 verba
1234 5827 1584 5883 Machumetis
1620 5844 1779 5895 cxpo-

1892 4654 2067 4706 dicam
2097 4692 2110 4714 ,
2150 4650 2327 4718 pretio
2360 4648 2582 4717 dignum
2622 4648 2778 4702 dixit.
2816 4647 2883 4702 Ut
2917 4656 3097 4701 autem
3141 4648 3359 4715 aliquod
3391 4650 3458 4701 de

1892 4745 1977 4795 bis
2004 4742 2339 4795 uendacium
2374 4756 2481 4793 non
2511 4742 2665 4794 facile
2696 4749 3015 4810 argueretur
3048 4755 3143 4808 per
3176 4738 3344 4795 Vetus
3376 4740 3453 4793 vel

1892 4835 2104 4888 Novum
2137 4831 2567 4896 Testamentum,
2607 4830 2689 4883 vel
2721 4839 2776 4883 et
2813 4845 2907 4897 per
2946 4845 3010 4883 ea
3062 4845 3182 4897 qua:
3215 4830 3454 4898 philoso-

1896 4928 2129 4993 phantes
2165 4925 2525 4990 scripserunt,
2574 4922 2625 4973 in
2674 4921 2876 4989 quibus
2924 4930 2977 4973 et
3010 4921 3111 4989 ipsi
3154 4922 3219 4973 de
3251 4922 3451 4975 virtute

1893 5028 1946 5069 ct
1999 5017 2134 5069 vitia
2164 5025 2218 5068 et
2261 5027 2506 5067 extremo
2542 5013 2647 5066 line
2690 5022 3080 5073 tractaverunt,
3110 5012 3244 5065 nihil
3290 5015 3451 5081 quid-

1892 5123 2053 5177 quam
2090 5105 2193 5157 ﬁde
2224 5105 2447 5172 dignum
2470 5118 2587 5156 esse
2617 5103 2796 5168 jussit,
2829 5104 2971 5170 quod
3003 5104 3104 5171 legi
3140 5104 3206 5156 ab
3238 5119 3300 5156 eo
3331 5105 3449 5157 latae

1894 5200 2227 5251 contrarium
2260 5204 2427 5247 esset.
2470 5194 2800 5262 lntcrimque
2849 5194 3160 5255 mandavit,
3195 5195 3286 5261 qui
3322 5208 3454 5244 con-

1898 5296 1976 5339 tra
2013 5286 2122 5336 ium
2173 5282 2391 5351 aliquod
2448 5282 2574 5335 huic
2628 5284 2810 5334 dicere
2869 5284 3169 5345 auderent,
3218 5282 3454 5349 graviori

1897 5391 2051 5444 parua
2117 5374 2299 5442 plecti.
2331 5372 2448 5441 Ipse
2496 5382 2673 5424 autem
2712 5373 3030 5424 i'saltcrium
3059 5383 3113 5424 et
3159 5374 3293 5423 alios
3327 5388 3452 5437 pro-

1895 5472 1983 5535 pin
2007 5479 2084 5517 tas
2109 5465 2261 5517 valde.
2291 5463 2550 5527 laudavit,
2580 5473 2633 5515 et
2654 5464 2815 5516 multa
2839 5464 2902 5516 de
2930 5479 2994 5515 eo
3020 5463 3150 5515 dicit
3173 5463 3450 5515 Christum

1895 5556 2244 5607 vaticinatum
2280 5569 2397 5607 esse
2476 5553 2530 5604 in
2586 5552 2878 5622 Evangelio
2936 5553 3059 5605 libis
3103 5551 3287 5611 Israel,
3321 5568 3447 5602 cum

1892 5698 2014 5755 sita,
2055 5696 2170 5748 ῑιείο
2211 5697 2429 5763 quidem
2466 5711 2564 5765 pro
2604 5694 2706 5747 ﬁde
2736 5692 3062 5755 Christiana,
3104 5691 3194 5743 sed
3222 5705 3327 5741 non
3364 5708 3450 5743 sa:-

1893 5766 2128 5818 cuudum
2166 5782 2256 5819 Sci:
2280 5768 2468 5819 ntiam.
