4198 6440
235 434 350 499 i057

1424 434 1722 494 CONTRA
1804 438 2310 501 ΜΛΙΙΟΜΕΤΕΜ.

3300 440 3442 503 1058

228 546 279 597 ἐν
302 547 354 612 τῇ
386 542 657 595 Βαϐυλῶνι
687 546 940 613 καλυφέἱν
990 548 1299 615 χριστιανὸν
1344 546 1657 609 ἀποθανεῖν,
1682 548 1772 598 καὶ

1879 558 1925 600 et
1963 550 2137 602 Vrteri
2169 552 2539 607 Testamento.
2574 553 2706 607 Item
2740 554 2791 605 in
2820 554 3086 611 Alcorano
3114 558 3165 610 iu
3204 558 3442 626 capitulo

228 637 430 703 σταυρὸν
451 638 736 705 εὑρεθῆναι
769 642 999 705 φέροντα
1047 640 1443 708 ἀπῃωρημένον
1486 639 1647 690 αὐτοῦ
1678 637 1771 690 τοῦ

225 728 474 796 τραχήλου
499 742 515 756 ⁸
546 728 682 779 ὥστε
704 729 763 779 τὸ
788 735 1077 797 γενόμενον
1097 734 1441 801 μαρτυρῆσαι
1467 736 1559 786 καὶ
1608 734 1770 787 αὐτὸν

226 818 323 868 τῶν
349 818 711 888 Σαῤῥακηνῶν
748 819 838 870 τὸν
888 820 1126 889 ἄρχοντα
1189 824 1515 891 Χριστιανὸν
1570 825 1773 877 ἀποθα-

227 911 341 961 νεῖν.
378 911 537 960 Ὅθεν
577 912 668 962 καὶ
726 913 1078 981 ἀπεφήναντο
1136 913 1326 966 τοῦτον
1381 915 1488 984 ἰδίᾳ
1535 916 1771 983 ταφῆναι

226 1003 399 1071 πόρρω
432 1002 524 1055 τοῦ
563 1004 784 1072 χωρίου,
838 1008 895 1056 ὲν
924 1000 966 1072 ᾧ
1009 1007 1232 1059 θάπτειν
1280 1008 1399 1070 ἔθος
1428 1011 1549 1072 τοὺς
1580 1009 1768 1069 ἄλλους

226 1093 476 1157 καλυφᾶτ.
517 1093 626 1143 Καὶ
651 1094 841 1145 τοῦτον
873 1096 965 1146 τὸν
996 1097 1165 1163 τάφον
1210 1096 1371 1159 αὐτὸς
1404 1095 1542 1150 εἶδον
1580 1100 1637 1149 ἐν
1669 1098 1772 1149 Βα-

226 1181 428 1233 6υλῶνι.
467 1182 702 1249 ’Λραρεν
732 1182 825 1235 οὖν
886 1186 1012 1235 πᾶσι
1046 1185 1227 1247 τόποις
1256 1188 1350 1237 καὶ
1398 1191 1462 1257 τῇ
1501 1189 1770 1257 μαρτυρίᾳ

224 1272 313 1324 τοῦ
344 1273 689 1342 Ἀλκοράνου,
732 1276 825 1326 καὶ
857 1276 1102 1344 ἰσχυραῖς
1144 1278 1449 1341 ἀποδείξεσι
1486 1282 1579 1333 καὶ
1607 1298 1771 1348 φανε-

228 1368 330 1430 ροῖς
361 1366 623 1432 σημείοις,
650 1368 709 1417 τὸ
751 1368 1079 1435 Εὐαγγέλιον
1106 1370 1311 1433 ἀπαθὲς
1347 1372 1439 1425 καὶ
1470 1374 1771 1438 ἀμεταποί-

221 1477 340 1515 τῃτον
374 1463 572 1526 μεῖναι.
620 1460 770 1513 Ἐπεὶ
795 1464 974 1514 τοίνυν
997 1465 1022 1514 ὁ
1049 1465 1290 1532 Minius!)
1328 1466 1386 1516 τὸ
1442 1466 1772 1531 Εὑαγγέλιον

226 1552 353 1618 ὑπὲρ
376 1552 473 1610 τὰς
504 1548 668 1614 ἄλλας
697 1553 915 1620 Γραφας
946 1558 1175 1619 ἐπαινεῖ,
1212 1556 1307 1607 καὶ
1334 1558 1450 1622 μετ’
1480 1557 1653 1606 ἐκεῖνο
1676 1556 1772 1624 τὴν

221 1639 451 1690 Παλαιὰν
482 1642 774 1710 Διαθήκην,
804 1645 1181 1709 ἀναγκάζοιντ’
1208 1645 1274 1696 ἂν
1304 1646 1526 1705 εἰκότως
1553 1647 1599 1695 oi
1638 1646 1773 1715 Σαρ-

221 1735 437 1800 ρακηνοὶ
490 1734 744 1801 δέχεσθαι
793 1738 858 1786 τὰ
915 1738 973 1786 ἐν
1029 1740 1137 1795 τοῖς
1172 1737 1541 1802 Εὑαγγελίοις,
1592 1738 1769 1803 κα“ιτῇ

219 1825 413 1875 παλαιᾶ
446 1825 685 1894 Διαθήκῃ
721 1828 880 1895 ῥητά.
909 1828 1026 1878 Ἔτι
1068 1829 1122 1877 ἐν
1150 1827 1224 1894 τῷ
1265 1827 1572 1895 ’Λλκορὰνῳ
1602 1830 1658 1879 ὲν
1696 1826 1772 1894 τῷ

221 1916 489 1983 κεφαλαίῳ
512 1916 588 1983 τῷ
622 1918 903 1984 Ἐλμαῑδᾶ.
945 1919 972 1969 ὃ
1003 1918 1361 1985 ἑρμηνεύεται
1397 1917 1665 1985 τράπεζα,
1695 1919 1775 1970 λέ·
1808 1890 1847 1943 Β

220 2024 369 2072 ἐιεται
398 2009 479 2058 ὅτι
511 2009 541 2075 ἡ
579 2008 668 2059 τοῦ
704 2009 907 2076 βιϐλίου
950 2010 1165 2076 ἑταιρία
1197 2010 1347 2061 οὐδὲν
1384 2010 1518 2072 ὅλως
1551 2012 1695 2060 ὲστ.ν
1726 2009 1775 2059 εί

222 2098 295 2163 μὴ
328 2096 609 2163 πληρῶσαι
638 2099 693 2146 ἐν
714 2098 791 2165 τῷ
819 2098 1136 2166 Εὐσγγελίῳ
1162 2098 1370 2149 καὶτὸν
1405 2100 1587 2164 νόμον.
1607 2097 1780 2149 Ἑται-

220 2194 341 2256 ρὶαν
369 2189 421 2239 δὲ
456 2189 547 2239 τοῦ
579 2187 784 2257 βιϐλίου
810 2190 943 2255 φησὶ
980 2190 1104 2251 τοὺς
1159 2190 1565 2258 Σαρρακηνοὺς,
1592 2189 1781 2255 ῶσπερ

218 2281 397 2333 αὐτόθι
416 2284 601 2347 φησὶν,
619 2281 739 2333 ὅθεν
769 2281 948 2349 λέγει’
974 2284 1031 2334 El
1059 2283 1131 2350 μὴ
1154 2285 1255 2347 πλη
1269 2281 1498 2349 ρώσαιεν
1515 2282 1574 2333 τὸ
1607 2281 1781 2349 Εὐαγ-

217 2373 392 2438 γέλιον
424 2375 513 2425 καὶ
544 2375 635 2425 τὸν
666 2375 845 2443 νόμον.
886 2375 1119 2442 Ὁμοίως
1143 2375 1199 2425 δὲ
1226 2374 1320 2425 καὶ
1365 2375 1423 2426 τὸ
1455 2375 1533 2425 σο¹ι
1567 2374 1774 2425 ἀποκα-

217 2465 436 2531 λυφθὲν,
468 2466 585 2533 ἦτοι
614 2467 672 2517 τὸ
712 2468 1052 2534 ’Λλκορὰνον,
1101 2466 1128 2519 ὃ
1178 2468 1378 2529 μόνοιῖ,
1404 2466 1478 2527 ὡς
1504 2465 1653 2517 αὐτοί
1674 2482 1776 2531 (pan

220 2574 327 2619 σιν,
364 2559 809 2611 ἀποκεκάλυπται
845 2562 953 2621 τοῖς
984 2560 1374 2630 Σαρῤακηνοῖς.
1413 2558 1648 2625 ’Δνᾶγκη
1672 2559 1777 2625 ἄρα

218 2652 314 2703 καὶ
342 2650 551 2713 τούτοις
582 2652 725 2718 ἔχειν
761 2650 820 2702 τὸ
846 2650 1177 2717 Εὐαγγέλιον
1215 2651 1309 2702 καὶ
1334 2650 1427 2700 τὸν
1460 2648 1642 2717 νόμον,
1669 2648 1780 2699 ὥσ-

220 2756 324 2806 περ
365 2740 457 2791 καὶ
493 2742 552 2791 τὸ
596 2740 946 2809 Ἀλκοράνον,
979 2740 1071 2791 καὶ
1097 2739 1319 2807 προσέτι
1351 2737 1694 2804 τηρῑῖν.”οτι
1728 2736 1785 2788 δὲ

218 2834 267 2884 οἱ
326 2832 666 2901 Σοῤῥακηνοὶ
702 2832 916 2898 ἑταιρία
965 2832 1211 2895 λέγονται
1250 2828 1343 2881 τοῦ
1394 2829 1598 2896 βιϐλίου
1648 2828 1784 2879 κατά

216 2927 309 2975 τὸν
342 2925 436 2974 τοῦ
485 2924 728 2991 Μωὰμεο
778 2924 1084 2985 σκοπὸν,ὲν
1123 2922 1328 2981 πολλοῖς
1388 2919 1477 2970 τοῦ
1524 2920 1783 2987 ’Λλκορόι-

219 3033 313 3066 νου
346 3016 615 3067 δείκνυται
638 3015 843 3075 τόποις.
876 3015 1113 3080 Λέγεται
1138 3012 1242 3080 γὰρ
1273 3013 1381 3072 τοῖς
1411 3012 1783 3080 Σορῤακηνοῖς

222 3113 282 3161 ἐν
324 3108 400 3177 τῷ
429 3107 708 3176 κεφαλαίῳ
780 3106 858 3174 τῷ

1877 637 2143 703 ΕΙιιιιιιιΙο,
2181 642 2323 708 quod
2373 644 2763 711 interpretatur
2812 661 3013 705 mensa,
3045 646 3264 708 dicitur,
3294 646 3439 713 qttod

1877 728 1995 780 libri
2024 731 2255 783 societas
2293 733 2424 786 nihil
2458 743 2558 797 est,
2589 734 2691 787 nisi
2726 735 3059 802 adimpleant
3090 738 3436 805 Evangeliina

1874 827 1928 870 ct
1960 820 2151 887 legem.
2186 820 2512 876 Societatem
2563 835 2743 878 autem
2793 827 2914 879 libri
2949 827 3079 879 dicit
3114 827 3435 880 Saracenos.

1873 909 2026 963 Unde
2059 911 2211 968 dicit.
2251 912 2364 965 Nisi
2410 916 2735 984 adimpleant
2770 919 3120 988 Evangelium
3149 928 3203 970 et
3231 920 3439 987 legem;

1876 1001 2131 1056 similiter
2163 1014 2342 1057 autem
2388 1016 2443 1059 ct
2487 1011 2629 1074 quod
2687 1013 2779 1064 tibi
2817 1013 3113 1065 revelatum
3147 1022 3249 1074 est,
3280 1011 3331 1064 id
3361 1021 3443 1062 est

1873 1093 2199 1147 Aleorauum
2237 1113 2249 1148 :
2280 1098 2423 1164 quod
2456 1101 2586 1153 solis
2622 1101 2699 1167 (ut
2757 1104 2855 1170 ipsi
2890 1105 3098 1168 dicunt)
3142 1104 3440 1155 revelatmn

1874 1194 1955 1236 est
2004 1184 2311 1239 Saracenis.
2356 1189 2590 1243 Necesse
2644 1192 2809 1260 igitur
2838 1202 2892 1244 et
2915 1193 3001 1245 his
3044 1193 3242 1246 habere
3266 1192 3442 1246 Evan-

1874 1273 2073 1339 gelium
2124 1286 2181 1327 et
2234 1278 2428 1345 legem,
2477 1284 2614 1333 sicut
2658 1295 2713 1335 et
2775 1283 3120 1337 Aleoranum.
3157 1293 3212 1336 et
3263 1284 3442 1336 adhuc

1875 1378 2114 1416 servare.
2148 1366 2282 1428 Quia
2315 1379 2492 1421 autem
2524 1371 2781 1426 Saraceni
2828 1376 3063 1425 societas
3088 1372 3213 1424 libri
3253 1374 3445 1424 dicun—

1878 1460 2307 1513 tur.secundum
2369 1460 2657 1515 lllahometi
2711 1465 3092 1526 intentionem,
3146 1465 3200 1516 in
3260 1464 3446 1515 multis

1877 1544 2129 1597 Alcm-ani
2176 1550 2486 1603 ostenditur
2516 1553 2673 1607 locis.
2701 1554 2909 1607 Dicitur
2939 1555 3082 1607 enim
3116 1556 3167 1607 in
3202 1555 3445 1621 capitulo

1876 1632 2095 1698 Elnasa,
2143 1639 2286 1705 quod
2324 1639 2717 1709 interpretatur
2770 1644 3033 1705 mulieres,
3076 1646 3220 1696 circa
3256 1646 3441 1707 linem,

1875 1727 2020 1792 quod
2076 1727 2329 1783 Saraceni
2381 1748 2489 1787 non
2541 1733 2799 1785 vacillent
2840 1734 2895 1785 in
2942 1735 3059 1801 lege
3114 1749 3233 1786 sua.
3288 1733 3446 1787 Unde

1877 1817 2174 1870 scribitur:
2205 1818 2247 1872 Ο
2296 1824 2529 1875 societas
2558 1823 2682 1875 libri
2726 1824 2889 1877 nolite
2923 1825 3178 1877 vacillare
3220 1825 3271 1877 in
3329 1825 3447 1893 lege

1878 1914 2076 1969 vestra,
2125 1919 2181 1962 et
2241 1924 2309 1962 ne
2352 1912 2548 1965 dicatis
2612 1915 2678 1965 de
2732 1915 2842 1967 Deo
2897 1924 3091 1982 praner
3133 1917 3445 1969 veritatem.

1875 1996 1999 2052 llaec
2031 2015 2149 2066 quae
2168 2008 2297 2053 sunt
2327 2001 2379 2054 in
2408 2002 2500 2055 illo
2523 2004 2781 2071 capitulo,
2807 2009 3105 2059 ostendunt
3132 2008 3446 2060 societatem

1878 2090 2005 2143 libri
2036 2090 2144 2144 dici
2196 2091 2517 2147 Saracenos.
2543 2094 2865 2148 Ostenditur
2895 2106 3073 2149 autem
3108 2097 3282 2164 palam
3312 2107 3366 2151 et
3394 2099 3449 2151 in

1879 2183 2119 2251 capitulo
2156 2183 2367 2248 'l‘ulem,
2416 2187 2557 2239 circa
2613 2186 2772 2239 ﬁnem
2810 2187 2956 2241 libri.
2991 2189 3046 2243 Si
3101 2202 3284 2243 autent
3319 2206 3453 2245 con-

1884 2273 2189 2337 tendentes,
2248 2276 2438 2326 rolunt
2471 2276 2678 2337 dicere,
2709 2277 3063 2346 Evangelium
3111 2289 3167 2333 et
3212 2288 3451 2334 veterem

1882 2365 2054 2433 legem
2119 2366 2343 2420 omnino
2387 2382 2697 2437 corruptam
2724 2386 2864 2435 esse,
2906 2372 3195 2426 ostendam
3232 2374 3332 2443 ipsi
3368 2375 3454 2428 in-

1884 2466 2087 2524 tegram
2145 2466 2200 2508 et
2239 2458 2596 2521 immutatam,
2642 2468 2696 2511 et
2759 2461 3118 2529 suscipiemus
3159 2480 3173 2517 :
3221 2464 3453 2517 maxime

1885 2556 2065 2599 autem
2096 2546 2387 2600 ostendant
2436 2548 2655 2601 unicum
2712 2559 2897 2620 typum
2956 2552 3010 2603 in
3062 2552 3316 2605 omnibus
3350 2552 3456 2606 lin-

1886 2639 2027 2708 guis,
2051 2640 2194 2693 sicut
2244 2655 2345 2693 nos
2395 2640 2476 2693 eis
2515 2640 2860 2696 adduximus.
2893 2641 3236 2698 Manifestum
3262 2646 3452 2714 igitur,

1879 2734 2023 2802 quod
2063 2734 2397 2787 Alcoranum
2452 2750 2558 2789 non
2594 2747 2677 2790 est
2712 2737 2794 2790 lex
2839 2737 2953 2800 Dei,
2987 2748 3277 2808 propterea
3306 2742 3451 2810 quod

1881 2840 2057 2893 neque
2105 2834 2263 2878 vetus
2322 2825 2431 2887 lex,
2474 2842 2651 2894 neque
2695 2827 3043 2895 Evangelium
3094 2832 3459 2897 (quasdivina‘:

1877 2918 2022 2985 leges
2073 2926 2219 2979 sunt,
2246 2925 2305 2969 ut
2336 2925 2390 2970 et
2422 2917 2759 2972 Mahometus
2818 2919 3133 2991 conﬁtetur)
3190 2923 3331 2977 hanc
3379 2932 3459 2979 te-

1881 3016 2114 3071 stantur,
2139 3009 2233 3061 sed
2264 3010 2445 3076 potius
2473 3009 2851 3064 adversantur.

936 3106 1178 3165 Ἑλνεσᾶ,
1218 3104 1244 3155 ὃ
1286 3102 1648 3172 ἑρμηνεύεται
1706 3098 2009 3167 γυναῖκες,
2078 3102 2204 3167 περὶ
2246 3099 2307 3150 τὸ
2352 3098 2522 3161 τέλος,
2573 3100 2645 3168 μὴ
2681 3101 2790 3151 δεῖν
2840 3102 2896 3152 ὲν
2940 3100 3019 3170 τῷ
3064 3101 3273 3155 ἑαυτῶν
3312 3104 3460 3174 νόιςῳ

218 3200 528 3267 σχολάζειν.
553 3197 716 3250 Ὅθεν
774 3199 889 3248 ἐκεῖ
949 3198 1254 3264 γέγραπται
1282 3211 1294 3224 ο
1344 3190 1413 3245 Ὦ
1460 3194 1671 3261 ἑταιρία
1702 3193 1794 3243 τοῦ
1837 3190 2067 3260 βιϐλίου,
2136 3191 2209 3259 μὴ
2273 3191 2561 3259 σχολάζετε
2595 3196 2648 3243 ὲν
2680 3193 2757 3263 τῷ
2781 3194 3029 3264 ὑμετέρῳ
3058 3195 3227 3264 νόμῳ,
3264 3198 3356 3249 καί
3384 3201 3459 3268 μὴ

212 3302 426 3351 εἴποιτε
458 3293 708 3364 περὶτοῦ
741 3292 875 3345 Θεοῦ
912 3295 1049 3361 πλὴν
1096 3291 1367 3360 ἀληθείας.
1402 3290 1585 3343 Πάντα
1631 3288 1696 3340 τὰ
1724 3289 1779 3339 ὲν
1820 3287 2013 3355 ἐκείνῳ
2048 3286 2123 3355 τῷ
2189 3287 2468 3356 κεφαλαίῳ
2496 3288 2622 3340 ὄντα
2674 3289 3008 3342 δεικνύουσιν
3076 3294 3318 3363 ἑταιρίαν
3364 3296 3459 3348 τοῦ

216 3390 428 3461 βιϐλίου
470 3387 726 3455 λέγεσθαι
770 3388 893 3447 τοὺς

983 3383 1385 3456 Σαρρακηνούς.
1437 3383 1722 3434 Δείκνυται
1760 3380 1814 3432 δὲ
1853 3379 2147 3449 διαρρήδην
2178 3380 2270 3430 καὶ
2304 3381 2359 3431 ὲν
2405 3379 2481 3448 τῷ
2519 3381 2797 3449 κεφαλαίῳ
2832 3382 3050 3450 Τοῦλεμ
3118 3388 3244 3454 περὶ
3282 3387 3459 3440 τὸτοῦ

217 3482 429 3552 β.ϐλίου
460 3483 630 3541 τέλος.
663 3480 723 3531 Εἰ
756 3479 811 3531 δὲ
844 3475 1269 3546 φιλονεικοῦντες
1299 3475 1577 3545 βούλονται
1603 3473 1786 3539 λέγειν
1824 3471 1883 3525 τὸ
1936 3471 2267 3538 Εὑαγγέλιον
2334 3473 2429 3523 καὶ
2477 3473 2565 3525 τὸν
2647 3474 2874 3526 παλαιὸν
2932 3475 3094 3543 νόμον
3146 3480 3459 3532 παντάπασι

209 3578 561 3645 διεφθάρθαι,
592 3574 920 3639 δειξάτωσαν
963 3572 1113 3623 αὐτοὶ
1154 3572 1410 3639 ἀκέραιον
1441 3570 1529 3621 καὶ
1591 3567 2020 3635 ἀμεταποίητον,
2086 3568 2181 3619 καὶ
2245 3565 2504 3633 δεξόμεθα

2593 3567 2829 3633 μάλιστα
2898 3567 2942 3620 δ’
2993 3568 3460 3620 ὲπιδεικνύτωσαν

218 3669 494 3740 μονοειδὲς
526 3670 582 3720 ὲν
627 3668 825 3729 πάσαις
869 3668 987 3727 ταῖς
1020 3664 1339 3725 διαλέκτοις,
1380 3661 1566 3731 ὥσπερ
1615 3661 1775 3729 ἡμεῖς
1816 3660 1999 3720 αὐτοῖς
2064 3658 2480 3727 παρηγὰγομεν.
2524 3660 2763 3727 Φανερον
2826 3659 3028 3724 τοίνυν,
3068 3660 3149 3711 δτι
3181 3659 3240 3710 τὸ
3278 3659 3462 3713 Ἀλκο-

214 3769 385 3838 ριὶνον
415 3768 511 3817 ob):
556 3764 704 3816 ἔστιν
743 3763 901 3825 νόμος
933 3759 1092 3823 Θεοῦ,
1124 3759 1212 3810 διὰ
1257 3758 1317 3810 τὸ
1381 3761 1515 3826 μήτε
1551 3757 1640 3809 τὸν
1704 3755 1930 3808 παλαιὸν
1992 3754 2174 3821 νόμον,
2213 3756 2351 3820 μήτε
2425 3753 2485 3804 τὸ
2545 3754 2878 3820 Εὑαγγέλιον
2910 3752 2967 3815 (ἃ
3006 3754 3185 3816 θείους
3213 3752 3346 3809 εἶναι
3370 3758 3459 3811 νό-

212 3877 360 3931 μους
387 3858 479 3911 καὶ
510 3859 536 3908 δ
557 3853 800 3920 Μωάμεθ
830 3853 1100 3920 ὁμολογεῖ)
1131 3849 1303 3919 τούτῳ
1345 3849 1778 3917 συμμαρτυρεῖν,
1828 3845 1957 3899 ἀλλὰ
1990 3846 2192 3913 μᾶλλον
2222 3842 2620 3897 ἐναντιοῦσθαι.

207 3984 289 4028 Δ’.
332 3974 465 4026 "Uti
523 3972 587 4024 τὸ
647 3966 985 4035 ἀνικοράνον
1032 3967 1143 4019 οὐκ
1202 3963 1334 4016 ἐστι
1385 3963 1567 4030 νόμος
1619 3961 1787 4024 Θεοῦ,

1897 3958 1982 4012 1V.
2024 3958 2177 4023 Quod
2202 3958 2524 4010 Alcoraimm
2551 3973 2653 4009 non
2686 3968 2759 4011 est
2797 3957 2880 4010 lea:
2910 3957 3025 4019 Dei,
3076 3960 3323 4027 quoniam
3354 3976 3459 4012 non

287 4070 424 4123 ἐπεὶ
453 4066 538 4135 μὴ
568 4065 795 4135 φράσιν
821 4063 919 4117 καὶ
972 4057 1115 4130 ἦθος
1141 4059 1263 4124 τοῖς
1302 4057 1513 4120 ἄλλοις
1544 4057 1789 4124 συμϐαί-

287 4173 501 4213 νοντα.

292 4268 572 4336 Τέταρτον
621 4266 701 4319 δεῖ
732 4265 1042 4330 γινώσκειν,
1081 4264 1161 4315 ὅτι
1214 4262 1273 4313 τὸ
1313 4261 1633 4328 Ἀλκοράνον
1690 4257 1790 4309 οὐκ

206 4363 345 4413 ἐστι
376 4363 537 4425 νόμος
562 4355 717 4417 Θεοῦ,
748 4355 835 4407 διὰ
865 4356 924 4405 τὸ
956 4353 1029 4422 μὴ
1076 4352 1275 4423 φράσιν
1313 4349 1504 4418 ὁμοίαν
1539 4349 1685 4416 ἔχειν
1713 4345 1790 4414 τῷ

205 4450 358 4518 θείῳ
389 4448 560 4516 νόμῳ.
597 4447 749 4497 Ἐστι
778 4446 886 4511 γὰρ
916 4446 978 4512 τῇ
1005 4444 1171 4510 φρασι
1202 4439 1492 4509 ῥυθμικὸν.
1526 4438 1559 4507 ἣ
1604 4454 1791 4505 μετρι-

206 4544 348 4603 κὸν,
378 4540 665 4599 κολακείας
699 4538 892 4605 μεστὸν
909 4536 1092 4596 ἐντοῖς
1114 4534 1315 4598 λόγοις,
1350 4532 1444 4583 καὶ
1479 4530 1704 4598 μυθικὸν
1733 4531 1791 4579 ὲν

201 4637 282 4703 τῇ
321 4632 557 4697 διανοίᾳ.
592 4630 712 4681 Ὅτι
740 4628 795 4678 δὲ
818 4629 882 4693 τῇ
920 4627 1117 4693 φράσει
1144 4625 1261 4675 ἐστὶ
1314 4620 1580 4691 ῥυθμικὸν
1612 4618 1789 4671 διόλου

196 4724 315 4777 τοῦ
377 4723 603 4791 βιϐλίου,
658 4720 887 4786 φανερὸν
933 4721 1041 4779 τοῖς
1100 4713 1559 4780 ἀναγινώσκουσι.
1605 4710 1792 4778 Παρά-

196 4816 429 4879 δειγμα
457 4811 510 4862 δὲ
532 4809 719 4861 τούτου
747 4809 805 4859 οὐ
837 4806 1072 4874 δύναμαι
1104 4804 1470 4874 παραθέσθαι,
1510 4801 1599 4852 διὰ
1621 4800 1679 4851 τὸ
1719 4799 1791 4865 μὴ

192 4899 485 4952 δύνασθαι
523 4897 788 4959 σώζεσθαι
818 4897 906 4947 τὸν
955 4894 1160 4962 ῥυθμὸν
1202 4895 1234 4962 ἢ
1285 4893 1341 4945 τὸ
1393 4891 1522 4953 ἔπος
1575 4888 1792 4956 ἀληθῶς

197 4991 316 5042 καὶ
346 4987 489 5039 κατὰ
512 4989 687 5039 πάντα
718 4986 1181 5055 μετενηνεγμένον
1203 4986 1279 5045 είς
1305 4984 1363 5035 τὸ
1389 4982 1700 5036 Λατινικόν.
1731 4981 1794 5032 Οἱ

189 5082 263 5135 δὲ
302 5080 653 5150 Σαρῤακηνοὶ
680 5078 773 5130 καὶ
792 5078 840 5129 οἱ
866 5077 930 5128 Ἀ
942 5077 1102 5145 ραϐες
1127 5076 1218 5127 ἐπὶ
1248 5075 1417 5144 τούτῳ
1444 5074 1795 5142 σεμνύνονται

202 5173 489 5241 μάλιστα,
526 5171 601 5239 τῷ
640 5171 736 5239 τὴν
767 5172 965 5238 φράσιν
1010 5168 1099 5220 τοῦ
1132 5168 1261 5232 παρ’
1298 5169 1481 5229 αὐτοῖς
1515 5168 1682 5234 νόμου
1737 5166 1795 5217 ῦ-

1960 4049 2325 4119 habetslylum
2354 4059 2401 4102 et
2434 4054 2643 4102 modum
2677 4065 2793 4101 cum
2832 4049 2952 4102 aliis
2985 4052 3383 4105 conrenientem.

1962 4264 2167 4329 Quarto
2184 4282 2232 4333 ο,
2257 4276 2395 4320 ortet
2420 4266 2580 4329 scire,
2602 4268 2744 4335 quod
2768 4266 3094 4321 Alcoranum
3128 4283 3234 4321 non
3266 4280 3348 4323 est
3374 4269 3461 4323 lex

1891 4357 2007 4417 Dei,
2048 4367 2334 4424 prepterea
2366 4359 2507 4425 quod
2540 4373 2646 4409 non
2676 4358 2838 4410 habet
2880 4358 3075 4426 stylum
3111 4374 3211 4411 nec
3240 4359 3461 4413 modum

1896 4450 2093 4503 divina:
2133 4450 2232 4518 legi
2268 4450 2523 4503 similem.
2551 4450 2646 4502 Est
2682 4449 2846 4517 igitur
2878 4450 3019 4519 stylo
3081 4451 3457 4519 rhythmicnnt

1892 4537 1977 4589 vel
2013 4538 2323 4600 metrieizrn,
2349 4545 2403 4590 et
2434 4538 2805 4591 assentatione
2838 4538 3058 4606 plenum
3097 4540 3151 4591 in
3187 4542 3464 4593 sermoni-

1896 4628 2015 4687 bus,
2049 4636 2102 4679 et
2134 4627 2463 4681 fabulosum.
2499 4628 2655 4692 Quod
2686 4638 2866 4681 autem
2903 4630 3044 4698 style
3077 4629 3448 4699 rhythmicum

1894 4721 1985 4783 sit,
2015 4734 2111 4786 per
2146 4726 2316 4771 totum
2347 4719 2544 4771 librum
2582 4719 2937 4772 manifestum
2990 4730 3075 4773 est
3131 4721 3457 4788 legentibus.

1900 4808 2223 4876 Exemplum
2284 4819 2469 4862 autem
2531 4810 2696 4878 hujus
2733 4826 2838 4863 non
2904 4826 3124 4879 possum
3162 4826 3459 4879 apponere,

1896 4907 2185 4967 propterea
2215 4902 2357 4967 quod
2396 4915 2502 4953 non
2551 4910 2726 4965 potest
2780 4903 2977 4954 salvari
3018 4902 3306 4971 rhytlnuus
3373 4899 3459 4953 vel

1898 5004 2088 5041 versus
2122 5004 2247 5040 vere
2273 4996 2327 5042 et
2357 4988 2656 5042 secundum
2691 4995 2893 5056 omnia,
2933 5008 3056 5045 cum
3109 4992 3160 5043 in
3204 4990 3457 5043 Latinum

1900 5080 2256 5131 transfertur.
2309 5077 2564 5131 Saraceni
2623 5091 2807 5133 autem
2873 5091 2927 5133 et
2990 5080 3201 5134 Arabes
3252 5081 3305 5131 iu
3358 5080 3461 5129 hoc

1900 5183 2130 5221 maxime
2186 5168 2512 5236 gloriantur,
2567 5170 2708 5238 quod
2776 5171 2982 5224 locutio
3032 5186 3151 5238 qua:
3200 5180 3279 5223 est
3314 5168 3455 5235 apud

195 5267 324 5334 ψος
367 5263 511 5332 ἔχειν
544 5264 638 5314 καὶ
685 5262 910 5330 ῥυθμὸν,
953 5261 1046 5313 καὶ
1081 5262 1241 5328 φασιν
1269 5263 1325 5312 ὲν
1350 5262 1524 5327 τούτῳ
1559 5260 1791 5327 μάλιστι

1902 5274 2013 5317 eos.
2046 5259 2181 5325 legis
2208 5259 2591 5312 celsitudinem
2649 5262 2813 5314 habet
2847 5270 2903 5315 et
2942 5261 3279 5330 rhythmum,
3312 5267 3365 5310 et
3400 5257 3454 5309 in

194 5356 543 5410 δείκνυσθαι
573 5356 633 5407 τὸ
663 5355 864 5424 βιϐλίον
884 5355 988 5407 ὑπὸ
1010 5354 1102 5405 τοῦ
1127 5354 1260 5406 Θεοῦ
1286 5352 1679 5415 συντεθεῖσθαι,
1706 5351 1796 5405 καὶ

191 5449 299 5517 τῷ
367 5448 609 5517 Μωάμεθ
667 5447 809 5500 κατὰ
856 5446 999 5511 λέξιν
1053 5444 1527 5512 ἁποκεκαλύφθαι.
1577 5445 1633 5495 '0
1692 5444 1799 5510 γὰρ

192 5540 503 5608 Βιωάμεθ,
534 5540 744 5609 ἰδιώτης
775 5538 871 5601 ὣν,
908 5539 1006 5590 οὐκ
1036 5538 1142 5607 ᾔδει
1173 5536 1428 5606 τοιαύτην
1471 5536 1711 5589 διάνοιάν
1738 5551 1797 5587 τε

192 5631 335 5693 καὶ,
360 5633 578 5699 φράσιν·
612 5648 672 5683 ου
704 5630 1009 5681 τούναντίον
1034 5628 1283 5695 φαίνεται
1315 5627 1799 5696 ἁριδήλως.’ορὦο

195 5739 329 5792 μεν
369 5724 477 5790 γὰρ
508 5726 563 5773 ὲν
597 5725 663 5790 τῇ
703 5723 823 5791 θείᾳ
880 5722 1067 5791 Γραφῇ
1111 5721 1495 5788 διαλεγόμενον
1525 5720 1616 5769 τὸν
1670 5720 1801 5770 Θεὸν

186 5812 457 5864 Ναοῦ-πεῖ
490 5814 579 5864 καὶ
623 5811 741 5862 Ἰὼϐ
782 5814 875 5863 καὶ
905 5813 1014 5871 τοῖς
1048 5809 1227 5871 ἄλλοις
1267 5808 1441 5875 ἁγίοις
1468 5808 1800 5877 προφήταις,

1905 5351 2007 5403 hoc
2036 5352 2267 5404 maxime
2298 5351 2602 5405 ostenditur
2635 5353 2830 5404 librum
2865 5369 2893 5405 a
2941 5354 3050 5405 Deo
3095 5351 3459 5416 compositum

1902 5441 2092 5501 fuisse.
2127 5452 2181 5493 et
2224 5442 2526 5495 Mahomcto
2570 5444 2870 5496 secundum
2932 5443 3262 5497 locutionem
3302 5453 3460 5493 reve-

1898 5532 2063 5585 latum
2104 5546 2243 5585 csse.
2300 5533 2641 5587 Maltometus
2675 5536 2839 5587 idiota
2895 5537 3183 5595 exsistens,
3237 5533 3459 5600 ignora-

1900 5626 1991 5681 bat
2032 5628 2191 5678 talem
2235 5626 2562 5677 scatentiam
2617 5636 2669 5677 et
2729 5626 3082 5679 locutionem.
3122 5624 3283 5691 Cujus
3324 5638 3455 5673 eou-

1903 5720 2125 5769 tra.o‘.u~;n
2156 5722 2401 5784 apparet.
2443 5716 2695 5771 Videmus
2720 5718 2864 5769 enim
2893 5719 2944 5770 in
2965 5717 3142 5770 divina
3172 5714 3451 5778 Scriptura

1902 5809 2069 5863 Deum
2104 5808 2417 5875 loquentem
2456 5824 2581 5861 cum
2611 5808 2813 5877 Moyse,
2850 5818 2903 5861 ct
2932 5824 3053 5868 tum
3084 5806 3202 5858 aliis
3222 5809 3454 5872 prOphc-
