4198 6440
166 417 312 479 1065

1378 413 1668 473 CONTRA
1716 411 2213 472 ΜΛΙΙΟΜΕΤΕΜ.

3267 409 3404 472 1066

154 529 456 580 ὑπόλοιπον
492 528 594 579 πᾶν
629 525 1154 594 καταλογισθήσεται
1205 524 1281 593 τῷ
1323 527 1474 592 πυρί.
1515 527 1664 594 Λῦτη
1699 527 1732 594 ἡ
1765 535 1804 586 Α

1765 535 1804 586 Α
1838 524 1987 576 llauc
2019 521 2347 576 sententiam
2382 517 2720 574 verissimam
2770 530 2890 571 esse
2921 514 3107 582 credo,
3135 526 3188 572 et
3249 517 3294 571 si
3331 518 3400 572 ab

150 621 436 687 ἁπ-ῧφασις
471 620 613 671 οὕτω
665 622 859 688 κρατεί
893 621 1021 689 παρ’
1064 619 1268 683 αὐτοῖς,
1321 619 1459 670 ὥστε
1523 620 1726 687 μηδένα

156 714 302 777 μήτε
339 711 498 776 σοφὸν
535 712 669 780 μήτε
703 711 929 779 ἀνόητον
976 714 1179 780 ταύτην
1213 711 1513 778 φαυλίζειν.
1561 711 1726 778 ’Ἄλλη

151 803 292 868 περὶ
325 801 417 852 τοῦ
450 802 616 853 αὑτοῦ
655 801 856 869 ὁμοίως
900 803 1176 868 ἀπόφασίς
1207 805 1354 854 ἐστιν
1381 804 1438 854 ἐν
1486 802 1562 870 τῷ
1605 803 1724 852 ’Λλ-

150 895 399 962 κσδιραπρ,
425 896 482 944 ἐν
512 893 587 959 τῷ
619 893 902 962 κεφαλαίῳ
931 894 1009 962 τῷ
1033 894 1275 962 Μαριὴλ,
1313 894 1340 944 ὃ
1369 895 1726 962 ἑρμηνεύεται

154 986 376 1050 Mupt'a,
412 985 645 1049 λέγουσα
678 984 888 1046 πάντας
925 986 1003 1046 είς
1040 987 1131 1036 τὸν
1165 985 1296 1052 ᾇδην
1329 985 1726 1036 ἀπελεύσεσθαι

152 1076 286 1137 τοὺς
314 1072 717 1143 Σαρρακηνούς.
750 1073 965 1143 Ταύτην
1002 1073 1099 1143 τὴν
1131 1075 1402 1139 ἀπόφασιν
1436 1073 1731 1140 ἀληθεστά-

152 1185 260 1234 την
284 1164 425 1219 εἶναι
445 1166 702 1227 πιστεύω,
733 1166 781 1216 εἰ
813 1168 906 1219 καὶ
930 1166 1080 1234 παρὰ
1113 1166 1379 1234 στόματος
1406 1166 1528 1217 καθ’
1557 1166 1728 1226 ὑπερ-

155 1259 328 1328 δολὴν
382 1258 609 1326 ψευδοῦς
649 1259 1067 1327 προενήνεκται.
1103 1259 1216 1310 Κάν
1265 1257 1436 1322 τούτῳ
1470 1260 1496 1309 6
1529 1257 1728 1325 ψευδὴς

153 1352 450 1418 προφήτης
502 1351 560 1400 ὲν
605 1352 669 1418 τῇ
707 1349 900 1419 πρώτῃ
937 1350 1165 1420 ἀληθείᾳ
1215 1351 1450 1419 συνᾴδει,
1479 1350 1726 1418 εἰπούσῃ,

160 1461 179 1490 ι
221 1442 522 1511 Ιῖλατείαή
575 1443 694 1504 ὁδὸς
741 1444 773 1510 ἡ
826 1443 1113 1508 ἀπάγουσα
1168 1445 1252 1504 ei;
1280 1442 1378 1511 τὴν
1427 1441 1727 1501 ἀπώλειαν,

157 1533 256 1581 καὶ
294 1533 476 1583 πολλοί
513 1534 650 1584 εἰσιν
684 1535 731 1584 οί
763 1534 1132 1602 εἰσερχόμενοι
1166 1533 1234 1584 δι’
1267 1533 1459 1598 αὐτῆς.
1500 1552 1517 1582 ι
1584 1533 1732 1599 Ἀρι-

153 1620 334 1685 δήὶως
355 1620 537 1672 τοίνυν
559 1622 621 1672 ἐκ
642 1622 748 1672 τῶν
773 1621 1184 1687 προειρημένων
1210 1619 1491 1688 συμϐαίνει
1519 1620 1606 1670 τὸν
1622 1620 1730 1670 τῶν

157 1707 534 1772 Σσρῤακηνών
575 1707 736 1772 νόμον
769 1703 908 1757 εἶναι
940 1704 1169 1768 πλατὺν,
1201 1705 1295 1756 καί
1327 1705 1555 1766 πολλοὺς
1590 1701 1728 1756 εἶναι

154 1793 270 1842 τῶν
303 1793 672 1861 Σαῤῥακηνῶν
722 1794 847 1855 τοὺς
876 1792 944 1844 δι’
972 1791 1138 1845 αὑτοῦ
1184 1793 1473 1856 εἰσιόντας,
1521 1794 1614 1845 καὶ
1649 1796 1729 1855 εἰς

1837 631 1934 666 ore
1964 614 2262 666 secundum
2311 625 2593 665 excessum
2625 608 2897 664 mendacii
2937 617 3062 661 ante
3101 608 3259 662 allata
3290 611 3396 664 est.

1838 707 1898 760 Et
1931 707 1980 757 iu
2026 707 2125 758 hoc
2157 705 2323 757 falsus
2353 702 2617 770 propheta
2643 717 2765 756 cum
2799 701 2974 770 prima
3009 701 3237 754 veritate
3267 716 3400 755 con-

1840 807 2003 856 venit,
2029 812 2148 864 quin
2183 794 2356 846 diett:
2389 811 2414 841 «ί
2441 791 2570 845 [.ata
2593 800 2677 844 est
2703 793 2787 844 via
2815 807 2936 860 qua:
2959 791 3110 844 ducit
3139 792 3190 844 in
3223 792 3408 860 perdi-

1838 887 2133 944 tioucm,ct
2157 884 2308 936 multi
2340 891 2467 936 sunt
2493 882 2582 950 qui
2605 881 2985 950 ingrediuntur
3016 896 3113 949 per
3143 897 3262 935 eam
3285 884 3348 936 ¹¹,
3378 901 3396 932 ι

1841 979 2120 1031 Manileste
2146 976 2309 1044 igitur
2333 989 2397 1027 ex
2423 971 2694 1041 prmdictis
2707 973 2977 1032 convenit,
3001 972 3400 1026 Saracenorum

1837 1068 2003 1134 legem
2027 1069 2186 1120 latam
2207 1081 2345 1132 esse,
2363 1081 2418 1119 et
2434 1065 2631 1116 multos
2648 1076 2767 1116 esse
2786 1061 3176 1115 Saracenorum
3196 1061 3285 1130 qui
3305 1076 3405 1128 per

1837 1176 1954 1212 cum
1992 1159 2388 1226 ingrediuntur,
2415 1165 2467 1209 et
2497 1157 2548 1206 in
2576 1153 2844 1206 infernum
2869 1160 3174 1205 transeunt.
3203 1152 3270 1204 Et
3297 1150 3402 1205 hoc

1839 1266 1944 1301 non
1975 1265 2038 1300 ex
2072 1263 2164 1301 ore
2181 1249 2352 1300 solum
2387 1245 2630 1300 veritatis
2676 1242 3047 1305 manifestum,
3080 1241 3174 1295 sed
3212 1257 3277 1297 ex
3313 1258 3406 1295 ore

1837 1337 2743 1409 protahetaequiapudeosest.ltem
2779 1335 3099 1388 Alcoranum
3134 1349 3240 1384 non
3274 1347 3407 1386 con-

1837 1429 2432 1497 vcuitcumlegeMoysi
2489 1429 2538 1479 in
2581 1426 2941 1488 tt‘taudatis,et
2977 1425 3027 1477 iu
3072 1424 3272 1492 quibus
3305 1438 3409 1478 nos

1837 1522 2049 1574 avertit.
2074 1520 2179 1572 Lex
2218 1520 2362 1572 enim
2405 1518 2498 1571 Dei
2562 1518 2816 1586 prohibet
2863 1517 3061 1570 caulem
3090 1556 3106 1581 ,
3139 1517 3405 1584 rapinam,

1836 1613 2331 1681 concupiscentiam
2354 1626 2568 1664 omnem
2587 1629 2600 1674 ;
2617 1609 2940 1662 Aleoranutn
2966 1617 3144 1660 autem
3159 1607 3408 1678 veljubct

1838 1705 1978 1766 ﬁeri,
1999 1704 2079 1756 vel
2117 1704 2400 1771 permittit.
2430 1702 2561 1755 ltem
2593 1717 2770 1768 neque
2797 1699 2851 1752 itt
2885 1698 3105 1768 judiciis
3125 1699 3405 1752 convenit.

1838 1796 2001 1864 Moysi
2035 1794 2179 1847 enim
2249 1794 2330 1846 iex
2361 1803 2416 1846 et
2473 1792 2828 1860 Evangelium
2868 1789 3024 1853 dicit,
3067 1789 3277 1842 nullum
3313 1787 3410 1842 de-

151 1887 249 1933 τδν
276 1883 408 1951 ᾅδην
440 1883 893 1952 κατερχομένους.
930 1884 1040 1934 Καὶ
1069 1882 1224 1934 τοῦτο
1257 1883 1356 1934 οὐκ
1394 1886 1460 1934 ὲκ
1490 1882 1583 1934 τοῦ
1613 1883 1734 1934 στό-
1771 1877 1809 1933 Β

1771 1877 1810 1933 Β
1841 1886 1971 1940 bere
2006 1902 2113 1939 uno
2169 1894 2401 1937 testante
2435 1883 2824 1944 comdemnari,
2856 1881 2951 1934 sed
2988 1881 3039 1933 itt
3089 1896 3183 1934 ore
3237 1881 3403 1934 trium

159 1992 335 2042 ματος
371 1975 532 2042 μόνον
567 1976 665 2042 τῆς
717 1975 976 2042 ἀληθείας
1031 1975 1210 2042 δῆλον,
1243 1975 1379 2026 ἀλλὰ
1423 1975 1515 2027 καὶ¹
1548 1976 1611 2026 ἐκ
1637 1973 1731 2026 τοῦ

157 2067 429 2132 στόματος
457 2065 548 2116 τοῦ
588 2067 716 2134 παρ’
747 2068 929 2127 αὐτοῖς
961 2067 1263 2134 προφήτου.
1299 2066 1418 2117 Ἔτι
1450 2065 1508 2117 τὸ
1543 2064 1728 2116 Ἀλκο-

157 2158 328 2225 ράνον
362 2156 422 2207 ού
453 2159 736 2225 συμφωνεῖ
767 2156 842 2226 τῷ
871 2155 964 2208 τοῦ
994 2156 1129 2208 Θεοῦ
1157 2157 1306 2224 νόμῳ
1329 2154 1387 2206 ἔν
1416 2171 1474 2206 τε
1505 2156 1622 2216 ταῖς
1653 2155 1736 2206 ὲν-

153 2249 362 2312 στολαῖς,
403 2248 497 2300 καὶ
555 2242 637 2310 οἷς
688 2250 1008 2316 ἀποτρέπει.
1058 2249 1118 2299 Ὀ
1153 2247 1252 2316 μὲν
1307 2246 1414 2316 γὰρ
1468 2247 1561 2298 τοῦ
1597 2244 1730 2298 Θεοῦ

154 2343 324 2406 νόμος
355 2341 550 2394 κωλύει
583 2342 763 2409 φόνον,
799 2343 1078 2411 ἁρπαγὴν,
1119 2341 1436 2410 ἐπιθυμίαν,
1473 2339 1508 2394 δι
1543 2341 1723 2392 πάντα

157 2433 220 2482 τὸ
252 2431 574 2500 Ἀλκοράνον
605 2431 637 2500 ἢ
666 2432 876 2485 κελεύει
897 2433 1162 2499 γίνεσθαι,
1193 2432 1224 2502 ἢ
1261 2433 1552 2500 συγχωρεῖ.
1606 2431 1732 2483 Ἔτι

156 2524 282 2575 οὐδὲ
314 2525 374 2574 ἐν
395 2525 514 2585 ταῖς
541 2523 714 2585 δίκαις
738 2525 976 2594 συνᾴδει.
1016 2524 1071 2576 Ὀ
1100 2525 1200 2594 μὲν
1229 2525 1336 2592 γὰρ
1367 2523 1458 2576 τοῦ
1487 2525 1728 2585 Μωσέως

158 2616 346 2684 νόμος,
389 2615 481 2666 καὶ
510 2615 568 2666 τὸ
616 2615 942 2682 [εὐαγγέλιόν
993 2633 1126 2686 φησι
1185 2615 1389 2685 μηδένα
1438 2613 1732 2667 καταδικά-

159 2704 376 2768 ζεσθαι,
423 2706 828 2776 μαρτυροῦντος
870 2708 1011 2771 ἐνὸς,
1045 2708 1161 2760 ἀλλ’
1194 2707 1286 2758 ἐπὶ
1334 2705 1598 2774 στόματος
1643 2705 1737 2756 δύο

162 2797 463 2865 μαρτύρων
495 2798 526 2866 ἢ
564 2797 754 2865 τριῶν
789 2798 855 2850 τὰ
887 2797 930 2848 δ’
962 2798 1179 2850 ἐναντία
1205 2797 1409 2850 τούτων
1450 2799 1735 2868 εὑρίσκον-

154 2903 251 2938 ται
278 2889 335 2938 ὲν
361 2887 438 2957 τῷ
462 2889 742 2958 κεφαλαίῳ
765 2889 842 2957 τῷ
879 2890 1122 2958 Eho-Dp,
1149 2891 1176 2942 ὃ
1205 2891 1565 2960 ἑρμηνεύεται
1587 2889 1730 2958 φῶς,

155 2979 294 3030 ὅπου
319 2978 380 3030 τὸ
406 2979 504 3048 μὲν
530 2981 860 3048 ἀναγκάζειν
884 2981 1052 3042 αὐτὰς
1075 2980 1374 3035 ἁπολλύναί
1405 2983 1500 3051 τὴν
1524 2999 1733 3051 σωφρο-

1838 1981 1922 2032 vel
1955 1979 2188 2032 duorum
2240 1977 2454 2029 testium
2491 1983 2598 2028 stat
2651 1989 2811 2028 omne
2840 1972 3084 2026 verbum.
3123 1971 3410 2026 Contraria

1841 2080 2022 2125 autem
2048 2071 2239 2123 horum
2269 2069 2623 2123 inveniuntur
2681 2066 2732 2120 in
2771 2066 3010 2134 capitulo
3037 2063 3228 2127 Elmir,
3262 2063 3408 2132 quod

1841 2163 2233 2230 interpretatur
2274 2161 2386 2224 lux,
2425 2159 2522 2212 ubi
2576 2159 2896 2227 prohibetur
2957 2172 3026 2210 ne
3079 2155 3408 2224 compellant

1841 2269 1935 2308 cas
1994 2252 2302 2305 castitatem
2369 2250 2669 2312 dimittere,
2725 2263 2849 2302 cum
2935 2245 3410 2302 consentientibus

1843 2357 2024 2398 autem
2083 2358 2274 2397 secure
2332 2342 2584 2397 similiter
2613 2340 2855 2395 dormire
2884 2339 3039 2394 dicit.
3080 2337 3193 2392 lloc
3220 2345 3404 2392 autem

1843 2437 2019 2505 ipsum
2050 2435 2399 2488 manifestum
2454 2443 2540 2487 est
2580 2432 2632 2485 itt
2694 2433 2935 2501 capitulo
2989 2430 3271 2492 Elminitn,
3309 2427 3407 2482 ubi

1841 2528 2110 2596 permittit
2138 2541 2264 2579 cum
2297 2525 2535 2595 propriis
2591 2524 2874 2588 uxoribus,
2925 2533 2981 2576 et
3031 2537 3155 2575 cum
3206 2521 3409 2589 quibus

1843 2621 1967 2688 quis
1997 2619 2052 2671 in
2107 2617 2251 2672 bello
2300 2631 2495 2686 capere
2527 2624 2714 2685 posset
2769 2614 3012 2668 misceri.
3061 2610 3405 2665 Manifestum

1843 2711 2009 2780 igitur
2034 2708 2286 2764 Aleorani
2326 2709 2496 2778 legem
2542 2723 2650 2761 non
2681 2721 2803 2761 esse
2841 2707 3015 2774 legem
3079 2703 3196 2769 Dei,
3224 2716 3408 2772 neque

1841 2816 1871 2854 a
1900 2801 2008 2854 Deo
2022 2817 2164 2864 esse,
2186 2801 2292 2855 uisi
2313 2800 2451 2854 forte
2471 2816 2566 2869 per
2587 2799 3025 2868 permissionem,
3049 2796 3190 2850 sicut
3209 2801 3266 2848 et
3280 2793 3405 2846 alia.

1841 2890 2034 2943 DilIert
2059 2889 2204 2943 enim
2235 2889 2302 2941 ab
2334 2888 2425 2942 illa
2455 2898 2512 2943 et
2541 2887 2843 2943 secundum
2896 2885 3259 2942 intentionem
3283 2882 3404 2947 Dei,

1841 2982 1934 3050 qui
1967 2981 2198 3034 salutem
2229 2979 2512 3034 hominum
2544 2978 2840 3034 desiderat.

163 3073 337 3140 σύνην
365 3072 656 3139 κωλύεται,
690 3076 1113 3144 συμφωνούσαις
1157 3076 1214 3128 δὲ
1251 3077 1509 3146 ἀσφαλῶς
1544 3074 1937 3143 συγκαθεύδειν
1965 3075 2125 3144 φησί.
2165 3073 2238 3126 Τὸ
2267 3074 2313 3127 δ’
2343 3072 2474 3125 αὐτὸ
2503 3071 2696 3139 δῆλον·
2727 3073 2822 3124 καὶ
2884 3071 2943 3121 ὲν
3005 3068 3086 3138 τῷ
3121 3068 3408 3138 κεφαλαίῳ

155 3165 242 3234 τῷ
285 3166 685 3238 Ἐλμουμηνὶμ,
717 3169 850 3219 ὅπου
883 3169 1160 3236 συγχωρεῖ
1186 3169 1325 3237 μετὰ
1355 3185 1413 3219 τε
1445 3171 1552 3221 τῶν
1586 3169 1734 3222 ἰδίων
1769 3168 2066 3235 γυναικῶν,
2101 3168 2197 3220 καὶ
2216 3161 2290 3220 ὧν
2313 3169 2379 3222 ἄν
2406 3182 2488 3227 τις
2516 3167 2574 3218 ὲν
2603 3163 2826 3233 πολέμῳ
2889 3162 3028 3234 λάϐῃ
3091 3161 3403 3232 μίγνυσθαι.

155 3259 403 3327 Φανερδν
433 3261 615 3313 τοίνυν
645 3261 735 3313 τὸν
767 3259 863 3313 τοῦ
913 3260 1239 3332 Ἀλκοράνου
1286 3261 1448 3326 νόμον
1487 3261 1562 3331 μὴ
1591 3257 1745 3315 εἶναι,
1769 3261 1931 3329 νόμον
1961 3259 2118 3322 Θεοῦ,
2160 3260 2296 3328 μήτε
2327 3258 2478 3328 παρὰ
2503 3256 2636 3311 Θεοῦ
2678 3255 2842 3322 εἶναι,
2905 3257 2956 3308 εί
3024 3256 3098 3324 μή
3127 3272 3230 3308 που
3261 3258 3407 3310 κατὰ

155 3350 535 3420 συγχώρησιν,
581 3352 769 3422 ὥσπερ
801 3353 895 3405 καὶ
943 3353 1078 3406 ἄλλα
1111 3355 1278 3407 κακά.
1323 3352 1584 3422 Διαφέρει
1630 3354 1735 3421 γὰρ
1775 3352 1982 3405 ἐκείνου
2039 3350 2132 3404 καὶ
2167 3351 2307 3404 κατά
2334 3350 2425 3403 τὸν
2457 3348 2658 3402 σκοπὸν
2721 3347 2815 3400 τοῦ
2881 3345 3040 3416 Θεοῦ,
3075 3346 3133 3409 ὃς
3166 3341 3266 3418 τήν
3295 3346 3405 3402 τῶν

153 3439 465 3508 ἀνθρώπων
504 3439 754 3509 βούλεται
793 3439 1089 3508 σωτηρίαν.

154 3556 253 3619 (ζ’.
282 3553 532 3628 Ὀτιμτὸ-
559 3554 928 3628 ’ᾼλκοράνον
961 3556 1270 3628 Δοὐκᾳειίστι
1322 3561 1505 3627 νόμος
1559 3561 1728 3626 Θεοῦ,
1760 3545 1802 3606 C

1713 3601 1728 3626 ,
1760 3545 1802 3606 C
1869 3557 1957 3612 Vl.
2002 3559 2154 3622 Quod
2180 3559 2500 3611 Alcorauum
2526 3572 2629 3609 non
2655 3567 2729 3608 est
2760 3562 2841 3608 lex
2871 3556 2990 3628 Dei,
3024 3557 3276 3628 quoniam
3306 3558 3363 3614 in

406 3622 538 3676 ἐπεὶ
570 3624 640 3676 ἐν
667 3625 925 3688 πολλοῖς
948 3624 1138 3689 ἐαυτῷ
1166 3622 1485 3695 ἀντιλέγει.

229 3735 432 3789 Ἕκτον
466 3737 551 3789 δεῖ
593 3736 841 3807 θεωρεῖν,
879 3737 954 3801 ὡς
997 3739 1024 3790 δ
1067 3739 1160 3790 τοῦ
1205 3741 1535 3809 Ἀλκορὰνου
1570 3742 1730 3811 νόμος

149 3830 217 3882 οὗ
245 3829 342 3882 τοῦ
368 3829 512 3881 θείου
542 3829 705 3897 νόμου
731 3829 892 3898 μόνον
919 3831 1238 3895 ἀποστατεῖ,
1264 3831 1380 3884 ἀλλ’
1401 3834 1521 3885 οὐδὲ
1552 3834 1729 3900 ἑαυτῷ

152 3918 470 3988 συμϐαίνει.
536 3920 646 3971 Καὶ
674 3921 833 3972 τοῦτο
884 3921 966 3972 ὅτι
1006 3923 1174 3973 κακόν
1227 3923 1363 3988 ἐστι,
1420 3927 1515 3978 καὶ
1567 3923 1728 3987 αὐτὸς

152 4011 523 4078 ἀποφαίνεται
559 4014 587 4063 6
624 4011 888 4080 Μωάμεθ.
924 4013 1062 4082 Φησὶ
1104 4016 1213 4082 γὰρ
1240 4015 1297 4065 ὲν
1333 4015 1410 4083 τῷ
1450 4015 1729 4085 κεφαλαίῳ

151 4101 233 4170 τῷ
264 4102 512 4166 Ἐλνεσᾶ,
544 4103 572 4156 6
608 4104 974 4173 ἑρμηνεύεται
1008 4106 1285 4174 γυναῖκες
1311 4147 1325 4171 ,
1359 4107 1421 4158 Εἰ
1464 4107 1541 4176 μὴ
1581 4109 1730 4176 παρά

156 4193 300 4246 Θεοῦ
328 4190 396 4264 ἦν
433 4194 589 4247 τοῦτο
626 4195 686 4248 τὺ
725 4195 1073 4266 Ἀλκοράνον,
1111 4199 1298 4250 πολλαὶ
1358 4199 1727 4268 ἐναντιότητες

156 4287 478 4354 εὑρίσκοντο
511 4287 576 4340 ἂν
609 4290 667 4340 ὲν
706 4289 877 4357 αὐτῷ.
923 4289 1086 4342 Ἀλλὰ
1123 4290 1231 4360 μὴν
1263 4291 1453 4345 πολλαὶ⁵
1490 4293 1548 4344 ὲν
1577 4293 1727 4362 αὐτῷ

155 4377 536 4447 ἐναντιότητες
573 4383 664 4432 καὶ
694 4380 1012 4447 ἀντιφάσεις
1051 4382 1424 4450 εὑρίσκονται.
1470 4385 1581 4436 Καὶ
1617 4385 1726 4455 γὰρ

151 4469 326 4531 αὺτδς
359 4471 415 4521 ὲν
450 4469 668 4533 πολλοῖς
707 4471 891 4534 τόποις
924 4473 1110 4541 φησὶν,
1141 4475 1221 4525 ὅτι
1251 4475 1278 4524 6
1311 4473 1441 4535 Θεὸς
1479 4475 1576 4542 οὐχ
1598 4475 1727 4544 όδη-

152 4559 247 4626 γεί
272 4557 363 4609 τὸν
387 4557 736 4628 πλανώμενον
757 4575 770 4591 ³
801 4561 897 4612 καὶ
926 4562 1076 4630 ὅμως
1107 4561 1267 4624 αὐτὸς
1292 4561 1532 4616 διδάσκει
1563 4581 1726 4633 προσ-

150 4648 438 4717 εύχεσθαι,
471 4649 538 4703 ἵν’
564 4651 839 4719 δδηγοῖντο
883 4653 946 4704 ὲκ
970 4652 1064 4704 τοῦ
1096 4654 1323 4716 σκότους
1362 4654 1441 4717 είς
1487 4655 1546 4707 τὸ
1585 4656 1721 4724 φῶς,

150 4741 253 4795 καὶ
291 4742 354 4792 ὲκ
385 4740 487 4808 τῆς
529 4742 743 4805 ἀνοδίας
785 4744 865 4806 είς
891 4743 987 4813 τὴν
1017 4743 1310 4814 εὐθύτητα.
1346 4747 1465 4799 Ἔτι
1499 4747 1557 4800 τέ
1590 4765 1723 4818 φησι

156 4831 290 4900 περὶ
315 4832 530 4896 ἑαυτοῦ,
561 4832 634 4897 ὡς
666 4835 875 4902 γένοιτο
905 4837 1140 4905 ὀρφανὸς
1171 4839 1226 4888 ὲν
1259 4838 1435 4910 πλάνῃ
1455 4854 1470 4868 ·
1505 4841 1722 4893 εἰδωλο-

2234 3628 2412 3680 multis
2445 3628 2644 3694 sibiipst'
2668 3627 2998 3682 contradicit.

1902 3742 2066 3795 Sexto
2109 3747 2328 3808 oportet
2361 3740 2652 3809 speculari,
2679 3739 2823 3809 quod
2862 3741 3119 3795 Alcorani
3158 3741 3243 3797 lex
3291 3757 3402 3799 non

1830 3831 2007 3885 solum
2036 3848 2064 3884 a
2083 3831 2266 3885 divina
2298 3831 2413 3900 lege
2436 3832 2742 3901 elongatur,
2759 3832 2851 3886 sed
2871 3847 3049 3901 neque
3069 3847 3194 3886 cum
3222 3834 3402 3902 seipsa

1834 3923 2112 3976 convenit.
2150 3921 2218 3974 Et
2245 3921 2368 3987 hoc,
2397 3922 2654 3990 quoniam
2685 3923 2827 3976 mala
2858 3931 2964 3985 est,
2995 3931 3052 3977 et
3081 3923 3195 3992 ipse
3219 3924 3403 3979 Maho—

1831 4023 2009 4068 metus
2058 4013 2322 4068 ostendit.
2375 4013 2514 4067 Dicit
2563 4013 2711 4067 enim
2759 4014 2813 4067 in
2871 4015 3112 4084 capitulo
3167 4015 3400 4081 Elnesa,

1830 4103 1973 4173 quod
2012 4104 2402 4174 interpretatur
2438 4105 2678 4158 mulieres
2703 4119 2721 4156 :
2750 4104 2864 4158 Nisi
2914 4119 2945 4158 a
2976 4105 3088 4161 Deo
3121 4115 3267 4162 esset
3295 4107 3400 4163 hoc

1830 4208 2182 4271 Alcoranum,
2220 4209 2406 4261 multa;
2441 4207 2494 4260 in
2536 4221 2603 4261 eo
2635 4207 3054 4264 contrarietatcs
3093 4218 3151 4263 et
3179 4219 3400 4265 contra-

1829 4298 2102 4352 dictiones
2136 4297 2539 4352 invenirentur.
2568 4297 2784 4351 Etenim
2810 4297 2925 4367 ipse
2955 4299 3011 4352 in
3043 4300 3231 4356 multis
3259 4302 3399 4358 locis

1830 4389 1984 4454 dicit,
2021 4389 2165 4457 quod
2196 4389 2342 4443 Deus
2373 4403 2483 4442 non
2521 4387 2744 4442 deducit
2781 4398 3057 4443 errantem
3083 4409 3097 4444 :
3126 4401 3182 4444 et
3215 4401 3397 4447 tamen

1828 4480 1945 4549 ipse
1988 4479 2043 4532 in
2075 4479 2260 4533 multis
2295 4479 2435 4534 locis
2463 4478 2625 4533 docet
2653 4493 2846 4542 orare,
2879 4489 2940 4533 ut
2984 4480 3331 4537 deducantur
3363 4499 3396 4539 a

1829 4570 2067 4625 tenebris
2100 4571 2154 4624 in
2185 4571 2364 4624 lucem
2427 4579 2484 4624 et
2532 4585 2597 4624 ex
2644 4570 2976 4625 rectitudine
3008 4571 3062 4626 in
3105 4573 3396 4630 rectitudi-

1826 4679 1972 4717 nem.
2008 4663 2142 4717 ltem
2171 4661 2306 4716 dicit
2353 4661 2420 4716 de
2452 4662 2654 4732 seipse,
2689 4662 2835 4732 quod
2865 4663 3043 4718 factus
3067 4674 3153 4719 est
3196 4666 3392 4735 orpha‘

1825 4773 1930 4811 nus
1953 4758 2008 4811 in
2027 4770 2242 4822 errore;
2265 4753 2564 4810 idololatria
2599 4756 2745 4808 enim
2771 4762 2907 4808 erat.
2928 4753 3034 4810 Sed
3069 4765 3246 4811 tamen
3275 4758 3395 4828 ipse

1827 4849 1986 4914 dicit,
2025 4847 2171 4917 quod
2202 4847 2363 4901 talem
2389 4861 2514 4900 eum
2544 4846 2871 4914 prophetam
2902 4848 3032 4900 fecit
3059 4847 3223 4912 Deus,
3258 4864 3396 4917 quo—

147 4923 361 4992 λάτρης
407 4924 516 4992 γὰρ
545 4919 634 4993 ἦν.
673 4924 813 4976 Ἀλλ’
857 4925 1005 4993 ὅμως
1032 4925 1192 4989 αὑτός
1217 4944 1402 4997 φησιν,
1433 4929 1514 4980 δτι
1549 4930 1722 4982 τοιοῦ-
1755 4923 1800 4978 D

1755 4923 1800 4978 ι)
1829 4940 1974 4993 niam
2024 4936 2243 5006 quando
2299 4937 2442 4990 Deus
2489 4950 2614 4990 eum
2666 4937 2992 5000 accersivit,
3038 4938 3286 4993 ascendit
3323 4941 3391 4996 ad

145 5030 246 5066 τον
279 5013 438 5066 αὑτὸν
463 5015 750 5085 προφήτην
780 5017 1036 5086 ἐποίησεν
1065 5019 1092 5070 ό
1124 5019 1276 5082 Θεὸς,
1310 5020 1389 5072 ὅτι
1419 5021 1506 5073 ὅτε
1545 5021 1571 5072 ὁ
1595 5021 1726 5084 Θεὸς

147 5105 323 5159 αὐτὸν
365 5106 788 5175 μετεκαλέσατο,
829 5109 1060 5177 ἀνῆλθεν
1112 5112 1189 5172 εἰς
1223 5110 1312 5164 τὸν
1352 5111 1483 5163 Θεὸν
1532 5115 1724 5183 μέχρις

149 5196 386 5264 ἑϐδόμου
437 5198 688 5267 οὐρανοῦ.
753 5201 865 5251 Καὶ
916 5200 1085 5270 ᾔτησε
1139 5201 1468 5272 συγγνώμην
1507 5205 1723 5274 ἀγγέλῳ

145 5288 287 5353 τινὶ,
320 5287 554 5355 χιλιάκις
596 5289 804 5357 μείζονι
829 5291 941 5343 δντι
972 5292 1066 5344 τοῦ
1099 5293 1324 5360 κόσμου,
1351 5293 1408 5346 ὃν
1437 5288 1559 5362 εὗρε
1589 5296 1723 5366 θρη-

147 5380 353 5434 νοῦντα
382 5379 449 5432 τὰ
495 5380 688 5433 ἑαυτοῦ
722 5383 1115 5452 ἁμαρτήματα.
1155 5386 1270 5436 Ἔτι
1323 5386 1488 5452 φησὶν
1527 5387 1719 5440 ἑαυτὸν

147 5471 442 5540 προφήτην
475 5465 612 5522 εἶναι
644 5471 963 5524 καθολικόν·
990 5474 1104 5526 ἀλλ’
1142 5476 1289 5544 ὅμως
1328 5479 1458 5543 φησὶ
1491 5479 1549 5529 τὸ
1592 5478 1720 5530 ’Λλ-

148 5561 391 5629 κορὰνον
456 5563 762 5632 Ἀραϐικοῖς
813 5563 1136 5633 γράμμασιν
1187 5567 1289 5619 ὑπὸ
1339 5566 1433 5618 τοῦ
1471 5567 1606 5621 Θεοῦ
1637 5569 1721 5622 δο-

1831 5030 1997 5084 Deum
2053 5042 2222 5097 usque
2269 5026 2337 5081 ad
2383 5027 2678 5097 septimum
2711 5029 2950 5090 coelum,
2996 5035 3052 5082 et
3083 5027 3394 5099 impetravit

1826 5121 2039 5174 veniam
2069 5120 2136 5173 ab
2167 5119 2360 5188 angelo
2386 5118 2648 5187 quodam,
2683 5120 2776 5188 qui
2809 5119 3008 5176 millies
3035 5125 3241 5178 mundo
3277 5139 3393 5178 ma-

1820 5214 1908 5282 jor
1940 5219 2079 5276 erat,
2110 5225 2272 5279 quem
2304 5211 2514 5263 invenit
2544 5211 2628 5264 sui
2653 5210 2826 5278 ipsius
2857 5223 3078 5280 peccata
3104 5214 3392 5284 deploran-

1829 5315 1958 5358 tem.
1981 5302 2114 5357 ltctn
2147 5301 2302 5362 dicit,
2322 5316 2446 5355 eum
2481 5302 2803 5370 prophetam
2833 5318 2952 5357 esse
2983 5304 3344 5359 universaletn
3371 5321 3387 5359 :

1826 5393 1919 5446 sed
1954 5401 2130 5445 tamen
2163 5390 2298 5444 dicit
2328 5391 2656 5444 Alcoranum
2694 5391 2946 5445 Arabicis
2987 5393 3182 5449 litteris
3212 5410 3240 5447 a
3277 5395 3390 5451 Deo

1827 5483 2012 5536 datum
2042 5496 2184 5544 esse,
2222 5495 2398 5550 neque
2435 5481 2595 5534 tiliam
2630 5481 2790 5535 aliam
2821 5482 3061 5552 linguam
3095 5500 3223 5540 eum
3247 5485 3390 5542 scire

1825 5582 2020 5643 prteter
2051 5572 2358 5629 Arabicam.
3178 5580 3185 5586 ’

148 5652 319 5719 θῆναι
342 5695 357 5718 ,
414 5654 550 5726 μηδὲ
583 5654 711 5724 μίαν
743 5671 800 5707 τε
847 5656 1012 5709 αὑτὸν
1041 5657 1205 5729 ἄλλην
1240 5658 1486 5728 γλῶσσαν
1532 5661 1726 5718 εἰδέναι
1766 5665 1902 5735 πλὴν
1927 5665 2022 5733 τῆς
2066 5665 2378 5733 Ἀραΰικῆᾳ

231 5770 506 5836 l’_Matth.
541 5786 639 5834 vu,
677 5771 762 5825 14.

486 5862 758 5922 ΡΑτιιοι..
797 5863 911 5926 Gtt.
952 5867 1069 5925 CL!
1085 5869 1152 5923 ν.
