4198 6440
745 418 884 478 1075

1973 430 2349 493 DEMETRII
2392 436 2702 495 CYDONil

3829 438 3965 502 1076

738 544 862 585 esse
910 541 1241 598 susceptam,
1296 545 1350 587 ct
1398 536 1773 589 eonlirniatam
1834 548 2089 607 tanquam
2128 543 2298 611 legem
2334 554 2375 607 Α

2429 550 2512 599 υπὸ
2544 550 2637 600 τοῦ
2681 550 2883 617 κόσμου
2911 550 3162 619 δέχθῆννί
3190 568 3243 601 τε
3278 554 3368 603 καὶ
3402 549 3759 617 βεϐαιωθῆναι
3794 551 3872 609 ὡς
3904 553 3988 603 νό-

745 620 863 686 Dei,
892 622 932 674 si
967 624 1143 675 Solum
1187 627 1512 682 rationabile
1547 644 1672 681 cum
1728 632 1905 699 scipsa
1959 635 2201 695 haberet,
2250 646 2306 690 ct

750 722 970 780 propter
1001 732 1125 768 eum
1160 718 1251 784 qui
1304 720 1478 786 legem
1512 722 1654 782 ttilit,
1689 732 1741 774 et
1780 735 2001 791 pr0ptcr
2048 727 2307 794 seipsum,

743 812 797 857 et
828 816 1051 874 prepter
1081 825 1266 874 opera,
1309 821 1363 863 ct
1396 820 1619 879 propter
1660 812 1842 866 linem.
1892 817 2134 868 Primum
2183 818 2309 884 qui-

746 894 871 947 dem
896 896 1062 955 initur
1094 898 1465 962 manifestum,
1493 904 1635 968 quod
1664 903 2055 957 irrationabilis
2078 915 2161 959 est
2188 922 2310 973 pro-
2358 940 2359 943 η

746 996 865 1053 pter
908 988 1291 1055 legislatorcm.
1342 992 1716 1047 Irratinnahilc
1767 996 1937 1064 igitur
1976 1000 2202 1051 oiuniuo
2230 1000 2311 1053 sic

746 1079 1207 1149 sanctainlegcm,
1264 1092 1321 1135 ut
1380 1084 1481 1153 ipsi
1532 1097 1808 1149 asserunt,
1864 1089 2120 1143 videlicet
2165 1091 2311 1159 quod

748 1168 1074 1221 Moeranum
1103 1172 1329 1223 verbum
1359 1174 1451 1227 Dei
1482 1173 1572 1235 sit,
1602 1175 1780 1229 datam
1808 1191 1927 1232 esse
1958 1195 1987 1231 a
2018 1182 2095 1234 sic
2123 1182 2312 1249 iniquo

750 1259 887 1319 viro,
925 1275 1140 1328 rapare,
1186 1265 1423 1326 inmcho,
1478 1268 1775 1330 homicida,
1821 1279 1876 1323 et
1912 1274 2150 1337 peccatis
2193 1274 2316 1328 aliis

748 1350 992 1414 subdito,
1025 1370 1147 1421 quin
1188 1356 1370 1409 omnia
1408 1359 1694 1414 manifesta
1729 1371 1856 1414 sunt
1908 1361 1992 1416 his
2035 1364 2126 1430 qui
2170 1365 2316 1419 illius

749 1441 917 1493 vitam
970 1459 997 1496 s
1034 1445 1169 1497 inut.
1213 1446 1315 1499 Sed
1368 1448 1625 1503 Saraceni
1683 1451 1747 1503 ad
1790 1453 1905 1506 haec
1957 1456 2315 1522 respondent,

755 1533 901 1593 quod
936 1543 991 1586 ct
1020 1535 1187 1589 David
1222 1537 1273 1589 in
1305 1538 1635 1595 adulterium
1664 1544 1825 1597 simul
1853 1555 1907 1598 ct
1939 1548 2140 1600 cmdcni
2176 1548 2315 1600 inci-

752 1622 851 1683 dit,
882 1623 1091 1693 Moyses
1120 1636 1302 1679 autem
1341 1628 1618 1684 homicida
1653 1633 1791 1686 fuit:
1834 1646 2064 1704 uterque
2098 1638 2316 1705 quidem

751 1712 935 1767 talium
964 1714 1235 1783 legitimus
1256 1718 1345 1772 Dei
1374 1722 1634 1789 propheta
1666 1724 1801 1777 fuit:
1838 1726 1915 1778 sic
1946 1734 2001 1779 ct
2031 1728 2097 1780 de
2130 1728 2320 1781 Mallo-

757 1817 899 1857 ineto
936 1807 1189 1873 possibile
1217 1809 1397 1864 dicere
1418 1849 1434 1875 ,
1459 1826 1645 1865 verum
1679 1815 1999 1883 prophetam
2034 1832 2153 1872 esse
2200 1818 2318 1883 Dei,

2416 657 2515 707 μον
2560 640 2717 706 Θεοῦ,
2753 643 2802 692 εί
2834 643 2989 709 μόνον
3017 643 3075 693 τὸ
3106 644 3322 707 aiio-{ev
3351 640 3459 710 εἶχε
3503 643 3618 708 μεθ’
3647 641 3869 706 ἑαυτοῦ,
3899 644 3987 694 καὶ

2412 731 2497 783 διὰ
2525 731 2613 783 τὸν
2654 734 2809 784 θέντα
2849 734 2937 785 τὸν
2977 736 3160 801 νόμον,
3213 736 3306 785 καὶ
3340 735 3405 786 δι’
3444 735 3623 795 αὐτὸν,
3669 735 3765 785 καὶ
3794 734 3891 785 διὰ
3922 737 3987 785 τὰ

2413 822 2570 889 ἔργα,
2602 825 2697 875 καὶ
2725 825 2811 875 διὰ
2852 825 2911 876 τὸ
2953 825 3123 886 τέλος.
3159 824 3374 891 Ιίρῶτον
3404 825 3500 890 μὲν
3533 819 3625 876 οὖν
3677 825 3863 890 δῆλον,
3917 826 3989 885 ὡς

2413 912 2737 979 ἄλογὸςὲστι
2762 916 2846 967 διὰ
2869 916 2961 966 τὶν
2988 915 3303 981 νομοθέτην.
3332 916 3557 981 ’Λλογον
3574 920 3680 984 γὰρ
3705 916 3991 976 παντελῶς

2413 1001 2581 1065 οὕτως
2606 1006 2760 1071 ἅγιον
2785 1006 2964 1073 νόμον,
2986 1004 3057 1066 ὡς
3082 1000 3222 1058 οῦτοι
3244 1006 3685 1074 δεισχυρίςονται,
3716 1007 3863 1059 ὥστε
3897 1008 3991 1056 καὶ

2415 1106 2571 1168 λόγον
2611 1098 2748 1151 Θεοῦ
2796 1098 2887 1149 τὸν
2952 1097 3273 1165 Ἀλκορὰνον
3306 1097 3511 1159 καλεῖν,
3560 1096 3809 1149 δεδόσθαι
3862 1097 3994 1164 παρ’

2414 1196 2587 1254 οῦτως
2616 1190 2831 1244 ἀνοσίου
2856 1189 3067 1257 ἀνδρδς,
3096 1188 3360 1255 ἆρπαγος,
3398 1188 3606 1256 μοιχοῦ,
3632 1191 3869 1255 φονέως,
3901 1188 3995 1237 καὶ

2418 1284 2811 1353 ἁμαρτήμασιν
2853 1278 3033 1339 ἄλλοις
3081 1276 3463 1346 ὑποκειμένου,
3510 1279 3724 1330 ἅπαντα
3780 1278 3997 1345 φανερὰ

2416 1378 2526 1438 τοῖς
2560 1372 2649 1425 τὸν
2688 1371 2897 1423 ἐκείνου
2934 1369 3046 1436 βίον
3091 1370 3306 1422 εἰδόσιν.
3358 1367 3496 1420 ‘AD.’
3548 1369 3595 1420 οί
3642 1369 3999 1437 Σαρραχηνοὶ

2420 1466 2555 1535 προς
2589 1460 2760 1514 ταῦτα
2808 1458 3218 1526 ἀπολογοῦνται,
3246 1459 3325 1510 ὅτι
3375 1459 3467 1511 καὶ
3510 1461 3537 1511 ὁ
3580 1458 3747 1510 Δαϐὶδ
3779 1458 4000 1526 μοιχεῖα

2418 1557 2553 1623 ὁμοῦ
2588 1555 2678 1607 καὶ
2714 1554 2857 1621 φόνῳ
2889 1552 3211 1620 περιέπεσεν
3238 1590 3251 1611 ,
3282 1552 3375 1602 καὶ
3395 1553 3421 1603 ὀ
3444 1550 3681 1617 Μωῦσῆς
3705 1551 3765 1601 δὲ
3802 1550 3999 1614 φονεὶς

2422 1649 2677 1715 γέγονεν·
2704 1646 2960 1713 ἑκάτερος
2987 1642 3166 1711 μέντοι
3196 1641 3395 1692 τούτων
3429 1641 3647 1707 ἔννομος
3677 1635 3751 1708 ἦν
3782 1641 3999 1706 προφή-

2421 1756 2515 1806 της
2546 1736 2712 1789 Θεοῦο
2747 1736 2887 1787 οῦτω
2914 1734 3008 1785 καὶ
3042 1732 3165 1800 περὶ
3195 1731 3285 1782 τοῦ
3313 1730 3606 1799 Ὰέαχούμετ
3638 1730 3865 1781 δυνατὸν
3911 1730 3999 1779 25'-

2423 1847 2537 1896 γειν
2584 1829 2757 1897 ἀληθῆ
2800 1830 3085 1895 προφήτην
3119 1822 3255 1878 εἶναι
3292 1826 3447 1886 Θεοῦ,
3492 1826 3539 1875 εἰ
3575 1824 3667 1874 καί
3711 1839 3847 1873 ποτε
3897 1822 3999 1872 ὑπὸ

751 1898 852 1947 etsi
912 1896 1205 1964 aliquando
1257 1899 1358 1953 sub
1421 1912 1644 1969 peccato
1679 1903 1799 1956 fuit.
1853 1904 1958 1959 Sed
1988 1907 2093 1961 hoc
2122 1902 2381 1963 nullamI

2429 1922 2701 1990 ἁμαρτίαν
2731 1920 2994 1986 ἐγεγόνει.
3020 1918 3183 1969 Ἀλλὰ
3208 1916 3365 1968 τοῦτο
3388 1916 3636 1983 οὐδεμίαν
3668 1916 3781 1981 ἔχει
3814 1912 3996 1980 ίηᾶν.

756 1985 918 2038 habet.
942 1986 1073 2041 vini.
1097 1987 1265 2039 David
1291 1988 1437 2042 enim
1459 1999 1513 2044 et
1542 1992 1750 2060 Moyses
1779 1997 2104 2062 pwnitcntia
2129 2014 2319 2052 eorum

758 2075 998 2141 ipsorum
1026 2089 1308 2144 peccatum
1335 2092 1713 2145 correxerunt,
1738 2094 1791 2136 et
1821 2085 1923 2137 hoc
1949 2098 2031 2140 cst
2053 2089 2319 2143 invenire.

757 2165 925 2219 David
970 2167 1116 2224 cuitu
1147 2170 1495 2224 annuntiavit
1525 2173 1609 2224 sui
1648 2172 1820 2241 ipsius
1852 2187 2155 2244 peccatum,
2199 2195 2323 2248 gra-

754 2259 1004 2327 viterque
1048 2274 1288 2328 scipsum
1335 2264 1623 2329 cruciavit,
1658 2282 1829 2333 quare
1863 2278 1919 2323 ct
1956 2272 2170 2324 veniam
2209 2287 2323 2327 me-

758 2352 885 2403 ruit.
940 2349 1093 2406 Unde
1146 2362 1425 2421 postquam
1463 2356 1618 2421 dixit,
1660 2375 1678 2407 ‹
1712 2358 1930 2413 Peccavi
1966 2380 1977 2414 :
2018 2381 2034 2412 ι
2090 2363 2226 2417 dixit
2273 2362 2324 2418 ei

753 2440 965 2494 Natban
995 2440 1062 2494 ab
1084 2457 1178 2497 ore
1210 2443 1335 2498 Dei:
1364 2463 1382 2495 ‹
1416 2443 1673 2500 Dominus
1696 2446 1902 2502 dimisit
1923 2451 2015 2503 tibi
2044 2462 2325 2520 peccatum

759 2533 1003 2586 tuum".
1047 2551 1065 2584 ι
1120 2533 1195 2588 De
1246 2535 1558 2591 Mahomcto
1612 2547 1793 2593 autem
1848 2542 2069 2595 minimc
2117 2543 2322 2596 dictum

758 2637 863 2687 est,
910 2626 1056 2693 quod
1090 2627 1173 2679 vel
1214 2627 1293 2679 sui
1346 2628 1518 2696 ipsius
1566 2640 1847 2698 peccatum
1894 2634 2322 2697 annuntiaverit,

759 2723 842 2776 vel
873 2725 1218 2791 paenituerit;
1250 2725 1431 2794 potius
1482 2728 1701 2794 quidem
1748 2727 1913 2795 igitur
1944 2725 2154 2778 addidit
2185 2725 2329 2777 blas-

761 2815 1059 2883 phemiam,
1116 2816 1299 2884 iniqua
1352 2817 1467 2886 lege
1528 2816 1581 2869 id
1631 2816 1930 2869 allirtnans.
1983 2813 2135 2867 Sicut
2183 2813 2327 2866 enim

759 2907 1020 2961 omnibus
1074 2906 1363 2962 Saracenis
1417 2920 1605 2962 notum
1652 2918 1755 2968 est,
1813 2908 2152 2961 lllahometus
2188 2904 2330 2957 forte

762 2998 1047 3068 cujusdam
1084 3000 1269 3053 Mariae
1310 3014 1497 3053 amore
1540 3000 1854 3059 tenebatur,
1902 3013 2023 3065 qum
2070 2995 2331 3051 Jacobitis

762 3089 1157 3156 appellabatur,
1178 3105 1341 3156 quam
1359 3091 1407 3144 ei
1428 3091 1652 3145 donavit
1674 3090 2041 3150 Machobzeus,
2060 3086 2331 3141 Jacobita-

766 3194 886 3232 rum
920 3195 1035 3234 rex.
1072 3181 1199 3234 Dua:
1228 3193 1410 3235 autem
1444 3198 1510 3235 ex
1544 3181 1814 3235 uxoribus
1841 3179 2161 3242 Mabometi,
2198 3192 2332 3244 qua-

768 3286 887 3324 rum
915 3271 1083 3324 altera
1117 3272 1339 3339 quidem
1377 3273 1668 3325 dicebatur
1702 3273 1883 3334 Aicse,
1927 3270 2035 3323 ﬁlia
2080 3269 2334 3335 Empipcp
2358 3251 2404 3310 Ο

768 3379 883 3426 cer,
916 3364 1149 3417 aliarum
1196 3364 1535 3418 nobilissima
1558 3406 1572 3429 ,
1610 3365 1780 3417 altera
1812 3374 1993 3415 autem
2032 3363 2192 3423 Aasa,
2225 3358 2332 3411 lilia

767 3454 955 3521 Omar,
986 3456 1350 3510 movebantur
1376 3456 1642 3525 zelotypia
1680 3457 1735 3510 in
1768 3455 2012 3508 Matium.
2048 3452 2179 3518 Qua:
2201 3466 2335 3519 quo-

770 3549 895 3602 dam
934 3549 1024 3604 die
1075 3548 1141 3602 ad
1174 3564 1299 3603 eum
1334 3548 1643 3611 venientes,
1676 3547 2012 3601 invenerunt
2041 3544 2218 3613 ipsum
2258 3540 2334 3594 si-

773 3641 885 3695 mul
933 3641 1301 3695 dormientem
1350 3656 1476 3694 cum
1533 3639 1722 3699 Maria,
1761 3648 1817 3692 et
1868 3639 2125 3692 dixerunt
2175 3653 2189 3687 :
2244 3633 2337 3688 Sic

772 3741 991 3801 oportet
1033 3733 1213 3787 facere
1258 3731 1622 3803 prophetam?
1652 3730 1751 3795 Qui
1793 3729 2214 3791 verecundatus,
2244 3726 2336 3796 ju-

774 3824 913 3878 ravit
961 3839 1239 3893 nunquam
1293 3825 1520 3892 posthac
1577 3837 1636 3876 se
1690 3821 2040 3889 cogniturum
2089 3819 2334 3873 Mariam.

772 3916 970 3984 Sicque
995 3916 1214 3984 placata:
1247 3923 1376 3969 sunt
1408 3914 1471 3967 ad
1500 3912 1903 3982 jusjurandum
1944 3913 2085 3967 Pan"
2112 3934 2119 3961 ξ
2170 3922 2333 3967 ηυιεῐῐι

773 4018 900 4076 post
926 4015 1170 4074 tempore
1193 4005 1399 4073 elapso,
1426 4020 1531 4058 non
1560 4004 1736 4072 potuit
1764 4003 2004 4071 seipsum
2029 4005 2334 4076 continere.

772 4101 955 4166 Quare
990 4108 1047 4152 et
1087 4098 1259 4165 legem
1305 4096 1429 4149 tulit
1475 4106 1733 4164 tanquam
1778 4111 1843 4150 ex
1882 4110 1977 4149 ore
2007 4095 2126 4159 Dei,
2160 4095 2251 4164 qui
2284 4095 2335 4149 ei

774 4187 1059 4250 revelavit,
1092 4196 1148 4238 ct
1179 4183 1512 4237 sententiam
1547 4184 1735 4236 intulit
1763 4185 1819 4236 in
1850 4184 2118 4238 Alcorauo
2149 4185 2202 4238 in
2243 4198 2337 4238 ca-

779 4279 953 4348 pitulo
983 4277 1367 4336 Elmetearem,
1390 4275 1535 4343 quod
1573 4276 1966 4343 interpretatur
1993 4278 2217 4337 vacatio,
2250 4274 2337 4329 vel

776 4370 1098 4430 anathema;
1128 4367 1219 4421 ubi
1255 4366 1388 4419 dicit
1431 4381 1445 4416 :
1493 4365 1537 4419 Ο
1585 4367 1868 4435 propheta,
1905 4368 2033 4435 quid
2079 4365 2337 4435 prohibes

776 4459 923 4528 quod
959 4457 1057 4511 tibi
1097 4458 1365 4511 concessit
1406 4456 1588 4511 Deus?
1635 4456 1938 4511 Gratiﬁcari
1983 4458 2182 4526 quaeris
2224 4456 2337 4510 tuis

783 4551 1085 4616 uxoribus;
1114 4553 1222 4620 jam
1249 4552 1348 4605 tibi
1382 4553 1552 4620 legem
1589 4550 1715 4603 tulit
1743 4552 1907 4613 Deus,
1936 4561 1993 4605 ut
2022 4552 2211 4605 liceret
2237 4549 2333 4604 tibi

776 4641 987 4694 solvere
1015 4650 1106 4695 tua
1138 4642 1469 4711 juramenta.
1513 4640 1601 4694 Sic
1629 4643 1896 4709 pejerans,
1928 4643 2182 4710 cognovit
2214 4657 2337 4693 rur-

779 4748 874 4785 sus
905 4748 1049 4792 cam,
1104 4733 1295 4786 dicens
1345 4733 1573 4787 solvisse
1618 4733 2000 4801 jusjurandum
2049 4734 2098 4786 ei
2144 4733 2335 4794 Deum,

782 4823 1114 4876 testantibus
1160 4837 1326 4890 super
1381 4824 1483 4875 hoc
1536 4823 1798 4875 lllicbaelc
1852 4833 1908 4875 ct
1963 4823 2236 4876 Gabriclc.
2271 4822 2338 4874 Et

778 4912 918 4965 dixit
953 4913 1002 4966 ci
1037 4928 1140 4965 una
1174 4928 1241 4966 ex
1273 4914 1532 4965 uxoribus
1556 4915 1673 4982 ejus
1702 4930 1714 4966 :
1750 4913 1793 4966 Ο
1826 4911 2146 4976 Mahomete,
2181 4914 2338 4966 valde

779 5003 989 5057 studuit
1023 5004 1164 5058 Deus
1204 5010 1254 5056 in
1305 5015 1394 5057 tua
1429 5004 1893 5071 concupiscentia.
1929 5006 2110 5059 Voluit
2156 5016 2337 5060 autem

782 5102 1005 5160 propter
1036 5094 1140 5149 hoc
1180 5096 1364 5148 dicere
1404 5113 1415 5147 :
1454 5096 1614 5148 Forte
1650 5096 1789 5149 Deus
1827 5097 1921 5150 tibi
1957 5098 2221 5151 :emulans
2282 5105 2341 5149 ut

781 5184 971 5252 iniquo
1026 5196 1203 5238 tecum
1259 5186 1691 5239 communicaret.
1748 5202 1931 5255 opere.
1989 5189 2053 5241 Et
2088 5189 2338 5243 addidit,

782 5276 1043 5343 Nunquid
1074 5277 1216 5330 Deus
1253 5278 1366 5344 ipse
1401 5278 1493 5329 tibi
1535 5278 1635 5329 hoc
1667 5278 1843 5330 facere
1877 5278 2174 5341 mandavit,
2207 5294 2342 5340 quo-

781 5370 926 5423 niam
963 5382 1018 5423 tu
1056 5372 1159 5423 hoc
1196 5385 1379 5437 peros
1414 5371 1670 5422 testaris?
1702 5369 1838 5422 forte
1874 5371 2017 5424 Deus
2044 5370 2338 5439 gratiﬁcari

784 5463 881 5515 tibi
931 5464 1146 5530 qumrit,
1206 5472 1263 5515 ct
1318 5462 1757 5529 appropinquare
1806 5464 1923 5515 tibi.
1981 5462 2096 5530 Ipse
2157 5474 2336 5517 autem

784 5554 1001 5607 duabus
1030 5553 1298 5606 uxoribus
1327 5560 1498 5605 totum
1528 5552 1660 5620 legit
1700 5553 1844 5619 quod
1883 5554 2131 5621 sequitur
2161 5554 2215 5607 in
2247 5572 2341 5610 ca-

786 5645 958 5709 pitulo
1015 5644 1339 5700 Vetatiouis.
1394 5652 1449 5695 ct
1499 5642 1637 5695 dixit
1688 5652 1943 5711 lanquatn
1990 5661 2055 5697 ex
2110 5662 2341 5713 persona

788 5735 881 5787 Dei
919 5750 932 5787 :
974 5734 1239 5786 Pteniteat
1280 5748 1374 5783 ros
1407 5750 1590 5788 eorum
1637 5734 1767 5798 Deo,
1805 5736 2059 5803 quoniam
2094 5737 2338 5793 deditur

861 5849 901 5878 η
930 5848 973 5901 ιι
1002 5850 1129 5919 Reg.
1163 5866 1256 5913 xu,
1299 5850 1378 5902 ιδ.

2434 2015 2494 2067 '0
2528 2016 2623 2081 μὲν
2655 2013 2763 2081 γὰρ
2798 2012 2963 2065 Δαὸὶδ
2994 2012 3085 2063 καὶ
3116 2012 3142 2061 ὁ
3178 2010 3415 2076 Μωῦσῆς
3448 2009 3701 2076 μετανοίᾳ
3732 2010 3831 2075 τὴν
3864 2008 3997 2058 ἑαυο

2425 2104 2533 2157 τῶν
2564 2102 2835 2172 ἁμαρτίαν
2867 2099 3239 2171 διωρθώσαντο
3261 2115 3274 2128 ·
3303 2099 3396 2151 καὶ
3432 2098 3585 2151 τοῦτο
3618 2098 3764 2149 ἐστιν
3789 2098 3998 2164 εὑρεῖν.

2437 2200 2496 2251 Ὀ
2530 2199 2637 2267 γὰρ
2662 2197 2823 2250 Δαὸὶδ
2856 2196 3131 2264 ἐξήγγειλε
3158 2197 3255 2263 τὴν
3287 2194 3477 2246 ἑαυτοῦ
3514 2194 3807 2261 ἁμαρτίαν,
3847 2194 3999 2259 ἰσχν-

2433 2290 2538 2357 ρῶς
2581 2306 2641 2341 τε
2685 2291 3061 2357 ἐτιμωρήσατο
3106 2286 3327 2338 ἑαυτόν·
3378 2284 3496 2336 ὅθεν
3529 2284 3619 2335 καὶ
3664 2282 3995 2348 συγγνώμτς

2429 2380 2675 2449 ἠξίωται.
2710 2379 2872 2430 Ὅθεν
2903 2378 3038 2446 μετὰ
3066 2377 3126 2428 τὸ
3148 2378 3340 2436 εἰπεῖν,
3385 2393 3403 2425 ι
3440 2375 3745 2442 Ἵιμαρτον,
3786 2392 3804 2422 ι
3837 2369 3999 2422 εἶπεν

2430 2470 2575 2538 αὖτῷ
2613 2472 2639 2521 ὁ
2679 2468 2867 2521 Νάθαν
2918 2469 3023 2519 ἀπὸ
3074 2469 3337 2534 στόματος
3382 2465 3472 2516 τοῦ
3507 2464 3664 2525 Θ;οῦ,
3717 2484 3731 2503 ί
3792 2462 3999 2529 Κύρινς

2430 2560 2683 2626 ἀφείλετο
2718 2558 2777 2608 τὺ
2818 2556 3123 2625 ἁμάρτημά
3153 2573 3267 2606 σου.
3313 2574 3329 2603 ι
3379 2555 3509 2620 Περὶ
3541 2554 3595 2605 δέ
3627 2552 3719 2604 τοῦ
3748 2551 3998 2619 Μωάμεο

2430 2650 2681 2717 οὐδαμῶς
2712 2649 2959 2717 εὓρηται,
2992 2647 3067 2709 ὼς
3101 2647 3132 2714 ἢ
3162 2646 3257 2714 τὴν
3291 2646 3481 2697 ἑαυτοῦ
3516 2644 3790 2713 ἁμαρτίαν
3820 2644 4002 2710 civi}:-

2430 2741 2627 2805 γειλεν,
2664 2740 2694 2808 ἢ
2721 2756 2782 2806 με
2798 2738 3041 2806 εενόησεν
3069 2752 3080 2764 '
3119 2736 3317 2802 μᾶλλον
3348 2736 3443 2803 μὲν
3473 2732 3565 2786 οὖν
3594 2733 3901 2802 προσέθηκε
3932 2735 4003 2800 τῇ

2431 2831 2676 2898 ἁμαρτίᾳ
2701 2836 2793 2881 καὶ
2816 2827 3183 2896 βλασφημίαν,
3204 2827 3501 2895 παρανόμῳ
3524 2826 3671 2892 νόμῳ
3690 2824 4005 2892 βεϐαιώσας

2431 2921 2622 2988 αὐτὴν.
2668 2921 2754 2981 Ὠς
2792 2920 2901 2989 γὰρ
2926 2921 3126 2972 ἆπασιν
3157 2918 3421 2985 ἔγνωσται
3456 2918 3565 2978 τοῖς
3598 2917 4005 2986 Σαρῤακηνοῖς,

2430 3018 2457 3068 ὁ
2499 3013 2740 3083 Μωάμεθ
2788 3014 2895 3081 ἦρα
2924 3012 3061 3071 τινος
3101 3011 3316 3079 Μαρίας
3348 3009 3753 3078 ὀνομαζομένης
3813 3008 4009 3059 Ἰακω-

2432 3105 2654 3170 σίτιδος,
2688 3105 2753 3174 ἦν
2795 3104 3081 3173 ἐχαρίσατο
3111 3102 3285 3170 τούτῳ
3321 3103 3348 3153 ὁ
3386 3102 3492 3153 τῶν
3533 3097 3860 3151 Ίακωόιτῶν
3910 3098 4009 3165 βα-

2434 3200 2613 3259 σιλεὺς
2635 3198 2958 3256 Μακωαῖος.
2987 3195 3087 3246 Δύο
3116 3196 3172 3247 δὲ
3201 3196 3263 3245 ἐκ
3285 3191 3392 3244 τῶν
3420 3190 3514 3244 τοῦ
3540 3190 3789 3258 Μωὰμεθ
3815 3207 4011 3256 γυναι-

2434 3291 2566 3354 κῶν,
2613 3283 2688 3341 ὧν
2738 3287 2907 3355 ἀτέρα
2941 3286 3037 3354 μὲν
3089 3285 3304 3350 ἐλέγετο
3350 3283 3557 3341 Ἀνεσὲ.
3619 3282 3871 3349 θυγάτηρ
3912 3281 4010 3333 τοῦ

2445 3380 2807 3449 Ἐμπιπεκὲρ,
2858 3376 3220 3443 εὐγενεστάτη
3264 3374 3370 3426 τῶν
3419 3374 3613 3434 ἄλλων,
3657 3375 3689 3441 ή
3734 3372 3796 3423 δὲ
3842 3372 4011 3441 λοιπὴ

2446 3471 2634 3536 Ἀασὰ,
2675 3469 2921 3537 θυγάτηρ
2972 3467 3167 3535 Ὸμὰρ,
3210 3464 3482 3517 ἐκινοῦντο
3525 3462 3832 3531 ζηλοτυπίᾳ
3868 3462 4011 3529 πρὸς

2431 3564 2531 3634 τὴν
2560 3562 2801 3631 Μαρίαν.
2835 3560 2897 3611 Λῖ
2926 3560 3105 3628 ἡμέρᾳ
3139 3559 3243 3608 τινὶ
3274 3558 3408 3624 προς
3443 3555 3605 3606 αὑτὸν
3634 3552 4011 3614 εἰσελθοῦσαι,

2435 3647 2595 3723 εὗρον
2623 3652 2786 3703 αὑτὸν
2833 3646 3272 3715 συγκαθεύδοντα
3302 3648 3367 3715 τῇ
3413 3644 3619 3713 Μαρίᾳ,
3667 3643 3765 3694 καὶ
3812 3639 4011 3693 εἷπονο

2436 3744 2593 3797 υῦτω
2630 3743 2709 3795 δεῖ
2738 3744 2913 3793 ποιεῖν
2942 3740 3032 3791 τὸν
3060 3738 3380 3806 προφήτην;
3414 3734 3524 3788 Καὶ
3557 3736 3613 3796 ὃς
3661 3732 4014 3802 αἰσχυνθεὶς,

2436 3836 2616 3905 ὤμοσε
2652 3834 2922 3904 μηδέποτε
2972 3830 3065 3884 τοῦ
3096 3828 3282 3882 λοιποῦ
3312 3827 3613 3894 γνώσεσθαι
3639 3826 3741 3893 τὴν
3763 3826 4017 3894 Μαρίαν.

2435 3925 2546 3979 Καὶ
2567 3924 2763 3994 ἦρεσεν
2788 3925 2815 3976 ὁ
2841 3924 3000 3991 ὅρκος
3026 3921 3234 3982 αὑταῖς.
3274 3918 3487 3986 Ὀλίγον
3510 3916 3565 3969 δὲ
3587 3916 4019 3986 παραρρυέντος

2435 4016 2649 4086 χρόνου,
2680 4014 2776 4083 οὐχ
2803 4007 2910 4073 ο⁷ὀς
2935 4029 2993 4064 τε
3020 4010 3204 4077 ἐγένατ
3272 4011 3334 4061 ὲα
3372 4010 3462 4061 τὸν
3486 4009 3555 4060 ἐπ
3582 4008 3754 4075 σχεῖν.
3791 4006 3887 4058 Διδ
3916 4006 4012 4058 καὶ

2437 4107 2600 4177 νόμον
2632 4105 2846 4174 ἔθηκεν,
2878 4104 3065 4173 ὥσπερ
3088 4105 3150 4156 ἐκ
3176 4102 3439 4165 στόματος
3461 4098 3594 4152 Θεοῦ
3616 4097 4020 4167 ἀποκαλύψαι).

2437 4214 2527 4259 τος
2558 4195 2731 4263 αὐτῷ,
2755 4195 2847 4247 καὶ
2869 4194 3049 4261 ψῆφον
3082 4192 3373 4261 ἐξήνεγκεν
3410 4190 3465 4241 ἐν
3488 4188 3565 4257 τῷ
3583 4187 3931 4258 Ἀλκοράνῳ,
3964 4188 4022 4241 ἐν

2436 4288 2513 4356 τῷ
2534 4285 2816 4355 κεφαλαίῳ
2837 4285 2914 4353 τῷ
2940 4280 3378 4351 Ἐλμετεαρὲμηό
3399 4280 3765 4349 ἑρμηνεύεται
3790 4279 4019 4347 ἐποχή,

2436 4378 2469 4445 ἢ
2503 4377 2792 4444 ἀνάθεμα.
2830 4375 2999 4427 Ἔνθα
3031 4374 3194 4441 φησιν
3215 4388 3230 4402 ·
3260 4368 3333 4423 Ὦ
3364 4371 3642 4439 προφῆτα,
3668 4371 3727 4422 τί
3750 4372 4019 4433 κωλύεις,

2438 4468 2465 4520 ὃ
2506 4483 2586 4519 σοι
2628 4464 3003 4535 συνεχώρησεν
3038 4464 3065 4514 ὁ
3096 4464 3227 4524 Θεός
3256 4478 3271 4523 ;
3306 4461 3639 4526 Χαρίζεσθαι
3675 4461 3867 4529 ζητεῖς
3900 4464 4021 4523 ταῖς

2442 4560 2559 4620 σαῖς
2606 4557 2877 4622 γυναιξῐν;
2936 4555 3027 4624 ἤδη
3064 4570 3145 4605 σοι
3189 4554 3353 4622 νόμον
3428 4551 3591 4620 θηκεν
3621 4553 3648 4603 ὁ
3684 4552 3850 4617 Θεὸς,
3889 4552 4020 4607 ὥστ’

2437 4647 2638 4712 ἐξεῖναί
2667 4664 2746 4699 σοι
2774 4646 2931 4697 λῦσαι
2960 4647 3085 4701 τοὺς
3115 4644 3239 4706 σοὺς
3263 4645 3479 4711 ὅρκους.
3520 4640 3712 4704 Οὕτως
3745 4644 4019 4713 ἐπιορκή-

2438 4758 2534 4804 σας
2592 4740 2733 4807 ἔγνω
2763 4739 2924 4792 πάλιν
2946 4738 3133 4807 αὐτὴν,
3165 4736 3334 4788 εἰπὼν
3360 4736 3517 4788 λῦσαι
3551 4736 3640 4787 τὸν
3669 4737 3846 4805 ὅρκον
3873 4738 4021 4806 αὐτῷ

2436 4834 2525 4885 τὸν
2557 4833 2711 4895 Θεὸν,
2752 4829 3169 4900 μαρτυρούντων
3202 4829 3293 4879 ἐπὶ
3321 4827 3475 4879 τοῦτο
3518 4826 3746 4895 Μιχαὴλ
3781 4829 3887 4881 καὶ
3920 4829 4023 4880 1‘1-

2439 4924 2616 4993 ϐριήλ.
2652 4924 2761 4975 Καὶ
2787 4919 2936 4973 εἶπεν
2956 4918 3100 4985 αὐτῷ
3133 4919 3229 4986 μία
3258 4917 3367 4969 τῶν
3396 4914 3561 4969 αὑτοῦ
3599 4918 3895 4982 γυναικῶν
3919 4934 3934 4949 -
3964 4919 4022 4968 Ὠ

2438 5010 2707 5080 Μωάμεθ,
2742 5009 2861 5060 λίαν
2897 5006 3226 5059 ἐσπούδασεν
3264 5006 3291 5056 ὁ
3329 5004 3458 5063 Θεὸς
3489 5003 3578 5053 ἐπὶ
3606 5004 3674 5069 τῇ
3716 5004 3785 5069 σῇ
3826 5003 4018 5055 ἐπιθυ-

2442 5104 2558 5172 μία.
2610 5101 2859 5168 Ἐθέλησε
2897 5100 2951 5151 δὲ
2987 5099 3071 5150 διὰ
3092 5096 3277 5148 τούτου
3307 5096 3513 5147 εἰπεῖν·
3558 5095 3728 5155 Ἴσως
3773 5094 3807 5144 6
3862 5094 4013 5155 Θεὸς,

2444 5211 2525 5246 σοι
2558 5192 2757 5259 ζηλῶν,
2783 5190 2979 5257 ἀνοσίῳ
3000 5188 3323 5240 κεκο’νωκεν
3346 5186 3508 5253 ἔργῳ.
3534 5184 3646 5235 Καὶ
3674 5186 4019 5253 προσέθηκε,

2436 5286 2526 5354 ΜΞ]
2556 5282 2718 5345 αὐτὸς
2746 5283 2773 5333 ὁ
2799 5281 2929 5342 Θεὸς
2956 5296 3035 5331 σοι
3064 5277 3221 5332 τοῦτο
3254 5294 3471 5343 ποιησαι
3515 5275 3855 5342 ἐνετείλατο,
3899 5277 4019 5327 ἐπεὶ

2440 5377 2502 5428 σὺ
2522 5375 2677 5426 τοῦτο
2701 5374 2728 5424 δ
2758 5374 2788 5423 ἁ
2818 5374 3080 5437 στόματος
3106 5372 3432 5438 μαρτυρεῐ;;
3460 5368 3619 5427 Ἴσως
3648 5367 3679 5418 ὁ
3702 5366 3845 5429 Θεὸς
3864 5368 4022 5435 καρῖ-

2449 5466 2643 5521 σασθαί
2679 5482 2760 5516 σοι
2786 5463 2938 5533 ζητεῖ
2961 5464 3045 5515 διὰ
3065 5462 3287 5525 τούτοιί,
3317 5461 3412 5514 καὶ
3440 5459 3747 5527 πλησιάσαι
3782 5478 3891 5514 σοι.
3924 5462 4023 5511 Αὑ-

2447 5560 2537 5621 «ac
2572 5560 2629 5611 δὲ
2665 5562 2783 5620 ταῖς
2821 5559 2939 5609 δυσὶ
2992 5556 3233 5623 γυναιξὶν
3266 5554 3381 5606 ὃ).ον
3412 5552 3625 5618 ἀνέγνω
3652 5554 3719 5606 τὸ
3754 5555 4020 5625 ἐπέμενον

2449 5651 2506 5701 ἐν
2532 5650 2607 5719 τῷ
2634 5649 2913 5717 κεφαλαίῳ
2938 5649 3032 5714 τῆς
3077 5648 3297 5714 ἐποχῆς,
3330 5646 3440 5697 καὶ.
3459 5641 3614 5695 εἶπεν
3644 5644 3724 5706 ὡς
3757 5647 3823 5697 ἐκ
3860 5662 4023 5714 προσ-

2448 5741 2597 5794 ώπου
2631 5742 2723 5794 τοῦ
2759 5741 2912 5808 Θεοῦ,
2944 5738 3325 5809 Μπανοήσατε
3358 5737 3586 5791 ἐνώπιον
3616 5736 3715 5789 τοῦ
3747 5738 3912 5806 Θεοῦ,
3945 5738 4023 5792 ὅτι
