4198 6440
223 452 361 518 1077

1418 464 1714 523 CONTRA
1757 466 2263 530 MAHUMETEU.

3323 466 3460 533 1078

218 569 501 631 ἐξέκλιναν
539 570 594 623 αἱ
625 571 841 639 καρδίαι
871 572 1045 643 ὑμῶν,
1084 574 1210 643 περὶ
1236 574 1331 642 τῆς
1354 577 1686 646 κατηγορίας
1707 576 1791 628 λέ-

1902 589 2094 634 verunt
2126 581 2289 633 corda
2328 590 2508 635 vestra
2539 600 2551 645 ;
2605 582 2671 635 dc
2723 584 3068 636 accusatione
3105 583 3316 645 dicens,
3354 601 3462 653 qua

215 676 353 727 γων,
394 655 461 731 ἦς
492 661 876 732 κατηγόρησαν
909 662 1073 715 αὑτοῦ
1117 664 1209 716 ἐπὶ
1249 664 1327 732 τῷ
1359 665 1581 735 ἀθέσμῳ
1614 667 1795 736 γάμῳ.

216 750 451 804 Ἐπεταί
491 768 550 804 τε
594 754 829 823 ἐφεξῆς·
865 756 925 807 Εἰ
965 756 1108 823 ὑμᾶς
1161 756 1434 819 ἐκϐάλλει,
1469 757 1625 811 δώσω
1651 758 1799 827 αὐτῷ

213 842 335 893 ἀνθ’
359 842 511 910 ὑμῶν
538 843 774 912 βελτίους
802 845 957 913 ὑμῶν
985 847 1365 916 Σαρρακηνας,
1391 848 1614 911 πιστάς,
1636 850 1799 901 πλου-

215 934 361 999 σίας,
397 936 781 1003 μετανοούσας,
803 938 1233 1005 προσκυνοῦσας,
1267 940 1547 1004 αίνούσας,
1575 942 1799 1012 εὐκινή-

210 1039 359 1086 τους,
387 1026 482 1076 καὶ
507 1026 834 1093 παρθένους.
862 1029 927 1080 Ὃ
958 1028 1260 1082 ἀκούσασαι
1289 1025 1463 1091 εἷπον,
1493 1031 1798 1083 Μετανοοῦ-

213 1130 344 1179 μεν.
368 1114 440 1167 Τὸ
470 1113 519 1168 δ’
542 1117 729 1183 ὅμοιον
759 1118 1079 1187 πεποίηκεν,
1114 1120 1201 1171 ὅτε
1236 1119 1394 1172 ἔλαϐε
1433 1121 1533 1191 τὴν
1562 1123 1797 1188 γυναῖκα

213 1203 345 1258 Ζεῖθ
391 1206 487 1257 τοῦ
518 1208 765 1275 τροφέως
807 1209 991 1263 αὑτοῦ.
1026 1207 1160 1262 Εἷπε
1201 1210 1257 1263 δὲ
1299 1212 1393 1262 ἐπὶ
1430 1210 1589 1265 τοῦτο
1617 1214 1795 1282 ψῆφον

211 1294 274 1346 ὲν
321 1294 399 1361 τῷ
440 1296 721 1367 κεφαλαίῳ
759 1298 854 1351 τοῦ
912 1300 1156 1364 Ἐλαζὲϐ,
1204 1301 1286 1354 ὃτι
1332 1305 1361 1354 6
1402 1303 1533 1365 Θεὸς
1575 1304 1797 1373 εἴρηκεν

211 1387 368 1455 αὐτῷ
401 1402 415 1417 ·
443 1389 516 1440 Σὺ
554 1389 734 1459 ζηλοῖς
767 1390 824 1444 ὲν
856 1393 922 1460 τῇ
959 1391 1103 1461 ψυχῇ
1138 1409 1254 1458 σου,
1295 1394 1377 1446 ὅτι
1407 1395 1435 1446 6
1462 1394 1592 1457 Θεὸς
1627 1395 1797 1464 δημο-

214 1476 411 1539 σιεύει,
455 1481 551 1552 καὶ
587 1482 793 1552 δειλιᾷς
841 1484 965 1545 τοὺς
1003 1484 1345 1553 ἀνθρώπους.
1384 1486 1543 1538 Ἀλλὰ
1590 1487 1798 1538 δίκαιόν

211 1569 335 1620 ἑστι
367 1571 567 1637 μᾶλλον
585 1572 675 1624 τὸν
692 1573 824 1625 Θεὸν
853 1575 1170 1630 δεδοικέναι.
1209 1577 1338 1628 Ὅτε
1367 1579 1475 1646 γάρ
1505 1577 1796 1644 έφαύλισεν

208 1666 237 1716 6
261 1664 409 1730 Ζεῒθ,
446 1665 781 1736 ἑξεδώκαμέν
817 1686 898 1721 σοι
925 1669 1151 1740 ταύτην,
1181 1665 1225 1724 ὦ
1246 1671 1563 1739 Μαχούμετ.
1583 1666 1715 1721 Εἷπε
1740 1670 1794 1722 δὲ

208 1755 364 1823 αὐτῷ
391 1757 419 1807 6
446 1756 591 1821 Ζεῖθ,
618 1760 706 1826 Μὴ
727 1760 932 1827 ταύτην
965 1761 1196 1827 ἠγάγου,
1222 1760 1486 1813 ἀπόστολε
1504 1758 1597 1811 τοῦ
1621 1758 1754 1811 Θεοῦ
1777 1778 1790 1825 ;

214 1846 332 1899 Καὶ
359 1846 657 1917 ἀπεκρίθη,
688 1849 827 1902 Οὐαί
861 1868 963 1913 σοι,
985 1854 1012 1901 6
1040 1852 1170 1914 Θεός
1205 1867 1294 1920 μοι
1324 1852 1531 1920 ταύτην
1564 1852 1792 1905 ὲκδέδω-

208 1954 331 1988 κεν.
370 1938 534 2001 Ἧτις
568 1940 706 2007 μετά
753 1941 943 2006 ταῦτα,
977 1947 1104 2010 περὶ
1143 1944 1341 2012 ἑαυτῆς
1373 1945 1529 1996 τοῦτο
1570 1944 1793 1997 διετέλει

210 2028 544 2098 θρυλλοῦσα,
574 2032 646 2092 ὡς
673 2033 701 2083 6
734 2031 864 2093 Θεὸς
889 2032 1093 2103 ταύτην
1123 2034 1198 2104 τῷ
1220 2037 1475 2107 προφήτῃ
1506 2035 1793 2089 ἐξέδωκεν.

221 2121 358 2175 Ἰδοὺ
382 2122 468 2174 διά
488 2123 586 2191 τῆς
614 2124 860 2192 μείζονος
880 2127 978 2193 τὴν
1008 2126 1213 2181 ἐλάττω
1240 2128 1594 2180 συνεσκίασεν
1617 2128 1795 2195 ἁμαρ-

207 2213 352 2273 τίαν,
384 2215 493 2265 Kal
520 2216 629 2284 γὰρ
660 2216 816 2279 αὐτὸς
847 2219 875 2269 6
904 2218 1147 2284 Μωάμεθ
1177 2219 1341 2286 φησίν
1370 2236 1382 2248 ·
1415 2218 1650 2287 οὐδεμία
1676 2217 1795 2286 μεί-

208 2300 328 2362 ζων
373 2302 616 2371 ἁμαρτία
646 2304 817 2369 ἐστὶν,
854 2306 885 2375 ἢ
930 2306 1007 2375 τῷ
1037 2308 1155 2377 Θεῷ
1194 2309 1388 2376 ψεῦδος
1437 2310 1793 2379 προσάπτειν.

211 2391 339 2443 Ἔτι
367 2391 516 2445 οὐδέν
544 2395 690 2446 ἐστιν
710 2394 879 2458 οὕτως
908 2397 1180 2467 ἀφόρητον
1203 2399 1259 2450 ὲν
1287 2400 1591 2468 προφήταις
1618 2399 1796 2466 ἀμάρ-

206 2497 279 2550 τη
289 2499 387 2550 μα,
406 2483 479 2546 ῶς
501 2484 763 2556 ἀκολασίᾳ
789 2489 882 2539 καὶ
907 2489 1215 2560 ἀκαθαρσίᾳ
1238 2492 1496 2555 συνεῖναι,
1527 2489 1617 2542 τοῦ
1633 2491 1793 2555 ἁγίου

211 2576 532 2645 Πνεύματος
573 2578 646 2649 μὴ
679 2581 989 2651 ἁπτομένου
1025 2584 1135 2636 τῶν
1167 2586 1523 2655 προφητικῶν
1555 2585 1796 2655 καρδιῶν

209 2669 271 2720 ἐν
296 2671 417 2732 ταῖς
444 2671 679 2740 πράξεσι
713 2673 821 2726 τῶν
850 2676 1200 2745 ἀφροδισίων,
1235 2676 1310 2740 ῶς
1343 2696 1507 2746 φησιν
1544 2677 1796 2745 Ἱερώνυ-

214 2779 340 2831 μος.
376 2764 485 2815 Kal
505 2767 532 2817 6
569 2766 856 2835 φιλόσοφος
885 2768 941 2821 δέ
970 2786 1157 2837 φησιν,
1180 2770 1253 2832 ὡς
1284 2772 1339 2822 ὲν
1366 2774 1483 2833 ταῖς
1515 2772 1795 2833 τοιαύταις

206 2854 519 2923 ἐνεργείαις
548 2856 807 2911 ἀδύνατόν
838 2860 986 2912 ἐστιν
1007 2861 1096 2912 τὸν
1126 2861 1414 2931 ἄνθρωπον
1445 2864 1605 2915 νοεῖν.
1637 2862 1796 2916 Ἔστι

207 2948 395 3001 τοίνυν
414 2950 695 3011 παντελῶς
729 2950 921 3019 ἄλογον
943 2950 1085 3005 οὕτω
1103 2953 1477 3022 σωτηριώδους
1509 2954 1672 3022 νόμου
1700 2953 1797 3021 (ὡς

208 3040 369 3093 αὐτοί
388 3040 539 3107 φασι)
564 3042 813 3095 διάκονον
837 3044 929 3095 καὶ
951 3045 1236 3114 προφήτην
1261 3044 1675 3115 σαρκικώτατον
1702 3046 1797 3098 καὶ

207 3132 524 3203 ἀκάθαρτον
560 3134 847 3203 ἄνθρωπον
876 3130 1035 3200 εἶναι,
1079 3136 1164 3204 ἐφ’
1216 3132 1261 3204 ᾧ
1317 3138 1410 3188 καὶ
1447 3137 1610 3199 αὐτὸς
1670 3137 1798 3206 περὶ

210 3223 410 3276 ἑαυτοῦ
439 3226 782 3294 σεμνύνεται,
816 3226 1084 3295 τοσαύτην
1116 3221 1254 3279 εἶναι
1278 3226 1450 3294 λέγων
1478 3227 1537 3277 ὲν
1566 3224 1713 3294 αὑτῷ
1734 3228 1791 3277 ἐν
1825 3255 1867 3313 C

207 3314 294 3384 τῷ
344 3316 477 3386 δρᾷν
514 3318 689 3387 ἰσχὺν,
721 3320 811 3370 καλ
854 3318 1176 3387 περιουσίαν
1219 3316 1536 3381 ἀκολασίας,
1574 3319 1705 3382 ὅσην
1734 3319 1792 3370 ὲν

211 3409 637 3477 τεσσαράκοντα
685 3410 994 3480 ἀνθρώποις
1019 3426 1034 3441 ⁸
1071 3412 1118 3464 εί
1153 3410 1247 3464 καὶ
1274 3412 1301 3463 6
1334 3409 1465 3471 Θεὸς
1497 3409 1793 3479 έστέρησεν

207 3498 406 3551 τοῦτον
439 3500 642 3553 παίδων
672 3502 835 3571 γονῆς
854 3515 868 3531 ·
895 3501 1163 3572 μίανγάρ
1195 3502 1367 3571 μόνην
1395 3502 1685 3570 ἐσχηκέναι
1715 3501 1800 3552 λέ-

208 3606 373 3657 γεται
402 3589 695 3660 θυγατέρα.
730 3593 958 3660 ’Δλογος
987 3594 1096 3662 γάρ
1126 3595 1153 3646 6
1202 3594 1364 3661 νόμος
1397 3586 1549 3654 οὗτος
1576 3590 1663 3643 διὰ
1707 3589 1797 3643 τὸν

210 3680 535 3752 νομοθέτην,
564 3682 723 3735 τοῦτο
753 3684 850 3751 μὲν
886 3683 961 3747 ὡς
992 3683 1205 3735 ἀνόσιον
1232 3684 1327 3734 καὶ
1358 3685 1622 3751 σαρκικὸν
1655 3696 1795 3732 παν-

208 3772 408 3835 τελῶς,
442 3773 599 3826 τοῦτο
631 3773 688 3826 δὲ
735 3775 828 3826 καὶ
854 3774 930 3837 ὼς
974 3773 1229 3827 τοσοῦτον
1258 3775 1417 3828 ἄνουν
1450 3791 1508 3825 τε
1544 3773 1640 3826 καὶ
1668 3771 1797 3826 ἀδέ-

1900 683 2028 721 eum
2054 680 2451 725 accusaverunt
2503 671 2572 725 de
2623 672 2858 725 incestu.
2905 671 3272 739 Sequiturque
3310 672 3468 725 dein-

1900 776 2031 830 ceps
2064 779 2076 814 :
2115 761 2169 816 Si
2208 763 2346 816 forte
2394 764 2537 816 Deus
2588 778 2685 817 vos
2744 762 3135 830 repudiaverit,
3183 763 3325 816 dabo
3370 778 3470 831 pro

1900 851 2057 905 vobis
2090 854 2141 909 ei
2169 852 2427 906 meliores
2456 852 2611 904 vobis
2649 851 2969 914 Saracenos,
3004 848 3211 910 ﬁdeles,
3241 850 3469 910 divites,

1899 940 2233 1009 pmnitentes
2262 952 2319 997 et
2368 951 2610 1001 orantes,
2664 943 2852 1009 agiles,
2909 951 2963 996 ct
3010 942 3271 1009 virgines.
3310 940 3470 1005 Quod

1900 1030 2205 1095 audientes,
2237 1032 2497 1087 dixerunt
2530 1049 2544 1087 :
2577 1032 2832 1085 Pmnitet.
2869 1032 3136 1085 Similiter
3173 1039 3353 1083 autem
3394 1030 3474 1082 fe-

1897 1122 1995 1189 cit,
2027 1123 2248 1192 quando
2270 1126 2482 1191 accepit
2509 1139 2732 1177 uxorem
2756 1123 2911 1177 Zeith
2944 1123 3148 1175 alumni
3180 1122 3286 1175 sui.
3318 1121 3471 1174 Dixit

1898 1224 2080 1267 autem
2131 1229 2298 1282 super
2347 1214 2453 1269 hoc
2499 1215 2828 1268 sententiam
2878 1214 2931 1266 iu
2981 1212 3218 1279 capitulo
3246 1211 3471 1272 Elazcb,

1900 1306 2048 1373 quod
2075 1306 2221 1360 Deus
2244 1305 2383 1360 dixit
2414 1324 2427 1360 :
2461 1305 2541 1359 Tu
2568 1306 2845 1359 aemularis
2869 1307 2922 1359 in
2959 1289 3148 1359 animo
3176 1313 3289 1364 tuo,
3321 1302 3468 1371 quod

1902 1399 2047 1451 Deus
2096 1398 2365 1466 propalat,
2398 1406 2454 1451 et
2503 1397 2662 1449 times
2712 1396 2985 1458 homines,
3019 1394 3114 1449 sed
3143 1395 3351 1463 justum
3385 1401 3473 1447 est

1901 1489 2073 1555 magis
2129 1489 2319 1541 timere
2373 1488 2561 1541 Deum.
2597 1485 2847 1554 Tumque
2893 1486 3039 1537 enim
3089 1484 3303 1552 respuit
3349 1498 3471 1537 eam

1901 1577 2078 1637 Zeith,
2130 1576 2376 1642 dixitque
2424 1577 2525 1628 ei:
2584 1575 2661 1628 Nc
2717 1574 2888 1628 ducas
2935 1574 3075 1628 hanc
3119 1574 3173 1626 in
3222 1587 3471 1639 uxorem,

1900 1667 2150 1735 apostole
2189 1666 2306 1719 Dei.
2368 1663 2433 1717 Et
2484 1665 2763 1733 respondit
2814 1664 3176 1727 Mabometus,
3216 1665 3307 1718 Vae
3346 1663 3471 1728 tibi,

1901 1757 2048 1813 Deus
2084 1758 2219 1811 mihi
2254 1757 2395 1810 hanc
2423 1756 2594 1811 dedit.
2624 1756 2729 1819 Qui
2761 1765 2883 1823 post
2918 1756 3033 1809 haec
3065 1756 3133 1809 de
3161 1756 3345 1823 seipso
3369 1755 3473 1810 hoc

1900 1849 2201 1918 divulgavit
2232 1848 2445 1912 dicens,
2475 1846 2620 1914 quod
2654 1846 2798 1899 Deus
2822 1845 2963 1899 hanc
2989 1846 3268 1914 prophetae
3298 1845 3471 1900 dedit.

1897 1943 2037 1997 Ecce
2072 1958 2171 2010 per
2207 1942 2378 2010 majus
2439 1939 2621 1993 minus
2661 1948 2951 2006 peccatum
2984 1940 3299 1994 occultavit.
3340 1940 3473 1993 Ete-

1900 2034 2011 2088 nim
2043 2033 2159 2102 ipse
2191 2032 2536 2087 Mahometus
2570 2030 2704 2084 dicit
2740 2049 2753 2085 :
2794 2030 3015 2084 Nullum
3058 2032 3234 2099 majus
3273 2046 3475 2100 pecca-

1899 2135 2015 2181 tum
2050 2133 2155 2188 est,
2192 2139 2355 2193 quam
2412 2122 2524 2176 Deo
2570 2122 2915 2176 mendacium
2974 2122 3283 2191 iniungere.
3337 2122 3472 2176 Item

1897 2219 2109 2271 nullum
2140 2226 2224 2270 est
2254 2216 2335 2270 sic
2376 2216 2521 2269 inter
2562 2214 2859 2285 prOpbelas
2887 2226 3171 2281 peccatum
3207 2214 3473 2267 intolera-

1898 2312 2029 2375 bile,
2063 2309 2209 2364 sicut
2257 2308 2311 2361 in
2363 2306 2789 2376 intemperantia
2825 2314 2880 2359 et
2915 2305 3264 2359 immunditia
3306 2307 3472 2360 simul

1899 2416 2045 2465 esse,
2079 2417 2205 2456 cum
2239 2399 2476 2470 Spiritus
2505 2410 2730 2454 sanctus
2782 2414 2890 2452 non
2936 2407 3121 2467 tangat
3154 2399 3474 2467 prophetica

1900 2494 2070 2547 corda
2102 2495 2156 2547 in
2189 2492 2498 2547 actionibus
2524 2492 2796 2556 venereis,
2833 2500 2891 2544 ut
2914 2490 3047 2544 dicit
3075 2490 3471 2560 Hieronymus:

1898 2596 1953 2640 et
1994 2585 2361 2653 philosophus
2391 2598 2613 2653 quoque
2653 2583 2809 2647 dicit,
2842 2584 2989 2651 quod
3030 2583 3084 2636 in
3127 2582 3332 2636 talibus
3375 2598 3472 2636 ac-

1902 2677 2148 2731 tionibus
2201 2675 2539 2743 impossibile
2591 2683 2674 2728 est
2727 2674 3005 2728 hominem
3041 2674 3339 2743 speculari.
3378 2673 3476 2728 Est

1902 2768 2069 2838 igitur
2096 2766 2340 2835 ,omnino
2384 2766 2785 2828 irrationabile,
2820 2766 2899 2819 sic
2932 2766 3188 2819 salutaris
3223 2765 3361 2835 legis
3390 2764 3476 2833 (ut

1901 2861 2008 2929 ipsi
2057 2858 2266 2926 dicunt)
2325 2858 2639 2911 ministrum
2689 2868 2744 2911 et
2795 2858 3115 2927 prophetam
3156 2857 3474 2911 carnalissi-

1902 2966 2051 3003 mum
2076 2957 2132 3003 et
2160 2948 2508 3003 immundum
2543 2949 2822 3003 hominem
2854 2963 2997 3012 esse,
3030 2949 3083 3002 in
3120 2964 3231 3019 quo
3262 2949 3377 3019 ipse
3404 2949 3475 3003 de

1899 3043 2083 3111 seipso
2114 3040 2415 3110 gloriatur;
2451 3049 2654 3095 tantam
2697 3041 2889 3096 dicens
2937 3042 2993 3095 in
3029 3041 3242 3111 agendo
3272 3041 3382 3095 vim
3416 3050 3475 3094 ct

1901 3132 2234 3187 aﬂluentiam
2258 3130 2721 3201 intemperantia,
2746 3140 3007 3201 quantam
3033 3132 3087 3185 in
3111 3132 3474 3201 quadraginta

1901 3224 2238 3287 hominibus,
2274 3224 2376 3276 etsi
2416 3223 2560 3277 Deus
2615 3223 2855 3291 privavit
2897 3224 3047 3276 hunc
3095 3223 3334 3276 ﬁliorum
3385 3236 3475 3275 so-

1901 3314 2059 3377 bole;
2092 3329 2254 3367 uuam
2277 3313 2425 3366 enim
2450 3312 2619 3366 solam
2644 3313 2901 3367 habuisse
2934 3313 3096 3366 ﬁliam
3130 3314 3355 3369 dicitur.
3388 3312 3471 3367 Ir-

1900 3404 2241 3460 rationabilis
2290 3404 2460 3473 igitur
2503 3403 2590 3456 lex
2643 3404 2758 3458 hare
2806 3414 3031 3473 propter
3080 3404 3472 3471 legislatorcm,

1902 3507 2015 3551 tum
2049 3495 2176 3565 quia
2217 3496 2517 3549 sceleratus
2550 3503 2605 3548 et
2647 3497 2901 3560 carnalis,
2939 3505 3054 3549 tum
3093 3496 3221 3565 quia
3257 3496 3468 3550 inscius

1897 3597 1953 3641 et
1972 3586 2215 3639 incertus
2235 3603 2250 3649 ;
2274 3585 2417 3639 sicut
2443 3594 2497 3639 et
2528 3584 2595 3639 de
2612 3586 2793 3654 seipse
2821 3596 3051 3641 testatur
3076 3586 3130 3640 iu
3150 3586 3421 3641 Alcorano
3443 3626 3459 3650 ,

1902 3678 2118 3732 nescire
2165 3691 2224 3731 se
2277 3675 2409 3745 quid
2457 3676 2565 3730 erit
2613 3677 2662 3730 ei
2717 3678 2801 3730 vel
2856 3678 3165 3743 Saracenis,
3219 3679 3473 3745 ignorare

1903 3777 2084 3822 utrum
2118 3767 2237 3837 ipse
2266 3768 2349 3821 vel
2378 3767 2479 3836 ipsi
2509 3768 2563 3821 in
2596 3769 2678 3821 via
2715 3769 2908 3824 salutis
2938 3770 3068 3834 sint,
3104 3771 3191 3825 vel
3224 3786 3357 3826 non.

208 3869 395 3937 δάιον,
426 3870 502 3931 ὡς
536 3870 632 3923 καὶ
672 3869 799 3940 περὶ
834 3869 997 3923 αὐτοῦ
1030 3872 1327 3941 μαρτυρεῖν
1368 3871 1425 3923 έν
1471 3870 1547 3938 τῷ
1603 3865 1910 3935 ’Δλκοράνῳ
1942 3865 2016 3933 μὴ
2039 3862 2234 3916 ειδέναι
2282 3863 2337 3915 τί
2401 3862 2550 3915 ἔσται
2580 3864 2727 3935 αὐτῷ
2748 3905 2763 3932 ,
2796 3866 2829 3936 ἢ
2889 3867 3004 3930 τοῖς
3061 3867 3431 3938 Σαρῤακηνοῖς
3452 3886 3469 3902 ο

206 3965 309 4020 καὶ
344 3964 557 4030 ἀγνοεῖν
604 3964 830 4031 πότερον
868 3964 1049 4029 αὐτὸς,
1098 3964 1131 4033 ἢ
1177 3964 1271 4015 καὶ
1299 3964 1472 4027 αὐτοὶ,
1505 3964 1561 4014 ὲν
1595 3965 1661 4031 τῇ
1686 3961 1788 4030 ὁδῴ
1827 3959 1925 4029 τῆς
1955 3955 2231 4026 σωτηρίας
2259 3955 2418 4021 είσὶν,
2455 3957 2487 4026 ἢ
2518 3957 2602 4012 οὔ.

297 4055 440 4108 ⁹Δλλ’
481 4055 602 4109 οὐδὲ
634 4055 701 4108 δι’
734 4056 929 4108 ἑαυτὸν
958 4056 986 4106 6
1008 4055 1171 4125 νόμος
1198 4047 1350 4117 οὗτός
1388 4057 1502 4107 ἐστι
1530 4056 1670 4107 κατὰ
1707 4053 1793 4106 λό-

204 4166 333 4216 γον,
380 4148 537 4199 τοῦτο
582 4147 682 4217 μὲν
712 4147 784 4210 ῶς
831 4147 971 4215 ἔχων
996 4148 1237 4216 ὀνόματα
1272 4148 1550 4216 αῐσχιστα,
1585 4146 1679 4199 καὶ¹
1708 4145 1793 4213 ἐφ’

205 4236 296 4301 οἷς
346 4238 781 4306 ἐγκαλύπτεσθαι
818 4239 1049 4303 δίκαιον,
1097 4238 1192 4291 καὶ
1225 4238 1458 4305 μάλιστα
1512 4239 1791 4306 σαρκικοῖς

206 4332 564 4399 προσήκοντα
602 4327 871 4382 πάθεσιν·
914 4330 973 4380 ὲν
1011 4329 1280 4389 πλείστοις
1330 4329 1439 4397 γὰρ
1486 4328 1670 4390 τόποις
1710 4326 1808 4404 τῷ,

203 4419 485 4489 αἰσχίστῳ
529 4419 702 4489 τούτῳ
738 4420 945 4489 ῥήματι
983 4419 1134 4488 μόλις
1164 4420 1316 4471 αὐτοὶ
1344 4418 1584 4487 χρῶνται
1607 4418 1655 4470 ol
1682 4435 1789 4470 κω-

206 4511 367 4579 μικοὶ
399 4512 640 4579 ποιηταὶ,
674 4506 753 4572 οἷς
803 4509 905 4578 ὕλη
945 4511 1055 4564 τῶν
1089 4511 1408 4579 ποιημάτων
1445 4510 1513 4561 τά
1549 4509 1787 4579 σαρκικὰ

200 4603 307 4655 καὶ
336 4601 557 4670 αἰσχρὰ,
591 4603 640 4654 εί
670 4603 766 4656 καὶ
800 4596 944 4655 οὗτοι
985 4601 1225 4665 σπανίως
1247 4620 1260 4634 ·
1305 4601 1496 4671 ὥσπερ
1537 4600 1785 4669 Ὁράτιος

198 4694 443 4750 ἀναιδῶς
466 4689 642 4760 εἶπεν,
673 4694 747 4747 Οὐ
771 4694 982 4748 δέδοικα
1007 4693 1375 4755 συνουσιάζων
1397 4711 1409 4724 ·
1436 4691 1593 4745 τοῦτο
1620 4693 1674 4744 δὲ
1703 4693 1783 4745 ὅτι

197 4779 396 4842 καθὼς
416 4780 511 4834 καὶ
530 4781 688 4844 αὐτὸς
712 4782 1011 4853 διαρρήδην
1041 4783 1205 4850 φησιν
1226 4798 1241 4812 ⁸
1272 4784 1384 4835 Οὐκ
1404 4782 1551 4834 ἔστιν
1578 4782 1787 4849 ἄνθρω-

197 4882 308 4930 πος
343 4866 401 4918 ὲν
431 4866 509 4935 τῷ
527 4867 717 4938 κόσμῳ
746 4868 1042 4938 δυνάμενος
1060 4869 1120 4920 τὸ
1147 4870 1467 4937 Ἀλκοράνον
1490 4870 1649 4921 νοεῖν.
1674 4866 1785 4919 Kal

196 4960 330 5021 πῶς
352 4961 682 5027 προσέταξεν
697 4963 725 5015 6
750 4960 881 5023 Θεὸς
909 4960 1067 5014 τοῦτο
1088 4960 1395 5030 τηρεῖσθαι,
1414 4962 1460 5011 εἰ
1491 4960 1565 5029 μὴ
1585 4958 1783 5011 δέδωκε

200 5051 311 5104 καὶ
340 5050 578 5104 νοεῖσθαι
603 5068 619 5116 ;
648 5053 741 5103 Δεῖ
765 5052 822 5104 δὲ
849 5052 1164 5119 γινώσκειν,
1189 5052 1264 5114 ὡς
1290 5056 1346 5104 ἐν
1369 5050 1445 5121 τῷ
1469 5050 1783 5119 Εὐαγγελίῳ

196 5141 367 5193 οὐδέν
394 5141 567 5204 ἐστιν,
593 5140 728 5210 ὅπερ
760 5143 859 5211 οὐχ
885 5137 986 5194 οἷοί
1041 5142 1100 5195 τέ
1131 5143 1314 5211 έσμεν’
1339 5144 1432 5194 καὶ
1460 5144 1672 5211 νοῆσαι,
1701 5141 1778 5211 τῷ

205 5227 318 5295 τῆς
360 5226 592 5287 πίστεως
635 5227 773 5293 φωτὶ
803 5227 1180 5297 βοηθούμενοι.
1240 5228 1378 5281 Ἀλλ’
1418 5230 1537 5282 οὐδὲ
1578 5230 1665 5281 διὰ
1715 5231 1783 5280 τά

200 5312 576 5384 περιεχόμενα
625 5317 682 5367 ὲν
717 5315 889 5385 τούτῳ
926 5317 1228 5385 διδάγματά
1260 5320 1376 5369 ἐστι
1427 5318 1567 5369 κατὰ
1603 5318 1779 5385 λόγον.

196 5404 349 5475 Φησὶ
377 5404 487 5474 γὰρ
519 5406 575 5458 ἐν
604 5406 819 5469 πολλοῖς
851 5408 1035 5470 τόποις
1071 5410 1161 5461 τὸν
1192 5408 1323 5461 Θεὸν
1354 5412 1779 5478 προστεταχέναι

196 5498 319 5557 τοῖς
352 5495 623 5561 ἀγγέλοις,
653 5499 1027 5567 προσκυνῆσαι
1048 5500 1139 5552 τὶν
1178 5499 1378 5569 Ἀδάμ·
1405 5499 1498 5552 καὶ
1524 5501 1651 5563 τοὺς
1682 5502 1781 5569 μὲν

203 5587 287 5655 μὴ
312 5583 644 5655 θελήσαντας
701 5587 956 5654 γενέσθαι
984 5590 1263 5656 δαίμονας,
1300 5592 1426 5652 τοὺς
1452 5590 1509 5642 δὲ
1542 5608 1781 5660 προσκυ-

196 5676 476 5746 νήσαντας
499 5677 675 5744 μεῖναι
706 5678 989 5744 ἀγγέλους.
1011 5678 1120 5730 Kal
1148 5680 1261 5741 πῶς
1286 5680 1351 5732 ἂν
1375 5683 1400 5732 ὁ
1429 5681 1560 5742 Θεὸς
1592 5683 1782 5735 ἐνετεί-

195 5768 336 5821 λατο
357 5766 818 5838 εἰδωλολατρείαν,
853 5770 947 5822 καὶ
976 5772 1087 5832 τοῖς
1109 5770 1289 5833 ἄλλοις
1313 5772 1411 5841 τὴν
1440 5772 1587 5844 αὑτῷ
1615 5774 1780 5844 μόνην

264 5889 341 5953 (α)
368 5888 465 5941 Sic.
493 5889 627 5953 Lege
652 5896 704 5941 ut
736 5893 785 5941 in
824 5890 991 5942 Graeco
1017 5892 1263 5945 Horatius.
1293 5895 1427 5947 Em.

1978 4048 2085 4105 Sed
2115 4064 2293 4119 neque
2330 4064 2429 4119 per
2470 4049 2708 4118 seipsam
2741 4050 2827 4106 lex
2877 4051 2992 4107 luec
3029 4062 3117 4108 est
3166 4054 3469 4110 secundum

1902 4143 2190 4205 rationem,
2227 4152 2489 4211 tanquam
2530 4142 2741 4197 habens
2772 4146 2995 4198 nomina
3032 4146 3370 4215 turpissima,
3412 4158 3471 4204 et

1898 4233 1953 4287 in
1983 4234 2187 4302 quibus
2221 4233 2390 4285 velari
2430 4233 2640 4304 justum
2668 4243 2773 4299 est,
2805 4244 2863 4289 et
2890 4236 3125 4291 maxime
3153 4238 3469 4293 carnalibus

1896 4323 2279 4378 convenientia
2332 4324 2705 4392 passionibus.
2750 4324 2809 4378 In
2845 4324 3096 4391 plurimis
3142 4329 3286 4382 enim
3330 4329 3469 4383 locis

1898 4413 2218 4484 turpissimo
2252 4415 2353 4468 hoc
2394 4414 2563 4469 verbo
2597 4415 2793 4478 utitur,
2825 4432 2967 4479 coeo,
2999 4420 3145 4486 quod
3176 4419 3323 4472 nulla
3360 4421 3465 4473 alia

1895 4507 1978 4559 lex
2011 4506 2139 4560 facit
2166 4524 2178 4560 :
2205 4522 2319 4576 quo
2342 4509 2510 4560 verbo
2535 4507 2623 4559 vix
2652 4520 2824 4578 poeta:
2854 4509 2957 4578 ipsi
2983 4511 3176 4563 comici
3215 4521 3465 4577 utuntur,

1894 4597 2093 4666 quibus
2119 4598 2345 4651 materia
2373 4608 2685 4667 poematum
2718 4608 2800 4653 est
2824 4602 3061 4654 carnalis
3085 4612 3141 4655 et
3167 4603 3361 4671 turpis,
3380 4612 3466 4657 et-

1893 4687 1936 4739 si
1970 4688 2022 4740 bi
2055 4703 2212 4751 raro;
2243 4689 2386 4741 sicut
2430 4689 2628 4743 Aratus
2654 4689 2730 4755 (α)
2767 4690 3111 4758 impudenter
3136 4694 3271 4745 dixit
3303 4710 3316 4744 :
3345 4694 3463 4747 Non

1894 4773 2050 4827 timui
2084 4775 2287 4829 coieus.
2313 4776 2423 4829 lloc
2454 4788 2634 4829 autem
2669 4787 2723 4830 et
2770 4779 2887 4846 ipse
2924 4780 3099 4847 palam
3144 4780 3297 4845 dicit,
3343 4781 3462 4835 Non

1892 4875 1977 4919 est
2006 4865 2169 4918 homo
2201 4866 2253 4917 in
2290 4866 2492 4918 mundo
2525 4869 2618 4935 qui
2670 4869 2839 4934 possit
2884 4870 3216 4925 Alcoranum
3256 4873 3462 4925 intelli-

1892 4969 2037 5024 gere.
2079 4955 2144 5009 Et
2182 4958 2455 5024 quomodo
2485 4957 2764 5011 mandavit
2799 4960 2943 5014 Deus
2982 4963 3086 5015 hoc
3136 4965 3366 5030 servari,
3415 4964 3459 5018 si

1893 5065 1999 5102 non
2044 5050 2194 5103 dedit
2232 5058 2288 5100 et
2323 5049 2594 5119 intelligi?
2622 5051 2854 5120 Oportet
2891 5066 3072 5108 autem
3112 5058 3274 5114 scire.
3313 5059 3459 5127 quod

1892 5142 1945 5197 in
1982 5142 2274 5211 Evangelia
2321 5142 2459 5195 nihil
2506 5153 2613 5207 est,
2648 5145 2792 5213 quod
2828 5162 2934 5199 non
2986 5152 3261 5214 possimus
3290 5153 3454 5203 etiam

1892 5233 2222 5302 intelligere,
2263 5232 2388 5286 ﬁdei
2424 5232 2634 5287 lumine
2670 5237 2862 5303 adjuti.
2896 5237 2998 5291 Sed
3027 5253 3206 5306 neque
3238 5252 3457 5307 propter

1890 5326 2196 5378 doctrinam
2228 5338 2350 5391 qua:
2382 5323 2438 5376 in
2470 5339 2537 5377 eo
2560 5326 2901 5387 continetur.
2930 5337 3013 5381 est
3044 5330 3343 5383 secundum
3376 5347 3457 5384 ra-

1892 5415 2118 5468 tionem.
2151 5413 2288 5466 Dicit
2315 5414 2463 5466 enim
2505 5416 2561 5468 in
2608 5419 2792 5471 multis
2826 5419 2981 5479 loi-is.
3028 5419 3194 5473 Deum
3230 5422 3451 5473 manda-

1888 5506 2032 5559 visse
2080 5505 2307 5574 angelis,
2364 5505 2594 5560 adorare
2629 5509 2823 5569 Adam,
2872 5520 2927 5562 et
2963 5524 3059 5562 eos
3094 5509 3313 5577 quidem
3361 5515 3449 5577 qui

1887 5595 2115 5657 nollent,
2151 5596 2267 5649 lieri
2315 5595 2632 5663 daemones;
2663 5599 2956 5653 adorantes
2998 5610 3181 5653 autem
3232 5617 3449 5654 mam-re

1888 5686 2130 5755 angelos.
2158 5685 2227 5738 Et
2250 5688 2525 5756 quomodo
2558 5690 2699 5743 Deus
2724 5691 3036 5745 mandasset
3069 5690 3448 5754 idololatriam,

1888 5784 1943 5830 et
1968 5776 2174 5845 angelis
2207 5776 2478 5834 honorem
2513 5779 2814 5847 tribuisset,
2850 5781 2945 5851 qui
2981 5782 3081 5837 soli
3124 5779 3230 5834 Deo
3279 5780 3447 5837 debeo
