4198 6440
190 446 328 513 1081
1374 454 1413 511 (Ζ
1436 454 1552 511 λΝἸ
1575 454 1665 509 llA
1713 454 2191 510 MMlOME‘l’EM
3313 444 3446 507 1032

188 564 557 627 ἀπολούσεως,
588 564 779 631 ἄλυγός
808 567 920 616 ἐστι
950 584 1086 618 παν-τ
1120 566 1247 628 λῶς.
1276 568 1606 633 Προστάττει
1637 566 1761 632 γὰρ,

1872 601 1972 637 nus
2003 596 2055 637 et
2087 586 2301 637 vultum
2335 594 2387 636 et.
2416 584 2664 651 podiccm
2698 591 2754 636 et
2785 582 3121 647 pudibunda,
3151 590 3207 633 ct
3239 580 3447 647 palmas

186 655 279 706 ὅτε
314 654 717 723 προσεύξασθαι
742 655 968 717 θέλοιεν,
986 658 1192 709 νίπτειν
1215 657 1311 718 τάς
1335 659 1542 723 χεῖρας,
1577 659 1670 708 καὶ
1701 659 1761 708 τὸ

186 742 506 811 πρόσωπον,
548 743 641 795 καὶ
666 744 758 795 τὸν
792 744 1059 812 πρωκτὸν,
1094 746 1186 796 καὶ
1226 747 1292 796 τὰ
1333 745 1528 803 αἰδοῖα.
1567 746 1662 797 καὶ
1698 745 1763 796 τὰ

186 834 466 900 πέλματα,
500 835 593 885 καὶ
622 835 743 895 τοὺς
774 834 1063 902 βραχίονας
1101 836 1259 903 μέχρι
1293 836 1384 887 τοῦ
1423 839 1664 905 πήχεως.
1704 836 1766 891 Εἰ

183 923 244 975 δὲ
280 923 353 992 μὴ
384 922 593 991 εὕροιεν
632 923 792 989 ὕδωρ,
821 924 1118 991 βάπτεσθαι
1149 926 1246 977 τάξ
1278 943 1463 993 χειρας
1489 928 1546 976 ἐν
1574 929 1639 995 τῇ
1671 928 1764 978 κό-

187 1032 296 1080 νει,
331 1017 423 1067 καὶ
461 1014 598 1083 μετά
618 1014 790 1067 ταῦτα
818 1014 1094 1082 τρίϐοντες
1125 1014 1221 1074 τὰς
1262 1019 1449 1084 χεῖρας
1481 1017 1767 1084 κεκονιμέ-

185 1124 287 1167 νας
311 1107 397 1158 διὰ
430 1124 522 1157 του
553 1108 865 1174 προσώπου,
894 1107 1125 1168 κονιςειν
1156 1108 1354 1167 ἱκανως
1385 1106 1445 1157 τὸ
1472 1107 1766 1173 πρόσωπον

187 1196 424 1247 ἑαυτῶν.
472 1196 631 1248 Ἀλλά
670 1198 717 1246 εἰ
757 1198 816 1247 τὸ
840 1196 1229 1248 ἀπονίπτεσθαι
1261 1196 1500 1262 εῦλογον,
1532 1195 1768 1263 εὐλογώ-

183 1301 346 1354 τερον
368 1286 433 1338 ἂν
461 1281 527 1353 ἦν
549 1287 767 1338 πλύνειν
788 1289 885 1345 τὴν
914 1286 1142 1353 καρδίαν
1160 1287 1298 1339 κατά
1318 1287 1377 1339 τὸ
1400 1287 1652 1355 τέταρτον
1675 1285 1767 1338 τοῦ

195 1375 465 1446 Ἱερεμίου
485 1393 499 1406 '
526 1396 544 1428 ι
575 1377 776 1431 Πλῦνον
804 1380 902 1447 τὴν
932 1378 1157 1443 καρδίαν
1190 1394 1284 1428 σου
1308 1376 1414 1428 ἀπὸ
1446 1393 1513 1427 πο
1527 1377 1707 1443 ιηρίας
1742 1395 1759 1426 ι

185 1467 262 1518 T6
286 1468 339 1519 δὲ
372 1468 520 1520 κόνιν
544 1469 849 1520 ὲπιταττειν
884 1466 959 1518 τῶ
984 1467 1258 1535 προσώπῳ
1283 1469 1429 1518 ποῖον
1448 1467 1669 1518 δύναται
1686 1467 1769 1517 λό-

185 1575 284 1625 γοι
307 1558 449 1626 ἔχειν
470 1601 483 1620 ,
510 1560 724 1611 Μᾶλλον
755 1560 852 1627 μὲν
876 1555 968 1611 οῦν
990 1560 1113 1610 ὅσον
1132 1558 1191 1609 τὸ
1212 1557 1421 1609 νίπτειν
1438 1558 1770 1621 εὒλογονπο-

188 1664 383 1700 σουτον
428 1648 490 1699 τὸ
519 1648 822 1712 κονίζεσθαι
859 1650 954 1702 καὶ
982 1648 1043 1700 τὸ
1065 1645 1252 1717 αἶσχος
1284 1648 1482 1699 ἄτοπόν
1514 1652 1634 1697 εστ.
1675 1650 1769 1700 καὶ

185 1740 404 1805 ἄλογον.
436 1739 681 1793 Μάλιστα
712 1739 765 1791 δὲ
796 1740 1030 1806 ἄλογοςό
1064 1740 1227 1806 νόμος
1248 1732 1397 1799 abte,
1429 1738 1523 1789 δοκ
1559 1740 1577 1752 ’
1599 1739 1624 1789 6
1643 1735 1768 1806 περὶ

187 1829 284 1881 τοῦ
318 1829 670 1883 ἀποστασίου.
699 1830 933 1882 Δύναται
963 1834 1069 1899 γὰρ
1108 1832 1454 1899 Σαρρακην“ς
1489 1832 1769 1882 ἐκϐάλλειν

186 1917 290 1987 τὴν
316 1916 508 1970 ἑαυτοῦ
525 1921 778 1985 γυναῖκα,
800 1923 896 1972 καὶ
922 1921 1083 1971 πάλιν
1106 1921 1243 1989 αὐτῆ
1278 1921 1438 1971 γαῖα)
1454 1921 1761 1985 λὰ-τεσθαι,

185 2010 380 2071 ὁσάκις
411 2010 476 2063 ἂν
495 2010 669 2080 τούτῳ
695 2012 923 2080 ἀρέσκῃ,
955 2012 987 2079 ἦ
1013 2012 1296 2080 άπαρέσγῃ
1376 2011 1518 2062 ούνω
1553 2012 1761 2078 μὲν-οι,

185 2102 270 2153 ὅτι
306 2104 443 2166 μετὰ
472 2101 569 2171 τὴν
599 2102 789 2172 τρίτην
808 2102 1038 2172 ἐκϐολὴν
1072 2103 1143 2171 μὴ
1170 2103 1428 2155 δύνασθαι
1460 2104 1626 2172 αὐτὴν
1657 2108 1763 2155 είς-

183 2192 460 2260 δέχεσθαι,
513 2191 651 2261 πλὴν
695 2194 743 2243 εἰ
791 2192 864 2261 μή
912 2208 995 2253 τις
1038 2192 1221 2260 ἕτερος
1274 2190 1550 2259 σαςκικῶς
1596 2191 1761 2260 αὐτὴν

183 2282 364 2348 γνοίη,
396 2283 470 2348 μὴ
495 2281 658 2334 οὖσαν
680 2282 737 2336 ὲν
760 2284 870 2343 τοῖς
900 2283 1185 2350 ἐμμήνοις.
1212 2283 1271 2333 Εἰ
1296 2283 1348 2332 δὲ
1374 2283 1506 2333 uti:
1534 2300 1576 2348 ,ν
1605 2282 1759 2349 γνοίη

186 2371 263 2441 μὴ
306 2372 506 2432 ἱκανῶς
549 2371 888 2440 ὲντεταμένῳ
944 2370 1150 2439 αἰδοίῳ,
1197 2370 1407 2440 ἀνάγκη
1453 2371 1761 2439 περαιτέρω

182 2464 391 2520 γνῶναι
414 2464 636 2532 ταύτην,
676 2464 872 2525 ἱκανῶς
904 2463 1245 2531 ἑντεταμένῳ
1275 2463 1350 2531 τῷ
1378 2465 1555 2531 μέλει.
1596 2463 1759 2514 Ὅθεν

181 2555 316 2607 ὅταν
342 2555 636 2623 βούλωνται
660 2554 1122 2609 καταλλάττεσθαι
1149 2558 1265 2617 ταῖς
1292 2557 1501 2609 ἑαυτῶν
1525 2557 1761 2623 γυναιξῖ,

179 2647 402 2715 τίμημα
435 2647 637 2699 διδόασι
671 2647 857 2716 τυφλῷ
900 2665 1026 2712 τινι,
1066 2649 1094 2715 ἢ
1140 2648 1310 2716 ἑτέρῳ
1345 2650 1555 2700 εὐτελεῖ
1592 2666 1763 2718 προς-

182 2736 340 2805 ώπῳ,
378 2738 720 2807 συνεσομένῳ
751 2739 977 2809 τοιαύτῃ
1009 2741 1249 2805 γυναικὶ,
1287 2742 1379 2792 καὶ
1422 2742 1558 2808 μετά
1587 2742 1759 2794 ταῦτα.

186 2831 596 2900 μαρτυρήσοντι
622 2830 877 2900 δημοσίᾳ,
906 2832 1002 2883 καὶ
1017 2830 1228 2900 ἐροῦντι
1255 2832 1537 2900 βούλεσθαι
1562 2832 1760 2902 ταύτην

181 2921 458 2975 ἐκϐαλεῖν.
483 2913 560 2974 Oi)
583 2922 897 2991 γενομένου,
920 2924 947 2974 6
974 2922 1185 2991 πρῶτος
1210 2922 1431 2974 δύναται
1455 2922 1761 2975 καταλλάτ-

179 3028 297 3064 τειν
332 3011 500 3081 αὐτὴν
538 3012 735 3081 ἑαυτῷ.
781 3012 983 3066 Ἐνίοτε
1030 3012 1086 3065 δὲ
1129 3014 1379 3065 τοσοῦτον
1432 3015 1761 3080 ἀρέσκουσιν

180 3101 375 3164 αὐταῖς
410 3103 459 3154 οἱ
491 3102 756 3173 δεύτεροι,
793 3103 933 3156 ὥστε
979 3105 1156 3172 λέγειν
1196 3106 1361 3167 αὺτάς
1399 3106 1473 3174 μὴ
1502 3105 1761 3157 δύνασθαι

178 3184 407 3246 ἐκείνων
433 3195 761 3265 χωρίζεσθαι
781 3214 793 3227 ·
821 3198 916 3249 καὶ
944 3197 1063 3249 τότε
1091 3200 1117 3249 ὁ
1148 3198 1362 3267 πρῶτος
1392 3197 1682 3249 ἀποϐαλὼν
1703 3199 1762 3249 τὸ

181 3288 405 3354 τίμημα
426 3290 519 3339 καὶ
553 3290 654 3358 τὴν
687 3291 945 3356 γυναῖκα,
970 3290 1226 3342 ἐκπίπτει
1255 3290 1356 3358 τῆς
1381 3291 1577 3342 ἑαυτοῦ
1608 3292 1761 3343 ἐλπί-

180 3377 293 3440 δος.
334 3372 435 3431 Ὧν
475 3379 639 3450 νόμος
673 3382 735 3433 οὐ
769 3380 1023 3435 τοσοῦτον
1053 3382 1384 3450 ἀνθρώποις,
1425 3382 1549 3433 ὅσον
1603 3382 1760 3448 ζώοις

178 3473 340 3538 λόγου
385 3472 770 3540 ἐστερημένοις
804 3474 1116 3543 προσήκων,
1152 3473 1265 3526 ἀλλ’
1301 3476 1361 3527 ού
1395 3475 1470 3540 τῷ
1509 3478 1650 3549 Θεῷ,
1682 3480 1758 3549 τῷ

177 3565 363 3616 πάντα
399 3564 493 3615 σὺν
518 3565 660 3633 λόγῳ
681 3564 991 3618 διοικοῦντι.

263 3654 517 3709 Μάλιστα
562 3656 617 3707 δὲ
670 3658 867 3723 ἄλογος
900 3653 1053 3718 οὗτος
1083 3660 1110 3711 6
1154 3659 1315 3728 νόμος
1348 3663 1462 3714 ἐστὶ
1498 3664 1638 3716 κατά
1681 3665 1742 3716 τὸ

177 3745 333 3803 τέλος
377 3746 470 3798 καὶ
500 3748 625 3809 τοὺς
673 3749 899 3816 μισθοὺς
942 3747 1040 3811 οὓς
1074 3750 1447 3820 ὑπισχνεῖται.
1488 3756 1622 3824 Φησὶ
1651 3757 1758 3823 γὰρ

177 3838 247 3889 δι’
278 3837 403 3889 ὅλου
456 3836 548 3890 τοῦ
616 3839 986 3908 Ἀλκοράνου,
1030 3841 1112 3893 ὅτι
1168 3844 1200 3910 ἡ
1254 3846 1595 3915 μακαριότης
1651 3848 1756 3898 τῶν

184 3928 564 3998 Σαρρακηνῶν
595 3931 711 3981 ἐστι
758 3934 1132 4001 καταρρύτους
1166 3934 1525 4003 παραδείσους
1560 3939 1759 4007 κεκτῆ-

184 4021 339 4083 σθαι,
366 4021 625 4085 γυναῖκάς
648 4038 705 4073 τε
732 4023 823 4073 καὶ
847 4022 1127 4086 παλλακὰς
1152 4025 1351 4088 πολλάς
1372 4028 1515 4089 νέας,
1536 4031 1758 4098 αἰσχυν-

176 4112 355 4180 τηλάς
390 4115 483 4163 καὶ
524 4112 715 4175 καλὰς,
756 4118 1055 4183 πορφυροῖς
1102 4116 1341 4183 ἱματίοις
1373 4119 1755 4188 ἐνδεδυμένας,

178 4206 429 4270 σκύφους
458 4204 515 4256 δὲ
553 4204 787 4273 χρυσοῦς
836 4207 929 4257 καὶ
974 4206 1247 4276 ἀργυροῦς
1280 4209 1369 4260 διά
1408 4209 1515 4261 τῶν
1551 4228 1757 4279 τραπε-

177 4296 294 4359 ζῶν
351 4294 753 4364 διατρέχοντας,
800 4296 941 4348 σιτία
996 4298 1204 4365 ἥδιστα.
1266 4299 1452 4351 Ταῦτα
1503 4301 1742 4366 μάλιστα

177 4386 473 4453 καταλέγει
525 4389 583 4439 ὲν
619 4392 697 4456 τῳ
736 4389 1014 4457 κεφαλαίῳ
1041 4390 1118 4458 τῷ
1148 4391 1485 4461 Ἑλραγμάν,
1516 4392 1544 4444 ὃ
1587 4394 1758 4463 ἑρμη-

178 4481 403 4532 νεύεται
439 4479 732 4549 ἐλεήμων.
778 4480 865 4532 Ἐν
897 4482 953 4534 δὲ
986 4482 1062 4549 τῷ
1095 4482 1282 4553 βιϐλίῳ
1320 4485 1417 4552 τῆς
1451 4485 1750 4537 Διδασκα-

1870 675 2044 741 pedis,
2078 687 2129 727 ct
2157 675 2380 727 brachia
2416 691 2589 743 usque
2620 674 2685 725 ad
2724 672 2996 727 cubitum.
3034 672 3089 723 Si
3121 680 3302 722 autem
3336 684 3444 721 non

1871 767 2154 819 inveniant
2216 781 2434 831 aquam,
2482 765 2676 832 inlingi
2727 777 2921 816 manus
2972 762 3026 814 in
3082 759 3307 828 pulvere
3342 777 3356 812 :
3391 769 3445 812 et

1870 867 1992 925 post
2026 858 2139 909 haec
2166 864 2410 909 terentes
2441 870 2635 907 manus
2663 855 2883 921 pulvere
2916 853 3080 904 illitas
3106 865 3204 918 per
3228 849 3443 910 faciem,

1870 948 2095 1014 pulvere
2130 947 2330 999 illinire
2353 946 2686 999 snilieicnter
2712 960 2899 997 eorum
2924 956 3181 1007 apsorum
3206 941 3441 991 vultum.

1871 1035 1973 1087 Sed
2003 1038 2104 1088 etsi
2142 1038 2321 1088 lavare
2382 1036 2705 1087 rationtbile
2747 1075 2761 1097 ,
2802 1034 3184 1086 I'ﬂllOlmlllllll‘l
3209 1034 3318 1099 jam
3357 1046 3445 1081 cs-

1870 1135 1954 1179 sct
2005 1126 2185 1179 lavare
2242 1142 2358 1189 cor,
2414 1127 2718 1179 secundum
2774 1125 3066 1179 Jeremiam
3122 1124 3440 1173 dicentum:

1877 1235 1895 1267 ι
1935 1218 2073 1270 Lava
2107 1234 2201 1271 cor
2251 1228 2402 1271 tuum
2433 1234 2461 1270 a
2498 1218 2744 1285 nequitia
2778 1219 2843 1270 “.
2884 1235 2901 1265 ›
2936 1216 3222 1268 Pulverem
3257 1224 3440 1264 auum

1873 1321 2147 1373 apponere
2192 1308 2392 1370 vultui,
2429 1323 2592 1373 quam
2648 1317 2825 1373 potest
2877 1305 3078 1357 habere
3138 1298 3444 1353 rationem?

1877 1397 2045 1465 Magis
2088 1399 2308 1465 quidem
2359 1400 2526 1466 igitur
2556 1406 2820 1465 quantum
2860 1397 2944 1447 |:tv
2984 1409 3042 1447 re
3088 1402 3173 1446 est
3210 1391 3443 1443 rationa-

1874 1489 2003 1550 bile,
2043 1499 2251 1542 tantum
2298 1490 2523 1558 pulvere
2561 1489 2747 1540 illiniri
2808 1487 3203 1540 inconveniens
3252 1495 3335 1536 est
3389 1493 3446 1534 et

1880 1580 2283 1633 irrationabile.
2314 1579 2545 1634 Maxime
2580 1591 2758 1633 autem
2799 1576 3188 1633 irrationabilis
3217 1576 3328 1628 lucc
3358 1574 3445 1626 lex

1878 1670 2117 1735 videtur,
2161 1688 2282 1740 quae
2313 1681 2394 1725 cst
2429 1671 2497 1725 de
2534 1671 2787 1739 repudio.
2826 1668 3007 1721 Potest
3035 1668 3181 1719 enim
3214 1668 3443 1717 Sarace-

1879 1776 1985 1814 nus
2020 1778 2216 1830 epcerc
2246 1779 2332 1816 Stll
2377 1778 2549 1831 IPSIUS
2584 1778 2748 1813 uxore
2793 1778 2829 1822 ι,
2859 1770 2914 1813 et
2949 1774 3143 1811 rursus
3179 1759 3228 1810 ei
3262 1756 3447 1809 com-i-

1882 1853 2000 1907 liari
2032 1856 2192 1907 toties
2215 1855 2432 1922 quoties
2464 1854 2591 1905 huic
2633 1853 2903 1919 placuerit
2934 1851 3018 1903 vel
3053 1849 3399 1916 (llSpllt'UI'rll
3426 1864 3441 1906 ς

1875 1948 1954 2000 sic
1987 1956 2172 1999 tamen
2208 1954 2264 1997 ut
2300 1955 2422 2013 post
2460 1944 2618 1997 tert'a
2645 1959 2675 1995 n
2711 1942 3150 2012 repudiationem
3181 1956 3286 1992 non
3316 1955 3443 2007 pos-

1881 2049 1948 2092 sit
1976 2054 2036 2091 ea
2062 2054 2094 2089 n
2124 2039 2408 2106 suscipere
2445 2053 2458 2089 :
2511 2038 2564 2089 ni
2600 2036 2612 2087 i
2659 2036 2782 2103 quis
2830 2034 2968 2087 alter
2997 2048 3115 2086 eam
3149 2031 3446 2085 carnaliter

1872 2130 2209 2199 cngnovi-rit,
2236 2145 2344 2181 non
2370 2128 2723 2181 exsistentem
2752 2128 2803 2180 in
2835 2125 3155 2179 menstruis.
3180 2124 3235 2178 Si
3261 2136 3441 2176 autent

1873 2220 2014 2273 lianc
2056 2220 2371 2281 cognoverit
2404 2235 2511 2271 non
2541 2220 2875 2272 suilicieuter
2907 2227 3135 2270 extenso
3165 2216 3443 2279 testiculo,

1872 2325 2096 2365 necesse
2138 2311 2367 2364 ulterius
2412 2311 2555 2363 hanc
2600 2322 2932 2379 cognoscere
2968 2307 3306 2363 sufﬁcienter
3354 2321 3447 2359 cx-

1874 2411 2027 2455 tenso
2057 2402 2320 2454 membro.
2352 2401 2504 2454 Unde
2530 2402 2750 2471 quando
2778 2402 2970 2454 volunt
3001 2399 3283 2453 conciliari
3318 2414 3442 2451 cum

1870 2495 1950 2548 sui
1984 2494 2221 2562 ipsorum
2252 2494 2533 2557 uxoribus,
2572 2493 2702 2546 dant
2743 2492 2978 2561 pretium
3029 2504 3173 2545 ezneo
3206 2490 3444 2555 cuidam,

1871 2586 1956 2639 vel
1982 2584 2140 2638 alteri
2174 2584 2266 2637 vili
2301 2598 2567 2653 personat,
2602 2598 2724 2652 qua:
2766 2597 2889 2636 cum
2921 2582 3015 2635 tali
3062 2596 3236 2634 uxore
3279 2580 3443 2634 simul

1872 2676 2054 2729 futura
2088 2683 2195 2728 est.
2245 2676 2312 2728 Et
2354 2685 2478 2742 post
2520 2675 2636 2728 haec
2671 2674 2963 2727 testabitur
3000 2672 3239 2740 publice,
3274 2680 3328 2724 et
3362 2671 3445 2723 di-

1871 2773 1959 2817 cet
1993 2765 2132 2817 velle
2172 2764 2312 2816 hanc
2349 2763 2658 2831 repudiare.
2708 2761 2827 2826 Quo
2878 2762 3043 2824 iacto,
3089 2763 3305 2829 primus
3347 2777 3441 2829 po-

1870 2864 1975 2908 test
2003 2870 2120 2906 eam
2156 2854 2258 2907 sibi
2288 2853 2601 2906 conciliare.
2650 2852 2962 2919 Aliquando
3012 2860 3195 2904 autem
3230 2859 3440 2903 tantum

1872 2946 2094 3013 placent
2118 2945 2199 2997 eis
2232 2943 2485 3004 secundi,
2523 2951 2581 2996 ut
2612 2943 2795 2995 dicant
2826 2957 2934 2995 non
2966 2957 3124 3011 posse
3154 2956 3249 2995 eas
3279 2942 3346 2994 ab
3382 2942 3447 2993 il-

1868 3036 1935 3089 lis
1961 3035 2225 3103 separari.
2261 3034 2327 3086 Et
2360 3044 2489 3085 tunc
2533 3033 2744 3101 primus
2794 3033 3057 3086 amittens
3103 3033 3340 3101 pretium
3388 3041 3446 3084 tl

1870 3139 2115 3189 uxorem,
2150 3123 2352 3177 decidit
2389 3139 2421 3175 a
2454 3122 2537 3176 sui
2569 3122 2741 3191 ipsius
2784 3138 2903 3191 spe.
2937 3122 3183 3187 Quorum
3214 3121 3302 3174 lex
3336 3136 3441 3173 non

1873 3227 2082 3270 tantum
2136 3216 2473 3278 hominibus,
2520 3225 2786 3284 quantum
2840 3215 3176 3268 animalibus
3227 3214 3440 3266 ratione

1868 3310 2102 3378 privatis
2132 3311 2464 3363 conveniens
2505 3322 2609 3362 est.
2654 3309 2761 3362 Sed
2801 3324 2981 3376 neque
3019 3307 3152 3371 Deo,
3193 3308 3287 3376 qui
3324 3322 3440 3359 om-

1863 3403 1951 3455 nia
1983 3402 2234 3456 similiter
2265 3416 2390 3455 cum
2423 3402 2635 3456 ratione
2666 3402 2959 3470 gubernat,
2995 3403 3276 3457 convenit.

1928 3674 2160 3726 Maxime
2191 3687 2369 3726 auum
2400 3675 2515 3727 lucc
2548 3676 2637 3727 lex
2676 3674 3069 3727 irrationabilis
3116 3681 3199 3725 est
3241 3688 3434 3726 secun-

1860 3772 1986 3818 dum
2032 3767 2189 3818 ﬁnem
2235 3776 2289 3818 et
2357 3768 2579 3833 praemia
2612 3782 2733 3834 qua:
2776 3767 3068 3834 promittil.
3117 3768 3257 3820 Dicit
3289 3768 3435 3819 enim

1862 3875 1957 3928 per
2014 3868 2188 3912 totum
2251 3859 2626 3911 Alcoranum:
2688 3860 2979 3913 Beatitudo
3036 3861 3436 3914 Saracenorum

1860 3963 1967 4015 est,
2003 3950 2240 4018 irriguos
2275 3951 2463 4003 hortos
2502 3951 2804 4019 possidere,
2837 3952 3097 4007 mulieres
3130 3963 3183 4005 et
3216 3952 3439 4020 pelliccs

1857 4046 2110 4114 juvenes,
2148 4045 2489 4097 verecundus
2529 4052 2583 4097 et
2626 4044 2905 4111 pulchras,
2936 4045 3238 4112 purpureis
3271 4045 3439 4096 vesti-

1862 4138 1963 4190 bus
2004 4136 2251 4199 indutas,
2280 4135 2514 4202 scyphos
2570 4144 2752 4187 autem
2804 4149 3002 4188 aureos
3034 4143 3089 4188 et
3141 4142 3436 4203 argenteos

1859 4244 1958 4296 per
2011 4244 2228 4281 mensas
2282 4227 2678 4288 discurrentes,
2734 4232 2791 4278 et
2847 4226 3051 4279 cibaria
3108 4225 3433 4279 suavissima

1859 4318 2079 4371 habere.
2114 4318 2236 4370 llzee
2277 4318 2506 4370 maxime
2566 4326 2829 4371 numerat
2866 4316 2920 4369 in
2961 4316 3201 4384 capitulo
3244 4317 3439 4385 Elrag—

1857 4426 2002 4472 man,
2051 4410 2194 4477 quod
2249 4410 2636 4477 interpretatur
2696 4410 2990 4461 miserator.
3032 4408 3088 4460 ln
3143 4408 3283 4459 libro
3343 4423 3439 4459 au-

1863 4510 1970 4553 tem
2008 4499 2081 4551 De
2116 4500 2359 4551 doctrina
2401 4498 2703 4563 ﬁla/cometa}
2737 4499 2828 4567 qui
2872 4499 3011 4551 liber
3053 4498 3193 4567 apud
3232 4514 3327 4550 eos
3358 4507 3439 4550 est

178 4576 328 4637 λίας
354 4572 460 4625 τοῦ
492 4574 836 4639 Μαχούμετ,
869 4567 930 4625 οὗ
977 4576 1024 4625 oi
1058 4574 1205 4641 λόγοι
1256 4576 1467 4642 μεγάλα
1498 4577 1753 4629 δύνανται

1862 4606 2071 4659 magna:
2107 4590 2477 4648 auctoritatis.
2517 4590 2741 4657 exponit
2793 4590 3046 4643 ordinem
3082 4589 3435 4642 cibariorum.

178 4665 322 4734 παρ’
349 4664 564 4725 αὐτοῖς’,
596 4664 843 4733 ἐκτίθησι
897 4663 995 4732 τὴν
1046 4666 1197 4728 τάξιν
1230 4667 1338 4717 τῶν
1394 4668 1600 4722 σιτίων.
1639 4670 1749 4721 Καί

177 4773 325 4826 φησι
360 4755 577 4824 πρῶτον
610 4756 709 4822 μὲν
763 4752 903 4807 εἶναι
933 4755 1064 4823 ὄψον
1114 4757 1221 4807 τῶν
1264 4759 1753 4826 προτεθησομένων

178 4848 305 4899 ἐκεῖ
330 4846 394 4897 τὸ
423 4841 581 4913 ἧπαρ
613 4847 718 4899 τοῦ
743 4846 1101 4913 ἀλμπεποὺτ
1132 4846 1335 4915 ἰχθύος,
1376 4850 1544 4901 σιτίον
1570 4850 1753 4917 ἄκρως

178 4937 283 5006 ἡδύ
310 4954 325 4968 ·
378 4940 472 4989 καὶ
508 4938 646 5006 μετά
676 4938 848 4989 ταῦτα
899 4939 963 4990 ἐκ
992 4940 1238 5007 διαδοχῆς
1269 4941 1499 5010 δένδρων
1530 4944 1750 5011 καρποί.

179 5031 300 5082 Καὶ
334 5028 694 5097 παρακατιὼν
728 5030 784 5079 ὲν
810 5030 887 5097 τῷ
919 5029 1065 5097 αὐτῷ
1094 5032 1394 5100 κεφαλαίῳ,
1430 5034 1758 5101 ἐρωτώντων

179 5121 355 5173 αὐτὸν
413 5122 460 5172 εἰ
505 5123 598 5175 καὶ
656 5120 1030 5186 λαγνεύουσιν,
1062 5123 1416 5188 ἀπεκρίνατο,
1451 5125 1565 5175 Ούκ
1595 5124 1658 5176 ἂν
1692 5122 1759 5195 ἦ)

182 5212 557 5281 μακαριότης,
611 5213 665 5262 εἴ
702 5230 785 5272 τις
829 5214 948 5264 ἐκεῖ
999 5216 1071 5281 μὴ
1114 5215 1294 5281 παρῆν
1324 5217 1506 5284 ἡδονή.
1544 5218 1760 5269 Μᾶλλον

186 5303 293 5371 μὲν
352 5298 444 5353 οὖν
520 5302 695 5370 μάτην
752 5304 848 5370 μὲν
901 5302 966 5354 ἂν
1017 5298 1160 5371 ἦσαν
1192 5304 1389 5368 πάντα,
1426 5308 1499 5375 μὴ
1531 5313 1622 5359 καὶ
1663 5308 1760 5375 τῆς

180 5391 338 5445 κατά
374 5392 471 5461 τὴν
520 5393 771 5459 λαγνείαν
823 5393 1018 5460 ἡδονῆς
1071 5395 1361 5463 ἑπομένης.
1398 5398 1485 5449 Ἐν
1517 5398 1691 5465 comp
1713 5398 1758 5450 δ’

181 5486 342 5536 ἐστιν
375 5486 402 5535 6
454 5485 559 5546 πᾶς
602 5486 693 5536 τοῦ
742 5484 1065 5553 Ἀλκοράνου
1104 5488 1325 5549 σκοπὸς,
1355 5489 1451 5539 καὶ
1502 5488 1627 5556 ὅλης
1658 5490 1756 5556 τῆς

178 5580 298 5630 τῶν
340 5576 706 5645 Σαρρακηνῶν
767 5578 1050 5647 αἱρέσεως,
1101 5578 1177 5646 τῷ
1234 5580 1330 5647 τὴν
1383 5582 1758 5649 μακαριότητα

186 5669 431 5739 μάλιστα
466 5672 522 5721 ὲν
571 5670 799 5740 λαγνείᾳ⁴
853 5671 947 5723 καὶ
1002 5672 1201 5735 γαστρὶ
1250 5673 1589 5726 aumatium.
1650 5675 1756 5725 Καὶ

263 5842 308 5877 ⁸⁸
340 5844 539 5901 Jcrcm.
572 5862 641 5911 tv,
686 5843 763 5897 l-i,

1861 4682 1927 4735 Et
1951 4682 2083 4733 dicit
2120 4681 2357 4748 primum
2398 4681 2617 4749 quidem
2645 4696 2767 4733 esse
2795 4680 3059 4733 ferculum
3096 4695 3289 4733 eorum
3316 4697 3437 4747 qum

1861 4774 1971 4826 illic
2018 4783 2143 4827 sunt
2190 4773 2531 4841 apponcnda,
2576 4788 2703 4841 epar
2735 4772 3028 4842 alimpeput
3064 4773 3249 4840 piscis,
3290 4774 3435 4825 ciba—

1862 4866 2067 4919 riorum
2117 4865 2270 4917 valde
2312 4880 2498 4928 suave,
2550 4874 2605 4917 et
2656 4874 2778 4931 post
2811 4863 2926 4916 haec
2973 4880 3040 4917 ex
3081 4865 3434 4918 successione

1864 4959 2119 5011 arborum
2155 4956 2391 5009 fructus.
2419 4956 2485 5008 Et
2521 4956 2866 5009 descendens
2897 4954 2950 5007 in
2984 4956 3177 5009 eodem
3213 4959 3430 5024 capitu-

1866 5047 1938 5105 lo,
1992 5044 2460 5112 interrogantibus
2512 5060 2636 5099 eum
2693 5045 3045 5112 quibusdam,
3076 5046 3118 5098 si
3172 5055 3227 5098 et
3267 5047 3433 5098 ιλιι-

1866 5138 2098 5192 rientur.
2138 5136 2422 5202 respondit
2449 5176 2460 5187 .
2496 5136 2612 5188 Non
2648 5146 2796 5189 esset
2848 5136 3152 5199 beatitudo,
3198 5138 3239 5189 s‘
3280 5154 3432 5204 qum-

1865 5227 1986 5281 dam
2046 5228 2157 5279 illic
2206 5243 2313 5278 non
2369 5227 2588 5280 adesset
2641 5228 2913 5294 voluptas.
2950 5227 3140 5280 Potius
3208 5230 3431 5296 quidem

1868 5317 2034 5383 igitur
2075 5316 2276 5367 frustra
2325 5325 2509 5369 essent
2550 5316 2751 5377 omnia,
2793 5332 2916 5368 CUlll
2949 5332 3057 5368 non
3112 5328 3434 5383 sequeretur

1858 5407 2107 5473 volup:as
2157 5406 2463 5458 secundum
2514 5406 2808 5460 luxuriant.
2854 5408 2910 5460 ln
2951 5408 3055 5459 hoc
3120 5417 3301 5458 autem
3350 5416 3434 5459 est

1855 5495 2033 5547 onmis
2091 5494 2340 5547 Alt-oraui
2400 5495 2626 5549 intentio
2686 5507 2741 5548 et
2803 5497 2971 5548 totius
3027 5496 3427 5549 Saracmmrum

1856 5596 2037 5650 secta;
2094 5585 2488 5638 bratitudinem
2523 5587 2755 5637 maxime
2802 5586 2854 5637 in
2893 5586 3104 5638 luxuria
3139 5594 3194 5637 ct
3240 5595 3431 5640 venue

1855 5677 2216 5729 constituere.
2259 5674 2323 5728 lit
2369 5676 2481 5729 iure
2510 5693 2618 5729 non
2651 5675 2955 5731 secundum
3005 5676 3424 5733 similitudinem
