  <div class='ocr_page' id='page_1' title='image "/cluster/home/n/w/nwhite01/storage/ocr_20150623/154/nnc1.0046980970/547.png"; bbox 0 0 4198 6440; ppageno 0'>
   <div class='ocr_carea' id='block_1_1' title="bbox 727 489 1712 551">
    <p class='ocr_par' dir='ltr' id='par_1_1' title="bbox 727 489 1712 551">
     <span class='ocr_line' id='line_1_1' title="bbox 727 489 1712 551; baseline -0.001 -1"><span class='ocrx_word' id='word_1_1' title='bbox 727 489 864 551; x_wconf 79' lang='lat'><strong>1083</strong></span> <span class='ocrx_word' id='word_1_2' title='bbox 1683 497 1712 528; x_wconf 82' lang='grc'><strong><em>⁸</em></strong></span> 
     </span>
    </p>
   </div>
   <div class='ocr_carea' id='block_1_2' title="bbox 2004 461 2730 530">
    <p class='ocr_par' dir='ltr' id='par_1_2' title="bbox 2004 461 2730 530">
     <span class='ocr_line' id='line_1_2' title="bbox 2004 461 2730 530; baseline -0.014 0"><span class='ocrx_word' id='word_1_3' title='bbox 2004 470 2156 530; x_wconf 76' lang='grc' dir='ltr'><strong>ΟΕΜ</strong></span> <span class='ocrx_word' id='word_1_4' title='bbox 2169 466 2380 527; x_wconf 79' lang='grc' dir='ltr'><strong>ΕΤΒΙΙ</strong></span> <span class='ocrx_word' id='word_1_5' title='bbox 2421 464 2508 523; x_wconf 87' lang='lat' dir='ltr'><strong>CY</strong></span> <span class='ocrx_word' id='word_1_6' title='bbox 2519 463 2660 522; x_wconf 79' lang='lat' dir='ltr'><strong>DON</strong></span> <span class='ocrx_word' id='word_1_7' title='bbox 2673 461 2730 520; x_wconf 86' lang='lat' dir='ltr'><strong>II</strong></span> 
     </span>
    </p>
   </div>
   <div class='ocr_carea' id='block_1_3' title="bbox 3841 446 3978 513">
    <p class='ocr_par' dir='ltr' id='par_1_3' title="bbox 3841 446 3978 513">
     <span class='ocr_line' id='line_1_3' title="bbox 3841 446 3978 513; baseline -0.022 0"><span class='ocrx_word' id='word_1_8' title='bbox 3841 446 3978 513; x_wconf 72' lang='grc'>1084</span> 
     </span>
    </p>
   </div>
   <div class='ocr_carea' id='block_1_4' title="bbox 724 571 2328 667">
    <p class='ocr_par' dir='ltr' id='par_1_4' title="bbox 724 588 2328 667">
     <span class='ocr_line' id='line_1_4' title="bbox 724 588 2328 667; baseline -0.011 -16"><span class='ocrx_word' id='word_1_9' title='bbox 724 597 1014 667; x_wconf 87' lang='lat' dir='ltr'><strong>quamdam</strong></span> <span class='ocrx_word' id='word_1_10' title='bbox 1083 594 1167 646; x_wconf 83' lang='lat' dir='ltr'><strong>vel</strong></span> <span class='ocrx_word' id='word_1_11' title='bbox 1215 594 1524 660; x_wconf 60' lang='lat' dir='ltr'><strong>exemplum</strong></span> <span class='ocrx_word' id='word_1_12' title='bbox 1577 591 1753 650; x_wconf 85' lang='lat' dir='ltr'><strong>dicit,</strong></span> <span class='ocrx_word' id='word_1_13' title='bbox 1820 588 1963 640; x_wconf 90' lang='lat' dir='ltr'><strong>sicut</strong></span> <span class='ocrx_word' id='word_1_14' title='bbox 2021 593 2078 638; x_wconf 91' lang='lat' dir='ltr'><strong>et</strong></span> <span class='ocrx_word' id='word_1_15' title='bbox 2135 598 2328 642; x_wconf 44' lang='lat' dir='ltr'><strong>sacra,</strong></span> 
     </span>
    </p>
   </div>
   <div class='ocr_carea' id='block_1_5' title="bbox 2424 571 3979 667">
    <p class='ocr_par' dir='ltr' id='par_1_5' title="bbox 2429 571 3979 644">
     <span class='ocr_line' id='line_1_5' title="bbox 2429 571 3979 644; baseline -0.005 -15"><span class='ocrx_word' id='word_1_16' title='bbox 2429 577 2571 630; x_wconf 81' lang='grc' dir='ltr'>αὕτα</span> <span class='ocrx_word' id='word_1_17' title='bbox 2615 579 2674 630; x_wconf 86' lang='grc' dir='ltr'><strong>οὐ</strong></span> <span class='ocrx_word' id='word_1_18' title='bbox 2732 576 2876 630; x_wconf 85' lang='grc' dir='ltr'><strong>κατά</strong></span> <span class='ocrx_word' id='word_1_19' title='bbox 2924 594 3048 631; x_wconf 90' lang='grc' dir='ltr'>τινα</span> <span class='ocrx_word' id='word_1_20' title='bbox 3078 576 3373 644; x_wconf 74' lang='grc' dir='ltr'>ὁμοιότητα</span> <span class='ocrx_word' id='word_1_21' title='bbox 3421 571 3848 644; x_wconf 76' lang='grc' dir='ltr'>ἢπαράδειγμα</span> <span class='ocrx_word' id='word_1_22' title='bbox 3877 573 3979 638; x_wconf 65' lang='grc' dir='ltr'>φά-</span> 
     </span>
    </p>
   </div>
   <div class='ocr_carea' id='block_1_6' title="bbox 729 675 2290 754">
    <p class='ocr_par' dir='ltr' id='par_1_6' title="bbox 729 675 2290 754">
     <span class='ocr_line' id='line_1_6' title="bbox 729 675 2290 754; baseline -0.012 -13"><span class='ocrx_word' id='word_1_23' title='bbox 729 690 1012 754; x_wconf 76' lang='lat' dir='ltr'><strong>Scriptura</strong></span> <span class='ocrx_word' id='word_1_24' title='bbox 1051 683 1302 736; x_wconf 88' lang='lat' dir='ltr'><strong>meminit</strong></span> <span class='ocrx_word' id='word_1_25' title='bbox 1336 682 1670 733; x_wconf 79' lang='lat' dir='ltr'><strong>t&#39;ilmriorttttt</strong></span> <span class='ocrx_word' id='word_1_26' title='bbox 1718 689 1771 731; x_wconf 91' lang='lat' dir='ltr'><strong>et</strong></span> <span class='ocrx_word' id='word_1_27' title='bbox 1805 690 2006 729; x_wconf 76' lang='lat' dir='ltr'><strong>mensae</strong></span> <span class='ocrx_word' id='word_1_28' title='bbox 2047 675 2099 726; x_wconf 90' lang='lat' dir='ltr'><strong>in</strong></span> <span class='ocrx_word' id='word_1_29' title='bbox 2135 675 2290 726; x_wconf 86' lang='lat' dir='ltr'><strong>beata</strong></span> 
     </span>
    </p>
   </div>
   <div class='ocr_carea' id='block_1_7' title="bbox 728 755 2291 833">
    <p class='ocr_par' dir='ltr' id='par_1_7' title="bbox 728 755 2291 833">
     <span class='ocr_line' id='line_1_7' title="bbox 728 755 2291 833; baseline -0.012 0"><span class='ocrx_word' id='word_1_30' title='bbox 728 781 861 833; x_wconf 83' lang='lat' dir='ltr'><strong>vita.</strong></span> <span class='ocrx_word' id='word_1_31' title='bbox 896 781 967 829; x_wconf 84' lang='lat' dir='ltr'><strong>De</strong></span> <span class='ocrx_word' id='word_1_32' title='bbox 999 790 1122 828; x_wconf 82' lang='lat' dir='ltr'><strong>vera</strong></span> <span class='ocrx_word' id='word_1_33' title='bbox 1160 783 1340 824; x_wconf 82' lang='lat' dir='ltr'><strong>autem</strong></span> <span class='ocrx_word' id='word_1_34' title='bbox 1369 755 1739 827; x_wconf 80' lang='lat' dir='ltr'><strong>beatitudine,</strong></span> <span class='ocrx_word' id='word_1_35' title='bbox 1781 767 1921 819; x_wconf 88' lang='lat' dir='ltr'><strong>sicut</strong></span> <span class='ocrx_word' id='word_1_36' title='bbox 1947 765 2013 817; x_wconf 89' lang='lat' dir='ltr'><strong>de</strong></span> <span class='ocrx_word' id='word_1_37' title='bbox 2039 761 2291 832; x_wconf 82' lang='lat' dir='ltr'><strong>Specula-</strong></span> 
     </span>
    </p>
   </div>
   <div class='ocr_carea' id='block_1_8' title="bbox 731 852 2292 930">
    <p class='ocr_par' dir='ltr' id='par_1_8' title="bbox 731 852 2292 930">
     <span class='ocr_line' id='line_1_8' title="bbox 731 852 2292 930; baseline -0.014 -7"><span class='ocrx_word' id='word_1_38' title='bbox 731 872 881 923; x_wconf 84' lang='lat' dir='ltr'><strong>tione</strong></span> <span class='ocrx_word' id='word_1_39' title='bbox 923 867 1037 930; x_wconf 83' lang='lat' dir='ltr'><strong>llei,</strong></span> <span class='ocrx_word' id='word_1_40' title='bbox 1085 866 1164 918; x_wconf 80' lang='lat' dir='ltr'><strong>vel</strong></span> <span class='ocrx_word' id='word_1_41' title='bbox 1214 864 1279 916; x_wconf 88' lang='lat' dir='ltr'><strong>de</strong></span> <span class='ocrx_word' id='word_1_42' title='bbox 1317 863 1648 930; x_wconf 78' lang='lat' dir='ltr'><strong>perfectione</strong></span> <span class='ocrx_word' id='word_1_43' title='bbox 1685 857 1986 912; x_wconf 84' lang='lat' dir='ltr'><strong>secundum</strong></span> <span class='ocrx_word' id='word_1_44' title='bbox 2035 852 2292 911; x_wconf 83' lang='lat' dir='ltr'><strong>animam,</strong></span> 
     </span>
    </p>
   </div>
   <div class='ocr_carea' id='block_1_9' title="bbox 731 949 2298 1016">
    <p class='ocr_par' dir='ltr' id='par_1_9' title="bbox 731 949 2298 1016">
     <span class='ocr_line' id='line_1_9' title="bbox 731 949 2298 1016; baseline -0.012 0"><span class='ocrx_word' id='word_1_45' title='bbox 731 963 935 1016; x_wconf 86' lang='lat' dir='ltr'><strong>nullam</strong></span> <span class='ocrx_word' id='word_1_46' title='bbox 970 959 1194 1011; x_wconf 88' lang='lat' dir='ltr'><strong>oumino</strong></span> <span class='ocrx_word' id='word_1_47' title='bbox 1228 956 1561 1008; x_wconf 79' lang='lat' dir='ltr'><strong>mentionem</strong></span> <span class='ocrx_word' id='word_1_48' title='bbox 1610 952 1736 1004; x_wconf 74' lang='lat' dir='ltr'><strong>facit</strong></span> <span class='ocrx_word' id='word_1_49' title='bbox 1777 949 2136 1007; x_wconf 76' lang='lat' dir='ltr'><strong>Mahometus,</strong></span> <span class='ocrx_word' id='word_1_50' title='bbox 2172 959 2298 1014; x_wconf 84' lang='lat' dir='ltr'><strong>pro-</strong></span> 
     </span>
    </p>
   </div>
   <div class='ocr_carea' id='block_1_10' title="bbox 735 1037 2298 1116">
    <p class='ocr_par' dir='ltr' id='par_1_10' title="bbox 735 1037 2298 1116">
     <span class='ocr_line' id='line_1_10' title="bbox 735 1037 2298 1116; baseline -0.013 -13"><span class='ocrx_word' id='word_1_51' title='bbox 735 1058 918 1116; x_wconf 84' lang='lat' dir='ltr'><strong>pterea</strong></span> <span class='ocrx_word' id='word_1_52' title='bbox 969 1046 1113 1115; x_wconf 88' lang='lat' dir='ltr'><strong>quod</strong></span> <span class='ocrx_word' id='word_1_53' title='bbox 1163 1059 1342 1112; x_wconf 84' lang='lat' dir='ltr'><strong>neque</strong></span> <span class='ocrx_word' id='word_1_54' title='bbox 1391 1043 1530 1095; x_wconf 78' lang='lat' dir='ltr'><strong>hanc</strong></span> <span class='ocrx_word' id='word_1_55' title='bbox 1574 1037 1936 1106; x_wconf 74' lang='lat' dir='ltr'><strong>concupiscit,</strong></span> <span class='ocrx_word' id='word_1_56' title='bbox 1971 1050 2145 1102; x_wconf 85' lang='lat' dir='ltr'><strong>neque</strong></span> <span class='ocrx_word' id='word_1_57' title='bbox 2199 1049 2298 1100; x_wconf 85' lang='lat' dir='ltr'><strong>ap-</strong></span> 
     </span>
    </p>
   </div>
   <div class='ocr_carea' id='block_1_11' title="bbox 738 1127 2300 1208">
    <p class='ocr_par' dir='ltr' id='par_1_11' title="bbox 738 1127 2300 1208">
     <span class='ocr_line' id='line_1_11' title="bbox 738 1127 2300 1208; baseline -0.011 -16"><span class='ocrx_word' id='word_1_58' title='bbox 738 1138 1048 1208; x_wconf 77' lang='lat' dir='ltr'><strong>prehendit.</strong></span> <span class='ocrx_word' id='word_1_59' title='bbox 1086 1137 1210 1189; x_wconf 85' lang='lat' dir='ltr'><strong>Sola</strong></span> <span class='ocrx_word' id='word_1_60' title='bbox 1241 1137 1386 1188; x_wconf 88' lang='lat' dir='ltr'><strong>enim</strong></span> <span class='ocrx_word' id='word_1_61' title='bbox 1426 1151 1544 1200; x_wconf 67' lang='lat' dir='ltr'><strong>qum</strong></span> <span class='ocrx_word' id='word_1_62' title='bbox 1578 1130 1938 1197; x_wconf 74' lang='lat' dir='ltr'><strong>concupiscit,</strong></span> <span class='ocrx_word' id='word_1_63' title='bbox 1973 1128 2085 1179; x_wconf 66' lang='lat' dir='ltr'><strong>hate</strong></span> <span class='ocrx_word' id='word_1_64' title='bbox 2113 1127 2221 1194; x_wconf 86' lang='lat' dir='ltr'><strong>jam</strong></span> <span class='ocrx_word' id='word_1_65' title='bbox 2245 1134 2300 1176; x_wconf 92' lang='lat' dir='ltr'><strong>ct</strong></span> 
     </span>
    </p>
   </div>
   <div class='ocr_carea' id='block_1_12' title="bbox 738 1219 2298 1300">
    <p class='ocr_par' dir='ltr' id='par_1_12' title="bbox 738 1219 2298 1300">
     <span class='ocr_line' id='line_1_12' title="bbox 738 1219 2298 1300; baseline -0.012 -15"><span class='ocrx_word' id='word_1_66' title='bbox 738 1230 1034 1300; x_wconf 86' lang='lat' dir='ltr'><strong>promittit.</strong></span> <span class='ocrx_word' id='word_1_67' title='bbox 1080 1227 1134 1280; x_wconf 90' lang='lat' dir='ltr'><strong>In</strong></span> <span class='ocrx_word' id='word_1_68' title='bbox 1191 1229 1295 1280; x_wconf 89' lang='lat' dir='ltr'><strong>hoc</strong></span> <span class='ocrx_word' id='word_1_69' title='bbox 1346 1227 1493 1280; x_wconf 87' lang='lat' dir='ltr'><strong>enim</strong></span> <span class='ocrx_word' id='word_1_70' title='bbox 1551 1232 1736 1291; x_wconf 83' lang='lat' dir='ltr'><strong>aperte</strong></span> <span class='ocrx_word' id='word_1_71' title='bbox 1766 1220 2002 1272; x_wconf 84' lang='lat' dir='ltr'><strong>ostendit</strong></span> <span class='ocrx_word' id='word_1_72' title='bbox 2059 1219 2298 1284; x_wconf 79' lang='lat' dir='ltr'><strong>seipsum</strong></span> 
     </span>
    </p>
   </div>
   <div class='ocr_carea' id='block_1_13' title="bbox 738 1304 2302 1377">
    <p class='ocr_par' dir='ltr' id='par_1_13' title="bbox 738 1304 2302 1377">
     <span class='ocr_line' id='line_1_13' title="bbox 738 1304 2302 1377; baseline -0.009 -7"><span class='ocrx_word' id='word_1_73' title='bbox 738 1319 1078 1370; x_wconf 87' lang='lat' dir='ltr'><strong>contrarium</strong></span> <span class='ocrx_word' id='word_1_74' title='bbox 1112 1315 1352 1376; x_wconf 78' lang='lat' dir='ltr'><strong>Christo,</strong></span> <span class='ocrx_word' id='word_1_75' title='bbox 1406 1323 1462 1367; x_wconf 90' lang='lat' dir='ltr'><strong>et</strong></span> <span class='ocrx_word' id='word_1_76' title='bbox 1496 1312 1755 1364; x_wconf 74' lang='lat' dir='ltr'><strong>montibus</strong></span> <span class='ocrx_word' id='word_1_77' title='bbox 1790 1307 2072 1377; x_wconf 80' lang='lat' dir='ltr'><strong>prophetis</strong></span> <span class='ocrx_word' id='word_1_78' title='bbox 2097 1317 2150 1359; x_wconf 74' lang='lat' dir='ltr'><strong>et</strong></span> <span class='ocrx_word' id='word_1_79' title='bbox 2183 1304 2302 1372; x_wconf 87' lang='lat' dir='ltr'><strong>phi-</strong></span> 
     </span>
    </p>
   </div>
   <div class='ocr_carea' id='block_1_14' title="bbox 743 1395 2305 1476">
    <p class='ocr_par' dir='ltr' id='par_1_14' title="bbox 743 1395 2305 1476">
     <span class='ocr_line' id='line_1_14' title="bbox 743 1395 2305 1476; baseline -0.01 -15"><span class='ocrx_word' id='word_1_80' title='bbox 743 1409 1006 1476; x_wconf 79' lang='lat' dir='ltr'><strong>IUSOphis,</strong></span> <span class='ocrx_word' id='word_1_81' title='bbox 1039 1416 1095 1459; x_wconf 89' lang='lat' dir='ltr'><strong>et</strong></span> <span class='ocrx_word' id='word_1_82' title='bbox 1126 1405 1386 1458; x_wconf 89' lang='lat' dir='ltr'><strong>omnibus</strong></span> <span class='ocrx_word' id='word_1_83' title='bbox 1409 1405 1501 1472; x_wconf 87' lang='lat' dir='ltr'><strong>qui</strong></span> <span class='ocrx_word' id='word_1_84' title='bbox 1533 1405 1743 1456; x_wconf 84' lang='lat' dir='ltr'><strong>ratione</strong></span> <span class='ocrx_word' id='word_1_85' title='bbox 1783 1409 2031 1459; x_wconf 89' lang='lat' dir='ltr'><strong>utuntur,</strong></span> <span class='ocrx_word' id='word_1_86' title='bbox 2067 1395 2159 1464; x_wconf 93' lang='lat' dir='ltr'><strong>qui</strong></span> <span class='ocrx_word' id='word_1_87' title='bbox 2190 1411 2305 1448; x_wconf 87' lang='lat' dir='ltr'><strong>om-</strong></span> 
     </span>
    </p>
   </div>
   <div class='ocr_carea' id='block_1_15' title="bbox 746 1485 2307 1551">
    <p class='ocr_par' dir='ltr' id='par_1_15' title="bbox 746 1485 2307 1551">
     <span class='ocr_line' id='line_1_15' title="bbox 746 1485 2307 1551; baseline -0.006 -5"><span class='ocrx_word' id='word_1_88' title='bbox 746 1510 842 1546; x_wconf 89' lang='lat' dir='ltr'><strong>nes</strong></span> <span class='ocrx_word' id='word_1_89' title='bbox 897 1494 1265 1546; x_wconf 87' lang='lat' dir='ltr'><strong>eonnnuniter</strong></span> <span class='ocrx_word' id='word_1_90' title='bbox 1315 1492 1681 1551; x_wconf 79' lang='lat' dir='ltr'><strong>conveniunt,</strong></span> <span class='ocrx_word' id='word_1_91' title='bbox 1755 1488 1998 1540; x_wconf 89' lang='lat' dir='ltr'><strong>ultimam</strong></span> <span class='ocrx_word' id='word_1_92' title='bbox 2070 1485 2307 1537; x_wconf 75' lang='lat' dir='ltr'><strong>hominis</strong></span> 
     </span>
    </p>
   </div>
   <div class='ocr_carea' id='block_1_16' title="bbox 747 1574 2305 1646">
    <p class='ocr_par' dir='ltr' id='par_1_16' title="bbox 747 1574 2305 1646">
     <span class='ocr_line' id='line_1_16' title="bbox 747 1574 2305 1646; baseline -0.004 -13"><span class='ocrx_word' id='word_1_93' title='bbox 747 1581 1140 1634; x_wconf 76' lang='lat' dir='ltr'><strong>beatitudinem</strong></span> <span class='ocrx_word' id='word_1_94' title='bbox 1208 1595 1327 1631; x_wconf 75' lang='lat' dir='ltr'><strong>esse</strong></span> <span class='ocrx_word' id='word_1_95' title='bbox 1393 1581 1445 1631; x_wconf 91' lang='lat' dir='ltr'><strong>in</strong></span> <span class='ocrx_word' id='word_1_96' title='bbox 1517 1580 1609 1632; x_wconf 80' lang='lat' dir='ltr'><strong>Dei</strong></span> <span class='ocrx_word' id='word_1_97' title='bbox 1661 1576 1994 1646; x_wconf 84' lang='lat' dir='ltr'><strong>cognitione.</strong></span> <span class='ocrx_word' id='word_1_98' title='bbox 2046 1574 2199 1629; x_wconf 86' lang='lat' dir='ltr'><strong>Sicut</strong></span> <span class='ocrx_word' id='word_1_99' title='bbox 2254 1576 2305 1626; x_wconf 84' lang='lat' dir='ltr'><strong>in</strong></span> 
     </span>
    </p>
   </div>
   <div class='ocr_carea' id='block_1_17' title="bbox 747 1666 2307 1740">
    <p class='ocr_par' dir='ltr' id='par_1_17' title="bbox 747 1666 2307 1740">
     <span class='ocr_line' id='line_1_17' title="bbox 747 1666 2307 1740; baseline -0.006 -15"><span class='ocrx_word' id='word_1_100' title='bbox 747 1673 1039 1740; x_wconf 68' lang='lat' dir='ltr'><strong>l&#39;lvaugclio</strong></span> <span class='ocrx_word' id='word_1_101' title='bbox 1097 1670 1394 1724; x_wconf 84' lang='lat' dir='ltr'><strong>secundum</strong></span> <span class='ocrx_word' id='word_1_102' title='bbox 1453 1671 1815 1725; x_wconf 56' lang='lat' dir='ltr'><strong>Joannem”</strong></span> <span class='ocrx_word' id='word_1_103' title='bbox 1879 1669 2005 1720; x_wconf 76' lang='lat' dir='ltr'><strong>[huc</strong></span> <span class='ocrx_word' id='word_1_104' title='bbox 2068 1677 2149 1720; x_wconf 88' lang='lat' dir='ltr'><strong>est</strong></span> <span class='ocrx_word' id='word_1_105' title='bbox 2202 1666 2307 1716; x_wconf 79' lang='lat' dir='ltr'><strong>vita</strong></span> 
     </span>
    </p>
   </div>
   <div class='ocr_carea' id='block_1_18' title="bbox 745 1751 2311 1824">
    <p class='ocr_par' dir='ltr' id='par_1_18' title="bbox 745 1751 2311 1824">
     <span class='ocr_line' id='line_1_18' title="bbox 745 1751 2311 1824; baseline -0.006 -13"><span class='ocrx_word' id='word_1_106' title='bbox 745 1767 970 1814; x_wconf 67' lang='lat' dir='ltr'><strong>aeterna.</strong></span> <span class='ocrx_word' id='word_1_107' title='bbox 1000 1765 1056 1808; x_wconf 84' lang='grc' dir='ltr'><strong>ιιι</strong></span> <span class='ocrx_word' id='word_1_108' title='bbox 1090 1766 1416 1824; x_wconf 61' lang='lat' dir='ltr'><strong>cognoscant</strong></span> <span class='ocrx_word' id='word_1_109' title='bbox 1453 1767 1502 1806; x_wconf 84' lang='lat' dir='ltr'><strong>te</strong></span> <span class='ocrx_word' id='word_1_110' title='bbox 1546 1756 1716 1804; x_wconf 74' lang='lat' dir='ltr'><strong>solum</strong></span> <span class='ocrx_word' id='word_1_111' title='bbox 1761 1770 1946 1804; x_wconf 80' lang='lat' dir='ltr'><strong>verum</strong></span> <span class='ocrx_word' id='word_1_112' title='bbox 1993 1751 2157 1803; x_wconf 61' lang='lat' dir='ltr'><strong>lli-um</strong></span> <span class='ocrx_word' id='word_1_113' title='bbox 2186 1752 2247 1803; x_wconf 80' lang='grc'>¹⁵.</span> <span class='ocrx_word' id='word_1_114' title='bbox 2293 1769 2311 1801; x_wconf 69' lang='grc' dir='ltr'><strong>ι</strong></span> 
     </span>
    </p>
   </div>
   <div class='ocr_carea' id='block_1_19' title="bbox 747 1842 2320 1910">
    <p class='ocr_par' dir='ltr' id='par_1_19' title="bbox 747 1842 2320 1910">
     <span class='ocr_line' id='line_1_19' title="bbox 747 1842 2320 1910; baseline -0.008 -6"><span class='ocrx_word' id='word_1_115' title='bbox 747 1850 814 1904; x_wconf 82' lang='lat' dir='ltr'><strong>Et</strong></span> <span class='ocrx_word' id='word_1_116' title='bbox 841 1847 1166 1904; x_wconf 76' lang='lat' dir='ltr'><strong>Aristoteles</strong></span> <span class='ocrx_word' id='word_1_117' title='bbox 1214 1846 1362 1902; x_wconf 84' lang='lat' dir='ltr'><strong>dicit.</strong></span> <span class='ocrx_word' id='word_1_118' title='bbox 1415 1845 1558 1910; x_wconf 84' lang='lat' dir='ltr'><strong>quod</strong></span> <span class='ocrx_word' id='word_1_119' title='bbox 1617 1845 1720 1896; x_wconf 77' lang='lat' dir='ltr'><strong>vita</strong></span> <span class='ocrx_word' id='word_1_120' title='bbox 1769 1844 2066 1895; x_wconf 75' lang='lat' dir='ltr'><strong>secundum</strong></span> <span class='ocrx_word' id='word_1_121' title='bbox 2116 1842 2320 1895; x_wconf 76' lang='lat' dir='ltr'><strong>intelle-</strong></span> 
     </span>
    </p>
   </div>
   <div class='ocr_carea' id='block_1_20' title="bbox 2397 666 3975 739">
    <p class='ocr_par' dir='ltr' id='par_1_20' title="bbox 2397 666 3975 739">
     <span class='ocr_line' id='line_1_20' title="bbox 2397 666 3975 739; baseline -0.002 -18"><span class='ocrx_word' id='word_1_122' title='bbox 2397 688 2535 732; x_wconf 84' lang='grc' dir='ltr'>σκει,</span> <span class='ocrx_word' id='word_1_123' title='bbox 2584 669 2776 739; x_wconf 78' lang='grc' dir='ltr'>ὥσπερ</span> <span class='ocrx_word' id='word_1_124' title='bbox 2833 670 2929 722; x_wconf 69' lang='grc' dir='ltr'><strong>καὶ</strong></span> <span class='ocrx_word' id='word_1_125' title='bbox 2990 670 3022 738; x_wconf 84' lang='grc' dir='ltr'>ὴ</span> <span class='ocrx_word' id='word_1_126' title='bbox 3063 670 3184 739; x_wconf 76' lang='grc' dir='ltr'><strong>ίερά</strong></span> <span class='ocrx_word' id='word_1_127' title='bbox 3218 668 3493 737; x_wconf 81' lang='grc' dir='ltr'><strong>μέμνηται</strong></span> <span class='ocrx_word' id='word_1_128' title='bbox 3533 666 3729 734; x_wconf 83' lang='grc' dir='ltr'>Γραφὴ</span> <span class='ocrx_word' id='word_1_129' title='bbox 3781 667 3975 718; x_wconf 86' lang='grc' dir='ltr'>σιτίων</span> 
     </span>
    </p>
   </div>
   <div class='ocr_carea' id='block_1_21' title="bbox 2395 758 3977 828">
    <p class='ocr_par' dir='ltr' id='par_1_21' title="bbox 2395 758 3977 828">
     <span class='ocr_line' id='line_1_21' title="bbox 2395 758 3977 828; baseline -0.001 -17"><span class='ocrx_word' id='word_1_130' title='bbox 2395 763 2492 811; x_wconf 75' lang='grc' dir='ltr'>καὶ</span> <span class='ocrx_word' id='word_1_131' title='bbox 2524 762 2802 828; x_wconf 73' lang='grc' dir='ltr'><strong>τραπέζης</strong></span> <span class='ocrx_word' id='word_1_132' title='bbox 2856 761 2930 811; x_wconf 80' lang='grc' dir='ltr'><strong>ὲν·</strong></span> <span class='ocrx_word' id='word_1_133' title='bbox 2961 762 3028 827; x_wconf 83' lang='grc' dir='ltr'>τῇ</span> <span class='ocrx_word' id='word_1_134' title='bbox 3087 759 3335 828; x_wconf 71' lang='grc' dir='ltr'>μακαρία</span> <span class='ocrx_word' id='word_1_135' title='bbox 3384 758 3519 826; x_wconf 77' lang='grc' dir='ltr'>ζωῇ.</span> <span class='ocrx_word' id='word_1_136' title='bbox 3560 759 3696 827; x_wconf 68' lang='grc' dir='ltr'>Περὶ</span> <span class='ocrx_word' id='word_1_137' title='bbox 3724 759 3835 826; x_wconf 67' lang='grc' dir='ltr'><strong>γὰρ</strong></span> <span class='ocrx_word' id='word_1_138' title='bbox 3879 761 3977 825; x_wconf 74' lang='grc' dir='ltr'><strong>τῆς</strong></span> 
     </span>
    </p>
   </div>
   <div class='ocr_carea' id='block_1_22' title="bbox 2397 843 3979 917">
    <p class='ocr_par' dir='ltr' id='par_1_22' title="bbox 2397 843 3979 917">
     <span class='ocr_line' id='line_1_22' title="bbox 2397 843 3979 917; baseline -0.001 -17"><span class='ocrx_word' id='word_1_139' title='bbox 2397 848 2613 915; x_wconf 73' lang='grc' dir='ltr'>ἀληθῶς</span> <span class='ocrx_word' id='word_1_140' title='bbox 2657 848 3078 917; x_wconf 76' lang='grc' dir='ltr'><strong>μακαριότητος,</strong></span> <span class='ocrx_word' id='word_1_141' title='bbox 3131 843 3243 901; x_wconf 73' lang='grc' dir='ltr'>οἷον</span> <span class='ocrx_word' id='word_1_142' title='bbox 3293 849 3392 915; x_wconf 73' lang='grc' dir='ltr'>τῆς</span> <span class='ocrx_word' id='word_1_143' title='bbox 3419 847 3512 900; x_wconf 79' lang='grc' dir='ltr'>τοῦ</span> <span class='ocrx_word' id='word_1_144' title='bbox 3544 849 3680 900; x_wconf 73' lang='grc' dir='ltr'>Θεοῦ</span> <span class='ocrx_word' id='word_1_145' title='bbox 3719 848 3979 915; x_wconf 72' lang='grc' dir='ltr'>Θεωρίας,</span> 
     </span>
    </p>
   </div>
   <div class='ocr_carea' id='block_1_23' title="bbox 2396 939 3980 1010">
    <p class='ocr_par' dir='ltr' id='par_1_23' title="bbox 2396 939 3980 1010">
     <span class='ocr_line' id='line_1_23' title="bbox 2396 939 3980 1010; baseline -0.001 -18"><span class='ocrx_word' id='word_1_146' title='bbox 2396 941 2428 1009; x_wconf 79' lang='grc' dir='ltr'>ἢ</span> <span class='ocrx_word' id='word_1_147' title='bbox 2466 940 2563 1004; x_wconf 76' lang='grc' dir='ltr'>τῆς</span> <span class='ocrx_word' id='word_1_148' title='bbox 2591 941 2730 991; x_wconf 78' lang='grc' dir='ltr'>κατὰ</span> <span class='ocrx_word' id='word_1_149' title='bbox 2749 940 2925 1010; x_wconf 62' lang='grc' dir='ltr'>ψυχὴν</span> <span class='ocrx_word' id='word_1_150' title='bbox 2953 939 3311 1009; x_wconf 72' lang='grc' dir='ltr'><strong>τελειότητος,</strong></span> <span class='ocrx_word' id='word_1_151' title='bbox 3337 940 3594 1006; x_wconf 78' lang='grc' dir='ltr'><strong>οὐδεμίαν</strong></span> <span class='ocrx_word' id='word_1_152' title='bbox 3617 940 3980 993; x_wconf 69' lang='grc' dir='ltr'>παντάπασιν</span> 
     </span>
    </p>
   </div>
   <div class='ocr_carea' id='block_1_24' title="bbox 2399 1029 3987 1102">
    <p class='ocr_par' dir='ltr' id='par_1_24' title="bbox 2399 1029 3987 1102">
     <span class='ocr_line' id='line_1_24' title="bbox 2399 1029 3987 1102; baseline -0.004 -16"><span class='ocrx_word' id='word_1_153' title='bbox 2399 1037 2636 1086; x_wconf 84' lang='grc' dir='ltr'>ποιεῖται</span> <span class='ocrx_word' id='word_1_154' title='bbox 2692 1035 2913 1102; x_wconf 80' lang='grc' dir='ltr'>μνήμην</span> <span class='ocrx_word' id='word_1_155' title='bbox 2953 1032 2981 1082; x_wconf 81' lang='grc' dir='ltr'><strong>ὁ</strong></span> <span class='ocrx_word' id='word_1_156' title='bbox 3027 1031 3342 1100; x_wconf 80' lang='grc' dir='ltr'>Μαχούμετ,</span> <span class='ocrx_word' id='word_1_157' title='bbox 3388 1032 3473 1083; x_wconf 75' lang='grc' dir='ltr'><strong>διὰ</strong></span> <span class='ocrx_word' id='word_1_158' title='bbox 3527 1030 3587 1082; x_wconf 74' lang='grc' dir='ltr'><strong>τδ</strong></span> <span class='ocrx_word' id='word_1_159' title='bbox 3619 1031 3758 1098; x_wconf 78' lang='grc' dir='ltr'>μήτε</span> <span class='ocrx_word' id='word_1_160' title='bbox 3792 1029 3987 1082; x_wconf 64' lang='lat' dir='ltr'><strong>smile-</strong></span> 
     </span>
    </p>
   </div>
   <div class='ocr_carea' id='block_1_25' title="bbox 2406 1115 3986 1194">
    <p class='ocr_par' dir='ltr' id='par_1_25' title="bbox 2406 1115 3986 1194">
     <span class='ocr_line' id='line_1_25' title="bbox 2406 1115 3986 1194; baseline -0.003 -17"><span class='ocrx_word' id='word_1_161' title='bbox 2406 1127 2577 1193; x_wconf 74' lang='grc' dir='ltr'>μῆσαι</span> <span class='ocrx_word' id='word_1_162' title='bbox 2619 1128 2856 1189; x_wconf 69' lang='grc' dir='ltr'>ταύτης,</span> <span class='ocrx_word' id='word_1_163' title='bbox 2920 1124 3044 1194; x_wconf 83' lang='grc' dir='ltr'>μήτ’</span> <span class='ocrx_word' id='word_1_164' title='bbox 3099 1124 3475 1177; x_wconf 77' lang='grc' dir='ltr'>ἐπιλαϐέσθαι.</span> <span class='ocrx_word' id='word_1_165' title='bbox 3535 1125 3689 1177; x_wconf 64' lang='lat' dir='ltr'><strong>Mdv:</strong></span> <span class='ocrx_word' id='word_1_166' title='bbox 3745 1123 3862 1192; x_wconf 76' lang='grc' dir='ltr'>γὰρ</span> <span class='ocrx_word' id='word_1_167' title='bbox 3912 1115 3986 1174; x_wconf 83' lang='grc' dir='ltr'>ὧν</span> 
     </span>
    </p>
   </div>
   <div class='ocr_carea' id='block_1_26' title="bbox 2404 1214 3987 1285">
    <p class='ocr_par' dir='ltr' id='par_1_26' title="bbox 2404 1214 3987 1285">
     <span class='ocr_line' id='line_1_26' title="bbox 2404 1214 3987 1285; baseline -0.003 -16"><span class='ocrx_word' id='word_1_168' title='bbox 2404 1216 2695 1285; x_wconf 68' lang='grc' dir='ltr'>ἐπεθύμει,</span> <span class='ocrx_word' id='word_1_169' title='bbox 2726 1217 2902 1269; x_wconf 78' lang='grc' dir='ltr'>ταῦτα</span> <span class='ocrx_word' id='word_1_170' title='bbox 2951 1216 3015 1283; x_wconf 78' lang='grc' dir='ltr'><strong>δὴ</strong></span> <span class='ocrx_word' id='word_1_171' title='bbox 3066 1216 3161 1268; x_wconf 73' lang='grc' dir='ltr'><strong>καὶ</strong></span> <span class='ocrx_word' id='word_1_172' title='bbox 3203 1215 3492 1284; x_wconf 72' lang='grc' dir='ltr'>ὑπέσχετο.</span> <span class='ocrx_word' id='word_1_173' title='bbox 3535 1215 3625 1267; x_wconf 84' lang='grc' dir='ltr'>Ἐν</span> <span class='ocrx_word' id='word_1_174' title='bbox 3654 1214 3844 1283; x_wconf 73' lang='grc' dir='ltr'>τούτῳ</span> <span class='ocrx_word' id='word_1_175' title='bbox 3880 1215 3987 1280; x_wconf 69' lang='grc' dir='ltr'><strong>γὰρ</strong></span> 
     </span>
    </p>
   </div>
   <div class='ocr_carea' id='block_1_27' title="bbox 2405 1305 3990 1376">
    <p class='ocr_par' dir='ltr' id='par_1_27' title="bbox 2405 1305 3990 1376">
     <span class='ocr_line' id='line_1_27' title="bbox 2405 1305 3990 1376; baseline -0.004 -13"><span class='ocrx_word' id='word_1_176' title='bbox 2405 1308 2945 1376; x_wconf 76' lang='grc' dir='ltr'>ἁνακεκαλυμμένως</span> <span class='ocrx_word' id='word_1_177' title='bbox 2991 1307 3265 1358; x_wconf 83' lang='grc' dir='ltr'>δείκνυσιν</span> <span class='ocrx_word' id='word_1_178' title='bbox 3299 1307 3493 1358; x_wconf 72' lang='grc' dir='ltr'>ἑαυτὸν</span> <span class='ocrx_word' id='word_1_179' title='bbox 3515 1305 3761 1359; x_wconf 77' lang='grc' dir='ltr'>ἐναντίον</span> <span class='ocrx_word' id='word_1_180' title='bbox 3814 1306 3897 1373; x_wconf 76' lang='grc' dir='ltr'>τῷ</span> <span class='ocrx_word' id='word_1_181' title='bbox 3934 1322 3990 1356; x_wconf 82' lang='grc' dir='ltr'><strong>τε</strong></span> 
     </span>
    </p>
   </div>
   <div class='ocr_carea' id='block_1_28' title="bbox 2404 1398 3994 1469">
    <p class='ocr_par' dir='ltr' id='par_1_28' title="bbox 2404 1398 3994 1469">
     <span class='ocr_line' id='line_1_28' title="bbox 2404 1398 3994 1469; baseline -0.004 -15"><span class='ocrx_word' id='word_1_182' title='bbox 2404 1401 2624 1469; x_wconf 80' lang='grc' dir='ltr'>Χριστῷ</span> <span class='ocrx_word' id='word_1_183' title='bbox 2665 1400 2761 1450; x_wconf 77' lang='grc' dir='ltr'><strong>καὶ</strong></span> <span class='ocrx_word' id='word_1_184' title='bbox 2812 1400 2944 1450; x_wconf 82' lang='grc' dir='ltr'>πᾶσι</span> <span class='ocrx_word' id='word_1_185' title='bbox 2994 1399 3303 1468; x_wconf 71' lang='grc' dir='ltr'><strong>προφήταις</strong></span> <span class='ocrx_word' id='word_1_186' title='bbox 3358 1402 3452 1452; x_wconf 79' lang='grc' dir='ltr'><strong>καὶ</strong></span> <span class='ocrx_word' id='word_1_187' title='bbox 3492 1398 3834 1464; x_wconf 61' lang='grc' dir='ltr'>φιλοσόφοις,</span> <span class='ocrx_word' id='word_1_188' title='bbox 3899 1399 3994 1449; x_wconf 68' lang='grc' dir='ltr'>καὶ</span> 
     </span>
    </p>
   </div>
   <div class='ocr_carea' id='block_1_29' title="bbox 2409 1488 3995 1558">
    <p class='ocr_par' dir='ltr' id='par_1_29' title="bbox 2409 1488 3995 1558">
     <span class='ocr_line' id='line_1_29' title="bbox 2409 1488 3995 1558; baseline -0.002 -18"><span class='ocrx_word' id='word_1_189' title='bbox 2409 1491 2541 1540; x_wconf 65' lang='grc' dir='ltr'>πᾶσι</span> <span class='ocrx_word' id='word_1_190' title='bbox 2601 1491 2712 1550; x_wconf 76' lang='grc' dir='ltr'>τοῖς</span> <span class='ocrx_word' id='word_1_191' title='bbox 2761 1489 2905 1556; x_wconf 71' lang='grc' dir='ltr'>λόγῳ</span> <span class='ocrx_word' id='word_1_192' title='bbox 2940 1488 3274 1556; x_wconf 78' lang='grc' dir='ltr'><strong>χρωμένοις·</strong></span> <span class='ocrx_word' id='word_1_193' title='bbox 3307 1489 3355 1540; x_wconf 76' lang='grc' dir='ltr'>οἳ</span> <span class='ocrx_word' id='word_1_194' title='bbox 3397 1492 3544 1558; x_wconf 85' lang='grc' dir='ltr'>κοινῇ</span> <span class='ocrx_word' id='word_1_195' title='bbox 3584 1490 3790 1548; x_wconf 65' lang='grc' dir='ltr'>πάντες</span> <span class='ocrx_word' id='word_1_196' title='bbox 3858 1505 3995 1548; x_wconf 75' lang='grc' dir='ltr'>συμ-</span> 
     </span>
    </p>
   </div>
   <div class='ocr_carea' id='block_1_30' title="bbox 2410 1576 3997 1650">
    <p class='ocr_par' dir='ltr' id='par_1_30' title="bbox 2410 1576 3997 1650">
     <span class='ocr_line' id='line_1_30' title="bbox 2410 1576 3997 1650; baseline -0.004 -18"><span class='ocrx_word' id='word_1_197' title='bbox 2410 1581 2648 1648; x_wconf 64' lang='grc' dir='ltr'>φωνοῦσι</span> <span class='ocrx_word' id='word_1_198' title='bbox 2701 1582 2800 1648; x_wconf 77' lang='grc' dir='ltr'><strong>τὴν</strong></span> <span class='ocrx_word' id='word_1_199' title='bbox 2847 1584 3088 1650; x_wconf 73' lang='grc' dir='ltr'>ἐσχάτην</span> <span class='ocrx_word' id='word_1_200' title='bbox 3147 1576 3284 1632; x_wconf 73' lang='grc' dir='ltr'>εἶναι</span> <span class='ocrx_word' id='word_1_201' title='bbox 3321 1581 3415 1633; x_wconf 76' lang='grc' dir='ltr'>τοῦ</span> <span class='ocrx_word' id='word_1_202' title='bbox 3472 1581 3766 1649; x_wconf 76' lang='grc' dir='ltr'>ἀνθρώπου</span> <span class='ocrx_word' id='word_1_203' title='bbox 3819 1579 3997 1630; x_wconf 61' lang='lat' dir='ltr'><strong>siin-</strong></span> 
     </span>
    </p>
   </div>
   <div class='ocr_carea' id='block_1_31' title="bbox 2413 1671 3997 1740">
    <p class='ocr_par' dir='ltr' id='par_1_31' title="bbox 2413 1671 3997 1740">
     <span class='ocr_line' id='line_1_31' title="bbox 2413 1671 3997 1740; baseline -0.001 -18"><span class='ocrx_word' id='word_1_204' title='bbox 2413 1672 2602 1739; x_wconf 73' lang='lat' dir='ltr'><strong>pwizv</strong></span> <span class='ocrx_word' id='word_1_205' title='bbox 2657 1675 2715 1722; x_wconf 80' lang='grc' dir='ltr'><strong>ὲν</strong></span> <span class='ocrx_word' id='word_1_206' title='bbox 2777 1675 2840 1738; x_wconf 82' lang='grc' dir='ltr'>τῇ</span> <span class='ocrx_word' id='word_1_207' title='bbox 2889 1671 2982 1723; x_wconf 76' lang='grc' dir='ltr'><strong>τοῦ</strong></span> <span class='ocrx_word' id='word_1_208' title='bbox 3040 1671 3176 1724; x_wconf 81' lang='grc' dir='ltr'>Θεοῦ</span> <span class='ocrx_word' id='word_1_209' title='bbox 3212 1671 3446 1740; x_wconf 78' lang='grc' dir='ltr'>γνώσει·</span> <span class='ocrx_word' id='word_1_210' title='bbox 3500 1673 3573 1726; x_wconf 72' lang='grc' dir='ltr'><strong>ὡς</strong></span> <span class='ocrx_word' id='word_1_211' title='bbox 3621 1673 3680 1723; x_wconf 81' lang='grc' dir='ltr'>ἑν</span> <span class='ocrx_word' id='word_1_212' title='bbox 3721 1671 3804 1740; x_wconf 79' lang='grc' dir='ltr'>τῷ</span> <span class='ocrx_word' id='word_1_213' title='bbox 3854 1672 3997 1721; x_wconf 66' lang='grc' dir='ltr'>κατὰ</span> 
     </span>
    </p>
   </div>
   <div class='ocr_carea' id='block_1_32' title="bbox 2424 1764 4000 1834">
    <p class='ocr_par' dir='ltr' id='par_1_32' title="bbox 2424 1764 4000 1834">
     <span class='ocr_line' id='line_1_32' title="bbox 2424 1764 4000 1834; baseline 0 -20"><span class='ocrx_word' id='word_1_214' title='bbox 2424 1765 2698 1834; x_wconf 62' lang='grc' dir='ltr'>Ἰωάννην·</span> <span class='ocrx_word' id='word_1_215' title='bbox 2732 1782 2749 1812; x_wconf 76' lang='grc' dir='ltr'><strong>ι</strong></span> <span class='ocrx_word' id='word_1_216' title='bbox 2795 1764 2939 1833; x_wconf 73' lang='grc' dir='ltr'><strong>Λῦτη</strong></span> <span class='ocrx_word' id='word_1_217' title='bbox 2975 1766 3120 1816; x_wconf 71' lang='grc' dir='ltr'>ἐστὶν</span> <span class='ocrx_word' id='word_1_218' title='bbox 3177 1768 3209 1834; x_wconf 79' lang='grc' dir='ltr'>ἡ</span> <span class='ocrx_word' id='word_1_219' title='bbox 3253 1767 3468 1827; x_wconf 82' lang='grc' dir='ltr'>αἰώνιος</span> <span class='ocrx_word' id='word_1_220' title='bbox 3505 1765 3638 1833; x_wconf 79' lang='grc' dir='ltr'>ζωὴ,</span> <span class='ocrx_word' id='word_1_221' title='bbox 3698 1766 3791 1817; x_wconf 83' lang='grc' dir='ltr'><strong>ἵνα</strong></span> <span class='ocrx_word' id='word_1_222' title='bbox 3835 1764 4000 1828; x_wconf 53' lang='lat' dir='ltr'><strong>7m;-</strong></span> 
     </span>
    </p>
   </div>
   <div class='ocr_carea' id='block_1_33' title="bbox 2417 1855 4003 1925">
    <p class='ocr_par' dir='ltr' id='par_1_33' title="bbox 2417 1855 4003 1925">
     <span class='ocr_line' id='line_1_33' title="bbox 2417 1855 4003 1925; baseline -0.001 -18"><span class='ocrx_word' id='word_1_223' title='bbox 2417 1855 2585 1907; x_wconf 74' lang='grc' dir='ltr'>σκωσί</span> <span class='ocrx_word' id='word_1_224' title='bbox 2630 1871 2683 1904; x_wconf 83' lang='grc' dir='ltr'><strong>σε</strong></span> <span class='ocrx_word' id='word_1_225' title='bbox 2718 1855 2808 1904; x_wconf 63' lang='grc' dir='ltr'>τὶν</span> <span class='ocrx_word' id='word_1_226' title='bbox 2868 1856 3025 1921; x_wconf 68' lang='grc' dir='ltr'>μόνον</span> <span class='ocrx_word' id='word_1_227' title='bbox 3067 1855 3316 1925; x_wconf 73' lang='grc' dir='ltr'>ὰληῦινδν</span> <span class='ocrx_word' id='word_1_228' title='bbox 3347 1857 3496 1908; x_wconf 64' lang='grc' dir='ltr'>Θειὲν.</span> <span class='ocrx_word' id='word_1_229' title='bbox 3526 1875 3542 1906; x_wconf 76' lang='grc' dir='ltr'><strong>ι</strong></span> <span class='ocrx_word' id='word_1_230' title='bbox 3581 1857 3693 1908; x_wconf 72' lang='grc' dir='ltr'>Καὶ</span> <span class='ocrx_word' id='word_1_231' title='bbox 3746 1857 4003 1922; x_wconf 76' lang='grc' dir='ltr'>Ἀριστο-</span> 
     </span>
    </p>
   </div>
   <div class='ocr_carea' id='block_1_34' title="bbox 745 1930 2328 2018">
    <p class='ocr_par' dir='ltr' id='par_1_34' title="bbox 745 1938 2319 2010">
     <span class='ocr_line' id='line_1_34' title="bbox 745 1938 2319 2010; baseline -0.008 -13"><span class='ocrx_word' id='word_1_232' title='bbox 745 1954 892 1997; x_wconf 88' lang='lat' dir='ltr'><strong>ctmn</strong></span> <span class='ocrx_word' id='word_1_233' title='bbox 924 1942 1128 2010; x_wconf 86' lang='lat' dir='ltr'><strong>optima</strong></span> <span class='ocrx_word' id='word_1_234' title='bbox 1167 1948 1269 1992; x_wconf 90' lang='lat' dir='ltr'><strong>est.</strong></span> <span class='ocrx_word' id='word_1_235' title='bbox 1306 1938 1471 2008; x_wconf 77' lang='lat' dir='ltr'><strong>Igitur</strong></span> <span class='ocrx_word' id='word_1_236' title='bbox 1511 1939 1654 1990; x_wconf 92' lang='lat' dir='ltr'><strong>circa</strong></span> <span class='ocrx_word' id='word_1_237' title='bbox 1712 1947 1953 1990; x_wconf 82' lang='lat' dir='ltr'><strong>ventrem</strong></span> <span class='ocrx_word' id='word_1_238' title='bbox 1996 1945 2047 1989; x_wconf 83' lang='lat' dir='ltr'><strong>et</strong></span> <span class='ocrx_word' id='word_1_239' title='bbox 2091 1949 2319 1990; x_wconf 79' lang='lat' dir='ltr'><strong>venerea</strong></span> 
     </span>
    </p>
   </div>
   <div class='ocr_carea' id='block_1_35' title="bbox 2424 1930 4002 2018">
    <p class='ocr_par' dir='ltr' id='par_1_35' title="bbox 2424 1947 4002 2018">
     <span class='ocr_line' id='line_1_35' title="bbox 2424 1947 4002 2018; baseline 0.008 -32"><span class='ocrx_word' id='word_1_240' title='bbox 2424 1948 2572 2011; x_wconf 66' lang='grc' dir='ltr'><strong>τέλης</strong></span> <span class='ocrx_word' id='word_1_241' title='bbox 2615 1947 2667 1998; x_wconf 72' lang='grc' dir='ltr'>δέ</span> <span class='ocrx_word' id='word_1_242' title='bbox 2723 1964 2886 2016; x_wconf 45' lang='grc' dir='ltr'>φησιν</span> <span class='ocrx_word' id='word_1_243' title='bbox 2938 1950 2994 1999; x_wconf 74' lang='grc' dir='ltr'><strong>ἐν</strong></span> <span class='ocrx_word' id='word_1_244' title='bbox 3031 1948 3106 2015; x_wconf 77' lang='grc' dir='ltr'><strong>τῷ</strong></span> <span class='ocrx_word' id='word_1_245' title='bbox 3159 1948 3405 2018; x_wconf 73' lang='grc' dir='ltr'>τετάρτῳ</span> <span class='ocrx_word' id='word_1_246' title='bbox 3440 1950 3545 2000; x_wconf 72' lang='grc' dir='ltr'><strong>των</strong></span> <span class='ocrx_word' id='word_1_247' title='bbox 3593 1948 3867 2010; x_wconf 75' lang='grc' dir='ltr'>Ἠθικῶν,</span> <span class='ocrx_word' id='word_1_248' title='bbox 3911 1947 4002 1999; x_wconf 69' lang='grc' dir='ltr'><strong>καὶ</strong></span> 
     </span>
    </p>
   </div>
   <div class='ocr_carea' id='block_1_36' title="bbox 748 2027 2323 2098">
    <p class='ocr_par' dir='ltr' id='par_1_36' title="bbox 748 2027 2323 2098">
     <span class='ocr_line' id='line_1_36' title="bbox 748 2027 2323 2098; baseline -0.003 -14"><span class='ocrx_word' id='word_1_249' title='bbox 748 2034 983 2096; x_wconf 68' lang='lat' dir='ltr'><strong>pessima</strong></span> <span class='ocrx_word' id='word_1_250' title='bbox 1016 2043 1131 2097; x_wconf 84' lang='lat' dir='ltr'><strong>est;</strong></span> <span class='ocrx_word' id='word_1_251' title='bbox 1175 2031 1378 2084; x_wconf 89' lang='lat' dir='ltr'><strong>etenim</strong></span> <span class='ocrx_word' id='word_1_252' title='bbox 1431 2030 1486 2083; x_wconf 81' lang='lat' dir='ltr'><strong>ﬁt</strong></span> <span class='ocrx_word' id='word_1_253' title='bbox 1522 2028 1913 2098; x_wconf 85' lang='lat' dir='ltr'><strong>impedimento</strong></span> <span class='ocrx_word' id='word_1_254' title='bbox 1957 2029 2188 2082; x_wconf 81' lang='lat' dir='ltr'><strong>bonitati</strong></span> <span class='ocrx_word' id='word_1_255' title='bbox 2239 2027 2323 2080; x_wconf 88' lang='lat' dir='ltr'><strong>in-</strong></span> 
     </span>
    </p>
   </div>
   <div class='ocr_carea' id='block_1_37' title="bbox 753 2119 2313 2190">
    <p class='ocr_par' dir='ltr' id='par_1_37' title="bbox 753 2119 2313 2190">
     <span class='ocr_line' id='line_1_37' title="bbox 753 2119 2313 2190; baseline -0.001 -18"><span class='ocrx_word' id='word_1_256' title='bbox 753 2121 1027 2175; x_wconf 88' lang='lat' dir='ltr'><strong>tellectus.</strong></span> <span class='ocrx_word' id='word_1_257' title='bbox 1072 2120 1178 2175; x_wconf 91' lang='lat' dir='ltr'><strong>Sed</strong></span> <span class='ocrx_word' id='word_1_258' title='bbox 1209 2136 1466 2190; x_wconf 80' lang='lat' dir='ltr'><strong>quoniam</strong></span> <span class='ocrx_word' id='word_1_259' title='bbox 1515 2119 1796 2184; x_wconf 83' lang='lat' dir='ltr'><strong>Saraceni,</strong></span> <span class='ocrx_word' id='word_1_260' title='bbox 1834 2134 2012 2188; x_wconf 81' lang='lat' dir='ltr'><strong>neque</strong></span> <span class='ocrx_word' id='word_1_261' title='bbox 2047 2121 2192 2173; x_wconf 88' lang='lat' dir='ltr'><strong>dicta</strong></span> <span class='ocrx_word' id='word_1_262' title='bbox 2233 2120 2313 2171; x_wconf 87' lang='lat' dir='ltr'><strong>di-</strong></span> 
     </span>
    </p>
   </div>
   <div class='ocr_carea' id='block_1_38' title="bbox 751 2209 2310 2280">
    <p class='ocr_par' dir='ltr' id='par_1_38' title="bbox 751 2209 2310 2280">
     <span class='ocr_line' id='line_1_38' title="bbox 751 2209 2310 2280; baseline 0 -18"><span class='ocrx_word' id='word_1_263' title='bbox 751 2210 888 2262; x_wconf 67' lang='lat' dir='ltr'><strong>vinm</strong></span> <span class='ocrx_word' id='word_1_264' title='bbox 921 2209 1222 2277; x_wconf 80' lang='lat' dir='ltr'><strong>Scriptura:</strong></span> <span class='ocrx_word' id='word_1_265' title='bbox 1269 2210 1597 2278; x_wconf 86' lang='lat' dir='ltr'><strong>suscipiunt,</strong></span> <span class='ocrx_word' id='word_1_266' title='bbox 1630 2226 1809 2279; x_wconf 88' lang='lat' dir='ltr'><strong>neque</strong></span> <span class='ocrx_word' id='word_1_267' title='bbox 1839 2211 2310 2280; x_wconf 86' lang='lat' dir='ltr'><strong>philosophorum,</strong></span> 
     </span>
    </p>
   </div>
   <div class='ocr_carea' id='block_1_39' title="bbox 751 2299 2314 2371">
    <p class='ocr_par' dir='ltr' id='par_1_39' title="bbox 751 2299 2314 2371">
     <span class='ocr_line' id='line_1_39' title="bbox 751 2299 2314 2371; baseline -0.001 -19"><span class='ocrx_word' id='word_1_268' title='bbox 751 2307 974 2367; x_wconf 89' lang='lat' dir='ltr'><strong>propter</strong></span> <span class='ocrx_word' id='word_1_269' title='bbox 1013 2301 1254 2352; x_wconf 88' lang='lat' dir='ltr'><strong>rationes</strong></span> <span class='ocrx_word' id='word_1_270' title='bbox 1283 2299 1335 2352; x_wconf 94' lang='lat' dir='ltr'><strong>iu</strong></span> <span class='ocrx_word' id='word_1_271' title='bbox 1386 2301 1561 2371; x_wconf 85' lang='lat' dir='ltr'><strong>primo</strong></span> <span class='ocrx_word' id='word_1_272' title='bbox 1601 2300 1842 2368; x_wconf 90' lang='lat' dir='ltr'><strong>capitulo</strong></span> <span class='ocrx_word' id='word_1_273' title='bbox 1886 2299 2192 2368; x_wconf 66' lang='lat' dir='ltr'><strong>prwdietas.</strong></span> <span class='ocrx_word' id='word_1_274' title='bbox 2228 2313 2314 2351; x_wconf 89' lang='lat' dir='ltr'><strong>rc-</strong></span> 
     </span>
    </p>
   </div>
   <div class='ocr_carea' id='block_1_40' title="bbox 750 2391 2318 2462">
    <p class='ocr_par' dir='ltr' id='par_1_40' title="bbox 750 2391 2318 2462">
     <span class='ocr_line' id='line_1_40' title="bbox 750 2391 2318 2462; baseline 0 -18"><span class='ocrx_word' id='word_1_275' title='bbox 750 2391 1031 2446; x_wconf 88' lang='lat' dir='ltr'><strong>detmdum</strong></span> <span class='ocrx_word' id='word_1_276' title='bbox 1061 2392 1174 2460; x_wconf 89' lang='lat' dir='ltr'><strong>jam</strong></span> <span class='ocrx_word' id='word_1_277' title='bbox 1209 2400 1293 2445; x_wconf 89' lang='lat' dir='ltr'><strong>est</strong></span> <span class='ocrx_word' id='word_1_278' title='bbox 1321 2391 1387 2444; x_wconf 88' lang='lat' dir='ltr'><strong>ad</strong></span> <span class='ocrx_word' id='word_1_279' title='bbox 1417 2393 1707 2460; x_wconf 83' lang='lat' dir='ltr'><strong>quamdam</strong></span> <span class='ocrx_word' id='word_1_280' title='bbox 1746 2393 2037 2454; x_wconf 84' lang='lat' dir='ltr'><strong>rationem,</strong></span> <span class='ocrx_word' id='word_1_281' title='bbox 2069 2408 2232 2462; x_wconf 86' lang='lat' dir='ltr'><strong>quam</strong></span> <span class='ocrx_word' id='word_1_282' title='bbox 2262 2400 2318 2444; x_wconf 89' lang='lat' dir='ltr'><strong>et</strong></span> 
     </span>
    </p>
   </div>
   <div class='ocr_carea' id='block_1_41' title="bbox 753 2482 2318 2554">
    <p class='ocr_par' dir='ltr' id='par_1_41' title="bbox 753 2482 2318 2554">
     <span class='ocr_line' id='line_1_41' title="bbox 753 2482 2318 2554; baseline 0.004 -22"><span class='ocrx_word' id='word_1_283' title='bbox 753 2483 855 2546; x_wconf 84' lang='lat' dir='ltr'><strong>ipsi</strong></span> <span class='ocrx_word' id='word_1_284' title='bbox 905 2483 1245 2538; x_wconf 88' lang='lat' dir='ltr'><strong>irrationales</strong></span> <span class='ocrx_word' id='word_1_285' title='bbox 1299 2482 1628 2539; x_wconf 79' lang='lat' dir='ltr'><strong>exsistcntes</strong></span> <span class='ocrx_word' id='word_1_286' title='bbox 1670 2499 1777 2539; x_wconf 80' lang='lat' dir='ltr'><strong>non</strong></span> <span class='ocrx_word' id='word_1_287' title='bbox 1830 2495 2059 2554; x_wconf 88' lang='lat' dir='ltr'><strong>possunt</strong></span> <span class='ocrx_word' id='word_1_288' title='bbox 2091 2487 2318 2540; x_wconf 89' lang='lat' dir='ltr'><strong>omnino</strong></span> 
     </span>
    </p>
   </div>
   <div class='ocr_carea' id='block_1_42' title="bbox 753 2589 973 2644">
    <p class='ocr_par' dir='ltr' id='par_1_42' title="bbox 753 2589 973 2644">
     <span class='ocr_line' id='line_1_42' title="bbox 753 2589 973 2644; baseline 0.018 -18"><span class='ocrx_word' id='word_1_289' title='bbox 753 2589 973 2644; x_wconf 78' lang='lat' dir='ltr'><strong>negare.</strong></span> 
     </span>
    </p>
   </div>
   <div class='ocr_carea' id='block_1_43' title="bbox 823 2854 2326 2926">
    <p class='ocr_par' dir='ltr' id='par_1_43' title="bbox 823 2854 2326 2926">
     <span class='ocr_line' id='line_1_43' title="bbox 823 2854 2326 2926; baseline -0.002 -14"><span class='ocrx_word' id='word_1_290' title='bbox 823 2856 910 2912; x_wconf 88' lang='lat' dir='ltr'><strong>Sit</strong></span> <span class='ocrx_word' id='word_1_291' title='bbox 930 2857 1097 2926; x_wconf 84' lang='lat' dir='ltr'><strong>igitur</strong></span> <span class='ocrx_word' id='word_1_292' title='bbox 1124 2858 1264 2911; x_wconf 86' lang='lat' dir='ltr'><strong>ratio</strong></span> <span class='ocrx_word' id='word_1_293' title='bbox 1284 2855 1599 2922; x_wconf 85' lang='lat' dir='ltr'><strong>auctoritas,</strong></span> <span class='ocrx_word' id='word_1_294' title='bbox 1617 2854 1736 2912; x_wconf 89' lang='lat' dir='ltr'><strong>sine</strong></span> <span class='ocrx_word' id='word_1_295' title='bbox 1760 2871 1867 2919; x_wconf 84' lang='lat' dir='ltr'><strong>qua</strong></span> <span class='ocrx_word' id='word_1_296' title='bbox 1888 2857 2036 2910; x_wconf 85' lang='lat' dir='ltr'><strong>nulla</strong></span> <span class='ocrx_word' id='word_1_297' title='bbox 2057 2855 2201 2910; x_wconf 87' lang='lat' dir='ltr'><strong>valet</strong></span> <span class='ocrx_word' id='word_1_298' title='bbox 2226 2870 2326 2909; x_wconf 82' lang='lat' dir='ltr'><strong>au—</strong></span> 
     </span>
    </p>
   </div>
   <div class='ocr_carea' id='block_1_44' title="bbox 755 2949 2327 3018">
    <p class='ocr_par' dir='ltr' id='par_1_44' title="bbox 755 2949 2327 3018">
     <span class='ocr_line' id='line_1_44' title="bbox 755 2949 2327 3018; baseline -0.001 -16"><span class='ocrx_word' id='word_1_299' title='bbox 755 2949 1003 3014; x_wconf 87' lang='lat' dir='ltr'><strong>ctoritas,</strong></span> <span class='ocrx_word' id='word_1_300' title='bbox 1045 2959 1099 3003; x_wconf 90' lang='lat' dir='ltr'><strong>et</strong></span> <span class='ocrx_word' id='word_1_301' title='bbox 1141 2949 1744 3018; x_wconf 83' lang='lat' dir='ltr'><strong>ostendendum,&#39;quod</strong></span> <span class='ocrx_word' id='word_1_302' title='bbox 1787 2965 1964 3018; x_wconf 89' lang='lat' dir='ltr'><strong>neque</strong></span> <span class='ocrx_word' id='word_1_303' title='bbox 2005 2949 2060 3003; x_wconf 91' lang='lat' dir='ltr'><strong>in</strong></span> <span class='ocrx_word' id='word_1_304' title='bbox 2099 2949 2327 3012; x_wconf 77' lang='lat' dir='ltr'><strong>ventris,</strong></span> 
     </span>
    </p>
   </div>
   <div class='ocr_carea' id='block_1_45' title="bbox 755 3039 2330 3110">
    <p class='ocr_par' dir='ltr' id='par_1_45' title="bbox 755 3039 2330 3110">
     <span class='ocr_line' id='line_1_45' title="bbox 755 3039 2330 3110; baseline -0.002 -15"><span class='ocrx_word' id='word_1_305' title='bbox 755 3056 936 3110; x_wconf 82' lang='lat' dir='ltr'><strong>neque</strong></span> <span class='ocrx_word' id='word_1_306' title='bbox 978 3041 1032 3093; x_wconf 92' lang='lat' dir='ltr'><strong>in</strong></span> <span class='ocrx_word' id='word_1_307' title='bbox 1071 3041 1505 3110; x_wconf 83' lang='lat' dir='ltr'><strong>intemperantiae</strong></span> <span class='ocrx_word' id='word_1_308' title='bbox 1540 3042 1800 3110; x_wconf 88' lang='lat' dir='ltr'><strong>operibus</strong></span> <span class='ocrx_word' id='word_1_309' title='bbox 1823 3041 2056 3096; x_wconf 79' lang='lat' dir='ltr'><strong>felicitas</strong></span> <span class='ocrx_word' id='word_1_310' title='bbox 2092 3039 2330 3093; x_wconf 86' lang='lat' dir='ltr'><strong>hominis</strong></span> 
     </span>
    </p>
   </div>
   <div class='ocr_carea' id='block_1_46' title="bbox 756 3131 2332 3202">
    <p class='ocr_par' dir='ltr' id='par_1_46' title="bbox 756 3131 2332 3202">
     <span class='ocr_line' id='line_1_46' title="bbox 756 3131 2332 3202; baseline -0.001 -16"><span class='ocrx_word' id='word_1_311' title='bbox 756 3143 860 3196; x_wconf 88' lang='lat' dir='ltr'><strong>est,</strong></span> <span class='ocrx_word' id='word_1_312' title='bbox 883 3142 937 3188; x_wconf 87' lang='lat' dir='ltr'><strong>et</strong></span> <span class='ocrx_word' id='word_1_313' title='bbox 969 3133 1114 3202; x_wconf 89' lang='lat' dir='ltr'><strong>quod</strong></span> <span class='ocrx_word' id='word_1_314' title='bbox 1141 3133 1254 3186; x_wconf 73' lang='lat' dir='ltr'><strong>haec</strong></span> <span class='ocrx_word' id='word_1_315' title='bbox 1279 3147 1385 3185; x_wconf 92' lang='lat' dir='ltr'><strong>non</strong></span> <span class='ocrx_word' id='word_1_316' title='bbox 1407 3143 1572 3188; x_wconf 90' lang='lat' dir='ltr'><strong>erunt</strong></span> <span class='ocrx_word' id='word_1_317' title='bbox 1603 3131 1981 3190; x_wconf 88' lang='lat' dir='ltr'><strong>illic.Constat</strong></span> <span class='ocrx_word' id='word_1_318' title='bbox 2009 3135 2154 3188; x_wconf 87' lang='lat' dir='ltr'><strong>enim</strong></span> <span class='ocrx_word' id='word_1_319' title='bbox 2187 3131 2332 3201; x_wconf 90' lang='lat' dir='ltr'><strong>quod</strong></span> 
     </span>
    </p>
   </div>
   <div class='ocr_carea' id='block_1_47' title="bbox 2411 2039 4002 2109">
    <p class='ocr_par' dir='ltr' id='par_1_47' title="bbox 2411 2039 4002 2109">
     <span class='ocr_line' id='line_1_47' title="bbox 2411 2039 4002 2109; baseline -0.003 -19"><span class='ocrx_word' id='word_1_320' title='bbox 2411 2039 2695 2106; x_wconf 60' lang='grc' dir='ltr'>δωδεκάτῳ</span> <span class='ocrx_word' id='word_1_321' title='bbox 2733 2040 2868 2106; x_wconf 64' lang='grc' dir='ltr'><strong>μετὰ</strong></span> <span class='ocrx_word' id='word_1_322' title='bbox 2902 2041 2968 2091; x_wconf 77' lang='grc' dir='ltr'><strong>τὰ</strong></span> <span class='ocrx_word' id='word_1_323' title='bbox 3027 2040 3252 2106; x_wconf 71' lang='grc' dir='ltr'>φυσικὰ,</span> <span class='ocrx_word' id='word_1_324' title='bbox 3288 2041 3368 2092; x_wconf 86' lang='grc' dir='ltr'><strong>ὃτι</strong></span> <span class='ocrx_word' id='word_1_325' title='bbox 3421 2041 3453 2109; x_wconf 79' lang='grc' dir='ltr'><strong>ὴ</strong></span> <span class='ocrx_word' id='word_1_326' title='bbox 3528 2040 3669 2092; x_wconf 83' lang='grc' dir='ltr'><strong>κατὰ</strong></span> <span class='ocrx_word' id='word_1_327' title='bbox 3722 2041 3856 2092; x_wconf 75' lang='grc' dir='ltr'>νοῦν</span> <span class='ocrx_word' id='word_1_328' title='bbox 3891 2040 4002 2107; x_wconf 73' lang='grc' dir='ltr'><strong>ζωὴ</strong></span> 
     </span>
    </p>
   </div>
   <div class='ocr_carea' id='block_1_48' title="bbox 2416 2129 4004 2200">
    <p class='ocr_par' dir='ltr' id='par_1_48' title="bbox 2416 2129 4004 2200">
     <span class='ocr_line' id='line_1_48' title="bbox 2416 2129 4004 2200; baseline -0.001 -19"><span class='ocrx_word' id='word_1_329' title='bbox 2416 2131 2613 2200; x_wconf 75' lang='grc' dir='ltr'>ἀρέστη</span> <span class='ocrx_word' id='word_1_330' title='bbox 2679 2132 2846 2182; x_wconf 77' lang='grc' dir='ltr'>ἐστίν.</span> <span class='ocrx_word' id='word_1_331' title='bbox 2896 2129 2958 2181; x_wconf 84' lang='grc' dir='ltr'><em>Ἢ</em></span> <span class='ocrx_word' id='word_1_332' title='bbox 3013 2131 3120 2198; x_wconf 84' lang='grc' dir='ltr'>ἄρα</span> <span class='ocrx_word' id='word_1_333' title='bbox 3151 2131 3280 2200; x_wconf 64' lang='grc' dir='ltr'>περὶ</span> <span class='ocrx_word' id='word_1_334' title='bbox 3326 2130 3427 2200; x_wconf 78' lang='grc' dir='ltr'>τὴν</span> <span class='ocrx_word' id='word_1_335' title='bbox 3476 2131 3728 2199; x_wconf 79' lang='grc' dir='ltr'>γαστέρα</span> <span class='ocrx_word' id='word_1_336' title='bbox 3785 2131 3888 2182; x_wconf 67' lang='grc' dir='ltr'><strong>καὶ</strong></span> <span class='ocrx_word' id='word_1_337' title='bbox 3940 2130 4004 2180; x_wconf 66' lang='grc' dir='ltr'><strong>τὰ</strong></span> 
     </span>
    </p>
   </div>
   <div class='ocr_carea' id='block_1_49' title="bbox 2415 2221 4001 2290">
    <p class='ocr_par' dir='ltr' id='par_1_49' title="bbox 2415 2221 4001 2290">
     <span class='ocr_line' id='line_1_49' title="bbox 2415 2221 4001 2290; baseline 0.001 -18"><span class='ocrx_word' id='word_1_338' title='bbox 2415 2222 2707 2288; x_wconf 54' lang='grc' dir='ltr'>ἀφροδίσια</span> <span class='ocrx_word' id='word_1_339' title='bbox 2739 2222 2984 2290; x_wconf 75' lang='grc' dir='ltr'>χειρίστη</span> <span class='ocrx_word' id='word_1_340' title='bbox 3022 2222 3190 2284; x_wconf 73' lang='grc' dir='ltr'>ἐστὶν,</span> <span class='ocrx_word' id='word_1_341' title='bbox 3223 2221 3298 2287; x_wconf 77' lang='grc' dir='ltr'><strong>τῷ</strong></span> <span class='ocrx_word' id='word_1_342' title='bbox 3331 2222 3423 2274; x_wconf 61' lang='grc' dir='ltr'>τοῦ</span> <span class='ocrx_word' id='word_1_343' title='bbox 3460 2225 3548 2273; x_wconf 73' lang='grc' dir='ltr'><strong>νου</strong></span> <span class='ocrx_word' id='word_1_344' title='bbox 3575 2222 3774 2288; x_wconf 79' lang='grc' dir='ltr'>αγαοῷ</span> <span class='ocrx_word' id='word_1_345' title='bbox 3817 2224 4001 2288; x_wconf 75' lang='grc' dir='ltr'>ἐμπο-</span> 
     </span>
    </p>
   </div>
   <div class='ocr_carea' id='block_1_50' title="bbox 2415 2313 4006 2385">
    <p class='ocr_par' dir='ltr' id='par_1_50' title="bbox 2415 2313 4006 2385">
     <span class='ocr_line' id='line_1_50' title="bbox 2415 2313 4006 2385; baseline 0.001 -20"><span class='ocrx_word' id='word_1_346' title='bbox 2415 2314 2520 2366; x_wconf 83' lang='grc' dir='ltr'>δὼν</span> <span class='ocrx_word' id='word_1_347' title='bbox 2573 2315 2851 2383; x_wconf 67' lang='grc' dir='ltr'>γινομένη.</span> <span class='ocrx_word' id='word_1_348' title='bbox 2901 2313 3040 2365; x_wconf 83' lang='grc' dir='ltr'>Ἀλλ’</span> <span class='ocrx_word' id='word_1_349' title='bbox 3087 2315 3206 2365; x_wconf 79' lang='grc' dir='ltr'>ἐπεὶ</span> <span class='ocrx_word' id='word_1_350' title='bbox 3257 2314 3306 2365; x_wconf 84' lang='grc' dir='ltr'>οἱ</span> <span class='ocrx_word' id='word_1_351' title='bbox 3361 2315 3712 2385; x_wconf 73' lang='grc' dir='ltr'>Σαρρακηνοὶ</span> <span class='ocrx_word' id='word_1_352' title='bbox 3758 2314 3893 2367; x_wconf 75' lang='grc' dir='ltr'>οὗτε</span> <span class='ocrx_word' id='word_1_353' title='bbox 3941 2315 4006 2366; x_wconf 69' lang='grc' dir='ltr'>τὰ</span> 
     </span>
    </p>
   </div>
   <div class='ocr_carea' id='block_1_51' title="bbox 2421 2405 4006 2476">
    <p class='ocr_par' dir='ltr' id='par_1_51' title="bbox 2421 2405 4006 2476">
     <span class='ocr_line' id='line_1_51' title="bbox 2421 2405 4006 2476; baseline 0.001 -19"><span class='ocrx_word' id='word_1_354' title='bbox 2421 2407 2558 2476; x_wconf 61' lang='grc' dir='ltr'>ῥητὰ</span> <span class='ocrx_word' id='word_1_355' title='bbox 2588 2408 2680 2473; x_wconf 65' lang='grc' dir='ltr'>τῆς</span> <span class='ocrx_word' id='word_1_356' title='bbox 2708 2405 2858 2466; x_wconf 79' lang='grc' dir='ltr'>Οεὲας</span> <span class='ocrx_word' id='word_1_357' title='bbox 2889 2406 3109 2474; x_wconf 67' lang='grc' dir='ltr'>Γραφῆς</span> <span class='ocrx_word' id='word_1_358' title='bbox 3137 2405 3406 2474; x_wconf 80' lang='grc' dir='ltr'>δέχονται,</span> <span class='ocrx_word' id='word_1_359' title='bbox 3436 2405 3557 2458; x_wconf 70' lang='grc' dir='ltr'>οὔτε</span> <span class='ocrx_word' id='word_1_360' title='bbox 3589 2407 3658 2458; x_wconf 73' lang='grc' dir='ltr'>τὰ</span> <span class='ocrx_word' id='word_1_361' title='bbox 3687 2407 3804 2458; x_wconf 83' lang='grc' dir='ltr'>τῶν</span> <span class='ocrx_word' id='word_1_362' title='bbox 3855 2407 4006 2473; x_wconf 79' lang='grc' dir='ltr'>φιλο-</span> 
     </span>
    </p>
   </div>
   <div class='ocr_carea' id='block_1_52' title="bbox 2422 2494 4006 2567">
    <p class='ocr_par' dir='ltr' id='par_1_52' title="bbox 2422 2494 4006 2567">
     <span class='ocr_line' id='line_1_52' title="bbox 2422 2494 4006 2567; baseline 0.001 -20"><span class='ocrx_word' id='word_1_363' title='bbox 2422 2500 2601 2562; x_wconf 60' lang='grc' dir='ltr'>σόφων</span> <span class='ocrx_word' id='word_1_364' title='bbox 2639 2497 2728 2547; x_wconf 56' lang='grc' dir='ltr'>διὰ</span> <span class='ocrx_word' id='word_1_365' title='bbox 2755 2497 2877 2557; x_wconf 66' lang='grc' dir='ltr'>τοὺς</span> <span class='ocrx_word' id='word_1_366' title='bbox 2914 2499 2970 2547; x_wconf 81' lang='grc' dir='ltr'>ἐν</span> <span class='ocrx_word' id='word_1_367' title='bbox 3000 2494 3199 2565; x_wconf 83' lang='grc' dir='ltr'>πρώτῳ</span> <span class='ocrx_word' id='word_1_368' title='bbox 3244 2496 3523 2566; x_wconf 73' lang='grc' dir='ltr'><strong>κεφαλαίῳ</strong></span> <span class='ocrx_word' id='word_1_369' title='bbox 3556 2501 4006 2567; x_wconf 74' lang='grc' dir='ltr'>προειρημένους</span> 
     </span>
    </p>
   </div>
   <div class='ocr_carea' id='block_1_53' title="bbox 2422 2587 4008 2658">
    <p class='ocr_par' dir='ltr' id='par_1_53' title="bbox 2422 2587 4008 2658">
     <span class='ocr_line' id='line_1_53' title="bbox 2422 2587 4008 2658; baseline 0 -18"><span class='ocrx_word' id='word_1_370' title='bbox 2422 2590 2636 2656; x_wconf 68' lang='grc' dir='ltr'>λόγους,</span> <span class='ocrx_word' id='word_1_371' title='bbox 2668 2590 2952 2641; x_wconf 80' lang='grc' dir='ltr'>ἐπανιτέον</span> <span class='ocrx_word' id='word_1_372' title='bbox 3002 2590 3068 2642; x_wconf 79' lang='grc' dir='ltr'>ἂν</span> <span class='ocrx_word' id='word_1_373' title='bbox 3123 2587 3207 2658; x_wconf 79' lang='grc' dir='ltr'><strong>εἴη</strong></span> <span class='ocrx_word' id='word_1_374' title='bbox 3272 2589 3362 2642; x_wconf 80' lang='grc' dir='ltr'>ἐπί</span> <span class='ocrx_word' id='word_1_375' title='bbox 3386 2606 3507 2641; x_wconf 91' lang='grc' dir='ltr'>τινα</span> <span class='ocrx_word' id='word_1_376' title='bbox 3558 2589 3746 2655; x_wconf 81' lang='grc' dir='ltr'>λόγον,</span> <span class='ocrx_word' id='word_1_377' title='bbox 3799 2590 3864 2640; x_wconf 83' lang='grc' dir='ltr'>ὃν</span> <span class='ocrx_word' id='word_1_378' title='bbox 3918 2591 4008 2641; x_wconf 71' lang='grc' dir='ltr'>καὶ</span> 
     </span>
    </p>
   </div>
   <div class='ocr_carea' id='block_1_54' title="bbox 2425 2677 4008 2751">
    <p class='ocr_par' dir='ltr' id='par_1_54' title="bbox 2425 2677 4008 2751">
     <span class='ocr_line' id='line_1_54' title="bbox 2425 2677 4008 2751; baseline -0.003 -16"><span class='ocrx_word' id='word_1_379' title='bbox 2425 2684 2575 2736; x_wconf 69' lang='grc' dir='ltr'>αὐτοὶ</span> <span class='ocrx_word' id='word_1_380' title='bbox 2609 2683 2789 2749; x_wconf 79' lang='grc' dir='ltr'>ἄλογοι</span> <span class='ocrx_word' id='word_1_381' title='bbox 2829 2681 3177 2735; x_wconf 81' lang='grc' dir='ltr'>παντάπασιν</span> <span class='ocrx_word' id='word_1_382' title='bbox 3230 2683 3381 2746; x_wconf 74' lang='grc' dir='ltr'>ὄντες</span> <span class='ocrx_word' id='word_1_383' title='bbox 3447 2682 3545 2751; x_wconf 72' lang='grc' dir='ltr'><strong>οὐχ</strong></span> <span class='ocrx_word' id='word_1_384' title='bbox 3598 2677 3702 2734; x_wconf 76' lang='grc' dir='ltr'>οἷοί</span> <span class='ocrx_word' id='word_1_385' title='bbox 3759 2682 3820 2732; x_wconf 81' lang='grc' dir='ltr'><strong>τέ</strong></span> <span class='ocrx_word' id='word_1_386' title='bbox 3866 2683 4008 2733; x_wconf 70' lang='grc' dir='ltr'>εἰσιν</span> 
     </span>
    </p>
   </div>
   <div class='ocr_carea' id='block_1_55' title="bbox 2426 2773 2866 2843">
    <p class='ocr_par' dir='ltr' id='par_1_55' title="bbox 2426 2773 2866 2843">
     <span class='ocr_line' id='line_1_55' title="bbox 2426 2773 2866 2843; baseline -0.002 -14"><span class='ocrx_word' id='word_1_387' title='bbox 2426 2773 2866 2843; x_wconf 79' lang='grc' dir='ltr'>ἁπαρνήσασῡαι.</span> 
     </span>
    </p>
   </div>
   <div class='ocr_carea' id='block_1_56' title="bbox 2499 2856 4009 2935">
    <p class='ocr_par' dir='ltr' id='par_1_56' title="bbox 2499 2856 4009 2935">
     <span class='ocr_line' id='line_1_56' title="bbox 2499 2856 4009 2935; baseline -0.003 -16"><span class='ocrx_word' id='word_1_388' title='bbox 2499 2867 2746 2919; x_wconf 80' lang='grc' dir='ltr'>Γενέσοω</span> <span class='ocrx_word' id='word_1_389' title='bbox 2790 2866 2970 2918; x_wconf 89' lang='grc' dir='ltr'>τοίνυν</span> <span class='ocrx_word' id='word_1_390' title='bbox 3025 2865 3053 2916; x_wconf 83' lang='grc' dir='ltr'><strong>δ</strong></span> <span class='ocrx_word' id='word_1_391' title='bbox 3108 2863 3265 2932; x_wconf 81' lang='grc' dir='ltr'><strong>λόγος</strong></span> <span class='ocrx_word' id='word_1_392' title='bbox 3316 2865 3513 2935; x_wconf 73' lang='grc' dir='ltr'>ῥητὸν,</span> <span class='ocrx_word' id='word_1_393' title='bbox 3560 2856 3623 2918; x_wconf 74' lang='grc' dir='ltr'>οὗ</span> <span class='ocrx_word' id='word_1_394' title='bbox 3669 2866 3802 2918; x_wconf 81' lang='grc' dir='ltr'>ἄνευ</span> <span class='ocrx_word' id='word_1_395' title='bbox 3851 2863 4009 2916; x_wconf 72' lang='grc' dir='ltr'>οὐδὲν</span> 
     </span>
    </p>
   </div>
   <div class='ocr_carea' id='block_1_57' title="bbox 2433 2956 4009 3026">
    <p class='ocr_par' dir='ltr' id='par_1_57' title="bbox 2433 2956 4009 3026">
     <span class='ocr_line' id='line_1_57' title="bbox 2433 2956 4009 3026; baseline -0.003 -15"><span class='ocrx_word' id='word_1_396' title='bbox 2433 2958 2605 3026; x_wconf 77' lang='grc' dir='ltr'>ἰσχύει</span> <span class='ocrx_word' id='word_1_397' title='bbox 2640 2959 2699 3008; x_wconf 81' lang='grc' dir='ltr'><strong>τὸ</strong></span> <span class='ocrx_word' id='word_1_398' title='bbox 2725 2957 2889 3026; x_wconf 73' lang='grc' dir='ltr'>ῥητόν</span> <span class='ocrx_word' id='word_1_399' title='bbox 2915 2972 2927 2984; x_wconf 82' lang='lat'><strong>&#39;</strong></span> <span class='ocrx_word' id='word_1_400' title='bbox 2959 2957 3055 3008; x_wconf 78' lang='grc' dir='ltr'><strong>καὶ</strong></span> <span class='ocrx_word' id='word_1_401' title='bbox 3082 2956 3348 3018; x_wconf 75' lang='grc' dir='ltr'>δεικτέον,</span> <span class='ocrx_word' id='word_1_402' title='bbox 3392 2956 3473 3008; x_wconf 83' lang='grc' dir='ltr'>ὅτι</span> <span class='ocrx_word' id='word_1_403' title='bbox 3496 2956 3620 3008; x_wconf 76' lang='grc' dir='ltr'>οὒτε</span> <span class='ocrx_word' id='word_1_404' title='bbox 3653 2957 3710 3008; x_wconf 84' lang='grc' dir='ltr'>ὲν</span> <span class='ocrx_word' id='word_1_405' title='bbox 3752 2959 3872 3018; x_wconf 83' lang='grc' dir='ltr'>τοῖς</span> <span class='ocrx_word' id='word_1_406' title='bbox 3907 2957 4009 3024; x_wconf 78' lang='grc' dir='ltr'>τῆς</span> 
     </span>
    </p>
   </div>
   <div class='ocr_carea' id='block_1_58' title="bbox 2433 3048 4009 3119">
    <p class='ocr_par' dir='ltr' id='par_1_58' title="bbox 2433 3048 4009 3119">
     <span class='ocr_line' id='line_1_58' title="bbox 2433 3048 4009 3119; baseline -0.002 -15"><span class='ocrx_word' id='word_1_407' title='bbox 2433 3051 2729 3113; x_wconf 74' lang='grc' dir='ltr'><strong>ἀκολασίας</strong></span> <span class='ocrx_word' id='word_1_408' title='bbox 2770 3050 2951 3117; x_wconf 68' lang='grc' dir='ltr'>ἔργοις</span> <span class='ocrx_word' id='word_1_409' title='bbox 2982 3051 3014 3117; x_wconf 81' lang='grc' dir='ltr'>ἡ</span> <span class='ocrx_word' id='word_1_410' title='bbox 3045 3049 3360 3119; x_wconf 79' lang='grc' dir='ltr'>εὐδαιμονία</span> <span class='ocrx_word' id='word_1_411' title='bbox 3389 3051 3509 3102; x_wconf 78' lang='grc' dir='ltr'>ἐστὶ</span> <span class='ocrx_word' id='word_1_412' title='bbox 3550 3048 3649 3102; x_wconf 77' lang='grc' dir='ltr'>τοῦ</span> <span class='ocrx_word' id='word_1_413' title='bbox 3684 3049 4009 3118; x_wconf 71' lang='grc' dir='ltr'>ἀνθρώπου,</span> 
     </span>
    </p>
   </div>
   <div class='ocr_carea' id='block_1_59' title="bbox 2436 3139 4013 3210">
    <p class='ocr_par' dir='ltr' id='par_1_59' title="bbox 2436 3139 4013 3210">
     <span class='ocr_line' id='line_1_59' title="bbox 2436 3139 4013 3210; baseline -0.003 -14"><span class='ocrx_word' id='word_1_414' title='bbox 2436 3144 2529 3196; x_wconf 73' lang='grc' dir='ltr'><strong>καὶ</strong></span> <span class='ocrx_word' id='word_1_415' title='bbox 2559 3144 2640 3196; x_wconf 78' lang='grc' dir='ltr'>ὅτι</span> <span class='ocrx_word' id='word_1_416' title='bbox 2670 3142 2843 3196; x_wconf 76' lang='grc' dir='ltr'>ταῦτα</span> <span class='ocrx_word' id='word_1_417' title='bbox 2874 3143 2975 3194; x_wconf 83' lang='grc' dir='ltr'><strong>οὐκ</strong></span> <span class='ocrx_word' id='word_1_418' title='bbox 3012 3143 3224 3194; x_wconf 80' lang='grc' dir='ltr'>ἔσονται</span> <span class='ocrx_word' id='word_1_419' title='bbox 3258 3143 3392 3194; x_wconf 80' lang='grc' dir='ltr'>ἐκεῖ.</span> <span class='ocrx_word' id='word_1_420' title='bbox 3432 3141 3531 3195; x_wconf 89' lang='grc' dir='ltr'>Διά</span> <span class='ocrx_word' id='word_1_421' title='bbox 3580 3139 3739 3192; x_wconf 82' lang='grc' dir='ltr'>τοῦτο</span> <span class='ocrx_word' id='word_1_422' title='bbox 3778 3140 3892 3210; x_wconf 71' lang='grc' dir='ltr'><strong>γὰρ</strong></span> <span class='ocrx_word' id='word_1_423' title='bbox 3930 3142 4013 3206; x_wconf 77' lang='grc' dir='ltr'><strong>ἒξ-</strong></span> 
     </span>
    </p>
   </div>
   <div class='ocr_carea' id='block_1_60' title="bbox 758 3224 2328 3323">
    <p class='ocr_par' dir='ltr' id='par_1_60' title="bbox 758 3224 2328 3294">
     <span class='ocr_line' id='line_1_60' title="bbox 758 3224 2328 3294; baseline 0.001 -18"><span class='ocrx_word' id='word_1_424' title='bbox 758 3225 911 3277; x_wconf 83' lang='lat' dir='ltr'><strong>eibos</strong></span> <span class='ocrx_word' id='word_1_425' title='bbox 948 3224 1014 3278; x_wconf 86' lang='lat' dir='ltr'><strong>ad</strong></span> <span class='ocrx_word' id='word_1_426' title='bbox 1068 3225 1172 3279; x_wconf 91' lang='lat' dir='ltr'><strong>hoc</strong></span> <span class='ocrx_word' id='word_1_427' title='bbox 1215 3225 1502 3290; x_wconf 87' lang='lat' dir='ltr'><strong>sumimus,</strong></span> <span class='ocrx_word' id='word_1_428' title='bbox 1539 3232 1598 3279; x_wconf 93' lang='lat' dir='ltr'><strong>ut</strong></span> <span class='ocrx_word' id='word_1_429' title='bbox 1637 3229 1936 3293; x_wconf 89' lang='lat' dir='ltr'><strong>corruptio,</strong></span> <span class='ocrx_word' id='word_1_430' title='bbox 1984 3241 2104 3293; x_wconf 76' lang='lat' dir='ltr'><strong>qua:</strong></span> <span class='ocrx_word' id='word_1_431' title='bbox 2153 3233 2328 3294; x_wconf 87' lang='lat' dir='ltr'><strong>posset</strong></span> 
     </span>
    </p>
   </div>
   <div class='ocr_carea' id='block_1_61' title="bbox 2424 3224 4015 3323">
    <p class='ocr_par' dir='ltr' id='par_1_61' title="bbox 2438 3231 4015 3304">
     <span class='ocr_line' id='line_1_61' title="bbox 2438 3231 4015 3304; baseline -0.003 -17"><span class='ocrx_word' id='word_1_432' title='bbox 2438 3236 2684 3304; x_wconf 71' lang='grc' dir='ltr'>ανάγκης</span> <span class='ocrx_word' id='word_1_433' title='bbox 2713 3236 2781 3285; x_wconf 73' lang='grc' dir='ltr'>τὰ</span> <span class='ocrx_word' id='word_1_434' title='bbox 2815 3234 2962 3285; x_wconf 82' lang='grc' dir='ltr'>σιτία</span> <span class='ocrx_word' id='word_1_435' title='bbox 3013 3234 3389 3302; x_wconf 73' lang='grc' dir='ltr'>λαμϐάνομεν,</span> <span class='ocrx_word' id='word_1_436' title='bbox 3427 3232 3514 3284; x_wconf 86' lang='grc' dir='ltr'>ἵνα</span> <span class='ocrx_word' id='word_1_437' title='bbox 3554 3247 3614 3284; x_wconf 83' lang='grc' dir='ltr'><strong>τε</strong></span> <span class='ocrx_word' id='word_1_438' title='bbox 3644 3231 3743 3301; x_wconf 82' lang='grc' dir='ltr'>τὴν</span> <span class='ocrx_word' id='word_1_439' title='bbox 3774 3232 4015 3301; x_wconf 80' lang='grc' dir='ltr'>δυναμέ-</span> 
     </span>
    </p>
   </div>
   <div class='ocr_carea' id='block_1_62' title="bbox 761 3316 2331 3385">
    <p class='ocr_par' dir='ltr' id='par_1_62' title="bbox 761 3316 2331 3385">
     <span class='ocr_line' id='line_1_62' title="bbox 761 3316 2331 3385; baseline 0 -16"><span class='ocrx_word' id='word_1_440' title='bbox 761 3317 1008 3370; x_wconf 88' lang='lat' dir='ltr'><strong>accidere</strong></span> <span class='ocrx_word' id='word_1_441' title='bbox 1029 3330 1091 3369; x_wconf 85' lang='lat' dir='ltr'><strong>ex</strong></span> <span class='ocrx_word' id='word_1_442' title='bbox 1111 3316 1527 3385; x_wconf 89' lang='lat' dir='ltr'><strong>consumptione</strong></span> <span class='ocrx_word' id='word_1_443' title='bbox 1547 3318 1810 3372; x_wconf 85' lang='lat' dir='ltr'><strong>naturalis</strong></span> <span class='ocrx_word' id='word_1_444' title='bbox 1827 3316 2057 3382; x_wconf 85' lang='lat' dir='ltr'><strong>humidi,</strong></span> <span class='ocrx_word' id='word_1_445' title='bbox 2076 3319 2331 3381; x_wconf 85' lang='lat' dir='ltr'><strong>evitetur,</strong></span> 
     </span>
    </p>
   </div>
   <div class='ocr_carea' id='block_1_63' title="bbox 761 3405 2328 3476">
    <p class='ocr_par' dir='ltr' id='par_1_63' title="bbox 761 3405 2328 3476">
     <span class='ocr_line' id='line_1_63' title="bbox 761 3405 2328 3476; baseline 0.001 -15"><span class='ocrx_word' id='word_1_446' title='bbox 761 3417 816 3461; x_wconf 90' lang='lat' dir='ltr'><strong>et</strong></span> <span class='ocrx_word' id='word_1_447' title='bbox 840 3407 933 3461; x_wconf 85' lang='lat' dir='ltr'><strong>ﬁat</strong></span> <span class='ocrx_word' id='word_1_448' title='bbox 965 3416 1334 3476; x_wconf 82' lang='lat' dir='ltr'><strong>augmentum.</strong></span> <span class='ocrx_word' id='word_1_449' title='bbox 1361 3406 1486 3462; x_wconf 67' lang='lat' dir='ltr'><strong>[late</strong></span> <span class='ocrx_word' id='word_1_450' title='bbox 1514 3415 1696 3462; x_wconf 89' lang='lat' dir='ltr'><strong>autem</strong></span> <span class='ocrx_word' id='word_1_451' title='bbox 1723 3405 1833 3460; x_wconf 90' lang='lat' dir='ltr'><strong>duo</strong></span> <span class='ocrx_word' id='word_1_452' title='bbox 1865 3424 1972 3460; x_wconf 92' lang='lat' dir='ltr'><strong>non</strong></span> <span class='ocrx_word' id='word_1_453' title='bbox 1993 3417 2155 3461; x_wconf 78' lang='lat' dir='ltr'><strong>erunt</strong></span> <span class='ocrx_word' id='word_1_454' title='bbox 2186 3409 2328 3473; x_wconf 89' lang='lat' dir='ltr'><strong>illic;</strong></span> 
     </span>
    </p>
   </div>
   <div class='ocr_carea' id='block_1_64' title="bbox 763 3499 2330 3569">
    <p class='ocr_par' dir='ltr' id='par_1_64' title="bbox 763 3499 2330 3569">
     <span class='ocr_line' id='line_1_64' title="bbox 763 3499 2330 3569; baseline 0 -17"><span class='ocrx_word' id='word_1_455' title='bbox 763 3514 956 3553; x_wconf 89' lang='lat' dir='ltr'><strong>omnes</strong></span> <span class='ocrx_word' id='word_1_456' title='bbox 977 3499 1119 3552; x_wconf 84' lang='lat' dir='ltr'><strong>enim</strong></span> <span class='ocrx_word' id='word_1_457' title='bbox 1147 3501 1199 3552; x_wconf 93' lang='lat' dir='ltr'><strong>in</strong></span> <span class='ocrx_word' id='word_1_458' title='bbox 1236 3509 1672 3554; x_wconf 81' lang='lat' dir='ltr'><strong>commensurata</strong></span> <span class='ocrx_word' id='word_1_459' title='bbox 1700 3500 2002 3568; x_wconf 78' lang='lat' dir='ltr'><strong>quantitate</strong></span> <span class='ocrx_word' id='word_1_460' title='bbox 2027 3509 2330 3569; x_wconf 78' lang='lat' dir='ltr'><strong>resurgent,</strong></span> 
     </span>
    </p>
   </div>
   <div class='ocr_carea' id='block_1_65' title="bbox 764 3591 2332 3661">
    <p class='ocr_par' dir='ltr' id='par_1_65' title="bbox 764 3591 2332 3661">
     <span class='ocr_line' id='line_1_65' title="bbox 764 3591 2332 3661; baseline 0 -17"><span class='ocrx_word' id='word_1_461' title='bbox 764 3599 821 3644; x_wconf 89' lang='lat' dir='ltr'><strong>et</strong></span> <span class='ocrx_word' id='word_1_462' title='bbox 871 3592 1099 3660; x_wconf 88' lang='lat' dir='ltr'><strong>posthac</strong></span> <span class='ocrx_word' id='word_1_463' title='bbox 1155 3607 1265 3645; x_wconf 89' lang='lat' dir='ltr'><strong>non</strong></span> <span class='ocrx_word' id='word_1_464' title='bbox 1322 3599 1579 3659; x_wconf 85' lang='lat' dir='ltr'><strong>poterunt</strong></span> <span class='ocrx_word' id='word_1_465' title='bbox 1625 3591 1784 3658; x_wconf 85' lang='lat' dir='ltr'><strong>mori,</strong></span> <span class='ocrx_word' id='word_1_466' title='bbox 1814 3593 1895 3646; x_wconf 86' lang='lat' dir='ltr'><strong>vel</strong></span> <span class='ocrx_word' id='word_1_467' title='bbox 1953 3593 2056 3646; x_wconf 89' lang='lat' dir='ltr'><strong>alio</strong></span> <span class='ocrx_word' id='word_1_468' title='bbox 2099 3593 2332 3661; x_wconf 79' lang='lat' dir='ltr'><strong>quodam</strong></span> 
     </span>
    </p>
   </div>
   <div class='ocr_carea' id='block_1_66' title="bbox 767 3683 2336 3751">
    <p class='ocr_par' dir='ltr' id='par_1_66' title="bbox 767 3683 2336 3751">
     <span class='ocr_line' id='line_1_66' title="bbox 767 3683 2336 3751; baseline -0.001 -15"><span class='ocrx_word' id='word_1_469' title='bbox 767 3683 933 3737; x_wconf 90' lang='lat' dir='ltr'><strong>modo</strong></span> <span class='ocrx_word' id='word_1_470' title='bbox 969 3685 1222 3749; x_wconf 78' lang='lat' dir='ltr'><strong>deiicere,</strong></span> <span class='ocrx_word' id='word_1_471' title='bbox 1254 3685 1400 3738; x_wconf 79' lang='lat' dir='ltr'><strong>sicut</strong></span> <span class='ocrx_word' id='word_1_472' title='bbox 1432 3695 1486 3736; x_wconf 85' lang='lat' dir='ltr'><strong>et</strong></span> <span class='ocrx_word' id='word_1_473' title='bbox 1518 3684 1632 3751; x_wconf 88' lang='lat' dir='ltr'><strong>ipse</strong></span> <span class='ocrx_word' id='word_1_474' title='bbox 1665 3684 2003 3738; x_wconf 84' lang='lat' dir='ltr'><strong>Mahometus</strong></span> <span class='ocrx_word' id='word_1_475' title='bbox 2038 3685 2089 3738; x_wconf 94' lang='lat' dir='ltr'><strong>in</strong></span> <span class='ocrx_word' id='word_1_476' title='bbox 2114 3699 2211 3738; x_wconf 87' lang='lat' dir='ltr'><strong>sua</strong></span> <span class='ocrx_word' id='word_1_477' title='bbox 2241 3685 2336 3736; x_wconf 75' lang='lat' dir='ltr'><strong>tio—</strong></span> 
     </span>
    </p>
   </div>
   <div class='ocr_carea' id='block_1_67' title="bbox 765 3775 2335 3844">
    <p class='ocr_par' dir='ltr' id='par_1_67' title="bbox 765 3775 2335 3844">
     <span class='ocr_line' id='line_1_67' title="bbox 765 3775 2335 3844; baseline -0.001 -14"><span class='ocrx_word' id='word_1_478' title='bbox 765 3778 942 3830; x_wconf 87' lang='lat' dir='ltr'><strong>etrina</strong></span> <span class='ocrx_word' id='word_1_479' title='bbox 971 3777 1105 3831; x_wconf 85' lang='lat' dir='ltr'><strong>dicit</strong></span> <span class='ocrx_word' id='word_1_480' title='bbox 1144 3795 1157 3830; x_wconf 91' lang='lat'>:</span> <span class='ocrx_word' id='word_1_481' title='bbox 1197 3777 1345 3833; x_wconf 90' lang='lat' dir='ltr'><strong>Deus</strong></span> <span class='ocrx_word' id='word_1_482' title='bbox 1380 3777 1662 3831; x_wconf 89' lang='lat' dir='ltr'><strong>interimet</strong></span> <span class='ocrx_word' id='word_1_483' title='bbox 1691 3785 1944 3840; x_wconf 87' lang='lat' dir='ltr'><strong>mortem,</strong></span> <span class='ocrx_word' id='word_1_484' title='bbox 1978 3785 2034 3830; x_wconf 89' lang='lat' dir='ltr'><strong>et</strong></span> <span class='ocrx_word' id='word_1_485' title='bbox 2071 3783 2191 3844; x_wconf 77' lang='lat' dir='ltr'><strong>post</strong></span> <span class='ocrx_word' id='word_1_486' title='bbox 2221 3775 2335 3828; x_wconf 71' lang='lat' dir='ltr'><strong>hrec</strong></span> 
     </span>
    </p>
   </div>
   <div class='ocr_carea' id='block_1_68' title="bbox 767 3867 2334 3938">
    <p class='ocr_par' dir='ltr' id='par_1_68' title="bbox 767 3867 2334 3938">
     <span class='ocr_line' id='line_1_68' title="bbox 767 3867 2334 3938; baseline -0.003 -15"><span class='ocrx_word' id='word_1_487' title='bbox 767 3878 1056 3938; x_wconf 78' lang='lat' dir='ltr'><strong>resurgeut</strong></span> <span class='ocrx_word' id='word_1_488' title='bbox 1090 3868 1428 3922; x_wconf 84' lang='lat' dir='ltr'><strong>immortales</strong></span> <span class='ocrx_word' id='word_1_489' title='bbox 1459 3877 1514 3922; x_wconf 91' lang='lat' dir='ltr'><strong>et</strong></span> <span class='ocrx_word' id='word_1_490' title='bbox 1559 3867 1775 3936; x_wconf 79' lang='lat' dir='ltr'><strong>integri.</strong></span> <span class='ocrx_word' id='word_1_491' title='bbox 1805 3867 2124 3934; x_wconf 85' lang='lat' dir='ltr'><strong>Assumptio</strong></span> <span class='ocrx_word' id='word_1_492' title='bbox 2169 3867 2334 3934; x_wconf 73' lang='lat' dir='ltr'><strong>igitur</strong></span> 
     </span>
    </p>
   </div>
   <div class='ocr_carea' id='block_1_69' title="bbox 768 3955 2336 4028">
    <p class='ocr_par' dir='ltr' id='par_1_69' title="bbox 768 3955 2336 4028">
     <span class='ocr_line' id='line_1_69' title="bbox 768 3955 2336 4028; baseline -0.003 -14"><span class='ocrx_word' id='word_1_493' title='bbox 768 3959 1107 4014; x_wconf 86' lang='lat' dir='ltr'><strong>cibariorum</strong></span> <span class='ocrx_word' id='word_1_494' title='bbox 1162 3973 1508 4028; x_wconf 84' lang='lat' dir='ltr'><strong>nequaquam</strong></span> <span class='ocrx_word' id='word_1_495' title='bbox 1556 3966 1641 4013; x_wconf 88' lang='lat' dir='ltr'><strong>est</strong></span> <span class='ocrx_word' id='word_1_496' title='bbox 1688 3957 2023 4010; x_wconf 82' lang='lat' dir='ltr'><strong>necessaria.</strong></span> <span class='ocrx_word' id='word_1_497' title='bbox 2071 3955 2336 4010; x_wconf 88' lang='lat' dir='ltr'><strong>Similiter</strong></span> 
     </span>
    </p>
   </div>
   <div class='ocr_carea' id='block_1_70' title="bbox 769 4047 2333 4118">
    <p class='ocr_par' dir='ltr' id='par_1_70' title="bbox 769 4047 2333 4118">
     <span class='ocr_line' id='line_1_70' title="bbox 769 4047 2333 4118; baseline -0.003 -14"><span class='ocrx_word' id='word_1_498' title='bbox 769 4062 951 4104; x_wconf 85' lang='lat' dir='ltr'><strong>autem</strong></span> <span class='ocrx_word' id='word_1_499' title='bbox 1003 4066 1181 4118; x_wconf 80' lang='lat' dir='ltr'><strong>neque</strong></span> <span class='ocrx_word' id='word_1_500' title='bbox 1216 4065 1398 4102; x_wconf 90' lang='lat' dir='ltr'><strong>rerum</strong></span> <span class='ocrx_word' id='word_1_501' title='bbox 1451 4063 1810 4102; x_wconf 86' lang='lat' dir='ltr'><strong>venerearum</strong></span> <span class='ocrx_word' id='word_1_502' title='bbox 1863 4063 2018 4110; x_wconf 90' lang='lat' dir='ltr'><strong>usus,</strong></span> <span class='ocrx_word' id='word_1_503' title='bbox 2071 4047 2333 4116; x_wconf 88' lang='lat' dir='ltr'><strong>quoniam</strong></span> 
     </span>
    </p>
   </div>
   <div class='ocr_carea' id='block_1_71' title="bbox 771 4139 2334 4210">
    <p class='ocr_par' dir='ltr' id='par_1_71' title="bbox 771 4139 2334 4210">
     <span class='ocr_line' id='line_1_71' title="bbox 771 4139 2334 4210; baseline -0.003 -14"><span class='ocrx_word' id='word_1_504' title='bbox 771 4157 951 4210; x_wconf 88' lang='lat' dir='ltr'><strong>neque</strong></span> <span class='ocrx_word' id='word_1_505' title='bbox 981 4157 1129 4195; x_wconf 88' lang='lat' dir='ltr'><strong>nunc</strong></span> <span class='ocrx_word' id='word_1_506' title='bbox 1179 4151 1261 4193; x_wconf 88' lang='lat' dir='ltr'><strong>est</strong></span> <span class='ocrx_word' id='word_1_507' title='bbox 1294 4141 1659 4203; x_wconf 81' lang='lat' dir='ltr'><strong>necessarius,</strong></span> <span class='ocrx_word' id='word_1_508' title='bbox 1701 4139 1808 4193; x_wconf 88' lang='lat' dir='ltr'><strong>nisi</strong></span> <span class='ocrx_word' id='word_1_509' title='bbox 1849 4149 1907 4192; x_wconf 91' lang='lat' dir='ltr'><strong>ut</strong></span> <span class='ocrx_word' id='word_1_510' title='bbox 1958 4148 2206 4193; x_wconf 81' lang='lat' dir='ltr'><strong>servetur</strong></span> <span class='ocrx_word' id='word_1_511' title='bbox 2245 4153 2334 4192; x_wconf 81' lang='lat' dir='ltr'><strong>se-</strong></span> 
     </span>
    </p>
   </div>
   <div class='ocr_carea' id='block_1_72' title="bbox 771 4229 2338 4300">
    <p class='ocr_par' dir='ltr' id='par_1_72' title="bbox 771 4229 2338 4300">
     <span class='ocr_line' id='line_1_72' title="bbox 771 4229 2338 4300; baseline -0.001 -15"><span class='ocrx_word' id='word_1_512' title='bbox 771 4233 1009 4286; x_wconf 75' lang='lat' dir='ltr'><strong>tuntlum</strong></span> <span class='ocrx_word' id='word_1_513' title='bbox 1037 4231 1275 4299; x_wconf 85' lang='lat' dir='ltr'><strong>speciem</strong></span> <span class='ocrx_word' id='word_1_514' title='bbox 1315 4231 1460 4300; x_wconf 89' lang='lat' dir='ltr'><strong>quod</strong></span> <span class='ocrx_word' id='word_1_515' title='bbox 1507 4245 1616 4285; x_wconf 90' lang='lat' dir='ltr'><strong>non</strong></span> <span class='ocrx_word' id='word_1_516' title='bbox 1657 4240 1840 4300; x_wconf 87' lang='lat' dir='ltr'><strong>potest</strong></span> <span class='ocrx_word' id='word_1_517' title='bbox 1866 4230 2072 4284; x_wconf 85' lang='lat' dir='ltr'><strong>servari</strong></span> <span class='ocrx_word' id='word_1_518' title='bbox 2104 4229 2159 4284; x_wconf 93' lang='lat' dir='ltr'><strong>in</strong></span> <span class='ocrx_word' id='word_1_519' title='bbox 2197 4230 2338 4283; x_wconf 87' lang='lat' dir='ltr'><strong>indi-</strong></span> 
     </span>
    </p>
   </div>
   <div class='ocr_carea' id='block_1_73' title="bbox 772 4321 2340 4392">
    <p class='ocr_par' dir='ltr' id='par_1_73' title="bbox 772 4321 2340 4392">
     <span class='ocr_line' id='line_1_73' title="bbox 772 4321 2340 4392; baseline -0.001 -15"><span class='ocrx_word' id='word_1_520' title='bbox 772 4325 959 4378; x_wconf 86' lang='lat' dir='ltr'><strong>viduo.</strong></span> <span class='ocrx_word' id='word_1_521' title='bbox 994 4324 1125 4377; x_wconf 86' lang='lat' dir='ltr'><strong>ltcm</strong></span> <span class='ocrx_word' id='word_1_522' title='bbox 1156 4323 1404 4376; x_wconf 90' lang='lat' dir='ltr'><strong>homines</strong></span> <span class='ocrx_word' id='word_1_523' title='bbox 1432 4323 1526 4392; x_wconf 88' lang='lat' dir='ltr'><strong>qui</strong></span> <span class='ocrx_word' id='word_1_524' title='bbox 1563 4329 1867 4391; x_wconf 82' lang='lat' dir='ltr'><strong>resurgent,</strong></span> <span class='ocrx_word' id='word_1_525' title='bbox 1897 4322 1980 4374; x_wconf 88' lang='lat' dir='ltr'><strong>vel</strong></span> <span class='ocrx_word' id='word_1_526' title='bbox 2011 4337 2226 4390; x_wconf 86' lang='lat' dir='ltr'><strong>semper</strong></span> <span class='ocrx_word' id='word_1_527' title='bbox 2257 4321 2340 4376; x_wconf 81' lang='lat' dir='ltr'><strong>vi-</strong></span> 
     </span>
    </p>
   </div>
   <div class='ocr_carea' id='block_1_74' title="bbox 773 4413 2339 4485">
    <p class='ocr_par' dir='ltr' id='par_1_74' title="bbox 773 4413 2339 4485">
     <span class='ocr_line' id='line_1_74' title="bbox 773 4413 2339 4485; baseline -0.002 -17"><span class='ocrx_word' id='word_1_528' title='bbox 773 4425 924 4482; x_wconf 81' lang='lat' dir='ltr'><strong>vent,</strong></span> <span class='ocrx_word' id='word_1_529' title='bbox 955 4426 1012 4470; x_wconf 90' lang='lat' dir='ltr'><strong>et</strong></span> <span class='ocrx_word' id='word_1_530' title='bbox 1042 4431 1262 4485; x_wconf 88' lang='lat' dir='ltr'><strong>semper</strong></span> <span class='ocrx_word' id='word_1_531' title='bbox 1289 4415 1626 4470; x_wconf 91' lang='lat' dir='ltr'><strong>nutrientur.</strong></span> <span class='ocrx_word' id='word_1_532' title='bbox 1673 4413 1738 4468; x_wconf 84' lang='lat' dir='ltr'><strong>Et</strong></span> <span class='ocrx_word' id='word_1_533' title='bbox 1760 4415 1803 4468; x_wconf 90' lang='lat' dir='ltr'><strong>si</strong></span> <span class='ocrx_word' id='word_1_534' title='bbox 1839 4429 2058 4482; x_wconf 88' lang='lat' dir='ltr'><strong>semper</strong></span> <span class='ocrx_word' id='word_1_535' title='bbox 2088 4413 2339 4466; x_wconf 83' lang='lat' dir='ltr'><strong>nutrien-</strong></span> 
     </span>
    </p>
   </div>
   <div class='ocr_carea' id='block_1_75' title="bbox 775 4503 2338 4576">
    <p class='ocr_par' dir='ltr' id='par_1_75' title="bbox 775 4503 2338 4576">
     <span class='ocr_line' id='line_1_75' title="bbox 775 4503 2338 4576; baseline -0.002 -15"><span class='ocrx_word' id='word_1_536' title='bbox 775 4517 885 4572; x_wconf 92' lang='lat' dir='ltr'><strong>tur,</strong></span> <span class='ocrx_word' id='word_1_537' title='bbox 922 4522 1262 4575; x_wconf 86' lang='lat' dir='ltr'><strong>consequens</strong></span> <span class='ocrx_word' id='word_1_538' title='bbox 1291 4507 1395 4569; x_wconf 92' lang='lat' dir='ltr'><strong>his,</strong></span> <span class='ocrx_word' id='word_1_539' title='bbox 1425 4505 1572 4576; x_wconf 87' lang='lat' dir='ltr'><strong>quod</strong></span> <span class='ocrx_word' id='word_1_540' title='bbox 1607 4506 1952 4576; x_wconf 81' lang='lat' dir='ltr'><strong>augebuntur</strong></span> <span class='ocrx_word' id='word_1_541' title='bbox 1975 4520 2224 4574; x_wconf 90' lang='lat' dir='ltr'><strong>corpora,</strong></span> <span class='ocrx_word' id='word_1_542' title='bbox 2254 4503 2338 4558; x_wconf 88' lang='lat' dir='ltr'><strong>vel</strong></span> 
     </span>
    </p>
   </div>
   <div class='ocr_carea' id='block_1_76' title="bbox 2439 3323 4015 3392">
    <p class='ocr_par' dir='ltr' id='par_1_76' title="bbox 2439 3323 4015 3392">
     <span class='ocr_line' id='line_1_76' title="bbox 2439 3323 4015 3392; baseline -0.003 -14"><span class='ocrx_word' id='word_1_543' title='bbox 2439 3343 2535 3391; x_wconf 82' lang='grc' dir='ltr'><strong>νην</strong></span> <span class='ocrx_word' id='word_1_544' title='bbox 2592 3325 2910 3392; x_wconf 78' lang='grc' dir='ltr'>συμῦαίνειν</span> <span class='ocrx_word' id='word_1_545' title='bbox 2959 3325 3168 3391; x_wconf 73' lang='grc' dir='ltr'>φθορὰν</span> <span class='ocrx_word' id='word_1_546' title='bbox 3210 3326 3271 3376; x_wconf 80' lang='grc' dir='ltr'>ὲκ</span> <span class='ocrx_word' id='word_1_547' title='bbox 3317 3323 3412 3376; x_wconf 84' lang='grc' dir='ltr'>τοῦ</span> <span class='ocrx_word' id='word_1_548' title='bbox 3469 3323 3530 3374; x_wconf 81' lang='grc' dir='ltr'><strong>τὸ</strong></span> <span class='ocrx_word' id='word_1_549' title='bbox 3577 3323 3812 3391; x_wconf 78' lang='grc' dir='ltr'>φυσικὸν</span> <span class='ocrx_word' id='word_1_550' title='bbox 3839 3323 4015 3392; x_wconf 69' lang='grc' dir='ltr'>ὑγρὸν</span> 
     </span>
    </p>
   </div>
   <div class='ocr_carea' id='block_1_77' title="bbox 2434 3414 4015 3486">
    <p class='ocr_par' dir='ltr' id='par_1_77' title="bbox 2434 3414 4015 3486">
     <span class='ocr_line' id='line_1_77' title="bbox 2434 3414 4015 3486; baseline -0.003 -15"><span class='ocrx_word' id='word_1_551' title='bbox 2434 3418 2821 3471; x_wconf 75' lang='grc' dir='ltr'>ἀναλίσκεσθαι</span> <span class='ocrx_word' id='word_1_552' title='bbox 2857 3416 3218 3484; x_wconf 76' lang='grc' dir='ltr'>φυλαξὼμεθα</span> <span class='ocrx_word' id='word_1_553' title='bbox 3242 3417 3495 3486; x_wconf 77' lang='grc' dir='ltr'>καὶπρὸς</span> <span class='ocrx_word' id='word_1_554' title='bbox 3529 3414 3780 3483; x_wconf 80' lang='grc' dir='ltr'>αὔξησιν.</span> <span class='ocrx_word' id='word_1_555' title='bbox 3818 3415 4015 3467; x_wconf 74' lang='grc' dir='ltr'>Ταῦτα</span> 
     </span>
    </p>
   </div>
   <div class='ocr_carea' id='block_1_78' title="bbox 2433 3505 4016 3574">
    <p class='ocr_par' dir='ltr' id='par_1_78' title="bbox 2433 3505 4016 3574">
     <span class='ocr_line' id='line_1_78' title="bbox 2433 3505 4016 3574; baseline -0.001 -15"><span class='ocrx_word' id='word_1_556' title='bbox 2433 3507 2487 3559; x_wconf 84' lang='grc' dir='ltr'>δὲ</span> <span class='ocrx_word' id='word_1_557' title='bbox 2522 3511 2586 3559; x_wconf 67' lang='grc' dir='ltr'><strong>τὰ</strong></span> <span class='ocrx_word' id='word_1_558' title='bbox 2620 3507 2714 3559; x_wconf 79' lang='grc' dir='ltr'>δύο</span> <span class='ocrx_word' id='word_1_559' title='bbox 2751 3509 2849 3560; x_wconf 70' lang='grc' dir='ltr'><strong>οὐκ</strong></span> <span class='ocrx_word' id='word_1_560' title='bbox 2905 3509 3119 3560; x_wconf 73' lang='grc' dir='ltr'>ἔσονται</span> <span class='ocrx_word' id='word_1_561' title='bbox 3173 3508 3308 3560; x_wconf 75' lang='grc' dir='ltr'>ἐκεῖ.</span> <span class='ocrx_word' id='word_1_562' title='bbox 3382 3507 3592 3570; x_wconf 81' lang='grc' dir='ltr'>Πάντες</span> <span class='ocrx_word' id='word_1_563' title='bbox 3649 3509 3758 3574; x_wconf 71' lang='grc' dir='ltr'><strong>γὰρ</strong></span> <span class='ocrx_word' id='word_1_564' title='bbox 3794 3505 3852 3558; x_wconf 79' lang='grc' dir='ltr'>ἐν</span> <span class='ocrx_word' id='word_1_565' title='bbox 3908 3523 4016 3558; x_wconf 73' lang='grc' dir='ltr'>τινι</span> 
     </span>
    </p>
   </div>
   <div class='ocr_carea' id='block_1_79' title="bbox 2438 3595 4013 3667">
    <p class='ocr_par' dir='ltr' id='par_1_79' title="bbox 2438 3595 4013 3667">
     <span class='ocr_line' id='line_1_79' title="bbox 2438 3595 4013 3667; baseline -0.001 -17"><span class='ocrx_word' id='word_1_566' title='bbox 2438 3601 2738 3666; x_wconf 78' lang='grc' dir='ltr'>συμμέτρῳ</span> <span class='ocrx_word' id='word_1_567' title='bbox 2794 3599 3057 3665; x_wconf 68' lang='grc' dir='ltr'>ποσότητι</span> <span class='ocrx_word' id='word_1_568' title='bbox 3098 3598 3517 3667; x_wconf 78' lang='grc' dir='ltr'>ἀναστήσονται,</span> <span class='ocrx_word' id='word_1_569' title='bbox 3561 3595 3781 3648; x_wconf 78' lang='grc' dir='ltr'>καὶτοῦ</span> <span class='ocrx_word' id='word_1_570' title='bbox 3815 3595 4013 3648; x_wconf 78' lang='grc' dir='ltr'>λοιποῦ</span> 
     </span>
    </p>
   </div>
   <div class='ocr_carea' id='block_1_80' title="bbox 2434 3689 4016 3759">
    <p class='ocr_par' dir='ltr' id='par_1_80' title="bbox 2434 3689 4016 3759">
     <span class='ocr_line' id='line_1_80' title="bbox 2434 3689 4016 3759; baseline -0.002 -17"><span class='ocrx_word' id='word_1_571' title='bbox 2434 3690 2493 3742; x_wconf 81' lang='grc' dir='ltr'>οὐ</span> <span class='ocrx_word' id='word_1_572' title='bbox 2529 3691 2848 3758; x_wconf 70' lang='grc' dir='ltr'>δυνήσονται</span> <span class='ocrx_word' id='word_1_573' title='bbox 2916 3689 3305 3759; x_wconf 78' lang='grc' dir='ltr'>ἀποθνήσκειν,</span> <span class='ocrx_word' id='word_1_574' title='bbox 3356 3689 3584 3758; x_wconf 84' lang='grc' dir='ltr'>ῆᾶλλον</span> <span class='ocrx_word' id='word_1_575' title='bbox 3631 3690 3759 3742; x_wconf 75' lang='grc' dir='ltr'>τινὰ</span> <span class='ocrx_word' id='word_1_576' title='bbox 3805 3689 4016 3754; x_wconf 72' lang='grc' dir='ltr'>τρόπον</span> 
     </span>
    </p>
   </div>
   <div class='ocr_carea' id='block_1_81' title="bbox 2435 3779 4016 3851">
    <p class='ocr_par' dir='ltr' id='par_1_81' title="bbox 2435 3779 4016 3851">
     <span class='ocr_line' id='line_1_81' title="bbox 2435 3779 4016 3851; baseline 0 -18"><span class='ocrx_word' id='word_1_577' title='bbox 2435 3783 2712 3834; x_wconf 77' lang='grc' dir='ltr'>ἐκλείπειν</span> <span class='ocrx_word' id='word_1_578' title='bbox 2733 3797 2746 3810; x_wconf 81' lang='lat'>&#39;</span> <span class='ocrx_word' id='word_1_579' title='bbox 2783 3782 2857 3843; x_wconf 81' lang='grc' dir='ltr'>ὡς</span> <span class='ocrx_word' id='word_1_580' title='bbox 2904 3784 2996 3834; x_wconf 76' lang='grc' dir='ltr'><strong>καὶ</strong></span> <span class='ocrx_word' id='word_1_581' title='bbox 3031 3782 3191 3844; x_wconf 79' lang='grc' dir='ltr'>αὐτὸς</span> <span class='ocrx_word' id='word_1_582' title='bbox 3217 3783 3245 3834; x_wconf 82' lang='grc' dir='ltr'><strong>ὁ</strong></span> <span class='ocrx_word' id='word_1_583' title='bbox 3278 3781 3576 3851; x_wconf 74' lang='grc' dir='ltr'>Μαχούμετ</span> <span class='ocrx_word' id='word_1_584' title='bbox 3619 3783 3678 3833; x_wconf 79' lang='grc' dir='ltr'>ὲν</span> <span class='ocrx_word' id='word_1_585' title='bbox 3708 3784 3777 3850; x_wconf 79' lang='grc' dir='ltr'>τῇ</span> <span class='ocrx_word' id='word_1_586' title='bbox 3810 3779 4016 3833; x_wconf 80' lang='grc' dir='ltr'>ἑαυτοῦ</span> 
     </span>
    </p>
   </div>
   <div class='ocr_carea' id='block_1_82' title="bbox 2434 3871 4016 3942">
    <p class='ocr_par' dir='ltr' id='par_1_82' title="bbox 2434 3871 4016 3942">
     <span class='ocr_line' id='line_1_82' title="bbox 2434 3871 4016 3942; baseline -0.002 -16"><span class='ocrx_word' id='word_1_587' title='bbox 2434 3873 2751 3942; x_wconf 65' lang='grc' dir='ltr'>διδασκαλίᾳ</span> <span class='ocrx_word' id='word_1_588' title='bbox 2783 3875 2971 3942; x_wconf 78' lang='grc' dir='ltr'>φησὶν,</span> <span class='ocrx_word' id='word_1_589' title='bbox 3015 3872 3073 3925; x_wconf 82' lang='grc'><strong>⁸0</strong></span> <span class='ocrx_word' id='word_1_590' title='bbox 3115 3872 3246 3935; x_wconf 76' lang='grc' dir='ltr'>Θεὸς</span> <span class='ocrx_word' id='word_1_591' title='bbox 3294 3874 3586 3926; x_wconf 80' lang='grc' dir='ltr'>ἀποκτενεῖ</span> <span class='ocrx_word' id='word_1_592' title='bbox 3632 3871 3723 3925; x_wconf 79' lang='grc' dir='ltr'><strong>τὸν</strong></span> <span class='ocrx_word' id='word_1_593' title='bbox 3754 3872 4016 3937; x_wconf 78' lang='grc' dir='ltr'>θάνατον,</span> 
     </span>
    </p>
   </div>
   <div class='ocr_carea' id='block_1_83' title="bbox 2437 3963 4017 4033">
    <p class='ocr_par' dir='ltr' id='par_1_83' title="bbox 2437 3963 4017 4033">
     <span class='ocr_line' id='line_1_83' title="bbox 2437 3963 4017 4033; baseline -0.001 -16"><span class='ocrx_word' id='word_1_594' title='bbox 2437 3967 2530 4028; x_wconf 70' lang='grc' dir='ltr'><strong>καὶ</strong></span> <span class='ocrx_word' id='word_1_595' title='bbox 2574 3967 2710 4033; x_wconf 79' lang='grc' dir='ltr'><strong>μετά</strong></span> <span class='ocrx_word' id='word_1_596' title='bbox 2759 3963 2934 4016; x_wconf 86' lang='grc' dir='ltr'>ταῦτα</span> <span class='ocrx_word' id='word_1_597' title='bbox 2989 3964 3384 4032; x_wconf 86' lang='grc' dir='ltr'>ἀναστήσονται</span> <span class='ocrx_word' id='word_1_598' title='bbox 3438 3963 3698 4017; x_wconf 79' lang='grc' dir='ltr'>ἀθάνατοι</span> <span class='ocrx_word' id='word_1_599' title='bbox 3741 3964 3842 4014; x_wconf 75' lang='grc' dir='ltr'>καὶ</span> <span class='ocrx_word' id='word_1_600' title='bbox 3879 3965 4017 4016; x_wconf 78' lang='grc' dir='ltr'>ἀκέ-</span> 
     </span>
    </p>
   </div>
   <div class='ocr_carea' id='block_1_84' title="bbox 2441 4049 4020 4125">
    <p class='ocr_par' dir='ltr' id='par_1_84' title="bbox 2441 4049 4020 4125">
     <span class='ocr_line' id='line_1_84' title="bbox 2441 4049 4020 4125; baseline 0 -22"><span class='ocrx_word' id='word_1_601' title='bbox 2441 4069 2604 4125; x_wconf 71' lang='grc' dir='ltr'>ραιοι.</span> <span class='ocrx_word' id='word_1_602' title='bbox 2647 4051 2708 4103; x_wconf 86' lang='grc' dir='ltr'><strong>Ἦ</strong></span> <span class='ocrx_word' id='word_1_603' title='bbox 2751 4051 3021 4119; x_wconf 76' lang='grc' dir='ltr'><strong>ἀνάληψις</strong></span> <span class='ocrx_word' id='word_1_604' title='bbox 3052 4051 3158 4120; x_wconf 79' lang='grc' dir='ltr'><strong>ἀρα</strong></span> <span class='ocrx_word' id='word_1_605' title='bbox 3191 4050 3301 4102; x_wconf 83' lang='grc' dir='ltr'>τῶν</span> <span class='ocrx_word' id='word_1_606' title='bbox 3340 4051 3526 4102; x_wconf 79' lang='grc' dir='ltr'>σιτίων</span> <span class='ocrx_word' id='word_1_607' title='bbox 3563 4049 3825 4119; x_wconf 77' lang='grc' dir='ltr'>οὐδαμῶς</span> <span class='ocrx_word' id='word_1_608' title='bbox 3866 4053 4020 4103; x_wconf 78' lang='grc' dir='ltr'>ἐστιν</span> 
     </span>
    </p>
   </div>
   <div class='ocr_carea' id='block_1_85' title="bbox 2437 4139 4020 4210">
    <p class='ocr_par' dir='ltr' id='par_1_85' title="bbox 2437 4139 4020 4210">
     <span class='ocr_line' id='line_1_85' title="bbox 2437 4139 4020 4210; baseline -0.003 -15"><span class='ocrx_word' id='word_1_609' title='bbox 2437 4142 2735 4210; x_wconf 71' lang='grc' dir='ltr'>ἀναγκαία.</span> <span class='ocrx_word' id='word_1_610' title='bbox 2785 4140 3018 4208; x_wconf 85' lang='grc' dir='ltr'>Ὁμοίως</span> <span class='ocrx_word' id='word_1_611' title='bbox 3064 4140 3120 4192; x_wconf 84' lang='grc' dir='ltr'>δὲ</span> <span class='ocrx_word' id='word_1_612' title='bbox 3145 4139 3267 4192; x_wconf 78' lang='grc' dir='ltr'>οὐδὲ</span> <span class='ocrx_word' id='word_1_613' title='bbox 3302 4142 3332 4210; x_wconf 79' lang='grc' dir='ltr'>ἡ</span> <span class='ocrx_word' id='word_1_614' title='bbox 3361 4139 3471 4192; x_wconf 84' lang='grc' dir='ltr'>τῶν</span> <span class='ocrx_word' id='word_1_615' title='bbox 3512 4140 3851 4210; x_wconf 76' lang='grc' dir='ltr'>ἀφροδισίων</span> <span class='ocrx_word' id='word_1_616' title='bbox 3877 4143 4020 4210; x_wconf 78' lang='grc' dir='ltr'><strong>χρῆ-</strong></span> 
     </span>
    </p>
   </div>
   <div class='ocr_carea' id='block_1_86' title="bbox 2441 4227 4019 4298">
    <p class='ocr_par' dir='ltr' id='par_1_86' title="bbox 2441 4227 4019 4298">
     <span class='ocr_line' id='line_1_86' title="bbox 2441 4227 4019 4298; baseline -0.001 -15"><span class='ocrx_word' id='word_1_617' title='bbox 2441 4247 2543 4294; x_wconf 87' lang='grc' dir='ltr'>σις,</span> <span class='ocrx_word' id='word_1_618' title='bbox 2598 4231 2720 4280; x_wconf 76' lang='grc' dir='ltr'>ἐπεὶ</span> <span class='ocrx_word' id='word_1_619' title='bbox 2767 4228 2901 4296; x_wconf 75' lang='grc' dir='ltr'>μηδὲ</span> <span class='ocrx_word' id='word_1_620' title='bbox 2939 4227 3032 4279; x_wconf 76' lang='grc' dir='ltr'>νῦν</span> <span class='ocrx_word' id='word_1_621' title='bbox 3089 4229 3240 4279; x_wconf 75' lang='grc' dir='ltr'>ἐστιν</span> <span class='ocrx_word' id='word_1_622' title='bbox 3285 4227 3585 4296; x_wconf 77' lang='grc' dir='ltr'>ἀναγκαία,</span> <span class='ocrx_word' id='word_1_623' title='bbox 3642 4230 3693 4280; x_wconf 87' lang='grc' dir='ltr'><strong>εί</strong></span> <span class='ocrx_word' id='word_1_624' title='bbox 3733 4229 3817 4298; x_wconf 81' lang='grc' dir='ltr'>μὴ</span> <span class='ocrx_word' id='word_1_625' title='bbox 3874 4229 4019 4282; x_wconf 79' lang='grc' dir='ltr'>ὥστε</span> 
     </span>
    </p>
   </div>
   <div class='ocr_carea' id='block_1_87' title="bbox 2440 4316 4020 4390">
    <p class='ocr_par' dir='ltr' id='par_1_87' title="bbox 2440 4316 4020 4390">
     <span class='ocr_line' id='line_1_87' title="bbox 2440 4316 4020 4390; baseline -0.001 -17"><span class='ocrx_word' id='word_1_626' title='bbox 2440 4321 2806 4389; x_wconf 75' lang='grc' dir='ltr'>φυλάττεσθαι</span> <span class='ocrx_word' id='word_1_627' title='bbox 2847 4319 3011 4371; x_wconf 83' lang='grc' dir='ltr'>’κατά</span> <span class='ocrx_word' id='word_1_628' title='bbox 3053 4318 3114 4370; x_wconf 80' lang='grc' dir='ltr'>τὸ</span> <span class='ocrx_word' id='word_1_629' title='bbox 3154 4316 3292 4381; x_wconf 75' lang='grc' dir='ltr'>εἶδος</span> <span class='ocrx_word' id='word_1_630' title='bbox 3324 4319 3384 4371; x_wconf 81' lang='grc' dir='ltr'><strong>τὸ</strong></span> <span class='ocrx_word' id='word_1_631' title='bbox 3413 4319 3485 4390; x_wconf 81' lang='grc' dir='ltr'>μὴ</span> <span class='ocrx_word' id='word_1_632' title='bbox 3503 4319 3809 4388; x_wconf 82' lang='grc' dir='ltr'>δυνάμενον</span> <span class='ocrx_word' id='word_1_633' title='bbox 3845 4323 3908 4372; x_wconf 82' lang='grc' dir='ltr'>ὲν</span> <span class='ocrx_word' id='word_1_634' title='bbox 3947 4321 4020 4389; x_wconf 76' lang='grc' dir='ltr'>τῷ</span> 
     </span>
    </p>
   </div>
   <div class='ocr_carea' id='block_1_88' title="bbox 2439 4410 4020 4483">
    <p class='ocr_par' dir='ltr' id='par_1_88' title="bbox 2439 4410 4020 4483">
     <span class='ocr_line' id='line_1_88' title="bbox 2439 4410 4020 4483; baseline -0.001 -17"><span class='ocrx_word' id='word_1_635' title='bbox 2439 4413 2647 4483; x_wconf 81' lang='grc' dir='ltr'>ἀτόμῳ.</span> <span class='ocrx_word' id='word_1_636' title='bbox 2685 4412 2878 4464; x_wconf 84' lang='grc' dir='ltr'><strong>Ἐτιοὶ</strong></span> <span class='ocrx_word' id='word_1_637' title='bbox 2915 4410 3264 4478; x_wconf 75' lang='grc' dir='ltr'>ἀνιστάμενοι</span> <span class='ocrx_word' id='word_1_638' title='bbox 3314 4411 3590 4478; x_wconf 76' lang='grc' dir='ltr'>ἄνθρωποι</span> <span class='ocrx_word' id='word_1_639' title='bbox 3622 4411 3658 4483; x_wconf 78' lang='grc' dir='ltr'>ἢ</span> <span class='ocrx_word' id='word_1_640' title='bbox 3693 4411 3787 4465; x_wconf 79' lang='grc' dir='ltr'>ἀεὶ</span> <span class='ocrx_word' id='word_1_641' title='bbox 3821 4413 4020 4483; x_wconf 76' lang='grc' dir='ltr'>ζήσον-</span> 
     </span>
    </p>
   </div>
   <div class='ocr_carea' id='block_1_89' title="bbox 2439 4502 4020 4574">
    <p class='ocr_par' dir='ltr' id='par_1_89' title="bbox 2439 4502 4020 4574">
     <span class='ocr_line' id='line_1_89' title="bbox 2439 4502 4020 4574; baseline -0.002 -16"><span class='ocrx_word' id='word_1_642' title='bbox 2439 4523 2562 4567; x_wconf 85' lang='grc' dir='ltr'>ται,</span> <span class='ocrx_word' id='word_1_643' title='bbox 2595 4504 2628 4572; x_wconf 83' lang='grc' dir='ltr'>ἢ</span> <span class='ocrx_word' id='word_1_644' title='bbox 2675 4504 2763 4556; x_wconf 69' lang='grc' dir='ltr'>ἀεὶ</span> <span class='ocrx_word' id='word_1_645' title='bbox 2813 4505 2989 4574; x_wconf 78' lang='grc' dir='ltr'>τροφῇ</span> <span class='ocrx_word' id='word_1_646' title='bbox 3037 4502 3352 4571; x_wconf 85' lang='grc' dir='ltr'>χρήσονται,</span> <span class='ocrx_word' id='word_1_647' title='bbox 3390 4503 3474 4555; x_wconf 74' lang='grc' dir='ltr'><strong>ἐπ’</strong></span> <span class='ocrx_word' id='word_1_648' title='bbox 3520 4502 3753 4571; x_wconf 86' lang='grc' dir='ltr'>ἄπειρον</span> <span class='ocrx_word' id='word_1_649' title='bbox 3806 4505 4020 4566; x_wconf 74' lang='grc' dir='ltr'>τούτοις</span> 
     </span>
    </p>
   </div>
   <div class='ocr_carea' id='block_1_90' title="bbox 773 4591 2328 4667">
    <p class='ocr_par' dir='ltr' id='par_1_90' title="bbox 773 4597 2328 4667">
     <span class='ocr_line' id='line_1_90' title="bbox 773 4597 2328 4667; baseline -0.004 -13"><span class='ocrx_word' id='word_1_650' title='bbox 773 4609 935 4654; x_wconf 89' lang='lat' dir='ltr'><strong>erunt</strong></span> <span class='ocrx_word' id='word_1_651' title='bbox 965 4607 1020 4654; x_wconf 89' lang='lat' dir='ltr'><strong>et</strong></span> <span class='ocrx_word' id='word_1_652' title='bbox 1046 4600 1156 4654; x_wconf 89' lang='lat' dir='ltr'><strong>illic</strong></span> <span class='ocrx_word' id='word_1_653' title='bbox 1182 4601 1485 4667; x_wconf 77' lang='lat' dir='ltr'><strong>egestiones</strong></span> <span class='ocrx_word' id='word_1_654' title='bbox 1525 4608 1582 4652; x_wconf 90' lang='lat' dir='ltr'><strong>et</strong></span> <span class='ocrx_word' id='word_1_655' title='bbox 1625 4598 1746 4651; x_wconf 80' lang='lat' dir='ltr'><strong>alia:</strong></span> <span class='ocrx_word' id='word_1_656' title='bbox 1792 4597 2085 4658; x_wconf 71' lang='lat' dir='ltr'><strong>fmditates,</strong></span> <span class='ocrx_word' id='word_1_657' title='bbox 2116 4607 2176 4649; x_wconf 91' lang='lat' dir='ltr'><strong>ut</strong></span> <span class='ocrx_word' id='word_1_658' title='bbox 2220 4604 2328 4649; x_wconf 87' lang='lat' dir='ltr'><strong>tan-</strong></span> 
     </span>
    </p>
   </div>
   <div class='ocr_carea' id='block_1_91' title="bbox 2424 4591 4014 4667">
    <p class='ocr_par' dir='ltr' id='par_1_91' title="bbox 2442 4591 4014 4667">
     <span class='ocr_line' id='line_1_91' title="bbox 2442 4591 4014 4667; baseline -0.002 -18"><span class='ocrx_word' id='word_1_659' title='bbox 2442 4595 2842 4667; x_wconf 76' lang='grc' dir='ltr'>αὑξηϐἠσονται</span> <span class='ocrx_word' id='word_1_660' title='bbox 2875 4596 2942 4648; x_wconf 85' lang='grc' dir='ltr'><strong>τά</strong></span> <span class='ocrx_word' id='word_1_661' title='bbox 2973 4591 3218 4662; x_wconf 84' lang='grc' dir='ltr'>σώματα.</span> <span class='ocrx_word' id='word_1_662' title='bbox 3243 4593 3276 4662; x_wconf 85' lang='grc' dir='ltr'>ἢ</span> <span class='ocrx_word' id='word_1_663' title='bbox 3308 4592 3526 4646; x_wconf 77' lang='grc' dir='ltr'>ἔσονται</span> <span class='ocrx_word' id='word_1_664' title='bbox 3557 4597 3651 4646; x_wconf 82' lang='grc' dir='ltr'>καὶ</span> <span class='ocrx_word' id='word_1_665' title='bbox 3683 4595 3807 4647; x_wconf 79' lang='grc' dir='ltr'><strong>ὲ.κεί</strong></span> <span class='ocrx_word' id='word_1_666' title='bbox 3833 4597 4014 4664; x_wconf 76' lang='grc' dir='ltr'>ἐκκρίο</span> 
     </span>
    </p>
   </div>
   <div class='ocr_carea' id='block_1_92' title="bbox 777 4690 2337 4762">
    <p class='ocr_par' dir='ltr' id='par_1_92' title="bbox 777 4690 2337 4762">
     <span class='ocr_line' id='line_1_92' title="bbox 777 4690 2337 4762; baseline -0.004 -14"><span class='ocrx_word' id='word_1_667' title='bbox 777 4706 891 4748; x_wconf 92' lang='lat' dir='ltr'><strong>tum</strong></span> <span class='ocrx_word' id='word_1_668' title='bbox 951 4695 1260 4748; x_wconf 82' lang='lat' dir='ltr'><strong>resolvatur</strong></span> <span class='ocrx_word' id='word_1_669' title='bbox 1313 4703 1576 4762; x_wconf 88' lang='lat' dir='ltr'><strong>quantum</strong></span> <span class='ocrx_word' id='word_1_670' title='bbox 1631 4693 1975 4746; x_wconf 84' lang='lat' dir='ltr'><strong>convertitur</strong></span> <span class='ocrx_word' id='word_1_671' title='bbox 2029 4691 2081 4745; x_wconf 92' lang='lat' dir='ltr'><strong>in</strong></span> <span class='ocrx_word' id='word_1_672' title='bbox 2131 4690 2337 4756; x_wconf 85' lang='lat' dir='ltr'><strong>cibum,</strong></span> 
     </span>
    </p>
   </div>
   <div class='ocr_carea' id='block_1_93' title="bbox 775 4783 2340 4855">
    <p class='ocr_par' dir='ltr' id='par_1_93' title="bbox 775 4783 2340 4855">
     <span class='ocr_line' id='line_1_93' title="bbox 775 4783 2340 4855; baseline -0.003 -17"><span class='ocrx_word' id='word_1_673' title='bbox 775 4803 1005 4855; x_wconf 89' lang='lat' dir='ltr'><strong>quorum</strong></span> <span class='ocrx_word' id='word_1_674' title='bbox 1033 4797 1327 4854; x_wconf 87' lang='lat' dir='ltr'><strong>utrumque</strong></span> <span class='ocrx_word' id='word_1_675' title='bbox 1359 4794 1441 4840; x_wconf 87' lang='lat' dir='ltr'><strong>est</strong></span> <span class='ocrx_word' id='word_1_676' title='bbox 1472 4783 1884 4840; x_wconf 88' lang='lat' dir='ltr'><strong>inconveniens.</strong></span> <span class='ocrx_word' id='word_1_677' title='bbox 1913 4784 1992 4838; x_wconf 88' lang='lat' dir='ltr'><strong>Ad</strong></span> <span class='ocrx_word' id='word_1_678' title='bbox 2023 4784 2127 4837; x_wconf 91' lang='lat' dir='ltr'><strong>hoc</strong></span> <span class='ocrx_word' id='word_1_679' title='bbox 2158 4792 2340 4836; x_wconf 87' lang='lat' dir='ltr'><strong>autem</strong></span> 
     </span>
    </p>
   </div>
   <div class='ocr_carea' id='block_1_94' title="bbox 779 4874 2344 4946">
    <p class='ocr_par' dir='ltr' id='par_1_94' title="bbox 779 4874 2344 4946">
     <span class='ocr_line' id='line_1_94' title="bbox 779 4874 2344 4946; baseline -0.001 -16"><span class='ocrx_word' id='word_1_680' title='bbox 779 4877 1072 4946; x_wconf 81' lang='lat' dir='ltr'><strong>-espondet</strong></span> <span class='ocrx_word' id='word_1_681' title='bbox 1108 4876 1448 4930; x_wconf 77' lang='lat' dir='ltr'><strong>Mahometus</strong></span> <span class='ocrx_word' id='word_1_682' title='bbox 1480 4876 1532 4930; x_wconf 89' lang='lat' dir='ltr'><strong>in</strong></span> <span class='ocrx_word' id='word_1_683' title='bbox 1573 4876 1715 4929; x_wconf 91' lang='lat' dir='ltr'><strong>libro</strong></span> <span class='ocrx_word' id='word_1_684' title='bbox 1771 4877 1857 4930; x_wconf 89' lang='lat' dir='ltr'><strong>sui</strong></span> <span class='ocrx_word' id='word_1_685' title='bbox 1900 4875 2072 4944; x_wconf 87' lang='lat' dir='ltr'><strong>ipsius</strong></span> <span class='ocrx_word' id='word_1_686' title='bbox 2137 4874 2344 4928; x_wconf 80' lang='lat' dir='ltr'><strong>doctri-</strong></span> 
     </span>
    </p>
   </div>
   <div class='ocr_carea' id='block_1_95' title="bbox 777 4965 2340 5037">
    <p class='ocr_par' dir='ltr' id='par_1_95' title="bbox 777 4965 2340 5037">
     <span class='ocr_line' id='line_1_95' title="bbox 777 4965 2340 5037; baseline -0.003 -15"><span class='ocrx_word' id='word_1_687' title='bbox 777 4985 881 5030; x_wconf 75' lang='lat' dir='ltr'><strong>nae,</strong></span> <span class='ocrx_word' id='word_1_688' title='bbox 919 4968 1153 5022; x_wconf 85' lang='lat' dir='ltr'><strong>dicens:</strong></span> <span class='ocrx_word' id='word_1_689' title='bbox 1188 4967 1333 5037; x_wconf 89' lang='lat' dir='ltr'><strong>quod</strong></span> <span class='ocrx_word' id='word_1_690' title='bbox 1387 4983 1496 5020; x_wconf 90' lang='lat' dir='ltr'><strong>non</strong></span> <span class='ocrx_word' id='word_1_691' title='bbox 1541 4969 1647 5022; x_wconf 88' lang='lat' dir='ltr'><strong>erit</strong></span> <span class='ocrx_word' id='word_1_692' title='bbox 1682 4967 1794 5021; x_wconf 91' lang='lat' dir='ltr'><strong>illic</strong></span> <span class='ocrx_word' id='word_1_693' title='bbox 1840 4967 2046 5036; x_wconf 78' lang='lat' dir='ltr'><strong>egestio</strong></span> <span class='ocrx_word' id='word_1_694' title='bbox 2075 4965 2340 5029; x_wconf 88' lang='lat' dir='ltr'><strong>sordium,</strong></span> 
     </span>
    </p>
   </div>
   <div class='ocr_carea' id='block_1_96' title="bbox 776 5056 2343 5127">
    <p class='ocr_par' dir='ltr' id='par_1_96' title="bbox 776 5056 2343 5127">
     <span class='ocr_line' id='line_1_96' title="bbox 776 5056 2343 5127; baseline -0.003 -15"><span class='ocrx_word' id='word_1_695' title='bbox 776 5058 870 5112; x_wconf 85' lang='lat' dir='ltr'><strong>sed</strong></span> <span class='ocrx_word' id='word_1_696' title='bbox 905 5058 1158 5127; x_wconf 79' lang='lat' dir='ltr'><strong>purgatio</strong></span> <span class='ocrx_word' id='word_1_697' title='bbox 1205 5071 1302 5126; x_wconf 89' lang='lat' dir='ltr'><strong>per</strong></span> <span class='ocrx_word' id='word_1_698' title='bbox 1332 5058 1615 5112; x_wconf 88' lang='lat' dir='ltr'><strong>sudorem.</strong></span> <span class='ocrx_word' id='word_1_699' title='bbox 1653 5057 1718 5111; x_wconf 80' lang='lat' dir='ltr'><strong>Et</strong></span> <span class='ocrx_word' id='word_1_700' title='bbox 1775 5058 1999 5112; x_wconf 79' lang='lat' dir='ltr'><strong>adducit</strong></span> <span class='ocrx_word' id='word_1_701' title='bbox 2031 5056 2343 5124; x_wconf 75' lang='lat' dir='ltr'><strong>exemplum</strong></span> 
     </span>
    </p>
   </div>
   <div class='ocr_carea' id='block_1_97' title="bbox 778 5147 2342 5218">
    <p class='ocr_par' dir='ltr' id='par_1_97' title="bbox 778 5147 2342 5218">
     <span class='ocr_line' id='line_1_97' title="bbox 778 5147 2342 5218; baseline 0 -17"><span class='ocrx_word' id='word_1_702' title='bbox 778 5150 932 5218; x_wconf 82' lang='lat' dir='ltr'><strong>pueri</strong></span> <span class='ocrx_word' id='word_1_703' title='bbox 970 5149 1023 5202; x_wconf 90' lang='lat' dir='ltr'><strong>in</strong></span> <span class='ocrx_word' id='word_1_704' title='bbox 1057 5161 1214 5203; x_wconf 81' lang='lat' dir='ltr'><strong>utero</strong></span> <span class='ocrx_word' id='word_1_705' title='bbox 1244 5150 1437 5204; x_wconf 89' lang='lat' dir='ltr'><strong>matris</strong></span> <span class='ocrx_word' id='word_1_706' title='bbox 1483 5149 1820 5215; x_wconf 70' lang='lat' dir='ltr'><strong>cxsistentis,</strong></span> <span class='ocrx_word' id='word_1_707' title='bbox 1850 5149 1945 5218; x_wconf 90' lang='lat' dir='ltr'><strong>qui</strong></span> <span class='ocrx_word' id='word_1_708' title='bbox 1971 5149 2214 5202; x_wconf 92' lang='lat' dir='ltr'><strong>nutritur</strong></span> <span class='ocrx_word' id='word_1_709' title='bbox 2259 5147 2342 5215; x_wconf 94' lang='lat' dir='ltr'><strong>(ut</strong></span> 
     </span>
    </p>
   </div>
   <div class='ocr_carea' id='block_1_98' title="bbox 774 5239 2339 5310">
    <p class='ocr_par' dir='ltr' id='par_1_98' title="bbox 774 5239 2339 5310">
     <span class='ocr_line' id='line_1_98' title="bbox 774 5239 2339 5310; baseline -0.003 -14"><span class='ocrx_word' id='word_1_710' title='bbox 774 5241 930 5306; x_wconf 88' lang='lat' dir='ltr'><strong>dicit)</strong></span> <span class='ocrx_word' id='word_1_711' title='bbox 962 5249 1015 5294; x_wconf 88' lang='lat' dir='ltr'><strong>et</strong></span> <span class='ocrx_word' id='word_1_712' title='bbox 1050 5257 1157 5294; x_wconf 89' lang='lat' dir='ltr'><strong>non</strong></span> <span class='ocrx_word' id='word_1_713' title='bbox 1209 5242 1398 5310; x_wconf 85' lang='lat' dir='ltr'><strong>egerit.</strong></span> <span class='ocrx_word' id='word_1_714' title='bbox 1450 5239 1556 5296; x_wconf 87' lang='lat' dir='ltr'><strong>Sed</strong></span> <span class='ocrx_word' id='word_1_715' title='bbox 1591 5255 1769 5310; x_wconf 87' lang='lat' dir='ltr'><strong>neque</strong></span> <span class='ocrx_word' id='word_1_716' title='bbox 1801 5241 2108 5308; x_wconf 82' lang='lat' dir='ltr'><strong>exemplum</strong></span> <span class='ocrx_word' id='word_1_717' title='bbox 2160 5239 2339 5308; x_wconf 81' lang='lat' dir='ltr'><strong>hujus,</strong></span> 
     </span>
    </p>
   </div>
   <div class='ocr_carea' id='block_1_99' title="bbox 779 5331 2344 5402">
    <p class='ocr_par' dir='ltr' id='par_1_99' title="bbox 779 5331 2344 5402">
     <span class='ocr_line' id='line_1_99' title="bbox 779 5331 2344 5402; baseline -0.004 -15"><span class='ocrx_word' id='word_1_718' title='bbox 779 5349 956 5402; x_wconf 84' lang='lat' dir='ltr'><strong>neque</strong></span> <span class='ocrx_word' id='word_1_719' title='bbox 999 5334 1178 5396; x_wconf 79' lang='lat' dir='ltr'><strong>ratio,</strong></span> <span class='ocrx_word' id='word_1_720' title='bbox 1228 5335 1271 5385; x_wconf 90' lang='lat' dir='ltr'><strong>si</strong></span> <span class='ocrx_word' id='word_1_721' title='bbox 1318 5334 1440 5401; x_wconf 90' lang='lat' dir='ltr'><strong>quis</strong></span> <span class='ocrx_word' id='word_1_722' title='bbox 1477 5334 1766 5401; x_wconf 82' lang='lat' dir='ltr'><strong>diligenter</strong></span> <span class='ocrx_word' id='word_1_723' title='bbox 1815 5333 2070 5400; x_wconf 80' lang='lat' dir='ltr'><strong>reSpieiat</strong></span> <span class='ocrx_word' id='word_1_724' title='bbox 2111 5331 2344 5386; x_wconf 86' lang='lat' dir='ltr'><strong>solutio-</strong></span> 
     </span>
    </p>
   </div>
   <div class='ocr_carea' id='block_1_100' title="bbox 779 5421 2346 5494">
    <p class='ocr_par' dir='ltr' id='par_1_100' title="bbox 779 5421 2346 5494">
     <span class='ocr_line' id='line_1_100' title="bbox 779 5421 2346 5494; baseline -0.003 -16"><span class='ocrx_word' id='word_1_725' title='bbox 779 5441 927 5488; x_wconf 87' lang='lat' dir='ltr'><strong>nem,</strong></span> <span class='ocrx_word' id='word_1_726' title='bbox 961 5434 1045 5477; x_wconf 86' lang='lat' dir='ltr'><strong>est</strong></span> <span class='ocrx_word' id='word_1_727' title='bbox 1084 5424 1377 5478; x_wconf 82' lang='lat' dir='ltr'><strong>suﬂiciens.</strong></span> <span class='ocrx_word' id='word_1_728' title='bbox 1414 5425 1553 5478; x_wconf 90' lang='lat' dir='ltr'><strong>Sunt</strong></span> <span class='ocrx_word' id='word_1_729' title='bbox 1601 5426 1746 5478; x_wconf 88' lang='lat' dir='ltr'><strong>enim</strong></span> <span class='ocrx_word' id='word_1_730' title='bbox 1777 5425 2023 5494; x_wconf 80' lang='lat' dir='ltr'><strong>quzedam</strong></span> <span class='ocrx_word' id='word_1_731' title='bbox 2052 5422 2118 5476; x_wconf 91' lang='lat' dir='ltr'><strong>de</strong></span> <span class='ocrx_word' id='word_1_732' title='bbox 2165 5421 2346 5490; x_wconf 80' lang='lat' dir='ltr'><strong>perfe-</strong></span> 
     </span>
    </p>
   </div>
   <div class='ocr_carea' id='block_1_101' title="bbox 777 5505 2344 5588">
    <p class='ocr_par' dir='ltr' id='par_1_101' title="bbox 777 5505 2344 5588">
     <span class='ocr_line' id='line_1_101' title="bbox 777 5505 2344 5588; baseline -0.003 -16"><span class='ocrx_word' id='word_1_733' title='bbox 777 5519 962 5572; x_wconf 81' lang='lat' dir='ltr'><strong>ctione</strong></span> <span class='ocrx_word' id='word_1_734' title='bbox 1015 5517 1342 5585; x_wconf 80' lang='lat' dir='ltr'><strong>imperfecti,</strong></span> <span class='ocrx_word' id='word_1_735' title='bbox 1380 5534 1499 5587; x_wconf 70' lang='lat' dir='ltr'><strong>qua:</strong></span> <span class='ocrx_word' id='word_1_736' title='bbox 1546 5519 1598 5572; x_wconf 89' lang='lat' dir='ltr'><strong>in</strong></span> <span class='ocrx_word' id='word_1_737' title='bbox 1648 5535 1704 5573; x_wconf 89' lang='lat' dir='ltr'><strong>re</strong></span> <span class='ocrx_word' id='word_1_738' title='bbox 1738 5519 1980 5588; x_wconf 80' lang='lat' dir='ltr'><strong>perfecta</strong></span> <span class='ocrx_word' id='word_1_739' title='bbox 2013 5525 2195 5570; x_wconf 77' lang='lat' dir='ltr'><strong>essent</strong></span> <span class='ocrx_word' id='word_1_740' title='bbox 2232 5505 2344 5567; x_wconf 84' lang='lat' dir='ltr'><strong>ma-</strong></span> 
     </span>
    </p>
   </div>
   <div class='ocr_carea' id='block_1_102' title="bbox 779 5610 2344 5680">
    <p class='ocr_par' dir='ltr' id='par_1_102' title="bbox 779 5610 2344 5680">
     <span class='ocr_line' id='line_1_102' title="bbox 779 5610 2344 5680; baseline -0.001 -18"><span class='ocrx_word' id='word_1_741' title='bbox 779 5626 898 5680; x_wconf 68' lang='lat' dir='ltr'><strong>gnte</strong></span> <span class='ocrx_word' id='word_1_742' title='bbox 927 5610 1396 5679; x_wconf 76' lang='lat' dir='ltr'><strong>impcrfcctiones.</strong></span> <span class='ocrx_word' id='word_1_743' title='bbox 1435 5611 1564 5665; x_wconf 89' lang='lat' dir='ltr'><strong>ltcm</strong></span> <span class='ocrx_word' id='word_1_744' title='bbox 1598 5611 1642 5665; x_wconf 91' lang='lat' dir='ltr'><strong>si</strong></span> <span class='ocrx_word' id='word_1_745' title='bbox 1693 5627 1826 5666; x_wconf 90' lang='lat' dir='ltr'><strong>usus</strong></span> <span class='ocrx_word' id='word_1_746' title='bbox 1866 5625 2050 5664; x_wconf 87' lang='lat' dir='ltr'><strong>rerum</strong></span> <span class='ocrx_word' id='word_1_747' title='bbox 2086 5623 2344 5661; x_wconf 80' lang='lat' dir='ltr'><strong>venerea-</strong></span> 
     </span>
    </p>
   </div>
   <div class='ocr_carea' id='block_1_103' title="bbox 785 5703 2345 5774">
    <p class='ocr_par' dir='ltr' id='par_1_103' title="bbox 785 5703 2345 5774">
     <span class='ocr_line' id='line_1_103' title="bbox 785 5703 2345 5774; baseline 0.001 -18"><span class='ocrx_word' id='word_1_748' title='bbox 785 5718 901 5756; x_wconf 86' lang='lat' dir='ltr'><strong>rum</strong></span> <span class='ocrx_word' id='word_1_749' title='bbox 952 5714 1037 5759; x_wconf 90' lang='lat' dir='ltr'><strong>cst</strong></span> <span class='ocrx_word' id='word_1_750' title='bbox 1087 5703 1220 5769; x_wconf 85' lang='lat' dir='ltr'><strong>illic,</strong></span> <span class='ocrx_word' id='word_1_751' title='bbox 1274 5705 1374 5760; x_wconf 92' lang='lat' dir='ltr'><strong>nisi</strong></span> <span class='ocrx_word' id='word_1_752' title='bbox 1427 5704 1628 5761; x_wconf 81' lang='lat' dir='ltr'><strong>[rustra</strong></span> <span class='ocrx_word' id='word_1_753' title='bbox 1689 5719 1856 5772; x_wconf 69' lang='lat' dir='ltr'><strong>essm,</strong></span> <span class='ocrx_word' id='word_1_754' title='bbox 1919 5710 2244 5774; x_wconf 81' lang='lat' dir='ltr'><strong>sequeretur</strong></span> <span class='ocrx_word' id='word_1_755' title='bbox 2291 5711 2345 5754; x_wconf 89' lang='lat' dir='ltr'><strong>ct</strong></span> 
     </span>
    </p>
   </div>
   <div class='ocr_carea' id='block_1_104' title="bbox 862 5892 1333 5959">
    <p class='ocr_par' dir='ltr' id='par_1_104' title="bbox 862 5892 1333 5959">
     <span class='ocr_line' id='line_1_104' title="bbox 862 5892 1333 5959; baseline -0.002 -13"><span class='ocrx_word' id='word_1_756' title='bbox 862 5893 899 5923; x_wconf 58' lang='lat'><strong>‘5</strong></span> <span class='ocrx_word' id='word_1_757' title='bbox 930 5892 1082 5946; x_wconf 65' lang='grc' dir='ltr'>ἐσίω.</span> <span class='ocrx_word' id='word_1_758' title='bbox 1118 5909 1244 5959; x_wconf 77' lang='lat' dir='ltr'><strong>xvu,</strong></span> <span class='ocrx_word' id='word_1_759' title='bbox 1284 5893 1333 5945; x_wconf 76' lang='grc'>5.</span> 
     </span>
    </p>
   </div>
   <div class='ocr_carea' id='block_1_105' title="bbox 2442 4683 4020 4754">
    <p class='ocr_par' dir='ltr' id='par_1_105' title="bbox 2442 4683 4020 4754">
     <span class='ocr_line' id='line_1_105' title="bbox 2442 4683 4020 4754; baseline 0.001 -17"><span class='ocrx_word' id='word_1_760' title='bbox 2442 4706 2577 4750; x_wconf 85' lang='grc' dir='ltr'>σεις,</span> <span class='ocrx_word' id='word_1_761' title='bbox 2613 4687 2707 4740; x_wconf 78' lang='grc' dir='ltr'>καὶ</span> <span class='ocrx_word' id='word_1_762' title='bbox 2736 4687 2897 4740; x_wconf 83' lang='grc' dir='ltr'>ἄλλαι</span> <span class='ocrx_word' id='word_1_763' title='bbox 2943 4683 3367 4754; x_wconf 79' lang='grc' dir='ltr'>αίσχημοσύναι,</span> <span class='ocrx_word' id='word_1_764' title='bbox 3403 4683 3540 4737; x_wconf 82' lang='grc' dir='ltr'>ὥστε</span> <span class='ocrx_word' id='word_1_765' title='bbox 3589 4685 3858 4739; x_wconf 73' lang='grc' dir='ltr'>τοσοῦτον</span> <span class='ocrx_word' id='word_1_766' title='bbox 3894 4689 4020 4740; x_wconf 65' lang='lat' dir='ltr'><strong>an.</strong></span> 
     </span>
    </p>
   </div>
   <div class='ocr_carea' id='block_1_106' title="bbox 2439 4768 4019 4846">
    <p class='ocr_par' dir='ltr' id='par_1_106' title="bbox 2439 4768 4019 4846">
     <span class='ocr_line' id='line_1_106' title="bbox 2439 4768 4019 4846; baseline -0.003 -15"><span class='ocrx_word' id='word_1_767' title='bbox 2439 4777 2663 4832; x_wconf 75' lang='grc' dir='ltr'>λύεσθαι</span> <span class='ocrx_word' id='word_1_768' title='bbox 2691 4777 2812 4830; x_wconf 81' lang='grc' dir='ltr'>ὅσον</span> <span class='ocrx_word' id='word_1_769' title='bbox 2839 4777 3101 4846; x_wconf 76' lang='grc' dir='ltr'>τρέπεται</span> <span class='ocrx_word' id='word_1_770' title='bbox 3119 4777 3200 4839; x_wconf 84' lang='grc' dir='ltr'>εἰς</span> <span class='ocrx_word' id='word_1_771' title='bbox 3220 4774 3453 4846; x_wconf 71' lang='grc' dir='ltr'>τροφὴν,</span> <span class='ocrx_word' id='word_1_772' title='bbox 3477 4768 3550 4827; x_wconf 80' lang='grc' dir='ltr'>ὧν</span> <span class='ocrx_word' id='word_1_773' title='bbox 3569 4775 3848 4845; x_wconf 76' lang='grc' dir='ltr'>ἑκάτερόν</span> <span class='ocrx_word' id='word_1_774' title='bbox 3875 4780 4019 4829; x_wconf 74' lang='grc' dir='ltr'>ἐστιν</span> 
     </span>
    </p>
   </div>
   <div class='ocr_carea' id='block_1_107' title="bbox 2440 4866 4019 4938">
    <p class='ocr_par' dir='ltr' id='par_1_107' title="bbox 2440 4866 4019 4938">
     <span class='ocr_line' id='line_1_107' title="bbox 2440 4866 4019 4938; baseline -0.003 -14"><span class='ocrx_word' id='word_1_775' title='bbox 2440 4871 2662 4925; x_wconf 82' lang='grc' dir='ltr'>ἄτοπον.</span> <span class='ocrx_word' id='word_1_776' title='bbox 2697 4869 2842 4936; x_wconf 83' lang='grc' dir='ltr'>Πρὸς</span> <span class='ocrx_word' id='word_1_777' title='bbox 2891 4867 3051 4919; x_wconf 84' lang='grc' dir='ltr'>τοῦτο</span> <span class='ocrx_word' id='word_1_778' title='bbox 3100 4866 3161 4918; x_wconf 74' lang='grc' dir='ltr'>δὲ</span> <span class='ocrx_word' id='word_1_779' title='bbox 3219 4868 3576 4935; x_wconf 87' lang='grc' dir='ltr'>ἀποκρίνεται</span> <span class='ocrx_word' id='word_1_780' title='bbox 3626 4869 3658 4919; x_wconf 77' lang='grc' dir='ltr'>ὁ</span> <span class='ocrx_word' id='word_1_781' title='bbox 3689 4867 4019 4938; x_wconf 73' lang='grc' dir='ltr'>Μαχούμιτ,</span> 
     </span>
    </p>
   </div>
   <div class='ocr_carea' id='block_1_108' title="bbox 2441 4958 4021 5033">
    <p class='ocr_par' dir='ltr' id='par_1_108' title="bbox 2441 4958 4021 5033">
     <span class='ocr_line' id='line_1_108' title="bbox 2441 4958 4021 5033; baseline -0.001 -17"><span class='ocrx_word' id='word_1_782' title='bbox 2441 4962 2606 5033; x_wconf 85' lang='grc' dir='ltr'><strong>ὲντῷ</strong></span> <span class='ocrx_word' id='word_1_783' title='bbox 2639 4961 2830 5032; x_wconf 78' lang='grc' dir='ltr'>βιϐλίῳ</span> <span class='ocrx_word' id='word_1_784' title='bbox 2881 4961 2979 5030; x_wconf 84' lang='grc' dir='ltr'>τῆς</span> <span class='ocrx_word' id='word_1_785' title='bbox 3033 4958 3229 5013; x_wconf 77' lang='grc' dir='ltr'>ἑαυτοῦ</span> <span class='ocrx_word' id='word_1_786' title='bbox 3279 4960 3627 5022; x_wconf 84' lang='grc' dir='ltr'>διδασκαλίας</span> <span class='ocrx_word' id='word_1_787' title='bbox 3688 4959 3899 5028; x_wconf 82' lang='grc' dir='ltr'>λέγων,</span> <span class='ocrx_word' id='word_1_788' title='bbox 3951 4963 4021 5023; x_wconf 83' lang='grc' dir='ltr'>ὡς</span> 
     </span>
    </p>
   </div>
   <div class='ocr_carea' id='block_1_109' title="bbox 2442 5049 4022 5121">
    <p class='ocr_par' dir='ltr' id='par_1_109' title="bbox 2442 5049 4022 5121">
     <span class='ocr_line' id='line_1_109' title="bbox 2442 5049 4022 5121; baseline -0.004 -12"><span class='ocrx_word' id='word_1_789' title='bbox 2442 5052 2558 5109; x_wconf 82' lang='grc' dir='ltr'>Οὐκ</span> <span class='ocrx_word' id='word_1_790' title='bbox 2598 5054 2753 5106; x_wconf 75' lang='grc' dir='ltr'>ἔσται</span> <span class='ocrx_word' id='word_1_791' title='bbox 2780 5055 2896 5105; x_wconf 77' lang='grc' dir='ltr'>ἐκεῖ</span> <span class='ocrx_word' id='word_1_792' title='bbox 2932 5053 3177 5121; x_wconf 75' lang='grc' dir='ltr'>ἔκκρισις</span> <span class='ocrx_word' id='word_1_793' title='bbox 3231 5051 3473 5120; x_wconf 73' lang='grc' dir='ltr'>αἰσχρῶν</span> <span class='ocrx_word' id='word_1_794' title='bbox 3499 5089 3514 5113; x_wconf 95' lang='grc'><strong>,</strong></span> <span class='ocrx_word' id='word_1_795' title='bbox 3556 5049 3696 5104; x_wconf 77' lang='grc' dir='ltr'>ἀλλὰ</span> <span class='ocrx_word' id='word_1_796' title='bbox 3750 5052 4022 5121; x_wconf 78' lang='grc' dir='ltr'>κάθαρσις</span> 
     </span>
    </p>
   </div>
   <div class='ocr_carea' id='block_1_110' title="bbox 2446 5141 4020 5214">
    <p class='ocr_par' dir='ltr' id='par_1_110' title="bbox 2446 5141 4020 5214">
     <span class='ocr_line' id='line_1_110' title="bbox 2446 5141 4020 5214; baseline -0.002 -15"><span class='ocrx_word' id='word_1_797' title='bbox 2446 5145 2514 5199; x_wconf 86' lang='grc' dir='ltr'>δι’</span> <span class='ocrx_word' id='word_1_798' title='bbox 2555 5145 2831 5214; x_wconf 84' lang='grc' dir='ltr'>ἱδρώτων.</span> <span class='ocrx_word' id='word_1_799' title='bbox 2886 5143 2999 5196; x_wconf 70' lang='grc' dir='ltr'><strong>Καὶ</strong></span> <span class='ocrx_word' id='word_1_800' title='bbox 3037 5143 3280 5211; x_wconf 83' lang='grc' dir='ltr'>παράγει</span> <span class='ocrx_word' id='word_1_801' title='bbox 3335 5141 3693 5212; x_wconf 79' lang='grc' dir='ltr'>παράδειγμα</span> <span class='ocrx_word' id='word_1_802' title='bbox 3735 5143 3836 5195; x_wconf 77' lang='grc' dir='ltr'><strong>τὸν</strong></span> <span class='ocrx_word' id='word_1_803' title='bbox 3869 5145 3928 5196; x_wconf 81' lang='grc' dir='ltr'>ὲν</span> <span class='ocrx_word' id='word_1_804' title='bbox 3960 5145 4020 5209; x_wconf 78' lang='grc' dir='ltr'>τῇ</span> 
     </span>
    </p>
   </div>
   <div class='ocr_carea' id='block_1_111' title="bbox 2445 5233 4022 5306">
    <p class='ocr_par' dir='ltr' id='par_1_111' title="bbox 2445 5233 4022 5306">
     <span class='ocr_line' id='line_1_111' title="bbox 2445 5233 4022 5306; baseline 0.012 -17"><span class='ocrx_word' id='word_1_805' title='bbox 2445 5237 2648 5306; x_wconf 72' lang='grc' dir='ltr'>γαστρὶ</span> <span class='ocrx_word' id='word_1_806' title='bbox 2710 5238 2806 5306; x_wconf 75' lang='grc' dir='ltr'>τῆς</span> <span class='ocrx_word' id='word_1_807' title='bbox 2875 5236 3082 5305; x_wconf 67' lang='grc' dir='ltr'>μητρδς</span> <span class='ocrx_word' id='word_1_808' title='bbox 3159 5235 3327 5287; x_wconf 65' lang='grc' dir='ltr'>παῖδα</span> <span class='ocrx_word' id='word_1_809' title='bbox 3392 5233 3452 5295; x_wconf 79' lang='grc' dir='ltr'><strong>ὃς</strong></span> <span class='ocrx_word' id='word_1_810' title='bbox 3517 5235 3870 5302; x_wconf 65' lang='grc' dir='ltr'>τρεφόμενος</span> <span class='ocrx_word' id='word_1_811' title='bbox 3917 5234 4022 5306; x_wconf 73' lang='grc' dir='ltr'><strong>(ὥς</strong></span> 
     </span>
    </p>
   </div>
   <div class='ocr_carea' id='block_1_112' title="bbox 2449 5323 4021 5400">
    <p class='ocr_par' dir='ltr' id='par_1_112' title="bbox 2449 5323 4021 5400">
     <span class='ocr_line' id='line_1_112' title="bbox 2449 5323 4021 5400; baseline -0.004 -18"><span class='ocrx_word' id='word_1_812' title='bbox 2449 5331 2630 5400; x_wconf 80' lang='grc' dir='ltr'>φησιν)</span> <span class='ocrx_word' id='word_1_813' title='bbox 2668 5331 2767 5382; x_wconf 76' lang='grc' dir='ltr'><strong>οὐκ</strong></span> <span class='ocrx_word' id='word_1_814' title='bbox 2819 5327 3082 5398; x_wconf 82' lang='grc' dir='ltr'>ἐκκρίνει.</span> <span class='ocrx_word' id='word_1_815' title='bbox 3157 5325 3297 5379; x_wconf 84' lang='grc' dir='ltr'>Ἀλλ’</span> <span class='ocrx_word' id='word_1_816' title='bbox 3359 5323 3482 5378; x_wconf 76' lang='grc' dir='ltr'>οὔτε</span> <span class='ocrx_word' id='word_1_817' title='bbox 3542 5325 3606 5376; x_wconf 78' lang='grc' dir='ltr'><strong>τὸ</strong></span> <span class='ocrx_word' id='word_1_818' title='bbox 3661 5327 4021 5394; x_wconf 69' lang='grc' dir='ltr'>παράδειγμα</span> 
     </span>
    </p>
   </div>
   <div class='ocr_carea' id='block_1_113' title="bbox 2448 5412 4021 5484">
    <p class='ocr_par' dir='ltr' id='par_1_113' title="bbox 2448 5412 4021 5484">
     <span class='ocr_line' id='line_1_113' title="bbox 2448 5412 4021 5484; baseline -0.006 -12"><span class='ocrx_word' id='word_1_819' title='bbox 2448 5422 2663 5480; x_wconf 77' lang='grc' dir='ltr'>τούτου,</span> <span class='ocrx_word' id='word_1_820' title='bbox 2690 5417 2812 5470; x_wconf 77' lang='grc' dir='ltr'>οὔτε</span> <span class='ocrx_word' id='word_1_821' title='bbox 2842 5418 3034 5484; x_wconf 85' lang='grc' dir='ltr'>ὁλὸγος</span> <span class='ocrx_word' id='word_1_822' title='bbox 3081 5414 3218 5483; x_wconf 82' lang='grc' dir='ltr'>πρὸς</span> <span class='ocrx_word' id='word_1_823' title='bbox 3249 5412 3405 5465; x_wconf 85' lang='grc' dir='ltr'>λύσιν</span> <span class='ocrx_word' id='word_1_824' title='bbox 3438 5412 3586 5464; x_wconf 75' lang='grc' dir='ltr'>ἐστὶν</span> <span class='ocrx_word' id='word_1_825' title='bbox 3620 5412 3838 5478; x_wconf 70' lang='grc' dir='ltr'>ἱκανὸς,</span> <span class='ocrx_word' id='word_1_826' title='bbox 3863 5416 3916 5465; x_wconf 88' lang='grc' dir='ltr'>εἰ</span> <span class='ocrx_word' id='word_1_827' title='bbox 3946 5431 4021 5472; x_wconf 86' lang='grc' dir='ltr'><strong>τις</strong></span> 
     </span>
    </p>
   </div>
   <div class='ocr_carea' id='block_1_114' title="bbox 2451 5504 4020 5577">
    <p class='ocr_par' dir='ltr' id='par_1_114' title="bbox 2451 5504 4020 5577">
     <span class='ocr_line' id='line_1_114' title="bbox 2451 5504 4020 5577; baseline -0.008 -9"><span class='ocrx_word' id='word_1_828' title='bbox 2451 5514 2755 5568; x_wconf 74' lang='grc' dir='ltr'>ἐπιϐλέπει.</span> <span class='ocrx_word' id='word_1_829' title='bbox 2801 5511 2923 5563; x_wconf 77' lang='grc' dir='ltr'>Εἰσὶ</span> <span class='ocrx_word' id='word_1_830' title='bbox 2978 5509 3088 5577; x_wconf 84' lang='grc' dir='ltr'><strong>γάρ</strong></span> <span class='ocrx_word' id='word_1_831' title='bbox 3138 5523 3262 5560; x_wconf 87' lang='grc' dir='ltr'>τινα</span> <span class='ocrx_word' id='word_1_832' title='bbox 3317 5506 3376 5558; x_wconf 81' lang='grc' dir='ltr'><strong>έν</strong></span> <span class='ocrx_word' id='word_1_833' title='bbox 3408 5506 3518 5568; x_wconf 85' lang='grc' dir='ltr'>τοῖς</span> <span class='ocrx_word' id='word_1_834' title='bbox 3569 5504 3820 5570; x_wconf 83' lang='grc' dir='ltr'>ἀτελέσι,</span> <span class='ocrx_word' id='word_1_835' title='bbox 3872 5505 4020 5572; x_wconf 74' lang='grc' dir='ltr'>λόγον</span> 
     </span>
    </p>
   </div>
   <div class='ocr_carea' id='block_1_115' title="bbox 2449 5596 4017 5676">
    <p class='ocr_par' dir='ltr' id='par_1_115' title="bbox 2449 5596 4017 5676">
     <span class='ocr_line' id='line_1_115' title="bbox 2449 5596 4017 5676; baseline 0.001 -19"><span class='ocrx_word' id='word_1_836' title='bbox 2449 5607 2643 5676; x_wconf 78' lang='grc' dir='ltr'>ἔχοντα</span> <span class='ocrx_word' id='word_1_837' title='bbox 2697 5602 3029 5672; x_wconf 83' lang='grc' dir='ltr'>τελειότητος</span> <span class='ocrx_word' id='word_1_838' title='bbox 3060 5615 3072 5628; x_wconf 84' lang='grc'>⁶</span> <span class='ocrx_word' id='word_1_839' title='bbox 3113 5599 3255 5667; x_wconf 47' lang='grc' dir='ltr'>ἀπετρ</span> <span class='ocrx_word' id='word_1_840' title='bbox 3309 5601 3366 5651; x_wconf 85' lang='grc' dir='ltr'><strong>ὲν</strong></span> <span class='ocrx_word' id='word_1_841' title='bbox 3423 5598 3534 5655; x_wconf 79' lang='grc' dir='ltr'>τοῖς</span> <span class='ocrx_word' id='word_1_842' title='bbox 3589 5596 3827 5658; x_wconf 80' lang='grc' dir='ltr'>τελείοις</span> <span class='ocrx_word' id='word_1_843' title='bbox 3874 5597 4017 5658; x_wconf 63' lang='grc' dir='ltr'>ὅντα.</span> 
     </span>
    </p>
   </div>
   <div class='ocr_carea' id='block_1_116' title="bbox 2451 5689 4017 5769">
    <p class='ocr_par' dir='ltr' id='par_1_116' title="bbox 2451 5689 4017 5769">
     <span class='ocr_line' id='line_1_116' title="bbox 2451 5689 4017 5769; baseline -0.004 -19"><span class='ocrx_word' id='word_1_844' title='bbox 2451 5699 2586 5769; x_wconf 76' lang='grc' dir='ltr'>πρὸς</span> <span class='ocrx_word' id='word_1_845' title='bbox 2624 5696 2842 5759; x_wconf 74' lang='grc' dir='ltr'>ἀτελοῦς</span> <span class='ocrx_word' id='word_1_846' title='bbox 2888 5693 3110 5756; x_wconf 77' lang='grc' dir='ltr'>ἐκείνοις</span> <span class='ocrx_word' id='word_1_847' title='bbox 3143 5690 3307 5745; x_wconf 74' lang='grc' dir='ltr'>ἐστίν.</span> <span class='ocrx_word' id='word_1_848' title='bbox 3338 5689 3456 5742; x_wconf 64' lang='lat' dir='ltr'><strong>&quot;Eu</strong></span> <span class='ocrx_word' id='word_1_849' title='bbox 3483 5689 3590 5758; x_wconf 86' lang='grc' dir='ltr'>εἱὴ</span> <span class='ocrx_word' id='word_1_850' title='bbox 3621 5689 3826 5760; x_wconf 77' lang='grc' dir='ltr'>χρῆσις</span> <span class='ocrx_word' id='word_1_851' title='bbox 3856 5692 4017 5760; x_wconf 62' lang='grc' dir='ltr'>ἀφρο-</span> 
     </span>
    </p>
   </div>
  </div>
