4198 6440
203 345 351 410 1085

1400 349 1693 409 CONTRA
1734 345 2003 405 ΜΑΗΟΜ
2015 348 2107 406 ΕΤ
2122 349 2224 407 ΕΜ
2234 384 2247 397 ο

3328 345 3470 409 1086

198 465 391 518 δισίων
429 466 577 519 ἐστὶν
617 467 750 528 ἐκεῖ,
799 469 847 518 εί
907 468 981 535 μὴ
1042 467 1219 535 μάτην
1273 467 1357 533 εἰη
1390 506 1405 529 ,
1447 467 1640 517 ἕπεται
1681 464 1774 516 καὶ

1878 466 2288 531 generationem
2346 466 2462 517 fore
2502 464 2646 519 sicut
2694 464 2858 517 etiam
2892 477 3059 515 nunc.
3094 462 3245 516 Multi
3296 462 3463 531 igitur

200 556 429 620 γένεσιν
464 555 686 609 ἔσεσθαι
715 556 908 625 ὥσπερ
948 560 1043 610 καὶ
1081 558 1198 609 νῦν.
1230 557 1421 608 Πολλοὶ
1450 559 1555 625 ἄρα
1590 572 1781 624 γεννη-

200 647 469 710 θήσονται
504 646 643 714 μετά
668 646 768 714 τὴν
801 647 1126 710 ἀνάστασιν,
1160 648 1267 716 πρὸ
1295 651 1396 717 τῆς
1428 646 1785 706 ἀναστάσεως

204 736 285 803 μὴ
324 738 502 800 ὀντες.
532 737 729 806 Μάτην
762 737 871 806 ἄρα
899 738 1161 803 τοσοῦτον
1183 740 1217 806 ὴ
1251 737 1359 790 τῶν
1401 737 1613 804 νεκρῶν
1646 736 1783 788 ἀνά-

203 841 399 888 στασις
430 826 844 893 παρατείνεται,
879 826 967 878 ἵνα
1002 827 1207 889 πάντες
1243 826 1381 895 ὁμοῦ
1409 827 1459 877 οἱ
1486 826 1585 894 τὴν
1612 825 1784 894 αὐτὴν

200 916 421 983 ἔχοντες
458 916 620 983 φύσιν
669 917 885 971 λάϐοιεν
936 918 1033 986 τὴν
1065 918 1234 985 ζωήν.
1272 919 1395 970 Ἔτι
1441 920 1488 970 εί
1524 920 1556 987 ἠ
1610 936 1785 986 μακαο

207 1008 395 1077 ριότης
440 1010 498 1061 ἐν
546 1012 626 1077 τῷ
674 1010 961 1076 λαγνεύειν
987 1009 1083 1062 καὶ
1120 1009 1320 1073 πολλὰς
1357 1010 1500 1079 ἔχειν
1525 1011 1788 1075 γυναῖκάς

201 1101 373 1162 ἐστιν,
393 1101 442 1152 οε
474 1102 613 1169 μετά
640 1102 741 1170 τὴν
771 1103 1067 1154 ἀνάστασιν
1100 1102 1558 1171 γεννηθησόμενοι
1603 1102 1663 1153 οὐ
1702 1102 1791 1153 δυ-

201 1191 461 1257 νήσονται
488 1189 627 1244 εἶναι
659 1192 941 1260 μακάριοι,
974 1194 1023 1244 εί
1060 1192 1135 1260 μὴ
1163 1194 1426 1259 γυναῖκας
1466 1190 1664 1252 πολλάς
1694 1190 1790 1244 λά-

205 1282 374 1335 ϐοιεν.
410 1282 485 1333 Οὐ
539 1282 858 1351 δυνήσονται
912 1282 969 1333 δὲ
1040 1282 1222 1334 λαϐεῖν
1273 1281 1397 1334 οὔτε
1446 1280 1788 1352 εὐδαίμονας,

202 1373 329 1425 οὕτε
359 1374 753 1442 κακοδαίμονας
775 1391 792 1408 ο
828 1373 1119 1441 ἀναμένειν
1143 1374 1252 1443 ἄρα
1279 1374 1479 1443 δεήσει,
1505 1372 1696 1441 μέχρις
1725 1372 1791 1423 ἂν

203 1464 363 1517 ἄλλαι
383 1464 599 1526 πλείους
619 1464 942 1533 γεννηθῶσι.
963 1464 1071 1517 Καὶ
1092 1463 1233 1516 οὕτω
1261 1466 1443 1531 δεήσει
1465 1464 1666 1525 πολλὰς
1693 1463 1791 1532 μὲν

204 1556 500 1620 γεννᾶσθαι
541 1558 828 1621 γυναῖκας,
859 1555 1074 1621 ὀλίγους
1108 1555 1164 1607 δὲ
1196 1555 1431 1623 ἄνδραςο
1489 1556 1583 1606 καὶ
1612 1554 1784 1617 οὕτως

216 1649 275 1697 ἐν
321 1644 513 1715 βραχεῖ
556 1646 732 1714 καιρῷ
764 1644 920 1697 ἔσται
945 1647 977 1712 ἠ
1007 1646 1149 1714 ἀρχὴ
1181 1646 1289 1697 τῶν
1329 1644 1633 1709 γυναικῶν.
1668 1647 1788 1697 Ἔτι

216 1738 268 1787 εί
306 1738 446 1805 μετὰ
472 1739 570 1805 τὴν
610 1738 906 1790 ἀνάστασιν
942 1739 1094 1789 ἔσται
1130 1738 1433 1805 ἀνθρώπων
1470 1738 1709 1805 γένεσις,
1735 1739 1785 1790 οῖ

214 1830 679 1898 γεννηθησόμενοι
724 1829 757 1895 ἢ
807 1830 971 1882 πάλιν
1019 1828 1430 1899 φθαρήσονται,
1490 1829 1521 1898 ἧ
1567 1828 1780 1880 ἔσονται

206 1921 481 1991 ἄφθαρτοι
514 1923 608 1974 καὶ
651 1922 930 1976 ἀθάνατοι.
966 1921 1026 1973 Ei
1060 1921 1133 1990 μὴ
1165 1920 1580 1989 φθαρήσονται,
1611 1918 1782 1973 πολλά

205 2014 395 2081 ἕψεται
452 2012 629 2065 ἄτοπα
661 2029 675 2043 ⁸
714 2013 875 2065 τοῦτο
915 2013 1015 2082 μὲν
1040 2053 1054 2079 ,
1106 2013 1189 2064 ὅτι
1226 2012 1381 2064 ἔσται
1412 2013 1439 2063 ὁ
1474 2010 1783 2064 πολλαπλα-

208 2105 439 2172 σιασμὸς
471 2105 559 2157 ἐπ’
592 2106 843 2174 ἄπειρον·
882 2105 1041 2158 τοῦτο
1078 2106 1176 2169 δὲ,
1219 2099 1292 2157 ὧν
1345 2106 1495 2157 ἐστιν
1542 2105 1703 2172 ὁμοία
1744 2106 1777 2175 ὴ

206 2200 436 2264 γένεσις,
470 2198 571 2250 οὐκ
600 2197 751 2250 ἔστιν
774 2199 959 2265 ὅμοιος
992 2200 1087 2250 καὶ
1129 2200 1158 2251 ὁ
1201 2198 1299 2265 τῆς
1334 2198 1603 2264 γενέσεως
1632 2198 1779 2265 ὄρος.

208 2291 325 2342 Νῦν
350 2291 448 2359 μὲν
496 2289 679 2360 ἔχουσι
708 2291 956 2359 φθαρτὴν
987 2290 1157 2359 ζωὴν,
1189 2290 1313 2342 τότε
1361 2289 1417 2341 δὲ
1468 2287 1776 2356 ἄφθαρτον.

209 2384 323 2436 Καὶ
368 2384 520 2451 παρά
574 2383 768 2448 ταῦτα,
828 2385 945 2436 ῐιᾶν
975 2384 1036 2435 τὸ
1077 2383 1338 2454 γεννητὸν
1397 2384 1489 2437 καὶ
1540 2382 1781 2450 φθαρτὸν

206 2473 609 2544 εἶναιάνάγκη,
662 2476 747 2527 διὰ
780 2480 841 2527 τὸ
887 2475 988 2543 τὴν
1035 2474 1252 2541 γένεσιν
1283 2474 1377 2527 καὶ
1426 2474 1527 2544 τὴν
1571 2474 1781 2543 φθορὰν

206 2564 426 2619 ἐναντία
448 2561 587 2620 εἶναι
618 2567 717 2620 καὶ
748 2567 877 2635 ’περὶ⁹
898 2568 960 2619 τὸ
998 2569 1150 2622 αὐτό.
1182 2570 1241 2620 Εἰ
1267 2568 1323 2620 δὲ
1353 2569 1403 2620 oi
1429 2570 1550 2621 τότε
1585 2583 1781 2636 γεννη-

204 2658 500 2727 θησόμενοι
538 2659 818 2726 ἄνθρωποι
860 2658 1092 2728 φθαρτοὶ
1133 2660 1373 2724 ἔσονται,
1427 2658 1523 2711 καὶ
1569 2656 1781 2710 ἀποθα-

203 2748 458 2814 νοῦνται,
512 2752 561 2803 εί
596 2751 757 2803 πάλιν
802 2751 902 2802 οὐκ
955 2750 1352 2817 ἀναστήσονται
1380 2789 1395 2813 ,
1454 2749 1649 2802 ἕπεται
1681 2749 1779 2811 τὰς

203 2841 431 2894 ἐκείνων
461 2840 641 2909 ψυχὰς
673 2842 762 2894 ἀεὶ
783 2839 969 2908 μένειν
999 2839 1108 2893 τῶν
1135 2842 1401 2909 σωμάτων
1433 2841 1781 2910 κεχωρισμέ-

202 2949 323 2995 νας·
348 2932 485 3002 ὅπερ
515 2934 662 2985 ἐστὶν
692 2933 913 2996 ἄτοπον,
949 2933 1044 2985 τοῦ
1073 2933 1240 2986 αὑτοῦ
1260 2934 1436 2997 εἴδους
1459 2934 1627 2997 οὕσας
1658 2936 1780 2998 ταῖς

200 3024 317 3076 τῶν
355 3024 705 3078 ἀναστάντων
737 3025 957 3095 ψυχαῖς.
1000 3028 1064 3079 El
1114 3026 1171 3078 δὲ
1228 3027 1471 3079 κάκεῖνοι
1528 3027 1809 3095 ἀναστήο,

1888 568 2181 610 nascentur
2235 566 2355 625 post
2388 556 2872 618 resurrectionem,
2912 555 3004 622 qui
3046 564 3169 607 ante
3222 570 3466 609 resurre-

1888 649 2125 703 ctionem
2181 665 2289 702 non
2344 650 2588 703 fuerunt.
2643 649 2865 702 Frustra
2907 647 3075 717 igitur
3136 648 3190 700 in
3245 659 3458 701 tantmn

1890 749 2235 793 mortuorum
2271 741 2603 794 resurrectio
2640 741 2947 807 elongatur,
2980 745 3042 791 ut
3076 752 3269 790 omnes
3299 738 3462 791 simul

1889 834 1980 900 qui
2010 835 2257 889 eamdem
2284 844 2539 887 naturam
2572 833 2799 897 habent,
2836 834 3003 886 vitam
3039 833 3278 902 capiant.
3330 832 3462 885 Item

1891 927 1934 980 si
1966 926 2248 979 beatitudo
2283 925 2337 978 in
2363 925 2691 979 luxuriando
2764 933 2819 977 et
2853 925 3053 978 multas
3083 925 3343 979 mulieres
3368 924 3464 976 ha-

1892 1015 2067 1070 bendo
2105 1027 2211 1077 est.
2236 1017 2331 1085 qui
2359 1026 2481 1085 post
2507 1017 2971 1071 resurrectionem
3006 1025 3330 1077 nascentur,
3354 1029 3460 1067 non

1892 1117 2156 1176 poterunt
2183 1124 2304 1163 esse
2349 1108 2492 1162 beati
2520 1109 2623 1162 nisi
2652 1110 2914 1163 mulieres
2975 1109 3176 1162 multas
3218 1109 3458 1175 capiant.

1890 1201 2007 1256 Non
2056 1210 2314 1269 poterunt
2348 1210 2533 1255 autem
2571 1214 2764 1268 capere
2803 1216 2980 1268 neque
3014 1201 3219 1262 felices,
3283 1215 3463 1267 neque

1892 1291 2143 1345 infelices
2177 1309 2192 1347 :
2232 1292 2398 1359 igitur
2446 1300 2754 1353 remanent,
2797 1306 3082 1359 quousque
3112 1291 3296 1357 plures
3344 1291 3464 1344 alia:

1891 1388 2209 1433 nascantur.
2243 1380 2310 1433 Et
2371 1380 2451 1433 sic
2496 1378 2778 1447 oportebit
2816 1380 3002 1447 plures
3048 1378 3272 1446 quidem
3313 1378 3464 1430 nasci

1891 1470 2170 1533 mulieres,
2200 1483 2407 1537 paucos
2435 1478 2624 1523 autem
2657 1469 2822 1533 viros,
2857 1479 2911 1523 et
2939 1469 3020 1523 sic
3052 1470 3107 1522 in
3143 1468 3296 1523 brevi
3328 1478 3464 1521 tem-

1892 1576 2023 1628 pore
2049 1563 2157 1615 erit
2186 1561 2480 1630 imperium
2513 1559 2831 1615 mulierum.
2865 1560 3002 1613 ltem
3041 1561 3087 1613 si
3129 1569 3251 1628 post
3280 1576 3465 1613 resur-

1893 1655 2189 1708 rectionem
2221 1654 2331 1707 erit
2364 1654 2647 1706 hominum
2680 1652 2979 1720 generatio,
3016 1652 3108 1720 qui
3150 1654 3460 1721 gignentur.

1890 1744 1975 1798 vel
2012 1760 2200 1798 rursus
2232 1753 2677 1810 corrumpcntur,
2711 1743 2793 1797 vel
2821 1750 2984 1796 erunt
3014 1742 3466 1811 incorruptibiles

1891 1844 1947 1888 et
1976 1835 2333 1888 immortales.
2378 1832 2492 1886 Nisi
2526 1844 2970 1902 corrumpentur,
3012 1835 3182 1887 multa
3231 1849 3465 1901 sequen-

1892 1938 1984 1982 tur
2018 1929 2495 1993 inconvenientia;
2531 1938 2645 1980 tum
2682 1927 2811 1995 quia
2842 1928 2949 1981 erit
2986 1927 3368 1996 multiplicatio
3406 1928 3461 1980 in

1887 2023 2183 2086 infinitum,
2219 2029 2333 2073 tum
2360 2021 2486 2087 quia
2521 2033 2758 2088 quorum
2791 2018 2900 2072 erit
2934 2017 3128 2072 similis
3156 2020 3461 2089 generatio,

1886 2128 1995 2167 non
2031 2113 2138 2165 erit
2191 2112 2388 2166 similis
2434 2109 2806 2181 generationis
2860 2109 3150 2163 terminus.
3195 2110 3460 2165 Homines

1884 2203 2030 2256 enim
2065 2217 2161 2269 per
2195 2201 2601 2269 generationem
2628 2215 2750 2268 quae
2778 2208 2953 2253 estex
2978 2207 3279 2265 spermate,
3306 2215 3459 2254 nunc

1885 2292 2103 2359 quidem
2150 2290 2564 2359 corruptibilem
2610 2292 2780 2343 vitam
2833 2290 3061 2355 habent,
3109 2301 3241 2345 tunc
3277 2302 3459 2346 autem

1885 2384 2264 2452 incorruptam
2300 2382 2604 2436 habebunt.
2640 2381 2709 2436 Et
2738 2391 2937 2451 prater
2964 2383 3081 2438 haec
3107 2398 3123 2439 :
3154 2381 3329 2438 Omne
3367 2398 3464 2452 ge-

1885 2474 2059 2527 nitum
2108 2474 2467 2543 corruptibile
2524 2486 2649 2528 esse
2706 2489 2934 2529 necesse
2990 2483 3115 2532 est.
3173 2485 3461 2543 propterea

1892 2565 2040 2635 quod
2080 2568 2363 2636 generatio
2413 2574 2470 2620 et
2517 2565 2800 2635 corruptio
2864 2577 2993 2622 sunt
3053 2566 3350 2630 contraria,
3405 2575 3462 2620 et

1884 2657 2031 2712 circa
2066 2656 2234 2711 idem.
2294 2654 2351 2709 Si
2381 2664 2563 2710 autem
2596 2656 2691 2725 qui
2750 2666 2883 2711 tunc
2935 2658 3224 2727 gignentur
3280 2659 3459 2712 homi.

1882 2762 1980 2802 nes
2035 2746 2424 2817 corruptibiles
2470 2756 2634 2802 erunt
2678 2755 2735 2802 et
2792 2747 3119 2812 morientur,
3163 2747 3210 2801 si
3268 2762 3461 2802 rursus

1882 2851 1992 2890 non
2035 2847 2340 2907 resurgent,
2395 2839 2644 2906 sequitur
2696 2838 2913 2892 illorum
2977 2854 3188 2895 animas
3243 2854 3464 2909 semper

1881 2944 2105 2985 manere
2132 2939 2413 2997 separatas
2452 2944 2481 2982 a
2513 2928 2863 2998 corporibus,
2886 2929 3033 2997 quod
3078 2939 3163 2984 est
3194 2929 3460 2984 inconve-

1882 3024 2063 3088 niens,
2113 3037 2238 3076 cum
2297 3022 2407 3077 sint
2457 3022 2702 3092 ejusdem
2757 3023 2940 3092 specie
2988 3038 3113 3078 cum
3167 3023 3457 3079 animabus

203 3133 415 3181 σονται,
452 3116 563 3169 ἔδει
591 3118 681 3169 καὶ
721 3117 820 3186 τὴν
848 3118 1076 3169 ἐκείνων
1104 3118 1402 3170 ἀνάστασιν
1436 3117 1629 3178 ἄλλους
1669 3118 1777 3170 πά-

1881 3126 2073 3166 corum
2132 3110 2225 3179 qui
2299 3117 2609 3179 resurgant.
2664 3111 2721 3163 Si
2785 3120 2967 3166 autem
3013 3122 3069 3167 et
3126 3113 3204 3167 illi
3270 3129 3459 3167 resur-

200 3211 289 3263 λιν
329 3209 643 3277 ἀναμένειν,
676 3207 807 3259 ὥσθ’
838 3207 955 3277 ἅμα
985 3209 1121 3261 πᾶσι
1148 3211 1261 3271 τοῖς
1318 3210 1419 3277 τῆς
1458 3210 1635 3278 αὐτῆς
1667 3209 1772 3277 φύε

203 3318 346 3362 σεως
380 3301 715 3368 μετασχοῦσι
759 3300 859 3369 τὴν
897 3300 1113 3369 δωρεὰν
1147 3300 1477 3370 χαρισθῆναι
1515 3303 1616 3371 τῆς
1651 3302 1778 3354 ἀνα-

201 3391 469 3453 στάσεως.
516 3391 642 3443 Ἔτι
695 3390 754 3442 δὲ
806 3389 969 3451 αὐτὸς
1023 3392 1051 3443 ὁ
1090 3392 1392 3461 Μαχούμετ
1445 3394 1573 3462 μίαν
1606 3394 1776 3463 μόνην

199 3482 419 3550 τίθησιν
454 3481 666 3552 ἡμέραν
702 3483 805 3552 τῆς
858 3482 1211 3545 ἀναστάσεως
1241 3524 1255 3549 ,
1294 3485 1574 3538 τουτέστιν
1604 3488 1662 3538 ἐν
1696 3487 1775 3556 τῷ

202 3570 350 3623 τέλει
373 3568 465 3621 τοῦ
496 3570 729 3635 κόσμου,
782 3570 839 3621 ἐν
884 3572 951 3640 τῇ
982 3571 1168 3641 ἡμέρα
1202 3571 1303 3640 τῆς
1351 3574 1610 3641 κρίσεως.
1639 3574 1776 3644 Περὶ

196 3663 258 3715 δὲ
306 3662 406 3730 τῆς
442 3661 790 3724 ἀναστάσεως
820 3664 1067 3727 ἐκείνων,
1112 3666 1143 3731 ἢ
1176 3666 1272 3731 της
1304 3664 1593 3730 γενέσεως,
1618 3666 1773 3718 οὐδε-

203 3755 339 3826 μίαν
376 3755 727 3808 παντάπασιν
757 3756 981 3825 μνήμην
1007 3758 1266 3806 ποιεῖται.
1308 3757 1429 3808 Ἔτι
1465 3757 1641 3818 οὐδεὶς
1687 3758 1775 3809 λό-

196 3864 300 3914 γος
330 3842 469 3898 εἶναι
508 3846 677 3910 δοκεῖ,
727 3846 871 3899 διατί
910 3846 994 3898 δεῖ
1029 3864 1179 3909 τινας
1223 3848 1514 3917 ἀναμένειν
1549 3850 1684 3918 πρὸς
1713 3849 1773 3901 τὸ

196 3938 340 4007 ὁμοῦ
372 3938 689 4006 ἀναστῆναι,
722 3940 770 3990 εί
806 3938 879 4005 μὴ
920 3938 1001 3989 δεῖ
1034 3939 1243 4001 πάντας
1286 3941 1575 4008 ἀναμένειν
1631 3942 1691 3993 Ei
1716 3942 1773 3994 δέ

194 4049 286 4092 τις
315 4031 486 4098 λέγει,
516 4032 597 4083 ὅτι
628 4030 685 4081 ἐν
714 4032 827 4091 τοῖς
848 4031 1227 4099 ἀνισταμένοις
1258 4031 1411 4084 ἔσται
1450 4033 1549 4102 μὲν
1576 4035 1773 4103 χρῆσις

195 4122 392 4177 σιτίων
416 4140 475 4175 τε
520 4123 616 4174 καὶ
663 4122 1016 4189 ἀφροδισίων,
1050 4122 1165 4173 ἀλλ’
1210 4121 1335 4174 οὔτε
1367 4123 1457 4175 διά
1494 4126 1774 4196 συντήρη-

196 4228 288 4263 σιν
320 4210 351 4279 ῆ
384 4210 617 4278 αῠξησιν
670 4210 766 4260 τοῦ
804 4207 1074 4278 σώματος,
1111 4206 1237 4261 οὔτε
1269 4209 1356 4261 διὰ
1396 4212 1497 4281 τὴν
1551 4228 1642 4263 του
1677 4214 1771 4264 ἀν-

192 4295 425 4367 θρώπου
459 4298 635 4356 εἴδους
680 4294 909 4365 αῠξησιν
959 4296 991 4362 ἢ
1046 4295 1343 4366 διαμονὴν,
1385 4298 1546 4365 μόνον
1596 4300 1773 4354 δὲδιά

187 4389 301 4458 τὴν
342 4388 737 4456 παρεπομένην
784 4390 904 4449 ταῖς
940 4388 1219 4449 τοιαύταις
1258 4390 1520 4460 πράξεσιν
1554 4392 1767 4461 ἡδονὴν,

190 4483 289 4535 ἴνα
322 4479 562 4547 μηδεμία
590 4481 701 4540 τοῖς
729 4478 1038 4547 ἀνθρώποις
1071 4481 1232 4549 ἡδονὴ
1275 4484 1387 4551 ἀπῇ
1421 4485 1479 4531 ἐν
1509 4486 1573 4552 τῇ
1602 4485 1765 4552 ἐσχά-

189 4587 269 4639 τῃ
315 4569 733 4638 μισθαποδοσία,
760 4570 950 4639 ὥσπερ
976 4573 1277 4640 διαρρήδην
1306 4574 1334 4622 ό
1383 4575 1681 4643 Μαχούμετ
1709 4580 1766 4629 ἐν

188 4661 262 4726 τῇ
298 4656 493 4708 ἑαυτοῦ
542 4656 863 4727 διδασκαλίᾳ
908 4659 1079 4728 φησί·
1145 4660 1306 4728 δῆλον
1355 4662 1428 4725 ὡς
1485 4664 1771 4733 πολλαχῶς

190 4750 417 4808 ἀτόπως
450 4747 669 4814 λέγεται
696 4746 876 4799 τοῦτο’
912 4749 1128 4818 πρῶτον
1179 4753 1277 4820 μὲν
1330 4754 1407 4805 ὅτ⁸
1449 4755 1496 4805 οί
1526 4756 1634 4807 τῶν
1661 4760 1773 4809 ἀνι-

192 4842 487 4912 σταμένων
518 4840 630 4909 ζωὴ
661 4843 758 4908 τῆς
788 4842 1070 4911 παρούσης
1107 4846 1472 4915 εὐτακτοτέρα
1501 4846 1675 4900 ἔσται·
1713 4851 1772 4901 ἐν

188 4933 378 5005 ταύτῃ
407 4933 464 4984 δὲ
506 4936 570 5003 τῇ
604 4933 715 5002 ζωῇ
750 4935 995 5002 ἐμπαθὲς
1026 4935 1119 4987 καὶ
1155 4936 1393 4989 ἄτακτον
1431 4936 1568 4991 εἶναι
1600 4940 1768 5007 δοκεῖ,

190 5029 251 5078 εἴ
294 5043 378 5085 τις
406 5026 493 5077 διὰ
530 5028 697 5093 μόνην
738 5025 927 5093 ἡδονὴν
963 5027 1139 5095 χοῷτο
1171 5030 1281 5091 τοῖς
1324 5030 1515 5093 σιτίοις
1574 5049 1630 5083 τε
1676 5034 1768 5085 καὶ

191 5116 565 5185 ἀφροδισίοις,
588 5117 703 5169 ἀλλ’
736 5117 796 5168 οὐ
832 5120 920 5169 οιά
950 5135 1051 5187 την
1085 5122 1333 5190 ἀνάγκην
1381 5124 1474 5175 τοῦ
1520 5125 1767 5193 συνέχειν

186 5208 258 5257 τὸ
292 5206 538 5275 σῶμακῆ
566 5205 661 5257 τοῦ
697 5208 1158 5263 παιδοποιεῖσθαι.
1193 5213 1299 5263 Καὶ
1329 5214 1476 5265 τοῦτ’
1510 5216 1766 5281 εὐλόγως·

190 5298 257 5349 αἱ
301 5295 410 5362 γὰρ
449 5298 506 5347 ἐν
563 5301 682 5360 ταῖς
738 5300 1165 5367 προειρημέναις
1226 5304 1532 5371 ἐνεργείαις
1581 5307 1766 5375 ἡδοναὶ

192 5387 304 5440 οὐκ
355 5387 516 5440 αὐταί
545 5393 654 5440 εισι
714 5388 822 5440 τῶν
873 5390 1165 5459 ἐνεργειῶν
1195 5393 1343 5461 τέλη,
1382 5395 1517 5448 ἀλλά
1550 5396 1609 5449 τὸ
1641 5399 1771 5451 ἀνά-

191 5480 365 5531 παλιν
397 5477 617 5547 μᾶλλον.
650 5478 712 5531 Ἥ
748 5479 853 5549 γὰρ
892 5482 1051 5548 φύσις
1084 5485 1217 5551 πρὸς
1248 5484 1405 5537 τοῦτο
1433 5488 1529 5550 τὰς
1574 5490 1767 5558 ἡδονάς

189 5568 389 5631 ἔταξεν
421 5570 479 5621 ἐν
508 5570 738 5633 ταύταις
788 5574 909 5634 ταῖς
958 5574 1284 5643 ἐνεργείαις,
1324 5577 1408 5630 ἵνα
1454 5580 1527 5648 μὴ
1560 5580 1649 5634 διά
1677 5583 1769 5635 τὸν

189 5660 365 5713 πόνον
404 5660 473 5713 τά
505 5661 618 5724 ζῶα
668 5661 777 5715 τῶν
810 5663 1124 5733 ἀναγκαίων
1160 5667 1367 5721 τούτων
1409 5674 1507 5737 τῆς
1552 5674 1769 5739 φύσεως

191 5752 379 5819 ἔργων
427 5754 765 5821 ἀφίσταιντοι
800 5755 828 5807 ὃ
861 5758 1177 5813 συνέϐαινεν
1214 5761 1275 5813 ἂν
1307 5803 1319 5827 ,
1352 5764 1397 5815 εξ
1445 5765 1515 5833 μὴ
1553 5769 1616 5819 τά
1653 5767 1767 5831 ζῶα

1880 3212 2034 3273 gerit,
2095 3203 2375 3271 Oportebit
2426 3212 2481 3256 et
2535 3201 2759 3256 Illorum
2808 3204 3270 3259 resurrectionem
3322 3205 3463 3261 alios

1878 3308 2070 3350 rursus
2102 3302 2442 3362 exspectare,
2481 3303 2539 3348 ut
2581 3295 2747 3350 simul
2777 3297 3035 3351 omnibus
3076 3296 3170 3365 qui
3207 3298 3457 3351 eamdem

1877 3397 2132 3439 naturam
2172 3385 2529 3455 participant.
2564 3388 2768 3441 donmn
2803 3388 3225 3442 resurrectionis
3267 3388 3459 3443 confc-

1877 3486 2053 3529 ratur.
2107 3474 2244 3529 Item
2298 3476 2415 3543 ipse
2468 3476 2811 3529 Mahometus
2857 3491 3024 3528 unum
3080 3476 3255 3529 solum
3308 3476 3460 3542 ponit

1878 3567 2018 3621 diem
2052 3569 2495 3629 reSurrecttonis.
2535 3568 2589 3621 id
2629 3582 2707 3623 esr
2773 3568 2827 3621 in
2887 3567 2993 3621 ﬁne
3034 3567 3242 3631 mundi,
3281 3568 3334 3621 in
3369 3568 3460 3622 die

1872 3662 2100 3731 judieii;
2150 3666 2218 3717 de
2267 3664 2668 3718 resurrectione
2721 3673 2905 3717 autem
2965 3663 3211 3728 illorum,
3245 3663 3331 3717 vel
3386 3664 3459 3717 de

1876 3756 2182 3818 nativitate,
2224 3756 2434 3809 nullam
2477 3755 2703 3809 omnino
2746 3754 3079 3809 mentionem
3134 3754 3285 3808 facit.
3318 3753 3454 3807 ltcm

1874 3848 2022 3900 nulla
2062 3856 2200 3899 ratio
2243 3861 2363 3899 esse
2394 3844 2635 3907 videtur,
2662 3860 2833 3913 quare
2885 3854 3138 3913 oporteat
3182 3845 3448 3912 quosdam

1874 3945 2195 4005 exspectare
2226 3935 2291 3988 ad
2342 3935 2505 3989 simul
2548 3934 2970 4004 resurgendum,
3006 3933 3051 3988 si
3091 3950 3198 3988 non
3233 3943 3453 4003 oporte-

1876 4031 1958 4084 bit
2002 4045 2191 4084 omnes
2238 4038 2579 4097 exspectare.
2611 4027 2668 4083 Si
2718 4037 2900 4081 autem
2933 4028 3058 4097 quis
3103 4028 3271 4092 dicat,
3303 4026 3454 4096 quod

1876 4122 1928 4175 in
1963 4120 2046 4175 his
2084 4121 2178 4188 qui
2210 4128 2496 4189 resurgent
2536 4119 2648 4173 erit
2684 4120 2906 4189 quidem
2941 4134 3073 4174 usus
3116 4120 3451 4175 cibariorum

1874 4226 1931 4269 et
1978 4230 2160 4269 rerum
2195 4228 2585 4278 venerearum,
2630 4214 2726 4268 sed
2761 4228 2941 4283 neque
2976 4224 3198 4283 propter
3236 4229 3456 4268 conser-

1878 4306 2148 4359 vationem
2180 4304 2268 4358 vel
2300 4313 2656 4373 augmentum
2696 4305 2964 4373 corporis,
3009 4320 3189 4373 neque
3228 4316 3452 4374 propter

1876 4397 2126 4450 humana:
2176 4395 2379 4463 speciei
2432 4405 2786 4464 augmentum
2830 4394 2915 4448 vel
2983 4396 3452 4465 permansionem,

1872 4486 2046 4541 solum
2111 4494 2293 4538 autem
2361 4494 2583 4552 propter
2645 4485 3015 4553 voluptatem,
3067 4500 3188 4553 qua:
3242 4485 3444 4539 talibus

1873 4576 2184 4630 actionibus
2242 4576 2465 4639 accidit,
2522 4585 2582 4629 ut
2629 4575 2779 4628 nulla
2836 4576 3086 4642 voluptas
3139 4575 3453 4627 hominibus

1873 4669 2016 4723 absit
2058 4668 2130 4720 in‘
2164 4677 2408 4722 extrema
2446 4665 2715 4719 mercedis
2754 4665 3143 4727 retributione.
3186 4666 3329 4719 sicut
3358 4682 3452 4733 pa—

1871 4760 1976 4813 lam
2032 4759 2131 4812 Mal
2157 4769 2371 4813 ometus
2415 4757 2467 4811 in
2506 4758 2645 4811 libro
2678 4757 2747 4811 de
2781 4757 3031 4810 doctrina
3093 4772 3191 4809 sua
3243 4756 3380 4809 dicit
3416 4774 3429 4810 :

1872 4851 2216 4905 manifestum
2250 4849 2436 4919 igitur,
2465 4849 2610 4915 quod
2639 4848 2743 4903 hoc
2786 4847 2977 4901 multis
3024 4846 3200 4900 modis
3244 4850 3407 4899 incon

1872 4943 2160 4997 venientcr
2199 4942 2426 4995 dicitur.
2475 4942 2717 4995 Primum
2775 4942 3020 5010 quidem,
3061 4939 3205 5008 quod
3264 4954 3444 4992 resor-

1872 5034 2111 5103 gentium
2152 5035 2262 5088 vita
2313 5033 2419 5087 erit
2451 5033 2649 5087 melius
2697 5033 2948 5087 ordinata
2985 5047 3148 5101 quam
3184 5031 3299 5085 haec
3326 5047 3447 5100 qua:

1872 5139 2109 5193 prascns
2152 5148 2181 5178 ε
2215 5132 2256 5178 ι.
2312 5123 2370 5177 In
2430 5124 2536 5177 lac
2592 5133 2773 5176 autent
2834 5123 2944 5175 vita
3000 5122 3340 5189 impossibile
3391 5131 3448 5174 ct

1874 5216 2247 5270 inordinatum
2277 5214 2552 5284 quoddam
2584 5229 2705 5267 esse
2726 5212 2970 5277 videtur,
3001 5214 3045 5267 si
3076 5215 3199 5282 quis
3226 5221 3450 5281 propter

1874 5310 2210 5377 voluptatem
2248 5316 2438 5361 utatur
2466 5306 2695 5361 cibariis
2726 5307 2812 5359 vel
2846 5309 3014 5359 rebus
3048 5306 3322 5367 venereis,
3353 5304 3448 5358 sed

1875 5416 1981 5455 non
2025 5408 2249 5469 propter
2298 5399 2676 5453 necessitatem
2729 5397 3042 5452 reservandi
3104 5411 3327 5463 corpus,
3361 5396 3446 5447 vel

1873 5490 2204 5561 procreandi
2235 5491 2395 5544 ﬁlios.
2433 5490 2500 5544 Et
2531 5490 2636 5543 hoc
2672 5487 3089 5541 rationabiliter.
3127 5486 3453 5554 Voluptates

1871 5585 2018 5639 enim
2076 5590 2130 5637 tn
2188 5583 2459 5652 praedictis
2505 5581 2819 5636 actionibus
2870 5595 2981 5635 non
3041 5588 3272 5648 possunt
3325 5592 3446 5632 esse

1873 5676 2148 5731 actionum
2196 5674 2349 5728 lines.
2380 5672 2484 5728 Sed
2518 5687 2818 5727 econverso
2865 5671 3049 5741 potius
3078 5668 3297 5739 quidem
3345 5685 3439 5721 na-

1874 5776 1994 5821 tura
2035 5766 2101 5821 aul
2135 5767 2236 5821 hac
2275 5766 2581 5835 voluptates
2606 5763 2883 5821 ordinavit
2911 5762 2968 5818 in
3006 5762 3091 5817 his
3122 5759 3441 5815 actionibus
