4198 6440
233 430 360 496 3080

1378 424 1670 482 (It)i\"l‘ii.\
1711 424 2194 484 ΜΑΠΟΜΕΤΕΜ

3335 423 3467 486 1090

231 539 388 598 Ὀοεν
438 544 693 610 ἡτούτου
742 545 820 596 ἀπ
854 543 1028 612 τροπὴ
1084 544 1140 607 ἐξ
1195 541 1438 607 ἀνάγκης
1499 541 1798 608 ἀναγκάζει

1902 543 2059 596 sitate
2091 544 2234 611 Cogit
2263 543 2345 594 vel
2391 542 2592 595 malum
2638 555 2758 594 csse
2784 540 2969 592 vinum
3012 540 3354 608 simpliciter,
3384 541 3470 594 vel

228 635 400 702 λέγειν
516 636 681 688 κακὸν
711 631 849 686 εἶναι
883 637 970 685 τὸν
1020 629 1159 685 οἶνον
1197 633 1405 694 ἁπλῶς,
1440 634 1470 700 ἦ
1508 634 1631 692 τοὺς
1666 631 1800 700 Σαρ-

240 728 502 795 ρακηνοῦς
552 728 812 794 ἀκρατεῖς
853 725 1120 793 ὑπάρχειν
1163 725 1417 776 καθόλου.

232 840 313 892 ϐ’.
338 839 464 891 ὐτι
490 842 520 890 ό
539 838 657 890 τῶν
677 836 1077 904 Σῑιιἰ¹‹(ικτιιτ’ῶν
1099 839 1281 901 νόμος
1311 834 1802 905 ὀμολογοττμένως

744 907 1003 974 περιέχει
1042 911 1117 974 ﬁre
1129 908 1293 969 ῐνδος.

308 997 560 1047 Ἐννατον
589 995 671 1046 δεῖ
701 995 944 1062 Θεωρείν,
965 996 1045 1047 ὅτι
1080 997 1107 1046 ό
1137 997 1297 1061 νόμος
1331 986 1488 1054 οὗτος
1518 994 1616 1044 οὐκ
1651 993 1796 1045 ἔστιν

236 1090 396 1156 νιζμος
426 1085 581 1150 Θεοῦ,
616 1087 736 1139 ἐπεὶ
783 1087 1189 1154 ὁμολογούμενα
1227 1086 1473 1154 περιέχει
1504 1084 1694 1152 ψεύδη.
1744 1084 1803 1135 Ὀ

234 1177 343 1244 γὰρ
397 1177 526 1237 Θεὸς
583 1177 774 1244 πρώτη
812 1178 904 1227 καὶ
945 1176 1090 1244 ἄκρα
1123 1176 1268 1225 ἐστὶν
1299 1173 1548 1240 ἁλὴϋεια,
1581 1173 1713 1242 παρ’
1742 1166 1802 1224 οὗ

233 1266 486 1334 λεχθῆναί
508 1284 558 1316 τι
581 1266 772 1332 ψεῦδος
797 1265 1052 1318 ἀδύνατον
1094 1264 1182 1315 Ἐν
1207 1264 1282 1332 τῷ
1327 1264 1625 1332 Ἀλκοράνῳ
1664 1264 1719 1314 δὲ
1747 1264 1804 1314 ἐν

237 1356 312 1425 τῷ
345 1357 620 1424 κεφαλαίῳ
665 1355 758 1406 τοῦ
797 1356 950 1406 Ἰωνᾶ
980 1371 1134 1422 φησι,
1169 1355 1262 1415 Τίς
1300 1354 1375 1414 εἰς,
1421 1353 1516 1421 τὴν
1546 1350 1806 1420 ἀλήθειαν

235 1446 391 1512 ἆγει;
438 1446 544 1496 Καὶ
579 1444 1020 1514 ἀποκρινόμενος,
1063 1439 1214 1495 εἶπεν
1240 1484 1255 1508 ,
1289 1443 1344 1494 ὐ
1377 1444 1505 1504 (θεὸς
1545 1440 1806 1494 κατευθύ-

233 1535 441 1602 νειτὴν
468 1535 750 1604 ἀλήθειανο
781 1537 873 1586 καὶ
924 1537 951 1588 ὁ
1004 1535 1353 1586 κατευθύνων
1400 1534 1498 1601 τὴν
1545 1532 1804 1601 ὰλήῦειάν

234 1631 379 1678 ἐστιν
406 1627 784 1695 ἁλήθεια,³καὶ
815 1629 1080 1696 προσήκει
1105 1629 1292 1679 τοῦτον
1331 1624 1642 1694 μιμεῖσθαι.
1687 1626 1796 1677 Καὶ

240 1717 380 1785 μετὰ
418 1722 593 1770 ταῦτα
651 1716 866 1786 ἀληθῶς
916 1719 1012 1786 οὐχ
1072 1717 1302 1784 ἁρμόζει
1334 1715 1460 1783 Οείῳ
1493 1716 1639 1782 νόμῳ
1685 1715 1801 1766 τόδε

236 1807 490 1875 λέγεσθαί
530 1825 582 1860 τι
619 1809 748 1860 ἄνευ
807 1807 980 1859 Θεοῦ·
1034 1809 1169 1860 ἀλλὰ
1227 1809 1286 1859 τὸ
1340 1806 1538 1875 ψεῦδος
1595 1807 1688 1858 καὶ
1743 1806 1803 1858 τὸ

238 1899 463 1968 πλάσμα
511 1899 638 1952 ἄνευ
688 1899 822 1951 Θεοῦ
850 1901 1086 1966 λέγεται.
1128 1901 1218 1960 Ὠς
1266 1899 1372 1968 γάρ
1398 1916 1562 1966 φησιν
1595 1899 1802 1965 Αὑγου-
1833 1885 1876 1944 Β

240 1993 442 2056 στῖνος,
477 1992 537 2043 Ei
565 1993 624 2044 ὲν
673 1989 750 2058 τῷ
787 1990 1104 2059 Εὑαγγελίῳ
1137 1989 1194 2041 ἓν
1233 1990 1392 2058 μόνον
1424 1989 1617 2058 ψεῦδος
1651 1989 1802 2058 εὑρί-

241 2100 426 2146 σκετο,
463 2083 583 2134 ὅλον
615 2083 681 2136 ἂν
708 2082 766 2134 τὸ
793 2082 1123 2148 Εὐαγγὲλιον
1146 2081 1286 2133 κατά
1319 2080 1410 2132 τὸν
1453 2080 1614 2131 αὐτὸν
1647 2079 1805 2146 λόγον

239 2169 482 2223 ὕποπτον
523 2167 590 2239 ἦν
620 2173 713 2223 καὶ
758 2171 953 2239 ψεῦδος
998 2171 1582 2240 ἀποδεδοκιμασμένον.
1634 2170 1706 2222 Τὸ
1751 2170 1805 2222 δὲ

251 2262 577 2332 Ἀλκοράνον
613 2263 782 2315 πολλὰ
809 2262 907 2332 μὲν
943 2261 1119 2330 ἁληϋῆ
1151 2261 1417 2330 περιέχει,
1450 2261 1506 2312 ἐν
1535 2278 1592 2314 τε
1627 2262 1806 2329 Εὐαγ-

239 2353 409 2423 γελίῳ
459 2354 557 2406 καὶ
591 2353 668 2423 τῷ
698 2355 848 2424 νόμῳ
893 2353 1139 2415 Μωσέως
1193 2354 1289 2405 καὶ
1341 2355 1453 2416 τοῖς
1502 2355 1806 2422 προφήταις

239 2448 601 2518 περιεχόμενα
627 2464 640 2479 ·
671 2447 783 2500 ἀλλ’
819 2448 978 2510 αὐτὸς
1018 2448 1047 2498 ὀ
1099 2445 1402 2514 Μαχούμετ
1452 2448 1692 2500 τοσαῦτα
1743 2449 1808 2499 ἐκ

240 2539 352 2592 τῶν
385 2539 526 2591 ἰδίων
553 2538 845 2608 περιέὗαλε
867 2538 1063 2610 ψεύδη,
1086 2537 1217 2591 ὥσθ’
1243 2541 1362 2591 ὅλον
1422 2539 1637 2608 ἀληθῶς
1681 2539 1811 2592 ὓπο-

251 2648 392 2683 πτον
423 2633 516 2684 καὶ
560 2634 752 2699 ψεῦδος
788 2633 992 2700 ὀφείλει
1024 2631 1360 2701 νομίζεσθαι,
1388 2631 1480 2685 καὶ
1517 2632 1676 2701 ἔργον
1717 2630 1810 2684 τοῦ

236 2724 473 2792 ψεύστου
517 2724 730 2778 καὶτοῦ
755 2725 956 2792 πατρὸς
987 2724 1177 2778 αὑτοῦ.
1223 2725 1539 2791 Ἀνὰγονται
1567 2725 1623 2776 δὲ
1654 2727 1720 2776 τὰ
1755 2726 1812 2776 ἐν

236 2816 434 2884 ἐκείνῳ
479 2815 647 2884 ψεύδη
698 2818 825 2884 περὶ
874 2816 1092 2879 ἑαυτοῦ,
1126 2817 1254 2884 περὶ
1290 2815 1396 2866 τῶν
1443 2815 1809 2884 Χριστιανῶν,

237 2909 370 2978 περὶ
419 2909 526 2960 τῶν
567 2907 852 2970 Ἰουδαίων,
887 2909 1014 2977 περὶ
1044 2908 1151 2959 τῶν
1184 2907 1512 2969 ἀποστόλων,
1550 2908 1677 2974 περὶ
1708 2907 1813 2958 τῶν

237 2999 617 3068 πατριαρχῶν,
647 3001 774 3070 περὶ
807 2999 913 3052 τῶν
938 2999 1228 3069 δαιμόνων,
1253 3001 1376 3068 περὶ
1408 2997 1513 3050 τῶν
1540 2999 1810 3066 ἀγγέλων,

239 3090 511 3158 περὶτῆς
571 3090 842 3160 Παρθένου
898 3092 1160 3160 Μαρίας,
1211 3092 1337 3161 περὶ
1399 3089 1494 3141 τοῦ
1555 3091 1811 3160 Χριστοῦ,

239 3187 372 3251 περὶ
407 3181 499 3234 τοῦ
528 3181 682 3234 Θεοῦ.

315 3271 429 3325 Καὶ
451 3273 579 3341 περὶ
639 3273 833 3325 ἑαυτοῦ
897 3273 999 3341 μέν
1050 3290 1234 3343 φησιν,
1262 3275 1344 3326 ὅτι
1375 3274 1494 3326 ἐστὶ
1521 3275 1692 3340 τέλος,
1724 3275 1816 3328 καὶ

242 3365 504 3432 σφραγὶς,
537 3365 630 3416 καὶ
695 3365 873 3431 σιωπὴ
930 3365 1148 3416 πάντων
1201 3364 1306 3416 τῶν
1364 3365 1680 3433 προφητῶν.
1710 3368 1816 3418 Καὶ

236 3453 960 3523 προστάττειὰποκτιννύναι
985 3453 1161 3506 πάντα
1184 3454 1272 3506 τὸν
1294 3454 1409 3523 μετ’
1431 3455 1590 3507 αὐτὸν
1616 3457 1817 3523 διισχυ-

240 3543 527 3613 ριζόμενον
559 3542 696 3597 εἷναί
725 3560 848 3596 τινα
883 3545 1194 3613 προφήτην.
1250 3545 1409 3598 ’Λλλὰ
1439 3549 1514 3616 μὴ
1568 3547 1819 3599 συνεστά·

234 3638 308 3706 λη
336 3638 367 3706 ἡ
400 3636 520 3706 χεὶρ
562 3637 791 3705 Κυρίου,
829 3636 967 3688 ὥστε
1021 3637 1094 3706 μὴ
1151 3637 1409 3688 δύνασθαι
1463 3639 1580 3705 μετ’
1615 3642 1818 3692 ἐκεῖνον

234 3729 426 3780 δοῦναι
461 3727 553 3778 καὶ
584 3727 753 3794 ὲτέρ;›
805 3725 1022 3794 πνεῦμα
1070 3726 1427 3795 προφητείας.
1469 3728 1574 3779 Καὶ
1639 3729 1718 3780 ὅτι
1755 3729 1814 3780 οὑ

236 3823 404 3891 μόνον
436 3821 482 3872 υἱ
513 3819 827 3888 Χριστιανοὶ
869 3823 960 3870 καὶ
1011 3820 1058 3870 οἱ
1126 3820 1370 3870 Ἰουδαῖοι
1432 3819 1646 3886 λέγουσι
1688 3835 1815 3887 παρ»

234 3913 427 3973 αὐτοῖς
452 3905 588 3962 εἶναι
621 3912 900 3979 προφήτας
935 3911 1049 3977 μετ’
1073 3911 1299 3970 ἐκεῖνον,
1337 3910 1554 3975 πνεῦμα
1608 3927 1818 3978 προφη-

233 4005 390 4064 τείας
422 4003 742 4070 ἐσχηκότας,
776 4001 909 4052 ἀλλὰ
939 4001 1031 4052 καὶ
1064 4001 1216 4052 αὐτοὶ
1247 4000 1493 4062 ἐδέξαντο
1534 4001 1589 4051 ὲν
1645 3999 1816 4051 Βαϐυ-

235 4094 376 4145 λῶνι
433 4097 714 4162 προφήτην
766 4094 886 4143 τινα
942 4093 1113 4158 Σόλεμ
1147 4091 1616 4160 ὁνοελ-αξάμενοννδ
1648 4094 1817 4161 έρμτν

233 4184 457 4236 νεὺεται
514 4183 756 4250 κλίμαξ,
805 4182 864 4233 ὂν
919 4183 966 4233 0i
1030 4184 1298 4250 ἰ’ἀρταροι
1345 4183 1691 4245 ἀπέκτειναν,
1728 4183 1818 4233 καὶ

239 4272 371 4342 μετ’
405 4274 564 4325 αὑτοῦ
587 4275 683 4324 οὐκ
717 4272 893 4339 ὀλίγον
928 4272 1127 4339 πλῆθος
1180 4273 1566 4340 Σαρῤακηνὼν.
1615 4273 1735 4324 Ἔτι
1763 4271 1816 4324 δὲ

239 4363 377 4428 περὶ
432 4360 624 4412 ἑαυτοῦ
693 4377 880 4427 φησιν,
942 4356 1191 4428 ἐπαίρων
1237 4362 1446 4426 ἑαυτὸν,
1499 4361 1685 4430 ὥσπερ
1753 4363 1816 4413 ὲκ

235 4449 536 4519 προσώπου
564 4450 655 4501 τοῦ
691 4449 849 4511 Θεοῦ,
915 4450 997 4500 ὅτι
1045 4450 1104 4498 Εἰ
1141 4451 1336 4511 πάντες
1368 4451 1640 4518 ἄνθρωποι
1689 4466 1814 4502 συν-

1905 634 2208 687 Saraccnos
2244 632 2626 686 univcrsaliter
2675 632 3080 686 ἱιιεοιιιίιωιιιιε
3117 645 3257 684 esse.

1975 833 2060 887 ΙΧ.
2095 834 2244 898 Quod
2276 832 2359 886 lea:
2389 832 2779 886 Saracenorum
2821 830 3099 898 manifesta
3139 826 3402 879 contineat

2537 902 2830 955 mendacia.

1971 995 2126 1048 Nono
2153 1000 2373 1062 oportet
2403 994 2774 1054 considerare,
2808 990 2955 1060 quod
2993 991 3076 1042 lex
3110 990 3221 1043 ltazc
3253 1005 3358 1042 non
3389 995 3476 1041 est

1902 1087 1984 1138 lex
2046 1086 2160 1146 Dei,
2209 1086 2470 1153 quoniam
2529 1085 2815 1136 manifesta
2874 1082 3120 1135 continet
3169 1077 3470 1133 mcndaiia.

1905 1176 2047 1227 Deus
2080 1177 2222 1228 enim
2255 1190 2468 1228 summa
2504 1183 2559 1226 et
2591 1171 2763 1240 prima
2797 1181 2881 1226 est
2913 1172 3136 1232 veritas,
3166 1184 3196 1222 a
3229 1184 3338 1235 quo
3367 1167 3474 1220 diei

1903 1267 2121 1336 aliquod
2173 1267 2516 1320 mendacium
2562 1273 2644 1318 est
2701 1263 3058 1331 impossibile.
3103 1261 3158 1312 In
3186 1260 3473 1319 Alcorano,

1906 1359 1960 1411 in
2013 1374 2130 1424 cap.
2177 1357 2348 1419 Jonm,
2387 1356 2520 1410 dicit
2556 1374 2568 1408 :
2617 1355 2754 1420 Quis
2783 1354 2836 1406 in
2869 1354 3156 1406 veritatem
3205 1352 3391 1404 ducit?
3417 1360 3475 1403 et

1906 1452 2246 1518 respondens
2287 1449 2455 1501 dicit:
2489 1449 2629 1502 Deus
2677 1447 2865 1516 dirigit
2927 1446 3239 1504 veritatem,
3285 1451 3341 1496 et
3381 1439 3474 1509 qui

1904 1541 2087 1609 dirigit
2117 1541 2407 1594 veritatem.
2441 1547 2526 1592 est
2556 1537 2773 1596 veritas.
2809 1547 2864 1590 et
2891 1536 3148 1589 convenit
3192 1549 3316 1587 eum
3352 1532 3476 1584 nui-

1907 1632 2026 1686 taii.
2066 1632 2132 1684 Et
2162 1640 2283 1699 post
2338 1631 2450 1683 hmc
2478 1643 2603 1682 vere
2636 1643 2742 1680 non
2789 1627 3040 1694 congruit
3089 1625 3286 1677 dixina:
3343 1623 3468 1690 legi,

1905 1725 2012 1777 dici
2062 1722 2265 1790 aliquid
2305 1721 2421 1774 sine
2470 1719 2602 1783 Deo,
2650 1718 2742 1771 sed
2787 1715 3128 1769 memlacimn
3163 1723 3218 1765 et
3253 1713 3475 1779 lignielt-

1906 1825 2017 1868 tum
2051 1815 2255 1880 absque
2295 1814 2402 1865 Deo
2439 1811 2660 1863 dicitur.
2712 1808 2868 1862 Sicut
2897 1807 3044 1860 enim
3082 1806 3255 1867 inquit
3290 1802 3478 1870 Augu-

1905 1905 2082 1959 stinus
2115 1919 2128 1954 :
2175 1904 2230 1956 Si
2267 1904 2318 1955 in
2369 1902 2660 1969 Evangelio
2712 1913 2881 1952 unum
2918 1897 3092 1952 solum
3132 1895 3475 1948 mendacium

1907 1995 2265 2058 inveniretur,
2303 2001 2478 2046 totmn
2510 1991 2860 2060 Evangelium
2891 1986 3192 2042 secundum
3227 1985 3474 2038 eaimlcm

1909 2068 2172 2138 rationem
2223 2091 2537 2152 suapectum
2574 2090 2720 2136 esset
2772 2091 2826 2134 et
2877 2079 3090 2132 falsum.
3149 2077 3473 2130 Alt-eranum

1905 2188 2085 2232 autem
2145 2178 2312 2230 multa
2343 2175 2563 2243 quidem
2601 2188 2726 2228 vera
2753 2171 3015 2232 continet,
3052 2184 3173 2237 quae
3201 2169 3253 2220 in
3304 2168 3479 2220 Evan-

1906 2270 2047 2339 gelio
2076 2280 2130 2323 ct
2158 2269 2272 2337 lege
2305 2266 2472 2336 Moysi
2524 2277 2578 2319 et
2619 2263 2906 2332 pmphetis
2955 2260 3338 2324 continentur;
3382 2257 3476 2310 sed

1869 2365 2024 2431 ,ipse
2054 2362 2392 2414 Mabometus
2424 2368 2501 2411 tot
2549 2374 2613 2412 ex
2661 2356 2902 2426 propriis
2953 2352 3237 2407 manifesta
3286 2351 3479 2403 inserit

1909 2453 2210 2516 mendacia,
2247 2462 2306 2506 ut
2341 2461 2514 2503 totum
2551 2449 2662 2503 fere
2708 2456 3021 2518 suspectum
3072 2453 3127 2498 et
3159 2443 3354 2497 falsum
3388 2440 3483 2494 de-

1911 2543 2037 2598 beat
2063 2542 2380 2604 existimari,
2411 2550 2621 2609 etopus
2646 2538 2791 2592 illius
2814 2536 2907 2606 qui
2944 2536 3171 2590 mendax
3198 2541 3281 2585 est
3309 2540 3364 2584 et
3389 2543 3486 2598 pa-

1913 2647 1992 2690 ter
2037 2638 2176 2705 ejus.
2228 2634 2585 2689 lteducuntur
2615 2641 2796 2685 autem
2847 2644 2967 2698 qua:
3005 2628 3060 2681 in
3091 2641 3158 2680 eo
3198 2620 3480 2678 mendacia

1913 2730 2283 2790 continentur,
2347 2727 2412 2779 ad
2466 2726 2653 2779 decem
2701 2737 2898 2793 genera
2949 2719 3289 2790 principalia.
3341 2716 3483 2768 Dicit

1914 2821 2058 2873 enim
2109 2819 2388 2873 mendacia
2442 2817 2509 2870 de
2539 2816 2743 2884 selpso,
2777 2814 2844 2866 de
2873 2809 3221 2870 Christianis,
3267 2806 3334 2860 de
3381 2804 3481 2858 Ju-

1913 2910 2062 2974 daeis,
2096 2910 2165 2962 de
2206 2908 2488 2978 apostolis,
2543 2907 2609 2960 de
2639 2903 2986 2974 pati-iarebis,
3025 2903 3090 2955 de
3119 2896 3481 2960 daemonibus,

1913 3001 1980 3054 de
2012 3001 2236 3070 angelis,
2271 3002 2336 3054 de
2376 2999 2596 3068 Virgine
2630 2996 2816 3061 Maria,
2849 2994 2917 3048 de
2947 2992 3186 3054 Christo,
3217 2989 3285 3046 de
3314 2990 3446 3043 Deo.

1991 3277 2054 3330 lit
2083 3276 2152 3329 de
2180 3275 2358 3342 seipso
2390 3272 2610 3342 quidem
2658 3269 2812 3333 dicit,
2857 3267 3004 3336 quod
3039 3274 3123 3321 est
3167 3265 3287 3320 linis
3325 3275 3380 3318 et
3407 3263 3483 3317 si-

1917 3368 2101 3437 gillum
2129 3375 2179 3422 et
2219 3367 2497 3421 silentium
2533 3366 2776 3416 omnium
2819 3359 3231 3429 prophetarum.
3283 3356 3349 3408 Et
3390 3357 3483 3425 ju-

1920 3461 2008 3515 bet
2039 3461 2297 3522 interimi,
2331 3461 2644 3528 quicunque
2686 3462 2808 3524 post
2861 3466 2988 3506 eum
3041 3465 3100 3503 se
3162 3447 3480 3517 prophetam

1917 3569 2036 3607 esse
2072 3552 2390 3606 αδδιδι-ωιτη.
2424 3550 2528 3603 Sed
2560 3563 2667 3600 non
2705 3547 2783 3600 sic
2835 3549 3112 3596 iontracta
3161 3546 3245 3593 est
3291 3551 3484 3590 manus

1918 3643 2153 3706 Domini,
2185 3652 2374 3694 utnon
2424 3646 2612 3708 posset
2645 3647 2767 3706 pust
2817 3633 2966 3687 illum
3028 3631 3157 3683 dare
3217 3637 3275 3682 et
3325 3623 3483 3678 alteri

1917 3734 2164 3800 Spiritum
2197 3731 2513 3800 prophetia).
2546 3728 2610 3780 lit
2644 3727 2789 3796 quod
2841 3740 2949 3777 non
2981 3723 3157 3776 solum
3185 3715 3483 3775 Christiani

1915 3836 1968 3878 et
2001 3823 2172 3877 Judmi
2206 3823 2398 3876 dicunt
2422 3819 2563 3888 apud
2595 3834 2690 3872 eos
2722 3831 2844 3871 esse
2890 3814 3202 3883 prophetas,
3241 3811 3332 3878 qui
3365 3816 3485 3878 post

1918 3918 2066 3970 illum
2099 3915 2350 3983 Spiritum
2394 3911 2692 3982 prophetia:
2742 3909 3072 3968 habuerunt,
3124 3902 3221 3958 sed
3269 3910 3326 3955 et
3381 3898 3484 3968 ipsi

1915 4017 2272 4077 susceperunt
2300 4004 2443 4074 apud
2476 4002 2748 4072 Babylona
2797 3998 3120 4068 prophetam
3167 3991 3484 4063 quemdam,

1916 4099 2008 4166 qui
2051 4099 2230 4152 Solem
2283 4094 2678 4164 appellabatur,
2713 4089 2859 4160 quod
2893 4090 3285 4156 interpretatur
3313 4083 3484 4146 scala,

1915 4203 2075 4258 quem
2106 4187 2318 4239 Tartari
2353 4186 2772 4244 interemerunt,
2809 4187 2864 4233 et
2909 4193 3030 4230 cum
3082 4191 3148 4229 eo
3197 4190 3305 4229 non
3350 4188 3488 4243 pau-

1915 4296 2034 4335 eam
2062 4278 2468 4331 multitudinem
2522 4273 2945 4328 Saracenorum.
3006 4269 3138 4322 ltem
3187 4268 3255 4320 de
3308 4266 3488 4333 seipso

1916 4375 2066 4434 dicit,
2107 4372 2344 4439 scipsum
2382 4368 2680 4432 extollens,
2719 4375 2974 4431 tanquam
3007 4377 3072 4415 ex
3094 4374 3321 4428 persona
3370 4357 3485 4420 Dei,

1915 4464 2068 4530 Quod
2103 4463 2147 4515 si
2182 4475 2372 4515 onmes
2403 4459 2651 4512 homines
2684 4462 3167 4525 congregarentur,
3209 4457 3264 4503 et
3294 4461 3487 4501 omnes

232 4541 480 4610 αχθεῖεν,
523 4541 614 4591 καὶ
637 4541 808 4591 πάντα
835 4540 901 4592 τὰ
947 4541 1228 4608 πνεύματα
1263 4541 1294 4609 ἢ
1331 4541 1571 4608 ἄγγελοι,
1601 4542 1698 4593 οῦκ
1746 4541 1812 4593 ἂν

1917 4557 2142 4625 spiritus
2174 4555 2255 4606 vel
2293 4551 2491 4621 angeli,
2538 4565 2645 4601 non
2687 4555 2910 4615 possent
2958 4543 3137 4596 facere
3177 4541 3279 4593 tale
3330 4539 3491 4593 Alco-

232 4632 491 4683 δῦναιντο
557 4630 782 4696 ποιῆσαι
836 4629 1073 4683 τοιοῦτον
1105 4629 1448 4698 Ἀλκορέινον,
1497 4628 1607 4684 οἷον
1655 4631 1811 4684 τοῦτό

232 4724 416 4772 ἐστιν.
447 4719 514 4769 Ἦ
546 4718 720 4770 τοίνυν
751 4717 892 4770 οὕτω
930 4720 1086 4771 τοῦτο
1116 4720 1247 4784 νόει,
1269 4719 1344 4780 ὡς
1389 4722 1461 4788 μὴ
1513 4720 1810 4790 δυνησομέ-

237 4830 358 4864 νων
391 4811 609 4862 ἐκείνων
647 4812 865 4877 ποιῆσαι
908 4811 1036 4863 ἄνευ
1084 4810 1181 4879 τῆς
1238 4815 1329 4862 του
1361 4811 1492 4863 Θεοῦ
1528 4812 1809 4880 βοηθείας*

235 4903 340 4954 καὶ
372 4902 421 4951 τί
458 4900 780 4968 Θαυμαστὸν.
815 4901 862 4951 εί
893 4900 965 4968 μὴ
987 4899 1297 4969 δυνήσονται
1327 4901 1501 4962 τσῠτο,
1539 4903 1673 4970 ὅπερ
1721 4907 1812 4956 καὶ

233 4993 410 5052 αὑτδς
442 4993 538 5041 οὐκ
563 4989 877 5042 avsa-6505
929 4991 1284 5057 πεποιηκέναι
1321 4990 1518 5058 φησίη
1573 4989 1606 5058 ἦ
1659 4989 1815 5043 τοῦτο

232 5085 378 5144 νόει,
420 5081 490 5143 ὡς
547 5083 644 5133 οῦκ
672 5080 738 5133 ἂν
770 5081 1102 5148 δυνηθέντων
1128 5081 1350 5132 ἐκείνων
1377 5079 1621 5147 ποιῆσαι,
1651 5081 1696 5130 εί
1722 5079 1814 5131 καὶ

233 5175 357 5225 ὑπὸ
387 5172 518 5222 Θεοῦ
550 5171 844 5240 βοηίὶοίντο.
902 5171 1060 5222 Ἀλλὰ
1108 5170 1268 5223 τοῦτο
1321 5171 1530 5238 φανερὰ
1573 5171 1816 5240 βλασφη-

239 5265 355 5330 μία.
383 5264 517 5315 ἐστί.

323 5353 459 5419 Περὶ
495 5352 548 5404 δὲ
581 5351 688 5403 τῶν
713 5350 1050 5419 Χριστιανῶν
1101 5368 1282 5422 φησιν,
1320 5353 1391 5414 iii;
1436 5351 1682 5403 διδόιτων
1742 5353 1817 5421 τῷ

234 5441 372 5510 Θεῷ
411 5444 681 5494 κοινωνόνο
711 5439 746 5494 ’ὃ
769 5443 1015 5510 φανερῶς
1044 5446 1158 5495 ἐστι
1189 5443 1401 5512 ψεῦδος.
1428 5444 1562 5494 Φασὶ
1611 5443 1718 5512 γὰρ
1769 5446 1816 5494 οἱ

235 5531 567 5602 Χριστιανοὶ
599 5532 718 5584 καθ’
754 5532 876 5584 ὅλου
903 5533 996 5584 τοῦ
1030 5534 1258 5603 κόσμου,
1316 5535 1398 5585 ὃτι
1461 5537 1488 5584 ὁ
1511 5533 1638 5594 Θεύς
1701 5538 1818 5586 ἐστι

237 5617 594 5693 μάλισταιεῖς
630 5624 718 5678 καὶ
758 5623 1148 5688 ἁπλούστατος.
1191 5624 1337 5678 Μετὰ
1372 5626 1547 5678 ταῦτὰ
1577 5642 1742 5693 φησιν
1765 5629 1820 5677 ὲν

229 5713 321 5783 τῷ
404 5714 678 5783 κεφαλαίῳ
760 5715 834 5784 τῷ
909 5716 1300 5786 Τελτεούμπε,
1365 5716 1392 5767 ὃ
1459 5716 1820 5786 ἑρμηνεύεται

231 5801 552 5870 μετάνοια,
573 5804 654 5859 ὅτι
682 5807 730 5859 οἱ
759 5805 1075 5870 Χριστιανοὶ
1101 5804 1402 5860 θεοποιοῦσι
1426 5808 1549 5870 τοὺς
1600 5808 1822 5860 ἐπεκελ-

1915 4658 2106 4696 ranum
2145 4643 2286 4694 sicut
2319 4651 2403 4694 est
2439 4639 2562 4692 hoc.
2605 4635 2699 4690 Vel
2747 4635 2909 4704 igitur
2940 4634 3018 4687 sic
3067 4632 3170 4684 hoc
3222 4628 3488 4696 intelligo,

1913 4733 2057 4802 quod
2093 4749 2197 4785 non
2233 4738 2491 4800 poterunt
2521 4729 2596 4781 illi
2636 4727 2811 4780 facere
2848 4727 3054 4794 absque
3099 4721 3306 4775 auxilio
3340 4718 3430 4772 Dei
3469 4733 3484 4770 :

1913 4824 2127 4892 etquid
2159 4822 2353 4874 mirum
2390 4821 2434 4873 si
2463 4835 2571 4871 non
2618 4825 2874 4885 poterunt
2911 4816 3034 4876 hoc,
3080 4812 3226 4882 quod
3272 4818 3328 4864 et
3374 4809 3489 4876 ipse

1916 4929 2023 4966 non
2054 4914 2169 4966 sine
2203 4912 2313 4964 Deo
2358 4926 2416 4966 se
2459 4910 2652 4963 fecisse
2706 4907 2876 4961 dicit?
2931 4906 3013 4959 vel
3062 4905 3166 4957 hoc
3222 4901 3487 4970 intellige.

1916 5003 2060 5073 quod
2091 5018 2268 5070 neque
2320 5016 2388 5070 po
2419 5001 2625 5054 uissent
2675 5001 2752 5053 illi
2796 4999 2993 5056 iacere.
3063 4994 3279 5048 etiamsi
3316 5009 3347 5046 a
3378 4993 3490 5046 Deo

1916 5095 2084 5164 adniti
2113 5105 2318 5148 essent.
2363 5093 2467 5147 Sed
2500 5097 2604 5146 hoc
2638 5092 2924 5144 manifesta
2959 5088 3293 5158 blasphemia
3322 5095 3427 5140 est.

1994 5359 2063 5412 De
2113 5361 2438 5413 Christianis
2472 5371 2655 5414 autem
2706 5361 2857 5425 dicit,
2901 5359 3044 5428 quod
3079 5359 3210 5413 dant
3265 5359 3372 5412 Deo
3405 5373 3492 5412 so-

1921 5451 2062 5503 cium
2103 5469 2115 5502 :
2151 5453 2294 5515 quod
2347 5451 2693 5505 manifestum
2746 5462 2829 5505 cst
2884 5453 3251 5505 mendacium.
3293 5451 3489 5503 Dicunt

1920 5541 2064 5593 enim
2096 5541 2390 5593 Caristiani
2442 5542 2606 5594 totius
2659 5543 2868 5603 mumli,
2901 5541 3046 5608 quod
3093 5541 3230 5592 Deus
3260 5546 3343 5592 est
3371 5551 3489 5589 ma-

1922 5631 2063 5681 xime
2095 5646 2234 5685 unus
2267 5641 2322 5684 et
2375 5632 2835 5699 simplicissimus.
2895 5633 3024 5685 Pest
3085 5631 3198 5684 lncc
3253 5629 3388 5682 dicit
3434 5628 3491 5682 in

1923 5721 2164 5788 Capitulo
2199 5722 2230 5773 ἰ
2246 5724 2541 5791 clteumpe,
2575 5725 2716 5791 quod
2747 5725 3135 5793 interpretatur
3165 5721 3489 5789 paznitcutia,

1923 5810 2067 5874 quod
2096 5811 2394 5866 Christiani
2427 5813 2681 5869 deiticant
2715 5816 3002 5873 epis-cocos
3034 5829 3185 5869 suos.
3216 5821 3271 5866 et
3311 5809 3492 5882 ponti-
