4198 6440
272 495 404 557 11M

1482 488 1778 546 CONTRA
1824 483 2324 544 MAHOMETEM.

3365 475 3501 539 1102

270 620 362 666 τον
393 611 640 682 οὐρανόν.
673 607 812 676 Φησὶ
845 606 899 659 δὲ
936 607 1027 656 καὶ
1058 604 1146 655 τὸν
1178 605 1324 671 ἔῄλιον
1359 602 1449 652 καὶ
1483 604 1580 664 τὴν
1612 599 1839 665 σελήνην
1869 633 1878 655 ε

1887 603 1910 653 t
1948 595 2193 662 Dicitque
2229 595 2396 647 solem
2431 602 2483 646 et
2520 594 2702 645 lunam
2755 591 2978 658 aqualis
3012 589 3151 643 lucis
3203 599 3257 644 et
3288 590 3504 644 virtutis

276 710 396 760 ἴσον
431 705 610 772 φωτὸς
645 703 739 754 καὶ
771 700 1052 766 δυνάμεως
1088 695 1377 761 γενέσθαι,
1411 691 1502 741 καὶ
1572 688 1837 759 μηδεμίαν

270 801 542 865 διάκρισιν
577 791 715 846 εἶναι
755 791 956 861 μεταξὺ
992 787 1185 847 νυκτὸς
1219 786 1311 838 καὶ
1343 783 1578 853 ἡμέρας.
1615 780 1748 832 Ποτῖε
1783 779 1840 830 δὲ

273 888 578 953 πετομένου
624 882 716 934 τοῦ
771 879 1032 950 Γαϐριὴλ,
1083 877 1280 942 συνέϐη
1326 875 1384 926 τὸ
1437 873 1632 938 πτερὸν
1675 869 1838 923 αὑτοῦ

273 975 517 1044 ἅψασθαι
560 975 658 1042 τῆς
711 971 961 1040 σελήνης,
1009 969 1042 1038 ἢ
1089 967 1182 1019 καὶ
1231 965 1419 1030 ὥσπερ
1467 962 1677 1032 ὁρῶμεν
1722 961 1840 1021 νῦν,

270 1065 586 1133 ἐσκοτίσθη.
615 1065 737 1115 Ἔτι
774 1061 909 1130 φησὶ
936 1061 1028 1111 τὸν
1063 1059 1160 1126 μὲν
1192 1057 1287 1108 σῦν
1317 1055 1406 1107 τὸν
1438 1055 1626 1122 ἄγριον
1654 1055 1716 1103 ἐκ
1745 1052 1841 1115 τῆς

271 1159 479 1224 κόπρου
506 1157 600 1206 τοῦ
629 1154 915 1222 ἐλέφαντος
942 1151 1288 1220 γεννηθῆναι,
1319 1146 1408 1200 τὸν
1434 1145 1487 1196 δὲ
1519 1143 1622 1213 μῦν
1652 1145 1714 1194 ὲκ
1742 1141 1841 1207 τῆς

271 1250 482 1314 κόπρου
509 1245 604 1298 τοῦ
633 1246 831 1315 χοίρου,
858 1243 956 1311 τὴν
980 1243 1033 1293 δὲ
1060 1240 1231 1307 γαλῆν
1261 1241 1322 1290 ἐκ
1346 1235 1439 1289 τοῦ
1472 1233 1721 1304 μετώπου
1749 1229 1842 1282 τοῦ

269 1339 503 1400 λέοντος.
537 1337 736 1388 Τοῦτον
769 1336 822 1386 δὲ
853 1337 942 1386 τὸν
971 1333 1168 1401 τρόπον
1197 1329 1488 1397 ἐξηγεῖται.
1519 1327 1706 1384 Ὄντος
1735 1322 1843 1390 γάρ

269 1429 368 1481 τοῦ
398 1429 517 1480 Νῶε
547 1431 603 1479 ὲν
628 1430 692 1495 τῇ
721 1424 936 1492 κιϐωτῴ
966 1423 1101 1491 μετὰ
1127 1423 1231 1473 τῶν
1256 1421 1385 1472 υἱῶν
1410 1419 1500 1470 καὶ
1523 1416 1630 1468 τῶν
1655 1413 1806 1476 ζώων
1829 1452 1842 1476 ,

272 1515 544 1583 Etsi-.96;
590 1515 866 1565 ἀπόπατον
914 1511 1178 1579 ἐχώρουν,
1227 1507 1468 1559 ἐκλίνετο
1514 1506 1546 1571 ἡ
1593 1502 1843 1563 κιϐωτὸς,

277 1610 373 1661 καὶ
407 1607 636 1675 μάλιστα
665 1606 750 1656 ὅτε
781 1604 808 1654 6
835 1602 1028 1667 ὲλέφας
1063 1600 1240 1668 ἐπῄει.
1273 1601 1379 1650 Καὶ
1405 1596 1491 1646 διὰ
1520 1595 1579 1644 τὸ
1607 1593 1728 1645 λίαν
1758 1607 1848 1658 φο-

275 1695 507 1754 δεῖσθαι,
529 1692 814 1761 ἠρώτησεν
837 1691 863 1740 6
885 1689 1006 1741 Νῶε
1030 1689 1117 1739 τὸν
1141 1688 1292 1738 Θεό).
1321 1687 1411 1744 Ὃς
1437 1683 1562 1750 ἔτη,
1587 1678 1845 1740 Ἀπελθε,

275 1787 375 1837 καὶ
411 1785 787 1852 προσκύνησον
821 1779 910 1831 τὸν
946 1778 1196 1845 πρωκτὸν
1230 1774 1394 1827 αὑτοῦ
1434 1773 1566 1842 πρὸς
1602 1773 1667 1838 τῇ
1703 1771 1808 1837 ὁπῇ
1830 1808 1844 1832 ,

278 1876 339 1940 ἐξ
387 1871 453 1943 ἧς
503 1875 748 1942 πρόεισιν
793 1872 825 1937 ἡ
876 1870 1101 1938 κόπρος.
1147 1861 1222 1920 Oi;
1272 1865 1584 1932 γενομένου,
1632 1861 1746 1929 ἅμα
1786 1875 1845 1909 τε

275 1967 425 2036 ἐξῄει
458 1967 490 2035 ή
523 1965 753 2034 κόπρος,
785 1963 880 2014 καὶ
907 1963 1003 2014 σὺν
1032 1962 1167 2029 αὐτῇ
1198 1959 1378 2027 χοῖρος
1413 1955 1668 2023 μέγιστος
1699 1951 1846 2014 λίαν,

273 2053 338 2111 οὗ
371 2058 444 2126 τῷ
481 2056 670 2125 ῥύγχει
699 2056 794 2114 τὰς
821 2053 1060 2120 κάπρους
1096 2049 1204 2119 (ὡς
1233 2045 1458 2114 εἴωθεν)
1491 2043 1813 2114 ὀρύσσοντος
1834 2081 1848 2103 ,

276 2152 305 2201 ὁ
343 2149 444 2216 μῦς
477 2145 739 2212 ἐγεννήθη
764 2182 777 2205 ,
811 2144 903 2194 καὶ
935 2140 1138 2210 ἤρξατο
1169 2137 1476 2191 κατεσθίειν
1508 2135 1603 2195 τάς
1637 2131 1852 2191 σανίδας

279 2240 385 2308 τῆς
435 2235 694 2290 κιϐωτοῦ.
744 2235 852 2287 Καὶ
894 2235 1016 2284 τότε
1065 2231 1297 2299 μάλιστα
1341 2225 1706 2296 εφοϐήθησαν.
1751 2220 1854 2274 Καὶ

279 2331 638 2399 ἐπερωτήσας
672 2329 698 2380 6
731 2325 853 2378 Νῶε
887 2325 979 2376 τον
1012 2321 1240 2392 Κύριον,
1273 2318 1508 2380 ἐπάταξε
1543 2320 1633 2368 τὸν
1666 2313 1853 2367 λέοντα

279 2425 340 2476 ἐν
369 2421 445 2491 τῷ
481 2421 735 2489 μετώπῳ.
767 2419 875 2470 Καὶ
907 2414 1096 2484 ἐξῆλθε
1130 2413 1272 2482 γαλῆ
1305 2411 1390 2463 διὰ
1419 2411 1525 2462 τῶν
1560 2411 1853 2476 μυκτήρων

281 2513 471 2568 αὑτοῦ.
507 2511 616 2564 Καὶ
649 2509 852 2576 ταύτην
885 2505 1024 2562 εἷναί
1062 2523 1194 2574 φησι
1231 2505 1330 2573 τὴν
1364 2503 1562 2561 αἰτίαν,
1596 2497 1664 2551 δι’
1687 2499 1752 2567 ἢν
1787 2497 1855 2550 τὰ

281 2601 380 2656 τοῦ
408 2601 591 2672 χοίρου
619 2603 754 2671 κρέα
783 2597 1066 2667 ἀκάθαρτα
1095 2594 1234 2649 εἶναι
1263 2595 1414 2663 φασί.
1444 2593 1580 2662 Φησὶ
1607 2593 1662 2645 δὲ
1692 2591 1854 2645 πάλιν

282 2696 343 2746 ὲν
379 2695 455 2764 τῷ
496 2692 676 2762 αὐτῷ,
713 2693 793 2744 ὅτι
831 2693 858 2743 6
891 2691 1024 2752 Θεὸς
1058 2689 1192 2758 πρὸς
1230 2687 1306 2756 τῷ
1341 2687 1484 2739 τέλει
1515 2684 1609 2736 τοῦ
1647 2684 1854 2752 κόσμου

283 2782 574 2835 ἀποκτενεῖ
603 2782 787 2832 πᾶσαν
819 2777 993 2830 κτίσιν
1015 2818 1028 2840 ,
1061 2777 1155 2828 καὶ
1181 2777 1306 2835 τοὺς
1334 2773 1598 2841 ἀγγέλους
1631 2771 1724 2823 καὶ
1756 2773 1854 2838 ἁρ-

285 2873 587 2942 χαγγέλους
607 2907 627 2938 ,
656 2868 753 2922 καὶ
781 2868 934 2921 οὐδὲν
964 2865 1426 2934 ύπολειφθήσεται
1459 2863 1567 2927 ζῶν
1596 2862 1733 2932 πλὴν
1761 2859 1856 2913 τοῦ

285 2964 426 3016 Θεοῦ
459 2963 552 3014 καὶ
580 2961 672 3013 τοῦ
705 2961 958 3014 θανάτου*
991 2959 1050 3021 ὃς
1076 2959 1224 3010 ἐστιν
1255 2955 1485 3023 ἄγγελός
1513 2971 1595 3016 τις
1628 2952 1858 3022 λεγόμε-

285 3072 377 3117 νος
414 3053 646 3123 Ἀδριήλ.
677 3053 785 3104 Καὶ
815 3052 935 3104 τότε
971 3050 1264 3102 ἐντελεῖται
1300 3049 1500 3115 Κύριος
1531 3045 1608 3116 τῷ
1643 3043 1859 3115 Ἀδριὴλ

289 3149 611 3202 ἀποκτεῖναι
646 3144 859 3198 ἑαυτόν.
895 3137 968 3196 Οὗ
1009 3143 1304 3210 γενομένου
1326 3179 1342 3206 ,
1378 3140 1620 3209 φωνήσει
1658 3137 1861 3206 Κύριος

291 3243 445 3310 φωνῇ
479 3238 689 3308 μεγάλῃ
711 3277 726 3302 ,
759 3235 855 3288 καὶ
886 3236 1000 3306 ἐρεῖ
1024 3251 1037 3264 ο
1074 3232 1180 3286 Ποῦ
1217 3235 1352 3285 εἰσιν
1383 3233 1431 3283 οἱ
1465 3231 1737 3300 σατράπαι
1765 3228 1858 3281 τοῦ

291 3334 502 3400 κόσμου
528 3329 618 3382 καὶ
648 3329 695 3380 oi
728 3328 1024 3396 ᾶρχοντεςς
1056 3326 1166 3377 Καὶ
1199 3323 1336 3391 μετα
1367 3321 1538 3375 ταῦτα
1570 3321 1858 3390 ἀναστήσει

293 3421 492 3474 πάντα.
520 3418 692 3479 Αὐτός
720 3433 779 3469 τε
809 3415 969 3468 πάλιν
996 3418 1022 3467 6
1051 3412 1346 3482 Μαχούμετ
1379 3414 1600 3480 ἐποίησε
1633 3411 1858 3480 βιϐλίον,

289 3513 429 3564 ὅπου
481 3507 685 3578 ἔγραψε
734 3505 962 3573 δώδεκα,
991 3503 1232 3573 χιλιάδας
1282 3504 1457 3570 λόγων
1508 3500 1858 3572 θαυμαστῶν.

287 3598 692 3668 Θαυμαζόντων
735 3596 793 3649 δὲ
835 3596 929 3649 καὶ
975 3594 1311 3664 ζητούντων,
1359 3595 1407 3644 εἰ
1457 3593 1635 3645 πάντα
1682 3593 1862 3644 ἐκεῖνα

291 3693 472 3760 ἀληθῆ
502 3690 644 3754 εἷεν,
676 3688 1009 3758 ἁπεκρίνατο
1042 3687 1176 3756 μόνα
1203 3685 1269 3738 τά
1299 3683 1572 3755 τρισχίλια
1605 3683 1863 3749 ἀλήθειαν

290 3789 463 3857 ἔχειν,
508 3785 576 3838 τὰ
616 3782 659 3836 δ’
688 3782 820 3836 ἄλλα
859 3781 1031 3850 ψευδῆ
1075 3775 1234 3833 εἶναι.
1267 3779 1435 3830 Ὅταν
1476 3777 1652 3828 τοίνυν
1691 3778 1750 3828 ἐν
1787 3775 1864 3844 τῷ

291 3878 680 3946 προειρημένῳ
714 3871 899 3941 βιϐλίῳ
929 3871 1119 3938 ψευδές
1145 3887 1198 3921 τι
1229 3868 1732 3937 καταλαμϐάνηται,
1763 3881 1864 3933 φα·-

297 3969 387 4021 σὶν
421 3965 470 4016 οἱ
504 3961 846 4034 Σαρρακηνοὶ
882 3961 978 4012 καὶ
1009 3958 1165 4011 τοῦτο
1203 3959 1292 4010 τὸν
1326 3956 1622 4026 Μαχούμετ
1654 3956 1859 4019 εἰπεῖν,

293 4061 378 4131 μὴ
421 4058 596 4111 πάντα
636 4053 774 4108 εἶναι
813 4051 1010 4119 ἀληθῆ,
1041 4045 1179 4102 εἶναι
1217 4049 1275 4102 δὲ
1316 4050 1408 4100 καὶ
1442 4047 1598 4100 τοῦτο
1639 4045 1695 4110 ἐξ
1734 4044 1866 4097 ὲκεί-

295 4169 411 4203 νων
436 4166 450 4181 ·
493 4151 551 4200 τὸ
592 4147 635 4200 δ’
667 4145 960 4198 ὑπόλοιπον
999 4142 1119 4194 ὅλον
1160 4141 1217 4192 ἐν
1255 4141 1319 4208 τῇ
1361 4137 1552 4192 ἑαυτοῦ
1595 4135 1740 4206 ἰσχύϊ
1779 4136 1865 4188 ἀεὶ

293 4241 600 4308 διαμένειν.
636 4236 806 4291 Τοῦτο
839 4234 1080 4288 πιστεύω
1114 4231 1238 4294 τοὺς
1271 4230 1659 4300 Σαῤῥακηνοὺς
1694 4226 1868 4280 ποιεῖν

293 4337 400 4388 καὶ
445 4335 536 4386 ἐπὶ
578 4330 671 4384 τοῦ
709 4327 1048 4393 ’Ᾱλκοράνου.
1093 4325 1156 4377 Εἰ
1202 4325 1310 4392 γάρ
1354 4323 1445 4373 καὶ
1489 4319 1656 4372 πολλὰ
1697 4316 1865 4386 ψευδῆ

294 4423 815 4494 καταλαμϐάνονται
849 4423 904 4472 ὲν
938 4415 1086 4485 αὑτῴ
1111 4456 1125 4478 ,
1162 4416 1310 4482 ὅμως
1343 4412 1430 4466 διά
1459 4429 1578 4464 τινα
1613 4409 1868 4479 περιεχό-

1261 4507 1368 4522 ος,

301 4533 446 4589 μενα
471 4518 526 4568 ὲν
548 4513 695 4580 αὐτῷ
721 4511 916 4581 ἀληθῆ,
942 4509 1130 4575 ὥσπερ
1152 4507 1286 4560 Θεοῦ
1314 4508 1465 4573 λόγος
1491 4503 1714 4569 τιμᾶται
1740 4498 1868 4570 παρ’

1877 1928 1924 1986 Β

1943 689 2131 753 Γυίεερ,
2168 698 2221 740 et
2245 687 2444 757 nullajm
2477 686 2860 739 discretionem
2892 700 3009 738 esse
3036 685 3176 739 inter
3207 691 3422 737 noctem
3452 696 3500 738 ct

1945 779 2112 834 diem.
2151 779 2458 846 Aliquando
2488 789 2670 831 autem
2707 778 2925 840 accidit,
2964 776 3108 843 quod
3139 777 3265 829 dum
3297 777 3508 829 volaret

1943 868 2183 928 Gabriel,
2213 867 2294 919 ala
2325 867 2442 935 ejus
2477 866 2660 918 lunam
2688 866 2945 932 tetigerit,
2978 881 3098 933 qua:
3122 874 3176 918 ct
3199 865 3340 918 sicut
3363 878 3507 917 nunc

1948 957 2215 1017 videmus,
2269 957 2560 1010 obscurata
2588 967 2690 1011 est.
2722 957 2852 1009 Item
2887 957 3042 1016 dicit,
3072 967 3127 1010 et
3157 971 3309 1009 suem
3350 971 3507 1022 agre-

1945 1059 2081 1101 stem
2117 1064 2182 1102 ex
2231 1059 2474 1100 stercore
2528 1048 2833 1114 elephantis
2863 1058 3050 1100 natum
3084 1063 3204 1100 esse
3229 1086 3241 1110 ,
3296 1060 3507 1098 murem

1947 1151 2126 1194 autem
2155 1157 2216 1193 ex
2265 1150 2506 1193 stercore
2536 1141 2709 1207 porci,
2765 1150 2968 1192 eattum
2999 1147 3184 1192 autem
3234 1153 3299 1190 ex
3331 1138 3509 1191 fronte

1947 1233 2141 1286 leonis.
2178 1230 2291 1286 lloc
2319 1246 2500 1286 autem
2537 1231 2640 1285 isto
2665 1232 2824 1284 modo
2851 1233 3166 1299 exponitur.
3194 1230 3329 1285 Cum
3363 1232 3506 1283 enim

1947 1322 2057 1376 Noe
2087 1333 2232 1376 esset
2258 1323 2309 1375 in
2339 1337 2465 1376 arca
2498 1337 2623 1374 cum
2656 1321 2782 1373 ﬁliis
2814 1330 2868 1373 et
2902 1321 3255 1382 animalibus,
3287 1320 3511 1388 quando

1949 1415 2014 1466 ad
2042 1414 2294 1466 latrinam
2326 1422 2697 1477 secesserunt,
2737 1411 2999 1464 inclinata
3035 1419 3118 1463 est
3144 1426 3287 1472 arca,
3315 1419 3369 1464 et
3397 1425 3518 1462 ma-

1952 1487 2095 1557 xime
2142 1505 2362 1572 quando
2389 1503 2612 1572 elephas
2641 1502 2852 1556 aderat.
2912 1501 2976 1554 Et
3030 1513 3318 1569 propterea
3367 1499 3514 1568 quod

1951 1593 2104 1645 valde
2133 1592 2335 1655 timuit,
2368 1591 2647 1644 consuluit
2676 1590 2790 1643 Noe
2826 1592 3015 1643 Deum.
3063 1591 3165 1655 Qui
3197 1589 3336 1642 dixit
3366 1607 3377 1641 :
3414 1590 3520 1642 lic-

1949 1683 2103 1743 ccde.
2150 1691 2206 1736 et
2243 1682 2409 1735 adora
2445 1683 2694 1748 podicem
2729 1681 2847 1750 ejus
2875 1680 2939 1734 ad
2967 1681 3233 1742 foramen,
3289 1696 3355 1733 ex
3405 1695 3516 1747 quo

1951 1773 2202 1841 provenit
2241 1783 2472 1827 stercus.
2510 1771 2630 1836 Quo
2660 1773 2803 1824 facto
2861 1771 3022 1824 simul
3056 1770 3221 1824 exivit
3278 1781 3515 1835 stercus,

1950 1874 2005 1918 et
2037 1879 2160 1918 cmn
2181 1879 2246 1918 eo
2277 1880 2472 1932 porcus
2505 1864 2659 1918 valde
2688 1877 2936 1931 magnus,
2969 1863 3126 1930 cujus
3162 1871 3340 1914 rostro
3378 1870 3518 1914 ster-

1955 1971 2082 2010 cora
2111 1955 2273 2024 (sicut
2303 1956 2611 2023 consuevit)
2635 1957 2952 2014 ell'odiente,
2981 1969 3101 2007 mus
3134 1965 3295 2006 natus
3329 1962 3433 2015 est,
3464 1962 3521 2005 et

1954 2047 2160 2114 incepit
2179 2045 2371 2099 rodere
2396 2045 2610 2099 tabulas
2637 2061 2792 2100 arcze.
2821 2045 2886 2098 Et
2912 2055 3040 2099 tunc
3065 2045 3302 2098 maxime
3323 2047 3520 2098 timue-

1955 2147 2102 2192 runt.
2139 2138 2565 2206 lit-interrogans
2597 2137 2710 2192 Noe
2750 2138 3064 2200 Dominum,
3109 2138 3378 2206 percussit
3405 2137 3520 2190 leo-

1955 2245 2076 2282 nem
2123 2229 2176 2282 in
2207 2228 2407 2282 fronte.
2433 2228 2499 2282 Et
2523 2229 2688 2282 exivit
2719 2229 2949 2282 mustela
2969 2227 3044 2297 (ι)
3069 2244 3167 2298 per
3193 2244 3352 2284 nares
3375 2231 3516 2300 ejus.

1957 2321 2022 2375 Et
2057 2320 2199 2374 hanc
2233 2320 2422 2373 dicunt
2453 2334 2575 2374 esse
2606 2335 2853 2382 causam,
2885 2329 3109 2388 propter
3138 2333 3300 2387 quam
3331 2334 3524 2374 carnes

1957 2413 2108 2480 porci
2146 2427 2254 2465 non
2290 2411 2469 2465 licitas
2498 2426 2623 2464 esse
2659 2409 2869 2464 dicunt.
2942 2409 3086 2464 Dicit
3119 2421 3301 2464 autem
3333 2425 3528 2464 rursus

1956 2505 2008 2556 in
2042 2503 2235 2556 eodem
2270 2502 2530 2569 capitulo,
2559 2503 2702 2570 quod
2737 2503 2880 2558 Deus
2903 2505 2956 2558 in
2989 2505 3093 2556 line
3120 2502 3307 2556 mundi
3334 2501 3528 2556 interi-

1955 2608 2067 2651 met
2094 2610 2311 2651 omnem
2339 2604 2671 2662 creaturam,
2707 2606 2762 2650 et
2785 2596 3027 2666 angelos,
3069 2607 3125 2650 et
3149 2594 3524 2663 arcliaugelos,

1955 2699 2011 2744 et
2042 2688 2180 2742 nihil
2209 2689 2486 2756 relinquet
2511 2688 2702 2742 vivens
2732 2697 2928 2756 praeter
2967 2687 3137 2741 Deum
3185 2697 3241 2740 et
3272 2698 3528 2750 mortem,

1959 2796 2081 2851 qua:
2107 2792 2191 2836 est
2217 2782 2442 2851 angelus
2471 2781 2716 2850 quidam,
2744 2781 2836 2848 qui
2860 2779 3063 2834 dicitur
3091 2779 3300 2833 Adriel.
3370 2778 3529 2832 Tunc

1960 2873 2246 2927 mandabit
2279 2873 2536 2927 dominus
2562 2872 2794 2934 Adrieli,
2862 2882 2922 2925 ut
2950 2871 3232 2923 interimat
3264 2871 3531 2938 seipsum.

1962 2965 2080 3032 Quo
2100 2965 2260 3029 facto,
2283 2964 2539 3018 clamabit
2560 2964 2824 3018 Dominus
2856 2977 2987 3017 voce
3011 2977 3226 3031 magna,
3257 2971 3312 3015 et
3341 2960 3486 3016 dicet
3514 3002 3529 3017 .

1961 3056 2062 3112 Ubi
2093 3067 2220 3110 sunt
2251 3066 2484 3124 satrapae
2518 3055 2706 3108 mundi
2731 3065 2787 3108 et
2819 3053 3132 3124 principes?
3163 3053 3228 3106 Et
3262 3061 3385 3121 post
3416 3052 3535 3105 bmc

1963 3157 2248 3216 resurgent
2283 3145 2490 3200 omnia.
2555 3144 2784 3214 Ipseque
2816 3160 3010 3198 rursus
3039 3143 3376 3197 Maliometus
3405 3144 3534 3198 fecit

1887 3271 1930 3329 ϐ
1965 3239 2188 3301 librum,
2224 3239 2278 3292 in
2308 3253 2417 3308 quo
2445 3238 2668 3307 scripsit
2699 3237 2992 3291 duodecim
3029 3237 3201 3290 millia
3229 3237 3528 3290 verborum

1968 3332 2317 3385 niirabilium.
2351 3329 2678 3384 Mirantibus
2712 3339 2895 3382 autem
2922 3337 2978 3382 et
3007 3328 3381 3398 quaerentibus
3409 3328 3534 3397 qui-

1967 3422 2222 3480 busdam.
2266 3426 2310 3475 sl
2347 3420 2528 3474 omnia
2579 3419 2671 3473 illa
2714 3435 2843 3474 vera
2894 3419 3058 3472 sunt?
3095 3420 3377 3487 respondit
3417 3419 3533 3471 sola

1967 3515 2075 3568 tria
2101 3512 2274 3566 millia
2301 3513 2584 3564 veritatem
2615 3510 2834 3572 habere,
2866 3510 2970 3563 alia
3004 3522 3187 3564 autem
3219 3509 3349 3563 falsa
3389 3523 3530 3563 esse.

1964 3605 2193 3672 Quando
2226 3604 2394 3672 igitur
2424 3606 2478 3655 in
2519 3601 2782 3671 praedicto
2834 3602 2974 3655 libro
3022 3602 3217 3656 falsum
3259 3603 3532 3671 quoddam

1966 3695 2418 3766 deprehenditur,
2469 3693 2661 3748 dicunt
2689 3694 2970 3752 Saraceni,
3021 3704 3077 3747 et
3121 3695 3226 3748 hoc
3257 3695 3536 3748 Mahome-

1973 3797 2086 3840 tum
2129 3785 2349 3845 dixisse,
2376 3799 2484 3837 non
2525 3793 2704 3837 tamen
2735 3784 2916 3836 omnia
2965 3799 3086 3837 esse
3121 3800 3274 3849 vera,
3333 3794 3386 3837 et
3431 3782 3537 3838 hoc

1966 3893 2032 3932 ex
2073 3877 2179 3931 illis
2207 3892 2366 3940 esse;
2403 3876 2676 3945 reliquum
2715 3886 2894 3929 autem
2928 3885 3100 3929 totum
3135 3877 3187 3929 in
3211 3893 3309 3931 suo
3339 3879 3538 3930 robore

1967 3983 2313 4038 permanere.
2346 3965 2525 4021 Credo
2548 3967 2711 4020 etiam
2747 3967 2889 4022 idem
2936 3967 3118 4022 facere
3153 3971 3452 4023 Saracenos
3481 3969 3538 4023 in

1966 4059 2257 4112 Alcorano.
2283 4056 2398 4110 Etsi
2423 4058 2566 4110 enim
2599 4056 2767 4110 multa
2806 4056 3086 4111 mendacia
3115 4057 3536 4126 deprehendun-

1969 4159 2058 4204 tur
2073 4151 2128 4203 in
2148 4164 2237 4214 eo,
2258 4158 2437 4203 tamen
2465 4157 2689 4217 propter
2709 4149 2977 4218 quaedam,
3012 4166 3134 4219 qua:
3153 4151 3205 4204 in
3229 4150 3345 4219 ipso
3361 4150 3539 4205 conti-

1972 4251 2198 4305 nentur,
2222 4257 2373 4304 vera,
2401 4241 2544 4295 sicut
2593 4241 2688 4294 Dei
2718 4243 2967 4302 verbum,
3007 4244 3059 4295 in
3089 4243 3268 4312 pretio
3301 4244 3536 4298 habetur

1976 4334 2118 4404 apud
2144 4349 2260 4387 eos.
2305 4334 2517 4386 Dictum
2549 4343 2634 4386 est
2652 4343 2834 4386 autem
2877 4335 3038 4388 nobis
3082 4337 3358 4404 superius,
3389 4335 3537 4405 quod

1973 4427 2118 4479 sicut
2179 4424 2706 4493 licitAugustinus:
2767 4423 2824 4478 Si
2879 4441 3046 4478 unum
3081 4426 3258 4479 solum
3313 4427 3537 4480 verbum

1973 4511 2170 4565 falsum
2220 4511 2275 4564 in
2330 4511 2625 4581 Evangelio
2686 4514 3050 4580 inveniretur,
3102 4515 3312 4584 justum
3371 4526 3537 4586 esset,

303 4609 512 4669 αὐτοῖς.
549 4606 771 4674 Εἴρηται
807 4603 862 4656 δὲ
898 4603 1028 4670 ἡμῖν
1061 4599 1348 4667 ἀνωτέρω,
1380 4598 1461 4649 ὅτι
1492 4593 1669 4655 καθώς
1707 4608 1870 4662 φησιν

1901 4595 1946 4651 Ι)
1975 4604 2120 4674 quod
2149 4613 2322 4659 totum
2380 4605 2733 4674 Evangelium
2789 4606 3043 4661 frivolum
3081 4617 3138 4661 et
3169 4624 3370 4662 vanum
3426 4610 3543 4664 exi-

301 4698 691 4767 Λύγουστῑνος,
720 4694 781 4748 Εἰ
815 4694 972 4763 μόνον
995 4685 1073 4752 εἷς
1100 4691 1252 4758 λόγος
1283 4688 1483 4758 ψευδὴς
1511 4688 1568 4739 ὲν
1594 4685 1673 4754 τῷ
1701 4686 1872 4752 Εὐαγ-

299 4791 476 4863 γελίῳ
505 4790 808 4862 εὑρίσκετο,
841 4782 908 4857 ἦν
939 4785 1003 4838 ἂν
1035 4782 1218 4836 δικαία
1249 4782 1396 4834 αἰτία
1425 4780 1518 4832 τοῦ
1548 4781 1608 4831 τὸ
1639 4778 1875 4847 Εὐαγγέ-

293 4888 423 4940 λιον
453 4885 573 4936 ὅλον
609 4882 832 4952 μάταιον
863 4875 1177 4944 λογίζεσθαι
1211 4877 1302 4926 καὶ
1340 4873 1601 4943 μυθῶδες.
1643 4871 1784 4938 Ἐγὼ
1817 4870 1873 4924 δὲ

297 4976 539 5050 βεϐαίως
574 4973 820 5042 ᾐσθόμην
842 5009 857 5034 ,
894 4972 974 5023 ὅτι
1006 4968 1115 5020 τῶν
1148 4967 1518 5035 Σαρρακηνῶν
1551 4966 1597 5016 οἰ
1639 4964 1872 5032 μάλιστα

299 5067 466 5137 σοφοὶ
496 5065 589 5118 καὶ
618 5062 957 5132 γραμμάτων
988 5059 1203 5128 ἔχοντες
1235 5061 1430 5126 πεῖραν
1460 5058 1518 5108 οὐ
1554 5056 1867 5109 πιστεύουσι

295 5162 419 5221 τοῖς
447 5157 541 5210 τοῦ
575 5154 900 5224 Ἀλκοράνου
929 5151 1130 5220 λόγοις,
1158 5150 1292 5202 ἀλλὰ
1321 5149 1380 5200 τὸ
1411 5149 1634 5216 πλάσμα
1665 5148 1762 5214 τῆς
1793 5147 1869 5200 δι.

300 5249 609 5310 δασκαλίας
640 5246 821 5305 αὐτοῖς
848 5241 1370 5310 ἁποκεκαλυμμένον
1395 5239 1532 5295 ἐστί.
1562 5241 1792 5309 Σημεῖον
1817 5240 1872 5290 δὲ

300 5347 373 5401 τὸ
410 5345 523 5405 τοῖς
566 5339 747 5401 ἄλλοις
791 5339 972 5405 σοφοῖς
1019 5336 1213 5396 αὐτοὺς
1257 5333 1492 5404 δημοσία
1531 5332 1875 5399 διαλέγεσθαι

302 5431 725 5505 παραιτεῖσθαι,
779 5429 968 5498 ὥσπερ
1021 5427 1131 5493 ἐγὼ
1180 5425 1267 5478 διὰ
1315 5425 1412 5493 τῆς
1461 5425 1657 5493 πείρας
1707 5424 1878 5490 ἔγνων

304 5524 509 5592 αὐτῆς.
543 5522 652 5576 Καὶ
684 5520 815 5574 αὐτὸ
847 5519 902 5572 δὲ
934 5519 995 5570 τὸ
1026 5517 1350 5585 ’Λλκοράνον
1381 5519 1439 5567 οὐ
1479 5514 1754 5583 βούλονται
1790 5514 1879 5580 δη-

303 5612 698 5689 μοοιεύεσθαι⁸
745 5611 1081 5680 σφοδρότατα
1129 5609 1236 5678 γὰρ
1286 5607 1542 5676 ἄχθονται
1588 5605 1678 5657 ὑπ’
1707 5605 1879 5658 ἄλλων

300 5705 826 5777 ἁναγινωσκομένου
847 5745 865 5772 ,
899 5705 993 5760 καὶ
1025 5703 1280 5773 οὐδαμῶς
1319 5700 1595 5753 ἐθέλουσιν
1629 5701 1707 5760 εἰς
1743 5697 1880 5751 ἄλλα

1972 4696 2293 4749 stimaretur
2321 4705 2375 4750 et
2402 4695 2736 4750 fabulosum.
2766 4698 2878 4768 Ego
2907 4708 3088 4752 autem
3116 4699 3344 4756 ﬁrmiter
3369 4703 3539 4766 sensi,

1973 4788 2118 4857 quod
2154 4787 2558 4843 Saracenorum
2589 4789 2822 4843 maxime
2850 4793 3152 4859 sapientes,
3188 4804 3240 4847 et
3273 4795 3367 4863 qui
3395 4795 3543 4851 litte-

1973 4895 2156 4934 rarum
2193 4880 2446 4948 peritiam
2491 4881 2723 4942 habent,
2777 4883 2959 4938 verbis
3022 4885 3276 4940 Alcorani
3336 4888 3543 4943 nullam

1973 4973 2238 5026 adhibent
2260 4972 2444 5032 ﬁdem.
2489 4975 2582 5027 sed
2641 4973 2916 5030 ﬁctionem
2949 4977 3214 5032 doctrinis
3240 4979 3358 5050 ejus
3387 4996 3546 5036 aver-

1980 5071 2120 5118 tunt.
2147 5061 2373 5132 Signum
2405 5074 2586 5116 autem
2623 5065 2806 5136 hujus,
2842 5070 2984 5136 quod
3020 5084 3143 5122 cum
3178 5072 3298 5124 aliis
3332 5071 3546 5140 sapien-

1982 5153 2130 5206 tibus
2158 5153 2211 5205 hi
2251 5152 2464 5221 publice
2497 5153 2782 5225 disputare
2809 5169 3083 5221 recnsant,
3135 5159 3280 5212 sicut
3319 5174 3420 5229 ego
3451 5175 3547 5228 per

1983 5243 2381 5312 experientiam
2437 5244 2606 5315 ipsam
2652 5248 2901 5315 cognovi.
2962 5248 3030 5302 Et
3089 5250 3266 5318 ipsum
3327 5251 3547 5305 Alcora-

1984 5351 2114 5389 num
2148 5336 2200 5389 in
2260 5337 2498 5391 medium
2552 5336 2736 5391 afferri
2791 5340 3019 5404 nolunt;
3068 5342 3546 5397 vehementissime

1977 5428 2122 5482 enim
2190 5429 2498 5493 tristantur,
2554 5443 2678 5482 cum
2737 5431 2805 5485 ab
2865 5433 2988 5486 aliis
3052 5433 3274 5502 legitur,
3339 5447 3391 5488 et
3446 5451 3546 5489 ne-

1979 5530 2248 5585 quaquam
2307 5514 2496 5569 volunt
2555 5516 2609 5569 in
2664 5517 2800 5571 alias
2867 5519 3079 5587 linguas
3135 5519 3314 5588 ipsum
3372 5534 3548 5574 trans-

1980 5610 2137 5664 ferri.
2192 5607 2406 5663 Scimus
2459 5618 2666 5676 autem,
2719 5613 2863 5680 quod
2889 5627 3087 5680 purum
3144 5628 3338 5666 aurum
3366 5630 3546 5683 neque

1981 5715 2177 5769 aquam
2209 5701 2402 5766 itimet,
2436 5716 2614 5772 neque
2642 5702 2841 5771 ignem.
2875 5702 2940 5756 Et
2984 5713 3206 5774 propter
3254 5705 3357 5758 hoc
3385 5702 3546 5759 Chri-

383 5897 465 5966 (l)
496 5893 707 5951 Cattus.
743 5892 820 5947 Ita
842 5887 990 5946 enim
1022 5888 1185 5943 habet
1213 5887 1362 5942 liber
1394 5885 1468 5940 De
1490 5887 1578 5940 (lor
1599 5895 1636 5940 t.
1672 5886 1998 5941 Machumet.
