4198 6440
720 390 856 453 1107

1966 405 2341 466 DEMETRII
2385 408 2690 466 CYDUNII

3836 400 3979 464 llfJR

714 502 929 559 Domin.
979 510 1205 571 veritas.
1257 526 1379 580 quae
1428 525 1611 568 manet
1643 516 1696 569 in
1739 523 2091 573 aeternum”.
2125 520 2287 574 Chri-

2395 524 2522 575 νεῖν.
2567 524 2631 574 'll
2665 520 2889 587 ἀλήθεια
2928 523 3108 572 τοίνυν
3136 520 3197 571 οὖ
3226 521 3399 572 δεῖται
3434 519 3532 586 τῆς
3562 520 3625 570 ἐκ
3664 519 3765 585 τῆς
3797 535 3979 585 προσ-

710 596 1014 650 stianorum
1046 600 1190 652 enim
1217 599 1326 665 lex,
1360 607 1761 669 persecutionis
1794 618 2039 678 tempore
2074 620 2280 665 trecen-

713 686 782 740 tis
842 688 1001 742 annis
1057 692 1315 746 continue
1368 693 1629 758 durante,
1684 701 1915 753 maxime
1967 702 2174 765 crevit,
2229 714 2283 756 et

710 791 939 828 numero
963 776 1226 841 fidelium,
1244 790 1297 832 et
1318 783 1609 850 splendore
1631 785 2039 842 miraculorum.
2058 790 2281 857 Signum

707 875 890 919 autem
938 879 991 921 et
1036 870 1136 921 hoc
1182 870 1456 927 violentiae
1508 875 1642 943 legis
1688 878 1830 945 apud
1869 879 2010 933 illos.
2053 879 2283 946 Quando

708 961 855 1013 enim
882 963 946 1013 ad
988 962 1291 1018 doctrinam
1320 968 1677 1029 conveniunt,
1707 979 1764 1022 ut
1793 971 1965 1039 legem
1996 988 2091 1027 eos
2120 973 2284 1028 Sara-

711 1069 973 1107 cenorum
1018 1058 1277 1127 magister
1317 1059 1531 1121 doceat,
1564 1073 1618 1115 et
1647 1063 1739 1131 qui
1773 1064 1937 1119 debet
1978 1082 2285 1136 proponere

710 1148 971 1208 verbum,
1024 1150 1264 1217 primum
1315 1152 1529 1207 nudans
1581 1172 1804 1219 ensem,
1860 1158 2067 1211 nudum
2123 1177 2283 1213 manu

708 1240 937 1297 detinet.
974 1241 1025 1292 iu
1074 1254 1341 1311 quantum
1388 1244 1571 1305 docet.
1620 1247 1700 1299 vel
1734 1250 1890 1315 ponit
1920 1250 1985 1302 ad
2022 1262 2285 1306 terrorem

711 1330 764 1381 iu
790 1331 1027 1399 quodam
1060 1333 1324 1387 eminenti
1359 1335 1498 1389 loco.
1530 1336 1826 1392 Christiani
1865 1350 2047 1394 autem
2080 1343 2288 1396 docen-

709 1428 813 1478 tes.
846 1436 953 1474 non
984 1437 1195 1489 ensem,
1222 1426 1314 1479 sed
1346 1441 1563 1480 crucem
1599 1428 1817 1494 tollunt,
1855 1446 1962 1485 non
1995 1434 2285 1497 violentiae,

711 1512 806 1564 sed
843 1516 1279 1568 mansuetudinis
1314 1516 1466 1584 signa
1499 1520 1873 1585 ostendentes,
1906 1531 2159 1592 tanquam
2194 1527 2291 1579 ho-

713 1604 888 1656 mines
916 1605 1007 1672 qui
1042 1606 1334 1660 mittuntur
1358 1624 1385 1661 a
1414 1609 1633 1663 Christo
1665 1612 1807 1666 sicut
1832 1630 1961 1667 oves
2008 1617 2059 1667 in
2109 1618 2289 1671 medio

711 1694 988 1761 luporum.
1024 1694 1271 1751 Tertium
1312 1709 1494 1753 autem
1532 1700 1746 1770 signqu
1780 1704 1955 1758 caedis
1988 1716 2042 1759 ct
2086 1708 2293 1761 violen-

714 1788 802 1840 tia:
854 1798 958 1850 est,
1003 1789 1147 1856 quod
1217 1792 1475 1845 assessini
1526 1809 1555 1847 a
1606 1794 1892 1850 Saracenis
1945 1798 2283 1857 nutriuntur.

713 1876 1003 1930 homicidae
1040 1879 1322 1932 hominum
1362 1881 1550 1944 futuri,
1592 1886 1795 1952 quibus
1825 1904 1891 1940 ex
1928 1888 2041 1956 ipsa
2076 1892 2290 1945 actione
2326 1878 2363 1931 Β

711 1970 888 2021 activa
918 1980 967 2021 et
997 1971 1207 2036 passiva
1234 1974 1397 2024 vitam
1424 1983 1683 2028 aeternam
1713 1980 2059 2046 promittunt,
2085 1991 2139 2034 et
2164 1982 2292 2035 mit-

714 2070 837 2112 tunt
863 2076 957 2114 eos
988 2078 1083 2129 per
1130 2063 1317 2115 orbem
1367 2074 1661 2133 terrarum,
1695 2080 1756 2123 ut
1784 2072 2065 2141 principes
2099 2073 2290 2127 mundi

712 2151 901 2206 dolose
955 2156 1293 2210 interimant.
1349 2160 1411 2212 lli
1450 2168 1630 2212 autem
1669 2163 1927 2216 assessini
1983 2174 2160 2218 castra
2196 2165 2294 2218 ha-

712 2242 845 2295 bent
876 2254 929 2296 et
972 2259 1126 2297 arces
1170 2246 1315 2300 circa
1362 2248 1562 2302 Liltum
1607 2260 1872 2317 montem,
1919 2253 2293 2324 obediuntque

712 2336 931 2389 sultano
990 2336 1304 2407 Babylonis,
1357 2341 1449 2409 qui
1511 2354 1596 2397 est
1648 2355 1827 2412 caput'
1870 2344 2291 2404 Saracenorum.

711 2423 888 2496 Hique
931 2428 1141 2497 legibus
1183 2439 1234 2483 et
1277 2431 1469 2485 ordine
1514 2433 1773 2511 Saraceni
1806 2446 1954 2502 sunt,
1981 2448 2037 2490 et
2063 2454 2173 2492 non
2199 2456 2295 2493 vo.

711 2529 905 2571 cantur
947 2522 1207 2576 assessini
1244 2538 1274 2576 a
1319 2523 1628 2590 Saracenis,
1670 2526 1765 2580 sed
1797 2526 2107 2593 lsmaelitze,
2136 2531 2290 2599 quasi

712 2610 867 2664 radix
913 2622 967 2666 et
1006 2614 1179 2669 tribus
1226 2616 1648 2682 Saracenorum,
1674 2627 1729 2671 et
1773 2621 1937 2689 primi
1974 2621 2292 2678 defensores

711 2710 768 2755 et
798 2715 1219 2761 conservatores
1246 2707 1381 2775 legis
1410 2709 1725 2766 Mahometi.
1754 2712 1835 2766 Ad
1859 2713 1960 2767 hoc
1983 2714 2128 2767 enim
2156 2730 2294 2783 pra:-

712 2796 875 2865 cipue
908 2800 1259 2853 instruuntur
1283 2810 1339 2855 et
1370 2804 1717 2870 nutriuntur,
1745 2815 1805 2859 ut
1832 2806 2032 2861 eadem
2065 2806 2291 2862 faciant.

713 2885 826 2941 Hoc
856 2888 1033 2941 scelus
1065 2905 1171 2942 non
1204 2889 1502 2946 Christiani
1538 2896 1737 2961 solum,
1768 2898 1861 2965 qui
1889 2899 2291 2953 sanctissimam

710 2977 886 3045 legem
935 2980 1159 3042 habent,
1216 2984 1627 3049 abominantur,
1676 2989 1769 3041 sed
1813 2997 1869 3041 ct
1916 2988 2149 3053 Tartari,
2200 2992 2292 3059 qui

711 3064 915 3118 nullam
965 3067 1134 3136 legem
1168 3070 1379 3139 seipsos
1428 3072 1630 3128 habere
1665 3076 1879 3141 dicunt,
1913 3089 2105 3147 prater
2136 3093 2294 3134 natu-

2398 613 2588 681 καίρου
2641 613 2925 678 δυνάμεως
2979 611 3269 680 βοηθείας,
3324 612 3421 663 καὶ
3483 612 3723 678 μάλιστα
3787 611 3820 675 ἡ
3877 609 3977 660 τοῦ

2395 708 2604 775 Κυρίου
2643 706 2889 774 ἀλήθεια,
2910 706 3030 774 ἥτις
3081 706 3230 773 μένει
3276 707 3356 766 είς
3396 705 3488 756 τὸν
3538 704 3737 756 αἰῶνα.
3774 703 3839 753 '0
3872 704 3981 769 γάρ

2394 798 2503 849 τῶν
2521 796 2865 866 Χριστιανῶν
2880 797 3067 862 νόμος,
3102 794 3198 847 τοῦ
3216 794 3314 846 τοῦ
3345 795 3590 861 διωγμοῦ
3610 794 3808 859 καιροῦ
3831 810 3984 859 τρια-

2394 886 2601 947 κοσίοις
2632 886 2769 937 δέκα
2801 885 2947 936 ἔτεσι
2988 882 3228 950 συνεχῶς
3264 882 3680 949 διαρκέσαντοε,
3737 878 3979 939 μάλιστα

2394 979 2635 1033 ἐπέδωκε
2668 979 2761 1030 καὶ
2790 979 2867 1044 τῷ
2906 974 3128 1044 ἀριθμῷ
3158 975 3265 1027 τῶν
3300 973 3531 1036 πιστῶν,
3566 973 3662 1024 καὶ
3717 974 3785 1038 τῇ
3839 972 3984 1036 λαμ-

2393 1073 2624 1141 πρότητι
2672 1071 2782 1123 τῶν
2819 1069 3136 1137 Θαυμάτων.
3169 1068 3403 1136 Σημεῖον
3448 1066 3504 1117 δὲ
3552 1066 3649 1116 καὶ
3682 1064 3845 1114 τοῦτο
3886 1062 3981 1127 τῆς

2397 1165 2516 1234 βίας
2547 1163 2640 1216 τοῦ
2680 1166 2810 1231 παρ’
2860 1162 3089 1221 ἐκείνοις
3144 1160 3337 1212 νόοιου.
3370 1158 3540 1210 Ὀταν
3586 1158 3697 1224 γάρ
3754 1157 3850 1207 ἐπὶ
3888 1154 3984 1218 τὴν

2392 1257 2741 1310 διδασκαλίαν
2793 1256 3185 1324 συνέρχωνται,
3229 1250 3371 1303 ὥστε
3428 1251 3521 1301 τὸν
3570 1248 3740 1315 νόμον
3798 1246 3985 1304 αὐτοῖς

2393 1346 2736 1415 διδαγθῆναι,
2779 1348 2807 1397 ὁ
2851 1346 2960 1397 τῶν
3007 1342 3383 1414 Σαρῤακηνῶν
3431 1340 3781 1401 διδάσκαλος,
3816 1341 3843 1388 ὅ
3893 1337 3985 1388 τοῦ

2395 1434 2554 1501 λόγου
2606 1433 2964 1501 καθηγεμὼν,
3001 1433 3219 1502 πρῶτον
3265 1430 3674 1497 ἀπογυμνώσας
3709 1431 3772 1478 τί.
3806 1427 3981 1491 Ξίφος,

2395 1528 2599 1594 γυμνὸν
2632 1527 2851 1594 κατέχει
2883 1526 2946 1593 τῇ
2974 1526 3115 1592 χειρὶ
3166 1523 3363 1590 ἐφόσον
3402 1522 3665 1581 διδάσκει,
3702 1520 3736 1588 ἦ
3792 1518 3979 1583 τίῡιισι

2398 1621 2532 1687 πρὸς
2574 1619 2912 1684 κατάπληξιν
2957 1619 3015 1669 ὲν
3065 1616 3535 1685 ὑπερανεστηκότι
3561 1614 3716 1680 τόπῳ
3754 1612 3888 1663 τινί.
3923 1610 3984 1661 οι

2396 1716 2713 1782 Χριστιανοὶ
2761 1713 2816 1765 δὲ
2848 1713 3198 1773 διδάσκοντες
3246 1713 3307 1763 οὐ
3361 1712 3534 1777 ξίφος.
3570 1709 3707 1761 ἀλλὰ
3748 1708 3982 1776 σταυρὶν

2398 1806 2662 1871 αἴρουσιν,
2694 1804 2755 1854 οὐ
2808 1801 2925 1870 βίας
2978 1802 3179 1868 σημεῖα
3227 1799 3558 1859 δεικνύντες,
3592 1797 3709 1848 ἀλλ’
3773 1798 3982 1863 ἦμες)νέ-

2394 1914 2589 1965 τητος,
2645 1894 2718 1955 ὡς
2780 1893 2847 1946 ἂν
2910 1892 3190 1960 ἄνθρωποι
3252 1892 3601 1958 πεμπόμενοι
3666 1889 3825 1954 παρὰ
3884 1887 3979 1938 τοῦ

2394 1983 2631 2055 Χριστοῦ
2689 1984 2761 2045 ὠς
2814 1980 3065 2051 πρόϐατα
3124 1983 3181 2032 ὲν
3239 1982 3388 2047 μέσῳ
3432 1979 3636 2034 λύκων.
3682 1981 3889 2047 Τρίτον
3928 1978 3982 2028 δὲ

2395 2079 2622 2147 σημεῖον
2675 2074 2784 2127 τῶν
2843 2074 3019 2141 φόνων
3078 2073 3175 2125 καὶ
3230 2074 3329 2141 τῆς
3387 2072 3512 2140 βίας
3570 2072 3689 2123 ἐστὶ
3742 2072 3806 2123 τδ
3857 2071 3983 2128 τοὺς

2406 2168 2726 2236 Ἀσσυρίους
2782 2164 2885 2217 ὑπὸ
2941 2163 3049 2216 τῶν
3106 2163 3483 2232 Σαρῤακηνῶν
3544 2161 3980 2228 διατρέφεσθαι,

2394 2262 2574 2329 φονεῖς
2616 2259 2909 2328 ἐσομένους
2942 2253 3275 2325 ἀνθρώπων.
3311 2251 3407 2319 Οἷς
3454 2256 3520 2308 δι’
3562 2255 3656 2317 οὓς
3689 2254 3980 2320 ἐνεργοῦσι

2394 2355 2488 2407 καὶ
2521 2353 2793 2421 πάσχουσι
2826 2352 3041 2418 φόνους.
3079 2348 3180 2415 τὴν
3208 2348 3426 2402 αίώνιον
3454 2347 3599 2416 ζωὴν
3644 2346 3982 2414 ὑπισχνοῦν-

2394 2463 2483 2498 ται
2512 2462 2523 2475 ·
2566 2444 2658 2507 οὒς
2692 2446 2785 2495 καὶ
2814 2444 3211 2496 ἀποστέλλουσι
3236 2440 3512 2509 παθταχοῦ
3544 2440 3671 2499 τοὺς
3705 2441 3981 2505 ἄρχοντας

2393 2536 2488 2589 τοῦ
2547 2536 2753 2600 κόσμου
2812 2534 2999 2595 δολίως
3047 2535 3511 2595 ἀποκτενοῦντας.
3578 2524 3740 2584 Οὗτοι
3810 2530 3867 2580 δὲ
3934 2527 3984 2579 οι

2395 2623 2650 2691 ἀσεσηνοὶ
2709 2622 2918 2690 κάστρα
2974 2640 3031 2674 τε
3098 2622 3283 2691 ἔχουσι
3347 2624 3435 2674 καὶ
3498 2622 3672 2689 ἄκρας
3733 2619 3866 2685 περὶ
3922 2616 3982 2667 τὸ

2394 2713 2583 2765 Λίλτον
2615 2712 2759 2780 δρος,
2787 2711 3121 2764 ὑπακούουσι
3147 2729 3204 2763 τε
3234 2712 3312 2779 τῷ
3360 2710 3631 2775 σουλτάνῳ
3662 2710 3761 2775 τῆς
3805 2707 3984 2759 Βαϐυ-

2394 2804 2583 2866 λῶνος,
2619 2802 2830 2871 κεφαλῇ
2870 2802 2984 2854 δντι
3020 2802 3128 2853 τῶν
3164 2801 3557 2871 Σαρῤακηνῶν.
3592 2800 3698 2851 Καὶ
3731 2798 3895 2850 αὐτοὶ
3929 2796 3985 2846 δὲ

2392 2894 2504 2954 τοῖς
2526 2894 2711 2957 νόμοις
2758 2895 2851 2945 καὶ
2890 2894 2955 2960 τῇ
3000 2892 3153 2957 τάξει
3206 2890 3551 2961 Σαρῥακηνοί
3602 2890 3729 2947 είσι.
3781 2889 3881 2940 καὶ
3915 2886 3980 2937 οὗ

2396 2983 2687 3035 καλοῦνται
2743 2983 3001 3051 ἀσεσηνοὶ
3052 2984 3199 3051 παρὰ
3248 2983 3359 3034 τῶν
3409 2980 3808 3051 Σαρῥακηνῶν,
3840 2980 3988 3032 ἀλλά

2394 3074 2773 3143 Ἰσραηλῖται,
2803 3069 2917 3125 οἷον
2948 3072 3075 3143 ῥίζα
3108 3076 3203 3126 καὶ
3242 3074 3384 3144 φυλὴ
3411 3074 3519 3126 τῶν
3573 3072 3984 3144 Σαρῤακηνῶν,

710 3156 902 3211 ralem.
938 3158 1016 3212 Ex
1046 3160 1129 3215 his
1160 3162 1329 3229 igitur
1354 3179 1586 3233 apparet
1612 3169 1920 3236 manifeste,
1950 3171 2096 3240 quod
2134 3172 2291 3226 Sara-

2399 3169 2492 3219 καὶ
2547 3166 2753 3235 πρῶτοι
2804 3166 3091 3236 ἐκδικηταὶ
3139 3169 3233 3220 καὶ
3283 3169 3618 3236 συντηρηταὶ
3662 3167 3755 3219 τοῦ
3814 3170 3990 3232 νόμου

710 3261 972 3301 cenorum
1008 3250 1095 3304 lex
1132 3252 1215 3306 lex
1259 3263 1339 3308 est
1376 3256 1540 3312 caedis
1570 3268 1624 3312 et
1654 3258 1944 3315 violentiae.
1978 3260 2071 3316 list
2107 3271 2288 3316 autem

711 3338 1042 3405 violentum,
1079 3344 1237 3413 cujus
1285 3356 1467 3401 motus
1501 3358 1583 3402 est
1616 3349 1685 3403 ab
1713 3361 1890 3415 extra,
1934 3355 2026 3421 qui
2079 3355 2290 3409 nullum

711 3441 1053 3485 momentum
1100 3435 1263 3505 hujus
1306 3438 1451 3506 quod
1498 3450 1748 3494 movetur
1785 3443 2036 3507 remittit,
2070 3452 2131 3497 ut
2158 3444 2294 3500 dicit

710 3520 1059 3579 Aristoteles.
1094 3527 1158 3579 Et
1204 3543 1268 3580 ex
1312 3528 1416 3583 hoc
1459 3530 1831 3596 manifestum,
1876 3533 2022 3602 quod
2058 3550 2166 3588 non
2209 3544 2294 3590 est

715 3628 798 3681 [ex
831 3613 947 3667 Dei.

2396 3259 2489 3312 τοῦ
2520 3258 2784 3328 Μωάμεθ.
2828 3261 2969 3326 Πρὸς
3014 3260 3175 3314 τοῦτο
3226 3262 3333 3329 γάρ
3370 3262 3512 3323 ἰδίως
3556 3261 3756 3322 αὐτοὺς
3801 3260 3995 3311 νουθε-

2398 3352 2549 3404 τοῦσι
2614 3354 2707 3405 καὶ
2776 3356 3106 3423 τρέφουσιν,
3159 3355 3301 3408 ὥστε
3364 3354 3556 3423 φόνους
3621 3352 3991 3422 ἐργάζεσθαι.

2400 3446 2571 3499 Τοῦτο
2623 3446 2757 3513 ἄγος
2817 3448 2914 3514 οὐχ
2965 3448 3017 3499 οἱ
3070 3449 3394 3515 Χριστιανοὶ
3452 3449 3635 3516 μόνον,
3672 3448 3995 3511 ἁγιώτατον

2398 3535 2612 3603 ἔχοντες
2639 3536 2824 3604 νόμον,
2852 3536 3259 3605 βδελύσσονται,
3296 3537 3432 3601 ἀλλὰ
3465 3539 3556 3590 καὶ
3589 3537 3637 3588 οἱ
3673 3536 3991 3604 Τάρταροι,

2409 3626 2457 3678 οἳ
2504 3625 2693 3678 οὐδένα
2745 3627 2909 3696 νόμον
2942 3627 3168 3690 ἑαυτούς
3206 3644 3371 3694 φασιν
3401 3627 3543 3696 ἔχειν
3590 3626 3729 3694 πλὴν
3758 3626 3853 3676 τοῦ
3888 3642 3996 3691 cpu-

713 3704 889 3758 σικοΰ.
926 3707 1020 3760 Ἐκ
1069 3710 1276 3761 τούτων
1320 3711 1499 3763 τοίνυν
1552 3712 1800 3780 φαίνεται
1834 3713 2106 3783 φανερῶς,
2138 3715 2213 3776 ὠς
2252 3716 2279 3767 ὁ
2319 3715 2426 3766 τῶν
2454 3714 2827 3785 Σαρρακηνῶν
2858 3716 3023 3784 νόμος
3053 3717 3214 3785 νόμος
3279 3717 3401 3767 ἐστὶ
3460 3715 3677 3783 σφαγῆς
3711 3716 3809 3767 καὶ
3839 3714 3993 3782 βίας.

716 3805 872 3858 Ἔστι
943 3804 999 3857 δὲ
1040 3805 1234 3873 βίαιον,
1279 3802 1338 3861 οὗ
1392 3810 1425 3877 ἠ
1488 3810 1699 3878 κίνησίς
1753 3811 1897 3862 ἐστιν
1948 3811 2168 3877 ἔξωθεν,
2236 3812 2355 3863 οὐδὲ
2400 3812 2531 3881 μίαν
2566 3811 2662 3864 τοῦ
2714 3812 3035 3882 κινουμένου
3097 3812 3393 3875 ἐνδιδόντος
3450 3812 3645 3881 ῥοπὴν,
3689 3812 3766 3874 ὡς
3819 3810 3995 3879 φησὶν

723 3900 1125 3969 Ἀριστοτέλης.
1164 3902 1287 3953 Κάκ
1317 3901 1508 3953 τούτου
1538 3902 1719 3971 δῆλον,
1748 3903 1824 3965 ὡς
1856 3906 1954 3957 οὐκ
1986 3905 2101 3956 ἐστι
2128 3904 2289 3973 νόμος
2324 3903 2481 3960 Θεοῦ.

712 4017 806 4072 XI.
850 4015 996 4081 Quod
1031 4015 1353 4070 Alcoranum
1400 4034 1503 4070 non
1548 4027 1620 4070 est
1663 4019 1747 4071 lex
1782 4019 1911 4084 Dei;
1943 4020 2299 4072 inordinatum

1371 4090 1509 4139 enim
1536 4102 1633 4143 cst.

784 4183 1089 4239 Undecimo
1120 4180 1607 4243 considerandum,
1642 4182 1787 4250 quod
1821 4183 2150 4236 Alcoranum
2183 4197 2291 4235 non

709 4286 798 4330 est
843 4275 928 4329 lex
971 4274 1089 4336 Dei,
1134 4272 1507 4326 inordinatum
1560 4274 1705 4325 cnim
1757 4284 1861 4327 est.
1902 4274 2031 4338 Qua:
2071 4275 2218 4327 enim
2263 4290 2292 4325 ιι

712 4366 824 4419 Deo
855 4373 1002 4425 sunt,
1039 4364 1287 4415 ordinata
1316 4373 1467 4424 sunt,
1497 4372 1552 4415 ut
1577 4362 2105 4430 dicitApostolus”.
2137 4363 2296 4417 Vide-

714 4473 837 4511 mus
876 4467 1058 4511 autem
1095 4456 1197 4507 hoc
1241 4456 1293 4507 in
1334 4453 1597 4522 operibus
1648 4465 1878 4520 naturzc,
1913 4466 1969 4508 et
2015 4459 2067 4509 in
2117 4457 2290 4510 sacris

716 4551 1035 4619 Scripturis.
1087 4548 1489 4602 Firmissimum
1551 4548 1697 4601 enim
1742 4563 1849 4601 non
1906 4550 2080 4602 solum
2134 4550 2293 4603 Chri-

713 4644 927 4707 stianis,
980 4640 1072 4694 sed
1104 4642 1267 4693 etiam
1314 4640 1444 4706 ipsis
1470 4638 1777 4701 Saracenis,
1826 4639 1991 4709 Moysi
2035 4642 2207 4711 legem
2240 4652 2296 4694 et

714 4734 1010 4804 prophetas
1054 4740 1110 4785 et
1153 4730 1503 4800 Evangelium
1535 4746 1563 4783 a
1612 4730 1725 4784 Deo
1768 4745 1907 4785 esse.
1952 4731 2075 4785 llaec
2109 4742 2290 4785 autem

714 4826 898 4879 omnia
936 4824 1185 4877 ordinata
1238 4832 1385 4878 sunt.
1431 4822 1639 4892 Moyses
1672 4824 1819 4877 enim
1852 4823 2007 4877 valde
2042 4824 2292 4879 ordinate

714 4917 908 4985 incipit
941 4934 968 4969 a
1001 4915 1185 4968 mundi
1226 4915 1526 4977 creatione,
1559 4925 1614 4967 et
1649 4914 1909 4984 deinceps
1942 4924 2114 4969 totum
2146 4914 2289 4970 Pen-

715 5008 1028 5062 tatcuchum
1065 5008 1337 5075 percurrit
1392 5008 1696 5061 secundum
1735 5008 1983 5063 ordinem
2030 5010 2291 5077 temporis

712 5109 766 5154 et
800 5099 1043 5153 historiae
1072 5118 1082 5162 ;
1108 5108 1178 5175 _et
1205 5098 1296 5151 alii
1346 5108 1527 5151 autem
1562 5100 1839 5168 pr0phelae
1871 5103 2007 5155 bene
2040 5103 2289 5157 ordinate

712 5201 1105 5261 processerunt
1131 5191 1433 5246 secundum
1462 5192 1713 5245 ordinem
1748 5193 2028 5261 temporis,
2060 5194 2289 5247 demon-

712 5295 945 5340 strantes
987 5284 1211 5353 quando
1246 5294 1300 5337 ct
1342 5284 1540 5351 quibus
1586 5283 1828 5352 regibus,
1862 5284 1951 5337 vel
1984 5285 2284 5338 secundum

713 5377 960 5430 ordinem
994 5376 1253 5437 historia),
1286 5375 1367 5426 vel
1396 5377 1459 5427 ad
1494 5376 1676 5428 minus
1701 5374 1999 5428 secundum
2033 5376 2284 5429 ordinem

712 5468 976 5523 inaterize.
1024 5468 1090 5521 Et
1148 5466 1499 5535 Evangeliuzu
1566 5467 1705 5519 bene
1760 5481 1823 5519 ac
1880 5467 2287 5521 ordinatissime

712 5560 979 5627 procedit,
1014 5566 1070 5610 et
1105 5556 1365 5624 temporis
1399 5556 1613 5616 ordine,
1648 5565 1702 5609 et
1740 5555 2002 5619 historiae,
2038 5566 2094 5611 ct
2121 5566 2288 5611 mate-

713 5652 825 5703 riae.
864 5649 1059 5718 Incipit
1111 5648 1332 5717 quidem
1380 5647 1447 5698 ab
1492 5647 1866 5701 incarnatione
1901 5657 1954 5701 ct
2006 5649 2288 5703 nativitatc

781 5790 825 5819 ³⁵
858 5788 994 5841 i‘sal.
1022 5802 1164 5851 (χω,
1197 5786 1248 5837 2.
1330 5783 1371 5814 ³³
1400 5784 1559 5837 Boni.
1594 5799 1707 5849 xm,
1746 5784 1789 5835 l.

2406 4022 2509 4075 IA'.
2546 4023 2672 4075 Ὀτι
2710 4022 2776 4075 τὸ
2826 4022 3196 4087 Ἀλχοράνον
3234 4022 3344 4074 οὐκ
3391 4024 3523 4076 ἐστι
3577 4023 3764 4090 νόμος
3798 4026 3989 4079 Θεοῦ·

2981 4092 3241 4143 ἄτακτον
3267 4092 3397 4158 γάρ.

2484 4184 2800 4235 Ἐνδέκατον
2859 4182 3199 4251 θεωρητέον,
3251 4187 3329 4234 ὅτι
3393 4185 3452 4234 τὸ
3508 4186 3837 4252 Ἀλκοράνον
3883 4190 3993 4241 οὐκ

2399 4274 2517 4325 ἐστι
2562 4274 2721 4341 νόμος
2769 4273 2938 4325 Θεοῦο
2977 4276 3216 4327 ἄτακτον
3264 4274 3371 4340 γάρ
3426 4276 3566 4331 ἐστι.
3598 4277 3680 4328 Τὰ
3734 4279 3795 4330 δὲ
3834 4282 3992 4348 παρά

2396 4366 2488 4417 τοῦ
2520 4365 2655 4417 Θεοῦ
2685 4365 2996 4433 τεταγμένα
3030 4367 3190 4428 εξσπν,
3231 4364 3306 4426 ὥς
3352 4384 3519 4435 φησιν
3549 4368 3578 4419 δ
3626 4368 3992 4434 Ἀπόστολος.

2409 4456 2654 4526 Ὀρῶμεν
2683 4458 2738 4509 δὲ
2772 4456 2929 4508 τοῦτο
2961 4455 3018 4507 ἐν
3049 4473 3107 4508 τε
3151 4460 3250 4524 τῆς
3285 4461 3505 4524 φύσεως
3540 4460 3727 4531 ἔργοις
3775 4465 3880 4516 καὶ
3932 4469 3993 4517 ὲν

2396 4550 2515 4608 ταῖς
2576 4549 2749 4616 ἱεραῖς
2802 4548 3067 4616 Γραφαῖς.
3120 4550 3484 4605 Βεϐαιότατον
3539 4554 3647 4623 γάρ
3712 4554 3872 4607 ἐστιν
3927 4558 3989 4609 οὒ

2397 4642 2555 4708 μόνον
2589 4641 2956 4708 Χριστιανοῖς,
2988 4640 3124 4693 ἀλλὰ
3159 4645 3253 4695 καὶ
3281 4645 3471 4705 αὐτοῖς
3521 4648 3633 4708 τοῖς
3677 4648 3992 4718 Σαρρακη-

2391 4734 2522 4794 νοῖς,
2557 4731 2647 4784 τὶν
2695 4731 2785 4785 τοῦ
2818 4733 3098 4797 Μωῦσέως
3150 4738 3314 4804 νόμον
3359 4737 3455 4789 καὶ
3507 4737 3637 4798 τοὺς
3689 4743 3993 4808 προφήτας

2392 4820 2485 4871 καὶ
2547 4821 2607 4870 τὸ
2662 4820 2997 4887 Εὑαγγέλιον
3059 4823 3209 4893 παρὰ
3264 4822 3401 4876 Θεοῦ
3462 4822 3623 4880 εἶναι.
3681 4827 3877 4879 Ταῦτα
3932 4830 3993 4881 δὲ

2396 4911 2573 4963 πάντα
2621 4914 2927 4982 τεταγμένα
2984 4917 3141 4968 εἰσίν.
3183 4914 3241 4967 Ὀ
3279 4918 3379 4984 μὲν
3428 4918 3534 4985 γὰρ
3582 4919 3835 4988 Μωῦσῆς
3865 4922 3991 4974 λίαν

2393 5005 2668 5067 εὐτάκτως
2708 5005 2913 5076 ἤρξατο
2947 5008 3010 5059 ἐκ
3050 5008 3150 5076 τῆς
3199 5008 3292 5060 τοῦ
3339 5012 3546 5076 κόσμου
3579 5012 3987 5081 δημιουργίας,

2394 5097 2484 5147 καὶ
2506 5096 2704 5165 ἐφεξῆς
2737 5098 2865 5167 ὃλην
2886 5099 2986 5167 τὴν
3020 5098 3395 5169 Πεντάτευχον
3428 5100 3677 5169 διεξῆλθε
3710 5106 3856 5157 κατὰ
3888 5108 3989 5177 τὴν

2392 5188 2547 5251 τάξιν
2576 5188 2668 5239 τοῦ
2703 5206 2760 5240 τε
2799 5188 2991 5257 χρόνον
3027 5191 3118 5242 καὶ
3159 5191 3256 5260 τῆς
3301 5193 3541 5261 ἱστορίας
3569 5212 3581 5223 ·
3618 5195 3718 5247 καὶ
3748 5197 3796 5247 οί
3833 5199 3986 5251 ἄλλοι

2392 5278 2448 5331 δὲ
2482 5278 2760 5347 προφῆται
2811 5281 3090 5342 εὐτάκτως
3140 5280 3435 5348 προῆλθον,
3476 5281 3794 5347 δεικνύντες
3839 5289 3985 5338 κατά

2394 5370 2491 5440 τὴν
2526 5371 2616 5421 τοῦ
2646 5370 2837 5438 χρῦνου
2872 5371 3045 5435 τάξιν,
3080 5371 3209 5422 πότε
3230 5373 3323 5423 καὶ
3354 5372 3445 5423 ἐπὶ
3475 5374 3647 5424 ποίων
3682 5374 3981 5441 βασιλέων,

2394 5463 2426 5530 ἢ
2462 5463 2597 5513 κατά
2629 5463 2726 5529 τὴν
2754 5462 2907 5526 τάξιν
2948 5463 3045 5530 τῆς
3083 5462 3345 5530 ἱστορίας,
3377 5463 3409 5532 ἢ
3441 5464 3806 5533 τούλάχιστον
3841 5472 3984 5522 κατά

2393 5556 2492 5626 τὴν
2526 5555 2679 5619 τάξιν
2710 5557 2806 5624 τῆς
2842 5557 2996 5624 ὒλης.
3035 5557 3366 5625 Ἀρχόμενον
3402 5558 3500 5625 μὲν
3546 5560 3655 5612 ἀπὸ
3699 5563 3802 5628 τῆς
3854 5582 3982 5630 ςαρ-

3933 5656 3952 5669 ιι

2397 5646 2617 5710 κώσεως
2656 5648 2750 5700 καὶ
2781 5649 2879 5718 τῆς
2911 5650 3217 5710 νεννίισεως
3248 5649 3341 5702 τοῦ
3381 5651 3651 5719 Χριστοῦ,
3684 5656 3894 5723 ἑφεξῆς
3928 5656 3982 5710 νὲ
