  <div class='ocr_page' id='page_1' title='image "/cluster/home/n/w/nwhite01/storage/ocr_20150623/154/nnc1.0046980970/558.png"; bbox 0 0 4198 6440; ppageno 0'>
   <div class='ocr_carea' id='block_1_1' title="bbox 281 417 424 484">
    <p class='ocr_par' dir='ltr' id='par_1_1' title="bbox 281 417 424 484">
     <span class='ocr_line' id='line_1_1' title="bbox 281 417 424 484; baseline 0.007 -1"><span class='ocrx_word' id='word_1_1' title='bbox 281 417 424 484; x_wconf 74' lang='grc'><strong>1109</strong></span> 
     </span>
    </p>
   </div>
   <div class='ocr_carea' id='block_1_2' title="bbox 1487 430 2340 491">
    <p class='ocr_par' dir='ltr' id='par_1_2' title="bbox 1487 430 2340 491">
     <span class='ocr_line' id='line_1_2' title="bbox 1487 430 2340 491; baseline 0 -1"><span class='ocrx_word' id='word_1_2' title='bbox 1487 431 1782 490; x_wconf 65' lang='lat' dir='ltr'><strong>CONTRA</strong></span> <span class='ocrx_word' id='word_1_3' title='bbox 1828 430 2340 491; x_wconf 57' lang='grc' dir='ltr'><strong>ΜΑΗΟΝΙΕΤΕΜ.</strong></span> 
     </span>
    </p>
   </div>
   <div class='ocr_carea' id='block_1_3' title="bbox 3373 428 3557 497">
    <p class='ocr_par' dir='ltr' id='par_1_3' title="bbox 3373 428 3557 497">
     <span class='ocr_line' id='line_1_3' title="bbox 3373 428 3557 497; baseline -0.011 0"><span class='ocrx_word' id='word_1_4' title='bbox 3373 428 3557 497; x_wconf 76' lang='lat' dir='ltr'><strong>um‘</strong></span> 
     </span>
    </p>
   </div>
   <div class='ocr_carea' id='block_1_4' title="bbox 270 536 1830 612">
    <p class='ocr_par' dir='ltr' id='par_1_4' title="bbox 270 536 1805 610">
     <span class='ocr_line' id='line_1_4' title="bbox 270 536 1805 610; baseline 0.001 -18"><span class='ocrx_word' id='word_1_5' title='bbox 270 540 403 606; x_wconf 74' lang='grc' dir='ltr'>περὶ</span> <span class='ocrx_word' id='word_1_6' title='bbox 432 536 526 590; x_wconf 81' lang='grc' dir='ltr'>τοῦ</span> <span class='ocrx_word' id='word_1_7' title='bbox 562 537 677 607; x_wconf 79' lang='grc' dir='ltr'>βίου</span> <span class='ocrx_word' id='word_1_8' title='bbox 710 542 810 598; x_wconf 69' lang='grc' dir='ltr'><strong>καὶ</strong></span> <span class='ocrx_word' id='word_1_9' title='bbox 833 542 931 610; x_wconf 79' lang='grc' dir='ltr'><strong>τῆς</strong></span> <span class='ocrx_word' id='word_1_10' title='bbox 963 540 1316 604; x_wconf 73' lang='grc' dir='ltr'><strong>διδασκαλίας</strong></span> <span class='ocrx_word' id='word_1_11' title='bbox 1355 545 1449 597; x_wconf 73' lang='grc' dir='ltr'><strong>καὶ</strong></span> <span class='ocrx_word' id='word_1_12' title='bbox 1482 544 1589 595; x_wconf 78' lang='grc' dir='ltr'><strong>τῶν</strong></span> <span class='ocrx_word' id='word_1_13' title='bbox 1617 544 1805 604; x_wconf 79' lang='grc' dir='ltr'>Θαυμά</span> 
     </span>
    </p>
   </div>
   <div class='ocr_carea' id='block_1_5' title="bbox 1930 536 3508 612">
    <p class='ocr_par' dir='ltr' id='par_1_5' title="bbox 1937 541 3508 612">
     <span class='ocr_line' id='line_1_5' title="bbox 1937 541 3508 612; baseline 0.003 -17"><span class='ocrx_word' id='word_1_14' title='bbox 1937 541 2160 605; x_wconf 75' lang='lat' dir='ltr'><strong>Christi,</strong></span> <span class='ocrx_word' id='word_1_15' title='bbox 2193 544 2453 612; x_wconf 78' lang='lat' dir='ltr'><strong>deinceps</strong></span> <span class='ocrx_word' id='word_1_16' title='bbox 2492 555 2675 596; x_wconf 84' lang='lat' dir='ltr'><strong>autent</strong></span> <span class='ocrx_word' id='word_1_17' title='bbox 2709 542 2776 598; x_wconf 90' lang='lat' dir='ltr'><strong>de</strong></span> <span class='ocrx_word' id='word_1_18' title='bbox 2810 543 2920 597; x_wconf 89' lang='lat' dir='ltr'><strong>vita</strong></span> <span class='ocrx_word' id='word_1_19' title='bbox 2955 551 3010 599; x_wconf 91' lang='lat' dir='ltr'><strong>et</strong></span> <span class='ocrx_word' id='word_1_20' title='bbox 3043 543 3292 599; x_wconf 78' lang='lat' dir='ltr'><strong>doctrina</strong></span> <span class='ocrx_word' id='word_1_21' title='bbox 3323 557 3375 600; x_wconf 89' lang='lat' dir='ltr'><strong>et</strong></span> <span class='ocrx_word' id='word_1_22' title='bbox 3410 550 3508 600; x_wconf 78' lang='lat' dir='ltr'><strong>nii-</strong></span> 
     </span>
    </p>
   </div>
   <div class='ocr_carea' id='block_1_6' title="bbox 264 630 1834 699">
    <p class='ocr_par' dir='ltr' id='par_1_6' title="bbox 264 630 1834 699">
     <span class='ocr_line' id='line_1_6' title="bbox 264 630 1834 699; baseline 0.002 -17"><span class='ocrx_word' id='word_1_23' title='bbox 264 647 382 682; x_wconf 84' lang='grc' dir='ltr'><strong>των</strong></span> <span class='ocrx_word' id='word_1_24' title='bbox 411 630 574 683; x_wconf 73' lang='grc' dir='ltr'><strong>αὖτοῦ</strong></span> <span class='ocrx_word' id='word_1_25' title='bbox 603 645 618 660; x_wconf 78' lang='grc' dir='ltr'><strong>ο</strong></span> <span class='ocrx_word' id='word_1_26' title='bbox 651 633 745 683; x_wconf 74' lang='grc' dir='ltr'><strong>καὶ</strong></span> <span class='ocrx_word' id='word_1_27' title='bbox 775 633 914 699; x_wconf 74' lang='grc' dir='ltr'>μετὰ</span> <span class='ocrx_word' id='word_1_28' title='bbox 942 632 1114 684; x_wconf 84' lang='grc' dir='ltr'>ταῦτα</span> <span class='ocrx_word' id='word_1_29' title='bbox 1151 635 1277 699; x_wconf 76' lang='grc' dir='ltr'>περὶ</span> <span class='ocrx_word' id='word_1_30' title='bbox 1316 634 1410 687; x_wconf 81' lang='grc' dir='ltr'>τοῦ</span> <span class='ocrx_word' id='word_1_31' title='bbox 1456 635 1712 698; x_wconf 79' lang='grc' dir='ltr'>θανάτου,</span> <span class='ocrx_word' id='word_1_32' title='bbox 1742 636 1834 687; x_wconf 70' lang='grc' dir='ltr'><strong>καὶ</strong></span> 
     </span>
    </p>
   </div>
   <div class='ocr_carea' id='block_1_7' title="bbox 263 720 1833 791">
    <p class='ocr_par' dir='ltr' id='par_1_7' title="bbox 263 720 1833 791">
     <span class='ocr_line' id='line_1_7' title="bbox 263 720 1833 791; baseline 0.001 -19"><span class='ocrx_word' id='word_1_33' title='bbox 263 722 370 787; x_wconf 84' lang='grc' dir='ltr'>τῆς</span> <span class='ocrx_word' id='word_1_34' title='bbox 415 720 786 784; x_wconf 78' lang='grc' dir='ltr'>ἀναστάσεως,</span> <span class='ocrx_word' id='word_1_35' title='bbox 847 726 940 774; x_wconf 76' lang='grc' dir='ltr'><strong>καὶ</strong></span> <span class='ocrx_word' id='word_1_36' title='bbox 985 722 1088 790; x_wconf 87' lang='grc' dir='ltr'><strong>τῆς</strong></span> <span class='ocrx_word' id='word_1_37' title='bbox 1133 723 1472 791; x_wconf 77' lang='grc' dir='ltr'>ἀναλήψεως.</span> <span class='ocrx_word' id='word_1_38' title='bbox 1515 724 1601 774; x_wconf 85' lang='grc' dir='ltr'>Ἐν</span> <span class='ocrx_word' id='word_1_39' title='bbox 1654 723 1710 775; x_wconf 80' lang='grc' dir='ltr'>δὲ</span> <span class='ocrx_word' id='word_1_40' title='bbox 1758 725 1833 790; x_wconf 80' lang='grc' dir='ltr'><strong>τῷ</strong></span> 
     </span>
    </p>
   </div>
   <div class='ocr_carea' id='block_1_8' title="bbox 273 811 1836 885">
    <p class='ocr_par' dir='ltr' id='par_1_8' title="bbox 273 811 1836 885">
     <span class='ocr_line' id='line_1_8' title="bbox 273 811 1836 885; baseline 0.003 -22"><span class='ocrx_word' id='word_1_41' title='bbox 273 811 587 880; x_wconf 80' lang='grc' dir='ltr'>Ἀλκοράνῳ</span> <span class='ocrx_word' id='word_1_42' title='bbox 615 813 896 874; x_wconf 78' lang='grc' dir='ltr'><strong>παντελῶς</strong></span> <span class='ocrx_word' id='word_1_43' title='bbox 944 816 1170 882; x_wconf 78' lang='grc' dir='ltr'><strong>οὐδεμία</strong></span> <span class='ocrx_word' id='word_1_44' title='bbox 1200 817 1317 868; x_wconf 77' lang='grc' dir='ltr'>ἐστὶ</span> <span class='ocrx_word' id='word_1_45' title='bbox 1347 815 1520 879; x_wconf 85' lang='grc' dir='ltr'>τάξις,</span> <span class='ocrx_word' id='word_1_46' title='bbox 1545 816 1666 868; x_wconf 70' lang='grc' dir='ltr'>οὔτε</span> <span class='ocrx_word' id='word_1_47' title='bbox 1708 817 1836 885; x_wconf 78' lang='grc' dir='ltr'><strong>χρό-</strong></span> 
     </span>
    </p>
   </div>
   <div class='ocr_carea' id='block_1_9' title="bbox 261 904 1830 977">
    <p class='ocr_par' dir='ltr' id='par_1_9' title="bbox 261 904 1830 977">
     <span class='ocr_line' id='line_1_9' title="bbox 261 904 1830 977; baseline 0.004 -23"><span class='ocrx_word' id='word_1_48' title='bbox 261 919 383 963; x_wconf 87' lang='grc' dir='ltr'>νου,</span> <span class='ocrx_word' id='word_1_49' title='bbox 419 904 538 956; x_wconf 77' lang='grc' dir='ltr'>οὐδὲ</span> <span class='ocrx_word' id='word_1_50' title='bbox 595 905 704 972; x_wconf 79' lang='grc' dir='ltr'>γὰρ</span> <span class='ocrx_word' id='word_1_51' title='bbox 755 905 902 973; x_wconf 85' lang='grc' dir='ltr'>λέγει</span> <span class='ocrx_word' id='word_1_52' title='bbox 949 908 1041 959; x_wconf 77' lang='grc' dir='ltr'><strong>ἐπὶ</strong></span> <span class='ocrx_word' id='word_1_53' title='bbox 1091 908 1253 960; x_wconf 88' lang='grc' dir='ltr'>τίνων</span> <span class='ocrx_word' id='word_1_54' title='bbox 1299 909 1643 977; x_wconf 80' lang='grc' dir='ltr'>βασιλέων,ῆ</span> <span class='ocrx_word' id='word_1_55' title='bbox 1691 910 1830 961; x_wconf 69' lang='grc' dir='ltr'>κατὰ</span> 
     </span>
    </p>
   </div>
   <div class='ocr_carea' id='block_1_10' title="bbox 260 993 1832 1068">
    <p class='ocr_par' dir='ltr' id='par_1_10' title="bbox 260 993 1832 1068">
     <span class='ocr_line' id='line_1_10' title="bbox 260 993 1832 1068; baseline 0.005 -24"><span class='ocrx_word' id='word_1_56' title='bbox 260 995 388 1047; x_wconf 86' lang='grc' dir='ltr'>τίνα</span> <span class='ocrx_word' id='word_1_57' title='bbox 415 995 622 1064; x_wconf 86' lang='grc' dir='ltr'>καιρὸν,</span> <span class='ocrx_word' id='word_1_58' title='bbox 661 993 786 1048; x_wconf 81' lang='grc' dir='ltr'>οὔτε</span> <span class='ocrx_word' id='word_1_59' title='bbox 822 997 1063 1063; x_wconf 80' lang='grc' dir='ltr'><strong>ἱστορίας</strong></span> <span class='ocrx_word' id='word_1_60' title='bbox 1093 998 1268 1063; x_wconf 82' lang='grc' dir='ltr'><strong>τάξις.</strong></span> <span class='ocrx_word' id='word_1_61' title='bbox 1306 1000 1378 1051; x_wconf 81' lang='grc' dir='ltr'>Τὸ</span> <span class='ocrx_word' id='word_1_62' title='bbox 1407 999 1504 1064; x_wconf 74' lang='grc' dir='ltr'><strong>μὲν</strong></span> <span class='ocrx_word' id='word_1_63' title='bbox 1539 999 1648 1068; x_wconf 78' lang='grc' dir='ltr'><strong>γὰρ</strong></span> <span class='ocrx_word' id='word_1_64' title='bbox 1678 1001 1832 1068; x_wconf 83' lang='grc' dir='ltr'>πρῶ-</span> 
     </span>
    </p>
   </div>
   <div class='ocr_carea' id='block_1_11' title="bbox 257 1083 1833 1158">
    <p class='ocr_par' dir='ltr' id='par_1_11' title="bbox 257 1083 1833 1158">
     <span class='ocr_line' id='line_1_11' title="bbox 257 1083 1833 1158; baseline 0.004 -24"><span class='ocrx_word' id='word_1_65' title='bbox 257 1099 380 1145; x_wconf 82' lang='grc' dir='ltr'>τον,</span> <span class='ocrx_word' id='word_1_66' title='bbox 425 1083 547 1136; x_wconf 79' lang='grc' dir='ltr'>ὅθεν</span> <span class='ocrx_word' id='word_1_67' title='bbox 603 1086 827 1155; x_wconf 72' lang='grc' dir='ltr'>ἤρξατο,</span> <span class='ocrx_word' id='word_1_68' title='bbox 880 1087 1100 1154; x_wconf 76' lang='grc' dir='ltr'>λέγεται</span> <span class='ocrx_word' id='word_1_69' title='bbox 1146 1089 1512 1158; x_wconf 74' lang='grc' dir='ltr'>ἐπιγραφὴ,ἥ</span> <span class='ocrx_word' id='word_1_70' title='bbox 1571 1090 1833 1155; x_wconf 83' lang='grc' dir='ltr'>διάνοιξις</span> 
     </span>
    </p>
   </div>
   <div class='ocr_carea' id='block_1_12' title="bbox 259 1165 1833 1246">
    <p class='ocr_par' dir='ltr' id='par_1_12' title="bbox 259 1165 1833 1246">
     <span class='ocr_line' id='line_1_12' title="bbox 259 1165 1833 1246; baseline 0.006 -24"><span class='ocrx_word' id='word_1_71' title='bbox 259 1172 359 1223; x_wconf 82' lang='grc' dir='ltr'>τοῦ</span> <span class='ocrx_word' id='word_1_72' title='bbox 389 1172 618 1239; x_wconf 71' lang='grc' dir='ltr'>βιϐλίου,</span> <span class='ocrx_word' id='word_1_73' title='bbox 656 1175 714 1225; x_wconf 81' lang='grc' dir='ltr'>ἐν</span> <span class='ocrx_word' id='word_1_74' title='bbox 847 1175 1237 1244; x_wconf 67' lang='grc' dir='ltr'>ἀναμφιεόλως</span> <span class='ocrx_word' id='word_1_75' title='bbox 1277 1178 1494 1237; x_wconf 78' lang='grc' dir='ltr'><strong>οἰκείως</strong></span> <span class='ocrx_word' id='word_1_76' title='bbox 1531 1177 1734 1246; x_wconf 77' lang='grc' dir='ltr'>ἤρξατο</span> <span class='ocrx_word' id='word_1_77' title='bbox 1768 1180 1833 1232; x_wconf 85' lang='grc' dir='ltr'>ὲκ</span> 
     </span>
    </p>
   </div>
   <div class='ocr_carea' id='block_1_13' title="bbox 263 1261 1831 1336">
    <p class='ocr_par' dir='ltr' id='par_1_13' title="bbox 263 1261 1831 1336">
     <span class='ocr_line' id='line_1_13' title="bbox 263 1261 1831 1336; baseline 0.005 -25"><span class='ocrx_word' id='word_1_78' title='bbox 263 1261 579 1329; x_wconf 71' lang='grc' dir='ltr'><strong>προσευχῆς</strong></span> <span class='ocrx_word' id='word_1_79' title='bbox 637 1263 731 1315; x_wconf 79' lang='grc' dir='ltr'>καὶ</span> <span class='ocrx_word' id='word_1_80' title='bbox 789 1263 957 1331; x_wconf 78' lang='grc' dir='ltr'>ὕμνου</span> <span class='ocrx_word' id='word_1_81' title='bbox 1015 1265 1190 1317; x_wconf 75' lang='grc' dir='ltr'>Θεοῦ·</span> <span class='ocrx_word' id='word_1_82' title='bbox 1248 1265 1448 1334; x_wconf 77' lang='grc' dir='ltr'>ἐφεξῆς</span> <span class='ocrx_word' id='word_1_83' title='bbox 1497 1268 1552 1319; x_wconf 81' lang='grc' dir='ltr'>δὲ</span> <span class='ocrx_word' id='word_1_84' title='bbox 1613 1269 1831 1336; x_wconf 84' lang='grc' dir='ltr'>ἁμέσως</span> 
     </span>
    </p>
   </div>
   <div class='ocr_carea' id='block_1_14' title="bbox 265 1352 1831 1428">
    <p class='ocr_par' dir='ltr' id='par_1_14' title="bbox 265 1352 1831 1428">
     <span class='ocr_line' id='line_1_14' title="bbox 265 1352 1831 1428; baseline 0.006 -28"><span class='ocrx_word' id='word_1_85' title='bbox 265 1353 405 1414; x_wconf 83' lang='grc' dir='ltr'><strong>μετὰ</strong></span> <span class='ocrx_word' id='word_1_86' title='bbox 441 1352 698 1421; x_wconf 84' lang='grc' dir='ltr'>βραχεῖαν</span> <span class='ocrx_word' id='word_1_87' title='bbox 729 1354 893 1424; x_wconf 83' lang='grc' dir='ltr'>εὐχὴν</span> <span class='ocrx_word' id='word_1_88' title='bbox 916 1356 1118 1424; x_wconf 71' lang='grc' dir='ltr'>ἤρξατο</span> <span class='ocrx_word' id='word_1_89' title='bbox 1143 1358 1241 1426; x_wconf 81' lang='grc' dir='ltr'>τῆς</span> <span class='ocrx_word' id='word_1_90' title='bbox 1284 1357 1692 1428; x_wconf 82' lang='grc' dir='ltr'>πραγματείας.</span> <span class='ocrx_word' id='word_1_91' title='bbox 1726 1360 1831 1411; x_wconf 69' lang='grc' dir='ltr'>Καὶ</span> 
     </span>
    </p>
   </div>
   <div class='ocr_carea' id='block_1_15' title="bbox 261 1442 1831 1520">
    <p class='ocr_par' dir='ltr' id='par_1_15' title="bbox 261 1442 1831 1520">
     <span class='ocr_line' id='line_1_15' title="bbox 261 1442 1831 1520; baseline 0.013 -29"><span class='ocrx_word' id='word_1_92' title='bbox 261 1442 381 1493; x_wconf 71' lang='grc' dir='ltr'>ἔστι</span> <span class='ocrx_word' id='word_1_93' title='bbox 414 1444 706 1510; x_wconf 74' lang='grc' dir='ltr'>κεφάλαιον</span> <span class='ocrx_word' id='word_1_94' title='bbox 736 1445 990 1517; x_wconf 83' lang='grc' dir='ltr'>δεύτερον</span> <span class='ocrx_word' id='word_1_95' title='bbox 1030 1450 1158 1516; x_wconf 75' lang='grc' dir='ltr'>περὶ</span> <span class='ocrx_word' id='word_1_96' title='bbox 1215 1454 1313 1518; x_wconf 84' lang='grc' dir='ltr'>τῆς</span> <span class='ocrx_word' id='word_1_97' title='bbox 1343 1453 1556 1520; x_wconf 73' lang='grc' dir='ltr'>πυρρᾶς</span> <span class='ocrx_word' id='word_1_98' title='bbox 1588 1451 1730 1519; x_wconf 63' lang='grc' dir='ltr'>βοὸς.</span> <span class='ocrx_word' id='word_1_99' title='bbox 1765 1452 1831 1519; x_wconf 75' lang='grc' dir='ltr'>ἣν</span> 
     </span>
    </p>
   </div>
   <div class='ocr_carea' id='block_1_16' title="bbox 258 1532 1827 1610">
    <p class='ocr_par' dir='ltr' id='par_1_16' title="bbox 258 1532 1827 1610">
     <span class='ocr_line' id='line_1_16' title="bbox 258 1532 1827 1610; baseline 0.008 -29"><span class='ocrx_word' id='word_1_100' title='bbox 258 1532 422 1584; x_wconf 75' lang='grc' dir='ltr'>ἔθυσε</span> <span class='ocrx_word' id='word_1_101' title='bbox 475 1536 731 1598; x_wconf 81' lang='grc' dir='ltr'>Μωῦσῆς,</span> <span class='ocrx_word' id='word_1_102' title='bbox 757 1533 826 1606; x_wconf 82' lang='grc' dir='ltr'>ἦς</span> <span class='ocrx_word' id='word_1_103' title='bbox 877 1539 1084 1606; x_wconf 79' lang='grc' dir='ltr'><strong>ἱστορία</strong></span> <span class='ocrx_word' id='word_1_104' title='bbox 1113 1541 1277 1592; x_wconf 74' lang='grc' dir='ltr'>ἐστὶν</span> <span class='ocrx_word' id='word_1_105' title='bbox 1311 1543 1367 1592; x_wconf 78' lang='grc' dir='ltr'>ὲν</span> <span class='ocrx_word' id='word_1_106' title='bbox 1423 1539 1500 1609; x_wconf 85' lang='grc' dir='ltr'>τῷ</span> <span class='ocrx_word' id='word_1_107' title='bbox 1535 1540 1827 1610; x_wconf 82' lang='grc' dir='ltr'>Λευῖτικῷ.</span> 
     </span>
    </p>
   </div>
   <div class='ocr_carea' id='block_1_17' title="bbox 259 1620 1827 1703">
    <p class='ocr_par' dir='ltr' id='par_1_17' title="bbox 259 1620 1827 1703">
     <span class='ocr_line' id='line_1_17' title="bbox 259 1620 1827 1703; baseline 0.01 -32"><span class='ocrx_word' id='word_1_108' title='bbox 259 1620 461 1691; x_wconf 81' lang='grc' dir='ltr'>Τρίτον</span> <span class='ocrx_word' id='word_1_109' title='bbox 489 1624 546 1676; x_wconf 81' lang='grc' dir='ltr'>δὲ</span> <span class='ocrx_word' id='word_1_110' title='bbox 595 1628 887 1693; x_wconf 68' lang='grc' dir='ltr'>κεφάλαιον</span> <span class='ocrx_word' id='word_1_111' title='bbox 913 1631 1042 1699; x_wconf 78' lang='grc' dir='ltr'>περὶ</span> <span class='ocrx_word' id='word_1_112' title='bbox 1076 1631 1168 1684; x_wconf 79' lang='grc' dir='ltr'>τοῦ</span> <span class='ocrx_word' id='word_1_113' title='bbox 1210 1630 1357 1684; x_wconf 79' lang='grc' dir='ltr'>οἴκου</span> <span class='ocrx_word' id='word_1_114' title='bbox 1407 1632 1499 1684; x_wconf 73' lang='grc' dir='ltr'>τοῦ</span> <span class='ocrx_word' id='word_1_115' title='bbox 1551 1633 1827 1703; x_wconf 73' lang='grc' dir='ltr'>Ἀϐραὰμ,</span> 
     </span>
    </p>
   </div>
   <div class='ocr_carea' id='block_1_18' title="bbox 255 1712 1827 1790">
    <p class='ocr_par' dir='ltr' id='par_1_18' title="bbox 255 1712 1827 1790">
     <span class='ocr_line' id='line_1_18' title="bbox 255 1712 1827 1790; baseline 0.008 -27"><span class='ocrx_word' id='word_1_116' title='bbox 255 1712 318 1772; x_wconf 80' lang='grc' dir='ltr'>ὃς</span> <span class='ocrx_word' id='word_1_117' title='bbox 349 1715 542 1780; x_wconf 86' lang='grc' dir='ltr'>γέγονε</span> <span class='ocrx_word' id='word_1_118' title='bbox 591 1718 774 1787; x_wconf 78' lang='grc' dir='ltr'>πατὴρ</span> <span class='ocrx_word' id='word_1_119' title='bbox 815 1720 1129 1784; x_wconf 83' lang='grc' dir='ltr'>Μωῡσέως·</span> <span class='ocrx_word' id='word_1_120' title='bbox 1172 1723 1228 1774; x_wconf 82' lang='grc' dir='ltr'>ἐν</span> <span class='ocrx_word' id='word_1_121' title='bbox 1274 1717 1318 1788; x_wconf 85' lang='grc' dir='ltr'>ᾧ</span> <span class='ocrx_word' id='word_1_122' title='bbox 1346 1722 1518 1775; x_wconf 79' lang='grc' dir='ltr'>πολλᾶ</span> <span class='ocrx_word' id='word_1_123' title='bbox 1562 1725 1689 1790; x_wconf 73' lang='grc' dir='ltr'>περὶ</span> <span class='ocrx_word' id='word_1_124' title='bbox 1734 1724 1827 1776; x_wconf 80' lang='grc' dir='ltr'>τοῦ</span> 
     </span>
    </p>
   </div>
   <div class='ocr_carea' id='block_1_19' title="bbox 255 1803 1827 1884">
    <p class='ocr_par' dir='ltr' id='par_1_19' title="bbox 255 1803 1827 1884">
     <span class='ocr_line' id='line_1_19' title="bbox 255 1803 1827 1884; baseline 0.008 -30"><span class='ocrx_word' id='word_1_125' title='bbox 255 1803 498 1872; x_wconf 81' lang='grc' dir='ltr'>Χριστοῦ</span> <span class='ocrx_word' id='word_1_126' title='bbox 524 1808 886 1876; x_wconf 79' lang='grc' dir='ltr'>παρενέϐαλε,</span> <span class='ocrx_word' id='word_1_127' title='bbox 914 1813 1005 1865; x_wconf 85' lang='grc' dir='ltr'><strong>καί</strong></span> <span class='ocrx_word' id='word_1_128' title='bbox 1027 1831 1160 1883; x_wconf 76' lang='grc' dir='ltr'>φησι</span> <span class='ocrx_word' id='word_1_129' title='bbox 1183 1817 1279 1883; x_wconf 70' lang='grc' dir='ltr'><strong>τὴν</strong></span> <span class='ocrx_word' id='word_1_130' title='bbox 1307 1815 1582 1882; x_wconf 73' lang='grc' dir='ltr'><strong>Παρθένον</strong></span> <span class='ocrx_word' id='word_1_131' title='bbox 1606 1815 1827 1884; x_wconf 80' lang='grc' dir='ltr'>Μαρίαν</span> 
     </span>
    </p>
   </div>
   <div class='ocr_carea' id='block_1_20' title="bbox 257 1895 1827 1978">
    <p class='ocr_par' dir='ltr' id='par_1_20' title="bbox 257 1895 1827 1978">
     <span class='ocr_line' id='line_1_20' title="bbox 257 1895 1827 1978; baseline 0.01 -32"><span class='ocrx_word' id='word_1_132' title='bbox 257 1895 494 1966; x_wconf 83' lang='grc' dir='ltr'>ἀδελφὴν</span> <span class='ocrx_word' id='word_1_133' title='bbox 522 1899 774 1967; x_wconf 81' lang='grc' dir='ltr'>γενέσθαι</span> <span class='ocrx_word' id='word_1_134' title='bbox 800 1904 1078 1968; x_wconf 79' lang='grc' dir='ltr'>Μωῦσέως</span> <span class='ocrx_word' id='word_1_135' title='bbox 1107 1911 1200 1959; x_wconf 79' lang='grc' dir='ltr'><strong>καὶ</strong></span> <span class='ocrx_word' id='word_1_136' title='bbox 1234 1908 1464 1978; x_wconf 80' lang='grc' dir='ltr'>Ἀαρών.</span> <span class='ocrx_word' id='word_1_137' title='bbox 1501 1909 1606 1961; x_wconf 74' lang='grc' dir='ltr'><strong>Καὶ</strong></span> <span class='ocrx_word' id='word_1_138' title='bbox 1632 1909 1827 1976; x_wconf 77' lang='grc' dir='ltr'>ἐφεξῆς</span> 
     </span>
    </p>
   </div>
   <div class='ocr_carea' id='block_1_21' title="bbox 258 1986 1820 2069">
    <p class='ocr_par' dir='ltr' id='par_1_21' title="bbox 258 1986 1820 2069">
     <span class='ocr_line' id='line_1_21' title="bbox 258 1986 1820 2069; baseline 0.011 -31"><span class='ocrx_word' id='word_1_139' title='bbox 258 1986 458 2040; x_wconf 77' lang='grc' dir='ltr'>ἕπεται</span> <span class='ocrx_word' id='word_1_140' title='bbox 489 1990 549 2042; x_wconf 91' lang='grc' dir='ltr'><strong>τὸ</strong></span> <span class='ocrx_word' id='word_1_141' title='bbox 581 1991 839 2061; x_wconf 87' lang='grc' dir='ltr'>τέταρτον</span> <span class='ocrx_word' id='word_1_142' title='bbox 874 1997 1170 2064; x_wconf 75' lang='grc' dir='ltr'>κεφάλαιον</span> <span class='ocrx_word' id='word_1_143' title='bbox 1221 2000 1349 2069; x_wconf 75' lang='grc' dir='ltr'>περὶ</span> <span class='ocrx_word' id='word_1_144' title='bbox 1380 2001 1488 2054; x_wconf 86' lang='grc' dir='ltr'>τῶν</span> <span class='ocrx_word' id='word_1_145' title='bbox 1525 2003 1820 2068; x_wconf 81' lang='grc' dir='ltr'>γυναικῶν.</span> 
     </span>
    </p>
   </div>
   <div class='ocr_carea' id='block_1_22' title="bbox 272 2077 1825 2158">
    <p class='ocr_par' dir='ltr' id='par_1_22' title="bbox 272 2077 1825 2158">
     <span class='ocr_line' id='line_1_22' title="bbox 272 2077 1825 2158; baseline 0.011 -29"><span class='ocrx_word' id='word_1_146' title='bbox 272 2077 509 2148; x_wconf 76' lang='grc' dir='ltr'>Ὁμοίως</span> <span class='ocrx_word' id='word_1_147' title='bbox 543 2082 598 2134; x_wconf 83' lang='grc' dir='ltr'>δὲ</span> <span class='ocrx_word' id='word_1_148' title='bbox 647 2083 739 2137; x_wconf 77' lang='grc' dir='ltr'>καὶ</span> <span class='ocrx_word' id='word_1_149' title='bbox 789 2088 915 2155; x_wconf 80' lang='grc' dir='ltr'>περὶ</span> <span class='ocrx_word' id='word_1_150' title='bbox 970 2089 1078 2140; x_wconf 82' lang='grc' dir='ltr'><strong>τῶν</strong></span> <span class='ocrx_word' id='word_1_151' title='bbox 1134 2090 1311 2143; x_wconf 83' lang='grc' dir='ltr'>ἄλλων</span> <span class='ocrx_word' id='word_1_152' title='bbox 1346 2091 1516 2154; x_wconf 69' lang='grc' dir='ltr'>οὕτως</span> <span class='ocrx_word' id='word_1_153' title='bbox 1553 2095 1825 2158; x_wconf 76' lang='grc' dir='ltr'><strong>ἀτάκτως,</strong></span> 
     </span>
    </p>
   </div>
   <div class='ocr_carea' id='block_1_23' title="bbox 251 2167 1828 2252">
    <p class='ocr_par' dir='ltr' id='par_1_23' title="bbox 251 2167 1828 2252">
     <span class='ocr_line' id='line_1_23' title="bbox 251 2167 1828 2252; baseline 0.012 -32"><span class='ocrx_word' id='word_1_154' title='bbox 251 2167 400 2222; x_wconf 78' lang='grc' dir='ltr'>ὥστε</span> <span class='ocrx_word' id='word_1_155' title='bbox 449 2173 650 2240; x_wconf 74' lang='grc' dir='ltr'>μηδένα</span> <span class='ocrx_word' id='word_1_156' title='bbox 685 2171 823 2229; x_wconf 78' lang='grc' dir='ltr'>εἶναι</span> <span class='ocrx_word' id='word_1_157' title='bbox 871 2179 1159 2248; x_wconf 80' lang='grc' dir='ltr'>ἄνθρωπον</span> <span class='ocrx_word' id='word_1_158' title='bbox 1211 2181 1268 2245; x_wconf 84' lang='grc' dir='ltr'>ὃς</span> <span class='ocrx_word' id='word_1_159' title='bbox 1308 2183 1374 2235; x_wconf 85' lang='grc' dir='ltr'>ἂν</span> <span class='ocrx_word' id='word_1_160' title='bbox 1407 2185 1621 2238; x_wconf 74' lang='grc' dir='ltr'>δύναιτο</span> <span class='ocrx_word' id='word_1_161' title='bbox 1671 2187 1828 2252; x_wconf 82' lang='grc' dir='ltr'>λόγον</span> 
     </span>
    </p>
   </div>
   <div class='ocr_carea' id='block_1_24' title="bbox 251 2260 1883 2344">
    <p class='ocr_par' dir='ltr' id='par_1_24' title="bbox 251 2260 1883 2344">
     <span class='ocr_line' id='line_1_24' title="bbox 251 2260 1883 2344; baseline 0.021 -32"><span class='ocrx_word' id='word_1_162' title='bbox 251 2260 550 2318; x_wconf 79' lang='grc' dir='ltr'>ἀποδοῦναι</span> <span class='ocrx_word' id='word_1_163' title='bbox 575 2267 674 2337; x_wconf 84' lang='grc' dir='ltr'><strong>τῆς</strong></span> <span class='ocrx_word' id='word_1_164' title='bbox 718 2270 923 2334; x_wconf 76' lang='grc' dir='ltr'>τάξεως</span> <span class='ocrx_word' id='word_1_165' title='bbox 953 2271 1051 2339; x_wconf 82' lang='grc' dir='ltr'>τῆς</span> <span class='ocrx_word' id='word_1_166' title='bbox 1097 2274 1336 2343; x_wconf 74' lang='grc' dir='ltr'>ἱστορίας·</span> <span class='ocrx_word' id='word_1_167' title='bbox 1387 2277 1479 2328; x_wconf 66' lang='grc' dir='ltr'><strong>καὶ</strong></span> <span class='ocrx_word' id='word_1_168' title='bbox 1526 2277 1634 2329; x_wconf 76' lang='grc' dir='ltr'><strong>τῶν</strong></span> <span class='ocrx_word' id='word_1_169' title='bbox 1661 2295 1828 2344; x_wconf 63' lang='grc' dir='ltr'>κεὶῢα··</span> <span class='ocrx_word' id='word_1_170' title='bbox 1867 2293 1883 2312; x_wconf 83' lang='lat'><strong>&#39;</strong></span> 
     </span>
    </p>
   </div>
   <div class='ocr_carea' id='block_1_25' title="bbox 251 2353 1824 2432">
    <p class='ocr_par' dir='ltr' id='par_1_25' title="bbox 251 2353 1824 2432">
     <span class='ocr_line' id='line_1_25' title="bbox 251 2353 1824 2432; baseline 0.011 -28"><span class='ocrx_word' id='word_1_171' title='bbox 251 2353 448 2412; x_wconf 82' lang='grc' dir='ltr'>λαίων.</span> <span class='ocrx_word' id='word_1_172' title='bbox 489 2358 631 2410; x_wconf 78' lang='grc' dir='ltr'>Ἀλλ’</span> <span class='ocrx_word' id='word_1_173' title='bbox 659 2361 779 2412; x_wconf 74' lang='grc' dir='ltr'>οὐδὲ</span> <span class='ocrx_word' id='word_1_174' title='bbox 811 2363 843 2431; x_wconf 82' lang='grc' dir='ltr'>ἡ</span> <span class='ocrx_word' id='word_1_175' title='bbox 876 2362 979 2430; x_wconf 81' lang='grc' dir='ltr'>τῆς</span> <span class='ocrx_word' id='word_1_176' title='bbox 1005 2362 1138 2432; x_wconf 84' lang='grc' dir='ltr'>ὖλης</span> <span class='ocrx_word' id='word_1_177' title='bbox 1168 2365 1318 2427; x_wconf 80' lang='grc' dir='ltr'>τάξις</span> <span class='ocrx_word' id='word_1_178' title='bbox 1350 2367 1517 2420; x_wconf 76' lang='grc' dir='ltr'>ἐστίν.</span> <span class='ocrx_word' id='word_1_179' title='bbox 1549 2369 1824 2422; x_wconf 72' lang='grc' dir='ltr'>Οὐδέποτε</span> 
     </span>
    </p>
   </div>
   <div class='ocr_carea' id='block_1_26' title="bbox 252 2445 1828 2528">
    <p class='ocr_par' dir='ltr' id='par_1_26' title="bbox 252 2445 1828 2528">
     <span class='ocr_line' id='line_1_26' title="bbox 252 2445 1828 2528; baseline 0.007 -32"><span class='ocrx_word' id='word_1_180' title='bbox 252 2445 370 2516; x_wconf 79' lang='grc' dir='ltr'>γὰρ</span> <span class='ocrx_word' id='word_1_181' title='bbox 400 2447 530 2516; x_wconf 88' lang='grc' dir='ltr'>μίαν</span> <span class='ocrx_word' id='word_1_182' title='bbox 583 2451 938 2520; x_wconf 78' lang='grc' dir='ltr'><strong>ἐπεξέρχεται</strong></span> <span class='ocrx_word' id='word_1_183' title='bbox 967 2451 1097 2521; x_wconf 78' lang='grc' dir='ltr'>ὕλην</span> <span class='ocrx_word' id='word_1_184' title='bbox 1137 2456 1433 2516; x_wconf 70' lang='grc' dir='ltr'>εὐτάκτως.</span> <span class='ocrx_word' id='word_1_185' title='bbox 1474 2457 1588 2509; x_wconf 83' lang='grc' dir='ltr'>ἀλλ’</span> <span class='ocrx_word' id='word_1_186' title='bbox 1631 2459 1828 2528; x_wconf 62' lang='grc' dir='ltr'>ἐφεξῆς</span> 
     </span>
    </p>
   </div>
   <div class='ocr_carea' id='block_1_27' title="bbox 254 2538 1826 2621">
    <p class='ocr_par' dir='ltr' id='par_1_27' title="bbox 254 2538 1826 2621">
     <span class='ocr_line' id='line_1_27' title="bbox 254 2538 1826 2621; baseline 0.01 -33"><span class='ocrx_word' id='word_1_187' title='bbox 254 2538 369 2589; x_wconf 84' lang='grc' dir='ltr'>ἀπὸ</span> <span class='ocrx_word' id='word_1_188' title='bbox 393 2541 521 2604; x_wconf 82' lang='grc' dir='ltr'>μιᾶς</span> <span class='ocrx_word' id='word_1_189' title='bbox 552 2539 683 2611; x_wconf 75' lang='grc' dir='ltr'>ὕλης</span> <span class='ocrx_word' id='word_1_190' title='bbox 711 2545 795 2612; x_wconf 75' lang='grc' dir='ltr'><strong>ἐφ’</strong></span> <span class='ocrx_word' id='word_1_191' title='bbox 827 2546 1022 2616; x_wconf 80' lang='grc' dir='ltr'>ἑτέραν</span> <span class='ocrx_word' id='word_1_192' title='bbox 1057 2548 1312 2600; x_wconf 73' lang='grc' dir='ltr'>ὑπόθεσιν</span> <span class='ocrx_word' id='word_1_193' title='bbox 1343 2550 1620 2611; x_wconf 79' lang='grc' dir='ltr'>παντελῶς</span> <span class='ocrx_word' id='word_1_194' title='bbox 1649 2551 1826 2621; x_wconf 79' lang='grc' dir='ltr'>ἀσύμ-</span> 
     </span>
    </p>
   </div>
   <div class='ocr_carea' id='block_1_28' title="bbox 253 2625 1823 2710">
    <p class='ocr_par' dir='ltr' id='par_1_28' title="bbox 253 2625 1823 2710">
     <span class='ocr_line' id='line_1_28' title="bbox 253 2625 1823 2710; baseline 0.013 -35"><span class='ocrx_word' id='word_1_195' title='bbox 253 2625 425 2677; x_wconf 79' lang='grc' dir='ltr'>6ατον</span> <span class='ocrx_word' id='word_1_196' title='bbox 490 2633 876 2699; x_wconf 81' lang='grc' dir='ltr'>μεταφέρεται,</span> <span class='ocrx_word' id='word_1_197' title='bbox 922 2636 1179 2706; x_wconf 83' lang='grc' dir='ltr'>ἄντικρυς</span> <span class='ocrx_word' id='word_1_198' title='bbox 1238 2635 1427 2696; x_wconf 83' lang='grc' dir='ltr'>ὥσπερ</span> <span class='ocrx_word' id='word_1_199' title='bbox 1497 2641 1823 2710; x_wconf 77' lang='grc' dir='ltr'>ἐξεστηκὼς.</span> 
     </span>
    </p>
   </div>
   <div class='ocr_carea' id='block_1_29' title="bbox 268 2714 1826 2797">
    <p class='ocr_par' dir='ltr' id='par_1_29' title="bbox 268 2714 1826 2797">
     <span class='ocr_line' id='line_1_29' title="bbox 268 2714 1826 2797; baseline 0.008 -30"><span class='ocrx_word' id='word_1_200' title='bbox 268 2714 415 2768; x_wconf 81' lang='grc' dir='ltr'>Ἀλλ’</span> <span class='ocrx_word' id='word_1_201' title='bbox 444 2719 564 2772; x_wconf 70' lang='grc' dir='ltr'>οὐδὲ</span> <span class='ocrx_word' id='word_1_202' title='bbox 594 2721 746 2785; x_wconf 78' lang='grc' dir='ltr'>τάξιν</span> <span class='ocrx_word' id='word_1_203' title='bbox 773 2723 887 2792; x_wconf 77' lang='grc' dir='ltr'>ἔχει</span> <span class='ocrx_word' id='word_1_204' title='bbox 915 2725 1382 2795; x_wconf 75' lang='grc' dir='ltr'>ἐπιχειρημάτων,</span> <span class='ocrx_word' id='word_1_205' title='bbox 1425 2727 1458 2797; x_wconf 78' lang='grc' dir='ltr'>ἦ</span> <span class='ocrx_word' id='word_1_206' title='bbox 1500 2744 1645 2790; x_wconf 87' lang='grc' dir='ltr'>τινος</span> <span class='ocrx_word' id='word_1_207' title='bbox 1693 2730 1826 2782; x_wconf 86' lang='grc' dir='ltr'>ἀπο-</span> 
     </span>
    </p>
   </div>
   <div class='ocr_carea' id='block_1_30' title="bbox 251 2807 1827 2884">
    <p class='ocr_par' dir='ltr' id='par_1_30' title="bbox 251 2807 1827 2884">
     <span class='ocr_line' id='line_1_30' title="bbox 251 2807 1827 2884; baseline 0.008 -24"><span class='ocrx_word' id='word_1_208' title='bbox 251 2807 496 2874; x_wconf 80' lang='grc' dir='ltr'>δείξεως.</span> <span class='ocrx_word' id='word_1_209' title='bbox 556 2812 698 2866; x_wconf 83' lang='grc' dir='ltr'>Ἀλλ’</span> <span class='ocrx_word' id='word_1_210' title='bbox 750 2815 782 2882; x_wconf 83' lang='grc' dir='ltr'><strong>ἡ</strong></span> <span class='ocrx_word' id='word_1_211' title='bbox 837 2815 1158 2871; x_wconf 84' lang='grc' dir='ltr'>διδασκαλία</span> <span class='ocrx_word' id='word_1_212' title='bbox 1202 2821 1353 2871; x_wconf 79' lang='grc' dir='ltr'>πᾶσα</span> <span class='ocrx_word' id='word_1_213' title='bbox 1409 2820 1466 2884; x_wconf 75' lang='grc' dir='ltr'><strong>ἐξ</strong></span> <span class='ocrx_word' id='word_1_214' title='bbox 1516 2819 1827 2884; x_wconf 80' lang='grc' dir='ltr'>ὑποθέσεως</span> 
     </span>
    </p>
   </div>
   <div class='ocr_carea' id='block_1_31' title="bbox 255 2899 1827 2980">
    <p class='ocr_par' dir='ltr' id='par_1_31' title="bbox 255 2899 1827 2980">
     <span class='ocr_line' id='line_1_31' title="bbox 255 2899 1827 2980; baseline 0.009 -29"><span class='ocrx_word' id='word_1_215' title='bbox 255 2899 500 2970; x_wconf 80' lang='grc' dir='ltr'>πρόεισι,</span> <span class='ocrx_word' id='word_1_216' title='bbox 530 2905 625 2957; x_wconf 59' lang='grc' dir='ltr'><strong>καὶ⁸</strong></span> <span class='ocrx_word' id='word_1_217' title='bbox 655 2905 985 2976; x_wconf 81' lang='grc' dir='ltr'>ὑποθέμενος</span> <span class='ocrx_word' id='word_1_218' title='bbox 1016 2911 1137 2962; x_wconf 71' lang='grc' dir='ltr'>τινὰ</span> <span class='ocrx_word' id='word_1_219' title='bbox 1177 2910 1436 2980; x_wconf 73' lang='grc' dir='ltr'>πρότασιν</span> <span class='ocrx_word' id='word_1_220' title='bbox 1465 2911 1589 2964; x_wconf 81' lang='grc' dir='ltr'>καθ’</span> <span class='ocrx_word' id='word_1_221' title='bbox 1625 2913 1827 2980; x_wconf 81' lang='grc' dir='ltr'>ἑαυτὴν</span> 
     </span>
    </p>
   </div>
   <div class='ocr_carea' id='block_1_32' title="bbox 255 2992 1834 3075">
    <p class='ocr_par' dir='ltr' id='par_1_32' title="bbox 255 2992 1834 3075">
     <span class='ocr_line' id='line_1_32' title="bbox 255 2992 1834 3075; baseline 0.011 -34"><span class='ocrx_word' id='word_1_222' title='bbox 255 2992 460 3062; x_wconf 79' lang='grc' dir='ltr'>ἀληθῆ,</span> <span class='ocrx_word' id='word_1_223' title='bbox 493 2994 551 3058; x_wconf 66' lang='lat' dir='ltr'><strong>es</strong></span> <span class='ocrx_word' id='word_1_224' title='bbox 588 2997 801 3067; x_wconf 78' lang='grc' dir='ltr'>ἐκείνης</span> <span class='ocrx_word' id='word_1_225' title='bbox 849 3000 1017 3070; x_wconf 79' lang='grc' dir='ltr'>ἄλλην</span> <span class='ocrx_word' id='word_1_226' title='bbox 1067 3001 1188 3055; x_wconf 79' lang='grc' dir='ltr'>τινὰ</span> <span class='ocrx_word' id='word_1_227' title='bbox 1239 3006 1619 3072; x_wconf 69' lang='grc' dir='ltr'>συμπεραίνει,</span> <span class='ocrx_word' id='word_1_228' title='bbox 1659 3005 1834 3075; x_wconf 58' lang='grc' dir='ltr'>μηδὲν</span> 
     </span>
    </p>
   </div>
   <div class='ocr_carea' id='block_1_33' title="bbox 255 3085 1828 3164">
    <p class='ocr_par' dir='ltr' id='par_1_33' title="bbox 255 3085 1828 3164">
     <span class='ocr_line' id='line_1_33' title="bbox 255 3085 1828 3164; baseline 0.008 -28"><span class='ocrx_word' id='word_1_229' title='bbox 255 3085 488 3153; x_wconf 61' lang='grc' dir='ltr'>ἔλουσαν</span> <span class='ocrx_word' id='word_1_230' title='bbox 539 3088 715 3141; x_wconf 85' lang='grc' dir='ltr'>κοινὸν</span> <span class='ocrx_word' id='word_1_231' title='bbox 779 3092 912 3160; x_wconf 82' lang='grc' dir='ltr'>πρὸς</span> <span class='ocrx_word' id='word_1_232' title='bbox 969 3094 1068 3163; x_wconf 81' lang='grc' dir='ltr'><strong>τὴν</strong></span> <span class='ocrx_word' id='word_1_233' title='bbox 1114 3095 1359 3164; x_wconf 81' lang='grc' dir='ltr'>πρώτην.</span> <span class='ocrx_word' id='word_1_234' title='bbox 1418 3090 1542 3147; x_wconf 71' lang='grc' dir='ltr'><strong>Οἷόν</strong></span> <span class='ocrx_word' id='word_1_235' title='bbox 1595 3099 1712 3148; x_wconf 84' lang='grc' dir='ltr'>ἐστι</span> <span class='ocrx_word' id='word_1_236' title='bbox 1767 3097 1828 3149; x_wconf 88' lang='grc' dir='ltr'><strong>τὸ</strong></span> 
     </span>
    </p>
   </div>
   <div class='ocr_carea' id='block_1_34' title="bbox 257 3177 1901 3262">
    <p class='ocr_par' dir='ltr' id='par_1_34' title="bbox 257 3177 1901 3262">
     <span class='ocr_line' id='line_1_34' title="bbox 257 3177 1901 3262; baseline 0.009 -34"><span class='ocrx_word' id='word_1_237' title='bbox 257 3177 505 3248; x_wconf 82' lang='grc' dir='ltr'>συνεχῶς</span> <span class='ocrx_word' id='word_1_238' title='bbox 548 3178 678 3250; x_wconf 83' lang='grc' dir='ltr'>παρ’</span> <span class='ocrx_word' id='word_1_239' title='bbox 723 3181 890 3235; x_wconf 80' lang='grc' dir='ltr'>αὐτοῦ</span> <span class='ocrx_word' id='word_1_240' title='bbox 927 3182 1240 3254; x_wconf 77' lang='grc' dir='ltr'>λεγόμενον,</span> <span class='ocrx_word' id='word_1_241' title='bbox 1275 3189 1357 3240; x_wconf 82' lang='grc' dir='ltr'><strong>ὅτι</strong></span> <span class='ocrx_word' id='word_1_242' title='bbox 1387 3187 1414 3238; x_wconf 89' lang='lat'><strong>6</strong></span> <span class='ocrx_word' id='word_1_243' title='bbox 1459 3186 1589 3249; x_wconf 83' lang='grc' dir='ltr'>Θεὸς</span> <span class='ocrx_word' id='word_1_244' title='bbox 1627 3187 1826 3258; x_wconf 67' lang='grc' dir='ltr'>ὑψηλός</span> <span class='ocrx_word' id='word_1_245' title='bbox 1859 3205 1901 3262; x_wconf 75' lang='grc' dir='ltr'>ο</span> 
     </span>
    </p>
   </div>
   <div class='ocr_carea' id='block_1_35' title="bbox 251 3269 1831 3352">
    <p class='ocr_par' dir='ltr' id='par_1_35' title="bbox 251 3269 1831 3352">
     <span class='ocr_line' id='line_1_35' title="bbox 251 3269 1831 3352; baseline 0.013 -31"><span class='ocrx_word' id='word_1_246' title='bbox 251 3269 378 3322; x_wconf 82' lang='grc' dir='ltr'>ἐστι</span> <span class='ocrx_word' id='word_1_247' title='bbox 424 3271 520 3324; x_wconf 83' lang='grc' dir='ltr'><strong>καὶ</strong></span> <span class='ocrx_word' id='word_1_248' title='bbox 564 3272 790 3340; x_wconf 82' lang='grc' dir='ltr'>ἀγαθὸς,</span> <span class='ocrx_word' id='word_1_249' title='bbox 849 3275 941 3326; x_wconf 73' lang='grc' dir='ltr'><strong>καὶ</strong></span> <span class='ocrx_word' id='word_1_250' title='bbox 993 3277 1052 3328; x_wconf 84' lang='grc' dir='ltr'><strong>τὸ</strong></span> <span class='ocrx_word' id='word_1_251' title='bbox 1115 3278 1437 3349; x_wconf 56' lang='grc' dir='ltr'>Ἀλκςιράναν</span> <span class='ocrx_word' id='word_1_252' title='bbox 1485 3290 1646 3352; x_wconf 80' lang='grc' dir='ltr'>νόμος</span> <span class='ocrx_word' id='word_1_253' title='bbox 1710 3289 1831 3341; x_wconf 69' lang='grc' dir='ltr'>ἐστὶ</span> 
     </span>
    </p>
   </div>
   <div class='ocr_carea' id='block_1_36' title="bbox 253 3363 1828 3439">
    <p class='ocr_par' dir='ltr' id='par_1_36' title="bbox 253 3363 1828 3439">
     <span class='ocr_line' id='line_1_36' title="bbox 253 3363 1828 3439; baseline 0.012 -28"><span class='ocrx_word' id='word_1_254' title='bbox 253 3363 558 3431; x_wconf 74' lang='grc' dir='ltr'>σωτηρίας,</span> <span class='ocrx_word' id='word_1_255' title='bbox 584 3364 677 3417; x_wconf 76' lang='grc' dir='ltr'><strong>καὶ</strong></span> <span class='ocrx_word' id='word_1_256' title='bbox 701 3367 727 3416; x_wconf 86' lang='lat'><strong>6</strong></span> <span class='ocrx_word' id='word_1_257' title='bbox 756 3365 887 3428; x_wconf 74' lang='grc' dir='ltr'>θεός</span> <span class='ocrx_word' id='word_1_258' title='bbox 912 3369 1023 3418; x_wconf 83' lang='grc' dir='ltr'>ἐστι</span> <span class='ocrx_word' id='word_1_259' title='bbox 1053 3368 1203 3432; x_wconf 82' lang='grc' dir='ltr'>Θεὸς,</span> <span class='ocrx_word' id='word_1_260' title='bbox 1228 3373 1322 3422; x_wconf 78' lang='grc' dir='ltr'><strong>καὶ</strong></span> <span class='ocrx_word' id='word_1_261' title='bbox 1363 3373 1440 3424; x_wconf 70' lang='grc' dir='ltr'><strong>ὅτι</strong></span> <span class='ocrx_word' id='word_1_262' title='bbox 1474 3375 1650 3439; x_wconf 73' lang='grc' dir='ltr'>οὐδείς</span> <span class='ocrx_word' id='word_1_263' title='bbox 1679 3377 1828 3429; x_wconf 85' lang='grc' dir='ltr'>ἐστιν</span> 
     </span>
    </p>
   </div>
   <div class='ocr_carea' id='block_1_37' title="bbox 250 3452 1832 3536">
    <p class='ocr_par' dir='ltr' id='par_1_37' title="bbox 250 3452 1832 3536">
     <span class='ocr_line' id='line_1_37' title="bbox 250 3452 1832 3536; baseline 0.01 -32"><span class='ocrx_word' id='word_1_264' title='bbox 250 3452 414 3512; x_wconf 81' lang='grc' dir='ltr'>ἄλλος</span> <span class='ocrx_word' id='word_1_265' title='bbox 437 3453 572 3515; x_wconf 80' lang='grc' dir='ltr'>Θεὸς</span> <span class='ocrx_word' id='word_1_266' title='bbox 609 3457 746 3524; x_wconf 71' lang='grc' dir='ltr'>πλὴν</span> <span class='ocrx_word' id='word_1_267' title='bbox 773 3454 867 3507; x_wconf 83' lang='grc' dir='ltr'>τοῦ</span> <span class='ocrx_word' id='word_1_268' title='bbox 887 3456 1044 3518; x_wconf 83' lang='grc' dir='ltr'>Θεοῦ,</span> <span class='ocrx_word' id='word_1_269' title='bbox 1079 3461 1170 3510; x_wconf 75' lang='grc' dir='ltr'><strong>καὶ</strong></span> <span class='ocrx_word' id='word_1_270' title='bbox 1201 3464 1227 3512; x_wconf 86' lang='lat'><strong>6</strong></span> <span class='ocrx_word' id='word_1_271' title='bbox 1263 3462 1506 3530; x_wconf 81' lang='grc' dir='ltr'>Μωάμεθ</span> <span class='ocrx_word' id='word_1_272' title='bbox 1541 3467 1657 3518; x_wconf 73' lang='grc' dir='ltr'>ἐστὶ</span> <span class='ocrx_word' id='word_1_273' title='bbox 1696 3484 1832 3536; x_wconf 84' lang='grc' dir='ltr'>προ-</span> 
     </span>
    </p>
   </div>
   <div class='ocr_carea' id='block_1_38' title="bbox 250 3541 1831 3621">
    <p class='ocr_par' dir='ltr' id='par_1_38' title="bbox 250 3541 1831 3621">
     <span class='ocr_line' id='line_1_38' title="bbox 250 3541 1831 3621; baseline 0.011 -32"><span class='ocrx_word' id='word_1_274' title='bbox 250 3541 434 3608; x_wconf 80' lang='grc' dir='ltr'>φήτης</span> <span class='ocrx_word' id='word_1_275' title='bbox 479 3541 710 3610; x_wconf 80' lang='grc' dir='ltr'>ἀληθής.</span> <span class='ocrx_word' id='word_1_276' title='bbox 769 3543 982 3595; x_wconf 79' lang='grc' dir='ltr'>Ὀποῖον</span> <span class='ocrx_word' id='word_1_277' title='bbox 1025 3543 1078 3597; x_wconf 80' lang='grc' dir='ltr'><strong>δέ</strong></span> <span class='ocrx_word' id='word_1_278' title='bbox 1123 3547 1239 3599; x_wconf 85' lang='grc' dir='ltr'>ἐστι</span> <span class='ocrx_word' id='word_1_279' title='bbox 1286 3546 1445 3600; x_wconf 80' lang='grc' dir='ltr'>τοῦτο</span> <span class='ocrx_word' id='word_1_280' title='bbox 1505 3553 1564 3602; x_wconf 76' lang='grc' dir='ltr'><strong>τὸ</strong></span> <span class='ocrx_word' id='word_1_281' title='bbox 1620 3557 1831 3621; x_wconf 84' lang='grc' dir='ltr'>συμπέ-</span> 
     </span>
    </p>
   </div>
   <div class='ocr_carea' id='block_1_39' title="bbox 253 3629 1828 3710">
    <p class='ocr_par' dir='ltr' id='par_1_39' title="bbox 253 3629 1828 3710">
     <span class='ocr_line' id='line_1_39' title="bbox 253 3629 1828 3710; baseline 0.01 -29"><span class='ocrx_word' id='word_1_282' title='bbox 253 3647 468 3698; x_wconf 81' lang='grc' dir='ltr'>ρασμα,</span> <span class='ocrx_word' id='word_1_283' title='bbox 494 3631 555 3684; x_wconf 86' lang='grc' dir='ltr'><strong>τὸ</strong></span> <span class='ocrx_word' id='word_1_284' title='bbox 586 3634 678 3685; x_wconf 76' lang='grc' dir='ltr'><strong>τὸν</strong></span> <span class='ocrx_word' id='word_1_285' title='bbox 702 3634 945 3701; x_wconf 77' lang='grc' dir='ltr'>Μωάμεθ</span> <span class='ocrx_word' id='word_1_286' title='bbox 973 3629 1110 3688; x_wconf 71' lang='grc' dir='ltr'>εἶναι</span> <span class='ocrx_word' id='word_1_287' title='bbox 1139 3637 1315 3706; x_wconf 73' lang='grc' dir='ltr'>ἀληθῆ</span> <span class='ocrx_word' id='word_1_288' title='bbox 1348 3640 1441 3692; x_wconf 77' lang='grc' dir='ltr'>τοῦ</span> <span class='ocrx_word' id='word_1_289' title='bbox 1467 3639 1599 3694; x_wconf 75' lang='grc' dir='ltr'>Θεοῦ</span> <span class='ocrx_word' id='word_1_290' title='bbox 1623 3642 1828 3710; x_wconf 81' lang='grc' dir='ltr'>δοῦλον,</span> 
     </span>
    </p>
   </div>
   <div class='ocr_carea' id='block_1_40' title="bbox 248 3720 1832 3801">
    <p class='ocr_par' dir='ltr' id='par_1_40' title="bbox 248 3720 1832 3801">
     <span class='ocr_line' id='line_1_40' title="bbox 248 3720 1832 3801; baseline 0.008 -29"><span class='ocrx_word' id='word_1_291' title='bbox 248 3720 340 3772; x_wconf 78' lang='grc' dir='ltr'><strong>ὅτι</strong></span> <span class='ocrx_word' id='word_1_292' title='bbox 373 3720 400 3771; x_wconf 88' lang='lat'><strong>6</strong></span> <span class='ocrx_word' id='word_1_293' title='bbox 435 3720 564 3782; x_wconf 78' lang='grc' dir='ltr'>Θεός</span> <span class='ocrx_word' id='word_1_294' title='bbox 598 3723 714 3773; x_wconf 79' lang='grc' dir='ltr'>ἐστι</span> <span class='ocrx_word' id='word_1_295' title='bbox 761 3722 926 3788; x_wconf 83' lang='grc' dir='ltr'>Θεός;</span> <span class='ocrx_word' id='word_1_296' title='bbox 967 3726 1075 3778; x_wconf 79' lang='grc' dir='ltr'><strong>Καὶ</strong></span> <span class='ocrx_word' id='word_1_297' title='bbox 1127 3725 1315 3796; x_wconf 82' lang='grc' dir='ltr'>ὥσπερ</span> <span class='ocrx_word' id='word_1_298' title='bbox 1349 3728 1407 3778; x_wconf 84' lang='grc' dir='ltr'>ὲν</span> <span class='ocrx_word' id='word_1_299' title='bbox 1447 3728 1521 3797; x_wconf 80' lang='grc' dir='ltr'><strong>τῷ</strong></span> <span class='ocrx_word' id='word_1_300' title='bbox 1552 3732 1832 3801; x_wconf 73' lang='grc' dir='ltr'>κεφαλαίῳ</span> 
     </span>
    </p>
   </div>
   <div class='ocr_carea' id='block_1_41' title="bbox 249 3812 1832 3888">
    <p class='ocr_par' dir='ltr' id='par_1_41' title="bbox 249 3812 1832 3888">
     <span class='ocr_line' id='line_1_41' title="bbox 249 3812 1832 3888; baseline 0.007 -24"><span class='ocrx_word' id='word_1_301' title='bbox 249 3812 333 3880; x_wconf 85' lang='grc' dir='ltr'>τῷ</span> <span class='ocrx_word' id='word_1_302' title='bbox 375 3813 660 3881; x_wconf 82' lang='grc' dir='ltr'>Ἐλμαῖδᾶ,</span> <span class='ocrx_word' id='word_1_303' title='bbox 709 3813 736 3866; x_wconf 84' lang='grc' dir='ltr'><strong>δ</strong></span> <span class='ocrx_word' id='word_1_304' title='bbox 777 3815 1142 3884; x_wconf 78' lang='grc' dir='ltr'>ἑρμηνεύεται</span> <span class='ocrx_word' id='word_1_305' title='bbox 1199 3818 1471 3886; x_wconf 81' lang='grc' dir='ltr'>τράπεζα,</span> <span class='ocrx_word' id='word_1_306' title='bbox 1516 3824 1668 3888; x_wconf 73' lang='grc' dir='ltr'>φησὶ,</span> <span class='ocrx_word' id='word_1_307' title='bbox 1720 3824 1832 3876; x_wconf 82' lang='grc' dir='ltr'><strong>Κα-</strong></span> 
     </span>
    </p>
   </div>
   <div class='ocr_carea' id='block_1_42' title="bbox 247 3900 1827 3974">
    <p class='ocr_par' dir='ltr' id='par_1_42' title="bbox 247 3900 1827 3974">
     <span class='ocr_line' id='line_1_42' title="bbox 247 3900 1827 3974; baseline 0.009 -24"><span class='ocrx_word' id='word_1_308' title='bbox 247 3900 521 3969; x_wconf 75' lang='grc' dir='ltr'>τέστησεν</span> <span class='ocrx_word' id='word_1_309' title='bbox 550 3903 686 3972; x_wconf 83' lang='grc' dir='ltr'>ήμῖν</span> <span class='ocrx_word' id='word_1_310' title='bbox 713 3903 741 3953; x_wconf 97' lang='lat'><strong>6</strong></span> <span class='ocrx_word' id='word_1_311' title='bbox 768 3902 901 3962; x_wconf 87' lang='grc' dir='ltr'>Θεὸς</span> <span class='ocrx_word' id='word_1_312' title='bbox 919 3905 1097 3956; x_wconf 80' lang='grc' dir='ltr'>οὶκίαν</span> <span class='ocrx_word' id='word_1_313' title='bbox 1131 3906 1688 3974; x_wconf 71' lang='grc' dir='ltr'>Ἑλαράμ,τουτέστιν</span> 
     </span>
    </p>
   </div>
   <div class='ocr_carea' id='block_1_43' title="bbox 251 3988 1827 4066">
    <p class='ocr_par' dir='ltr' id='par_1_43' title="bbox 251 3988 1827 4066">
     <span class='ocr_line' id='line_1_43' title="bbox 251 3988 1827 4066; baseline 0.006 -24"><span class='ocrx_word' id='word_1_314' title='bbox 251 3989 399 4058; x_wconf 76' lang='grc' dir='ltr'>αὕτη</span> <span class='ocrx_word' id='word_1_315' title='bbox 450 3991 601 4043; x_wconf 67' lang='grc' dir='ltr'>ἐστὶν</span> <span class='ocrx_word' id='word_1_316' title='bbox 651 3988 796 4055; x_wconf 76' lang='grc' dir='ltr'>οἶκος</span> <span class='ocrx_word' id='word_1_317' title='bbox 839 3995 1062 4046; x_wconf 84' lang='grc' dir='ltr'>Μεσκέ·</span> <span class='ocrx_word' id='word_1_318' title='bbox 1107 3998 1215 4064; x_wconf 85' lang='grc' dir='ltr'>μήν</span> <span class='ocrx_word' id='word_1_319' title='bbox 1264 3998 1378 4048; x_wconf 77' lang='grc' dir='ltr'>ἐστι</span> <span class='ocrx_word' id='word_1_320' title='bbox 1429 3999 1529 4065; x_wconf 78' lang='grc' dir='ltr'>τῆς</span> <span class='ocrx_word' id='word_1_321' title='bbox 1572 4000 1827 4066; x_wconf 78' lang='grc' dir='ltr'>νηστείας</span> 
     </span>
    </p>
   </div>
   <div class='ocr_carea' id='block_1_44' title="bbox 248 4083 1828 4155">
    <p class='ocr_par' dir='ltr' id='par_1_44' title="bbox 248 4083 1828 4155">
     <span class='ocr_line' id='line_1_44' title="bbox 248 4083 1828 4155; baseline 0.004 -18"><span class='ocrx_word' id='word_1_322' title='bbox 248 4083 352 4137; x_wconf 82' lang='grc' dir='ltr'>τοῦ</span> <span class='ocrx_word' id='word_1_323' title='bbox 415 4085 897 4155; x_wconf 73' lang='grc' dir='ltr'>Σαῤῥακηνισμσῦ.</span> <span class='ocrx_word' id='word_1_324' title='bbox 951 4088 1058 4138; x_wconf 67' lang='grc' dir='ltr'>Καὶ</span> <span class='ocrx_word' id='word_1_325' title='bbox 1113 4087 1432 4153; x_wconf 85' lang='grc' dir='ltr'>γινώσκετε,</span> <span class='ocrx_word' id='word_1_326' title='bbox 1493 4090 1574 4142; x_wconf 81' lang='grc' dir='ltr'>ὅτι</span> <span class='ocrx_word' id='word_1_327' title='bbox 1627 4093 1654 4144; x_wconf 89' lang='lat'><strong>6</strong></span> <span class='ocrx_word' id='word_1_328' title='bbox 1699 4092 1828 4150; x_wconf 83' lang='grc' dir='ltr'>Θεὸς</span> 
     </span>
    </p>
   </div>
   <div class='ocr_carea' id='block_1_45' title="bbox 249 4174 1829 4249">
    <p class='ocr_par' dir='ltr' id='par_1_45' title="bbox 249 4174 1829 4249">
     <span class='ocr_line' id='line_1_45' title="bbox 249 4174 1829 4249; baseline 0.005 -22"><span class='ocrx_word' id='word_1_329' title='bbox 249 4176 436 4229; x_wconf 79' lang='grc' dir='ltr'>πάντα</span> <span class='ocrx_word' id='word_1_330' title='bbox 476 4174 607 4236; x_wconf 81' lang='grc' dir='ltr'>οἶδε,</span> <span class='ocrx_word' id='word_1_331' title='bbox 643 4176 713 4229; x_wconf 84' lang='grc' dir='ltr'>τὰ</span> <span class='ocrx_word' id='word_1_332' title='bbox 741 4180 799 4228; x_wconf 84' lang='grc' dir='ltr'>ὲν</span> <span class='ocrx_word' id='word_1_333' title='bbox 846 4178 1062 4249; x_wconf 83' lang='grc' dir='ltr'>οὐρανῷ</span> <span class='ocrx_word' id='word_1_334' title='bbox 1110 4180 1204 4231; x_wconf 78' lang='grc' dir='ltr'><strong>καὶ</strong></span> <span class='ocrx_word' id='word_1_335' title='bbox 1255 4181 1320 4231; x_wconf 78' lang='grc' dir='ltr'><strong>τά</strong></span> <span class='ocrx_word' id='word_1_336' title='bbox 1370 4181 1461 4234; x_wconf 77' lang='grc' dir='ltr'>ἐπὶ</span> <span class='ocrx_word' id='word_1_337' title='bbox 1513 4182 1633 4249; x_wconf 76' lang='grc' dir='ltr'>γῆς,</span> <span class='ocrx_word' id='word_1_338' title='bbox 1665 4183 1757 4234; x_wconf 75' lang='grc' dir='ltr'><strong>καὶ</strong></span> <span class='ocrx_word' id='word_1_339' title='bbox 1801 4185 1829 4236; x_wconf 92' lang='lat'><strong>6</strong></span> 
     </span>
    </p>
   </div>
   <div class='ocr_carea' id='block_1_46' title="bbox 247 4261 1828 4336">
    <p class='ocr_par' dir='ltr' id='par_1_46' title="bbox 247 4261 1828 4336">
     <span class='ocr_line' id='line_1_46' title="bbox 247 4261 1828 4336; baseline 0.005 -19"><span class='ocrx_word' id='word_1_340' title='bbox 247 4267 389 4328; x_wconf 83' lang='grc' dir='ltr'>Θεὸς</span> <span class='ocrx_word' id='word_1_341' title='bbox 447 4261 555 4319; x_wconf 77' lang='grc' dir='ltr'>οἶδε</span> <span class='ocrx_word' id='word_1_342' title='bbox 614 4269 724 4320; x_wconf 77' lang='grc' dir='ltr'>πᾶν</span> <span class='ocrx_word' id='word_1_343' title='bbox 780 4269 917 4336; x_wconf 84' lang='grc' dir='ltr'>ὅπερ</span> <span class='ocrx_word' id='word_1_344' title='bbox 977 4269 1146 4322; x_wconf 82' lang='grc' dir='ltr'>ἐστίν.</span> <span class='ocrx_word' id='word_1_345' title='bbox 1211 4269 1370 4322; x_wconf 75' lang='grc' dir='ltr'>Ἀλλὰ</span> <span class='ocrx_word' id='word_1_346' title='bbox 1425 4270 1511 4331; x_wconf 92' lang='grc' dir='ltr'><strong>τίς</strong></span> <span class='ocrx_word' id='word_1_347' title='bbox 1571 4271 1828 4325; x_wconf 81' lang='grc' dir='ltr'>τοσοῦτον</span> 
     </span>
    </p>
   </div>
   <div class='ocr_carea' id='block_1_47' title="bbox 246 4357 1825 4427">
    <p class='ocr_par' dir='ltr' id='par_1_47' title="bbox 246 4357 1825 4427">
     <span class='ocr_line' id='line_1_47' title="bbox 246 4357 1825 4427; baseline 0.003 -17"><span class='ocrx_word' id='word_1_348' title='bbox 246 4357 504 4424; x_wconf 74' lang='grc' dir='ltr'>ἀνόητος,</span> <span class='ocrx_word' id='word_1_349' title='bbox 538 4357 668 4411; x_wconf 85' lang='grc' dir='ltr'>ὥστ’</span> <span class='ocrx_word' id='word_1_350' title='bbox 707 4359 1091 4427; x_wconf 67' lang='grc' dir='ltr'>ἀμφιὸάλλειν,</span> <span class='ocrx_word' id='word_1_351' title='bbox 1132 4362 1178 4411; x_wconf 91' lang='grc' dir='ltr'>εἰ</span> <span class='ocrx_word' id='word_1_352' title='bbox 1203 4361 1230 4412; x_wconf 91' lang='lat'><strong>6</strong></span> <span class='ocrx_word' id='word_1_353' title='bbox 1269 4360 1399 4422; x_wconf 79' lang='grc' dir='ltr'>Θεὸς</span> <span class='ocrx_word' id='word_1_354' title='bbox 1436 4363 1611 4413; x_wconf 81' lang='grc' dir='ltr'>πάντα</span> <span class='ocrx_word' id='word_1_355' title='bbox 1647 4359 1825 4424; x_wconf 77' lang='grc' dir='ltr'>οἷδενς</span> 
     </span>
    </p>
   </div>
   <div class='ocr_carea' id='block_1_48' title="bbox 249 4447 1828 4516">
    <p class='ocr_par' dir='ltr' id='par_1_48' title="bbox 249 4447 1828 4516">
     <span class='ocr_line' id='line_1_48' title="bbox 249 4447 1828 4516; baseline 0.004 -18"><span class='ocrx_word' id='word_1_356' title='bbox 249 4447 436 4500; x_wconf 82' lang='grc' dir='ltr'>Ἔστω</span> <span class='ocrx_word' id='word_1_357' title='bbox 467 4447 523 4498; x_wconf 84' lang='grc' dir='ltr'>δὲ</span> <span class='ocrx_word' id='word_1_358' title='bbox 579 4449 676 4500; x_wconf 78' lang='grc' dir='ltr'>καὶ</span> <span class='ocrx_word' id='word_1_359' title='bbox 710 4447 833 4500; x_wconf 81' lang='grc' dir='ltr'>τινὰ</span> <span class='ocrx_word' id='word_1_360' title='bbox 876 4450 1262 4516; x_wconf 77' lang='grc' dir='ltr'>ἀμφιϐάλλειν,</span> <span class='ocrx_word' id='word_1_361' title='bbox 1295 4451 1458 4503; x_wconf 85' lang='grc' dir='ltr'>ποίαν</span> <span class='ocrx_word' id='word_1_362' title='bbox 1503 4451 1828 4504; x_wconf 76' lang='grc' dir='ltr'>ἀκολουθίαν</span> 
     </span>
    </p>
   </div>
   <div class='ocr_carea' id='block_1_49' title="bbox 1940 635 3505 704">
    <p class='ocr_par' dir='ltr' id='par_1_49' title="bbox 1940 635 3505 704">
     <span class='ocr_line' id='line_1_49' title="bbox 1940 635 3505 704; baseline 0.001 -16"><span class='ocrx_word' id='word_1_363' title='bbox 1940 635 2139 688; x_wconf 88' lang='lat' dir='ltr'><strong>raculis</strong></span> <span class='ocrx_word' id='word_1_364' title='bbox 2163 637 2299 704; x_wconf 81' lang='lat' dir='ltr'><strong>ejus,</strong></span> <span class='ocrx_word' id='word_1_365' title='bbox 2335 643 2388 688; x_wconf 88' lang='lat' dir='ltr'><strong>et</strong></span> <span class='ocrx_word' id='word_1_366' title='bbox 2416 643 2535 702; x_wconf 88' lang='lat' dir='ltr'><strong>post</strong></span> <span class='ocrx_word' id='word_1_367' title='bbox 2567 635 2682 688; x_wconf 70' lang='lat' dir='ltr'><strong>haec</strong></span> <span class='ocrx_word' id='word_1_368' title='bbox 2713 635 2780 687; x_wconf 91' lang='lat' dir='ltr'><strong>de</strong></span> <span class='ocrx_word' id='word_1_369' title='bbox 2806 644 2980 688; x_wconf 90' lang='lat' dir='ltr'><strong>morte</strong></span> <span class='ocrx_word' id='word_1_370' title='bbox 3009 645 3065 690; x_wconf 93' lang='lat' dir='ltr'><strong>et</strong></span> <span class='ocrx_word' id='word_1_371' title='bbox 3099 638 3505 690; x_wconf 81' lang='lat' dir='ltr'><strong>resurrectione</strong></span> 
     </span>
    </p>
   </div>
   <div class='ocr_carea' id='block_1_50' title="bbox 1935 725 3504 790">
    <p class='ocr_par' dir='ltr' id='par_1_50' title="bbox 1935 725 3504 790">
     <span class='ocr_line' id='line_1_50' title="bbox 1935 725 3504 790; baseline 0.001 -14"><span class='ocrx_word' id='word_1_372' title='bbox 1935 733 1990 776; x_wconf 91' lang='lat' dir='ltr'><strong>et</strong></span> <span class='ocrx_word' id='word_1_373' title='bbox 2055 726 2427 790; x_wconf 78' lang='lat' dir='ltr'><strong>assumptione</strong></span> <span class='ocrx_word' id='word_1_374' title='bbox 2481 725 2630 779; x_wconf 89' lang='lat' dir='ltr'><strong>dicit.</strong></span> <span class='ocrx_word' id='word_1_375' title='bbox 2682 725 2957 779; x_wconf 83' lang='lat' dir='ltr'><strong>Alcorano</strong></span> <span class='ocrx_word' id='word_1_376' title='bbox 3021 735 3202 779; x_wconf 91' lang='lat' dir='ltr'><strong>autem</strong></span> <span class='ocrx_word' id='word_1_377' title='bbox 3280 726 3504 779; x_wconf 89' lang='lat' dir='ltr'><strong>omnino</strong></span> 
     </span>
    </p>
   </div>
   <div class='ocr_carea' id='block_1_51' title="bbox 1936 814 3507 884">
    <p class='ocr_par' dir='ltr' id='par_1_51' title="bbox 1936 814 3507 884">
     <span class='ocr_line' id='line_1_51' title="bbox 1936 814 3507 884; baseline 0.002 -18"><span class='ocrx_word' id='word_1_378' title='bbox 1936 814 2118 869; x_wconf 87' lang='lat' dir='ltr'><strong>nullus</strong></span> <span class='ocrx_word' id='word_1_379' title='bbox 2147 824 2228 867; x_wconf 89' lang='lat' dir='ltr'><strong>est</strong></span> <span class='ocrx_word' id='word_1_380' title='bbox 2260 817 2393 867; x_wconf 86' lang='lat' dir='ltr'><strong>ordo</strong></span> <span class='ocrx_word' id='word_1_381' title='bbox 2425 817 2707 882; x_wconf 84' lang='lat' dir='ltr'><strong>temporis,</strong></span> <span class='ocrx_word' id='word_1_382' title='bbox 2749 832 2922 884; x_wconf 87' lang='lat' dir='ltr'><strong>neque</strong></span> <span class='ocrx_word' id='word_1_383' title='bbox 2960 816 3107 869; x_wconf 88' lang='lat' dir='ltr'><strong>enim</strong></span> <span class='ocrx_word' id='word_1_384' title='bbox 3143 816 3273 869; x_wconf 83' lang='lat' dir='ltr'><strong>dicit</strong></span> <span class='ocrx_word' id='word_1_385' title='bbox 3305 819 3507 883; x_wconf 84' lang='lat' dir='ltr'><strong>quibus</strong></span> 
     </span>
    </p>
   </div>
   <div class='ocr_carea' id='block_1_52' title="bbox 1936 905 3505 975">
    <p class='ocr_par' dir='ltr' id='par_1_52' title="bbox 1936 905 3505 975">
     <span class='ocr_line' id='line_1_52' title="bbox 1936 905 3505 975; baseline 0 -18"><span class='ocrx_word' id='word_1_386' title='bbox 1936 907 2176 973; x_wconf 78' lang='lat' dir='ltr'><strong>regibus,</strong></span> <span class='ocrx_word' id='word_1_387' title='bbox 2209 905 2292 958; x_wconf 85' lang='lat' dir='ltr'><strong>vel</strong></span> <span class='ocrx_word' id='word_1_388' title='bbox 2332 905 2629 959; x_wconf 90' lang='lat' dir='ltr'><strong>secundum</strong></span> <span class='ocrx_word' id='word_1_389' title='bbox 2661 907 2810 974; x_wconf 87' lang='lat' dir='ltr'><strong>quod</strong></span> <span class='ocrx_word' id='word_1_390' title='bbox 2839 919 3070 975; x_wconf 78' lang='lat' dir='ltr'><strong>tempus,</strong></span> <span class='ocrx_word' id='word_1_391' title='bbox 3107 922 3288 975; x_wconf 81' lang='lat' dir='ltr'><strong>neque</strong></span> <span class='ocrx_word' id='word_1_392' title='bbox 3322 907 3505 961; x_wconf 86' lang='lat' dir='ltr'><strong>histo-</strong></span> 
     </span>
    </p>
   </div>
   <div class='ocr_carea' id='block_1_53' title="bbox 1935 996 3499 1067">
    <p class='ocr_par' dir='ltr' id='par_1_53' title="bbox 1935 996 3499 1067">
     <span class='ocr_line' id='line_1_53' title="bbox 1935 996 3499 1067; baseline 0.002 -19"><span class='ocrx_word' id='word_1_393' title='bbox 1935 997 2028 1050; x_wconf 68' lang='lat' dir='ltr'><strong>rias</strong></span> <span class='ocrx_word' id='word_1_394' title='bbox 2049 996 2184 1049; x_wconf 90' lang='lat' dir='ltr'><strong>ordo</strong></span> <span class='ocrx_word' id='word_1_395' title='bbox 2206 1005 2307 1050; x_wconf 90' lang='lat' dir='ltr'><strong>est.</strong></span> <span class='ocrx_word' id='word_1_396' title='bbox 2331 997 2569 1051; x_wconf 86' lang='lat' dir='ltr'><strong>Primum</strong></span> <span class='ocrx_word' id='word_1_397' title='bbox 2606 999 2752 1051; x_wconf 91' lang='lat' dir='ltr'><strong>enim</strong></span> <span class='ocrx_word' id='word_1_398' title='bbox 2775 999 3076 1067; x_wconf 87' lang='lat' dir='ltr'><strong>capitulum</strong></span> <span class='ocrx_word' id='word_1_399' title='bbox 3102 999 3247 1052; x_wconf 89' lang='lat' dir='ltr'><strong>unde</strong></span> <span class='ocrx_word' id='word_1_400' title='bbox 3277 998 3499 1065; x_wconf 80' lang='lat' dir='ltr'><strong>incepit,</strong></span> 
     </span>
    </p>
   </div>
   <div class='ocr_carea' id='block_1_54' title="bbox 1933 1087 3506 1158">
    <p class='ocr_par' dir='ltr' id='par_1_54' title="bbox 1933 1087 3506 1158">
     <span class='ocr_line' id='line_1_54' title="bbox 1933 1087 3506 1158; baseline 0.001 -19"><span class='ocrx_word' id='word_1_401' title='bbox 1933 1087 2136 1142; x_wconf 89' lang='lat' dir='ltr'><strong>dicitur</strong></span> <span class='ocrx_word' id='word_1_402' title='bbox 2172 1089 2457 1156; x_wconf 87' lang='lat' dir='ltr'><strong>inscriptio</strong></span> <span class='ocrx_word' id='word_1_403' title='bbox 2501 1089 2584 1142; x_wconf 87' lang='lat' dir='ltr'><strong>vel</strong></span> <span class='ocrx_word' id='word_1_404' title='bbox 2625 1089 2857 1157; x_wconf 89' lang='lat' dir='ltr'><strong>aperitio</strong></span> <span class='ocrx_word' id='word_1_405' title='bbox 2902 1090 3051 1152; x_wconf 84' lang='lat' dir='ltr'><strong>libri,</strong></span> <span class='ocrx_word' id='word_1_406' title='bbox 3091 1091 3144 1143; x_wconf 93' lang='lat' dir='ltr'><strong>in</strong></span> <span class='ocrx_word' id='word_1_407' title='bbox 3193 1105 3304 1158; x_wconf 86' lang='lat' dir='ltr'><strong>quo</strong></span> <span class='ocrx_word' id='word_1_408' title='bbox 3345 1089 3506 1142; x_wconf 90' lang='lat' dir='ltr'><strong>indu-</strong></span> 
     </span>
    </p>
   </div>
   <div class='ocr_carea' id='block_1_55' title="bbox 1935 1179 3505 1246">
    <p class='ocr_par' dir='ltr' id='par_1_55' title="bbox 1935 1179 3505 1246">
     <span class='ocr_line' id='line_1_55' title="bbox 1935 1179 3505 1246; baseline 0 -14"><span class='ocrx_word' id='word_1_409' title='bbox 1935 1179 2104 1232; x_wconf 89' lang='lat' dir='ltr'><strong>bitato</strong></span> <span class='ocrx_word' id='word_1_410' title='bbox 2139 1179 2357 1246; x_wconf 86' lang='lat' dir='ltr'><strong>proprie</strong></span> <span class='ocrx_word' id='word_1_411' title='bbox 2394 1179 2596 1246; x_wconf 86' lang='lat' dir='ltr'><strong>incepit</strong></span> <span class='ocrx_word' id='word_1_412' title='bbox 2623 1180 2690 1233; x_wconf 89' lang='lat' dir='ltr'><strong>ab</strong></span> <span class='ocrx_word' id='word_1_413' title='bbox 2725 1180 2976 1233; x_wconf 89' lang='lat' dir='ltr'><strong>oratione</strong></span> <span class='ocrx_word' id='word_1_414' title='bbox 3014 1191 3068 1234; x_wconf 91' lang='lat' dir='ltr'><strong>et</strong></span> <span class='ocrx_word' id='word_1_415' title='bbox 3101 1181 3263 1235; x_wconf 88' lang='lat' dir='ltr'><strong>laudo</strong></span> <span class='ocrx_word' id='word_1_416' title='bbox 3295 1181 3411 1235; x_wconf 88' lang='lat' dir='ltr'><strong>Dei.</strong></span> <span class='ocrx_word' id='word_1_417' title='bbox 3443 1181 3505 1233; x_wconf 64' lang='lat' dir='ltr'><strong>lit</strong></span> 
     </span>
    </p>
   </div>
   <div class='ocr_carea' id='block_1_56' title="bbox 1933 1267 3500 1336">
    <p class='ocr_par' dir='ltr' id='par_1_56' title="bbox 1933 1267 3500 1336">
     <span class='ocr_line' id='line_1_56' title="bbox 1933 1267 3500 1336; baseline 0.002 -17"><span class='ocrx_word' id='word_1_418' title='bbox 1933 1267 2136 1335; x_wconf 85' lang='lat' dir='ltr'><strong>absque</strong></span> <span class='ocrx_word' id='word_1_419' title='bbox 2194 1269 2374 1322; x_wconf 75' lang='lat' dir='ltr'><strong>medio</strong></span> <span class='ocrx_word' id='word_1_420' title='bbox 2425 1278 2546 1336; x_wconf 91' lang='lat' dir='ltr'><strong>post</strong></span> <span class='ocrx_word' id='word_1_421' title='bbox 2591 1269 2812 1323; x_wconf 85' lang='lat' dir='ltr'><strong>brevem</strong></span> <span class='ocrx_word' id='word_1_422' title='bbox 2863 1270 3168 1324; x_wconf 87' lang='lat' dir='ltr'><strong>orationem</strong></span> <span class='ocrx_word' id='word_1_423' title='bbox 3214 1281 3500 1324; x_wconf 82' lang='lat' dir='ltr'><strong>tractatum</strong></span> 
     </span>
    </p>
   </div>
   <div class='ocr_carea' id='block_1_57' title="bbox 1935 1359 3503 1426">
    <p class='ocr_par' dir='ltr' id='par_1_57' title="bbox 1935 1359 3503 1426">
     <span class='ocr_line' id='line_1_57' title="bbox 1935 1359 3503 1426; baseline -0.001 -16"><span class='ocrx_word' id='word_1_424' title='bbox 1935 1359 2156 1426; x_wconf 71' lang='lat' dir='ltr'><strong>incepit.</strong></span> <span class='ocrx_word' id='word_1_425' title='bbox 2197 1360 2262 1411; x_wconf 82' lang='lat' dir='ltr'><strong>Et</strong></span> <span class='ocrx_word' id='word_1_426' title='bbox 2295 1368 2378 1412; x_wconf 91' lang='lat' dir='ltr'><strong>est</strong></span> <span class='ocrx_word' id='word_1_427' title='bbox 2409 1359 2710 1426; x_wconf 84' lang='lat' dir='ltr'><strong>capitulum</strong></span> <span class='ocrx_word' id='word_1_428' title='bbox 2749 1361 3050 1413; x_wconf 89' lang='lat' dir='ltr'><strong>secundum</strong></span> <span class='ocrx_word' id='word_1_429' title='bbox 3079 1361 3146 1412; x_wconf 90' lang='lat' dir='ltr'><strong>de</strong></span> <span class='ocrx_word' id='word_1_430' title='bbox 3175 1359 3318 1411; x_wconf 77' lang='lat' dir='ltr'><strong>fulva</strong></span> <span class='ocrx_word' id='word_1_431' title='bbox 3346 1359 3503 1421; x_wconf 77' lang='lat' dir='ltr'><strong>bore,</strong></span> 
     </span>
    </p>
   </div>
   <div class='ocr_carea' id='block_1_58' title="bbox 1932 1450 3498 1519">
    <p class='ocr_par' dir='ltr' id='par_1_58' title="bbox 1932 1450 3498 1519">
     <span class='ocr_line' id='line_1_58' title="bbox 1932 1450 3498 1519; baseline 0 -17"><span class='ocrx_word' id='word_1_432' title='bbox 1932 1466 2093 1518; x_wconf 89' lang='lat' dir='ltr'><strong>quam</strong></span> <span class='ocrx_word' id='word_1_433' title='bbox 2122 1451 2318 1504; x_wconf 88' lang='lat' dir='ltr'><strong>obtulit</strong></span> <span class='ocrx_word' id='word_1_434' title='bbox 2347 1450 2580 1519; x_wconf 81' lang='lat' dir='ltr'><strong>Moyses.</strong></span> <span class='ocrx_word' id='word_1_435' title='bbox 2602 1452 2760 1518; x_wconf 80' lang='lat' dir='ltr'><strong>cujus</strong></span> <span class='ocrx_word' id='word_1_436' title='bbox 2788 1451 3012 1505; x_wconf 86' lang='lat' dir='ltr'><strong>historia</strong></span> <span class='ocrx_word' id='word_1_437' title='bbox 3037 1461 3122 1504; x_wconf 91' lang='lat' dir='ltr'><strong>est</strong></span> <span class='ocrx_word' id='word_1_438' title='bbox 3157 1453 3208 1504; x_wconf 87' lang='lat' dir='ltr'><strong>ir.</strong></span> <span class='ocrx_word' id='word_1_439' title='bbox 3235 1451 3498 1504; x_wconf 86' lang='lat' dir='ltr'><strong>Levitico.</strong></span> 
     </span>
    </p>
   </div>
   <div class='ocr_carea' id='block_1_59' title="bbox 1933 1542 3502 1610">
    <p class='ocr_par' dir='ltr' id='par_1_59' title="bbox 1933 1542 3502 1610">
     <span class='ocr_line' id='line_1_59' title="bbox 1933 1542 3502 1610; baseline 0.001 -15"><span class='ocrx_word' id='word_1_440' title='bbox 1933 1542 2176 1596; x_wconf 86' lang='lat' dir='ltr'><strong>Tertium</strong></span> <span class='ocrx_word' id='word_1_441' title='bbox 2213 1551 2395 1596; x_wconf 87' lang='lat' dir='ltr'><strong>autem</strong></span> <span class='ocrx_word' id='word_1_442' title='bbox 2429 1543 2727 1610; x_wconf 85' lang='lat' dir='ltr'><strong>capitulum</strong></span> <span class='ocrx_word' id='word_1_443' title='bbox 2761 1554 2846 1598; x_wconf 88' lang='lat' dir='ltr'><strong>est</strong></span> <span class='ocrx_word' id='word_1_444' title='bbox 2883 1544 2950 1598; x_wconf 90' lang='lat' dir='ltr'><strong>de</strong></span> <span class='ocrx_word' id='word_1_445' title='bbox 2997 1543 3161 1596; x_wconf 91' lang='lat' dir='ltr'><strong>domo</strong></span> <span class='ocrx_word' id='word_1_446' title='bbox 3206 1543 3502 1597; x_wconf 81' lang='lat' dir='ltr'><strong>Abraham.</strong></span> 
     </span>
    </p>
   </div>
   <div class='ocr_carea' id='block_1_60' title="bbox 1932 1631 3503 1701">
    <p class='ocr_par' dir='ltr' id='par_1_60' title="bbox 1932 1631 3503 1701">
     <span class='ocr_line' id='line_1_60' title="bbox 1932 1631 3503 1701; baseline 0.002 -22"><span class='ocrx_word' id='word_1_447' title='bbox 1932 1633 2024 1700; x_wconf 85' lang='lat' dir='ltr'><strong>qui</strong></span> <span class='ocrx_word' id='word_1_448' title='bbox 2057 1631 2158 1684; x_wconf 80' lang='lat' dir='ltr'><strong>fuit</strong></span> <span class='ocrx_word' id='word_1_449' title='bbox 2183 1640 2336 1699; x_wconf 88' lang='lat' dir='ltr'><strong>pater</strong></span> <span class='ocrx_word' id='word_1_450' title='bbox 2362 1631 2547 1701; x_wconf 78' lang='lat' dir='ltr'><strong>Moysi,</strong></span> <span class='ocrx_word' id='word_1_451' title='bbox 2583 1632 2636 1685; x_wconf 93' lang='lat' dir='ltr'><strong>in</strong></span> <span class='ocrx_word' id='word_1_452' title='bbox 2664 1647 2769 1700; x_wconf 87' lang='lat' dir='ltr'><strong>quo</strong></span> <span class='ocrx_word' id='word_1_453' title='bbox 2798 1634 2965 1686; x_wconf 86' lang='lat' dir='ltr'><strong>multa</strong></span> <span class='ocrx_word' id='word_1_454' title='bbox 2998 1634 3064 1686; x_wconf 89' lang='lat' dir='ltr'><strong>de</strong></span> <span class='ocrx_word' id='word_1_455' title='bbox 3093 1633 3314 1686; x_wconf 87' lang='lat' dir='ltr'><strong>Christo</strong></span> <span class='ocrx_word' id='word_1_456' title='bbox 3337 1634 3503 1684; x_wconf 76' lang='lat' dir='ltr'><strong>intor-</strong></span> 
     </span>
    </p>
   </div>
   <div class='ocr_carea' id='block_1_61' title="bbox 1931 1722 3500 1791">
    <p class='ocr_par' dir='ltr' id='par_1_61' title="bbox 1931 1722 3500 1791">
     <span class='ocr_line' id='line_1_61' title="bbox 1931 1722 3500 1791; baseline -0.002 -14"><span class='ocrx_word' id='word_1_457' title='bbox 1931 1723 2079 1786; x_wconf 86' lang='lat' dir='ltr'><strong>serit,</strong></span> <span class='ocrx_word' id='word_1_458' title='bbox 2131 1733 2184 1776; x_wconf 93' lang='lat' dir='ltr'><strong>et</strong></span> <span class='ocrx_word' id='word_1_459' title='bbox 2241 1723 2376 1776; x_wconf 88' lang='lat' dir='ltr'><strong>dicit</strong></span> <span class='ocrx_word' id='word_1_460' title='bbox 2432 1723 2694 1791; x_wconf 73' lang='lat' dir='ltr'><strong>virginem</strong></span> <span class='ocrx_word' id='word_1_461' title='bbox 2757 1723 2976 1776; x_wconf 80' lang='lat' dir='ltr'><strong>Mariam</strong></span> <span class='ocrx_word' id='word_1_462' title='bbox 3035 1738 3280 1777; x_wconf 87' lang='lat' dir='ltr'><strong>sororem</strong></span> <span class='ocrx_word' id='word_1_463' title='bbox 3334 1722 3500 1775; x_wconf 74' lang='lat' dir='ltr'><strong>fuiSse</strong></span> 
     </span>
    </p>
   </div>
   <div class='ocr_carea' id='block_1_62' title="bbox 1932 1811 3497 1882">
    <p class='ocr_par' dir='ltr' id='par_1_62' title="bbox 1932 1811 3497 1882">
     <span class='ocr_line' id='line_1_62' title="bbox 1932 1811 3497 1882; baseline 0.001 -19"><span class='ocrx_word' id='word_1_464' title='bbox 1932 1811 2098 1882; x_wconf 70' lang='lat' dir='ltr'><strong>Moysi</strong></span> <span class='ocrx_word' id='word_1_465' title='bbox 2147 1819 2201 1865; x_wconf 90' lang='lat' dir='ltr'><strong>et</strong></span> <span class='ocrx_word' id='word_1_466' title='bbox 2257 1815 2462 1866; x_wconf 77' lang='lat' dir='ltr'><strong>Aaron.</strong></span> <span class='ocrx_word' id='word_1_467' title='bbox 2513 1814 2579 1866; x_wconf 85' lang='lat' dir='ltr'><strong>Et</strong></span> <span class='ocrx_word' id='word_1_468' title='bbox 2630 1814 2890 1881; x_wconf 86' lang='lat' dir='ltr'><strong>deinceps</strong></span> <span class='ocrx_word' id='word_1_469' title='bbox 2944 1815 3195 1880; x_wconf 79' lang='lat' dir='ltr'><strong>sequitur</strong></span> <span class='ocrx_word' id='word_1_470' title='bbox 3245 1824 3497 1878; x_wconf 86' lang='lat' dir='ltr'><strong>quartum</strong></span> 
     </span>
    </p>
   </div>
   <div class='ocr_carea' id='block_1_63' title="bbox 1937 1903 3500 1972">
    <p class='ocr_par' dir='ltr' id='par_1_63' title="bbox 1937 1903 3500 1972">
     <span class='ocr_line' id='line_1_63' title="bbox 1937 1903 3500 1972; baseline 0.001 -15"><span class='ocrx_word' id='word_1_471' title='bbox 1937 1904 2255 1972; x_wconf 85' lang='lat' dir='ltr'><strong>capitulum,</strong></span> <span class='ocrx_word' id='word_1_472' title='bbox 2301 1903 2368 1956; x_wconf 91' lang='lat' dir='ltr'><strong>de</strong></span> <span class='ocrx_word' id='word_1_473' title='bbox 2420 1904 2758 1958; x_wconf 89' lang='lat' dir='ltr'><strong>mulieribus.</strong></span> <span class='ocrx_word' id='word_1_474' title='bbox 2803 1904 3065 1958; x_wconf 87' lang='lat' dir='ltr'><strong>Similiter</strong></span> <span class='ocrx_word' id='word_1_475' title='bbox 3112 1915 3292 1958; x_wconf 88' lang='lat' dir='ltr'><strong>autem</strong></span> <span class='ocrx_word' id='word_1_476' title='bbox 3337 1913 3390 1959; x_wconf 83' lang='lat' dir='ltr'><strong>et</strong></span> <span class='ocrx_word' id='word_1_477' title='bbox 3435 1906 3500 1958; x_wconf 90' lang='lat' dir='ltr'><strong>de</strong></span> 
     </span>
    </p>
   </div>
   <div class='ocr_carea' id='block_1_64' title="bbox 1935 1991 3504 2061">
    <p class='ocr_par' dir='ltr' id='par_1_64' title="bbox 1935 1991 3504 2061">
     <span class='ocr_line' id='line_1_64' title="bbox 1935 1991 3504 2061; baseline -0.004 -16"><span class='ocrx_word' id='word_1_478' title='bbox 1935 1992 2054 2046; x_wconf 90' lang='lat' dir='ltr'><strong>aliis</strong></span> <span class='ocrx_word' id='word_1_479' title='bbox 2096 1993 2174 2045; x_wconf 91' lang='lat' dir='ltr'><strong>sic</strong></span> <span class='ocrx_word' id='word_1_480' title='bbox 2217 1991 2528 2046; x_wconf 83' lang='lat' dir='ltr'><strong>inordinate</strong></span> <span class='ocrx_word' id='word_1_481' title='bbox 2560 1992 2826 2060; x_wconf 88' lang='lat' dir='ltr'><strong>procedit.</strong></span> <span class='ocrx_word' id='word_1_482' title='bbox 2863 1993 3000 2046; x_wconf 84' lang='lat' dir='ltr'><strong>adeo</strong></span> <span class='ocrx_word' id='word_1_483' title='bbox 3035 1993 3177 2061; x_wconf 90' lang='lat' dir='ltr'><strong>quod</strong></span> <span class='ocrx_word' id='word_1_484' title='bbox 3231 2007 3389 2046; x_wconf 87' lang='lat' dir='ltr'><strong>nemo</strong></span> <span class='ocrx_word' id='word_1_485' title='bbox 3420 1997 3504 2042; x_wconf 77' lang='lat' dir='ltr'><strong>est</strong></span> 
     </span>
    </p>
   </div>
   <div class='ocr_carea' id='block_1_65' title="bbox 1933 2083 3506 2152">
    <p class='ocr_par' dir='ltr' id='par_1_65' title="bbox 1933 2083 3506 2152">
     <span class='ocr_line' id='line_1_65' title="bbox 1933 2083 3506 2152; baseline -0.001 -17"><span class='ocrx_word' id='word_1_486' title='bbox 1933 2083 2023 2152; x_wconf 91' lang='lat' dir='ltr'><strong>qui</strong></span> <span class='ocrx_word' id='word_1_487' title='bbox 2078 2083 2248 2151; x_wconf 88' lang='lat' dir='ltr'><strong>possit</strong></span> <span class='ocrx_word' id='word_1_488' title='bbox 2293 2083 2518 2138; x_wconf 79' lang='lat' dir='ltr'><strong>reddere</strong></span> <span class='ocrx_word' id='word_1_489' title='bbox 2568 2085 2833 2138; x_wconf 90' lang='lat' dir='ltr'><strong>rationem</strong></span> <span class='ocrx_word' id='word_1_490' title='bbox 2885 2085 3095 2139; x_wconf 80' lang='lat' dir='ltr'><strong>ordinis</strong></span> <span class='ocrx_word' id='word_1_491' title='bbox 3144 2086 3388 2138; x_wconf 69' lang='lat' dir='ltr'><strong>historiae</strong></span> <span class='ocrx_word' id='word_1_492' title='bbox 3453 2092 3506 2134; x_wconf 89' lang='lat' dir='ltr'><strong>ct</strong></span> 
     </span>
    </p>
   </div>
   <div class='ocr_carea' id='block_1_66' title="bbox 1932 2173 3500 2242">
    <p class='ocr_par' dir='ltr' id='par_1_66' title="bbox 1932 2173 3500 2242">
     <span class='ocr_line' id='line_1_66' title="bbox 1932 2173 3500 2242; baseline -0.003 -14"><span class='ocrx_word' id='word_1_493' title='bbox 1932 2173 2318 2242; x_wconf 84' lang='lat' dir='ltr'><strong>capitulorum.</strong></span> <span class='ocrx_word' id='word_1_494' title='bbox 2350 2174 2413 2225; x_wconf 86' lang='lat' dir='ltr'><strong>Et</strong></span> <span class='ocrx_word' id='word_1_495' title='bbox 2444 2189 2622 2242; x_wconf 87' lang='lat' dir='ltr'><strong>neque</strong></span> <span class='ocrx_word' id='word_1_496' title='bbox 2650 2177 2894 2228; x_wconf 66' lang='lat' dir='ltr'><strong>materia:</strong></span> <span class='ocrx_word' id='word_1_497' title='bbox 2924 2176 3059 2228; x_wconf 88' lang='lat' dir='ltr'><strong>ordo</strong></span> <span class='ocrx_word' id='word_1_498' title='bbox 3089 2185 3193 2229; x_wconf 89' lang='lat' dir='ltr'><strong>est.</strong></span> <span class='ocrx_word' id='word_1_499' title='bbox 3214 2175 3500 2242; x_wconf 74' lang='lat' dir='ltr'><strong>Nunquam</strong></span> 
     </span>
    </p>
   </div>
   <div class='ocr_carea' id='block_1_67' title="bbox 1931 2266 3499 2336">
    <p class='ocr_par' dir='ltr' id='par_1_67' title="bbox 1931 2266 3499 2336">
     <span class='ocr_line' id='line_1_67' title="bbox 1931 2266 3499 2336; baseline -0.001 -17"><span class='ocrx_word' id='word_1_500' title='bbox 1931 2266 2077 2320; x_wconf 89' lang='lat' dir='ltr'><strong>enim</strong></span> <span class='ocrx_word' id='word_1_501' title='bbox 2106 2280 2266 2317; x_wconf 87' lang='lat' dir='ltr'><strong>uuam</strong></span> <span class='ocrx_word' id='word_1_502' title='bbox 2301 2266 2580 2319; x_wconf 81' lang='lat' dir='ltr'><strong>materiam</strong></span> <span class='ocrx_word' id='word_1_503' title='bbox 2611 2266 2748 2320; x_wconf 85' lang='lat' dir='ltr'><strong>bene</strong></span> <span class='ocrx_word' id='word_1_504' title='bbox 2783 2267 3149 2336; x_wconf 88' lang='lat' dir='ltr'><strong>ordinateque</strong></span> <span class='ocrx_word' id='word_1_505' title='bbox 3181 2267 3499 2335; x_wconf 73' lang='lat' dir='ltr'><strong>pertransit,</strong></span> 
     </span>
    </p>
   </div>
   <div class='ocr_carea' id='block_1_68' title="bbox 1933 2355 3502 2426">
    <p class='ocr_par' dir='ltr' id='par_1_68' title="bbox 1933 2355 3502 2426">
     <span class='ocr_line' id='line_1_68' title="bbox 1933 2355 3502 2426; baseline -0.001 -17"><span class='ocrx_word' id='word_1_506' title='bbox 1933 2355 2028 2410; x_wconf 91' lang='lat' dir='ltr'><strong>sed</strong></span> <span class='ocrx_word' id='word_1_507' title='bbox 2059 2355 2315 2426; x_wconf 84' lang='lat' dir='ltr'><strong>deinceps</strong></span> <span class='ocrx_word' id='word_1_508' title='bbox 2349 2357 2414 2410; x_wconf 78' lang='lat' dir='ltr'><strong>ab</strong></span> <span class='ocrx_word' id='word_1_509' title='bbox 2445 2373 2548 2410; x_wconf 87' lang='lat' dir='ltr'><strong>una</strong></span> <span class='ocrx_word' id='word_1_510' title='bbox 2598 2359 2822 2413; x_wconf 70' lang='lat' dir='ltr'><strong>materia</strong></span> <span class='ocrx_word' id='word_1_511' title='bbox 2852 2359 2917 2412; x_wconf 87' lang='lat' dir='ltr'><strong>ad</strong></span> <span class='ocrx_word' id='word_1_512' title='bbox 2963 2359 3189 2411; x_wconf 77' lang='lat' dir='ltr'><strong>alterunt</strong></span> <span class='ocrx_word' id='word_1_513' title='bbox 3235 2373 3333 2426; x_wconf 87' lang='lat' dir='ltr'><strong>per</strong></span> <span class='ocrx_word' id='word_1_514' title='bbox 3375 2373 3502 2423; x_wconf 85' lang='lat' dir='ltr'><strong>sup-</strong></span> 
     </span>
    </p>
   </div>
   <div class='ocr_carea' id='block_1_69' title="bbox 1934 2449 3499 2517">
    <p class='ocr_par' dir='ltr' id='par_1_69' title="bbox 1934 2449 3499 2517">
     <span class='ocr_line' id='line_1_69' title="bbox 1934 2449 3499 2517; baseline 0.001 -17"><span class='ocrx_word' id='word_1_515' title='bbox 1934 2449 2257 2517; x_wconf 86' lang='lat' dir='ltr'><strong>positionem</strong></span> <span class='ocrx_word' id='word_1_516' title='bbox 2285 2451 2509 2502; x_wconf 85' lang='lat' dir='ltr'><strong>omnino</strong></span> <span class='ocrx_word' id='word_1_517' title='bbox 2538 2450 2976 2517; x_wconf 83' lang='lat' dir='ltr'><strong>impcrtinentcm</strong></span> <span class='ocrx_word' id='word_1_518' title='bbox 3008 2450 3353 2509; x_wconf 77' lang='lat' dir='ltr'><strong>transfertur,</strong></span> <span class='ocrx_word' id='word_1_519' title='bbox 3386 2461 3499 2503; x_wconf 85' lang='lat' dir='ltr'><strong>tan-</strong></span> 
     </span>
    </p>
   </div>
   <div class='ocr_carea' id='block_1_70' title="bbox 1932 2540 3498 2610">
    <p class='ocr_par' dir='ltr' id='par_1_70' title="bbox 1932 2540 3498 2610">
     <span class='ocr_line' id='line_1_70' title="bbox 1932 2540 3498 2610; baseline 0 -20"><span class='ocrx_word' id='word_1_520' title='bbox 1932 2554 2094 2608; x_wconf 88' lang='lat' dir='ltr'><strong>quam</strong></span> <span class='ocrx_word' id='word_1_521' title='bbox 2155 2540 2482 2594; x_wconf 82' lang='lat' dir='ltr'><strong>abstractus.</strong></span> <span class='ocrx_word' id='word_1_522' title='bbox 2535 2540 2639 2594; x_wconf 78' lang='lat' dir='ltr'><strong>Sed</strong></span> <span class='ocrx_word' id='word_1_523' title='bbox 2687 2551 2742 2596; x_wconf 90' lang='lat' dir='ltr'><strong>et</strong></span> <span class='ocrx_word' id='word_1_524' title='bbox 2790 2557 2970 2610; x_wconf 88' lang='lat' dir='ltr'><strong>neque</strong></span> <span class='ocrx_word' id='word_1_525' title='bbox 3026 2542 3277 2594; x_wconf 88' lang='lat' dir='ltr'><strong>ordinem</strong></span> <span class='ocrx_word' id='word_1_526' title='bbox 3335 2541 3498 2592; x_wconf 80' lang='lat' dir='ltr'><strong>habet</strong></span> 
     </span>
    </p>
   </div>
   <div class='ocr_carea' id='block_1_71' title="bbox 1931 2631 3496 2700">
    <p class='ocr_par' dir='ltr' id='par_1_71' title="bbox 1931 2631 3496 2700">
     <span class='ocr_line' id='line_1_71' title="bbox 1931 2631 3496 2700; baseline 0.003 -18"><span class='ocrx_word' id='word_1_527' title='bbox 1931 2631 2485 2696; x_wconf 80' lang='lat' dir='ltr'><strong>argumentationum,</strong></span> <span class='ocrx_word' id='word_1_528' title='bbox 2507 2633 2586 2686; x_wconf 73' lang='lat' dir='ltr'><strong>vel</strong></span> <span class='ocrx_word' id='word_1_529' title='bbox 2611 2632 2841 2700; x_wconf 89' lang='lat' dir='ltr'><strong>alicujus</strong></span> <span class='ocrx_word' id='word_1_530' title='bbox 2863 2634 3364 2686; x_wconf 82' lang='lat' dir='ltr'><strong>demonstrationis.</strong></span> <span class='ocrx_word' id='word_1_531' title='bbox 3393 2633 3496 2686; x_wconf 53' lang='lat' dir='ltr'><strong>Sed</strong></span> 
     </span>
    </p>
   </div>
   <div class='ocr_carea' id='block_1_72' title="bbox 1933 2717 3502 2789">
    <p class='ocr_par' dir='ltr' id='par_1_72' title="bbox 1933 2717 3502 2789">
     <span class='ocr_line' id='line_1_72' title="bbox 1933 2717 3502 2789; baseline -0.003 -17"><span class='ocrx_word' id='word_1_532' title='bbox 1933 2719 2112 2772; x_wconf 90' lang='lat' dir='ltr'><strong>omnis</strong></span> <span class='ocrx_word' id='word_1_533' title='bbox 2145 2717 2389 2772; x_wconf 85' lang='lat' dir='ltr'><strong>doctrina</strong></span> <span class='ocrx_word' id='word_1_534' title='bbox 2435 2734 2501 2773; x_wconf 78' lang='lat' dir='ltr'><strong>ex</strong></span> <span class='ocrx_word' id='word_1_535' title='bbox 2549 2720 2924 2789; x_wconf 89' lang='lat' dir='ltr'><strong>suppositione</strong></span> <span class='ocrx_word' id='word_1_536' title='bbox 2968 2719 3238 2788; x_wconf 88' lang='lat' dir='ltr'><strong>procedit,</strong></span> <span class='ocrx_word' id='word_1_537' title='bbox 3287 2730 3341 2772; x_wconf 88' lang='lat' dir='ltr'><strong>et</strong></span> <span class='ocrx_word' id='word_1_538' title='bbox 3372 2735 3502 2786; x_wconf 82' lang='lat' dir='ltr'><strong>sup-</strong></span> 
     </span>
    </p>
   </div>
   <div class='ocr_carea' id='block_1_73' title="bbox 1933 2810 3500 2881">
    <p class='ocr_par' dir='ltr' id='par_1_73' title="bbox 1933 2810 3500 2881">
     <span class='ocr_line' id='line_1_73' title="bbox 1933 2810 3500 2881; baseline -0.002 -18"><span class='ocrx_word' id='word_1_539' title='bbox 1933 2810 2232 2879; x_wconf 86' lang='lat' dir='ltr'><strong>positioncs</strong></span> <span class='ocrx_word' id='word_1_540' title='bbox 2277 2811 2568 2880; x_wconf 83' lang='lat' dir='ltr'><strong>quamdam</strong></span> <span class='ocrx_word' id='word_1_541' title='bbox 2622 2813 3052 2881; x_wconf 89' lang='lat' dir='ltr'><strong>propositionem</strong></span> <span class='ocrx_word' id='word_1_542' title='bbox 3109 2827 3208 2880; x_wconf 91' lang='lat' dir='ltr'><strong>per</strong></span> <span class='ocrx_word' id='word_1_543' title='bbox 3265 2813 3500 2878; x_wconf 82' lang='lat' dir='ltr'><strong>scipsam</strong></span> 
     </span>
    </p>
   </div>
   <div class='ocr_carea' id='block_1_74' title="bbox 1933 2903 3501 2976">
    <p class='ocr_par' dir='ltr' id='par_1_74' title="bbox 1933 2903 3501 2976">
     <span class='ocr_line' id='line_1_74' title="bbox 1933 2903 3501 2976; baseline 0 -20"><span class='ocrx_word' id='word_1_544' title='bbox 1933 2917 2222 2967; x_wconf 83' lang='lat' dir='ltr'><strong>veram,ex</strong></span> <span class='ocrx_word' id='word_1_545' title='bbox 2255 2904 2342 2958; x_wconf 88' lang='lat' dir='ltr'><strong>illa</strong></span> <span class='ocrx_word' id='word_1_546' title='bbox 2373 2904 2532 2958; x_wconf 90' lang='lat' dir='ltr'><strong>aliam</strong></span> <span class='ocrx_word' id='word_1_547' title='bbox 2560 2904 2850 2976; x_wconf 87' lang='lat' dir='ltr'><strong>quamdam</strong></span> <span class='ocrx_word' id='word_1_548' title='bbox 2883 2903 3177 2965; x_wconf 79' lang='lat' dir='ltr'><strong>concludit,</strong></span> <span class='ocrx_word' id='word_1_549' title='bbox 3211 2919 3331 2972; x_wconf 67' lang='lat' dir='ltr'><strong>qua:</strong></span> <span class='ocrx_word' id='word_1_550' title='bbox 3363 2903 3501 2956; x_wconf 89' lang='lat' dir='ltr'><strong>nihil</strong></span> 
     </span>
    </p>
   </div>
   <div class='ocr_carea' id='block_1_75' title="bbox 1934 2994 3502 3065">
    <p class='ocr_par' dir='ltr' id='par_1_75' title="bbox 1934 2994 3502 3065">
     <span class='ocr_line' id='line_1_75' title="bbox 1934 2994 3502 3065; baseline -0.001 -17"><span class='ocrx_word' id='word_1_551' title='bbox 1934 3007 2222 3049; x_wconf 90' lang='lat' dir='ltr'><strong>commune</strong></span> <span class='ocrx_word' id='word_1_552' title='bbox 2283 2997 2445 3050; x_wconf 83' lang='lat' dir='ltr'><strong>habet</strong></span> <span class='ocrx_word' id='word_1_553' title='bbox 2479 3000 2545 3050; x_wconf 89' lang='lat' dir='ltr'><strong>ad</strong></span> <span class='ocrx_word' id='word_1_554' title='bbox 2601 2997 2854 3065; x_wconf 89' lang='lat' dir='ltr'><strong>primam.</strong></span> <span class='ocrx_word' id='word_1_555' title='bbox 2904 2995 3060 3050; x_wconf 89' lang='lat' dir='ltr'><strong>Sicut</strong></span> <span class='ocrx_word' id='word_1_556' title='bbox 3105 3003 3190 3049; x_wconf 91' lang='lat' dir='ltr'><strong>est</strong></span> <span class='ocrx_word' id='word_1_557' title='bbox 3241 2994 3502 3048; x_wconf 75' lang='lat' dir='ltr'><strong>continue</strong></span> 
     </span>
    </p>
   </div>
   <div class='ocr_carea' id='block_1_76' title="bbox 1935 3084 3502 3155">
    <p class='ocr_par' dir='ltr' id='par_1_76' title="bbox 1935 3084 3502 3155">
     <span class='ocr_line' id='line_1_76' title="bbox 1935 3084 3502 3155; baseline -0.001 -17"><span class='ocrx_word' id='word_1_558' title='bbox 1935 3085 2079 3154; x_wconf 92' lang='lat' dir='ltr'><strong>quod</strong></span> <span class='ocrx_word' id='word_1_559' title='bbox 2114 3086 2182 3139; x_wconf 89' lang='lat' dir='ltr'><strong>ab</strong></span> <span class='ocrx_word' id='word_1_560' title='bbox 2209 3101 2273 3140; x_wconf 90' lang='lat' dir='ltr'><strong>eo</strong></span> <span class='ocrx_word' id='word_1_561' title='bbox 2304 3087 2529 3150; x_wconf 91' lang='lat' dir='ltr'><strong>dicitur,</strong></span> <span class='ocrx_word' id='word_1_562' title='bbox 2564 3088 2710 3155; x_wconf 86' lang='lat' dir='ltr'><strong>quod</strong></span> <span class='ocrx_word' id='word_1_563' title='bbox 2739 3088 2885 3142; x_wconf 84' lang='lat' dir='ltr'><strong>Deus</strong></span> <span class='ocrx_word' id='word_1_564' title='bbox 2917 3096 3002 3141; x_wconf 90' lang='lat' dir='ltr'><strong>est</strong></span> <span class='ocrx_word' id='word_1_565' title='bbox 3039 3085 3288 3140; x_wconf 82' lang='lat' dir='ltr'><strong>excelsus</strong></span> <span class='ocrx_word' id='word_1_566' title='bbox 3321 3093 3376 3138; x_wconf 91' lang='lat' dir='ltr'><strong>et</strong></span> <span class='ocrx_word' id='word_1_567' title='bbox 3405 3084 3502 3136; x_wconf 86' lang='lat' dir='ltr'><strong>bo-</strong></span> 
     </span>
    </p>
   </div>
   <div class='ocr_carea' id='block_1_77' title="bbox 1936 3174 3507 3245">
    <p class='ocr_par' dir='ltr' id='par_1_77' title="bbox 1936 3174 3507 3245">
     <span class='ocr_line' id='line_1_77' title="bbox 1936 3174 3507 3245; baseline 0.003 -21"><span class='ocrx_word' id='word_1_568' title='bbox 1936 3191 2062 3239; x_wconf 89' lang='lat' dir='ltr'><strong>nus,</strong></span> <span class='ocrx_word' id='word_1_569' title='bbox 2085 3187 2138 3230; x_wconf 91' lang='lat' dir='ltr'><strong>ct</strong></span> <span class='ocrx_word' id='word_1_570' title='bbox 2163 3178 2304 3245; x_wconf 85' lang='lat' dir='ltr'><strong>quod</strong></span> <span class='ocrx_word' id='word_1_571' title='bbox 2341 3177 2665 3231; x_wconf 80' lang='lat' dir='ltr'><strong>Alcoranum</strong></span> <span class='ocrx_word' id='word_1_572' title='bbox 2696 3179 2783 3232; x_wconf 82' lang='lat' dir='ltr'><strong>lex</strong></span> <span class='ocrx_word' id='word_1_573' title='bbox 2814 3186 2898 3231; x_wconf 88' lang='lat' dir='ltr'><strong>est</strong></span> <span class='ocrx_word' id='word_1_574' title='bbox 2926 3177 3138 3239; x_wconf 88' lang='lat' dir='ltr'><strong>salutis,</strong></span> <span class='ocrx_word' id='word_1_575' title='bbox 3167 3183 3221 3228; x_wconf 91' lang='lat' dir='ltr'><strong>et</strong></span> <span class='ocrx_word' id='word_1_576' title='bbox 3252 3174 3397 3227; x_wconf 91' lang='lat' dir='ltr'><strong>Deus</strong></span> <span class='ocrx_word' id='word_1_577' title='bbox 3419 3182 3507 3228; x_wconf 74' lang='lat' dir='ltr'><strong>est</strong></span> 
     </span>
    </p>
   </div>
   <div class='ocr_carea' id='block_1_78' title="bbox 1937 3264 3499 3335">
    <p class='ocr_par' dir='ltr' id='par_1_78' title="bbox 1937 3264 3499 3335">
     <span class='ocr_line' id='line_1_78' title="bbox 1937 3264 3499 3335; baseline -0.003 -16"><span class='ocrx_word' id='word_1_578' title='bbox 1937 3267 2099 3329; x_wconf 84' lang='lat' dir='ltr'><strong>Deus,</strong></span> <span class='ocrx_word' id='word_1_579' title='bbox 2125 3277 2177 3320; x_wconf 90' lang='lat' dir='ltr'><strong>et</strong></span> <span class='ocrx_word' id='word_1_580' title='bbox 2218 3269 2359 3335; x_wconf 88' lang='lat' dir='ltr'><strong>quod</strong></span> <span class='ocrx_word' id='word_1_581' title='bbox 2394 3269 2577 3321; x_wconf 86' lang='lat' dir='ltr'><strong>nullus</strong></span> <span class='ocrx_word' id='word_1_582' title='bbox 2608 3278 2691 3320; x_wconf 83' lang='lat' dir='ltr'><strong>est</strong></span> <span class='ocrx_word' id='word_1_583' title='bbox 2721 3267 2859 3321; x_wconf 88' lang='lat' dir='ltr'><strong>alius</strong></span> <span class='ocrx_word' id='word_1_584' title='bbox 2893 3268 3036 3319; x_wconf 90' lang='lat' dir='ltr'><strong>Deus</strong></span> <span class='ocrx_word' id='word_1_585' title='bbox 3070 3274 3270 3334; x_wconf 57' lang='lat' dir='ltr'><strong>preter</strong></span> <span class='ocrx_word' id='word_1_586' title='bbox 3309 3264 3499 3325; x_wconf 88' lang='lat' dir='ltr'><strong>Deum,</strong></span> 
     </span>
    </p>
   </div>
   <div class='ocr_carea' id='block_1_79' title="bbox 1933 3355 3505 3427">
    <p class='ocr_par' dir='ltr' id='par_1_79' title="bbox 1933 3355 3505 3427">
     <span class='ocr_line' id='line_1_79' title="bbox 1933 3355 3505 3427; baseline -0.003 -15"><span class='ocrx_word' id='word_1_587' title='bbox 1933 3370 1986 3412; x_wconf 90' lang='lat' dir='ltr'><strong>et</strong></span> <span class='ocrx_word' id='word_1_588' title='bbox 2011 3357 2345 3412; x_wconf 79' lang='lat' dir='ltr'><strong>Mahometus</strong></span> <span class='ocrx_word' id='word_1_589' title='bbox 2377 3369 2460 3412; x_wconf 91' lang='lat' dir='ltr'><strong>est</strong></span> <span class='ocrx_word' id='word_1_590' title='bbox 2494 3360 2751 3427; x_wconf 85' lang='lat' dir='ltr'><strong>propheta</strong></span> <span class='ocrx_word' id='word_1_591' title='bbox 2788 3373 2967 3412; x_wconf 86' lang='lat' dir='ltr'><strong>verus.</strong></span> <span class='ocrx_word' id='word_1_592' title='bbox 3008 3357 3139 3421; x_wconf 74' lang='lat' dir='ltr'><strong>Qua:</strong></span> <span class='ocrx_word' id='word_1_593' title='bbox 3171 3363 3354 3408; x_wconf 88' lang='lat' dir='ltr'><strong>autem</strong></span> <span class='ocrx_word' id='word_1_594' title='bbox 3389 3355 3505 3408; x_wconf 73' lang='lat' dir='ltr'><strong>hare</strong></span> 
     </span>
    </p>
   </div>
   <div class='ocr_carea' id='block_1_80' title="bbox 1932 3447 3505 3513">
    <p class='ocr_par' dir='ltr' id='par_1_80' title="bbox 1932 3447 3505 3513">
     <span class='ocr_line' id='line_1_80' title="bbox 1932 3447 3505 3513; baseline -0.004 -10"><span class='ocrx_word' id='word_1_595' title='bbox 1932 3448 2236 3513; x_wconf 74' lang='lat' dir='ltr'><strong>conclusio,</strong></span> <span class='ocrx_word' id='word_1_596' title='bbox 2280 3449 2643 3502; x_wconf 84' lang='lat' dir='ltr'><strong>Mahmnetum</strong></span> <span class='ocrx_word' id='word_1_597' title='bbox 2679 3464 2799 3503; x_wconf 87' lang='lat' dir='ltr'><strong>esse</strong></span> <span class='ocrx_word' id='word_1_598' title='bbox 2826 3462 3017 3501; x_wconf 78' lang='lat' dir='ltr'><strong>rerum</strong></span> <span class='ocrx_word' id='word_1_599' title='bbox 3050 3447 3142 3500; x_wconf 91' lang='lat' dir='ltr'><strong>Dei</strong></span> <span class='ocrx_word' id='word_1_600' title='bbox 3171 3461 3413 3508; x_wconf 89' lang='lat' dir='ltr'><strong>servum,</strong></span> <span class='ocrx_word' id='word_1_601' title='bbox 3450 3453 3505 3497; x_wconf 89' lang='lat' dir='ltr'><strong>ct</strong></span> 
     </span>
    </p>
   </div>
   <div class='ocr_carea' id='block_1_81' title="bbox 1931 3536 3503 3609">
    <p class='ocr_par' dir='ltr' id='par_1_81' title="bbox 1931 3536 3503 3609">
     <span class='ocr_line' id='line_1_81' title="bbox 1931 3536 3503 3609; baseline -0.003 -15"><span class='ocrx_word' id='word_1_602' title='bbox 1931 3541 2074 3609; x_wconf 89' lang='lat' dir='ltr'><strong>quod</strong></span> <span class='ocrx_word' id='word_1_603' title='bbox 2106 3541 2249 3594; x_wconf 89' lang='lat' dir='ltr'><strong>Deus</strong></span> <span class='ocrx_word' id='word_1_604' title='bbox 2273 3549 2357 3594; x_wconf 82' lang='lat' dir='ltr'><strong>est</strong></span> <span class='ocrx_word' id='word_1_605' title='bbox 2387 3541 2564 3592; x_wconf 49' lang='lat' dir='ltr'><strong>Deus?</strong></span> <span class='ocrx_word' id='word_1_606' title='bbox 2586 3539 2652 3592; x_wconf 90' lang='lat' dir='ltr'><strong>Et</strong></span> <span class='ocrx_word' id='word_1_607' title='bbox 2678 3539 2732 3592; x_wconf 89' lang='lat' dir='ltr'><strong>in</strong></span> <span class='ocrx_word' id='word_1_608' title='bbox 2764 3540 3004 3607; x_wconf 90' lang='lat' dir='ltr'><strong>capitulo</strong></span> <span class='ocrx_word' id='word_1_609' title='bbox 3027 3536 3328 3600; x_wconf 86' lang='lat' dir='ltr'><strong>Elmaiada,</strong></span> <span class='ocrx_word' id='word_1_610' title='bbox 3358 3537 3503 3605; x_wconf 91' lang='lat' dir='ltr'><strong>quod</strong></span> 
     </span>
    </p>
   </div>
   <div class='ocr_carea' id='block_1_82' title="bbox 1932 3628 3507 3700">
    <p class='ocr_par' dir='ltr' id='par_1_82' title="bbox 1932 3628 3507 3700">
     <span class='ocr_line' id='line_1_82' title="bbox 1932 3628 3507 3700; baseline -0.002 -17"><span class='ocrx_word' id='word_1_611' title='bbox 1932 3631 2326 3700; x_wconf 85' lang='lat' dir='ltr'><strong>interpretatur</strong></span> <span class='ocrx_word' id='word_1_612' title='bbox 2369 3648 2568 3695; x_wconf 81' lang='lat' dir='ltr'><strong>mensa,</strong></span> <span class='ocrx_word' id='word_1_613' title='bbox 2609 3631 2740 3684; x_wconf 82' lang='lat' dir='ltr'><strong>dicit</strong></span> <span class='ocrx_word' id='word_1_614' title='bbox 2781 3648 2792 3682; x_wconf 92' lang='lat'>:</span> <span class='ocrx_word' id='word_1_615' title='bbox 2829 3629 3129 3683; x_wconf 89' lang='lat' dir='ltr'><strong>Constituit</strong></span> <span class='ocrx_word' id='word_1_616' title='bbox 3169 3629 3330 3682; x_wconf 87' lang='lat' dir='ltr'><strong>nobis</strong></span> <span class='ocrx_word' id='word_1_617' title='bbox 3361 3628 3507 3681; x_wconf 90' lang='lat' dir='ltr'><strong>Deus</strong></span> 
     </span>
    </p>
   </div>
   <div class='ocr_carea' id='block_1_83' title="bbox 1930 3720 3506 3780">
    <p class='ocr_par' dir='ltr' id='par_1_83' title="bbox 1930 3720 3506 3780">
     <span class='ocr_line' id='line_1_83' title="bbox 1930 3720 3506 3780; baseline -0.001 -7"><span class='ocrx_word' id='word_1_618' title='bbox 1930 3720 2152 3774; x_wconf 90' lang='lat' dir='ltr'><strong>domum</strong></span> <span class='ocrx_word' id='word_1_619' title='bbox 2186 3720 2420 3780; x_wconf 87' lang='lat' dir='ltr'><strong>Elaram,</strong></span> <span class='ocrx_word' id='word_1_620' title='bbox 2464 3722 2514 3774; x_wconf 91' lang='lat' dir='ltr'><strong>id</strong></span> <span class='ocrx_word' id='word_1_621' title='bbox 2552 3730 2638 3775; x_wconf 83' lang='lat' dir='ltr'><strong>est</strong></span> <span class='ocrx_word' id='word_1_622' title='bbox 2684 3721 3005 3775; x_wconf 74' lang='lat' dir='ltr'><strong>vocationis.</strong></span> <span class='ocrx_word' id='word_1_623' title='bbox 3040 3720 3164 3773; x_wconf 64' lang='lat' dir='ltr'><strong>Hanc</strong></span> <span class='ocrx_word' id='word_1_624' title='bbox 3193 3731 3274 3773; x_wconf 92' lang='lat' dir='ltr'><strong>est</strong></span> <span class='ocrx_word' id='word_1_625' title='bbox 3308 3721 3506 3772; x_wconf 86' lang='lat' dir='ltr'><strong>domus</strong></span> 
     </span>
    </p>
   </div>
   <div class='ocr_carea' id='block_1_84' title="bbox 1931 3810 3500 3880">
    <p class='ocr_par' dir='ltr' id='par_1_84' title="bbox 1931 3810 3500 3880">
     <span class='ocr_line' id='line_1_84' title="bbox 1931 3810 3500 3880; baseline -0.002 -16"><span class='ocrx_word' id='word_1_626' title='bbox 1931 3827 2147 3866; x_wconf 65' lang='lat' dir='ltr'><strong>mensae.</strong></span> <span class='ocrx_word' id='word_1_627' title='bbox 2181 3812 2379 3866; x_wconf 77' lang='lat' dir='ltr'><strong>Mensis</strong></span> <span class='ocrx_word' id='word_1_628' title='bbox 2408 3822 2492 3864; x_wconf 91' lang='lat' dir='ltr'><strong>est</strong></span> <span class='ocrx_word' id='word_1_629' title='bbox 2525 3811 2717 3880; x_wconf 81' lang='lat' dir='ltr'><strong>jejunii</strong></span> <span class='ocrx_word' id='word_1_630' title='bbox 2751 3810 3136 3864; x_wconf 88' lang='lat' dir='ltr'><strong>Saracenismi.</strong></span> <span class='ocrx_word' id='word_1_631' title='bbox 3167 3810 3233 3863; x_wconf 85' lang='lat' dir='ltr'><strong>Et</strong></span> <span class='ocrx_word' id='word_1_632' title='bbox 3261 3810 3363 3862; x_wconf 93' lang='lat' dir='ltr'><strong>hoc</strong></span> <span class='ocrx_word' id='word_1_633' title='bbox 3395 3817 3500 3870; x_wconf 89' lang='lat' dir='ltr'><strong>est,</strong></span> 
     </span>
    </p>
   </div>
   <div class='ocr_carea' id='block_1_85' title="bbox 1930 3896 3506 3972">
    <p class='ocr_par' dir='ltr' id='par_1_85' title="bbox 1930 3896 3506 3972">
     <span class='ocr_line' id='line_1_85' title="bbox 1930 3896 3506 3972; baseline -0.003 -15"><span class='ocrx_word' id='word_1_634' title='bbox 1930 3913 1989 3957; x_wconf 91' lang='lat' dir='ltr'><strong>ut</strong></span> <span class='ocrx_word' id='word_1_635' title='bbox 2015 3904 2221 3966; x_wconf 89' lang='lat' dir='ltr'><strong>sciatis,</strong></span> <span class='ocrx_word' id='word_1_636' title='bbox 2255 3903 2400 3972; x_wconf 87' lang='lat' dir='ltr'><strong>quod</strong></span> <span class='ocrx_word' id='word_1_637' title='bbox 2433 3903 2576 3957; x_wconf 90' lang='lat' dir='ltr'><strong>Deus</strong></span> <span class='ocrx_word' id='word_1_638' title='bbox 2605 3906 2787 3957; x_wconf 85' lang='lat' dir='ltr'><strong>omnia</strong></span> <span class='ocrx_word' id='word_1_639' title='bbox 2828 3903 2978 3956; x_wconf 87' lang='lat' dir='ltr'><strong>novit</strong></span> <span class='ocrx_word' id='word_1_640' title='bbox 3007 3917 3126 3971; x_wconf 64' lang='lat' dir='ltr'><strong>quae</strong></span> <span class='ocrx_word' id='word_1_641' title='bbox 3153 3914 3281 3956; x_wconf 90' lang='lat' dir='ltr'><strong>sunt</strong></span> <span class='ocrx_word' id='word_1_642' title='bbox 3308 3902 3360 3953; x_wconf 87' lang='lat' dir='ltr'><strong>in</strong></span> <span class='ocrx_word' id='word_1_643' title='bbox 3393 3896 3506 3954; x_wconf 67' lang='lat' dir='ltr'><strong>coal</strong></span> 
     </span>
    </p>
   </div>
   <div class='ocr_carea' id='block_1_86' title="bbox 1930 3993 3499 4064">
    <p class='ocr_par' dir='ltr' id='par_1_86' title="bbox 1930 3993 3499 4064">
     <span class='ocr_line' id='line_1_86' title="bbox 1930 3993 3499 4064; baseline -0.003 -16"><span class='ocrx_word' id='word_1_644' title='bbox 1930 3995 1984 4050; x_wconf 94' lang='lat' dir='ltr'><strong>lo</strong></span> <span class='ocrx_word' id='word_1_645' title='bbox 2015 4004 2068 4049; x_wconf 85' lang='lat' dir='ltr'><strong>et</strong></span> <span class='ocrx_word' id='word_1_646' title='bbox 2097 4011 2217 4064; x_wconf 70' lang='lat' dir='ltr'><strong>quae</strong></span> <span class='ocrx_word' id='word_1_647' title='bbox 2248 4004 2372 4048; x_wconf 86' lang='lat' dir='ltr'><strong>sunt</strong></span> <span class='ocrx_word' id='word_1_648' title='bbox 2409 3996 2457 4047; x_wconf 91' lang='lat' dir='ltr'><strong>in</strong></span> <span class='ocrx_word' id='word_1_649' title='bbox 2493 4007 2656 4058; x_wconf 90' lang='lat' dir='ltr'><strong>terra,</strong></span> <span class='ocrx_word' id='word_1_650' title='bbox 2689 4005 2744 4048; x_wconf 93' lang='lat' dir='ltr'><strong>et</strong></span> <span class='ocrx_word' id='word_1_651' title='bbox 2780 3995 2922 4049; x_wconf 89' lang='lat' dir='ltr'><strong>Deus</strong></span> <span class='ocrx_word' id='word_1_652' title='bbox 2955 3996 3057 4048; x_wconf 88' lang='lat' dir='ltr'><strong>scit</strong></span> <span class='ocrx_word' id='word_1_653' title='bbox 3094 3993 3358 4062; x_wconf 87' lang='lat' dir='ltr'><strong>quidquid</strong></span> <span class='ocrx_word' id='word_1_654' title='bbox 3398 4002 3499 4044; x_wconf 88' lang='lat' dir='ltr'><strong>est.</strong></span> 
     </span>
    </p>
   </div>
   <div class='ocr_carea' id='block_1_87' title="bbox 1931 4080 3501 4153">
    <p class='ocr_par' dir='ltr' id='par_1_87' title="bbox 1931 4080 3501 4153">
     <span class='ocr_line' id='line_1_87' title="bbox 1931 4080 3501 4153; baseline -0.004 -15"><span class='ocrx_word' id='word_1_655' title='bbox 1931 4084 2037 4138; x_wconf 85' lang='lat' dir='ltr'><strong>Sed</strong></span> <span class='ocrx_word' id='word_1_656' title='bbox 2087 4085 2210 4153; x_wconf 83' lang='lat' dir='ltr'><strong>quis</strong></span> <span class='ocrx_word' id='word_1_657' title='bbox 2261 4094 2346 4138; x_wconf 82' lang='lat' dir='ltr'><strong>est</strong></span> <span class='ocrx_word' id='word_1_658' title='bbox 2397 4093 2502 4136; x_wconf 90' lang='lat' dir='ltr'><strong>tam</strong></span> <span class='ocrx_word' id='word_1_659' title='bbox 2540 4084 2785 4146; x_wconf 86' lang='lat' dir='ltr'><strong>demens,</strong></span> <span class='ocrx_word' id='word_1_660' title='bbox 2833 4095 2893 4136; x_wconf 89' lang='lat' dir='ltr'><strong>ut</strong></span> <span class='ocrx_word' id='word_1_661' title='bbox 2939 4082 3155 4136; x_wconf 89' lang='lat' dir='ltr'><strong>dubitet</strong></span> <span class='ocrx_word' id='word_1_662' title='bbox 3188 4083 3321 4150; x_wconf 89' lang='lat' dir='ltr'><strong>quin</strong></span> <span class='ocrx_word' id='word_1_663' title='bbox 3361 4080 3501 4133; x_wconf 91' lang='lat' dir='ltr'><strong>Deus</strong></span> 
     </span>
    </p>
   </div>
   <div class='ocr_carea' id='block_1_88' title="bbox 1931 4172 3498 4244">
    <p class='ocr_par' dir='ltr' id='par_1_88' title="bbox 1931 4172 3498 4244">
     <span class='ocr_line' id='line_1_88' title="bbox 1931 4172 3498 4244; baseline -0.004 -15"><span class='ocrx_word' id='word_1_664' title='bbox 1931 4175 2069 4230; x_wconf 88' lang='lat' dir='ltr'><strong>sciat</strong></span> <span class='ocrx_word' id='word_1_665' title='bbox 2097 4173 2320 4228; x_wconf 84' lang='lat' dir='ltr'><strong>omnia?</strong></span> <span class='ocrx_word' id='word_1_666' title='bbox 2351 4172 2456 4228; x_wconf 89' lang='lat' dir='ltr'><strong>Sed</strong></span> <span class='ocrx_word' id='word_1_667' title='bbox 2489 4174 2667 4244; x_wconf 85' lang='lat' dir='ltr'><strong>posito</strong></span> <span class='ocrx_word' id='word_1_668' title='bbox 2701 4174 2846 4243; x_wconf 91' lang='lat' dir='ltr'><strong>quod</strong></span> <span class='ocrx_word' id='word_1_669' title='bbox 2883 4174 3164 4226; x_wconf 87' lang='lat' dir='ltr'><strong>dubitetur</strong></span> <span class='ocrx_word' id='word_1_670' title='bbox 3191 4174 3260 4225; x_wconf 89' lang='lat' dir='ltr'><strong>ab</strong></span> <span class='ocrx_word' id='word_1_671' title='bbox 3296 4174 3498 4240; x_wconf 89' lang='lat' dir='ltr'><strong>aliquo,</strong></span> 
     </span>
    </p>
   </div>
   <div class='ocr_carea' id='block_1_89' title="bbox 1932 4263 3501 4336">
    <p class='ocr_par' dir='ltr' id='par_1_89' title="bbox 1932 4263 3501 4336">
     <span class='ocr_line' id='line_1_89' title="bbox 1932 4263 3501 4336; baseline -0.004 -17"><span class='ocrx_word' id='word_1_672' title='bbox 1932 4283 2051 4336; x_wconf 68' lang='lat' dir='ltr'><strong>quae</strong></span> <span class='ocrx_word' id='word_1_673' title='bbox 2074 4276 2157 4320; x_wconf 89' lang='lat' dir='ltr'><strong>est</strong></span> <span class='ocrx_word' id='word_1_674' title='bbox 2187 4267 2299 4319; x_wconf 66' lang='lat' dir='ltr'><strong>haec</strong></span> <span class='ocrx_word' id='word_1_675' title='bbox 2324 4267 2736 4332; x_wconf 89' lang='lat' dir='ltr'><strong>consequentia,</strong></span> <span class='ocrx_word' id='word_1_676' title='bbox 2763 4265 2908 4334; x_wconf 90' lang='lat' dir='ltr'><strong>quod</strong></span> <span class='ocrx_word' id='word_1_677' title='bbox 2940 4279 3126 4318; x_wconf 87' lang='lat' dir='ltr'><strong>mensa</strong></span> <span class='ocrx_word' id='word_1_678' title='bbox 3158 4274 3213 4316; x_wconf 90' lang='lat' dir='ltr'><strong>et</strong></span> <span class='ocrx_word' id='word_1_679' title='bbox 3237 4263 3501 4332; x_wconf 69' lang='lat' dir='ltr'><strong>jejunium</strong></span> 
     </span>
    </p>
   </div>
   <div class='ocr_carea' id='block_1_90' title="bbox 1933 4346 3500 4424">
    <p class='ocr_par' dir='ltr' id='par_1_90' title="bbox 1933 4346 3500 4424">
     <span class='ocr_line' id='line_1_90' title="bbox 1933 4346 3500 4424; baseline -0.003 -13"><span class='ocrx_word' id='word_1_680' title='bbox 1933 4358 2136 4412; x_wconf 89' lang='lat' dir='ltr'><strong>mensis</strong></span> <span class='ocrx_word' id='word_1_681' title='bbox 2186 4356 2547 4412; x_wconf 86' lang='lat' dir='ltr'><strong>Saracenismi</strong></span> <span class='ocrx_word' id='word_1_682' title='bbox 2599 4357 2760 4412; x_wconf 85' lang='lat' dir='ltr'><strong>l&#39;aciat</strong></span> <span class='ocrx_word' id='word_1_683' title='bbox 2808 4346 2972 4423; x_wconf 59' lang='lat' dir='ltr'><strong>scire&#39;,</strong></span> <span class='ocrx_word' id='word_1_684' title='bbox 3012 4357 3157 4424; x_wconf 90' lang='lat' dir='ltr'><strong>quod</strong></span> <span class='ocrx_word' id='word_1_685' title='bbox 3205 4357 3348 4409; x_wconf 90' lang='lat' dir='ltr'><strong>Deus</strong></span> <span class='ocrx_word' id='word_1_686' title='bbox 3399 4356 3500 4407; x_wconf 74' lang='lat' dir='ltr'><strong>srit</strong></span> 
     </span>
    </p>
   </div>
   <div class='ocr_carea' id='block_1_91' title="bbox 1930 4447 3498 4516">
    <p class='ocr_par' dir='ltr' id='par_1_91' title="bbox 1930 4447 3498 4516">
     <span class='ocr_line' id='line_1_91' title="bbox 1930 4447 3498 4516; baseline -0.004 -12"><span class='ocrx_word' id='word_1_687' title='bbox 1930 4449 2150 4504; x_wconf 90' lang='lat' dir='ltr'><strong>omnia?</strong></span> <span class='ocrx_word' id='word_1_688' title='bbox 2187 4449 2252 4502; x_wconf 86' lang='lat' dir='ltr'><strong>Et</strong></span> <span class='ocrx_word' id='word_1_689' title='bbox 2281 4449 2540 4503; x_wconf 90' lang='lat' dir='ltr'><strong>continue</strong></span> <span class='ocrx_word' id='word_1_690' title='bbox 2574 4458 2755 4502; x_wconf 90' lang='lat' dir='ltr'><strong>autem</strong></span> <span class='ocrx_word' id='word_1_691' title='bbox 2800 4448 3018 4502; x_wconf 83' lang='lat' dir='ltr'><strong>videtur</strong></span> <span class='ocrx_word' id='word_1_692' title='bbox 3047 4447 3196 4516; x_wconf 89' lang='lat' dir='ltr'><strong>loqui</strong></span> <span class='ocrx_word' id='word_1_693' title='bbox 3243 4457 3498 4514; x_wconf 87' lang='lat' dir='ltr'><strong>tanquam</strong></span> 
     </span>
    </p>
   </div>
   <div class='ocr_carea' id='block_1_92' title="bbox 245 4534 1830 4610">
    <p class='ocr_par' dir='ltr' id='par_1_92' title="bbox 245 4534 1822 4610">
     <span class='ocr_line' id='line_1_92' title="bbox 245 4534 1822 4610; baseline 0.004 -22"><span class='ocrx_word' id='word_1_694' title='bbox 245 4536 366 4606; x_wconf 72' lang='grc' dir='ltr'>ἔχει</span> <span class='ocrx_word' id='word_1_695' title='bbox 398 4538 458 4590; x_wconf 83' lang='grc' dir='ltr'><strong>τὸ</strong></span> <span class='ocrx_word' id='word_1_696' title='bbox 484 4538 574 4591; x_wconf 88' lang='grc' dir='ltr'><strong>τὸν</strong></span> <span class='ocrx_word' id='word_1_697' title='bbox 613 4534 759 4591; x_wconf 73' lang='grc' dir='ltr'>οἶκον</span> <span class='ocrx_word' id='word_1_698' title='bbox 789 4541 974 4591; x_wconf 82' lang='grc' dir='ltr'>Μεσκὲ</span> <span class='ocrx_word' id='word_1_699' title='bbox 1010 4544 1101 4591; x_wconf 72' lang='grc' dir='ltr'><strong>καὶ</strong></span> <span class='ocrx_word' id='word_1_700' title='bbox 1129 4543 1228 4610; x_wconf 78' lang='grc' dir='ltr'><strong>τὴν</strong></span> <span class='ocrx_word' id='word_1_701' title='bbox 1260 4539 1509 4610; x_wconf 79' lang='grc' dir='ltr'>νηστείαν</span> <span class='ocrx_word' id='word_1_702' title='bbox 1538 4541 1633 4593; x_wconf 77' lang='grc' dir='ltr'><strong>τοῦ</strong></span> <span class='ocrx_word' id='word_1_703' title='bbox 1683 4545 1822 4610; x_wconf 72' lang='grc' dir='ltr'>Σαρ-</span> 
     </span>
    </p>
   </div>
   <div class='ocr_carea' id='block_1_93' title="bbox 1930 4534 3503 4610">
    <p class='ocr_par' dir='ltr' id='par_1_93' title="bbox 1930 4539 3503 4604">
     <span class='ocr_line' id='line_1_93' title="bbox 1930 4539 3503 4604; baseline -0.002 -10"><span class='ocrx_word' id='word_1_704' title='bbox 1930 4539 2248 4604; x_wconf 90' lang='lat' dir='ltr'><strong>somniator,</strong></span> <span class='ocrx_word' id='word_1_705' title='bbox 2277 4550 2333 4592; x_wconf 89' lang='lat' dir='ltr'><strong>et</strong></span> <span class='ocrx_word' id='word_1_706' title='bbox 2363 4540 2598 4592; x_wconf 65' lang='lat' dir='ltr'><strong>maxime</strong></span> <span class='ocrx_word' id='word_1_707' title='bbox 2631 4539 2776 4592; x_wconf 91' lang='lat' dir='ltr'><strong>circa</strong></span> <span class='ocrx_word' id='word_1_708' title='bbox 2811 4539 2970 4591; x_wconf 84' lang='lat' dir='ltr'><strong>tinem</strong></span> <span class='ocrx_word' id='word_1_709' title='bbox 2999 4539 3147 4600; x_wconf 88' lang='lat' dir='ltr'><strong>libri,</strong></span> <span class='ocrx_word' id='word_1_710' title='bbox 3185 4539 3274 4590; x_wconf 92' lang='lat' dir='ltr'><strong>ubi</strong></span> <span class='ocrx_word' id='word_1_711' title='bbox 3312 4540 3503 4591; x_wconf 84' lang='lat' dir='ltr'><strong>viden-</strong></span> 
     </span>
    </p>
   </div>
   <div class='ocr_carea' id='block_1_94' title="bbox 248 4624 1820 4696">
    <p class='ocr_par' dir='ltr' id='par_1_94' title="bbox 248 4624 1820 4696">
     <span class='ocr_line' id='line_1_94' title="bbox 248 4624 1820 4696; baseline 0.003 -19"><span class='ocrx_word' id='word_1_712' title='bbox 248 4624 594 4696; x_wconf 77' lang='grc' dir='ltr'>ρικηνισμοῦ</span> <span class='ocrx_word' id='word_1_713' title='bbox 627 4625 795 4695; x_wconf 87' lang='grc' dir='ltr'>μηνὸς</span> <span class='ocrx_word' id='word_1_714' title='bbox 836 4629 1007 4678; x_wconf 82' lang='grc' dir='ltr'>ποιεῖν</span> <span class='ocrx_word' id='word_1_715' title='bbox 1035 4627 1326 4693; x_wconf 77' lang='grc' dir='ltr'>γινώσκειν</span> <span class='ocrx_word' id='word_1_716' title='bbox 1363 4630 1534 4681; x_wconf 78' lang='grc' dir='ltr'>αἴτιον</span> <span class='ocrx_word' id='word_1_717' title='bbox 1566 4630 1820 4694; x_wconf 76' lang='grc' dir='ltr'>γενέσθαι</span> 
     </span>
    </p>
   </div>
   <div class='ocr_carea' id='block_1_95' title="bbox 243 4713 1820 4786">
    <p class='ocr_par' dir='ltr' id='par_1_95' title="bbox 243 4713 1820 4786">
     <span class='ocr_line' id='line_1_95' title="bbox 243 4713 1820 4786; baseline 0.003 -20"><span class='ocrx_word' id='word_1_718' title='bbox 243 4713 348 4766; x_wconf 72' lang='grc' dir='ltr'><strong>τοῦ</strong></span> <span class='ocrx_word' id='word_1_719' title='bbox 383 4715 578 4769; x_wconf 79' lang='grc' dir='ltr'>εἰδέναι</span> <span class='ocrx_word' id='word_1_720' title='bbox 611 4715 702 4768; x_wconf 87' lang='grc' dir='ltr'><strong>τὸν</strong></span> <span class='ocrx_word' id='word_1_721' title='bbox 745 4715 878 4767; x_wconf 89' lang='grc' dir='ltr'>Θεὸν</span> <span class='ocrx_word' id='word_1_722' title='bbox 908 4718 1085 4769; x_wconf 87' lang='grc' dir='ltr'>πάντα</span> <span class='ocrx_word' id='word_1_723' title='bbox 1117 4716 1408 4784; x_wconf 84' lang='grc' dir='ltr'>γινώσκειν</span> <span class='ocrx_word' id='word_1_724' title='bbox 1436 4737 1450 4783; x_wconf 92' lang='grc'><strong>;</strong></span> <span class='ocrx_word' id='word_1_725' title='bbox 1483 4719 1729 4786; x_wconf 80' lang='grc' dir='ltr'>Συνεχῶς</span> <span class='ocrx_word' id='word_1_726' title='bbox 1765 4719 1820 4771; x_wconf 79' lang='grc' dir='ltr'>δὲ</span> 
     </span>
    </p>
   </div>
   <div class='ocr_carea' id='block_1_96' title="bbox 243 4806 1816 4877">
    <p class='ocr_par' dir='ltr' id='par_1_96' title="bbox 243 4806 1816 4877">
     <span class='ocr_line' id='line_1_96' title="bbox 243 4806 1816 4877; baseline 0.002 -18"><span class='ocrx_word' id='word_1_727' title='bbox 243 4806 398 4859; x_wconf 76' lang='grc' dir='ltr'>δοκεῖ</span> <span class='ocrx_word' id='word_1_728' title='bbox 426 4807 767 4872; x_wconf 80' lang='grc' dir='ltr'>διαλέγεσθαι</span> <span class='ocrx_word' id='word_1_729' title='bbox 798 4807 985 4875; x_wconf 82' lang='grc' dir='ltr'>ὥσπερ</span> <span class='ocrx_word' id='word_1_730' title='bbox 1016 4809 1420 4872; x_wconf 80' lang='grc' dir='ltr'>ὲνυπνιασθεὶς,</span> <span class='ocrx_word' id='word_1_731' title='bbox 1458 4811 1550 4861; x_wconf 74' lang='grc' dir='ltr'><strong>καὶ</strong></span> <span class='ocrx_word' id='word_1_732' title='bbox 1579 4811 1816 4877; x_wconf 78' lang='grc' dir='ltr'>μάλιστα</span> 
     </span>
    </p>
   </div>
   <div class='ocr_carea' id='block_1_97' title="bbox 247 4897 1822 4969">
    <p class='ocr_par' dir='ltr' id='par_1_97' title="bbox 247 4897 1822 4969">
     <span class='ocr_line' id='line_1_97' title="bbox 247 4897 1822 4969; baseline 0.005 -22"><span class='ocrx_word' id='word_1_733' title='bbox 247 4899 382 4964; x_wconf 75' lang='grc' dir='ltr'>περὶ</span> <span class='ocrx_word' id='word_1_734' title='bbox 418 4897 478 4948; x_wconf 86' lang='grc' dir='ltr'><strong>τὸ</strong></span> <span class='ocrx_word' id='word_1_735' title='bbox 511 4897 662 4958; x_wconf 85' lang='grc' dir='ltr'>τέλος</span> <span class='ocrx_word' id='word_1_736' title='bbox 706 4897 803 4948; x_wconf 83' lang='grc' dir='ltr'>τοῦ</span> <span class='ocrx_word' id='word_1_737' title='bbox 834 4897 1062 4964; x_wconf 79' lang='grc' dir='ltr'>βιϐλίου,</span> <span class='ocrx_word' id='word_1_738' title='bbox 1095 4900 1230 4950; x_wconf 83' lang='grc' dir='ltr'>ὅπου</span> <span class='ocrx_word' id='word_1_739' title='bbox 1269 4899 1419 4951; x_wconf 81' lang='grc' dir='ltr'>δοκεῖ</span> <span class='ocrx_word' id='word_1_740' title='bbox 1463 4902 1592 4962; x_wconf 64' lang='grc' dir='ltr'>τοὺς</span> <span class='ocrx_word' id='word_1_741' title='bbox 1631 4903 1822 4969; x_wconf 78' lang='grc' dir='ltr'>λόγους</span> 
     </span>
    </p>
   </div>
   <div class='ocr_carea' id='block_1_98' title="bbox 247 4987 1824 5060">
    <p class='ocr_par' dir='ltr' id='par_1_98' title="bbox 247 4987 1824 5060">
     <span class='ocr_line' id='line_1_98' title="bbox 247 4987 1824 5060; baseline 0.002 -19"><span class='ocrx_word' id='word_1_742' title='bbox 247 4988 557 5041; x_wconf 76' lang='grc' dir='ltr'>ἐπιλείπειν</span> <span class='ocrx_word' id='word_1_743' title='bbox 587 4987 738 5057; x_wconf 79' lang='grc' dir='ltr'>αὐτῷ</span> <span class='ocrx_word' id='word_1_744' title='bbox 760 5003 775 5018; x_wconf 79' lang='grc' dir='ltr'><strong>ο</strong></span> <span class='ocrx_word' id='word_1_745' title='bbox 807 4987 997 5056; x_wconf 82' lang='grc' dir='ltr'>ὥσπερ</span> <span class='ocrx_word' id='word_1_746' title='bbox 1045 4991 1103 5041; x_wconf 80' lang='grc' dir='ltr'>ὲν</span> <span class='ocrx_word' id='word_1_747' title='bbox 1149 4989 1225 5058; x_wconf 85' lang='grc' dir='ltr'>τῷ</span> <span class='ocrx_word' id='word_1_748' title='bbox 1271 4991 1555 5060; x_wconf 81' lang='grc' dir='ltr'>κεφαλαίῳ</span> <span class='ocrx_word' id='word_1_749' title='bbox 1591 4992 1668 5058; x_wconf 84' lang='grc' dir='ltr'>τῷ</span> <span class='ocrx_word' id='word_1_750' title='bbox 1705 4992 1824 5044; x_wconf 80' lang='grc' dir='ltr'><strong>Ἐλ-</strong></span> 
     </span>
    </p>
   </div>
   <div class='ocr_carea' id='block_1_99' title="bbox 244 5077 1820 5150">
    <p class='ocr_par' dir='ltr' id='par_1_99' title="bbox 244 5077 1820 5150">
     <span class='ocr_line' id='line_1_99' title="bbox 244 5077 1820 5150; baseline 0.002 -18"><span class='ocrx_word' id='word_1_751' title='bbox 244 5080 516 5148; x_wconf 76' lang='grc' dir='ltr'>καφερὶμ,</span> <span class='ocrx_word' id='word_1_752' title='bbox 547 5077 576 5132; x_wconf 82' lang='grc' dir='ltr'><strong>δ</strong></span> <span class='ocrx_word' id='word_1_753' title='bbox 599 5081 958 5149; x_wconf 71' lang='grc' dir='ltr'>ἑρμηνεύεται</span> <span class='ocrx_word' id='word_1_754' title='bbox 987 5081 1289 5145; x_wconf 69' lang='grc' dir='ltr'>αἱρετικοὶ,</span> <span class='ocrx_word' id='word_1_755' title='bbox 1311 5084 1444 5150; x_wconf 70' lang='grc' dir='ltr'>φησι</span> <span class='ocrx_word' id='word_1_756' title='bbox 1475 5082 1614 5134; x_wconf 70' lang='grc' dir='ltr'>κατὰ</span> <span class='ocrx_word' id='word_1_757' title='bbox 1638 5085 1783 5147; x_wconf 79' lang='grc' dir='ltr'>λέξιν</span> <span class='ocrx_word' id='word_1_758' title='bbox 1805 5099 1820 5114; x_wconf 72' lang='grc' dir='ltr'><strong><em>ο</em></strong></span> 
     </span>
    </p>
   </div>
   <div class='ocr_carea' id='block_1_100' title="bbox 243 5168 1820 5240">
    <p class='ocr_par' dir='ltr' id='par_1_100' title="bbox 243 5168 1820 5240">
     <span class='ocr_line' id='line_1_100' title="bbox 243 5168 1820 5240; baseline 0.002 -15"><span class='ocrx_word' id='word_1_759' title='bbox 243 5168 320 5225; x_wconf 83' lang='grc' dir='ltr'><strong><em>Ὦ</em></strong></span> <span class='ocrx_word' id='word_1_760' title='bbox 355 5171 691 5239; x_wconf 83' lang='grc' dir='ltr'>βλάσφημοι,</span> <span class='ocrx_word' id='word_1_761' title='bbox 732 5170 793 5222; x_wconf 82' lang='grc' dir='ltr'><strong>οὐ</strong></span> <span class='ocrx_word' id='word_1_762' title='bbox 841 5171 1156 5239; x_wconf 74' lang='grc' dir='ltr'>προσκυνῶ,</span> <span class='ocrx_word' id='word_1_763' title='bbox 1195 5171 1222 5224; x_wconf 81' lang='grc' dir='ltr'><strong>ὃ</strong></span> <span class='ocrx_word' id='word_1_764' title='bbox 1280 5178 1661 5240; x_wconf 78' lang='grc' dir='ltr'>προσκυνεῖτε,</span> <span class='ocrx_word' id='word_1_765' title='bbox 1705 5174 1820 5227; x_wconf 77' lang='grc' dir='ltr'>οὗθ’</span> 
     </span>
    </p>
   </div>
   <div class='ocr_carea' id='block_1_101' title="bbox 243 5262 1821 5334">
    <p class='ocr_par' dir='ltr' id='par_1_101' title="bbox 243 5262 1821 5334">
     <span class='ocr_line' id='line_1_101' title="bbox 243 5262 1821 5334; baseline 0.001 -18"><span class='ocrx_word' id='word_1_766' title='bbox 243 5264 410 5332; x_wconf 72' lang='grc' dir='ltr'>ὑμεῖς</span> <span class='ocrx_word' id='word_1_767' title='bbox 467 5262 845 5324; x_wconf 85' lang='grc' dir='ltr'>προσκυνεῖτε,</span> <span class='ocrx_word' id='word_1_768' title='bbox 870 5263 898 5313; x_wconf 84' lang='grc' dir='ltr'>ὃ</span> <span class='ocrx_word' id='word_1_769' title='bbox 933 5263 1250 5331; x_wconf 83' lang='grc' dir='ltr'>προσκυνῶ.</span> <span class='ocrx_word' id='word_1_770' title='bbox 1295 5263 1453 5330; x_wconf 76' lang='grc' dir='ltr'>’Υμῖν</span> <span class='ocrx_word' id='word_1_771' title='bbox 1489 5266 1516 5315; x_wconf 89' lang='lat'><strong>6</strong></span> <span class='ocrx_word' id='word_1_772' title='bbox 1559 5265 1821 5334; x_wconf 82' lang='grc' dir='ltr'>ὑμέτερος</span> 
     </span>
    </p>
   </div>
   <div class='ocr_carea' id='block_1_102' title="bbox 240 5352 1820 5424">
    <p class='ocr_par' dir='ltr' id='par_1_102' title="bbox 240 5352 1820 5424">
     <span class='ocr_line' id='line_1_102' title="bbox 240 5352 1820 5424; baseline -0.001 -15"><span class='ocrx_word' id='word_1_773' title='bbox 240 5359 433 5424; x_wconf 79' lang='grc' dir='ltr'>νόμος,</span> <span class='ocrx_word' id='word_1_774' title='bbox 467 5356 561 5407; x_wconf 78' lang='grc' dir='ltr'><strong>καὶ</strong></span> <span class='ocrx_word' id='word_1_775' title='bbox 595 5355 719 5422; x_wconf 77' lang='grc' dir='ltr'>ἐμοὶ</span> <span class='ocrx_word' id='word_1_776' title='bbox 749 5355 777 5406; x_wconf 90' lang='lat'><strong>6</strong></span> <span class='ocrx_word' id='word_1_777' title='bbox 805 5354 967 5421; x_wconf 68' lang='grc' dir='ltr'>νόμος</span> <span class='ocrx_word' id='word_1_778' title='bbox 1007 5355 1034 5404; x_wconf 87' lang='lat'><strong>6</strong></span> <span class='ocrx_word' id='word_1_779' title='bbox 1064 5354 1217 5422; x_wconf 78' lang='grc' dir='ltr'>ἐμός.</span> <span class='ocrx_word' id='word_1_780' title='bbox 1251 5352 1414 5405; x_wconf 72' lang='grc' dir='ltr'>Ἀλλὰ</span> <span class='ocrx_word' id='word_1_781' title='bbox 1456 5357 1562 5418; x_wconf 75' lang='grc' dir='ltr'>πᾶς</span> <span class='ocrx_word' id='word_1_782' title='bbox 1611 5357 1820 5423; x_wconf 85' lang='grc' dir='ltr'>αἱρετι-</span> 
     </span>
    </p>
   </div>
   <div class='ocr_carea' id='block_1_103' title="bbox 239 5443 1821 5515">
    <p class='ocr_par' dir='ltr' id='par_1_103' title="bbox 239 5443 1821 5515">
     <span class='ocr_line' id='line_1_103' title="bbox 239 5443 1821 5515; baseline 0 -17"><span class='ocrx_word' id='word_1_783' title='bbox 239 5446 344 5506; x_wconf 80' lang='grc' dir='ltr'><strong>κὸς</strong></span> <span class='ocrx_word' id='word_1_784' title='bbox 400 5443 556 5497; x_wconf 87' lang='grc' dir='ltr'>τοῦτο</span> <span class='ocrx_word' id='word_1_785' title='bbox 603 5445 823 5498; x_wconf 79' lang='grc' dir='ltr'>δύναται</span> <span class='ocrx_word' id='word_1_786' title='bbox 869 5444 1068 5509; x_wconf 86' lang='grc' dir='ltr'>λέγειν,</span> <span class='ocrx_word' id='word_1_787' title='bbox 1106 5444 1192 5495; x_wconf 83' lang='grc' dir='ltr'>ἵνα</span> <span class='ocrx_word' id='word_1_788' title='bbox 1250 5444 1516 5512; x_wconf 74' lang='grc' dir='ltr'>διακόπτῃ</span> <span class='ocrx_word' id='word_1_789' title='bbox 1555 5445 1652 5511; x_wconf 70' lang='grc' dir='ltr'>τὴν</span> <span class='ocrx_word' id='word_1_790' title='bbox 1686 5443 1821 5515; x_wconf 81' lang='grc' dir='ltr'>ὕλην</span> 
     </span>
    </p>
   </div>
   <div class='ocr_carea' id='block_1_104' title="bbox 237 5533 1822 5606">
    <p class='ocr_par' dir='ltr' id='par_1_104' title="bbox 237 5533 1822 5606">
     <span class='ocr_line' id='line_1_104' title="bbox 237 5533 1822 5606; baseline 0.001 -18"><span class='ocrx_word' id='word_1_791' title='bbox 237 5538 346 5606; x_wconf 80' lang='grc' dir='ltr'>τὴν</span> <span class='ocrx_word' id='word_1_792' title='bbox 384 5535 512 5604; x_wconf 80' lang='grc' dir='ltr'>περὶ</span> <span class='ocrx_word' id='word_1_793' title='bbox 557 5535 657 5604; x_wconf 80' lang='grc' dir='ltr'><strong>τῆς</strong></span> <span class='ocrx_word' id='word_1_794' title='bbox 700 5533 984 5603; x_wconf 82' lang='grc' dir='ltr'>ζητήσεως</span> <span class='ocrx_word' id='word_1_795' title='bbox 1031 5533 1128 5602; x_wconf 79' lang='grc' dir='ltr'>τῆς</span> <span class='ocrx_word' id='word_1_796' title='bbox 1182 5533 1459 5602; x_wconf 77' lang='grc' dir='ltr'>ἀληθείας.</span> <span class='ocrx_word' id='word_1_797' title='bbox 1525 5534 1664 5586; x_wconf 85' lang='grc' dir='ltr'>Ἀλλ’</span> <span class='ocrx_word' id='word_1_798' title='bbox 1701 5536 1822 5589; x_wconf 72' lang='grc' dir='ltr'>οὐδὲ</span> 
     </span>
    </p>
   </div>
   <div class='ocr_carea' id='block_1_105' title="bbox 246 5625 1823 5699">
    <p class='ocr_par' dir='ltr' id='par_1_105' title="bbox 246 5625 1823 5699">
     <span class='ocr_line' id='line_1_105' title="bbox 246 5625 1823 5699; baseline 0.001 -19"><span class='ocrx_word' id='word_1_799' title='bbox 246 5625 538 5699; x_wconf 86' lang='grc' dir='ltr'>μέμνημαί</span> <span class='ocrx_word' id='word_1_800' title='bbox 571 5644 703 5680; x_wconf 89' lang='grc' dir='ltr'>ποτε</span> <span class='ocrx_word' id='word_1_801' title='bbox 759 5626 847 5679; x_wconf 74' lang='grc' dir='ltr'>διὰ</span> <span class='ocrx_word' id='word_1_802' title='bbox 906 5626 1106 5685; x_wconf 65' lang='grc' dir='ltr'>παντες</span> <span class='ocrx_word' id='word_1_803' title='bbox 1157 5626 1248 5676; x_wconf 77' lang='grc' dir='ltr'>τοῦ</span> <span class='ocrx_word' id='word_1_804' title='bbox 1285 5626 1490 5694; x_wconf 76' lang='grc' dir='ltr'>βιϐλίου</span> <span class='ocrx_word' id='word_1_805' title='bbox 1547 5626 1605 5678; x_wconf 83' lang='grc' dir='ltr'>ἓν</span> <span class='ocrx_word' id='word_1_806' title='bbox 1663 5629 1823 5695; x_wconf 73' lang='grc' dir='ltr'>μόνον</span> 
     </span>
    </p>
   </div>
   <div class='ocr_carea' id='block_1_106' title="bbox 242 5719 1826 5791">
    <p class='ocr_par' dir='ltr' id='par_1_106' title="bbox 242 5719 1826 5791">
     <span class='ocr_line' id='line_1_106' title="bbox 242 5719 1826 5791; baseline -0.002 -17"><span class='ocrx_word' id='word_1_807' title='bbox 242 5720 589 5791; x_wconf 68' lang='grc' dir='ltr'>ἐπιχείρημα</span> <span class='ocrx_word' id='word_1_808' title='bbox 637 5720 812 5790; x_wconf 84' lang='grc' dir='ltr'>εὑρὼν</span> <span class='ocrx_word' id='word_1_809' title='bbox 846 5721 970 5772; x_wconf 87' lang='grc' dir='ltr'>κατ’</span> <span class='ocrx_word' id='word_1_810' title='bbox 998 5719 1216 5771; x_wconf 79' lang='grc' dir='ltr'>εὐθεῖαν</span> <span class='ocrx_word' id='word_1_811' title='bbox 1262 5719 1520 5772; x_wconf 75' lang='grc' dir='ltr'>ὑπόθεσιν</span> <span class='ocrx_word' id='word_1_812' title='bbox 1555 5721 1648 5772; x_wconf 84' lang='grc' dir='ltr'><strong>καὶ</strong></span> <span class='ocrx_word' id='word_1_813' title='bbox 1692 5721 1826 5789; x_wconf 83' lang='grc' dir='ltr'>πρέ-</span> 
     </span>
    </p>
   </div>
   <div class='ocr_carea' id='block_1_107' title="bbox 246 5811 1826 5883">
    <p class='ocr_par' dir='ltr' id='par_1_107' title="bbox 246 5811 1826 5883">
     <span class='ocr_line' id='line_1_107' title="bbox 246 5811 1826 5883; baseline 0.001 -17"><span class='ocrx_word' id='word_1_814' title='bbox 246 5830 464 5868; x_wconf 82' lang='grc' dir='ltr'>πουσαν</span> <span class='ocrx_word' id='word_1_815' title='bbox 521 5811 692 5878; x_wconf 77' lang='grc' dir='ltr'>τάξιν.</span> <span class='ocrx_word' id='word_1_816' title='bbox 759 5812 823 5868; x_wconf 83' lang='grc' dir='ltr'><strong>Ἦ</strong></span> <span class='ocrx_word' id='word_1_817' title='bbox 870 5812 925 5866; x_wconf 85' lang='grc' dir='ltr'>δὲ</span> <span class='ocrx_word' id='word_1_818' title='bbox 987 5811 1096 5882; x_wconf 77' lang='grc' dir='ltr'>τῶν</span> <span class='ocrx_word' id='word_1_819' title='bbox 1151 5812 1432 5883; x_wconf 75' lang='grc' dir='ltr'>ὀνομάτων</span> <span class='ocrx_word' id='word_1_820' title='bbox 1489 5815 1644 5878; x_wconf 78' lang='grc' dir='ltr'>τάξις</span> <span class='ocrx_word' id='word_1_821' title='bbox 1708 5816 1826 5869; x_wconf 79' lang='grc' dir='ltr'>ἐκεῖ</span> 
     </span>
    </p>
   </div>
   <div class='ocr_carea' id='block_1_108' title="bbox 1935 4625 3501 4692">
    <p class='ocr_par' dir='ltr' id='par_1_108' title="bbox 1935 4625 3501 4692">
     <span class='ocr_line' id='line_1_108' title="bbox 1935 4625 3501 4692; baseline -0.004 -8"><span class='ocrx_word' id='word_1_822' title='bbox 1935 4641 2022 4685; x_wconf 93' lang='lat' dir='ltr'><strong>tur</strong></span> <span class='ocrx_word' id='word_1_823' title='bbox 2068 4629 2117 4682; x_wconf 87' lang='lat' dir='ltr'><strong>ei</strong></span> <span class='ocrx_word' id='word_1_824' title='bbox 2165 4628 2329 4682; x_wconf 84' lang='lat' dir='ltr'><strong>verba</strong></span> <span class='ocrx_word' id='word_1_825' title='bbox 2362 4627 2615 4681; x_wconf 80' lang='lat' dir='ltr'><strong>deiicere.</strong></span> <span class='ocrx_word' id='word_1_826' title='bbox 2657 4626 2808 4678; x_wconf 91' lang='lat' dir='ltr'><strong>Sicut</strong></span> <span class='ocrx_word' id='word_1_827' title='bbox 2841 4626 2896 4678; x_wconf 92' lang='lat' dir='ltr'><strong>in</strong></span> <span class='ocrx_word' id='word_1_828' title='bbox 2948 4627 3183 4692; x_wconf 80' lang='lat' dir='ltr'><strong>capitulo</strong></span> <span class='ocrx_word' id='word_1_829' title='bbox 3233 4625 3501 4692; x_wconf 81' lang='lat' dir='ltr'><strong>Elcaphe-</strong></span> 
     </span>
    </p>
   </div>
   <div class='ocr_carea' id='block_1_109' title="bbox 1932 4718 3499 4789">
    <p class='ocr_par' dir='ltr' id='par_1_109' title="bbox 1932 4718 3499 4789">
     <span class='ocr_line' id='line_1_109' title="bbox 1932 4718 3499 4789; baseline -0.004 -15"><span class='ocrx_word' id='word_1_830' title='bbox 1932 4739 2050 4774; x_wconf 90' lang='lat' dir='ltr'><strong>rum</strong></span> <span class='ocrx_word' id='word_1_831' title='bbox 2105 4721 2250 4789; x_wconf 88' lang='lat' dir='ltr'><strong>quod</strong></span> <span class='ocrx_word' id='word_1_832' title='bbox 2294 4721 2684 4788; x_wconf 85' lang='lat' dir='ltr'><strong>interpretatur</strong></span> <span class='ocrx_word' id='word_1_833' title='bbox 2734 4718 2986 4782; x_wconf 72' lang='lat' dir='ltr'><strong>lia&#39;retici,</strong></span> <span class='ocrx_word' id='word_1_834' title='bbox 3034 4719 3168 4771; x_wconf 83' lang='lat' dir='ltr'><strong>dicit</strong></span> <span class='ocrx_word' id='word_1_835' title='bbox 3215 4719 3281 4770; x_wconf 89' lang='lat' dir='ltr'><strong>de</strong></span> <span class='ocrx_word' id='word_1_836' title='bbox 3334 4718 3499 4769; x_wconf 76' lang='lat' dir='ltr'><strong>verbo</strong></span> 
     </span>
    </p>
   </div>
   <div class='ocr_carea' id='block_1_110' title="bbox 1930 4808 3501 4876">
    <p class='ocr_par' dir='ltr' id='par_1_110' title="bbox 1930 4808 3501 4876">
     <span class='ocr_line' id='line_1_110' title="bbox 1930 4808 3501 4876; baseline -0.006 -10"><span class='ocrx_word' id='word_1_837' title='bbox 1930 4815 1996 4866; x_wconf 86' lang='lat' dir='ltr'><strong>ad</strong></span> <span class='ocrx_word' id='word_1_838' title='bbox 2047 4814 2316 4866; x_wconf 75' lang='lat' dir='ltr'><strong>verbum:</strong></span> <span class='ocrx_word' id='word_1_839' title='bbox 2353 4811 2395 4866; x_wconf 94' lang='grc' dir='ltr'>Ο</span> <span class='ocrx_word' id='word_1_840' title='bbox 2431 4810 2816 4872; x_wconf 74' lang='lat' dir='ltr'><strong>exsecrabiles,</strong></span> <span class='ocrx_word' id='word_1_841' title='bbox 2870 4825 2977 4862; x_wconf 91' lang='lat' dir='ltr'><strong>non</strong></span> <span class='ocrx_word' id='word_1_842' title='bbox 3015 4809 3184 4861; x_wconf 86' lang='lat' dir='ltr'><strong>adoro</strong></span> <span class='ocrx_word' id='word_1_843' title='bbox 3217 4808 3360 4876; x_wconf 91' lang='lat' dir='ltr'><strong>quod</strong></span> <span class='ocrx_word' id='word_1_844' title='bbox 3407 4823 3501 4858; x_wconf 76' lang='lat' dir='ltr'><strong>vos</strong></span> 
     </span>
    </p>
   </div>
   <div class='ocr_carea' id='block_1_111' title="bbox 1932 4900 3502 4972">
    <p class='ocr_par' dir='ltr' id='par_1_111' title="bbox 1932 4900 3502 4972">
     <span class='ocr_line' id='line_1_111' title="bbox 1932 4900 3502 4972; baseline -0.003 -14"><span class='ocrx_word' id='word_1_845' title='bbox 1932 4905 2190 4970; x_wconf 87' lang='lat' dir='ltr'><strong>adoratis,</strong></span> <span class='ocrx_word' id='word_1_846' title='bbox 2217 4918 2391 4972; x_wconf 87' lang='lat' dir='ltr'><strong>neque</strong></span> <span class='ocrx_word' id='word_1_847' title='bbox 2418 4919 2511 4956; x_wconf 85' lang='lat' dir='ltr'><strong>vos</strong></span> <span class='ocrx_word' id='word_1_848' title='bbox 2537 4901 2775 4956; x_wconf 84' lang='lat' dir='ltr'><strong>adoratis</strong></span> <span class='ocrx_word' id='word_1_849' title='bbox 2806 4901 2950 4968; x_wconf 87' lang='lat' dir='ltr'><strong>quod</strong></span> <span class='ocrx_word' id='word_1_850' title='bbox 2979 4917 3081 4968; x_wconf 73' lang='lat' dir='ltr'><strong>ego</strong></span> <span class='ocrx_word' id='word_1_851' title='bbox 3109 4901 3310 4962; x_wconf 89' lang='lat' dir='ltr'><strong>adoro;</strong></span> <span class='ocrx_word' id='word_1_852' title='bbox 3346 4900 3502 4952; x_wconf 81' lang='lat' dir='ltr'><strong>\‘nDlS</strong></span> 
     </span>
    </p>
   </div>
   <div class='ocr_carea' id='block_1_112' title="bbox 1931 4993 3502 5060">
    <p class='ocr_par' dir='ltr' id='par_1_112' title="bbox 1931 4993 3502 5060">
     <span class='ocr_line' id='line_1_112' title="bbox 1931 4993 3502 5060; baseline -0.003 -10"><span class='ocrx_word' id='word_1_853' title='bbox 1931 5006 2115 5050; x_wconf 87' lang='lat' dir='ltr'><strong>vestra</strong></span> <span class='ocrx_word' id='word_1_854' title='bbox 2149 4997 2258 5060; x_wconf 77' lang='lat' dir='ltr'><strong>lex,</strong></span> <span class='ocrx_word' id='word_1_855' title='bbox 2297 5003 2352 5048; x_wconf 83' lang='lat' dir='ltr'><strong>et</strong></span> <span class='ocrx_word' id='word_1_856' title='bbox 2380 4995 2515 5048; x_wconf 90' lang='lat' dir='ltr'><strong>mihi</strong></span> <span class='ocrx_word' id='word_1_857' title='bbox 2547 5010 2662 5048; x_wconf 91' lang='lat' dir='ltr'><strong>mea</strong></span> <span class='ocrx_word' id='word_1_858' title='bbox 2692 4995 2798 5048; x_wconf 85' lang='lat' dir='ltr'><strong>lex.</strong></span> <span class='ocrx_word' id='word_1_859' title='bbox 2824 4993 2927 5047; x_wconf 89' lang='lat' dir='ltr'><strong>Sed</strong></span> <span class='ocrx_word' id='word_1_860' title='bbox 2957 4994 3186 5060; x_wconf 83' lang='lat' dir='ltr'><strong>quilibet</strong></span> <span class='ocrx_word' id='word_1_861' title='bbox 3213 4993 3502 5047; x_wconf 73' lang='lat' dir='ltr'><strong>haereticus</strong></span> 
     </span>
    </p>
   </div>
   <div class='ocr_carea' id='block_1_113' title="bbox 1931 5084 3502 5156">
    <p class='ocr_par' dir='ltr' id='par_1_113' title="bbox 1931 5084 3502 5156">
     <span class='ocr_line' id='line_1_113' title="bbox 1931 5084 3502 5156; baseline 0.001 -21"><span class='ocrx_word' id='word_1_862' title='bbox 1931 5095 2110 5156; x_wconf 86' lang='lat' dir='ltr'><strong>potest</strong></span> <span class='ocrx_word' id='word_1_863' title='bbox 2150 5086 2254 5140; x_wconf 88' lang='lat' dir='ltr'><strong>hoc</strong></span> <span class='ocrx_word' id='word_1_864' title='bbox 2281 5086 2485 5150; x_wconf 88' lang='lat' dir='ltr'><strong>dicere,</strong></span> <span class='ocrx_word' id='word_1_865' title='bbox 2520 5096 2579 5138; x_wconf 88' lang='lat' dir='ltr'><strong>ut</strong></span> <span class='ocrx_word' id='word_1_866' title='bbox 2609 5085 2901 5138; x_wconf 87' lang='lat' dir='ltr'><strong>intercidat</strong></span> <span class='ocrx_word' id='word_1_867' title='bbox 2942 5084 3227 5137; x_wconf 86' lang='lat' dir='ltr'><strong>materiam</strong></span> <span class='ocrx_word' id='word_1_868' title='bbox 3271 5101 3390 5153; x_wconf 70' lang='lat' dir='ltr'><strong>quae</strong></span> <span class='ocrx_word' id='word_1_869' title='bbox 3419 5096 3502 5137; x_wconf 89' lang='lat' dir='ltr'><strong>est</strong></span> 
     </span>
    </p>
   </div>
   <div class='ocr_carea' id='block_1_114' title="bbox 1931 5175 3499 5245">
    <p class='ocr_par' dir='ltr' id='par_1_114' title="bbox 1931 5175 3499 5245">
     <span class='ocr_line' id='line_1_114' title="bbox 1931 5175 3499 5245; baseline -0.004 -14"><span class='ocrx_word' id='word_1_870' title='bbox 1931 5178 1999 5231; x_wconf 92' lang='lat' dir='ltr'><strong>de</strong></span> <span class='ocrx_word' id='word_1_871' title='bbox 2042 5176 2397 5245; x_wconf 89' lang='lat' dir='ltr'><strong>inquisitione</strong></span> <span class='ocrx_word' id='word_1_872' title='bbox 2429 5176 2697 5229; x_wconf 88' lang='lat' dir='ltr'><strong>veritatis.</strong></span> <span class='ocrx_word' id='word_1_873' title='bbox 2734 5175 2798 5228; x_wconf 85' lang='lat' dir='ltr'><strong>Et</strong></span> <span class='ocrx_word' id='word_1_874' title='bbox 2843 5191 3020 5244; x_wconf 90' lang='lat' dir='ltr'><strong>neque</strong></span> <span class='ocrx_word' id='word_1_875' title='bbox 3060 5177 3383 5228; x_wconf 85' lang='lat' dir='ltr'><strong>reminiscor</strong></span> <span class='ocrx_word' id='word_1_876' title='bbox 3413 5189 3499 5226; x_wconf 88' lang='lat' dir='ltr'><strong>me</strong></span> 
     </span>
    </p>
   </div>
   <div class='ocr_carea' id='block_1_115' title="bbox 1934 5267 3500 5337">
    <p class='ocr_par' dir='ltr' id='par_1_115' title="bbox 1934 5267 3500 5337">
     <span class='ocr_line' id='line_1_115' title="bbox 1934 5267 3500 5337; baseline -0.004 -14"><span class='ocrx_word' id='word_1_877' title='bbox 1934 5270 2204 5324; x_wconf 86' lang='lat' dir='ltr'><strong>invenisse</strong></span> <span class='ocrx_word' id='word_1_878' title='bbox 2245 5269 2299 5322; x_wconf 91' lang='lat' dir='ltr'><strong>in</strong></span> <span class='ocrx_word' id='word_1_879' title='bbox 2334 5277 2446 5322; x_wconf 92' lang='lat' dir='ltr'><strong>toto</strong></span> <span class='ocrx_word' id='word_1_880' title='bbox 2478 5269 2621 5322; x_wconf 92' lang='lat' dir='ltr'><strong>libro</strong></span> <span class='ocrx_word' id='word_1_881' title='bbox 2651 5283 2813 5322; x_wconf 91' lang='lat' dir='ltr'><strong>unam</strong></span> <span class='ocrx_word' id='word_1_882' title='bbox 2858 5271 3029 5323; x_wconf 86' lang='lat' dir='ltr'><strong>solam</strong></span> <span class='ocrx_word' id='word_1_883' title='bbox 3073 5267 3500 5337; x_wconf 75' lang='lat' dir='ltr'><strong>argumentatio-</strong></span> 
     </span>
    </p>
   </div>
   <div class='ocr_carea' id='block_1_116' title="bbox 1931 5359 3504 5430">
    <p class='ocr_par' dir='ltr' id='par_1_116' title="bbox 1931 5359 3504 5430">
     <span class='ocr_line' id='line_1_116' title="bbox 1931 5359 3504 5430; baseline -0.004 -13"><span class='ocrx_word' id='word_1_884' title='bbox 1931 5378 2054 5416; x_wconf 89' lang='lat' dir='ltr'><strong>nem</strong></span> <span class='ocrx_word' id='word_1_885' title='bbox 2112 5377 2234 5430; x_wconf 69' lang='lat' dir='ltr'><strong>quae</strong></span> <span class='ocrx_word' id='word_1_886' title='bbox 2262 5359 2564 5414; x_wconf 90' lang='lat' dir='ltr'><strong>secundum</strong></span> <span class='ocrx_word' id='word_1_887' title='bbox 2593 5371 2795 5414; x_wconf 86' lang='lat' dir='ltr'><strong>rectam</strong></span> <span class='ocrx_word' id='word_1_888' title='bbox 2826 5361 3260 5428; x_wconf 87' lang='lat' dir='ltr'><strong>suppositionem</strong></span> <span class='ocrx_word' id='word_1_889' title='bbox 3288 5371 3343 5411; x_wconf 92' lang='lat' dir='ltr'><strong>et</strong></span> <span class='ocrx_word' id='word_1_890' title='bbox 3369 5375 3504 5411; x_wconf 91' lang='lat' dir='ltr'><strong>con-</strong></span> 
     </span>
    </p>
   </div>
   <div class='ocr_carea' id='block_1_117' title="bbox 1931 5448 3501 5518">
    <p class='ocr_par' dir='ltr' id='par_1_117' title="bbox 1931 5448 3501 5518">
     <span class='ocr_line' id='line_1_117' title="bbox 1931 5448 3501 5518; baseline -0.003 -14"><span class='ocrx_word' id='word_1_891' title='bbox 1931 5452 2238 5506; x_wconf 90' lang='lat' dir='ltr'><strong>venientem</strong></span> <span class='ocrx_word' id='word_1_892' title='bbox 2264 5451 2513 5504; x_wconf 89' lang='lat' dir='ltr'><strong>ordinem</strong></span> <span class='ocrx_word' id='word_1_893' title='bbox 2545 5449 2820 5518; x_wconf 84' lang='lat' dir='ltr'><strong>procedat.</strong></span> <span class='ocrx_word' id='word_1_894' title='bbox 2846 5450 3140 5505; x_wconf 82' lang='lat' dir='ltr'><strong>Nominum</strong></span> <span class='ocrx_word' id='word_1_895' title='bbox 3163 5458 3343 5502; x_wconf 88' lang='lat' dir='ltr'><strong>autem</strong></span> <span class='ocrx_word' id='word_1_896' title='bbox 3366 5448 3501 5500; x_wconf 90' lang='lat' dir='ltr'><strong>ordo</strong></span> 
     </span>
    </p>
   </div>
   <div class='ocr_carea' id='block_1_118' title="bbox 1931 5541 3501 5612">
    <p class='ocr_par' dir='ltr' id='par_1_118' title="bbox 1931 5541 3501 5612">
     <span class='ocr_line' id='line_1_118' title="bbox 1931 5541 3501 5612; baseline -0.002 -14"><span class='ocrx_word' id='word_1_897' title='bbox 1931 5546 2040 5598; x_wconf 90' lang='lat' dir='ltr'><strong>illic</strong></span> <span class='ocrx_word' id='word_1_898' title='bbox 2078 5544 2430 5612; x_wconf 74' lang='lat' dir='ltr'><strong>grammatice</strong></span> <span class='ocrx_word' id='word_1_899' title='bbox 2470 5553 2524 5596; x_wconf 87' lang='lat' dir='ltr'><strong>et</strong></span> <span class='ocrx_word' id='word_1_900' title='bbox 2579 5543 2884 5611; x_wconf 78' lang='lat' dir='ltr'><strong>rhythmice</strong></span> <span class='ocrx_word' id='word_1_901' title='bbox 2929 5545 3170 5611; x_wconf 84' lang='lat' dir='ltr'><strong>optimus</strong></span> <span class='ocrx_word' id='word_1_902' title='bbox 3211 5550 3314 5595; x_wconf 87' lang='lat' dir='ltr'><strong>est.</strong></span> <span class='ocrx_word' id='word_1_903' title='bbox 3365 5541 3501 5595; x_wconf 82' lang='lat' dir='ltr'><strong>Fere</strong></span> 
     </span>
    </p>
   </div>
   <div class='ocr_carea' id='block_1_119' title="bbox 1930 5634 3500 5705">
    <p class='ocr_par' dir='ltr' id='par_1_119' title="bbox 1930 5634 3500 5705">
     <span class='ocr_line' id='line_1_119' title="bbox 1930 5634 3500 5705; baseline -0.001 -14"><span class='ocrx_word' id='word_1_904' title='bbox 1930 5637 2074 5691; x_wconf 87' lang='lat' dir='ltr'><strong>enim</strong></span> <span class='ocrx_word' id='word_1_905' title='bbox 2106 5644 2250 5689; x_wconf 90' lang='lat' dir='ltr'><strong>totus</strong></span> <span class='ocrx_word' id='word_1_906' title='bbox 2287 5635 2428 5689; x_wconf 87' lang='lat' dir='ltr'><strong>liber</strong></span> <span class='ocrx_word' id='word_1_907' title='bbox 2457 5636 2714 5688; x_wconf 88' lang='lat' dir='ltr'><strong>metricus</strong></span> <span class='ocrx_word' id='word_1_908' title='bbox 2749 5646 2803 5689; x_wconf 92' lang='lat' dir='ltr'><strong>et</strong></span> <span class='ocrx_word' id='word_1_909' title='bbox 2831 5637 3172 5705; x_wconf 78' lang='lat' dir='ltr'><strong>rhythmicus</strong></span> <span class='ocrx_word' id='word_1_910' title='bbox 3207 5645 3308 5689; x_wconf 89' lang='lat' dir='ltr'><strong>est.</strong></span> <span class='ocrx_word' id='word_1_911' title='bbox 3347 5634 3500 5689; x_wconf 86' lang='lat' dir='ltr'><strong>Unde</strong></span> 
     </span>
    </p>
   </div>
   <div class='ocr_carea' id='block_1_120' title="bbox 1930 5723 3501 5794">
    <p class='ocr_par' dir='ltr' id='par_1_120' title="bbox 1930 5723 3501 5794">
     <span class='ocr_line' id='line_1_120' title="bbox 1930 5723 3501 5794; baseline 0 -16"><span class='ocrx_word' id='word_1_912' title='bbox 1930 5735 1982 5778; x_wconf 86' lang='lat' dir='ltr'><strong>et</strong></span> <span class='ocrx_word' id='word_1_913' title='bbox 2014 5725 2166 5777; x_wconf 85' lang='lat' dir='ltr'><strong>valde</strong></span> <span class='ocrx_word' id='word_1_914' title='bbox 2194 5724 2495 5792; x_wconf 79' lang='lat' dir='ltr'><strong>gloriantur</strong></span> <span class='ocrx_word' id='word_1_915' title='bbox 2539 5723 2794 5777; x_wconf 77' lang='lat' dir='ltr'><strong>Saraceni</strong></span> <span class='ocrx_word' id='word_1_916' title='bbox 2856 5728 2906 5778; x_wconf 92' lang='lat' dir='ltr'><strong>iu</strong></span> <span class='ocrx_word' id='word_1_917' title='bbox 2941 5727 3018 5780; x_wconf 82' lang='lat' dir='ltr'><strong>sic</strong></span> <span class='ocrx_word' id='word_1_918' title='bbox 3054 5726 3284 5794; x_wconf 89' lang='lat' dir='ltr'><strong>pulchro</strong></span> <span class='ocrx_word' id='word_1_919' title='bbox 3317 5735 3374 5778; x_wconf 89' lang='lat' dir='ltr'><strong>et</strong></span> <span class='ocrx_word' id='word_1_920' title='bbox 3406 5741 3501 5778; x_wconf 87' lang='lat' dir='ltr'><strong>or-</strong></span> 
     </span>
    </p>
   </div>
   <div class='ocr_carea' id='block_1_121' title="bbox 1931 5817 3504 5892">
    <p class='ocr_par' dir='ltr' id='par_1_121' title="bbox 1931 5817 3504 5892">
     <span class='ocr_line' id='line_1_121' title="bbox 1931 5817 3504 5892; baseline 0.001 -20"><span class='ocrx_word' id='word_1_921' title='bbox 1931 5827 2057 5872; x_wconf 89' lang='lat' dir='ltr'><strong>nato</strong></span> <span class='ocrx_word' id='word_1_922' title='bbox 2088 5817 2328 5872; x_wconf 67' lang='lat' dir='ltr'><strong>Arabicae</strong></span> <span class='ocrx_word' id='word_1_923' title='bbox 2357 5817 2649 5872; x_wconf 87' lang='lat' dir='ltr'><strong>locutionis</strong></span> <span class='ocrx_word' id='word_1_924' title='bbox 2679 5818 2870 5880; x_wconf 86' lang='lat' dir='ltr'><strong>modo;</strong></span> <span class='ocrx_word' id='word_1_925' title='bbox 2905 5827 2956 5873; x_wconf 90' lang='lat' dir='ltr'><strong>ct</strong></span> <span class='ocrx_word' id='word_1_926' title='bbox 2991 5837 3053 5873; x_wconf 78' lang='lat' dir='ltr'><strong>cx</strong></span> <span class='ocrx_word' id='word_1_927' title='bbox 3093 5822 3176 5875; x_wconf 88' lang='lat' dir='ltr'><strong>his</strong></span> <span class='ocrx_word' id='word_1_928' title='bbox 3208 5837 3504 5892; x_wconf 70' lang='lat' dir='ltr'><strong>argumen-</strong></span> 
     </span>
    </p>
   </div>
  </div>
