4198 6440
727 409 861 481 llll

1964 411 2345 471 DEMETRII
2388 410 2694 475 CYDONI‘.

3852 406 3993 469 lli?

718 536 929 588 tantur,
964 538 1154 578 verum
1189 524 1513 595 prephetam
1547 525 1713 579 fuisse
1746 524 2138 578 Mahomctnm.
2171 522 2288 575 Non

2405 522 2801 590 ξραμματικῶς
2820 522 2914 574 καὶ
2932 522 3312 591 ἀριθμητικῶς
3331 520 3593 588 καλλίστη
3615 519 3757 572 ἐστί.
3783 520 3993 588 Σχεδὸν

716 617 863 668 enim
892 615 972 668 sic
995 624 1183 668 ornate
1205 617 1457 670 scivisset
1483 617 1631 685 loqui
1659 617 1821 670 homo
1844 615 2069 668 omnino
2098 616 2285 667 idiota.

717 704 825 758 Sed
858 704 1001 757 sicut
1033 706 1292 773 superius
1331 707 1507 759 visum
1551 718 1634 761 est
1682 708 1734 760 in
1782 715 1981 775 quarto
2026 706 2289 773 capitulo,

717 809 826 845 non
859 796 1148 846 consuevit
1179 796 1323 848 Deus
1356 796 1505 864 loqui
1540 797 1593 849 in
1625 796 1850 858 mundo,
1882 797 1963 849 vel
2006 810 2128 849 cum
2164 810 2294 862 pro-

720 883 922 949 phetis,
958 900 1055 952 per
1083 899 1277 938 versus
1317 888 1400 939 vel
1437 888 1745 957 rhythmos.
1779 888 1869 941 Sic
1916 889 2082 957 igitur
2126 887 2298 939 mani-

719 975 940 1037 festum,
974 976 1119 1044 quod
1164 978 1249 1030 lex
1282 978 1398 1031 ha'c
1443 994 1549 1031 non
1591 988 1675 1033 est
1701 996 1728 1032 a
1764 980 1896 1042 Deo,
1930 996 2052 1048 qure
2086 979 2295 1032 nullum

722 1064 891 1118 habet
924 1066 1169 1119 ordinem
1226 1067 1330 1120 nisi
1386 1068 1561 1121 solum
1606 1069 1974 1139 rhythmicum
2014 1082 2070 1123 et
2114 1082 2297 1138 gram-

723 1155 1006 1219 maticum,
1032 1157 1125 1225 qui
1162 1158 1273 1212 Deo
1315 1174 1423 1211 non
1454 1161 1731 1229 congruit.

2400 614 2508 681 γὰρ
2540 631 2600 664 το
2626 611 2831 680 βιϐλίον
2856 612 2995 675 ὅλον,
3030 615 3125 665 καὶ
3152 614 3422 681 ρυθμικόν
3452 614 3621 665 ἐστιν.
3658 612 3836 664 Ὅθεν
3869 614 3991 663 λίαν

2401 702 2716 770 καυχῶνται
2766 705 2815 753 οἱ
2862 704 3205 772 Σαρῤακηνοὶ
3251 704 3336 770 ἐφ’
3376 703 3519 756 οὕτω
3567 705 3723 771 καλῷ
3759 706 3865 757 καὶ
3898 722 3993 755 κε-

2406 793 2741 861 κοσμημένῳ
2785 793 3085 862 ’Δραόικῆς
3114 794 3409 857 διαλέξεως
3442 797 3629 862 τρόπῳ
3653 811 3668 824 ·
3704 795 3817 845 κάκ
3867 793 3995 844 τού-

2404 900 2513 935 των
2544 882 2915 950 ἐπιχειροῦσιν
2942 884 3113 951 ἀληθῆ
3145 886 3436 952 προφήτην
3468 882 3610 936 εἶναι
3641 884 3734 936 τὸν
3762 882 3990 951 Malo-3-

2409 993 2530 1045 μετ.
2569 976 2683 1029 Οὐκ
2734 976 2798 1028 ἂν
2852 978 2961 1046 γὰρ
3006 975 3148 1028 οὕτω
3207 977 3449 1043 κοσμίως
3503 976 3777 1055 ηπίστατο
3815 974 3995 1026 διαλέ-

2407 1068 2602 1136 γεσθαι
2666 1068 2954 1137 ἄνθρωπος
3036 1066 3317 1128 παντελῶς
3393 1067 3631 1133 ἰδιώτης.
3696 1065 3845 1119 Ἀλλ’
3919 1065 3993 1125 ὡς

2405 1159 2664 1227 ἀνωτέρω
2687 1158 3026 1228 τεθεώρηται
3066 1160 3123 1210 ὲν
3164 1160 3244 1226 τῷ
3276 1158 3522 1226 τετάρτῳ
3546 1158 3862 1224 κεφαλαίῳ,
3894 1158 3994 1207 οὐκ

722 1247 915 1301 εἴωθεν
952 1251 980 1300 6
1026 1250 1159 1312 Θεὸς
1200 1253 1550 1318 διαλέγεσθαι
1597 1256 1676 1322 τῷ
1706 1257 1914 1324 κόσμῳ,
1949 1258 1980 1325 ἢ
2013 1258 2125 1318 τοῖς
2157 1255 2491 1324 προφήταις,
2551 1255 2619 1306 δι’
2670 1254 2817 1306 ἐπῶν
2888 1255 2920 1323 ἢ
2990 1254 3234 1323 ῥυθμῶν.
3304 1253 3462 1305 Οὕτω
3503 1254 3685 1305 τοίνυν
3731 1254 3991 1319 φανερὸν,

724 1341 807 1392 ὅτι
834 1342 863 1392 6
899 1342 1063 1409 νόμος
1113 1336 1267 1407 οὗτος
1312 1346 1413 1397 οὐκ
1465 1346 1581 1398 εστι
1625 1348 1775 1417 παρά
1808 1347 1963 1412 Θεοῦ,
2016 1348 2293 1418 μηδεμίαν
2334 1348 2471 1416 ἔχων
2496 1346 2671 1409 τάξιν,
2695 1348 2742 1397 εί
2770 1347 2845 1415 μὴ
2907 1347 3067 1414 μόνον
3126 1346 3403 1414 ῥυθμικὴν
3434 1348 3526 1397 καὶ
3557 1344 3991 1413 γραμματικὴν,

725 1432 758 1498 ἢ
791 1433 870 1501 τῷ
895 1433 1015 1501 Θεῷ
1047 1435 1144 1503 οὐχ
1172 1436 1427 1505 ἁρμόζει.

726 1521 841 1576 XII.
879 1522 1030 1587 Quod
1058 1525 1140 1577 lea:
1164 1526 1549 1581 Saracenorum
1573 1546 1674 1583 non
1700 1540 1775 1585 est
1798 1532 1898 1585 Dei
1912 1549 1930 1596 ;
1954 1533 2134 1602 iniqua
2164 1532 2299 1585 enim

1466 1608 1560 1651 est.

799 1679 1137 1737 Duodecimo
1168 1695 1385 1753 oportet
1428 1688 1799 1751 considerare,
1856 1690 2003 1757 quod
2045 1691 2130 1744 lex
2185 1690 2300 1743 ltrec

725 1784 837 1823 non
867 1779 948 1823 est
973 1787 1003 1825 a
1035 1772 1167 1828 Deo.
1200 1775 1345 1829 Deus
1378 1778 1525 1829 enim
1556 1787 1639 1831 est
1672 1794 1883 1833 summe
1914 1780 2129 1835 bonus:
2158 1782 2301 1849 opti-

2481 1528 2579 1580 lB’.
2612 1527 2741 1577 Ὅτι
2763 1527 2797 1576 ὁ
2828 1526 3014 1592 νόμος
3037 1520 3215 1589 οὗτος
3246 1526 3358 1578 οὐκ
3388 1524 3520 1577 ἔστι
3548 1525 3713 1593 παρὰ
3742 1524 3921 1577 Θεοῦ.

2480 1680 2794 1733 Δωδέκατον
2815 1678 2893 1730 δεῖ
2918 1678 3165 1746 θεωρεῖν,
3191 1679 3273 1731 ὅτι
3307 1680 3337 1731 6
3371 1680 3536 1747 νόμος
3557 1672 3719 1741 οὗτος
3749 1681 3853 1733 οὐκ
3875 1681 3993 1732 ἔστι

2410 1769 2558 1837 παρὰ
2592 1767 2751 1819 Θεοῦ.
2794 1768 2852 1819 Ὀ
2882 1768 2989 1836 γὰρ
3016 1768 3149 1829 Θεὸς
3196 1768 3381 1837 ἄκρως
3431 1770 3581 1821 ἐστὶν
3623 1770 3835 1836 ἀγαθός
3857 1786 3871 1798 ⁸
3895 1770 3991 1821 τοῦ

726 1860 799 1912 mi
830 1871 1010 1916 autem
1040 1874 1122 1916 est
1167 1866 1370 1933 optima
1401 1866 1600 1929 facere.
1630 1870 1930 1924 secundum
1960 1871 2297 1940 Dionysium.

2405 1861 2458 1913 δὲ
2481 1861 2703 1930 ἀρίστου
2738 1860 2886 1910 ἐστὶν
2917 1859 3115 1926 ἄριστα
3148 1864 3345 1921 ποιεῖν,
3375 1862 3515 1913 κατά
3554 1861 3647 1913 τὸν
3682 1862 3992 1915 Διονύσιον.

728 1950 883 2015 Quod
914 1961 1094 2007 autem
1126 1954 1209 2009 lex
1247 1957 1503 2011 Aleorani
1538 1960 1721 2028 iniqua
1753 1970 1855 2015 est.
1886 1977 1953 2014 ex
1986 1962 2104 2031 ipso
2134 1964 2297 2017 Alco-

734 2056 867 2094 iano
912 2044 1261 2099 manifestum
1294 2056 1394 2100 est.
1430 2048 1639 2103 Dicitur
1663 2051 1806 2104 enim
1856 2052 1908 2105 in
1942 2054 2180 2121 capitulo
2207 2055 2300 2108 El-

729 2134 901 2201 caph,
946 2144 1001 2188 et
1047 2137 1101 2189 in
1147 2139 1386 2207 capitulo
1444 2140 1666 2209 Elgem,
1714 2143 1857 2210 quod
1907 2144 2303 2214 interpretatur

728 2224 1010 2284 «temones.
1052 2229 1198 2295 quod
1243 2231 1421 2298 ipsum
1467 2233 1794 2287 Alcoranum
1830 2235 2008 2304 placet
2038 2240 2303 2291 daemoni-

729 2313 853 2376 bus,
886 2325 942 2367 et
969 2316 1021 2368 in
1049 2318 1240 2371 eodem
1273 2319 1645 2387 delectantur;
1681 2324 1956 2379 dmmones
1985 2337 2163 2381 autem
2201 2329 2304 2382 ini-

728 2407 823 2473 qui
853 2417 984 2463 sunt
1011 2413 1334 2478 etperversi
1373 2414 1673 2469 secundum
1706 2416 2066 2480 voluntatem,
2099 2420 2303 2488 quibus

730 2507 925 2563 praeter
955 2499 1201 2570 iniquum
1237 2504 1385 2557 aliud
1423 2506 1598 2571 placet
1630 2507 1798 2573 nihil;
1831 2510 2166 2563 Alcoranum
2200 2510 2301 2581 igi-

728 2600 821 2641 tur
850 2590 1050 2643 malum
1092 2601 1195 2646 est.
1223 2593 1355 2647 ltem
1396 2596 1724 2650 Alcoraunm
1754 2613 1919 2653 causa
1948 2609 2033 2652 est
2060 2602 2301 2655 omnium

730 2682 1022 2746 malorum,
1057 2685 1201 2738 sicut
1235 2686 1421 2749 caedis,
1460 2690 1684 2757 rapinzr,
1727 2691 1973 2760 perjurii,
2003 2700 2058 2746 et
2110 2693 2302 2763 hujus-

729 2773 897 2835 modi,
940 2789 1060 2842 qua:
1108 2791 1214 2828 non
1258 2777 1431 2831 solum
1493 2781 1758 2847 permittit
1803 2782 2157 2844 Alcoranum,
2206 2784 2299 2837 sed

728 2862 893 2915 etiam
936 2865 1157 2919 mandat
1202 2868 1367 2936 (sicut
1406 2871 1659 2937 superius
1680 2871 2027 2925 manifestum
2066 2872 2211 2940 fuit),
2247 2881 2303 2927 et

728 2954 968 3008 maxime
995 2960 1193 3011 caedes.
1226 2959 1341 3013 Non
1371 2961 1645 3015 sulliciens
1675 2972 1857 3015 autem
1887 2964 2169 3017 excusatio
2195 2973 2299 3027 est,

728 3046 990 3101 mandare
1057 3049 1303 3104 intideles
1373 3054 1634 3114 interluni,
1700 3055 1793 3108 sed
1846 3070 2023 3123 neque
2088 3055 2297 3110 ﬁdeles.

729 3137 875 3192 Dtcit
901 3140 1047 3193 enim
1080 3141 1409 3207 indubitate,
1435 3146 1578 3215 quod
1612 3146 1786 3202 ﬁdelis
1822 3165 1928 3203 non
1967 3148 2133 3203 debet
2166 3152 2301 3204 inte-

2406 1953 2527 2004 Ὂτι
2554 1952 2609 2004 δὲ
2644 1953 2670 2002 ὁ
2697 1950 2860 2017 νόμος
2892 1948 2989 2000 τοῦ
3037 1952 3364 2021 Ἀλκοράνου
3419 1966 3661 2021 πονηρὸς
3717 1955 3895 2011 ἐστιν,
3932 1952 3990 2014 ἐξ

2403 2043 2568 2096 αὑτοῦ
2598 2043 2693 2096 τοῦ
2740 2044 3068 2112 ’Λλκοράνου
3115 2046 3371 2113 φανερόν.
3404 2044 3640 2112 Λέγεται
3671 2046 3786 2114 γὰρ
3818 2047 3881 2096 ὲν
3914 2045 3991 2113 τῷ

2404 2136 2686 2206 κεφαλαίῳ
2714 2136 2789 2203 τῷ
2836 2137 3061 2204 Ἐλκάφ,
3096 2138 3193 2189 καὶ
3222 2140 3279 2187 ἐν
3315 2137 3389 2205 τῷ
3419 2138 3707 2213 κεφαλαίῳ
3755 2140 3990 2205 Ἕλγέμ.

2402 2220 2838 2299 δ’ὲρμηνεύεται
2894 2229 3195 2297 δαίμονες,
3249 2231 3331 2282 ὅτι
3376 2231 3509 2283 αὐτὸ
3535 2230 3595 2282 τὸ
3656 2228 3992 2299 ’Δλκοράνον

2403 2322 2631 2391 ἀρέσκει
2670 2322 2784 2383 τοῖς
2837 2320 3081 2386 δαίμοσι,
3111 2322 3204 2374 καὶ
3251 2323 3534 2390 χαίρουσιν
3574 2321 3749 2391 αὐτῷ.
3782 2322 3845 2374 Οἱ
3875 2323 3994 2374 δαί-

2406 2428 2567 2481 μονες
2620 2411 2846 2481 πονηροί
2900 2412 3009 2463 εἰσι
3062 2414 3153 2463 καὶ
3204 2412 3638 2482 διεστραμμένοι
3687 2414 3834 2466 κατά
3890 2413 3993 2481 τὴν

2404 2501 2644 2571 θέλησιν,
2681 2496 2768 2563 οἷς
2788 2502 2926 2572 πλὴν
2961 2502 3056 2553 τοῦ
3096 2503 3336 2573 πονηροῦ
3394 2504 3547 2557 οὐδὲν
3601 2505 3794 2573 ἕτερον
3858 2506 3992 2572 ἀρέ-

2404 2611 2570 2647 σκει·
2634 2593 2695 2644 τὸ
2760 2594 3088 2663 ’Ᾱλκοράνον
3142 2595 3250 2664 ἀρα
3308 2596 3480 2648 κακόν
3528 2598 3703 2649 ἐστιν.
3753 2596 3880 2648 Ἐτι
3933 2598 3992 2647 τὸ

2414 2686 2743 2757 Ἀλκοράνον
2791 2685 2964 2738 αἴτιόν
3011 2688 3129 2739 ἐστι
3180 2687 3400 2739 πάντων
3454 2688 3563 2739 τῶν
3602 2689 3794 2741 κακῶν
3822 2706 3835 2718 ·
3877 2683 3989 2740 οἷον

2404 2784 2602 2849 φόνων,
2644 2779 2923 2849 ἁρπαγῆς,
2960 2778 3271 2848 ἐπιορκίας,
3317 2779 3414 2832 καὶ
3460 2779 3569 2830 τῶν
3616 2779 3922 2832 τοιούτων·
3956 2779 3992 2832 ἃ

2402 2876 2467 2942 δὴ
2520 2875 2579 2925 ού
2634 2875 2793 2941 μόνον
2850 2875 3126 2940 συγχωρεῖ
3181 2872 3242 2923 τὸ
3307 2872 3655 2939 Ἀλκοράνον,
3698 2871 3839 2925 ἀλλὰ
3895 2874 3992 2925 καὶ

2404 2966 2756 3033 προστάσσει,
2786 2965 2860 3027 ὡς
2892 2964 3153 3030 ἀνωτέρω
3185 2964 3377 3030 γέγονε
3407 2963 3504 3031 δῆι.
3550 2992 3589 3025 ν,
3615 2965 3717 3016 καὶ
3750 2965 3992 3029 μάλιστα

2404 3058 2617 3125 φόνους.
2659 3056 2770 3123 Οὐχ
2832 3055 2994 3123 ἱκανὴ
3048 3054 3104 3106 δὲ
3141 3055 3474 3123 παραίτησις
3512 3056 3575 3106 τὸ
3605 3056 3985 3119 προστάσσειν

2402 3150 2528 3211 τοὺς
2555 3146 2815 3207 ἀπίστους
2845 3146 3262 3209 ἀποκτιννύναι,
3290 3146 3429 3198 ἀλλά
3461 3147 3535 3217 μὴ
3566 3148 3699 3209 τοὺς
3728 3149 3991 3210 πιστούς.

735 3235 936 3289 rimere
979 3235 1233 3293 fidelem:
1269 3240 1415 3307 ipsos
1446 3252 1628 3295 autem
1666 3243 1912 3295 infideles
1953 3244 2173 3299 mandat
2222 3245 2303 3297 in-

2405 3242 2538 3310 Φησὶ
2577 3242 2686 3308 γὰρ
2721 3238 3127 3306 ἀναμφιϐόλως,
3180 3240 3259 3290 ὅτι
3305 3241 3334 3291 6
3388 3240 3582 3301 πιστὸς
3626 3241 3727 3293 οὐκ
3780 3242 3994 3307 ὀφείλει

733 3327 1017 3390 teritnere,
1068 3328 1171 3381 nisi
1238 3332 1444 3383 tributa
1507 3334 1741 3387 solvant.
1792 3333 2079 3388 Tributum
2140 3335 2304 3405 igitur

729 3416 942 3469 solvere
989 3418 1265 3473 suilicicns
1307 3436 1468 3473 causa
1500 3432 1583 3475 est
1617 3423 1987 3486 interimendi,
2037 3427 2122 3479 vel
2170 3441 2300 3480 non.

730 3506 915 3567 Quare
964 3523 1095 3573 non,
1131 3510 1183 3562 in
1210 3520 1474 3578 quantum
1532 3514 1779 3569 infideles
1834 3526 1980 3579 sunt,
2029 3525 2116 3571 est
2159 3517 2305 3571 tale?

733 3597 886 3658 Item,
919 3599 1060 3653 sicut
1090 3599 1140 3653 in
1171 3602 1422 3670 pluribus
1463 3604 1597 3659 locis
1630 3608 1879 3660 Alcorani
1907 3607 2139 3661 dicitur:
2170 3608 2301 3660 Nul-

730 3689 843 3741 lum
888 3700 971 3743 est
1001 3694 1175 3761 majus
1222 3695 1445 3757 malum,
1489 3713 1649 3764 quam
1684 3700 1794 3752 Deo
1841 3701 2185 3754 mendacium
2217 3704 2303 3755 in—

723 3779 973 3849 jungere.
1009 3784 1335 3839 Alcoranum
1365 3797 1547 3842 autem
1584 3792 1752 3844 multa
1786 3800 1842 3845 et
1883 3794 1986 3846 alia
2018 3794 2302 3848 mendacia

733 3868 990 3938 i'ijuugit,
1028 3884 1393 3943 pra-terquam
1441 3894 1561 3946 qua:
1607 3880 1750 3934 dicta
1783 3896 1910 3935 sunt
1946 3884 2200 3948 superius
2248 3886 2302 3938 in

732 3973 879 4011 nono
912 3965 1171 4029 capitulo,
1206 3965 1273 4019 de
1309 3969 1607 4023 mendaciis
1638 3987 1758 4039 qua:
1799 3972 1850 4025 in
1890 3974 1991 4027 hoc
2021 3976 2307 4029 continen-

733 4057 842 4113 tur,
874 4066 994 4120 qua:
1021 4056 1203 4108 omnia
1231 4057 1282 4108 in
1321 4058 1491 4111 Deum
1519 4058 1768 4114 reﬂectit.
1793 4062 2088 4117 Possumus
2121 4073 2303 4117 autem

730 4152 787 4193 et
819 4141 922 4194 alia
952 4144 1105 4211 plura
1135 4149 1446 4203 ostendere.
1478 4148 1534 4201 lu
1567 4152 1805 4218 capitulo
1833 4154 1977 4206 enim
2012 4154 2306 4223 Elempha-

732 4233 807 4289 ai.
833 4236 976 4301 quod
1006 4235 1399 4305 interpretatur
1431 4242 1599 4302 lucra,
1634 4244 1787 4306 dicit,
1818 4246 1961 4314 quod
1997 4256 2126 4300 sunt
2163 4264 2311 4316 qua:-

730 4325 854 4375 dam
893 4325 985 4378 Dei
1046 4336 1099 4380 et
1148 4324 1378 4396 apostoli
1427 4332 1600 4397 lucra,
1644 4343 1699 4387 et
1736 4334 1869 4388 dent
1901 4339 2011 4389 Deo
2058 4339 2305 4405 quintam

736 4424 943 4480 partem
968 4430 1033 4468 ex
1069 4418 1273 4483 quibus
1299 4420 1605 4476 lucrantur.
1636 4423 1740 4476 Sed
1760 4426 2025 4493 numquid
2053 4424 2198 4481 Deus
2223 4436 2307 4481 est

2402 3332 2793 3384 ἀποκτιννύναι
2855 3331 3085 3393 πιστὸν,
3142 3332 3339 3391 αὐτοὺς
3400 3331 3456 3382 δὲ
3526 3331 3653 3392 τοὺς
3716 3332 3996 3395 ἀπίστους

2406 3422 2749 3475 ἀποκτείνειν
2799 3421 3126 3481 ἐντέλλεται,
3172 3422 3221 3471 εί
3280 3421 3355 3490 μὴ
3398 3421 3598 3488 φόρους
3650 3422 3886 3476 τελοῖεν.
3921 3424 3995 3473 Τὸ

2404 3514 2515 3582 ἄρα
2564 3513 2761 3582 φόρους
2807 3513 2982 3564 τελεῖν
3045 3512 3204 3580 ἱκανή
3258 3513 3406 3563 ἐστιν
3463 3514 3611 3566 αἰτία
3664 3512 3762 3565 τοῦ
3812 3516 3845 3583 ἢ
3896 3532 3995 3580 φο·

2404 3606 2675 3667 νεύεσθαι,
2710 3604 2743 3673 ἢ
2792 3604 2889 3673 μή.
2918 3605 3079 3656 ’Ὥστε
3123 3603 3183 3655 ού
3218 3603 3353 3655 καθὸ
3397 3604 3657 3666 ἀπίστους
3706 3605 3769 3656 τὸ
3811 3606 3997 3657 τοιοῦ-

2404 3712 2530 3762 τον;
2575 3697 2695 3747 Ἔτι
2726 3694 2910 3755 καθὼς
2942 3696 2997 3745 ὲν
3030 3695 3238 3746 πλείοσι
3276 3695 3462 3757 τόποις
3505 3695 3600 3746 τοῦ
3656 3696 3994 3765 ’Λλκοράνου

2404 3791 2642 3857 λέγεται,
2670 3789 2835 3841 Ούδέν
2866 3788 2984 3841 ὲστι
3023 3788 3206 3856 μεῖζον
3234 3789 3425 3851 κακὸν,
3454 3788 3486 3856 ἦ
3516 3786 3595 3856 τῷ
3626 3787 3750 3855 Θεῷ
3792 3789 3995 3856 ψεῦδος

2406 3882 2724 3936 ἐπιτιθέναι.
2754 3880 2825 3931 Τὸ
2856 3882 2909 3933 δὲ
2949 3878 3271 3945 ’Δλκοράνον
3311 3878 3480 3930 πολλά
3517 3879 3613 3930 καὶ
3636 3878 3781 3930 ἄλλα
3814 3879 3991 3948 ψεύδη

2407 3974 2679 4042 ἐπιτίθησι
2730 3971 2807 4042 τῷ
2840 3971 2959 4039 Θεῷ
3009 3971 3164 4039 παρὰ
3204 3971 3273 4022 τὰ
3303 3968 3579 4037 ἀνώτερον
3626 3970 3909 4039 εἰρημένα
3939 3974 3996 4024 ἐν

2406 4068 2484 4136 τῷ
2523 4066 2729 4135 ὲννάτῳ
2757 4063 3036 4131 κεφαλαίῳ
3084 4064 3214 4132 περὶ
3259 4062 3368 4114 τῶν
3402 4064 3459 4113 ἐν
3502 4062 3683 4129 τούτῳ
3733 4082 3999 4133 περιεχο-

2413 4159 2588 4226 μένων
2617 4156 2849 4224 ψευδῶν,
2874 4154 2909 4207 ἀ
2935 4154 3113 4205 πάντα
3146 4155 3225 4214 εξς
3256 4155 3349 4204 τὸν
3367 4152 3502 4205 Θεὸν
3524 4153 3995 4221 ὲπανακάμπτει.

2410 4251 2458 4300 εί
2503 4250 2564 4299 τὸ
2603 4248 2928 4315 Ἀλκοράνον
2971 4243 3064 4314 (ὥς
3113 4242 3269 4311 φασι)
3320 4243 3482 4311 νόμος
3534 4244 3656 4295 ἐστὶ
3700 4243 3868 4296 Θεοῦ.
3901 4247 3999 4295 Δυ-

2410 4340 2620 4410 νάμεθα
2674 4340 2732 4391 δὲ
2775 4341 2868 4391 καὶ
2908 4337 3042 4389 ἄλλα
3096 4338 3271 4388 πλείω
3302 4334 3597 4388 δεικνύναι.
3647 4336 3739 4387 Ἑν
3771 4335 3891 4405 γὰρ
3921 4336 3998 4405 τῷ

2412 4430 2692 4499 κεφαλαίῳ
2739 4428 2816 4499 τῷ
2882 4428 3219 4497 Ἐλεμφαὰλ,
3272 4427 3302 4479 ὃ
3354 4428 3725 4496 ἑρμηνεύεται
3781 4429 3993 4495 κέρδη,

735 4508 816 4558 sic
846 4506 1068 4575 iniquus
1101 4519 1159 4562 ut
1184 4514 1464 4578 permittat
1494 4516 1762 4583 rapinam,
1789 4525 1847 4569 ut
1877 4518 2031 4571 illinc
2057 4519 2303 4587 quintam

2413 4522 2706 4591 φησὶν,ὂτι
2754 4521 2861 4573 είσί
2905 4538 3026 4573 τινα
3074 4520 3168 4572 τοῦ
3213 4517 3351 4571 Θεοῦ
3400 4520 3495 4571 καὶ
3536 4518 3631 4571 τοῦ
3680 4520 3994 4572 ἀποστόλου

734 4599 914 4663 rapiat
941 4602 1196 4666 partem?
1222 4602 1304 4655 vel
1338 4604 1417 4658 sic
1450 4621 1657 4674 pauper
1686 4606 1850 4671 Deus,
1883 4620 1941 4662 ut
1972 4623 2080 4661 non
2112 4610 2310 4665 habeat

736 4689 879 4741 unde
914 4690 1121 4743 nutriat
1150 4707 1418 4760 pauperes
1461 4695 1582 4763 ejus
1613 4703 1667 4748 et
1696 4697 1889 4751 viduas
1934 4708 1990 4750 et
2030 4700 2308 4767 orphanos

733 4792 789 4834 ct
827 4787 1168 4851 peregrinos,
1198 4784 1266 4838 de
1295 4786 1497 4852 quibus
1524 4786 1635 4841 illic
1665 4788 1928 4856 loquitur,
1961 4791 2064 4844 nisi
2093 4793 2312 4860 permit-

734 4885 813 4929 tat
857 4878 1143 4943 rapinam?
1175 4878 1355 4945 Quare
1403 4891 1463 4935 ut
1510 4882 1664 4936 illinc
1706 4884 1973 4945 lucretur,
2015 4895 2164 4940 certe
2194 4887 2306 4954 jam

733 4968 863 5023 t'tcit
886 4970 1223 5025 Mahometus
1256 4973 1425 5026 Deum
1451 4984 1761 5028 consortem
1792 4976 1895 5029 sibi
1931 4977 1982 5029 in
2018 4978 2182 5041 male,
2216 4980 2307 5046 qui

736 5074 843 5112 non
877 5071 1057 5129 potest
1098 5062 1301 5117 habere
1337 5075 1649 5119 consortem
1689 5066 1742 5118 in
1786 5066 1949 5120 bono.
1990 5068 2146 5132 Item,
2203 5071 2307 5124 etsi

735 5154 1035 5223 aliquando
1067 5156 1395 5209 Alcoranum
1434 5158 1722 5226 prohibeat
1758 5161 2005 5228 rapinam
2040 5172 2093 5215 et
2127 5164 2309 5232 perju-

734 5246 875 5297 rium
906 5254 961 5297 et
994 5244 1098 5298 alia
1158 5246 1402 5313 qumdam
1438 5248 1599 5311 mala,
1634 5257 1812 5302 tamen
1847 5250 1961 5303 hac
2010 5252 2307 5318 prohibitio

733 5337 1019 5406 permissio
1055 5338 1303 5407 quadarn
1349 5340 1533 5405 potius
1578 5349 1683 5393 est.
1712 5341 1853 5393 Dicit
1896 5340 2041 5393 enim
2071 5361 2083 5394 :
2114 5342 2192 5396 Ne
2232 5344 2310 5397 fa-

731 5430 889 5483 ciatis
936 5431 1097 5493 mala,
1144 5445 1253 5483 non
1303 5430 1449 5483 enim
1496 5431 1709 5498 placent
1768 5432 1898 5484 Deo.
1958 5433 2054 5486 Sin
2122 5445 2304 5487 autem

731 5521 953 5582 feceris,
984 5521 1103 5587 ipse
1133 5530 1216 5574 est
1259 5522 1572 5574 misericors
1622 5531 1677 5574 et
1721 5522 2030 5585 miserator,
2059 5532 2115 5575 et
2148 5523 2305 5578 facile

730 5611 886 5663 vobis
919 5620 1124 5679 parcet.
1158 5610 1233 5663 De
1268 5611 1452 5679 rapina
1488 5620 1671 5663 autem
1705 5610 1840 5663 nihil
1878 5625 2117 5678 unquam
2154 5627 2305 5664 man-

730 5703 877 5754 davit
906 5714 964 5755 ut
1011 5705 1355 5767 restituatur,
1388 5718 1564 5771 neque
1595 5704 1755 5755 talem
1803 5703 1902 5770 ipsi
1952 5702 2305 5755 consuetudi-

734 5810 857 5849 nem
884 5796 1102 5860 habent,
1132 5798 1225 5851 sed
1260 5794 1455 5849 suliicit
1491 5795 1544 5847 in
1575 5796 1678 5848 line
1716 5797 2045 5848 Saracenum
2076 5795 2256 5847 dicere
2286 5814 2297 5847 :

2408 4611 2595 4679 κέρδη,
2620 4609 2716 4661 καὶ
2746 4609 2989 4661 δότωσαν
3035 4608 3113 4677 τῷ
3152 4608 3273 4675 Θεῷ
3300 4609 3362 4659 τὸ
3408 4608 3659 4676 πέμπτον
3710 4611 3886 4679 μέρος
3937 4612 3995 4675 ἑξ

2407 4694 2480 4752 ὧν
2529 4700 2924 4769 κερδαίνουσιν.
2965 4700 3121 4752 Ἀλλά
3169 4702 3382 4768 μήποτε
3430 4703 3457 4752 ὁ
3497 4700 3630 4760 Θεὸς
3658 4701 3844 4764 οὕτως
3876 4704 3995 4755 ἐστὶ

2408 4791 2665 4858 πονηρὸς,
2698 4792 2840 4842 ὥστε
2890 4792 3193 4859 συγχωρεῖν
3236 4791 3514 4859 ἁρπαγὴν,
3553 4791 3620 4841 ἶν’
3662 4793 3893 4845 ἐκεῖθεν
3936 4795 3995 4845 τὸ

2409 4882 2657 4949 πέμπτον
2691 4881 2844 4933 λάὄοι
2881 4881 3081 4949 μέρος;
3122 4880 3154 4948 ἢ
3194 4881 3338 4933 οὓτω
3379 4881 3550 4948 πένης
3583 4881 3611 4931 6
3643 4880 3810 4945 Θεὸς,
3850 4884 3995 4936 ὥστε

2410 4973 2486 5043 μὴ
2518 4974 2656 5040 ἔχειν
2688 4974 2810 5025 ὅθεν
2857 4972 2925 5025 ἂν
2969 4972 3143 5042 θρέψῃ
3180 4972 3307 5034 τοὺς
3351 4976 3601 5041 πτωχοὺς
3629 4972 3827 5038 αὑτοῦ,
3867 4992 3993 5027 του-

2406 5067 2553 5117 τέστι
2580 5066 2677 5126 τὰς
2704 5066 2879 5133 χήρας
2911 5066 3004 5117 καὶ
3038 5066 3165 5127 τοὺς
3194 5065 3469 5132 ὀρφανοὺς
3500 5066 3593 5115 καὶ
3628 5066 3761 5125 τοὺς
3790 5067 3991 5134 παροί-

2407 5173 2558 5217 κους,
2590 5157 2718 5224 περὶ
2743 5149 2818 5207 ὧν
2852 5157 2969 5206 ἐκεῖ
3010 5154 3342 5221 διαλέγεται,
3373 5154 3423 5205 εί
3478 5152 3552 5221 μὴ
3601 5156 3992 5223 συγχωρήσειε

2406 5248 2504 5317 τὴν
2548 5249 2839 5316 ἁρπαγήν;
2872 5247 3026 5297 Ὠστ’
3081 5246 3293 5297 ὲκείθεν
3323 5244 3650 5314 κερδαίνειν,
3688 5246 3920 5313 ἀληθῶς
3967 5249 3993 5298 6

2407 5338 2650 5406 Μωάμεθ
2702 5339 2956 5390 κοινωνὸν
3014 5335 3195 5405 ἐαυτῷ
3253 5338 3399 5387 ποιεῖ
3458 5335 3548 5386 τὸν
3604 5334 3747 5387 Θεὸν
3802 5340 3865 5388 ὲν
3917 5337 3990 5405 τῷ

2407 5430 2649 5498 πονηρῷ,
2686 5430 2745 5480 ὃν
2778 5446 2909 5497 φησι
2943 5428 3017 5496 μὴ
3043 5426 3307 5478 δύνασθαι
3347 5426 3492 5495 ἔχειν
3530 5428 3795 5478 κοινωνὸν
3827 5430 3890 5478 ὲν
3915 5426 3991 5496 τῷ

2407 5521 2612 5588 ἀγαθῷ.
2640 5520 2760 5571 Ἔτι
2786 5523 2832 5571 εἰ
2853 5526 2946 5571 καὶ
2976 5518 3147 5570 ἐνίοτε
3182 5517 3241 5569 τὸ
3284 5518 3608 5586 ’Δλκοράνον
3652 5518 3861 5570 κωλύει
3896 5522 3989 5589 τὴν

2407 5611 2664 5681 ἁρπαγὴν
2721 5612 2815 5662 καὶ
2859 5612 2956 5677 τὴν
2993 5610 3279 5675 ἐπιορκίαν
3345 5608 3438 5659 καὶ
3492 5607 3631 5659 ἀλλα
3686 5607 3834 5660 nvi‘
3882 5611 3988 5661 τῶν

2406 5700 2609 5766 κακῶν,
2638 5704 2787 5768 ὅμως
2813 5701 2950 5767 αὺτὴ
2993 5702 3023 5768 ἡ
3068 5700 3302 5761 κώλυσις
3338 5698 3685 5765 συγχώρησίς
3731 5715 3818 5759 τις
3850 5702 3983 5766 μᾶλα

2408 5796 2496 5846 λὸν
2523 5796 2658 5845 ἐστι.
2686 5794 2823 5859 Φησὶ
2853 5792 2980 5858 γὰρ.
3014 5791 3103 5858 Μὴ
3144 5792 3405 5859 ποιήσητε
3436 5787 3503 5839 τὰ
3544 5790 3638 5837 καὶ
3682 5789 3751 5840 τὰ
3800 5793 3944 5842 κακά
3965 5805 3977 5816 '
