4198 6440
747 385 884 450 1115

1995 403 2370 462 DEMETRII
2411 407 2714 470 CYDONII

3869 419 4002 483 1116

736 496 1006 564 p‘ejerare,
1040 507 1092 550 et
1147 515 1255 554 non
1305 517 1526 559 servare
1579 506 1736 562 ﬁdem
1774 507 1827 562 in
1875 512 2178 579 promissis.
2213 514 2297 565 Ini

2422 515 2638 584 Μαρίας
2671 519 2768 588 τῆς
2797 521 3216 594 Ἰακωὸιτίσσης
3241 527 3536 595 ἐπιορκεῖν,
3566 531 3660 582 καὶ
3695 528 3771 595 μὴ
3801 529 4006 596 φυλατ-

741 601 850 650 qua
898 587 1063 655 igitur
1099 589 1182 643 lex
1236 591 1370 656 ha'e,
1416 610 1537 663 qua:
1584 596 1760 664 placet
1799 601 2021 667 quidem
2071 604 2310 667 diabolo,

732 684 792 728 et
829 692 948 743 qua:
1001 681 1067 732 ad
1106 683 1278 736 multa
1325 687 1462 738 mala
1499 703 1600 741 nos
1644 689 1872 745 inducit.
1922 694 2039 747 Non
2089 696 2253 764 igitur
2281 714 2310 751 a

735 765 847 818 Deo
877 779 978 833 cst,
1017 774 1107 839 qui
1149 790 1360 828 summe
1388 777 1584 843 bonus,
1614 790 1671 834 et
1700 797 1730 835 a
1762 798 1869 852 quo
1900 785 2102 840 bonum
2134 788 2308 842 solum

733 858 998 922 procedit.
1046 863 1244 916 malum
1275 875 1458 920 autem
1494 870 1653 924 nihil.

741 1098 880 1152 XIII.
935 1100 1008 1151 De
1047 1101 1302 1190 Ah'qnnn'
1328 1109 1675 1190 institutione,
1730 1121 1777 1164 ct
1823 1117 1936 1182 quis
1973 1115 2131 1185 fuerit
2179 1118 2306 1190 legis

1153 1177 1311 1242 hujus
1341 1181 1515 1247 opifex
1544 1189 1590 1233 et
1624 1177 1879 1236 inventor.

799 1327 1066 1393 Quoniam
1125 1331 1288 1398 igitur
1332 1333 1770 1390 demonstratum
1821 1348 1925 1399 est.
1959 1343 2105 1408 quod
2142 1343 2304 1399 Alco-

730 1435 951 1484 rauum,
987 1422 1385 1476 Saracenorum
1426 1425 1680 1481 videlicet
1717 1429 1824 1492 lex,
1858 1447 1963 1486 non
1998 1445 2082 1488 est
2111 1451 2138 1488 a
2169 1437 2300 1502 Deo,

733 1514 1004 1580 sequitur,
1058 1530 1306 1582 qmerere
1357 1516 1424 1570 de
1475 1519 1762 1587 discipulis
1795 1523 2108 1590 Mahometi,
2142 1538 2197 1580 et
2236 1529 2303 1583 de

725 1605 1122 1659 constitutione
1147 1607 1387 1672 praedicti
1409 1609 1682 1665 Alcorani.
1703 1612 1932 1682 Oportet
1952 1617 2120 1682 igitur
2136 1618 2299 1684 scire,

727 1697 872 1765 quod
907 1697 1218 1752 ﬁrmissime
1258 1702 1501 1756 creditur
1531 1721 1559 1758 a
1593 1707 1934 1773 sapientibus
1974 1710 2213 1774 illorum,
2246 1721 2301 1767 et

725 1786 1040 1842 ellicacibus
1085 1790 1391 1846 rationibus
1419 1796 1750 1856 ostenditur.
1782 1799 2018 1867 primum
2043 1801 2296 1856 Alcorani

725 1890 1006 1934 auctorem
1043 1898 1151 1936 non
1183 1884 1463 1940 hominem
1501 1885 1687 1952 fuisse,
1727 1891 1819 1945 sed
1848 1892 2158 1948 diabolum:
2207 1897 2298 1964 qui

728 1974 946 2042 propria
974 1976 1176 2031 invidia
1204 1987 1260 2032 et
1290 1980 1475 2033 divina
1503 1983 1886 2049 permissione,
1914 1998 2135 2055 propter
2168 2003 2300 2057 pec-

726 2075 843 2118 cata
883 2069 1091 2137 p0puli,
1127 2073 1411 2139 pravaluit
1449 2075 1708 2130 inchoare
1751 2077 2072 2134 solemniter
2103 2089 2158 2134 et
2187 2081 2299 2135 elli-

727 2158 934 2212 eaeiter
969 2163 1250 2229 perﬁdiam
1282 2167 1628 2222 Antichristi.
1664 2169 1868 2223 Videns
1919 2171 2084 2240 igitur
2109 2173 2302 2226 diabo-

725 2247 814 2301 lus
843 2249 1002 2304 ﬁdem
1042 2252 1248 2307 Christi
1281 2253 1334 2309 iu
1367 2255 1746 2314 Orientalibus
1777 2261 2026 2328 partibus
2065 2265 2299 2318 maxime

727 2353 998 2402 crescere,
1055 2353 1111 2396 et
1144 2343 1506 2402 idololatriam
1564 2349 1825 2416 deﬁcere,
1883 2363 2141 2422 superato
2189 2370 2299 2424 1am

725 2430 969 2488 Chosroe
1010 2435 1295 2490 Persarum
1326 2455 1449 2509 rege
1467 2451 1522 2494 et
1553 2441 1834 2496 Medorum
1870 2443 2178 2506 idololatra,
2204 2462 2300 2514 per

723 2525 1260 2586 Christianissimum
1300 2533 1610 2590 Heraclium
1645 2538 2051 2606 imperatorem,
2089 2543 2302 2607 quies-

725 2619 928 2674 celsam
960 2623 1154 2678 turrim
1187 2625 1380 2691 diruit,
1425 2643 1586 2698 quam
1617 2631 1732 2700 ipse
1765 2631 2037 2688 Cbosroes
2061 2636 2299 2690 aediﬁca-

722 2719 878 2765 verat
906 2727 971 2765 ex
1006 2729 1142 2768 auro
1209 2725 1265 2769 et
1324 2729 1551 2787 argento
1588 2730 1643 2773 et
1695 2721 1970 2791 lapidibus
2019 2726 2297 2793 pretiosis,

724 2813 950 2869 propter
981 2803 1342 2860 idololatrian]
1365 2825 1379 2871 ;
1402 2817 1456 2861 et
1483 2809 1626 2877 quod
1655 2828 1785 2866 crux
1813 2813 2016 2867 Christi
2042 2814 2154 2882 jam
2182 2825 2296 2870 tum

723 2899 843 2944 erat
871 2908 970 2961 per
1001 2893 1309 2949 lleraclium
1347 2900 1603 2964 exaltata;
1636 2910 1693 2956 et
1715 2905 1950 2972 amplius
1975 2907 2293 2972 exaltanda;

721 2990 779 3034 et
805 2997 930 3037 cum
968 3000 1075 3038 non
1109 2998 1292 3054 posset
1329 2988 1582 3047 diabolus
1615 2995 1853 3065 amplius
1888 3000 2294 3058 multitudinem

722 3073 953 3128 deorum
994 3077 1310 3142 defendere,
1362 3098 1465 3137 nec
1518 3086 1742 3140 omnino
1788 3087 1956 3158 Moysi
2008 3091 2182 3161 legem
2241 3101 2296 3146 et

2416 624 2526 661 τειν
2562 611 2744 662 πίστιν
2777 613 2835 664 ἐν
2866 615 2976 676 τοῖς
3000 614 3424 686 ὁπεσχημένοις.
3456 620 3696 688 Πονηρὸς
3719 621 3831 688 ἄρα
3854 621 4000 673 ἐστὶν

2413 692 2566 762 οὗτος
2594 703 2621 754 ό
2644 703 2828 771 νόμος,
2863 706 3117 773 ἀρέσκων
3148 709 3248 775 μὲν
3277 710 3353 778 τῷ
3378 710 3633 778 διαὸόλῳ,
3666 714 4000 780 προτρέπων

2410 792 2466 844 δὲ
2498 795 2578 853 είς
2629 796 2697 848 τὰ
2728 798 2959 866 πονηρά.
2993 799 3106 852 Οὐκ
3159 801 3265 868 ἄρα
3318 805 3470 868 παρὰ
3521 803 3658 856 Θεοῦ
3713 807 3892 866 ἐστιν,
3943 805 3997 864 ὃς

2411 884 2596 952 ἄκρως
2627 887 2776 938 ἐστὶν
2802 889 3022 953 ἀγαθὸς,
3055 891 3147 942 καὶ
3165 893 3294 961 παρ’
3321 885 3380 944 οὗ
3398 895 3603 960 ἀγαθὸν
3627 896 3793 964 μόνον
3816 897 3999 964 πρόει-

2411 991 2486 1040 σι,
2513 977 2680 1028 κακὸν
2709 977 2764 1030 δὲ
2798 979 2974 1034 οὐδέν.

2409 1108 2689 1188 ιΓκῃξρι
2731 1110 2853 1188 τῆς
2900 1115 3006 1188 τοῦ
3049 1116 3418 1183 ’Λλκθρίὶνου
3459 1119 3846 1188 συγῃοαρῆς.
3898 1123 3990 1173 καί

2477 1180 2568 1243 τίς
2595 1183 2725 1260 ἐστι
2749 1183 2856 1236 τοῦ
2896 1187 3084 1254 νόμου
3114 1180 3331 1242 τούτου
3371 1180 3740 1260 δημιοὶνίγιίς
3771 1180 3872 1244 καί
3902 1193 3994 1246 se-

2469 1266 2576 1314 ρετ
2585 1251 2676 1316 ής.

2487 1363 2640 1416 Ἐπεὶ
2693 1367 2870 1420 τοίνυν
2899 1368 3187 1433 δέδεικται,
3227 1374 3309 1424 ὅτι
3340 1375 3400 1426 τὸ
3429 1373 3784 1444 ’Δλκορανον,
3817 1377 3847 1427 ὁ
3887 1377 3991 1427 τῶν

2403 1455 2772 1524 Σσῤῥακηνῶν
2827 1459 3069 1530 δηλονότι
3127 1467 3316 1532 νόμος,
3345 1465 3443 1517 οῦκ
3475 1466 3590 1518 ἔστι
3635 1468 3794 1533 παρᾶ
3834 1467 3988 1530 Θεοῦ,

2404 1543 2596 1596 ἕπεται
2639 1546 2872 1614 ζητῆσαι
2912 1552 3042 1616 περὶ
3079 1553 3188 1604 τῶν
3239 1553 3330 1606 τοῦ
3385 1555 3636 1622 Μωαμεθ
3698 1557 3988 1626 μαθητῶν,

2403 1635 2498 1686 καὶ
2551 1637 2647 1703 τῆς
2684 1638 2999 1702 συστάσεως
3041 1641 3134 1694 τοῦ
3173 1648 3574 1713 προειρημένου
3623 1645 3985 1713 ’Λλκοράνοα

2401 1727 2494 1778 Δεῖ
2534 1727 2710 1780 τοίνυν
2764 1728 3079 1797 γινώσκειν,
3142 1735 3224 1788 ὅτι
3287 1735 3612 1805 βεϐαιότατα
3665 1740 3988 1793 πιστεύεται

2411 1819 2516 1872 ὑπὸ
2545 1822 2654 1872 τῶν
2683 1821 2815 1890 παρ’
2840 1825 3069 1888 ἐκείνοις
3103 1828 3305 1894 σοφῶν.
3353 1832 3446 1897 καὶ
3485 1832 3733 1900 ἰσχυροῖς
3764 1833 3988 1884 ἀποδεί-

2407 1930 2597 1965 κνυται
2652 1912 2833 1980 λόγοις
2883 1915 2974 1966 τὸν
3000 1917 3218 1985 πρῶτον
3261 1919 3355 1970 τοῦ
3386 1920 3721 1989 ’Λλκοράνου
3757 1923 3989 1992 ποιητὴν

2403 2001 2500 2054 οὐκ
2525 2004 2809 2072 ἄνθρωπον
2841 2006 3114 2073 γενέσθαι,
3146 2007 3280 2060 ἀλλὰ
3303 2009 3568 2074 διάϐολον,
3588 2009 3646 2072 ὃς
3671 2012 3793 2081 ίδίῳ
3813 2012 3989 2082 φθόνῳ

2404 2093 2499 2146 καὶ
2539 2097 2934 2167 παραχωρήσει
2968 2098 3090 2169 θεία
3135 2101 3223 2152 διὰ
3266 2101 3364 2164 τὰς
3399 2102 3492 2154 τοῦ
3534 2103 3669 2157 ὶαοῦ
3702 2106 3986 2174 ἁμαρτίας

2403 2185 2716 2254 κατίσχυσε,
2753 2189 2847 2240 καὶ
2877 2187 3080 2257 ἤρξατο
3112 2192 3584 2262 ἀναπεπταμένως
3614 2196 3710 2248 καὶ
3749 2196 3987 2266 ἰσχυρῶς

2400 2274 2500 2342 τῆς
2537 2276 2796 2340 ἀπιστίας
2825 2278 2919 2330 τοῦ
2940 2279 3340 2349 Ἀντιχρίστου.
3387 2283 3559 2351 Ὀρῶν
3591 2285 3780 2335 τοίνυν
3810 2286 3839 2337 ὀ
3872 2286 3986 2338 διε-

2401 2367 2558 2429 ϐολος
2604 2369 2706 2440 τὴν
2748 2371 2842 2422 τοῦ
2877 2372 3114 2439 Χριστοῦ
3149 2373 3332 2425 πίστιν
3377 2375 3433 2428 ἐν
3483 2378 3594 2436 τοῖς
3637 2376 3986 2439 ἁνατολικοῐς

2399 2461 2736 2526 αι’ςξάνουσαν
2772 2466 2986 2534 μέρεσι,
3024 2465 3118 2518 καὶ
3164 2465 3263 2532 τὴν
3297 2465 3754 2536 εἰδωλολατρείαν
3808 2469 3984 2520 Axis?-

2401 2571 2630 2619 πουσαν,
2656 2557 2974 2626 ἡττηθέντος
2994 2558 3093 2628 ἤδη
3119 2559 3211 2610 τοῦ
3236 2559 3476 2629 Χοσρόου
3506 2560 3600 2612 τοῦ
3623 2561 3734 2612 τῶν
3758 2560 3983 2629 Περσῶν

2401 2643 2666 2712 βασιλέως
2693 2648 2786 2698 καὶ
2809 2647 3009 2716 Μήδων
3052 2648 3144 2699 τοῦ
3175 2648 3568 2718 είδωλοὶιάτρου
3600 2650 3688 2703 διὰ
3720 2652 3818 2701 τοῦ
3853 2649 3985 2719 Χρι-

2400 2739 2822 2793 στιανικωτάτου
2854 2740 3118 2809 βασιλέως
3153 2740 3501 2810 ’ἰὶρακ).είου,
3529 2741 3585 2802 ὃς
3610 2741 3675 2811 δὴ
3709 2741 3983 2794 κατέεαλε

2397 2828 2488 2881 τὸν
2517 2827 2718 2898 ὑψηλὸν
2751 2829 2960 2898 πύργον
2998 2831 3058 2882 ὃν
3096 2830 3258 2894 αὐτὸς
3305 2829 3657 2902 ᾠκοδόμησεν
3680 2833 3707 2882 ό
3731 2833 3984 2902 Χοσρέης

2399 2918 2462 2970 ἐκ
2492 2919 2694 2988 χρυσοῦ
2735 2920 2830 2972 καὶ
2859 2919 3102 2990 ἀργύρου
3133 2915 3226 2974 καῖ
3279 2923 3443 2976 λίθων
3473 2924 3698 2991 τιμίων,
3743 2925 3835 2977 διὰ
3888 2925 3984 2992 τὴν

2397 3008 2845 3080 είδωλολατρείαν
2878 3012 3088 3064 καὶτὸν
3123 3013 3356 3084 σταυρὸν
3379 3012 3474 3066 τοῦ
3525 3013 3769 3083 Χριστοῦ
3808 3014 3983 3077 οὕτως

2398 3100 2680 3170 ὑψωθέντα
2722 3102 2810 3154 διὰ
2852 3101 2945 3154 τοῦ
2977 3103 3323 3171 Ἡρακλείου,
3363 3104 3458 3155 καὶ
3485 3103 3567 3156 ἔτι
3608 3104 3979 3174 ὑψωθησόμε-

719 3163 925 3219 Christi
979 3165 1331 3238 Evangelium
1379 3187 1596 3241 negare.
1652 3178 1779 3244 quia
1825 3179 1934 3248 jam
1989 3196 2086 3249 per
2123 3189 2293 3237 totum

2400 3208 2509 3257 νον,
2549 3192 2744 3262 μηκέτι
2769 3193 3068 3263 δυνάμενος
3100 3195 3341 3247 ἐκτελεῖν
3377 3196 3473 3264 τὴν
3495 3196 3812 3253 πολυθεῗαν,
3841 3198 3982 3265 μήτε

725 3257 990 3312 mundum
1024 3260 1358 3330 divulgatum
1390 3275 1532 3330 erat,
1565 3271 1895 3339 excogitavit
1931 3270 2189 3342 ﬁgmento
2215 3274 2291 3329 le-

721 3347 807 3415 gis
833 3349 1145 3418 cujusdam,
1180 3356 1331 3422 quasi
1370 3357 1560 3411 mediae
1597 3359 1740 3414 inter
1777 3360 1983 3416 Novum
2027 3375 2084 3419 et
2129 3364 2296 3422 Vetus

721 3437 1161 3507 Testamentum,
1220 3447 1482 3501 mundum
1530 3449 1805 3520 decipere.
1851 3453 1918 3508 Et
1977 3464 2036 3508 ut
2087 3457 2192 3510 hoc
2226 3459 2292 3511 ad

722 3531 980 3587 effectum
1009 3534 1329 3600 deduceret,
1365 3545 1662 3611 assumpsit
1693 3542 1969 3602 hominem
2003 3553 2293 3620 quemdam

722 3624 1080 3692 diabolicum,
1138 3631 1360 3686 nomine
1391 3633 1784 3703 Mahometum,
1822 3640 2087 3711 religione
2122 3644 2298 3699 idolo-

723 3717 940 3783 latram,
969 3719 1186 3776 fortuna
1209 3739 1528 3793 pauperem,
1563 3739 1744 3785 mente
1774 3733 2097 3802 superbum,
2129 3738 2298 3793 male-

722 3808 866 3864 ﬁciis
912 3811 1210 3867 celebrem.
1251 3815 1319 3870 Et
1353 3818 1571 3886 quidem
1607 3821 1870 3878 libentius
1911 3830 2297 3896 assumpsisset

720 3900 978 3958 diabolus
1008 3904 1284 3961 hominem
1332 3909 1489 3964 bonae
1522 3911 1700 3977 famm,
1739 3915 1783 3967 si
1832 3916 1940 3972 hoc
1968 3917 2016 3971 ci
2060 3921 2296 3987 permis-

720 4005 844 4046 su°n
881 4005 1061 4050 esset:
1112 3997 1272 4053 sicuti
1307 4010 1362 4055 et
1398 4001 1662 4057 libentius
1711 4015 1973 4063 tentasset
2015 4009 2293 4067 hominem

722 4098 821 4152 per
849 4083 991 4139 aliud
1022 4087 1246 4155 animal,
1293 4092 1347 4145 in
1385 4108 1494 4161 quo
1523 4097 1760 4164 amplius
1812 4097 1988 4166 ipsius
2026 4101 2294 4158 maleﬁcia

721 4176 1058 4243 celarentur,
1091 4197 1255 4250 quam
1286 4200 1381 4253 per
1407 4196 1742 4255 serpentem.
1768 4188 1874 4244 Sed
1907 4205 2014 4246 non
2045 4193 2297 4261 permisit

721 4265 908 4321 divina
952 4270 1244 4339 sapientia,
1275 4273 1380 4329 nisi
1409 4282 1465 4328 ut
1498 4276 1602 4330 tale
1647 4279 1848 4333 animal
1880 4291 2208 4346 assumeret,
2239 4289 2296 4337 et

716 4372 820 4425 per
879 4358 1038 4412 talem
1087 4361 1366 4418 hominem
1406 4367 1674 4421 mundum
1729 4368 2040 4437 invaderet,
2082 4380 2142 4426 ut
2169 4372 2291 4441 ipse

721 4449 961 4504 mundus
992 4451 1147 4506 facile
1165 4463 1350 4522 posset
1372 4456 1744 4519 considerare,
1764 4460 1942 4528 qualis
1963 4461 2047 4516 lex
2083 4461 2172 4516 illa
2196 4477 2285 4517 es-

721 4553 824 4606 set.
853 4561 974 4611 qua:
1002 4563 1099 4616 per
1130 4549 1289 4604 talem
1317 4550 1682 4621 legislatorem
1715 4555 1838 4610 data
1864 4567 1970 4611 est.

2395 3283 2677 3347 παντελῶς
2704 3285 2793 3338 τὸν
2818 3285 2911 3338 τοῦ
2939 3287 3180 3343 Μωσέως
3204 3286 3370 3356 νόμον
3401 3287 3493 3340 καὶ
3516 3287 3575 3339 τὸ
3614 3288 3709 3341 τοῦ
3738 3288 3980 3356 Χριστοῦ

2394 3375 2723 3443 Εὐαγγέλιον
2753 3377 3118 3445 ὲξαρνείσθαι,
3150 3379 3249 3448 ἤδη
3276 3379 3414 3432 κατὰ
3435 3381 3616 3432 παντα
3644 3381 3737 3432 τὸν
3769 3382 3982 3448 κόσμον

2392 3467 2921 3537 διαπεφημισμένον,
2953 3469 3095 3536 ἔγνω
3131 3471 3407 3538 πλάσματι
3439 3471 3611 3538 νίμου
3661 3473 3837 3533 τινὸς,
3868 3471 3981 3524 ῶσο

2395 3573 2500 3626 περ
2531 3558 2589 3609 ὲν
2622 3558 2773 3626 μέσῳ
2825 3559 2923 3626 τῆς
2977 3558 3220 3620 [Ιαλαιᾶς
3254 3559 3349 3611 καὶ
3400 3559 3634 3628 Καινῆς,
3693 3561 3984 3629 ἀπατῆσαι

2399 3647 2490 3701 τδν
2524 3650 2747 3719 κόσμον.
2793 3652 2899 3703 Καὶ
2951 3651 3035 3703 ἵνα
3059 3651 3218 3703 τοῦτο
3255 3654 3336 3712 είς
3371 3651 3527 3719 ἔργον
3561 3652 3770 3720 ἀγάγῃ,
3813 3669 3980 3721 προσ-

2399 3741 2620 3794 ελάϐετο
2668 3760 2788 3794 τινα
2842 3742 3132 3811 ἄνθρωπον
3175 3742 3504 3806 διαϐολικδν,
3541 3744 3771 3811 ὀνόματι
3813 3744 3986 3797 Maxi-

2401 3833 2525 3902 μεθ,
2549 3836 2614 3903 τῇ
2640 3832 2906 3903 θρησκείᾳ
2929 3832 3347 3902 εἰδωλολάτρην,
3376 3835 3441 3903 τῇ
3473 3833 3614 3903 τύχῃ
3637 3833 3881 3902 πένητα,
3905 3833 3984 3902 τῷ

2399 3925 2708 3993 φρονήματι
2755 3924 3128 3993 ὑπερήφανον,
3185 3925 3544 3992 κακουργίαις
3598 3925 3982 3991 ὑπερήφανον.

2399 4016 2507 4067 Καὶ
2536 4013 2684 4083 ἥδιον
2709 4013 2774 4067 ἂν
2803 4014 3171 4082 προσεὶάὸετο
3199 4015 3487 4084 ἄνθρωπον
3514 4015 3730 4082 ἀγαθῆς
3767 4016 3844 4084 φή
3856 4032 3983 4084 μης,

2399 4107 2448 4158 εί
2474 4104 2631 4158 τοῦτο
2679 4108 3080 4175 παρεχωρεῖτο·
3115 4105 3274 4174 εἴπερ
3304 4107 3395 4158 καὶ
3430 4107 3580 4173 ἣδιον
3613 4108 3679 4158 ἂν
3711 4107 3805 4158 τὸν
3833 4107 3987 4175 πρῶ·

2398 4213 2487 4248 τον
2513 4196 2798 4266 ἄνθρωπον
2822 4197 3077 4264 ἐπεῖρασε
3101 4196 3168 4248 δι’
3192 4197 3380 4266 ἑτέρου
3414 4195 3550 4260 {vlim
3591 4198 3624 4265 ἢ
3676 4198 3746 4249 δι’
3775 4198 3982 4264 ὄφεως,

2396 4286 2454 4336 ὲν
2479 4277 2522 4351 ᾧ
2557 4285 2589 4352 ή
2633 4283 2842 4337 ἐκείνου
2883 4284 3115 4354 πονηρία
3155 4287 3352 4353 μᾶλλον
3384 4287 3450 4339 ἂν
3471 4287 3793 4356 ἁπεκρύεη.
3840 4289 3984 4342 Ἀλλ’

2394 4376 2457 4429 οὗ
2494 4375 2869 4446 συνεχώρησεν
2923 4378 2956 4446 ή
2989 4377 3106 4429 θεία
3134 4380 3319 4445 σοφία,
3362 4379 3456 4431 καὶ
3491 4379 3578 4431 δια
3611 4380 3782 4432 τοῦτο
3807 4383 3986 4434 tato»)-

2393 4480 2486 4515 τον
2514 4463 2742 4515 ἀνέλαϐε
2797 4464 2956 4528 ζῶον,
3012 4466 3106 4517 καὶ
3165 4466 3251 4519 διὰ
3284 4467 3525 4520 τοιούτου
3555 4469 3864 4537 ἀνθρώπου
3911 4472 3986 4539 τῷ

2387 4559 2579 4628 κόσμῳ
2609 4558 2856 4622 ἐπέθετο,
2891 4561 3021 4614 ὥστ’
3050 4561 3212 4614 αὑτὸν
3238 4563 3328 4614 τὸν
3353 4564 3555 4632 κόσμον
3586 4565 3795 4631 ῥαδίως
3828 4567 3988 4636 δυνη-

722 4641 879 4709 θῆναι
937 4645 1294 4713 κατανοῆσαι,
1350 4647 1589 4710 ποταπὸς
1623 4647 1688 4700 ἂν
1743 4649 1828 4718 εἴη
1856 4653 1883 4702 ό
1914 4651 2074 4720 νόμος
2111 4652 2342 4715 ἐκεῖνος,
2368 4654 2395 4704 ό
2426 4652 2512 4704 διὰ
2544 4653 2782 4705 τοιούτου
2813 4652 2986 4716 δοθεὶς
3024 4654 3340 4724 νομοθέτου.

793 4733 1062 4804 Superato
1102 4737 1270 4806 igitur
1295 4738 1540 4796 Chosroe
1575 4757 1604 4795 a
1635 4743 1898 4811 praedicto
1930 4743 2200 4809 Heraclio,
2235 4757 2290 4800 et
2324 4749 2367 4803 D

722 4828 985 4894 translata
1019 4838 1206 4884 saneta
1233 4846 1397 4886 cruce
1431 4832 1484 4886 in
1508 4830 1808 4888 Jerusalem
1839 4851 1961 4888 cum
1988 4836 2286 4904 triumpho,

715 4922 1121 4984 sexcentesimo
1169 4925 1429 4978 vicesimo
1461 4940 1604 4978 anno
1655 4926 1723 4980 ab
1776 4927 2155 4982 incarnatione
2185 4929 2292 4982 Do-

719 5015 880 5078 mini,
918 5013 1134 5068 decinio
1166 5015 1363 5084 quinto
1397 5026 1579 5070 autem
1632 5016 1849 5085 imperii
1883 5015 2141 5083 lleraelii,
2194 5034 2291 5088 ap-

723 5106 908 5178 paruit
941 5106 1170 5176 quidam
1217 5107 1561 5164 Mahometus
1589 5109 1784 5172 Arabs,
1817 5110 1911 5178 qui
1939 5109 2178 5179 primum
2204 5111 2291 5164 di-

721 5216 820 5260 ves
849 5200 1026 5256 lactus
1059 5217 1157 5272 per
1192 5202 1484 5271 quamdam
1512 5202 1755 5269 viduam,
1784 5219 1946 5272 quam
1973 5204 2029 5257 in
2066 5218 2290 5258 uxorem

718 5292 900 5358 duxit,
947 5301 1001 5347 et
1040 5303 1163 5363 post
1218 5294 1334 5360 haec
1382 5296 1636 5366 princeps
1683 5296 1955 5350 latronum
2005 5295 2199 5360 factus,
2236 5296 2292 5349 in

724 5394 932 5440 tantum
962 5388 1214 5455 prorupit
1241 5386 1579 5456 superbiam,
1615 5394 1750 5441 utet
1782 5403 1876 5441 rex
1906 5387 2147 5441 Arabum
2173 5385 2290 5440 ﬁeri

722 5481 981 5535 voluerit.
1019 5479 1125 5534 Sed
1155 5481 1279 5549 quia
1315 5480 1418 5549 ipsi
1452 5496 1560 5534 non
1589 5489 1950 5549 susceperunt
1978 5495 2128 5541 eum,
2163 5479 2290 5547 quia

721 5568 791 5623 de
822 5584 1023 5638 genere
1052 5579 1108 5624 et
1137 5569 1400 5638 opinione
1431 5570 1559 5623 vilis
1585 5580 1723 5634 erat,
1755 5569 1908 5622 tinxit
1941 5585 1998 5622 se
2024 5584 2145 5622 esse
2174 5584 2297 5636 pro-

725 5661 970 5732 pbetam.
1007 5660 1224 5718 Etcum
1258 5661 1520 5716 comitiali
1551 5661 1740 5714 morbo
1778 5662 2076 5724 laboraret,
2108 5677 2175 5713 nc
2209 5661 2297 5714 ﬁr-

727 5756 890 5808 miter
917 5756 1041 5824 quis
1067 5770 1134 5809 eo
1162 5755 1448 5809 detentum
1476 5769 1592 5809 esse
1620 5756 1893 5817 crederet,
1922 5752 2180 5807 continue
2211 5767 2300 5807 ca-

723 5846 886 5914 dens,
927 5849 1146 5905 dicebat
1177 5848 1428 5919 angelum
1461 5863 1583 5903 cum
1613 5861 1678 5902 eo
1704 5847 1962 5915 colloqui.
2001 5845 2171 5901 Dabat
2200 5861 2296 5899 au-

2467 4745 2571 4797 Τοῦ
2602 4747 2849 4812 Χοσρόου
2879 4747 3056 4800 τοίνυν
3083 4748 3411 4816 ἡττηθέντος
3446 4753 3596 4818 παρὰ
3630 4750 3732 4804 τοῦ
3764 4756 3989 4823 εἰρημέ-

2398 4852 2490 4888 νου
2521 4837 2869 4903 Ἦρακὶείου,
2907 4837 3000 4889 καὶ
3043 4841 3462 4908 μετενεχθέντος
3485 4842 3580 4893 τοῦ
3621 4844 3788 4911 ἁγίου
3828 4863 3988 4898 σταυ-

2401 4927 2494 4996 ροῦ
2547 4929 2626 4990 εἰς
2680 4926 2778 4997 τὴν
2818 4928 3174 4998 Ἰερουσαλὴμ
3229 4932 3366 4998 μετὰ
3398 4931 3671 4999 θριάμϐου
3730 4938 3881 4989 κατά
3930 4939 3986 4989 τῖι

2398 5019 2774 5083 ἑξακοσιοστὸν
2807 5019 3050 5074 εἰκοστὸν
3085 5021 3243 5073 ἕκτον
3268 5021 3382 5082 ἔτος
3405 5021 3511 5074 ἀπὸ
3535 5024 3632 5091 τῆς
3655 5025 3756 5076 τοῦ
3778 5027 3984 5095 Κυρίου

2401 5109 2749 5180 σαρκώσεως,
2782 5113 3251 5182 πεντεκαιδεκάτῳ
3278 5113 3334 5166 δὲ
3362 5113 3455 5166 τοῦ
3496 5113 3772 5182 βασιλέως
3817 5118 3986 5187 Ἦρα-

2402 5200 2607 5263 κλείου,
2643 5203 2882 5269 ἀνεφάνη
2905 5219 2987 5265 τις
3008 5202 3197 5271 Μαχού
3208 5219 3331 5270 μετ,
3355 5205 3419 5255 ’Δ
3430 5203 3558 5273 ραψ,
3584 5204 3642 5267 ὃς
3667 5206 3729 5258 τὸ
3770 5207 3986 5278 πρῶτον

2399 5293 2654 5356 πλούσιος
2704 5295 2945 5362 γεγονὼς
2992 5295 3080 5348 διά
3121 5312 3266 5358 τινος
3313 5297 3509 5366 χήρας,
3541 5297 3610 5366 ἢν
3633 5300 3718 5361 είς
3745 5305 3984 5366 γυναῖκα

2400 5386 2658 5453 ἠγάγετο,
2695 5388 2787 5439 καὶ
2846 5387 2983 5455 μετὰ
3030 5385 3200 5440 ταῦτα
3231 5387 3411 5456 ἄρχων
3442 5387 3657 5457 λῃστῶν
3715 5394 3982 5459 γεγονὼς,

2395 5480 2475 5541 εἰς
2520 5479 2774 5547 τοιαύτην
2808 5479 3109 5532 κατέπεσεν
3141 5481 3540 5550 ὑπερηφανίαν.
3581 5480 3726 5533 ὥστε
3757 5485 3851 5535 καὶ
3887 5485 3979 5553 βα·

2399 5568 2847 5637 σιλεὺςἊράὸων
2897 5570 3148 5636 γενέσθαι
3195 5570 3440 5638 θελῆσαι.
3486 5571 3892 5640 Ἐπιληπτικδς
3929 5575 3983 5628 δὲ

2399 5661 2497 5722 ὢν,
2530 5662 2616 5714 ἵνα
2655 5660 2885 5729 βεϐαίως
2919 5663 3145 5731 κὰτοχός
3167 5680 3252 5725 τις
3284 5659 3424 5714 εἶναι
3473 5665 3826 5732 πιστεύηται,
3861 5683 3983 5719 συν.

2401 5752 2542 5821 εχῶς
2576 5750 2811 5814 πίπτων,
2837 5751 3020 5820 ἔλεγεν
3054 5754 3284 5820 ἄγγελον
3318 5753 3466 5822 αὖτῷ
3489 5755 3798 5810 συλλαλεῖν.
3841 5757 3982 5808 Ἔα.

2402 5845 2490 5898 δον
2523 5844 2577 5898 δὲ
2614 5844 2750 5915 μετὰ
2775 5844 2948 5899 ταῦτα
2988 5846 3309 5914 ἀποκρίσεις
3330 5848 3506 5912 τινας,
3531 5846 3599 5909 ἃς
3628 5847 3727 5918 (ὡς
3770 5849 3981 5918 ἔλεγεν)
