4198 6440
233 390 377 454 1117

1437 406 1734 466 CONTRA
1773 408 2280 474 ΜΛΙΙΗΜΕΤΕΜ.

3352 413 3485 481 1118

225 503 398 568 ἧκουε
431 503 585 573 δίκην
619 505 864 572 κώδωνος
919 510 1290 582 περιηχοῦσης
1320 512 1482 568 αὐτοῦ
1527 521 1637 578 τοῖς
1683 518 1799 569 ὼσι.

1916 528 2020 572 tem
2050 537 2174 591 post
2200 526 2313 578 hmc
2337 506 2728 593 responsiones
2750 523 3034 594 quasdam.
3059 539 3194 593 quas
3219 522 3299 596 (ut
3321 525 3482 582 dixit)

229 592 346 644 Καὶ
369 593 489 672 ἐπει
533 596 750 666 ἰδιώτης
776 595 865 667 ἦν,
899 601 993 655 καὶ
1027 602 1413 672 ἀγράμματος,
1452 606 1685 659 δέδωκεν
1709 607 1810 658 αὺ-

226 682 312 757 τῷ
371 686 398 736 6
448 670 691 751 δῖάὸολος
751 690 974 760 ἑτέρους
1017 693 1252 757 οἰκείους
1302 696 1454 764 αὑτῷ
1500 696 1811 766 αἱρετικοῦς

226 792 386 839 τινας
417 781 509 831 καὶ
532 778 846 848 Ἰουδαίους,
875 785 970 837 καὶ
992 785 1355 854 Χριστιανοὺς
1385 789 1582 858 ὁμοίως
1609 792 1810 860 αἰρετι.

229 865 384 927 κούς.
420 867 834 942 Προσεκο).λήῦη
880 874 988 944 γὰρ
1013 876 1158 946 αὐτῷ
1197 895 1280 938 τις
1323 878 1660 948 Ἰακωῆίτης,
1690 879 1809 945 ὸνὸτ

235 972 369 1021 ματι
395 957 633 1028 Βαειρα,’
665 966 759 1016 καὶ
786 964 1037 1034 διήρκεσε
1080 967 1219 1034 μετά
1258 969 1347 1022 τοῦ
1394 969 1636 1037 Μωάμεθ
1691 987 1812 1038 σχε-

230 1047 325 1100 δὸν
355 1051 515 1118 μέχρι
538 1054 792 1109 θανάτου.
831 1057 1078 1111 Φαίνεται
1113 1058 1166 1110 δὲ
1201 1059 1276 1119 ὡς
1325 1061 1460 1128 μετὰ
1487 1059 1659 1113 ταῦτα
1713 1062 1811 1114 αὑ-

231 1138 330 1190 τὸν
373 1143 398 1192 6
437 1143 736 1211 Μαχούμετ
787 1147 1124 1204 ἀπέκτεινεν.
1181 1151 1341 1204 Ἀλλά
1390 1152 1485 1203 καὶ
1564 1150 1803 1203 Ἰουδαῖοί

229 1244 402 1292 τιντς,
437 1232 621 1295 Φινεὲς
677 1235 920 1304 δηλονότι
975 1239 1070 1290 καὶ
1101 1240 1286 1306 Αὺδιὰ,
1337 1243 1561 1310 ὀνόματι
1596 1241 1802 1305 Σαλὼν,

232 1324 376 1391 μετά
427 1325 600 1377 ταῦτα
632 1326 687 1378 δὲ
717 1328 967 1382 Λυδαὶ.λᾶ
1000 1331 1308 1399 εἰρημένος,
1365 1333 1457 1384 καὶ
1498 1332 1693 1399 Σελὲμ,
1753 1333 1802 1386 οἳ

229 1416 330 1466 καὶ
365 1417 618 1483 γεγόνασι
677 1420 1048 1489 Σαρρακηνοί·
1103 1422 1194 1474 καί
1249 1441 1394 1485 τινες
1427 1425 1801 1491 Νεστοριανοὶ,

229 1506 281 1557 οἳ
312 1506 543 1573 μάλιστα
566 1509 879 1560 κοινωνοῦσι
911 1509 1281 1580 Σαρδακηνοῖς
1305 1512 1550 1577 λέγοντες
1583 1511 1656 1576 μὴ
1673 1509 1806 1563 Θεὸν

228 1595 594 1662 γεγεννῆσθαι
633 1599 696 1649 ὲκ
744 1599 837 1666 τῆς
862 1600 1079 1668 Μαρίας
1115 1603 1412 1670 Παρῡένου,
1447 1603 1559 1654 ἀλλ’
1589 1604 1807 1672 ἄνθρω-

230 1703 335 1738 πον
373 1685 581 1754 Ἰησοῦν
606 1689 860 1756 Χριστόν.
896 1692 1004 1743 Καὶ
1024 1691 1144 1744 τότε
1173 1693 1471 1761 συνέθηκεν
1508 1694 1534 1746 6
1562 1695 1805 1763 Μωαμεο

229 1778 354 1827 τινα
384 1776 548 1844 νόμου
582 1779 766 1848 τρόπῳ
801 1780 886 1832 δια
914 1780 1020 1832 τῶν
1051 1783 1273 1851 ἐτέρων,
1327 1783 1622 1851 λαμϐάνων
1673 1785 1794 1838 τινὰ

235 1868 339 1934 μὲν
372 1870 434 1921 ὲκ
466 1869 565 1937 τῆς
599 1869 860 1932 Παλαιᾶς.
913 1872 1032 1925 τινα
1053 1873 1107 1924 δὲ
1134 1873 1198 1925 ἐκ
1247 1875 1342 1942 τῆς
1375 1875 1584 1943 Καινῆς
1613 1876 1809 1945 Διαοή-

228 1973 360 2024 κης.
399 1958 474 2009 Οὔ
519 1959 624 2028 μὴν
653 1960 773 2012 τότε
805 1963 830 2011 6
865 1961 990 2022 λαὸς
1021 1957 1130 2030 εἶχε
1159 1963 1218 2013 τὸ
1258 1963 1603 2029 ’Λλκοράνον.
1632 1964 1802 2030 Λέγε-

227 2064 323 2100 ται
360 2050 541 2117 μέντοι
594 2052 652 2102 ὲν
708 2055 828 2113 ταῖς
861 2052 1038 2103 αὐτῶν
1073 2053 1336 2122 ἱστορίαις
1369 2056 1542 2105 εἰπεῖν
1571 2056 1660 2106 τὸν
1687 2056 1809 2107 Μα-

228 2140 437 2208 χοῦμετ
461 2154 474 2170 ·
511 2143 794 2213 Κατῆλοεν
850 2143 935 2196 ἐπ’
971 2146 1068 2212 ἐμὲ
1109 2145 1169 2196 τὸ
1223 2144 1549 2215 Ἀλκορὰνον
1582 2148 1638 2198 ἐν
1666 2146 1806 2199 ἑπτὰ

231 2232 495 2300 ἀνδράσι”
552 2234 646 2286 καὶ
695 2235 830 2306 ὅπερ
888 2236 954 2289 ἂν
1008 2236 1140 2289 πολὺ
1179 2230 1235 2309 ᾗ,
1271 2236 1447 2306 ἀρκεῖ.
1486 2237 1718 2304 Λέγουσι
1750 2236 1806 2290 δὲ

228 2323 455 2384 τούτους
477 2325 730 2394 γενέσθαι
753 2328 840 2380 τὸν
859 2329 1034 2396 Ναφὲ,
1061 2333 1153 2384 κα)⁵
1182 2333 1320 2400 Ἐδν,
1341 2335 1539 2404 Ὀμὰρ,
1570 2334 1806 2404 Ὀμὸρέι,

245 2413 537 2485 Ἐ).ρεσάρ,
555 2416 722 2486 Ἀσὴρ
745 2417 832 2470 τὸν
859 2419 970 2472 υἱὸν
992 2421 1083 2472 τοῦ
1105 2421 1308 2494 Κετὴρ,
1341 2426 1432 2477 καὶ
1457 2424 1548 2475 τὸν
1576 2424 1692 2477 υἱὸν
1711 2425 1806 2477 τοῦ

233 2506 440 2576 Ἀμερ.
485 2507 749 2579 Ἐροῦμεν
778 2511 962 2563 τοίνυν
1015 2514 1220 2579 αὐτοῖς,
1285 2516 1626 2585 Ἀνέγνωσάν
1679 2533 1806 2570 ποτε

222 2597 389 2651 τοῦτο
406 2599 636 2654 ἐνώπιον
663 2601 756 2653 τοῦ
784 2603 1027 2671 Μωαμεο
1048 2619 1062 2669 ;
1088 2607 1179 2658 καὶ
1201 2609 1398 2671 πάντες
1423 2608 1628 2679 ἐροῦσι,
1651 2610 1804 2678 Οὐχὶ,

224 2689 346 2742 ἀλλ’
377 2689 606 2743 ἐνώπιον
624 2694 727 2745 τῶν
759 2697 1168 2768 πρεσϐυτέρων,
1197 2699 1291 2751 καὶ
1312 2700 1484 2761 οὕτως
1516 2701 1676 2770 μέχρι
1715 2704 1804 2755 τοῦ

223 2781 496 2850 ἓίῐωαμεθ,
533 2784 755 2838 Βέὸαιον
797 2789 853 2841 δέ
886 2791 1054 2853 ἐστιν,
1085 2791 1168 2844 ὅτι
1206 2786 1354 2846 οὗτοι
1395 2793 1457 2845 οῦ
1495 2795 1806 2864 συνεφώνη-

225 2889 332 2925 σαν
361 2876 471 2938 τοῖς
503 2877 742 2946 πρώτοις
774 2880 1163 2951 πρεσϐυτέροις
1215 2885 1273 2936 ὲν
1317 2887 1380 2954 τῇ
1410 2885 1716 2952 ἀναγνώσει
1744 2889 1808 2956 ἣν

224 2963 328 3017 νῦν
359 2966 704 3036 κατέχουσιν.
743 2971 807 3024 ’Ὀ
842 2971 1116 3026 δείκνυται
1164 2976 1226 3026 ὲκ
1260 2975 1348 3028 τοῦ
1377 2977 1433 3028 τὸ
1464 2978 1553 3028 τοῦ
1591 2977 1806 3046 πρώτου

227 3058 436 3126 μέρους
464 3060 796 3132 ἀνάγνωσμα
818 3065 1056 3117 ἐναντίον
1077 3059 1214 3119 εἶναι
1245 3068 1322 3137 τῷ
1357 3069 1594 3139 δευτέρῳ
1624 3070 1804 3141 μέρει.

1913 614 2174 668 audiebat
2200 615 2356 682 quasi
2390 630 2488 682 per
2518 614 2738 668 modum
2771 630 3048 682 campana:
3073 617 3482 669 circumsonan-

1912 707 1982 760 tis
2015 707 2242 760 auribus
2275 707 2412 776 ejus.
2444 705 2510 759 Et
2543 707 2669 773 quia
2702 707 2868 759 idiota
2897 715 3038 766 erat,
3067 715 3119 758 et
3147 706 3483 768 illitteratus,

1919 799 2074 852 dedit
2103 799 2154 852 ei
2188 797 2441 852 diabolus
2474 798 2658 852 soi-ios
2692 800 2963 866 proprios.
3004 807 3058 850 et
3090 797 3352 864 quosdam
3383 798 3489 848 Ιιςιι-

1913 892 2115 945 reticos
2158 898 2215 944 et
2243 889 2480 952 Judreos,
2532 897 2588 942 et
2626 887 2970 942 Christianos
3019 887 3276 940 similiter
3317 889 3487 938 hane-

1914 983 2072 1036 ticos.
2129 981 2374 1035 Adhaesit
2407 981 2552 1034 enim
2605 981 2652 1035 ei
2697 980 2916 1047 quidam
2950 979 3220 1041 Jacobita,
3267 979 3487 1032 nomine

1913 1072 2090 1132 Baira,
2118 1081 2174 1125 et
2205 1070 2420 1122 duravit
2446 1085 2569 1122 cum
2603 1069 2913 1122 Mahometo
2942 1083 3112 1136 usque
3137 1068 3202 1120 ad
3229 1079 3486 1122 mortem.

1911 1167 2238 1234 Ferturque,
2280 1165 2426 1232 quod
2461 1163 2800 1218 Mabometus
2831 1175 3016 1234 postea
3053 1165 3348 1217 interfecit.
3380 1163 3485 1215 Sed

1910 1269 1963 1311 et
1993 1257 2166 1312 ιυιιςυί
2204 1257 2450 1326 quidam.
2501 1255 2738 1310 Phinees
2771 1255 3045 1315 videlicet,
3073 1262 3126 1305 et
3159 1254 3354 1316 Audia,
3388 1269 3489 1304 no-

1913 1348 2058 1400 mine
2109 1347 2298 1410 Salen,
2351 1357 2473 1416 post
2526 1347 2639 1400 haec
2691 1355 2873 1399 autem
2911 1345 3116 1397 Andala
3174 1344 3376 1403 dictus,
3431 1355 3488 1398 et

1914 1440 2130 1494 Selem;
2163 1441 2255 1508 qui
2286 1439 2452 1492 etiam
2501 1438 2627 1492 facti
2666 1447 2796 1491 sunt
2830 1437 3114 1490 Saraceni.
3164 1438 3229 1492 Et
3263 1436 3484 1506 quidam

1912 1532 2246 1592 Nestoriani,
2282 1531 2373 1599 qui
2416 1531 2650 1583 maxime
2685 1545 2806 1584 cum
2838 1528 3128 1584 Saracenis
3155 1531 3488 1585 conveniunt

1912 1622 2178 1684 dicentes,
2231 1625 2373 1691 quod
2408 1625 2552 1678 Deus
2602 1640 2707 1677 non
2741 1635 2824 1678 est
2861 1635 3023 1678 natus
3060 1624 3128 1678 de
3163 1624 3320 1676 beata
3358 1623 3484 1674 Vir-

1913 1716 2058 1784 gine.
2095 1716 2188 1770 sed
2232 1717 2395 1769 homo
2427 1717 2586 1771 Iesus
2607 1717 2884 1772 Christus.
2924 1719 2986 1771 Et
3018 1729 3146 1769 tunc
3176 1715 3485 1780 composuit

1839 1847 1880 1900 Β
1915 1807 2247 1861 Mahometus
2282 1808 2527 1875 qumdam
2567 1810 2618 1861 in
2655 1809 2875 1862 modmn
2947 1809 3084 1877 legis
3137 1825 3236 1876 per
3280 1809 3483 1869 socios,

1909 1914 2192 1952 assumens
2218 1899 2464 1967 quaedam
2482 1899 2700 1968 quidem
2725 1916 2754 1952 a
2775 1900 2982 1964 Veteri,
3013 1900 3263 1968 quiedam
3301 1910 3482 1952 autem

1909 2007 1937 2044 a
1986 1991 2138 2045 Novo
2170 1990 2544 2044 Testamento.
2578 1991 2696 2044 Non
2737 2002 2916 2045 tamen
2957 2001 3086 2045 tunc
3119 1993 3355 2061 populus
3387 1994 3487 2044 ba-

1912 2073 2446 2138 hebatAleoranum.
2481 2083 2688 2136 Dicitur
2716 2093 2896 2136 tamen
2925 2085 2978 2136 in
3001 2100 3190 2137 eorum
3220 2085 3483 2146 historiis,

1909 2177 2053 2243 quod
2091 2173 2430 2227 Mahometus
2481 2173 2646 2227 dicit:
2683 2173 2972 2228 Descendit
3023 2175 3087 2228 ad
3145 2191 3232 2229 me
3265 2176 3484 2228 Alcora-

1908 2283 2039 2319 num
2077 2267 2129 2318 in
2162 2275 2369 2334 septem
2402 2266 2556 2331 viris,
2583 2276 2638 2320 et
2666 2266 2934 2335 quidquid
2965 2275 3048 2320 est
3081 2267 3218 2320 satis
3263 2267 3484 2320 Sllmt'il.

1910 2358 2106 2411 Dicunt
2157 2367 2335 2411 autem
2387 2357 2488 2410 hos
2525 2355 2712 2420 fuisse,
2763 2355 2973 2424 Naphe,
3021 2365 3076 2408 et
3127 2354 3261 2415 Eon.
3297 2355 3485 2419 Omar,

1912 2450 2098 2511 Omra,
2126 2449 2372 2514 Eleesar,
2410 2449 2535 2502 Asir
2567 2448 2735 2501 tilium
2762 2446 2974 2510 Cethir,
3004 2457 3058 2502 et
3091 2446 3260 2501 lilium
3293 2449 3482 2500 Amer.

1910 2542 2154 2595 Diximus
2203 2540 2370 2607 igitur
2407 2541 2507 2601 eis,
2558 2539 2777 2608 quando
2833 2540 3086 2608 legerunt
3143 2539 3247 2592 hoc
3299 2554 3484 2592 coratn

1910 2633 2263 2687 Mahometo?
2294 2633 2360 2686 Et
2395 2647 2588 2686 omnes
2616 2632 2897 2696 dixerunt,
2925 2636 3070 2702 quod
3103 2648 3236 2697 non,
3266 2632 3359 2686 sed
3393 2648 3487 2684 co-

1911 2739 2026 2777 ram
2059 2723 2391 2786 senioribus,
2428 2733 2480 2778 et
2525 2724 2604 2778 sic
2635 2740 2809 2792 usque
2841 2725 2906 2779 ad
2942 2725 3333 2779 lilahometum.
3364 2725 3483 2779 Fir-

1917 2829 2065 2867 mum
2120 2822 2302 2868 autem
2358 2824 2464 2876 est,
2501 2813 2647 2881 quod
2702 2813 2756 2866 hi
2795 2829 2901 2868 non
2930 2823 3309 2869 convenerunt
3357 2829 3482 2868 eum

1911 2905 2224 2958 senioribus
2258 2904 2535 2973 prioribus
2571 2904 2628 2958 in
2677 2905 2860 2959 littera
2899 2922 3062 2974 quam
3093 2920 3242 2959 nunc
3271 2915 3482 2960 tenent.

1910 2995 2063 3060 Quod
2112 2997 2374 3064 probatur
2417 3011 2482 3048 ex
2531 3009 2619 3056 eo,
2657 2997 2800 3064 quod
2855 2997 3039 3050 littera
3092 2996 3278 3066 primm
3311 2997 3484 3065 partis

1911 3090 2188 3145 contraria
2239 3097 2323 3142 est
2359 3089 2498 3158 parti
2533 3089 2808 3144 secundae.
2840 3090 2882 3143 A
2914 3100 3160 3158 tempore
3194 3092 3338 3144 enim
3374 3090 3484 3142 Ma-

235 3149 374 3202 Ἀπὸ
402 3149 509 3220 γὰρ
547 3152 640 3204 τοῦ
675 3155 864 3223 καιροῦ
885 3156 977 3209 τοῦ
1011 3157 1255 3228 Μωάμεθ
1282 3159 1454 3222 οὐδεὶς
1484 3161 1799 3232 ἐπιστήμων

1909 3185 2110 3236 hometi
2160 3183 2343 3236 nullus
2391 3184 2598 3250 peritus
2653 3181 3056 3245 luitAleorani,
3105 3183 3210 3237 nisi
3266 3183 3475 3238 Audala

219 3244 418 3311 γέγονε
448 3242 542 3296 τοῦ
578 3244 925 3316 Ἀλκοράνου.
956 3252 1004 3302 εξ
1048 3250 1122 3320 μὴ
1152 3254 1178 3303 ὁ
1213 3251 1460 3306 Λυδαὶλᾶ
1498 3256 1524 3306 ὀ
1563 3255 1674 3316 υίὸς
1701 3255 1792 3308 τοῦ

221 3336 542 3399 Μεσετοὺδ,
594 3341 688 3392 καὶ
719 3346 745 3393 6
800 3341 925 3395 Ζεῖθ
981 3346 1007 3396 6
1055 3345 1168 3408 υίὸς
1199 3345 1293 3398 τοῦ
1327 3347 1578 3416 Ταμπὲθ.
1637 3350 1730 3402 καὶ
1771 3352 1798 3402 6

222 3429 414 3484 Κανάν
439 3431 552 3494 υίὸς
592 3431 781 3503 Ὀφὴν,
838 3437 929 3488 καὶ
955 3438 980 3488 6
1023 3436 1203 3508 Ἐμπῆ
1232 3438 1346 3502 υίὸς
1381 3439 1525 3493 Teir.
1560 3442 1694 3511 Περὶ
1739 3441 1793 3493 δὲ

219 3520 320 3574 τοῦ
345 3521 475 3590 Ἀλῆ
498 3522 592 3574 τοῦ
629 3524 743 3577 υἱοῦ
776 3525 866 3579 τοῦ
897 3527 1182 3598 Ἀὁιτελὲμ
1215 3531 1356 3593 τινες
1403 3531 1650 3598 λέγουσιν
1683 3532 1800 3585 ἐπί·-

222 3612 457 3665 στασθαι
479 3615 664 3682 μέρος,
697 3617 838 3680 τινὲς
868 3618 922 3670 δὲ
951 3619 1033 3673 οῦ.
1064 3620 1333 3684 Ἕκαστος
1361 3623 1416 3675 δὲ
1442 3624 1645 3678 τούτων
1673 3641 1798 3678 συν·

224 3702 428 3770 ἐῦηκεν
454 3703 796 3772 Ἀλκοράνον,
850 3707 925 3776 τῷ
975 3709 1080 3760 τῶν
1131 3710 1304 3763 ἄλλων
1342 3712 1654 3783 Ἀλκοράνῳ
1680 3716 1775 3766 ανο

224 3791 531 3860 μοιότατον.
566 3793 946 3864 Ἐπολέμησαν
967 3799 1022 3850 δὲ
1053 3802 1147 3852 καὶ
1182 3801 1316 3869 πρὸς
1349 3803 1611 3873 ἀλλήλους
1636 3806 1797 3874 μέχρι

221 3884 487 3949 θανάτου,
535 3884 610 3956 μὴ
635 3886 914 3956 δεχόμενοι
957 3890 1027 3944 τὰ
1058 3891 1164 3943 τῶν
1198 3893 1392 3948 ἄλλων.
1437 3897 1591 3948 Μετά
1621 3897 1676 3949 δὲ
1709 3901 1798 3949 τὸν

219 3974 453 4026 ἐκείνων
481 3974 709 4029 Θάνατον
758 3976 1098 4048 ἐδιχονόησεν
1132 3983 1158 4033 6
1185 3981 1311 4045 λαὸς
1347 3987 1403 4037 ἐν
1435 3984 1512 4054 τῷ
1537 3986 1798 4051 Ἀλχορᾶ-

221 4083 302 4135 νῳ
353 4067 512 4136 μέχρι
540 4068 633 4120 τοῦ
666 4069 857 4139 καιροῦ
882 4073 974 4123 τοῦ
1003 4073 1248 4140 Περπᾶν,
1282 4075 1373 4127 τοῦ
1406 4076 1520 4128 υἱοῦ
1539 4077 1796 4147 Ἐλεκὲμ,

219 4157 280 4218 6;
309 4158 604 4227 συνέθηκεν
634 4160 815 4222 αὐτοῖς
840 4161 996 4213 τοῦτο
1026 4163 1085 4214 τὸ
1115 4165 1437 4235 Ἀλκορσὶνον
1470 4169 1497 4222 ὃ
1529 4170 1620 4222 νῦν
1647 4171 1797 4239 ἔχου-

221 4265 331 4301 σιν.
361 4249 662 4319 Ἐνέπρησε
713 4252 768 4304 δὲ
809 4254 901 4306 καὶ
927 4255 991 4306 τὰ
1015 4256 1146 4308 ἄλλα
1169 4258 1496 4327 Ἀλκορανα.
1527 4263 1635 4314 Καῖ⁶
1676 4264 1795 4316 τότε

217 4342 268 4393 οἱ
317 4343 600 4410 εἰρημένοι
655 4345 794 4398 ἑπτα
842 4346 948 4398 τῶν
991 4349 1195 4401 πόλεων
1240 4351 1495 4420 ἄρχοντες
1538 4355 1794 4408 ἀντεῖπον

217 4431 474 4501 ἀλλήλοις
499 4434 558 4486 ἐν
605 4451 664 4487 τε
694 4439 758 4504 τῇ
796 4443 1154 4509 γραμματικῇ
1201 4443 1292 4494 καὶ
1324 4446 1437 4506 τοῖς
1474 4445 1621 4506 ἰδίοις
1648 4447 1792 4498 ἰδιώ-

219 4537 409 4589 μασιν.
442 4521 690 4590 Εὖρομεν
715 4524 771 4576 δὲ
815 4526 874 4576 ἐν
904 4529 1022 4587 ταῖς
1067 4528 1327 4596 ἱστορίαις
1361 4531 1562 4595 αὐτῶν,

213 4612 312 4664 τοῦ
340 4613 670 4666 ἀποστασίου
713 4615 1007 4682 κεφάλαιον
1055 4619 1377 4689 ὑπερέϐαινε
1400 4637 1415 4652 ο
1441 4621 1500 4674 τὸ
1531 4623 1584 4675 δὲ
1619 4626 1789 4693 κεφα-

213 4698 371 4752 λαιον
401 4702 498 4770 τῆς
538 4700 657 4769 βοὸς
687 4703 747 4754 το
792 4705 1006 4774 πρῶτον
1051 4710 1110 4760 ὲν
1159 4709 1463 4774 διακοσίαις
1486 4715 1784 4780 τριάκοντα

212 4788 559 4855 ἀποφάσεσιν
597 4784 684 4860 ἦν,
718 4790 811 4844 νῦν
828 4791 883 4844 δὲ
914 4795 1213 4866 συνέστηκε
1239 4799 1297 4850 τὸ
1324 4801 1443 4852 ὅλον
1469 4803 1532 4854 ἐκ
1561 4804 1785 4859 δώδεκα.

209 4881 354 4932 Φασὶ
377 4880 432 4934 δὲ
456 4881 603 4934 ἄλλοι
629 4883 799 4936 καὶτὸ
825 4885 1115 4953 κεράλαιον
1156 4891 1251 4957 τῆς
1285 4892 1406 4959 βοδς
1447 4896 1621 4964 χιλίας
1648 4900 1785 4950 ἀποο

208 4972 408 5038 φάσεις
438 4973 710 5042 περιέχειν
743 4978 891 5039 ποτὲ,
928 4981 1164 5047 σήμερον
1191 4982 1245 5034 δὲ
1287 4987 1540 5038 τοσοῦτον
1573 4989 1665 5041 καὶ
1703 4992 1784 5043 ἔτι

205 5061 462 5114 διακόσια
501 5062 826 5133 ὀγδοήκοντα
860 5065 1016 5120 ἑπτά.
1065 5068 1392 5142 Ἐμφέρεται
1424 5075 1479 5126 δὲ
1529 5082 1622 5129 καὶ
1656 5081 1784 5147 περί

206 5171 359 5216 τινος
399 5154 624 5207 δυνατοῦ
665 5157 888 5228 ὀνόματι
938 5161 1152 5229 Ἐλγὲιν,
1204 5167 1285 5217 ὅτι
1325 5168 1541 5234 ἀφεῖλεν
1589 5174 1651 5223 ἐκ
1688 5172 1777 5224 τοῦ

221 5248 549 5317 Ἀλκοράνου
573 5251 895 5322 ὁγδοήκοντα
929 5257 1087 5309 πέντε
1119 5259 1438 5328 ἀποφάσεις,
1471 5267 1560 5315 καὶ
1589 5268 1783 5334 τερσσέ-

205 5341 381 5408 θηκεν
413 5342 578 5406 ἄλλας
614 5347 881 5411 τοσαύτας
913 5352 989 5412 είς
1030 5351 1187 5404 ἄλλον
1225 5357 1424 5407 σκοπὸν
1462 5359 1778 5426 ἀφ-ιρςὺσας.

206 5435 334 5496 Πῶς
357 5435 536 5488 τοίνυν
565 5438 712 5491 ἐστὶν
740 5440 960 5508 ἀληθὲς,
990 5443 1123 5511 ὅπερ
1149 5446 1282 5511 φασὶ
1311 5451 1435 5516 περὶ
1466 5449 1559 5502 τοῦ
1597 5451 1782 5504 Ἀλκοο

204 5526 375 5594 ράνου
410 5529 583 5580 εἰπεῖν
614 5531 707 5582 τὸν
757 5531 908 5597 Θεὸν,
967 5535 1046 5586 ὅτι
1094 5536 1283 5604 Ἡμεῖς
1337 5542 1643 5611 καταϐῆναι
1688 5563 1782 5598 πε-

201 5616 517 5684 ποιήκαμεν
541 5619 638 5688 τὴν
669 5621 995 5691 ἀνάμνησιν,
1029 5627 1118 5677 καὶ
1155 5629 1314 5696 ἡμεῖς
1341 5632 1510 5700 αὐτὴν
1549 5635 1778 5701 φυλάξο-

202 5723 339 5772 μεν;
379 5708 704 5775 Διηγοῦνται
754 5712 810 5764 δέ
849 5731 989 5778 τινες
1042 5717 1223 5770 αὐτῶν
1263 5721 1523 5791 ἱστορίαν,
1570 5728 1643 5788 ὡς
1682 5729 1776 5780 τοῦ

201 5799 505 5868 Μαχούμετ
534 5804 808 5874 φαρμάκῳ
840 5807 1200 5874 ἀποθανέντος
1223 5853 1236 5878 ,
1278 5813 1378 5869 οὐκ
1411 5811 1552 5885 εἶχεν
1592 5819 1620 5870 ὁ
1650 5819 1775 5884 λαὸς

1906 3273 2048 3326 ﬁlius
2075 3273 2339 3332 Mesetud.
2381 3283 2435 3326 et
2485 3273 2636 3326 Zeith
2673 3272 2816 3327 (ilius
2848 3274 3136 3342 Tampeth,
3191 3283 3246 3326 et
3292 3273 3476 3326 Cana:

1905 3363 2048 3417 illius
2100 3363 2315 3435 (Jphyn,
2377 3373 2431 3417 et
2477 3363 2626 3432 Enpe
2660 3364 2803 3418 ﬁlius
2856 3365 2991 3433 'l'ap.
3049 3364 3120 3418 De
3153 3364 3236 3418 Ali
3293 3374 3474 3417 autem

1905 3453 2012 3506 tilio
2076 3453 2385 3516 Ahitaletn,
2459 3453 2679 3522 quidam
2741 3454 2932 3507 dicunt
3001 3454 3140 3508 scire
3212 3466 3469 3520 partem,

1902 3545 2123 3614 quidam
2171 3555 2354 3599 autem
2409 3561 2536 3599 non.
2582 3545 2823 3610 Quilibet
2866 3556 3048 3599 autem
3099 3547 3293 3598 horum
3323 3561 3476 3598 com-

1904 3638 2449 3702 posuitAlcoranum,
2474 3637 2704 3690 aliorum
2730 3639 2998 3690 Alcorano
3023 3636 3472 3691 dissimillimum.

1904 3729 2286 3797 Pugnaverunt
2330 3739 2509 3782 autem
2545 3737 2601 3782 et
2648 3729 2792 3783 inter
2823 3745 2879 3784 se
2912 3746 3086 3798 usque
3117 3730 3181 3783 ad
3215 3740 3472 3794 mortem,

1903 3835 2008 3872 non
2045 3820 2410 3887 suscipientes
2453 3836 2572 3889 quae
2601 3831 2759 3874 erant
2789 3824 3043 3877 aliorum.
3081 3824 3206 3878 Post
3239 3835 3471 3879 mortem

1901 3912 2159 3966 dissensit
2209 3916 2444 3981 populus
2502 3914 2555 3967 in
2607 3913 2893 3979 Alcorano,
2928 3931 3100 3985 usque
3155 3917 3220 3970 ad
3253 3926 3469 3986 tempus

1903 4003 2176 4074 Mermpan
2208 4006 2300 4060 ﬁlii
2324 4007 2546 4070 Elezen,
2568 4009 2984 4078 quicomposuit
3005 4010 3085 4064 eis
3115 4011 3218 4064 hoc
3248 4013 3473 4066 Alcora-

1900 4109 2028 4145 num
2093 4096 2236 4163 quod
2272 4113 2416 4150 nunc
2448 4097 2666 4150 habent.
2695 4097 3010 4153 Comhussit
3057 4111 3236 4156 autem
3273 4115 3328 4157 et
3359 4105 3465 4158 alia

1899 4186 2188 4239 Aleorana.
2218 4187 2284 4240 Et
2318 4199 2448 4240 tunc
2483 4190 2644 4241 etiam
2678 4190 2960 4244 civitatum
2994 4195 3232 4260 praefecti
3261 4206 3470 4262 septem

1898 4278 2353 4331 contradicebant
2381 4279 2483 4331 sibi
2511 4281 2561 4332 in
2586 4285 2942 4349 grammatica
2967 4295 3019 4335 et
3045 4285 3283 4352 propriis
3335 4287 3473 4338 idio-

1899 4368 2159 4419 matibus.
2221 4367 2539 4423 Invenimus
2603 4382 2786 4424 autem
2846 4375 2897 4426 in
2949 4389 3140 4427 eormn
3201 4376 3467 4441 historiis,

1897 4461 2040 4527 quod
2069 4461 2280 4529 repudii
2306 4463 2604 4530 capitulum
2630 4465 2930 4518 excedebat
2959 4468 3257 4534 capitulum
3291 4469 3466 4532 bovis.

1594 4534 1675 4585 ὅτι
1731 4536 1790 4586 τὸ
1821 4539 1868 4598 D
1896 4553 2037 4620 quod
2077 4554 2310 4620 primum
2348 4555 2398 4606 in
2445 4554 2699 4609 ducentis
2757 4557 2973 4625 triginta
3018 4560 3306 4612 sententiis
3343 4562 3464 4625 luit,

1895 4658 2041 4696 nunc
2069 4653 2249 4696 autem
2300 4653 2472 4698 totum
2523 4646 2884 4700 eoostitntmn
2929 4658 3008 4702 est
3061 4651 3112 4702 in
3153 4650 3462 4704 duodecim.

1893 4733 2091 4786 Dicunt
2140 4742 2325 4786 autem
2373 4734 2483 4796 alii,
2521 4737 2666 4803 quod
2718 4747 2774 4789 et
2805 4739 3105 4804 capitulum
3168 4742 3320 4795 bmis
3364 4744 3464 4796 ali-

1891 4824 2107 4892 quando
2155 4824 2301 4877 mille
2338 4811 2640 4880 sentenTias
2686 4830 3026 4892 continebat,
3085 4833 3245 4887 hodie
3283 4845 3461 4888 tmnen

1889 4916 2163 4983 octoginta
2213 4926 2444 4983 septeni.
2489 4918 2753 4972 Itcl‘erunt
2819 4922 2983 4974 etiam
3019 4934 3073 4975 et
3123 4925 3189 4978 de
3223 4928 3459 4994 quodam

1889 5006 2116 5073 potenti,
2143 5008 2363 5060 nomine
2392 5007 2570 5076 Elgas,
2604 5010 2747 5076 quod
2775 5011 3068 5066 abstulerit
3091 5015 3158 5068 ab
3187 5016 3460 5070 Aleorauo

1887 5097 2160 5164 oetoginla
2198 5099 2444 5166 quinque
2478 5103 2803 5162 sententias,
2842 5110 2897 5154 et
2927 5104 3136 5157 addidit
3171 5107 3306 5158 alios
3337 5110 3462 5161 toti-

1887 5187 2006 5238 dem
2054 5187 2281 5240 alterius
2315 5203 2530 5242 sensus.
2574 5190 2860 5255 Quomodo
2904 5194 3072 5262 igitur
3133 5207 3216 5249 est
3266 5213 3455 5251 verum

1885 5277 2028 5346 quod
2051 5279 2242 5331 dicunt
2274 5277 2342 5333 de
2363 5281 2652 5344 Alcorano,
2681 5283 2826 5350 quod
2859 5285 3002 5340 Deus
3032 5286 3195 5342 dicit:
3227 5291 3336 5342 Nos
3368 5292 3461 5345 de-

1886 5369 2149 5424 seendere
2195 5370 2423 5424 fecimus
2465 5374 2844 5439 munitionem,
2879 5387 2933 5431 et
2981 5395 3080 5431 nos
3110 5394 3230 5433 eam
3265 5399 3454 5437 serva-

1885 5459 2103 5512 bimus?
2138 5459 2372 5515 Narrant
2401 5464 2567 5516 etiam
2599 5466 2844 5532 quaedam
2876 5468 3141 5532 historize,
3174 5474 3316 5538 quod
3353 5475 3456 5526 Ma-

1884 5549 2137 5604 hometus
2184 5568 2394 5606 veneno
2431 5565 2682 5609 mortuus
2724 5568 2826 5616 est.
2863 5574 2964 5613 nec
3001 5561 3190 5615 habuit
3220 5567 3454 5632 populus

1879 5642 2233 5695 Alcoranum.
2282 5643 2416 5697 Cum
2456 5655 2639 5700 autem
2685 5648 3118 5720 Empeumpeccr
3145 5659 3452 5726 susciperet

1883 5733 2270 5802 principatum.
2323 5738 2581 5805 praecepit
2628 5747 2686 5792 ut
2723 5741 2954 5810 quilibet
2999 5746 3280 5816 colligeret
3329 5765 3450 5818 qua:

1883 5836 2094 5894 posset:
2124 5835 2177 5880 et
2215 5827 2316 5882 hoc
2344 5829 2487 5897 quod
2529 5840 2608 5885 est
2662 5849 2771 5903 prie
2806 5852 2890 5890 ma
2935 5838 3077 5905 ibus,
3114 5841 3447 5897 Alcoranuin
