4186 6438
239 448 369 519 1133

1422 454 1722 514 CONTRA
1764 452 2272 515 ΜΛῘΙΘΜΕΤΕΜ.

3356 454 3489 520 1134

236 561 450 632 Πνεῦμα
475 559 660 624 αὑτοῦ,
690 554 823 627 ὲξῶ
854 562 1102 628 γενέστίαι
1138 562 1223 613 τὸν
1250 562 1481 629 Χίηττῧν
1504 579 1516 592 ·
1551 562 1639 614 καὶ
1667 560 1804 627 μετά

1923 559 2122 628 Lelligit,
2159 573 2332 627 neque
2366 559 2557 626 spirat.
2595 557 2746 611 Nunc
2780 570 2962 613 autem
2992 558 3131 613 Deus
3165 569 3373 626 noster,
3397 565 3490 631 qni

233 654 401 705 ταῦτα
432 653 595 705 πάλιν
625 653 890 717 δοξάζειν,
915 652 989 714 ὡς
1021 652 1111 704 τὸν
1151 652 1320 718 Ἄδα).
1351 652 1513 703 αὐτὸν
1551 646 1712 715 εἶναι,
1745 650 1805 702 ὃν

234 744 461 794 ἔπλασεν
491 745 554 795 ἐκ
583 744 680 809 τῆς
714 746 851 811 γῆςς
899 743 1242 811 ’Λσύμᾶατον
1282 743 1561 797 παντελῶς
1594 744 1684 796 τὸν
1709 744 1806 797 Λό-

232 852 325 901 γον
354 836 447 888 τοῦ
494 835 628 887 Θεοῦ
661 838 755 888 καὶ
793 838 853 889 τὸ
908 836 1131 906 Πνεῦμα
1168 838 1333 889 αὑτοῦ
1388 835 1516 905 χοῦν
1546 832 1719 889 εἶναι·
1758 838 1804 889 εί

234 928 307 997 μή
339 944 439 979 που
472 928 570 997 τὴν
596 928 687 980 τοῦ
726 928 862 979 Θεοῦ
898 928 1062 997 φύσιν
1117 928 1246 998 χοί-ν
1282 928 1634 998 ὑποθὼμεθα,
1666 931 1806 999 ὅπερ

231 1022 419 1091 ἀπείη.
446 1017 557 1073 Ἦν
608 1021 719 1091 γὰρ
752 1021 816 1074 ἂν
866 1024 893 1074 6
923 1024 1098 1090 Λόγος
1148 1024 1316 1075 αὑτοῦ
1346 1026 1438 1076 καὶ
1470 1022 1532 1074 τὸ
1580 1023 1807 1093 Πνεῦμα

231 1112 392 1165 αὑτοῦ
430 1112 617 1183 ὥσπερ
652 1131 734 1176 τις
769 1114 1013 1184 ἀνδριὰς,
1049 1116 1188 1186 μήτε
1223 1116 1380 1179 νοῶν,
1419 1115 1555 1185 μήτε
1605 1114 1806 1167 πνέων.

234 1202 345 1254 Νῦν
382 1203 439 1256 δὲ
470 1203 499 1255 ό
528 1202 661 1267 Θεὸς
689 1204 867 1274 ἡμῶν,
904 1206 962 1267 ὃς
985 1207 1133 1258 ἐστιν
1163 1206 1529 1274 εὐλογημένος
1564 1209 1645 1268 εἰς
1680 1205 1807 1268 τοὺς

232 1294 458 1357 αἰῶνας,
487 1296 591 1365 ὁρᾷ
625 1298 718 1349 καὶ
747 1294 939 1350 ἀκούει
988 1296 1184 1360 πάντα,
1216 1297 1311 1349 καὶ
1357 1296 1474 1366 ἔχει
1507 1297 1681 1364 Λόγον
1715 1313 1808 1349 σε·

235 1389 588 1456 σαρκωμένον
616 1390 679 1441 ὲκ
708 1388 806 1457 τῆς
839 1390 1001 1458 ἁγίας
1024 1389 1326 1460 Παρθένου,
1360 1392 1453 1443 καὶ
1487 1388 1711 1458 Πνεῦμα
1740 1393 1806 1461 τῇ

237 1480 497 1549 Παρθένῳ
527 1481 880 1545 ὲπισκιάσαν,
909 1482 1004 1534 καὶ
1037 1481 1133 1549 τὴν
1165 1483 1465 1553 ἀνδρότητα
1505 1482 1598 1536 τοῦ
1627 1484 1807 1550 Λόγου

233 1567 549 1637 πληρώσαν.
586 1569 649 1621 Ei
688 1570 733 1620 δ’
772 1570 1254 1639 ὑπολαμϐάνουσιν
1289 1572 1490 1640 ὁμοίως
1518 1573 1613 1624 καὶ
1644 1574 1701 1626 ἐν
1731 1571 1810 1643 τῷ

243 1658 415 1728 ’Λδαμ
442 1660 533 1710 τόν
570 1676 631 1711 τε
665 1659 837 1727 Λόγον
867 1659 960 1712 τοῦ
1002 1659 1139 1712 Θεοῦ
1172 1663 1265 1713 καὶ
1298 1664 1357 1714 τὸ
1405 1662 1631 1732 Πνεῦμα
1653 1663 1808 1731 γενέ-

232 1752 379 1815 σθαι,
407 1752 524 1804 ἀλλ’
554 1751 654 1804 οὐκ
678 1751 1034 1820 ἐκφεύξονται
1064 1754 1155 1805 τοῦ
1198 1754 1430 1821 ψεύδους
1463 1756 1523 1807 τὸ
1551 1754 1804 1823 φανερόν.

230 1846 292 1895 Εἰ
321 1846 426 1913 γὰρ
450 1846 479 1895 ό
511 1844 683 1911 Λόγος
722 1844 816 1897 τοῦ
848 1844 984 1898 Θεοῦ
1016 1847 1083 1915 τῇ
1121 1847 1285 1917 σαρκὶ
1313 1850 1405 1899 καὶ
1436 1846 1519 1916 τῷ
1561 1846 1646 1917 χοῖ
1675 1847 1811 1899 ἐκεί·

1911 658 1994 700 est
2028 648 2352 701 benedictus
2391 649 2443 700 in
2476 648 2693 707 srncula,
2728 649 2875 702 videt
2918 658 2974 702 et
3005 648 3160 702 audit
3205 651 3407 718 omnia,
3439 663 3496 705 et

1917 739 2081 793 habet
2140 740 2380 794 Verbum
2430 740 2773 793 incarnatum
2829 753 2895 793 ex
2948 740 3111 795 Maria
3170 742 3409 809 Virgine,
3441 757 3496 797 et

1912 829 2177 900 Spiritqu
2212 840 2459 884 sanetum
2491 832 2581 898 qui
2613 846 2732 882 eam
2765 830 3210 893 obumbravit,et
3239 834 3459 888 humani
3480 866 3491 873 -

1914 932 2076 977 tatem
2108 923 2270 977 Verbi
2316 923 2656 991 adimplevit.
2690 922 2745 977 Si
2778 933 2963 976 autem
3007 923 3323 977 existimant
3350 936 3404 979 et
3440 928 3495 980 in

1915 1014 2083 1070 Adam
2106 1015 2340 1068 Verbum
2376 1014 2471 1068 Dei
2498 1024 2548 1068 et
2580 1013 2843 1082 Spiritum
2876 1014 3067 1080 fuisse,
3092 1031 3199 1068 non
3230 1015 3495 1085 cﬂ‘ugient

1913 1106 2266 1160 manifestum
2300 1105 2669 1159 mendacium.
2704 1105 2758 1160 Si
2792 1107 2935 1159 enim
2969 1107 3209 1161 Verbum
3241 1106 3335 1163 Dei
3369 1126 3493 1164 cum

1912 1212 2078 1253 carne
2114 1206 2170 1251 et
2209 1206 2356 1253 terra
2405 1197 2555 1252 illius
2592 1201 2807 1251 unitum
2834 1206 3003 1265 esset,
3032 1209 3087 1252 et
3118 1199 3361 1270 Spiritus
3411 1220 3498 1257 re-

1913 1289 2173 1359 plevisset
2212 1290 2412 1352 Adam,
2457 1305 2737 1359 nunquam
2769 1289 3026 1359 decipere
3058 1293 3324 1359 potuissi-t
3346 1294 3498 1347 illum

1914 1382 2166 1443 Satanas,
2190 1383 2277 1437 vel
2304 1382 2613 1437 fefellisset.
2632 1382 2811 1437 Verbo
2840 1393 3022 1437 tamen
3056 1400 3158 1438 sue
3186 1385 3323 1439 dixit
3355 1386 3500 1443 Deus

1914 1475 2079 1529 Adae:
2131 1477 2282 1539 Esto,
2336 1477 2439 1529 hoc
2486 1476 2679 1529 eodem
2725 1477 2843 1529 veri
2962 1491 3072 1545 quo
3119 1478 3248 1532 fecit
3294 1482 3502 1543 omnia,

1912 1568 2055 1636 quod
2093 1566 2313 1635 quidem
2357 1569 2423 1620 ab
2486 1576 2694 1620 aeterno
2737 1577 2859 1621 erat
2906 1569 3048 1636 apud
3084 1568 3277 1623 Deum.
3311 1571 3502 1640 Itaque

1912 1659 2165 1715 Christus
2212 1674 2378 1713 verus
2426 1668 2511 1713 est
2559 1658 2700 1712 Deus
2745 1667 2801 1713 ct
2846 1660 3083 1714 Verbum
3144 1662 3263 1718 Dei.
3308 1664 3498 1733 Neque

1912 1752 2058 1806 enim
2091 1751 2329 1805 Verbum
2368 1751 2461 1804 Dei
2500 1752 2682 1806 minus
2712 1762 2797 1805 est
2833 1767 2997 1820 quam
3037 1762 3181 1807 totus
3216 1755 3375 1810 Deus.
3404 1757 3502 1810 Est

1915 1844 2081 1897 etiam
2117 1844 2278 1897 homo
2310 1860 2493 1905 verus,
2523 1859 2589 1898 ex
2620 1844 2839 1913 Virgine
2879 1844 3044 1898 Maria
3078 1846 3324 1914 genitus;
3353 1859 3409 1901 et
3444 1851 3495 1901 in

228 1956 319 1990 νον
355 1938 556 2007 ἦνωτο,
593 1939 688 1989 καὶ
718 1936 778 1989 τὸ
814 1936 1040 2006 Πνεῦμα
1086 1939 1181 1990 τοῦ
1223 1938 1360 1990 Θεοῦ
1400 1939 1687 2008 ἐπλήρωσε
1718 1938 1808 1991 τὸν

1923 1948 2180 2009 quantum
2236 1939 2421 2000 homo,
2466 1946 2522 1990 et
2557 1938 2840 2005 apostolus
2879 1949 2961 1993 est
2998 1938 3115 2003 Dei,
3148 1951 3201 1994 et
3230 1942 3497 2011 prepbeta

242 2029 433 2097 Ἀδὰμ,
462 2029 711 2080 οὐδέποτ’
740 2027 805 2079 ἂν
834 2028 1119 2097 ἠπάτησεν
1171 2030 1380 2081 ἐκεῖνον
1410 2031 1438 2081 6
1475 2031 1742 2097 Σατανᾶς,
1772 2029 1805 2100 ἢ

228 2120 528 2173 κατέϐαλεν
556 2136 572 2150 ⁸
609 2119 687 2189 τῷ
713 2120 769 2173 δὲ
802 2120 960 2188 Λόγῳ
991 2119 1159 2171 αὑτοῦ
1210 2116 1361 2173 εἶπεν
1387 2122 1413 2173 ό
1443 2120 1574 2183 Θεὸς
1604 2120 1681 2191 τῷ
1725 2122 1809 2174 ’Λ-

227 2215 363 2282 δὰμ,
396 2214 546 2279 Ἔσο,
680 2214 857 2268 πάντα
894 2213 1187 2283 πεποίηκε,
1247 2216 1340 2266 καὶ
1370 2213 1429 2276 ὃς
1465 2214 1524 2279 ἐξ
1547 2214 1716 2266 ἀϊδίου
1740 2209 1808 2283 ἦν

229 2312 363 2378 παρ’
417 2307 586 2376 αὐτῷ.
621 2308 776 2360 Ἐστι
827 2307 1010 2361 τοίνυν
1060 2308 1087 2360 6
1144 2305 1376 2377 Χριστὸς
1405 2305 1537 2370 Θεὸς
1577 2304 1807 2374 ἀληθὴς,

229 2401 356 2454 ἐπεὶ
384 2401 478 2453 καὶ
508 2402 681 2468 Λόγος
707 2398 864 2453 Θεοῦ.
899 2400 975 2454 Οὐ
1006 2399 1116 2469 γάρ
1140 2400 1255 2453 ἐστι
1284 2398 1524 2453 ἐλάττων
1548 2400 1642 2450 τοῦ
1671 2397 1809 2451 Θεοῦ

226 2491 259 2542 6
298 2489 467 2557 Λόγος
505 2488 692 2543 αὐτοῦ.
730 2490 886 2542 Ἔστι
937 2489 995 2543 δὲ
1032 2490 1127 2542 καὶ
1175 2487 1463 2558 ἄνθρωπος
1506 2488 1712 2558 ἀληθὴς
1748 2489 1812 2540 ἐκ

226 2586 329 2652 τῆς
389 2582 667 2653 Παρθένου
701 2583 927 2650 Μαρίας
981 2582 1402 2650 γεγεννημένος,
1439 2581 1533 2633 καὶ
1578 2580 1811 2631 καθόσιν

227 2673 517 2744 ἄνθρωπος
570 2675 664 2726 καὶ
698 2672 995 2733 ἀπόστολός
1027 2674 1142 2725 ἐστι
1169 2672 1264 2725 τοῦ
1298 2671 1455 2731 Θεοῦ,
1485 2672 1579 2724 καὶ
1606 2672 1813 2740 προφή-

226 2783 335 2835 της
365 2763 531 2817 αὐτοῦ
577 2766 671 2817 καὶ
698 2764 904 2827 δοῦλος.
943 2764 1053 2817 Καὶ
1089 2765 1216 2817 ὅσον
1249 2764 1387 2835 πρὸς
1427 2763 1583 2816 τοῦτο
1631 2764 1812 2827 καλῶς

228 2871 371 2923 φησι
399 2855 459 2907 τὸ
482 2854 804 2924 ’Λλκοράνον
830 2856 887 2907 ἐν
913 2853 992 2924 τῷ
1019 2854 1301 2924 κεφαλαίῳ
1345 2873 1422 2923 -ινῳ
1462 2853 1703 2920 Ἑλνεσᾶ,
1731 2856 1814 2908 ὅτι

229 2947 360 3000 οὗτε
395 2950 422 3000 6
481 2948 740 3017 Χριστὸς,
768 2946 892 3000 οὒτε
923 2949 973 2999 οἱ
1017 2948 1199 3001 πιστοὶ
1236 2947 1459 3015 ἄγγελοι
1488 2947 1814 3016 ἀρνήσονται

226 3038 418 3093 δοῦλον
451 3040 612 3092 αὐτὸν
651 3036 791 3091 εἶναι
816 3039 911 3092 τοῦ
940 3038 1099 3104 Θεοῦ,
1133 3040 1382 3092 τουτέστι
1424 3038 1561 3090 καθὸ
1608 3037 1815 3106 ἄνθρω-

232 3151 361 3187 πον.
396 3134 508 3201 Οὐχ
542 3132 859 3203 εὑρίσκεται
913 3135 1098 3202 μέντοι
1142 3133 1202 3186 ὲν
1231 3131 1337 3202 ὅλῳ
1373 3131 1450 3199 τῷ
1496 3129 1816 3200 Εὑαγγελίῳ

231 3227 402 3279 αὑτὸν
444 3228 535 3280 τὸν
571 3227 806 3295 Χριστὸν
834 3228 1009 3279 εἰπεῖν
1040 3226 1169 3297 περὶ
1199 3224 1392 3278 ἑαυτοῦ
1414 3224 1488 3288 ὡς
1516 3224 1599 3294 εἴη
1631 3224 1816 3289 δοῦλος

1920 2029 2036 2093 Dei,
2068 2040 2122 2083 ct
2154 2044 2351 2097 servus
2384 2028 2499 2082 Dei.
2532 2028 2595 2080 Et
2630 2037 2893 2096 quantum
2922 2028 2992 2084 ad
3034 2029 3158 2092 hoc.
3190 2030 3329 2086 bene
3367 2032 3502 2086 dicit

1918 2123 2246 2177 Alceranum
2307 2122 2361 2175 in
2408 2120 2649 2190 capitulo
2696 2120 2921 2185 Eluesa,
2956 2122 3102 2191 quod
3134 2138 3314 2194 neque
3343 2125 3505 2180 Chri-

1919 2226 2055 2277 stus,
2104 2230 2281 2284 neque
2337 2213 2526 2269 fideles
2576 2212 2749 2280 angeli
2789 2214 3067 2273 negabunt
3112 2232 3236 2270 eum
3284 2210 3500 2273 servum

1918 2320 2040 2360 esse
2072 2304 2187 2369 Dei,
2227 2305 2279 2359 id
2315 2312 2419 2368 cst,
2453 2302 2507 2356 in
2538 2310 2804 2371 quantum
2849 2304 3014 2358 homo
3052 2318 3154 2359 ρει.
3201 2306 3321 2360 Non
3358 2308 3508 2367 invo—

1920 2399 2071 2453 nitur
2113 2408 2293 2451 tamen
2341 2398 2394 2450 in
2426 2406 2543 2451 toto
2574 2395 2891 2463 Evangelie,
2919 2397 3064 2465 quod
3102 2398 3218 2467 ipse
3247 2398 3504 2455 Christus

1920 2489 2065 2542 dicat
2113 2488 2180 2542 de
2224 2487 2426 2555 seipse,
2475 2485 2617 2555 quod
2663 2487 2734 2540 sit
2766 2500 2957 2539 servus
3004 2486 3119 2553 Dei,
3155 2504 3222 2543 ne
3256 2506 3499 2545 errorem

1920 2581 2164 2637 inducat.
2212 2579 2315 2633 Sed
2366 2591 2538 2648 neque
2579 2580 2755 2647 palam
2796 2578 2971 2632 dixit:
3015 2580 3127 2649 Ego
3170 2596 3290 2634 sum
3338 2583 3507 2647 Deus,

1922 2689 2099 2744 neque
2130 2673 2315 2736 homo,
2338 2670 2432 2726 sed
2462 2671 2606 2725 veris
2634 2682 2688 2724 et
2711 2670 3012 2725 manifestis
3042 2673 3302 2741 operibus
3325 2683 3509 2729 osten-

1922 2767 2025 2831 dit,
2058 2766 2299 2836 seipsum
2342 2773 2398 2819 et
2430 2764 2597 2818 Deum
2628 2778 2749 2817 esse
2782 2778 2995 2830 verum,
3026 2776 3081 2819 et
3107 2765 3385 2821 hominem
3420 2784 3507 2827 ve:

1924 2868 2067 2906 rum.
2120 2852 2187 2906 Et
2216 2861 2444 2921 preptcr
2479 2850 2584 2905 hoc
2619 2850 2790 2905 dixit:
2838 2870 2856 2902 ι
2892 2851 2948 2906 Si
3004 2854 3140 2907 mihi
3185 2870 3294 2909 non
3338 2857 3505 2911 vultis

1923 2946 2169 3010 credere,
2201 2944 2460 3013 operibus
2488 2944 2696 2998 credite
2730 2945 2795 2997 ³ο.
2823 2962 2841 2996 ι
2876 2945 2938 2999 Et
2974 2948 3088 3001 [nec
3116 2957 3197 3002 est
3229 2950 3507 3006 cliicacior

1923 3034 2198 3105 probatio,
2230 3049 2392 3103 quam
2423 3034 2469 3088 si
2499 3034 2685 3090 verbis
2712 3036 2842 3091 solis
2871 3036 2976 3091 hoc
3004 3037 3251 3093 dixisset.
3291 3040 3505 3097 Dictum

1923 3137 2007 3182 est
2034 3137 2211 3182 autem
2242 3128 2518 3196 superius,
2548 3143 2717 3196 quare
2742 3138 2871 3184 ante
2912 3132 3219 3199 passionem
3252 3134 3356 3189 hoc
3392 3152 3502 3190 non

1925 3217 2061 3272 dixit
2091 3217 2291 3285 palam.
2326 3217 2573 3287 Apostoli
2607 3230 2790 3272 autem
2846 3230 2902 3273 et
2940 3223 3287 3291 evangelista:
3328 3225 3504 3294 prius,

229 3317 397 3381 Θεοῦ,
432 3318 517 3371 ἵνα
562 3318 638 3387 μὴ
682 3319 894 3386 πλάνην
927 3296 1218 3388 εἰσαγάγῃ.
1267 3316 1406 3370 Ἀλλ’
1440 3316 1559 3370 οὐδὲ
1587 3317 1814 3389 διαρρή-

1923 3318 1977 3363 et
2004 3310 2244 3377 posthmc
2276 3318 2332 3365 et
2360 3310 2451 3363 alii
2482 3310 2892 3379 praedicatores,
2919 3312 2997 3365 sic
3023 3314 3311 3368 rnanit’esta
3343 3315 3504 3367 verba

228 3406 334 3475 δην
374 3401 548 3471 εἶπεν,
595 3406 735 3473 Ἐγώ
795 3406 910 3475 είμι
963 3405 1117 3468 Θεὸς,
1173 3405 1282 3458 οὐδ’
1338 3404 1649 3476 ἄνθρωπος,
1700 3405 1812 3457 ἀλλ’

229 3498 467 3566 ἀληθέσι
491 3500 584 3549 καὶ
623 3500 877 3568 φανεροῖς
903 3496 1082 3567 ἔργοις
1115 3496 1317 3562 ἔδειξεν
1347 3497 1537 3549 ἑαυτὸν
1558 3498 1652 3549 καὶ
1683 3497 1816 3549 Θεὸν

226 3591 368 3644 ὄντα
407 3590 604 3658 ἀληθῆ,
667 3590 763 3642 καὶ
822 3588 1109 3658 ἄνθρωπον
1145 3588 1343 3656 ἀληθῆ.
1384 3590 1494 3640 Καὶ
1526 3589 1613 3641 διὰ
1657 3588 1817 3641 τοῦτο

229 3681 415 3744 εἶπεν,
452 3701 471 3733 ι
506 3682 569 3735 Εἰ
636 3682 759 3750 ἐμοὶ
804 3681 865 3733 οὐ
895 3681 1080 3733 θέλετε
1139 3679 1439 3745 πιστεύειν,
1469 3683 1583 3743 τοῖς
1632 3680 1816 3750 ἔργοις

231 3774 593 3828 πιστεύσατε.
637 3792 655 3822 ι
691 3773 802 3827 Καὶ
830 3772 974 3842 αῦτη
1007 3774 1122 3825 ἐστὶ
1152 3772 1563 3842 δραστικιοτέρα
1597 3774 1817 3826 ἀπέδει-

232 3870 341 3933 ξις,
373 3868 405 3936 ἢ
436 3868 485 3919 εἰ
518 3866 699 3933 λόγοις
744 3867 926 3935 μόνοις
954 3865 1114 3917 τοῦτο
1136 3862 1310 3919 εἶπεν.
1340 3866 1570 3935 Εἴρηται
1600 3866 1656 3918 δὲ
1682 3868 1819 3918 ἀνω·-

229 3962 405 4028 τέρω,
440 3959 526 4010 διὰ
558 3957 608 4011 τί
644 3958 751 4028 πρὸ
776 3956 871 4010 τοῦ
903 3956 1110 4019 πάθους
1144 3955 1303 4008 τοῦτο
1333 3957 1432 4009 οὑκ
1458 3957 1650 4027 εἴρηκε
1672 3956 1819 4028 διαρ-

234 4051 434 4121 Mam.
463 4051 523 4101 Ui
563 4048 609 4101 δ’
633 4047 922 4101 ἀπόστολοι
955 4046 1051 4101 καὶ
1073 4048 1121 4098 οἱ
1146 4046 1534 4113 εὐαγγελισταὶ
1566 4043 1662 4098 καὶ
1689 4044 1822 4115 πρό-

229 4154 399 4205 τερον
437 4135 531 4187 καὶ
582 4133 720 4203 μετά
753 4134 930 4186 ταῦτα
961 4131 1107 4185 οὕτω
1166 4132 1438 4202 φανεροὺς
1492 4132 1685 4199 λόγους
1726 4132 1820 4184 καὶ

231 4227 501 4294 θαύματα
528 4228 621 4276 καὶ
652 4217 805 4275 εἷπον
840 4224 935 4275 καὶ
977 4220 1209 4286 ἔδειξαν,
1233 4220 1307 4283 ὡς
1350 4220 1529 4274 πάντα
1575 4223 1667 4274 τὸν
1724 4220 1821 4273 κό-

237 4335 384 4388 σμον
416 4315 797 4385 συνελαθῆναι,
814 4314 974 4368 τοῦτο
991 4315 1297 4367 πιστεῦσαι.
1316 4312 1376 4366 '0
1401 4312 1458 4366 δὲ
1488 4314 1811 4382 Μαχούμετ,

236 4409 389 4480 μετά
417 4408 479 4461 τὸ
512 4408 694 4469 καλῶς
727 4407 902 4458 εἰπεῖν
922 4404 1013 4459 τὸν
1038 4403 1275 4475 Χριστὸν
1299 4400 1438 4456 εἶναι
1462 4402 1635 4471 Λόγον
1661 4400 1819 4468 Θεοῦ,

232 4501 347 4553 οὐκ
373 4499 504 4567 ἔστη
536 4501 592 4551 ἐν
619 4499 685 4567 τῇ
713 4496 964 4567 ἀληθείᾳ,
993 4495 1118 4548 ἀλλ’-
1137 4497 1393 4549 ἀντεῖπεν
1420 4493 1622 4561 ἑαυτῷ,
1651 4492 1822 4545 εἰπὼν

233 4590 411 4645 αὑτὸν
451 4591 540 4643 τὸν
574 4590 809 4659 Χριστὸν
842 4590 917 4657 μὴ
948 4584 1091 4640 εἶναι
1120 4587 1287 4640 Θεόν·
1324 4586 1482 4639 τοῦτο
1507 4586 1604 4654 μὲν
1634 4585 1708 4647 ὼς
1746 4585 1822 4637 εί-

234 4685 364 4736 πὼν
421 4681 868 4752 παραιτήσασθαι
924 4680 1018 4734 τὸν
1078 4679 1315 4750 Χριστὸν
1362 4679 1560 4731 ἑαυτὸν
1605 4680 1698 4731 ἐπὶ
1728 4677 1821 4731 τοῦ

233 4775 385 4830 Θεοῦ
414 4776 543 4845 περὶ
568 4774 786 4838 τούτου,
828 4773 857 4826 ὃ
893 4771 1145 4843 φανερῶς
1186 4770 1403 4840 ἐδείχθη
1445 4769 1639 4839 ψεῦδος
1673 4769 1732 4823 ὃν
1766 4771 1823 4823 ὲν

232 4867 324 4938 τῷ
355 4866 561 4934 ὲννάτῳ
591 4864 872 4933 κεφαλαίῳ
893 4876 909 4892 ο
935 4862 1092 4914 τοῦτο
1117 4861 1173 4915 δὲ
1207 4861 1289 4914 ὅτι
1320 4855 1473 4913 εἶπεν
1495 4861 1659 4915 αὑτὸν
1689 4860 1825 4932 Χρι-

235 4959 375 5011 στὸν
414 4958 623 5010 εἰπεῖν·
664 4974 682 5005 ‹
731 4955 1094 5024 Προσκυνεῖτε
1127 4953 1220 5006 τὸν
1255 4952 1388 5006 Θεόν
1430 4970 1537 5023 μου
1564 4954 1657 5006 καὶ
1688 4954 1822 5008 Θεὸν

238 5049 429 5119 ὑμῶν,
477 5048 569 5100 τὸν
613 5046 817 5115 Κύριόν
859 5062 961 5115 μου
1019 5046 1113 5098 καὶ
1170 5044 1379 5115 Κύριον
1414 5044 1587 5115 ὑμῶν.
1635 5064 1653 5097 ι
1690 5044 1827 5099 Τοῦ-

234 5155 306 5193 το
373 5138 431 5190 δὲ
488 5136 737 5207 οὐδαμῶς
786 5135 864 5206 τῷ
919 5135 1063 5206 λόγῳ
1124 5134 1505 5204 προσίσταται.
1581 5134 1827 5187 Καθόσον

238 5232 361 5301 γὰρ
412 5228 617 5299 ἀληθὴς
664 5227 951 5296 ἄνθρωπος
995 5223 1086 5297 ἦν,
1136 5228 1231 5279 καὶ⁹
1279 5226 1485 5297 ἀληθὴς
1545 5226 1729 5289 δοῦλος
1758 5223 1826 5298 ἦν

238 5325 345 5376 τοῦ
401 5322 562 5387 Θεοῦ,
598 5323 672 5384 ὡς
732 5321 991 5388 ἀνωτέρω
1040 5322 1231 5387 γέγονε
1288 5319 1468 5388 δῆλον.
1504 5320 1827 5390 Συμὸέὸηκε

234 5413 433 5468 τοίνυν
469 5412 549 5483 τῷ
575 5412 897 5483 Μαχούμετ,
921 5410 950 5463 6
981 5410 1111 5480 περὶ
1142 5411 1251 5465 τῶν
1276 5411 1451 5464 ἄλλων
1470 5410 1630 5474 αὐτὸς
1655 5410 1826 5482 ἔγρα-

235 5508 350 5576 ψεν
386 5509 445 5559 ὲν
482 5504 561 5574 τῷ
589 5503 872 5573 κεφαλαίῳ
910 5502 1003 5555 τοῦ
1044 5500 1218 5565 Ἰωνᾶ,
1258 5501 1454 5571 λέγων,
1494 5500 1634 5554 εἷναί
1673 5518 1826 5567 τινας

240 5596 763 5665 ἀποδοκιμάζοντας
818 5596 855 5651 ἃ
910 5599 986 5667 μὴ
1020 5594 1221 5657 νοοῦσι,
1259 5596 1353 5647 καὶ
1394 5595 1430 5649 ἂ
1462 5594 1536 5665 μὴ
1569 5595 1822 5649 δύνανται

1924 3409 1978 3453 et
2006 3400 2265 3453 dixerunt
2294 3409 2348 3454 et
2385 3400 2770 3465 ostenderunt,
2807 3411 2864 3454 ut
2899 3412 3047 3456 totus
3097 3404 3333 3459 inundus
3376 3420 3509 3459 con-

1922 3492 2244 3547 vinceretur
2291 3493 2396 3546 huc
2441 3492 2691 3547 credere.
2726 3494 3068 3548 Mabemetus
3119 3504 3325 3561 autem,
3360 3509 3508 3566 post-

1926 3599 2092 3652 quam
2130 3584 2271 3638 bene
2303 3584 2441 3638 dixit
2491 3583 2775 3639 Christum
2807 3601 2927 3641 esse
2965 3588 3201 3642 Verbum
3244 3589 3362 3653 Dei,
3396 3607 3504 3646 non

1925 3676 2076 3730 stetit
2107 3675 2160 3730 in
2195 3675 2449 3741 veritate,
2481 3678 2575 3731 sed
2623 3679 2956 3733 centradixit
2988 3681 3089 3734 sibi
3128 3682 3256 3750 ipsi,
3292 3683 3504 3754 dicens,

1927 3764 2107 3833 ipsum
2159 3764 2442 3820 Christmn
2513 3782 2622 3821 non
2670 3783 2792 3823 esse
2853 3770 3045 3826 Deum.
3094 3773 3299 3827 Tamen
3346 3775 3508 3842 dixit,

1926 3856 2072 3924 quod
2104 3858 2246 3925 apud
2280 3858 2449 3911 Deum
2484 3873 2542 3911 se
2594 3860 2897 3924 excusavit,
2933 3861 3078 3930 quod
3113 3864 3291 3930 patuit
3338 3880 3506 3933 supc-

1927 3948 2045 4002 rius
2084 3947 2138 4002 in
2165 3964 2311 4002 nene
2340 3950 2605 4018 capitulo,
2630 3951 2920 4006 manifeste
2967 3952 3160 4007 falsum
3190 3971 3335 4017 esse,
3378 3966 3497 4009 tum

1927 4039 2055 4109 quia
2097 4039 2233 4094 dicit
2281 4041 2428 4109 quod
2476 4040 2593 4110 ipsc
2644 4041 2899 4099 Christus
2946 4045 3127 4101 dixit:
3192 4065 3209 4097 ι
3269 4047 3507 4102 Adnrate

1929 4131 2102 4187 Deum
2131 4147 2312 4187 meum
2340 4140 2397 4187 et
2423 4133 2594 4188 Deum
2622 4144 2888 4202 vestrum,
2917 4136 3211 4190 Dominum
3243 4154 3421 4193 meum
3452 4151 3509 4194 et

1932 4223 2221 4278 Dominum
2268 4234 2516 4279 vestrum
2544 4225 2613 4280 ³⁸.
2658 4244 2677 4277 ιι
2719 4226 2841 4281 Haec
2880 4238 3062 4282 autem
3121 4230 3261 4283 ratio
3302 4247 3510 4301 nequa-

1929 4329 2092 4384 quam
2127 4325 2360 4370 censtat.
2404 4316 2459 4369 In
2497 4324 2767 4387 quantum
2801 4318 2947 4373 enim
2991 4336 3153 4375 verus
3185 4322 3348 4377 homo
3380 4324 3503 4391 fuit,

1930 4422 2094 4461 verus
2126 4422 2317 4462 servus
2345 4416 2429 4463 est
2464 4409 2583 4474 Dei,
2617 4420 2679 4464 ut
2708 4412 2969 4480 superius
3003 4414 3349 4469 manifestum
3380 4416 3509 4472 fuit.

1929 4496 2209 4566 Contingit
2252 4512 2385 4567 ergo
2438 4497 2507 4554 de
2558 4498 2892 4565 Mahemeto,
2935 4502 3082 4571 quod
3116 4502 3186 4557 de
3238 4504 3359 4557 aliis
3391 4506 3511 4575 ipse

1931 4586 2152 4656 scripsit
2178 4586 2231 4639 in
2267 4587 2508 4657 capitulo
2531 4586 2705 4651 J0me,
2735 4588 2948 4655 dicens,
2982 4590 3126 4658 quod
3159 4592 3381 4661 quidam
3425 4608 3510 4646 re-

1932 4676 2166 4745 probant
2196 4693 2317 4747 quae
2363 4693 2473 4732 non
2523 4680 2857 4751 intelligunt,
2892 4690 3092 4752 etqum
3138 4699 3245 4737 non
3280 4696 3510 4763 possunt

1931 4782 2230 4837 exponere.
2280 4768 2437 4823 Sicut
2478 4779 2534 4824 et
2562 4772 2678 4840 ipse
2709 4772 3027 4840 reprobavit
3058 4774 3378 4845 mysterium
3428 4776 3511 4829 in-

1930 4860 2290 4924 carnationis,
2320 4869 2605 4931 propterea
2663 4861 2810 4930 quod
2839 4862 2954 4932 ipse
3008 4880 3113 4918 non
3148 4865 3508 4937 intelligebat,

1933 4966 2037 5006 nec
2068 4960 2283 5022 poterat
2309 4966 2582 5020 exponere
2608 4967 2731 5022 quae
2758 4953 2812 5006 in
2853 4954 3151 5025 Evangelio
3188 4957 3327 5009 dicet
3351 4968 3514 5011 antur

1934 5042 2001 5098 de
2029 5041 2275 5097 Christo.
2306 5043 2375 5096 Et
2404 5042 2711 5099 secundum
2748 5044 2997 5100 eamdem
3033 5051 3297 5101 rationem
3333 5064 3513 5115 neque

1933 5134 2220 5189 Trinitatis
2268 5135 2590 5206 mysterium
2643 5137 2926 5207 suscepit;
2971 5154 3079 5192 non
3132 5139 3278 5192 enim
3332 5142 3512 5209 potuit

1934 5228 2241 5298 intelligere
2278 5242 2642 5298 personarum
2690 5228 3108 5295 discretionem,
3158 5231 3365 5298 absque
3402 5232 3515 5285 dis-

1934 5322 2181 5377 cretione
2236 5337 2359 5391 qua:
2412 5328 2498 5376 est
2555 5322 2858 5376 secundum
2914 5324 3228 5376 essentiam.
3266 5323 3327 5374 [ι
3379 5322 3513 5391 quid

1937 5414 2137 5469 mirum
2187 5413 2234 5468 si
2280 5414 2445 5468 homo
2476 5414 2713 5469 carnalis
2756 5430 2866 5468 non
2903 5414 3137 5483 percipit
3166 5416 3512 5469 νςοιιυπιιιιδ-

1934 5507 2069 5562 sima
2117 5506 2212 5560 Dei
2261 5507 2558 5577 mysteria?
2590 5506 2714 5562 Haec
2758 5506 2980 5576 quidem
3030 5507 3197 5577 igitur
3241 5509 3513 5587 sulticiant

1934 5599 2002 5653 de
2042 5601 2200 5652 tertia
2238 5600 2563 5669 qumstiouc.

238 5690 605 5761 ἐξηγεῖσθαι’
645 5687 831 5759 ὥσπερ
870 5688 964 5740 καὶ
1016 5686 1177 5750 αὐτὸς
1232 5686 1604 5757 ἀπεδοκίμασε
1662 5687 1722 5739 τὸ
1794 5690 2099 5758 μυστήριον
2124 5689 2225 5759 τῆς
2275 5691 2627 5761 σαρκώσεως,
2662 5693 2753 5745 διὰ
2806 5693 2868 5745 τὸ
2924 5692 3061 5764 μήτε
3094 5695 3235 5747 νοεῖν
3266 5696 3402 5765 μήτε
3429 5694 3520 5747 δύο

235 5786 445 5841 νασθαι
488 5781 802 5851 ἐξηγεῖσθαι
857 5782 925 5837 τά
959 5785 1017 5836 ὲν
1061 5783 1139 5851 τῷ
1170 5783 1493 5854 Εὖαγγελίῳ
1549 5784 1823 5856 λεγόμενα
1866 5787 1997 5856 περὶ
2063 5786 2158 5840 τοῦ
2225 5787 2485 5858 Χριστοῦ.
2534 5789 2635 5844 Καὶ
2686 5792 2826 5845 κατὰ
2861 5792 2951 5844 τὸν
2986 5790 3147 5844 αὑτὸν
3178 5791 3336 5861 λόγον
3388 5792 3513 5846 οὐδὲ

323 5884 368 5914 ³⁰
400 5880 559 5936 Juan.
610 5896 662 5945 ι,
693 5880 779 5935 58.
863 5881 903 5912 δ’
946 5880 1100 5935 Jean.
1132 5896 1220 5945 xx,
1254 5880 1338 5933 i7.
