4186 6438
664 396 802 461 1139

1892 399 2297 507 'DEMETRII
2337 399 2649 465 CYDONH

3803 400 3938 466 illi)

663 536 790 590 huic
824 536 1010 590 .lu.l:ra
1069 537 1317 605 qnanlam
1352 550 1548 591 venam
1608 536 1893 591 secuisset.
1926 537 2083 603 item,
2130 537 2245 607 ipse

2368 534 2451 579 τις.
2493 517 2614 570 Ἔτι
2637 516 2797 579 amri;
2823 516 2920 585 μὲν
2952 518 2977 568 ὁ
3019 516 3249 584 Χριστίις
3272 517 3334 570 ἐκ
3363 518 3454 571 τοῦ
3493 520 3750 589 ’Λϐραὲμ
3781 524 3945 589 κατή-

663 629 884 695 αηίιιριιι
918 630 1177 685 Christus
1208 630 1277 683 ab
1308 630 1583 684 Abraham
1620 629 1928 691 ,descendit
1969 640 2023 684 ct
2069 631 2240 693 Isaac,

662 724 749 775 cui
784 723 923 775 facta
976 732 1059 776 est
1091 722 1383 790 promissio
1415 723 1482 777 de
1518 722 1905 777 benedictione
1962 732 2017 776 et
2049 738 2247 776 conse-

663 817 877 885 quenda
938 814 1277 868 haarcditate.
1332 815 1674 869 Maltometus
1724 824 1905 868 autem
1962 814 2249 867 descendit

664 925 763 974 per
795 908 1013 970 lsmacl,
1048 907 1113 961 ad
1149 922 1311 976 quem
1348 922 1456 960 non
1512 906 1761 976 pervenit
1792 905 2115 974 promissio;
2150 906 2246 959 sed

664 1002 730 1054 ile
771 1017 835 1052 eo
870 1002 1134 1069 scriptum
1184 1010 1288 1063 est,
1311 1000 1457 1069 quod
1498 1018 1516 1050 ‹
1558 999 1676 1053 Erit
1711 998 1925 1053 ferreus
1957 998 2142 1057 homo,
2187 1007 2241 1050 ct

668 1110 864 1149 manus
915 1096 1032 1164 ejus
1085 1102 1276 1149 contra
1324 1078 1537 1158 omnes,
1581 1111 1598 1145 ι
1650 1102 1705 1147 et
1758 1092 1966 1161 reliqua
2018 1092 2082 1144 ³⁵.
2115 1092 2245 1146 Item

665 1187 919 1241 Christus
976 1186 1188 1240 nullum
1272 1199 1511 1253 unquam
1589 1192 1873 1252 peccatum
1949 1184 2246 1239 commisit.

670 1280 908 1349 Spiritus
939 1277 1086 1333 enim
1137 1277 1233 1332 Dei
1266 1285 1321 1331 et
1359 1276 1599 1331 Verbum
1638 1276 1734 1330 Dei
1766 1291 1870 1330 non
1903 1275 2082 1344 potuit
2122 1290 2250 1345 pec-

666 1387 813 1425 care.
842 1370 1185 1425 Mahometus
1220 1376 1403 1422 autem
1452 1367 1737 1423 idololatra
1784 1368 1888 1422 fuit
1932 1378 1987 1422 et
2021 1368 2247 1421 homici-

668 1465 757 1529 da,
810 1464 1046 1518 lascivus
1099 1471 1155 1517 et
1217 1476 1409 1532 rapax,
1469 1460 1770 1529 multisque
1823 1460 1946 1514 aliis
2009 1459 2249 1528 pecratis

669 1556 966 1618 obnoxius,
1022 1554 1075 1607 in
1111 1552 1313 1622 quibus
1358 1552 1522 1616 Deus,
1556 1560 1616 1605 ut
1650 1551 1859 1615 dicunt,
1887 1550 1936 1604 ei
1984 1551 2244 1619 pepercit.

669 1648 803 1701 item
861 1645 1119 1701 Christus
1155 1643 1423 1714 stupenda
1478 1642 1608 1698 fecit
1660 1642 1924 1696 miracula
1981 1652 2037 1697 ct
2072 1642 2247 1697 utilia.

671 1739 826 1793 Sicut
876 1740 1024 1793 enim
1083 1738 1287 1792 dicitur
1319 1738 1373 1790 in
1427 1736 1669 1806 capitulo
1728 1735 1993 1801 Elmaida,
2029 1736 2081 1790 in
2121 1735 2248 1799 (ine,

672 1831 925 1884 Christus
966 1845 1141 1884 crocos
1185 1829 1541 1891 illuminavit,
1572 1829 1817 1896 leprosos
1862 1828 2167 1892 inundavit,
2196 1837 2253 1882 et

673 1929 917 1974 mortuos
946 1920 1233 1974 suscitavit
1267 1917 1648 1972 :Mahometus
1686 1926 1869 1970 autem
1906 1918 2116 1970 nullum
2153 1919 2254 1972 nti-

674 2011 920 2064 rar-ulum
954 2009 1101 2075 fecit,
1126 2006 1431 2063 secundum
1476 2007 1828 2061 Alcoranum.
1858 2007 1925 2061 Et
1955 2022 2075 2077 qua:
2100 2008 2165 2063 de
2189 2025 2254 2062 eo

672 2102 951 2164 dicuntur,
992 2101 1072 2155 vel
1116 2099 1585 2163 inconvenientia,
1614 2100 1699 2154 vel
1730 2100 2087 2168 impossibilia
2129 2113 2255 2157 Sunt

672 2204 727 2245 et
774 2193 1001 2255 absona,
1033 2193 1177 2246 sicut
1240 2192 1429 2245 lunam
1489 2191 1722 2246 divisam
1763 2192 2099 2262 reintegrare
2125 2232 2139 2257 ,
2172 2193 2256 2247 vel

675 2286 915 2351 inutilia,
946 2284 1089 2339 sicut
1123 2284 1389 2340 camelum
1435 2285 1618 2353 loqui,
1653 2283 1739 2340 vel
1763 2286 1990 2340 omnino
2020 2286 2254 2341 occulta.

676 2378 838 2431 Muita
872 2377 1020 2433 enim
1071 2376 1207 2433 dixit
1236 2378 1478 2445 seipsum
1511 2379 1563 2432 in
1600 2378 1817 2433 occulto
1842 2386 1899 2432 et
1927 2386 2086 2432 nocte
2117 2377 2259 2435 facc-

676 2487 754 2532 re,
790 2486 911 2541 quae
973 2471 1025 2525 in
1074 2470 1162 2525 die
1221 2469 1543 2541 requisitos,
1574 2471 1865 2525 ostendere
1914 2484 2020 2524 non
2055 2472 2256 2540 potuit.

676 2562 832 2617 l'mle
875 2564 923 2616 ei
982 2561 1285 2615 dixerunt:
1338 2560 1486 2616 Dicis
1521 2571 1572 2616 te
1624 2560 1929 2616 ascendere
1967 2560 2019 2613 in
2057 2560 2257 2615 cmlum

674 2656 738 2708 ad
782 2656 949 2709 Deum
978 2663 1162 2719 nocte,
1187 2654 1424 2708 ascende
1473 2653 1539 2708 de
1592 2653 1788 2716 die,ut
1813 2653 2096 2707 videamus
2138 2668 2257 2718 nos,

673 2756 727 2796 et
764 2745 1072 2799 credemus.
1106 2744 1361 2797 Christus
1390 2755 1573 2799 autem
1624 2743 1858 2797 maxima
1887 2752 1941 2797 ct
1971 2744 2258 2812 magnitica

676 2836 938 2889 miracula
974 2833 1207 2889 faciebat
1229 2835 1295 2889 de
1317 2834 1426 2900 die,
1456 2842 1512 2889 ct.
1543 2833 1597 2887 in
1640 2832 1952 2897 manifesto,
1985 2842 2039 2887 et
2071 2847 2256 2886 coram

678 2927 866 2980 multis
910 2926 1143 2981 testibus
1179 2926 1504 2982 videntibus
1535 2943 1550 2981 :
1579 2941 1750 2995 quare
1815 2925 2103 2982 manifesta
2131 2936 2260 2979 sunt

678 3038 841 3090 opera
896 3022 1060 3075 illius.
1110 3021 1378 3075 Prmterca
1442 3017 1699 3074 Christus
1744 3017 1970 3087 quidem
2006 3018 2263 3088 magister

678 3113 783 3165 fuit
814 3113 1107 3172 eaeelicns,
1145 3112 1289 3165 sicut
1334 3110 1537 3165 dicitur
1586 3111 1641 3163 in
1672 3109 1965 3164 Alcorano.
1993 3108 2058 3165 Et
2088 3111 2140 3164 in
2173 3126 2263 3166 ca-

677 3204 852 3274 pituls)
892 3205 1156 3267 Elmcide,
1180 3203 1333 3273 quasi
1386 3218 1452 3256 ex
1500 3216 1735 3271 persona
1763 3201 1860 3256 Dei
1890 3220 1904 3257 :
1941 3201 1984 3257 Ο
2014 3202 2260 3268 (Ζιιι-ἰειρ,
2293 3217 2335 3275 c

677 3297 965 3349 considera
1026 3310 1188 3364 quem
1244 3293 1369 3348 dedi
1426 3292 1523 3346 tibi
1563 3291 1830 3361 Spiritum
1881 3303 2156 3358 sanctum,
2205 3302 2265 3348 ut

680 3387 943 3454 loquaris.
990 3386 1148 3445 ltctn.
1204 3386 1255 3438 in
1303 3384 1596 3439 cunabulis
1646 3384 1809 3438 docui
1860 3394 1910 3438 te
1962 3385 2185 3447 librum,
2215 3395 2268 3438 et

680 3479 1027 3547 sapientiam,
1058 3489 1112 3532 et
1140 3478 1313 3547 legem
1364 3477 1556 3547 Moysi,
1586 3487 1640 3531 et
1670 3477 2046 3547 Evangelinm.
2084 3477 2267 3530 Maho-

683 3580 863 3623 metus
914 3579 1093 3623 autem
1146 3569 1338 3622 doctor
1374 3568 1477 3622 fuit
1502 3569 1748 3637 ignarus,
1780 3580 1835 3623 et
1876 3569 2040 3622 homo
2074 3569 2265 3632 idiota,

685 3665 941 3717 nesciens
983 3662 1143 3714 aliam
1174 3661 1413 3730 linguam
1452 3659 1557 3712 nisi
1604 3674 1781 3719 suam,
1814 3659 2070 3728 ignorans
2101 3658 2264 3712 etiam

685 3754 1193 3824 interpretationem
1261 3752 1391 3818 legis
1454 3765 1587 3805 sum.
1644 3750 1784 3804 Dicit
1852 3751 2036 3813 enim,
2091 3750 2267 3804 solum

685 3849 855 3902 Deum
893 3846 1036 3900 scire
1076 3844 1331 3898 Alcorani
1372 3842 1791 3912 expositionem.
1822 3841 1954 3895 ltctn
1989 3841 2263 3906 Christus,

684 3940 989 3995 secundum
1041 3939 1417 4008 Evangelium,
1448 3935 1744 3991 crucifixus
1784 3945 1886 4000 est,
1915 3947 1969 3990 et
1999 3945 2270 3997 mortuus,

684 4042 741 4087 ct
777 4030 1247 4091 resurrexitvcre,
1268 4040 1321 4082 et
1353 4026 1600 4081 ascendit
1633 4026 1685 4080 in
1719 4026 1907 4091 cmlos,
1934 4034 1988 4079 et
2020 4024 2172 4079 sedet
2202 4024 2270 4078 ad

687 4126 964 4178 dexteram
1015 4121 1129 4176 Dei.
1185 4121 1517 4175 Alcoranum
1559 4129 1743 4171 autem
1791 4117 1947 4180 dicit,
1981 4116 2127 4185 quod
2160 4133 2269 4170 non

689 4228 775 4272 est
813 4225 1087 4278 mortuus,
1132 4212 1227 4268 sed
1272 4211 1573 4280 assumpsit
1607 4226 1734 4264 eum
1783 4209 1949 4263 Deus.
2000 4208 2181 4274 Quare
2215 4219 2273 4262 et

686 4307 989 4364 secundum
1021 4303 1403 4374 Evangelium,
1451 4311 1505 4356 et
1552 4300 1861 4357 secundum
1912 4302 2269 4364 Alt-eranum,

686 4409 742 4454 ct
779 4401 829 4452 in
861 4413 1080 4452 omnem
1127 4405 1388 4452 eventum
1425 4394 1681 4449 Christus
1730 4393 1889 4447 vivit.
1932 4392 2273 4447 Mahomctus

687 4504 871 4547 autem
927 4490 1154 4544 omnino
1208 4499 1460 4543 mortuus
1486 4496 1588 4542 est.
1626 4486 1732 4541 Sed
1762 4486 1959 4540 melior
1992 4494 2077 4540 est
2113 4485 2271 4556 adju-

2358 627 2485 677 γετο
2510 610 2598 661 διὰ
2620 609 2715 662 τοῦ
2765 609 2968 671 Ἰσαὰκ,
2998 604 3042 677 ᾧ
3070 611 3360 678 γεγόνασιν
3389 613 3442 664 ai
3464 612 3797 679 ἐπαγγελίαι
3824 617 3949 683 περὶ

2356 703 2452 770 τῆς
2498 702 2750 769 εὐλογίας
2786 703 3009 770 καὶτῆς
3054 702 3331 775 ἑψομένης
3362 704 3731 774 κληρονομίας
3754 722 3771 736 ο
3830 707 3860 758 6
3897 708 3951 757 δὲ

2357 793 2655 863 Μαχούμετ
2686 795 2956 865 κατήγετο
2982 794 3070 847 διηὲ
3103 793 3196 847 τοῦ
3241 793 3490 865 Ἰσραὴλ,
3526 789 3569 862 ᾦ
3600 795 3700 847 οὐκ
3749 796 3953 865 ἀνῆκεν

2357 889 2389 958 ἡ
2430 888 2738 957 ἐπαγγελία
2762 904 2775 919 ·
2811 887 2948 942 ἀλλὰ
2986 888 3115 958 περὶ
3145 889 3356 942 ἐκείνου
3386 890 3706 959 γέγραπται
3754 892 3953 959 μόνον,

2366 998 2384 1032 ι
2428 981 2625 1033 Ἔσται
2658 980 2913 1050 σιδηροῦς
2965 981 3277 1051 ἄνθρωπος,
3312 985 3408 1034 καὶ
3458 983 3513 1035 αἱ
3567 985 3754 1053 χεῖρες
3783 983 3953 1035 αὐτοῦ

2358 1071 2449 1123 ἐπὶ
2479 1072 2706 1135 πάντας,
2746 1089 2764 1122 ι
2793 1073 2886 1123 καὶ
2918 1073 2984 1124 τὰ
3007 1071 3189 1126 λοιπά.
3224 1074 3346 1125 Ἔτι
3377 1075 3405 1125 6
3428 1074 3528 1143 μὲν
3551 1074 3793 1143 Χριστὸς
3814 1073 3955 1125 οὐδέ-

2360 1180 2487 1214 ποτε
2537 1163 2793 1229 οὐδεμίαν
2831 1163 3087 1234 ἐποίησεν
3115 1165 3393 1235 ἁμαρτίαν
3418 1182 3432 1195 ·
3477 1165 3536 1218 τὸ
3576 1166 3688 1236 γὰρ
3730 1165 3954 1232 Πνεῦμα

2356 1252 2455 1307 τοῦ
2488 1253 2648 1316 Θεοῦ,
2682 1255 2779 1305 καὶ
2808 1255 2836 1306 6
2865 1254 3038 1322 Λόγος
3070 1254 3166 1308 τοῦ
3202 1254 3359 1320 Θεοῦ,
3394 1257 3455 1309 οὐ
3485 1256 3713 1309 δύναται
3744 1257 3925 1325 πλανη

2359 1342 2553 1412 θῆναι·
2587 1345 2613 1396 6
2636 1343 2692 1396 δὲ
2727 1342 3028 1414 Μαχούμετ
3056 1344 3453 1416 εἰδωλολάτρης
3483 1345 3699 1414 γέγονε,
3731 1346 3831 1397 καὶ
3860 1362 3942 1410 φοι

2359 1442 2502 1501 νεὺς.
2557 1435 2795 1505 ἀσελγής
2838 1455 2898 1489 τε
2942 1437 3039 1491 καὶ
3095 1436 3301 1511 ἅρπαξ,
3354 1438 3449 1490 καί⁵
3500 1436 3717 1497 πολλοῖς
3773 1437 3949 1495 ἄλλος,

2360 1529 2756 1599 ἁμαρτήμασιν
2789 1528 2991 1599 ἔνοχος,
3019 1531 3105 1600 ἐφ’
3126 1525 3207 1593 οἷς
3240 1531 3268 1583 6
3288 1530 3420 1593 Θεὸς
3456 1530 3554 1601 (ὥς
3582 1531 3777 1599 φασιν)
3811 1528 3955 1596 αὐτῷ

2362 1619 2627 1688 συνέγνω.
2670 1621 2789 1675 Ἔτι
2821 1623 2849 1675 6
2882 1623 2980 1693 μὲν
3009 1622 3243 1692 Χριστὸς
3276 1622 3482 1693 φρικτὰ
3518 1623 3795 1691 πεποίηκε
3831 1621 3953 1674 θαύ-

2364 1729 2510 1779 ματα
2546 1712 2641 1765 καὶ
2684 1716 2937 1784 χρήσιμα
2958 1732 2971 1744 ·
2997 1714 3071 1777 ὡς
3094 1714 3202 1785 γὰρ
3226 1714 3443 1782 λέγεται
3474 1715 3571 1767 καὶ
3594 1715 3654 1765 ἐν
3678 1712 3762 1782 τῷ
3782 1731 3953 1780 xchx-

2359 1803 2495 1874 λαίῳ
2528 1804 2605 1873 τῷ
2649 1805 2893 1874 Ἐλμοῖδὲ
2925 1803 3059 1874 πρὸς
3092 1806 3171 1873 τῷ
3198 1804 3364 1867 τέλει,
3399 1808 3427 1859 6
3458 1805 3694 1875 Χριστὸς
3719 1804 3955 1869 manu;

2359 1896 2594 1965 ἐφώτισε
2657 1897 2892 1967 λεπροὺς
2929 1897 3252 1969 ἐκαθάρισε,
3320 1898 3413 1952 καὶ
3458 1897 3688 1965 νεκροὺς
3719 1896 3956 1961 ἀνέστη-

2362 2001 2489 2037 σεν·
2534 1989 2561 2039 6
2608 1985 2664 2038 δὲ
2708 1985 2948 2055 Μωάμεθ
3000 1986 3273 2057 πεποίηκε
3318 1986 3502 2056 θαῦμα
3543 1984 3699 2038 οὐδὲν
3733 1984 3881 2036 κατὰ
3903 1984 3958 2036 τὸ

2373 2076 2700 2147 ’Λλκοράνον
2721 2094 2734 2107 ·
2756 2080 2847 2132 καὶ
2872 2077 3029 2131 ἆτινα
3056 2080 3184 2148 περὶ
3208 2078 3373 2133 αὐτοῦ
3397 2079 3664 2146 λέγοιντο,
3696 2078 3726 2147 ἢ
3758 2078 3956 2141 ἄτοπα,

2361 2163 2659 2232 ἢάδύνατὲι
2708 2166 2812 2218 εἰσι
2860 2166 2954 2218 καὶ
3014 2167 3225 2237 ἀπηχῆ,
3262 2166 3453 2236 ῶσπερ
3484 2166 3545 2219 τὸ
3578 2167 3681 2232 τὴν
3729 2167 3960 2234 σελήνη»

2361 2254 2729 2325 διαιρεθεῖσαν
2756 2256 3116 2309 ἐπισκευάσαι
3142 2272 3153 2284 ·
3186 2256 3217 2326 ἢ
3247 2256 3517 2329 ἄχρηστα,
3549 2256 3744 2325 ῶσπερ
3777 2257 3837 2309 τὸ
3867 2256 3962 2324 τὴν

2364 2346 2613 2416 κάμηλον
2666 2346 3052 2416 φθέγξασθαι*
3107 2348 3138 2419 ἦ
3191 2352 3510 2403 παντάπασι
3559 2348 3961 2420 κεκρυμμένα·

2366 2440 2537 2493 πολλά
2554 2440 2663 2509 γὰρ
2680 2439 2869 2508 ἔλεγεν
2891 2441 3083 2495 ἑαυτὸν
3106 2444 3279 2494 ποιεῖν
3298 2444 3355 2494 ἐν
3379 2442 3609 2512 κρυπτῷ
3627 2442 3726 2495 καὶ
3745 2444 3962 2504 νυκτὸς,

2365 2533 2401 2587 ἃ.
2445 2533 2543 2604 τῆς
2581 2534 2794 2603 ἡμέρας
2847 2534 3254 2604 ἀπαιτούμενος
3301 2536 3575 2591 δεικνύναι
3644 2536 3745 2587 οὐκ
3798 2530 3965 2603 εἶχεν.

2366 2626 2534 2679 Ὅθεν
2568 2624 2717 2697 αὐτῷ
2758 2625 2969 2693 ἔλεγον,
2996 2627 3104 2696 Φὴς
3134 2627 3462 2699 ἀνέρχεσθαι
3498 2630 3578 2692 είς
3607 2630 3701 2681 τὸν
3734 2629 3965 2697 οὐρανὸν

2366 2719 2560 2781 νυκτὸς
2590 2720 2723 2789 πρὸς
2755 2719 2845 2771 τὸν
2867 2719 3003 2773 Θεόν
3029 2736 3043 2751 ·
3074 2720 3311 2790 ἀνάϐηθι
3342 2722 3435 2774 καί
3460 2722 3676 2791 ἡμέρας
3708 2721 3965 2790 ὁρώντων

2366 2811 2551 2881 ἡμῶν,
2582 2811 2676 2863 καὶ
2703 2809 3092 2882 πιστεύσομεν.
3137 2811 3199 2866 Ὀ
3228 2813 3284 2866 δὲ
3317 2814 3552 2884 Χριστὸς
3591 2816 3839 2883 μέγιστα
3872 2815 3967 2868 καὶ

2372 2904 2767 2975 μεγαλοπρεπῆ
2801 2905 3061 2975 θαύματα
3098 2905 3274 2960 ἐποίει
3305 2908 3516 2977 ἡμέρας
3542 2909 3639 2960 καὶ
3670 2910 3727 2961 ἐν
3760 2908 3841 2977 τῷ
3870 2926 3965 2976 φα-

2369 2996 2533 3067 νερῷ,
2570 3000 2663 3049 καὶ
2726 2998 2937 3052 πολλῶν
2975 3002 3226 3069 ὁρώντων
3274 3001 3523 3064 ἐνώπιον,
3562 3000 3706 3054 ὥστε
3754 3004 3969 3071 qaut-rapi

2371 3090 2513 3149 εἶναι
2557 3094 2625 3147 τὰ
2654 3094 2790 3165 ἔργα
2822 3097 3053 3153 ἐκείνου.
3103 3097 3261 3151 Μετά
3289 3096 3463 3150 ταῦτα
3510 3097 3539 3149 6
3580 3097 3683 3166 μὲν
3730 3098 3967 3167 Χριστὸς

2369 3187 2688 3251 διδάσκαλος
2724 3190 2948 3257 γέγονεν
3010 3190 3214 3260 ἔξοχος.
3253 3189 3342 3253 Ὧς
3381 3189 3490 3259 γὰρ
3522 3189 3743 3257 λέγεται
3791 3191 3851 3242 ἐν
3895 3190 3970 3259 τῷ

2382 3278 2716 3350 Ἀλκοράνῳ,
2754 3282 2813 3333 ἐν
2844 3280 2922 3350 τῷ
2951 3282 3236 3352 κεφαλαίῳ
3269 3281 3345 3353 τῷ
3372 3282 3644 3350 Ἐλμεῖδε,
3676 3283 3877 3351 ὥσπερ
3906 3283 3970 3334 ἐκ

2370 3372 2669 3441 προσώπου
2706 3371 2799 3425 τοῦ
2830 3371 2966 3424 Θεοῦ
2988 3385 3001 3400 ⁸
3027 3367 3097 3424 *Ω
3124 3372 3705 3442 Χρισςτέ,“ἀναλογισαι
3729 3373 3852 3436 πῶς
3888 3390 3970 3425 σοι

2369 3459 2583 3512 δέδωκα
2619 3458 2842 3527 Πνεῦμα
2886 3460 3064 3525 amo»,
3114 3458 3255 3512 ὥστε
3292 3458 3645 3525 διαλέγεσθαι
3680 3459 3761 3511 ἐτι
3800 3462 3861 3510 ἐν
3900 3463 3967 3528 τῇ

2372 3550 2609 3621 βρεφικῇ
2660 3551 2821 3618 κλίνῃ
2854 3551 3129 3620 κείμενον,
3179 3551 3275 3603 καὶ
3308 3550 3525 3614 ἐδίδαξά
3558 3567 3619 3602 σε
3654 3550 3846 3618 βίϐλον
3874 3555 3969 3603 καὶ

2373 3643 2590 3711 σοφίαν,
2622 3642 2714 3695 τὸν
2750 3643 2996 3706 Μωσέως
3025 3642 3187 3713 νόμον
3223 3642 3315 3696 καὶ
3352 3643 3411 3696 τδ
3441 3643 3785 3711 Εὐαγγέλιωδ
3812 3659 3825 3671 ·
3862 3645 3891 3695 6
3915 3643 3970 3697 δὲ

2371 3736 2618 3806 Μωάμεθ
2655 3736 2978 3799 διδάσκαλος
3004 3732 3073 3807 ἦν
3103 3737 3340 3805 ἀγνοῶν,
3390 3735 3684 3806 ἄνθρωπος
3722 3735 3968 3803 ἰδιώτης,

2370 3825 2494 3879 οὐδὲ
2531 3825 2663 3894 μίαν
2703 3824 2860 3887 εἰδὼς
2891 3824 3150 3893 γλῶσσαν
3182 3824 3324 3894 πλὴν
3356 3825 3454 3894 τῆς
3498 3824 3723 3886 ἐαυτοῦ,
3752 3825 3968 3891 ἀγνοῶν

2373 3917 2469 3970 καὶ
2496 3917 2599 3987 τὴν
2629 3917 2933 3987 ἑρμηνείαν
2968 3917 3064 3969 τοῦ
3093 3916 3290 3970 ἐαυτοῦ
3326 3917 3516 3985 νόμου.
3546 3916 3691 3985 Φησὶ
3726 3919 3838 3987 γὰρ
3874 3918 3973 3985 μό-

2372 4028 2462 4062 νον
2507 4010 2597 4063 τὸν
2640 4009 2773 4063 Θεὸν
2802 4011 3001 4063 εἰδέναι
3032 4009 3132 4079 τὴν
3174 4008 3269 4062 τοῦ
3312 4007 3643 4079 Ἀλκοράνου
3674 4008 3969 4079 ἐξήγησιν.

2376 4102 2499 4165 ’Έτι
2529 4103 2556 4155 6
2582 4102 2679 4170 μὲν
2705 4101 2941 4171 Χριστὸς
2974 4102 3116 4155 κατὰ
3133 4102 3194 4153 τὸ
3226 4101 3561 4169 Εὐαγγέλιον
3586 4102 3967 4170 ἐσταύρωται,

2375 4193 2470 4247 καὶ
2518 4193 2773 4261 τέθνηκε.
2821 4196 2917 4245 καὶ
2945 4193 3245 4262 ἐγήγερται
3279 4194 3522 4263 ἀληθῶς,
3555 4194 3760 4262 ἀνῆλθέ
3792 4212 3858 4247 τε
3890 4198 3972 4258 εἰς

2374 4287 2499 4348 τοὺς
2520 4286 2807 4354 οὐρανοὺς,
2835 4286 2930 4339 καὶ
2961 4286 3201 4355 κάθηται
3225 4289 3284 4339 ὲν
3306 4287 3458 4357 δεξιᾷ
3485 4285 3580 4340 τοῦ
3609 4288 3752 4340 Θεοῦ
3775 4304 3791 4318 ο
3824 4290 3888 4341 τδ
3916 4289 3972 4342 δὲ

2385 4376 2714 4445 Ἀλκοράνον
2763 4379 2951 4444 φησὶν,
2988 4377 3070 4429 ὅτι
3115 4376 3176 4429 οὐ
3216 4378 3499 4446 τέθνηκεν.
3548 4378 3666 4431 ἀλλ’
3694 4379 3973 4432 ἀνέλαὸεν

2376 4470 2540 4521 αὐτὸν
2563 4469 2590 4519 ὁ
2622 4468 2775 4529 Θεός.
2806 4469 2970 4519 Ὥστε
2998 4468 3139 4520 κατά
3161 4469 3219 4521 τὸ
3245 4469 3585 4537 Εὐαγγέλιον
3610 4472 3708 4521 καὶ
3737 4474 3887 4523 κατά
3911 4472 3973 4523 τὸ

690 4592 777 4636 ιοι·
835 4581 1012 4644 vivus,
1041 4595 1205 4649 quam
1264 4588 1538 4633 mortuus.
1565 4576 1771 4632 Omitto
1801 4576 1936 4629 alias
1966 4577 2260 4630 secundum

2388 4558 2713 4627 Ἀλκορὰνον
2746 4558 2841 4610 καὶ
2876 4559 3019 4611 κατὰ
3053 4562 3238 4612 πᾶσαν
3269 4560 3497 4614 ἔκϐασιν
3538 4562 3565 4613 6
3602 4563 3847 4628 Χριστὸς
3880 4567 3971 4633 ζῇ,

687 4673 971 4742 quodlibet
996 4671 1377 4734 excellentias,
1405 4686 1539 4739 quas
1570 4669 1637 4723 de
1665 4668 1888 4722 Christo
1918 4668 2271 4735 Evangeliutn

688 4766 891 4834 posuit.
921 4764 1115 4817 Mirum
1152 4764 1340 4833 igitur,
1375 4778 1541 4832 quare
1603 4760 1868 4816 Saraceni
1896 4776 2002 4813 non
2031 4775 2271 4825 scqnuni

691 4867 781 4910 tur
813 4856 999 4924 potius
1038 4854 1320 4910 Christum
1378 4868 1542 4922 quam
1594 4852 1985 4913 Mahometum,
2018 4860 2069 4904 et
2096 4851 2273 4903 Evan-

690 4948 894 5017 gelium
924 4949 1104 5016 potius
1144 4960 1309 5012 quam
1349 4945 1702 5006 Alcoranum,
1730 4958 1853 4995 eum
1899 4942 2057 4996 valde
2096 4943 2271 4995 credi-

694 5040 802 5093 bile
836 5040 927 5103 sit,
958 5053 1052 5106 per
1075 5038 1358 5092 meliorem
1392 5036 1756 5107 lcgislatorcm
1786 5036 2067 5089 meliorem
2092 5035 2265 5103 legem

692 5130 877 5182 datam
903 5142 1044 5187 esse.
1069 5136 1125 5181 ct
1156 5127 1352 5181 melius
1385 5142 1413 5178 a
1450 5128 1561 5181 Deo
1594 5136 1974 5180 conservatam
2018 5140 2265 5179 veraccm

693 5231 750 5277 et
803 5222 1200 5288 incorruptam,
1234 5222 1378 5273 sicut
1409 5219 1667 5287 superius
1700 5218 2137 5272 demonstratum
2187 5230 2268 5273 cst

694 5312 749 5365 in
784 5313 944 5367 tertio
970 5312 1233 5382 capitulo.

804 5602 942 5657 XVI.
979 5601 1050 5656 De
1082 5598 1353 5667 Evangelii
1385 5600 1452 5652 ad
1479 5598 1799 5652 Alcomnum
1831 5595 2155 5651 txt'cllcnliu.

768 5759 1044 5822 Evtlltgtt'lil
1106 5768 1287 5811 autem

771 5873 811 5905 "
846 5870 978 5924 Ger.
1017 5889 1120 5931 λιι,
1163 5874 1240 5925 l.‘..

1338 5758 1419 5808 sed
1472 5757 1802 5810 Alcm‘anum
1858 5754 2263 5818 excellentiam,

2374 4649 2402 4701 6
2435 4650 2489 4701 δὲ
2521 4651 2821 4719 Μαχούμετ
2865 4651 3145 4714 παντελῶς
3191 4653 3445 4721 τέθνηκε,
3482 4653 3720 4707 Βελτίων
3750 4657 3810 4708 δέ
3853 4654 3991 4709 ἐστί

2374 4741 2469 4795 τοῦ
2492 4742 2814 4810 τεθνηκότος
2839 4743 3037 4813 βοηθοῦ
3067 4746 3094 4797 ὀ
3118 4742 3227 4807 ζῶν
3248 4745 3460 4815 βοηθός.
3498 4748 3610 4800 Καὶ
3632 4748 3973 4822 παραλείπω

2374 4837 2471 4898 τὰς
2529 4834 2694 4894 ἄλλας
2742 4830 2863 4887 καθ’
2912 4836 3143 4889 ἕκαστον
3202 4838 3511 4909 ὑπεροχὰς,
3570 4839 3637 4901 ἃς
3683 4842 3823 4910 περὶ
3874 4844 3971 4895 τοῦ

2374 4926 2610 4994 Χριστοῦ
2641 4924 2703 4978 τὸ
2748 4926 3084 4994 Εὑαγγέλιον
3127 4929 3334 4997 τίθησι.
3377 4930 3704 4997 Θαυμαστὸν
3744 4932 3975 4997 τοίνυν,

2374 5019 2490 5079 πῶς
2512 5017 2566 5069 οἵ
2590 5018 2935 5089 Σαρρακηνοι
2951 5019 3012 5071 οὐ
3032 5020 3235 5090 μᾶλλον
3260 5020 3616 5075 ἀκολουθοῦσι
3636 5022 3714 5092 τῷ
3741 5024 3977 5096 Χριστῷ

2377 5113 2408 5182 ἢ
2445 5112 2521 5182 τῷ
2549 5112 2794 5182 Μωάμεθ
2813 5127 2829 5144 ο
2856 5113 2952 5165 καὶ
2973 5111 3051 5182 τῷ
3084 5113 3404 5185 Εὐαγγελίῳ
3439 5114 3638 5185 μᾶλλον
3664 5115 3698 5185 ἡ
3730 5115 3812 5184 τῷ
3852 5118 3979 5171 ’Λλ-

2379 5205 2616 5273 κοράνῳ,
2654 5205 2892 5273 μάλιστα
2914 5204 3035 5258 λίαν
3062 5204 3215 5267 ὄντος
3251 5206 3486 5260 πιθανοῦ
3511 5207 3599 5260 διὰ
3626 5206 3725 5260 τοῦ
3756 5207 3982 5277 βελτίο-

2379 5313 2467 5357 νος
2520 5295 2813 5364 νομοθέτου
2842 5294 3094 5364 βελτίονα
3129 5296 3295 5364 νόμον
3320 5296 3588 5363 δεδόσθαι,
3621 5299 3721 5351 καὶ
3752 5299 3981 5369 βέλτιον

2382 5386 2815 5457 συντηρούμενον
2848 5388 2955 5441 ὑπὸ
2980 5387 3136 5454 Θεοῦ,
3173 5388 3349 5459 ἀληθῆ
3388 5406 3448 5441 τε
3480 5392 3573 5441 καὶ
3605 5390 3976 5462 ἀδιάφθορον,

2378 5482 2449 5543 ὡς
2491 5483 2753 5550 ἀνωτέρω
2779 5481 3045 5534 δέδεικται
3076 5484 3132 5535 ἐν
3160 5483 3240 5554 τῷ
3269 5484 3438 5555 τρίτῳ
3471 5485 3778 5556 κεφαλαίῳ.

2381 5587 2491 5653 [τῖ’.
2533 5588 2667 5656 Περὶ
2697 5586 2803 5655 τῆς
2844 5589 2951 5643 τοῦ
3000 5591 3370 5671 [denm-mlier)
3404 5594 3551 5661 πρὸς
3582 5594 3647 5647 τὸ
3688 5593 3983 5665 Ἀλκοράο

2938 5677 3048 5713 νον
3081 5663 3405 5731 ὑπεροχῆς.

2454 5753 2557 5819 Τὴν
2588 5752 2642 5804 δὲ
2675 5751 2767 5805 τοῦ
2796 5753 3127 5821 Εὖαγγελίου
3157 5755 3291 5824 πρὸς
3312 5756 3370 5809 :6
3412 5756 3737 5826 ’Λλκοράνον
3770 5758 3875 5811 ira:
3889 5777 3979 5827 ρο-
