  <div class='ocr_page' id='page_1' title='image "/cluster/home/n/w/nwhite01/storage/ocr_20150623/154/nnc1.0046980970/572.png"; bbox 0 0 4186 6438; ppageno 0'>
   <div class='ocr_carea' id='block_1_1' title="bbox 291 399 422 464">
    <p class='ocr_par' dir='ltr' id='par_1_1' title="bbox 291 399 422 464">
     <span class='ocr_line' id='line_1_1' title="bbox 291 399 422 464; baseline 0.015 -2"><span class='ocrx_word' id='word_1_1' title='bbox 291 399 422 464; x_wconf 71' lang='grc'><strong>1141</strong></span> 
     </span>
    </p>
   </div>
   <div class='ocr_carea' id='block_1_2' title="bbox 1500 411 2400 474">
    <p class='ocr_par' dir='ltr' id='par_1_2' title="bbox 1500 411 2400 474">
     <span class='ocr_line' id='line_1_2' title="bbox 1500 411 2400 474; baseline 0.007 -5"><span class='ocrx_word' id='word_1_2' title='bbox 1500 411 1800 471; x_wconf 68' lang='lat' dir='ltr'><strong>CONTRA</strong></span> <span class='ocrx_word' id='word_1_3' title='bbox 1840 411 2352 474; x_wconf 79' lang='grc' dir='ltr'><strong>ΜΑΠΟΜΕΤΕΜ.</strong></span> <span class='ocrx_word' id='word_1_4' title='bbox 2388 414 2400 427; x_wconf 85' lang='grc'><strong>’</strong></span> 
     </span>
    </p>
   </div>
   <div class='ocr_carea' id='block_1_3' title="bbox 3418 414 3559 489">
    <p class='ocr_par' dir='ltr' id='par_1_3' title="bbox 3418 414 3559 489">
     <span class='ocr_line' id='line_1_3' title="bbox 3418 414 3559 489; baseline 0.021 -11"><span class='ocrx_word' id='word_1_5' title='bbox 3418 414 3559 489; x_wconf 68' lang='grc'><strong>1142</strong></span> 
     </span>
    </p>
   </div>
   <div class='ocr_carea' id='block_1_4' title="bbox 283 520 1888 603">
    <p class='ocr_par' dir='ltr' id='par_1_4' title="bbox 283 520 1871 599">
     <span class='ocr_line' id='line_1_4' title="bbox 283 520 1871 599; baseline 0.006 -28"><span class='ocrx_word' id='word_1_6' title='bbox 283 520 388 588; x_wconf 66' lang='grc' dir='ltr'><strong>χὴν</strong></span> <span class='ocrx_word' id='word_1_7' title='bbox 422 522 484 571; x_wconf 76' lang='grc' dir='ltr'>ἐκ</span> <span class='ocrx_word' id='word_1_8' title='bbox 521 520 629 573; x_wconf 85' lang='grc' dir='ltr'><strong>τῶν</strong></span> <span class='ocrx_word' id='word_1_9' title='bbox 676 520 931 593; x_wconf 55' lang='grc' dir='ltr'>ἀμωτὲρω</span> <span class='ocrx_word' id='word_1_10' title='bbox 986 524 1294 595; x_wconf 74' lang='grc' dir='ltr'><strong>εἰρημένων</strong></span> <span class='ocrx_word' id='word_1_11' title='bbox 1341 525 1542 596; x_wconf 74' lang='grc' dir='ltr'>ῥαδίως</span> <span class='ocrx_word' id='word_1_12' title='bbox 1590 526 1871 599; x_wconf 82' lang='grc' dir='ltr'>δυνάμεθα</span> 
     </span>
    </p>
   </div>
   <div class='ocr_carea' id='block_1_5' title="bbox 1994 520 3559 603">
    <p class='ocr_par' dir='ltr' id='par_1_5' title="bbox 1994 528 3559 603">
     <span class='ocr_line' id='line_1_5' title="bbox 1994 528 3559 603; baseline 0.004 -20"><span class='ocrx_word' id='word_1_13' title='bbox 1994 528 2131 586; x_wconf 84' lang='lat' dir='ltr'><strong>&#39;acile</strong></span> <span class='ocrx_word' id='word_1_14' title='bbox 2160 544 2229 587; x_wconf 81' lang='lat' dir='ltr'><strong>ex</strong></span> <span class='ocrx_word' id='word_1_15' title='bbox 2264 529 2649 601; x_wconf 76' lang='lat' dir='ltr'><strong>superioribus</strong></span> <span class='ocrx_word' id='word_1_16' title='bbox 2677 529 2844 589; x_wconf 84' lang='lat' dir='ltr'><strong>dictis</strong></span> <span class='ocrx_word' id='word_1_17' title='bbox 2885 544 3178 602; x_wconf 82' lang='lat' dir='ltr'><strong>possumus</strong></span> <span class='ocrx_word' id='word_1_18' title='bbox 3201 546 3559 603; x_wconf 86' lang='lat' dir='ltr'><strong>cognoscere.</strong></span> 
     </span>
    </p>
   </div>
   <div class='ocr_carea' id='block_1_6' title="bbox 284 611 1866 690">
    <p class='ocr_par' dir='ltr' id='par_1_6' title="bbox 284 611 1866 690">
     <span class='ocr_line' id='line_1_6' title="bbox 284 611 1866 690; baseline 0.008 -29"><span class='ocrx_word' id='word_1_19' title='bbox 284 611 514 676; x_wconf 87' lang='grc' dir='ltr'>γνῶναι.</span> <span class='ocrx_word' id='word_1_20' title='bbox 549 613 1045 679; x_wconf 83' lang='grc' dir='ltr'>Προαποδέδεικται</span> <span class='ocrx_word' id='word_1_21' title='bbox 1080 618 1191 686; x_wconf 74' lang='grc' dir='ltr'>γὰρ</span> <span class='ocrx_word' id='word_1_22' title='bbox 1218 616 1292 687; x_wconf 81' lang='grc' dir='ltr'><strong>μὴ</strong></span> <span class='ocrx_word' id='word_1_23' title='bbox 1322 611 1463 672; x_wconf 73' lang='grc' dir='ltr'>εἶναι</span> <span class='ocrx_word' id='word_1_24' title='bbox 1506 620 1565 671; x_wconf 67' lang='grc' dir='ltr'>τὸ</span> <span class='ocrx_word' id='word_1_25' title='bbox 1603 619 1866 690; x_wconf 77' lang='grc' dir='ltr'>Ἀλκορά-</span> 
     </span>
    </p>
   </div>
   <div class='ocr_carea' id='block_1_7' title="bbox 284 700 1867 777">
    <p class='ocr_par' dir='ltr' id='par_1_7' title="bbox 284 700 1867 777">
     <span class='ocr_line' id='line_1_7' title="bbox 284 700 1867 777; baseline 0.005 -27"><span class='ocrx_word' id='word_1_26' title='bbox 284 716 376 750; x_wconf 90' lang='grc' dir='ltr'><strong>νον</strong></span> <span class='ocrx_word' id='word_1_27' title='bbox 401 700 562 769; x_wconf 75' lang='grc' dir='ltr'>νόμον</span> <span class='ocrx_word' id='word_1_28' title='bbox 587 701 743 765; x_wconf 74' lang='grc' dir='ltr'>θεοῦ,</span> <span class='ocrx_word' id='word_1_29' title='bbox 772 701 860 755; x_wconf 73' lang='grc' dir='ltr'>διὰ</span> <span class='ocrx_word' id='word_1_30' title='bbox 903 703 965 756; x_wconf 75' lang='grc' dir='ltr'>τὸ</span> <span class='ocrx_word' id='word_1_31' title='bbox 1001 706 1138 773; x_wconf 84' lang='grc' dir='ltr'>μήτε</span> <span class='ocrx_word' id='word_1_32' title='bbox 1167 706 1265 776; x_wconf 76' lang='grc' dir='ltr'><strong>τὴν</strong></span> <span class='ocrx_word' id='word_1_33' title='bbox 1300 705 1570 768; x_wconf 80' lang='grc' dir='ltr'>Παλαιὰν,</span> <span class='ocrx_word' id='word_1_34' title='bbox 1601 706 1741 777; x_wconf 81' lang='grc' dir='ltr'>μήτε</span> <span class='ocrx_word' id='word_1_35' title='bbox 1768 704 1867 776; x_wconf 86' lang='grc' dir='ltr'>τὴν</span> 
     </span>
    </p>
   </div>
   <div class='ocr_carea' id='block_1_8' title="bbox 283 787 1867 863">
    <p class='ocr_par' dir='ltr' id='par_1_8' title="bbox 283 787 1867 863">
     <span class='ocr_line' id='line_1_8' title="bbox 283 787 1867 863; baseline 0.003 -24"><span class='ocrx_word' id='word_1_36' title='bbox 283 787 433 840; x_wconf 80' lang='grc' dir='ltr'>Νέαν</span> <span class='ocrx_word' id='word_1_37' title='bbox 490 789 667 858; x_wconf 77' lang='grc' dir='ltr'>τούτῳ</span> <span class='ocrx_word' id='word_1_38' title='bbox 730 794 1190 863; x_wconf 76' lang='grc' dir='ltr'><strong>συμμαρτυρεῖν·</strong></span> <span class='ocrx_word' id='word_1_39' title='bbox 1248 793 1344 846; x_wconf 76' lang='grc' dir='ltr'>καὶ</span> <span class='ocrx_word' id='word_1_40' title='bbox 1387 794 1471 846; x_wconf 81' lang='grc' dir='ltr'>ὅτι</span> <span class='ocrx_word' id='word_1_41' title='bbox 1517 791 1641 846; x_wconf 85' lang='grc' dir='ltr'>οὔτε</span> <span class='ocrx_word' id='word_1_42' title='bbox 1694 795 1751 846; x_wconf 78' lang='grc' dir='ltr'><strong>ἐν</strong></span> <span class='ocrx_word' id='word_1_43' title='bbox 1798 794 1867 862; x_wconf 81' lang='grc' dir='ltr'>τῇ</span> 
     </span>
    </p>
   </div>
   <div class='ocr_carea' id='block_1_9' title="bbox 284 881 1869 955">
    <p class='ocr_par' dir='ltr' id='par_1_9' title="bbox 284 881 1869 955">
     <span class='ocr_line' id='line_1_9' title="bbox 284 881 1869 955; baseline 0.003 -24"><span class='ocrx_word' id='word_1_44' title='bbox 284 881 512 946; x_wconf 73' lang='grc' dir='ltr'>φράσει,</span> <span class='ocrx_word' id='word_1_45' title='bbox 564 882 688 935; x_wconf 75' lang='grc' dir='ltr'>οὔτε</span> <span class='ocrx_word' id='word_1_46' title='bbox 736 884 795 935; x_wconf 79' lang='grc' dir='ltr'><strong>ὲν</strong></span> <span class='ocrx_word' id='word_1_47' title='bbox 845 886 966 946; x_wconf 87' lang='grc' dir='ltr'>ταῖς</span> <span class='ocrx_word' id='word_1_48' title='bbox 1015 886 1348 954; x_wconf 76' lang='grc' dir='ltr'><strong>ἀποφάσεσι,</strong></span> <span class='ocrx_word' id='word_1_49' title='bbox 1409 885 1695 955; x_wconf 77' lang='grc' dir='ltr'>συμϐαίνει</span> <span class='ocrx_word' id='word_1_50' title='bbox 1753 886 1869 947; x_wconf 83' lang='grc' dir='ltr'>τοῖς</span> 
     </span>
    </p>
   </div>
   <div class='ocr_carea' id='block_1_10' title="bbox 284 971 1868 1049">
    <p class='ocr_par' dir='ltr' id='par_1_10' title="bbox 284 971 1868 1049">
     <span class='ocr_line' id='line_1_10' title="bbox 284 971 1868 1049; baseline 0.006 -26"><span class='ocrx_word' id='word_1_51' title='bbox 284 971 507 1035; x_wconf 78' lang='grc' dir='ltr'>ἄλλοις·</span> <span class='ocrx_word' id='word_1_52' title='bbox 553 975 646 1026; x_wconf 81' lang='grc' dir='ltr'>καὶ</span> <span class='ocrx_word' id='word_1_53' title='bbox 701 976 782 1028; x_wconf 76' lang='grc' dir='ltr'>ὅτι</span> <span class='ocrx_word' id='word_1_54' title='bbox 841 977 1111 1045; x_wconf 78' lang='grc' dir='ltr'><strong>ἀντιλέγει</strong></span> <span class='ocrx_word' id='word_1_55' title='bbox 1162 979 1382 1049; x_wconf 79' lang='grc' dir='ltr'>ἑαυτῷ·</span> <span class='ocrx_word' id='word_1_56' title='bbox 1419 981 1512 1034; x_wconf 80' lang='grc' dir='ltr'><strong>καὶ</strong></span> <span class='ocrx_word' id='word_1_57' title='bbox 1552 980 1633 1034; x_wconf 79' lang='grc' dir='ltr'><strong>ὅτι</strong></span> <span class='ocrx_word' id='word_1_58' title='bbox 1689 978 1868 1033; x_wconf 75' lang='grc' dir='ltr'>οὐδενὶ</span> 
     </span>
    </p>
   </div>
   <div class='ocr_carea' id='block_1_11' title="bbox 288 1064 1869 1140">
    <p class='ocr_par' dir='ltr' id='par_1_11' title="bbox 288 1064 1869 1140">
     <span class='ocr_line' id='line_1_11' title="bbox 288 1064 1869 1140; baseline 0.007 -25"><span class='ocrx_word' id='word_1_59' title='bbox 288 1064 531 1132; x_wconf 75' lang='grc' dir='ltr'><strong>θαύματι</strong></span> <span class='ocrx_word' id='word_1_60' title='bbox 577 1066 890 1135; x_wconf 76' lang='grc' dir='ltr'>βεϐαιοῦται</span> <span class='ocrx_word' id='word_1_61' title='bbox 914 1085 929 1102; x_wconf 90' lang='grc'><strong>·</strong></span> <span class='ocrx_word' id='word_1_62' title='bbox 956 1072 1050 1124; x_wconf 63' lang='grc' dir='ltr'><strong>καὶ</strong></span> <span class='ocrx_word' id='word_1_63' title='bbox 1080 1072 1163 1124; x_wconf 80' lang='grc' dir='ltr'><strong>ὅτι</strong></span> <span class='ocrx_word' id='word_1_64' title='bbox 1206 1072 1354 1125; x_wconf 74' lang='grc' dir='ltr'>ἐστὶν</span> <span class='ocrx_word' id='word_1_65' title='bbox 1387 1073 1583 1140; x_wconf 83' lang='grc' dir='ltr'>ἄλογον</span> <span class='ocrx_word' id='word_1_66' title='bbox 1609 1088 1623 1103; x_wconf 87' lang='grc'>·</span> <span class='ocrx_word' id='word_1_67' title='bbox 1658 1072 1756 1125; x_wconf 63' lang='grc' dir='ltr'><strong>καὶ⁷</strong></span> <span class='ocrx_word' id='word_1_68' title='bbox 1785 1073 1869 1126; x_wconf 78' lang='grc' dir='ltr'><strong>ὅτι</strong></span> 
     </span>
    </p>
   </div>
   <div class='ocr_carea' id='block_1_12' title="bbox 286 1156 1869 1234">
    <p class='ocr_par' dir='ltr' id='par_1_12' title="bbox 286 1156 1869 1234">
     <span class='ocr_line' id='line_1_12' title="bbox 286 1156 1869 1234; baseline 0.006 -26"><span class='ocrx_word' id='word_1_69' title='bbox 286 1156 503 1224; x_wconf 66' lang='grc' dir='ltr'>φανερὰ</span> <span class='ocrx_word' id='word_1_70' title='bbox 555 1158 802 1227; x_wconf 79' lang='grc' dir='ltr'><strong>περιέχει</strong></span> <span class='ocrx_word' id='word_1_71' title='bbox 854 1159 1062 1229; x_wconf 74' lang='grc' dir='ltr'>ψεύδη’</span> <span class='ocrx_word' id='word_1_72' title='bbox 1114 1163 1208 1215; x_wconf 85' lang='grc' dir='ltr'>καὶ</span> <span class='ocrx_word' id='word_1_73' title='bbox 1261 1164 1340 1217; x_wconf 70' lang='grc' dir='ltr'><strong>ὅτι</strong></span> <span class='ocrx_word' id='word_1_74' title='bbox 1396 1164 1590 1234; x_wconf 84' lang='grc' dir='ltr'>βίαιον,</span> <span class='ocrx_word' id='word_1_75' title='bbox 1642 1172 1736 1218; x_wconf 71' lang='grc' dir='ltr'>καὶ</span> <span class='ocrx_word' id='word_1_76' title='bbox 1786 1164 1869 1218; x_wconf 86' lang='grc' dir='ltr'>ὅτι</span> 
     </span>
    </p>
   </div>
   <div class='ocr_carea' id='block_1_13' title="bbox 285 1249 1868 1324">
    <p class='ocr_par' dir='ltr' id='par_1_13' title="bbox 285 1249 1868 1324">
     <span class='ocr_line' id='line_1_13' title="bbox 285 1249 1868 1324; baseline 0.006 -25"><span class='ocrx_word' id='word_1_77' title='bbox 285 1249 545 1317; x_wconf 79' lang='grc' dir='ltr'>ἄτακτον,</span> <span class='ocrx_word' id='word_1_78' title='bbox 579 1252 675 1304; x_wconf 86' lang='grc' dir='ltr'>καὶ</span> <span class='ocrx_word' id='word_1_79' title='bbox 704 1252 786 1304; x_wconf 81' lang='grc' dir='ltr'><strong>ὅτι</strong></span> <span class='ocrx_word' id='word_1_80' title='bbox 818 1253 1076 1323; x_wconf 78' lang='grc' dir='ltr'>πονηρὸν,</span> <span class='ocrx_word' id='word_1_81' title='bbox 1104 1257 1199 1310; x_wconf 77' lang='grc' dir='ltr'><strong>καὶ</strong></span> <span class='ocrx_word' id='word_1_82' title='bbox 1228 1256 1311 1308; x_wconf 82' lang='grc' dir='ltr'>ὅτι</span> <span class='ocrx_word' id='word_1_83' title='bbox 1334 1256 1660 1324; x_wconf 71' lang='grc' dir='ltr'>ἀμφίϐολον.</span> <span class='ocrx_word' id='word_1_84' title='bbox 1682 1256 1868 1309; x_wconf 77' lang='grc' dir='ltr'>Ταῦτα</span> 
     </span>
    </p>
   </div>
   <div class='ocr_carea' id='block_1_14' title="bbox 286 1342 1869 1417">
    <p class='ocr_par' dir='ltr' id='par_1_14' title="bbox 286 1342 1869 1417">
     <span class='ocr_line' id='line_1_14' title="bbox 286 1342 1869 1417; baseline 0.005 -24"><span class='ocrx_word' id='word_1_85' title='bbox 286 1342 400 1411; x_wconf 71' lang='grc' dir='ltr'>γὰρ</span> <span class='ocrx_word' id='word_1_86' title='bbox 433 1343 611 1395; x_wconf 69' lang='grc' dir='ltr'>πάντα</span> <span class='ocrx_word' id='word_1_87' title='bbox 654 1344 730 1406; x_wconf 90' lang='grc' dir='ltr'><strong>ώς</strong></span> <span class='ocrx_word' id='word_1_88' title='bbox 761 1347 819 1398; x_wconf 74' lang='grc' dir='ltr'>ἐν</span> <span class='ocrx_word' id='word_1_89' title='bbox 852 1344 1047 1416; x_wconf 86' lang='grc' dir='ltr'>βραχεῖ</span> <span class='ocrx_word' id='word_1_90' title='bbox 1091 1346 1159 1400; x_wconf 88' lang='grc' dir='ltr'>δι’</span> <span class='ocrx_word' id='word_1_91' title='bbox 1207 1346 1372 1401; x_wconf 83' lang='grc' dir='ltr'><strong>αὑτοῦ</strong></span> <span class='ocrx_word' id='word_1_92' title='bbox 1402 1347 1496 1401; x_wconf 83' lang='grc' dir='ltr'>τοῦ</span> <span class='ocrx_word' id='word_1_93' title='bbox 1538 1348 1869 1417; x_wconf 82' lang='grc' dir='ltr'>Ἀλκοράνου</span> 
     </span>
    </p>
   </div>
   <div class='ocr_carea' id='block_1_15' title="bbox 289 1434 1870 1507">
    <p class='ocr_par' dir='ltr' id='par_1_15' title="bbox 289 1434 1870 1507">
     <span class='ocr_line' id='line_1_15' title="bbox 289 1434 1870 1507; baseline 0.003 -24"><span class='ocrx_word' id='word_1_94' title='bbox 289 1434 805 1501; x_wconf 75' lang='grc' dir='ltr'>προαποδεδεικται.</span> <span class='ocrx_word' id='word_1_95' title='bbox 832 1435 983 1507; x_wconf 82' lang='grc' dir='ltr'>Πλὴν</span> <span class='ocrx_word' id='word_1_96' title='bbox 1014 1439 1128 1500; x_wconf 86' lang='grc' dir='ltr'>τοῖς</span> <span class='ocrx_word' id='word_1_97' title='bbox 1159 1438 1217 1489; x_wconf 78' lang='grc' dir='ltr'><strong>ὲν</strong></span> <span class='ocrx_word' id='word_1_98' title='bbox 1248 1436 1398 1506; x_wconf 83' lang='grc' dir='ltr'>αύτῷ</span> <span class='ocrx_word' id='word_1_99' title='bbox 1432 1437 1512 1507; x_wconf 84' lang='grc' dir='ltr'>τῷ</span> <span class='ocrx_word' id='word_1_100' title='bbox 1557 1437 1870 1507; x_wconf 75' lang='grc' dir='ltr'>Ἀλκορὰνῳ</span> 
     </span>
    </p>
   </div>
   <div class='ocr_carea' id='block_1_16' title="bbox 286 1524 1872 1599">
    <p class='ocr_par' dir='ltr' id='par_1_16' title="bbox 286 1524 1872 1599">
     <span class='ocr_line' id='line_1_16' title="bbox 286 1524 1872 1599; baseline 0.003 -23"><span class='ocrx_word' id='word_1_101' title='bbox 286 1524 727 1591; x_wconf 81' lang='grc' dir='ltr'><strong>ἀναγινώσκουσι</strong></span> <span class='ocrx_word' id='word_1_102' title='bbox 760 1527 969 1595; x_wconf 80' lang='grc' dir='ltr'>βέλτιον</span> <span class='ocrx_word' id='word_1_103' title='bbox 993 1528 1270 1581; x_wconf 77' lang='grc' dir='ltr'>δείκνυται</span> <span class='ocrx_word' id='word_1_104' title='bbox 1297 1528 1492 1584; x_wconf 85' lang='grc' dir='ltr'>ταῦτα.</span> <span class='ocrx_word' id='word_1_105' title='bbox 1526 1528 1681 1581; x_wconf 81' lang='grc' dir='ltr'><strong>Ὠσο’</strong></span> <span class='ocrx_word' id='word_1_106' title='bbox 1722 1529 1872 1599; x_wconf 73' lang='grc' dir='ltr'>ἡμᾶς</span> 
     </span>
    </p>
   </div>
   <div class='ocr_carea' id='block_1_17' title="bbox 289 1615 1871 1689">
    <p class='ocr_par' dir='ltr' id='par_1_17' title="bbox 289 1615 1871 1689">
     <span class='ocr_line' id='line_1_17' title="bbox 289 1615 1871 1689; baseline 0.004 -24"><span class='ocrx_word' id='word_1_107' title='bbox 289 1615 644 1685; x_wconf 71' lang='grc' dir='ltr'>θαρρούντως</span> <span class='ocrx_word' id='word_1_108' title='bbox 676 1617 936 1671; x_wconf 85' lang='grc' dir='ltr'>δύνασθαι</span> <span class='ocrx_word' id='word_1_109' title='bbox 967 1618 1168 1687; x_wconf 85' lang='grc' dir='ltr'>λέγειν,</span> <span class='ocrx_word' id='word_1_110' title='bbox 1209 1620 1270 1672; x_wconf 78' lang='lat' dir='ltr'><strong>El</strong></span> <span class='ocrx_word' id='word_1_111' title='bbox 1306 1620 1438 1689; x_wconf 77' lang='grc' dir='ltr'><strong>ἡμῖν</strong></span> <span class='ocrx_word' id='word_1_112' title='bbox 1484 1618 1765 1673; x_wconf 76' lang='grc' dir='ltr'>πιστεύειν</span> <span class='ocrx_word' id='word_1_113' title='bbox 1809 1620 1871 1672; x_wconf 89' lang='grc' dir='ltr'><strong>ού</strong></span> 
     </span>
    </p>
   </div>
   <div class='ocr_carea' id='block_1_18' title="bbox 289 1704 1873 1780">
    <p class='ocr_par' dir='ltr' id='par_1_18' title="bbox 289 1704 1873 1780">
     <span class='ocr_line' id='line_1_18' title="bbox 289 1704 1873 1780; baseline 0.001 -21"><span class='ocrx_word' id='word_1_114' title='bbox 289 1704 586 1777; x_wconf 82' lang='grc' dir='ltr'>βούλεσθε,</span> <span class='ocrx_word' id='word_1_115' title='bbox 650 1709 734 1763; x_wconf 78' lang='grc' dir='ltr'><strong>τὺ.</strong></span> <span class='ocrx_word' id='word_1_116' title='bbox 779 1710 1109 1780; x_wconf 79' lang='grc' dir='ltr'>Ἀλκοράνον</span> <span class='ocrx_word' id='word_1_117' title='bbox 1161 1712 1469 1777; x_wconf 76' lang='grc' dir='ltr'>ἀναγνῶτε.</span> <span class='ocrx_word' id='word_1_118' title='bbox 1534 1710 1756 1765; x_wconf 86' lang='grc' dir='ltr'>Τούτων</span> <span class='ocrx_word' id='word_1_119' title='bbox 1815 1710 1873 1765; x_wconf 62' lang='grc' dir='ltr'>δὲ</span> 
     </span>
    </p>
   </div>
   <div class='ocr_carea' id='block_1_19' title="bbox 285 1798 1874 1874">
    <p class='ocr_par' dir='ltr' id='par_1_19' title="bbox 285 1798 1874 1874">
     <span class='ocr_line' id='line_1_19' title="bbox 285 1798 1874 1874; baseline 0.001 -21"><span class='ocrx_word' id='word_1_120' title='bbox 285 1798 553 1853; x_wconf 70' lang='grc' dir='ltr'>τάναντία</span> <span class='ocrx_word' id='word_1_121' title='bbox 584 1800 676 1851; x_wconf 78' lang='grc' dir='ltr'>ἐπὶ</span> <span class='ocrx_word' id='word_1_122' title='bbox 703 1800 804 1871; x_wconf 85' lang='grc' dir='ltr'>τῆς</span> <span class='ocrx_word' id='word_1_123' title='bbox 836 1801 1215 1874; x_wconf 79' lang='grc' dir='ltr'>Εὑαγγελικῆς</span> <span class='ocrx_word' id='word_1_124' title='bbox 1237 1804 1588 1866; x_wconf 77' lang='grc' dir='ltr'>διδασκαλίας</span> <span class='ocrx_word' id='word_1_125' title='bbox 1621 1804 1874 1872; x_wconf 81' lang='grc' dir='ltr'>φαίνεται</span> 
     </span>
    </p>
   </div>
   <div class='ocr_carea' id='block_1_20' title="bbox 1977 621 3552 692">
    <p class='ocr_par' dir='ltr' id='par_1_20' title="bbox 1977 621 3552 692">
     <span class='ocr_line' id='line_1_20' title="bbox 1977 621 3552 692; baseline 0.003 -17"><span class='ocrx_word' id='word_1_126' title='bbox 1977 621 2117 677; x_wconf 79' lang='lat' dir='ltr'><strong>Ante</strong></span> <span class='ocrx_word' id='word_1_127' title='bbox 2145 621 2293 679; x_wconf 92' lang='lat' dir='ltr'><strong>cnim</strong></span> <span class='ocrx_word' id='word_1_128' title='bbox 2325 623 2761 680; x_wconf 90' lang='lat' dir='ltr'><strong>demonstratum</strong></span> <span class='ocrx_word' id='word_1_129' title='bbox 2804 633 2912 692; x_wconf 85' lang='lat' dir='ltr'><strong>est,</strong></span> <span class='ocrx_word' id='word_1_130' title='bbox 2937 641 3047 680; x_wconf 91' lang='lat' dir='ltr'><strong>non</strong></span> <span class='ocrx_word' id='word_1_131' title='bbox 3075 639 3197 681; x_wconf 89' lang='lat' dir='ltr'><strong>esse</strong></span> <span class='ocrx_word' id='word_1_132' title='bbox 3219 627 3552 681; x_wconf 80' lang='lat' dir='ltr'><strong>Alcoranum</strong></span> 
     </span>
    </p>
   </div>
   <div class='ocr_carea' id='block_1_21' title="bbox 1974 711 3555 787">
    <p class='ocr_par' dir='ltr' id='par_1_21' title="bbox 1974 711 3555 787">
     <span class='ocr_line' id='line_1_21' title="bbox 1974 711 3555 787; baseline 0.002 -21"><span class='ocrx_word' id='word_1_133' title='bbox 1974 711 2149 781; x_wconf 89' lang='lat' dir='ltr'><strong>lcgem</strong></span> <span class='ocrx_word' id='word_1_134' title='bbox 2207 714 2327 778; x_wconf 88' lang='lat' dir='ltr'><strong>Dei,</strong></span> <span class='ocrx_word' id='word_1_135' title='bbox 2382 726 2672 785; x_wconf 75' lang='lat' dir='ltr'><strong>propterea</strong></span> <span class='ocrx_word' id='word_1_136' title='bbox 2722 717 2869 787; x_wconf 90' lang='lat' dir='ltr'><strong>quod</strong></span> <span class='ocrx_word' id='word_1_137' title='bbox 2918 732 3098 787; x_wconf 88' lang='lat' dir='ltr'><strong>neque</strong></span> <span class='ocrx_word' id='word_1_138' title='bbox 3159 717 3330 772; x_wconf 80' lang='lat' dir='ltr'><strong>Vetus</strong></span> <span class='ocrx_word' id='word_1_139' title='bbox 3376 732 3555 787; x_wconf 83' lang='lat' dir='ltr'><strong>neque</strong></span> 
     </span>
    </p>
   </div>
   <div class='ocr_carea' id='block_1_22' title="bbox 1974 806 3556 879">
    <p class='ocr_par' dir='ltr' id='par_1_22' title="bbox 1974 806 3556 879">
     <span class='ocr_line' id='line_1_22' title="bbox 1974 806 3556 879; baseline 0.001 -18"><span class='ocrx_word' id='word_1_140' title='bbox 1974 806 2188 861; x_wconf 84' lang='lat' dir='ltr'><strong>Novum</strong></span> <span class='ocrx_word' id='word_1_141' title='bbox 2248 808 2668 865; x_wconf 76' lang='lat' dir='ltr'><strong>Testamentum</strong></span> <span class='ocrx_word' id='word_1_142' title='bbox 2731 811 2875 867; x_wconf 86' lang='lat' dir='ltr'><strong>hanc</strong></span> <span class='ocrx_word' id='word_1_143' title='bbox 2928 819 3238 877; x_wconf 77' lang='lat' dir='ltr'><strong>testantur,</strong></span> <span class='ocrx_word' id='word_1_144' title='bbox 3298 820 3353 864; x_wconf 91' lang='lat' dir='ltr'><strong>et</strong></span> <span class='ocrx_word' id='word_1_145' title='bbox 3410 811 3556 879; x_wconf 84' lang='lat' dir='ltr'><strong>qnml</strong></span> 
     </span>
    </p>
   </div>
   <div class='ocr_carea' id='block_1_23' title="bbox 1976 899 3561 970">
    <p class='ocr_par' dir='ltr' id='par_1_23' title="bbox 1976 899 3561 970">
     <span class='ocr_line' id='line_1_23' title="bbox 1976 899 3561 970; baseline 0.001 -18"><span class='ocrx_word' id='word_1_146' title='bbox 1976 914 2156 967; x_wconf 85' lang='lat' dir='ltr'><strong>neque</strong></span> <span class='ocrx_word' id='word_1_147' title='bbox 2182 899 2237 952; x_wconf 91' lang='lat' dir='ltr'><strong>in</strong></span> <span class='ocrx_word' id='word_1_148' title='bbox 2271 900 2435 970; x_wconf 82' lang='lat' dir='ltr'><strong>stylo,</strong></span> <span class='ocrx_word' id='word_1_149' title='bbox 2456 915 2635 970; x_wconf 86' lang='lat' dir='ltr'><strong>neque</strong></span> <span class='ocrx_word' id='word_1_150' title='bbox 2682 902 2736 957; x_wconf 90' lang='lat' dir='ltr'><strong>in</strong></span> <span class='ocrx_word' id='word_1_151' title='bbox 2792 904 3088 959; x_wconf 87' lang='lat' dir='ltr'><strong>sententiis</strong></span> <span class='ocrx_word' id='word_1_152' title='bbox 3114 918 3240 958; x_wconf 84' lang='lat' dir='ltr'><strong>cum</strong></span> <span class='ocrx_word' id='word_1_153' title='bbox 3272 903 3395 956; x_wconf 89' lang='lat' dir='ltr'><strong>aliis</strong></span> <span class='ocrx_word' id='word_1_154' title='bbox 3427 918 3561 955; x_wconf 90' lang='lat' dir='ltr'><strong>con-</strong></span> 
     </span>
    </p>
   </div>
   <div class='ocr_carea' id='block_1_24' title="bbox 1976 992 3557 1064">
    <p class='ocr_par' dir='ltr' id='par_1_24' title="bbox 1976 992 3557 1064">
     <span class='ocr_line' id='line_1_24' title="bbox 1976 992 3557 1064; baseline 0.001 -19"><span class='ocrx_word' id='word_1_155' title='bbox 1976 992 2147 1056; x_wconf 85' lang='lat' dir='ltr'><strong>venit,</strong></span> <span class='ocrx_word' id='word_1_156' title='bbox 2178 1001 2233 1046; x_wconf 90' lang='lat' dir='ltr'><strong>et</strong></span> <span class='ocrx_word' id='word_1_157' title='bbox 2281 993 2427 1061; x_wconf 88' lang='lat' dir='ltr'><strong>quod</strong></span> <span class='ocrx_word' id='word_1_158' title='bbox 2474 994 2805 1050; x_wconf 90' lang='lat' dir='ltr'><strong>contradicit</strong></span> <span class='ocrx_word' id='word_1_159' title='bbox 2841 996 2943 1050; x_wconf 85' lang='lat' dir='ltr'><strong>sibi</strong></span> <span class='ocrx_word' id='word_1_160' title='bbox 2981 996 3107 1064; x_wconf 77' lang='lat' dir='ltr'><strong>ipsi,</strong></span> <span class='ocrx_word' id='word_1_161' title='bbox 3138 1003 3194 1050; x_wconf 89' lang='lat' dir='ltr'><strong>et</strong></span> <span class='ocrx_word' id='word_1_162' title='bbox 3218 994 3364 1064; x_wconf 89' lang='lat' dir='ltr'><strong>quod</strong></span> <span class='ocrx_word' id='word_1_163' title='bbox 3405 994 3557 1047; x_wconf 90' lang='lat' dir='ltr'><strong>nullo</strong></span> 
     </span>
    </p>
   </div>
   <div class='ocr_carea' id='block_1_25' title="bbox 1976 1086 3559 1159">
    <p class='ocr_par' dir='ltr' id='par_1_25' title="bbox 1976 1086 3559 1159">
     <span class='ocr_line' id='line_1_25' title="bbox 1976 1086 3559 1159; baseline 0.003 -20"><span class='ocrx_word' id='word_1_164' title='bbox 1976 1086 2249 1141; x_wconf 89' lang='lat' dir='ltr'><strong>miraculo</strong></span> <span class='ocrx_word' id='word_1_165' title='bbox 2303 1088 2681 1154; x_wconf 82' lang='lat' dir='ltr'><strong>conﬁrmatur,</strong></span> <span class='ocrx_word' id='word_1_166' title='bbox 2733 1098 2789 1145; x_wconf 89' lang='lat' dir='ltr'><strong>et</strong></span> <span class='ocrx_word' id='word_1_167' title='bbox 2836 1090 2981 1159; x_wconf 91' lang='lat' dir='ltr'><strong>quod</strong></span> <span class='ocrx_word' id='word_1_168' title='bbox 3032 1100 3118 1144; x_wconf 90' lang='lat' dir='ltr'><strong>est</strong></span> <span class='ocrx_word' id='word_1_169' title='bbox 3161 1089 3559 1151; x_wconf 70' lang='lat' dir='ltr'><strong>irrationaliile,</strong></span> 
     </span>
    </p>
   </div>
   <div class='ocr_carea' id='block_1_26' title="bbox 1976 1178 3564 1249">
    <p class='ocr_par' dir='ltr' id='par_1_26' title="bbox 1976 1178 3564 1249">
     <span class='ocr_line' id='line_1_26' title="bbox 1976 1178 3564 1249; baseline 0.001 -20"><span class='ocrx_word' id='word_1_170' title='bbox 1976 1185 2033 1230; x_wconf 89' lang='lat' dir='ltr'><strong>et</strong></span> <span class='ocrx_word' id='word_1_171' title='bbox 2062 1178 2205 1246; x_wconf 87' lang='lat' dir='ltr'><strong>quod</strong></span> <span class='ocrx_word' id='word_1_172' title='bbox 2240 1180 2529 1235; x_wconf 83' lang='lat' dir='ltr'><strong>manifesta</strong></span> <span class='ocrx_word' id='word_1_173' title='bbox 2564 1182 2813 1237; x_wconf 87' lang='lat' dir='ltr'><strong>continet</strong></span> <span class='ocrx_word' id='word_1_174' title='bbox 2857 1182 3165 1241; x_wconf 83' lang='lat' dir='ltr'><strong>mendacia.</strong></span> <span class='ocrx_word' id='word_1_175' title='bbox 3190 1192 3243 1234; x_wconf 87' lang='lat' dir='ltr'><strong>et</strong></span> <span class='ocrx_word' id='word_1_176' title='bbox 3279 1180 3422 1249; x_wconf 81' lang='lat' dir='ltr'><strong>quod</strong></span> <span class='ocrx_word' id='word_1_177' title='bbox 3450 1181 3564 1234; x_wconf 87' lang='lat' dir='ltr'><strong>vin-</strong></span> 
     </span>
    </p>
   </div>
   <div class='ocr_carea' id='block_1_27' title="bbox 1978 1266 3564 1341">
    <p class='ocr_par' dir='ltr' id='par_1_27' title="bbox 1978 1266 3564 1341">
     <span class='ocr_line' id='line_1_27' title="bbox 1978 1266 3564 1341; baseline 0.001 -21"><span class='ocrx_word' id='word_1_178' title='bbox 1978 1266 2212 1333; x_wconf 87' lang='lat' dir='ltr'><strong>lenlnm,</strong></span> <span class='ocrx_word' id='word_1_179' title='bbox 2239 1280 2294 1324; x_wconf 89' lang='lat' dir='ltr'><strong>et</strong></span> <span class='ocrx_word' id='word_1_180' title='bbox 2326 1270 2471 1340; x_wconf 91' lang='lat' dir='ltr'><strong>quod</strong></span> <span class='ocrx_word' id='word_1_181' title='bbox 2520 1271 2919 1337; x_wconf 89' lang='lat' dir='ltr'><strong>inordinatum,</strong></span> <span class='ocrx_word' id='word_1_182' title='bbox 2947 1282 3004 1327; x_wconf 89' lang='lat' dir='ltr'><strong>et</strong></span> <span class='ocrx_word' id='word_1_183' title='bbox 3032 1270 3178 1341; x_wconf 83' lang='lat' dir='ltr'><strong>quod</strong></span> <span class='ocrx_word' id='word_1_184' title='bbox 3207 1272 3479 1339; x_wconf 86' lang='lat' dir='ltr'><strong>iniquum.</strong></span> <span class='ocrx_word' id='word_1_185' title='bbox 3508 1277 3564 1324; x_wconf 83' lang='lat' dir='ltr'><strong>et</strong></span> 
     </span>
    </p>
   </div>
   <div class='ocr_carea' id='block_1_28' title="bbox 1977 1354 3565 1427">
    <p class='ocr_par' dir='ltr' id='par_1_28' title="bbox 1977 1354 3565 1427">
     <span class='ocr_line' id='line_1_28' title="bbox 1977 1354 3565 1427; baseline -0.001 -20"><span class='ocrx_word' id='word_1_186' title='bbox 1977 1354 2125 1424; x_wconf 87' lang='lat' dir='ltr'><strong>quod</strong></span> <span class='ocrx_word' id='word_1_187' title='bbox 2162 1357 2508 1426; x_wconf 90' lang='lat' dir='ltr'><strong>ambiguum.</strong></span> <span class='ocrx_word' id='word_1_188' title='bbox 2549 1357 2673 1412; x_wconf 69' lang='lat' dir='ltr'><strong>Haec</strong></span> <span class='ocrx_word' id='word_1_189' title='bbox 2729 1359 2876 1413; x_wconf 92' lang='lat' dir='ltr'><strong>enim</strong></span> <span class='ocrx_word' id='word_1_190' title='bbox 2912 1358 3096 1412; x_wconf 85' lang='lat' dir='ltr'><strong>omnia</strong></span> <span class='ocrx_word' id='word_1_191' title='bbox 3139 1370 3236 1427; x_wconf 90' lang='lat' dir='ltr'><strong>per</strong></span> <span class='ocrx_word' id='word_1_192' title='bbox 3270 1357 3445 1422; x_wconf 82' lang='lat' dir='ltr'><strong>ipsum</strong></span> <span class='ocrx_word' id='word_1_193' title='bbox 3472 1355 3565 1409; x_wconf 81' lang='lat' dir='ltr'><strong>Al-</strong></span> 
     </span>
    </p>
   </div>
   <div class='ocr_carea' id='block_1_29' title="bbox 1979 1445 3565 1502">
    <p class='ocr_par' dir='ltr' id='par_1_29' title="bbox 1979 1445 3565 1502">
     <span class='ocr_line' id='line_1_29' title="bbox 1979 1445 3565 1502; baseline -0.001 -3"><span class='ocrx_word' id='word_1_194' title='bbox 1979 1459 2244 1500; x_wconf 87' lang='lat' dir='ltr'><strong>coranum</strong></span> <span class='ocrx_word' id='word_1_195' title='bbox 2291 1447 2533 1502; x_wconf 79' lang='lat' dir='ltr'><strong>breviter</strong></span> <span class='ocrx_word' id='word_1_196' title='bbox 2576 1457 2706 1502; x_wconf 88' lang='lat' dir='ltr'><strong>sunt</strong></span> <span class='ocrx_word' id='word_1_197' title='bbox 2746 1458 2874 1502; x_wconf 86' lang='lat' dir='ltr'><strong>ante</strong></span> <span class='ocrx_word' id='word_1_198' title='bbox 2926 1445 3565 1502; x_wconf 79' lang='lat' dir='ltr'><strong>demonstrata.Verun-—</strong></span> 
     </span>
    </p>
   </div>
   <div class='ocr_carea' id='block_1_30' title="bbox 1980 1535 3667 1609">
    <p class='ocr_par' dir='ltr' id='par_1_30' title="bbox 1980 1535 3667 1609">
     <span class='ocr_line' id='line_1_30' title="bbox 1980 1535 3667 1609; baseline 0.001 -20"><span class='ocrx_word' id='word_1_199' title='bbox 1980 1544 2162 1590; x_wconf 86' lang='lat' dir='ltr'><strong>tamen</strong></span> <span class='ocrx_word' id='word_1_200' title='bbox 2187 1537 2428 1607; x_wconf 87' lang='lat' dir='ltr'><strong>idipsum</strong></span> <span class='ocrx_word' id='word_1_201' title='bbox 2474 1538 2807 1593; x_wconf 80' lang='lat' dir='ltr'><strong>Alcoranum</strong></span> <span class='ocrx_word' id='word_1_202' title='bbox 2858 1539 3186 1609; x_wconf 85' lang='lat' dir='ltr'><strong>legentibus,</strong></span> <span class='ocrx_word' id='word_1_203' title='bbox 3220 1536 3420 1591; x_wconf 90' lang='lat' dir='ltr'><strong>melius</strong></span> <span class='ocrx_word' id='word_1_204' title='bbox 3450 1535 3567 1590; x_wconf 57' lang='lat' dir='ltr'><strong>ha’c</strong></span> <span class='ocrx_word' id='word_1_205' title='bbox 3664 1564 3667 1565; x_wconf 53' lang='grc' dir='ltr'><strong>ν</strong></span> 
     </span>
    </p>
   </div>
   <div class='ocr_carea' id='block_1_31' title="bbox 1982 1627 3569 1698">
    <p class='ocr_par' dir='ltr' id='par_1_31' title="bbox 1982 1627 3569 1698">
     <span class='ocr_line' id='line_1_31' title="bbox 1982 1627 3569 1698; baseline -0.002 -17"><span class='ocrx_word' id='word_1_206' title='bbox 1982 1627 2453 1686; x_wconf 79' lang='lat' dir='ltr'><strong>demonstrantur.</strong></span> <span class='ocrx_word' id='word_1_207' title='bbox 2484 1630 2680 1698; x_wconf 58' lang='lat' dir='ltr'><strong>,Quaie</strong></span> <span class='ocrx_word' id='word_1_208' title='bbox 2725 1646 2826 1685; x_wconf 90' lang='lat' dir='ltr'><strong>nos</strong></span> <span class='ocrx_word' id='word_1_209' title='bbox 2866 1630 3128 1684; x_wconf 81' lang='lat' dir='ltr'><strong>audacter</strong></span> <span class='ocrx_word' id='word_1_210' title='bbox 3161 1628 3346 1682; x_wconf 88' lang='lat' dir='ltr'><strong>dicere</strong></span> <span class='ocrx_word' id='word_1_211' title='bbox 3376 1640 3569 1696; x_wconf 86' lang='lat' dir='ltr'><strong>possu-</strong></span> 
     </span>
    </p>
   </div>
   <div class='ocr_carea' id='block_1_32' title="bbox 1984 1716 3565 1787">
    <p class='ocr_par' dir='ltr' id='par_1_32' title="bbox 1984 1716 3565 1787">
     <span class='ocr_line' id='line_1_32' title="bbox 1984 1716 3565 1787; baseline -0.001 -14"><span class='ocrx_word' id='word_1_212' title='bbox 1984 1735 2127 1787; x_wconf 86' lang='lat' dir='ltr'><strong>mus,</strong></span> <span class='ocrx_word' id='word_1_213' title='bbox 2168 1720 2227 1776; x_wconf 91' lang='lat' dir='ltr'><strong>Si</strong></span> <span class='ocrx_word' id='word_1_214' title='bbox 2268 1722 2427 1776; x_wconf 83' lang='lat' dir='ltr'><strong>nobis</strong></span> <span class='ocrx_word' id='word_1_215' title='bbox 2466 1723 2691 1776; x_wconf 88' lang='lat' dir='ltr'><strong>credere</strong></span> <span class='ocrx_word' id='word_1_216' title='bbox 2729 1737 2836 1775; x_wconf 94' lang='lat' dir='ltr'><strong>non</strong></span> <span class='ocrx_word' id='word_1_217' title='bbox 2884 1720 3070 1785; x_wconf 78' lang='lat' dir='ltr'><strong>vultis,</strong></span> <span class='ocrx_word' id='word_1_218' title='bbox 3114 1719 3450 1775; x_wconf 86' lang='lat' dir='ltr'><strong>Alcoranum</strong></span> <span class='ocrx_word' id='word_1_219' title='bbox 3487 1716 3565 1771; x_wconf 83' lang='lat' dir='ltr'><strong>le-</strong></span> 
     </span>
    </p>
   </div>
   <div class='ocr_carea' id='block_1_33' title="bbox 1985 1808 3565 1880">
    <p class='ocr_par' dir='ltr' id='par_1_33' title="bbox 1985 1808 3565 1880">
     <span class='ocr_line' id='line_1_33' title="bbox 1985 1808 3565 1880; baseline -0.003 -16"><span class='ocrx_word' id='word_1_220' title='bbox 1985 1811 2119 1880; x_wconf 79' lang='lat' dir='ltr'><strong>gite.</strong></span> <span class='ocrx_word' id='word_1_221' title='bbox 2146 1809 2352 1865; x_wconf 84' lang='lat' dir='ltr'><strong>Horum</strong></span> <span class='ocrx_word' id='word_1_222' title='bbox 2380 1821 2565 1866; x_wconf 88' lang='lat' dir='ltr'><strong>autem</strong></span> <span class='ocrx_word' id='word_1_223' title='bbox 2596 1811 2867 1866; x_wconf 90' lang='lat' dir='ltr'><strong>contraria</strong></span> <span class='ocrx_word' id='word_1_224' title='bbox 2896 1811 2950 1863; x_wconf 92' lang='lat' dir='ltr'><strong>in</strong></span> <span class='ocrx_word' id='word_1_225' title='bbox 2974 1809 3286 1879; x_wconf 88' lang='lat' dir='ltr'><strong>evangelica</strong></span> <span class='ocrx_word' id='word_1_226' title='bbox 3313 1808 3565 1862; x_wconf 83' lang='lat' dir='ltr'><strong>doctrina</strong></span> 
     </span>
    </p>
   </div>
   <div class='ocr_carea' id='block_1_34' title="bbox 290 1890 1888 1971">
    <p class='ocr_par' dir='ltr' id='par_1_34' title="bbox 290 1891 1882 1964">
     <span class='ocr_line' id='line_1_34' title="bbox 290 1891 1882 1964; baseline -0.001 -18"><span class='ocrx_word' id='word_1_227' title='bbox 290 1891 574 1959; x_wconf 77' lang='grc' dir='ltr'><strong>καθαρῶς.</strong></span> <span class='ocrx_word' id='word_1_228' title='bbox 608 1892 714 1945; x_wconf 74' lang='grc' dir='ltr'><strong>Καὶ</strong></span> <span class='ocrx_word' id='word_1_229' title='bbox 746 1893 854 1961; x_wconf 71' lang='grc' dir='ltr'><strong>γὰρ</strong></span> <span class='ocrx_word' id='word_1_230' title='bbox 882 1893 909 1945; x_wconf 73' lang='grc' dir='ltr'><strong>ό</strong></span> <span class='ocrx_word' id='word_1_231' title='bbox 944 1893 1267 1964; x_wconf 87' lang='grc' dir='ltr'>Μαχούμετ,</span> <span class='ocrx_word' id='word_1_232' title='bbox 1303 1893 1492 1961; x_wconf 81' lang='grc' dir='ltr'>ὥσπερ</span> <span class='ocrx_word' id='word_1_233' title='bbox 1521 1892 1882 1964; x_wconf 79' lang='grc' dir='ltr'>ὲξῃρημένως</span> 
     </span>
    </p>
   </div>
   <div class='ocr_carea' id='block_1_35' title="bbox 1994 1890 3565 1971">
    <p class='ocr_par' dir='ltr' id='par_1_35' title="bbox 1994 1899 3565 1971">
     <span class='ocr_line' id='line_1_35' title="bbox 1994 1899 3565 1971; baseline -0.002 -15"><span class='ocrx_word' id='word_1_234' title='bbox 1994 1901 2282 1957; x_wconf 83' lang='lat' dir='ltr'><strong>manifesto</strong></span> <span class='ocrx_word' id='word_1_235' title='bbox 2326 1911 2615 1971; x_wconf 85' lang='lat' dir='ltr'><strong>apparent.</strong></span> <span class='ocrx_word' id='word_1_236' title='bbox 2646 1902 2865 1957; x_wconf 88' lang='lat' dir='ltr'><strong>Etenim</strong></span> <span class='ocrx_word' id='word_1_237' title='bbox 2896 1901 3238 1956; x_wconf 80' lang='lat' dir='ltr'><strong>Mahometus</strong></span> <span class='ocrx_word' id='word_1_238' title='bbox 3267 1899 3565 1969; x_wconf 68' lang='lat' dir='ltr'><strong>prmeipue,</strong></span> 
     </span>
    </p>
   </div>
   <div class='ocr_carea' id='block_1_36' title="bbox 291 1984 1879 2059">
    <p class='ocr_par' dir='ltr' id='par_1_36' title="bbox 291 1984 1879 2059">
     <span class='ocr_line' id='line_1_36' title="bbox 291 1984 1879 2059; baseline 0.001 -23"><span class='ocrx_word' id='word_1_239' title='bbox 291 1984 439 2054; x_wconf 80' lang='grc' dir='ltr'>ὑπὲρ</span> <span class='ocrx_word' id='word_1_240' title='bbox 501 1985 710 2047; x_wconf 73' lang='grc' dir='ltr'>πάντας</span> <span class='ocrx_word' id='word_1_241' title='bbox 762 1986 890 2048; x_wconf 81' lang='grc' dir='ltr'>τοὺς</span> <span class='ocrx_word' id='word_1_242' title='bbox 939 1985 1097 2049; x_wconf 68' lang='grc' dir='ltr'>ὃντας</span> <span class='ocrx_word' id='word_1_243' title='bbox 1163 1986 1452 2057; x_wconf 79' lang='grc' dir='ltr'>προφήτας</span> <span class='ocrx_word' id='word_1_244' title='bbox 1500 1986 1532 2059; x_wconf 81' lang='grc' dir='ltr'>ἦ</span> <span class='ocrx_word' id='word_1_245' title='bbox 1586 1986 1879 2055; x_wconf 72' lang='grc' dir='ltr'>ἐσομένους</span> 
     </span>
    </p>
   </div>
   <div class='ocr_carea' id='block_1_37' title="bbox 293 2075 1877 2150">
    <p class='ocr_par' dir='ltr' id='par_1_37' title="bbox 293 2075 1877 2150">
     <span class='ocr_line' id='line_1_37' title="bbox 293 2075 1877 2150; baseline 0.001 -21"><span class='ocrx_word' id='word_1_246' title='bbox 293 2075 530 2145; x_wconf 71' lang='grc' dir='ltr'>ἐπῄνεσε</span> <span class='ocrx_word' id='word_1_247' title='bbox 563 2076 655 2130; x_wconf 81' lang='grc' dir='ltr'><strong>τὸν</strong></span> <span class='ocrx_word' id='word_1_248' title='bbox 698 2076 955 2146; x_wconf 76' lang='grc' dir='ltr'>Χριστὸν,</span> <span class='ocrx_word' id='word_1_249' title='bbox 977 2077 1123 2131; x_wconf 75' lang='grc' dir='ltr'>οὕτω</span> <span class='ocrx_word' id='word_1_250' title='bbox 1159 2079 1254 2132; x_wconf 76' lang='grc' dir='ltr'><strong>καὶ</strong></span> <span class='ocrx_word' id='word_1_251' title='bbox 1284 2080 1386 2150; x_wconf 86' lang='grc' dir='ltr'>τὴν</span> <span class='ocrx_word' id='word_1_252' title='bbox 1420 2078 1513 2132; x_wconf 78' lang='grc' dir='ltr'>τοῦ</span> <span class='ocrx_word' id='word_1_253' title='bbox 1542 2078 1877 2146; x_wconf 83' lang='grc' dir='ltr'>Εὑαγγελίου</span> 
     </span>
    </p>
   </div>
   <div class='ocr_carea' id='block_1_38' title="bbox 291 2167 1881 2239">
    <p class='ocr_par' dir='ltr' id='par_1_38' title="bbox 291 2167 1881 2239">
     <span class='ocr_line' id='line_1_38' title="bbox 291 2167 1881 2239; baseline 0.002 -21"><span class='ocrx_word' id='word_1_254' title='bbox 291 2167 650 2221; x_wconf 81' lang='grc' dir='ltr'>διδασκαλίαν</span> <span class='ocrx_word' id='word_1_255' title='bbox 672 2167 1010 2236; x_wconf 69' lang='grc' dir='ltr'><strong>ἐμεγάλυνεν</strong></span> <span class='ocrx_word' id='word_1_256' title='bbox 1043 2169 1183 2239; x_wconf 81' lang='grc' dir='ltr'>ὑπὲρ</span> <span class='ocrx_word' id='word_1_257' title='bbox 1217 2169 1399 2231; x_wconf 77' lang='grc' dir='ltr'>πάσας</span> <span class='ocrx_word' id='word_1_258' title='bbox 1422 2168 1524 2232; x_wconf 73' lang='grc' dir='ltr'>τὰς</span> <span class='ocrx_word' id='word_1_259' title='bbox 1558 2168 1707 2232; x_wconf 83' lang='grc' dir='ltr'>Θείας</span> <span class='ocrx_word' id='word_1_260' title='bbox 1741 2168 1778 2219; x_wconf 87' lang='grc' dir='ltr'><strong><em>Γ</em></strong></span> <span class='ocrx_word' id='word_1_261' title='bbox 1783 2185 1881 2239; x_wconf 84' lang='grc' dir='ltr'>ρα-</span> 
     </span>
    </p>
   </div>
   <div class='ocr_carea' id='block_1_39' title="bbox 297 2256 1882 2327">
    <p class='ocr_par' dir='ltr' id='par_1_39' title="bbox 297 2256 1882 2327">
     <span class='ocr_line' id='line_1_39' title="bbox 297 2256 1882 2327; baseline -0.001 -17"><span class='ocrx_word' id='word_1_262' title='bbox 297 2257 429 2325; x_wconf 77' lang='grc' dir='ltr'><strong>φάς.</strong></span> <span class='ocrx_word' id='word_1_263' title='bbox 460 2257 649 2326; x_wconf 84' lang='grc' dir='ltr'>Ἰσμεν</span> <span class='ocrx_word' id='word_1_264' title='bbox 682 2257 739 2311; x_wconf 79' lang='grc' dir='ltr'>δὲ</span> <span class='ocrx_word' id='word_1_265' title='bbox 800 2257 875 2319; x_wconf 89' lang='grc' dir='ltr'><strong>ώς</strong></span> <span class='ocrx_word' id='word_1_266' title='bbox 906 2257 1063 2310; x_wconf 78' lang='grc' dir='ltr'>οὐδέν</span> <span class='ocrx_word' id='word_1_267' title='bbox 1124 2259 1273 2311; x_wconf 76' lang='grc' dir='ltr'>ἐστιν</span> <span class='ocrx_word' id='word_1_268' title='bbox 1324 2257 1497 2321; x_wconf 78' lang='grc' dir='ltr'>οὕτως</span> <span class='ocrx_word' id='word_1_269' title='bbox 1540 2258 1737 2327; x_wconf 70' lang='grc' dir='ltr'>ἰσχυρὰ</span> <span class='ocrx_word' id='word_1_270' title='bbox 1788 2256 1882 2309; x_wconf 75' lang='grc' dir='ltr'><strong>καὶ</strong></span> 
     </span>
    </p>
   </div>
   <div class='ocr_carea' id='block_1_40' title="bbox 295 2349 1881 2421">
    <p class='ocr_par' dir='ltr' id='par_1_40' title="bbox 295 2349 1881 2421">
     <span class='ocr_line' id='line_1_40' title="bbox 295 2349 1881 2421; baseline 0.001 -20"><span class='ocrx_word' id='word_1_271' title='bbox 295 2350 502 2419; x_wconf 80' lang='grc' dir='ltr'>δυνατὴ</span> <span class='ocrx_word' id='word_1_272' title='bbox 541 2350 821 2420; x_wconf 86' lang='grc' dir='ltr'>μαρτυρία</span> <span class='ocrx_word' id='word_1_273' title='bbox 855 2349 1201 2413; x_wconf 80' lang='grc' dir='ltr'>διδασκαλίας</span> <span class='ocrx_word' id='word_1_274' title='bbox 1236 2351 1270 2420; x_wconf 80' lang='grc' dir='ltr'><strong>ἢ</strong></span> <span class='ocrx_word' id='word_1_275' title='bbox 1306 2350 1422 2421; x_wconf 89' lang='grc' dir='ltr'>βίου</span> <span class='ocrx_word' id='word_1_276' title='bbox 1452 2349 1484 2421; x_wconf 83' lang='grc' dir='ltr'>ἦ</span> <span class='ocrx_word' id='word_1_277' title='bbox 1526 2352 1552 2404; x_wconf 78' lang='grc' dir='ltr'><strong>ό</strong></span> <span class='ocrx_word' id='word_1_278' title='bbox 1580 2349 1730 2420; x_wconf 73' lang='grc' dir='ltr'>παρα</span> <span class='ocrx_word' id='word_1_279' title='bbox 1772 2350 1881 2402; x_wconf 86' lang='grc' dir='ltr'><strong>τῶν</strong></span> 
     </span>
    </p>
   </div>
   <div class='ocr_carea' id='block_1_41' title="bbox 296 2441 1883 2513">
    <p class='ocr_par' dir='ltr' id='par_1_41' title="bbox 296 2441 1883 2513">
     <span class='ocr_line' id='line_1_41' title="bbox 296 2441 1883 2513; baseline 0.001 -18"><span class='ocrx_word' id='word_1_280' title='bbox 296 2442 532 2508; x_wconf 63' lang='grc' dir='ltr'>ἐπάγειν</span> <span class='ocrx_word' id='word_1_281' title='bbox 557 2442 742 2504; x_wconf 84' lang='grc' dir='ltr'>αὐτοῖς</span> <span class='ocrx_word' id='word_1_282' title='bbox 774 2442 984 2512; x_wconf 81' lang='grc' dir='ltr'>μέμψιν</span> <span class='ocrx_word' id='word_1_283' title='bbox 1016 2441 1443 2513; x_wconf 72' lang='grc' dir='ltr'>ἐπιχειρούντων</span> <span class='ocrx_word' id='word_1_284' title='bbox 1471 2442 1714 2505; x_wconf 78' lang='grc' dir='ltr'>ἔπαινος.</span> <span class='ocrx_word' id='word_1_285' title='bbox 1743 2443 1883 2511; x_wconf 72' lang='grc' dir='ltr'>Φησὶ</span> 
     </span>
    </p>
   </div>
   <div class='ocr_carea' id='block_1_42' title="bbox 298 2536 1883 2608">
    <p class='ocr_par' dir='ltr' id='par_1_42' title="bbox 298 2536 1883 2608">
     <span class='ocr_line' id='line_1_42' title="bbox 298 2536 1883 2608; baseline 0.001 -19"><span class='ocrx_word' id='word_1_286' title='bbox 298 2536 363 2590; x_wconf 78' lang='grc' dir='ltr'><strong>δὲ</strong></span> <span class='ocrx_word' id='word_1_287' title='bbox 410 2538 570 2599; x_wconf 78' lang='grc' dir='ltr'>αὐτὸς</span> <span class='ocrx_word' id='word_1_288' title='bbox 612 2537 640 2589; x_wconf 86' lang='grc' dir='ltr'><strong>ό</strong></span> <span class='ocrx_word' id='word_1_289' title='bbox 696 2537 998 2607; x_wconf 82' lang='grc' dir='ltr'>Μαχούμετ</span> <span class='ocrx_word' id='word_1_290' title='bbox 1043 2538 1100 2589; x_wconf 81' lang='grc' dir='ltr'><strong>ὲν</strong></span> <span class='ocrx_word' id='word_1_291' title='bbox 1152 2537 1231 2606; x_wconf 84' lang='grc' dir='ltr'>τῷ</span> <span class='ocrx_word' id='word_1_292' title='bbox 1293 2536 1630 2607; x_wconf 71' lang='grc' dir='ltr'>Ἀλκορὰνῳ,</span> <span class='ocrx_word' id='word_1_293' title='bbox 1690 2538 1747 2590; x_wconf 85' lang='grc' dir='ltr'><strong>ὲν</strong></span> <span class='ocrx_word' id='word_1_294' title='bbox 1805 2536 1883 2608; x_wconf 84' lang='grc' dir='ltr'><strong>τῷ</strong></span> 
     </span>
    </p>
   </div>
   <div class='ocr_carea' id='block_1_43' title="bbox 300 2630 1883 2701">
    <p class='ocr_par' dir='ltr' id='par_1_43' title="bbox 300 2630 1883 2701">
     <span class='ocr_line' id='line_1_43' title="bbox 300 2630 1883 2701; baseline 0.001 -19"><span class='ocrx_word' id='word_1_295' title='bbox 300 2630 587 2701; x_wconf 78' lang='grc' dir='ltr'>κεφαλαίῳ</span> <span class='ocrx_word' id='word_1_296' title='bbox 629 2630 707 2700; x_wconf 84' lang='grc' dir='ltr'>τῷ</span> <span class='ocrx_word' id='word_1_297' title='bbox 758 2630 1029 2699; x_wconf 83' lang='grc' dir='ltr'>Ἐλμεῖδὲ,</span> <span class='ocrx_word' id='word_1_298' title='bbox 1094 2630 1393 2701; x_wconf 83' lang='grc' dir='ltr'>Ὦρίσαμεν</span> <span class='ocrx_word' id='word_1_299' title='bbox 1450 2630 1550 2700; x_wconf 82' lang='grc' dir='ltr'><strong>τὴν</strong></span> <span class='ocrx_word' id='word_1_300' title='bbox 1609 2630 1727 2683; x_wconf 74' lang='grc' dir='ltr'>όδ³ιν</span> <span class='ocrx_word' id='word_1_301' title='bbox 1776 2631 1883 2684; x_wconf 88' lang='grc' dir='ltr'><strong>τῶν</strong></span> 
     </span>
    </p>
   </div>
   <div class='ocr_carea' id='block_1_44' title="bbox 295 2719 1883 2793">
    <p class='ocr_par' dir='ltr' id='par_1_44' title="bbox 295 2719 1883 2793">
     <span class='ocr_line' id='line_1_44' title="bbox 295 2719 1883 2793; baseline 0.001 -19"><span class='ocrx_word' id='word_1_302' title='bbox 295 2720 611 2793; x_wconf 82' lang='grc' dir='ltr'>ἀνθρώπων</span> <span class='ocrx_word' id='word_1_303' title='bbox 660 2720 751 2775; x_wconf 71' lang='grc' dir='ltr'><strong>διὰ</strong></span> <span class='ocrx_word' id='word_1_304' title='bbox 802 2722 896 2775; x_wconf 83' lang='grc' dir='ltr'>τοῦ</span> <span class='ocrx_word' id='word_1_305' title='bbox 958 2722 1135 2792; x_wconf 84' lang='grc' dir='ltr'><strong>Ἰησοῦ</strong></span> <span class='ocrx_word' id='word_1_306' title='bbox 1178 2719 1416 2792; x_wconf 73' lang='grc' dir='ltr'>Χριστοῦ</span> <span class='ocrx_word' id='word_1_307' title='bbox 1462 2722 1559 2774; x_wconf 84' lang='grc' dir='ltr'>τοῦ</span> <span class='ocrx_word' id='word_1_308' title='bbox 1612 2721 1728 2774; x_wconf 76' lang='grc' dir='ltr'>υἱοῦ</span> <span class='ocrx_word' id='word_1_309' title='bbox 1783 2721 1883 2790; x_wconf 80' lang='grc' dir='ltr'><strong>τῆς</strong></span> 
     </span>
    </p>
   </div>
   <div class='ocr_carea' id='block_1_45' title="bbox 296 2812 1884 2884">
    <p class='ocr_par' dir='ltr' id='par_1_45' title="bbox 296 2812 1884 2884">
     <span class='ocr_line' id='line_1_45' title="bbox 296 2812 1884 2884; baseline -0.002 -15"><span class='ocrx_word' id='word_1_310' title='bbox 296 2814 545 2883; x_wconf 81' lang='grc' dir='ltr'>Μαρίας,</span> <span class='ocrx_word' id='word_1_311' title='bbox 578 2814 673 2867; x_wconf 81' lang='grc' dir='ltr'>τοῦ</span> <span class='ocrx_word' id='word_1_312' title='bbox 702 2814 1069 2882; x_wconf 83' lang='grc' dir='ltr'>ἀληθεστάτου</span> <span class='ocrx_word' id='word_1_313' title='bbox 1099 2817 1380 2884; x_wconf 61' lang='grc' dir='ltr'>προφήτου</span> <span class='ocrx_word' id='word_1_314' title='bbox 1402 2830 1417 2848; x_wconf 79' lang='grc' dir='ltr'><strong>ο</strong></span> <span class='ocrx_word' id='word_1_315' title='bbox 1444 2816 1540 2867; x_wconf 80' lang='grc' dir='ltr'><strong>καὶ</strong></span> <span class='ocrx_word' id='word_1_316' title='bbox 1571 2812 1884 2884; x_wconf 84' lang='grc' dir='ltr'>δεδώκαμεν</span> 
     </span>
    </p>
   </div>
   <div class='ocr_carea' id='block_1_46' title="bbox 298 2899 1883 2978">
    <p class='ocr_par' dir='ltr' id='par_1_46' title="bbox 298 2899 1883 2978">
     <span class='ocr_line' id='line_1_46' title="bbox 298 2899 1883 2978; baseline 0 -20"><span class='ocrx_word' id='word_1_317' title='bbox 298 2904 459 2974; x_wconf 82' lang='grc' dir='ltr'>αύτῴ</span> <span class='ocrx_word' id='word_1_318' title='bbox 491 2906 551 2959; x_wconf 76' lang='grc' dir='ltr'>τὸ</span> <span class='ocrx_word' id='word_1_319' title='bbox 585 2906 941 2975; x_wconf 72' lang='grc' dir='ltr'>Εὐαγγέλιον,</span> <span class='ocrx_word' id='word_1_320' title='bbox 974 2907 1032 2958; x_wconf 77' lang='grc' dir='ltr'>ὲν</span> <span class='ocrx_word' id='word_1_321' title='bbox 1079 2899 1124 2975; x_wconf 82' lang='grc' dir='ltr'>ᾧ</span> <span class='ocrx_word' id='word_1_322' title='bbox 1173 2906 1323 2959; x_wconf 78' lang='grc' dir='ltr'>ἐστιν</span> <span class='ocrx_word' id='word_1_323' title='bbox 1364 2906 1578 2978; x_wconf 86' lang='grc' dir='ltr'>όδηγία,</span> <span class='ocrx_word' id='word_1_324' title='bbox 1616 2908 1710 2959; x_wconf 76' lang='grc' dir='ltr'>καὶ</span> <span class='ocrx_word' id='word_1_325' title='bbox 1747 2906 1883 2975; x_wconf 74' lang='grc' dir='ltr'>φῶς,</span> 
     </span>
    </p>
   </div>
   <div class='ocr_carea' id='block_1_47' title="bbox 304 2999 1885 3069">
    <p class='ocr_par' dir='ltr' id='par_1_47' title="bbox 304 2999 1885 3069">
     <span class='ocr_line' id='line_1_47' title="bbox 304 2999 1885 3069; baseline -0.001 -16"><span class='ocrx_word' id='word_1_326' title='bbox 304 3001 405 3053; x_wconf 69' lang='grc' dir='ltr'><strong>καὶ</strong></span> <span class='ocrx_word' id='word_1_327' title='bbox 442 3000 671 3067; x_wconf 82' lang='grc' dir='ltr'>ἀλήθεια</span> <span class='ocrx_word' id='word_1_328' title='bbox 721 3001 953 3069; x_wconf 73' lang='grc' dir='ltr'>φανερά.</span> <span class='ocrx_word' id='word_1_329' title='bbox 1000 2999 1161 3053; x_wconf 81' lang='grc' dir='ltr'><strong>’Δλλὰ</strong></span> <span class='ocrx_word' id='word_1_330' title='bbox 1196 3002 1288 3055; x_wconf 80' lang='grc' dir='ltr'>καὶ</span> <span class='ocrx_word' id='word_1_331' title='bbox 1338 3001 1397 3053; x_wconf 78' lang='grc' dir='ltr'>ἐν</span> <span class='ocrx_word' id='word_1_332' title='bbox 1446 3001 1664 3063; x_wconf 79' lang='grc' dir='ltr'>πολλοῖς</span> <span class='ocrx_word' id='word_1_333' title='bbox 1698 3000 1885 3064; x_wconf 84' lang='grc' dir='ltr'>τόποις</span> 
     </span>
    </p>
   </div>
   <div class='ocr_carea' id='block_1_48' title="bbox 298 3089 1885 3163">
    <p class='ocr_par' dir='ltr' id='par_1_48' title="bbox 298 3089 1885 3163">
     <span class='ocr_line' id='line_1_48' title="bbox 298 3089 1885 3163; baseline 0 -20"><span class='ocrx_word' id='word_1_334' title='bbox 298 3089 404 3143; x_wconf 72' lang='grc' dir='ltr'><strong>’τὸῦ</strong></span> <span class='ocrx_word' id='word_1_335' title='bbox 442 3090 772 3161; x_wconf 74' lang='grc' dir='ltr'>’Δλκοράνου</span> <span class='ocrx_word' id='word_1_336' title='bbox 804 3090 1161 3163; x_wconf 70' lang='grc' dir='ltr'>ὲξῃρημένως</span> <span class='ocrx_word' id='word_1_337' title='bbox 1188 3092 1527 3162; x_wconf 73' lang='grc' dir='ltr'>ἐγκωμιάζει</span> <span class='ocrx_word' id='word_1_338' title='bbox 1555 3092 1613 3145; x_wconf 74' lang='grc' dir='ltr'><strong>τδ</strong></span> <span class='ocrx_word' id='word_1_339' title='bbox 1637 3091 1885 3159; x_wconf 83' lang='grc' dir='ltr'>Εὐαγγέ-</span> 
     </span>
    </p>
   </div>
   <div class='ocr_carea' id='block_1_49' title="bbox 298 3180 1886 3252">
    <p class='ocr_par' dir='ltr' id='par_1_49' title="bbox 298 3180 1886 3252">
     <span class='ocr_line' id='line_1_49' title="bbox 298 3180 1886 3252; baseline -0.001 -17"><span class='ocrx_word' id='word_1_340' title='bbox 298 3183 443 3236; x_wconf 88' lang='grc' dir='ltr'>λιον.</span> <span class='ocrx_word' id='word_1_341' title='bbox 488 3181 652 3234; x_wconf 78' lang='grc' dir='ltr'>Ἀλλὰ</span> <span class='ocrx_word' id='word_1_342' title='bbox 697 3181 789 3234; x_wconf 78' lang='grc' dir='ltr'><strong>καὶ</strong></span> <span class='ocrx_word' id='word_1_343' title='bbox 836 3182 969 3234; x_wconf 78' lang='grc' dir='ltr'>αὐτὸ</span> <span class='ocrx_word' id='word_1_344' title='bbox 999 3181 1061 3235; x_wconf 82' lang='grc' dir='ltr'><strong>τὸ</strong></span> <span class='ocrx_word' id='word_1_345' title='bbox 1094 3182 1430 3249; x_wconf 79' lang='grc' dir='ltr'>Εὐαγγέλιον</span> <span class='ocrx_word' id='word_1_346' title='bbox 1464 3185 1520 3234; x_wconf 81' lang='grc' dir='ltr'>ὲν</span> <span class='ocrx_word' id='word_1_347' title='bbox 1551 3182 1705 3252; x_wconf 78' lang='grc' dir='ltr'>πασῃ</span> <span class='ocrx_word' id='word_1_348' title='bbox 1732 3180 1886 3251; x_wconf 71' lang='grc' dir='ltr'>χώρα</span> 
     </span>
    </p>
   </div>
   <div class='ocr_carea' id='block_1_50' title="bbox 1980 1992 3563 2064">
    <p class='ocr_par' dir='ltr' id='par_1_50' title="bbox 1980 1992 3563 2064">
     <span class='ocr_line' id='line_1_50' title="bbox 1980 1992 3563 2064; baseline -0.003 -16"><span class='ocrx_word' id='word_1_349' title='bbox 1980 1993 2139 2064; x_wconf 86' lang='lat' dir='ltr'><strong>quasi</strong></span> <span class='ocrx_word' id='word_1_350' title='bbox 2185 2009 2351 2063; x_wconf 85' lang='lat' dir='ltr'><strong>supra</strong></span> <span class='ocrx_word' id='word_1_351' title='bbox 2393 2008 2585 2049; x_wconf 86' lang='lat' dir='ltr'><strong>omnes</strong></span> <span class='ocrx_word' id='word_1_352' title='bbox 2633 1998 2930 2063; x_wconf 85' lang='lat' dir='ltr'><strong>prophetas</strong></span> <span class='ocrx_word' id='word_1_353' title='bbox 2990 1994 3084 2063; x_wconf 91' lang='lat' dir='ltr'><strong>qui</strong></span> <span class='ocrx_word' id='word_1_354' title='bbox 3141 2002 3276 2048; x_wconf 88' lang='lat' dir='ltr'><strong>sunt</strong></span> <span class='ocrx_word' id='word_1_355' title='bbox 3327 1993 3413 2047; x_wconf 91' lang='lat' dir='ltr'><strong>vel</strong></span> <span class='ocrx_word' id='word_1_356' title='bbox 3468 1992 3563 2061; x_wconf 90' lang='lat' dir='ltr'><strong>qui</strong></span> 
     </span>
    </p>
   </div>
   <div class='ocr_carea' id='block_1_51' title="bbox 1982 2082 3567 2154">
    <p class='ocr_par' dir='ltr' id='par_1_51' title="bbox 1982 2082 3567 2154">
     <span class='ocr_line' id='line_1_51' title="bbox 1982 2082 3567 2154; baseline -0.004 -13"><span class='ocrx_word' id='word_1_357' title='bbox 1982 2086 2152 2141; x_wconf 83' lang='lat' dir='ltr'><strong>futuri</strong></span> <span class='ocrx_word' id='word_1_358' title='bbox 2196 2095 2345 2150; x_wconf 89' lang='lat' dir='ltr'><strong>sunt,</strong></span> <span class='ocrx_word' id='word_1_359' title='bbox 2398 2086 2682 2141; x_wconf 77' lang='lat' dir='ltr'><strong>Christum</strong></span> <span class='ocrx_word' id='word_1_360' title='bbox 2720 2084 3153 2154; x_wconf 82' lang='lat' dir='ltr'><strong>commendavit,</strong></span> <span class='ocrx_word' id='word_1_361' title='bbox 3177 2094 3235 2140; x_wconf 88' lang='lat' dir='ltr'><strong>et</strong></span> <span class='ocrx_word' id='word_1_362' title='bbox 3277 2082 3567 2154; x_wconf 82' lang='lat' dir='ltr'><strong>Evangelii</strong></span> 
     </span>
    </p>
   </div>
   <div class='ocr_carea' id='block_1_52' title="bbox 1983 2176 3572 2246">
    <p class='ocr_par' dir='ltr' id='par_1_52' title="bbox 1983 2176 3572 2246">
     <span class='ocr_line' id='line_1_52' title="bbox 1983 2176 3572 2246; baseline -0.001 -15"><span class='ocrx_word' id='word_1_363' title='bbox 1983 2176 2296 2232; x_wconf 90' lang='lat' dir='ltr'><strong>doctrinam</strong></span> <span class='ocrx_word' id='word_1_364' title='bbox 2344 2192 2511 2246; x_wconf 82' lang='lat' dir='ltr'><strong>supra</strong></span> <span class='ocrx_word' id='word_1_365' title='bbox 2536 2192 2727 2233; x_wconf 84' lang='lat' dir='ltr'><strong>omnes</strong></span> <span class='ocrx_word' id='word_1_366' title='bbox 2765 2178 2980 2234; x_wconf 86' lang='lat' dir='ltr'><strong>divinas</strong></span> <span class='ocrx_word' id='word_1_367' title='bbox 3013 2176 3331 2246; x_wconf 89' lang='lat' dir='ltr'><strong>Scripturas</strong></span> <span class='ocrx_word' id='word_1_368' title='bbox 3361 2177 3572 2245; x_wconf 79' lang='lat' dir='ltr'><strong>magni-</strong></span> 
     </span>
    </p>
   </div>
   <div class='ocr_carea' id='block_1_53' title="bbox 1984 2265 3566 2336">
    <p class='ocr_par' dir='ltr' id='par_1_53' title="bbox 1984 2265 3566 2336">
     <span class='ocr_line' id='line_1_53' title="bbox 1984 2265 3566 2336; baseline -0.003 -16"><span class='ocrx_word' id='word_1_369' title='bbox 1984 2265 2187 2322; x_wconf 80' lang='lat' dir='ltr'><strong>ﬁcavit.</strong></span> <span class='ocrx_word' id='word_1_370' title='bbox 2231 2267 2449 2323; x_wconf 89' lang='lat' dir='ltr'><strong>Scimus</strong></span> <span class='ocrx_word' id='word_1_371' title='bbox 2500 2276 2719 2332; x_wconf 87' lang='lat' dir='ltr'><strong>autem,</strong></span> <span class='ocrx_word' id='word_1_372' title='bbox 2750 2266 2897 2336; x_wconf 90' lang='lat' dir='ltr'><strong>quod</strong></span> <span class='ocrx_word' id='word_1_373' title='bbox 2951 2265 3164 2320; x_wconf 90' lang='lat' dir='ltr'><strong>nullum</strong></span> <span class='ocrx_word' id='word_1_374' title='bbox 3218 2266 3298 2321; x_wconf 92' lang='lat' dir='ltr'><strong>sic</strong></span> <span class='ocrx_word' id='word_1_375' title='bbox 3342 2273 3566 2320; x_wconf 88' lang='lat' dir='ltr'><strong>esttam</strong></span> 
     </span>
    </p>
   </div>
   <div class='ocr_carea' id='block_1_54' title="bbox 1986 2348 3568 2429">
    <p class='ocr_par' dir='ltr' id='par_1_54' title="bbox 1986 2348 3568 2429">
     <span class='ocr_line' id='line_1_54' title="bbox 1986 2348 3568 2429; baseline 0.001 -16"><span class='ocrx_word' id='word_1_376' title='bbox 1986 2348 2256 2422; x_wconf 75' lang='lat' dir='ltr'><strong>validum,</strong></span> <span class='ocrx_word' id='word_1_377' title='bbox 2287 2367 2509 2429; x_wconf 81' lang='lat' dir='ltr'><strong>tamque</strong></span> <span class='ocrx_word' id='word_1_378' title='bbox 2556 2366 2750 2427; x_wconf 73' lang='lat' dir='ltr'><strong>petens</strong></span> <span class='ocrx_word' id='word_1_379' title='bbox 2780 2359 3155 2413; x_wconf 88' lang='lat' dir='ltr'><strong>testimonium</strong></span> <span class='ocrx_word' id='word_1_380' title='bbox 3186 2358 3455 2414; x_wconf 76' lang='lat' dir='ltr'><strong>doctrina:</strong></span> <span class='ocrx_word' id='word_1_381' title='bbox 3486 2359 3568 2414; x_wconf 78' lang='lat' dir='ltr'><strong>vel</strong></span> 
     </span>
    </p>
   </div>
   <div class='ocr_carea' id='block_1_55' title="bbox 1984 2450 3573 2521">
    <p class='ocr_par' dir='ltr' id='par_1_55' title="bbox 1984 2450 3573 2521">
     <span class='ocr_line' id='line_1_55' title="bbox 1984 2450 3573 2521; baseline -0.002 -14"><span class='ocrx_word' id='word_1_382' title='bbox 1984 2452 2134 2518; x_wconf 63' lang='lat' dir='ltr'><strong>vitae,</strong></span> <span class='ocrx_word' id='word_1_383' title='bbox 2157 2466 2321 2521; x_wconf 90' lang='lat' dir='ltr'><strong>quam</strong></span> <span class='ocrx_word' id='word_1_384' title='bbox 2352 2450 2473 2506; x_wconf 91' lang='lat' dir='ltr'><strong>laus</strong></span> <span class='ocrx_word' id='word_1_385' title='bbox 2499 2450 2570 2506; x_wconf 90' lang='lat' dir='ltr'><strong>ab</strong></span> <span class='ocrx_word' id='word_1_386' title='bbox 2611 2450 2700 2506; x_wconf 89' lang='lat' dir='ltr'><strong>his</strong></span> <span class='ocrx_word' id='word_1_387' title='bbox 2741 2451 2835 2521; x_wconf 90' lang='lat' dir='ltr'><strong>qui</strong></span> <span class='ocrx_word' id='word_1_388' title='bbox 2867 2460 3141 2506; x_wconf 88' lang='lat' dir='ltr'><strong>conantur</strong></span> <span class='ocrx_word' id='word_1_389' title='bbox 3183 2450 3573 2519; x_wconf 70' lang='lat' dir='ltr'><strong>reprehensio.</strong></span> 
     </span>
    </p>
   </div>
   <div class='ocr_carea' id='block_1_56' title="bbox 1990 2541 3574 2612">
    <p class='ocr_par' dir='ltr' id='par_1_56' title="bbox 1990 2541 3574 2612">
     <span class='ocr_line' id='line_1_56' title="bbox 1990 2541 3574 2612; baseline -0.001 -13"><span class='ocrx_word' id='word_1_390' title='bbox 1990 2558 2117 2599; x_wconf 90' lang='lat' dir='ltr'><strong>nem</strong></span> <span class='ocrx_word' id='word_1_391' title='bbox 2152 2544 2442 2599; x_wconf 89' lang='lat' dir='ltr'><strong>inducere.</strong></span> <span class='ocrx_word' id='word_1_392' title='bbox 2479 2542 2622 2598; x_wconf 90' lang='lat' dir='ltr'><strong>Dicit</strong></span> <span class='ocrx_word' id='word_1_393' title='bbox 2652 2550 2837 2597; x_wconf 90' lang='lat' dir='ltr'><strong>autem</strong></span> <span class='ocrx_word' id='word_1_394' title='bbox 2864 2543 2979 2612; x_wconf 91' lang='lat' dir='ltr'><strong>ipse</strong></span> <span class='ocrx_word' id='word_1_395' title='bbox 3015 2541 3360 2597; x_wconf 81' lang='lat' dir='ltr'><strong>Mahomeins</strong></span> <span class='ocrx_word' id='word_1_396' title='bbox 3384 2542 3436 2595; x_wconf 94' lang='lat' dir='ltr'><strong>in</strong></span> <span class='ocrx_word' id='word_1_397' title='bbox 3478 2541 3574 2597; x_wconf 83' lang='lat' dir='ltr'><strong>Al-</strong></span> 
     </span>
    </p>
   </div>
   <div class='ocr_carea' id='block_1_57' title="bbox 1985 2633 3570 2706">
    <p class='ocr_par' dir='ltr' id='par_1_57' title="bbox 1985 2633 3570 2706">
     <span class='ocr_line' id='line_1_57' title="bbox 1985 2633 3570 2706; baseline -0.003 -15"><span class='ocrx_word' id='word_1_398' title='bbox 1985 2650 2213 2700; x_wconf 89' lang='lat' dir='ltr'><strong>corano,</strong></span> <span class='ocrx_word' id='word_1_399' title='bbox 2248 2637 2301 2690; x_wconf 92' lang='lat' dir='ltr'><strong>in</strong></span> <span class='ocrx_word' id='word_1_400' title='bbox 2332 2634 2575 2706; x_wconf 89' lang='lat' dir='ltr'><strong>capitulo</strong></span> <span class='ocrx_word' id='word_1_401' title='bbox 2605 2634 2853 2690; x_wconf 84' lang='lat' dir='ltr'><strong>Elmeide</strong></span> <span class='ocrx_word' id='word_1_402' title='bbox 2892 2652 2907 2691; x_wconf 87' lang='lat'><strong>:</strong></span> <span class='ocrx_word' id='word_1_403' title='bbox 2957 2633 3402 2689; x_wconf 76' lang='lat' dir='ltr'><strong>&#39;l‘erminavimns</strong></span> <span class='ocrx_word' id='word_1_404' title='bbox 3427 2633 3570 2688; x_wconf 89' lang='lat' dir='ltr'><strong>viam</strong></span> 
     </span>
    </p>
   </div>
   <div class='ocr_carea' id='block_1_58' title="bbox 1988 2725 3573 2796">
    <p class='ocr_par' dir='ltr' id='par_1_58' title="bbox 1988 2725 3573 2796">
     <span class='ocr_line' id='line_1_58' title="bbox 1988 2725 3573 2796; baseline -0.002 -14"><span class='ocrx_word' id='word_1_405' title='bbox 1988 2726 2275 2782; x_wconf 86' lang='lat' dir='ltr'><strong>hominum</strong></span> <span class='ocrx_word' id='word_1_406' title='bbox 2314 2742 2411 2796; x_wconf 89' lang='lat' dir='ltr'><strong>per</strong></span> <span class='ocrx_word' id='word_1_407' title='bbox 2459 2726 2645 2782; x_wconf 85' lang='lat' dir='ltr'><strong>Jesum</strong></span> <span class='ocrx_word' id='word_1_408' title='bbox 2685 2725 2965 2780; x_wconf 87' lang='lat' dir='ltr'><strong>Christum</strong></span> <span class='ocrx_word' id='word_1_409' title='bbox 3001 2726 3171 2779; x_wconf 83' lang='lat' dir='ltr'><strong>lilium</strong></span> <span class='ocrx_word' id='word_1_410' title='bbox 3227 2725 3432 2786; x_wconf 66' lang='lat' dir='ltr'><strong>Mariae.</strong></span> <span class='ocrx_word' id='word_1_411' title='bbox 3476 2740 3573 2779; x_wconf 84' lang='lat' dir='ltr'><strong>ve-</strong></span> 
     </span>
    </p>
   </div>
   <div class='ocr_carea' id='block_1_59' title="bbox 1988 2817 3569 2887">
    <p class='ocr_par' dir='ltr' id='par_1_59' title="bbox 1988 2817 3569 2887">
     <span class='ocr_line' id='line_1_59' title="bbox 1988 2817 3569 2887; baseline -0.003 -14"><span class='ocrx_word' id='word_1_412' title='bbox 1988 2818 2335 2873; x_wconf 80' lang='lat' dir='ltr'><strong>racissimam</strong></span> <span class='ocrx_word' id='word_1_413' title='bbox 2356 2819 2700 2887; x_wconf 87' lang='lat' dir='ltr'><strong>prophetam,</strong></span> <span class='ocrx_word' id='word_1_414' title='bbox 2725 2830 2782 2872; x_wconf 88' lang='lat' dir='ltr'><strong>et</strong></span> <span class='ocrx_word' id='word_1_415' title='bbox 2815 2817 3074 2872; x_wconf 85' lang='lat' dir='ltr'><strong>dedimus</strong></span> <span class='ocrx_word' id='word_1_416' title='bbox 3103 2819 3152 2870; x_wconf 89' lang='lat' dir='ltr'><strong>ei</strong></span> <span class='ocrx_word' id='word_1_417' title='bbox 3189 2817 3569 2886; x_wconf 84' lang='lat' dir='ltr'><strong>Evangelinm,</strong></span> 
     </span>
    </p>
   </div>
   <div class='ocr_carea' id='block_1_60' title="bbox 1988 2907 3567 2977">
    <p class='ocr_par' dir='ltr' id='par_1_60' title="bbox 1988 2907 3567 2977">
     <span class='ocr_line' id='line_1_60' title="bbox 1988 2907 3567 2977; baseline 0 -16"><span class='ocrx_word' id='word_1_418' title='bbox 1988 2907 2181 2977; x_wconf 91' lang='lat' dir='ltr'><strong>inquo</strong></span> <span class='ocrx_word' id='word_1_419' title='bbox 2218 2918 2303 2963; x_wconf 91' lang='lat' dir='ltr'><strong>cst</strong></span> <span class='ocrx_word' id='word_1_420' title='bbox 2364 2908 2627 2963; x_wconf 87' lang='lat' dir='ltr'><strong>deductio</strong></span> <span class='ocrx_word' id='word_1_421' title='bbox 2678 2917 2735 2963; x_wconf 92' lang='lat' dir='ltr'><strong>et</strong></span> <span class='ocrx_word' id='word_1_422' title='bbox 2789 2908 2881 2963; x_wconf 84' lang='lat' dir='ltr'><strong>lux</strong></span> <span class='ocrx_word' id='word_1_423' title='bbox 2910 2920 2963 2963; x_wconf 88' lang='lat' dir='ltr'><strong>ct</strong></span> <span class='ocrx_word' id='word_1_424' title='bbox 2998 2909 3203 2964; x_wconf 87' lang='lat' dir='ltr'><strong>veritas</strong></span> <span class='ocrx_word' id='word_1_425' title='bbox 3256 2908 3567 2963; x_wconf 77' lang='lat' dir='ltr'><strong>manifesta.</strong></span> 
     </span>
    </p>
   </div>
   <div class='ocr_carea' id='block_1_61' title="bbox 1949 3000 3574 3081">
    <p class='ocr_par' dir='ltr' id='par_1_61' title="bbox 1949 3000 3574 3081">
     <span class='ocr_line' id='line_1_61' title="bbox 1949 3000 3574 3081; baseline 0 -26"><span class='ocrx_word' id='word_1_426' title='bbox 1949 3074 1954 3081; x_wconf 24' lang='lat'><strong><em>.</em></strong></span> <span class='ocrx_word' id='word_1_427' title='bbox 1989 3000 2056 3055; x_wconf 88' lang='lat' dir='ltr'><strong>Et</strong></span> <span class='ocrx_word' id='word_1_428' title='bbox 2108 3000 2161 3053; x_wconf 92' lang='lat' dir='ltr'><strong>in</strong></span> <span class='ocrx_word' id='word_1_429' title='bbox 2216 3001 2403 3055; x_wconf 88' lang='lat' dir='ltr'><strong>multis</strong></span> <span class='ocrx_word' id='word_1_430' title='bbox 2434 3001 2574 3055; x_wconf 91' lang='lat' dir='ltr'><strong>locis</strong></span> <span class='ocrx_word' id='word_1_431' title='bbox 2609 3000 2864 3055; x_wconf 87' lang='lat' dir='ltr'><strong>Alcorani</strong></span> <span class='ocrx_word' id='word_1_432' title='bbox 2918 3001 3191 3071; x_wconf 70' lang='lat' dir='ltr'><strong>prxccipue</strong></span> <span class='ocrx_word' id='word_1_433' title='bbox 3221 3002 3574 3055; x_wconf 82' lang='lat' dir='ltr'><strong>commendat</strong></span> 
     </span>
    </p>
   </div>
   <div class='ocr_carea' id='block_1_62' title="bbox 1990 3088 3571 3161">
    <p class='ocr_par' dir='ltr' id='par_1_62' title="bbox 1990 3088 3571 3161">
     <span class='ocr_line' id='line_1_62' title="bbox 1990 3088 3571 3161; baseline 0.002 -18"><span class='ocrx_word' id='word_1_434' title='bbox 1990 3089 2380 3157; x_wconf 85' lang='lat' dir='ltr'><strong>Evangelium.</strong></span> <span class='ocrx_word' id='word_1_435' title='bbox 2433 3088 2653 3144; x_wconf 88' lang='lat' dir='ltr'><strong>Etenim</strong></span> <span class='ocrx_word' id='word_1_436' title='bbox 2692 3091 2869 3160; x_wconf 88' lang='lat' dir='ltr'><strong>ipsum</strong></span> <span class='ocrx_word' id='word_1_437' title='bbox 2913 3091 3271 3161; x_wconf 85' lang='lat' dir='ltr'><strong>Evangelium</strong></span> <span class='ocrx_word' id='word_1_438' title='bbox 3326 3091 3382 3145; x_wconf 90' lang='lat' dir='ltr'><strong>in</strong></span> <span class='ocrx_word' id='word_1_439' title='bbox 3418 3092 3571 3146; x_wconf 83' lang='lat' dir='ltr'><strong>omni</strong></span> 
     </span>
    </p>
   </div>
   <div class='ocr_carea' id='block_1_63' title="bbox 1992 3180 3570 3251">
    <p class='ocr_par' dir='ltr' id='par_1_63' title="bbox 1992 3180 3570 3251">
     <span class='ocr_line' id='line_1_63' title="bbox 1992 3180 3570 3251; baseline 0.001 -17"><span class='ocrx_word' id='word_1_440' title='bbox 1992 3180 2113 3235; x_wconf 91' lang='lat' dir='ltr'><strong>loco</strong></span> <span class='ocrx_word' id='word_1_441' title='bbox 2177 3191 2232 3234; x_wconf 88' lang='lat' dir='ltr'><strong>et</strong></span> <span class='ocrx_word' id='word_1_442' title='bbox 2292 3181 2479 3249; x_wconf 66' lang='lat' dir='ltr'><strong>lingua</strong></span> <span class='ocrx_word' id='word_1_443' title='bbox 2538 3180 3007 3236; x_wconf 77' lang='lat' dir='ltr'><strong>excellentissime</strong></span> <span class='ocrx_word' id='word_1_444' title='bbox 3065 3180 3273 3235; x_wconf 86' lang='lat' dir='ltr'><strong>mundo</strong></span> <span class='ocrx_word' id='word_1_445' title='bbox 3328 3181 3570 3251; x_wconf 88' lang='lat' dir='ltr'><strong>seipsum</strong></span> 
     </span>
    </p>
   </div>
   <div class='ocr_carea' id='block_1_64' title="bbox 302 3243 1888 3344">
    <p class='ocr_par' dir='ltr' id='par_1_64' title="bbox 302 3243 1885 3344">
     <span class='ocr_line' id='line_1_64' title="bbox 302 3243 1885 3344; baseline 0 -17"><span class='ocrx_word' id='word_1_446' title='bbox 302 3275 406 3327; x_wconf 75' lang='grc' dir='ltr'><strong>καὶ</strong></span> <span class='ocrx_word' id='word_1_447' title='bbox 438 3274 704 3344; x_wconf 79' lang='grc' dir='ltr'>διαλέκτῳ</span> <span class='ocrx_word' id='word_1_448' title='bbox 729 3273 1049 3344; x_wconf 69' lang='grc' dir='ltr'>ὑψηλότατα</span> <span class='ocrx_word' id='word_1_449' title='bbox 1090 3273 1167 3343; x_wconf 80' lang='grc' dir='ltr'><strong>τῷ</strong></span> <span class='ocrx_word' id='word_1_450' title='bbox 1204 3243 1397 3344; x_wconf 81' lang='grc' dir='ltr'>κόσμῳ</span> <span class='ocrx_word' id='word_1_451' title='bbox 1445 3243 1885 3343; x_wconf 43' lang='grc' dir='ltr'>φανεροί-ἑαυτό.</span> 
     </span>
    </p>
   </div>
   <div class='ocr_carea' id='block_1_65' title="bbox 1994 3243 3573 3344">
    <p class='ocr_par' dir='ltr' id='par_1_65' title="bbox 1996 3243 3573 3340">
     <span class='ocr_line' id='line_1_65' title="bbox 1996 3243 3573 3340; baseline -0.001 -15"><span class='ocrx_word' id='word_1_452' title='bbox 1996 3271 2325 3326; x_wconf 76' lang='lat' dir='ltr'><strong>manifestat.</strong></span> <span class='ocrx_word' id='word_1_453' title='bbox 2378 3243 2563 3337; x_wconf 36' lang='lat' dir='ltr'><strong>‘Quarc</strong></span> <span class='ocrx_word' id='word_1_454' title='bbox 2628 3271 2975 3327; x_wconf 73' lang='lat' dir='ltr'><strong>confidenter</strong></span> <span class='ocrx_word' id='word_1_455' title='bbox 3030 3271 3216 3326; x_wconf 89' lang='lat' dir='ltr'><strong>dicere</strong></span> <span class='ocrx_word' id='word_1_456' title='bbox 3251 3243 3467 3340; x_wconf 65' lang='lat' dir='ltr'><strong>possein</strong></span> <span class='ocrx_word' id='word_1_457' title='bbox 3502 3270 3573 3324; x_wconf 90' lang='lat' dir='ltr'><strong>de</strong></span> 
     </span>
    </p>
   </div>
   <div class='ocr_carea' id='block_1_66' title="bbox 302 3362 1887 3438">
    <p class='ocr_par' dir='ltr' id='par_1_66' title="bbox 302 3362 1887 3438">
     <span class='ocr_line' id='line_1_66' title="bbox 302 3362 1887 3438; baseline -0.001 -18"><span class='ocrx_word' id='word_1_458' title='bbox 302 3368 473 3420; x_wconf 78' lang='grc' dir='ltr'>’Ὥστε</span> <span class='ocrx_word' id='word_1_459' title='bbox 507 3367 857 3438; x_wconf 60' lang='grc' dir='ltr'>θαρρούντως</span> <span class='ocrx_word' id='word_1_460' title='bbox 888 3367 1101 3437; x_wconf 82' lang='grc' dir='ltr'>εἴποιμι</span> <span class='ocrx_word' id='word_1_461' title='bbox 1133 3368 1200 3422; x_wconf 85' lang='grc' dir='ltr'><strong>ἂν</strong></span> <span class='ocrx_word' id='word_1_462' title='bbox 1243 3369 1375 3437; x_wconf 75' lang='grc' dir='ltr'>περὶ</span> <span class='ocrx_word' id='word_1_463' title='bbox 1406 3367 1571 3422; x_wconf 73' lang='grc' dir='ltr'>αὑτοῦ</span> <span class='ocrx_word' id='word_1_464' title='bbox 1599 3362 1715 3430; x_wconf 80' lang='grc' dir='ltr'>τοῖς</span> <span class='ocrx_word' id='word_1_465' title='bbox 1746 3367 1887 3438; x_wconf 72' lang='grc' dir='ltr'>Σαρ-</span> 
     </span>
    </p>
   </div>
   <div class='ocr_carea' id='block_1_67' title="bbox 301 3455 1889 3529">
    <p class='ocr_par' dir='ltr' id='par_1_67' title="bbox 301 3455 1889 3529">
     <span class='ocr_line' id='line_1_67' title="bbox 301 3455 1889 3529; baseline -0.001 -20"><span class='ocrx_word' id='word_1_466' title='bbox 301 3460 593 3527; x_wconf 79' lang='grc' dir='ltr'>ρακηνοῖς,</span> <span class='ocrx_word' id='word_1_467' title='bbox 624 3458 683 3510; x_wconf 82' lang='grc' dir='ltr'><strong>Εἰ</strong></span> <span class='ocrx_word' id='word_1_468' title='bbox 723 3458 799 3526; x_wconf 83' lang='grc' dir='ltr'>τῷ</span> <span class='ocrx_word' id='word_1_469' title='bbox 835 3457 1090 3529; x_wconf 75' lang='grc' dir='ltr'>ὑμετέρῳ</span> <span class='ocrx_word' id='word_1_470' title='bbox 1136 3457 1383 3527; x_wconf 76' lang='grc' dir='ltr'>Μωαμεθ</span> <span class='ocrx_word' id='word_1_471' title='bbox 1414 3455 1695 3528; x_wconf 84' lang='grc' dir='ltr'>βούλοισθε</span> <span class='ocrx_word' id='word_1_472' title='bbox 1732 3455 1765 3526; x_wconf 82' lang='grc' dir='ltr'>ἢ</span> <span class='ocrx_word' id='word_1_473' title='bbox 1813 3456 1889 3525; x_wconf 88' lang='grc' dir='ltr'><strong>μὴ</strong></span> 
     </span>
    </p>
   </div>
   <div class='ocr_carea' id='block_1_68' title="bbox 301 3546 1891 3623">
    <p class='ocr_par' dir='ltr' id='par_1_68' title="bbox 301 3546 1891 3623">
     <span class='ocr_line' id='line_1_68' title="bbox 301 3546 1891 3623; baseline -0.002 -20"><span class='ocrx_word' id='word_1_474' title='bbox 301 3547 592 3622; x_wconf 83' lang='grc' dir='ltr'>βούλοισθε</span> <span class='ocrx_word' id='word_1_475' title='bbox 622 3550 902 3604; x_wconf 86' lang='grc' dir='ltr'>πιστεύειν</span> <span class='ocrx_word' id='word_1_476' title='bbox 944 3551 1075 3623; x_wconf 74' lang='grc' dir='ltr'>περὶ</span> <span class='ocrx_word' id='word_1_477' title='bbox 1108 3548 1202 3604; x_wconf 79' lang='grc' dir='ltr'>τοῦ</span> <span class='ocrx_word' id='word_1_478' title='bbox 1252 3549 1612 3617; x_wconf 81' lang='grc' dir='ltr'>Εὐαγγελίου,</span> <span class='ocrx_word' id='word_1_479' title='bbox 1648 3550 1707 3601; x_wconf 89' lang='grc' dir='ltr'><strong>ὲν</strong></span> <span class='ocrx_word' id='word_1_480' title='bbox 1743 3546 1891 3616; x_wconf 84' lang='grc' dir='ltr'>αὐτῷ</span> 
     </span>
    </p>
   </div>
   <div class='ocr_carea' id='block_1_69' title="bbox 300 3641 1892 3713">
    <p class='ocr_par' dir='ltr' id='par_1_69' title="bbox 300 3641 1892 3713">
     <span class='ocr_line' id='line_1_69' title="bbox 300 3641 1892 3713; baseline -0.002 -16"><span class='ocrx_word' id='word_1_481' title='bbox 300 3643 391 3713; x_wconf 81' lang='grc' dir='ltr'>τῷ</span> <span class='ocrx_word' id='word_1_482' title='bbox 425 3643 743 3713; x_wconf 81' lang='grc' dir='ltr'>Εύαγγελίῳ</span> <span class='ocrx_word' id='word_1_483' title='bbox 781 3645 1086 3713; x_wconf 76' lang='grc' dir='ltr'>ὰνάγνωτε.</span> <span class='ocrx_word' id='word_1_484' title='bbox 1120 3643 1232 3697; x_wconf 78' lang='grc' dir='ltr'><strong>Καὶ</strong></span> <span class='ocrx_word' id='word_1_485' title='bbox 1280 3645 1424 3707; x_wconf 74' lang='grc' dir='ltr'>ἐπεὶ,</span> <span class='ocrx_word' id='word_1_486' title='bbox 1464 3641 1648 3706; x_wconf 86' lang='grc' dir='ltr'>καθὼς</span> <span class='ocrx_word' id='word_1_487' title='bbox 1676 3642 1892 3709; x_wconf 68' lang='grc' dir='ltr'>λέγεται</span> 
     </span>
    </p>
   </div>
   <div class='ocr_carea' id='block_1_70' title="bbox 303 3733 1892 3807">
    <p class='ocr_par' dir='ltr' id='par_1_70' title="bbox 303 3733 1892 3807">
     <span class='ocr_line' id='line_1_70' title="bbox 303 3733 1892 3807; baseline -0.001 -19"><span class='ocrx_word' id='word_1_488' title='bbox 303 3738 376 3788; x_wconf 70' lang='grc' dir='ltr'>ὲν</span> <span class='ocrx_word' id='word_1_489' title='bbox 417 3735 496 3802; x_wconf 80' lang='grc' dir='ltr'><strong>τῷ</strong></span> <span class='ocrx_word' id='word_1_490' title='bbox 554 3734 870 3807; x_wconf 72' lang='grc' dir='ltr'>Ἀλκοράνφ</span> <span class='ocrx_word' id='word_1_491' title='bbox 916 3738 976 3789; x_wconf 80' lang='grc' dir='ltr'><strong>ὲν</strong></span> <span class='ocrx_word' id='word_1_492' title='bbox 1022 3736 1101 3806; x_wconf 81' lang='grc' dir='ltr'>τῷ</span> <span class='ocrx_word' id='word_1_493' title='bbox 1150 3736 1429 3806; x_wconf 83' lang='grc' dir='ltr'>κεφαλαίῳ</span> <span class='ocrx_word' id='word_1_494' title='bbox 1472 3735 1551 3806; x_wconf 81' lang='grc' dir='ltr'>τῷ</span> <span class='ocrx_word' id='word_1_495' title='bbox 1611 3733 1892 3803; x_wconf 72' lang='grc' dir='ltr'>Ἔλενφὰν,</span> 
     </span>
    </p>
   </div>
   <div class='ocr_carea' id='block_1_71' title="bbox 306 3823 1895 3897">
    <p class='ocr_par' dir='ltr' id='par_1_71' title="bbox 306 3823 1895 3897">
     <span class='ocr_line' id='line_1_71' title="bbox 306 3823 1895 3897; baseline 0.001 -21"><span class='ocrx_word' id='word_1_496' title='bbox 306 3823 641 3895; x_wconf 86' lang='grc' dir='ltr'>βουλόμενος</span> <span class='ocrx_word' id='word_1_497' title='bbox 672 3827 701 3878; x_wconf 87' lang='grc' dir='ltr'>ὁ</span> <span class='ocrx_word' id='word_1_498' title='bbox 748 3825 880 3888; x_wconf 84' lang='grc' dir='ltr'>Θεὸς</span> <span class='ocrx_word' id='word_1_499' title='bbox 914 3826 1206 3896; x_wconf 80' lang='grc' dir='ltr'>ἀληθεύειν</span> <span class='ocrx_word' id='word_1_500' title='bbox 1244 3826 1345 3897; x_wconf 79' lang='grc' dir='ltr'>τὴν</span> <span class='ocrx_word' id='word_1_501' title='bbox 1379 3827 1637 3897; x_wconf 80' lang='grc' dir='ltr'>ἀλήθειαν</span> <span class='ocrx_word' id='word_1_502' title='bbox 1679 3826 1769 3879; x_wconf 83' lang='grc' dir='ltr'>διὰ</span> <span class='ocrx_word' id='word_1_503' title='bbox 1799 3825 1895 3878; x_wconf 77' lang='grc' dir='ltr'>τοῦ</span> 
     </span>
    </p>
   </div>
   <div class='ocr_carea' id='block_1_72' title="bbox 305 3918 1895 3991">
    <p class='ocr_par' dir='ltr' id='par_1_72' title="bbox 305 3918 1895 3991">
     <span class='ocr_line' id='line_1_72' title="bbox 305 3918 1895 3991; baseline 0.001 -19"><span class='ocrx_word' id='word_1_504' title='bbox 305 3918 477 3985; x_wconf 80' lang='grc' dir='ltr'>λόγου</span> <span class='ocrx_word' id='word_1_505' title='bbox 521 3920 713 3985; x_wconf 78' lang='grc' dir='ltr'>αὑτοῦ,</span> <span class='ocrx_word' id='word_1_506' title='bbox 748 3922 843 3973; x_wconf 80' lang='grc' dir='ltr'>καὶ</span> <span class='ocrx_word' id='word_1_507' title='bbox 879 3921 1271 3974; x_wconf 84' lang='grc' dir='ltr'>διακόπτεσθαι</span> <span class='ocrx_word' id='word_1_508' title='bbox 1308 3921 1409 3989; x_wconf 85' lang='grc' dir='ltr'><strong>τὴν</strong></span> <span class='ocrx_word' id='word_1_509' title='bbox 1446 3922 1621 3991; x_wconf 83' lang='grc' dir='ltr'>ἀρχὴν</span> <span class='ocrx_word' id='word_1_510' title='bbox 1650 3921 1761 3975; x_wconf 86' lang='grc' dir='ltr'><strong>τῶν</strong></span> <span class='ocrx_word' id='word_1_511' title='bbox 1807 3922 1895 3975; x_wconf 75' lang='lat' dir='ltr'><strong>al—</strong></span> 
     </span>
    </p>
   </div>
   <div class='ocr_carea' id='block_1_73' title="bbox 310 4011 1899 4084">
    <p class='ocr_par' dir='ltr' id='par_1_73' title="bbox 310 4011 1899 4084">
     <span class='ocr_line' id='line_1_73' title="bbox 310 4011 1899 4084; baseline 0.002 -20"><span class='ocrx_word' id='word_1_512' title='bbox 310 4012 574 4083; x_wconf 84' lang='grc' dir='ltr'>ρετικῶν,</span> <span class='ocrx_word' id='word_1_513' title='bbox 616 4011 759 4065; x_wconf 82' lang='grc' dir='ltr'>ὥστε</span> <span class='ocrx_word' id='word_1_514' title='bbox 808 4012 908 4081; x_wconf 79' lang='grc' dir='ltr'>τὴν</span> <span class='ocrx_word' id='word_1_515' title='bbox 976 4013 1238 4083; x_wconf 81' lang='grc' dir='ltr'>ἀλήθειαν</span> <span class='ocrx_word' id='word_1_516' title='bbox 1290 4012 1600 4084; x_wconf 80' lang='grc' dir='ltr'>ἀληθεύειν,</span> <span class='ocrx_word' id='word_1_517' title='bbox 1648 4015 1744 4066; x_wconf 83' lang='grc' dir='ltr'>καὶ</span> <span class='ocrx_word' id='word_1_518' title='bbox 1796 4014 1899 4081; x_wconf 78' lang='grc' dir='ltr'>τὴν</span> 
     </span>
    </p>
   </div>
   <div class='ocr_carea' id='block_1_74' title="bbox 312 4104 1898 4177">
    <p class='ocr_par' dir='ltr' id='par_1_74' title="bbox 312 4104 1898 4177">
     <span class='ocr_line' id='line_1_74' title="bbox 312 4104 1898 4177; baseline 0.001 -20"><span class='ocrx_word' id='word_1_519' title='bbox 312 4104 660 4175; x_wconf 78' lang='grc' dir='ltr'>ματαιότητα</span> <span class='ocrx_word' id='word_1_520' title='bbox 722 4106 1115 4173; x_wconf 83' lang='grc' dir='ltr'>ματαιοῦσθαι,</span> <span class='ocrx_word' id='word_1_521' title='bbox 1148 4107 1542 4177; x_wconf 84' lang='grc' dir='ltr'>προενοήσατο,</span> <span class='ocrx_word' id='word_1_522' title='bbox 1575 4106 1668 4159; x_wconf 74' lang='grc' dir='ltr'><strong>καὶ</strong></span> <span class='ocrx_word' id='word_1_523' title='bbox 1693 4104 1898 4176; x_wconf 81' lang='grc' dir='ltr'>ᾠκονόο</span> 
     </span>
    </p>
   </div>
   <div class='ocr_carea' id='block_1_75' title="bbox 314 4198 1903 4271">
    <p class='ocr_par' dir='ltr' id='par_1_75' title="bbox 314 4198 1903 4271">
     <span class='ocr_line' id='line_1_75' title="bbox 314 4198 1903 4271; baseline -0.009 -7"><span class='ocrx_word' id='word_1_524' title='bbox 314 4213 497 4268; x_wconf 79' lang='grc' dir='ltr'>μησεν</span> <span class='ocrx_word' id='word_1_525' title='bbox 525 4200 552 4251; x_wconf 83' lang='grc' dir='ltr'>ὁ</span> <span class='ocrx_word' id='word_1_526' title='bbox 586 4198 741 4265; x_wconf 80' lang='grc' dir='ltr'>Θεὸς,</span> <span class='ocrx_word' id='word_1_527' title='bbox 776 4198 866 4252; x_wconf 86' lang='grc' dir='ltr'>ἵνα</span> <span class='ocrx_word' id='word_1_528' title='bbox 904 4200 979 4271; x_wconf 81' lang='grc' dir='ltr'><strong>μὴ</strong></span> <span class='ocrx_word' id='word_1_529' title='bbox 1025 4201 1054 4252; x_wconf 87' lang='grc' dir='ltr'>ὀ</span> <span class='ocrx_word' id='word_1_530' title='bbox 1104 4199 1308 4268; x_wconf 84' lang='grc' dir='ltr'>κόσμος</span> <span class='ocrx_word' id='word_1_531' title='bbox 1352 4199 1419 4251; x_wconf 87' lang='grc' dir='ltr'>δι’</span> <span class='ocrx_word' id='word_1_532' title='bbox 1468 4198 1693 4265; x_wconf 83' lang='grc' dir='ltr'>ἄγνοιαν</span> <span class='ocrx_word' id='word_1_533' title='bbox 1733 4198 1903 4250; x_wconf 84' lang='grc' dir='ltr'>ἀπόλ-</span> 
     </span>
    </p>
   </div>
   <div class='ocr_carea' id='block_1_76' title="bbox 309 4290 1902 4361">
    <p class='ocr_par' dir='ltr' id='par_1_76' title="bbox 309 4290 1902 4361">
     <span class='ocr_line' id='line_1_76' title="bbox 309 4290 1902 4361; baseline 0.001 -17"><span class='ocrx_word' id='word_1_534' title='bbox 309 4295 497 4357; x_wconf 83' lang='grc' dir='ltr'>λυται,</span> <span class='ocrx_word' id='word_1_535' title='bbox 538 4290 628 4344; x_wconf 78' lang='grc' dir='ltr'><strong>τὸν</strong></span> <span class='ocrx_word' id='word_1_536' title='bbox 657 4291 853 4353; x_wconf 85' lang='grc' dir='ltr'>κοινῶς</span> <span class='ocrx_word' id='word_1_537' title='bbox 893 4292 1027 4344; x_wconf 76' lang='grc' dir='ltr'>πᾶσι</span> <span class='ocrx_word' id='word_1_538' title='bbox 1070 4295 1167 4347; x_wconf 77' lang='grc' dir='ltr'>καὶ</span> <span class='ocrx_word' id='word_1_539' title='bbox 1198 4293 1359 4360; x_wconf 80' lang='grc' dir='ltr'>μόνον</span> <span class='ocrx_word' id='word_1_540' title='bbox 1393 4292 1690 4359; x_wconf 81' lang='grc' dir='ltr'>ἀναγκαῖον</span> <span class='ocrx_word' id='word_1_541' title='bbox 1715 4291 1902 4361; x_wconf 84' lang='grc' dir='ltr'>νόμον,</span> 
     </span>
    </p>
   </div>
   <div class='ocr_carea' id='block_1_77' title="bbox 309 4384 1902 4455">
    <p class='ocr_par' dir='ltr' id='par_1_77' title="bbox 309 4384 1902 4455">
     <span class='ocr_line' id='line_1_77' title="bbox 309 4384 1902 4455; baseline 0.001 -18"><span class='ocrx_word' id='word_1_542' title='bbox 309 4384 600 4438; x_wconf 81' lang='grc' dir='ltr'>τουτέστιν</span> <span class='ocrx_word' id='word_1_543' title='bbox 629 4384 721 4437; x_wconf 76' lang='grc' dir='ltr'><strong>τὸν</strong></span> <span class='ocrx_word' id='word_1_544' title='bbox 753 4385 847 4437; x_wconf 83' lang='grc' dir='ltr'>τοῦ</span> <span class='ocrx_word' id='word_1_545' title='bbox 879 4384 1236 4453; x_wconf 83' lang='grc' dir='ltr'>Εὐαγγελίου,</span> <span class='ocrx_word' id='word_1_546' title='bbox 1266 4385 1367 4438; x_wconf 79' lang='grc' dir='ltr'><strong>οὐκ</strong></span> <span class='ocrx_word' id='word_1_547' title='bbox 1392 4387 1449 4436; x_wconf 77' lang='grc' dir='ltr'><strong>ἐν</strong></span> <span class='ocrx_word' id='word_1_548' title='bbox 1474 4385 1557 4437; x_wconf 78' lang='grc' dir='ltr'><strong>ἑνὶ</strong></span> <span class='ocrx_word' id='word_1_549' title='bbox 1580 4384 1754 4455; x_wconf 86' lang='grc' dir='ltr'>τόπῳ,</span> <span class='ocrx_word' id='word_1_550' title='bbox 1783 4384 1902 4439; x_wconf 82' lang='grc' dir='ltr'>ἀλλ’</span> 
     </span>
    </p>
   </div>
   <div class='ocr_carea' id='block_1_78' title="bbox 312 4473 1905 4547">
    <p class='ocr_par' dir='ltr' id='par_1_78' title="bbox 312 4473 1905 4547">
     <span class='ocr_line' id='line_1_78' title="bbox 312 4473 1905 4547; baseline 0.003 -20"><span class='ocrx_word' id='word_1_551' title='bbox 312 4477 383 4527; x_wconf 80' lang='grc' dir='ltr'><strong>ἐν</strong></span> <span class='ocrx_word' id='word_1_552' title='bbox 428 4474 708 4546; x_wconf 81' lang='grc' dir='ltr'>διαφόροις</span> <span class='ocrx_word' id='word_1_553' title='bbox 746 4475 1059 4546; x_wconf 73' lang='grc' dir='ltr'>ἐπαρχίαις,</span> <span class='ocrx_word' id='word_1_554' title='bbox 1094 4473 1205 4528; x_wconf 83' lang='grc' dir='ltr'>οὐδ’</span> <span class='ocrx_word' id='word_1_555' title='bbox 1253 4475 1311 4528; x_wconf 83' lang='grc' dir='ltr'>ὲν</span> <span class='ocrx_word' id='word_1_556' title='bbox 1345 4475 1428 4527; x_wconf 75' lang='grc' dir='ltr'><strong>ἑνὶ</strong></span> <span class='ocrx_word' id='word_1_557' title='bbox 1462 4475 1735 4547; x_wconf 85' lang='grc' dir='ltr'>ἰδιώματι,</span> <span class='ocrx_word' id='word_1_558' title='bbox 1768 4477 1905 4531; x_wconf 70' lang='grc' dir='ltr'>ἀλλὰ</span> 
     </span>
    </p>
   </div>
   <div class='ocr_carea' id='block_1_79' title="bbox 1990 3362 3572 3425">
    <p class='ocr_par' dir='ltr' id='par_1_79' title="bbox 1990 3362 3572 3425">
     <span class='ocr_line' id='line_1_79' title="bbox 1990 3362 3572 3425; baseline -0.003 -6"><span class='ocrx_word' id='word_1_559' title='bbox 1990 3378 2058 3419; x_wconf 90' lang='lat' dir='ltr'><strong>co</strong></span> <span class='ocrx_word' id='word_1_560' title='bbox 2090 3362 2381 3418; x_wconf 75' lang='lat' dir='ltr'><strong>Saracenis</strong></span> <span class='ocrx_word' id='word_1_561' title='bbox 2417 3381 2429 3418; x_wconf 88' lang='lat'><strong>:</strong></span> <span class='ocrx_word' id='word_1_562' title='bbox 2466 3363 2520 3418; x_wconf 87' lang='lat' dir='ltr'><strong>Si</strong></span> <span class='ocrx_word' id='word_1_563' title='bbox 2564 3374 2745 3419; x_wconf 88' lang='lat' dir='ltr'><strong>vestro</strong></span> <span class='ocrx_word' id='word_1_564' title='bbox 2785 3364 3096 3417; x_wconf 84' lang='lat' dir='ltr'><strong>Mahomcto</strong></span> <span class='ocrx_word' id='word_1_565' title='bbox 3122 3362 3312 3425; x_wconf 85' lang='lat' dir='ltr'><strong>vultis,</strong></span> <span class='ocrx_word' id='word_1_566' title='bbox 3343 3362 3427 3416; x_wconf 85' lang='lat' dir='ltr'><strong>vel</strong></span> <span class='ocrx_word' id='word_1_567' title='bbox 3462 3377 3572 3415; x_wconf 85' lang='lat' dir='ltr'><strong>non</strong></span> 
     </span>
    </p>
   </div>
   <div class='ocr_carea' id='block_1_80' title="bbox 1993 3455 3573 3527">
    <p class='ocr_par' dir='ltr' id='par_1_80' title="bbox 1993 3455 3573 3527">
     <span class='ocr_line' id='line_1_80' title="bbox 1993 3455 3573 3527; baseline -0.001 -17"><span class='ocrx_word' id='word_1_568' title='bbox 1993 3456 2163 3510; x_wconf 85' lang='lat' dir='ltr'><strong>vultis</strong></span> <span class='ocrx_word' id='word_1_569' title='bbox 2193 3456 2425 3512; x_wconf 87' lang='lat' dir='ltr'><strong>credere</strong></span> <span class='ocrx_word' id='word_1_570' title='bbox 2454 3456 2523 3512; x_wconf 90' lang='lat' dir='ltr'><strong>de</strong></span> <span class='ocrx_word' id='word_1_571' title='bbox 2554 3457 2874 3527; x_wconf 81' lang='lat' dir='ltr'><strong>Evangelia,</strong></span> <span class='ocrx_word' id='word_1_572' title='bbox 2912 3457 2965 3511; x_wconf 89' lang='lat' dir='ltr'><strong>id</strong></span> <span class='ocrx_word' id='word_1_573' title='bbox 3004 3457 3181 3524; x_wconf 87' lang='lat' dir='ltr'><strong>ipsum</strong></span> <span class='ocrx_word' id='word_1_574' title='bbox 3214 3455 3573 3524; x_wconf 87' lang='lat' dir='ltr'><strong>Evangelium</strong></span> 
     </span>
    </p>
   </div>
   <div class='ocr_carea' id='block_1_81' title="bbox 1994 3547 3575 3619">
    <p class='ocr_par' dir='ltr' id='par_1_81' title="bbox 1994 3547 3575 3619">
     <span class='ocr_line' id='line_1_81' title="bbox 1994 3547 3575 3619; baseline 0.002 -18"><span class='ocrx_word' id='word_1_575' title='bbox 1994 3547 2181 3616; x_wconf 80' lang='lat' dir='ltr'><strong>legite.</strong></span> <span class='ocrx_word' id='word_1_576' title='bbox 2232 3548 2298 3603; x_wconf 84' lang='lat' dir='ltr'><strong>Et</strong></span> <span class='ocrx_word' id='word_1_577' title='bbox 2336 3549 2623 3619; x_wconf 88' lang='lat' dir='ltr'><strong>quoniam,</strong></span> <span class='ocrx_word' id='word_1_578' title='bbox 2655 3551 2799 3605; x_wconf 81' lang='lat' dir='ltr'><strong>sicut</strong></span> <span class='ocrx_word' id='word_1_579' title='bbox 2852 3550 3058 3605; x_wconf 77' lang='lat' dir='ltr'><strong>dicitur</strong></span> <span class='ocrx_word' id='word_1_580' title='bbox 3114 3552 3167 3606; x_wconf 91' lang='lat' dir='ltr'><strong>in</strong></span> <span class='ocrx_word' id='word_1_581' title='bbox 3218 3550 3493 3605; x_wconf 85' lang='lat' dir='ltr'><strong>Alcorano</strong></span> <span class='ocrx_word' id='word_1_582' title='bbox 3520 3550 3575 3604; x_wconf 88' lang='lat' dir='ltr'><strong>in</strong></span> 
     </span>
    </p>
   </div>
   <div class='ocr_carea' id='block_1_82' title="bbox 1996 3640 3578 3713">
    <p class='ocr_par' dir='ltr' id='par_1_82' title="bbox 1996 3640 3578 3713">
     <span class='ocr_line' id='line_1_82' title="bbox 1996 3640 3578 3713; baseline 0.001 -20"><span class='ocrx_word' id='word_1_583' title='bbox 1996 3640 2238 3707; x_wconf 84' lang='lat' dir='ltr'><strong>capitulo</strong></span> <span class='ocrx_word' id='word_1_584' title='bbox 2293 3641 2603 3710; x_wconf 89' lang='lat' dir='ltr'><strong>Elemphal,</strong></span> <span class='ocrx_word' id='word_1_585' title='bbox 2652 3642 2846 3697; x_wconf 61' lang='lat' dir='ltr'><strong>volt-ns</strong></span> <span class='ocrx_word' id='word_1_586' title='bbox 2896 3643 3039 3698; x_wconf 91' lang='lat' dir='ltr'><strong>Deus</strong></span> <span class='ocrx_word' id='word_1_587' title='bbox 3068 3643 3214 3713; x_wconf 87' lang='lat' dir='ltr'><strong>quod</strong></span> <span class='ocrx_word' id='word_1_588' title='bbox 3262 3644 3578 3697; x_wconf 80' lang='lat' dir='ltr'><strong>verilicetur</strong></span> 
     </span>
    </p>
   </div>
   <div class='ocr_carea' id='block_1_83' title="bbox 1996 3732 3580 3806">
    <p class='ocr_par' dir='ltr' id='par_1_83' title="bbox 1996 3732 3580 3806">
     <span class='ocr_line' id='line_1_83' title="bbox 1996 3732 3580 3806; baseline 0.004 -23"><span class='ocrx_word' id='word_1_589' title='bbox 1996 3732 2203 3786; x_wconf 85' lang='lat' dir='ltr'><strong>veritas</strong></span> <span class='ocrx_word' id='word_1_590' title='bbox 2233 3748 2331 3798; x_wconf 91' lang='lat' dir='ltr'><strong>per</strong></span> <span class='ocrx_word' id='word_1_591' title='bbox 2364 3735 2598 3789; x_wconf 89' lang='lat' dir='ltr'><strong>verbum</strong></span> <span class='ocrx_word' id='word_1_592' title='bbox 2654 3750 2838 3799; x_wconf 91' lang='lat' dir='ltr'><strong>suum,</strong></span> <span class='ocrx_word' id='word_1_593' title='bbox 2871 3745 2928 3791; x_wconf 92' lang='lat' dir='ltr'><strong>ct</strong></span> <span class='ocrx_word' id='word_1_594' title='bbox 2981 3735 3351 3791; x_wconf 82' lang='lat' dir='ltr'><strong>intercidatur</strong></span> <span class='ocrx_word' id='word_1_595' title='bbox 3382 3736 3580 3806; x_wconf 89' lang='lat' dir='ltr'><strong>guber-</strong></span> 
     </span>
    </p>
   </div>
   <div class='ocr_carea' id='block_1_84' title="bbox 1999 3821 3580 3888">
    <p class='ocr_par' dir='ltr' id='par_1_84' title="bbox 1999 3821 3580 3888">
     <span class='ocr_line' id='line_1_84' title="bbox 1999 3821 3580 3888; baseline 0.004 -14"><span class='ocrx_word' id='word_1_596' title='bbox 1999 3821 2154 3876; x_wconf 85' lang='lat' dir='ltr'><strong>natio</strong></span> <span class='ocrx_word' id='word_1_597' title='bbox 2219 3823 2630 3888; x_wconf 69' lang='lat' dir='ltr'><strong>hmreticornm,</strong></span> <span class='ocrx_word' id='word_1_598' title='bbox 2680 3835 2737 3881; x_wconf 92' lang='lat' dir='ltr'><strong>et</strong></span> <span class='ocrx_word' id='word_1_599' title='bbox 2793 3836 2854 3881; x_wconf 91' lang='lat' dir='ltr'><strong>ut</strong></span> <span class='ocrx_word' id='word_1_600' title='bbox 2905 3827 3111 3881; x_wconf 88' lang='lat' dir='ltr'><strong>veritas</strong></span> <span class='ocrx_word' id='word_1_601' title='bbox 3153 3827 3467 3880; x_wconf 85' lang='lat' dir='ltr'><strong>verillcetur</strong></span> <span class='ocrx_word' id='word_1_602' title='bbox 3521 3836 3580 3880; x_wconf 89' lang='lat' dir='ltr'><strong>et</strong></span> 
     </span>
    </p>
   </div>
   <div class='ocr_carea' id='block_1_85' title="bbox 2000 3914 3579 3990">
    <p class='ocr_par' dir='ltr' id='par_1_85' title="bbox 2000 3914 3579 3990">
     <span class='ocr_line' id='line_1_85' title="bbox 2000 3914 3579 3990; baseline 0.006 -25"><span class='ocrx_word' id='word_1_603' title='bbox 2000 3914 2216 3967; x_wconf 81' lang='lat' dir='ltr'><strong>vanitas</strong></span> <span class='ocrx_word' id='word_1_604' title='bbox 2260 3926 2575 3983; x_wconf 87' lang='lat' dir='ltr'><strong>evanescat,</strong></span> <span class='ocrx_word' id='word_1_605' title='bbox 2631 3919 2875 3988; x_wconf 80' lang='lat' dir='ltr'><strong>providit</strong></span> <span class='ocrx_word' id='word_1_606' title='bbox 2921 3930 2978 3976; x_wconf 92' lang='lat' dir='ltr'><strong>et</strong></span> <span class='ocrx_word' id='word_1_607' title='bbox 3033 3920 3375 3990; x_wconf 87' lang='lat' dir='ltr'><strong>dispensavit</strong></span> <span class='ocrx_word' id='word_1_608' title='bbox 3412 3919 3579 3983; x_wconf 87' lang='lat' dir='ltr'><strong>Deus,</strong></span> 
     </span>
    </p>
   </div>
   <div class='ocr_carea' id='block_1_86' title="bbox 2002 4007 3570 4081">
    <p class='ocr_par' dir='ltr' id='par_1_86' title="bbox 2002 4007 3570 4081">
     <span class='ocr_line' id='line_1_86' title="bbox 2002 4007 3570 4081; baseline 0.001 -21"><span class='ocrx_word' id='word_1_609' title='bbox 2002 4020 2072 4061; x_wconf 88' lang='lat' dir='ltr'><strong>ne</strong></span> <span class='ocrx_word' id='word_1_610' title='bbox 2123 4007 2363 4063; x_wconf 90' lang='lat' dir='ltr'><strong>mundus</strong></span> <span class='ocrx_word' id='word_1_611' title='bbox 2411 4024 2509 4078; x_wconf 89' lang='lat' dir='ltr'><strong>per</strong></span> <span class='ocrx_word' id='word_1_612' title='bbox 2568 4010 2933 4079; x_wconf 80' lang='lat' dir='ltr'><strong>ignorantiam</strong></span> <span class='ocrx_word' id='word_1_613' title='bbox 2991 4014 3217 4081; x_wconf 88' lang='lat' dir='ltr'><strong>periret.</strong></span> <span class='ocrx_word' id='word_1_614' title='bbox 3244 4021 3303 4065; x_wconf 92' lang='lat' dir='ltr'><strong>ut</strong></span> <span class='ocrx_word' id='word_1_615' title='bbox 3338 4011 3421 4065; x_wconf 80' lang='lat' dir='ltr'><strong>lex</strong></span> <span class='ocrx_word' id='word_1_616' title='bbox 3458 4010 3570 4074; x_wconf 89' lang='lat' dir='ltr'><strong>illa,</strong></span> 
     </span>
    </p>
   </div>
   <div class='ocr_carea' id='block_1_87' title="bbox 2003 4100 3579 4169">
    <p class='ocr_par' dir='ltr' id='par_1_87' title="bbox 2003 4100 3579 4169">
     <span class='ocr_line' id='line_1_87' title="bbox 2003 4100 3579 4169; baseline -0.001 -16"><span class='ocrx_word' id='word_1_617' title='bbox 2003 4113 2125 4167; x_wconf 77' lang='lat' dir='ltr'><strong>qua:</strong></span> <span class='ocrx_word' id='word_1_618' title='bbox 2175 4100 2505 4169; x_wconf 83' lang='lat' dir='ltr'><strong>generaliter</strong></span> <span class='ocrx_word' id='word_1_619' title='bbox 2545 4101 2802 4155; x_wconf 90' lang='lat' dir='ltr'><strong>omnibus</strong></span> <span class='ocrx_word' id='word_1_620' title='bbox 2846 4111 2903 4154; x_wconf 89' lang='lat' dir='ltr'><strong>ct</strong></span> <span class='ocrx_word' id='word_1_621' title='bbox 2933 4101 3046 4156; x_wconf 84' lang='lat' dir='ltr'><strong>sola</strong></span> <span class='ocrx_word' id='word_1_622' title='bbox 3098 4100 3408 4155; x_wconf 84' lang='lat' dir='ltr'><strong>necessaria</strong></span> <span class='ocrx_word' id='word_1_623' title='bbox 3438 4108 3579 4165; x_wconf 86' lang='lat' dir='ltr'><strong>erat,</strong></span> 
     </span>
    </p>
   </div>
   <div class='ocr_carea' id='block_1_88' title="bbox 2006 4190 3581 4261">
    <p class='ocr_par' dir='ltr' id='par_1_88' title="bbox 2006 4190 3581 4261">
     <span class='ocr_line' id='line_1_88' title="bbox 2006 4190 3581 4261; baseline 0.001 -17"><span class='ocrx_word' id='word_1_624' title='bbox 2006 4190 2093 4245; x_wconf 80' lang='lat' dir='ltr'><strong>lex</strong></span> <span class='ocrx_word' id='word_1_625' title='bbox 2126 4206 2191 4245; x_wconf 86' lang='lat' dir='ltr'><strong>ea</strong></span> <span class='ocrx_word' id='word_1_626' title='bbox 2226 4205 2349 4260; x_wconf 75' lang='lat' dir='ltr'><strong>quae</strong></span> <span class='ocrx_word' id='word_1_627' title='bbox 2375 4200 2460 4245; x_wconf 91' lang='lat' dir='ltr'><strong>est</strong></span> <span class='ocrx_word' id='word_1_628' title='bbox 2480 4191 2785 4261; x_wconf 86' lang='lat' dir='ltr'><strong>Evangelii,</strong></span> <span class='ocrx_word' id='word_1_629' title='bbox 2820 4207 2929 4246; x_wconf 94' lang='lat' dir='ltr'><strong>non</strong></span> <span class='ocrx_word' id='word_1_630' title='bbox 2972 4192 3027 4245; x_wconf 92' lang='lat' dir='ltr'><strong>in</strong></span> <span class='ocrx_word' id='word_1_631' title='bbox 3060 4207 3171 4247; x_wconf 83' lang='lat' dir='ltr'><strong>uno</strong></span> <span class='ocrx_word' id='word_1_632' title='bbox 3222 4193 3369 4255; x_wconf 88' lang='lat' dir='ltr'><strong>loco,</strong></span> <span class='ocrx_word' id='word_1_633' title='bbox 3396 4193 3492 4247; x_wconf 87' lang='lat' dir='ltr'><strong>sed</strong></span> <span class='ocrx_word' id='word_1_634' title='bbox 3526 4195 3581 4246; x_wconf 87' lang='lat' dir='ltr'><strong>in</strong></span> 
     </span>
    </p>
   </div>
   <div class='ocr_carea' id='block_1_89' title="bbox 2006 4282 3579 4353">
    <p class='ocr_par' dir='ltr' id='par_1_89' title="bbox 2006 4282 3579 4353">
     <span class='ocr_line' id='line_1_89' title="bbox 2006 4282 3579 4353; baseline 0.001 -16"><span class='ocrx_word' id='word_1_635' title='bbox 2006 4282 2244 4337; x_wconf 86' lang='lat' dir='ltr'><strong>diversis</strong></span> <span class='ocrx_word' id='word_1_636' title='bbox 2293 4282 2623 4351; x_wconf 82' lang='lat' dir='ltr'><strong>provinciis;</strong></span> <span class='ocrx_word' id='word_1_637' title='bbox 2678 4297 2857 4353; x_wconf 87' lang='lat' dir='ltr'><strong>neque</strong></span> <span class='ocrx_word' id='word_1_638' title='bbox 2914 4285 2969 4338; x_wconf 93' lang='lat' dir='ltr'><strong>in</strong></span> <span class='ocrx_word' id='word_1_639' title='bbox 3004 4299 3115 4338; x_wconf 93' lang='lat' dir='ltr'><strong>uno</strong></span> <span class='ocrx_word' id='word_1_640' title='bbox 3166 4284 3448 4347; x_wconf 84' lang='lat' dir='ltr'><strong>idiomate,</strong></span> <span class='ocrx_word' id='word_1_641' title='bbox 3483 4295 3579 4338; x_wconf 82' lang='lat' dir='ltr'><strong>scd</strong></span> 
     </span>
    </p>
   </div>
   <div class='ocr_carea' id='block_1_90' title="bbox 2008 4372 3586 4445">
    <p class='ocr_par' dir='ltr' id='par_1_90' title="bbox 2008 4372 3586 4445">
     <span class='ocr_line' id='line_1_90' title="bbox 2008 4372 3586 4445; baseline 0.001 -17"><span class='ocrx_word' id='word_1_642' title='bbox 2008 4372 2245 4431; x_wconf 88' lang='lat' dir='ltr'><strong>diversis</strong></span> <span class='ocrx_word' id='word_1_643' title='bbox 2270 4384 2325 4430; x_wconf 88' lang='lat' dir='ltr'><strong>et</strong></span> <span class='ocrx_word' id='word_1_644' title='bbox 2358 4376 2413 4430; x_wconf 90' lang='lat' dir='ltr'><strong>in</strong></span> <span class='ocrx_word' id='word_1_645' title='bbox 2446 4376 2701 4431; x_wconf 92' lang='lat' dir='ltr'><strong>omnibus</strong></span> <span class='ocrx_word' id='word_1_646' title='bbox 2730 4375 2933 4445; x_wconf 90' lang='lat' dir='ltr'><strong>linguis</strong></span> <span class='ocrx_word' id='word_1_647' title='bbox 2964 4375 3321 4438; x_wconf 88' lang='lat' dir='ltr'><strong>scriberetur,</strong></span> <span class='ocrx_word' id='word_1_648' title='bbox 3356 4375 3586 4431; x_wconf 88' lang='lat' dir='ltr'><strong>llebrai-</strong></span> 
     </span>
    </p>
   </div>
   <div class='ocr_carea' id='block_1_91' title="bbox 2009 4465 3584 4536">
    <p class='ocr_par' dir='ltr' id='par_1_91' title="bbox 2009 4465 3584 4536">
     <span class='ocr_line' id='line_1_91' title="bbox 2009 4465 3584 4536; baseline 0 -14"><span class='ocrx_word' id='word_1_649' title='bbox 2009 4479 2101 4531; x_wconf 87' lang='lat' dir='ltr'><strong>ce,</strong></span> <span class='ocrx_word' id='word_1_650' title='bbox 2129 4465 2339 4531; x_wconf 65' lang='lat' dir='ltr'><strong>Graece,</strong></span> <span class='ocrx_word' id='word_1_651' title='bbox 2372 4478 2431 4521; x_wconf 88' lang='lat' dir='ltr'><strong>et</strong></span> <span class='ocrx_word' id='word_1_652' title='bbox 2458 4465 2672 4531; x_wconf 87' lang='lat' dir='ltr'><strong>Latine,</strong></span> <span class='ocrx_word' id='word_1_653' title='bbox 2705 4476 2761 4522; x_wconf 89' lang='lat' dir='ltr'><strong>et</strong></span> <span class='ocrx_word' id='word_1_654' title='bbox 2807 4475 2930 4536; x_wconf 87' lang='lat' dir='ltr'><strong>post</strong></span> <span class='ocrx_word' id='word_1_655' title='bbox 2967 4467 3082 4522; x_wconf 70' lang='lat' dir='ltr'><strong>hcce</strong></span> <span class='ocrx_word' id='word_1_656' title='bbox 3124 4466 3361 4522; x_wconf 83' lang='lat' dir='ltr'><strong>ﬁdeliter</strong></span> <span class='ocrx_word' id='word_1_657' title='bbox 3401 4478 3584 4522; x_wconf 82' lang='lat' dir='ltr'><strong>trans-</strong></span> 
     </span>
    </p>
   </div>
   <div class='ocr_carea' id='block_1_92' title="bbox 312 4560 1888 4641">
    <p class='ocr_par' dir='ltr' id='par_1_92' title="bbox 312 4567 1864 4641">
     <span class='ocr_line' id='line_1_92' title="bbox 312 4567 1864 4641; baseline 0.001 -20"><span class='ocrx_word' id='word_1_658' title='bbox 312 4568 601 4637; x_wconf 77' lang='grc' dir='ltr'>διαφόροις</span> <span class='ocrx_word' id='word_1_659' title='bbox 680 4569 773 4621; x_wconf 71' lang='grc' dir='ltr'><strong>καὶ</strong></span> <span class='ocrx_word' id='word_1_660' title='bbox 846 4567 1162 4631; x_wconf 82' lang='grc' dir='ltr'>καθολικαῖς</span> <span class='ocrx_word' id='word_1_661' title='bbox 1229 4567 1531 4633; x_wconf 79' lang='grc' dir='ltr'>διαλέκτοις</span> <span class='ocrx_word' id='word_1_662' title='bbox 1584 4571 1864 4641; x_wconf 79' lang='grc' dir='ltr'>γραφῆναι</span> 
     </span>
    </p>
   </div>
   <div class='ocr_carea' id='block_1_93' title="bbox 1994 4560 3589 4641">
    <p class='ocr_par' dir='ltr' id='par_1_93' title="bbox 2013 4560 3589 4631">
     <span class='ocr_line' id='line_1_93' title="bbox 2013 4560 3589 4631; baseline 0 -15"><span class='ocrx_word' id='word_1_663' title='bbox 2013 4560 2273 4616; x_wconf 77' lang='lat' dir='ltr'><strong>ferretur.</strong></span> <span class='ocrx_word' id='word_1_664' title='bbox 2311 4560 2372 4615; x_wconf 84' lang='lat' dir='ltr'><strong>In</strong></span> <span class='ocrx_word' id='word_1_665' title='bbox 2407 4560 2513 4615; x_wconf 83' lang='lat' dir='ltr'><strong>(ine</strong></span> <span class='ocrx_word' id='word_1_666' title='bbox 2554 4572 2740 4615; x_wconf 85' lang='lat' dir='ltr'><strong>autem</strong></span> <span class='ocrx_word' id='word_1_667' title='bbox 2774 4560 3054 4631; x_wconf 83' lang='lat' dir='ltr'><strong>Evangelii</strong></span> <span class='ocrx_word' id='word_1_668' title='bbox 3090 4562 3374 4615; x_wconf 86' lang='lat' dir='ltr'><strong>mandavit</strong></span> <span class='ocrx_word' id='word_1_669' title='bbox 3419 4562 3589 4616; x_wconf 82' lang='lat' dir='ltr'><strong>disci-</strong></span> 
     </span>
    </p>
   </div>
   <div class='ocr_carea' id='block_1_94' title="bbox 315 4656 1902 4727">
    <p class='ocr_par' dir='ltr' id='par_1_94' title="bbox 315 4656 1902 4727">
     <span class='ocr_line' id='line_1_94' title="bbox 315 4656 1902 4727; baseline 0 -15"><span class='ocrx_word' id='word_1_670' title='bbox 315 4658 597 4727; x_wconf 72' lang='grc' dir='ltr'>ἑϐραῖκῶς</span> <span class='ocrx_word' id='word_1_671' title='bbox 648 4663 741 4711; x_wconf 71' lang='grc' dir='ltr'>καὶ</span> <span class='ocrx_word' id='word_1_672' title='bbox 792 4657 1107 4727; x_wconf 82' lang='grc' dir='ltr'>ρωμαῖκῶς,</span> <span class='ocrx_word' id='word_1_673' title='bbox 1138 4656 1231 4710; x_wconf 80' lang='grc' dir='ltr'>καὶ</span> <span class='ocrx_word' id='word_1_674' title='bbox 1284 4658 1423 4726; x_wconf 80' lang='grc' dir='ltr'>μετὰ</span> <span class='ocrx_word' id='word_1_675' title='bbox 1470 4658 1643 4712; x_wconf 84' lang='grc' dir='ltr'>ταῦτα</span> <span class='ocrx_word' id='word_1_676' title='bbox 1673 4659 1902 4725; x_wconf 78' lang='grc' dir='ltr'>πιστῶς,</span> 
     </span>
    </p>
   </div>
   <div class='ocr_carea' id='block_1_95' title="bbox 315 4749 1906 4822">
    <p class='ocr_par' dir='ltr' id='par_1_95' title="bbox 315 4749 1906 4822">
     <span class='ocr_line' id='line_1_95' title="bbox 315 4749 1906 4822; baseline 0 -17"><span class='ocrx_word' id='word_1_677' title='bbox 315 4754 407 4815; x_wconf 83' lang='grc' dir='ltr'><strong>είς</strong></span> <span class='ocrx_word' id='word_1_678' title='bbox 438 4750 614 4813; x_wconf 84' lang='grc' dir='ltr'>πάσας</span> <span class='ocrx_word' id='word_1_679' title='bbox 648 4749 1036 4821; x_wconf 81' lang='grc' dir='ltr'>μετενεχθῆναι</span> <span class='ocrx_word' id='word_1_680' title='bbox 1072 4749 1168 4813; x_wconf 77' lang='grc' dir='ltr'>τὰς</span> <span class='ocrx_word' id='word_1_681' title='bbox 1190 4749 1528 4814; x_wconf 80' lang='grc' dir='ltr'>διαλέκτους.</span> <span class='ocrx_word' id='word_1_682' title='bbox 1570 4753 1712 4819; x_wconf 71' lang='grc' dir='ltr'>Πρὸς</span> <span class='ocrx_word' id='word_1_683' title='bbox 1744 4753 1802 4806; x_wconf 78' lang='grc' dir='ltr'>δὲ</span> <span class='ocrx_word' id='word_1_684' title='bbox 1829 4754 1906 4822; x_wconf 87' lang='grc' dir='ltr'>τῷ</span> 
     </span>
    </p>
   </div>
   <div class='ocr_carea' id='block_1_96' title="bbox 314 4842 1908 4917">
    <p class='ocr_par' dir='ltr' id='par_1_96' title="bbox 314 4842 1908 4917">
     <span class='ocr_line' id='line_1_96' title="bbox 314 4842 1908 4917; baseline 0.001 -21"><span class='ocrx_word' id='word_1_685' title='bbox 314 4843 423 4896; x_wconf 81' lang='grc' dir='ltr'>τοῦ</span> <span class='ocrx_word' id='word_1_686' title='bbox 460 4843 794 4912; x_wconf 75' lang='grc' dir='ltr'>Εὑαγγελίου</span> <span class='ocrx_word' id='word_1_687' title='bbox 825 4844 969 4898; x_wconf 84' lang='grc' dir='ltr'>τέλει</span> <span class='ocrx_word' id='word_1_688' title='bbox 1014 4842 1320 4897; x_wconf 76' lang='grc' dir='ltr'>ἐνετείλατο</span> <span class='ocrx_word' id='word_1_689' title='bbox 1364 4846 1476 4907; x_wconf 82' lang='grc' dir='ltr'>τοῖς</span> <span class='ocrx_word' id='word_1_690' title='bbox 1527 4844 1696 4898; x_wconf 83' lang='grc' dir='ltr'>αὑτοῦ</span> <span class='ocrx_word' id='word_1_691' title='bbox 1730 4846 1908 4917; x_wconf 86' lang='grc' dir='ltr'>μαθη-</span> 
     </span>
    </p>
   </div>
   <div class='ocr_carea' id='block_1_97' title="bbox 319 4934 1907 5006">
    <p class='ocr_par' dir='ltr' id='par_1_97' title="bbox 319 4934 1907 5006">
     <span class='ocr_line' id='line_1_97' title="bbox 319 4934 1907 5006; baseline 0.001 -18"><span class='ocrx_word' id='word_1_692' title='bbox 319 4937 450 4997; x_wconf 76' lang='grc' dir='ltr'>ταῖς</span> <span class='ocrx_word' id='word_1_693' title='bbox 482 4935 511 4985; x_wconf 86' lang='grc' dir='ltr'>ὁ</span> <span class='ocrx_word' id='word_1_694' title='bbox 542 4934 775 5004; x_wconf 80' lang='grc' dir='ltr'>Χριστὸς</span> <span class='ocrx_word' id='word_1_695' title='bbox 827 4935 907 4996; x_wconf 86' lang='grc' dir='ltr'><strong>είς</strong></span> <span class='ocrx_word' id='word_1_696' title='bbox 956 4934 1133 4988; x_wconf 81' lang='grc' dir='ltr'>πάντα</span> <span class='ocrx_word' id='word_1_697' title='bbox 1179 4935 1272 4988; x_wconf 76' lang='grc' dir='ltr'>τὸν</span> <span class='ocrx_word' id='word_1_698' title='bbox 1316 4937 1521 5004; x_wconf 81' lang='grc' dir='ltr'>κόσμον</span> <span class='ocrx_word' id='word_1_699' title='bbox 1569 4936 1907 5006; x_wconf 85' lang='grc' dir='ltr'>δραστηρίως</span> 
     </span>
    </p>
   </div>
   <div class='ocr_carea' id='block_1_98' title="bbox 321 5024 1908 5096">
    <p class='ocr_par' dir='ltr' id='par_1_98' title="bbox 321 5024 1908 5096">
     <span class='ocr_line' id='line_1_98' title="bbox 321 5024 1908 5096; baseline 0 -17"><span class='ocrx_word' id='word_1_700' title='bbox 321 5025 569 5094; x_wconf 78' lang='grc' dir='ltr'>κηρύξαι</span> <span class='ocrx_word' id='word_1_701' title='bbox 607 5024 668 5077; x_wconf 74' lang='grc' dir='ltr'><strong>τὸ</strong></span> <span class='ocrx_word' id='word_1_702' title='bbox 692 5026 1043 5093; x_wconf 75' lang='grc' dir='ltr'>Εὑαγγέλιον.</span> <span class='ocrx_word' id='word_1_703' title='bbox 1081 5025 1260 5095; x_wconf 86' lang='grc' dir='ltr'>Ὅπερ</span> <span class='ocrx_word' id='word_1_704' title='bbox 1294 5026 1379 5078; x_wconf 83' lang='grc' dir='ltr'><strong>ἵνα</strong></span> <span class='ocrx_word' id='word_1_705' title='bbox 1425 5027 1713 5079; x_wconf 85' lang='grc' dir='ltr'>τελειῶσαι</span> <span class='ocrx_word' id='word_1_706' title='bbox 1757 5028 1908 5096; x_wconf 83' lang='grc' dir='ltr'>ἰσχύ-</span> 
     </span>
    </p>
   </div>
   <div class='ocr_carea' id='block_1_99' title="bbox 324 5117 1907 5187">
    <p class='ocr_par' dir='ltr' id='par_1_99' title="bbox 324 5117 1907 5187">
     <span class='ocr_line' id='line_1_99' title="bbox 324 5117 1907 5187; baseline 0.001 -17"><span class='ocrx_word' id='word_1_707' title='bbox 324 5134 494 5181; x_wconf 87' lang='grc' dir='ltr'>σωσι,</span> <span class='ocrx_word' id='word_1_708' title='bbox 519 5118 755 5170; x_wconf 76' lang='grc' dir='ltr'>δέδωκεν</span> <span class='ocrx_word' id='word_1_709' title='bbox 793 5118 974 5179; x_wconf 79' lang='grc' dir='ltr'>αὐτοῖς</span> <span class='ocrx_word' id='word_1_710' title='bbox 1026 5117 1273 5187; x_wconf 80' lang='grc' dir='ltr'>χάρισμα</span> <span class='ocrx_word' id='word_1_711' title='bbox 1303 5119 1587 5186; x_wconf 81' lang='grc' dir='ltr'>γλωσσῶν,</span> <span class='ocrx_word' id='word_1_712' title='bbox 1620 5120 1715 5173; x_wconf 78' lang='grc' dir='ltr'>καὶ</span> <span class='ocrx_word' id='word_1_713' title='bbox 1746 5119 1907 5172; x_wconf 72' lang='grc' dir='ltr'>δύναο</span> 
     </span>
    </p>
   </div>
   <div class='ocr_carea' id='block_1_100' title="bbox 329 5211 1911 5283">
    <p class='ocr_par' dir='ltr' id='par_1_100' title="bbox 329 5211 1911 5283">
     <span class='ocr_line' id='line_1_100' title="bbox 329 5211 1911 5283; baseline 0.003 -22"><span class='ocrx_word' id='word_1_714' title='bbox 329 5227 431 5280; x_wconf 81' lang='grc' dir='ltr'>μιν</span> <span class='ocrx_word' id='word_1_715' title='bbox 478 5211 793 5279; x_wconf 70' lang='grc' dir='ltr'>θαυμάτων.</span> <span class='ocrx_word' id='word_1_716' title='bbox 827 5211 900 5263; x_wconf 78' lang='grc' dir='ltr'><strong>Τὸ</strong></span> <span class='ocrx_word' id='word_1_717' title='bbox 937 5211 983 5264; x_wconf 86' lang='grc' dir='ltr'>δ’</span> <span class='ocrx_word' id='word_1_718' title='bbox 1037 5212 1362 5280; x_wconf 72' lang='grc' dir='ltr'>Ἀλκορὰνον</span> <span class='ocrx_word' id='word_1_719' title='bbox 1411 5213 1694 5283; x_wconf 78' lang='grc' dir='ltr'>ἀραϐικῶς</span> <span class='ocrx_word' id='word_1_720' title='bbox 1751 5213 1911 5283; x_wconf 87' lang='grc' dir='ltr'>μόνον</span> 
     </span>
    </p>
   </div>
   <div class='ocr_carea' id='block_1_101' title="bbox 326 5303 1909 5377">
    <p class='ocr_par' dir='ltr' id='par_1_101' title="bbox 326 5303 1909 5377">
     <span class='ocr_line' id='line_1_101' title="bbox 326 5303 1909 5377; baseline 0 -20"><span class='ocrx_word' id='word_1_721' title='bbox 326 5303 515 5371; x_wconf 76' lang='grc' dir='ltr'>ἑαυτῷ</span> <span class='ocrx_word' id='word_1_722' title='bbox 546 5321 709 5371; x_wconf 74' lang='grc' dir='ltr'>φησιν</span> <span class='ocrx_word' id='word_1_723' title='bbox 739 5304 842 5357; x_wconf 75' lang='grc' dir='ltr'><strong>ὑπὸ</strong></span> <span class='ocrx_word' id='word_1_724' title='bbox 873 5303 966 5357; x_wconf 79' lang='grc' dir='ltr'>τοῦ</span> <span class='ocrx_word' id='word_1_725' title='bbox 997 5304 1133 5358; x_wconf 82' lang='grc' dir='ltr'>Θεοῦ</span> <span class='ocrx_word' id='word_1_726' title='bbox 1161 5305 1410 5359; x_wconf 86' lang='grc' dir='ltr'>δεδόσθαι</span> <span class='ocrx_word' id='word_1_727' title='bbox 1442 5322 1455 5337; x_wconf 76' lang='grc' dir='ltr'><strong>ο</strong></span> <span class='ocrx_word' id='word_1_728' title='bbox 1486 5306 1583 5358; x_wconf 77' lang='grc' dir='ltr'>καὶ</span> <span class='ocrx_word' id='word_1_729' title='bbox 1608 5307 1656 5358; x_wconf 82' lang='grc' dir='ltr'>οἱ</span> <span class='ocrx_word' id='word_1_730' title='bbox 1688 5307 1909 5377; x_wconf 72' lang='grc' dir='ltr'>Σαρῥα-</span> 
     </span>
    </p>
   </div>
   <div class='ocr_carea' id='block_1_102' title="bbox 327 5393 1913 5466">
    <p class='ocr_par' dir='ltr' id='par_1_102' title="bbox 327 5393 1913 5466">
     <span class='ocr_line' id='line_1_102' title="bbox 327 5393 1913 5466; baseline 0.001 -18"><span class='ocrx_word' id='word_1_731' title='bbox 327 5396 496 5462; x_wconf 79' lang='grc' dir='ltr'>κηνοὶ</span> <span class='ocrx_word' id='word_1_732' title='bbox 551 5393 784 5460; x_wconf 76' lang='grc' dir='ltr'>βεϐαίως</span> <span class='ocrx_word' id='word_1_733' title='bbox 833 5396 1152 5448; x_wconf 84' lang='grc' dir='ltr'>πιστεύουσι</span> <span class='ocrx_word' id='word_1_734' title='bbox 1204 5396 1408 5466; x_wconf 78' lang='grc' dir='ltr'>μηδένα</span> <span class='ocrx_word' id='word_1_735' title='bbox 1456 5395 1716 5450; x_wconf 88' lang='grc' dir='ltr'>δύνασθαι</span> <span class='ocrx_word' id='word_1_736' title='bbox 1757 5396 1913 5449; x_wconf 80' lang='grc' dir='ltr'>τοῦτο</span> 
     </span>
    </p>
   </div>
   <div class='ocr_carea' id='block_1_103' title="bbox 327 5486 1911 5558">
    <p class='ocr_par' dir='ltr' id='par_1_103' title="bbox 327 5486 1911 5558">
     <span class='ocr_line' id='line_1_103' title="bbox 327 5486 1911 5558; baseline 0.004 -20"><span class='ocrx_word' id='word_1_737' title='bbox 327 5487 667 5554; x_wconf 81' lang='grc' dir='ltr'>γινώσκειν,</span> <span class='ocrx_word' id='word_1_738' title='bbox 728 5488 827 5557; x_wconf 79' lang='grc' dir='ltr'>τὴν</span> <span class='ocrx_word' id='word_1_739' title='bbox 904 5486 1178 5558; x_wconf 80' lang='grc' dir='ltr'>ἁραϐικὴν</span> <span class='ocrx_word' id='word_1_740' title='bbox 1246 5488 1549 5555; x_wconf 81' lang='grc' dir='ltr'>ἀγνοοῦντα</span> <span class='ocrx_word' id='word_1_741' title='bbox 1610 5488 1911 5544; x_wconf 74' lang='grc' dir='ltr'>διάλεκτον.</span> 
     </span>
    </p>
   </div>
   <div class='ocr_carea' id='block_1_104' title="bbox 331 5577 1915 5650">
    <p class='ocr_par' dir='ltr' id='par_1_104' title="bbox 331 5577 1915 5650">
     <span class='ocr_line' id='line_1_104' title="bbox 331 5577 1915 5650; baseline 0.003 -19"><span class='ocrx_word' id='word_1_742' title='bbox 331 5579 574 5631; x_wconf 76' lang='grc' dir='ltr'>Ἔπεται</span> <span class='ocrx_word' id='word_1_743' title='bbox 621 5577 675 5630; x_wconf 78' lang='grc' dir='ltr'><strong>δὲ</strong></span> <span class='ocrx_word' id='word_1_744' title='bbox 735 5579 810 5649; x_wconf 81' lang='grc' dir='ltr'><strong>μὴ</strong></span> <span class='ocrx_word' id='word_1_745' title='bbox 863 5579 1073 5642; x_wconf 76' lang='grc' dir='ltr'>πάντας</span> <span class='ocrx_word' id='word_1_746' title='bbox 1137 5580 1427 5645; x_wconf 89' lang='grc' dir='ltr'>γινώσκειν</span> <span class='ocrx_word' id='word_1_747' title='bbox 1479 5582 1578 5649; x_wconf 75' lang='grc' dir='ltr'>τὴν</span> <span class='ocrx_word' id='word_1_748' title='bbox 1640 5582 1915 5650; x_wconf 74' lang='grc' dir='ltr'>ἀραϐικὴν</span> 
     </span>
    </p>
   </div>
   <div class='ocr_carea' id='block_1_105' title="bbox 326 5669 1917 5742">
    <p class='ocr_par' dir='ltr' id='par_1_105' title="bbox 326 5669 1917 5742">
     <span class='ocr_line' id='line_1_105' title="bbox 326 5669 1917 5742; baseline 0.004 -23"><span class='ocrx_word' id='word_1_749' title='bbox 326 5669 613 5737; x_wconf 76' lang='grc' dir='ltr'>γλῶσσαν,</span> <span class='ocrx_word' id='word_1_750' title='bbox 652 5672 786 5738; x_wconf 82' lang='grc' dir='ltr'>μήτε</span> <span class='ocrx_word' id='word_1_751' title='bbox 818 5670 1076 5723; x_wconf 74' lang='grc' dir='ltr'>δύνασθαι</span> <span class='ocrx_word' id='word_1_752' title='bbox 1110 5670 1318 5740; x_wconf 82' lang='grc' dir='ltr'>ταύτην</span> <span class='ocrx_word' id='word_1_753' title='bbox 1365 5671 1678 5741; x_wconf 78' lang='grc' dir='ltr'>μανθάνειν.</span> <span class='ocrx_word' id='word_1_754' title='bbox 1706 5673 1917 5742; x_wconf 80' lang='grc' dir='ltr'>Γέγρα-</span> 
     </span>
    </p>
   </div>
   <div class='ocr_carea' id='block_1_106' title="bbox 342 5762 1911 5834">
    <p class='ocr_par' dir='ltr' id='par_1_106' title="bbox 342 5762 1911 5834">
     <span class='ocr_line' id='line_1_106' title="bbox 342 5762 1911 5834; baseline 0.001 -18"><span class='ocrx_word' id='word_1_755' title='bbox 342 5780 476 5816; x_wconf 62' lang='lat' dir='ltr'><strong>aut</strong></span> <span class='ocrx_word' id='word_1_756' title='bbox 505 5763 557 5815; x_wconf 80' lang='grc' dir='ltr'><strong>δὲ</strong></span> <span class='ocrx_word' id='word_1_757' title='bbox 590 5765 647 5815; x_wconf 80' lang='grc' dir='ltr'>ἐν</span> <span class='ocrx_word' id='word_1_758' title='bbox 674 5762 749 5832; x_wconf 81' lang='grc' dir='ltr'>τῷ</span> <span class='ocrx_word' id='word_1_759' title='bbox 789 5764 1114 5834; x_wconf 79' lang='grc' dir='ltr'>Ἀλκοράνῳ,</span> <span class='ocrx_word' id='word_1_760' title='bbox 1158 5764 1340 5827; x_wconf 84' lang='grc' dir='ltr'>καθὼς</span> <span class='ocrx_word' id='word_1_761' title='bbox 1383 5765 1477 5817; x_wconf 71' lang='grc' dir='ltr'>καὶ</span> <span class='ocrx_word' id='word_1_762' title='bbox 1513 5764 1911 5827; x_wconf 74' lang='grc' dir='ltr'>ἀποδέδεικται,</span> 
     </span>
    </p>
   </div>
   <div class='ocr_carea' id='block_1_107' title="bbox 341 5853 1911 5927">
    <p class='ocr_par' dir='ltr' id='par_1_107' title="bbox 341 5853 1911 5927">
     <span class='ocr_line' id='line_1_107' title="bbox 341 5853 1911 5927; baseline 0.003 -22"><span class='ocrx_word' id='word_1_763' title='bbox 341 5853 549 5927; x_wconf 54' lang='grc' dir='ltr'>μηδένι</span> <span class='ocrx_word' id='word_1_764' title='bbox 598 5856 855 5909; x_wconf 51' lang='lat' dir='ltr'><strong>divum:</strong></span> <span class='ocrx_word' id='word_1_765' title='bbox 912 5856 1149 5922; x_wconf 59' lang='grc' dir='ltr'>’σωθῆναι</span> <span class='ocrx_word' id='word_1_766' title='bbox 1204 5856 1338 5923; x_wconf 70' lang='grc' dir='ltr'>πλὴν</span> <span class='ocrx_word' id='word_1_767' title='bbox 1397 5858 1452 5908; x_wconf 81' lang='grc' dir='ltr'>ὲν</span> <span class='ocrx_word' id='word_1_768' title='bbox 1501 5877 1566 5924; x_wconf 54' lang='grc' dir='ltr'><strong>ειν</strong></span> <span class='ocrx_word' id='word_1_769' title='bbox 1622 5861 1766 5926; x_wconf 60' lang='grc' dir='ltr'><strong>γ’μῳ</strong></span> <span class='ocrx_word' id='word_1_770' title='bbox 1813 5862 1911 5912; x_wconf 63' lang='grc' dir='ltr'><strong>τω.</strong></span> 
     </span>
    </p>
   </div>
   <div class='ocr_carea' id='block_1_108' title="bbox 2010 4652 3588 4725">
    <p class='ocr_par' dir='ltr' id='par_1_108' title="bbox 2010 4652 3588 4725">
     <span class='ocr_line' id='line_1_108' title="bbox 2010 4652 3588 4725; baseline -0.003 -15"><span class='ocrx_word' id='word_1_771' title='bbox 2010 4655 2156 4725; x_wconf 91' lang='lat' dir='ltr'><strong>pulis</strong></span> <span class='ocrx_word' id='word_1_772' title='bbox 2182 4655 2301 4710; x_wconf 88' lang='lat' dir='ltr'><strong>suis</strong></span> <span class='ocrx_word' id='word_1_773' title='bbox 2344 4653 2621 4719; x_wconf 83' lang='lat' dir='ltr'><strong>Christus,</strong></span> <span class='ocrx_word' id='word_1_774' title='bbox 2656 4663 2717 4708; x_wconf 93' lang='lat' dir='ltr'><strong>ut</strong></span> <span class='ocrx_word' id='word_1_775' title='bbox 2747 4652 2803 4706; x_wconf 91' lang='lat' dir='ltr'><strong>in</strong></span> <span class='ocrx_word' id='word_1_776' title='bbox 2854 4654 3115 4708; x_wconf 85' lang='lat' dir='ltr'><strong>universo</strong></span> <span class='ocrx_word' id='word_1_777' title='bbox 3162 4652 3371 4707; x_wconf 88' lang='lat' dir='ltr'><strong>mundo</strong></span> <span class='ocrx_word' id='word_1_778' title='bbox 3399 4653 3588 4707; x_wconf 64' lang='lat' dir='ltr'><strong>ellicao</strong></span> 
     </span>
    </p>
   </div>
   <div class='ocr_carea' id='block_1_109' title="bbox 2010 4743 3589 4816">
    <p class='ocr_par' dir='ltr' id='par_1_109' title="bbox 2010 4743 3589 4816">
     <span class='ocr_line' id='line_1_109' title="bbox 2010 4743 3589 4816; baseline -0.003 -13"><span class='ocrx_word' id='word_1_779' title='bbox 2010 4748 2151 4803; x_wconf 88' lang='lat' dir='ltr'><strong>citer</strong></span> <span class='ocrx_word' id='word_1_780' title='bbox 2181 4746 2541 4816; x_wconf 87' lang='lat' dir='ltr'><strong>Evangelium</strong></span> <span class='ocrx_word' id='word_1_781' title='bbox 2577 4743 2966 4814; x_wconf 71' lang='lat' dir='ltr'><strong>praedicarent.</strong></span> <span class='ocrx_word' id='word_1_782' title='bbox 3018 4743 3176 4811; x_wconf 86' lang='lat' dir='ltr'><strong>Quod</strong></span> <span class='ocrx_word' id='word_1_783' title='bbox 3215 4753 3277 4799; x_wconf 94' lang='lat' dir='ltr'><strong>ut</strong></span> <span class='ocrx_word' id='word_1_784' title='bbox 3318 4744 3589 4813; x_wconf 81' lang='lat' dir='ltr'><strong>perlicere</strong></span> 
     </span>
    </p>
   </div>
   <div class='ocr_carea' id='block_1_110' title="bbox 2012 4837 3587 4910">
    <p class='ocr_par' dir='ltr' id='par_1_110' title="bbox 2012 4837 3587 4910">
     <span class='ocr_line' id='line_1_110' title="bbox 2012 4837 3587 4910; baseline -0.003 -15"><span class='ocrx_word' id='word_1_785' title='bbox 2012 4850 2261 4910; x_wconf 85' lang='lat' dir='ltr'><strong>possent,</strong></span> <span class='ocrx_word' id='word_1_786' title='bbox 2296 4838 2450 4894; x_wconf 89' lang='lat' dir='ltr'><strong>dedit</strong></span> <span class='ocrx_word' id='word_1_787' title='bbox 2486 4838 2568 4894; x_wconf 89' lang='lat' dir='ltr'><strong>eis</strong></span> <span class='ocrx_word' id='word_1_788' title='bbox 2612 4837 2845 4907; x_wconf 85' lang='lat' dir='ltr'><strong>gratiam</strong></span> <span class='ocrx_word' id='word_1_789' title='bbox 2876 4838 3193 4908; x_wconf 81' lang='lat' dir='ltr'><strong>linguarum</strong></span> <span class='ocrx_word' id='word_1_790' title='bbox 3238 4846 3295 4906; x_wconf 80' lang='lat' dir='ltr'><strong>et</strong></span> <span class='ocrx_word' id='word_1_791' title='bbox 3324 4838 3587 4891; x_wconf 89' lang='lat' dir='ltr'><strong>virtutem</strong></span> 
     </span>
    </p>
   </div>
   <div class='ocr_carea' id='block_1_111' title="bbox 2012 4931 3588 4989">
    <p class='ocr_par' dir='ltr' id='par_1_111' title="bbox 2012 4931 3588 4989">
     <span class='ocr_line' id='line_1_111' title="bbox 2012 4931 3588 4989; baseline -0.001 -1"><span class='ocrx_word' id='word_1_792' title='bbox 2012 4934 2428 4989; x_wconf 89' lang='lat' dir='ltr'><strong>miraculorum.</strong></span> <span class='ocrx_word' id='word_1_793' title='bbox 2480 4933 2814 4987; x_wconf 82' lang='lat' dir='ltr'><strong>Alcoranum</strong></span> <span class='ocrx_word' id='word_1_794' title='bbox 2870 4941 3054 4987; x_wconf 90' lang='lat' dir='ltr'><strong>autem</strong></span> <span class='ocrx_word' id='word_1_795' title='bbox 3108 4931 3345 4987; x_wconf 75' lang='lat' dir='ltr'><strong>Arabico</strong></span> <span class='ocrx_word' id='word_1_796' title='bbox 3407 4933 3588 4986; x_wconf 87' lang='lat' dir='ltr'><strong>solum</strong></span> 
     </span>
    </p>
   </div>
   <div class='ocr_carea' id='block_1_112' title="bbox 2015 5023 3589 5097">
    <p class='ocr_par' dir='ltr' id='par_1_112' title="bbox 2015 5023 3589 5097">
     <span class='ocr_line' id='line_1_112' title="bbox 2015 5023 3589 5097; baseline -0.004 -14"><span class='ocrx_word' id='word_1_797' title='bbox 2015 5028 2122 5083; x_wconf 88' lang='lat' dir='ltr'><strong>sibi</strong></span> <span class='ocrx_word' id='word_1_798' title='bbox 2150 5029 2253 5097; x_wconf 88' lang='lat' dir='ltr'><strong>ipsi</strong></span> <span class='ocrx_word' id='word_1_799' title='bbox 2307 5027 2445 5082; x_wconf 92' lang='lat' dir='ltr'><strong>dicit</strong></span> <span class='ocrx_word' id='word_1_800' title='bbox 2488 5041 2517 5080; x_wconf 91' lang='lat' dir='ltr'><strong>a</strong></span> <span class='ocrx_word' id='word_1_801' title='bbox 2555 5026 2668 5080; x_wconf 92' lang='lat' dir='ltr'><strong>Deo</strong></span> <span class='ocrx_word' id='word_1_802' title='bbox 2704 5026 2892 5079; x_wconf 89' lang='lat' dir='ltr'><strong>datum</strong></span> <span class='ocrx_word' id='word_1_803' title='bbox 2927 5039 3086 5085; x_wconf 89' lang='lat' dir='ltr'><strong>esse;</strong></span> <span class='ocrx_word' id='word_1_804' title='bbox 3119 5034 3177 5079; x_wconf 92' lang='lat' dir='ltr'><strong>et</strong></span> <span class='ocrx_word' id='word_1_805' title='bbox 3203 5024 3463 5079; x_wconf 88' lang='lat' dir='ltr'><strong>Saraceni</strong></span> <span class='ocrx_word' id='word_1_806' title='bbox 3497 5023 3589 5077; x_wconf 76' lang='lat' dir='ltr'><strong>ﬁr-</strong></span> 
     </span>
    </p>
   </div>
   <div class='ocr_carea' id='block_1_113' title="bbox 2015 5116 3593 5188">
    <p class='ocr_par' dir='ltr' id='par_1_113' title="bbox 2015 5116 3593 5188">
     <span class='ocr_line' id='line_1_113' title="bbox 2015 5116 3593 5188; baseline -0.004 -11"><span class='ocrx_word' id='word_1_807' title='bbox 2015 5124 2180 5178; x_wconf 88' lang='lat' dir='ltr'><strong>miter</strong></span> <span class='ocrx_word' id='word_1_808' title='bbox 2213 5121 2470 5183; x_wconf 84' lang='lat' dir='ltr'><strong>credunt.</strong></span> <span class='ocrx_word' id='word_1_809' title='bbox 2507 5120 2718 5174; x_wconf 90' lang='lat' dir='ltr'><strong>nullum</strong></span> <span class='ocrx_word' id='word_1_810' title='bbox 2758 5134 2916 5188; x_wconf 90' lang='lat' dir='ltr'><strong>posse</strong></span> <span class='ocrx_word' id='word_1_811' title='bbox 2962 5118 3067 5172; x_wconf 88' lang='lat' dir='ltr'><strong>hoc</strong></span> <span class='ocrx_word' id='word_1_812' title='bbox 3097 5118 3242 5172; x_wconf 88' lang='lat' dir='ltr'><strong>scire</strong></span> <span class='ocrx_word' id='word_1_813' title='bbox 3270 5116 3366 5186; x_wconf 89' lang='lat' dir='ltr'><strong>qui</strong></span> <span class='ocrx_word' id='word_1_814' title='bbox 3396 5117 3593 5171; x_wconf 86' lang='lat' dir='ltr'><strong>Arabi-</strong></span> 
     </span>
    </p>
   </div>
   <div class='ocr_carea' id='block_1_114' title="bbox 2014 5207 3595 5279">
    <p class='ocr_par' dir='ltr' id='par_1_114' title="bbox 2014 5207 3595 5279">
     <span class='ocr_line' id='line_1_114' title="bbox 2014 5207 3595 5279; baseline -0.003 -14"><span class='ocrx_word' id='word_1_815' title='bbox 2014 5225 2133 5265; x_wconf 90' lang='lat' dir='ltr'><strong>cam</strong></span> <span class='ocrx_word' id='word_1_816' title='bbox 2164 5210 2407 5279; x_wconf 84' lang='lat' dir='ltr'><strong>linguam</strong></span> <span class='ocrx_word' id='word_1_817' title='bbox 2438 5211 2675 5279; x_wconf 84' lang='lat' dir='ltr'><strong>ignoret.</strong></span> <span class='ocrx_word' id='word_1_818' title='bbox 2707 5207 2972 5278; x_wconf 85' lang='lat' dir='ltr'><strong>Sequitur</strong></span> <span class='ocrx_word' id='word_1_819' title='bbox 3008 5214 3214 5270; x_wconf 88' lang='lat' dir='ltr'><strong>autem,</strong></span> <span class='ocrx_word' id='word_1_820' title='bbox 3253 5219 3363 5258; x_wconf 91' lang='lat' dir='ltr'><strong>non</strong></span> <span class='ocrx_word' id='word_1_821' title='bbox 3402 5220 3595 5260; x_wconf 85' lang='lat' dir='ltr'><strong>omnes</strong></span> 
     </span>
    </p>
   </div>
   <div class='ocr_carea' id='block_1_115' title="bbox 2004 5294 3591 5371">
    <p class='ocr_par' dir='ltr' id='par_1_115' title="bbox 2004 5294 3591 5371">
     <span class='ocr_line' id='line_1_115' title="bbox 2004 5294 3591 5371; baseline -0.004 -15"><span class='ocrx_word' id='word_1_822' title='bbox 2004 5301 2158 5363; x_wconf 80' lang='lat' dir='ltr'><strong>scire</strong></span> <span class='ocrx_word' id='word_1_823' title='bbox 2180 5300 2467 5357; x_wconf 85' lang='lat' dir='ltr'><strong>Arabicam</strong></span> <span class='ocrx_word' id='word_1_824' title='bbox 2495 5302 2759 5371; x_wconf 87' lang='lat' dir='ltr'><strong>linguam,</strong></span> <span class='ocrx_word' id='word_1_825' title='bbox 2787 5313 2965 5369; x_wconf 90' lang='lat' dir='ltr'><strong>neque</strong></span> <span class='ocrx_word' id='word_1_826' title='bbox 2994 5312 3152 5367; x_wconf 89' lang='lat' dir='ltr'><strong>posse</strong></span> <span class='ocrx_word' id='word_1_827' title='bbox 3184 5296 3325 5351; x_wconf 90' lang='lat' dir='ltr'><strong>hanc</strong></span> <span class='ocrx_word' id='word_1_828' title='bbox 3356 5294 3591 5350; x_wconf 85' lang='lat' dir='ltr'><strong>discere.</strong></span> 
     </span>
    </p>
   </div>
   <div class='ocr_carea' id='block_1_116' title="bbox 2018 5389 3597 5464">
    <p class='ocr_par' dir='ltr' id='par_1_116' title="bbox 2018 5389 3597 5464">
     <span class='ocr_line' id='line_1_116' title="bbox 2018 5389 3597 5464; baseline -0.004 -15"><span class='ocrx_word' id='word_1_829' title='bbox 2018 5393 2295 5464; x_wconf 90' lang='lat' dir='ltr'><strong>Scriptum</strong></span> <span class='ocrx_word' id='word_1_830' title='bbox 2332 5404 2513 5449; x_wconf 85' lang='lat' dir='ltr'><strong>autem</strong></span> <span class='ocrx_word' id='word_1_831' title='bbox 2553 5405 2637 5449; x_wconf 62' lang='lat' dir='ltr'><strong>est</strong></span> <span class='ocrx_word' id='word_1_832' title='bbox 2666 5394 2719 5448; x_wconf 93' lang='lat' dir='ltr'><strong>in</strong></span> <span class='ocrx_word' id='word_1_833' title='bbox 2755 5392 3045 5455; x_wconf 86' lang='lat' dir='ltr'><strong>Alcorano,</strong></span> <span class='ocrx_word' id='word_1_834' title='bbox 3082 5390 3226 5446; x_wconf 88' lang='lat' dir='ltr'><strong>sicut</strong></span> <span class='ocrx_word' id='word_1_835' title='bbox 3256 5399 3312 5444; x_wconf 92' lang='lat' dir='ltr'><strong>ct</strong></span> <span class='ocrx_word' id='word_1_836' title='bbox 3337 5398 3465 5444; x_wconf 87' lang='lat' dir='ltr'><strong>ante</strong></span> <span class='ocrx_word' id='word_1_837' title='bbox 3500 5389 3597 5444; x_wconf 84' lang='lat' dir='ltr'><strong>de-</strong></span> 
     </span>
    </p>
   </div>
   <div class='ocr_carea' id='block_1_117' title="bbox 2020 5484 3596 5555">
    <p class='ocr_par' dir='ltr' id='par_1_117' title="bbox 2020 5484 3596 5555">
     <span class='ocr_line' id='line_1_117' title="bbox 2020 5484 3596 5555; baseline -0.002 -14"><span class='ocrx_word' id='word_1_838' title='bbox 2020 5498 2384 5542; x_wconf 87' lang='lat' dir='ltr'><strong>monstratum</strong></span> <span class='ocrx_word' id='word_1_839' title='bbox 2424 5496 2529 5553; x_wconf 84' lang='lat' dir='ltr'><strong>cst,</strong></span> <span class='ocrx_word' id='word_1_840' title='bbox 2564 5487 2776 5541; x_wconf 88' lang='lat' dir='ltr'><strong>nullum</strong></span> <span class='ocrx_word' id='word_1_841' title='bbox 2814 5500 2974 5555; x_wconf 86' lang='lat' dir='ltr'><strong>posse</strong></span> <span class='ocrx_word' id='word_1_842' title='bbox 3010 5484 3230 5547; x_wconf 88' lang='lat' dir='ltr'><strong>salvari,</strong></span> <span class='ocrx_word' id='word_1_843' title='bbox 3269 5494 3470 5553; x_wconf 70' lang='lat' dir='ltr'><strong>praeter</strong></span> <span class='ocrx_word' id='word_1_844' title='bbox 3499 5498 3596 5538; x_wconf 85' lang='lat' dir='ltr'><strong>eos</strong></span> 
     </span>
    </p>
   </div>
   <div class='ocr_carea' id='block_1_118' title="bbox 2019 5574 3597 5649">
    <p class='ocr_par' dir='ltr' id='par_1_118' title="bbox 2019 5574 3597 5649">
     <span class='ocr_line' id='line_1_118' title="bbox 2019 5574 3597 5649; baseline -0.005 -16"><span class='ocrx_word' id='word_1_845' title='bbox 2019 5580 2111 5649; x_wconf 85' lang='lat' dir='ltr'><strong>qui</strong></span> <span class='ocrx_word' id='word_1_846' title='bbox 2146 5580 2365 5633; x_wconf 85' lang='lat' dir='ltr'><strong>suntin</strong></span> <span class='ocrx_word' id='word_1_847' title='bbox 2397 5579 2513 5648; x_wconf 85' lang='lat' dir='ltr'><strong>lege</strong></span> <span class='ocrx_word' id='word_1_848' title='bbox 2548 5578 2971 5633; x_wconf 85' lang='lat' dir='ltr'><strong>Saracenorum.</strong></span> <span class='ocrx_word' id='word_1_849' title='bbox 2997 5574 3177 5641; x_wconf 86' lang='lat' dir='ltr'><strong>Quare</strong></span> <span class='ocrx_word' id='word_1_850' title='bbox 3203 5575 3597 5629; x_wconf 82' lang='lat' dir='ltr'><strong>convenienter</strong></span> 
     </span>
    </p>
   </div>
   <div class='ocr_carea' id='block_1_119' title="bbox 2020 5665 3598 5740">
    <p class='ocr_par' dir='ltr' id='par_1_119' title="bbox 2020 5665 3598 5740">
     <span class='ocr_line' id='line_1_119' title="bbox 2020 5665 3598 5740; baseline -0.004 -14"><span class='ocrx_word' id='word_1_851' title='bbox 2020 5670 2189 5740; x_wconf 66' lang='lat' dir='ltr'><strong>quaeri</strong></span> <span class='ocrx_word' id='word_1_852' title='bbox 2241 5682 2446 5740; x_wconf 85' lang='lat' dir='ltr'><strong>posset,</strong></span> <span class='ocrx_word' id='word_1_853' title='bbox 2480 5670 2524 5724; x_wconf 89' lang='lat' dir='ltr'><strong>si</strong></span> <span class='ocrx_word' id='word_1_854' title='bbox 2559 5670 2703 5724; x_wconf 78' lang='lat' dir='ltr'><strong>solos</strong></span> <span class='ocrx_word' id='word_1_855' title='bbox 2732 5670 2865 5724; x_wconf 88' lang='lat' dir='ltr'><strong>velit</strong></span> <span class='ocrx_word' id='word_1_856' title='bbox 2896 5668 3204 5723; x_wconf 85' lang='lat' dir='ltr'><strong>Saracenos</strong></span> <span class='ocrx_word' id='word_1_857' title='bbox 3243 5665 3387 5721; x_wconf 63' lang='lat' dir='ltr'><strong>licus</strong></span> <span class='ocrx_word' id='word_1_858' title='bbox 3416 5666 3598 5721; x_wconf 84' lang='lat' dir='ltr'><strong>salvos</strong></span> 
     </span>
    </p>
   </div>
   <div class='ocr_carea' id='block_1_120' title="bbox 2023 5756 3599 5830">
    <p class='ocr_par' dir='ltr' id='par_1_120' title="bbox 2023 5756 3599 5830">
     <span class='ocr_line' id='line_1_120' title="bbox 2023 5756 3599 5830; baseline -0.004 -14"><span class='ocrx_word' id='word_1_859' title='bbox 2023 5762 2163 5827; x_wconf 81' lang='lat' dir='ltr'><strong>ﬁeri,</strong></span> <span class='ocrx_word' id='word_1_860' title='bbox 2192 5772 2247 5815; x_wconf 87' lang='lat' dir='ltr'><strong>et</strong></span> <span class='ocrx_word' id='word_1_861' title='bbox 2275 5775 2371 5815; x_wconf 87' lang='lat' dir='ltr'><strong>eos</strong></span> <span class='ocrx_word' id='word_1_862' title='bbox 2400 5761 2492 5830; x_wconf 86' lang='lat' dir='ltr'><strong>qui</strong></span> <span class='ocrx_word' id='word_1_863' title='bbox 2514 5760 2802 5814; x_wconf 80' lang='lat' dir='ltr'><strong>Arabicain</strong></span> <span class='ocrx_word' id='word_1_864' title='bbox 2836 5759 3077 5828; x_wconf 83' lang='lat' dir='ltr'><strong>linguam</strong></span> <span class='ocrx_word' id='word_1_865' title='bbox 3113 5757 3314 5813; x_wconf 85' lang='lat' dir='ltr'><strong>sciunt.</strong></span> <span class='ocrx_word' id='word_1_866' title='bbox 3334 5756 3599 5810; x_wconf 70' lang='lat' dir='ltr'><strong>Christia-</strong></span> 
     </span>
    </p>
   </div>
   <div class='ocr_carea' id='block_1_121' title="bbox 2023 5849 3595 5924">
    <p class='ocr_par' dir='ltr' id='par_1_121' title="bbox 2023 5849 3595 5924">
     <span class='ocr_line' id='line_1_121' title="bbox 2023 5849 3595 5924; baseline -0.006 -13"><span class='ocrx_word' id='word_1_867' title='bbox 2023 5870 2217 5911; x_wconf 72' lang='lat' dir='ltr'><strong>norum</strong></span> <span class='ocrx_word' id='word_1_868' title='bbox 2253 5866 2434 5910; x_wconf 86' lang='lat' dir='ltr'><strong>autem</strong></span> <span class='ocrx_word' id='word_1_869' title='bbox 2461 5854 2569 5918; x_wconf 73' lang='lat' dir='ltr'><strong>lex,</strong></span> <span class='ocrx_word' id='word_1_870' title='bbox 2613 5870 2733 5924; x_wconf 63' lang='lat' dir='ltr'><strong>qum</strong></span> <span class='ocrx_word' id='word_1_871' title='bbox 2767 5853 2968 5921; x_wconf 75' lang='lat' dir='ltr'><strong>scripta</strong></span> <span class='ocrx_word' id='word_1_872' title='bbox 2999 5861 3077 5906; x_wconf 73' lang='lat' dir='ltr'><strong>est</strong></span> <span class='ocrx_word' id='word_1_873' title='bbox 3112 5850 3165 5905; x_wconf 88' lang='lat' dir='ltr'><strong>in</strong></span> <span class='ocrx_word' id='word_1_874' title='bbox 3202 5850 3458 5905; x_wconf 85' lang='lat' dir='ltr'><strong>omnibus</strong></span> <span class='ocrx_word' id='word_1_875' title='bbox 3489 5849 3595 5903; x_wconf 87' lang='lat' dir='ltr'><strong>lin-</strong></span> 
     </span>
    </p>
   </div>
  </div>
