4186 6438
266 433 409 504 lit!)

1486 441 1782 501 CONTRA
1824 439 2335 501 MAIIOMISTEM.

3392 431 3528 497 1150

263 557 377 634 γαρ
430 556 492 607 τὸ
537 553 869 624 Ἀλκοράνον
912 552 1164 624 φανερῶς
1214 557 1508 623 μαρτυρεῖ,
1548 555 1631 606 ὅτι
1690 557 1748 605 ἐν
1779 551 1847 620 τῷ

1964 557 2221 619 testdici,
2258 557 2403 624 quod
2443 563 2727 625 postquam
2753 547 3297 617 deditEvaugclium,
3333 546 3529 600 adver-

262 644 587 714 Εὐαγγεὶὶῳ
623 646 774 698 ἐστιν
814 645 1011 713 ὀδηγία
1060 647 1157 697 και
1204 644 1473 713 σωτηρία.
1514 644 1721 696 Ἔτιού
1752 642 1845 693 δυ-

260 734 428 787 νατὸν
460 736 662 802 λέγειν,
709 736 793 787 ὅτι
832 734 972 805 μετὰ
1006 734 1067 788 τὸ
1103 734 1288 788 δοῦναι
1321 736 1381 787 τὸ
1424 735 1776 803 Εὐαγγέλιον,
1822 735 1849 785 ὁ

260 827 399 889 Θεὸς
448 827 690 878 συνεῖδεν
713 865 728 889 ,
760 825 833 887 ὡς
865 826 926 877 οὺ
970 824 1260 896 δυνήσεται
1292 828 1318 879 ὁ
1352 826 1555 896 κόσμος
1602 828 1848 896 τηρῆσαι

260 918 422 977 αὑτὴ,
454 919 549 969 καὶ
578 916 666 969 διὰ
693 917 853 969 τοῦτο
877 916 1229 986 διωρθώσατο
1266 918 1364 985 μὲν
1391 917 1487 987 τὴν
1512 919 1836 987 ἑρμηνείαν,

258 1009 363 1076 τὴν
406 1009 462 1061 δὲ
520 1010 747 1078 ἐντολὴν
779 1008 1129 1077 κουφοτέραν
1168 1008 1451 1077 ἐποίησεν,
1508 1009 1582 1070 ὡς
1620 1009 1687 1061 ἀν
1740 1012 1849 1060 ἀπὸ

257 1102 375 1153 τῶν
404 1101 806 1154 ἀποϐαινόντων
848 1100 916 1152 τὰ
965 1101 1153 1153 δέοντα.
1207 1100 1577 1167 γινώσκεσθαι
1622 1099 1847 1161 συνιείς.

262 1193 422 1261 "uas:
448 1193 555 1260 γὰρ
594 1195 621 1244 ὁ
654 1193 785 1254 Θεὸς
836 1192 895 1254 ἐξ
946 1193 1138 1262 ἀρχῆς,
1166 1192 1219 1245 τί
1261 1194 1360 1262 μὲν
1390 1194 1451 1245 τὸ
1499 1192 1837 1261 Εὐαγγέλιον

264 1281 535 1349 περιέξει,
570 1283 622 1335 τί
674 1283 729 1333 δὲ
785 1284 834 1335 οἱ
882 1284 1544 1357 ἀνθρωποισυνὴδονται.
1580 1286 1687 1337 Καὶ
1718 1284 1848 1338 ἄνευ

260 1372 320 1423 δὲ
356 1374 558 1426 τούτων
588 1377 680 1427 καὶ
704 1375 837 1427 αὐτὸ
880 1378 940 1428 τδ
986 1377 1314 1445 ’Λλκορὰνον
1352 1378 1561 1447 (malm?
1591 1378 1667 1438 ὡς
1696 1376 1850 1428 οὐδέν

259 1466 407 1515 εἰσιν
443 1466 490 1516 οί
520 1466 892 1535 Σαῤῥακηνοὶ,
937 1468 986 1519 el
1018 1468 1092 1537 μὴ
1123 1468 1479 1538 πληρώσαιεν
1507 1468 1569 1522 τὸ
1602 1468 1852 1537 Εὐαγγέ-

260 1556 402 1618 ῖιιον,
440 1554 535 1608 καὶ
586 1558 677 1607 τὸν
709 1557 872 1625 νόμον
929 1558 1230 1622 Μωῦσέως,
1266 1560 1363 1611 καὶ
1394 1560 1456 1611 τὸ
1496 1561 1847 1630 Ἀλκοράνον,

258 1643 340 1703 ὡς
396 1643 608 1712 εἴρηται
671 1645 951 1713 ἀνωτέρω.
1002 1648 1064 1699 Oi
1125 1647 1178 1698 δὲ
1214 1648 1539 1716 Χριστιανοὶ
1590 1650 1754 1718 μόνον
1790 1650 1851 1701 τὸ

263 1736 599 1801 Εὐαγγέὶιον
653 1735 946 1805 πληρῶσαι
1022 1736 1357 1805 ὀφείλουσιν.
1418 1741 1539 1793 Ἔτι
1612 1741 1729 1804 πῶς
1785 1740 1851 1794 ἂν

262 1826 499 1893 ἠδύνατο
532 1826 591 1878 τὸ
644 1828 988 1895 Εὐαγγέλιον
1036 1828 1243 1881 τέλειον
1275 1829 1555 1897 λέγεσθαι,
1594 1831 1670 1900 μὴ
1710 1832 1845 1884 ἀνά-

261 1919 429 1984 λογον
468 1918 527 1971 ὃν
556 1921 621 1988 τῇ
653 1919 761 1970 τῶν
809 1917 1114 1988 ἀνθρώπων
1158 1920 1412 1987 δυνάμει,
1467 1921 1605 1987 μηδὲ
1653 1921 1848 1984 κοινῶς

264 2010 555 2077 τηρεῖσθαι
582 2010 917 2077 δυνάμενον;
957 2009 1080 2062 Ἔτι
1112 2010 1161 2061 εἱ
1188 2009 1391 2063 τέλειόν
1421 2011 1617 2062 ἔστιτὸ
1668 2010 1844 2079 Εὐαγ-

263 2102 471 2167 γέλιον,
513 2103 607 2152 καὶ
648 2101 893 2171 περιέχει
929 2101 998 2154 τὰ
1043 2103 1183 2171 πρὸς
1216 2102 1316 2171 τὴν
1361 2102 1640 2172 σωτηρίαν
1684 2105 1851 2172 ἀναγο

263 2198 421 2258 καῖα,
482 2196 534 2245 τί
565 2194 621 2246 δὲ
659 2194 975 2263 Θαυμαστὸν
1003 2195 1056 2248 εἴ
1105 2212 1262 2257 τινας
1324 2195 1422 2247 καὶ
1472 2196 1647 2259 ἄλλας
1707 2213 1845 2266 συμσ

262 2285 460 2346 Con-1.51;
506 2287 718 2355 ὑψηλὰς
760 2286 1033 2358 περιέχει,
1071 2289 1319 2360 μεγάλης
1357 2287 1525 2351 οὔσας
1576 2290 1851 2359 τελειότη-

263 2390 378 2436 τος,
448 2375 652 2436 ταύτας
713 2376 900 2441 μέντοι
955 2376 1029 2447 μὴ
1100 2378 1282 2442 λέγειν
1348 2378 1660 2445 ἀναγκαίας
1710 2374 1849 2433 εἶναι

262 2466 402 2536 πρὸς
437 2467 749 2535 πωτηρίανς
786 2467 909 2520 Ἔτι
947 2468 1068 2520 ὅσον
1117 2485 1203 2532 τις
1235 2468 1400 2538 νόμος
1462 2470 1663 2536 μᾶλ).ὁν
1694 2472 1846 2522 ἐστιν

262 2562 475 2623 ἄνετος,
511 2558 766 2612 τοσοῦτόν
802 2561 919 2613 ἐστι
954 2559 1079 2612 καθ’
1112 2561 1307 2612 ἑαυτὸν
1348 2558 1513 2633 ἦττον
1550 2561 1845 2631 ἔμμισθος.

264 2650 329 2702 Εἰ
389 2649 568 2700 τοίνυν
626 2651 684 2701 τὸ
756 2650 1085 2721 Ἀλκοράνον
1141 2653 1474 2722 κουφότερόν
1551 2654 1672 2707 ἐστι
1740 2652 1838 2706 τοῦ

266 2744 627 2810 Εὑαγγε).ἰου,
683 2744 781 2812 οὐχ
812 2743 1012 2812 ὁμοίως
1060 2744 1167 2813 ἄρα
1224 2745 1341 2796 ἐστὶ
1375 2746 1511 2815 πρὸς
1561 2746 1848 2815 σωτηρίαν

263 2837 614 2905 δραστήριον.
646 2836 720 2888 Οὐ
750 2836 859 2903 γὰρ
892 2835 958 2890 ἂν
993 2837 1196 2888 ἔδωκεν
1235 2839 1262 2889 ὁ
1305 2837 1440 2899 Θεὸς
1480 2838 1647 2907 νόμον
1675 2838 1847 2908 ἁδρα-

267 2932 525 2997 νέστερον
575 2930 674 2996 μὲν
734 2933 871 2998 προς
931 2929 1246 2999 σωτηρίαν,
1309 2929 1717 3000 ἐπιπονώτερον
1770 2931 1846 2983 δέ.

265 3021 505 3085 Λέγεται
555 3019 611 3069 δὲ
667 3018 723 3070 ὲν
762 3017 841 3088 τῷ
877 3017 1217 3089 Ἀλκορὰνῳ,
1248 3020 1331 3072 ὅτι
1365 3020 1432 3073 δι’
1465 3021 1629 3073 αὑτοῦ
1672 3022 1765 3073 καὶ
1797 3022 1849 3074 oi

263 3112 520 3177 δαίμονες
564 3109 805 3178 σωθῆναι
862 3110 1122 3165 δύνανται
1156 3152 1171 3173 ,
1231 3112 1307 3171 ὠς
1360 3113 1620 3182 ἀνωτέρω
1653 3113 1846 3181 γέγονε

1954 649 2018 702 tit
2049 651 2195 717 quod
2254 649 2492 701 mundus
2530 664 2637 700 non
2694 644 2899 715 poterit
2955 642 3133 710 ipsum
3185 652 3438 705 scrvare,
3472 648 3529 693 ct

1950 738 2193 791 correxit
2248 738 2449 808 stylum
2481 777 2496 800 ,
2556 747 2611 789 et
2654 734 2979 802 temperavit
3046 740 3418 798 pra‘ceptum,
3465 736 3527 781 ut

1951 829 2096 882 Deus
2128 830 2267 883 facta
2309 837 2492 881 nostra
2527 837 2682 896 putet
2733 825 2801 877 ai)
2850 833 3074 877 eventu.
3130 821 3350 875 Sciebat
3378 820 3523 872 enim

1953 918 2091 972 Deus
2129 936 2159 973 a
2212 920 2506 988 principio,
2582 928 2637 972 et
2675 917 2803 986 quid
2852 914 3205 981 Evangelium
3259 910 3524 973 continet,

1951 1015 2166 1083 etquid
2202 1016 2455 1068 homines
2491 1013 2632 1066 ferre
2668 1018 2915 1079 possunt.
2948 1009 3215 1061 Praeterea
3262 1015 3316 1057 et
3347 1004 3524 1073 ipsum

1950 1107 2282 1159 Alcoranum
2319 1106 2489 1167 dicit,
2542 1104 2685 1172 quod
2739 1100 2873 1153 nihil
2920 1108 3050 1153 sunt
3091 1096 3370 1161 Saraceni,
3422 1094 3525 1150 nisi

1951 1198 2287 1265 adimplcant
2316 1196 2693 1264 Evangelium,
2733 1202 2787 1245 et
2827 1193 2998 1260 legem
3045 1186 3240 1257 Moysi,
3270 1194 3330 1240 ut
3357 1201 3525 1254 supe-

1955 1290 2070 1342 rius
2112 1290 2317 1343 dictum
2353 1298 2457 1343 est.
2514 1285 2811 1342 Christiani
2846 1294 3028 1337 autem
3062 1282 3237 1336 solum
3280 1280 3527 1344 Evange-

1952 1380 2083 1434 linm
2108 1380 2408 1448 adimplere
2430 1380 2651 1433 debent.
2686 1378 2820 1429 Item
2850 1373 3124 1444 quomodo
3150 1369 3530 1440 possetEvan-

1955 1468 2157 1538 gelium
2199 1468 2503 1537 perfectum
2558 1468 2688 1528 dici,
2725 1467 2769 1520 si
2819 1481 2928 1519 non
2980 1474 3164 1533 posset
3223 1459 3524 1515 secundum

1952 1561 2099 1614 vires
2157 1560 2225 1613 ab
2273 1560 2593 1613 hominibus
2643 1558 2901 1613 servari?
2936 1555 3092 1618 Item,
3128 1555 3173 1608 si
3224 1552 3525 1620 perfectum

1958 1660 2043 1705 est
2070 1652 2453 1721 Evangelinm,
2486 1660 2538 1705 et
2568 1650 2633 1703 ad
2657 1648 2888 1703 salutem
2927 1644 3234 1700 necessaria
3260 1641 3526 1696 continet:

1956 1740 2086 1809 quid
2119 1741 2319 1805 obstat,
2355 1743 2397 1795 si
2436 1742 2682 1810 quaedam
2716 1740 2825 1792 alta
2850 1736 3077 1790 consilia
3111 1734 3374 1795 continet,
3406 1747 3528 1798 qua:

1956 1845 2164 1899 magna:
2198 1830 2552 1897 perfectionis
2591 1826 2904 1881 exsistant?
2944 1823 3069 1876 llaec
3100 1834 3279 1876 tamen
3308 1834 3415 1872 non
3447 1816 3530 1870 di-

1957 1922 2030 1975 cit
2062 1923 2372 1977 nccessaria
2392 1936 2515 1975 esse
2536 1920 2602 1974 ad
2636 1919 2886 1974 salutem.
2913 1916 3069 1977 Item,
3098 1921 3360 1983 quantum
3385 1925 3531 1978 qna--

1953 2030 2063 2083 que
2094 2015 2181 2068 lex
2222 2014 2395 2081 magis
2434 2010 2780 2066 remissibilis
2806 2015 2890 2062 est
2915 2047 2930 2071 ,
2964 2014 3175 2059 tantum
3205 2011 3289 2055 est
3338 2015 3434 2068 per
3472 2013 3529 2051 se

1954 2107 2139 2159 minus
2170 2104 2423 2158 mercede
2456 2103 2640 2171 digna.
2679 2100 2735 2154 Si
2774 2098 2939 2168 igitur
2964 2096 3291 2151 Aleoranum
3328 2100 3411 2143 est
3446 2105 3531 2143 re-

1954 2194 2281 2250 missibilius
2312 2207 2476 2263 quam
2534 2190 2914 2261 Evangelium,
2947 2200 3056 2240 non
3094 2198 3227 2251 ergo
3274 2178 3530 2234 similiter

1955 2284 2139 2339 estad
2181 2284 2411 2337 salutem
2461 2282 2672 2335 cllicax.
2722 2280 2839 2334 Non
2876 2277 3022 2330 enim
3062 2273 3214 2328 dedit
3263 2273 3405 2325 Deus
3451 2270 3529 2322 le-

1955 2394 2077 2447 gem
2104 2377 2333 2430 minoris
2366 2374 2642 2435 cllicacim,
2667 2381 2721 2426 et
2745 2371 2810 2425 ad
2833 2371 3067 2424 salutem
3092 2364 3526 2419 lahoriosiorem.

1954 2467 2023 2521 Et
2061 2477 2280 2520 constat
2315 2465 2368 2517 in
2403 2464 2677 2518 Alcorano
2702 2502 2716 2523 .
2753 2459 2898 2529 quod
2942 2466 2999 2513 et
3026 2472 3123 2526 per
3152 2456 3328 2524 ipsum
3364 2454 3524 2507 Alco-

1952 2575 2148 2614 ranum
2182 2558 2458 2612 daemones
2488 2555 2684 2609 salvari
2716 2560 2988 2623 possunt,
3018 2561 3079 2605 ut
3125 2560 3379 2618 superius
3414 2560 3531 2598 ma-

1953 2664 2215 2718 nifestum
2238 2661 2335 2715 fuit
2372 2661 2425 2713 in
2460 2660 2697 2728 septimo
2724 2655 2981 2724 capitulo,
3020 2652 3114 2723 qui
3159 2666 3264 2704 non
3298 2658 3530 2719 possunt

1952 2755 2151 2812 salvari
2183 2769 2283 2823 per
2317 2750 2695 2821 Evangelinm.
2730 2749 2824 2801 list
2860 2747 3029 2817 igitur
3055 2745 3386 2800 Aleoranum
3420 2754 3532 2792 ma—

1958 2849 2040 2917 gis
2074 2847 2315 2900 salutare
2338 2860 2499 2912 quam
2539 2840 2916 2909 Evangelium,
2948 2852 3077 2907 ergo
3110 2844 3166 2891 et
3200 2833 3533 2890 laboriosius

1951 2944 2007 2989 et
2042 2933 2339 2987 (liflicilius.
2389 2932 2548 2995 Item,
2583 2930 2628 2984 si
2661 2930 2993 2984 Alcoranum
3032 2926 3247 2981 facilior
3276 2924 3362 2978 lex
3407 2932 3488 2977 est
3514 2962 3529 2986 ,

1950 3025 2316 3095 periculosius
2355 3032 2411 3077 et
2447 3022 2652 3091 majore
2697 3018 3124 3089 reprehensione
3152 3016 3379 3083 dignum
3412 3012 3521 3068 erit

1953 3132 2072 3172 eam
2102 3132 2209 3170 non
2238 3114 2541 3169 observari.
2573 3113 2676 3167 Sed
2707 3108 2967 3165 Saraceni
2988 3123 3107 3166 eam
3137 3122 3245 3159 non
3277 3110 3528 3165 servant;

263 3202 429 3270 δῆλον
461 3205 519 3253 ἐν
549 3201 625 3271 τῷ
659 3201 874 3271 ἑϐδόμῳ
907 3202 1212 3271 κεφαλαίῳ,
1250 3203 1448 3265 οἵτινες
1485 3205 1544 3256 οὐ
1580 3204 1842 3258 δύνανται

1955 3208 2322 3280 periculosius
2374 3207 2538 3277 igitur
2564 3212 2819 3274 peccant.
2859 3202 3011 3268 Quod
3051 3209 3233 3253 autem
3265 3212 3386 3252 eam
3416 3208 3530 3248 non

261 3293 357 3345 δια
390 3291 484 3344 τοῦ
517 3291 849 3360 Εὑαγγε).ίου
881 3292 1142 3361 σωθῆναι.
1182 3292 1373 3345 Ἔστιν
1406 3294 1516 3363 ἄρα
1552 3294 1613 3346 τὸ
1651 3295 1847 3348 Ἀλκο-

267 3386 435 3452 ρᾶινον
466 3383 811 3453 σωτηριῶδες
848 3383 1051 3450 μᾶλλον
1105 3382 1138 3450 ἢ
1192 3383 1253 3436 τὸ
1307 3383 1675 3449 Εὑαγγέλιονι
1702 3384 1844 3437 ὥστε

262 3474 673 3542 ἐπιπονώτερον
698 3474 794 3526 καὶ
816 3472 1288 3545 ὅδυσχερέστερον⁶
1321 3474 1442 3526 Ἔτι
1476 3475 1527 3527 εί
1559 3474 1618 3527 τὸ
1656 3474 1846 3527 Ἀλκοσ

267 3569 433 3637 ράνον
465 3568 609 3636 ῥᾴων
660 3565 821 3634 νόμος
860 3566 1032 3631 ἐστὶν,
1076 3566 1566 3637 ὲπικινδυνώτερον
1609 3569 1699 3621 καὶ
1734 3569 1850 3637 μεί-

268 3660 423 3724 ζονος
453 3660 600 3724 ἀξιον
644 3659 904 3727 μέμψεως
952 3657 1106 3711 ἔσται
1139 3660 1200 3711 τὸ
1233 3659 1308 3728 μὴ
1350 3659 1640 3727 φυλάττειν
1664 3661 1843 3714 αὐτόν.

277 3752 497 3806 Ἀλλὀί
530 3752 877 3824 Σαρρακηνοὶ
923 3751 1112 3804 τοῦτον
1160 3750 1219 3803 οὐ
1255 3751 1537 3820 τηροῦσιν·
1574 3752 1850 3806 ἐπικινδυ-

264 3849 505 3913 νώτερον
542 3843 652 3913 ἄρα
696 3843 1125 3913 ἁμαρτάνουσιν.
1177 3843 1303 3895 Ὅτι
1350 3844 1406 3896 δὲ
1459 3845 1621 3898 τοῦτο
1670 3862 1848 3915 παρα-

265 3938 539 3996 ϐαίνουσι,
568 3936 746 4004 δῆλον.
795 3934 1019 3988 Πίνουσι
1066 3935 1175 4006 γὰρ
1228 3932 1405 3999 οἶνον,
1454 3937 1551 3989 καὶ
1602 3936 1850 4006 βοτάναις

271 4026 664 4095 μεθύσκονται,
689 4025 928 4078 ἐσθίουσί
954 4027 1010 4078 τὲ
1038 4043 1158 4078 τινα
1178 4025 1468 4096 ἀκάθαρτα
1494 4026 1623 4097 παρ’
1646 4028 1848 4092 αὐτοῖς,

266 4118 329 4169 οὐ
371 4115 599 4185 τηροῦσί
641 4132 699 4168 τε
736 4116 834 4184 τὴν
884 4115 1162 4181 νηστείαν,
1211 4115 1335 4168 οὔτε
1369 4118 1469 4185 τὴν
1514 4118 1849 4186 προσευχὴν,

266 4207 380 4259 οὔτ’
426 4206 777 4261 ἀναλίσκουσι
840 4207 985 4259 κατὰ
1040 4207 1139 4276 τὴν
1195 4206 1376 4261 αὐτῶν
1427 4208 1725 4278 εὐπορίαν·
1758 4210 1852 4261 καὶ

267 4301 410 4356 ἄλλα
455 4299 645 4362 πολλὰ,
693 4298 730 4353 ἃ
767 4298 976 4369 βέλτιον
1025 4292 1166 4351 οἶδεν
1203 4300 1232 4351 ὁ
1275 4301 1333 4351 ὲν
1372 4302 1439 4369 τῇ
1476 4301 1615 4369 πρὸς
1655 4300 1851 4362 αὐτοὺς

267 4389 593 4455 ἀναστροφῇ
625 4388 824 4455 πεῖραν
871 4387 1079 4440 τούτων
1107 4386 1312 4443 λαϐὼν.
1352 4387 1461 4440 Εἶτ’
1510 4389 1621 4460 ἄρα
1671 4390 1852 4461 ῥᾴδιον

269 4477 437 4533 τοῦτο
478 4479 658 4547 φαῖεν,
698 4479 809 4530 εἴτε
829 4477 1113 4548 δυσχερὲς,
1138 4479 1229 4531 τὸν
1254 4478 1495 4532 κίνδυνον
1524 4481 1623 4533 οὐκ
1649 4481 1848 4549 ὲκφεύυ

1948 3311 2211 3363 servant,
2261 3315 2363 3353 nee
2408 3297 2704 3366 complent,
2773 3293 3122 3347 manifestum
3172 3298 3278 3344 est.
3329 3288 3535 3341 Bibunt

1955 3389 2103 3442 enim
2144 3386 2357 3445 vinum,
2387 3393 2443 3439 et
2495 3384 2862 3444 iuebriantur,
2895 3378 3303 3445 comeduntque
3339 3375 3529 3429 illicita

1948 3478 2089 3547 apud
2121 3492 2246 3537 eos;
2281 3491 2390 3530 non
2418 3485 2637 3529 servant
2668 3472 2960 3543 jejunium,
2981 3484 3159 3538 neque
3188 3467 3521 3530 orationem,

1956 3585 2137 3639 neque
2173 3568 2491 3638 expendunt
2535 3567 2689 3635 juxta
2750 3578 2941 3617 eorum
2977 3562 3312 3621 facultatem,
3344 3567 3399 3613 ct
3428 3558 3533 3618 alia

1955 3663 2145 3726 multa,
2183 3675 2304 3730 qua:
2332 3659 2529 3713 melius
2567 3658 2667 3712 scit
2695 3658 2785 3725 qui
2841 3657 2893 3709 in
2936 3654 3355 3708 conversatione
3389 3652 3534 3704 inter

1952 3766 2049 3806 eos
2077 3750 2474 3819 experientiam
2513 3748 2710 3801 horum
2742 3745 2909 3814 capit.
2944 3744 3070 3799 Sive
3128 3743 3343 3797 facilem
3392 3740 3535 3794 hanc

1951 3844 2174 3906 dicunt,
2228 3842 2347 3895 sive
2388 3838 2690 3903 difficilem,
2740 3836 3047 3905 periculum
3103 3850 3215 3889 non
3268 3832 3531 3888 evadunt.

1954 3935 2059 3988 Sed
2097 3935 2151 3986 in
2181 3932 2414 3986 veritate
2443 3970 2457 3993 ,
2514 3929 2857 3982 Mahometus
2907 3935 3138 3980 conatus
3175 3933 3261 3980 est
3308 3922 3526 3993 quidem

1954 4025 2168 4079 facilem
2202 4025 2378 4091 legem
2413 4020 2567 4083 dare,
2601 4034 2711 4073 non
2748 4027 2927 4070 tamen
2975 4016 3301 4085 permissum
3331 4022 3413 4067 est
3450 4013 3533 4067 sic

1959 4126 2227 4181 calamum
2266 4133 2573 4191 temperare
2627 4120 2759 4191 quin
2814 4119 3054 4172 difﬁcilia
3100 4118 3266 4173 multa
3300 4119 3535 4172 interse-

1951 4215 2143 4269 ruerit.
2171 4212 2422 4267 Continet
2451 4211 2595 4265 enim
2622 4209 2705 4264 lex
2746 4208 2837 4262 illa
2868 4202 3254 4261 'dillicultatem
3301 4206 3528 4260 multam

1959 4306 2024 4360 ad
2077 4319 2196 4358 eam
2233 4302 2673 4371 intelligendam.
2710 4300 2921 4353 Dicitur
2950 4299 3095 4352 enim
3148 4298 3200 4351 in
3235 4297 3525 4359 Aleorano,

1952 4396 2099 4465 quod
2131 4411 2160 4449 a
2195 4394 2312 4447 solo
2342 4392 2455 4447 Deo
2510 4391 2854 4458 intelligitur.
2892 4391 3006 4443 Hoc
3046 4398 3228 4443 autem
3256 4389 3530 4456 quomodo

1954 4488 2028 4541 sit
2061 4485 2438 4540 irrationabilé
2461 4523 2476 4547 ,
2512 4483 2864 4537 manifestum
2919 4482 3022 4535 fuit
3060 4482 3115 4534 in
3152 4490 3345 4533 octavo
3379 4479 3531 4547 capi-

267 4588 485 4639 γουσιν.
524 4569 668 4622 Ἀλλ’
697 4570 784 4621 ἐπ’
813 4569 1072 4639 ἀληθείας
1110 4570 1139 4621 ὁ
1188 4570 1489 4639 Μαχούμετ
1522 4572 1847 4642 ἐπεχείρησε

1958 4578 2093 4631 tulo.
2144 4577 2276 4629 Item
2328 4575 2575 4627 continet
2606 4574 2771 4627 etiam
2803 4572 3175 4625 dillicultatcm
3209 4569 3274 4622 ad
3302 4568 3531 4623 creden-

273 4663 377 4732 μὲν
406 4660 588 4729 ῥᾴδιον
622 4660 806 4712 δοῦναι
839 4662 1006 4728 νόμον
1028 4699 1043 4723 ,
1094 4662 1155 4713 οὐ
1209 4664 1626 4732 συγκεχώρηται
1669 4665 1850 4732 μέντοι

267 4753 427 4823 παρὰ
461 4752 598 4804 Θεοῦ
642 4751 786 4804 οὕτω
834 4752 1099 4805 διαθεῖναι
1147 4752 1239 4803 τὸν
1282 4753 1545 4821 κάλαμον,
1601 4754 1739 4805 ὥστε
1774 4756 1849 4823 μὴ

264 4843 444 4898 πολλὰ
463 4842 699 4910 δυσχερῆ
728 4842 1056 4910 παραμῖξαι.
1086 4843 1341 4911 Περιέχει
1372 4844 1470 4911 μὲν
1493 4844 1599 4915 γὰρ
1632 4846 1658 4895 ὁ
1690 4845 1850 4914 νόμος

263 4939 479 4996 ἐκεῖνος
512 4933 833 5004 δυσχέρειαν
868 4934 1069 5005 πολλὴν
1111 4935 1167 4987 ἐν
1210 4936 1288 5005 τῷ
1322 4935 1580 4989 νοεῖσθαι.
1620 4934 1849 5001 Λέγεται

265 5031 382 5098 γὰρ
441 5030 502 5079 ὲν
561 5027 733 5097 αὐτῷ,
769 5028 843 5088 ὡς
893 5025 997 5079 ὑπὸ
1052 5027 1216 5095 μόνου
1268 5028 1471 5079 νοεῖται
1530 5024 1627 5079 τοῦ
1686 5023 1845 5079 Θεοῦ.

266 5118 445 5174 Τοῦτο
476 5118 527 5171 o2
560 5119 708 5180 Ξπως
748 5118 895 5170 ἐστὶν
938 5117 1153 5183 ἄλογον,
1187 5117 1347 5185 δῆλον
1389 5118 1614 5185 γέγονεν
1649 5116 1851 5168 ἀνωτέ-

271 5231 353 5282 ρω
381 5213 438 5264 ὲν
467 5212 546 5279 τῷ
578 5212 750 5279 ὀγδόῳ
797 5209 1097 5277 κεφαλαίῳ.
1140 5208 1263 5261 Ἔτι
1316 5225 1376 5261 τε
1429 5208 1703 5279 δυσχερής
1733 5209 1847 5260 ἐστι

265 5305 405 5374 περὶ
434 5304 494 5355 τὺ
524 5302 903 5355 πιστεύεσθαι.
936 5302 1079 5367 Φησὶ
1116 5302 1225 5369 γὰρ
1268 5301 1367 5371 τὴν
1417 5301 1696 5371 Παρθένον
1729 5300 1850 5353 Μαι

268 5399 399 5467 ρίαν
432 5395 701 5465 παρθένον
744 5394 1005 5462 γεννῆσαι
1040 5394 1134 5443 τὸν
1174 5394 1404 5463 Ἰησοῦν,
1450 5395 1546 5445 καὶ
1585 5395 1676 5446 τὸν
1717 5394 1848 5446 Θεὸν

265 5488 417 5556 ἔχειν
466 5487 639 5547 Λόγον
700 5485 796 5539 καὶ
854 5485 1079 5553 Πνεῦμα
1136 5484 1333 5550 ἅγιον·
1374 5486 1533 5538 ἀτινα
1577 5484 1846 5551 ἀναγκαῖὰ

266 5580 418 5631 εἰσιν
460 5579 595 5646 πρὸς
648 5576 746 5646 τὴν
793 5576 1085 5646 ἡμετέραν
1132 5576 1357 5638 πίστιν,
1410 5576 1546 5645 πλὴν
1604 5576 1845 5645 θαύμασι

268 5668 663 5739 βεδαιωθέντα.
703 5668 823 5719 ’Ἔτι
855 5685 915 5720 τε
945 5668 1221 5739 δυσχερής
1254 5670 1403 5719 ἐστιν
1439 5667 1846 5740 ἀποπληρωθῆ-

268 5777 364 5814 vat
392 5758 656 5826 δι’ἓργων
689 5776 700 5787 ·
741 5752 852 5810 οἶόν
892 5760 1015 5811 ’ἐστι
1068 5760 1126 5811 τὸ
1160 5760 1605 5828 περιτέμνεσθαι,
1657 5762 1749 5812 καὶ
1788 5761 1844 5811 τὸ

273 5850 353 5919 μὴ
410 5848 582 5901 πίνειν
615 5845 775 5912 οἶνον,
818 5851 909 5902 καὶ
939 5850 1067 5917 περὶ
1096 5849 1187 5902 τοῦ
1222 5850 1588 5917 φυλάττεσθαι
1631 5852 1717 5905 διὰ
1754 5853 1839 5907 ιοῦ

1958 4670 2111 4723 dum.
2147 4669 2290 4722 Dicit
2340 4669 2488 4721 enim
2520 4708 2535 4732 ,
2583 4667 2846 4737 virginem
2881 4666 3101 4720 Mariam
3138 4665 3414 4734 peperisse
3438 4663 3539 4718 Je-

1956 4778 2103 4826 sum,
2144 4773 2196 4816 ct
2235 4763 2403 4817 Deum
2443 4762 2645 4815 habere
2679 4761 2918 4814 Verbum
2967 4768 3022 4812 ct
3054 4756 3318 4826 Spiritum
3367 4770 3529 4809 sauc-

1954 4863 2064 4907 tnm
2089 4894 2103 4914 ,
2140 4869 2259 4922 qu;e
2310 4851 2618 4905 necessaria
2676 4859 2805 4903 sunt
2847 4849 2916 4902 ad
2976 4858 3216 4903 nostram
3252 4846 3434 4908 Iidem,
3470 4854 3529 4899 ct

1954 4956 2133 4999 tamen
2200 4942 2485 4996 miraculis
2539 4941 2887 4996 confirmata.
2953 4939 3086 4993 ltcm
3148 4937 3386 4991 ditlicilis
3439 4945 3525 4991 est

1950 5044 2173 5106 propter
2201 5048 2367 5102 opera
2399 5031 2708 5101 adimgteri,
2760 5031 2901 5084 sicut
2954 5028 3299 5091 circumcidi,
3327 5036 3383 5082 et
3412 5042 3521 5080 non

1951 5128 2143 5182 bibere
2176 5125 2390 5188 vinum,
2442 5134 2498 5178 et
2550 5138 2744 5177 carere
2778 5120 3101 5174 ebrietatem
3134 5134 3229 5187 per
3261 5118 3525 5178 ciceram,

1949 5229 2005 5274 et
2035 5218 2139 5271 alia
2170 5230 2291 5285 quae
2323 5225 2450 5269 sunt
2500 5214 2568 5269 de
2595 5214 2807 5283 jejunio
2838 5222 2893 5266 et
2919 5211 3191 5273 oratione,
3221 5217 3277 5263 et
3308 5208 3377 5263 de
3406 5208 3526 5263 col-

1949 5310 2155 5364 latione
2192 5308 2421 5363 cuilibct
2448 5306 2753 5362 secundum
2800 5304 3116 5360 facultatem
3146 5302 3250 5357 sibi
3277 5302 3457 5356 datam
3491 5316 3519 5355 a

1948 5399 2080 5463 Deo,
2112 5408 2168 5453 et
2216 5400 2387 5453 multa
2434 5400 2562 5462 alia,
2594 5413 2713 5467 qua:
2748 5394 2907 5465 pauci
2959 5393 3361 5449 Saracenorum
3398 5407 3522 5445 ser-

1949 5500 2099 5545 vant.
2147 5490 2298 5545 Sicut
2344 5490 2509 5560 igitur
2557 5491 2660 5543 fuit
2695 5486 2903 5541 mundo
2951 5485 3340 5546 necessarium,
3373 5482 3518 5553 quod

1948 5582 2341 5636 alleviarentur
2368 5591 2638 5652 praecepta
2665 5578 2967 5648 Evangelii,
3016 5586 3070 5630 et
3108 5575 3331 5629 daretur
3361 5575 3524 5628 Alco-

1951 5690 2142 5728 ranum
2177 5676 2351 5728 levius
2384 5695 2394 5729 :
2440 5675 2512 5728 ita
2557 5682 2740 5742 posset
2775 5671 2881 5725 dici
2914 5670 2983 5723 ab
3012 5668 3217 5735 aliquo.
3249 5665 3393 5735 quod
3426 5681 3515 5717 cs-

1950 5775 2032 5818 si:t
2077 5766 2451 5819 ltt‘Ct'SSItrlttllt
2496 5776 2554 5817 ut
2595 5764 2817 5817 daretur
2866 5760 2970 5814 alia
3028 5759 3111 5812 lu
3158 5757 3349 5817 levior.
3398 5774 3517 5821 qua:

1954 5862 2135 5921 posset
2166 5854 2231 5907 ab
2263 5854 2576 5908 hominibus
2599 5850 2900 5912 obsenari,
2929 5858 2983 5904 ct
3017 5857 3121 5899 tam
3165 5846 3523 5917 Evangeliunt
