4186 6438
287 448 421 510 ἶιιιτ

1501 449 1801 509 CONTRA
1843 451 2116 511 ΜΑΗΟΜ
2130 453 2173 511 Ε
2186 453 2222 510 Γ
2237 453 2365 511 ΕΜ.

3413 460 3546 524 1158

280 562 582 623 εειιμονίας·
611 562 706 614 ναὶ
733 562 890 614 τοῦτο
919 563 1007 615 διὰ
1034 561 1146 614 τῶν
1180 562 1415 614 ἐντολῶν
1451 563 1545 613 καὶ
1587 562 1698 613 τῶν
1732 563 1858 632 ἁρε-

1964 573 2254 631 cognoscat
2303 565 2444 617 hanc
2492 563 2633 617 viam
2686 574 2839 617 extra
2882 581 3189 634 quamnon
3242 582 3326 622 t‘Sl.
3374 576 3543 622 satus.

278 652 418 705 τῶν.
463 654 652 714 Ὅστις
701 648 793 707 οὖν
822 655 965 707 θέλει
1000 655 1264 722 σωθῆναι,
1307 655 1412 724 πρὸ
1443 654 1662 727 πάντων
1700 654 1860 723 χρεία

280 745 435 794 ἐστὶν
459 745 608 813 αὑτῷ
640 748 870 814 κρατεῖν
899 746 998 814 τὴν
1029 746 1327 815 καθολικὴν
1361 746 1566 809 πίστιν,
1606 744 1856 813 δηλονότι

276 829 383 895 τῆς
442 831 760 900 καθολικῆς.
795 832 1128 901 Ἐκκλησίας
1194 832 1303 882 τῶν
1361 830 1728 898 Χριστιανῶν,
1779 833 1855 895 ὡς

278 922 422 992 αὐτῇ
454 925 521 993 τῇ
571 922 870 994 Ἐκκλησία
899 924 987 977 διὰ
1026 925 1122 977 τοῦ
1170 924 1509 991 Εὐαγγελίου
1545 924 1859 991 ἐτιιραδὶδω⁴

280 1026 391 1075 σιν,
430 1011 515 1063 ἵνα
545 1010 875 1080 φωτίζηται,
910 1016 1006 1066 καὶ
1063 1013 1264 1083 βλέπῃ,
1321 1014 1415 1065 καὶ
1447 1012 1698 1082 γικώσκῃ
1731 1012 1859 1065 ταύ-

278 1116 383 1168 την
437 1099 535 1170 τὴν
581 1100 718 1166 ὁδον,
751 1097 820 1175 ἦς
873 1104 980 1167 ἔξω
1022 1105 1083 1157 οὐ
1126 1104 1354 1157 δύναται
1391 1103 1677 1167 σώζεσθαι.
1702 1104 1860 1157 Μετὰ

279 1190 480 1255 ταῦτα,
543 1192 630 1245 ἵνα
680 1194 748 1246 τὰ
799 1197 1081 1265 μυστήρια
1109 1196 1210 1264 τῆς
1253 1194 1581 1264 Ἐκκλησίας
1612 1194 1862 1258 εὐλαϐῶς

1973 652 2180 707 Deinde
2219 664 2277 706 ut
2319 665 2666 710 sacramenta
2716 656 2969 711 Ecclesiae
3020 670 3334 713 reverenter
3368 660 3539 713 susci-

1970 746 2103 813 piat,
2141 754 2201 799 ut
2234 755 2469 815 ponatur
2505 748 2559 800 in
2609 748 2695 801 via
2742 764 2842 817 per
2875 764 3039 817 quam
3075 764 3299 803 necesse
3351 761 3436 804 est
3477 752 3543 804 ad

1968 837 2199 890 salutem
2233 836 2538 891 ambulare.
2574 836 2813 893 Tandem
2844 848 2903 893 ut
2931 841 3100 910 possit
3138 842 3429 895 terminum
3460 858 3547 896 sa-

1967 924 2096 979 lutis
2121 936 2177 979 et
2206 925 2485 980 fclicitatis
2533 942 2728 982 secure
2759 930 3048 998 attingere,
3082 946 3221 1000 opus
3251 943 3333 985 cst
3366 941 3424 986 ut
3450 935 3545 986 ob-

1967 1026 2149 1071 servet
2172 1018 2486 1087 evangelica
2521 1030 2789 1088 praecepta
2820 1031 2876 1075 et
2921 1021 3128 1087 divina,
3155 1032 3210 1076 et
3241 1024 3545 1077 secundum

1968 1106 2202 1163 virtutes
2232 1109 2576 1179 theologicae
2609 1111 2817 1179 pariter
2841 1120 2898 1164 ct
2927 1116 3162 1168 murales
3192 1130 3348 1168 suam
3379 1115 3545 1168 vitam

1970 1198 2209 1261 ordinet,
2242 1208 2296 1253 et
2326 1210 2606 1270 operetur.

281 1284 634 1352 ἀναδέξηται,
679 1287 755 1349 ὡς
806 1287 874 1339 ἂν
929 1288 1061 1359 τεθῇ
1113 1290 1170 1341 ὲν
1199 1290 1265 1357 τῇ
1303 1288 1429 1358 ὁδῷ,
1464 1288 1534 1340 δι’
1582 1284 1651 1359 ἦς
1718 1288 1933 1356 ἀνάγκη
1978 1288 2128 1340 ἐστὶν
2158 1291 2367 1343 ὁδεύειν
2398 1292 2537 1362 πρὸς
2583 1294 2683 1362 τὴν
2715 1294 3013 1363 σωτηρίαν.
3047 1295 3340 1363 ’Υστερον,
3371 1298 3445 1359 ὡς
3483 1296 3548 1348 ἂν

286 1377 497 1446 δυνηθῇ
531 1378 667 1446 προς
699 1378 790 1430 τὸν
822 1379 948 1448 ὅρον
983 1382 1080 1449 τῆς
1129 1382 1403 1450 σωτηρίας
1470 1379 1565 1433 καὶ
1627 1379 1723 1447 τῆς
1786 1380 2135 1450 εὐδαιμονίας
2186 1383 2446 1449 ἀσφαλῶς
2498 1384 2721 1451 φθάσαι,
2776 1389 2933 1454 γρεία
2964 1390 3114 1440 ἐστὶν
3174 1390 3261 1440 ἵνα
3299 1390 3546 1460 ιρι-λαττη

279 1469 383 1530 τὰς
416 1470 784 1536 εὐαγγελικάς
828 1472 1047 1535 ἐντολὰς
1100 1475 1197 1526 καὶ
1265 1473 1416 1535 θείας
1439 1494 1467 1539 ·,-
1530 1472 1624 1525 καὶ
1668 1473 1811 1525 κατὰ
1848 1472 1947 1536 τὰς
1988 1475 2190 1542 ἀρετὰς
2242 1478 2339 1537 τὰς
2395 1479 2713 1545 θεολογικὰς
2761 1480 2896 1549 ὁμοῦ
2946 1484 3039 1533 καὶ
3081 1485 3179 1545 τὰς
3212 1484 3408 1552 ἠθικὰς
3445 1486 3549 1553 τὴν

283 1561 486 1614 ἑαυτοῦ
531 1562 676 1632 ζωὴν
722 1564 895 1637 τάττῃ
927 1567 1022 1618 καὶ
1068 1566 1293 1635 ἐνεργῇ.

356 1655 476 1724 Χρὴ
529 1658 728 1719 τοίνυν,
779 1649 823 1707 ὦ
870 1657 1261 1719 ποθεινότατοι,
1310 1656 1397 1709 διὰ
1432 1656 1531 1725 τὴν
1585 1656 1861 1727 σωτηρίαν

2039 1657 2271 1729 Oportet
2335 1676 2488 1732 ergo,
2549 1662 2917 1730 dilectissimi,
2973 1681 3074 1733 pro
3128 1679 3303 1720 veSIra
3371 1670 3547 1723 salute

281 1747 462 1815 ὑμῶν,
492 1747 588 1799 καὶ
618 1749 745 1817 περὶ
771 1747 865 1799 τοῦ
894 1747 1031 1799 Θεοῦ
1066 1750 1161 1801 καὶ
1196 1752 1326 1817 περὶ
1367 1749 1464 1816 τῆς
1516 1751 1862 1819 προειρημέ-

281 1856 383 1905 νης
406 1837 545 1903 ὁδοῦ,
570 1840 690 1908 ἣτις
716 1840 865 1891 ἐστὶν
889 1842 917 1892 ό
946 1840 1203 1910 Χριστὸς,
1229 1840 1404 1903 ἄλλως
1431 1842 1525 1893 καὶ
1551 1843 1711 1895 πλέον
1733 1859 1863 1911 φρο-

282 1934 397 1981 νεῖν
431 1932 525 1984 καὶ
549 1933 690 1983 νοεῖν
722 1935 867 2001 παρδ
911 1935 967 1985 ἐν
1002 1932 1078 2000 τῷ
1123 1934 1436 2001 ’Λλκορανῳ
1480 1932 1636 2001 ὑμῶν
1664 1932 1815 2003 ἔχετε
1844 1948 1860 1963 ⁶

281 2023 345 2074 ὲν
372 2014 545 2088 ᾧτινι,
578 2025 625 2074 εἰ
654 2024 746 2073 καὶ
770 2028 900 2094 περὶ
928 2023 1022 2077 τοῦ
1056 2024 1191 2075 Θεοῦ
1220 2027 1313 2077 καὶ
1338 2024 1501 2077 αὐτοῦ
1528 2025 1622 2077 τοῦ
1654 2024 1861 2093 Κυρίου

281 2113 447 2180 ἡμῶν
492 2114 668 2183 Ἰησοῦ
719 2115 961 2183 Χριστοῦ
1008 2116 1179 2168 πολλὰ
1215 2117 1389 2187 ἀληθῆ
1434 2119 1530 2169 καὶ
1567 2120 1797 2186 φανερὰ,
1828 2118 1863 2172 ἂ

284 2204 383 2256 καὶ
409 2204 569 2274 ἡμεῖς
605 2207 997 2276 ὁμολογοῦμεν,
1049 2208 1228 2278 ἔχετε,
1254 2210 1402 2277 ὅμως
1435 2210 1568 2263 διότι
1614 2210 1676 2263 οὐ
1719 2210 1863 2263 κατὰ

278 2297 375 2348 τὸν
403 2298 565 2349 αὑτὸν
592 2301 812 2368 τρόπον,
847 2299 921 2361 ὡς
950 2290 1088 2371 αὑτὴ
1136 2302 1169 2370 ἡ
1199 2303 1426 2371 ἀλήθεια
1470 2304 1531 2356 ὲν
1562 2302 1638 2372 τῷ
1679 2303 1862 2371 Εὐαγ-

280 2389 453 2460 γελίῳ
507 2392 875 2460 ἐφανέρωσεν,
914 2393 1040 2446 οὐδὲ
1088 2394 1307 2457 ἱκανῶς·
1346 2394 1433 2448 διὰ
1462 2397 1618 2450 τοῦτο
1642 2396 1805 2460 αὐτὸς
1835 2398 1863 2449 ό

280 2482 449 2550 νόμος
501 2482 595 2536 τοῦ
641 2484 971 2556 Ἀλκοράνου
1028 2487 1129 2539 οὐκ
1186 2488 1346 2558 ἀρκεῖ
1380 2489 1514 2559 πρὸς
1563 2490 1859 2559 σωτηρίαν.

282 2575 633 2644 Ιιαραδίδωσι
654 2577 762 2647 γὰρ
792 2579 924 2631 αὐτὸ
955 2579 1016 2631 τὸ
1058 2579 1386 2651 ’Λλκορανον
1421 2583 1552 2652 περὶ
1582 2582 1673 2635 τοῦ
1702 2583 1860 2650 Θεοῦ,

278 2667 365 2716 ὅτι
400 2666 547 2716 ἐστὶν
576 2660 676 2728 εἷς,
705 2666 1017 2736 ἀσώματος,
1056 2669 1239 2733 ἄῦλος,
1274 2658 1529 2740 ἀόρατος,
1577 2672 1862 2742 ἀκατάλη-

279 2774 440 2821 πτος,
480 2750 689 2821 οὗτινος
719 2758 841 2811 οὔτε
895 2760 1120 2830 μέτοχος
1152 2800 1167 2825 ,
1204 2760 1327 2814 οὔτε
1380 2766 1637 2826 κοινωνός
1688 2766 1860 2817 ἐστιν⁹

279 2848 343 2898 ἐν
372 2850 436 2918 τῇ
495 2850 640 2917 χειρὶ
697 2849 864 2903 αὐτοῦ
918 2851 1030 2919 ζωὴ
1059 2853 1152 2905 καὶ
1201 2853 1453 2916 θάνατος’
1517 2855 1680 2917 αὐτὸς
1720 2856 1861 2926 ὑπὲρ

279 2939 466 2992 πάντα
498 2940 749 3004 δυνατὸς,
782 2940 922 3012 ὑπὲρ
956 2944 1131 2998 πάντα
1160 2944 1546 3014 εὑλογημένοςυ
1580 2948 1741 3010 αὐτὸς
1771 2949 1863 3018 δη-

285 3031 571 3099 μιουργὸς,
628 3033 971 3103 κυϐερνήτης
1024 3037 1118 3088 καὶ
1166 3036 1460 3106 δικαιωτὴς
1511 3040 1617 3090 τῶν
1650 3040 1858 3108 ψυχῶν,
1891 3074 1931 3130 C

280 3124 382 3174 καὶ
413 3122 580 3174 πολλὰ
601 3123 756 3188 ἄλλα,
788 3124 947 3178 ἅτινα
975 3128 1068 3179 καὶ
1092 3128 1253 3196 ἡμεῖς
1282 3128 1498 3196 ἀληθῶς
1536 3131 1863 3201 πιστεύομεν

281 3215 384 3268 καὶ
415 3218 778 3286 κηρόττομεν.
848 3219 991 3273 Ἀλλ’
1042 3219 1100 3271 ὲν
1131 3220 1326 3290 τούτῳ,
1363 3222 1444 3274 ὅτι
1492 3223 1741 3291 ἀρνεῖται
1771 3226 1863 3278 τόν

280 3311 419 3360 θεὸν
451 3312 545 3362 καὶ
593 3311 836 3381 Πατέρα,
881 3312 940 3363 οὑ
981 3312 1261 3382 σαρκικῶς
1310 3316 1372 3366 ὲκ
1407 3317 1687 3381 γυναικὸς,
1737 3317 1862 3370 ἐπεὶ

281 3399 511 3469 πνεῦμά
541 3402 713 3463 ἐστιν,
745 3402 862 3456 ἀλλ’
893 3407 955 3455 ἐκ
982 3403 1083 3471 τῆς
1132 3404 1322 3463 οὐσίας
1352 3406 1519 3458 αὐτοῦ
1556 3406 1758 3479 νοερῶς
1804 3407 1863 3471 ἐξ

286 3495 465 3549 ἀϊδίου
497 3497 769 3550 συναῖδιον
793 3498 968 3563 ἑαυτῇ
993 3496 1250 3567 γεννῆσαι
1287 3496 1435 3559 Υἱὸν,
1473 3499 1567 3551 καὶ
1612 3515 1860 3569 προαγα-

282 3589 407 3655 γεῖν
438 3587 662 3656 Πνεῦμα
698 3588 875 3656 ἅγιον,
911 3589 1166 3652 ἐλεεινῶς
1209 3590 1578 3659 πεπλάνηται,
1613 3591 1859 3644 ἐκλείπει

282 3697 345 3731 τε
377 3679 485 3731 ἀπὸ
512 3680 612 3747 τῆς
643 3678 904 3748 ἀληθείας
936 3680 1030 3732 τοῦ
1065 3680 1427 3747 Εὑαγγελίου·
1459 3682 1595 3748 ὅπερ
1628 3680 1861 3749 βεὸαίως

280 3770 526 3823 διδάσκει
564 3770 657 3822 ἕνα
690 3766 832 3823 εἶναι
858 3770 951 3823 τὸν
984 3771 1119 3823 Θεὸν
1151 3773 1209 3824 ὲν
1248 3775 1315 3842 τῇ
1347 3772 1503 3842 οὐσίᾳ
1534 3774 1626 3824 καὶ
1658 3775 1721 3841 τῇ
1753 3772 1857 3839 φῦ-

282 3880 391 3925 ast,
426 3864 518 3915 καὶ
548 3861 756 3932 Τριάξα
787 3864 845 3915 ὲν
874 3865 987 3924 τοῖς
1034 3862 1368 3933 προσώποις,
1418 3864 1584 3935 ἤγουν
1618 3864 1857 3933 Πατέρα,

279 3956 380 4007 καὶ
406 3954 556 4016 Υἰδν,
584 3955 681 4007 καὶ
713 3954 939 4022 Πνεῦμα
967 3954 1145 4022 ἅγιον·
1175 3955 1298 4009 οὐδὲ
1341 3951 1479 4010 εἶναι
1512 3958 1675 4010 αὑτὸν
1731 3958 1860 4009 Υίὸν

281 4046 317 4113 ἢ
370 4044 431 4096 τὸ
477 4042 703 4111 Πνεῦμα
763 4044 823 4096 το
876 4043 1050 4110 ἅγιον,
1111 4044 1337 4115 μέτοχον
1388 4044 1713 4116 ἦκοινωνὸν
1765 4043 1860 4097 τοῦ

279 4136 445 4201 Θεοῦ,
481 4136 671 4205 ἐπειδὴ
699 4136 963 4204 ἑκάτερος
996 4134 1178 4189 αὐτῶν
1204 4138 1263 4189 οὑ
1296 4140 1496 4207 μετοχῇ
1536 4154 1644 4189 τινι
1679 4137 1712 4204 ἢ
1744 4154 1861 4189 κοι-

284 4228 474 4297 νωνία,
508 4226 646 4280 ἀλλὰ
670 4226 946 4288 οὑσιωδῶς
983 4227 1076 4280 καὶ
1125 4229 1373 4296 φυσικῶς
1406 4230 1523 4281 ἐστι
1567 4228 1721 4292 Θεὸς,
1760 4228 1860 4298 τὴν

278 4321 454 4392 αὐτὴν
505 4321 646 4390 μετά
672 4320 765 4374 τοῦ
813 4321 951 4373 Θεοῦ
1011 4322 1107 4374 καὶ
1141 4320 1351 4390 Πατρδς
1408 4321 1716 4390 ἀδιαίρετον
1762 4322 1859 4376 καὶ

1968 1758 2075 1803 tam
2114 1752 2181 1805 de
2218 1752 2326 1805 Deo
2360 1769 2524 1822 quam
2556 1756 2624 1808 de
2654 1757 2966 1824 sutiradicta
3000 1759 3109 1819 via,
3138 1776 3261 1826 qua:
3289 1760 3545 1814 Christus

1965 1850 2067 1906 est,
2100 1852 2154 1895 et
2181 1844 2304 1912 plus
2336 1847 2565 1909 sentire,
2604 1862 2765 1915 quam
2806 1849 2859 1901 in
2896 1860 3081 1902 vestro
3134 1849 3405 1921 Alc-prauo
3455 1853 3547 1905 ha-

1964 1929 2159 1996 beatis,
2194 1934 2246 1985 in
2277 1949 2387 2002 quo
2417 1936 2541 1987 licet
2573 1945 2679 1988 tam
2722 1935 2791 1990 de
2837 1938 2943 1990 Deo
2982 1954 3143 2006 quam
3191 1939 3257 1991 de
3290 1940 3407 2007 ipso
3441 1942 3547 1993 Du-

1966 2022 2117 2075 mino
2146 2034 2335 2078 nostro
2369 2025 2493 2080 Jesu
2528 2026 2749 2081 Christo
2780 2028 2950 2081 multa
2992 2043 3121 2082 vera
3168 2038 3225 2083 ct
3259 2031 3545 2099 prmclara,

1966 2129 2087 2183 qua:
2119 2126 2171 2169 et
2200 2131 2301 2170 nos
2336 2117 2685 2184 conlitetnur,
2720 2119 3006 2184 habeatis;
3046 2130 3223 2174 tamen
3263 2124 3388 2190 quia
3432 2140 3541 2176 non

1963 2222 2180 2276 eadem,
2214 2222 2275 2264 ut
2309 2213 2425 2281 ipsa
2459 2212 2662 2267 veritas
2711 2214 2761 2265 in
2809 2211 3104 2282 Evangelio
3150 2214 3545 2283 manifestavit,

1966 2314 2070 2355 nec
2136 2302 2497 2366 sullicienter,
2543 2302 2667 2356 ideo
2715 2301 2829 2372 ipsa
2872 2305 2959 2357 lex
3004 2305 3259 2358 Alcorani
3292 2320 3397 2359 non
3436 2308 3546 2360 suf-

1967 2394 2081 2448 ﬁcit
2138 2393 2206 2447 ad
2259 2394 2512 2449 Salutem.
2549 2394 2741 2449 Tradit
2779 2394 2926 2449 enim
2978 2396 3096 2463 ipse
3140 2398 3445 2453 Alc-orauus
3479 2400 3546 2454 de

1968 2484 2101 2550 Deo,
2135 2485 2282 2554 quod
2320 2500 2461 2539 unus
2495 2485 2589 2545 sit.
2631 2496 2685 2540 et
2717 2486 3098 2555 incorporeus,
3140 2489 3540 2557 itttntulcrialis,

1969 2578 2278 2642 invisibilis,
2314 2578 2934 2648 incomprehensibilis:
2984 2583 3071 2634 cui
3120 2596 3219 2635 nec
3270 2583 3545 2652 particeps

1969 2686 2069 2725 nec
2100 2670 2285 2724 socius
2330 2680 2433 2735 est,
2485 2671 2536 2723 in
2582 2671 2698 2740 ejus
2754 2686 2918 2723 tnanu
2970 2673 3081 2725 vita
3114 2681 3168 2727 et
3200 2688 3346 2727 mors
3379 2693 3392 2728 :
3430 2677 3544 2743 ipse

1969 2775 2138 2828 super
2197 2774 2381 2813 Omnza
2442 2769 2659 2828 potens,
2715 2775 2884 2829 super
2943 2762 3125 2815 omnia
3180 2763 3541 2818 benedictus:

1968 2852 2083 2921 ipse
2113 2865 2350 2915 creator,
2385 2852 2740 2921 gubernator.
2776 2862 2831 2907 et
2851 2852 3181 2923 justilicator
3209 2854 3537 2922 animarum,

1965 2954 2020 2999 et
2055 2944 2225 2997 multa
2255 2944 2361 2997 alia
2394 2958 2515 3011 quite
2563 2952 2710 2999 certe
2744 2953 2799 2997 et
2844 2960 2943 2998 nos
2974 2945 3276 3011 credimus,
3305 2958 3360 2999 et
3396 2964 3533 3016 pra:-

1967 3037 2231 3090 dicamus.
2266 3035 2371 3088 Sed
2421 3035 2475 3087 in
2527 3034 2651 3099 hoc,
2685 3038 2831 3104 quod
2884 3047 3044 3105 negat
3094 3038 3265 3091 Deum
3300 3040 3540 3099 Patrem,

1967 3144 2077 3181 non
2108 3127 2405 3180 carnaliter
2432 3142 2498 3181 ex
2533 3128 2759 3193 femina,
2789 3144 2912 3182 cum
2949 3130 3177 3198 Spiritus
3215 3132 3307 3197 sit,
3339 3130 3431 3184 se'd
3475 3146 3540 3185 ex

1965 3218 2277 3274 substantia
2332 3233 2428 3272 sua
2480 3219 2926 3275 intellectualiter
2961 3220 3028 3275 ab
3067 3230 3271 3277 aeterno
3311 3232 3540 3277 coaeter-

1965 3326 2098 3365 num
2145 3311 2250 3364 sibi
2282 3311 2536 3379 genuisse
2567 3310 2791 3377 Filium,
2822 3322 2876 3368 et
2912 3313 3236 3382 produxisse
3277 3314 3540 3384 Spiritum

1965 3411 2240 3466 sanctum,
2278 3402 2673 3456 miserabiliter
2704 3413 2873 3467 errat,
2907 3413 2961 3457 ct
3003 3403 3189 3458 deficit
3235 3419 3264 3456 a
3310 3405 3541 3459 veritate

1966 3491 2246 3559 Evangelii
2288 3511 2300 3545 :
2337 3493 2482 3560 quod
2523 3494 2754 3547 ﬁrmiter
2784 3494 2968 3558 ducet,
3002 3511 3169 3548 unum
3207 3510 3328 3550 esse
3371 3496 3539 3549 Deum

1967 3584 2018 3636 in
2062 3583 2372 3637 subStantia
2418 3593 2474 3637 et
2526 3594 2745 3649 natura,
2793 3595 2849 3639 et
2900 3586 3104 3639 trinum
3157 3587 3211 3641 in
3265 3588 3540 3656 personis,

1965 3675 2179 3728 scilicet
2231 3674 2445 3728 Patrem
2494 3684 2550 3728 et
2598 3676 2799 3730 Filium
2846 3686 2902 3731 et
2949 3677 3213 3742 Spiritum
3263 3687 3537 3734 sanetum.

1966 3767 2076 3819 Nec
2108 3766 2307 3820 Filium
2340 3775 2435 3819 aut
2460 3766 2726 3836 Spiritum
2763 3779 3013 3823 sanctum
3058 3786 3177 3824 esse
3222 3772 3538 3839 participem

1964 3869 2059 3912 aut
2088 3858 2298 3911 socium
2333 3858 2463 3922 Deo,
2489 3874 2614 3912 cum
2646 3869 2943 3928 utrumque
2978 3875 3084 3913 non
3120 3861 3542 3931 participatione

1968 3955 2063 4000 aut
2104 3948 2392 4012 societate,
2427 3948 2523 4002 sed
2568 3949 3007 4005 substantialiter
3035 3963 3089 4005 et
3118 3952 3443 4005 naturaliter
3472 3954 3543 4008 sit

1966 4037 2131 4103 lteus,
2151 4038 2400 4093 eamdem
2435 4055 2559 4094 cum
2598 4042 2708 4095 Deo
2743 4042 2903 4097 Patre
2930 4043 3221 4097 indivisam
3255 4053 3309 4098 et
3338 4043 3543 4112 impar-

1964 4130 2119 4184 titam
2147 4129 2413 4185 habentes
2444 4131 2667 4186 deitatis
2699 4143 2973 4187 naturam.
3002 4134 3177 4199 Quam
3232 4135 3542 4204 incompre-

1964 4224 2297 4279 hensibilem
2347 4224 2571 4279 deitatis
2618 4225 2967 4279 altitudinem
3018 4239 3181 4279 nemo
3224 4234 3537 4294 cognoscet,

1962 4322 2066 4376 nisi
2117 4320 2296 4389 primo
2342 4334 2439 4390 per
2485 4320 2853 4373 humilitatem
2887 4318 3182 4388 Evangelia
3215 4319 3537 4375 crediderit.

278 4416 584 4483 ἀμέριστον
613 4412 828 4483 ἔχοντες
876 4416 974 4481 τῆς
1005 4413 1261 4482 θεότητος
1288 4411 1473 4480 φύσιν.
1504 4413 1684 4481 Ὅπερ
1713 4413 1855 4466 ἀκα-

1965 4412 2120 4467 Unde
2172 4422 2227 4466 et
2278 4410 2502 4480 quidam
2562 4410 2914 4479 antiquorum
2970 4408 3361 4478 prophetarum
3415 4408 3535 4462 ait:

280 4506 561 4573 τάληπτον
592 4505 694 4573 τῆς
733 4503 989 4573 θεότητος
1037 4502 1168 4573 ὕψος
1198 4503 1372 4566 οὐδεὶς
1415 4503 1709 4571 γνώσεται,
1759 4503 1854 4556 ἐὰν

282 4600 365 4667 μὴ
390 4597 606 4667 πρῶτον
628 4595 1109 4657 διὰταπεινώσεως
1130 4594 1206 4665 τῷ
1222 4594 1539 4665 Εὐαγγελίῳ
1563 4595 1855 4667 πιστεύσῃ.

285 4690 454 4742 Ὅθεν
482 4690 575 4741 καί
599 4706 680 4751 τις
724 4688 834 4741 τῶν
864 4686 1105 4757 ἀρχαίων
1131 4687 1427 4757 προφητῶν
1453 4686 1623 4753 λέγει,
1667 4703 1687 4739 ι
1732 4686 1858 4741 Ἐὰν

286 4783 365 4853 μὴ
396 4779 743 4848 πιστεύσητε,
774 4779 834 4831 οὐ
869 4780 944 4847 μὴ
978 4779 1193 4847 συνῆτε.
1236 4796 1255 4830 ι
1284 4779 1443 4831 Καὶὸ
1474 4777 1678 4847 Κύριος
1700 4778 1859 4848 ἡμῶν

276 4872 444 4931 αὐτὸς
494 4872 551 4921 έν
602 4869 679 4937 τῷ
741 4867 1060 4936 Εὑαγγελίῳ
1121 4868 1506 4936 διαλεγόμενος
1566 4869 1704 4937 πρὸς
1766 4869 1859 4920 τὸν

280 4964 506 5032 Πατέρα
541 4963 725 5029 φησιν,
766 4978 784 5011 ι
829 4958 1292 5030 Ἐξομολογοῦμαί
1326 4975 1425 5017 σοι.
1458 4958 1660 5026 Πάτερ,
1684 4959 1858 5026 Κύριε

277 5054 380 5107 τοῦ
418 5051 655 5123 οὐρανοῦ
706 5051 802 5103 καλ⁵
854 5052 951 5118 τῆς
1002 5050 1126 5119 γῆς,
1178 5049 1260 5101 ὅτι
1317 5049 1645 5118 ἀπέκρυψας
1686 5050 1859 5102 ταῦτα

278 5146 395 5201 ἀπὺ
459 5144 639 5213 σοφῶν
700 5144 795 5196 καὶ
849 5142 1111 5204 συνετῶν,
1168 5143 1262 5193 καὶ
1309 5141 1663 5208 ἀπεκάλυψας
1718 5140 1859 5196 αὐτὰ

280 5236 525 5306 νηπίοις.
570 5254 587 5286 ι
626 5234 736 5288 Καὶ
762 5234 935 5285 πολλᾶ
972 5233 1104 5287 ἄλλα
1146 5232 1323 5302 ἀληθῆ
1358 5232 1587 5302 λαμπρὰ
1637 5234 1731 5287 καὶ
1763 5250 1859 5303 με.

280 5325 606 5395 γαλοπρεπῆ
637 5324 971 5393 παραδίδωσι
1002 5325 1129 5392 περὶ
1159 5322 1321 5375 αὑτοῦ
1350 5323 1441 5376 τοῦ
1470 5325 1676 5394 Κυρίου
1702 5325 1859 5392 ἡμῶν

293 5417 474 5489 Ἰησοῦ
509 5416 743 5486 Χριστοῦ
774 5418 833 5468 τι»
880 5413 1230 5484 Ἀλκορὰιιονο
1281 5410 1412 5477 οἷον,
1444 5416 1528 5466 ὃτι
1575 5415 1602 5466 ό
1654 5415 1858 5483 Κύριος

280 5508 447 5579 ἡμῶν
489 5507 696 5577 Ἰησοῦς
730 5508 962 5575 Χριστός
998 5507 1145 5557 ἐστιν
1192 5504 1321 5567 Υἱὸς
1351 5508 1451 5576 τῆς
1497 5507 1716 5575 Μαρίας
1757 5506 1858 5572 τῆς

283 5600 588 5668 Παρθένου,
630 5598 727 5667 τῆς
766 5598 995 5667 ἀρίστης
1038 5597 1227 5650 πασῶν
1279 5597 1390 5648 τῶν
1430 5597 1727 5664 γυναικῶν·
1776 5597 1859 5648 ὅτι

282 5696 437 5747 ἐστὶν
487 5694 714 5758 ἄγγελος
742 5690 900 5755 θεοῦ,
952 5690 1043 5743 καὶ
1096 5688 1314 5760 πνεῦμα
1350 5690 1539 5756 αὑτοῦ,
1592 5692 1740 5761 ῥῆμα
1773 5691 1861 5745 οὺ-

1966 4522 1985 4555 ι
2023 4503 2134 4558 Nisi
2178 4502 2553 4567 credideritis,
2585 4517 2693 4556 non
2729 4502 3057 4571 iuta-Iligitis.
3092 4520 3113 4554 ι
3157 4501 3229 4558 Ει
3275 4501 3539 4556 Dominus

1960 4604 2149 4648 noster
2186 4595 2300 4663 ipse
2344 4594 2399 4647 in
2446 4593 2747 4664 Evangelia
2798 4594 3029 4663 loquens
3060 4592 3126 4645 ad
3160 4590 3378 4645 Patrem
3412 4592 3485 4647 ait
3521 4608 3536 4649 :

1963 4704 1983 4739 ι
2016 4686 2293 4741 Coat‘tteor
2330 4686 2453 4749 tibi,
2490 4686 2669 4747 Pater,
2708 4685 2938 4740 Domine
2967 4684 3091 4740 caeli
3130 4694 3189 4738 et
3231 4694 3412 4748 teme,
3443 4685 3540 4753 qui

1960 4778 2298 4832 abscondisti
2357 4777 2473 4831 haec
2526 4776 2888 4845 sapientibus,
2941 4784 2996 4830 et
3036 4774 3423 4841 prudentibus,
3480 4784 3540 4831 et

1968 4870 2221 4925 revrlasti
2250 4884 2311 4923 ea
2348 4868 2592 4938 parvulis
2607 4868 2675 4920 “.
2712 4885 2729 4917 ι
2767 4866 2932 4922 Multa
2966 4865 3191 4933 insuper
3222 4880 3371 4929 vera,
3400 4881 3537 4935 prae-

1958 4963 2110 5016 clara
2168 4970 2223 5014 ct
2268 4959 2551 5029 magnilica
2600 4958 2768 5012 tradit
2796 4957 2865 5012 de
2911 4957 3030 5025 ipso
3070 4956 3303 5011 Domino
3349 4965 3537 5011 nostro

1956 5053 2085 5110 Jesu
2136 5050 2359 5108 Christo
2417 5051 2755 5114 Alcoranus;
2811 5059 3022 5118 utpote,
3074 5048 3218 5118 quod
3272 5047 3537 5103 Dominus

1959 5154 2146 5199 noster
2173 5144 2332 5198 Jesus
2361 5143 2619 5198 Christus
2647 5151 2731 5197 est
2760 5141 2903 5194 ﬁlius
2927 5140 3107 5193 Mariae
3127 5138 3388 5209 Virginis,
3419 5155 3533 5194 om-

1958 5236 2107 5289 nium
2157 5235 2450 5287 mulierum
2499 5234 2720 5301 optima:
2763 5249 2776 5284 :
2816 5231 2963 5300 quod
3008 5231 3080 5286 sit
3142 5233 3233 5287 Dei
3284 5233 3534 5297 nuntius,

1957 5340 2200 5395 suusque
2230 5324 2479 5393 spiritus,
2520 5323 2767 5377 Verbum
2809 5323 3023 5378 coalitus
3059 5325 3283 5377 missum
3315 5324 3529 5381 Mariae:

1956 5416 2039 5469 vir
2070 5418 2333 5484 optimus,
2368 5413 2608 5483 sapiens,
2650 5413 2939 5482 prepheta,
2974 5414 3066 5482 qui
3100 5428 3305 5467 cazcum
3342 5425 3534 5471 natum

1956 5516 2123 5578 atque
2152 5508 2434 5577 leprosum
2470 5508 2707 5570 curavit,
2744 5518 2993 5562 mortuos
3034 5507 3339 5572 suscitavit,
3383 5510 3536 5577 quod

1958 5614 2083 5655 cum
2116 5601 2316 5654 virtute
2344 5598 2529 5654 divina
2560 5599 2795 5662 venerit,
2830 5598 2977 5668 quod
3010 5599 3211 5655 librum
3241 5600 3533 5669 legiferam

1961 5693 2231 5761 attulerit,
2264 5694 2550 5764 omnisque
2604 5694 2904 5764 magisterii
2940 5693 3212 5765 peritiam,
3247 5692 3392 5760 quod
3451 5701 3532 5747 te-
