4186 6438
217 446 338 506 ειτξι

1331 443 1424 502 DE
1473 440 2039 504 (ΣεἿΝΤΕΜΝΕΝῡΑ
2084 441 2361 502 MORTE.

3321 437 3456 502 11⁸14

209 556 426 622 κατελεῖν
457 553 694 614 δύναιτο,
728 550 887 605 τοῦτο
929 552 1198 616 κακίζειν,
1232 554 1325 605 καὶ
1363 555 1541 606 πάντα
1573 554 1775 624 τρόπον

1897 553 2146 621 prodesse
2176 562 2358 623 queat,
2407 551 2459 607 id
2494 553 2837 624 vituperatis,
2876 561 2929 608 et
2956 553 3152 621 quovis
3185 552 3345 606 modo
3374 557 3456 606 el—

213 649 427 712 ῳεύγειν
457 646 784 717 πειρᾶσθαι·
819 645 949 697 ἄλλο
995 645 1093 714 μὲν
1137 644 1290 697 οὐδὲν
1332 645 1585 712 ἐγκαλεῖν
1629 646 1776 714 ἔχον-

207 757 320 804 τας,
364 741 448 791 ὅτι
489 741 544 790 δὲ
581 740 742 806 μόνον
781 739 839 790 οὐ
885 737 1060 790 σαίνει
1109 737 1207 807 τὴν
1250 737 1523 804 αἴσθησιν.
1557 738 1620 790 Τί
1667 737 1776 804 γάρ

209 832 421 891 κωλύει,
456 830 550 883 καὶ
586 831 712 892 τοὺς
761 831 978 897 ἰατροὺς
1009 831 1120 891 τοῖς
1154 827 1338 894 λόγοις
1378 829 1586 890 τούτοις
1619 830 1769 880 κακίι

209 924 337 988 ζειν,
371 922 420 975 οἳ
443 926 554 984 τοῖς
585 922 832 989 σώμασιν
853 921 952 972 οὐκ
977 921 1148 982 ἄλλως
1178 919 1584 988 ἐπικουροῦσιν.
1610 921 1641 990 ἥ
1671 920 1778 972 τῶν

206 1016 400 1079 ἀηδῶν,
438 1014 533 1066 καὶ
572 1013 797 1076 ὲσοίειν,
849 1013 939 1065 καὶ
983 1013 1178 1074 πίνειν,
1231 1016 1324 1066 καὶ
1357 1012 1647 1075 ἅπτεσθαι,
1685 1014 1780 1064 καὶ

209 1105 375 1154 πάντα
402 1103 604 1170 τρόπον
621 1101 859 1171 χρῆσθαι
877 1102 1004 1164 τοὺς
1029 1103 1332 1170 κάμνοντας
1355 1098 1778 1169 ἀναγκάζοντες,

207 1189 287 1256 ο’ς
308 1193 399 1244 τοῦ
429 1191 618 1246 τοῦτον
647 1194 738 1244 τὸν
769 1192 968 1260 τρόπον
998 1194 1143 1260 ἡμᾶς
1178 1193 1370 1244 λυπεῖν
1428 1194 1521 1245 καὶ
1555 1193 1781 1261 μισθους

211 1284 480 1351 μεγάλους
519 1283 805 1352 τελοῦμεν,
863 1285 957 1336 καὶ
1007 1285 1331 1353 εὐεργεσίας
1380 1285 1534 1337 αὐτοί
1573 1303 1652 1346 τε.
1688 1287 1781 1338 καὶ

206 1370 287 1436 οἷς
307 1374 413 1428 τῶν
447 1375 731 1444 ἡμετέρων
763 1375 936 1443 μέλει,
971 1375 1384 1444 ὀμολογοῦμεν;
1424 1372 1526 1430 Ὧν
1569 1380 1615 1429 εί
1646 1377 1782 1446 πρὸς

211 1467 377 1535 μόνην
420 1467 516 1535 τὴν
568 1466 762 1536 ἡδονὴν
812 1467 918 1518 ἔδει
969 1468 1145 1519 πάντα
1203 1467 1445 1535 ἀνάγειν.
1508 1469 1662 1532 τίνας
1717 1470 1782 1523 ἂν

207 1553 419 1621 ἐχθίους
471 1555 682 1624 ὑπῆρξε
735 1555 962 1620 auleis;
1015 1556 1154 1608 Ἀλλ’
1198 1553 1354 1622 οἶμαι
1402 1558 1638 1625 τάγαθὸν
1690 1563 1783 1612 καὶ

207 1645 376 1696 κακον
405 1646 466 1698 οὐ
499 1646 643 1715 λύπῃ
678 1647 772 1698 καὶ
805 1648 988 1716 ἡδονῇ,
1023 1648 1102 1717 τῷ
1134 1648 1191 1700 δὲ
1223 1649 1487 1719 ὠψελίμῳ
1520 1654 1614 1702 καὶ
1649 1651 1781 1720 βλα·

207 1737 352 1804 ὕερῷ
382 1738 663 1806 κρίνεσθαι
688 1738 854 1792 δοκεῖ.
899 1740 960 1791 El
993 1739 1049 1791 δὲ
1087 1743 1222 1809 πρὸς
1250 1743 1348 1810 τὴν
1379 1743 1570 1812 ἡδονὴν
1601 1743 1782 1795 πάντα

208 1829 512 1895 ἀνοίσομεν,
547 1830 738 1895 κακον,
773 1830 962 1898 ὥσπερ
993 1833 1151 1901 ἔφην,
1198 1836 1256 1885 ἐν
1302 1833 1515 1902 σώματι
1562 1835 1661 1904 μὲν
1705 1837 1783 1888 ία-

1881 647 2065 713 fugere
2097 646 2346 708 studctis,
2373 647 2587 700 tametsi
2625 646 2760 700 nihil
2795 645 2939 699 aliud
2992 645 3239 700 habeatis
3272 661 3446 713 repre-

1881 737 2253 800 hendendum,
2302 738 2403 792 nisi
2458 739 2586 791 illud
2625 739 2824 801 solum,
2867 738 3010 806 quod
3067 752 3290 792 sensum
3349 753 3456 788 non

1881 831 2200 885 demulceat.
2235 829 2370 896 Quid
2399 831 2542 882 enim
2566 840 2732 892 vetat,
2767 829 3006 882 medicos
3026 845 3237 896 quoque
3269 828 3456 882 iisdem

1883 919 2188 972 rationibus
2245 921 2548 986 criminari,
2603 921 2692 989 qui
2751 920 3077 988 corporibus
3138 935 3244 972 non
3304 922 3462 972 aliter

1881 1025 2209 1066 succurrunt
2238 1029 2399 1082 quam
2458 1014 2718 1083 cogendis
2747 1014 2985 1082 aegrotis,
3045 1022 3104 1066 ut
3145 1027 3233 1065 res
3275 1011 3460 1064 insua-

1884 1120 1986 1160 ves
2023 1105 2395 1160 eteomedant
2435 1115 2490 1159 et
2524 1105 2734 1167 bibant.
2795 1114 2850 1158 et
2901 1113 3146 1175 tangant,
3197 1115 3252 1157 et
3286 1105 3463 1157 modis

1884 1201 2141 1256 omnibus
2193 1197 2474 1252 tractent?
2531 1196 2739 1261 Quibus
2797 1211 2864 1249 eo
2921 1197 3067 1272 quod
3128 1198 3230 1250 hoc
3301 1196 3464 1248 modo

1886 1289 2100 1344 molesti
2135 1289 2290 1343 nobis
2313 1286 2443 1348 sint,
2470 1297 2523 1341 et
2552 1301 2772 1357 magnas
2811 1286 3091 1341 mercedes
3150 1287 3461 1356 pendimus,

1886 1395 1938 1436 et
1971 1383 2168 1437 debere
2193 1383 2315 1443 illis,
2348 1391 2475 1452 tum,
2504 1395 2604 1433 nos
2640 1381 2764 1449 ipsi,
2828 1389 2940 1434 tum
2971 1382 3002 1433 ii
3067 1380 3267 1450 quibus
3320 1396 3463 1434 cum

1888 1485 2094 1532 sumus,
2130 1471 2508 1538 prazdicamus.
2539 1469 2773 1534 Quibus,
2809 1473 2852 1522 si
2895 1472 2959 1524 ad
2992 1471 3162 1524 solam
3222 1471 3468 1539 volupta-

1890 1574 1996 1616 tem
2032 1565 2212 1616 omnia
2257 1562 2452 1615 referri
2487 1573 2786 1629 oporteret,
2853 1565 3077 1632 quinam
3133 1566 3471 1619 inimiciorcs

1890 1649 2148 1719 appellari
2179 1650 2476 1703 deberent?
2527 1647 2730 1702 Verum
2769 1665 2887 1703 mea
2922 1651 3142 1719 quidem
3195 1654 3468 1708 sententia

1889 1759 1976 1799 rcs
2001 1745 2156 1798 bona:
2190 1754 2243 1797 et
2283 1743 2438 1797 malze
2491 1757 2600 1795 non
2656 1743 2843 1796 dolore
2892 1753 2947 1798 et
3010 1745 3307 1813 voluptate.
3375 1749 3473 1800 sed

1893 1837 2125 1890 utilitate
2155 1846 2209 1889 et
2235 1851 2373 1888 noxa
2399 1834 2706 1904 iudicanda:
2737 1844 2884 1890 sunt.
2906 1835 2960 1888 Si
2981 1851 3107 1889 vero
3135 1841 3200 1890 ad
3221 1839 3475 1907 volupta-

207 1920 354 1988 τρὸς.
396 1923 670 1990 χείριστον
712 1922 768 1974 δὲ
814 1923 871 1974 ἐν
903 1922 1047 1993 ψυχῇ
1087 1900 1272 1992 νόμοι,
1327 1900 1420 1977 καὶ
1474 1900 1778 1988 παιδευταῖ,

1897 1931 1997 1974 lem
2025 1929 2218 1973 cuneta
2251 1900 2574 1979 referemus,
2609 1919 3036 1972 incommodabit
3065 1920 3137 1989 (id
3161 1923 3302 1991 quod
3337 1900 3476 1992 dixi)

209 2014 307 2064 καὶ
336 2016 533 2079 γονεῖς,
586 2015 681 2066 καὶ
719 2014 856 2078 ὅλως
901 2018 969 2066 τά
1011 2017 1319 2084 τιμιώτατα
1353 2019 1446 2070 καὶ
1494 2017 1783 2087 ὠφελιμὼ-

209 2121 366 2158 τατα.
394 2102 554 2158 Οὗτοι
583 2106 692 2174 γάρ
723 2108 920 2168 πάντες
959 2109 1024 2161 ἂν
1073 2109 1149 2178 μὴ
1186 2110 1434 2174 πείθωσι,
1474 2111 1540 2162 τὰ
1574 2113 1782 2179 προσή-

211 2213 376 2248 κοντα
403 2197 820 2266 παραινοῦντες,
847 2199 1176 2268 ἀηδέστατον
1207 2201 1445 2268 γίνονται
1485 2201 1558 2270 μὴ
1604 2203 1784 2254 πειθο-

213 2288 434 2356 μένοις,
488 2290 855 2358 ἀτιμοῦντες,
917 2292 1011 2346 καὶ
1071 2293 1387 2362 εἴργοντες,
1444 2294 1540 2347 καὶ
1597 2295 1786 2364 μακρᾷ

209 2381 435 2434 κολάσει
467 2381 878 2450 παραδιδόντες,
909 2375 983 2436 ὧν
1029 2383 1181 2436 οῦδὲν
1231 2383 1297 2437 ἂν
1331 2387 1466 2454 ἡμῖν
1497 2383 1688 2453 ὄφελος
1723 2387 1785 2435 ἐκ

210 2471 410 2532 παντὸς
430 2471 630 2540 τρόπον
654 2473 752 2541 τὴν
771 2474 953 2526 ἄνεσιν
971 2475 1282 2542 προτιμῶσι
1308 2474 1410 2546 (l).
1436 2476 1675 2544 Πορνους
1703 2475 1782 2538 δὲ,

210 2565 309 2616 καὶ
340 2568 723 2634 προαγωγέας,
749 2565 845 2618 καὶ
873 2565 1134 2630 κόλακας,
1167 2569 1259 2619 καὶ
1282 2568 1396 2620 ὅσοι
1419 2568 1487 2619 τά
1512 2567 1784 2636 αἴσχιστα,

211 2659 364 2711 αὐτοί
399 2675 458 2708 τε
487 2659 889 2728 ἐπιτηδεύουσι,
927 2659 1024 2713 καὶ
1050 2663 1160 2723 τοῖς
1191 2661 1372 2723 ἄλλοις
1400 2660 1498 2721 τὰς
1532 2661 1640 2714 ἀπὸ
1669 2660 1790 2712 τού-

209 2767 322 2804 των
358 2753 549 2820 ἡδονάς
587 2753 962 2821 προξενοῦσιν,
1019 2752 1358 2821 ἐπιτηδείους
1403 2753 1534 2821 ἡμῖν
1583 2751 1784 2814 αὐτοῖς,

210 2845 290 2904 ὡς
314 2845 478 2911 ἔοικε,
517 2845 839 2914 νομιοῦμεν,
879 2845 944 2898 ἂν
976 2845 1046 2898 τὰ
1073 2845 1181 2898 τῶν
1210 2844 1410 2913 ἡδονῶν
1436 2846 1610 2914 κρατῇ
1650 2861 1791 2896 παν-

210 2937 411 3009 ταχοῦ.
468 2965 484 2987 .-

832 3033 1058 3087 ΚΕΦΑΛ
1071 3075 1083 3089 .
1118 3033 1189 3087 Γ⁸.

288 3125 512 3194 Πρῶτον
555 3125 656 3195 μὲν
689 3124 784 3179 οὖν
814 3128 971 3180 τοῦτο
992 3129 1110 3180 -καὶ
1143 3128 1473 3198 κουφότητος
1505 3131 1794 3200 νομιστέον

1885 2009 2106 2080 corpori
2141 2008 2483 2069 medicus,et
2515 2009 2748 2062 maxime
2789 2011 3062 2063 nocebunt
3095 2015 3278 2064 animo
3302 2012 3469 2082 leges.

1884 2109 1939 2153 et
1969 2101 2335 2163 institutores,
2359 2109 2413 2152 et
2442 2100 2969 2168 parentes,deniqne
2998 2101 3394 2169 pretiosissima
3414 2113 3471 2158 et

1885 2190 2177 2244 utilissima
2193 2204 2442 2258 quaeque.
2467 2189 2504 2242 li
2524 2191 2668 2243 enim
2687 2206 2898 2254 omnes,
2921 2207 3044 2244 cum
3083 2192 3282 2246 (rustra
3308 2193 3472 2253 ollieii

1885 2293 2253 2346 commonent,
2286 2283 2699 2336 contumacibus
2728 2284 3098 2338 molestissimi
3136 2285 3468 2356 liunt,igno-

1888 2369 2052 2422 minia
2091 2371 2509 2434 mulctando,et
2555 2372 2609 2423 in
2654 2385 2931 2425 carcerem
2972 2371 3119 2442 conji
3171 2374 3385 2441 ciendo,
3419 2385 3477 2429 et

1888 2462 2157 2515 diuturnis
2186 2461 2472 2530 suppliciis
2505 2461 2829 2517 alliciendo:
2855 2479 3086 2532 quorum
3124 2465 3329 2518 nullum
3375 2483 3475 2521 no-

1890 2553 1972 2608 bis
2018 2564 2162 2607 esset
2192 2553 2569 2619 commodum,
2599 2555 2642 2607 si
2693 2556 2890 2623 quovis
2927 2559 3089 2610 modo
3129 2560 3300 2613 otium
3340 2561 3472 2614 illud

1890 2645 2367 2714 amplecteremur.
2409 2644 2515 2699 Sed
2545 2647 2805 2708 cinaedos,
2851 2649 3097 2711 lenones.
3137 2652 3471 2719 adulatores,

1890 2735 2094 2804 quique
2119 2733 2317 2805 ﬂagitia
2342 2744 2454 2791 tum
2489 2737 2590 2808 ipsi
2620 2750 2900 2802 exercent,
2941 2751 3054 2794 tum
3088 2743 3208 2797 aliis
3241 2745 3363 2798 inde
3385 2762 3480 2800 vo-

1893 2829 2128 2898 luptates
2151 2831 2475 2895 conciliant,
2509 2840 2845 2901 opportunos
2899 2835 3107 2891 scilicet
3150 2837 3309 2893 nobis
3347 2839 3479 2910 ipsis

1890 2921 2276 2992 iudicabimus,
2313 2925 2358 2978 si
2390 2925 2592 2994 ubique
2634 2927 2945 2994 voluptates
3002 2928 3377 2986 dominentur.

2490 3030 2718 3086 CAPUT
2779 3032 2859 3091 ΙΙΙ.

1970 3122 2212 3177 Primum
2253 3121 2418 3192 igttur
2451 3120 2580 3174 illud
2611 3122 2848 3177 levitatis
2883 3124 3186 3193 putandum
3231 3136 3338 3190 (εει,
3378 3129 3475 3184 dc-

215 3219 412 3288 κ).ᾁειν
445 3218 554 3269 τῶν
583 3219 787 3286 ἡδονῶν
819 3221 1237 3288 στερουμένους,
1271 3222 1456 3293 ῶσπερ
1487 3224 1553 3275 τά
1582 3224 1793 3288 παιδία,

1904 3217 2119 3288 plorare
2176 3217 2513 3285 voluptatum
2581 3216 2988 3284 privationem:
3026 3219 3199 3274 instar
3276 3237 3477 3289 puero-

214 3310 352 3361 ὅταν
377 3309 554 3362 αὐτῶν
583 3309 633 3360 oi
683 3309 1021 3376 παιδαγωγοὶ
1072 3310 1198 3370 τοὺς
1247 3311 1646 3380 ἀστραγάλους,
1678 3313 1710 3380 ἥ
1745 3329 1797 3364 τι

217 3401 333 3453 τῶν
381 3400 481 3469 τῆς
529 3401 769 3463 παιδιᾶς,
812 3402 1178 3472 ἀφαιρῶνται.
1211 3401 1424 3452 Ἐπειτ⁹
1456 3401 1796 3467 ἐξεταστέον,

215 3492 502 3554 καὶτίνας
533 3494 636 3545 τῶν
670 3493 871 3560 ἡδονῶν
924 3494 951 3543 ὁ
1003 3492 1234 3554 θάνατος
1285 3492 1584 3561 ἀφανίζων,
1629 3493 1800 3555 οὕτως

219 3585 344 3636 ἐστὶ
385 3585 650 3652 λυπηρός.
685 3583 891 3637 Οὐκοῦν
923 3588 1016 3635 καὶ
1053 3585 1258 3635 τούτων
1308 3585 1384 3646 είς
1425 3586 1569 3650 τρεῖς
1606 3583 1801 3652 μοίρας

216 3679 648 3746 διαιρουμένων,
683 3679 780 3747 τὴν
818 3678 916 3747 μὲν
949 3676 1076 3745 μίαν
1110 3678 1203 3729 καὶ
1252 3677 1496 3746 πρώτην,
1534 3678 1626 3728 καὶ
1661 3677 1802 3728 θειο-

219 3770 422 3838 τάτην,
451 3769 542 3821 καὶ
586 3771 619 3839 ἢ
657 3770 788 3838 μόνη
836 3769 1094 3837 καῢαρῶς
1145 3769 1295 3820 ἐστιν
1347 3769 1663 3839 ἀνθρώπου,
1707 3769 1803 3819 καὶ

222 3861 355 3914 καθ’
375 3860 576 3930 ἑαυτὴν
607 3861 799 3929 αἱρετή
821 3877 834 3890 '
865 3861 1005 3926 λέγω
1033 3859 1096 3928 δὴ
1123 3861 1221 3929 τὴν
1248 3860 1375 3928 περὶ
1397 3860 1495 3929 τὴν
1523 3859 1801 3928 ἀλήθειαν,

222 3953 330 4004 καὶ
375 3955 466 4003 τὸν
518 3951 663 4016 νοῦν,
723 3951 816 4002 καὶ
867 3951 968 4019 ὅση
1025 3950 1215 4002 τούτου
1269 3952 1501 4018 γένους’
1553 3951 1804 4003 τοσοῦτον

221 4045 428 4114 ἀπέχει
456 4043 697 4113 φθείρειν
722 4046 748 4095 ὁ
780 4043 1032 4106 Θάνατος,
1060 4042 1226 4111 ἤγουν
1255 4043 1314 4095 τὸ
1341 4043 1502 4112 τυχὸν
1526 4042 1800 4107 ἐλαττοῦν,

222 4138 376 4189 ὥστε
411 4137 503 4188 καὶ
549 4135 657 4188 τῶν
699 4135 977 4197 παντελῶς
1016 4133 1307 4199 ἀδυνάτων,
1343 4135 1390 4186 εί
1436 4135 1509 4204 μὴ
1547 4136 1682 4202 μετὰ
1713 4134 1805 4186 Θά-

223 4247 413 4294 νατον,
449 4228 706 4297 καθαρῶς
749 4244 810 4279 τε
857 4229 952 4279 καί
1004 4227 1261 4294 ἀσφαλῶς
1315 4227 1531 4289 ὲκείνας
1573 4227 1803 4296 ἡσθῆναι

221 4324 332 4384 τὰς
362 4322 572 4392 ἡδονάς.
608 4321 716 4372 Καὶ
763 4317 905 4371 τοῦτ’
945 4319 1172 4372 ἄπιστον
1222 4317 1321 4385 μὲν
1359 4319 1486 4379 ἴσως
1525 4319 1665 4381 δόξει
1696 4321 1804 4380 τοῖς

222 4417 308 4480 ὡς
341 4415 498 4482 ἔτυχε
535 4413 701 4475 ζῶσι·
737 4414 936 4472 παντὸς
964 4412 1019 4463 δὲ
1048 4411 1249 4479 μᾶλλον
1281 4413 1428 4463 ἐστ.ν
1472 4412 1667 4480 ἀληθὲς
1694 4413 1805 4472 τοῖς

203 4510 338 4560 ,οὐκ
380 4506 754 4564 ἀϐασανίστως
788 4503 913 4571 περὶ
959 4502 1065 4553 τῶν
1114 4503 1453 4570 πραγμάτων
1500 4501 1806 4570 ψηφιζομέ-

1908 3325 2050 3374 rum,
2081 3309 2278 3377 quibus
2312 3307 2551 3377 magistri
2586 3309 2741 3370 talos,
2769 3320 2862 3362 aut
2895 3309 3039 3362 aliud
3075 3311 3353 3380 quippiam
3397 3314 3480 3368 lu-

1908 3401 2419 3469 dicrum,cripiunt.
2453 3399 2660 3454 Deinde
2683 3402 3057 3470 quaerendum,
3109 3404 3306 3472 quibus
3360 3406 3478 3460 adi-

1908 3491 2116 3545 mendis
2137 3491 2526 3560 voluptatibus,
2590 3506 2739 3547 mors
2763 3502 2870 3546 tam
2928 3494 3108 3563 gravis
3166 3496 3237 3549 sit
3267 3495 3302 3548 ῒ
3336 3496 3478 3552 Cum

1909 3594 2089 3637 autem
2125 3585 2206 3638 ha:
2245 3598 2461 3653 quoque
2502 3583 2556 3636 in
2594 3593 2704 3638 tres
2737 3594 2918 3653 partes
2951 3585 3285 3652 dividantur,
3313 3567 3488 3643 unam

1908 3677 2124 3746 quidem
2155 3685 2209 3730 ct
2234 3675 2470 3729 maxime
2503 3675 2762 3740 divinam,
2797 3685 2853 3730 et
2901 3692 3020 3746 qu:e
3075 3680 3188 3732 sola
3241 3681 3483 3738 hominis

1910 3779 2012 3830 cst,
2046 3775 2100 3822 et
2127 3776 2348 3836 propter
2376 3766 3047 3836 semetipsamexpctenda
3103 3769 3242 3839 [eam
3296 3783 3477 3828 autem

1910 3859 2054 3922 dico,
2084 3874 2205 3927 qua:
2257 3858 2313 3910 in
2348 3858 2576 3912 veritate
2633 3858 2934 3929 indaganda
2980 3871 3248 3922 versatur,
3309 3871 3363 3916 ct
3428 3864 3479 3916 in

1913 3953 2287 4018 mente‘poslta
2328 3959 2434 4011 est,
2501 3959 2557 4003 et
2612 3965 2732 4016 quae
2779 3961 2907 4004 sunt
2962 3952 3206 4018 ejusdem
3243 3957 3483 4028 generis]

1914 4049 2123 4094 tantum
2167 4042 2321 4096 abest
2351 4052 2408 4094 ιιι
2437 4056 2582 4094 mors
2604 4041 2815 4109 perdat,
2842 4041 2923 4096 vel
2957 4043 3178 4097 minima
3232 4059 3295 4098 ex
3333 4056 3487 4115 parte

1913 4133 2200 4196 diminnat,
2239 4134 2468 4186 utnullo
2495 4133 2657 4186 modo
2701 4134 2816 4186 ﬁeri
2875 4135 3044 4203 possit
3099 4147 3155 4189 nt
3184 4137 3292 4191 illis
3323 4140 3482 4193 volu-

1914 4223 2153 4290 ptatibus
2173 4237 2304 4288 pure
2334 4231 2388 4274 et
2416 4237 2607 4275 secure
2626 4223 2996 4290 perfruamur,
3023 4225 3128 4277 nisi
3170 4237 3292 4295 post
3336 4243 3487 4283 mor-

1915 4325 2044 4367 tem.
2075 4315 2140 4366 At
2171 4313 2271 4367 hoc
2305 4313 2618 4366 incredibile
2648 4314 2898 4368 fortassis
2921 4315 3192 4369 videbitur
3244 4319 3483 4376 homini-

1916 4409 2015 4461 bus
2048 4416 2252 4460 temere
2280 4405 2610 4468 viventibus,
2659 4421 2782 4459 cum
2830 4407 3072 4460 omnium
3133 4410 3481 4465 verissimum

1915 4499 1984 4552 sit
2028 4499 2092 4550 iis
2115 4497 2334 4566 quinon
2365 4497 2468 4549 nisi
2513 4497 2760 4550 adhibita
2815 4496 3188 4565 exploratione
3221 4500 3287 4554 de
3325 4503 3486 4558 rebus

223 4617 372 4662 νοις.
406 4598 514 4652 Καὶ
557 4599 687 4665 παρ’
729 4595 884 4665 ἡμῶν
915 4595 969 4647 δέ
1014 4612 1097 4656 τις
1154 4595 1307 4646 οὐδὲν
1354 4590 1513 4666 ἦττον
1556 4594 1708 4645 ἔσται
1738 4595 1795 4662 τῇ

1912 4592 2232 4646 decernunt.
2288 4590 2354 4642 Et
2383 4605 2410 4641 a
2438 4589 2594 4644 nobis
2637 4589 2800 4642 etiam
2855 4591 2986 4658 ipsis
3018 4593 3375 4658 patrocinium
3406 4597 3488 4650 ni-

222 4695 367 4765 δόξῃ
415 4692 587 4763 ταύτῃ
642 4689 974 4760 συνηγορία,
1027 4689 1153 4741 ὅταν
1209 4689 1379 4756 αὐτὴν
1440 4687 1800 4754 ἐξετάζωμεν.

223 4787 500 4842 Δείπεται
539 4787 594 4837 δὲ
644 4787 742 4855 τὴν
789 4785 991 4854 ζημίαν
1039 4781 1178 4835 εἶναι
1227 4783 1337 4844 τοῖς
1371 4779 1807 4850 ἀποθνήσκουσιν

218 4883 314 4940 εἰς
349 4879 445 4941 τὰς
471 4876 564 4931 τοῦ
595 4877 841 4945 σώματος
863 4876 1074 4945 ἡδονάς.
1117 4873 1275 4926 Ἀλλὰ
1297 4874 1391 4924 καὶ
1420 4872 1642 4931 ταύταις
1673 4873 1806 4926 πολὺ

218 4972 356 5026 τόδε
394 4971 672 5039 διάφορον.
702 4970 765 5021 Αἱ
805 4971 901 5036 μὲν
943 4968 1053 5037 γάρ
1085 4964 1296 5034 φύσεώς
1338 4964 1396 5017 τέ

221 5066 336 5118 καὶ
365 5063 513 5129 παρὰ
547 5061 681 5113 Θεοῦ
729 5059 1198 5130 συγκεχώρηνται,
1253 5057 1283 5127 ἢ
1326 5060 1396 5110 τά
1448 5059 1590 5110 κατα
1646 5058 1812 5126 μέρος

221 5158 301 5210 δι’
340 5155 520 5206 αὐτῶν
554 5152 966 5222 συντηροῦντος,
999 5151 1030 5220 ἢ
1079 5153 1189 5211 τοῖς
1225 5153 1421 5211 κοινοῖ;
1462 5151 1660 5202 εἴδεσιν
1711 5166 1813 5219 μη-

223 5249 554 5318 χανωμένου
583 5248 641 5297 τὶ
682 5245 900 5314 διαρκές
929 5260 988 5295 τε
1022 5247 1112 5296 καὶ
1146 5243 1392 5312 μόνιμον,
1436 5243 1533 5294 καὶ
1577 5246 1641 5312 τῇ
1693 5243 1810 5295 δια-

220 5339 369 5406 δοχῇ
407 5340 517 5397 τοῖς
545 5339 599 5388 ὲν
628 5335 843 5402 γενέσει
881 5334 976 5386 καὶ
1019 5333 1195 5404 φθορᾷ.
1239 5331 1642 5401 ὲπισκευαστὴν
1675 5331 1810 5383 ἀϐα-

221 5428 435 5484 νασίαν
493 5429 920 5496 ἐπι-νοήσαντος,
983 5425 1056 5487 ὡς
1118 5425 1278 5493 μέχρι
1330 5422 1423 5475 τοῦ
1472 5423 1668 5475 πολλοῦ
1716 5422 1809 5474 τοῦ

1441 4966 1579 5017 εἰσιν
1623 4965 1806 5035 ἔργον,

224 5519 502 5573 συνθέτου
535 5524 720 5589 μένειν
763 5519 824 5570 οὐ
863 5517 1181 5586 δυναμένου.
1213 5508 1379 5567 Λῦται
1414 5515 1467 5566 δέ
1501 5517 1662 5578 εἰσιν,
1688 5516 1808 5568 ὅσαι

219 5612 302 5677 τῇ
338 5610 552 5676 γενέσει
581 5608 976 5670 λυσιτελοῦσιν,
1031 5607 1123 5658 ἐπὶ
1170 5604 1420 5675 διαδοχὴν
1447 5605 1514 5655 τὰ
1550 5604 1662 5667 ζῶα
1690 5606 1811 5665 ταῖς

224 5701 458 5771 ἡδοναῖς
491 5701 950 5771 προκαλούμεναι,
986 5700 1079 5751 καὶ
1117 5698 1236 5752 ὅσαι
1266 5699 1364 5767 τὴν
1394 5697 1574 5765 ὄρεξιν
1617 5693 1815 5763 (θήγου-

1915 4683 2209 4736 hilominus
2235 4681 2608 4742 adhibebitur,
2653 4696 2775 4734 cum
2844 4683 2897 4736 in
2944 4698 3062 4737 eam
3119 4685 3484 4753 inquiremus.

1915 4774 2206 4843 Reliquum
2241 4789 2371 4840 ergo
2401 4785 2506 4835 est,
2533 4774 2829 4827 morientes
2877 4789 3269 4843 corporearum
3333 4780 3488 4834 voln-

1915 4877 2120 4937 ptatum
2153 4867 2415 4936 iacturam
2450 4865 2648 4918 facere.
2678 4862 2782 4918 Sed
2809 4865 2998 4918 barum
3022 4867 3184 4920 etiam
3228 4883 3486 4940 magnum

1915 4969 1998 5011 est
2025 4958 2340 5010 discrimen.
2395 4952 2526 5008 Nam
2551 4955 2669 5009 alite
2694 4965 2747 5009 et
2775 4966 2983 5011 natura:
3011 4973 3150 5026 Opus
3179 4970 3329 5023 sunt,
3373 4974 3424 5014 et
3456 4979 3488 5018 ιι

1917 5049 2025 5102 Deo
2055 5062 2349 5112 concessae,
2400 5047 2482 5099 vel
2539 5046 2778 5116 singulas
2811 5062 2898 5100 res
2938 5036 3053 5115 'per
3114 5063 3208 5101 eas
3260 5065 3488 5105 conser-

1916 5147 2096 5201 vante,
2134 5139 2218 5192 vel
2252 5138 2302 5191 id
2338 5137 2717 5190 communibus
2748 5137 2939 5189 formis
3009 5137 3379 5205 machinante,
3428 5152 3488 5196 ut

1915 5234 2115 5287 durent
2146 5241 2200 5284 et
2231 5240 2508 5291 maneant,
2564 5239 2725 5297 atque
2753 5227 2804 5281 id
2833 5229 3170 5296 propositum
3231 5231 3483 5294 habente.

1917 5336 1972 5378 ut
2001 5340 2096 5393 per
2125 5323 2526 5378 successionem
2558 5320 2627 5372 iis
2655 5335 2774 5388 qua:
2801 5321 3053 5373 oriuntur
3097 5331 3152 5375 et
3185 5321 3490 5384 intereunt;

1919 5414 2381 5470 immortalitatem
2452 5412 2846 5465 instauratione
2919 5413 3229 5466 conciliet:
3285 5415 3488 5484 quippe

1918 5526 2040 5564 cum
2069 5524 2132 5562 ea
2163 5521 2283 5576 quae
2335 5506 2631 5573 composita
2677 5514 2834 5568 sunt,
2888 5504 3048 5574 longo
3094 5514 3337 5575 tempore
3387 5501 3490 5562 (lu-4

1919 5618 2037 5654 rare
2084 5607 2378 5667 nequeant.
2423 5597 2517 5650 lla:
2566 5605 2746 5649 autem
2787 5605 2933 5661 sunt,
2987 5612 3107 5666 qua:
3137 5598 3201 5651 ad
3257 5614 3487 5666 genera-

1923 5694 2122 5748 tionem
2158 5701 2408 5762 prosunt,
2433 5701 2487 5745 et
2531 5691 2596 5744 ad
2632 5691 2834 5745 sobolis
2873 5691 3312 5761 propagationem
3364 5697 3489 5746 aui-

302 5834 383 5896 (l)
404 5835 521 5900 Cod.
547 5836 670 5900 Reg.
697 5837 837 5898 12l3,
863 5835 1222 5898 προτιμώντων,
1244 5833 1376 5895 quod
1415 5833 1713 5895 exquisitius
1755 5833 1982 5892 videtur,
2009 5829 2232 5894 genitivo
2279 5829 2505 5879 absolute
2535 5829 2720 5889 posito,
2745 5835 2794 5877 et
2831 5835 2939 5889 post
2976 5828 3140 5892 ὄφελος
3167 5827 3288 5877 facta
3315 5829 3492 5879 distiu-

223 5900 435 5950 ctione.
473 5898 605 5950 Eutr.
