4186 6438
231 430 365 493 ΜΠ

1360 439 1456 498 DE
1499 440 2069 502 CONTEMNENDA
2112 440 2394 502 MORTE.

3375 434 3508 497 H78

225 546 337 611 γὰρ
374 546 485 607 τοῖς
539 544 743 612 χοίροις
791 541 1131 613 δικαιότερον
1181 546 1563 614 παρεικάζει-ι,
1613 546 1706 608 οὓς
1743 550 1809 614 τῇ

1938 548 2174 618 .peeiem.
2217 546 2349 601 Nam
2406 559 2511 614 qua
2565 543 2797 608 ratione,
2849 540 2998 610 jure,
3050 540 3212 594 homo
3270 539 3512 619 dicetur,

225 637 326 703 τῆς
357 637 564 706 τροφῆς
614 635 845 707 ἀφθονίᾳ
898 636 1204 699 πιαίνοντες
1241 637 1445 706 θύομεν
1473 654 1486 668 °
1525 638 1726 706 μᾶλλον
1756 639 1812 692 δὲ

229 734 325 781 καὶ
354 731 461 781 τῶν
491 730 691 799 χοίρων
723 730 1163 798 ἀχρηστοτέρους
1191 729 1412 793 τούτους
1446 731 1811 797 ὑποληπτέον.

232 819 356 874 Τῶν
393 825 493 891 μὲν
535 823 645 891 γὰρ
678 823 792 874 ἔστι
828 821 1088 885 πολλάκις
1134 824 1232 892 τῆς
1278 825 1647 895 πολυσαρκίας
1680 823 1814 876 ἀπό-

230 916 452 977 νασθαι,
488 915 682 983 ἀνδρὸς
744 914 799 967 δὲ
857 915 1056 967 ἑαυτὸν
1116 916 1601 985 κατασαρκοῦντος
1663 916 1814 968 οὐδὲν

229 1006 466 1074 ὄφελος·
521 1006 666 1076 πλὴν
716 1006 767 1058 εί
809 1022 894 1067 τις
953 1006 1080 1069 τοὺς
1126 1007 1320 1069 ἄλλους
1382 1005 1816 1075 σωφρονίζεσθαι

232 1099 581 1168 βουλόμενος,
616 1098 785 1164 λέγοι,
824 1100 879 1150 ὲν
921 1098 1067 1167 αύτῷ
1101 1098 1198 1168 τὴν
1240 1098 1340 1168 τῆς
1374 1102 1586 1169 τρυφῆς
1626 1100 1818 1167 αἰσχύ-

231 1208 333 1258 νην
363 1190 789 1259 διδασκομένους
816 1208 829 1221 ·
858 1191 1046 1261 ὥσπερ
1073 1193 1205 1260 φασὶ
1232 1195 1326 1244 καὶ
1353 1193 1816 1260 Λακεδαιμονίους

230 1286 302 1353 τῇ
332 1286 439 1337 τῶν
473 1283 727 1334 Εἱλώτων
772 1284 911 1353 μέθῃ
960 1288 1072 1344 τοῖς
1106 1286 1294 1336 παισὶν
1338 1284 1717 1337 ὑποδεικνύναι
1759 1284 1819 1336 τὸ

230 1377 338 1444 τῆς
367 1378 579 1444 νήψεως
608 1377 832 1442 ἀγαθόν.
883 1377 949 1430 Τί
987 1378 1032 1427 δ’
1070 1378 1134 1430 ἀν
1179 1378 1326 1430 εἴποι
1362 1394 1443 1438 τις
1492 1377 1551 1427 τὸ
1585 1376 1683 1445 τῆς
1717 1392 1820 1445 μα-

230 1470 548 1526 ταιοπονίας
601 1467 805 1533 ταύτης
845 1467 1176 1537 ἀπέραντον,
1235 1468 1329 1519 καὶ
1390 1468 1449 1518 το
1499 1465 1820 1535 καθημέραν

231 1562 315 1621 εἰς
354 1559 443 1610 τὸν
492 1560 831 1628 τετρημένον
871 1559 1280 1626 ἀναγκάζεσθαι
1328 1559 1482 1611 πίθον
1521 1560 1755 1619 ἀντλεῖν,
1794 1558 1821 1610 ὃ

231 1667 288 1702 τι
317 1652 467 1712 τινας
505 1652 671 1718 φησὶν
707 1654 735 1703 ὁ
787 1651 953 1720 μῦθος
988 1652 1411 1720 κατακριθῆναι,
1444 1654 1542 1704 οὐκ
1589 1649 1686 1704 οἷδ’
1715 1652 1741 1703 ὅ
1771 1667 1823 1702 τι

231 1740 368 1809 περ)⁵
409 1742 532 1802 τοὺς
592 1742 803 1793 ἑαυτῶν
840 1742 993 1803 θεοὺς
1032 1744 1417 1812 ἁμαρτόντας;
1473 1744 1595 1796 Ἔτι
1641 1743 1821 1795 τοίνυν

229 1833 314 1900 τῷ
355 1834 569 1903 θανάτῳ
608 1835 889 1901 μεμπτέον
935 1835 1111 1903 φάγον
1146 1835 1435 1903 ἄνθρωπον
1484 1834 1821 1904 ἀναιροῦντι,

1924 640 2008 694 cui
2038 639 2213 693 solum
2246 638 2374 709 quid
2402 637 2585 699 edere,
2616 635 2745 705 quid
2781 634 2969 688 bibere
3008 632 3163 696 velit,
3196 646 3343 686 cura:
3373 643 3456 685 est
3494 648 3509 685 :

1926 732 1993 786 de
2024 730 2399 784 ratiocinando
2435 738 2639 792 autem,
2678 736 2731 781 et
2774 724 3004 780 sciendo
3037 724 3195 793 plane
3241 724 3312 777 sit
3351 739 3503 775 secu-

1926 823 2056 877 rus?
2073 824 2203 877 Nam
2230 824 2276 877 is
2298 821 2476 892 porcis
2496 822 2695 873 rectius
2715 817 3139 887 comparabitur,
3162 831 3300 884 quos
3318 816 3517 883 pabulo

1925 915 2128 970 allatim
2161 913 2454 983 praebendo
2474 913 2817 988 saginantes,
2846 919 3167 962 mactamus.
3199 908 3310 960 lino
3335 907 3515 976 porcis

1926 1008 2235 1060 inutiliores
2262 1006 2423 1063 etiam
2445 1003 2786 1056 existimandi
2804 1010 2949 1055 sunt.
2972 999 3125 1068 Sa-pe
3143 1000 3285 1052 enim
3319 1012 3518 1068 porco-

1930 1116 2051 1153 rum
2088 1100 2271 1166 sagina
2329 1096 2430 1149 frui
2468 1095 2612 1148 licet.
2663 1094 2770 1147 Viri
2811 1104 2991 1145 autem
3026 1106 3148 1145 sese
3181 1107 3346 1144 carne
3378 1107 3514 1145 one-

1928 1194 2100 1247 rantis
2137 1190 2317 1244 nullus
2357 1203 2489 1242 usus
2538 1197 2666 1240 est:
2712 1186 2813 1238 nisi
2852 1184 2987 1239 alios
3033 1183 3305 1252 quispiam
3352 1184 3517 1237 casti-

1928 1299 2055 1354 gare.
2085 1282 2293 1341 volens,
2328 1281 2395 1335 (le
2430 1296 2497 1334 eo
2523 1280 2686 1333 verba
2730 1278 2911 1339 faciat,
2949 1288 3112 1345 atque
3176 1278 3228 1329 in
3266 1292 3331 1329 eo
3361 1277 3516 1329 luxu-

1928 1379 2023 1430 riae
2050 1375 2283 1429 dedecus
2305 1380 2580 1427 Ostendat.
2615 1371 3089 1436 Quemadmodum
3116 1368 3516 1422 Laceilcemonii

1929 1467 2199 1521 feruntur.
2246 1482 2340 1533 per
2374 1463 2622 1516 llclotum
2654 1461 2754 1531 [sic
2787 1462 2932 1515 enim
2972 1462 3046 1514 illi
3092 1478 3188 1513 sua
3241 1462 3514 1530 mancipia

1927 1557 2215 1629 vocabant]
2253 1558 2595 1611 ebrietatem.
2636 1555 2839 1618 liberis,
2893 1556 3206 1608 sobrietatis
3242 1567 3513 1623 praestan-

1931 1652 2060 1705 tiam
2111 1650 2537 1703 demonstrasse.
2603 1646 2743 1711 Quid
2780 1661 2909 1699 vero
2956 1645 3022 1697 de
3074 1645 3251 1697 inanis
3318 1645 3519 1698 laboris

1931 1744 2089 1797 istius
2120 1742 2384 1795 infinitate
2415 1739 2697 1805 dicemus,
2732 1748 2781 1793 et
2820 1738 2889 1791 de
2958 1738 3283 1792 necessitate
3341 1738 3523 1806 quoti-

1932 1838 2022 1890 die
2098 1834 2357 1903 implendi
2425 1831 2683 1902 perforati
2738 1830 2869 1883 dolii
2920 1830 2943 1883 ?
2998 1846 3100 1899 qua
3167 1843 3327 1900 paena
3376 1830 3518 1882 mul-

234 1927 331 1977 καί
357 1926 611 1994 τοιαύτης
640 1928 943 1996 ἀχρηστίας
982 1928 1073 1979 τὸν
1099 1929 1214 1996 βίον
1244 1927 1643 1998 ἐλευθεροῦντι,
1677 1929 1734 1980 δν
1764 1944 1825 1995 γε

1938 1940 2072 1985 tatas
2136 1944 2256 1981 esse
2320 1926 2611 1995 quasdam,
2666 1923 2853 1977 nescio
2918 1922 2988 1976 ob
3045 1926 3186 1989 quod
3242 1921 3421 1976 scelus
3463 1922 3516 1974 in

234 2019 333 2070 καὶ
381 2018 643 2072 δοκοῦντα
676 2021 794 2088 ζῇν,
839 2021 1207 2091 εὐλογώτερον
1243 2021 1307 2074 ἄν
1357 2038 1439 2082 τις
1476 2019 1621 2073 εἴποι
1655 2020 1834 2085 πάλαι

232 2109 517 2173 τεθνάναι,
541 2110 684 2163 οὕτω
712 2113 849 2182 πρὸς
881 2115 971 2166 τὸν
1005 2115 1225 2181 λογικὸν
1255 2114 1369 2182 βίον
1396 2114 1655 2181 ἀκίνητον
1682 2112 1830 2177 ὄντα,

236 2204 336 2255 καὶ⁵
373 2205 439 2271 τῇ
484 2207 701 2273 συνεχεῖ
743 2206 881 2275 μέθῃ
938 2209 1074 2276 πρὶς
1125 2208 1304 2260 πάντα
1354 2205 1833 2274 ἀναισθητοῦντας

247 2295 393 2347 Ἀλλ’
422 2297 469 2347 εί
503 2298 733 2366 μηδενὸς
759 2299 942 2359 ἄλλου,
976 2300 1169 2352 τούτου
1202 2316 1263 2367 τε
1292 2299 1461 2351 ἕνεκα
1487 2300 1576 2351 τὸν
1604 2297 1836 2350 θάνατον

234 2388 411 2457 ἐχρῆν
449 2390 747 2461 εὐεργέτην
796 2393 1006 2457 καλεῖν,
1060 2392 1308 2444 ἐκποδὼν
1358 2391 1707 2457 ποιούμενον,
1739 2387 1834 2450 οῦς

234 2485 342 2545 τὴν
374 2483 548 2553 ἀρχὴν
605 2485 712 2537 ἔδει
766 2485 902 2555 μηδὲ
957 2486 1233 2553 γενέσθαι.
1279 2481 1450 2554 Οἶμαι
1498 2484 1577 2548 δὲ,
1616 2482 1737 2552 μηδ’
1768 2482 1834 2535 ἂν

236 2575 438 2637 αὐτοὺς
466 2577 733 2641 ἐκείνους,
768 2580 819 2631 εί
844 2595 907 2645 γε
945 2580 1265 2649 ἐκνήψαιεν,
1293 2577 1436 2647 ὑπὲρ
1477 2576 1690 2630 ἑαυτῶν
1725 2593 1829 2627 κα·

236 2667 395 2719 κίσαι
445 2659 535 2719 τὸν
576 2670 829 2733 θάνατον,
892 2672 1048 2740 μηδὲ,
1113 2672 1186 2733 ὡς
1244 2671 1581 2735 ἀδικοῦνται,
1642 2669 1832 2736 φάναι,

240 2756 320 2826 μὴ
355 2758 808 2828 συγχωρούμενοι
845 2761 1104 2829 τοιαύτην
1134 2760 1478 2830 ἀκαθαρσίαν
1508 2762 1720 2813 ἀσκεῖν.

1935 2022 2159 2075 maritos
2186 2034 2314 2072 suos
2344 2017 2718 2077 COIllilll\$llill,
2754 2015 2949 2068 fabula:
2988 2014 3299 2081 perhibent.
3348 2011 3519 2065 Nunt-

1933 2113 2062 2183 quid
2099 2127 2248 2167 mors
2295 2111 2599 2165 accusanda
2659 2119 2762 2171 est,
2804 2123 2927 2162 cum
2966 2122 3219 2160 voraccm
3279 2107 3517 2175 aliquem

1937 2205 2214 2259 hominem
2246 2203 2404 2266 tollit,
2436 2211 2491 2255 et
2539 2201 2703 2253 vitam
2739 2210 2846 2253 tam
2878 2199 3059 2253 inutili
3098 2198 3339 2268 pondere
3386 2199 3523 2251 lihe-

1938 2307 2020 2353 t'at
2056 2316 2069 2351 :
2103 2312 2263 2367 quem
2322 2296 2485 2349 etiam
2534 2294 2662 2347 dum
2716 2292 2901 2345 vivere
2965 2292 3268 2355 videretur,
3317 2292 3521 2346 rectius

1935 2392 2045 2461 jam
2080 2392 2207 2443 oliui
2234 2396 2508 2441 mortuum
2542 2384 2817 2439 dixisses?
2849 2394 2905 2437 ut
2938 2384 3029 2452 qui
3067 2384 3133 2436 ad
3163 2386 3352 2450 vitam,
3400 2400 3521 2453 qua:

1936 2480 2166 2533 rationis
2217 2478 2488 2547 particeps
2519 2486 2622 2540 est,
2674 2474 2822 2528 nulla
2881 2474 3092 2529 ratione
3147 2475 3370 2544 perduci
3418 2491 3522 2544 po-

1935 2572 2199 2636 tuerit,et
2226 2569 2371 2623 omni
2409 2584 2590 2622 rerum
2617 2583 2803 2631 sensu,
2858 2566 2928 2621 ob
2978 2576 3295 2636 perpetuam
3339 2567 3521 2622 ebrie-

1937 2675 2101 2718 tatem
2130 2662 2388 2727 caruerit,
2423 2677 2485 2715 ac
2509 2676 2615 2714 non
2652 2660 2851 2730 potius,
2880 2661 2925 2714 si
2965 2676 3073 2713 non
3111 2660 3181 2713 ob
3216 2660 3385 2723 aliud,
3421 2660 3525 2714 hac

1936 2758 2125 2811 saltem
2162 2757 2327 2826 gratia
2353 2755 2515 2809 morti
2552 2754 2774 2825 agenda:
2805 2752 2989 2825 gratim
3023 2763 3231 2817 essent,
3268 2768 3389 2821 qua:
3422 2752 3523 2809 hos

233 2868 268 2907 e
322 2856 504 2909 medio
550 2857 726 2919 tollat,
785 2874 923 2927 quos
986 2873 1213 2928 prorsus
1262 2874 1331 2913 ne
1393 2858 1541 2911 nasci
1602 2857 1825 2926 quidem
1867 2853 2195 2924 oportebat?
2252 2853 2323 2904 At
2364 2868 2431 2906 ne
2504 2852 2623 2906 illos
2681 2852 2832 2921 ipsos
2905 2850 3150 2920 quidem,
3210 2851 3255 2905 si
3306 2852 3527 2920 quando

234 2953 521 3023 crapulam
574 2954 1017 3021 edormivissent,
1080 2958 1147 3011 de

234 3062 353 3102 non
385 3048 741 3114 concedatur,
778 3050 830 3102 in
866 3050 969 3104 hoc
998 3051 1287 3105 libidinum
1317 3066 1477 3105 coeno
1510 3047 1780 3102 volutari.‘

857 3143 1108 3196 ΚΕΦΑΛ.
1141 3142 1215 3198 Ε’.

315 3237 379 3289 Τί
410 3235 453 3288 δ’
481 3235 546 3288 ἂν
574 3237 751 3297 εἴποις
790 3236 887 3299 τὰς
917 3235 1103 3301 ἄλλας,
1135 3239 1234 3300 τας
1266 3235 1451 3308 ὥσπερ
1483 3236 1586 3289 ἀπ’)
1619 3234 1824 3305 μητρός

233 3344 389 3387 τινος
440 3327 540 3394 τῆς
598 3326 811 3395 τρυφῆς
864 3329 1194 3398 τικτομένας
1252 3330 1490 3391 κακίας’
1544 3330 1678 3382 πᾶσι
1726 3330 1832 3396 γὰρ

237 3417 435 3487 σχεδὸν
461 3419 572 3479 τοῖς
600 3419 847 3487 αἰσχροῖς
889 3419 1042 3487 παρά
1084 3420 1285 3490 ταύτης
1319 3422 1373 3472 αἱ
1409 3420 1693 3490 ἀφορμαί·
1739 3424 1832 3473 καὶ

236 3526 301 3563 το
342 3511 467 3571 τοῦς
490 3499 778 3575 ⁶παγέντας
805 3512 937 3580 ἡμῖν
961 3512 1065 3564 ὑπὸ
1093 3512 1190 3580 τῆς
1215 3515 1430 3581 φύσεως
1454 3516 1635 3583 ὅρους,
1665 3513 1834 3581 ὑπερ-

237 3604 533 3664 ϐαίνοντας
573 3605 698 3664 τοὺς
731 3604 1051 3673 ἀνθρώπους
1097 3607 1175 3666 εἰς
1215 3606 1309 3657 τὸν
1344 3606 1452 3657 τῶν
1501 3605 1831 3674 ἀκαθάρτων

239 3694 452 3762 ἡδονῶν
492 3693 790 3762 ἐμπίπτειν
840 3695 1110 3763 κρημνὸν,
1156 3689 1231 3747 ὧν
1278 3697 1388 3758 τοῖς
1422 3694 1827 3764 κατηγοροῦσιν

236 3784 400 3855 οἶμαι
434 3786 527 3840 καὶ
556 3786 727 3857 μόνην
757 3786 857 3857 τὴν
889 3788 1115 3857 μνήμην
1146 3788 1413 3857 αἰσχύνην
1447 3788 1515 3839 ἂν
1546 3788 1827 3854 ἐνεγκεῖνς

237 3877 702 3950 Δυσχερανοῦμεν
734 3874 849 3943 οὖν,
903 3880 951 3933 εί
1008 3880 1083 3950 μὴ
1133 3882 1228 3933 καὶ
1262 3880 1533 3943 ἀθάνατος
1566 3881 1593 3932 ὁ
1623 3883 1829 3949 μοιχὸς,

240 3974 342 4027 καὶ
364 3971 443 4040 τῷ
472 3973 811 4042 παιδεραστῇ
856 3973 1222 4040 συνευξάμεθα
1270 3974 1370 4042 τὴν
1399 3974 1550 4026 νόσον
1582 3974 1661 4034 είς
1694 3970 1834 4025 ἀπέ-

241 4080 445 4137 ραντον
483 4063 910 4132 παρατείνεσθαι
938 4078 953 4093 ’
983 4063 1014 4133 ῆ
1051 4066 1145 4115 καὶ
1173 4064 1273 4128 τὰς
1302 4062 1443 4133 ὑπὲρ
1471 4063 1582 4115 τῶν
1609 4061 1834 4133 χρημα-

239 4157 357 4209 τῶν
383 4155 698 4221 ἐπιϐουλὰς,
740 4157 834 4210 καὶ
885 4155 1242 4224 φιλονεικίας,
1303 4158 1397 4209 καὶ
1450 4157 1701 4225 φθόνους,
1737 4157 1835 4210 καὶ

240 4250 375 4311 τοὺς
406 4248 545 4317 ὑπὲρ
574 4248 671 4317 τῆς
696 4247 1050 4317 παντοδαπῆς
1077 4248 1389 4312 πλεονεξίας
1416 4249 1707 4318 πολέμους,
1738 4247 1834 4313 οὓς

240 4341 482 4411 φανερὸν
511 4341 622 4393 τῶν
663 4341 866 4410 ἡδονῶν
912 4342 1094 4394 εἵνεκα
1126 4345 1253 4404 τοῦς
1302 4341 1625 4411 ἀνθρώπους
1659 4345 1833 4413 αἱρεῖ-

242 4436 399 4499 σθαι,
449 4434 656 4497 ἀϊδίους
709 4429 849 4486 εἶναι
906 4432 1249 4502 θελήοομεν;
1309 4433 1499 4502 ὥσπερ
1562 4433 1657 4487 τοῦ
1714 4433 1832 4504 βίου

245 4527 423 4598 μηδὲν
453 4527 644 4596 ὄφελος
699 4527 779 4591 δν,
829 4527 895 4580 ἂν
936 4527 1008 4594 μὴ
1061 4526 1305 4595 συνεχῶς
1338 4527 1554 4593 μεγάλα
1586 4526 1732 4580 κακά
1767 4526 1833 4579 τὰ

1233 2964 1410 3010 morte
1465 2961 1864 3021 conquesluros
1903 2964 2025 3003 esse
2063 2957 2192 3018 puto
2221 2988 2236 3013 ,
2268 2961 2372 3001 nec
2406 2945 2601 3017 injuria
2672 2961 2730 2999 se
2782 2944 2921 3000 allici
2964 2944 3229 3012 dicturos,
3276 2961 3402 3001 cum
3452 2946 3523 3008 iis

2541 3139 2772 3195 CAPUT
2847 3139 2911 3193 Υ.

2013 3232 2151 3299 Quid
2174 3249 2303 3287 vero
2330 3233 2397 3288 de
2422 3233 2646 3303 reliquis
2677 3237 2825 3290 vitiis
2857 3235 3029 3301 dicas,
3057 3253 3177 3306 quat
3226 3253 3255 3291 a
3288 3236 3526 3301 deliciis,

1941 3324 2108 3378 veluti
2159 3334 2329 3379 matre
2366 3326 2640 3387 oriuntur,
2689 3326 2947 3381 omnibus
3006 3328 3150 3382 enim
3205 3327 3317 3383 fere
3372 3328 3524 3400 ﬂagi-

1940 3421 2030 3474 tiis
2069 3435 2255 3473 ausam
2290 3420 2402 3475 haec
2436 3422 2702 3489 prmbent,
2744 3432 2837 3474 aut
2892 3422 2958 3474 de
2993 3436 3057 3475 eo
3089 3422 3233 3489 quod
3273 3422 3525 3477 homines

1942 3511 2101 3565 nobis
2123 3528 2151 3565 a
2178 3524 2368 3566 natura
2391 3513 2638 3581 prmfixos
2667 3513 2869 3567 limites
2904 3514 3301 3579 transilientes,
3340 3515 3393 3569 iu
3427 3515 3530 3568 im-

1942 3620 2201 3674 purarum
2238 3605 2577 3673 voluptatum
2619 3606 2981 3675 praecipitium
3020 3608 3309 3662 incidunt?
3367 3624 3525 3675 quas,

1944 3712 2000 3753 ut
2048 3699 2297 3761 arbitror,
2350 3701 2437 3766 qui
2489 3700 2938 3768 reprehendunt,
2979 3700 3060 3753 vel
3127 3702 3239 3755 sola
3300 3700 3518 3754 illarum

1943 3789 2460 3844 commemoratione
2519 3794 2868 3845 erubescunt.
2927 3792 3066 3862 Ergo
3109 3794 3334 3846 moleste
3378 3792 3526 3848 fere-

1943 3898 2086 3943 mus.
2119 3883 2162 3935 si
2217 3882 2428 3936 azlulter
2474 3899 2581 3937 non
2634 3887 2703 3937 sit
2738 3885 3096 3940 immortalis?
3150 3896 3203 3939 et
3234 3902 3338 3939 una
3401 3901 3527 3939 cum

1942 3988 2236 4041 puerorum
2267 3984 2509 4029 amatore
2556 3985 2677 4029 vota
2708 3976 2993 4037 faciemus.
3049 3986 3106 4029 ut
3138 3978 3363 4031 morbus
3409 3978 3526 4047 ejus

1943 4065 1998 4119 in
2033 4065 2304 4119 infinitum
2348 4066 2721 4135 producatur?
2770 4076 2864 4121 aut
2897 4069 3058 4120 etiam
3091 4066 3341 4131 insidias,
3406 4080 3529 4137 qua:

1944 4160 2190 4229 pecuniae
2222 4160 2540 4226 tenduntur,
2570 4162 3049 4222 ctconteutiones,
3072 4169 3124 4214 et
3160 4160 3414 4224 invidias,
3472 4168 3530 4215 et

1948 4253 2196 4313 bella.oh
2229 4253 2380 4307 varia
2442 4254 2627 4320 iniqua
2661 4252 2807 4307 lucra
2856 4254 3060 4323 suscipi
3123 4254 3281 4308 solita
3353 4256 3528 4322 (lucra

1943 4360 2073 4399 vero
2104 4355 2325 4414 propter
2366 4346 2670 4414 voluptates
2702 4346 2769 4399 ab
2804 4347 3122 4399 hominibus
3174 4348 3360 4415 appeti
3389 4362 3529 4400 con-

1944 4439 2075 4503 stat)
2113 4447 2313 4490 mterna
2337 4451 2460 4491 esse
2498 4438 2770 4491 velimus?
2814 4439 2967 4506 quasi
3033 4454 3161 4491 vero
3213 4438 3334 4492 vita:
3379 4439 3529 4493 nulla

1946 4531 2019 4584 sit
2046 4530 2273 4593 utilitas,
2303 4528 2408 4581 nisi
2439 4532 2785 4583 continenter
2817 4546 3010 4597 magna
3062 4532 3201 4583 mala
3238 4531 3372 4584 alias
3428 4530 3528 4583 de-

246 4621 353 4688 μὲν
382 4618 650 4688 ποιῶμεν,
677 4617 745 4671 τὰ
785 4618 841 4672 δὲ
873 4621 1197 4686 πάσχωμεν,
1240 4617 1337 4670 καὶ
1382 4620 1446 4688 τῇ
1495 4617 1830 4685 πολυμόρφῳ

1944 4638 2084 4681 mus.
2113 4622 2246 4675 alias
2282 4623 2545 4683 feramuS,
2580 4631 2634 4674 et
2682 4639 2768 4676 res
2830 4636 3048 4675 nostras
3098 4624 3150 4676 iu
3210 4624 3530 4694 multiplicis

244 4710 423 4783 κακίᾳ
453 4712 522 4763 τὰ
554 4712 803 4781 ἡμέτερα
837 4712 1017 4765 αὐτῶν
1048 4711 1452 4780 ἐπιτρέψωμεν.
1485 4709 1647 4761 Ἀλλὰ
1681 4707 1839 4760 τοῦτο

243 4805 298 4859 τί
334 4803 456 4856 ποτ’
491 4804 642 4856 ἐστὶν
673 4802 883 4871 ἕτερον,
921 4802 953 4873 ἢ
992 4802 1053 4855 τὸ
1084 4803 1182 4873 μὲν
1211 4802 1382 4854 κακὸν
1421 4799 1837 4870 συμϐουλεύειν,

244 4897 310 4949 τ’)
356 4895 413 4948 ὁὶ
452 4895 658 4962 ἀγαθὸν
712 4895 890 4963 φυγῆς
942 4896 1037 4947 καὶ
1083 4895 1308 4963 ἀτιμίας
1346 4895 1727 4962 τιμήσασθαι;
1769 4893 1836 4944 ἸΙ

244 4988 434 5041 τοίνυν
460 4985 685 5055 ἀναίδην
716 4986 919 5039 οὑτωσὶ
947 4987 1046 5054 τὴν
1079 4986 1274 5055 ἡδονὴν
1304 4980 1441 5036 εἶναι
1479 4986 1681 5052 φατέον
1712 4982 1839 5034 τάν-

246 5077 528 5149 θρώπινον
565 5080 789 5146 ἀγαθὸν,
824 5078 1025 5149 ἀρετὴν
1067 5079 1146 5141 δὲ,
1177 5079 1273 5131 καὶ
1320 5080 1534 5145 σοφίαν.
1577 5078 1670 5130 καὶ
1713 5078 1838 5128 ἑπι-

248 5172 494 5240 στὴμην.
522 5172 684 5238 λόγου
706 5172 869 5241 χάριν
892 5173 986 5224 καὶ
1017 5170 1353 5240 εὐπρεπείας
1381 5171 1540 5238 μόνον
1565 5168 1838 5238 εἰρῆσθαι,

254 5269 356 5318 καὶ
378 5266 501 5317 τότε
534 5266 631 5318 καὶ
662 5264 739 5334 τῷ
770 5264 988 5334 θανάτῳ
1039 5264 1320 5333 μεμπτέον
1351 5262 1419 5315 τὰ
1458 5262 1719 5315 κάλλιστα
1746 5260 1842 5312 καὶ

247 5358 569 5428 τιμιώτατα
622 5358 780 5428 ἡμῶν
838 5358 1205 5428 ἀφαιροῦντις
1266 5360 1297 5427 ἢ
1359 5358 1679 5427 νομίζοντας
1732 5354 1841 5406 τῶν

250 5450 463 5521 ἡδονῶν
503 5449 605 5512 τὰς
647 5450 747 5520 μὲν
803 5453 869 5521 τῇ
919 5450 1066 5522 ψυχῇ
1128 5451 1309 5521 λώὸην
1367 5451 1627 5519 ἄντικρυς
1678 5444 1839 5515 εἶναι,

250 5544 353 5597 καὶ
396 5544 463 5611 τῇ
514 5545 668 5613 κοινῇ
722 5543 831 5596 τῶν
885 5544 1191 5609 ἀνθρώπων
1252 5544 1497 5614 πολιτείᾳ
1558 5542 1841 5605 παντελῶς

250 5638 683 5698 ἐναντιωτάτας,
715 5638 812 5700 τὰς
852 5637 905 5689 δὲ
942 5639 1034 5690 καὶ
1082 5639 1250 5699 αὑτὰς
1289 5637 1441 5689 οὐδὲν
1492 5632 1655 5706 ἦττον
1712 5638 1841 5705 βλά·

248 5745 418 5783 πτειν
455 5730 778 5799 δυναμένας,
813 5731 876 5783 ἂν
907 5732 966 5784 τὸ
1014 5733 1165 5800 παρὰ
1195 5730 1289 5784 τοῦ
1339 5731 1499 5796 λόγου
1534 5733 1732 5801 μέτρον
1767 5731 1842 5802 μὴ

251 5821 693 5891 καταδέχωνται,
734 5823 854 5875 οὐδὲ
897 5826 989 5875 τὶν
1034 5825 1265 5877 θάνατον
1305 5825 1587 5887 παντελῶς
1639 5827 1842 5895 ἀτιμα-

255 5914 445 5979 ατέον,
500 5916 609 5969 οὐδ’
655 5914 727 5978 ὥς
788 5933 839 5968 τι
895 5917 999 5971 τῶν
1053 5916 1331 5989 βλαϐερῶν
1384 5922 1681 5989 φευκτέον·
1727 5918 1843 5975 ἀλλ’

1944 4715 2258 4768 vitiositatis
2327 4724 2652 4783 potestati-ui
2710 4717 3115 4782 permittamus.
3184 4714 3383 4770 Verum
3422 4716 3528 4770 hoc

1944 4808 2071 4878 quid
2094 4809 2308 4863 tandem
2343 4820 2425 4863 est
2457 4809 2622 4869 aliud,
2647 4825 2805 4877 quam
2836 4810 2973 4862 malo
2993 4810 3321 4864 senatoriam
3349 4820 3535 4863 aucto-

1946 4905 2158 4955 ritatem
2186 4902 2449 4961 tribuere,
2484 4902 2684 4953 bontuu
2718 4912 2901 4954 autem
2929 4901 3123 4955 exsilio
3181 4912 3235 4956 et
3290 4902 3526 4971 ignomi-

1945 4997 2034 5049 nia
2069 4996 2340 5049 multare?
2395 4996 2502 5048 Aut
2534 4995 2696 5064 igitur
2746 5005 2933 5063 aperte
2988 4995 3126 5048 adeo
3159 4996 3529 5064 pronuntian-

1946 5091 2076 5143 dum
2108 5097 2210 5153 est,
2245 5090 2575 5157 voluptatem
2603 5088 2840 5142 hominis
2900 5104 3021 5143 esse
3080 5089 3283 5142 bonum
3316 5104 3330 5141 :
3362 5090 3530 5142 virtu-

1948 5190 2055 5235 tem
2118 5189 2299 5233 autem
2361 5188 2415 5232 et
2469 5180 2817 5249 sapientiam,
2863 5188 2917 5233 et
3000 5180 3310 5241 scientiam,
3370 5179 3525 5233 verbi

1946 5281 2158 5327 tantum
2215 5272 2410 5341 gratia,
2460 5282 2513 5327 et
2566 5282 2788 5341 propter
2833 5273 3070 5341 Speciem
3126 5272 3417 5333 nominari,
3472 5283 3527 5326 et

1948 5372 2077 5415 tunc
2100 5361 2262 5415 morti
2289 5362 2698 5431 exprobauduiu
2736 5375 2839 5426 est,
2881 5380 3000 5433 qua:
3028 5380 3111 5428 ea,
3163 5380 3282 5431 qua:
3318 5374 3373 5417 et
3406 5365 3525 5431 pul-

1946 5453 2220 5509 cherrima
2253 5463 2305 5506 et
2338 5454 2735 5523 pretiosissima
2770 5457 3081 5519 habeamus,
3111 5456 3336 5509 adimat.
3393 5456 3520 5521 Aut,

1947 5548 1991 5601 si
2018 5545 2279 5616 quasdam
2333 5546 2642 5615 voluptates
2681 5547 2989 5601 evidentem
3057 5549 3367 5601 animorum
3402 5564 3522 5603 (τοδε

1944 5641 2264 5711 perniciem,
2326 5642 2724 5707 existimemus,
2788 5653 2841 5697 et
2900 5644 3176 5696 eouunuui
3241 5644 3524 5695 hominum

1948 5736 2071 5788 vita:
2092 5735 2159 5789 ab
2212 5734 2363 5788 omni
2389 5746 2542 5805 parte
2591 5736 3011 5791 adversissimas
3050 5753 3062 5787 :
3095 5738 3229 5791 alias
3279 5747 3331 5791 et
3380 5736 3522 5805 ipsas

1948 5826 2304 5881 nihilominus
2363 5827 2553 5881 obesse
2595 5843 2776 5897 posse,
2826 5829 2929 5883 nisi
2970 5841 3128 5883 recta:
3164 5829 3389 5882 rationis
3441 5844 3525 5882 re-

1949 5919 2065 5991 gula
2092 5919 2412 5974 adhibeatur
2449 5937 2462 5973 :
2502 5936 2679 5990 nequc
2706 5936 2850 5977 mors
2888 5923 3106 5993 penitus
3171 5922 3390 5977 infamia
3422 5938 3521 5976 uo-
