4186 6438
207 379 344 443 τῗὲἓι

1224 389 1320 449 DE
1376 389 1900 450 PROCESSIONE
1945 394 2005 453 S.
2048 396 2429 459 SPllil'TUS.

3332 396 3473 459 1226

194 506 435 559 ἐκείνοι·
471 509 770 573 .’τρόοὸογ;
796 508 862 561 Ὠ
903 509 999 577 τῆς
1033 508 1339 578 ἀμαθείαςῑ
1374 511 1456 563 ὄτι
1491 509 1666 579 τούτῳ
1711 509 1781 577 τῷ

1890 514 2024 566 satis
2047 531 2150 567 non
2180 517 2267 569 sit.
2288 514 2331 570 Ο
2355 514 2627 571 inscitiam
2648 516 2659 567 ί
2683 530 2806 569 cum
2833 512 3055 569 ﬂaccido
3088 516 3190 570 isto
3208 531 3269 571 ac
3301 516 3467 572 debili

198 600 386 669 σαθρῷ
412 602 504 653 καὶ
534 602 740 656 εὐτελεῖ
769 600 913 670 λόγῳ
944 601 1041 671 τὴν
1078 602 1401 672 θαυμαστὴν
1450 602 1655 674 ταύτην
1703 604 1781 656 οξ-

192 694 434 762 κοδομὴν
456 696 551 762 τῆς
575 694 854 762 θεολογίας
877 694 1207 763 ἀνατρέπειν
1235 694 1480 761 νομίζεις
1502 732 1515 748 .
1543 692 1784 762 Τοιούτῳ

194 786 418 847 παντως
455 789 870 857 ἐπιχειρήματι,
906 788 1098 853 Φώτιε,
1129 788 1288 839 κα“ιοῐ
1315 787 1422 858 πρὸ
1457 786 1551 838 σοῦ
1587 789 1651 856 τῇ
1688 785 1781 839 τοῦ

204 877 334 929 Υἱοῦ
369 878 463 930 τοῦ
516 881 651 932 Θεοῦ
694 881 1150 950 πεπολεμηκότες
1202 879 1441 950 θεότητι,
1496 881 1780 948 φαίνονται

194 971 533 1040 χρήσασθαι,
568 971 632 1025 El
682 976 827 1038 Θεὸς
850 973 1107 1037 τέλειος,
1145 972 1465 1039 φάσκοντες,
1492 974 1523 1025 ό
1554 972 1778 1040 Πατὴρ,

192 1065 255 1114 τί
297 1064 415 1130 χρὴ
464 1064 562 1116 καὶ
606 1065 714 1117 τὸν
762 1065 898 1117 rw»-
955 1065 1194 1118 τέλειον
1230 1066 1378 1118 eam
1421 1066 1779 1126 πιστεύεινς

208 1157 507 1209 Ἐλάνθανε
553 1160 662 1226 γὰρ
707 1158 933 1220 αὐτοὺς,
973 1158 1047 1219 ὡς
1103 1157 1447 1226 ἀληθέστατα
1485 1158 1632 1226 παρά
1681 1158 1779 1225 τῆς

208 1250 542 1319 Ἐκκλητὶας
574 1250 879 1314 δοξάζοιτο,
906 1254 998 1302 καὶ
1030 1251 1191 1319 μόνον
1238 1248 1496 1318 ἀληθινὸν
1528 1250 1662 1301 θεον
1690 1249 1780 1301 τὸν

196 1346 416 1414 Πατέρα
446 1348 539 1397 καὶ
570 1346 780 1398 τέλειον
808 1340 982 1397 εἶναι’
1015 1344 1175 1397 τοῦτο
1205 1344 1415 1411 δ’ὄμως
1449 1343 1548 1395 οὐκ
1584 1342 1782 1395 ἐκϐαλ-

191 1436 309 1487 λειν
340 1438 431 1488 τὸν
478 1438 605 1489 Υἱον
658 1438 757 1504 τῆς
799 1439 1083 1507 Πατρικῆς
1136 1439 1351 1505 ἐκείνης
1392 1436 1778 1504 κληρονομίας,

193 1530 322 1581 καθ’
352 1530 419 1600 ἦν
453 1532 630 1583 πάντα
665 1531 778 1599 ἔχει
816 1531 883 1583 τὰ
914 1532 1008 1584 τοῦ
1045 1530 1257 1597 Πατρός
1291 1529 1365 1589 ὡς
1397 1530 1623 1589 ἐκεῖνος.
1665 1527 1779 1580 Μό-

192 1639 285 1674 νου
319 1624 429 1691 ἄρα
463 1623 671 1674 τελείου
723 1622 857 1674 Θεοῦ
915 1624 1070 1685 ὄντος
1124 1639 1183 1673 τε
1226 1622 1320 1673 καὶ
1374 1619 1779 1687 πιστευομένου

190 1715 287 1766 τοῦ
322 1714 554 1781 Πατρός,
581 1716 674 1765 καὶ
703 1715 730 1764 ό
766 1713 893 1777 Υίος
925 1714 1056 1775 Θεὸς
1086 1713 1291 1774 τέλειος
1325 1714 1446 1766 ἐστί
1482 1729 1540 1764 τε
1570 1712 1665 1765 καὶ
1696 1711 1784 1763 λέ-

190 1822 373 1870 γεται.
394 1805 467 1856 Τὸ
500 1804 614 1857 ἴσον
644 1805 698 1857 δὲ
738 1806 958 1873 φρονεῖν
990 1803 1168 1871 ἔξεστι
1200 1805 1294 1858 καὶ
1322 1804 1451 1872 περὶ
1480 1804 1575 1856 τοῦ
1606 1803 1777 1857 Πνεῦ-

196 1913 370 1965 ματος
406 1896 500 1948 τοῦ
534 1896 713 1963 ἁγίου.
756 1896 821 1949 Ἥ
867 1897 1005 1964 αὑτὴ
1040 1897 1149 1966 γὰρ
1180 1895 1256 1963 τῷ
1301 1894 1524 1965 ἀριθμῷ
1560 1895 1653 1947 καὶ
1683 1895 1778 1964 μία

192 1990 389 2056 θεότης
420 1990 531 2051 τοῖς
571 1990 718 2057 τρισὶ
765 1989 919 2058 κοινὴ
970 1986 1095 2040 καθ’
1140 1989 1203 2057 ἣν
1246 1988 1478 2041 ἕκαστον
1506 1986 1616 2040 τῶν
1647 2003 1781 2057 προ-

194 2082 397 2134 σώπων
432 2082 522 2133 καὶ
575 2080 734 2149 μόνος
784 2080 918 2141 Θεὸς
971 2080 1068 2132 καὶ
1106 2080 1315 2142 τέλειος
1365 2078 1778 2147 δογματίζεται,

188 2175 298 2227 οὐκ
324 2172 560 2239 ἐξωθοῦν
588 2174 686 2241 τῆς
715 2174 966 2241 θεότητος
992 2172 1242 2241 θάτερον,
1269 2172 1461 2243 ὥσπερ
1490 2172 1619 2239 παρ’
1649 2174 1780 2241 ἡμῖν

192 2268 251 2320 εἴ
279 2285 361 2329 τις
397 2267 559 2336 μόνος
590 2262 656 2336 ἦν
688 2266 946 2328 πλούσιος
980 2266 1107 2324 τοὺς
1139 2264 1335 2328 ἄλλους
1373 2266 1613 2336 πένητας
1640 2260 1781 2318 εἶναι

190 2361 297 2411 οὐκ
332 2357 770 2426 ἀμφιϐάλλομεν,
803 2356 1011 2409 ἐκείνου
1045 2356 1175 2416 παρ’
1207 2355 1384 2423 ἑαυτῷ
1414 2356 1543 2418 τοὺς
1576 2354 1780 2424 θησαν·

198 2453 331 2519 pob;
359 2451 707 2519 κατέχοντος,
735 2449 831 2501 καὶ
869 2449 1061 2518 μηδενὶ
1107 2448 1495 2511 κοινωνοῦντος
1532 2448 1640 2501 τῶν
1681 2464 1777 2499 τα-

190 2546 431 2607 λάντων,
464 2541 600 2595 ἀλλά
638 2538 983 2609 πανταχόθεν
1015 2538 1366 2605 συλλέγοντος
1418 2537 1509 2592 τὸν
1557 2541 1778 2610 χρυσὸν,

192 2638 292 2688 καὶ
328 2634 553 2703 μείζους
588 2632 851 2685 ἑκάστοτε
890 2630 985 2693 τὰς
1020 2628 1310 2699 ἀποθήκας
1339 2630 1645 2694 ποιοῦντος.
1669 2632 1782 2703 Οὐχ

195 2726 401 2790 οὕτως,
452 2720 496 2779 ὧ
544 2724 709 2778 δεινοὶ
773 2722 1146 2790 συλλογισταὶ,
1179 2720 1350 2791 φαίην
1403 2721 1469 2776 ἂν
1522 2724 1658 2792 πρὸς
1688 2723 1782 2777 τον

197 2817 505 2887 Ἀρειον,ἣ
546 2816 673 2878 τοὺς
709 2815 777 2870 τά
829 2816 993 2885 ὃμοια
1036 2814 1426 2890 νενοσηκότας,
1464 2814 1492 2866 ό
1526 2815 1658 2878 Θεὸς
1689 2816 1784 2868 καὶ

197 2907 391 2977 Πατὴρ
419 2908 507 2959 τὸν
532 2906 634 2975 τῆς
671 2905 927 2972 θεότητος
962 2904 1196 2959 πλοῦτον
1243 2903 1374 2973 παρ’
1405 2903 1586 2973 ἑαυτῷ
1618 2922 1783 2958 συναο

194 3000 424 3069 θροίσας
476 2997 655 3062 ὀλίγου
706 2996 849 3058 τινὸς
907 2996 1180 3065 μετέδωκε
1215 2996 1293 3065 τῷ
1327 2996 1466 3065 Υἱῷ,
1507 2994 1783 3065 φθονήσας

197 3097 332 3158 ἴσως
362 3095 506 3147 κατὰ
534 3092 632 3163 τὴν
669 3094 950 3164 ἡμετέραν
1012 3093 1334 3162 σκαιότητα,
1371 3093 1404 3163 ἢ
1440 3092 1782 3163 ἀδυνατήσας

1888 616 2215 676 argumento
2274 608 2656 662 admirabilem
2705 608 2848 662 hanc
2899 608 3185 679 theologia:
3230 622 3471 665 structu-

1889 713 2003 752 ram
2056 699 2337 753 dimovere
2400 711 2562 770 putas
2603 702 2626 754 ?
2676 699 2791 756 Hoc
2834 715 3061 771 prorsus
3121 714 3463 770 argumento,

1887 791 2073 855 Photi,
2122 801 2251 844 ante
2274 801 2325 846 te
2354 791 2474 847 Filii
2536 792 2632 848 Dei
2687 794 3034 848 divinitatem
3078 806 3466 862 oppugnantes

1887 883 1963 937 uti
1987 883 2087 937 visi
2119 893 2266 940 sunt.
2302 882 2361 937 Si
2392 884 2529 937 Deus
2560 886 2840 954 perfectus.
2875 885 3147 951 dicentes,
3169 883 3334 937 Pater
3368 896 3467 944 est,

1884 977 2011 1046 quid
2026 993 2156 1043 opus
2180 987 2252 1029 es!
2275 985 2321 1029 et
2355 974 2554 1030 Filium
2571 979 2858 1046 perfectum
2896 978 3063 1032 Deum
3092 994 3200 1032 esse
3218 976 3469 1031 credere?

1887 1064 2149 1135 Fugiehat
2178 1066 2324 1119 enim
2356 1066 2508 1135 ipsos
2559 1082 2723 1136 quam
2787 1068 3078 1122 verissime
3112 1068 3179 1121 ab
3225 1066 3467 1121 Ecclesia

1888 1157 2084 1222 teneri,
2118 1158 2295 1211 solum
2328 1172 2518 1212 rerum
2564 1158 2733 1212 Deum
2775 1158 3016 1223 Patrem,
3062 1168 3117 1213 et
3166 1160 3465 1229 perfectura

1883 1263 2028 1312 esse,
2068 1249 2169 1301 hoc
2200 1249 2561 1304 nihilominus
2595 1264 2701 1303 non
2733 1250 3029 1305 deturbare
3060 1249 3259 1303 Filium
3287 1259 3467 1320 pater-

1885 1356 1953 1393 na
1986 1339 2075 1393 illa
2112 1340 2455 1405 harreditalc,
2486 1358 2592 1411 qua
2635 1342 2818 1396 omnia
2874 1342 3053 1397 Patris
3092 1358 3247 1411 mque
3297 1352 3463 1411 atque

1885 1432 1974 1486 ille
2008 1433 2270 1500 possidet.
2322 1432 2484 1487 Solus
2514 1434 2698 1502 itaque
2729 1433 3006 1502 perfectus
3049 1435 3193 1489 Deus
3223 1451 3346 1488 cum
3396 1435 3465 1488 sit

1885 1534 1939 1577 et
1971 1533 2257 1593 reputetnr
2287 1523 2469 1591 Pater,
2524 1524 2693 1579 Filius
2724 1540 2945 1594 quoque
2984 1524 3128 1578 Deus
3188 1526 3466 1594 perfectus

1884 1623 1967 1668 est
2004 1625 2057 1667 et
2102 1615 2340 1679 dicitur;
2385 1615 2534 1685 quod
2584 1616 2882 1669 tenendum
2920 1616 3082 1669 etiam
3113 1626 3199 1669 est
3243 1617 3309 1669 de
3341 1617 3467 1685 Spi-

1883 1705 1991 1756 riln
2034 1713 2247 1758 sancto.
2288 1704 2493 1759 Eadem
2527 1706 2676 1758 enim
2736 1721 2968 1759 numero
3001 1713 3057 1759 et
3106 1721 3212 1758 una
3271 1705 3460 1759 Deitas

1890 1793 2065 1847 trihus
2094 1798 2404 1849 communis
2434 1806 2541 1855 est.
2573 1795 2875 1850 secundum
2904 1813 3065 1866 quam
3122 1812 3468 1866 unaquaeque

1888 1896 2119 1949 persona
2151 1892 2205 1937 et
2230 1889 2377 1939 solus
2414 1884 2558 1937 Deus
2589 1896 2645 1938 et
2682 1886 2965 1954 perfectus
2998 1885 3332 1946 decernitur.
3357 1901 3465 1938 non

1882 1973 2182 2029 eiu-ludens
2204 1976 2371 2030 alium
2397 1991 2424 2030 a
2450 1976 2773 2032 divinitate:
2811 1979 3275 2047 quemadmodum
3324 1982 3464 2046 apud

1883 2079 1983 2120 nos
2013 2065 2057 2119 si
2087 2065 2212 2133 quis
2237 2067 2387 2121 solus
2418 2078 2566 2122 esset
2597 2068 2775 2132 dives,
2838 2071 2974 2124 alios
3024 2086 3292 2139 pauperes
3340 2087 3465 2125 esse

1885 2172 1993 2211 non
2023 2157 2363 2224 dubitamus,
2402 2176 2525 2214 cum
2556 2161 2649 2215 ille
2678 2164 2821 2231 apud
2845 2177 2905 2216 se
2956 2161 3245 2218 thesauros
3292 2163 3469 2218 conli-

1885 2260 2032 2313 neat,
2085 2266 2189 2305 nec
2238 2251 2332 2306 ulli
2386 2251 2589 2305 talenta
2640 2254 3034 2318 communicet,
3091 2254 3184 2309 sed
3227 2255 3364 2308 locis
3398 2270 3462 2309 ex

1883 2343 2137 2400 omnibus
2161 2360 2354 2399 aurum
2395 2345 2736 2416 recolligens,
2784 2347 3027 2416 quotidie
3053 2348 3296 2405 auctiora
3331 2350 3458 2402 red-

1884 2437 1975 2491 dat
2010 2438 2357 2505 repositoria.
2390 2437 2509 2493 Non
2546 2439 2619 2493 ita
2642 2448 2745 2505 est,
2772 2454 2805 2494 ο
2827 2440 2973 2494 acuti
3023 2440 3459 2511 syllogismorum

1884 2532 2219 2596 inventores,
2257 2532 2644 2602 responderem
2676 2533 2743 2587 ad
2780 2532 2991 2597 Arium,
3030 2534 3145 2588 sive
3187 2535 3254 2588 ad
3297 2534 3467 2590 simili

1885 2624 2078 2680 morbo
2104 2626 2393 2693 detentos;
2428 2641 2560 2691 non,
2595 2627 2842 2696 inquam,
2880 2627 3021 2682 Deus
3049 2637 3102 2681 et
3134 2629 3296 2683 Pater
3321 2628 3463 2683 divi-

1884 2717 2075 2773 nitatis
2107 2718 2397 2773 thesauros
2430 2719 2484 2773 in
2516 2720 2819 2789 semetipso
2853 2719 3197 2790 complexus,
3240 2722 3466 2791 paulum

1885 2810 2161 2879 quidpiam
2181 2827 2246 2866 ex
2271 2802 2377 2865 illis
2393 2809 2533 2867 Filio
2555 2811 3003 2880 communicavit,
3028 2812 3262 2867 fortasse
3287 2824 3467 2867 motus

1884 2903 2203 2965 invidentia,
2237 2917 2357 2972 qua:
2387 2911 2563 2957 vestra
2593 2912 2676 2959 est
2704 2905 2949 2969 vesania,
2987 2914 3083 2959 aut
3111 2907 3304 2961 volens
3344 2921 3464 2959 eam

1882 2996 2290 3052 communicare
2310 3012 2419 3051 non
2449 2997 2648 3067 potuit,
2668 2998 2763 3053 sed
2784 2999 2948 3052 totius
2969 2999 3221 3054 essentia:
3249 3007 3304 3053 et
3326 3000 3407 3053 dl\
3424 3000 3468 3053 i-

1884 3087 2071 3142 nitatis
2102 3088 2254 3142 illum
2288 3088 2610 3159 participem
2642 3088 2795 3157 facit,
2838 3090 3040 3159 datque
3090 3090 3164 3144 illi
3214 3091 3459 3146 omnimn

196 3186 484 3255 βουληθεὶς
522 3185 871 3254 μεταδοῦναι,
903 3185 1019 3236 ἀλλ’
1051 3186 1179 3253 ὅλης
1208 3184 1309 3253 τῆς
1336 3184 1525 3247 οὐσίας
1554 3187 1649 3237 καὶ
1683 3184 1781 3253 τῆς

1887 3181 2204 3246 maximum,
2235 3191 2293 3235 ut
2321 3181 2459 3237 Deus
2488 3182 2766 3251 perfectus
2800 3183 2893 3246 sit,
2918 3194 2973 3237 et
3001 3184 3165 3239 simul
3188 3199 3311 3238 cum
3342 3185 3459 3253 ipso

194 3282 456 3346 θεότητος
488 3278 653 3330 αὑτὸν
688 3276 979 3346 καθίστησι
1030 3278 1314 3343 κοινωνὸν,
1362 3278 1459 3329 καὶ
1507 3276 1689 3329 δίδωσι
1724 3276 1784 3327 τὸ

196 3374 422 3425 παντων
480 3370 668 3439 μεῖζον
718 3368 889 3437 αὐτῷ,
926 3369 1014 3422 ἵνα
1049 3369 1181 3433 Θεὸς
1282 3369 1491 3431 τέλειος
1550 3369 1644 3422 καὶ
1691 3369 1785 3439 δη-

199 3465 463 3535 μιουργὸς
500 3461 623 3533 μετ’
653 3461 820 3515 αὐτοῦ
854 3462 964 3514 τῶν
997 3463 1276 3516 ἁπάντων·
1319 3461 1422 3516 κᾶν
1453 3462 1784 3534 διαρρήγνυ-

200 3561 299 3612 σθε
334 3560 463 3621 τοὺς
511 3558 606 3611 δύο
654 3556 1024 3625 δημιουργοὺς
1086 3556 1221 3624 ἡμῖν
1275 3555 1654 3626 ἐπιφέροντες,
1687 3556 1785 3609 καὶ

197 3653 533 3722 φοὸοὑμενοι
589 3652 776 3720 φόϐον,
802 3654 940 3704 ὅπου
974 3650 1076 3705 οὐκ
1105 3650 1223 3701 ἔστι
1275 3650 1463 3717 φόϐος.
1513 3650 1783 3716 Διαιρείτε

196 3749 310 3817 γὰρ
343 3745 466 3799 κατ’
494 3747 685 3800 οὐσίαν
719 3745 813 3798 τοῦ
862 3743 1078 3814 Πατρδς
1124 3742 1216 3795 τὸν
1255 3741 1385 3793 Υἱὸν
1419 3741 1654 3804 ἀσεϐῶς,
1687 3742 1784 3795 καὶ

195 3839 300 3907 τὴν
335 3837 517 3890 αὐτῶν
550 3837 715 3905 φύσιν
753 3838 845 3888 καὶ
892 3835 1146 3904 δύναμιν,
1178 3833 1211 3903 ἢ
1258 3833 1355 3903 οὐχ
1390 3832 1585 3901 ὁμοίαν
1636 3831 1784 3883 τίθε-

199 3932 324 3995 σθε,
352 3931 384 3999 ἢ
417 3930 781 3998 διαφέρουσαν
814 3928 890 3996 τῷ
921 3924 1322 3996 ἀριθμῷ,ῶστε
1379 3925 1472 3978 δύο
1524 3926 1782 3987 δυνατοὺς

196 4024 232 4091 ἢ
264 4022 465 4090 σοφοὺς
488 4020 803 4091 ὀνομάζειν,
833 4020 998 4073 Τουτὶ
1046 4018 1101 4071 δὲ
1135 4020 1200 4070 ὲκ
1238 4018 1345 4070 τῶν
1376 4019 1662 4088 ἡμετέρων
1686 4021 1784 4086 οὐχ

197 4117 395 4164 ἐπεται
424 4112 622 4179 λόγων.
659 4112 772 4179 Τὴν
808 4111 980 4178 αὐτὴν
1012 4111 1146 4179 γὰρ,
1181 4110 1255 4170 ὡς
1284 4109 1519 4178 ἔφημεν,
1552 4108 1656 4178 πρὸ
1693 4126 1783 4178 μι·

197 4204 339 4275 κροῦ
376 4202 455 4274 τῷ
488 4202 712 4274 ἀριθμῷ
745 4202 1002 4271 δύναμιν,
1031 4201 1127 4254 καὶ
1162 4200 1419 4266 θεότητα,
1459 4201 1554 4254 καὶ
1593 4202 1785 4270 σοφίαν

199 4301 263 4350 ὲν
298 4298 508 4365 ἀμφοῖν
555 4292 957 4360 θεολογοῦντες,
1008 4292 1096 4345 διὰ
1144 4290 1300 4344 τοῦτο
1334 4292 1560 4352 εἰκότως
1607 4292 1782 4361 δήπου

198 4391 301 4441 καὶ
349 4388 448 4441 ἕνα
500 4386 901 4456 συμπεραίνειν
933 4384 994 4437 οὺ
1026 4383 1399 4452 κατοκνοῦμεν
1426 4382 1781 4451 δημιουργόν.

199 4480 442 4533 Τοιαῦτα
477 4479 545 4533 ἂν
580 4496 690 4543 τις,
724 4471 769 4531 ὦ
797 4477 986 4545 ἄνδρες
1016 4476 1255 4546 Κρῆτες.
1290 4475 1427 4544 πρὸς
1455 4476 1547 4529 τὸν
1578 4476 1783 4529 Φωτίου

1887 3287 2070 3326 rerum
2115 3274 2359 3327 omnium
2405 3274 2682 3338 conditor,
2732 3274 2861 3329 licet
2884 3274 3296 3343 dirumpamini,
3329 3276 3467 3329 duos

1886 3365 2047 3419 nobis
2072 3374 2411 3433 opponentes
2468 3376 2769 3432 creatores,
2805 3378 2855 3421 et
2884 3375 3196 3421 metuentes
3226 3376 3462 3431 metum,

1887 3461 1978 3515 ubi
2012 3472 2191 3516 metus
2223 3478 2330 3515 non
2361 3471 2467 3517 est.
2487 3460 2743 3515 Dividitis
2769 3460 2915 3515 enim
2936 3460 3242 3514 secundum
3273 3476 3461 3516 essen-

1886 3554 2017 3607 tiam
2054 3554 2221 3624 impie
2255 3551 2456 3607 Filium
2510 3569 2538 3607 a
2570 3553 2753 3619 Patre,
2783 3562 2837 3607 et
2873 3567 3068 3607 eorum
3097 3563 3349 3607 naturam
3408 3562 3464 3607 et

1885 3655 2210 3714 potestatem
2232 3659 2328 3701 aut
2360 3646 2684 3701 dissimilem
2719 3655 2813 3701 aut
2843 3661 3070 3701 numero
3114 3644 3462 3701 differenten:

1885 3738 2196 3807 supponitis
2227 3754 2437 3807 ;quare
2468 3748 2523 3793 et
2555 3740 2693 3794 duos
2748 3750 3018 3809 potentes,
3065 3742 3314 3809 duosque
3374 3757 3464 3796 sa-

1887 3832 2098 3900 pientes
2160 3834 2471 3901 appellatis,
2531 3836 2676 3902 quod
2732 3848 2797 3886 ex
2858 3833 3067 3887 nostris
3105 3834 3459 3888 sermonibus

1888 3940 1996 3978 non
2033 3925 2413 3995 consequitur.
2440 3924 2702 3979 Eamdem
2727 3926 2899 3988 enim,
2939 3934 2996 3979 ut
3023 3924 3180 3994 paulo
3214 3934 3339 3980 ante
3380 3927 3466 3980 di—

1891 4017 2094 4077 ximus.
2122 4025 2452 4085 potestatem
2489 4032 2743 4080 numero.
2774 4027 2830 4072 et
2870 4019 3133 4072 deitatem
3164 4027 3216 4072 et
3244 4023 3464 4087 sapien-

1890 4110 2020 4163 tiam
2061 4111 2113 4163 in
2149 4111 2395 4178 utrisque
2422 4120 2755 4172 asserentes,
2793 4119 3220 4180 proptereaque,
3257 4111 3335 4164 uti
3370 4127 3466 4179 par

1886 4203 2174 4267 est,etiam
2200 4219 2369 4257 unum
2395 4202 2727 4258 concludere
2757 4206 3073 4258 Creatorem
3109 4204 3333 4258 minime
3370 4219 3465 4258 ne-

1886 4295 2161 4365 gligimus.
2206 4294 2269 4348 Et
2298 4297 2411 4349 haec
2437 4296 2680 4362 quidem,
2717 4310 2750 4350 o
2790 4296 2888 4349 viri
2925 4296 3243 4358 Cretenses,
3305 4299 3463 4362 quis-

1889 4389 2030 4458 piam
2073 4390 2272 4443 dixerit
2317 4389 2384 4443 ad
2436 4390 2776 4444 imbecillum
2812 4389 2998 4443 Photii
3038 4390 3461 4459 syllogismum;

1887 4478 2125 4550 perfecte
2145 4480 2291 4535 enim
2327 4479 2593 4549 Spiritum
2625 4496 2692 4536 ex
2732 4482 2892 4536 Patre
2928 4482 3189 4552 progredi
3221 4486 3455 4537 creden-

195 4574 349 4626 εἴποι
399 4571 611 4642 ἀδρανῆ
665 4570 1053 4638 συλλογισμόν.
1090 4569 1323 4630 Τελείως
1350 4569 1410 4620 τὸ
1451 4568 1678 4637 Πνεῦμα
1716 4569 1781 4620 ἐκ

1893 4583 1997 4635 tes,
2038 4572 2397 4626 nihilominus
2439 4572 2603 4625 etiam
2654 4586 2717 4625 ex
2748 4571 2890 4628 Filio
2944 4589 3194 4627 asserere
3228 4589 3337 4627 non
3376 4589 3467 4628 re-

194 4664 294 4716 τοῦ
334 4664 545 4733 Πατρός
580 4660 949 4732 προέρχεσθαι
976 4660 1346 4723 πιστεύοντες,
1377 4660 1525 4728 ὅμως
1559 4664 1662 4715 κάκ
1689 4658 1781 4714 τοῦ

198 4754 336 4807 Υίοῦ
370 4753 541 4807 ταυτδ
576 4753 758 4820 λέγειν
788 4752 889 4805 οὐκ
919 4750 1282 4820 ἀνανεύομεν.
1305 4751 1377 4803 Τὸ
1405 4751 1450 4803 δ’
1482 4753 1616 4821 ἡμῖν
1642 4752 1782 4805 ἐπά-

199 4862 321 4913 γειν
344 4845 419 4907 ὡς
442 4843 638 4914 ἀτελὴς
669 4844 777 4913 ἄρα
806 4845 839 4913 ἡ
875 4845 941 4895 ὲκ
966 4846 1057 4895 τοι,
1095 4842 1309 4912 [ἰατρὸς
1336 4842 1432 4895 τοῦ
1469 4842 1784 4912 ιινεύματος

196 4934 453 5006 πρόοδος,
504 4935 740 5004 ἀμαθῶν
790 4936 909 4987 ἐστι
941 4934 1097 5001 λόγος
1149 4933 1482 5005 ἀνθρώπων,
1527 4937 1623 4989 καὶ
1673 4937 1782 4990 τῶν

198 5028 554 5095 σεμνοτάτων
586 5026 773 5097 ἀρχῶν
815 5025 913 5093 τῆς
949 5023 1231 5091 θεολογίας
1280 5026 1551 5095 ἀπείρων⁸
1588 5026 1780 5097 ὥσπερ

198 5118 271 5171 ἂν
287 5118 438 5180 είτις
464 5118 783 5184 ἀποφάσκοι
808 5117 899 5167 τὸν
931 5116 1059 5168 Υἰὸν
1090 5113 1231 5169 εἶναι
1253 5116 1458 5187 δοτῆρα
1488 5117 1581 5171 τοῦ
1612 5120 1783 5173 Πνεῦ-

202 5225 400 5278 ματος,
427 5210 550 5262 ὲπεὶ
580 5209 805 5269 τελείως
833 5208 1033 5262 δίδοται
1071 5208 1224 5278 παρὰ
1255 5209 1351 5263 τοῦ
1402 5211 1640 5282 Πατρός,
1685 5214 1781 5267 καὶ

201 5301 459 5355 ἐντεῦθεν
509 5301 604 5353 δύο
657 5300 893 5368 δοτῆρας
948 5301 1238 5369 προπετῶς
1274 5304 1665 5372 συμπεραίνοι,
1698 5306 1783 5359 ὃτι

196 5393 403 5464 ἐπίσης
428 5392 506 5463 τῷ
528 5392 703 5462 [la-.91
723 5391 909 5444 δίδωσι
945 5395 1000 5444 τὸ
1024 5393 1249 5461 Πνεῦμα
1273 5396 1368 5447 καὶ
1401 5398 1428 5447 ὁ
1456 5395 1608 5459 Υἱός.
1634 5397 1778 5451 Ἀλλ’

196 5487 452 5539 ἀντείποι
480 5485 545 5537 ἂν
576 5486 603 5538 ό
632 5484 915 5546 Βασίλειος
956 5485 1032 5554 τῷ
1079 5486 1308 5557 τοιούτῳ
1346 5487 1481 5558 πρὸς
1523 5490 1781 5559 Ἀμφιλό-

203 5596 329 5649 χιον
348 5579 493 5633 οὓτω
528 5579 724 5648 λέγων’
748 5582 853 5634 Διὰ
868 5579 1044 5634 τοῦτο
1061 5580 1335 5647 διδόντος
1363 5585 1510 5639 αὐτὸ
1528 5586 1632 5640 τοῦ
1660 5592 1779 5642 na-

1888 4665 2128 4719 nuimus.
2186 4663 2394 4717 lnferre
2462 4678 2623 4732 porro
2672 4664 2852 4728 nobis,
2904 4664 3027 4718 ideo
3085 4664 3465 4732 imperfectum

1886 4771 2007 4812 esse
2068 4772 2133 4809 ex
2186 4756 2344 4809 Patre
2392 4752 2634 4823 Spiritus
2688 4770 3063 4825 progressum,
3140 4758 3468 4812 inscitorum

1887 4850 2189 4913 hominum,
2220 4858 2273 4901 et
2308 4848 2360 4901 in
2383 4862 2547 4917 quam
2589 4848 2823 4902 maxime
2885 4851 3213 4905 reverendis
3255 4851 3471 4905 theolo-

1884 4942 2022 5011 gicis
2088 4938 2380 5011 principiis
2452 4939 2824 5009 inexpertium
2879 4943 3275 4997 sermocinatio
3357 4955 3462 4998 est.

1885 5035 2358 5100 Quemadmodum
2398 5035 2444 5088 si
2499 5037 2624 5102 quis
2681 5045 2901 5106 negaret
2974 5034 3169 5089 Filium
3219 5037 3467 5092 datorem

1884 5144 2009 5185 esse
2047 5128 2311 5198 Spiritus,
2356 5132 2500 5199 quod
2532 5129 2771 5200 perfecte
2803 5128 2966 5181 datur
2996 5142 3024 5180 a
3056 5127 3241 5189 Patre,
3306 5128 3467 5183 inde-

1883 5240 1990 5294 que
2021 5224 2158 5279 duos
2185 5225 2405 5280 datores
2422 5224 2713 5280 temerarie
2742 5223 3040 5277 concludat
3070 5238 3085 5281 ;
3122 5222 3273 5292 quod
3304 5238 3461 5291 aeque

1886 5325 2049 5385 atque
2076 5315 2235 5368 Pater
2266 5316 2433 5369 etiam
2475 5314 2647 5369 Filius
2689 5313 2952 5381 Spiritum
3003 5312 3117 5367 dat.
3172 5313 3277 5366 Sed
3337 5314 3466 5367 huic

1886 5404 2273 5459 eontradixerit
2301 5406 2537 5460 Basilius
2565 5406 2631 5459 ad
2681 5404 3135 5473 Amphilochium
3189 5406 3262 5459 ita
3314 5405 3459 5457 seri-

1886 5498 2021 5552 bens
2052 5515 2065 5551 :
2090 5496 2375 5563 Propterea
2400 5498 2556 5550 dante
2583 5497 2733 5550 illum
2767 5497 2952 5555 Patre.
3016 5495 3195 5550 Filius
3222 5497 3463 5550 eumdem

1886 5592 1981 5644 dat
2008 5607 2115 5646 una
2153 5591 2369 5645 (latione
2398 5601 2447 5645 et
2486 5608 2593 5645 una
2634 5593 3081 5660 suppeditatione.

198 5673 367 5740 τρὸς,
402 5678 435 5725 ό
463 5672 593 5737 Υἱὸς
626 5673 773 5726 αὐτὸ
803 5671 1016 5726 δίδωσι
1050 5671 1160 5741 μιᾷ
1197 5672 1386 5740 δόσει,
1408 5676 1505 5731 καί
1527 5678 1635 5747 μιᾷ
1668 5685 1945 5757 χορηγίᾳ.

276 5766 352 5818 Ε’.
406 5763 570 5818 Ἀλλὰ
631 5765 757 5834 μὴν,
811 5759 855 5818 ὧ
901 5765 1118 5835 ἄνδρες,
1154 5768 1445 5839 μέμνημαί
1497 5790 1622 5828 τινα
1668 5776 1779 5828 τῶν

200 5856 377 5925 ἁγίων
410 5857 604 5924 μόνον
627 5856 732 5911 τοῦ
772 5854 1121 5927 Πνεύματος
1164 5865 1427 5930 χορηγὸν
1478 5866 1585 5921 τὸν
1642 5871 1781 5923 Υἱὸς·

538 5952 801 6012 ΡΑτιιοι.
842 5955 933 6017 Gn
1004 5954 1195 6014 CLIV.

1959 5777 2021 5830 ν.
2056 5776 2241 5846 Atqui,
2268 5790 2303 5831 o
2331 5775 2454 5835 νίιί,
2484 5777 2593 5847 jam
2621 5777 2672 5831 in
2697 5777 3010 5832 memoriam
3036 5777 3185 5833 venit
3211 5787 3459 5833 sanctum

1890 5869 2078 5926 nescio
2104 5885 2290 5940 quem,
2338 5869 2506 5924 solum
2565 5870 2809 5941 Spiritus
2840 5872 3073 5922 datorem
3134 5869 3330 5924 Filium
3359 5871 3461 5926 do-

2943 5964 3016 6024 39
