4186 6438
232 435 367 497 1233

1289 442 1575 501 ()RA'I‘lU
1623 444 1698 503 ΙΝ
1746 449 1802 504 S.
1856 447 2432 509 AGATHONICUM.

3338 446 3473 507 123$.

223 570 323 619 της
359 551 689 622 Θεωροῦντες
724 553 893 624 αὐτὴν
927 553 1002 615 ὡς
1037 554 1233 609 ἄσυλον
1269 558 1363 609 καὶ
1396 558 1608 626 ἀσφαλῆ
1645 560 1795 611 ἔπαιε

1910 578 2020 617 rum
2072 576 2406 618 armatorum
2460 561 2712 616 virtutem
2767 576 2829 615 ac
2882 560 3299 624 fortitudinem;
3340 561 3475 613 tales

223 644 376 696 νοῦσί
402 662 460 696 τε
494 647 586 697 καὶ
619 644 957 714 θαυμάζουσι
983 659 996 674 ⁸
1029 650 1121 701 καὶ
1150 648 1521 719 φυλακτήριον
1552 656 1644 703 καὶ
1678 652 1802 704 σκέ-

224 750 336 801 πην
366 735 568 787 ὡσανεὶ
607 736 851 805 ἰσχύουσι
883 738 952 790 τά
987 737 1153 803 ἐγγύς
1188 754 1289 791 που
1326 740 1576 809 πέλματά
1611 758 1667 792 τε
1707 743 1800 792 καὶ

223 824 462 894 φρούρια
489 842 503 856 ⁸
552 826 688 894 πρὸς
732 828 943 888 τούτοις
987 829 1144 889 πᾶσι,
1192 830 1286 880 καὶ
1327 830 1662 899 ὁπλοφόρους
1708 832 1799 881 καὶ

228 916 513 985 μαχίμους
548 916 777 985 ἄνδρας,
816 919 1016 980 καλοὺς
1052 919 1325 987 κάγαθούς
1350 936 1366 952 ο
1400 920 1672 983 τοιούτους
1709 925 1800 974 καὶ

222 1007 615 1074 τηλικούτους,
655 1007 728 1070 ὡς
766 1010 858 1061 ἐπὶ
891 1011 1121 1072 ἀσπίδας
1159 1013 1251 1063 καὶ
1287 1011 1415 1081 δόρυ
1452 1014 1508 1065 ὲν
1546 1014 1800 1082 πολέμοις

223 1099 324 1151 καὶ
355 1100 552 1167 μάχαις
582 1099 871 1166 τεθνάναι,
906 1103 999 1154 ἐὰν
1032 1102 1324 1172 βαρϐάρων
1368 1105 1442 1173 μὴ
1472 1107 1799 1172 περιγένων-

221 1206 316 1240 ται
363 1191 514 1254 ίσως,
559 1192 662 1246 ὑπὸ
705 1193 946 1262 πλήθους
990 1197 1288 1263 στρατιᾶςο
1338 1196 1474 1266 μόνη
1519 1198 1627 1266 γάρ
1670 1198 1801 1266 περὶ

221 1282 440 1350 τυχῶν,
473 1282 549 1346 ώς
578 1284 707 1347 ἔπος
739 1287 913 1338 εἰπεῖν
935 1326 949 1349 ,
983 1286 1014 1357 ἢ
1048 1286 1244 1357 κομιδὴ
1275 1288 1331 1339 ὲν
1363 1288 1571 1355 ὀλίγαις
1603 1290 1800 1358 ἄνδρας

221 1372 444 1425 δύναται
487 1375 713 1443 τρέφειν
757 1377 1030 1443 ἀγαθοὺς,
1072 1378 1214 1431 ὅπλα
1262 1380 1663 1449 μεταχειρίζειν
1711 1382 1801 1433 καὶ

226 1462 389 1531 μονα,
419 1463 509 1516 διὰ
539 1465 661 1526 τοὺς
698 1470 940 1535 συνεχεῖς
975 1467 1266 1537 πολέμους,
1299 1468 1430 1522 ὥσθ’
1455 1470 1481 1522 ὃ
1514 1473 1681 1537 φησὶν
1711 1473 1802 1523 ΑΞ-

227 1554 458 1623 σχύλος,
501 1554 709 1626 Ἐρμῆς
759 1558 930 1611 ταῦτα
981 1558 1215 1627 εὐλόγως
1270 1563 1576 1631 συνήγαγεν
1607 1579 1621 1594 ”
1675 1562 1801 1615 οὔτε

228 1648 455 1710 τούτους
504 1648 688 1703 ὅπλων
729 1650 1053 1718 ἀποστερεῖν
1098 1644 1209 1703 οἷον
1253 1668 1312 1704 τε
1356 1652 1501 1705 δεῖν·
1548 1653 1669 1706 οὕτε
1714 1654 1804 1707 τὸν

227 1739 405 1807 Ἀρην
450 1739 555 1801 ἔξω
598 1739 826 1806 τιθέναι,
874 1742 965 1793 τὸν
1009 1741 1247 1812 πόλεμον
1291 1743 1514 1812 δηλαδή.
1544 1745 1707 1796 Ὅθεν
1755 1746 1801 1797 εί

223 1827 414 1897 ἔτυχον
448 1830 725 1897 περιόντες
756 1832 1003 1901 ’Όμηρος
1047 1833 1142 1885 καὶ
1178 1831 1421 1896 Ἡσίοδος
1446 1874 1459 1897 ,
1503 1836 1670 1903 μόνας
1705 1837 1800 1898 τὰς

223 1917 317 1969 δύο
345 1918 564 1985 ταύτας,
593 1921 819 1983 δικαίως
848 1917 999 1974 εἷπον
1029 1923 1238 1992 ἀνδρῶν
1267 1923 1414 1991 ἔχειν
1443 1926 1635 1993 φορὰν.
1667 1927 1802 1989 ἀγα-

227 2010 337 2063 θῶν
372 2012 469 2080 μὲν
504 2014 778 2081 κοσμῆσαι
816 2015 1017 2077 ἵππους
1053 2016 1145 2067 καὶ
1179 2018 1383 2087 ἀνέρας
1418 2018 1752 2079 ἀσπιδιώτας
1784 2034 1797 2048 ο

223 2105 453 2172 ἀγαθῶν
503 2108 561 2161 δὲ
621 2108 720 2177 τῆς
775 2108 973 2178 τέχνης
1030 2109 1288 2179 εὑρέσθαι
1340 2110 1587 2180 τέρματα
1640 2111 1801 2163 τάσδε

227 2195 379 2266 σαφῆ
401 2215 415 2229 ο
447 2198 520 2260 ὡς
548 2198 662 2251 ἐστι
691 2216 753 2267 γε
784 2199 893 2253 τῶν
925 2201 1312 2266 ἀτοπωτάτων,
1350 2203 1398 2256 εί
1431 2204 1654 2272 κοσμεῖν
1687 2201 1800 2255 ἑθέ-

227 2287 412 2353 λοντες
440 2289 640 2353 ταύτας
672 2290 739 2343 τὰ
773 2290 940 2344 πλείω
973 2293 1066 2345 καὶ
1098 2293 1334 2361 κρείττω
1366 2294 1461 2347 καὶ
1496 2292 1665 2362 μείζω
1701 2308 1801 2344 πα-

228 2380 430 2449 ρίημεν
454 2395 468 2411 ο
500 2381 641 2451 ειπερ
673 2383 780 2435 είσὶ
810 2382 981 2435 ταῦτα
1009 2400 1021 2414 ·
1056 2382 1247 2451 ῶσπερ
1280 2384 1346 2436 ἂν
1379 2384 1430 2436 εἰ
1458 2400 1542 2444 τις
1574 2382 1801 2452 μέγεθος

230 2476 492 2543 στρατιᾶς
526 2475 775 2543 ἀγγεῖλαι
809 2475 1155 2546 βουλόμενος,
1184 2470 1296 2529 οἷον
1323 2476 1420 2545 τῆς
1450 2475 1681 2546 Ἀχαιῶν
1712 2476 1800 2528 ἐπὶ

225 2563 435 2635 Τροίᾳ·
467 2566 499 2635 ἢ
529 2567 625 2636 τῆς
660 2568 863 2635 Ξέρξου
896 2566 980 2621 ἐπ’
1012 2568 1334 2638 Ἀθηναίοις,
1365 2563 1486 2622 εἶτα
1518 2569 1664 2635 λέγει
1704 2586 1801 2635 μυ-

230 2661 381 2729 ρίους
417 2661 450 2730 ἦ
485 2659 818 2730 δυσμυρίους
870 2660 1093 2723 ὁπλίτας
1131 2660 1295 2723 ίδεῖν,
1334 2659 1516 2712 ἵππων
1549 2658 1605 2711 δὲ
1645 2659 1801 2725 τόσην

228 2754 328 2805 καὶ
360 2754 559 2821 τόσην,
593 2753 712 2804 οὐδὲ
747 2752 1035 2804 πολλοστὸν
1071 2753 1235 2820 μέρος
1266 2751 1360 2803 τοῦ
1395 2750 1592 2812 παντὸς
1626 2748 1800 2816 λέγων

228 2844 287 2894 ὲν
316 2838 396 2903 οἷς
426 2841 715 2909 θαυμάζει,
749 2844 925 2895 καίτοι
956 2842 1044 2894 καὶ
1066 2842 1162 2911 τὴν
1184 2840 1291 2894 τῶν
1320 2840 1618 2902 Ἀθηναίων
1650 2839 1800 2890 πόλιν

228 2934 524 3003 εὐδαίμονα
557 2938 667 2996 τοῖς
704 2935 953 3002 ποιηταῖς
988 2933 1135 2998 ἔδοξε
1170 2934 1529 3001 προσειπεῖν,
1567 2931 1645 2984 ὅτι
1680 2932 1801 2993 ταῖς

229 3029 342 3081 τῶν
384 3027 734 3080 ἐνοικούντων
780 3027 1167 3097 ἀνδραγαθίαις
1213 3027 1535 3095 ἐκοσμεῖτο,
1584 3020 1799 3094 ἦπούγε

229 3119 500 3187 λαμπρῶς
528 3118 725 3180 ταύτας
758 3120 856 3180 τὰς
889 3118 1259 3186 προσηγορίας
1294 3117 1559 3185 προσήκει
1586 3130 1599 3144 ·
1641 3115 1798 3184 μόναι

1903 655 2047 708 enim
2094 670 2218 710 cum
2257 656 2389 717 sint,
2442 663 2533 707 aut
2590 651 2857 705 Barbaros
2883 652 3121 713 vincere,
3172 662 3266 704 aut
3313 666 3466 718 super

1903 746 2093 816 clypeo
2149 754 2244 799 aut
2288 747 2465 812 iaculo
2520 745 2782 797 commori
2868 743 2919 795 in
2980 744 3167 795 animo
3248 742 3472 794 habent.

1907 834 2032 888 Sola
2059 834 2205 887 enim
2241 835 2328 887 illa
2362 850 2425 886 ex
2459 842 2535 887 tot
2562 834 2683 886 aliis
2738 833 2894 886 viros
2943 843 3202 885 strenuos
3240 841 3294 884 et
3333 833 3475 883 alcrc

1904 934 1960 978 et
1987 925 2155 978 armis
2187 926 2533 979 assuefacere
2580 925 2723 977 valet
2765 924 2834 977 ob
2870 924 3086 977 assidua
3140 922 3300 981 bella.
3333 930 3388 973 et
3422 932 3479 974 ut

1904 1015 2170 1087 Escbylo
2225 1027 2385 1082 teste,
2422 1016 2728 1069 Mercurius
2776 1015 2880 1069 rite
2922 1030 3017 1067 eos
3052 1012 3327 1066 adunavit.
3362 1009 3478 1063 Non

1904 1109 2048 1162 enim
2083 1109 2117 1163 ii
2141 1118 2267 1163 sunt
2291 1108 2383 1175 qui
2424 1107 2670 1177 neglecto
2698 1122 2973 1159 armorum
3010 1120 3111 1157 usu
3145 1103 3394 1165 Martem,
3429 1102 3477 1155 id

1905 1200 2203 1254 estbellum
2230 1202 2282 1253 in
2302 1200 2551 1254 exsilium
2580 1207 2759 1268 agant.
2780 1195 2939 1252 Certe
2963 1196 3006 1249 si
3035 1194 3299 1249 Homerus
3317 1205 3479 1261 atque

1906 1292 2172 1348 Hesiodus
2201 1293 2267 1347 ad
2300 1296 2462 1348 vitam
2491 1294 2753 1353 redirent.
2787 1293 2884 1347 bas
2914 1291 3049 1345 duas
3069 1290 3212 1342 solas
3237 1290 3475 1342 virorum

1906 1387 2119 1439 feraces
2146 1399 2267 1440 esse
2293 1395 2346 1439 et
2399 1385 2619 1440 altrices
2654 1400 2921 1452 equorum
2952 1393 3005 1436 et
3027 1382 3261 1434 militum
3308 1395 3481 1443 agun-

1906 1486 2144 1537 scerent,
2201 1484 2257 1527 ut
2303 1490 2404 1529 nec
2458 1474 2641 1528 minus
2693 1475 2893 1526 artium
2948 1472 3177 1526 eximias
3202 1469 3480 1525 cultrices.

1906 1564 2089 1631 Quare
2133 1565 2177 1620 si
2223 1580 2318 1620 eas
2348 1564 2570 1617 laudare
2600 1563 2871 1626 volumus,
2922 1578 3009 1616 res
3044 1563 3242 1615 multas
3280 1560 3483 1629 quibus

1905 1658 2181 1712 excellunt
2234 1657 2457 1711 silentio
2519 1656 2802 1727 prarterire
2863 1654 2943 1707 fas
3010 1667 3116 1705 non
3170 1660 3275 1706 est.
3326 1650 3481 1715 Quod

1909 1752 2050 1804 idem
2084 1749 2289 1804 faceret
2319 1750 2410 1818 qui
2442 1748 2719 1803 exercitus
2752 1746 3203 1816 magnitudinem,
3230 1755 3287 1797 ut
3316 1743 3481 1797 Achi-

1910 1855 2095 1893 vorum
2123 1849 2313 1893 contra
2343 1838 2587 1905 Troiam,
2622 1836 2818 1889 Xerxis
2869 1844 3060 1888 contra
3116 1832 3483 1887 Athenienses

1907 1932 2211 1992 celebrans,
2242 1931 2309 1985 de
2344 1931 2526 1983 decem
2563 1937 2657 1980 aut
2694 1927 2887 1997 viginti
2947 1925 3189 1978 millibus
3227 1924 3483 1991 lnquere-

1907 2033 2015 2087 tur,
2066 2024 2311 2092 equitum
2354 2034 2583 2074 numero
2612 2019 2818 2083 addito,
2857 2021 3046 2075 torius.
3077 2030 3237 2085 quem
3275 2016 3480 2076 laudat,

1903 2117 2118 2169 numeri
2159 2123 2365 2183 partem
2430 2127 2593 2167 unam
2641 2114 2728 2165 vix
2779 2110 3049 2179 attingens
3099 2126 3114 2163 :
3167 2122 3480 2177 quanquam

1903 2216 2076 2276 poetae
2099 2209 2286 2262 urbem
2310 2203 2726 2259 Atheniensium
2756 2202 2960 2256 felicem
2981 2208 3166 2269 utpote
3185 2200 3481 2252 incolarum

1902 2299 2225 2355 fortitudine
2278 2297 2594 2368 praeclaram
2641 2294 2916 2364 appellare
2961 2302 3166 2347 amant.
3222 2290 3335 2345 imo
3391 2290 3482 2343 illa

1903 2393 2036 2448 urbs
2090 2390 2237 2446 omni
2291 2390 2512 2444 laudum
2567 2402 2767 2457 genere
2831 2386 3101 2440 cumulari
3155 2385 3321 2454 digna
3377 2392 3481 2445 est.

1902 2482 2168 2552 siquidem
2196 2496 2283 2535 res
2313 2494 2483 2534 novas
2508 2493 2708 2546 easque
2751 2476 3035 2546 plurimas,
3070 2476 3178 2528 huc
3230 2485 3486 2543 appurta-

1902 2577 2005 2639 vit;
2045 2588 2153 2627 non
2197 2571 2422 2641 lignum,
2461 2584 2566 2623 non
2624 2568 2848 2637 lapides,
2904 2583 3011 2620 non
3062 2566 3482 2620 architectorum

1902 2675 2074 2720 artem
2103 2661 2590 2722 ornamentariam,
2639 2661 2733 2715 sed
2788 2660 2937 2714 viros
2974 2660 3109 2729 ipsis
3143 2660 3196 2712 in
3244 2659 3388 2713 bzllo
3429 2669 3483 2712 et

1902 2757 2099 2828 pugnis
2131 2754 2411 2811 salvandis
2443 2753 2676 2807 idoneos
2713 2762 2771 2807 et
2815 2752 2904 2819 qui
2942 2752 3156 2805 caeteris
3215 2752 3269 2804 in
3318 2752 3483 2804 rebus

1903 2849 2146 2905 honestis
2204 2857 2259 2902 et
2313 2847 2575 2917 praeclare
2642 2846 2798 2899 factis
2850 2859 2950 2913 pro
2994 2843 3316 2912 exemplati,
3379 2844 3485 2896 illis

1902 2943 2206 3013 praesertim
2246 2941 2611 3010 temporibus,
2658 2954 2780 2992 esse
2829 2947 3073 3006 possint.
3130 2935 3245 2989 lluc
3274 2935 3485 2988 accedit

1902 3034 2049 3103 quod
2101 3033 2218 3086 ista:
2264 3032 2430 3085 urbes
2469 3032 2712 3083 virorum
2761 3028 3071 3082 divinorum
3128 3034 3397 3092 praecepta
3433 3035 3488 3077 et

1904 3123 2136 3193 regulas,
2204 3136 2392 3190 regum
2462 3120 2676 3189 piorum
2733 3126 2789 3171 et
2840 3116 3171 3183 sapientium
3247 3114 3479 3184 Lycurgi

231 3211 345 3279 γὰρ
386 3212 498 3271 τοῖς
539 3209 751 3269 πολλοῖς
792 3208 1008 3259 δοκοῦσι
1050 3207 1159 3259 τῶν
1201 3208 1418 3259 πάντων
1460 3207 1643 3259 καινόν
1683 3222 1803 3259 τινα

1910 3230 1971 3268 ac
2027 3212 2248 3267 Solonis
2317 3219 2372 3265 et
2421 3210 2798 3281 cujuscunque
2867 3206 3197 3277 legislatoris
3270 3205 3484 3273 imperii

229 3304 436 3370 τρόπον
467 3301 688 3363 ταύταις
721 3304 835 3362 ταῖς
870 3300 1060 3369 ὄχθαις
1091 3300 1371 3369 ὁρίζεσθαι
1401 3315 1415 3329 ⁸
1450 3299 1507 3351 ού
1546 3298 1678 3364 ξύλα
1712 3298 1804 3350 καὶ

230 3394 416 3457 λίθους
448 3394 539 3447 καὶ
566 3394 758 3462 τέχνην
784 3394 1052 3445 τεκτόνων
1084 3393 1175 3443 καὶ
1202 3392 1295 3443 τὸν
1324 3391 1433 3444 τῶν
1465 3390 1688 3459 ἀψύχων
1717 3390 1805 3442 κο-

235 3504 395 3557 σμων
422 3503 435 3517 ·
478 3486 591 3539 ἀλλ’
619 3487 818 3553 ἄνδρας
863 3485 1072 3545 είδὸτας
1121 3483 1219 3552 μὲν
1266 3482 1463 3546 σώζειν
1504 3485 1701 3546 αὐτοὺς
1750 3482 1807 3534 ἐν

233 3580 493 3643 πολέμοις
527 3579 621 3629 καὶ
658 3579 857 3646 μάχαις
884 3593 897 3607 ·
932 3576 1139 3637 εἰδότας
1170 3575 1225 3628 δὲ
1260 3576 1615 3644 παράδειγμα
1648 3573 1807 3625 καθε-

234 3670 432 3723 στάναι
462 3671 571 3730 τοῖς
603 3667 783 3728 ἄλλοις
814 3665 923 3718 τῶν
954 3664 1246 3733 βελτίστων
1270 3704 1283 3727 ,
1316 3666 1373 3716 ὲν
1403 3667 1517 3726 τοῖς
1547 3662 1808 3723 τοιούτοις

232 3766 448 3835 καιροῖς
473 3764 566 3816 καὶ
594 3764 903 3833 πράγμασι.
937 3760 1079 3827 Πρὸς
1103 3760 1159 3812 δὲ
1182 3759 1393 3823 τούτοις
1421 3760 1516 3814 καὶ
1545 3761 1650 3825 πρὸ
1677 3758 1809 3810 πάν-

230 3877 365 3922 των,
402 3857 667 3926 τηροῦσαι
702 3856 976 3922 φαίνονται
1014 3849 1171 3909 αὗται
1204 3855 1258 3905 αί
1294 3852 1474 3915 πόλεις
1507 3854 1603 3905 καὶ
1639 3852 1808 3904 θείων

232 3951 450 4017 ἀνδρῶν
474 3950 703 4010 κανόνας
735 3949 827 4000 καὶ
855 3948 1107 4014 δόγματα
1132 3961 1145 3976 ⁸
1176 3945 1255 3997 ἔτι
1282 3944 1338 3997 δὲ
1371 3943 1630 4013 βασιλέων
1659 3943 1812 3994 εύσε-

232 4044 350 4097 ϐῶν
383 4043 579 4110 νόμους
600 4079 614 4102 ,
650 4041 744 4092 καὶ
781 4038 959 4103 σοφῶν
992 4036 1199 4105 ἀνδρῶν
1233 4034 1550 4103 Λυκούργου
1586 4034 1681 4085 καὶ
1714 4033 1811 4085 Σό-

234 4137 431 4196 λωνος,
459 4133 553 4184 καὶ
581 4133 779 4189 παντὸς
808 4130 970 4183 ἄλλου
1002 4126 1291 4196 νομοθέτου
1322 4125 1452 4193 παρ’
1477 4120 1559 4186 οἷς
1588 4126 1812 4190 γεγόνα-

236 4247 324 4281 σιν
353 4227 584 4293 διάφορα
605 4264 618 4289 ,
650 4224 715 4275 τά
762 4239 820 4273 τε
851 4219 1132 4288 Ῥωμαῖκά
1160 4217 1255 4271 καὶ
1286 4216 1559 4286 ἑπαρχικά
1579 4231 1593 4247 ο
1622 4218 1714 4267 καὶ
1745 4215 1814 4267 τὰ

234 4318 503 4373 κάλλιστα
548 4315 656 4366 τῶν
700 4310 1027 4382 προχείρων,
1078 4309 1292 4377 ξυνάμα
1335 4309 1455 4368 ταῖς
1504 4306 1814 4375 βασιλικαῖς

236 4412 462 4478 νεαραῖς
496 4408 771 4459 πολιτείαν
805 4407 902 4472 μεν
932 4401 1229 4470 ἀξιόχρεων
1257 4399 1334 4468 τῷ
1366 4399 1515 4467 νόμῳ
1548 4398 1811 4465 σχοῦσαι,

237 4504 545 4572 ἀξιόχρεων
581 4497 765 4567 σχεδὸν
799 4495 855 4547 δὲ
894 4493 990 4547 καὶ
1031 4490 1398 4559 δικαστηρίων
1431 4489 1610 4542 αὐτῶν
1647 4505 1811 4540 σπου-

1909 3312 2002 3358 aut
2053 3302 2464 3374 provinciarum
2525 3300 2672 3368 leges
2729 3297 2920 3350 stricte
2987 3296 3300 3349 observant.
3357 3292 3487 3345 lude

1910 3396 2054 3449 enim
2084 3396 2230 3449 sicut
2257 3409 2322 3449 ex
2357 3389 2723 3460 imperatoriis
2752 3389 2981 3443 novellis
3016 3388 3220 3457 optima
3257 3402 3487 3455 quicque

1910 3497 2169 3556 excerpta
2200 3487 2256 3539 in
2290 3482 2774 3539 administratione
2822 3496 2884 3535 ac
2938 3480 3325 3549 iurisdictione
3369 3479 3487 3531 ubi—

1909 3597 2016 3654 que
2043 3581 2396 3645 adhibebant,
2443 3591 2660 3633 etramsr
2714 3591 2825 3629 non
2904 3576 3067 3628 rebus
3118 3574 3317 3640 ubique
3365 3587 3490 3638 pru-

1910 3674 2087 3744 spetis
2114 3682 2170 3727 et
2190 3686 2220 3725 e
2247 3669 2519 3726 sententia
2549 3667 2848 3721 fluentibus
2880 3675 3187 3719 uterentur.
3234 3662 3300 3716 Et
3333 3673 3487 3731 pater

1909 3765 2129 3837 quidem
2191 3762 2396 3833 egregii
2456 3775 2519 3815 ac
2594 3757 2924 3813 nobilissimi
2990 3754 3315 3826 Agathonici
3386 3753 3488 3806 fuit

1910 3854 2262 3924 Asclepiades
2293 3852 2581 3922 praefectus
2629 3866 2694 3903 ac
2726 3848 2869 3902 filius
2910 3845 3181 3915 Hippasii,
3221 3843 3312 3911 qui
3360 3853 3489 3896 tunc

1915 3947 2203 4017 plurimum
2256 3945 2308 3998 in
2361 3944 2523 3997 domo
2575 3939 2927 4009 imperatoria
2982 3935 3256 4006 pollebat;
3318 3946 3489 3988 mater

1913 4036 2111 4090 deinde
2130 4036 2361 4105 Agatba,
2382 4032 2598 4103 generis
2618 4041 2671 4084 et
2693 4045 2905 4083 morum
2930 4028 3213 4082 nobilitate
3236 4027 3487 4095 insignis;

1914 4138 2068 4198 pater
2117 4128 2282 4198 igitur
2334 4125 2597 4194 religione
2640 4121 2893 4184 Graccus;
2934 4130 3108 4174 mater
3144 4118 3230 4187 pia
3262 4134 3325 4172 ac
3366 4133 3492 4169 vere

1914 4219 2246 4274 Christiana.
2293 4214 2389 4269 His
2441 4215 2607 4285 igitur
2642 4211 2963 4281 parentibus
3010 4220 3173 4263 natus
3204 4218 3490 4276 postquam

1914 4319 2161 4363 sanctum
2192 4308 2458 4376 baptisma
2486 4304 2839 4371 suscepisset,
2868 4315 3041 4353 annos
3063 4299 3302 4369 quinque
3332 4311 3494 4350 natus

1918 4400 2243 4471 praeceptori
2304 4396 2563 4459 traditur,
2630 4394 2845 4448 litteras
2918 4404 3103 4445 sacras
3158 4387 3489 4442 cdoccndm.

1920 4492 2049 4547 Inde
2079 4490 2395 4547 Griecorutn
2431 4487 2681 4543 doctrina
2714 4485 2961 4538 imbutus
2994 4482 3067 4534 ita
3103 4489 3161 4533 ut
3201 4480 3411 4533 litteras
3441 4487 3495 4531 et

234 4567 496 4658 δάξουσαι
541 4591 683 4659 ἔχειν
720 4590 841 4641 ὅσον
878 4585 940 4638 τὸ
979 4585 1059 4646 εἰς
1103 4582 1274 4644 αὑτάς
1315 4577 1471 4651 ἧκον,
1514 4582 1571 4633 τὸ
1615 4581 1806 4633 δίκαιοι

1925 4584 2146 4652 pingere
2173 4590 2227 4634 et
2255 4588 2433 4650 legere
2464 4577 2689 4637 valeret,
2715 4574 2793 4629 rei
2826 4570 3047 4626 militari
3111 4569 3222 4640 jam
3286 4567 3489 4621 studet.

238 4682 497 4752 πανταχῆ
536 4680 639 4733 κᾶν
672 4680 775 4733 ὑπὸ
806 4678 906 4746 τῆς
946 4676 1162 4744 εὐροίας
1205 4671 1507 4736 παίζωνται
1532 4712 1547 4734 ,
1582 4672 1676 4724 καὶ
1715 4671 1819 4736 ἔξω

235 4777 337 4831 τοῦ
371 4774 562 4845 καιροῦ
597 4774 835 4825 πίπτωσι
870 4770 963 4821 καὶ
999 4767 1073 4837 μὴ
1111 4766 1455 4834 βουλόμεναι.
1494 4765 1681 4831 Πατὴρ
1720 4762 1819 4831 μὲν

237 4870 322 4938 τῷ
366 4868 599 4936 γενναίῳ
643 4864 736 4917 ml.
780 4861 1079 4931 θαυμαστῴ
1118 4856 1449 4925 Ἀγαθονίκῳ
1489 4853 1819 4921 Ἀσκληπιά-

236 4966 363 5035 δης,
406 4960 644 5030 ἔπαρχος
683 4957 781 5023 τὴν
824 4954 1003 5019 ἀξίαν,
1048 4951 1163 5012 υίὸς
1200 4949 1486 5002 ἰππασίου
1530 4946 1624 4999 τοῦ
1670 4960 1819 5011 τηνι-

238 5053 424 5110 καῦτα
466 5050 763 5118 δυναμένου
807 5047 863 5097 ὲν
907 5041 1223 5111 βασιλεῦσι·
1271 5042 1454 5110 μήτηρ
1500 5038 1556 5089 δὲ
1590 5036 1817 5103 Ἀγάθη,

241 5147 477 5213 εὐγενής
497 5161 509 5173 ·
541 5144 568 5195 ὁ
603 5143 700 5210 μὲν
726 5140 834 5208 γὰρ
858 5137 1059 5206 Ἕλλην
1086 5132 1150 5205 ἦν
1176 5133 1277 5201 τὴν
1304 5130 1603 5200 θρησκείαν
1624 5169 1639 5191 ,
1676 5131 1706 5197 ἡ
1738 5129 1813 5193 δὲ,

240 5237 475 5305 εἰσεόὴς
511 5233 605 5286 καὶ
639 5231 1001 5301 φιλόχριστος.
1043 5228 1137 5278 Ἐκ
1170 5224 1374 5277 τούτων
1407 5221 1499 5275 οὖν
1537 5220 1818 5290 προελθὼν

239 5331 339 5384 τοῦ
380 5329 521 5381 θείου
564 5324 937 5395 βαπτίσματος
978 5317 1333 5383 καταξιοῦται
1358 5332 1372 5347 θ
1415 5316 1537 5368 ἐπεὶ
1579 5314 1635 5366 δὲ
1678 5313 1819 5380 πέμ-

244 5440 382 5484 πτος
409 5422 598 5491 χρόνος
627 5417 819 5470 άνύετο
843 5415 1037 5482 τούτῳ,
1065 5410 1462 5482 γραμματιστῇ
1496 5407 1721 5465 δίδοται,
1751 5406 1817 5457 τά

245 5514 372 5581 ίερά
401 5512 703 5581 γράμματα
734 5504 1146 5561 ἐκδιδάσκεσθαι
1172 5517 1187 5532 °
1219 5500 1341 5554 ὅθεν
1370 5500 1466 5552 καὶ
1497 5497 1818 5566 Ἑλληνικῆς

243 5606 499 5664 παιδείας
524 5601 859 5668 γευσάμενος
886 5598 981 5649 καὶ
1007 5591 1392 5652 ἀπολελαυκὼς
1418 5590 1558 5643 ὥστε
1584 5588 1816 5657 γράφειν

242 5699 343 5752 καὶ
377 5691 772 5759 ἀναγινώσκειν
809 5687 1020 5755 εὐφυῶς
1054 5687 1147 5738 καὶ
1181 5682 1523 5743 ἀπταίστως,
1560 5681 1627 5730 τὰ
1667 5679 1816 5728 πολε-

247 5787 390 5857 μικά
418 5781 796 5838 ὲκπαιδεύεται
824 5779 1075 5847 ἀρίστ....
1119 5776 1271 5829 Ἐπεὶ
1300 5773 1343 5827 δ’
1369 5773 1464 5839 οὐχ
1498 5765 1576 5831 εἷς
1609 5768 1815 5821 πολλῶν

243 5876 391 5933 εἶναι
438 5876 609 5929 ὶδὸκιι
637 5913 652 5939 ,
695 5872 815 5927 οὐδὲ
856 5871 951 5940 τῆς
995 5870 1230 5940 ἐσχάτης
1279 5866 1492 5936 μοίρας,
1538 5862 1672 5915 ἀλλὰ
1718 5861 1811 5930 τῆς

1926 4673 1984 4728 lu
2016 4672 2272 4726 omnibus
2314 4682 2496 4724 autem
2529 4666 2738 4735 vulgari
2765 4665 2949 4718 studio
2982 4661 3202 4715 functus
3248 4668 3353 4721 est,
3401 4658 3495 4710 sed

1928 4764 2133 4834 primas
2174 4773 2356 4832 partes
2388 4761 2567 4815 tenuit
2597 4761 2651 4812 in
2689 4757 2912 4812 civitate
2944 4749 3404 4814 administranda,
3441 4750 3494 4802 in

1925 4858 2343 4926 quibuscunque
2382 4852 2618 4922 negotiis
2668 4848 3016 4918 peragendis,
3066 4845 3121 4898 in
3172 4844 3336 4897 rebus
3378 4841 3497 4894 bel-

1926 4949 2068 5010 licis,
2104 4962 2211 5016 quo
2252 4946 2452 4998 factum
2479 4951 2564 4997 est
2600 4951 2659 4995 ut
2685 4939 3063 5000 concionibus,
3101 4935 3241 4992 foro.
3267 4933 3497 4986 theatris

1926 5040 2228 5110 saepissime
2255 5034 2599 5099 interfuerit;
2632 5049 2755 5087 cum
2784 5032 2930 5087 enim
2960 5029 3177 5098 regibus
3209 5024 3491 5079 familiari-

1928 5145 2009 5188 ter
2060 5139 2327 5191 uteretur,
2412 5125 2724 5196 principum
2790 5135 3005 5191 quoque
3053 5118 3493 5173 consiliariorum

1925 5224 2164 5279 amicitia
2202 5220 2492 5291 gaudebat,
2519 5216 2751 5270 militum
2782 5213 3034 5275 ducibus,
3068 5206 3493 5275 magistratibus,

1926 5317 2237 5386 potentibus
2277 5310 2468 5365 amicis
2499 5324 2630 5363 usus
2661 5316 2761 5359 est.
2800 5304 3003 5371 Ingenii
3054 5300 3200 5353 enim
3246 5296 3497 5350 acumine

1924 5405 2274 5462 Themistocli
2326 5414 2489 5470 atque
2528 5396 2796 5451 Alcibiadi
2848 5390 3272 5460 comparandus.
3317 5386 3494 5455 pluri~

1925 5517 2043 5555 mos
2095 5508 2149 5552 et
2201 5497 2318 5565 ipse
2354 5493 2618 5547 barbaros
2670 5487 2843 5549 fudit;
2898 5499 3061 5553 quem
3121 5482 3164 5533 si
3225 5479 3497 5531 llmuerus

1923 5592 2168 5651 vidisset,
2199 5597 2255 5641 et
2305 5587 2504 5637 bonum
2540 5578 2915 5634 consiliarium
2956 5585 3013 5628 et
3061 5572 3288 5625 militem
3336 5584 3494 5636 egre-

1923 5684 2067 5753 gium
2095 5678 2485 5748 proclamasse:
2510 5679 2567 5723 ut
2593 5671 2643 5723 in
2670 5668 2833 5722 iliade
2864 5675 3024 5733 atque
3049 5662 3286 5724 Odyssea
3314 5659 3498 5711 fortis-

1923 5752 2089 5823 Siinos
2128 5777 2371 5834 quosque
2407 5761 2717 5815 Graecorum
2754 5755 2998 5810 carmine
3039 5761 3304 5821 perpetuo
3342 5752 3492 5801 cele-

1925 5860 2118 5915 bravit.
2161 5857 2310 5911 Licet
2335 5854 2483 5911 cuitu
2519 5852 2583 5906 dc
2620 5851 2755 5905 bene
2802 5848 2960 5902 factis
2993 5848 3164 5914 deque
3198 5842 3495 5897 virtutibus
