4186 6438
255 402 279 464 i
298 405 403 464 237

1322 410 1607 467 t)l{.\Tlt_)
1654 410 1732 469 IN
1778 414 1839 469 S.
1892 413 2470 475 AGA'I'HONICUM.

3389 432 3522 493 1233

248 517 441 579 οόδεν,
483 519 531 568 εἰ
581 519 656 584 μὴ
693 517 856 586 μόνον
887 520 947 572 τὸ
981 521 1239 572 ἐκπεσεῖν
1267 520 1368 588 τῆς
1409 520 1499 573 τοῦ
1537 520 1673 574 Θεοῦ
1710 521 1891 589 φιλίας
1923 525 2017 575 καὶ
2061 525 2419 596 οίκειότητος’
2460 528 2762 598 παρθενίαν
2788 533 2845 584 δὲ
2900 537 2992 588 καὶ
3027 542 3387 610 σωφροσύνην
3424 549 3522 613 τὴν

250 609 491 678 πλησίον
529 612 624 662 καὶ
657 613 796 680 μετά
825 613 1071 680 ἀγγέλων
1102 612 1229 675 τοὺς
1263 614 1582 683 ἀνθρώπους
1615 614 1874 679 τιθεῖσαν,
1908 616 1989 678 τίς
2020 615 2190 679 οὕτως
2224 618 2297 680 ώς
2333 617 2489 683 οὗτος
2519 621 2842 690 ἠγάπησεν,

1691 732 1756 785 Et
1798 750 1921 804 pag.
1962 733 2067 788 749
2102 749 2115 784 :

333 845 466 911 Θεὸς
496 847 622 908 τοὺς
647 846 971 911 δοξάζοντας
1004 848 1167 901 αὑτὸν
1193 848 1410 914 δοξάζει
1442 850 1537 902 καὶ
1558 851 1650 903 τὸν
1675 852 1821 903 αὐτοὶ

2021 854 2162 909 Deus
2212 859 2303 925 qui
2368 875 2553 915 servos
2606 878 2737 920 suos
2792 868 3077 938 gloriﬁcat,
3126 873 3519 941 Agathonicum

254 937 523 1009 μάρτυρα
563 940 937 1007 Ἀγαθόνικον,
986 941 1084 993 σὺν
1120 941 1302 1006 πολλῷ
1334 941 1412 1009 τῷ
1457 942 1704 1013 περιόντι
1745 945 1835 995 καὶ

246 1031 361 1100 τὴν
389 1031 499 1083 τῶν
533 1030 831 1099 θαυμάτων
875 1032 1158 1099 ἐνέργειαν
1192 1033 1588 1100 ἀποχαρίζεται
1621 1035 1685 1085 ἐκ
1711 1034 1833 1085 τότε

248 1121 359 1173 καὶ
391 1121 556 1190 μέχρι
591 1120 688 1174 τοῦ
716 1122 829 1185 νῦν,
861 1124 1004 1177 κατὰ
1026 1123 1124 1193 τὴν
1151 1124 1307 1175 πόλιν
1334 1140 1426 1175 του
1462 1125 1687 1192 Σήλυος,
1716 1124 1835 1176 καθ’

247 1214 326 1282 ἢν
356 1213 493 1280 δῆτα
525 1215 615 1266 καῖ
644 1215 676 1282 ἠ
703 1214 893 1266 τούτου
948 1216 1226 1283 μαρτυρία
1278 1217 1572 1284 γεγένηται
1600 1232 1837 1282 περιφα-

246 1304 365 1365 νῶς
413 1307 505 1356 καὶ
540 1304 770 1368 ἐνδόξως
796 1323 808 1335 ι
863 1305 1114 1376 καθάπερ
1140 1306 1362 1370 ὲδόξασε
1416 1310 1511 1360 καὶ
1549 1309 1605 1359 ἐν
1640 1308 1831 1368 ἄλλαις

249 1397 480 1449 πόλεσιν
505 1398 723 1465 ἐτέρους
757 1398 1043 1467 μάρτυρας
1092 1399 1167 1460 ώς
1208 1400 1400 1468 ἴσμενο
1437 1400 1529 1452 τόν
1589 1416 1647 1452 τε
1676 1416 1833 1468 περι-

246 1492 400 1557 φανη
439 1489 641 1559 δηλαδὴ
676 1488 771 1541 καὶ
797 1491 1194 1559 τροπαιοφόρον
1223 1491 1499 1559 Γεωργιον
1518 1530 1533 1554 ,
1566 1492 1623 1542 ἐν
1668 1484 1828 1543 Καπ-

246 1581 485 1651 παδοκία
517 1583 614 1650 τῆς
664 1582 1044 1651 Καισαρείας·
1100 1583 1192 1634 τόν
1241 1599 1298 1633 τε
1338 1583 1670 1651 στεφανίτην
1730 1585 1830 1634 καὶ

250 1638 611 1741 μυροϐλὺτην
658 1638 1063 1741 Δημήτριοντέν
1098 1670 1383 1740 Θετταλία·
1439 1638 1495 1723 ἐν
1542 1638 1705 1742 Τύρῳ
1739 1671 1829 1724 τὸν

246 1763 622 1834 περίόλεπτον
654 1764 746 1815 καὶ
776 1762 920 1816 θεῖον
944 1762 1247 1831 Θεόδωρονο
1289 1764 1381 1815 καὶ
1415 1781 1472 1816 εν
1501 1764 1692 1826 ἄλλαις
1734 1764 1828 1815 ἅλα

245 1856 403 1918 λους,
434 1857 530 1907 καὶ
554 1855 777 1925 ἐτέρους
806 1858 860 1907 ἐν
887 1856 1105 1924 ἑτέραις
1130 1869 1142 1883 ⁵
1178 1856 1271 1908 καῖ
1309 1855 1452 1923 μάλα
1479 1854 1727 1916 εἰκότως.
1764 1855 1827 1908 Εἰ

247 1948 365 2017 γὰρ
426 1949 535 2009 τοῖς
571 1946 797 2015 Ἕλλησι
870 1946 1073 2007 πάλαι
1130 1949 1241 2009 τοῖς
1271 1963 1329 1998 τε
1380 1946 1635 2013 Οηϐαιοις
1687 1949 1828 2012 λέγω

252 2039 522 2108 Πίνδαρον
546 2039 964 2107 παρασχέσθαι,
1001 2038 1091 2090 καὶ
1135 2036 1386 2099 Βοιωτοῖς
1428 2037 1692 2101 Ἡσίοδον,
1730 2041 1825 2091 καὶ

246 2131 577 2201 Σμυρναίοις
604 2131 749 2200 Ὂμη
763 2148 851 2199 ρον
882 2131 975 2182 καὶ
1002 2130 1182 2192 ἄλλοις
1217 2131 1373 2184 ἄλλον
1406 2133 1483 2192 εἰς
1514 2131 1824 2200 φιλοτιμίαν

1942 958 2160 1013 quoque
2189 947 2257 999 ab
2319 949 2473 1003 initio
2523 968 2695 1022 usque
2746 973 2896 1013 nunc
2940 961 3201 1019 facultate
3259 969 3517 1024 miracula

1940 1038 2198 1102 operandi
2249 1038 2449 1093 mirum
2488 1042 2540 1095 in
2572 1047 2789 1100 modum
2824 1050 3052 1109 donavit
3088 1056 3141 1109 in
3173 1058 3349 1131 Selyis
3382 1066 3515 1119 urbe

1937 1138 2056 1192 quae
2106 1131 2348 1197 martyrii
2387 1132 2508 1200 ejus
2551 1137 2704 1190 testis
2751 1139 2947 1207 fuerat,
3000 1150 3142 1202 sicut
3202 1160 3256 1205 ct
3292 1152 3345 1206 in
3394 1157 3518 1210 aliis

1938 1216 2168 1272 urbibus
2225 1220 2367 1275 alios
2416 1230 3097 1301 martyresegloriliravit,
3149 1252 3278 1297 ante
3322 1261 3515 1301 omnes

1936 1304 2226 1378 Georgium
2263 1312 2526 1369 Caesarea:
2558 1319 2933 1388 Cappadociae,
2968 1326 3297 1385 Demetrium
3332 1336 3514 1405 Myro-

1935 1395 2117 1465 blyten
2153 1398 2207 1452 in
2240 1399 2543 1467 Thessalia,
2582 1405 2706 1477 Tyri
2750 1410 3019 1480 insignem
3050 1416 3297 1472 divinum
3332 1395 3514 1476 Theo-

1933 1486 2152 1551 dorum,
2216 1490 2352 1544 alios
2412 1495 2564 1549 alibi.
2599 1499 2711 1554 Nec
2765 1505 2983 1559 mirum.
3052 1507 3105 1559 Si
3166 1512 3312 1563 enim
3370 1514 3512 1568 inter

1933 1575 2153 1633 Grmcos
2219 1580 2487 1640 Pindarus
2564 1590 2782 1656 quidem
2837 1593 3041 1650 Thebis
3114 1602 3307 1655 honori
3383 1608 3506 1670 fuit,

1934 1665 2155 1723 Boeitiis
2218 1671 2526 1739 Hesiodus,
2585 1677 2853 1735 llomerus
2913 1685 3244 1755 Smyrnaeis,
3305 1710 3511 1762 quanto

1934 1761 2106 1828 magis
2136 1762 2201 1814 de
2232 1765 2597 1833 Agathonico,
2628 1772 2798 1825 nobili
2825 1776 3071 1831 veritatis
3102 1796 3509 1853 propugnatore

1934 1849 2154 1917 gloriari
2191 1854 2316 1908 licet
2343 1857 2354 1908 ί
2386 1860 2701 1930 quicunque
2729 1867 2875 1919 enim
2932 1869 2987 1923 in
3028 1872 3230 1927 celebri
3298 1875 3507 1947 Selym-

1931 1939 2077 2004 bria,
2120 1953 2213 1997 aut
2264 1948 2365 1999 alia
2407 1951 2618 2005 vicinia:
2672 1957 2827 2022 urbe,
2897 1964 3089 2017 morbo
3137 1967 3321 2035 aliquo
3356 1972 3507 2023 labo-

1933 2042 2116 2087 rantes
2148 2036 2211 2089 ad
2243 2041 2494 2110 martyris
2523 2046 2695 2099 neStri
2722 2048 2888 2104 divini
2920 2054 3231 2121 sepulcrum
3280 2075 3500 2125 venere,

1935 2122 2138 2179 relictis
2178 2131 2432 2187 Omnibus
2465 2137 2780 2193 morborum
2813 2145 3053 2214 vestigiis
3087 2149 3498 2219 abscesserunt,

244 2225 427 2295 φέρει,
464 2226 616 2294 πόσῳ
643 2223 843 2293 μᾶλλον
877 2224 1019 2287 sub;
1054 2223 1195 2293 μέγα
1223 2225 1440 2291 φρονεῖν
1469 2224 1559 2275 ἐπὶ
1586 2223 1661 2292 τῷ
1690 2224 1821 2293 μάρ-

1932 2228 2185 2283 magnum
2215 2219 2618 2289 Agathonicum
2641 2230 2934 2297 gratiarum
2959 2238 3176 2292 actione
3198 2250 3253 2293 et
3282 2241 3501 2311 hymnis

242 2334 375 2386 τυρι
422 2317 756 2384 ’Δγαθονίκῳ
801 2316 878 2386 τῷ
911 2316 1146 2384 γενναίῳ
1178 2317 1275 2384 τῆς
1328 2315 1588 2385 ἀληθείας
1621 2318 1823 2384 ἀγωνι-

245 2413 379 2479 στῇ.
423 2410 643 2462 Ὁπόσοι
665 2410 774 2480 γὰρ
809 2408 1108 2479 τηνικαῦτα
1141 2411 1199 2461 ἐν
1231 2412 1298 2480 τῇ
1333 2409 1629 2479 περιφανεῖ
1667 2408 1821 2461 πόλει

243 2504 578 2575 Σηλυμερίᾳ
602 2505 698 2558 καὶ
722 2506 833 2567 τοῖς
861 2506 988 2574 περὶ
1019 2503 1186 2573 αὐτὴν
1210 2503 1427 2573 χωρίοις
1459 2504 1709 2573 πονήρως
1731 2502 1823 2555 καὶ

243 2595 493 2658 ἀσθενῶς
522 2594 865 2659 κατέκειντο,
895 2595 1144 2657 ἐλθόντες
1178 2596 1244 2663 τῇ
1278 2593 1372 2646 τοῦ
1422 2594 1569 2646 θείου
1606 2594 1819 2663 μάρτυ-

246 2706 347 2760 ρος
365 2689 559 2741 τούτου
586 2690 732 2759 σορῷ
758 2690 1170 2759 ἀπηλλάττοντο
1202 2689 1298 2741 καὶ
1326 2688 1446 2741 οὐδὲ
1494 2689 1635 2758 ίχνος
1664 2688 1821 2743 ἀσθε-

244 2781 400 2844 νείας
425 2780 561 2843 ὅλως
584 2782 923 2850 κατείχοντο.
953 2779 1119 2832 Ὅθεν
1142 2781 1236 2833 καὶ
1258 2779 1334 2849 τῷ
1371 2780 1820 2850 μεγαλομὰρτυρι

256 2873 598 2943 ’Λγαθονίκῳ
627 2875 723 2935 τὰς
773 2875 1127 2943 εὐχαριστίας
1173 2875 1264 2926 καὶ
1312 2875 1585 2944 ὑμνῳδίας
1621 2875 1821 2945 προσέο

244 2983 439 3036 φερον.
474 2970 585 3035 Ουχ
610 2960 774 3036 ἦττον
802 2966 845 3018 δ’
869 2967 927 3030 ἐξ
952 2967 1160 3019 ἐκείνου
1185 2972 1278 3020 καὶ
1302 2969 1573 3038 ὁσημέραι
1596 2967 1820 3021 τοιαῦτα

241 3060 393 3110 ποιεῖ
419 3057 697 3126 θαυμάσια
727 3059 758 3127 ἡ
790 3058 908 3110 θεία
934 3060 1077 3121 κάρα
1102 3058 1290 3120 αυτοῦ,
1323 3060 1473 3110 ἐσαεὶ
1503 3060 1673 3121 ἰάσεις
1701 3061 1820 3112 ἐπι-

240 3148 481 3203 τελοῦσα
513 3151 609 3203 καὶ
656 3150 1040 3218 θεραπεύουσα
1077 3151 1261 3201 πᾶσαν
1313 3150 1466 3202 νόσον
1512 3152 1605 3203 καὶ
1638 3153 1817 3207 πᾶσαν

244 3242 550 3310 μαλακίαν
581 3240 641 3293 τὺ
668 3240 774 3309 γὰρ
809 3239 997 3309 ἕτερον
1031 3242 1210 3309 σῶμα,
1244 3242 1403 3302 ἀλλος
1447 3243 1576 3296 ἄλλο
1630 3244 1816 3312 μέρος,

242 3334 344 3385 καὶ
378 3333 562 3402 ἕτερος
586 3332 774 3403 ἕτερον
822 3333 928 3383 τῶν
959 3333 1202 3384 ευσεϐιῖιν
1255 3333 1362 3385 τῶν
1398 3351 1454 3384 τε
1508 3334 1698 3404 πόρρω
1723 3337 1817 3387 καὶ

240 3422 357 3476 τῶν
386 3423 549 3490 ἐγγὺς
576 3423 637 3487 ἐξ
678 3422 901 3490 ἀγάπης
934 3424 1394 3493 διαμερισάμενυς
1444 3426 1569 3494 παρ’
1605 3426 1815 3489 ἑαυτοῖς

241 3513 562 3583 κατείχοντο
591 3514 997 3582 φυλακτήριον·
1033 3513 1164 3566 ἔνιοι
1211 3514 1267 3566 δέ
1305 3530 1470 3581 φασιν
1497 3514 1567 3578 ὡς
1594 3517 1816 3568 Λατίνοι

1931 2310 2253 2367 cxaltantes.
2288 2313 2408 2369 Non
2438 2318 2619 2373 minus
2650 2333 2830 2378 autem
2861 2328 2983 2383 inde
3012 2331 3080 2384 ab
3114 2333 3220 2387 isto
3254 2345 3501 2407 tempore

1929 2412 2177 2456 sanctum
2236 2406 2409 2474 ipsius
2450 2422 2612 2480 caput
2646 2417 2890 2484 quotidie
2924 2423 3181 2478 miracula
3212 2406 3496 2496 operatur,

1934 2494 2155 2550 morbos
2210 2513 2275 2553 ac
2325 2503 2505 2556 omnia
2567 2505 2953 2565 inﬁrmitatum
2994 2532 3188 2584 genera
3234 2526 3495 2580 sanando.

1926 2581 2131 2638 Cat-tera
2196 2588 2342 2643 enim
2396 2597 2643 2662 corporis
2694 2598 2858 2668 hujus
2908 2608 3082 2660 sancti
3131 2615 3378 2667 membra
3412 2620 3497 2685 pia

1930 2688 2154 2743 corpora
2187 2678 2343 2751 longe
2370 2684 2587 2755 lateque
2610 2702 2798 2747 sortita
2827 2705 2886 2749 ut
2913 2699 3106 2754 salutis
3131 2702 3498 2764 instrumenta

1929 2779 2281 2825 venerantur.
2338 2773 2477 2832 Sunt
2508 2781 2596 2848 qui
2631 2784 2813 2839 dicant
2848 2791 2992 2856 quod
3033 2791 3206 2848 Latini
3246 2811 3368 2866 post
3404 2818 3498 2856 ex-

1928 2871 2218 2930 pugnatam
2272 2870 2473 2938 rcgiam
2538 2874 2760 2942 urbem,
2815 2877 2938 2951 Sely
2990 2898 3207 2956 quoque
3252 2905 3364 2945 sua:
3411 2895 3497 2948 di-

1931 2951 2095 3008 tionis
2133 2955 2296 3021 facta,
2336 2965 2592 3034 martyris
2627 2983 2830 3038 corpus
2868 2973 2921 3027 in
2955 2978 3233 3047 antiquam
3269 2981 3496 3041 Romam

1927 3048 2069 3099 sicut
2123 3048 2385 3117 plurimas
2443 3056 2578 3111 alias
2629 3061 2888 3130 reliquias
2943 3081 3317 3135 asportarunt,
3380 3078 3495 3132 Itali

1927 3138 2071 3193 enim
2095 3143 2295 3211 regiam
2326 3147 2512 3201 urbem
2540 3165 2636 3217 per
2656 3154 3051 3227 quianaginta
3083 3176 3290 3232 septem
3320 3185 3496 3225 annos

1930 3231 2038 3285 Deo
2113 3235 2329 3291 volente
2393 3255 2454 3294 ac
2522 3246 2915 3313 permittente,
2983 3231 3270 3311 tenuerant
3333 3271 3495 3330 atque.

1924 3336 2087 3391 opera
2124 3326 2256 3381 artis
2289 3335 2505 3402 egregia
2544 3350 2606 3389 ac
2639 3342 2947 3408 magniﬁca.
2975 3344 3184 3402 Phidiae
3212 3365 3274 3404 ac
3309 3352 3497 3406 Γετιχὶ-

1928 3415 2047 3468 telis
2078 3416 2238 3483 dico;
2279 3434 2472 3475 aurmn
2511 3439 2674 3492 porro
2704 3441 2757 3482 et
2805 3446 3112 3503 argentum,
3178 3444 3494 3511 margaritas

1924 3515 1981 3559 et
2016 3506 2223 3576 lapides
2259 3514 2547 3581 pretiosos.
2577 3521 2904 3578 vestimenta
2938 3526 3121 3583 divina
3151 3541 3205 3585 et
3238 3539 3493 3591 sacerdo-

240 3607 380 3660 αὐτὸ
409 3606 773 3675 ἐφευρηκότες
814 3604 1018 3673 μᾶλλον
1041 3607 1307 3663 ἐνταυθοῖ.
1346 3607 1508 3675 ἡνίκα
1538 3607 1633 3677 τὴν
1664 3606 1817 3676 βασι-

1930 3596 2051 3650 talia
2098 3613 2128 3652 e
2183 3604 2396 3671 templis
2454 3622 2517 3661 ac
2558 3608 2815 3668 domibus
2866 3620 3030 3687 regiis
3079 3638 3142 3674 ac
3202 3630 3493 3685 senatoriis

240 3700 512 3752 homo”
544 3700 700 3751 πόλιν
757 3699 1039 3768 κατέσχον,
1096 3701 1189 3751 καὶ
1228 3699 1436 3770 ταύτην
1472 3701 1563 3752 τοῦ
1616 3700 1817 3761 Σὴλυος

242 3792 456 3863 πρόσγε
504 3795 626 3854 ταῖς
673 3789 883 3857 ἄλλαις,
942 3792 1225 3858 ἁεεείλοντο
1279 3791 1337 3843 τὸ
1387 3791 1484 3844 τοῦ
1540 3794 1817 3861 μάρτυρος

241 3882 424 3949 σῶμα,
450 3882 542 3934 καὶ
579 3882 715 3949 πρὸς
740 3883 835 3951 τὴν
860 3882 1235 3950 πρεσϐυτέραν
1267 3880 1490 3950 Ῥώμην
1510 3883 1815 3951 ἐπήγαγον,

240 3972 500 4042 καθάπερ
522 3974 614 4026 καὶ
640 3972 774 4025 ἀλλα
810 3973 1034 4025 πλεῖστα
1060 3972 1165 4024 τῶν
1195 3974 1365 4040 ἁγίων
1389 3973 1677 4042 λειψάνων.
1706 3973 1815 4042 Τὴν

238 4067 350 4132 γὰρ
384 4064 630 4133 βασιλίδα
673 4065 783 4117 τῶν
842 4064 1050 4116 πόλεων
1098 4064 1464 4134 κατασχόντες
1514 4066 1562 4119 oi
1627 4066 1816 4119 Ἰταλοὶ

238 4154 467 4221 χρόνους
497 4154 637 4205 ἐπτά
670 4154 811 4223 πρὸς
839 4156 946 4215 τοῖς
981 4154 1319 4223 πεντήκοντα
1345 4154 1552 4218 τούτοις
1594 4155 1815 4208 δουλεύ-

236 4262 408 4298 ουσαν
445 4247 611 4314 ἀνοχῇ
646 4248 739 4299 καὶ
772 4248 1165 4317 παραχωρήσει
1199 4246 1356 4308 Θεοῦ,
1387 4248 1436 4300 ot
1470 4250 1564 4302 καὶ
1598 4252 1815 4321 ἀφῃρη-

238 4336 393 4401 μένοι
420 4338 598 4388 παντα
628 4339 695 4388 τά
729 4338 1002 4405 προσόντα
1033 4339 1168 4407 αὐτῇ
1202 4339 1468 4393 κάλλιστα
1508 4340 1647 4411 ἔργα
1683 4343 1810 4395 θαύ-

240 4446 408 4496 ματος
444 4431 535 4481 xal.
568 4431 886 4499 ἐκπλήξεως
922 4431 1163 4498 γέμοντα
1196 4434 1290 4483 καὶ
1321 4434 1515 4502 ἡδονῆς
1544 4435 1809 4505 ἀρρήτου,

234 4522 444 4574 Φειδίου
479 4524 621 4590 φημὶ
666 4524 764 4575 καὶ
811 4523 1192 4591 Πραξιτέλους
1224 4524 1302 4577 ἔτι
1354 4525 1411 4577 δὲ
1459 4526 1660 4594 χρυσὸν
1718 4529 1810 4579 καὶ

237 4613 483 4682 ἄργυρον
513 4616 604 4664 καὶ
636 4613 878 4681 διαυγεῖς
915 4614 1231 4683 μαργάρους
1262 4614 1355 4666 καὶ
1383 4614 1564 4677 λίθους
1592 4616 1810 4685 τιμίους

237 4707 338 4758 καὶ
370 4705 685 4768 πολυτελεῖς
717 4707 810 4758 καὶ
853 4706 1037 4757 πέπλα
1068 4704 1185 4758 θεῖα
1215 4706 1310 4758 καὶ
1350 4707 1472 4773 ἱερά
1504 4705 1567 4759 ἐκ
1601 4725 1658 4761 τε
1700 4708 1809 4763 τῶν

237 4800 403 4851 θείων
430 4797 597 4863 ναῶν,
625 4797 687 4849 ἒκ
715 4812 774 4848 τε
804 4797 911 4848 τῶν
954 4797 1241 4865 βασιλείων
1267 4798 1450 4864 οἴκων,
1497 4800 1563 4852 ἐκ
1610 4816 1667 4852 τε
1699 4798 1808 4853 τῶν

1921 3686 2162 3755 ejusdem
2196 3692 2345 3746 urbis
2375 3695 2754 3766 abstulerum;
2792 3702 3229 3776 quos'postrcnm
3257 3714 3490 3774 Michael

1918 3775 2253 3850 l’alzeologus
2280 3783 2519 3854 Angelus
2549 3789 2565 3841 Ι
2595 3790 2888 3860 imperator
2929 3775 3087 3852 manu
3132 3804 3486 3877 fortissimus,

1919 3870 2147 3938 expulit.
2183 3873 2252 3927 At
2291 3888 2579 3946 postquam
2628 3882 2682 3935 in
2718 3885 2890 3953 primo
2925 3890 3044 3944 loco
3076 3898 3406 3955 constitutus
3436 3914 3489 3957 et

1919 3962 2161 4016 omnium
2193 3978 2319 4020 ante
2354 3968 2530 4035 ipsum
2579 3972 2969 4042 imperatorum
3023 3984 3259 4043 honores
3291 4006 3352 4045 ac
3383 3996 3490 4062 pri-

1918 4053 2111 4125 vilegia
2160 4058 2389 4127 adeptus
2420 4074 2586 4125 esset.
2626 4079 2922 4137 postremo,
2971 4076 3233 4146 gliscente
3280 4083 3486 4141 invidia

1914 4145 2128 4202 civibus
2181 4149 2341 4205 hortis
2394 4154 2623 4211 infestus
2678 4172 2731 4214 ct
2781 4166 2919 4219 mala
2978 4181 3161 4224 mente
3206 4175 3348 4228 sicut
3410 4180 3484 4232 illi

1914 4253 2035 4294 esse
2060 4242 2243 4312 coepit,
2273 4260 2381 4314 quo
2425 4248 2622 4304 factum
2665 4266 2746 4309 est
2799 4268 2853 4310 ut
2888 4260 3133 4328 gloriam,
3170 4265 3276 4320 imo
3301 4274 3483 4325 omnia

1914 4333 2183 4390 amiserit.
2222 4336 2448 4403 Corpus
2480 4358 2609 4396 vero
2640 4346 2759 4414 ejus
2801 4352 2852 4403 in
2910 4352 3071 4423 hujus
3127 4360 3299 4428 Selyis
3354 4367 3485 4419 urbe

1914 4424 1970 4478 in
2031 4432 2365 4485 monasterio
2412 4432 2707 4494 Salvatoris
2766 4451 2821 4496 et
2865 4445 3232 4506 misericordis
3279 4454 3483 4513 Christi

1915 4517 2269 4575 tumefactum
2312 4525 2458 4592 jacet
2502 4540 2722 4596 propter
2747 4549 3126 4603 angesccntem
3173 4546 3478 4617 dogmattnn

1911 4614 2303 4682 corruptelam,
2334 4632 2398 4671 ex
2436 4636 2546 4688 quo
2573 4635 2795 4680 sanctus
2826 4644 2889 4683 ac
2920 4631 3139 4689 divinus
3172 4639 3478 4705 patriarcha

1910 4705 2178 4761 Arsenius
2234 4706 2412 4777 ipsum
2460 4716 2945 4777 anathematizavit
2994 4726 3120 4794 quia
3172 4743 3395 4799 regnum
3448 4751 3477 4788 a

1911 4796 2022 4851 [ilio
2104 4798 2375 4856 Theodori
2431 4804 2683 4863 Lascaris
2768 4817 3074 4883 usurpavit.
3134 4796 3257 4878 ιιωέ
3314 4826 3479 4895 igitur

238 4889 615 4958 συγκλητικῶν
642 4888 852 4956 ἀνδρῶν
884 4888 977 4940 καὶ
999 4888 1104 4939 τῶν
1126 4890 1425 4959 οἰκητόρων
1450 4892 1680 4959 ταυτησὶ
1709 4892 1807 4960 τῆς

1932 4891 2175 4947 niracula
2204 4909 2419 4950 sacrum
2463 4903 2716 4971 martyris
2768 4907 2936 4961 n05tri
2985 4922 3149 4975 caput
3198 4930 3476 4983 operatur,

234 4979 463 5041 πόλεως.
498 4972 660 5040 Αὖθις
696 4976 833 5029 Θεοῦ
867 4976 1193 5046 βουλομένου
1227 4979 1254 5029 ὁ
1289 4978 1803 5046 στρατηγικώτατος

234 5070 491 5140 βασιλεὺς
539 5069 756 5139 Μιχαὴλ
811 5068 1173 5135 Παλαιολόγος
1202 5069 1417 5138 πρῶτος
1454 5072 1481 5121 ὁ
1514 5070 1799 5137 Ἄγγελος,

230 5163 451 5223 τούτους
480 5161 730 5225 ἐξέωσεν·
768 5160 825 5229 ὃς
854 5162 910 5210 ἐν
935 5161 1045 5220 τοῖς
1075 5158 1311 5228 πρώτοις
1342 5160 1675 5228 ἀριστεύσας
1706 5163 1799 5213 καὶ

231 5254 301 5307 τὰ
333 5252 596 5322 πρεσϐεῖα
632 5250 847 5303 πάντων
891 5251 1001 5303 τῶν
1059 5251 1143 5301 πώ
1191 5265 1318 5302 ποτε
1366 5250 1629 5317 βασιλέων
1658 5255 1799 5305 ἀνει-

233 5344 460 5413 ληφὼς,
512 5346 573 5396 ἐν
608 5344 717 5403 τοῖς
776 5342 1104 5403 τελευταίοις
1159 5342 1305 5409 οἴμοι
1364 5343 1543 5411 φθόνῳ
1586 5345 1795 5410 τούτοις

232 5440 417 5502 καλοῖς
450 5438 858 5508 βασκαίνοντάς,
910 5436 975 5487 τὰ
1008 5435 1232 5487 ἐκείνων
1284 5438 1496 5501 φρενῶν
1548 5438 1768 5508 εὑρέθη·
1803 5441 1897 5493 καὶ
1938 5443 2111 5515 ταύτῃ
2139 5462 2201 5513 γε
2236 5449 2475 5516 μάλιστα
2525 5458 2583 5506 τὸ
2634 5458 2884 5515 πλεῖστον
2915 5465 3025 5533 ςτῆς
3056 5465 3236 5536 δόξης,

230 5534 597 5605 ἀληθέστερον
632 5534 829 5600 εἰπεῖν,
866 5536 1083 5606 σύμπαν
1115 5530 1370 5603 ἀφείλετό
1408 5548 1465 5583 τε
1517 5540 1609 5586 καὶ
1645 5534 1947 5605 περιῄρητο
1972 5553 1989 5569 ⁶
2044 5541 2137 5591 καὶ
2195 5541 2252 5592 ἐν
2281 5544 2343 5611 τῇ
2375 5544 2465 5597 τοῦ
2513 5548 2714 5618 Σηλυος

1911 4983 2131 5037 morbos
2182 4988 2426 5042 sanando
2482 4992 2828 5062 nmltifarios,
2868 5008 2925 5051 ut
2986 5004 3181 5071 capitis
3230 5007 3471 5075 dolores,

1910 5074 2112 5140 febres,
2150 5081 2389 5133 membra
2428 5085 2551 5152 gelu
2597 5099 2915 5145 constricta.
2950 5092 3127 5158 Quare
3163 5098 3252 5153 hic
3293 5116 3475 5155 serum

1910 5167 2013 5221 tria
2036 5168 2252 5223 illorum
2284 5174 2676 5232 miraculorum
2713 5181 3131 5250 demonstrabit,
3158 5200 3263 5244 tam
3292 5204 3471 5247 vetera

1906 5273 2067 5328 quam
2097 5265 2367 5331 recentia;
2395 5279 2589 5323 caetera
2622 5286 2859 5342 namque
2883 5276 3131 5333 lubenter
3162 5284 3467 5350 praeteribo.

1907 5345 2206 5418 Imperator
2244 5351 2459 5409 Manuel
2488 5358 3051 5431 Porpliyrogenitus...

3280 5471 3309 5537 ἢ
3344 5475 3466 5540 τόγε

2776 5557 2945 5629 ταύτῃ
2991 5560 3146 5610 πόλει
3184 5566 3322 5615 κατα
3373 5568 3468 5635 τὴν

228 5634 324 5687 τοῦ
356 5633 610 5701 Σωτῆρος
654 5633 750 5687 καὶ
790 5634 1193 5703 πανελεήμονος
1239 5636 1474 5702 Χριστοῦ
1529 5635 1698 5703 μονὴν
1744 5637 1804 5687 τὸ
1847 5636 2010 5690 αὑτοῦ
2077 5640 2237 5709 σῶμα
2282 5645 2715 5713 κατακείμενον,
2762 5652 3060 5723 καθορᾶται
3110 5659 3465 5731 ὀγκυύμενος,

229 5729 315 5782 διὰ
363 5731 464 5801 τὴν
503 5729 784 5799 προϐᾶσαν
815 5731 924 5784 τῶν
956 5730 1241 5797 δογμάτων
1268 5730 1564 5799 διαφοράν·
1600 5732 1820 5800 προσέτι
1862 5748 1923 5799 γε
1956 5734 2083 5804 μὴν,
2122 5738 2213 5791 καὶ
2246 5735 2335 5791 διὰ
2376 5740 2467 5792 τὸν
2502 5748 2960 5817 προσφωνηθέντα
2995 5753 3113 5805 κατ’
3138 5729 3305 5807 αὐτοί)
3334 5756 3460 5824 ἀρτι-
