4186 6438
317 382 447 448 12H

1741 384 2125 444 ADDENDA.

3420 386 3558 448 1242

317 504 613 572 μετριότης
662 498 819 568 ἡμῶν
865 498 1280 567 διασκεψαμένη
1318 499 1387 552 τὰ
1424 498 1553 568 περὶ
1582 498 1789 551 τούτων
1814 501 1877 569 τῇ

1986 495 2225 549 civitatis
2267 494 2509 564 episcopi
2552 511 2616 549 cx
2655 506 2967 549 sanctorum
3005 497 3222 551 Patrum
3265 499 3556 555 traditione

312 596 408 649 καὶ
428 597 549 664 ίερᾷ
570 594 779 663 μεγάλῃ
804 592 1005 659 συνόδῳ
1017 594 1128 645 τῶν
1147 594 1189 645 ίε
1201 593 1452 660 ρωτάτων
1468 592 1770 661 ἀρχιερέων
1786 592 1882 644 καὶ

310 686 657 754 ὑπερτίμων,
688 682 883 749 διέγνω
914 683 1010 733 καὶ
1039 683 1376 750 ἀπεφήνατο,
1408 681 1484 744 ὼς
1516 682 1582 734 ἂν
1611 682 1752 735 κατά
1783 682 1881 750 τὴν

307 778 570 845 διαταγὴν
599 776 699 844 τῆς
731 776 894 842 ἁγίας
942 774 1037 827 καὶ
1080 775 1466 842 οἰκουμενικῆς
1490 776 1546 827 ὲν
1575 774 1878 843 Χαλκηδόνι

312 868 555 929 συνόδου,
573 865 997 934 διαγορευούσης
1024 864 1223 917 οὑτωσὶ
1263 864 1402 917 κατά
1447 864 1599 933 ῥῆμα
1624 866 1681 916 ὲν
1707 864 1879 933 ὀγδόῳ

306 958 481 1025 αὐτῆς
516 956 702 1008 κανόνι
737 971 752 986 °
793 973 812 1006 t
858 956 919 1008 Οἱ
954 954 1207 1023 κληρικοὶ
1254 954 1365 1006 τῶν
1424 956 1733 1024 πτωχείων,
1783 958 1878 1008 καὶ

312 1048 721 1117 μοναστηρίων,
748 1046 853 1100 ὑπὸ
885 1046 984 1115 τὴν
1031 1046 1283 1109 ἐξουσίαν
1310 1046 1419 1098 τῶν
1446 1046 1504 1100 ὲν
1534 1047 1743 1119 ἑκάστῃ
1774 1049 1876 1101 πό·-

306 1140 390 1192 λει
420 1139 736 1192 ἐπισκόπων
762 1137 905 1191 κατά
932 1136 1029 1207 τὴν
1061 1137 1169 1190 τῶν
1200 1137 1373 1204 ἁγίων
1403 1139 1665 1208 Πατέρων
1704 1139 1879 1207 παρά-

304 1233 457 1283 δοσιν
504 1230 934 1299 διαμενὲτωσαν,
962 1230 1056 1282 καὶ⁵
1107 1230 1182 1298 μὴ
1218 1230 1356 1282 κατά
1413 1229 1709 1283 αὐθάδειαν
1737 1231 1877 1299 ἀφη-

305 1323 582 1375 νιάτωσαν
602 1321 697 1373 τοῦ
719 1320 1042 1373 ἑπισκόπου³
1064 1320 1113 1372 οί
1135 1320 1191 1372 δὲ
1222 1319 1529 1389 τολμῶντες
1551 1321 1878 1387 ἀνατρέπειν

303 1415 408 1483 τὴν
434 1412 691 1481 τοιαύτην
716 1412 1076 1475 διατύπωσιν,
1110 1414 1158 1465 εἰ
1192 1412 1292 1481 μὲν
1319 1408 1429 1464 εἶεν
1459 1411 1736 1480 κληρικοὶ,
1762 1413 1877 1475 τοῖς

304 1506 416 1557 τῶν
446 1505 717 1571 κανόνων,
748 1504 1168 1558 ὑποκείσθωσαν
1200 1504 1521 1571 ἐπιτιμίοις,
1549 1507 1597 1556 εἰ
1624 1504 1679 1556 δὲ
1715 1504 1878 1572 μονά-

308 1595 521 1658 ζοντες,
551 1594 582 1662 ἦ
613 1594 815 1658 λα’ῑκοὶ,
843 1592 1090 1647 εστωσαν
1141 1593 1539 1662 ἀκοινώνητοι·
1581 1612 1600 1645 ι
1638 1593 1734 1663 ἔχῃ
1785 1596 1877 1647 καὶ

306 1688 333 1737 ὁ
382 1684 644 1755 δηλωθεὶς
682 1684 1098 1750 θεοφιλέστατος
1150 1684 1451 1747 ἐπίσκοπος
1481 1687 1540 1736 ὲν
1568 1686 1648 1755 τῷ
1706 1686 1874 1754 Ἀγίῳ

311 1778 470 1841 Ὄρει
520 1776 683 1829 παντὶ
734 1776 913 1829 πάντα
943 1776 1009 1827 τά
1056 1775 1422 1846 ἀρχιερατικὰ
1468 1775 1636 1829 αὑτοῦ
1667 1775 1869 1840 δίκαια,

1990 597 2368 654 permaneant.
2408 602 2509 642 nec
2561 589 2629 642 ab
2670 590 2930 658 episcopo
2969 604 3034 643 ex
3077 592 3330 658 superbia
3370 592 3555 645 disce-

1986 676 2146 741 dant;
2188 678 2319 732 illud
2372 693 2498 732 vero
2540 688 2800 732 statutum
2853 680 3551 749 eluderepraasumentes,

1990 768 2034 821 si
2079 768 2260 823 clerici
2299 769 2521 831 fuerint,
2550 783 2820 822 canonum
2862 770 3043 838 poenis
3081 768 3428 835 subiaceant;
3471 770 3555 823 sin

1988 861 2263 925 monachi,
2295 869 2388 914 aut
2422 859 2570 921 laici,
2597 876 2626 914 a
2663 861 2898 915 ﬁdelium
2941 860 3329 914 communione
3368 862 3559 928 sejun-

1987 961 2201 1019 gantur.
2229 968 2246 999 ι
2277 949 2574 1003 Conservet
2601 965 2763 1017 porro
2788 950 3043 1018 praelatus
3072 951 3179 1003 Deo
3202 951 3558 1005 charissimns

1986 1043 2277 1110 episcopus
2306 1043 2358 1094 in
2391 1049 2503 1095 toto
2535 1042 2706 1096 Sacro
2736 1041 2915 1096 Monte
2940 1042 3263 1111 episcopalia
3292 1058 3387 1096 sua
3408 1044 3551 1113 jura,

1985 1149 2105 1202 quae
2134 1135 2201 1188 ab
2228 1134 2483 1188 omnibus
2520 1134 2865 1203 pontiﬁcibus
2896 1134 2949 1187 in
2978 1134 3225 1188 ecclesiis
3254 1134 3367 1189 suis
3392 1150 3554 1189 exer-

1985 1236 2197 1291 centur,
2233 1236 2286 1279 et
2329 1230 2441 1294 ipse
2479 1240 2581 1295 pro
2618 1225 2844 1278 arbitrio
2884 1241 2985 1280 suo
3022 1235 3302 1292 exerceat,
3331 1230 3553 1283 nemine

1983 1318 2037 1372 in
2091 1320 2256 1373 Sacro
2315 1318 2493 1375 Monte
2542 1319 2843 1372 obsistente
2890 1326 2986 1372 aut
3040 1319 3392 1375 reclamante.
3444 1319 3550 1374 Sed

1987 1411 2101 1464 haec
2120 1409 2325 1473 omnia,
2348 1418 2537 1476 utpote
2570 1409 2844 1479 legitimus
2870 1409 3020 1465 Sacri
3051 1411 3249 1465 Montis
3283 1411 3548 1480 pontifex,

1984 1498 2142 1553 faciat
2167 1499 2319 1568 juxta
2345 1512 2627 1553 sacrorum
2655 1513 2925 1553 canonum
2962 1507 3245 1564 tenorem;
3279 1516 3380 1555 nos
3404 1502 3551 1555 enim

1984 1592 2130 1645 illius
2168 1591 2405 1662 regionis
2439 1606 2526 1644 res
2562 1591 2722 1661 plane
2751 1600 2910 1647 notas
2944 1592 3236 1660 habemus;
3272 1594 3365 1649 diu
3400 1598 3548 1650 enim

1983 1683 2054 1737 ibi
2107 1682 2361 1738 viximus.
2405 1682 2538 1738 lude
2582 1692 2638 1737 et
2683 1684 2873 1753 synodi
2926 1685 3144 1738 nomine
3193 1698 3445 1740 monetur
3492 1698 3551 1742 ut

1983 1774 2207 1830 Sacrum
2269 1776 2506 1830 Montem
2562 1776 2772 1841 libere,
2838 1785 3000 1845 prout
3051 1776 3325 1843 voluerit,
3380 1780 3549 1834 veluti

306 1869 521 1936 ὅσαπερ
556 1866 770 1935 ἔχουσιν
806 1867 853 1918 οἱ
884 1867 1164 1935 ἀρχιερεῖς
1196 1866 1399 1929 πάντες
1434 1867 1491 1919 ὲν
1521 1868 1641 1927 ταῖς
1696 1866 1877 1918 αὐτῶν

1984 1868 2261 1935 proprium
2324 1866 2699 1935 episcopatum
2761 1867 2957 1929 adeat,
3007 1878 3063 1921 et
3116 1867 3170 1920 in
3228 1867 3347 1935 ipso
3391 1883 3546 1922 sacra

308 1959 674 2028 ἐκκλησίαις,
730 1958 827 2012 καὶ
878 1959 1128 2028 διενεργῇ
1182 1957 1355 2010 ταῦτα
1410 1956 1745 2019 ἀκωλύτως.
1803 1958 1878 2027 μὴ

308 2050 578 2119 εὑρίσκων
610 2050 761 2117 παρά
790 2064 934 2110 τινος
968 2048 1308 2116 ὲμποδισμὸν
1348 2047 1456 2099 τῶν
1502 2049 1561 2100 ὲν
1594 2047 1669 2118 τῷ
1709 2048 1878 2118 ’Δγῐῳ

312 2141 490 2208 Ὄρει,
524 2141 661 2208 μήτε
695 2138 1011 2208 ἀνάκρισιν,
1053 2137 1191 2192 ἀλλά
1225 2137 1445 2209 πράττῃ
1492 2142 1667 2192 ταῦτα
1700 2139 1875 2192 πάντα

306 2237 385 2295 ὡς
417 2234 636 2302 γνήσιος
690 2231 979 2300 ἀρχιερεὺς
1018 2230 1111 2283 τοῦ
1160 2229 1345 2300 Ἀγίου
1383 2232 1580 2300 Ὄρους
1610 2232 1751 2283 κατά
1776 2231 1876 2304 τὴν

304 2324 416 2375 τῶν
448 2322 608 2392 ίερῶν
654 2323 896 2375 κανόνων
936 2320 1294 2387 διατύπωσιν,
1324 2322 1417 2376 καὶ
1448 2322 1630 2385 καθὼς
1665 2320 1807 2375 οἶδεν
1840 2324 1872 2393 ἡ

309 2414 603 2482 μετριότης
647 2414 830 2483 ἡμῶν,
878 2412 1051 2475 οὓτως
1090 2414 1207 2466 ἐκεῖ
1235 2414 1303 2467 τὰ
1332 2414 1558 2467 τοιαῦτα
1586 2415 1870 2484 γινόμενα,

305 2507 401 2558 ἐπὶ
430 2505 598 2558 πολὺν
627 2507 819 2575 χρόνον
851 2505 968 2558 ἐκεί
1018 2504 1351 2575 διατρίψασα
1376 2507 1470 2558 καὶ
1498 2505 1677 2567 καλῶς
1709 2504 1871 2574 γινώ-

306 2614 517 2650 σκουσα
542 2596 715 2649 ταῦτα
737 2613 751 2628 ο
779 2596 929 2649 ἔνθεν
953 2612 1037 2649 τοι
1060 2596 1154 2649 καὶ
1180 2596 1473 2659 συνοδικῶς
1498 2597 1871 2666 παρακελεύει

303 2703 419 2749 ται,
463 2687 757 2749 ἀκωλύτως
810 2685 1154 2754 είσέρχεσθαι
1201 2685 1390 2739 τοῦτον
1441 2686 1522 2748 είς
1572 2687 1632 2740 τὸ
1678 2687 1868 2756 Ἀγιον

307 2777 496 2847 Ὄρος,
524 2780 683 2831 ὁπότε
719 2778 989 2846 βούλεται,
1019 2778 1092 2840 ὡς
1128 2778 1263 2831 ίδίαν
1314 2777 1640 2849 ἐπισκοπὴν,
1666 2782 1757 2833 καὶ
1789 2781 1866 2832 lc-

308 2877 565 2944 ρουργείν
611 2876 669 2927 ὲν
706 2873 876 2942 αὐτῷ,
913 2876 1047 2927 ὅπου
1082 2874 1174 2926 καὶ
1226 2873 1315 2926 ὅτε
1348 2872 1617 2942 βούλεται,
1644 2877 1866 2943 κρατεῖν

301 2985 363 3017 τε
393 2966 489 3034 τὴν
522 2963 891 3033 ποιμαντικῆν
922 2964 1139 3033 ῥάϐδον,
1171 2962 1359 3033 ὥσπερ
1383 2966 1440 3016 ὲν
1477 2967 1638 3018 παντὶ
1668 2965 1861 3035 τούτῳ,

300 3057 446 3110 οὕτω
473 3056 564 3108 καὶ
599 3058 655 3107 ὲν
686 3056 806 3117 ταῖς
832 3054 1098 3123 Καρέαις,
1124 3055 1219 3106 καὶ
1250 3056 1687 3124 μνημονεύεσθαι
1713 3058 1866 3127 πρῶ-

1980 1957 2162 2020 l‘aciat,
2195 1956 2284 2010 ubi
2327 1973 2390 2012 ac
2428 1958 2645 2026 quando
2682 1957 2923 2022 libuerit,
2954 1967 3005 2013 et
3042 1963 3310 2026 pastorale
3346 1959 3545 2028 pedum

1978 2059 2150 2119 gerat,
2182 2058 2241 2103 ut
2269 2064 2367 2118 per
2395 2064 2613 2104 omnem
2645 2058 2910 2115 montem,
2936 2050 3016 2105 sic
3040 2050 3204 2104 etiam
3231 2049 3450 2115 Carere;
3489 2060 3547 2105 ut

1977 2140 2146 2209 ipsius
2201 2154 2396 2193 nomen
2447 2150 2573 2195 ante
2622 2139 2883 2194 antistitis
2928 2141 3231 2196 vocitetttr:
3262 2151 3319 2195 ut
3354 2140 3545 2194 Carere

1974 2248 2129 2289 suam
2173 2242 2404 2301 occupet
2446 2234 2653 2297 sedem,
2683 2249 2845 2301 quam
2898 2248 2925 2285 a
2986 2233 3254 2302 principio
3288 2242 3346 2287 ut
3393 2232 3544 2288 Sacri

1975 2324 2173 2378 Montis
2221 2324 2462 2393 pontifex
2507 2333 2887 2393 occupaverat.
2919 2323 3304 2379 Ordinationes
3346 2325 3543 2381 deinde

1973 2416 2089 2471 ﬁeri
2130 2430 2228 2485 pro
2266 2416 2486 2485 antiqua
2525 2417 2921 2470 consuetudine
2962 2433 2978 2470 :
3020 2416 3262 2470 ordinari
3305 2432 3435 2471 vero
3486 2419 3539 2472 in

1972 2509 2179 2577 magnis
2213 2507 2556 2563 monasteriis
2579 2508 2779 2562 debere
2815 2510 2881 2560 ab
2914 2507 3160 2576 ipsorum
3191 2509 3537 2577 praesulibus,

1971 2608 2025 2655 et
2059 2598 2268 2653 caeteris
2306 2597 2599 2668 episcOpis,
2630 2609 2684 2653 et
2717 2600 2784 2652 ab
2814 2598 2947 2668 ipsis
2965 2599 3267 2653 examinari
3308 2610 3364 2654 et
3397 2601 3536 2654 desi-

1968 2692 2120 2762 gnari
2150 2700 2205 2745 et
2230 2692 2300 2745 ita
2330 2691 2398 2745 ab
2424 2690 2681 2761 episcopo
2704 2690 3046 2745 ordinatione
3079 2690 3388 2761 promoveri
3424 2693 3537 2747 cle-

1970 2785 2136 2838 ricos.
2169 2782 2323 2848 Quod
2357 2796 2486 2837 vero
2511 2781 2577 2837 ad
2604 2791 2893 2837 extraneas
2924 2782 3084 2837 sedes
3112 2792 3166 2837 et
3202 2782 3533 2837 monasteria

1966 2885 2198 2939 Spectat,
2226 2889 2347 2929 cum
2378 2874 2626 2943 praesulis
2654 2874 2973 2929 assensione
3009 2874 3373 2939 ordinandos;
3397 2875 3534 2942 ipse,

1968 2982 2077 3020 uno
2092 2967 2274 3031 verbo,
2290 2966 2620 3036 episcopalia
2642 2966 2764 3034 jura
2781 2967 2834 3019 in
2855 2975 2971 3020 toto
2994 2966 3170 3021 Monte
3183 2982 3337 3021 sacro
3355 2966 3528 3021 libere

1967 3061 2259 3123 exercebit,
2295 3060 2349 3113 in
2393 3074 2501 3129 quo
2555 3074 2729 3128 neque
2765 3059 2834 3114 ab
2879 3059 3147 3121 antistite.
3177 3069 3270 3114 aut
3311 3060 3380 3114 ab
3423 3060 3531 3114 alio

299 3164 397 3199 τον
444 3147 625 3211 αὑτὸν,
658 3145 848 3199 ἔπειτα
888 3145 980 3196 τὸν
1032 3145 1266 3214 πρῶτον,
1294 3148 1441 3216 ἔχειν
1469 3166 1529 3200 τε
1563 3150 1657 3201 καὶ
1703 3152 1764 3203 τὸ
1804 3152 1863 3202 ὲν

1983 3165 2294 3221 ιυοουιιιμιο
2326 3150 2708 3220 impediendus
2737 3161 2839 3205 est.
2870 3150 3057 3215 Quoad
3092 3151 3285 3205 deinde
3312 3151 3529 3222 presby-

298 3241 423 3301 ταῖς
460 3238 702 3308 Καρὲαις
730 3236 895 3289 αὑτοῦ
924 3237 1187 3305 κάθισμα,
1212 3239 1373 3306 εἴπερ
1405 3236 1517 3307 εἶχε
1546 3239 1704 3292 τοῦτο
1733 3241 1858 3294 ἀνέ-

300 3328 473 3381 καθεν
525 3328 631 3389 πᾶς
669 3327 957 3397 ἀρχιερεὺς
988 3326 1079 3379 τοῦ
1125 3327 1312 3394 Ἀγίου
1349 3328 1565 3397 Ὄρους.
1616 3330 1726 3392 Τὰς
1764 3330 1863 3397 μέν

298 3439 383 3474 τοι
448 3421 781 3490 χειροτονίας
835 3418 1102 3485 γίνεσθαι,
1158 3420 1341 3482 καθώς
1417 3423 1532 3474 ἐστι
1592 3422 1859 3490 σύνηθες·

300 3512 621 3580 ἐκλέγεσθαι
658 3511 757 3579 μὲν
801 3513 929 3572 τοὺς
960 3513 1477 3580 χειροτονουμένους
1526 3514 1582 3563 ὲν
1616 3516 1733 3575 ταῖς
1770 3532 1864 3583 με·

297 3603 493 3671 γάλαις
534 3604 723 3671 μοναῖς
758 3600 909 3670 παρά
936 3618 993 3654 τε
1041 3601 1150 3654 τῶν
1182 3602 1613 3672 καθηγουμένων
1659 3605 1859 3669 αὐτῶν,

298 3694 397 3745 καὶ
424 3692 532 3744 τῶν
574 3691 776 3744 λοιπῶν
812 3690 1021 3759 ἱερέων,
1055 3692 1146 3742 καὶ
1182 3691 1576 3758 δοκιμάζεσθαι
1607 3693 1737 3763 παρ’
1763 3695 1861 3746 αύ-

294 3784 430 3846 τῶν,
475 3787 567 3835 καὶ
622 3783 1045 3853 μαρτυρεῖσθαι,
1085 3784 1179 3836 καὶ
1235 3783 1379 3837 οὕτω
1432 3786 1859 3855 χειροτονεῖσθαι

297 3875 451 3945 παρά
476 3873 569 3927 τοῦ
600 3876 901 3927 ἐπισκόπου
930 3889 942 3902 ·
978 3876 1104 3937 τοὺς
1130 3875 1185 3927 δὲ
1212 3878 1269 3927 ὲν
1291 3879 1401 3938 τοῖς
1428 3876 1532 3942 ἔξω
1562 3877 1861 3947 καθίσμασι

296 3970 397 4020 καὶ
442 3970 554 4029 τοῖς
601 3967 832 4029 κελλίοις
884 3968 1313 4037 χειροτονεῖσθαι
1347 3970 1441 4021 καὶ
1475 3969 1668 4032 αὐτοὺς
1723 3974 1860 4042 παρ’

292 4060 461 4112 αὑτοῦ
506 4061 643 4130 μετά
677 4061 769 4112 καὶ
807 4060 1067 4129 είδήσεως
1110 4060 1205 4114 τοῦ
1248 4062 1487 4131 πριὶιτου,
1532 4063 1628 4114 καὶ
1676 4062 1862 4127 ἁπλῶς

292 4154 477 4207 πᾶσαν
536 4153 932 4225 ἀρχιερατικὴν
982 4155 1184 4224 πρᾶξιν
1219 4156 1313 4207 καὶ
1350 4155 1513 4207 αὑτὸν
1559 4156 1859 4224 διενεργείν

290 4243 586 4305 ἀκωλύτως
638 4246 697 4296 ὲν
740 4243 819 4314 τῷ
872 4244 1039 4314 Ἀγίῳ
1084 4246 1240 4314 Ὀρει
1290 4248 1472 4312 παντὶ,
1499 4250 1594 4300 καί¹
1626 4248 1701 4317 μὴ
1729 4251 1859 4303 ἀνα-

289 4337 577 4406 κρίνεσθαι
612 4339 745 4406 μήτε
780 4338 931 4405 παρά
957 4337 1049 4389 τοῦ
1082 4338 1319 4408 πρώτου,
1357 4342 1495 4409 μήτε
1541 4342 1676 4410 παρ’
1692 4342 1854 4396 ἄλλου

287 4427 456 4490 τινός.
498 4430 629 4496 Περὶ
656 4428 757 4496 μέν
804 4444 885 4479 τοι
916 4427 1023 4480 τῶν
1056 4432 1541 4499 χειροτονουμένων
1572 4433 1721 4499 παρὰ
1745 4431 1855 4483 τῶν

1966 3251 2111 3296 teros
2147 3257 2175 3294 a
2214 3240 2398 3296 Serhis
2431 3241 2729 3305 ordinatos,
2758 3241 3007 3295 hortatur
3032 3252 3216 3296 nostra
3249 3242 3529 3296 humilitas

1964 3335 2325 3403 praesentibus
2347 3333 2622 3403 synodicis
2659 3334 2962 3397 litteris,ne
2990 3335 3135 3387 Atho
3170 3336 3372 3388 montis
3414 3350 3522 3389 mo-

1965 3426 2154 3479 nacliis
2193 3434 2614 3490 accenseantur,
2638 3425 2813 3480 donec
2845 3425 3077 3494 delegati
3116 3427 3287 3480 nostri
3324 3429 3526 3481 reversi

1963 3518 2094 3577 sint,
2130 3517 2461 3579 nuntiantes,
2497 3527 2676 3570 utrum
2725 3517 2910 3570 unioni
2989 3518 3363 3580 adltmrentes,
3399 3531 3512 3570 san-

1963 3609 2222 3664 etissima‘,
2255 3618 2452 3663 nostrae
2480 3608 2573 3662 Dei
2603 3624 2810 3677 magna:
2840 3608 3091 3663 Ecclesiae
3116 3618 3360 3678 pareant.
3391 3609 3528 3663 Tum

1963 3701 2107 3756 enim
2135 3702 2279 3771 quod
2304 3702 2460 3756 decet
2484 3701 2771 3756 faciemus.
2794 3701 2917 3757 Haec
2942 3702 3124 3757 omnia
3152 3703 3314 3773 igitur
3337 3717 3525 3757 secun-

1962 3797 2089 3848 dum
2116 3793 2429 3847 mandatum
2457 3803 2700 3847 nostrum
2726 3793 2838 3846 ﬁeri
2866 3808 3090 3847 necesse
3116 3803 3217 3847 est.
3239 3791 3316 3846 Ne
3342 3803 3523 3847 autem

1962 3885 2079 3954 ipse
2108 3886 2259 3939 nullo
2294 3900 2517 3953 prorsus
2549 3885 2932 3954 impedimento
2958 3886 3040 3938 vel
3074 3886 3231 3939 obice
3273 3901 3527 3941 coercea-

1964 3986 2071 4041 tur,
2101 3976 2197 4031 sed
2231 3987 2427 4030 cuncta
2463 3976 2631 4029 libere
2672 3990 2827 4044 agere
2866 3976 3059 4045 possit,
3090 3977 3528 4031 exconnnunica-

1963 4070 2126 4123 tionis
2164 4082 2377 4138 ptenam
2426 4070 2529 4124 hoc
2566 4071 2681 4137 ipso
2721 4070 3136 4137 pronuntiamus
3171 4078 3358 4123 contra
3398 4084 3524 4122 eum

1960 4160 2052 4229 qui
2094 4159 2329 4229 legitima
2368 4159 2537 4229 ipsius
2568 4159 2688 4227 jura
2729 4174 3052 4227 quacunth
3087 4159 3296 4213 ratione
3333 4159 3525 4214 laedere

1958 4251 2210 4305 voluerit.
2241 4252 2321 4304 Ad
2355 4251 2516 4318 hujus
2546 4251 2704 4304 Iidem
2743 4252 2904 4304 missa
2943 4260 3025 4303 est
3056 4250 3163 4305 Deo
3197 4252 3523 4305 charissimo

1955 4344 2185 4399 Hierissi
2238 4345 2377 4398 sacri
2434 4344 2631 4398 Montis
2678 4346 2934 4413 episcopo
2977 4344 3234 4415 synodica
3281 4360 3520 4412 praesens

1955 4435 2274 4491 certiﬁcatio
2319 4446 2374 4489 et
2422 4435 2715 4491 declaratio
2766 4450 2796 4488 a
2847 4436 3037 4501 nobis,
3089 4451 3278 4490 mense
3321 4437 3518 4507 Aprili,

287 4518 526 4587 Σέρϐων,
556 4517 992 4586 παρακελεύεται
1036 4520 1067 4587 ή
1109 4521 1582 4590 μετριότης.ὴμών
1610 4523 1698 4574 διὰ
1752 4524 1847 4575 τοῦ

1983 4537 2105 4581 esto
2134 4526 2446 4579 ἰηιιίοιίοηὶε
2476 4526 2614 4579 6876
2643 4526 2793 4581 anni.

285 4610 555 4679 παρόντος
619 4610 985 4677 σιγιλλιώδους
1045 4612 1392 4682 γράμματος,
1450 4615 1523 4683 μὴ
1577 4614 1828 4685 δέχεσθαι
1853 4621 2050 4681 αὐτοὺς
2098 4621 2221 4672 τινά
2249 4619 2354 4671 τῶν
2390 4618 2742 4689 Ἀγιορειτῶν
2782 4619 2926 4672 κατά
2972 4620 3033 4671 τὸ
3090 4619 3285 4689 παρὸν,
3316 4619 3421 4681 ἕως
3450 4621 3517 4673 ἂν

281 4709 333 4760 οί
372 4708 686 4777 παρ’ήμῶν
736 4710 993 4778 πρέσϐεις
1049 4710 1448 4772 ἀποσταλέντες
1501 4712 1617 4762 ἐκεῖ
1679 4712 2112 4783 ὑποστρέψωσιν,
2164 4713 2252 4766 ἵνα
2306 4713 2551 4782 γνῶμεν,
2580 4714 2737 4782 εἴπερ
2784 4711 3073 4783 ήνώθησαν
3104 4714 3198 4766 καὶ
3232 4712 3517 4764 ὑπείκουσι

280 4801 350 4866 τῇ
386 4800 674 4869 καθ’ήμᾶς
728 4801 1005 4873 ἁγιωτάτῃ
1038 4800 1130 4853 τοῦ
1179 4802 1314 4853 Θεοῦ
1364 4802 1927 4876 μεγάλῃἘκκλησίᾳ,
1955 4806 2046 4857 καὶ
2090 4804 2211 4857 τότε
2245 4806 2473 4872 γένηται
2521 4809 2581 4857 τὸ
2625 4804 2783 4857 δέον·
2838 4806 3146 4871 ὀφείλουσιν
3186 4803 3291 4858 ὀὖν
3342 4806 3514 4857 ταῦτα

282 4892 463 4945 πάντα
516 4894 761 4960 γίνεσθαι
802 4896 937 4948 κατά
976 4896 1073 4964 τὴν
1125 4894 1405 4961 παροῦσαν
1440 4898 1842 4964 παρακέλευσιν
1892 4901 1989 4966 τῆς
2039 4897 2198 4966 ἡμῶν
2243 4899 2625 4969 μετριότητος.
2661 4899 2825 4952 Ὥστε
2870 4899 2925 4950 δὲ
2981 4900 3188 4968 μηδένα
3232 4898 3514 4967 εὑρίσκειν

280 4984 444 5036 αὑτὸν
496 4986 913 5057 ιμποδισμὺν,ἢ
969 4989 1274 5055 ἀνάκρισιν,
1302 4987 1437 5039 ἀλλά
1468 4989 1643 5042 πάντα
1697 4994 1871 5043 ποιεῖν
1918 4991 2235 5057 ἀκωλύτως,
2267 4996 2358 5044 καὶ
2399 4993 2563 5061 βάρος
2614 4993 2895 5060 ἐπιτιμίου
2928 4991 3242 5061 ἀφορισμοῦ
3273 4993 3515 5059 ὲκφωνεί

280 5080 423 5151 αὕτη
466 5082 609 5134 κατά
641 5082 734 5136 τοῦ
785 5083 1254 5153 βουληθησομένου
1302 5083 1646 5154 διενοχλῆσαι
1695 5087 1844 5157 αὑτῷ
1878 5089 1937 5139 τὸ
1998 5088 2218 5141 σύνολον
2254 5088 2346 5140 ἐπί
2392 5105 2497 5139 τινι
2545 5089 2653 5139 τῶν
2694 5089 3008 5157 ἀνηκόντων
3058 5087 3208 5156 αύτῷ
3264 5086 3508 5141 δικαίων.

280 5177 377 5238 Εἰς
416 5176 520 5246 γὰρ
572 5175 670 5245 τὴν
729 5176 857 5245 περὶ
893 5176 1083 5230 τούτου
1130 5179 1434 5246 ἀσφάλειαν
1468 5179 1792 5233 ἀπολέλυσαι
1824 5182 1899 5249 τῷ
1926 5183 2325 5252 θεοφιλεστάτῳ
2363 5182 2652 5251 ὲπισκόπῳ
2684 5183 2947 5253 Ἰερισσοῦ
2976 5188 3066 5237 καῖ
3102 5184 3285 5249 Ἀγίου
3316 5183 3512 5251 Ὄρους

280 5271 379 5325 καὶ
416 5271 448 5338 ἡ
494 5269 741 5337 παροῦσα
799 5272 1052 5342 συνοδικὴ
1078 5272 1370 5338 διάγνωσις
1390 5276 1484 5327 καὶ
1513 5275 1785 5345 ἀπόφασις
1809 5280 1906 5348 τῆς
1940 5278 2099 5348 ἡμῶν
2152 5280 2505 5348 μετριότητος
2541 5278 2685 5332 κατά
2741 5280 2889 5347 μῆνα
2928 5280 3236 5348 Ἀπρίλλιον
3264 5282 3361 5347 τῆς
3406 5280 3515 5330 ἐνι-

280 5361 560 5430 σταμένης
594 5362 759 5433 ἕκτης
790 5364 1116 5425 ίνδικτιῶνος
1144 5365 1234 5416 τοῦ
1261 5363 1451 5428 ,ςωος¹
1476 5366 1649 5427 ἔτους.

363 5450 429 5503 Ἦ
459 5454 747 5521 μετριότης
777 5456 953 5523 ἡμῶν,
987 5455 1169 5519 καθὼς
1190 5458 1426 5525 εἴρηται,
1458 5460 1625 5511 πολὺν
1654 5460 1843 5527 χρόνον

277 5545 337 5595 ἐν
372 5542 449 5609 τῷ
485 5542 653 5612 ’Δγίῳ
686 5546 843 5612 ὐρει
893 5546 1244 5615 διατρίψασα,
1270 5548 1454 5609 καθὼς
1486 5548 1578 5599 καὶ
1609 5550 1657 5600 οί
1684 5567 1845 5619 περι-

277 5637 436 5696 όντες
462 5634 542 5686 ἔτι
573 5634 683 5687 τῶν
727 5635 1078 5707 Ἀγιορειτῶν
1112 5636 1492 5706 γινώσκουσιν,
1518 5636 1656 5692 οἶδεν
1681 5642 1841 5710 ἀκρι-

277 5722 391 5785 ϐῶς
422 5724 521 5791 τὴν
556 5726 673 5778 ἐκεί
707 5725 879 5791 τάξιν,
913 5727 1006 5781 καὶ
1031 5728 1112 5781 ὅτι
1143 5729 1263 5783 τότε
1293 5729 1435 5794 τινὲς
1465 5728 1570 5782 τῶν
1597 5728 1839 5785 δυνατῶν

2023 5460 2310 5516 llumilitas
2356 5474 2562 5527 nostra.
2610 5477 2667 5519 ut
2705 5465 2910 5520 dictum
2953 5475 3058 5528 est,
3100 5466 3192 5520 diu
3239 5467 3289 5519 in
3334 5466 3511 5519 Monte

1951 5549 2117 5604 Sacro
2147 5566 2498 5612 commorata.
2534 5567 2591 5609 ut
2623 5554 2803 5609 Sancti
2837 5555 3035 5609 Montis
3066 5572 3241 5609 monat
3263 5557 3364 5610 hos
3400 5572 3509 5610 nun

1947 5640 2105 5711 fugit.
2132 5642 2354 5696 istarum
2386 5660 2566 5699 rerum
2592 5657 2790 5701 statum
2817 5650 2983 5718 probe
3004 5650 3182 5704 novit:
3205 5650 3342 5702 bene
3365 5650 3509 5703 enim

1946 5736 2147 5789 scimus
2203 5737 2345 5804 quod
2415 5737 2619 5801 aliquot
2683 5755 2939 5808 proceres
3003 5742 3329 5811 episcopalia
3388 5746 3507 5813 jura
