4186 6438
249 421 384 484 1305

1562 417 1986 480 PBOFESSIO
2024 414 2263 476 FIDEI.

3370 401 3510 463 1366

244 535 439 605 κλησία
498 534 663 600 ἄγρον
728 534 823 587 καὶ
872 535 1077 605 πλῆρες
1130 537 1425 605 πρωτεῖον,
1490 537 1582 587 καὶ
1645 532 1817 603 ἀρχὴν

1949 544 2200 584 .ummum
2226 537 2280 582 ct
2301 527 2522 597 plenum
2546 524 2839 595 primatum
2873 532 2925 576 et
2953 521 3317 590 principatum
3348 532 3514 584 super

247 630 334 679 ἐπὶ
358 627 537 677 πᾶσαν
563 626 660 692 τὴν
692 626 990 696 καθολικὴι
1029 628 1362 690 Ἐκκλησίαν
1396 629 1637 695 κατέχει.
1676 628 1742 678 '0
1762 625 1826 694 δὴ

245 722 513 789 πρωτεῖον
540 717 632 769 ἀπ’
664 717 830 769 αὑτοῦ
865 719 957 770 τοῦ
990 720 1197 790 Κυρίου
1220 721 1279 773 ὲν
1307 721 1382 789 τῷ
1420 720 1827 790 μακαριωτάτῳ

246 812 355 862 τῶν
390 810 706 863 ἀποστόλων
739 812 982 879 ἄρχοντι,
1011 813 1042 879 ὴ
1078 813 1388 880 κορυφαίῳ,
1421 806 1480 864 οὗ
1512 814 1539 863 ό
1568 812 1665 880 τῆς
1697 811 1827 863 Ῥώ-

249 918 355 969 μης
385 904 674 972 ἀρχιερεῖς
717 904 830 954 ἐστι
877 902 1119 972 διάδοχος
1159 903 1295 971 μετά
1333 903 1575 972 πλήρους
1611 904 1712 973 τῆς
1747 902 1828 966 ἐξ·

245 995 455 1055 ουσίας,
478 994 759 1061 εἰληφέναι
784 994 999 1059 άληθῶς
1033 996 1127 1046 καὶ
1153 994 1427 1048 ταπεινῶς
1451 996 1827 1061 ἐπιγινώσκει.

252 1083 356 1135 Καὶ
391 1084 581 1151 ὥσπερ
637 1085 790 1153 παρὰ
840 1085 966 1145 τοὺς
1012 1086 1235 1147 λοιποὺς
1277 1087 1560 1152 κρατεῖται
1594 1087 1693 1153 τὴν
1731 1088 1829 1154 τῆς

252 1171 491 1231 πίστεως
514 1170 773 1238 ἀλήθειαν
796 1172 1032 1224 εκδικεῖν
1056 1188 1070 1202 ο
1103 1172 1274 1231 οὖτωε
1312 1174 1403 1225 καὶ
1435 1172 1487 1224 εἴ
1510 1190 1653 1235 τινες
1684 1173 1830 1239 λόγοι

250 1263 379 1331 περὶ
406 1263 504 1331 τῆς
533 1263 773 1325 πίστεως
805 1263 1125 1333 ἀνεφύησαν
1156 1264 1299 1317 κατὰ
1329 1265 1429 1333 τὴν
1453 1265 1618 1316 αὐτοῦ
1651 1264 1831 1333 κρίσιν

248 1352 560 1421 ὀφείλουσιν
585 1355 677 1407 τὸν
704 1354 935 1425 ὁρισμὸν
960 1357 1061 1426 τῆς
1092 1355 1421 1423 ἀποφάσεως
1447 1356 1794 1427 ἐπιδέχεσθαι
1812 1371 1828 1388 ο

250 1446 385 1513 πρὸς
410 1446 478 1516 ἢν
515 1446 842 1514 Ἐκκλησίαν
876 1447 1111 1509 ἕκαστος
1150 1446 1523 1517 βαρυνόμενος
1556 1448 1615 1499 ἐν
1656 1448 1833 1515 πράγ-

255 1555 422 1604 μασιν
467 1540 549 1601 είς
595 1541 1062 1610 ἐκκλησιαστικὴν
1093 1542 1359 1611 ἀνήκουσι
1394 1542 1604 1607 κρίσιν,
1646 1540 1833 1607 ἔφεσιν

254 1630 483 1685 δύναται
515 1634 713 1687 ποιεῖν.
744 1634 856 1688 Καὶ
885 1634 1069 1703 μέντοι
1108 1635 1203 1688 καὶ
1232 1636 1291 1687 ὲν
1323 1634 1530 1697 πάσαις
1554 1635 1674 1697 ταῖς
1707 1634 1834 1687 ὑπο-

257 1721 458 1787 θέσεσι,
491 1726 609 1786 ταῖς
645 1727 727 1789 εἰς
761 1725 999 1794 βάσανον
1045 1727 1513 1797 ἐκκλησιαστικὴν
1558 1725 1835 1794 ἀφορῶσιν

255 1810 337 1871 εἰς
364 1811 462 1879 τὴν
495 1812 667 1882 αὐτῆς
706 1814 892 1884 κρίσιν
930 1815 1254 1885 ἀνατρέχειν
1283 1815 1529 1869 δύναται.
1569 1816 1679 1869 Καὶ
1709 1814 1835 1867 ταύ-

254 1918 321 1970 τῃ
369 1905 539 1957 πᾶσαι
584 1907 639 1958 αῖ
687 1905 975 1975 ἐκκλησίαι
1027 1907 1367 1969 ὑπόκεινται,
1413 1906 1507 1958 καὶ
1558 1906 1607 1957 οί
1654 1904 1834 1958 αὐτῶν

256 1994 548 2049 ἐπίσκοποι
611 1998 928 2067 ὑποταγὴν,
982 1999 1078 2051 καὶ
1138 1998 1273 2052 αἰδῶ
1322 1998 1462 2069 αὐτῇ
1533 1998 1828 2065 ὀφείλουσι.

258 2086 395 2158 Παρ“
487 2091 582 2142 καὶ
625 2089 719 2157 ἀφ’
752 2085 820 2161 ἧς
867 2089 1009 2143 οὕτω
1052 2091 1330 2161 πλήρωμα
1380 2089 1625 2157 ἐξουσίας
1663 2089 1831 2152 ἐστὶν,

257 2178 395 2231 ὥστε
425 2179 519 2242 τὰς
547 2179 739 2243 λοιπάς
761 2180 1058 2249 ἐκκλησίας
1089 2183 1167 2244 εἰς
1200 2182 1435 2249 ἐρημίας
1473 2181 1639 2249 μέρος
1660 2196 1835 2249 παρα-

259 2272 547 2341 λαμϐάνει.
573 2268 675 2328 Ὧν
705 2276 907 2339 πολλάς
939 2278 1307 2346 πατριαρχεῖα
1340 2272 1482 2329 εῖναι
1517 2274 1719 2344 ἐξόχως
1745 2275 1843 2328 δω-

264 2370 576 2435 ρεαστικοῖς
609 2368 1041 2441 δικαιώμασινή
1080 2369 1218 2440 αὐτὴ
1262 2368 1563 2434 Ἐκκλησία
1608 2368 1844 2438 Ῥωμαῖ-

1934 623 2249 677 universam
2313 619 2641 673 catholicam
2697 614 2997 671 Eeclesiam
3055 614 3295 675 obtinet;
3348 624 3511 680 quem

1932 714 2143 769 scilicet
2161 713 2227 765 ab
2253 711 2370 779 ipso
2395 709 2626 764 Domino
2669 707 2723 760 in
2754 707 2914 760 beato
2935 705 3116 766 Petro,
3137 702 3510 771 apostolorum

1934 807 2183 878 principe
2213 820 2308 859 seu
2355 803 2586 877 vertice,
2623 801 2781 869 cuius
2813 801 3095 855 Romanus
3141 795 3383 866 pontifex
3431 804 3515 847 est

1933 914 2243 957 successor,
2277 912 2400 951 eum
2437 896 2594 964 plena
2623 902 2892 958 potestate
2922 890 3217 957 recepisse,
3244 885 3517 940 veraciter

1931 1004 1985 1049 et
2035 993 2316 1047 humiliter
2348 987 2696 1057 recognoscit
2724 1004 2736 1038 :
2767 995 2821 1037 et
2860 984 3004 1037 sicut
3041 996 3150 1051 pr:c
3181 980 3395 1034 cmteris
3437 990 3515 1031 tc-

1933 1094 2099 1138 netur
2149 1082 2271 1136 ﬁdei
2314 1080 2601 1134 veritatem
2646 1076 2962 1138 defendere,
2995 1074 3074 1126 sie
3109 1082 3181 1134 et,
3214 1071 3255 1124 si
3290 1085 3413 1137 qua:
3446 1066 3513 1120 de

1937 1177 2042 1231 ﬁde
2077 1176 2319 1230 snbortaa
2346 1172 2555 1226 fuerint
2597 1170 2953 1238 quaestiones.
2987 1181 3088 1219 suo
3122 1164 3328 1216 debent
3355 1161 3506 1231 indi-

1936 1272 2023 1324 cio
2060 1266 2279 1322 deﬁniri
2316 1282 2329 1317 :
2367 1263 2432 1317 ad
2470 1278 2633 1332 quam
2666 1269 2850 1331 potest.
2874 1269 3135 1328 gravatus
3176 1254 3412 1323 quilibet
3460 1253 3513 1304 in

1934 1357 2170 1428 negotiis
2195 1356 2259 1409 ad
2297 1353 2475 1407 forum
2502 1350 2946 1407 ecclesiasticum
2984 1345 3397 1417 pertinentibus
3429 1358 3521 1410 ap-

1936 1449 2167 1518 pellare.
2203 1446 2311 1500 Sed
2342 1456 2397 1500 et
2431 1445 2483 1498 in
2526 1444 2784 1497 omnibus
2815 1441 3016 1501 causis,
3067 1439 3131 1492 ad
3167 1452 3397 1492 examen
3430 1451 3517 1488 ee-

1937 1539 2312 1596 clesiasticum
2352 1535 2753 1605 spectantibus,
2782 1536 2847 1587 ad
2880 1535 3054 1601 ipsius
3086 1531 3297 1585 recurri
3337 1538 3512 1598 potest

1932 1632 2229 1704 judicium,
2249 1640 2304 1685 et
2330 1630 2510 1684 eidem
2545 1642 2737 1681 omnes
2763 1626 3023 1680 Ecclesiae
3054 1634 3184 1678 sunt
3207 1623 3468 1694 subjecta:
3504 1641 3516 1675 :

1938 1725 2294 1794 ipsarumque
2344 1720 2591 1791 episcopi
2613 1719 2989 1773 obedientiam
3044 1726 3099 1772 et
3149 1717 3517 1771 reverentiam

1940 1817 2043 1871 sibi
2091 1815 2340 1869 debent:
2388 1814 2531 1882 apud
2568 1829 2732 1883 quam
2786 1813 2865 1867 sic
2903 1811 3195 1881 potestatis
3234 1810 3522 1878 plenitudo

1940 1907 2218 1969 consistit,
2254 1906 2400 1975 quod
2435 1905 2711 1960 Ecelesias
2739 1915 2969 1959 caeteras
3009 1902 3075 1956 ad
3128 1900 3523 1957 sollicitudinis

1942 2009 2151 2069 partem
2204 1999 2489 2064 admittit;
2539 2014 2773 2066 quarunt
2824 1999 3065 2059 multas,
3122 1994 3524 2066 patriarehales

1940 2093 2237 2162 pne-cipue,
2268 2092 2501 2147 diversis
2522 2091 2824 2162 privilegiis
2846 2091 3037 2145 eadem
3071 2090 3316 2144 Romana
3339 2087 3524 2141 Eccle-

1947 2184 2025 2238 sia
2063 2184 2376 2245 honoravit,
2411 2199 2509 2237 sua
2568 2197 2749 2237 tamen
2798 2180 3129 2251 pruieellenti
3170 2180 3438 2249 dignitate
3472 2188 3527 2231 et

1946 2277 2363 2347 superioritate,
2399 2285 2508 2330 tam
2545 2277 2601 2332 in
2655 2274 3015 2347 generalibus
3056 2272 3313 2328 conciliis
3361 2286 3524 2341 quam

1950 2368 2006 2422 in
2039 2364 2467 2437 quibuscunque
2506 2366 2651 2429 aliis,
2688 2380 2909 2435 semper
2941 2364 3111 2419 salva.

261 2460 331 2530 κὴ
363 2461 614 2534 ἐτίμησε,
644 2463 744 2534 τῆς
772 2467 970 2536 ἑαυτῆς
1001 2465 1187 2532 μέντοι
1223 2463 1602 2534 ὑπερεχούσης
1653 2463 1833 2529 ἀξίας,
1870 2463 1969 2517 καὶ
2024 2461 2119 2517 τοῦ
2180 2461 2725 2534 ὑπερανασεϐηκὸτος
2748 2503 2763 2528 ,
2821 2460 2879 2515 ἐν
2913 2477 2973 2514 τε
3030 2460 3151 2525 ταῖς
3211 2460 3527 2521 καθολικαῖς

260 2554 520 2619 συνόδοις,
550 2558 644 2610 καὶ
671 2558 730 2609 ἐν
765 2558 968 2621 ὁποίοις
998 2558 1201 2626 δήποτε
1234 2557 1414 2619 ἄλλοις
1445 2558 1531 2611 ἀεὶ
1564 2556 2010 2628 φυλασσομένων.

341 2715 359 2747 ι
384 2698 550 2750 Ὅθεν
602 2698 702 2768 τὴν
752 2697 1256 2769 ἀναγεγραμμένην
1294 2698 1394 2768 τῆς
1427 2699 1663 2761 πίστεως
1708 2696 1840 2766 ἀλή-

263 2789 451 2856 Θειαν,
503 2789 578 2853 ὡς
618 2788 969 2858 πληρούντως
1012 2788 1284 2859 ἔχουσαν.
1350 2791 1445 2842 καὶ
1496 2787 1701 2852 πιστῶς
1753 2791 1841 2842 ἐκ-

263 2882 537 2947 τεθεῖσαν,
583 2881 784 2950 ἀληθῆ,
818 2881 1000 2948 ἀγίαν,
1035 2882 1129 2935 καὶ
1157 2880 1441 2950 ὁρθόδοξον
1474 2880 1656 2933 πίστιν
1703 2876 1841 2934 εἶναι

262 2973 633 3041 ἐπιγινώσκω.
686 2974 906 3043 Ταύτην
953 2973 1311 3044 ἀποδέχομαι,
1363 2976 1457 3027 καὶ
1512 2974 1707 3044 καρδίᾳ
1748 2971 1842 3025 καὶ

264 3066 494 3137 στόματι
549 3066 836 3136 ὁμολογῶ,
906 3066 1002 3118 καὶ
1057 3065 1142 3134 ἐφ’
1211 3067 1336 3119 ὅσον
1396 3065 1568 3135 αὐτὴν
1626 3063 1842 3133 ἀληθῶς

2034 2720 2052 2753 ε
2069 2699 2224 2757 Unde
2249 2703 2676 2772 suprascriptam
2704 2703 2827 2758 ﬁdei
2850 2703 3157 2766 veritatem,
3182 2710 3349 2771 prout
3370 2702 3530 2769 plene

1949 2789 2087 2847 lecta
2139 2802 2223 2846 est
2274 2800 2329 2846 et
2384 2790 2618 2847 ﬁdeliter
2666 2797 2939 2861 exposita,
2990 2808 3198 2857 veram,
3255 2800 3530 2853 sanctam,

1951 2892 2007 2937 et
2049 2883 2409 2938 orthodoxam
2448 2883 2607 2938 fidem
2649 2899 2772 2939 esse
2820 2900 3177 2951 recognosco,
3216 2899 3339 2939 eam
3375 2899 3531 2938 acce-

1950 2982 2065 3042 pto,
2088 2983 2141 3028 et
2169 2974 2337 3028 corde
2359 2989 2422 3029 ac
2445 2989 2540 3028 ore
2570 2975 2856 3043 profiteor,
2897 2978 3181 3043 ipsamque
3214 2985 3377 3046 prout
3411 2992 3531 3031 eain

1952 3065 2226 3121 veraciter
2258 3077 2411 3121 tenet
2439 3078 2494 3121 et
2524 3066 2763 3121 ﬁdeliter
2792 3067 2952 3122 docet
2978 3078 3033 3121 et
3066 3069 3327 3137 pmdicat
3350 3083 3533 3123 saero-

265 3159 460 3229 κρατεῖ
490 3158 585 3211 καὶ
620 3157 823 3221 πιστῶς
857 3158 1121 3221 διδάσκει,
1170 3160 1264 3211 καὶ
1318 3158 1577 3227 κηρύττει
1628 3158 1658 3225 ἡ
1704 3157 1841 3226 ίερο-

1953 3167 2142 3212 sancta
2173 3158 2417 3213 Romana
2447 3158 2712 3225 Ecclesia,
2754 3174 2840 3215 me
2872 3160 3266 3215 inviolabiliter
3287 3170 3535 3215 servatu-

268 3251 400 3320 αγία
437 3251 726 3321 Ῥωμαῖκὴ
771 3249 1074 3318 Ἐκκλησία
1123 3248 1363 3320 ἐμαυτὸν
1396 3250 1712 3319 ἀμολύντως
1740 3265 1846 3315 φυ-

266 3344 473 3410 λάξειν,
506 3346 601 3397 καὶ
642 3346 701 3396 ἐν
742 3343 877 3413 αὐτῇ
919 3345 1098 3399 πάντα
1130 3345 1325 3412 χρόνον
1356 3343 1711 3405 διατελέσειν,
1752 3341 1848 3394 καὶ

272 3436 369 3491 ἀπ’
398 3435 571 3505 αὐτῆς
600 3436 655 3488 ἐν
682 3435 861 3489 οὐδενὶ
890 3434 1068 3505 καιρῷ
1089 3436 1489 3504 ἀναχωρήσειν,
1521 3434 1553 3505 ἡ
1587 3450 1692 3487 τινι
1728 3432 1849 3500 τρό-

268 3544 358 3598 πῳ
399 3526 761 3597 παρεγκλῖναι
794 3526 1177 3595 ὐπισχνέομαι.
1238 3528 1345 3580 Καὶ
1391 3527 1694 3596 ἐξόμνυμαι
1742 3528 1851 3580 πᾶν

271 3620 495 3691 σχίσμα,
533 3619 623 3671 καὶ
656 3620 716 3671 τὸ
760 3621 1032 3689 πρωτεῖον
1067 3620 1238 3688 αὐτῆς
1268 3622 1367 3688 τῆς
1406 3620 1684 3686 ἱεροαγίας
1718 3620 1849 3672 Ῥω-

272 3711 473 3780 μαῖκῆς
515 3709 864 3778 Ἔκκλησίας,
898 3708 972 3771 ὼς
1033 3711 1091 3761 ἐν
1149 3711 1212 3777 τῇ
1272 3708 1683 3778 προδηλωθείσῃ
1742 3708 1849 3778 ὑφῇ

271 3803 612 3873 περιέχεται,
641 3803 721 3864 είς
744 3800 844 3870 τὴν
877 3799 1155 3869 ὑποταγὴν
1182 3802 1279 3868 τῆς
1312 3800 1483 3869 αὐτῆς
1525 3800 1850 3869 Ἐκκλησίας

266 3895 564 3965 ἐρχόμενος
592 3894 855 3956 ἑκουσίως
885 3893 1159 3964 ὁμολογῶ,
1194 3896 1289 3945 καὶ
1320 3893 1691 3961 ἐπιγινιῦσκω,
1720 3894 1851 3945 ἀπο-

267 3986 519 4057 δέχομαι,
548 3988 641 4041 καὶ
683 3987 949 4049 ἑκουσίως
976 3987 1337 4056 ὑποδέχομαι,
1371 3988 1466 4039 καὶ
1501 3988 1567 4039 τὰ
1594 3987 1851 4039 ἀνατετα-

268 4078 452 4148 γμὸνα
484 4079 685 4145 πάντα,
716 4079 818 4133 ὅσα
864 4078 991 4148 περὶ
1020 4078 1119 4148 τὴν
1154 4077 1253 4149 τῆς
1285 4079 1525 4140 πίστεως
1567 4077 1848 4147 ἀλήθειαν,

272 4172 369 4224 καὶ
388 4172 486 4223 ὅσα
518 4171 644 4240 περὶ
668 4170 729 4223 τὸ
763 4172 1029 4239 πρωτεῖον
1059 4170 1157 4238 τῆς
1191 4170 1495 4240 εῖρημὲνης
1535 4168 1852 4238 Ῥωμαῖκῆς

284 4261 633 4331 Ἐκκλησίας.
663 4262 880 4315 Τούτων
912 4260 1013 4331 τὴν
1057 4261 1372 4330 ἐπίγνωσιν,
1425 4263 1526 4333 τὴν
1558 4262 1850 4332 ἀποδοχὴν,

268 4353 372 4424 τὴν
392 4354 685 4424 ὑποδοχὴν,
703 4353 802 4424 τὴν
834 4353 1187 4425 συντήρησιν,
1217 4354 1317 4425 τὴν
1337 4355 1601 4427 διαμονὴν
1618 4357 1855 4424 ἐμαυτὸν

269 4444 659 4516 διατηρήσειν,
725 4446 820 4498 καὶ
873 4442 1131 4515 φυλάξειν
1170 4445 1414 4507 δοθέντος
1458 4444 1853 4515 πραγματικοῦ

1953 3266 2097 3309 rum,
2115 3256 2169 3304 et
2188 3250 2241 3303 in
2266 3265 2331 3305 ea
2354 3251 2503 3306 omni
2531 3260 2776 3318 tempore
2802 3261 3303 3319 perseveraturum,
3338 3267 3441 3306 nec
3468 3254 3537 3307 ab

1952 3358 2013 3398 ea
2031 3343 2142 3399 ullo
2158 3353 2406 3415 tempore
2430 3360 2911 3408 reeessurum.seu
2928 3362 3071 3415 quoq
3082 3362 3153 3401 uo
3173 3348 3336 3402 modo
3354 3347 3540 3400 devia-

1955 3444 2137 3489 turttm
2170 3436 2453 3505 promitto,
2473 3436 2879 3492 etabrenuutio
2906 3438 3053 3492 omni
3079 3437 3383 3492 sehismati.
3419 3437 3538 3491 Pri-

1954 3535 2392 3596 matumquoqne
2413 3528 2957 3595 ipsiussacrosaneta:
2979 3529 3236 3584 Romana:
3256 3529 3537 3592 Ecclesiae,

1956 3628 2121 3684 prout
2155 3618 2209 3670 in
2250 3617 2534 3685 praemissa
2575 3615 2720 3671 serie
2748 3617 3088 3681 continetur,
3123 3616 3188 3671 ad
3224 3618 3399 3687 ipsius
3440 3613 3532 3670 Ee-

1954 3710 2136 3762 elcSia:
2188 3708 2565 3764 obedientiam
2597 3719 2939 3780 spontaneus
2967 3713 3220 3776 veniens,
3271 3709 3447 3764 fateor
3483 3720 3539 3763 et

1958 3817 2317 3872 recognosco,
2345 3817 2571 3871 accepto
2601 3819 2665 3858 ac
2696 3816 2889 3874 sponte
2920 3805 3162 3874 suscipio
3188 3823 3201 3858 :
3232 3812 3287 3860 et
3321 3821 3405 3858 me
3426 3819 3541 3858 om-

1957 3894 2046 3949 nia
2079 3895 2385 3964 praemissa,
2422 3906 2530 3950 tam
2557 3896 2705 3951 circa
2739 3896 2865 3951 fidei
2900 3896 3215 3955 veritatem.
3246 3911 3409 3966 quam
3433 3896 3541 3950 cir—

1958 4002 2020 4041 ea
2048 3986 2209 4043 dietze
2243 3987 2503 4043 Ecelesim
2547 3988 2869 4056 primatum,
2906 3999 2962 4043 et
3009 3988 3256 4057 ipsorum
3296 3991 3543 4059 recogni-

1959 4080 2183 4143 tionem,
2203 4079 2661 4147 aceeptationem,
2681 4089 3111 4148 susceptionem,
3136 4080 3539 4133 observantiam

1956 4180 2013 4226 et
2045 4171 2537 4241 perseverantiam,
2571 4180 2952 4235 servaturum,
2982 4172 3234 4240 praestita
3265 4173 3541 4239 corporali

1955 4262 2274 4332 iuramento
2304 4263 2570 4331 promitto
2607 4274 2661 4317 et
2700 4262 2989 4317 conﬁrmo.
3018 4262 3109 4316 Sic
3138 4277 3221 4314 me
3255 4260 3400 4315 Dens
3445 4266 3543 4314 ad-

1954 4354 2128 4424 juvet,
2163 4364 2219 4407 et
2244 4353 2361 4408 hac
2392 4365 2581 4408 saneta
2620 4353 2713 4407 Dei
2750 4353 3237 4423 Evangelia.Quod
3271 4356 3317 4408 si
3352 4366 3544 4407 contra

1962 4445 2077 4499 haec
2106 4443 2317 4513 aliquid
2350 4443 2579 4505 sentire,
2604 4442 2879 4509 conﬁteri,
2916 4454 3011 4497 aut
3033 4444 3181 4497 aliud
3219 4460 3378 4513 agere
3403 4461 3542 4513 prai-

269 4539 460 4607 ὖρκου,
496 4536 804 4606 ὑπόσχομαι
842 4537 935 4589 καὶ
979 4536 1303 4591 ἐπιϐεϐαιῶ.
1336 4536 1492 4590 Οὕτω
1527 4554 1616 4606 μοι
1652 4537 1843 4607 βοηθή-

1960 4550 2269 4605 sumpsero,
2322 4550 2409 4589 me
2459 4534 2871 4590 sehismaticum
2910 4545 2964 4589 et
3022 4538 3542 4591 anathematizatuiu

268 4645 418 4682 σειεν
440 4629 468 4682 ὁ
492 4628 625 4691 Θεὸς
651 4630 744 4682 καὶ
772 4628 946 4682 ταῦτα
975 4628 1044 4681 τὰ
1064 4627 1196 4695 ἅγια
1223 4629 1316 4681 τοῦ
1353 4628 1489 4682 Θεοῦ
1520 4629 1854 4696 Εὑαγγέλια.

272 4723 398 4775 Ὀτι
428 4722 522 4775 ἐάν
552 4722 697 4775 κατά
722 4720 930 4775 τούτων
969 4736 1021 4772 τι
1054 4719 1347 4790 φρονῆσαι,
1375 4720 1407 4788 ἢ
1438 4722 1795 4790 ὁμολογῆσαι,
1821 4723 1853 4789 ἣ

1964 4643 2029 4682 eo
2061 4630 2178 4696 ipso
2232 4642 2586 4697 recognosco.
2621 4639 2678 4682 et
2719 4629 3003 4683 severitati
3058 4644 3345 4682 sacrorum
3378 4645 3549 4682 eano-

1967 4737 2095 4776 num
2132 4722 2445 4790 subiacere.
2489 4740 2506 4773 ι

268 4818 449 4882 ἀθως
467 4818 692 4886 ποιῆσαι
714 4818 998 4886 τολμήσω,
1020 4819 1233 4887 ποιήσω
1262 4817 1498 4886 ἐμαυτὸν
1515 4821 1895 4891 σχισματικὶν,
1918 4820 2011 4871 καὶ
2034 4819 2182 4889 αὑτῷ
2206 4817 2384 4887 τοῦτῳ
2414 4816 2982 4889 ἀνατεθεματισμένον
3010 4814 3150 4874 εῖναι
3175 4820 3538 4889 ἐπι-γινώσκω,

272 4912 368 4962 καὶ
395 4912 462 4980 τῇ
494 4907 773 4978 ἀποτομία
803 4908 897 4961 κα)⁸
931 4910 997 4979 τῇ
1033 4909 1404 4980 αὐστηρότητι
1441 4911 1549 4964 τῶν
1583 4911 1755 4978 ἁγίων
1791 4911 2031 4965 κανόνων
2065 4908 2413 4965 ὑποκεῖσθαι.
2452 4928 2471 4961 ›
3182 4896 3187 4901 ’

350 5050 443 5112 Et;
495 5047 795 5115 ἀσφάλειαν
838 5048 949 5099 τῶν
990 5049 1428 5116 προειρημένων,
1468 5052 1561 5103 καὶ
1609 5049 1854 5117 φυλακὴν

278 5144 528 5214 μείζονα,
562 5140 624 5193 τὸ
648 5139 825 5210 παρὸν
855 5139 1231 5207 ὁρκωμοτικδν
1264 5144 1528 5207 μυστικὴν
1560 5141 1858 5211 ἐξεθὲμεοα.

276 5234 607 5305 σδμόόλαιον
627 5233 720 5286 καὶ
740 5230 937 5300 βούλλᾳ
956 5233 1127 5302 χρυσῇ
1155 5232 1642 5301 κατωχυρωμένον,
1665 5234 1856 5303 Ἑγρά-

275 5346 355 5399 φη
390 5328 449 5381 ἐν
478 5328 543 5396 τῇ
577 5324 985 5395 παλαιᾷῬὼμῃ
1036 5324 1145 5377 ετει
1200 5324 1309 5378 ἀπὸ
1364 5326 1463 5394 τῆς
1511 5323 1602 5377 τοῦ
1653 5326 1857 5395 Κυρίου

278 5417 612 5489 σαρκώσεως
641 5415 893 5484 χιλιοστῷ
922 5416 1320 5486 τριακοσιοστῷ
1351 5416 1631 5488 ἑξηκοστῷ
1665 5420 1855 5488 ἐνάτῳ,

279 5509 613 5574 ῖνδικτιῶνος
647 5509 904 5578 ἐὸδόμης,
935 5508 1123 5578 ἡμέρᾳ
1153 5507 1351 5579 δεκάτῃ
1384 5510 1479 5561 τοῦ
1524 5510 1856 5580 Ὀκτωόρίου

278 5604 473 5672 μηνὸς,
522 5603 790 5672 παρόντος
836 5600 931 5654 τοῦ
968 5601 1247 5669 αῖδεσίμου
1281 5602 1492 5670 Πατρδς
1539 5602 1633 5654 τοῦ
1666 5604 1856 5673 κυρίου

281 5693 496 5749 Παύλου
549 5694 892 5762 πατριάρχου
927 5692 1578 5756 Κωνσταντινουπόλεως,
1628 5692 1721 5745 τοῦ
1756 5711 1856 5745 κυ-

281 5785 401 5852 ρίου
434 5783 703 5838 Νικολάου
752 5786 1052 5838 ἐπισκόπου
1096 5783 1572 5850 ’Λρετοπολιτάνου
1592 5825 1605 5851 ,
1641 5786 1734 5838 καὶ
1765 5785 1857 5839 τοῦ

276 5874 541 5940 εὐλαϐοῦς
587 5876 780 5945 ἀνδρὸς
832 5874 926 5930 τοῦ
978 5875 1215 5946 μοναχοῦ
1279 5875 1565 5930 Ἀντωνίου
1628 5878 1692 5930 ἐκ
1750 5877 1859 5932 τῶν

2035 5048 2115 5103 Ad
2155 5049 2549 5103 eertitudinem
2582 5049 2996 5119 praedictorum,
3032 5061 3088 5108 et
3116 5054 3386 5110 cautelam
3429 5070 3543 5109 ma-

1960 5142 2156 5211 jorem,
2188 5142 2829 5210 praesensjuramentum
2861 5146 3150 5213 mysticum
3200 5146 3451 5215 exposui,
3488 5159 3545 5201 et

1965 5235 2392 5288 instrumentum
2421 5234 2547 5298 feci,
2582 5234 2734 5290 Bulla
2760 5250 2925 5290 aurea
2955 5238 3254 5303 munitum,
3278 5241 3542 5307 scriptum

1966 5326 2019 5378 iti
2058 5325 2283 5395 antiqua
2321 5326 2518 5391 Roma,
2578 5342 2726 5382 anno
2778 5328 2844 5382 ab
2896 5327 3280 5385 Incarnatioue
3328 5332 3541 5385 Domini

1971 5417 2127 5480 1569,
2193 5418 2386 5473 Indict.
2448 5434 2517 5483 vt,
2570 5419 2659 5475 die
2714 5420 2780 5474 18
2831 5423 3037 5476 mensis
3086 5424 3359 5487 Octobris,
3411 5441 3545 5492 prie-

1966 5508 2217 5563 sentibus
2291 5513 2596 5564 reverendo
2682 5510 2841 5566 Patre
2909 5512 3135 5566 domino
3206 5512 3375 5568 Paulo
3453 5532 3545 5583 pu-

1964 5598 2200 5653 triarcha
2234 5597 2868 5669 Constantinopolitano,
2901 5603 3125 5658 domino
3161 5606 3385 5661 Nieolao
3412 5607 3546 5662 Are-

1964 5690 2281 5757 nOpolitano
2318 5691 2600 5761 episeopo,
2637 5694 2894 5765 religioso
2935 5697 3051 5750 viro
3106 5698 3272 5751 fratre
3304 5700 3545 5755 Antonio

1963 5780 2030 5835 de
2068 5780 2322 5844 Athenis,
2373 5782 2771 5852 interpretibus
2819 5786 2882 5840 ad
2936 5791 3211 5854 praemissa
3255 5791 3543 5858 expositis,

1962 5871 2154 5930 eluetis
2230 5874 2439 5929 nostris
2503 5878 2981 5933 reverendissiuiis
3048 5881 3419 5936 earduialibus
3474 5884 3541 5935 ad
