4028 6468
1197 543 1908 645 TBADITIO
1995 534 2832 633 CATHOLICA.

1452 744 2080 816 ςΔῑευιΠΜ-Χιν,
2128 738 2407 803 ANNUS
2438 739 2613 799 1375.

1632 1096 2452 1245 ELENCHUS

583 1355 1085 1424 Αυοτοειυιι
1113 1354 1229 1412 ΕΤ
1260 1345 1648 1410 ονειιυινι
1689 1343 1849 1419 QUI
1884 1342 1984 1402 11‘
2013 1340 2174 1419 HOI

1908 1342 1984 1402 [1‘
2013 1340 2206 1419 H00
2251 1330 2512 1395 TOMO
2562 1325 2778 1393 CLIV
2822 1320 3499 1386 CONTINBN'I‘UR.

1799 1527 2008 1550 ———-.

2013 1525 2285 1551 ο--ι-

1291 1679 1647 1787 ξΟΑΝΝΕδ
1682 1669 2289 1741 CANTACUZENUS
2325 1669 2489 1732 IMP.
2525 1667 2643 1732 ΟΡ.

536 1814 830 1880 Historiae
860 1810 1214 1891 Byzantinte
1251 1786 1663 1872 continuatio.
3262 1786 3386 1853 col.
3510 1786 3550 1847 9

533 1924 758 1984 Contra
809 1926 1039 1980 sectam
1077 1912 1551 1977 Mahometicam
1607 1922 1726 1984 pro
1768 1902 2123 1965 Christiana
2180 1895 2487 1976 religione
2546 1893 2872 1973 Apologia:
2930 1897 3239 1972 quatuor,
3316 1907 3393 1951 ex

615 2021 895 2084 editione
931 2014 1276 2079 Basileensi
1310 2012 1461 2074 anni
1502 2008 1675 2078 1543,
1714 2004 1883 2083 apud
1916 2006 2227 2066 Joannem
2259 1997 2637 2076 Oporinum.
3431 1987 3544 2049 371

534 2125 768 2184 Contra
802 2119 1225 2180 Mahometem
1266 2114 1581 2173 orationes
1610 2117 1903 2189 quatuor,
1938 2122 2014 2166 ex
2045 2102 2262 2164 eadem
2302 2098 2604 2160 editione.
3430 2092 3547 2153 583

535 2229 763 2288 Contra
796 2224 1075 2284 Barlaam
1122 2226 1183 2281 et
1214 2215 1638 2293 Acindynum,
1676 2210 1792 2271 sub
1837 2208 1979 2270 ﬁcto
2022 2203 2284 2267 nomine
2315 2198 2693 2262 Christoduli
2745 2194 3062 2259 monachi.
3111 2195 3199 2257 Cf.
3253 2195 3389 2256 Mo-

615 2328 816 2390 nitum
850 2326 1197 2387 Editorum.

2812 2302 2821 2309 ’
3435 2298 3548 2360 693

1226 2421 1725 2506 BHILOTHEUS
1759 2412 2259 2481 CPOLITANUS
2297 2405 2838 2472 PATRIARCHA.

541 2540 760 2599 Sermo
785 2534 850 2594 in
885 2503 1333 2593 Exaltalioném
1365 2527 1600 2587 Crucis.
3439 2503 3554 2565 719

545 2642 631 2701 De
661 2636 974 2699 mandatis
1008 2637 1080 2696 D.
1116 2636 1192 2694 N.
1228 2634 1379 2693 Jesu
1408 2625 1654 2690 Christi.
1924 2620 1927 2623 ’
3437 2604 3551 2663 729

539 2748 704 2808 Ordo
737 2743 896 2806 sacri
927 2739 1281 2802 ministerii.
2022 2766 2029 2773 -
2272 2756 2273 2759 η
3076 2709 3081 2713 ⁷
3439 2709 3558 2771 745

540 2849 839 2912 Laudatio
868 2846 1053 2908 trium
1097 2844 1455 2915 Doctorum,
1502 2835 1714 2897 Basilii
1752 2830 2012 2902 scilicet,
2058 2823 2345 2905 Gregorii
2390 2825 2451 2885 et
2486 2818 2747 2884 Joannis
2777 2814 3231 2896 Chrysostomi.
3436 2811 3557 2873 767

540 2951 860 3015 Refutatio
894 2943 1569 3011 Anatbematismorum
1614 2930 2095 3012 Harmendpuli.
2892 2950 2895 2953 -
3435 2914 3552 2977 821

548 3053 847 3125 (ρυειοιιιεί
1092 3046 1389 3125 cunarum:
1427 3040 1918 3125 Azwrrbxrivawr
1957 3030 2238 3125 "terim
2253 3028 2505 3125 3195:1891
2528 3023 2856 3125 ιὲίιείξηιῖιξτπξε
2878 3018 3398 3125 βεξξῖςϋ..ἔ³εξι¹ξτξξή³ε

1615 3089 1734 3165 inii.
1864 3103 2118 3161 Demetrii
2158 3089 2416 3172 martyris
2452 3100 2508 3153 in
2545 3108 2692 3154 tomo
2719 3092 2893 3158 CXV;
2936 3090 3181 3161 ejusdem
3217 3089 3397 3157 diplo-

640 3206 782 3250 mata
824 3192 877 3246 in
910 3200 1057 3244 tonio
1085 3186 1265 3255 CLII.)
1570 3225 1575 3231 ·
1653 3242 2109 3333 DEMETRIUS
2148 3238 2551 3306 CYDONIUS,

543 3365 789 3429 Notitia
827 3380 905 3422 ea:
941 3356 1335 3423 Bibliotheca
1369 3341 1695 3417 Fabricii:
3446 3333 3566 3394 8‘25

548 3466 632 3524 De
665 3461 1074 3541 processione
1104 3457 1371 3537 Spiritus
1419 3454 1624 3516 sancti
1657 3452 1956 3514 adversus
1985 3444 2359 3521 Gregorium
2390 3439 2728 3501 Palamam.
3447 3433 3565 3495 835

547 3567 633 3626 De
668 3537 901 3626 eodem
952 3568 1350 3639 argumento,
1403 3558 1478 3617 ad
1520 3572 1629 3616 eos
1660 3554 1767 3632 qui
1822 3553 2038 3614 dicunt
2096 3549 2322 3611 Filium
2374 3543 2486 3608 Dei
2548 3559 2674 3604 non
2728 3552 2869 3603 esse
2928 3557 3006 3603 ex
3063 3537 3405 3602 substantia

631 3665 851 3726 Patris.
3445 3639 3562 3703 863

552 3764 852 3846 Ejusdem
896 3759 1252 3839 argumenti
1283 3757 1565 3838 Epistola
1594 3755 1673 3821 ad
1710 3754 2130 3828 Barlaamum,
2168 3768 2313 3832 qua)
2348 3756 2549 3815 exstat
2586 3750 2753 3812 inter
2781 3744 3077 3824 epistolas
3101 3742 3405 3805 Barlaami

633 3872 787 3926 tom.
820 3863 963 3924 CLI.

548 3967 758 4029 Oratio
795 3966 871 4028 ad
905 3981 1054 4027 suos
1084 3964 1161 4025 de
1190 3959 1580 4025 admittendo
1610 3965 1827 4023 contra
1854 3960 2083 4020 Turcas
2112 3957 2471 4019 Latinorum
2506 3953 2811 4017 subsidio.
3449 3946 3567 4012 959

554 4069 763 4132 Oratio
799 4067 1203 4130 deliberativa
1244 4065 1323 4126 de
1363 4082 1489 4126 non
1524 4065 1841 4125 reddenda
1877 4061 2195 4140 Gallipoli,
2235 4067 2487 4139 petente
2527 4058 2775 4117 sultano
2804 4059 3129 4119 Amurate.
3418 4052 3572 4117 1009

552 4169 899 4234 Translatio
933 4167 1077 4229 libri
1110 4167 1319 4228 fratris
1354 4165 1635 4240 Ricardi,
1667 4166 1907 4227 ordinis
1950 4163 2466 4232 Praedicatorum,
2497 4166 2711 4223 contra
2746 4156 3086 4222 Mahometi
3112 4155 3409 4228 asseclas,

635 4290 712 4334 ex
751 4272 1037 4334 editione
1062 4269 1437 4342 Basileensi,
1483 4266 1561 4330 de
1593 4286 1719 4349 qua
1756 4266 1895 4329 vide
1927 4269 2060 4326 not.
2094 4264 2172 4341 ad
2208 4264 2327 4327 col.
2384 4261 2516 4323 371.
2551 4260 2803 4322 Accedit
2847 4259 3213 4323 Christiana,
3262 4256 3410 4318 ﬁdei
3508 4318 3532 4349 .

635 4375 949 4438 confessio
976 4373 1139 4434 facta
1165 4372 1514 4435 Saracenis.
2974 4352 2983 4361 ’
3419 4360 3575 4424 1035

561 4479 653 4537 De
685 4472 1148 4535 contemnenda
1193 4478 1414 4534 morte.
3418 4464 3575 4526 1169

558 4578 842 4661 Epistola
870 4576 946 4638 ad
988 4592 1291 4653 magnum
1330 4574 1763 4654 primicerium
1797 4575 2194 4647 Phacrasem,
2228 4576 2672 4639 Thessalonica
2726 4577 2959 4654 scripta
3012 4589 3157 4636 cum
3188 4574 3378 4633 Amu-

640 4687 804 4742 rates
836 4677 889 4739 ll
936 4679 1161 4739 urbem
1191 4677 1527 4741 obsidione
1557 4677 1862 4753 cingeret.
1906 4677 1997 4737 Ex
2031 4676 2181 4738 edit.
2212 4678 2359 4739 clar.
2394 4678 2587 4738 Hasii.
2658 4724 2669 4733 .
3423 4670 3582 4729 1313

1547 4804 1913 4865 MAXIMUS
1957 4802 2535 4898 QHRYSOBERGA
2550 4852 2564 4867 .

565 4941 653 4999 De
690 4935 1097 5016 processione
1128 4932 1404 5015 Spiritus
1434 4931 1631 4996 sancti
1661 4933 1736 4995 ad
1771 4931 2130 4995 Cretenses.
2177 4932 2267 4996 Cf.
2308 4935 2616 4996 Monitum
2648 4932 2998 4993 Editorum.
3431 4929 3589 4995 1217

1119 5064 1632 5155 EHILOTHEUS
1664 5036 2297 5126 SELYMBﬁIENSlS
2331 5061 3031 5125 ARCHIEPISCOPUS.

564 5195 782 5257 Oratio
816 5194 880 5255 in
912 5196 974 5256 S.
1011 5189 1505 5271 Agathonicum,
1537 5208 1615 5254 ex
1646 5191 1799 5254 Cod.
1844 5191 1949 5252 Gr.
1989 5191 2282 5267 Nanian.,
2316 5209 2379 5272 p.
2417 5187 2554 5264 531,
2607 5186 2816 5251 addita
2866 5186 3384 5266 interpretatione

650 5306 883 5359 nostra.

1560 5374 1919 5473 {omnes
1953 5370 2482 5433 mmomcus
2511 5372 2675 5432 IMP.
3442 5292 3592 5369 m9

573 5480 888 5539 ΡςςτΓιιεδῐει
926 5479 1093 5553 ﬁdei,
1128 5496 1268 5540 cum
1311 5470 1585 5540 Romam
1616 5480 1691 5538 ad
1737 5475 2139 5552 ﬂagitandam
2197 5476 2274 5537 ab
2316 5473 2568 5547 Urbano
2608 5473 2652 5533 V
2685 5488 2869 5550 opem
2930 5470 3389 5547 adnavigasset.

648 5601 857 5641 curam
897 5580 1243 5643 Guillelmo
1277 5580 1543 5641 O:tiensi
1582 5578 1890 5658 episeopo
1924 5581 2105 5639 tlicta.
3438 5570 3593 5634 1237

2544 5834 3019 5851 ..ι-..ψ

2178 5838 2393 5854 Wa
2404 5842 2539 5852 ὀη-ραν

2366 5838 2655 5941 Ἷῖξῖἶείεε.
2685 5912 2755 5926 -
2786 5834 2861 5937 ex
2895 5880 3062 5952 Typis
3090 5878 3232 5937 ινιτ.
3266 5876 3497 5934 HIC-NE.
