  <div class='ocr_page' id='page_1' title='image "/cluster/home/n/w/nwhite01/storage/ocr_20150623/154:no.2/coo.31924054870591/019.png"; bbox 0 0 4028 6482; ppageno 0'>
   <div class='ocr_carea' id='block_1_1' title="bbox 423 358 3767 460">
    <p class='ocr_par' dir='ltr' id='par_1_1' title="bbox 423 358 3767 460">
     <span class='ocr_line' id='line_1_1' title="bbox 423 358 3767 460; baseline 0.001 -2"><span class='ocrx_word' id='word_1_1' title='bbox 423 391 503 458; x_wconf 77' lang='lat'><strong>2&#39;3</strong></span> <span class='ocrx_word' id='word_1_2' title='bbox 1606 385 1959 451; x_wconf 79' lang='lat' dir='ltr'><strong>&#39;JOANNIS</strong></span> <span class='ocrx_word' id='word_1_3' title='bbox 1996 390 2519 454; x_wconf 81' lang='lat' dir='ltr'><strong>CANTACUZENI</strong></span> <span class='ocrx_word' id='word_1_4' title='bbox 3605 396 3679 460; x_wconf 65' lang='grc' dir='ltr'><strong>ει</strong></span> <span class='ocrx_word' id='word_1_5' title='bbox 3762 358 3767 363; x_wconf 66' lang='grc'><em>’</em></span> 
     </span>
    </p>
   </div>
   <div class='ocr_carea' id='block_1_2' title="bbox 425 505 1998 584">
    <p class='ocr_par' dir='ltr' id='par_1_2' title="bbox 425 505 1998 577">
     <span class='ocr_line' id='line_1_2' title="bbox 425 505 1998 577; baseline -0.007 -9"><span class='ocrx_word' id='word_1_6' title='bbox 425 506 689 568; x_wconf 86' lang='lat' dir='ltr'><strong>trimento</strong></span> <span class='ocrx_word' id='word_1_7' title='bbox 717 507 820 564; x_wconf 81' lang='lat' dir='ltr'><strong>fuit</strong></span> <span class='ocrx_word' id='word_1_8' title='bbox 849 505 1217 564; x_wconf 79' lang='lat' dir='ltr'><strong>Romanorum</strong></span> <span class='ocrx_word' id='word_1_9' title='bbox 1278 506 1705 577; x_wconf 71' lang='lat' dir='ltr'><strong>imperatoribus</strong></span> <span class='ocrx_word' id='word_1_10' title='bbox 1744 505 1998 577; x_wconf 78' lang='lat' dir='ltr'><strong>longissi-</strong></span> 
     </span>
    </p>
   </div>
   <div class='ocr_carea' id='block_1_3' title="bbox 2101 505 3675 584">
    <p class='ocr_par' dir='ltr' id='par_1_3' title="bbox 2110 508 3675 584">
     <span class='ocr_line' id='line_1_3' title="bbox 2110 508 3675 584; baseline 0.004 -23"><span class='ocrx_word' id='word_1_11' title='bbox 2110 524 2202 562; x_wconf 88' lang='grc' dir='ltr'><strong>σαι</strong></span> <span class='ocrx_word' id='word_1_12' title='bbox 2231 510 2334 581; x_wconf 74' lang='grc' dir='ltr'>τὴν</span> <span class='ocrx_word' id='word_1_13' title='bbox 2368 509 2629 580; x_wconf 80' lang='grc' dir='ltr'>ἀλήθειαν</span> <span class='ocrx_word' id='word_1_14' title='bbox 2677 508 2826 580; x_wconf 88' lang='grc' dir='ltr'>αὐτῷ</span> <span class='ocrx_word' id='word_1_15' title='bbox 2867 510 2961 565; x_wconf 69' lang='grc' dir='ltr'><strong>καὶ</strong></span> <span class='ocrx_word' id='word_1_16' title='bbox 2988 511 3078 566; x_wconf 74' lang='grc' dir='ltr'><strong>τον</strong></span> <span class='ocrx_word' id='word_1_17' title='bbox 3112 510 3285 575; x_wconf 78' lang='grc' dir='ltr'>ἔλεον,</span> <span class='ocrx_word' id='word_1_18' title='bbox 3313 511 3407 566; x_wconf 69' lang='grc' dir='ltr'>καὶ</span> <span class='ocrx_word' id='word_1_19' title='bbox 3439 529 3675 584; x_wconf 75' lang='grc' dir='ltr'>καταφιο</span> 
     </span>
    </p>
   </div>
   <div class='ocr_carea' id='block_1_4' title="bbox 424 599 1997 674">
    <p class='ocr_par' dir='ltr' id='par_1_4' title="bbox 424 599 1997 674">
     <span class='ocr_line' id='line_1_4' title="bbox 424 599 1997 674; baseline -0.006 -14"><span class='ocrx_word' id='word_1_20' title='bbox 424 620 519 661; x_wconf 90' lang='lat' dir='ltr'><strong>mo</strong></span> <span class='ocrx_word' id='word_1_21' title='bbox 546 613 792 674; x_wconf 91' lang='lat' dir='ltr'><strong>tempore</strong></span> <span class='ocrx_word' id='word_1_22' title='bbox 863 602 1193 672; x_wconf 77' lang='lat' dir='ltr'><strong>ampliﬁcata</strong></span> <span class='ocrx_word' id='word_1_23' title='bbox 1240 600 1534 656; x_wconf 79' lang='lat' dir='ltr'><strong>discordia.</strong></span> <span class='ocrx_word' id='word_1_24' title='bbox 1596 600 1834 655; x_wconf 82' lang='lat' dir='ltr'><strong>Proinde</strong></span> <span class='ocrx_word' id='word_1_25' title='bbox 1892 599 1997 653; x_wconf 80' lang='lat' dir='ltr'><strong>etsi</strong></span> 
     </span>
    </p>
   </div>
   <div class='ocr_carea' id='block_1_5' title="bbox 425 694 1997 768">
    <p class='ocr_par' dir='ltr' id='par_1_5' title="bbox 425 694 1997 768">
     <span class='ocr_line' id='line_1_5' title="bbox 425 694 1997 768; baseline -0.008 -14"><span class='ocrx_word' id='word_1_26' title='bbox 425 698 675 768; x_wconf 67' lang='lat' dir='ltr'><strong>Qua‘dam</strong></span> <span class='ocrx_word' id='word_1_27' title='bbox 716 695 952 753; x_wconf 73' lang='lat' dir='ltr'><strong>nefanda</strong></span> <span class='ocrx_word' id='word_1_28' title='bbox 982 694 1228 751; x_wconf 79' lang='lat' dir='ltr'><strong>facinora</strong></span> <span class='ocrx_word' id='word_1_29' title='bbox 1251 694 1318 749; x_wconf 92' lang='lat' dir='ltr'><strong>de</strong></span> <span class='ocrx_word' id='word_1_30' title='bbox 1354 694 1632 747; x_wconf 85' lang='lat' dir='ltr'><strong>nominato</strong></span> <span class='ocrx_word' id='word_1_31' title='bbox 1664 708 1693 746; x_wconf 91' lang='lat' dir='ltr'><strong>a</strong></span> <span class='ocrx_word' id='word_1_32' title='bbox 1725 707 1812 746; x_wconf 90' lang='lat' dir='ltr'><strong>me</strong></span> <span class='ocrx_word' id='word_1_33' title='bbox 1844 704 1997 746; x_wconf 86' lang='lat' dir='ltr'><strong>sere-</strong></span> 
     </span>
    </p>
   </div>
   <div class='ocr_carea' id='block_1_6' title="bbox 426 784 1998 861">
    <p class='ocr_par' dir='ltr' id='par_1_6' title="bbox 426 784 1998 861">
     <span class='ocr_line' id='line_1_6' title="bbox 426 784 1998 861; baseline -0.006 -14"><span class='ocrx_word' id='word_1_34' title='bbox 426 792 660 849; x_wconf 80' lang='lat' dir='ltr'><strong>nissima</strong></span> <span class='ocrx_word' id='word_1_35' title='bbox 726 792 1055 861; x_wconf 69' lang='lat' dir='ltr'><strong>imperatore</strong></span> <span class='ocrx_word' id='word_1_36' title='bbox 1115 797 1172 843; x_wconf 89' lang='lat' dir='ltr'><strong>et</strong></span> <span class='ocrx_word' id='word_1_37' title='bbox 1240 795 1475 857; x_wconf 79' lang='lat' dir='ltr'><strong>augusto</strong></span> <span class='ocrx_word' id='word_1_38' title='bbox 1524 785 1748 841; x_wconf 88' lang='lat' dir='ltr'><strong>domino</strong></span> <span class='ocrx_word' id='word_1_39' title='bbox 1790 784 1998 839; x_wconf 78' lang='lat' dir='ltr'><strong>Joanne</strong></span> 
     </span>
    </p>
   </div>
   <div class='ocr_carea' id='block_1_7' title="bbox 424 877 1997 953">
    <p class='ocr_par' dir='ltr' id='par_1_7' title="bbox 424 877 1997 953">
     <span class='ocr_line' id='line_1_7' title="bbox 424 877 1997 953; baseline -0.008 -12"><span class='ocrx_word' id='word_1_40' title='bbox 424 885 812 941; x_wconf 82' lang='lat' dir='ltr'><strong>Cantacuzeno</strong></span> <span class='ocrx_word' id='word_1_41' title='bbox 833 881 947 953; x_wconf 86' lang='lat' dir='ltr'><strong>(qui</strong></span> <span class='ocrx_word' id='word_1_42' title='bbox 981 882 1145 937; x_wconf 91' lang='lat' dir='ltr'><strong>etiam</strong></span> <span class='ocrx_word' id='word_1_43' title='bbox 1188 888 1343 949; x_wconf 93' lang='lat' dir='ltr'><strong>pater</strong></span> <span class='ocrx_word' id='word_1_44' title='bbox 1367 890 1515 933; x_wconf 88' lang='lat' dir='ltr'><strong>nunc</strong></span> <span class='ocrx_word' id='word_1_45' title='bbox 1546 887 1630 932; x_wconf 89' lang='lat' dir='ltr'><strong>est</strong></span> <span class='ocrx_word' id='word_1_46' title='bbox 1657 877 1997 932; x_wconf 81' lang='lat' dir='ltr'><strong>serenissimi</strong></span> 
     </span>
    </p>
   </div>
   <div class='ocr_carea' id='block_1_8' title="bbox 425 964 1997 1046">
    <p class='ocr_par' dir='ltr' id='par_1_8' title="bbox 425 964 1997 1046">
     <span class='ocr_line' id='line_1_8' title="bbox 425 964 1997 1046; baseline -0.009 -15"><span class='ocrx_word' id='word_1_47' title='bbox 425 975 775 1046; x_wconf 78' lang='lat' dir='ltr'><strong>imperatoris</strong></span> <span class='ocrx_word' id='word_1_48' title='bbox 832 982 888 1028; x_wconf 84' lang='lat' dir='ltr'><strong>et</strong></span> <span class='ocrx_word' id='word_1_49' title='bbox 924 970 1140 1040; x_wconf 79' lang='lat' dir='ltr'><strong>augusti</strong></span> <span class='ocrx_word' id='word_1_50' title='bbox 1218 971 1594 1024; x_wconf 81' lang='lat' dir='ltr'><strong>Romanorum</strong></span> <span class='ocrx_word' id='word_1_51' title='bbox 1632 967 1855 1023; x_wconf 83' lang='lat' dir='ltr'><strong>Joannis</strong></span> <span class='ocrx_word' id='word_1_52' title='bbox 1898 964 1997 1018; x_wconf 87' lang='lat' dir='ltr'><strong>Pa-</strong></span> 
     </span>
    </p>
   </div>
   <div class='ocr_carea' id='block_1_9' title="bbox 424 1064 1999 1138">
    <p class='ocr_par' dir='ltr' id='par_1_9' title="bbox 424 1064 1999 1138">
     <span class='ocr_line' id='line_1_9' title="bbox 424 1064 1999 1138; baseline -0.008 -14"><span class='ocrx_word' id='word_1_53' title='bbox 424 1068 681 1138; x_wconf 70' lang='lat' dir='ltr'><strong>laeologi),</strong></span> <span class='ocrx_word' id='word_1_54' title='bbox 709 1064 985 1121; x_wconf 71' lang='lat' dir='ltr'><strong>sanctitati</strong></span> <span class='ocrx_word' id='word_1_55' title='bbox 1015 1073 1120 1118; x_wconf 67' lang='lat' dir='ltr'><strong>tuae</strong></span> <span class='ocrx_word' id='word_1_56' title='bbox 1172 1071 1391 1117; x_wconf 85' lang='lat' dir='ltr'><strong>narrata</strong></span> <span class='ocrx_word' id='word_1_57' title='bbox 1432 1068 1581 1126; x_wconf 85' lang='lat' dir='ltr'><strong>sunt,</strong></span> <span class='ocrx_word' id='word_1_58' title='bbox 1615 1069 1763 1115; x_wconf 89' lang='lat' dir='ltr'><strong>certe</strong></span> <span class='ocrx_word' id='word_1_59' title='bbox 1787 1073 1999 1128; x_wconf 84' lang='lat' dir='ltr'><strong>nequa-</strong></span> 
     </span>
    </p>
   </div>
   <div class='ocr_carea' id='block_1_10' title="bbox 420 1150 1993 1233">
    <p class='ocr_par' dir='ltr' id='par_1_10' title="bbox 420 1150 1993 1233">
     <span class='ocr_line' id='line_1_10' title="bbox 420 1150 1993 1233; baseline -0.008 -16"><span class='ocrx_word' id='word_1_60' title='bbox 420 1177 588 1233; x_wconf 85' lang='lat' dir='ltr'><strong>quam</strong></span> <span class='ocrx_word' id='word_1_61' title='bbox 633 1158 990 1222; x_wconf 84' lang='lat' dir='ltr'><strong>admitlenda,</strong></span> <span class='ocrx_word' id='word_1_62' title='bbox 1029 1170 1131 1211; x_wconf 92' lang='lat' dir='ltr'><strong>nec</strong></span> <span class='ocrx_word' id='word_1_63' title='bbox 1155 1150 1264 1209; x_wconf 89' lang='lat' dir='ltr'><strong>ullo</strong></span> <span class='ocrx_word' id='word_1_64' title='bbox 1290 1153 1454 1208; x_wconf 86' lang='lat' dir='ltr'><strong>modo</strong></span> <span class='ocrx_word' id='word_1_65' title='bbox 1515 1152 1789 1208; x_wconf 87' lang='lat' dir='ltr'><strong>credenda</strong></span> <span class='ocrx_word' id='word_1_66' title='bbox 1843 1161 1993 1206; x_wconf 90' lang='lat' dir='ltr'><strong>sunt.</strong></span> 
     </span>
    </p>
   </div>
   <div class='ocr_carea' id='block_1_11' title="bbox 422 1241 1996 1311">
    <p class='ocr_par' dir='ltr' id='par_1_11' title="bbox 422 1241 1996 1311">
     <span class='ocr_line' id='line_1_11' title="bbox 422 1241 1996 1311; baseline -0.006 -4"><span class='ocrx_word' id='word_1_67' title='bbox 422 1252 675 1307; x_wconf 78' lang='lat' dir='ltr'><strong>Arbitror</strong></span> <span class='ocrx_word' id='word_1_68' title='bbox 736 1249 883 1304; x_wconf 84' lang='lat' dir='ltr'><strong>enim</strong></span> <span class='ocrx_word' id='word_1_69' title='bbox 943 1244 1335 1301; x_wconf 86' lang='lat' dir='ltr'><strong>beatitudinem</strong></span> <span class='ocrx_word' id='word_1_70' title='bbox 1372 1252 1520 1297; x_wconf 90' lang='lat' dir='ltr'><strong>tuam</strong></span> <span class='ocrx_word' id='word_1_71' title='bbox 1550 1241 1618 1296; x_wconf 90' lang='lat' dir='ltr'><strong>de</strong></span> <span class='ocrx_word' id='word_1_72' title='bbox 1640 1243 1725 1297; x_wconf 91' lang='lat' dir='ltr'><strong>his</strong></span> <span class='ocrx_word' id='word_1_73' title='bbox 1763 1242 1832 1296; x_wconf 89' lang='lat' dir='ltr'><strong>ab</strong></span> <span class='ocrx_word' id='word_1_74' title='bbox 1862 1242 1996 1311; x_wconf 87' lang='lat' dir='ltr'><strong>ipsis</strong></span> 
     </span>
    </p>
   </div>
   <div class='ocr_carea' id='block_1_12' title="bbox 423 1334 1997 1409">
    <p class='ocr_par' dir='ltr' id='par_1_12' title="bbox 423 1334 1997 1409">
     <span class='ocr_line' id='line_1_12' title="bbox 423 1334 1997 1409; baseline -0.009 -8"><span class='ocrx_word' id='word_1_75' title='bbox 423 1344 663 1401; x_wconf 91' lang='lat' dir='ltr'><strong>dominis</strong></span> <span class='ocrx_word' id='word_1_76' title='bbox 727 1339 1261 1409; x_wconf 83' lang='lat' dir='ltr'><strong>lmperatoribusque</strong></span> <span class='ocrx_word' id='word_1_77' title='bbox 1311 1334 1516 1391; x_wconf 86' lang='lat' dir='ltr'><strong>nostris</strong></span> <span class='ocrx_word' id='word_1_78' title='bbox 1545 1335 1662 1390; x_wconf 83' lang='lat' dir='ltr'><strong>sive</strong></span> <span class='ocrx_word' id='word_1_79' title='bbox 1702 1344 1801 1405; x_wconf 87' lang='lat' dir='ltr'><strong>per</strong></span> <span class='ocrx_word' id='word_1_80' title='bbox 1850 1334 1997 1405; x_wconf 79' lang='lat' dir='ltr'><strong>lega-</strong></span> 
     </span>
    </p>
   </div>
   <div class='ocr_carea' id='block_1_13' title="bbox 423 1422 1995 1501">
    <p class='ocr_par' dir='ltr' id='par_1_13' title="bbox 423 1422 1995 1501">
     <span class='ocr_line' id='line_1_13' title="bbox 423 1422 1995 1501; baseline -0.009 -10"><span class='ocrx_word' id='word_1_81' title='bbox 423 1446 532 1499; x_wconf 82' lang='lat' dir='ltr'><strong>tos,</strong></span> <span class='ocrx_word' id='word_1_82' title='bbox 563 1434 678 1489; x_wconf 82' lang='lat' dir='ltr'><strong>sive</strong></span> <span class='ocrx_word' id='word_1_83' title='bbox 725 1448 821 1501; x_wconf 88' lang='lat' dir='ltr'><strong>per</strong></span> <span class='ocrx_word' id='word_1_84' title='bbox 850 1430 1056 1484; x_wconf 87' lang='lat' dir='ltr'><strong>litteras</strong></span> <span class='ocrx_word' id='word_1_85' title='bbox 1107 1428 1279 1497; x_wconf 84' lang='lat' dir='ltr'><strong>probe</strong></span> <span class='ocrx_word' id='word_1_86' title='bbox 1310 1436 1363 1481; x_wconf 90' lang='lat' dir='ltr'><strong>et</strong></span> <span class='ocrx_word' id='word_1_87' title='bbox 1408 1426 1595 1480; x_wconf 84' lang='lat' dir='ltr'><strong>verius</strong></span> <span class='ocrx_word' id='word_1_88' title='bbox 1622 1435 1787 1495; x_wconf 86' lang='lat' dir='ltr'><strong>atque</strong></span> <span class='ocrx_word' id='word_1_89' title='bbox 1832 1422 1995 1493; x_wconf 89' lang='lat' dir='ltr'><strong>liqui-</strong></span> 
     </span>
    </p>
   </div>
   <div class='ocr_carea' id='block_1_14' title="bbox 428 1512 1994 1586">
    <p class='ocr_par' dir='ltr' id='par_1_14' title="bbox 428 1512 1994 1586">
     <span class='ocr_line' id='line_1_14' title="bbox 428 1512 1994 1586; baseline -0.009 -5"><span class='ocrx_word' id='word_1_90' title='bbox 428 1526 556 1580; x_wconf 80' lang='lat' dir='ltr'><strong>dius</strong></span> <span class='ocrx_word' id='word_1_91' title='bbox 612 1521 785 1577; x_wconf 86' lang='lat' dir='ltr'><strong>nihilo</strong></span> <span class='ocrx_word' id='word_1_92' title='bbox 842 1520 1031 1573; x_wconf 88' lang='lat' dir='ltr'><strong>minus</strong></span> <span class='ocrx_word' id='word_1_93' title='bbox 1088 1515 1457 1586; x_wconf 75' lang='lat' dir='ltr'><strong>cognituram.</strong></span> <span class='ocrx_word' id='word_1_94' title='bbox 1516 1512 1641 1568; x_wconf 62' lang='lat' dir='ltr'><strong>Haec</strong></span> <span class='ocrx_word' id='word_1_95' title='bbox 1665 1513 1733 1568; x_wconf 91' lang='lat' dir='ltr'><strong>ad</strong></span> <span class='ocrx_word' id='word_1_96' title='bbox 1798 1529 1994 1583; x_wconf 80' lang='lat' dir='ltr'><strong>papam</strong></span> 
     </span>
    </p>
   </div>
   <div class='ocr_carea' id='block_1_15' title="bbox 422 1604 1995 1676">
    <p class='ocr_par' dir='ltr' id='par_1_15' title="bbox 422 1604 1995 1676">
     <span class='ocr_line' id='line_1_15' title="bbox 422 1604 1995 1676; baseline -0.01 -1"><span class='ocrx_word' id='word_1_97' title='bbox 422 1620 756 1675; x_wconf 77' lang='lat' dir='ltr'><strong>Clementem</strong></span> <span class='ocrx_word' id='word_1_98' title='bbox 799 1612 866 1666; x_wconf 82' lang='lat' dir='ltr'><strong>Vl</strong></span> <span class='ocrx_word' id='word_1_99' title='bbox 904 1610 1330 1666; x_wconf 72' lang='lat' dir='ltr'><strong>Bartbolomzeus</strong></span> <span class='ocrx_word' id='word_1_100' title='bbox 1351 1609 1421 1662; x_wconf 85' lang='lat' dir='ltr'><strong>de</strong></span> <span class='ocrx_word' id='word_1_101' title='bbox 1443 1604 1885 1676; x_wconf 84' lang='lat' dir='ltr'><strong>imperatoribus.</strong></span> <span class='ocrx_word' id='word_1_102' title='bbox 1913 1605 1995 1660; x_wconf 84' lang='lat' dir='ltr'><strong>Ad</strong></span> 
     </span>
    </p>
   </div>
   <div class='ocr_carea' id='block_1_16' title="bbox 421 1698 1996 1775">
    <p class='ocr_par' dir='ltr' id='par_1_16' title="bbox 421 1698 1996 1775">
     <span class='ocr_line' id='line_1_16' title="bbox 421 1698 1996 1775; baseline -0.009 -10"><span class='ocrx_word' id='word_1_103' title='bbox 421 1710 720 1765; x_wconf 84' lang='lat' dir='ltr'><strong>lmbertum</strong></span> <span class='ocrx_word' id='word_1_104' title='bbox 777 1716 959 1760; x_wconf 74' lang='lat' dir='ltr'><strong>autem</strong></span> <span class='ocrx_word' id='word_1_105' title='bbox 1019 1700 1288 1756; x_wconf 76' lang='lat' dir='ltr'><strong>Delllnum</strong></span> <span class='ocrx_word' id='word_1_106' title='bbox 1341 1698 1751 1775; x_wconf 65' lang='lat' dir='ltr'><strong>Viennensem,</strong></span> <span class='ocrx_word' id='word_1_107' title='bbox 1798 1713 1827 1750; x_wconf 85' lang='lat' dir='ltr'><strong>a</strong></span> <span class='ocrx_word' id='word_1_108' title='bbox 1886 1712 1996 1767; x_wconf 91' lang='lat' dir='ltr'><strong>quo</strong></span> 
     </span>
    </p>
   </div>
   <div class='ocr_carea' id='block_1_17' title="bbox 2106 602 3676 674">
    <p class='ocr_par' dir='ltr' id='par_1_17' title="bbox 2106 602 3676 674">
     <span class='ocr_line' id='line_1_17' title="bbox 2106 602 3676 674; baseline 0.005 -21"><span class='ocrx_word' id='word_1_109' title='bbox 2106 603 2275 671; x_wconf 79' lang='grc' dir='ltr'>λῆσαι</span> <span class='ocrx_word' id='word_1_110' title='bbox 2299 603 2527 673; x_wconf 77' lang='grc' dir='ltr'><strong>εἰρήνην</strong></span> <span class='ocrx_word' id='word_1_111' title='bbox 2559 620 2617 656; x_wconf 88' lang='grc' dir='ltr'><strong>τε</strong></span> <span class='ocrx_word' id='word_1_112' title='bbox 2641 603 2734 655; x_wconf 79' lang='grc' dir='ltr'>καὶ</span> <span class='ocrx_word' id='word_1_113' title='bbox 2753 603 3127 674; x_wconf 81' lang='grc' dir='ltr'>δικαιοσύνην.</span> <span class='ocrx_word' id='word_1_114' title='bbox 3172 602 3314 671; x_wconf 82' lang='grc' dir='ltr'><strong>Ἐγὼ</strong></span> <span class='ocrx_word' id='word_1_115' title='bbox 3347 605 3411 673; x_wconf 81' lang='grc' dir='ltr'><strong>δὴ</strong></span> <span class='ocrx_word' id='word_1_116' title='bbox 3441 606 3676 661; x_wconf 80' lang='grc' dir='ltr'><strong>πέποιθα</strong></span> 
     </span>
    </p>
   </div>
   <div class='ocr_carea' id='block_1_18' title="bbox 2100 690 3676 765">
    <p class='ocr_par' dir='ltr' id='par_1_18' title="bbox 2100 690 3676 765">
     <span class='ocr_line' id='line_1_18' title="bbox 2100 690 3676 765; baseline 0.001 -17"><span class='ocrx_word' id='word_1_117' title='bbox 2100 694 2251 749; x_wconf 75' lang='grc' dir='ltr'>τοῦτ’</span> <span class='ocrx_word' id='word_1_118' title='bbox 2283 690 2426 748; x_wconf 76' lang='grc' dir='ltr'>εῖναι</span> <span class='ocrx_word' id='word_1_119' title='bbox 2452 694 2654 764; x_wconf 77' lang='grc' dir='ltr'>μᾶλλον</span> <span class='ocrx_word' id='word_1_120' title='bbox 2690 694 2837 765; x_wconf 81' lang='grc' dir='ltr'>ὑπὲρ</span> <span class='ocrx_word' id='word_1_121' title='bbox 2884 696 3110 763; x_wconf 76' lang='grc' dir='ltr'><strong>εἰρήνης</strong></span> <span class='ocrx_word' id='word_1_122' title='bbox 3161 696 3254 749; x_wconf 76' lang='grc' dir='ltr'><strong>καὶ</strong></span> <span class='ocrx_word' id='word_1_123' title='bbox 3287 698 3676 760; x_wconf 75' lang='grc' dir='ltr'><strong>καταστάσεως</strong></span> 
     </span>
    </p>
   </div>
   <div class='ocr_carea' id='block_1_19' title="bbox 2101 786 3671 856">
    <p class='ocr_par' dir='ltr' id='par_1_19' title="bbox 2101 786 3671 856">
     <span class='ocr_line' id='line_1_19' title="bbox 2101 786 3671 856; baseline -0.002 -14"><span class='ocrx_word' id='word_1_124' title='bbox 2101 788 2197 842; x_wconf 83' lang='grc' dir='ltr'>τοῦ</span> <span class='ocrx_word' id='word_1_125' title='bbox 2234 787 2551 856; x_wconf 81' lang='grc' dir='ltr'><strong>σύμπαντος</strong></span> <span class='ocrx_word' id='word_1_126' title='bbox 2584 786 2974 856; x_wconf 83' lang='grc' dir='ltr'>Χριστιανικοῦ</span> <span class='ocrx_word' id='word_1_127' title='bbox 3004 786 3159 851; x_wconf 83' lang='grc' dir='ltr'>λαοῦ,</span> <span class='ocrx_word' id='word_1_128' title='bbox 3197 788 3292 839; x_wconf 81' lang='grc' dir='ltr'>καὶ</span> <span class='ocrx_word' id='word_1_129' title='bbox 3323 790 3402 850; x_wconf 84' lang='grc' dir='ltr'>εἰς</span> <span class='ocrx_word' id='word_1_130' title='bbox 3429 788 3671 841; x_wconf 76' lang='grc' dir='ltr'><strong>ἐπίδοσιν</strong></span> 
     </span>
    </p>
   </div>
   <div class='ocr_carea' id='block_1_20' title="bbox 2101 878 3673 951">
    <p class='ocr_par' dir='ltr' id='par_1_20' title="bbox 2101 878 3673 951">
     <span class='ocr_line' id='line_1_20' title="bbox 2101 878 3673 951; baseline -0.001 -18"><span class='ocrx_word' id='word_1_131' title='bbox 2101 880 2197 935; x_wconf 82' lang='grc' dir='ltr'>τοῦ</span> <span class='ocrx_word' id='word_1_132' title='bbox 2230 882 2374 935; x_wconf 82' lang='grc' dir='ltr'>κατὰ</span> <span class='ocrx_word' id='word_1_133' title='bbox 2418 881 2530 933; x_wconf 89' lang='grc' dir='ltr'><strong>τῶν</strong></span> <span class='ocrx_word' id='word_1_134' title='bbox 2566 881 2777 951; x_wconf 75' lang='grc' dir='ltr'>ἐχθρῶν</span> <span class='ocrx_word' id='word_1_135' title='bbox 2825 880 2920 932; x_wconf 84' lang='grc' dir='ltr'>τοῦ</span> <span class='ocrx_word' id='word_1_136' title='bbox 2970 880 3206 951; x_wconf 82' lang='grc' dir='ltr'>σταυροῦ</span> <span class='ocrx_word' id='word_1_137' title='bbox 3250 878 3673 949; x_wconf 69' lang='grc' dir='ltr'>τροπαίου,κῶσ-</span> 
     </span>
    </p>
   </div>
   <div class='ocr_carea' id='block_1_21' title="bbox 2101 971 3671 1045">
    <p class='ocr_par' dir='ltr' id='par_1_21' title="bbox 2101 971 3671 1045">
     <span class='ocr_line' id='line_1_21' title="bbox 2101 971 3671 1045; baseline -0.002 -19"><span class='ocrx_word' id='word_1_138' title='bbox 2101 989 2208 1043; x_wconf 88' lang='grc' dir='ltr'><strong>περ</strong></span> <span class='ocrx_word' id='word_1_139' title='bbox 2238 975 2301 1027; x_wconf 88' lang='grc' dir='ltr'><strong>οὐ</strong></span> <span class='ocrx_word' id='word_1_140' title='bbox 2336 974 2540 1045; x_wconf 80' lang='grc' dir='ltr'>μικράν</span> <span class='ocrx_word' id='word_1_141' title='bbox 2568 973 2668 1042; x_wconf 84' lang='grc' dir='ltr'>τὴν</span> <span class='ocrx_word' id='word_1_142' title='bbox 2692 973 2898 1043; x_wconf 78' lang='grc' dir='ltr'>ζημίαν</span> <span class='ocrx_word' id='word_1_143' title='bbox 2921 973 3221 1042; x_wconf 72' lang='grc' dir='ltr'><strong>εἰργάσατο</strong></span> <span class='ocrx_word' id='word_1_144' title='bbox 3250 974 3363 1033; x_wconf 80' lang='grc' dir='ltr'>τοῖς</span> <span class='ocrx_word' id='word_1_145' title='bbox 3388 971 3671 1041; x_wconf 83' lang='grc' dir='ltr'>βασιλεῦσι</span> 
     </span>
    </p>
   </div>
   <div class='ocr_carea' id='block_1_22' title="bbox 2112 1063 3674 1137">
    <p class='ocr_par' dir='ltr' id='par_1_22' title="bbox 2112 1063 3674 1137">
     <span class='ocr_line' id='line_1_22' title="bbox 2112 1063 3674 1137; baseline -0.003 -16"><span class='ocrx_word' id='word_1_146' title='bbox 2112 1067 2488 1136; x_wconf 72' lang='grc' dir='ltr'>Ῥωμανίαςη</span> <span class='ocrx_word' id='word_1_147' title='bbox 2527 1067 2721 1137; x_wconf 81' lang='grc' dir='ltr'>χρόνον</span> <span class='ocrx_word' id='word_1_148' title='bbox 2767 1067 2860 1118; x_wconf 76' lang='grc' dir='ltr'>ἐπὶ</span> <span class='ocrx_word' id='word_1_149' title='bbox 2916 1065 3169 1118; x_wconf 83' lang='grc' dir='ltr'>πλεῖστον</span> <span class='ocrx_word' id='word_1_150' title='bbox 3236 1063 3538 1133; x_wconf 79' lang='grc' dir='ltr'><strong>αὐξηθεῖσα</strong></span> <span class='ocrx_word' id='word_1_151' title='bbox 3595 1065 3674 1117; x_wconf 85' lang='grc' dir='ltr'><strong>δι-</strong></span> 
     </span>
    </p>
   </div>
   <div class='ocr_carea' id='block_1_23' title="bbox 2098 1156 3672 1231">
    <p class='ocr_par' dir='ltr' id='par_1_23' title="bbox 2098 1156 3672 1231">
     <span class='ocr_line' id='line_1_23' title="bbox 2098 1156 3672 1231; baseline -0.004 -19"><span class='ocrx_word' id='word_1_152' title='bbox 2098 1160 2307 1231; x_wconf 85' lang='grc' dir='ltr'>χόνοια.</span> <span class='ocrx_word' id='word_1_153' title='bbox 2340 1159 2533 1213; x_wconf 77' lang='grc' dir='ltr'>Τοίνυν</span> <span class='ocrx_word' id='word_1_154' title='bbox 2561 1160 2610 1211; x_wconf 80' lang='grc' dir='ltr'><strong>εί</strong></span> <span class='ocrx_word' id='word_1_155' title='bbox 2644 1158 2738 1211; x_wconf 90' lang='grc' dir='ltr'><strong>καί</strong></span> <span class='ocrx_word' id='word_1_156' title='bbox 2776 1175 2898 1211; x_wconf 87' lang='grc' dir='ltr'>τινα</span> <span class='ocrx_word' id='word_1_157' title='bbox 2929 1158 3231 1227; x_wconf 75' lang='grc' dir='ltr'>δεδήλωται</span> <span class='ocrx_word' id='word_1_158' title='bbox 3265 1159 3331 1227; x_wconf 74' lang='grc' dir='ltr'>τῇ</span> <span class='ocrx_word' id='word_1_159' title='bbox 3391 1159 3456 1226; x_wconf 75' lang='grc' dir='ltr'>σῇ</span> <span class='ocrx_word' id='word_1_160' title='bbox 3521 1156 3672 1222; x_wconf 83' lang='grc' dir='ltr'>ἁγιό-</span> 
     </span>
    </p>
   </div>
   <div class='ocr_carea' id='block_1_24' title="bbox 2098 1248 3671 1322">
    <p class='ocr_par' dir='ltr' id='par_1_24' title="bbox 2098 1248 3671 1322">
     <span class='ocr_line' id='line_1_24' title="bbox 2098 1248 3671 1322; baseline -0.003 -18"><span class='ocrx_word' id='word_1_161' title='bbox 2098 1268 2221 1322; x_wconf 88' lang='grc' dir='ltr'>τητι</span> <span class='ocrx_word' id='word_1_162' title='bbox 2252 1248 2608 1321; x_wconf 80' lang='grc' dir='ltr'>ἀρῤητουργή</span> <span class='ocrx_word' id='word_1_163' title='bbox 2618 1268 2764 1320; x_wconf 89' lang='grc' dir='ltr'>ματα</span> <span class='ocrx_word' id='word_1_164' title='bbox 2795 1249 2938 1303; x_wconf 87' lang='grc' dir='ltr'><strong>κατὰ</strong></span> <span class='ocrx_word' id='word_1_165' title='bbox 2966 1250 3059 1302; x_wconf 73' lang='grc' dir='ltr'>τοῦ</span> <span class='ocrx_word' id='word_1_166' title='bbox 3078 1248 3479 1319; x_wconf 74' lang='grc' dir='ltr'>προρρηθέντος</span> <span class='ocrx_word' id='word_1_167' title='bbox 3499 1248 3671 1315; x_wconf 83' lang='grc' dir='ltr'>γαλη-</span> 
     </span>
    </p>
   </div>
   <div class='ocr_carea' id='block_1_25' title="bbox 2098 1338 3669 1416">
    <p class='ocr_par' dir='ltr' id='par_1_25' title="bbox 2098 1338 3669 1416">
     <span class='ocr_line' id='line_1_25' title="bbox 2098 1338 3669 1416; baseline -0.002 -23"><span class='ocrx_word' id='word_1_168' title='bbox 2098 1341 2321 1395; x_wconf 82' lang='grc' dir='ltr'>νοτάτου</span> <span class='ocrx_word' id='word_1_169' title='bbox 2345 1340 2610 1411; x_wconf 77' lang='grc' dir='ltr'>βασιλέως</span> <span class='ocrx_word' id='word_1_170' title='bbox 2634 1343 2738 1416; x_wconf 63' lang='grc' dir='ltr'>ριαὶ</span> <span class='ocrx_word' id='word_1_171' title='bbox 2758 1339 3156 1408; x_wconf 80' lang='grc' dir='ltr'>αὐτοκράτορος</span> <span class='ocrx_word' id='word_1_172' title='bbox 3175 1338 3458 1408; x_wconf 82' lang='grc' dir='ltr'>Ῥωμαίων</span> <span class='ocrx_word' id='word_1_173' title='bbox 3478 1340 3669 1407; x_wconf 77' lang='grc' dir='ltr'>κυρίου</span> 
     </span>
    </p>
   </div>
   <div class='ocr_carea' id='block_1_26' title="bbox 2109 1428 3674 1499">
    <p class='ocr_par' dir='ltr' id='par_1_26' title="bbox 2109 1428 3674 1499">
     <span class='ocr_line' id='line_1_26' title="bbox 2109 1428 3674 1499; baseline -0.004 -11"><span class='ocrx_word' id='word_1_174' title='bbox 2109 1432 2360 1488; x_wconf 80' lang='grc' dir='ltr'><strong>Ἰωάννου</strong></span> <span class='ocrx_word' id='word_1_175' title='bbox 2406 1432 2500 1487; x_wconf 82' lang='grc' dir='ltr'>τοῦ</span> <span class='ocrx_word' id='word_1_176' title='bbox 2532 1430 3017 1499; x_wconf 74' lang='grc' dir='ltr'>Καντακουξηνοῦ,</span> <span class='ocrx_word' id='word_1_177' title='bbox 3068 1429 3165 1482; x_wconf 81' lang='grc' dir='ltr'>τοῦ</span> <span class='ocrx_word' id='word_1_178' title='bbox 3218 1432 3311 1482; x_wconf 71' lang='grc' dir='ltr'><strong>καὶ</strong></span> <span class='ocrx_word' id='word_1_179' title='bbox 3339 1430 3541 1497; x_wconf 74' lang='grc' dir='ltr'>πατρὸς</span> <span class='ocrx_word' id='word_1_180' title='bbox 3578 1428 3674 1481; x_wconf 82' lang='grc' dir='ltr'>νῦν</span> 
     </span>
    </p>
   </div>
   <div class='ocr_carea' id='block_1_27' title="bbox 2095 1520 3675 1592">
    <p class='ocr_par' dir='ltr' id='par_1_27' title="bbox 2095 1520 3675 1592">
     <span class='ocr_line' id='line_1_27' title="bbox 2095 1520 3675 1592; baseline -0.004 -16"><span class='ocrx_word' id='word_1_181' title='bbox 2095 1523 2190 1576; x_wconf 81' lang='grc' dir='ltr'>τοῦ</span> <span class='ocrx_word' id='word_1_182' title='bbox 2241 1522 2605 1592; x_wconf 87' lang='grc' dir='ltr'>γαληνοτάτου</span> <span class='ocrx_word' id='word_1_183' title='bbox 2654 1521 2918 1591; x_wconf 87' lang='grc' dir='ltr'>βασιλέως</span> <span class='ocrx_word' id='word_1_184' title='bbox 2963 1520 3056 1573; x_wconf 75' lang='lat' dir='ltr'><strong>xal.</strong></span> <span class='ocrx_word' id='word_1_185' title='bbox 3102 1520 3503 1590; x_wconf 76' lang='grc' dir='ltr'>αὐτοκράτορος</span> <span class='ocrx_word' id='word_1_186' title='bbox 3542 1521 3675 1570; x_wconf 86' lang='grc' dir='ltr'><strong>Ῥω-</strong></span> 
     </span>
    </p>
   </div>
   <div class='ocr_carea' id='block_1_28' title="bbox 2100 1606 3675 1682">
    <p class='ocr_par' dir='ltr' id='par_1_28' title="bbox 2100 1606 3675 1682">
     <span class='ocr_line' id='line_1_28' title="bbox 2100 1606 3675 1682; baseline -0.004 -16"><span class='ocrx_word' id='word_1_187' title='bbox 2100 1613 2277 1682; x_wconf 84' lang='grc' dir='ltr'>μαίων</span> <span class='ocrx_word' id='word_1_188' title='bbox 2332 1612 2521 1682; x_wconf 89' lang='grc' dir='ltr'>κυρίου</span> <span class='ocrx_word' id='word_1_189' title='bbox 2557 1612 2804 1666; x_wconf 79' lang='grc' dir='ltr'><strong>Ἰωάννου</strong></span> <span class='ocrx_word' id='word_1_190' title='bbox 2844 1612 2936 1666; x_wconf 82' lang='grc' dir='ltr'>τοῦ</span> <span class='ocrx_word' id='word_1_191' title='bbox 2991 1612 3379 1679; x_wconf 84' lang='grc' dir='ltr'>Παλαιολόγου,</span> <span class='ocrx_word' id='word_1_192' title='bbox 3422 1611 3535 1664; x_wconf 84' lang='grc' dir='ltr'>ἀλλ’</span> <span class='ocrx_word' id='word_1_193' title='bbox 3580 1606 3675 1663; x_wconf 78' lang='grc' dir='ltr'>οὖν</span> 
     </span>
    </p>
   </div>
   <div class='ocr_carea' id='block_1_29' title="bbox 2103 1699 3671 1776">
    <p class='ocr_par' dir='ltr' id='par_1_29' title="bbox 2103 1699 3671 1776">
     <span class='ocr_line' id='line_1_29' title="bbox 2103 1699 3671 1776; baseline -0.002 -17"><span class='ocrx_word' id='word_1_194' title='bbox 2103 1706 2368 1774; x_wconf 82' lang='grc' dir='ltr'><strong>μηδαμῶς</strong></span> <span class='ocrx_word' id='word_1_195' title='bbox 2392 1699 2500 1758; x_wconf 76' lang='grc' dir='ltr'>εἶεν</span> <span class='ocrx_word' id='word_1_196' title='bbox 2522 1704 2735 1768; x_wconf 79' lang='grc' dir='ltr'>δεκτέα,</span> <span class='ocrx_word' id='word_1_197' title='bbox 2765 1706 2797 1776; x_wconf 80' lang='grc' dir='ltr'>ἢ</span> <span class='ocrx_word' id='word_1_198' title='bbox 2819 1704 3117 1759; x_wconf 80' lang='grc' dir='ltr'>πιστευτέα</span> <span class='ocrx_word' id='word_1_199' title='bbox 3147 1704 3287 1757; x_wconf 77' lang='grc' dir='ltr'>κατά</span> <span class='ocrx_word' id='word_1_200' title='bbox 3310 1722 3428 1756; x_wconf 88' lang='grc' dir='ltr'>τινα</span> <span class='ocrx_word' id='word_1_201' title='bbox 3448 1705 3671 1772; x_wconf 78' lang='grc' dir='ltr'>τρόπον.</span> 
     </span>
    </p>
   </div>
   <div class='ocr_carea' id='block_1_30' title="bbox 424 1786 1998 1873">
    <p class='ocr_par' dir='ltr' id='par_1_30' title="bbox 424 1786 1993 1870">
     <span class='ocr_line' id='line_1_30' title="bbox 424 1786 1993 1870; baseline -0.01 -12"><span class='ocrx_word' id='word_1_202' title='bbox 424 1803 589 1858; x_wconf 86' lang='lat' dir='ltr'><strong>etiam</strong></span> <span class='ocrx_word' id='word_1_203' title='bbox 618 1801 834 1870; x_wconf 88' lang='lat' dir='ltr'><strong>legatus</strong></span> <span class='ocrx_word' id='word_1_204' title='bbox 860 1796 926 1851; x_wconf 87' lang='lat' dir='ltr'><strong>ad</strong></span> <span class='ocrx_word' id='word_1_205' title='bbox 986 1795 1197 1848; x_wconf 83' lang='lat' dir='ltr'><strong>Annam</strong></span> <span class='ocrx_word' id='word_1_206' title='bbox 1236 1791 1650 1861; x_wconf 85' lang='lat' dir='ltr'><strong>imperatricem</strong></span> <span class='ocrx_word' id='word_1_207' title='bbox 1714 1788 1883 1854; x_wconf 80' lang='lat' dir='ltr'><strong>venit,</strong></span> <span class='ocrx_word' id='word_1_208' title='bbox 1941 1786 1993 1842; x_wconf 90' lang='lat' dir='ltr'><strong>in</strong></span> 
     </span>
    </p>
   </div>
   <div class='ocr_carea' id='block_1_31' title="bbox 2101 1786 3674 1873">
    <p class='ocr_par' dir='ltr' id='par_1_31' title="bbox 2101 1792 3674 1867">
     <span class='ocr_line' id='line_1_31' title="bbox 2101 1792 3674 1867; baseline -0.002 -18"><span class='ocrx_word' id='word_1_209' title='bbox 2101 1792 2274 1866; x_wconf 76' lang='grc' dir='ltr'>Οἶμαι</span> <span class='ocrx_word' id='word_1_210' title='bbox 2329 1797 2439 1865; x_wconf 82' lang='grc' dir='ltr'>γὰρ</span> <span class='ocrx_word' id='word_1_211' title='bbox 2471 1796 2548 1861; x_wconf 83' lang='grc' dir='ltr'>ὡς</span> <span class='ocrx_word' id='word_1_212' title='bbox 2582 1797 2639 1849; x_wconf 76' lang='grc' dir='ltr'><strong>ὲν</strong></span> <span class='ocrx_word' id='word_1_213' title='bbox 2669 1796 2847 1867; x_wconf 84' lang='grc' dir='ltr'>τούτῳ</span> <span class='ocrx_word' id='word_1_214' title='bbox 2869 1798 3100 1867; x_wconf 84' lang='grc' dir='ltr'>θήσεται</span> <span class='ocrx_word' id='word_1_215' title='bbox 3127 1797 3160 1866; x_wconf 82' lang='grc' dir='ltr'><strong>η</strong></span> <span class='ocrx_word' id='word_1_216' title='bbox 3192 1796 3259 1864; x_wconf 85' lang='grc' dir='ltr'>σὴ</span> <span class='ocrx_word' id='word_1_217' title='bbox 3285 1797 3514 1865; x_wconf 83' lang='grc' dir='ltr'>ἁγιότης</span> <span class='ocrx_word' id='word_1_218' title='bbox 3544 1798 3674 1864; x_wconf 78' lang='grc' dir='ltr'>περὶ</span> 
     </span>
    </p>
   </div>
   <div class='ocr_carea' id='block_1_32' title="bbox 424 1879 1995 1951">
    <p class='ocr_par' dir='ltr' id='par_1_32' title="bbox 424 1879 1995 1951">
     <span class='ocr_line' id='line_1_32' title="bbox 424 1879 1995 1951; baseline -0.006 -6"><span class='ocrx_word' id='word_1_219' title='bbox 424 1896 541 1947; x_wconf 59' lang='lat' dir='ltr'><strong>hac</strong></span> <span class='ocrx_word' id='word_1_220' title='bbox 572 1892 735 1945; x_wconf 88' lang='lat' dir='ltr'><strong>verba</strong></span> <span class='ocrx_word' id='word_1_221' title='bbox 774 1882 985 1942; x_wconf 77' lang='lat' dir='ltr'><strong>litteras</strong></span> <span class='ocrx_word' id='word_1_222' title='bbox 1014 1885 1167 1940; x_wconf 88' lang='lat' dir='ltr'><strong>dedit</strong></span> <span class='ocrx_word' id='word_1_223' title='bbox 1199 1902 1215 1940; x_wconf 87' lang='lat'><strong>:</strong></span> <span class='ocrx_word' id='word_1_224' title='bbox 1251 1881 1423 1939; x_wconf 86' lang='lat' dir='ltr'><strong>Totus</strong></span> <span class='ocrx_word' id='word_1_225' title='bbox 1466 1881 1708 1937; x_wconf 78' lang='lat' dir='ltr'><strong>ﬁdelium</strong></span> <span class='ocrx_word' id='word_1_226' title='bbox 1759 1879 1995 1951; x_wconf 80' lang='lat' dir='ltr'><strong>populus</strong></span> 
     </span>
    </p>
   </div>
   <div class='ocr_carea' id='block_1_33' title="bbox 422 1973 1991 2054">
    <p class='ocr_par' dir='ltr' id='par_1_33' title="bbox 422 1973 1991 2054">
     <span class='ocr_line' id='line_1_33' title="bbox 422 1973 1991 2054; baseline -0.008 -16"><span class='ocrx_word' id='word_1_227' title='bbox 422 1983 620 2054; x_wconf 85' lang='lat' dir='ltr'><strong>jubilet</strong></span> <span class='ocrx_word' id='word_1_228' title='bbox 663 1980 956 2045; x_wconf 83' lang='lat' dir='ltr'><strong>hilariter;</strong></span> <span class='ocrx_word' id='word_1_229' title='bbox 1008 1976 1207 2047; x_wconf 89' lang='lat' dir='ltr'><strong>psallat</strong></span> <span class='ocrx_word' id='word_1_230' title='bbox 1253 1974 1703 2030; x_wconf 87' lang='lat' dir='ltr'><strong>Christianorum</strong></span> <span class='ocrx_word' id='word_1_231' title='bbox 1752 1973 1991 2037; x_wconf 86' lang='lat' dir='ltr'><strong>chorus;</strong></span> 
     </span>
    </p>
   </div>
   <div class='ocr_carea' id='block_1_34' title="bbox 420 2062 1997 2145">
    <p class='ocr_par' dir='ltr' id='par_1_34' title="bbox 420 2062 1997 2145">
     <span class='ocr_line' id='line_1_34' title="bbox 420 2062 1997 2145; baseline -0.008 -18"><span class='ocrx_word' id='word_1_232' title='bbox 420 2072 671 2145; x_wconf 63' lang='lat' dir='ltr'><strong>710i]:</strong></span> <span class='ocrx_word' id='word_1_233' title='bbox 730 2067 1095 2125; x_wconf 87' lang='lat' dir='ltr'><strong>sacrosanctis</strong></span> <span class='ocrx_word' id='word_1_234' title='bbox 1146 2066 1394 2120; x_wconf 89' lang='lat' dir='ltr'><strong>ecclesiis</strong></span> <span class='ocrx_word' id='word_1_235' title='bbox 1470 2062 1823 2120; x_wconf 87' lang='lat' dir='ltr'><strong>illustrissimi</strong></span> <span class='ocrx_word' id='word_1_236' title='bbox 1878 2064 1997 2116; x_wconf 87' lang='lat' dir='ltr'><strong>dics</strong></span> 
     </span>
    </p>
   </div>
   <div class='ocr_carea' id='block_1_35' title="bbox 422 2154 1998 2225">
    <p class='ocr_par' dir='ltr' id='par_1_35' title="bbox 422 2154 1998 2225">
     <span class='ocr_line' id='line_1_35' title="bbox 422 2154 1998 2225; baseline -0.008 -7"><span class='ocrx_word' id='word_1_237' title='bbox 422 2164 547 2218; x_wconf 70' lang='lat' dir='ltr'><strong>testi</strong></span> <span class='ocrx_word' id='word_1_238' title='bbox 574 2170 947 2225; x_wconf 75' lang='lat' dir='ltr'><strong>renoventur;</strong></span> <span class='ocrx_word' id='word_1_239' title='bbox 982 2156 1184 2211; x_wconf 79' lang='lat' dir='ltr'><strong>feriant</strong></span> <span class='ocrx_word' id='word_1_240' title='bbox 1215 2155 1395 2211; x_wconf 88' lang='lat' dir='ltr'><strong>sidera</strong></span> <span class='ocrx_word' id='word_1_241' title='bbox 1445 2154 1763 2224; x_wconf 65' lang='lat' dir='ltr'><strong>psalmodiaa</strong></span> <span class='ocrx_word' id='word_1_242' title='bbox 1801 2168 1818 2219; x_wconf 90' lang='lat'><strong>;</strong></span> <span class='ocrx_word' id='word_1_243' title='bbox 1867 2158 1998 2207; x_wconf 85' lang='lat' dir='ltr'><strong>eant</strong></span> 
     </span>
    </p>
   </div>
   <div class='ocr_carea' id='block_1_36' title="bbox 423 2242 1995 2317">
    <p class='ocr_par' dir='ltr' id='par_1_36' title="bbox 423 2242 1995 2317">
     <span class='ocr_line' id='line_1_36' title="bbox 423 2242 1995 2317; baseline -0.008 -8"><span class='ocrx_word' id='word_1_244' title='bbox 423 2255 566 2309; x_wconf 84' lang='lat' dir='ltr'><strong>coelo</strong></span> <span class='ocrx_word' id='word_1_245' title='bbox 592 2250 984 2306; x_wconf 86' lang='lat' dir='ltr'><strong>monachorum</strong></span> <span class='ocrx_word' id='word_1_246' title='bbox 1015 2261 1216 2317; x_wconf 85' lang='lat' dir='ltr'><strong>organa</strong></span> <span class='ocrx_word' id='word_1_247' title='bbox 1244 2264 1260 2313; x_wconf 87' lang='lat'><strong>;</strong></span> <span class='ocrx_word' id='word_1_248' title='bbox 1305 2245 1599 2301; x_wconf 71' lang='lat' dir='ltr'><strong>volvantur</strong></span> <span class='ocrx_word' id='word_1_249' title='bbox 1628 2260 1727 2315; x_wconf 90' lang='lat' dir='ltr'><strong>per</strong></span> <span class='ocrx_word' id='word_1_250' title='bbox 1748 2242 1995 2299; x_wconf 88' lang='lat' dir='ltr'><strong>omnium</strong></span> 
     </span>
    </p>
   </div>
   <div class='ocr_carea' id='block_1_37' title="bbox 423 2340 1998 2412">
    <p class='ocr_par' dir='ltr' id='par_1_37' title="bbox 423 2340 1998 2412">
     <span class='ocr_line' id='line_1_37' title="bbox 423 2340 1998 2412; baseline -0.008 -10"><span class='ocrx_word' id='word_1_251' title='bbox 423 2363 546 2409; x_wconf 90' lang='lat' dir='ltr'><strong>ora,</strong></span> <span class='ocrx_word' id='word_1_252' title='bbox 588 2357 917 2412; x_wconf 90' lang='lat' dir='ltr'><strong>omnemque</strong></span> <span class='ocrx_word' id='word_1_253' title='bbox 961 2341 1322 2395; x_wconf 86' lang='lat' dir='ltr'><strong>circumcirca</strong></span> <span class='ocrx_word' id='word_1_254' title='bbox 1372 2340 1651 2410; x_wconf 77' lang='lat' dir='ltr'><strong>regionem</strong></span> <span class='ocrx_word' id='word_1_255' title='bbox 1699 2351 1998 2406; x_wconf 86' lang='lat' dir='ltr'><strong>pervagen-</strong></span> 
     </span>
    </p>
   </div>
   <div class='ocr_carea' id='block_1_38' title="bbox 425 2422 1997 2506">
    <p class='ocr_par' dir='ltr' id='par_1_38' title="bbox 425 2422 1997 2506">
     <span class='ocr_line' id='line_1_38' title="bbox 425 2422 1997 2506; baseline -0.006 -13"><span class='ocrx_word' id='word_1_256' title='bbox 425 2450 516 2493; x_wconf 87' lang='lat' dir='ltr'><strong>tur</strong></span> <span class='ocrx_word' id='word_1_257' title='bbox 549 2440 631 2493; x_wconf 68' lang='lat' dir='ltr'><strong>hze</strong></span> <span class='ocrx_word' id='word_1_258' title='bbox 659 2422 919 2506; x_wconf 71' lang='lat' dir='ltr'><strong>iucundae</strong></span> <span class='ocrx_word' id='word_1_259' title='bbox 950 2446 1272 2503; x_wconf 79' lang='lat' dir='ltr'><strong>panegyres,</strong></span> <span class='ocrx_word' id='word_1_260' title='bbox 1302 2442 1361 2486; x_wconf 92' lang='lat' dir='ltr'><strong>ut</strong></span> <span class='ocrx_word' id='word_1_261' title='bbox 1390 2432 1743 2502; x_wconf 75' lang='lat' dir='ltr'><strong>gaudentium</strong></span> <span class='ocrx_word' id='word_1_262' title='bbox 1792 2430 1997 2485; x_wconf 83' lang='lat' dir='ltr'><strong>clamor</strong></span> 
     </span>
    </p>
   </div>
   <div class='ocr_carea' id='block_1_39' title="bbox 421 2522 1998 2589">
    <p class='ocr_par' dir='ltr' id='par_1_39' title="bbox 421 2522 1998 2589">
     <span class='ocr_line' id='line_1_39' title="bbox 421 2522 1998 2589; baseline -0.006 -5"><span class='ocrx_word' id='word_1_263' title='bbox 421 2534 537 2584; x_wconf 84' lang='lat' dir='ltr'><strong>non</strong></span> <span class='ocrx_word' id='word_1_264' title='bbox 564 2543 594 2583; x_wconf 87' lang='lat' dir='ltr'><strong>a</strong></span> <span class='ocrx_word' id='word_1_265' title='bbox 627 2527 991 2581; x_wconf 77' lang='lat' dir='ltr'><strong>terrestribus</strong></span> <span class='ocrx_word' id='word_1_266' title='bbox 1015 2524 1214 2589; x_wconf 90' lang='lat' dir='ltr'><strong>solum,</strong></span> <span class='ocrx_word' id='word_1_267' title='bbox 1243 2523 1339 2578; x_wconf 68' lang='lat' dir='ltr'><strong>Sed</strong></span> <span class='ocrx_word' id='word_1_268' title='bbox 1368 2524 1534 2579; x_wconf 87' lang='lat' dir='ltr'><strong>etiam</strong></span> <span class='ocrx_word' id='word_1_269' title='bbox 1588 2537 1617 2576; x_wconf 89' lang='lat' dir='ltr'><strong>a</strong></span> <span class='ocrx_word' id='word_1_270' title='bbox 1678 2522 1998 2576; x_wconf 87' lang='lat' dir='ltr'><strong>coelestibus</strong></span> 
     </span>
    </p>
   </div>
   <div class='ocr_carea' id='block_1_40' title="bbox 425 2612 1997 2684">
    <p class='ocr_par' dir='ltr' id='par_1_40' title="bbox 425 2612 1997 2684">
     <span class='ocr_line' id='line_1_40' title="bbox 425 2612 1997 2684; baseline -0.005 -9"><span class='ocrx_word' id='word_1_271' title='bbox 425 2622 636 2676; x_wconf 83' lang='lat' dir='ltr'><strong>civibus</strong></span> <span class='ocrx_word' id='word_1_272' title='bbox 670 2617 1018 2674; x_wconf 81' lang='lat' dir='ltr'><strong>exaudiatur.</strong></span> <span class='ocrx_word' id='word_1_273' title='bbox 1041 2614 1241 2670; x_wconf 82' lang='lat' dir='ltr'><strong>Audite</strong></span> <span class='ocrx_word' id='word_1_274' title='bbox 1266 2614 1451 2684; x_wconf 86' lang='lat' dir='ltr'><strong>igitur,</strong></span> <span class='ocrx_word' id='word_1_275' title='bbox 1478 2614 1624 2677; x_wconf 69' lang='lat' dir='ltr'><strong>(mli,</strong></span> <span class='ocrx_word' id='word_1_276' title='bbox 1649 2628 1768 2683; x_wconf 79' lang='lat' dir='ltr'><strong>quae</strong></span> <span class='ocrx_word' id='word_1_277' title='bbox 1784 2612 1997 2682; x_wconf 84' lang='lat' dir='ltr'><strong>loquar,</strong></span> 
     </span>
    </p>
   </div>
   <div class='ocr_carea' id='block_1_41' title="bbox 422 2706 1999 2775">
    <p class='ocr_par' dir='ltr' id='par_1_41' title="bbox 422 2706 1999 2775">
     <span class='ocr_line' id='line_1_41' title="bbox 422 2706 1999 2775; baseline -0.005 -7"><span class='ocrx_word' id='word_1_278' title='bbox 422 2723 483 2773; x_wconf 79' lang='lat' dir='ltr'><strong>et</strong></span> <span class='ocrx_word' id='word_1_279' title='bbox 508 2712 692 2767; x_wconf 90' lang='lat' dir='ltr'><strong>audiat</strong></span> <span class='ocrx_word' id='word_1_280' title='bbox 728 2720 874 2766; x_wconf 91' lang='lat' dir='ltr'><strong>terra</strong></span> <span class='ocrx_word' id='word_1_281' title='bbox 901 2708 1081 2763; x_wconf 86' lang='lat' dir='ltr'><strong>verbis</strong></span> <span class='ocrx_word' id='word_1_282' title='bbox 1116 2706 1227 2761; x_wconf 90' lang='lat' dir='ltr'><strong>oris</strong></span> <span class='ocrx_word' id='word_1_283' title='bbox 1256 2706 1385 2759; x_wconf 89' lang='lat' dir='ltr'><strong>mei.</strong></span> <span class='ocrx_word' id='word_1_284' title='bbox 1419 2707 1488 2758; x_wconf 82' lang='lat' dir='ltr'><strong>At</strong></span> <span class='ocrx_word' id='word_1_285' title='bbox 1537 2706 1683 2760; x_wconf 86' lang='lat' dir='ltr'><strong>enim</strong></span> <span class='ocrx_word' id='word_1_286' title='bbox 1724 2706 1845 2775; x_wconf 90' lang='lat' dir='ltr'><strong>quis</strong></span> <span class='ocrx_word' id='word_1_287' title='bbox 1886 2722 1999 2760; x_wconf 93' lang='lat' dir='ltr'><strong>non</strong></span> 
     </span>
    </p>
   </div>
   <div class='ocr_carea' id='block_1_42' title="bbox 423 2798 2001 2870">
    <p class='ocr_par' dir='ltr' id='par_1_42' title="bbox 423 2798 2001 2870">
     <span class='ocr_line' id='line_1_42' title="bbox 423 2798 2001 2870; baseline -0.006 -9"><span class='ocrx_word' id='word_1_288' title='bbox 423 2806 664 2861; x_wconf 85' lang='lat' dir='ltr'><strong>libenter</strong></span> <span class='ocrx_word' id='word_1_289' title='bbox 695 2801 904 2866; x_wconf 90' lang='lat' dir='ltr'><strong>audiat,</strong></span> <span class='ocrx_word' id='word_1_290' title='bbox 956 2799 1082 2870; x_wconf 87' lang='lat' dir='ltr'><strong>quis</strong></span> <span class='ocrx_word' id='word_1_291' title='bbox 1112 2813 1221 2853; x_wconf 90' lang='lat' dir='ltr'><strong>non</strong></span> <span class='ocrx_word' id='word_1_292' title='bbox 1256 2798 1489 2854; x_wconf 81' lang='lat' dir='ltr'><strong>sollieite</strong></span> <span class='ocrx_word' id='word_1_293' title='bbox 1537 2798 1701 2855; x_wconf 90' lang='lat' dir='ltr'><strong>dictis</strong></span> <span class='ocrx_word' id='word_1_294' title='bbox 1739 2798 2001 2854; x_wconf 88' lang='lat' dir='ltr'><strong>adhibeat</strong></span> 
     </span>
    </p>
   </div>
   <div class='ocr_carea' id='block_1_43' title="bbox 426 2880 1999 2961">
    <p class='ocr_par' dir='ltr' id='par_1_43' title="bbox 426 2880 1999 2961">
     <span class='ocr_line' id='line_1_43' title="bbox 426 2880 1999 2961; baseline -0.004 -11"><span class='ocrx_word' id='word_1_295' title='bbox 426 2898 691 2961; x_wconf 79' lang='lat' dir='ltr'><strong>animum,</strong></span> <span class='ocrx_word' id='word_1_296' title='bbox 724 2880 926 2948; x_wconf 68' lang='lat' dir='ltr'><strong>iactam</strong></span> <span class='ocrx_word' id='word_1_297' title='bbox 951 2896 1072 2947; x_wconf 74' lang='lat' dir='ltr'><strong>esse</strong></span> <span class='ocrx_word' id='word_1_298' title='bbox 1098 2891 1311 2947; x_wconf 89' lang='lat' dir='ltr'><strong>scilicet</strong></span> <span class='ocrx_word' id='word_1_299' title='bbox 1342 2906 1563 2945; x_wconf 89' lang='lat' dir='ltr'><strong>manum</strong></span> <span class='ocrx_word' id='word_1_300' title='bbox 1586 2890 1801 2945; x_wconf 84' lang='lat' dir='ltr'><strong>Domini</strong></span> <span class='ocrx_word' id='word_1_301' title='bbox 1833 2908 1999 2961; x_wconf 91' lang='lat' dir='ltr'><strong>super</strong></span> 
     </span>
    </p>
   </div>
   <div class='ocr_carea' id='block_1_44' title="bbox 427 2983 1997 3056">
    <p class='ocr_par' dir='ltr' id='par_1_44' title="bbox 427 2983 1997 3056">
     <span class='ocr_line' id='line_1_44' title="bbox 427 2983 1997 3056; baseline -0.003 -13"><span class='ocrx_word' id='word_1_302' title='bbox 427 2989 735 3043; x_wconf 81' lang='lat' dir='ltr'><strong>Romanum</strong></span> <span class='ocrx_word' id='word_1_303' title='bbox 770 2984 1085 3056; x_wconf 90' lang='lat' dir='ltr'><strong>imperium,</strong></span> <span class='ocrx_word' id='word_1_304' title='bbox 1117 2984 1245 3054; x_wconf 80' lang='lat' dir='ltr'><strong>quia</strong></span> <span class='ocrx_word' id='word_1_305' title='bbox 1276 2985 1393 3039; x_wconf 91' lang='lat' dir='ltr'><strong>dies</strong></span> <span class='ocrx_word' id='word_1_306' title='bbox 1425 2983 1753 3038; x_wconf 85' lang='lat' dir='ltr'><strong>illuminavit</strong></span> <span class='ocrx_word' id='word_1_307' title='bbox 1780 2993 1997 3049; x_wconf 79' lang='lat' dir='ltr'><strong>noctem</strong></span> 
     </span>
    </p>
   </div>
   <div class='ocr_carea' id='block_1_45' title="bbox 426 3075 1996 3153">
    <p class='ocr_par' dir='ltr' id='par_1_45' title="bbox 426 3075 1996 3153">
     <span class='ocr_line' id='line_1_45' title="bbox 426 3075 1996 3153; baseline -0.006 -14"><span class='ocrx_word' id='word_1_308' title='bbox 426 3095 483 3139; x_wconf 91' lang='lat' dir='ltr'><strong>et</strong></span> <span class='ocrx_word' id='word_1_309' title='bbox 525 3078 788 3153; x_wconf 81' lang='lat' dir='ltr'><strong>Splendor</strong></span> <span class='ocrx_word' id='word_1_310' title='bbox 832 3077 1040 3150; x_wconf 80' lang='lat' dir='ltr'><strong>iugavit</strong></span> <span class='ocrx_word' id='word_1_311' title='bbox 1100 3078 1395 3141; x_wconf 87' lang='lat' dir='ltr'><strong>tenebras,</strong></span> <span class='ocrx_word' id='word_1_312' title='bbox 1462 3076 1889 3148; x_wconf 82' lang='lat' dir='ltr'><strong>sedentibusque</strong></span> <span class='ocrx_word' id='word_1_313' title='bbox 1942 3075 1996 3131; x_wconf 93' lang='lat' dir='ltr'><strong>in</strong></span> 
     </span>
    </p>
   </div>
   <div class='ocr_carea' id='block_1_46' title="bbox 2097 1885 3676 1958">
    <p class='ocr_par' dir='ltr' id='par_1_46' title="bbox 2097 1885 3676 1958">
     <span class='ocr_line' id='line_1_46' title="bbox 2097 1885 3676 1958; baseline -0.001 -20"><span class='ocrx_word' id='word_1_314' title='bbox 2097 1885 2305 1939; x_wconf 71' lang='grc' dir='ltr'>τούτων</span> <span class='ocrx_word' id='word_1_315' title='bbox 2335 1887 2516 1949; x_wconf 86' lang='grc' dir='ltr'>καλῶς</span> <span class='ocrx_word' id='word_1_316' title='bbox 2550 1885 2706 1955; x_wconf 83' lang='grc' dir='ltr'>παρὰ</span> <span class='ocrx_word' id='word_1_317' title='bbox 2732 1887 2846 1939; x_wconf 83' lang='grc' dir='ltr'><strong>τῶν</strong></span> <span class='ocrx_word' id='word_1_318' title='bbox 2892 1886 3325 1958; x_wconf 74' lang='grc' dir='ltr'>προρρηθέντων</span> <span class='ocrx_word' id='word_1_319' title='bbox 3353 1885 3560 1939; x_wconf 84' lang='grc' dir='ltr'>τούτων</span> <span class='ocrx_word' id='word_1_320' title='bbox 3581 1904 3676 1937; x_wconf 81' lang='grc' dir='ltr'>κυο</span> 
     </span>
    </p>
   </div>
   <div class='ocr_carea' id='block_1_47' title="bbox 2100 1978 3673 2049">
    <p class='ocr_par' dir='ltr' id='par_1_47' title="bbox 2100 1978 3673 2049">
     <span class='ocr_line' id='line_1_47' title="bbox 2100 1978 3673 2049; baseline 0.001 -20"><span class='ocrx_word' id='word_1_321' title='bbox 2100 1979 2233 2045; x_wconf 86' lang='grc' dir='ltr'>ρίων</span> <span class='ocrx_word' id='word_1_322' title='bbox 2264 1980 2358 2033; x_wconf 78' lang='grc' dir='ltr'>καὶ</span> <span class='ocrx_word' id='word_1_323' title='bbox 2390 1978 2681 2049; x_wconf 86' lang='grc' dir='ltr'>βασιλέων,</span> <span class='ocrx_word' id='word_1_324' title='bbox 2710 1980 2743 2048; x_wconf 77' lang='grc' dir='ltr'>ἢ</span> <span class='ocrx_word' id='word_1_325' title='bbox 2774 1978 2864 2033; x_wconf 85' lang='grc' dir='ltr'><strong>διὰ</strong></span> <span class='ocrx_word' id='word_1_326' title='bbox 2896 1979 3203 2048; x_wconf 77' lang='grc' dir='ltr'>πρέσϐεων,</span> <span class='ocrx_word' id='word_1_327' title='bbox 3231 1979 3263 2048; x_wconf 81' lang='grc' dir='ltr'>ἦ</span> <span class='ocrx_word' id='word_1_328' title='bbox 3293 1978 3382 2031; x_wconf 86' lang='grc' dir='ltr'><strong>διὰ</strong></span> <span class='ocrx_word' id='word_1_329' title='bbox 3406 1980 3673 2048; x_wconf 85' lang='grc' dir='ltr'>γραμμά-</span> 
     </span>
    </p>
   </div>
   <div class='ocr_carea' id='block_1_48' title="bbox 2100 2067 3676 2141">
    <p class='ocr_par' dir='ltr' id='par_1_48' title="bbox 2100 2067 3676 2141">
     <span class='ocr_line' id='line_1_48' title="bbox 2100 2067 3676 2141; baseline -0.001 -20"><span class='ocrx_word' id='word_1_330' title='bbox 2100 2086 2210 2121; x_wconf 89' lang='grc' dir='ltr'><strong>των</strong></span> <span class='ocrx_word' id='word_1_331' title='bbox 2242 2069 2613 2141; x_wconf 77' lang='grc' dir='ltr'>ἀληθέστερόν</span> <span class='ocrx_word' id='word_1_332' title='bbox 2652 2086 2711 2121; x_wconf 87' lang='grc' dir='ltr'><strong>τε</strong></span> <span class='ocrx_word' id='word_1_333' title='bbox 2744 2069 2840 2122; x_wconf 78' lang='grc' dir='ltr'>καὶ</span> <span class='ocrx_word' id='word_1_334' title='bbox 2870 2068 3288 2138; x_wconf 74' lang='grc' dir='ltr'>καθαρώτερον.</span> <span class='ocrx_word' id='word_1_335' title='bbox 3316 2067 3553 2121; x_wconf 77' lang='grc' dir='ltr'>Τοιαῦτα</span> <span class='ocrx_word' id='word_1_336' title='bbox 3576 2069 3676 2137; x_wconf 84' lang='grc' dir='ltr'><strong>μὲν</strong></span> 
     </span>
    </p>
   </div>
   <div class='ocr_carea' id='block_1_49' title="bbox 2098 2158 3675 2230">
    <p class='ocr_par' dir='ltr' id='par_1_49' title="bbox 2098 2158 3675 2230">
     <span class='ocr_line' id='line_1_49' title="bbox 2098 2158 3675 2230; baseline -0.002 -16"><span class='ocrx_word' id='word_1_337' title='bbox 2098 2160 2191 2214; x_wconf 79' lang='grc' dir='ltr'><strong>οὖν</strong></span> <span class='ocrx_word' id='word_1_338' title='bbox 2222 2162 2358 2229; x_wconf 83' lang='grc' dir='ltr'>πρὸς</span> <span class='ocrx_word' id='word_1_339' title='bbox 2390 2162 2625 2215; x_wconf 79' lang='grc' dir='ltr'>πάππαν</span> <span class='ocrx_word' id='word_1_340' title='bbox 2677 2160 2968 2230; x_wconf 78' lang='grc' dir='ltr'>Κλήμεντά</span> <span class='ocrx_word' id='word_1_341' title='bbox 3018 2160 3176 2214; x_wconf 75' lang='grc' dir='ltr'>ἕκτον</span> <span class='ocrx_word' id='word_1_342' title='bbox 3205 2162 3233 2212; x_wconf 80' lang='grc' dir='ltr'>ὁ</span> <span class='ocrx_word' id='word_1_343' title='bbox 3272 2158 3675 2230; x_wconf 81' lang='grc' dir='ltr'>Βαρθολομαῖος</span> 
     </span>
    </p>
   </div>
   <div class='ocr_carea' id='block_1_50' title="bbox 2098 2250 3689 2323">
    <p class='ocr_par' dir='ltr' id='par_1_50' title="bbox 2098 2250 3689 2323">
     <span class='ocr_line' id='line_1_50' title="bbox 2098 2250 3689 2323; baseline -0.003 -17"><span class='ocrx_word' id='word_1_344' title='bbox 2098 2252 2305 2323; x_wconf 73' lang='grc' dir='ltr'>ἔγραψε</span> <span class='ocrx_word' id='word_1_345' title='bbox 2333 2254 2465 2322; x_wconf 80' lang='grc' dir='ltr'>περὶ</span> <span class='ocrx_word' id='word_1_346' title='bbox 2487 2254 2594 2305; x_wconf 92' lang='grc' dir='ltr'><strong>τῶν</strong></span> <span class='ocrx_word' id='word_1_347' title='bbox 2620 2250 2914 2318; x_wconf 82' lang='grc' dir='ltr'>βασιλέων.</span> <span class='ocrx_word' id='word_1_348' title='bbox 2964 2253 3293 2322; x_wconf 77' lang='grc' dir='ltr'>Ἰνιμπέρτῳ</span> <span class='ocrx_word' id='word_1_349' title='bbox 3342 2251 3397 2304; x_wconf 82' lang='grc' dir='ltr'><strong>δὲ</strong></span> <span class='ocrx_word' id='word_1_350' title='bbox 3430 2252 3689 2321; x_wconf 71' lang='grc' dir='ltr'>Δελφίνῳ</span> 
     </span>
    </p>
   </div>
   <div class='ocr_carea' id='block_1_51' title="bbox 2096 2335 3673 2414">
    <p class='ocr_par' dir='ltr' id='par_1_51' title="bbox 2096 2335 3673 2414">
     <span class='ocr_line' id='line_1_51' title="bbox 2096 2335 3673 2414; baseline -0.002 -17"><span class='ocrx_word' id='word_1_351' title='bbox 2096 2342 2381 2414; x_wconf 77' lang='grc' dir='ltr'>Ντεδιάνᾳ</span> <span class='ocrx_word' id='word_1_352' title='bbox 2411 2343 2542 2410; x_wconf 85' lang='grc' dir='ltr'>παρ’</span> <span class='ocrx_word' id='word_1_353' title='bbox 2570 2335 2632 2397; x_wconf 74' lang='grc' dir='ltr'><strong>οὐ</strong></span> <span class='ocrx_word' id='word_1_354' title='bbox 2668 2345 2762 2395; x_wconf 77' lang='grc' dir='ltr'>καὶ</span> <span class='ocrx_word' id='word_1_355' title='bbox 2792 2341 3139 2412; x_wconf 75' lang='grc' dir='ltr'>πρεσϐευτὴς</span> <span class='ocrx_word' id='word_1_356' title='bbox 3181 2342 3319 2411; x_wconf 76' lang='grc' dir='ltr'>πρὸς</span> <span class='ocrx_word' id='word_1_357' title='bbox 3355 2336 3673 2411; x_wconf 68' lang='grc' dir='ltr'>Ἀννανῆκε</span> 
     </span>
    </p>
   </div>
   <div class='ocr_carea' id='block_1_52' title="bbox 2099 2431 3676 2503">
    <p class='ocr_par' dir='ltr' id='par_1_52' title="bbox 2099 2431 3676 2503">
     <span class='ocr_line' id='line_1_52' title="bbox 2099 2431 3676 2503; baseline -0.001 -18"><span class='ocrx_word' id='word_1_358' title='bbox 2099 2434 2197 2502; x_wconf 76' lang='grc' dir='ltr'>τὴν</span> <span class='ocrx_word' id='word_1_359' title='bbox 2235 2432 2505 2503; x_wconf 80' lang='grc' dir='ltr'>βασιλίδα,</span> <span class='ocrx_word' id='word_1_360' title='bbox 2541 2431 2715 2496; x_wconf 76' lang='grc' dir='ltr'>οὕτως</span> <span class='ocrx_word' id='word_1_361' title='bbox 2742 2448 2757 2463; x_wconf 74' lang='grc' dir='ltr'><strong><em>ο</em></strong></span> <span class='ocrx_word' id='word_1_362' title='bbox 2825 2432 3280 2495; x_wconf 82' lang='grc' dir='ltr'>Ἀλαλαξάτωσαν</span> <span class='ocrx_word' id='word_1_363' title='bbox 3309 2433 3538 2501; x_wconf 81' lang='grc' dir='ltr'>ἄσμενοι</span> <span class='ocrx_word' id='word_1_364' title='bbox 3566 2434 3676 2485; x_wconf 88' lang='grc' dir='ltr'><strong>τῶν</strong></span> 
     </span>
    </p>
   </div>
   <div class='ocr_carea' id='block_1_53' title="bbox 2100 2523 3677 2595">
    <p class='ocr_par' dir='ltr' id='par_1_53' title="bbox 2100 2523 3677 2595">
     <span class='ocr_line' id='line_1_53' title="bbox 2100 2523 3677 2595; baseline 0 -18"><span class='ocrx_word' id='word_1_365' title='bbox 2100 2526 2312 2578; x_wconf 82' lang='grc' dir='ltr'>πιστῶν</span> <span class='ocrx_word' id='word_1_366' title='bbox 2342 2526 2487 2584; x_wconf 73' lang='grc' dir='ltr'>ἄπας</span> <span class='ocrx_word' id='word_1_367' title='bbox 2519 2527 2546 2578; x_wconf 85' lang='grc' dir='ltr'><strong>ὁ</strong></span> <span class='ocrx_word' id='word_1_368' title='bbox 2572 2524 2743 2594; x_wconf 81' lang='grc' dir='ltr'>δῆμος</span> <span class='ocrx_word' id='word_1_369' title='bbox 2763 2540 2779 2556; x_wconf 78' lang='grc' dir='ltr'><strong>ο</strong></span> <span class='ocrx_word' id='word_1_370' title='bbox 2810 2523 3172 2593; x_wconf 84' lang='grc' dir='ltr'>ψαλλάτωσαν</span> <span class='ocrx_word' id='word_1_371' title='bbox 3194 2526 3222 2576; x_wconf 83' lang='grc' dir='ltr'><strong>ὁ</strong></span> <span class='ocrx_word' id='word_1_372' title='bbox 3248 2526 3405 2595; x_wconf 84' lang='grc' dir='ltr'>χορὸς</span> <span class='ocrx_word' id='word_1_373' title='bbox 3429 2525 3530 2593; x_wconf 83' lang='grc' dir='ltr'>τῆς</span> <span class='ocrx_word' id='word_1_374' title='bbox 3566 2526 3677 2577; x_wconf 90' lang='grc' dir='ltr'><strong>τῶν</strong></span> 
     </span>
    </p>
   </div>
   <div class='ocr_carea' id='block_1_54' title="bbox 2101 2614 3769 2689">
    <p class='ocr_par' dir='ltr' id='par_1_54' title="bbox 2101 2614 3769 2689">
     <span class='ocr_line' id='line_1_54' title="bbox 2101 2614 3769 2689; baseline -0.001 -20"><span class='ocrx_word' id='word_1_375' title='bbox 2101 2614 2447 2689; x_wconf 80' lang='grc' dir='ltr'>Χριστιανῶν</span> <span class='ocrx_word' id='word_1_376' title='bbox 2507 2619 2786 2679; x_wconf 70' lang='grc' dir='ltr'>πίστεως*</span> <span class='ocrx_word' id='word_1_377' title='bbox 2852 2616 3400 2679; x_wconf 79' lang='grc' dir='ltr'>ἀνακαινιζέσθωσαν</span> <span class='ocrx_word' id='word_1_378' title='bbox 3449 2617 3508 2668; x_wconf 82' lang='grc' dir='ltr'><strong>ὲν</strong></span> <span class='ocrx_word' id='word_1_379' title='bbox 3553 2616 3677 2677; x_wconf 92' lang='grc' dir='ltr'>ταῖς</span> <span class='ocrx_word' id='word_1_380' title='bbox 3766 2638 3769 2641; x_wconf 47' lang='grc' dir='ltr'><strong>ι</strong></span> 
     </span>
    </p>
   </div>
   <div class='ocr_carea' id='block_1_55' title="bbox 2103 2696 3671 2779">
    <p class='ocr_par' dir='ltr' id='par_1_55' title="bbox 2103 2696 3671 2779">
     <span class='ocr_line' id='line_1_55' title="bbox 2103 2696 3671 2779; baseline -0.001 -19"><span class='ocrx_word' id='word_1_381' title='bbox 2103 2710 2278 2779; x_wconf 79' lang='grc' dir='ltr'>ἱεραῖς</span> <span class='ocrx_word' id='word_1_382' title='bbox 2302 2696 2399 2762; x_wconf 74' lang='grc' dir='ltr'>καὶ</span> <span class='ocrx_word' id='word_1_383' title='bbox 2450 2709 2634 2778; x_wconf 85' lang='grc' dir='ltr'>ἁγίαις</span> <span class='ocrx_word' id='word_1_384' title='bbox 2671 2709 2996 2777; x_wconf 75' lang='grc' dir='ltr'>ἐκκλησίαις</span> <span class='ocrx_word' id='word_1_385' title='bbox 3062 2709 3384 2778; x_wconf 86' lang='grc' dir='ltr'>περιφανεῖς</span> <span class='ocrx_word' id='word_1_386' title='bbox 3438 2707 3624 2776; x_wconf 80' lang='grc' dir='ltr'>ἑορταί</span> <span class='ocrx_word' id='word_1_387' title='bbox 3657 2722 3671 2737; x_wconf 91' lang='grc'><strong>·</strong></span> 
     </span>
    </p>
   </div>
   <div class='ocr_carea' id='block_1_56' title="bbox 2100 2799 3674 2871">
    <p class='ocr_par' dir='ltr' id='par_1_56' title="bbox 2100 2799 3674 2871">
     <span class='ocr_line' id='line_1_56' title="bbox 2100 2799 3674 2871; baseline -0.002 -18"><span class='ocrx_word' id='word_1_388' title='bbox 2100 2801 2405 2871; x_wconf 78' lang='grc' dir='ltr'>ὴχείτωσαν</span> <span class='ocrx_word' id='word_1_389' title='bbox 2458 2804 2539 2865; x_wconf 83' lang='grc' dir='ltr'><strong>είς</strong></span> <span class='ocrx_word' id='word_1_390' title='bbox 2586 2801 2648 2854; x_wconf 79' lang='grc' dir='ltr'><strong>τὸ</strong></span> <span class='ocrx_word' id='word_1_391' title='bbox 2708 2800 2841 2870; x_wconf 74' lang='grc' dir='ltr'>’ὕψος</span> <span class='ocrx_word' id='word_1_392' title='bbox 2908 2801 2966 2854; x_wconf 82' lang='grc' dir='ltr'>αἱ</span> <span class='ocrx_word' id='word_1_393' title='bbox 3034 2799 3388 2870; x_wconf 76' lang='grc' dir='ltr'>ψαλμῳδίαιο</span> <span class='ocrx_word' id='word_1_394' title='bbox 3439 2799 3508 2852; x_wconf 82' lang='grc' dir='ltr'>τὰ</span> <span class='ocrx_word' id='word_1_395' title='bbox 3564 2799 3674 2851; x_wconf 88' lang='grc' dir='ltr'><strong>τῶν</strong></span> 
     </span>
    </p>
   </div>
   <div class='ocr_carea' id='block_1_57' title="bbox 2105 2891 3674 2963">
    <p class='ocr_par' dir='ltr' id='par_1_57' title="bbox 2105 2891 3674 2963">
     <span class='ocr_line' id='line_1_57' title="bbox 2105 2891 3674 2963; baseline -0.001 -20"><span class='ocrx_word' id='word_1_396' title='bbox 2105 2891 2359 2961; x_wconf 86' lang='grc' dir='ltr'>μοναχῶν</span> <span class='ocrx_word' id='word_1_397' title='bbox 2382 2892 2596 2963; x_wconf 68' lang='grc' dir='ltr'>ὄργανα</span> <span class='ocrx_word' id='word_1_398' title='bbox 2647 2892 3040 2963; x_wconf 84' lang='grc' dir='ltr'>πληττέτωσαν</span> <span class='ocrx_word' id='word_1_399' title='bbox 3079 2892 3173 2944; x_wconf 76' lang='grc' dir='ltr'>τὸν</span> <span class='ocrx_word' id='word_1_400' title='bbox 3229 2891 3393 2961; x_wconf 82' lang='grc' dir='ltr'>ἀέρα,</span> <span class='ocrx_word' id='word_1_401' title='bbox 3449 2892 3542 2942; x_wconf 75' lang='grc' dir='ltr'><strong>καὶ</strong></span> <span class='ocrx_word' id='word_1_402' title='bbox 3582 2891 3674 2942; x_wconf 68' lang='grc' dir='ltr'><strong>διὰ</strong></span> 
     </span>
    </p>
   </div>
   <div class='ocr_carea' id='block_1_58' title="bbox 2105 2983 3675 3054">
    <p class='ocr_par' dir='ltr' id='par_1_58' title="bbox 2105 2983 3675 3054">
     <span class='ocr_line' id='line_1_58' title="bbox 2105 2983 3675 3054; baseline 0 -19"><span class='ocrx_word' id='word_1_403' title='bbox 2105 2984 2375 3053; x_wconf 88' lang='grc' dir='ltr'>στόματος</span> <span class='ocrx_word' id='word_1_404' title='bbox 2405 2984 2604 3037; x_wconf 72' lang='grc' dir='ltr'>ἴτωσαν</span> <span class='ocrx_word' id='word_1_405' title='bbox 2629 2986 2873 3049; x_wconf 86' lang='grc' dir='ltr'>πάντων,</span> <span class='ocrx_word' id='word_1_406' title='bbox 2899 2987 2993 3038; x_wconf 82' lang='grc' dir='ltr'><strong>καὶ</strong></span> <span class='ocrx_word' id='word_1_407' title='bbox 3029 2988 3210 3038; x_wconf 81' lang='grc' dir='ltr'>πᾶσαν</span> <span class='ocrx_word' id='word_1_408' title='bbox 3236 2987 3337 3054; x_wconf 82' lang='grc' dir='ltr'>τὴν</span> <span class='ocrx_word' id='word_1_409' title='bbox 3366 2983 3675 3053; x_wconf 83' lang='grc' dir='ltr'>περίχωρον</span> 
     </span>
    </p>
   </div>
   <div class='ocr_carea' id='block_1_59' title="bbox 2102 3070 3677 3148">
    <p class='ocr_par' dir='ltr' id='par_1_59' title="bbox 2102 3070 3677 3148">
     <span class='ocr_line' id='line_1_59' title="bbox 2102 3070 3677 3148; baseline 0 -21"><span class='ocrx_word' id='word_1_410' title='bbox 2102 3074 2537 3145; x_wconf 73' lang='grc' dir='ltr'>διατρεχέτωσαν</span> <span class='ocrx_word' id='word_1_411' title='bbox 2560 3076 2617 3130; x_wconf 77' lang='lat' dir='ltr'><strong>ai</strong></span> <span class='ocrx_word' id='word_1_412' title='bbox 2651 3079 2943 3148; x_wconf 84' lang='grc' dir='ltr'>προσηνεῖς</span> <span class='ocrx_word' id='word_1_413' title='bbox 2960 3070 3120 3129; x_wconf 60' lang='lat' dir='ltr'><strong>aii-rat</strong></span> <span class='ocrx_word' id='word_1_414' title='bbox 3138 3076 3502 3145; x_wconf 81' lang='grc' dir='ltr'>πανηγύρεις,</span> <span class='ocrx_word' id='word_1_415' title='bbox 3527 3078 3677 3138; x_wconf 84' lang='grc' dir='ltr'>ὅπως</span> 
     </span>
    </p>
   </div>
   <div class='ocr_carea' id='block_1_60' title="bbox 423 3147 1998 3237">
    <p class='ocr_par' dir='ltr' id='par_1_60' title="bbox 423 3147 1998 3231">
     <span class='ocr_line' id='line_1_60' title="bbox 423 3147 1998 3231; baseline -0.006 0"><span class='ocrx_word' id='word_1_416' title='bbox 423 3147 665 3231; x_wconf 74' lang='lat' dir='ltr'><strong>tenebris</strong></span> <span class='ocrx_word' id='word_1_417' title='bbox 726 3182 782 3228; x_wconf 89' lang='lat' dir='ltr'><strong>et</strong></span> <span class='ocrx_word' id='word_1_418' title='bbox 834 3147 1029 3226; x_wconf 81' lang='lat' dir='ltr'><strong>umbra</strong></span> <span class='ocrx_word' id='word_1_419' title='bbox 1074 3170 1267 3226; x_wconf 87' lang='lat' dir='ltr'><strong>mortis</strong></span> <span class='ocrx_word' id='word_1_420' title='bbox 1295 3170 1384 3224; x_wconf 80' lang='lat' dir='ltr'><strong>lux</strong></span> <span class='ocrx_word' id='word_1_421' title='bbox 1431 3164 1498 3224; x_wconf 86' lang='lat' dir='ltr'><strong>de</strong></span> <span class='ocrx_word' id='word_1_422' title='bbox 1528 3168 1680 3224; x_wconf 69' lang='lat' dir='ltr'><strong>cmlis</strong></span> <span class='ocrx_word' id='word_1_423' title='bbox 1736 3147 1853 3223; x_wconf 82' lang='lat' dir='ltr'><strong>orta</strong></span> <span class='ocrx_word' id='word_1_424' title='bbox 1877 3168 1998 3223; x_wconf 78' lang='lat' dir='ltr'><strong>eSt?</strong></span> 
     </span>
    </p>
   </div>
   <div class='ocr_carea' id='block_1_61' title="bbox 2101 3147 3679 3237">
    <p class='ocr_par' dir='ltr' id='par_1_61' title="bbox 2103 3147 3679 3237">
     <span class='ocr_line' id='line_1_61' title="bbox 2103 3147 3679 3237; baseline -0.001 -20"><span class='ocrx_word' id='word_1_425' title='bbox 2103 3166 2135 3235; x_wconf 81' lang='grc' dir='ltr'><strong>ἡ</strong></span> <span class='ocrx_word' id='word_1_426' title='bbox 2182 3166 2294 3218; x_wconf 82' lang='grc' dir='ltr'><strong>τῶν</strong></span> <span class='ocrx_word' id='word_1_427' title='bbox 2338 3166 2645 3236; x_wconf 85' lang='grc' dir='ltr'>χαιρόντων</span> <span class='ocrx_word' id='word_1_428' title='bbox 2670 3147 2888 3237; x_wconf 75' lang='grc' dir='ltr'>κραυγὴ</span> <span class='ocrx_word' id='word_1_429' title='bbox 2922 3167 2998 3237; x_wconf 81' lang='grc' dir='ltr'><strong>μὴ</strong></span> <span class='ocrx_word' id='word_1_430' title='bbox 3034 3167 3193 3237; x_wconf 87' lang='grc' dir='ltr'>μόνον</span> <span class='ocrx_word' id='word_1_431' title='bbox 3226 3166 3378 3234; x_wconf 78' lang='grc' dir='ltr'>παρὰ</span> <span class='ocrx_word' id='word_1_432' title='bbox 3420 3166 3529 3217; x_wconf 89' lang='grc' dir='ltr'><strong>τῶν</strong></span> <span class='ocrx_word' id='word_1_433' title='bbox 3558 3168 3679 3219; x_wconf 73' lang='grc' dir='ltr'>ἑπι-</span> 
     </span>
    </p>
   </div>
   <div class='ocr_carea' id='block_1_62' title="bbox 428 3260 1997 3337">
    <p class='ocr_par' dir='ltr' id='par_1_62' title="bbox 428 3260 1997 3337">
     <span class='ocr_line' id='line_1_62' title="bbox 428 3260 1997 3337; baseline -0.005 -15"><span class='ocrx_word' id='word_1_434' title='bbox 428 3268 618 3323; x_wconf 82' lang='lat' dir='ltr'><strong>Videte</strong></span> <span class='ocrx_word' id='word_1_435' title='bbox 650 3264 927 3337; x_wconf 89' lang='lat' dir='ltr'><strong>quomodo</strong></span> <span class='ocrx_word' id='word_1_436' title='bbox 959 3263 1052 3317; x_wconf 82' lang='lat' dir='ltr'><strong>lux</strong></span> <span class='ocrx_word' id='word_1_437' title='bbox 1084 3262 1198 3317; x_wconf 65' lang='lat' dir='ltr'><strong>hac</strong></span> <span class='ocrx_word' id='word_1_438' title='bbox 1223 3261 1463 3331; x_wconf 83' lang='lat' dir='ltr'><strong>desuper</strong></span> <span class='ocrx_word' id='word_1_439' title='bbox 1496 3272 1615 3316; x_wconf 88' lang='lat' dir='ltr'><strong>orta</strong></span> <span class='ocrx_word' id='word_1_440' title='bbox 1650 3262 1742 3326; x_wconf 87' lang='lat' dir='ltr'><strong>sit,</strong></span> <span class='ocrx_word' id='word_1_441' title='bbox 1789 3269 1849 3315; x_wconf 92' lang='lat' dir='ltr'><strong>ut</strong></span> <span class='ocrx_word' id='word_1_442' title='bbox 1905 3260 1997 3330; x_wconf 92' lang='lat' dir='ltr'><strong>qui</strong></span> 
     </span>
    </p>
   </div>
   <div class='ocr_carea' id='block_1_63' title="bbox 423 3354 1997 3430">
    <p class='ocr_par' dir='ltr' id='par_1_63' title="bbox 423 3354 1997 3430">
     <span class='ocr_line' id='line_1_63' title="bbox 423 3354 1997 3430; baseline -0.004 -15"><span class='ocrx_word' id='word_1_443' title='bbox 423 3361 579 3417; x_wconf 86' lang='lat' dir='ltr'><strong>sedet</strong></span> <span class='ocrx_word' id='word_1_444' title='bbox 610 3374 776 3430; x_wconf 84' lang='lat' dir='ltr'><strong>super</strong></span> <span class='ocrx_word' id='word_1_445' title='bbox 820 3372 1011 3411; x_wconf 87' lang='lat' dir='ltr'><strong>omnes</strong></span> <span class='ocrx_word' id='word_1_446' title='bbox 1056 3354 1512 3418; x_wconf 79' lang='lat' dir='ltr'><strong>Excelsissimus,</strong></span> <span class='ocrx_word' id='word_1_447' title='bbox 1567 3369 1676 3406; x_wconf 91' lang='lat' dir='ltr'><strong>non</strong></span> <span class='ocrx_word' id='word_1_448' title='bbox 1736 3364 1997 3424; x_wconf 85' lang='lat' dir='ltr'><strong>apparatu</strong></span> 
     </span>
    </p>
   </div>
   <div class='ocr_carea' id='block_1_64' title="bbox 423 3445 1999 3515">
    <p class='ocr_par' dir='ltr' id='par_1_64' title="bbox 423 3445 1999 3515">
     <span class='ocr_line' id='line_1_64' title="bbox 423 3445 1999 3515; baseline -0.004 -12"><span class='ocrx_word' id='word_1_449' title='bbox 423 3448 621 3504; x_wconf 91' lang='lat' dir='ltr'><strong>bellico</strong></span> <span class='ocrx_word' id='word_1_450' title='bbox 651 3449 854 3504; x_wconf 78' lang='lat' dir='ltr'><strong>eximio</strong></span> <span class='ocrx_word' id='word_1_451' title='bbox 879 3490 894 3513; x_wconf 94' lang='lat'><strong>,</strong></span> <span class='ocrx_word' id='word_1_452' title='bbox 961 3446 1058 3502; x_wconf 90' lang='lat' dir='ltr'><strong>sed</strong></span> <span class='ocrx_word' id='word_1_453' title='bbox 1090 3461 1187 3501; x_wconf 88' lang='lat' dir='ltr'><strong>sua</strong></span> <span class='ocrx_word' id='word_1_454' title='bbox 1234 3446 1408 3515; x_wconf 88' lang='lat' dir='ltr'><strong>ipsius</strong></span> <span class='ocrx_word' id='word_1_455' title='bbox 1450 3445 1650 3498; x_wconf 91' lang='lat' dir='ltr'><strong>virtute</strong></span> <span class='ocrx_word' id='word_1_456' title='bbox 1679 3445 1891 3515; x_wconf 65' lang='lat' dir='ltr'><strong>jmaguo</strong></span> <span class='ocrx_word' id='word_1_457' title='bbox 1943 3453 1999 3498; x_wconf 91' lang='lat' dir='ltr'><strong>et</strong></span> 
     </span>
    </p>
   </div>
   <div class='ocr_carea' id='block_1_65' title="bbox 424 3536 2001 3613">
    <p class='ocr_par' dir='ltr' id='par_1_65' title="bbox 424 3536 2001 3613">
     <span class='ocr_line' id='line_1_65' title="bbox 424 3536 2001 3613; baseline -0.005 -15"><span class='ocrx_word' id='word_1_458' title='bbox 424 3542 783 3613; x_wconf 80' lang='lat' dir='ltr'><strong>inclytissimo</strong></span> <span class='ocrx_word' id='word_1_459' title='bbox 805 3540 1143 3610; x_wconf 90' lang='lat' dir='ltr'><strong>imperatori,</strong></span> <span class='ocrx_word' id='word_1_460' title='bbox 1196 3538 1421 3594; x_wconf 91' lang='lat' dir='ltr'><strong>domino</strong></span> <span class='ocrx_word' id='word_1_461' title='bbox 1474 3536 1674 3592; x_wconf 86' lang='lat' dir='ltr'><strong>Joanni</strong></span> <span class='ocrx_word' id='word_1_462' title='bbox 1730 3536 2001 3592; x_wconf 88' lang='lat' dir='ltr'><strong>Cantacu-</strong></span> 
     </span>
    </p>
   </div>
   <div class='ocr_carea' id='block_1_66' title="bbox 424 3628 1998 3702">
    <p class='ocr_par' dir='ltr' id='par_1_66' title="bbox 424 3628 1998 3702">
     <span class='ocr_line' id='line_1_66' title="bbox 424 3628 1998 3702; baseline -0.004 -14"><span class='ocrx_word' id='word_1_463' title='bbox 424 3650 594 3699; x_wconf 85' lang='lat' dir='ltr'><strong>zeno,</strong></span> <span class='ocrx_word' id='word_1_464' title='bbox 625 3633 915 3702; x_wconf 88' lang='lat' dir='ltr'><strong>eidemque</strong></span> <span class='ocrx_word' id='word_1_465' title='bbox 959 3628 1178 3700; x_wconf 90' lang='lat' dir='ltr'><strong>imperii</strong></span> <span class='ocrx_word' id='word_1_466' title='bbox 1238 3641 1295 3684; x_wconf 91' lang='lat' dir='ltr'><strong>et</strong></span> <span class='ocrx_word' id='word_1_467' title='bbox 1339 3628 1690 3698; x_wconf 86' lang='lat' dir='ltr'><strong>imperatoris</strong></span> <span class='ocrx_word' id='word_1_468' title='bbox 1759 3628 1998 3698; x_wconf 88' lang='lat' dir='ltr'><strong>parenti,</strong></span> 
     </span>
    </p>
   </div>
   <div class='ocr_carea' id='block_1_67' title="bbox 424 3719 2000 3793">
    <p class='ocr_par' dir='ltr' id='par_1_67' title="bbox 424 3719 2000 3793">
     <span class='ocr_line' id='line_1_67' title="bbox 424 3719 2000 3793; baseline -0.004 -12"><span class='ocrx_word' id='word_1_469' title='bbox 424 3727 569 3781; x_wconf 90' lang='lat' dir='ltr'><strong>hanc</strong></span> <span class='ocrx_word' id='word_1_470' title='bbox 598 3725 841 3780; x_wconf 91' lang='lat' dir='ltr'><strong>omnium</strong></span> <span class='ocrx_word' id='word_1_471' title='bbox 873 3722 1089 3777; x_wconf 89' lang='lat' dir='ltr'><strong>urbium</strong></span> <span class='ocrx_word' id='word_1_472' title='bbox 1112 3720 1359 3793; x_wconf 75' lang='lat' dir='ltr'><strong>reginam</strong></span> <span class='ocrx_word' id='word_1_473' title='bbox 1395 3720 1659 3785; x_wconf 87' lang='lat' dir='ltr'><strong>traderet,</strong></span> <span class='ocrx_word' id='word_1_474' title='bbox 1693 3729 1749 3775; x_wconf 93' lang='lat' dir='ltr'><strong>et</strong></span> <span class='ocrx_word' id='word_1_475' title='bbox 1781 3719 1889 3774; x_wconf 84' lang='lat' dir='ltr'><strong>huc</strong></span> <span class='ocrx_word' id='word_1_476' title='bbox 1914 3734 2000 3775; x_wconf 84' lang='lat' dir='ltr'><strong>us-</strong></span> 
     </span>
    </p>
   </div>
   <div class='ocr_carea' id='block_1_68' title="bbox 366 3810 2001 3888">
    <p class='ocr_par' dir='ltr' id='par_1_68' title="bbox 366 3810 2001 3888">
     <span class='ocr_line' id='line_1_68' title="bbox 366 3810 2001 3888; baseline -0.002 -18"><span class='ocrx_word' id='word_1_477' title='bbox 366 3828 373 3835; x_wconf 86' lang='lat'>&#39;</span> <span class='ocrx_word' id='word_1_478' title='bbox 422 3832 532 3888; x_wconf 90' lang='lat' dir='ltr'><strong>que</strong></span> <span class='ocrx_word' id='word_1_479' title='bbox 564 3817 749 3887; x_wconf 86' lang='lat' dir='ltr'><strong>justus</strong></span> <span class='ocrx_word' id='word_1_480' title='bbox 777 3810 947 3883; x_wconf 83' lang='lat' dir='ltr'><strong>judex</strong></span> <span class='ocrx_word' id='word_1_481' title='bbox 996 3812 1102 3867; x_wconf 91' lang='lat' dir='ltr'><strong>hoc</strong></span> <span class='ocrx_word' id='word_1_482' title='bbox 1158 3811 1210 3866; x_wconf 89' lang='lat' dir='ltr'><strong>ei</strong></span> <span class='ocrx_word' id='word_1_483' title='bbox 1261 3812 1552 3881; x_wconf 91' lang='lat' dir='ltr'><strong>imperium</strong></span> <span class='ocrx_word' id='word_1_484' title='bbox 1614 3827 1716 3882; x_wconf 83' lang='lat' dir='ltr'><strong>pro</strong></span> <span class='ocrx_word' id='word_1_485' title='bbox 1771 3828 2001 3867; x_wconf 90' lang='lat' dir='ltr'><strong>munere</strong></span> 
     </span>
    </p>
   </div>
   <div class='ocr_carea' id='block_1_69' title="bbox 423 3900 2004 3969">
    <p class='ocr_par' dir='ltr' id='par_1_69' title="bbox 423 3900 2004 3969">
     <span class='ocr_line' id='line_1_69' title="bbox 423 3900 2004 3969; baseline -0.001 -10"><span class='ocrx_word' id='word_1_486' title='bbox 423 3912 693 3969; x_wconf 84' lang='lat' dir='ltr'><strong>servaret,</strong></span> <span class='ocrx_word' id='word_1_487' title='bbox 729 3910 789 3956; x_wconf 89' lang='lat' dir='ltr'><strong>ut</strong></span> <span class='ocrx_word' id='word_1_488' title='bbox 821 3900 1076 3956; x_wconf 86' lang='lat' dir='ltr'><strong>omnibus</strong></span> <span class='ocrx_word' id='word_1_489' title='bbox 1113 3900 1217 3954; x_wconf 77' lang='lat' dir='ltr'><strong>huc</strong></span> <span class='ocrx_word' id='word_1_490' title='bbox 1246 3915 1275 3955; x_wconf 92' lang='lat' dir='ltr'><strong>a</strong></span> <span class='ocrx_word' id='word_1_491' title='bbox 1306 3900 1537 3955; x_wconf 87' lang='lat' dir='ltr'><strong>Domino</strong></span> <span class='ocrx_word' id='word_1_492' title='bbox 1586 3902 1719 3968; x_wconf 92' lang='lat' dir='ltr'><strong>Deo,</strong></span> <span class='ocrx_word' id='word_1_493' title='bbox 1774 3918 1881 3957; x_wconf 91' lang='lat' dir='ltr'><strong>non</strong></span> <span class='ocrx_word' id='word_1_494' title='bbox 1934 3904 2004 3957; x_wconf 90' lang='lat' dir='ltr'><strong>ab</strong></span> 
     </span>
    </p>
   </div>
   <div class='ocr_carea' id='block_1_70' title="bbox 423 3996 2002 4067">
    <p class='ocr_par' dir='ltr' id='par_1_70' title="bbox 423 3996 2002 4067">
     <span class='ocr_line' id='line_1_70' title="bbox 423 3996 2002 4067; baseline -0.001 -13"><span class='ocrx_word' id='word_1_495' title='bbox 423 3998 647 4055; x_wconf 85' lang='lat' dir='ltr'><strong>homine</strong></span> <span class='ocrx_word' id='word_1_496' title='bbox 678 3998 881 4053; x_wconf 85' lang='lat' dir='ltr'><strong>factum</strong></span> <span class='ocrx_word' id='word_1_497' title='bbox 913 3996 1074 4067; x_wconf 89' lang='lat' dir='ltr'><strong>plane</strong></span> <span class='ocrx_word' id='word_1_498' title='bbox 1105 4006 1408 4053; x_wconf 84' lang='lat' dir='ltr'><strong>constaret.</strong></span> <span class='ocrx_word' id='word_1_499' title='bbox 1458 3996 1549 4052; x_wconf 86' lang='lat' dir='ltr'><strong>Ait</strong></span> <span class='ocrx_word' id='word_1_500' title='bbox 1599 3999 1748 4052; x_wconf 89' lang='lat' dir='ltr'><strong>enim</strong></span> <span class='ocrx_word' id='word_1_501' title='bbox 1780 3998 2002 4067; x_wconf 85' lang='lat' dir='ltr'><strong>sapien-</strong></span> 
     </span>
    </p>
   </div>
   <div class='ocr_carea' id='block_1_71' title="bbox 425 4086 2004 4161">
    <p class='ocr_par' dir='ltr' id='par_1_71' title="bbox 425 4086 2004 4161">
     <span class='ocr_line' id='line_1_71' title="bbox 425 4086 2004 4161; baseline 0 -14"><span class='ocrx_word' id='word_1_502' title='bbox 425 4091 674 4147; x_wconf 88' lang='lat' dir='ltr'><strong>tissimus</strong></span> <span class='ocrx_word' id='word_1_503' title='bbox 731 4088 1022 4155; x_wconf 87' lang='lat' dir='ltr'><strong>Salomon,</strong></span> <span class='ocrx_word' id='word_1_504' title='bbox 1095 4107 1113 4143; x_wconf 87' lang='grc' dir='ltr'><strong>ι</strong></span> <span class='ocrx_word' id='word_1_505' title='bbox 1176 4086 1418 4160; x_wconf 86' lang='lat' dir='ltr'><strong>Tempus</strong></span> <span class='ocrx_word' id='word_1_506' title='bbox 1477 4088 1677 4161; x_wconf 91' lang='lat' dir='ltr'><strong>cuique</strong></span> <span class='ocrx_word' id='word_1_507' title='bbox 1744 4091 1822 4146; x_wconf 89' lang='lat' dir='ltr'><strong>rei</strong></span> <span class='ocrx_word' id='word_1_508' title='bbox 1901 4091 2004 4147; x_wconf 89' lang='lat' dir='ltr'><strong>sub</strong></span> 
     </span>
    </p>
   </div>
   <div class='ocr_carea' id='block_1_72' title="bbox 2102 3256 3676 3328">
    <p class='ocr_par' dir='ltr' id='par_1_72' title="bbox 2102 3256 3676 3328">
     <span class='ocr_line' id='line_1_72' title="bbox 2102 3256 3676 3328; baseline 0 -20"><span class='ocrx_word' id='word_1_509' title='bbox 2102 3257 2429 3323; x_wconf 83' lang='grc' dir='ltr'>γείων,ἁλλ’</span> <span class='ocrx_word' id='word_1_510' title='bbox 2457 3256 2538 3309; x_wconf 77' lang='grc' dir='ltr'>ἔτι</span> <span class='ocrx_word' id='word_1_511' title='bbox 2571 3258 2667 3311; x_wconf 77' lang='lat' dir='ltr'><strong>xal.</strong></span> <span class='ocrx_word' id='word_1_512' title='bbox 2718 3258 2872 3328; x_wconf 80' lang='grc' dir='ltr'>παρὰ</span> <span class='ocrx_word' id='word_1_513' title='bbox 2918 3259 3028 3311; x_wconf 88' lang='grc' dir='ltr'><strong>τῶν</strong></span> <span class='ocrx_word' id='word_1_514' title='bbox 3084 3258 3352 3328; x_wconf 86' lang='grc' dir='ltr'>οὐρανίων</span> <span class='ocrx_word' id='word_1_515' title='bbox 3405 3256 3676 3326; x_wconf 74' lang='grc' dir='ltr'>ἀκούηται</span> 
     </span>
    </p>
   </div>
   <div class='ocr_carea' id='block_1_73' title="bbox 2103 3346 3675 3419">
    <p class='ocr_par' dir='ltr' id='par_1_73' title="bbox 2103 3346 3675 3419">
     <span class='ocr_line' id='line_1_73' title="bbox 2103 3346 3675 3419; baseline -0.001 -20"><span class='ocrx_word' id='word_1_516' title='bbox 2103 3346 2355 3401; x_wconf 87' lang='grc' dir='ltr'>πολιτῶν.</span> <span class='ocrx_word' id='word_1_517' title='bbox 2402 3348 2695 3401; x_wconf 82' lang='grc' dir='ltr'>’Δκούσατε</span> <span class='ocrx_word' id='word_1_518' title='bbox 2737 3349 2953 3415; x_wconf 88' lang='grc' dir='ltr'>τοίνυν,</span> <span class='ocrx_word' id='word_1_519' title='bbox 2980 3350 3222 3419; x_wconf 82' lang='grc' dir='ltr'>οὐρανοὶ,</span> <span class='ocrx_word' id='word_1_520' title='bbox 3282 3349 3374 3401; x_wconf 77' lang='grc' dir='ltr'><strong>καὶ</strong></span> <span class='ocrx_word' id='word_1_521' title='bbox 3435 3349 3675 3417; x_wconf 85' lang='grc' dir='ltr'>λαλήσω,</span> 
     </span>
    </p>
   </div>
   <div class='ocr_carea' id='block_1_74' title="bbox 2101 3438 3679 3510">
    <p class='ocr_par' dir='ltr' id='par_1_74' title="bbox 2101 3438 3679 3510">
     <span class='ocr_line' id='line_1_74' title="bbox 2101 3438 3679 3510; baseline 0.001 -18"><span class='ocrx_word' id='word_1_522' title='bbox 2101 3440 2197 3492; x_wconf 72' lang='grc' dir='ltr'><strong>καὶ</strong></span> <span class='ocrx_word' id='word_1_523' title='bbox 2224 3438 2471 3492; x_wconf 83' lang='grc' dir='ltr'>ἀκουέτω</span> <span class='ocrx_word' id='word_1_524' title='bbox 2504 3440 2577 3507; x_wconf 86' lang='grc' dir='ltr'>γῆ</span> <span class='ocrx_word' id='word_1_525' title='bbox 2611 3440 2835 3510; x_wconf 77' lang='grc' dir='ltr'>ῥήματα</span> <span class='ocrx_word' id='word_1_526' title='bbox 2879 3441 2943 3491; x_wconf 79' lang='grc' dir='ltr'>ὲκ</span> <span class='ocrx_word' id='word_1_527' title='bbox 3000 3440 3270 3506; x_wconf 83' lang='grc' dir='ltr'>στόματός</span> <span class='ocrx_word' id='word_1_528' title='bbox 3331 3457 3458 3509; x_wconf 90' lang='grc' dir='ltr'>μου.</span> <span class='ocrx_word' id='word_1_529' title='bbox 3513 3438 3679 3493; x_wconf 71' lang='grc' dir='ltr'>Ἀλλὰ</span> 
     </span>
    </p>
   </div>
   <div class='ocr_carea' id='block_1_75' title="bbox 2101 3529 3675 3602">
    <p class='ocr_par' dir='ltr' id='par_1_75' title="bbox 2101 3529 3675 3602">
     <span class='ocr_line' id='line_1_75' title="bbox 2101 3529 3675 3602; baseline 0.002 -20"><span class='ocrx_word' id='word_1_530' title='bbox 2101 3530 2186 3591; x_wconf 86' lang='grc' dir='ltr'>τις</span> <span class='ocrx_word' id='word_1_531' title='bbox 2219 3531 2321 3583; x_wconf 90' lang='grc' dir='ltr'><strong>οὐκ</strong></span> <span class='ocrx_word' id='word_1_532' title='bbox 2350 3530 2418 3584; x_wconf 87' lang='grc' dir='ltr'>ἂν</span> <span class='ocrx_word' id='word_1_533' title='bbox 2450 3531 2715 3600; x_wconf 78' lang='grc' dir='ltr'>ἀσμένως</span> <span class='ocrx_word' id='word_1_534' title='bbox 2731 3529 2987 3596; x_wconf 85' lang='grc' dir='ltr'>ἀκούσαι,</span> <span class='ocrx_word' id='word_1_535' title='bbox 3014 3530 3097 3594; x_wconf 86' lang='grc' dir='ltr'><strong>τίς</strong></span> <span class='ocrx_word' id='word_1_536' title='bbox 3133 3532 3234 3584; x_wconf 83' lang='grc' dir='ltr'><strong>οὐκ</strong></span> <span class='ocrx_word' id='word_1_537' title='bbox 3275 3533 3675 3602; x_wconf 73' lang='grc' dir='ltr'>ἠκριόωμένως</span> 
     </span>
    </p>
   </div>
   <div class='ocr_carea' id='block_1_76' title="bbox 2103 3622 3678 3694">
    <p class='ocr_par' dir='ltr' id='par_1_76' title="bbox 2103 3622 3678 3694">
     <span class='ocr_line' id='line_1_76' title="bbox 2103 3622 3678 3694; baseline 0.005 -21"><span class='ocrx_word' id='word_1_538' title='bbox 2103 3622 2361 3691; x_wconf 81' lang='grc' dir='ltr'>προσέξοι</span> <span class='ocrx_word' id='word_1_539' title='bbox 2394 3624 2505 3685; x_wconf 82' lang='grc' dir='ltr'>τοῖς</span> <span class='ocrx_word' id='word_1_540' title='bbox 2535 3623 2875 3691; x_wconf 75' lang='grc' dir='ltr'>λεγομένοις,</span> <span class='ocrx_word' id='word_1_541' title='bbox 2912 3623 2994 3676; x_wconf 84' lang='grc' dir='ltr'>ὅτι</span> <span class='ocrx_word' id='word_1_542' title='bbox 3017 3624 3139 3694; x_wconf 75' lang='grc' dir='ltr'>χεὶρ</span> <span class='ocrx_word' id='word_1_543' title='bbox 3198 3624 3405 3693; x_wconf 85' lang='grc' dir='ltr'>Κυρίου</span> <span class='ocrx_word' id='word_1_544' title='bbox 3454 3628 3678 3694; x_wconf 76' lang='grc' dir='ltr'>ἐγένετο</span> 
     </span>
    </p>
   </div>
   <div class='ocr_carea' id='block_1_77' title="bbox 2094 3710 3679 3795">
    <p class='ocr_par' dir='ltr' id='par_1_77' title="bbox 2094 3710 3679 3795">
     <span class='ocr_line' id='line_1_77' title="bbox 2094 3710 3679 3795; baseline 0.005 -31"><span class='ocrx_word' id='word_1_545' title='bbox 2094 3711 2198 3764; x_wconf 66' lang='grc' dir='ltr'><strong>ἐπὶ</strong></span> <span class='ocrx_word' id='word_1_546' title='bbox 2228 3713 2296 3781; x_wconf 77' lang='grc' dir='ltr'>τῇ</span> <span class='ocrx_word' id='word_1_547' title='bbox 2322 3710 2573 3783; x_wconf 82' lang='grc' dir='ltr'>βασιλείᾳ</span> <span class='ocrx_word' id='word_1_548' title='bbox 2602 3710 2920 3795; x_wconf 74' lang='grc' dir='ltr'>Ῥωμαίων,</span> <span class='ocrx_word' id='word_1_549' title='bbox 2952 3714 3047 3766; x_wconf 74' lang='grc' dir='ltr'>ἐπὶ</span> <span class='ocrx_word' id='word_1_550' title='bbox 3096 3714 3175 3784; x_wconf 83' lang='grc' dir='ltr'>τῷ</span> <span class='ocrx_word' id='word_1_551' title='bbox 3201 3715 3301 3784; x_wconf 81' lang='grc' dir='ltr'>τὴν</span> <span class='ocrx_word' id='word_1_552' title='bbox 3334 3718 3554 3787; x_wconf 76' lang='grc' dir='ltr'>ἡμέραν</span> <span class='ocrx_word' id='word_1_553' title='bbox 3578 3737 3679 3772; x_wconf 59' lang='grc' dir='ltr'>καθ</span> 
     </span>
    </p>
   </div>
   <div class='ocr_carea' id='block_1_78' title="bbox 2102 3803 3680 3881">
    <p class='ocr_par' dir='ltr' id='par_1_78' title="bbox 2102 3803 3680 3881">
     <span class='ocr_line' id='line_1_78' title="bbox 2102 3803 3680 3881; baseline 0.006 -26"><span class='ocrx_word' id='word_1_554' title='bbox 2102 3803 2416 3873; x_wconf 84' lang='grc' dir='ltr'>ταφωτίσαι</span> <span class='ocrx_word' id='word_1_555' title='bbox 2448 3803 2548 3874; x_wconf 79' lang='grc' dir='ltr'>τὴν</span> <span class='ocrx_word' id='word_1_556' title='bbox 2575 3803 2769 3870; x_wconf 85' lang='grc' dir='ltr'>νύκτα,</span> <span class='ocrx_word' id='word_1_557' title='bbox 2813 3806 2908 3857; x_wconf 80' lang='grc' dir='ltr'>καὶ</span> <span class='ocrx_word' id='word_1_558' title='bbox 2948 3804 3045 3875; x_wconf 79' lang='grc' dir='ltr'><strong>τὴν</strong></span> <span class='ocrx_word' id='word_1_559' title='bbox 3078 3805 3445 3879; x_wconf 83' lang='grc' dir='ltr'>λαμπρότητα</span> <span class='ocrx_word' id='word_1_560' title='bbox 3484 3812 3680 3881; x_wconf 75' lang='grc' dir='ltr'>πόῤῥω</span> 
     </span>
    </p>
   </div>
   <div class='ocr_carea' id='block_1_79' title="bbox 2100 3895 3680 3969">
    <p class='ocr_par' dir='ltr' id='par_1_79' title="bbox 2100 3895 3680 3969">
     <span class='ocr_line' id='line_1_79' title="bbox 2100 3895 3680 3969; baseline 0.006 -21"><span class='ocrx_word' id='word_1_561' title='bbox 2100 3896 2164 3948; x_wconf 86' lang='grc' dir='ltr'>τδ</span> <span class='ocrx_word' id='word_1_562' title='bbox 2199 3895 2390 3958; x_wconf 86' lang='grc' dir='ltr'>σκότος</span> <span class='ocrx_word' id='word_1_563' title='bbox 2418 3895 2779 3965; x_wconf 80' lang='grc' dir='ltr'>ποιήσασθαι,</span> <span class='ocrx_word' id='word_1_564' title='bbox 2811 3899 3045 3960; x_wconf 79' lang='grc' dir='ltr'>καὶτοῖς</span> <span class='ocrx_word' id='word_1_565' title='bbox 3090 3897 3426 3969; x_wconf 84' lang='grc' dir='ltr'>καθημένοις</span> <span class='ocrx_word' id='word_1_566' title='bbox 3463 3904 3520 3955; x_wconf 77' lang='grc' dir='ltr'>ἐν</span> <span class='ocrx_word' id='word_1_567' title='bbox 3553 3904 3680 3957; x_wconf 87' lang='grc' dir='ltr'>σκό-</span> 
     </span>
    </p>
   </div>
   <div class='ocr_carea' id='block_1_80' title="bbox 2101 3985 3686 4061">
    <p class='ocr_par' dir='ltr' id='par_1_80' title="bbox 2101 3985 3686 4061">
     <span class='ocr_line' id='line_1_80' title="bbox 2101 3985 3686 4061; baseline -0.004 -21"><span class='ocrx_word' id='word_1_568' title='bbox 2101 4003 2185 4040; x_wconf 84' lang='grc' dir='ltr'><strong>τει</strong></span> <span class='ocrx_word' id='word_1_569' title='bbox 2226 3987 2320 4039; x_wconf 79' lang='grc' dir='ltr'><strong>καὶ</strong></span> <span class='ocrx_word' id='word_1_570' title='bbox 2360 3987 2491 4057; x_wconf 78' lang='grc' dir='ltr'>σκιᾷ</span> <span class='ocrx_word' id='word_1_571' title='bbox 2520 3985 2614 4039; x_wconf 84' lang='grc' dir='ltr'>τοῦ</span> <span class='ocrx_word' id='word_1_572' title='bbox 2672 3987 2905 4041; x_wconf 83' lang='grc' dir='ltr'>θανάτου</span> <span class='ocrx_word' id='word_1_573' title='bbox 2947 3988 3061 4057; x_wconf 82' lang='grc' dir='ltr'><strong>φῶς</strong></span> <span class='ocrx_word' id='word_1_574' title='bbox 3110 3988 3170 4054; x_wconf 76' lang='grc' dir='ltr'><strong>ἐξ</strong></span> <span class='ocrx_word' id='word_1_575' title='bbox 3217 3992 3686 4061; x_wconf 71' lang='grc' dir='ltr'>οὐρανῶνάατε.</span> 
     </span>
    </p>
   </div>
   <div class='ocr_carea' id='block_1_81' title="bbox 2101 4077 3680 4149">
    <p class='ocr_par' dir='ltr' id='par_1_81' title="bbox 2101 4077 3680 4149">
     <span class='ocr_line' id='line_1_81' title="bbox 2101 4077 3680 4149; baseline 0.003 -18"><span class='ocrx_word' id='word_1_576' title='bbox 2101 4078 2396 4142; x_wconf 78' lang='grc' dir='ltr'>ταλκέναις</span> <span class='ocrx_word' id='word_1_577' title='bbox 2430 4079 2629 4149; x_wconf 84' lang='grc' dir='ltr'>Ὀρᾶτε</span> <span class='ocrx_word' id='word_1_578' title='bbox 2656 4077 2788 4147; x_wconf 82' lang='grc' dir='ltr'>γοῦν</span> <span class='ocrx_word' id='word_1_579' title='bbox 2807 4079 2953 4140; x_wconf 82' lang='grc' dir='ltr'>ὅπως</span> <span class='ocrx_word' id='word_1_580' title='bbox 2976 4080 3125 4132; x_wconf 54' lang='grc' dir='ltr'><strong>τουτὶ⁸</strong></span> <span class='ocrx_word' id='word_1_581' title='bbox 3154 4079 3213 4133; x_wconf 85' lang='grc' dir='ltr'><strong>τὸ</strong></span> <span class='ocrx_word' id='word_1_582' title='bbox 3245 4081 3360 4149; x_wconf 85' lang='grc' dir='ltr'><strong>φῶς</strong></span> <span class='ocrx_word' id='word_1_583' title='bbox 3383 4084 3680 4137; x_wconf 79' lang='grc' dir='ltr'>ἀνατέταλ-</span> 
     </span>
    </p>
   </div>
   <div class='ocr_carea' id='block_1_82' title="bbox 425 4170 1998 4255">
    <p class='ocr_par' dir='ltr' id='par_1_82' title="bbox 425 4181 1998 4255">
     <span class='ocr_line' id='line_1_82' title="bbox 425 4181 1998 4255; baseline 0.002 -17"><span class='ocrx_word' id='word_1_584' title='bbox 425 4182 589 4249; x_wconf 76' lang='grc' dir='ltr'>οωιο,</span> <span class='ocrx_word' id='word_1_585' title='bbox 644 4192 700 4238; x_wconf 90' lang='lat' dir='ltr'><strong>et</strong></span> <span class='ocrx_word' id='word_1_586' title='bbox 748 4184 933 4238; x_wconf 88' lang='lat' dir='ltr'><strong>omnia</strong></span> <span class='ocrx_word' id='word_1_587' title='bbox 996 4181 1139 4237; x_wconf 89' lang='lat' dir='ltr'><strong>bona</strong></span> <span class='ocrx_word' id='word_1_588' title='bbox 1174 4182 1233 4237; x_wconf 91' lang='lat' dir='ltr'><strong>in</strong></span> <span class='ocrx_word' id='word_1_589' title='bbox 1273 4191 1525 4253; x_wconf 89' lang='lat' dir='ltr'><strong>tempore</strong></span> <span class='ocrx_word' id='word_1_590' title='bbox 1576 4197 1701 4239; x_wconf 89' lang='lat' dir='ltr'><strong>suo.</strong></span> <span class='ocrx_word' id='word_1_591' title='bbox 1764 4181 1998 4255; x_wconf 86' lang='lat' dir='ltr'><strong>Tempus</strong></span> 
     </span>
    </p>
   </div>
   <div class='ocr_carea' id='block_1_83' title="bbox 2101 4170 3679 4255">
    <p class='ocr_par' dir='ltr' id='par_1_83' title="bbox 2104 4170 3679 4247">
     <span class='ocr_line' id='line_1_83' title="bbox 2104 4170 3679 4247; baseline 0.003 -21"><span class='ocrx_word' id='word_1_592' title='bbox 2104 4189 2199 4226; x_wconf 88' lang='grc' dir='ltr'><strong>κεν</strong></span> <span class='ocrx_word' id='word_1_593' title='bbox 2245 4170 2476 4237; x_wconf 80' lang='grc' dir='ltr'>ἄνωθεν,</span> <span class='ocrx_word' id='word_1_594' title='bbox 2508 4171 2583 4234; x_wconf 83' lang='grc' dir='ltr'>ὡς</span> <span class='ocrx_word' id='word_1_595' title='bbox 2609 4173 2679 4242; x_wconf 70' lang='grc' dir='ltr'>τῇ</span> <span class='ocrx_word' id='word_1_596' title='bbox 2716 4172 2927 4241; x_wconf 82' lang='grc' dir='ltr'>μεγάλῃ</span> <span class='ocrx_word' id='word_1_597' title='bbox 2952 4172 3061 4224; x_wconf 88' lang='grc' dir='ltr'><strong>τῶν</strong></span> <span class='ocrx_word' id='word_1_598' title='bbox 3115 4172 3298 4226; x_wconf 78' lang='grc' dir='ltr'>ὅπλων</span> <span class='ocrx_word' id='word_1_599' title='bbox 3362 4179 3679 4247; x_wconf 79' lang='grc' dir='ltr'>κατασκευῇ</span> 
     </span>
    </p>
   </div>
   <div class='ocr_carea' id='block_1_84' title="bbox 422 4262 1998 4348">
    <p class='ocr_par' dir='ltr' id='par_1_84' title="bbox 422 4273 1998 4348">
     <span class='ocr_line' id='line_1_84' title="bbox 422 4273 1998 4348; baseline 0.002 -19"><span class='ocrx_word' id='word_1_600' title='bbox 422 4274 611 4339; x_wconf 80' lang='lat' dir='ltr'><strong>ﬂendi,</strong></span> <span class='ocrx_word' id='word_1_601' title='bbox 674 4283 730 4330; x_wconf 92' lang='lat' dir='ltr'><strong>et</strong></span> <span class='ocrx_word' id='word_1_602' title='bbox 804 4283 1020 4346; x_wconf 87' lang='lat' dir='ltr'><strong>tempus</strong></span> <span class='ocrx_word' id='word_1_603' title='bbox 1072 4273 1363 4330; x_wconf 71' lang='lat' dir='ltr'><strong>laetandi‘.</strong></span> <span class='ocrx_word' id='word_1_604' title='bbox 1400 4294 1419 4329; x_wconf 79' lang='grc' dir='ltr'><strong>ι</strong></span> <span class='ocrx_word' id='word_1_605' title='bbox 1450 4274 1540 4332; x_wconf 88' lang='lat' dir='ltr'><strong>Sic</strong></span> <span class='ocrx_word' id='word_1_606' title='bbox 1586 4276 1880 4348; x_wconf 87' lang='lat' dir='ltr'><strong>aliquando</strong></span> <span class='ocrx_word' id='word_1_607' title='bbox 1948 4287 1998 4332; x_wconf 90' lang='lat' dir='ltr'><strong>et</strong></span> 
     </span>
    </p>
   </div>
   <div class='ocr_carea' id='block_1_85' title="bbox 2101 4262 3685 4348">
    <p class='ocr_par' dir='ltr' id='par_1_85' title="bbox 2104 4262 3685 4338">
     <span class='ocr_line' id='line_1_85' title="bbox 2104 4262 3685 4338; baseline 0.002 -21"><span class='ocrx_word' id='word_1_608' title='bbox 2104 4265 2197 4318; x_wconf 81' lang='grc' dir='ltr'><strong>τὸν</strong></span> <span class='ocrx_word' id='word_1_609' title='bbox 2248 4264 2341 4316; x_wconf 77' lang='grc' dir='ltr'><strong>ἐπὶ</strong></span> <span class='ocrx_word' id='word_1_610' title='bbox 2374 4262 2583 4324; x_wconf 82' lang='grc' dir='ltr'>πάντας</span> <span class='ocrx_word' id='word_1_611' title='bbox 2614 4262 2920 4331; x_wconf 76' lang='grc' dir='ltr'>καθήμενον</span> <span class='ocrx_word' id='word_1_612' title='bbox 2950 4262 3176 4333; x_wconf 72' lang='grc' dir='ltr'>ὕψιστον</span> <span class='ocrx_word' id='word_1_613' title='bbox 3202 4268 3269 4337; x_wconf 78' lang='grc' dir='ltr'>τῇ</span> <span class='ocrx_word' id='word_1_614' title='bbox 3297 4267 3476 4338; x_wconf 65' lang='grc' dir='ltr'>οἰκεία</span> <span class='ocrx_word' id='word_1_615' title='bbox 3520 4268 3685 4320; x_wconf 83' lang='grc' dir='ltr'>δυνά-</span> 
     </span>
    </p>
   </div>
   <div class='ocr_carea' id='block_1_86' title="bbox 421 4354 1998 4432">
    <p class='ocr_par' dir='ltr' id='par_1_86' title="bbox 421 4365 1998 4432">
     <span class='ocr_line' id='line_1_86' title="bbox 421 4365 1998 4432; baseline 0.001 -10"><span class='ocrx_word' id='word_1_616' title='bbox 421 4366 695 4431; x_wconf 85' lang='lat' dir='ltr'><strong>Chrislus.</strong></span> <span class='ocrx_word' id='word_1_617' title='bbox 718 4384 738 4419; x_wconf 82' lang='grc' dir='ltr'><strong>ι</strong></span> <span class='ocrx_word' id='word_1_618' title='bbox 766 4365 1019 4423; x_wconf 85' lang='lat' dir='ltr'><strong>Nondum</strong></span> <span class='ocrx_word' id='word_1_619' title='bbox 1052 4366 1203 4422; x_wconf 87' lang='lat' dir='ltr'><strong>venit</strong></span> <span class='ocrx_word' id='word_1_620' title='bbox 1252 4367 1389 4423; x_wconf 84' lang='lat' dir='ltr'><strong>hora</strong></span> <span class='ocrx_word' id='word_1_621' title='bbox 1445 4382 1565 4423; x_wconf 89' lang='lat' dir='ltr'><strong>mea</strong></span> <span class='ocrx_word' id='word_1_622' title='bbox 1594 4368 1635 4423; x_wconf 88' lang='grc'><strong>³.</strong></span> <span class='ocrx_word' id='word_1_623' title='bbox 1688 4388 1706 4421; x_wconf 80' lang='grc' dir='ltr'><strong>ι</strong></span> <span class='ocrx_word' id='word_1_624' title='bbox 1742 4369 1808 4425; x_wconf 86' lang='lat' dir='ltr'><strong>Et</strong></span> <span class='ocrx_word' id='word_1_625' title='bbox 1851 4370 1998 4432; x_wconf 88' lang='lat' dir='ltr'><strong>alihi.</strong></span> 
     </span>
    </p>
   </div>
   <div class='ocr_carea' id='block_1_87' title="bbox 2101 4354 3681 4432">
    <p class='ocr_par' dir='ltr' id='par_1_87' title="bbox 2108 4354 3681 4427">
     <span class='ocr_line' id='line_1_87' title="bbox 2108 4354 3681 4427; baseline 0.001 -18"><span class='ocrx_word' id='word_1_626' title='bbox 2108 4373 2199 4426; x_wconf 87' lang='grc' dir='ltr'><strong>μει</strong></span> <span class='ocrx_word' id='word_1_627' title='bbox 2228 4355 2637 4425; x_wconf 84' lang='grc' dir='ltr'>παρεσχηκέναι</span> <span class='ocrx_word' id='word_1_628' title='bbox 2662 4354 2739 4424; x_wconf 84' lang='grc' dir='ltr'>τῷ</span> <span class='ocrx_word' id='word_1_629' title='bbox 2768 4355 2991 4426; x_wconf 84' lang='grc' dir='ltr'>μεγάλῳ</span> <span class='ocrx_word' id='word_1_630' title='bbox 3024 4358 3484 4427; x_wconf 74' lang='grc' dir='ltr'>περιφανεστάτω</span> <span class='ocrx_word' id='word_1_631' title='bbox 3520 4359 3681 4427; x_wconf 80' lang='grc' dir='ltr'>βασι-</span> 
     </span>
    </p>
   </div>
   <div class='ocr_carea' id='block_1_88' title="bbox 427 4444 1998 4532">
    <p class='ocr_par' dir='ltr' id='par_1_88' title="bbox 427 4457 1998 4523">
     <span class='ocr_line' id='line_1_88' title="bbox 427 4457 1998 4523; baseline 0.002 -13"><span class='ocrx_word' id='word_1_632' title='bbox 427 4476 449 4510; x_wconf 72' lang='grc' dir='ltr'><strong>ι</strong></span> <span class='ocrx_word' id='word_1_633' title='bbox 481 4457 662 4523; x_wconf 85' lang='lat' dir='ltr'><strong>Pater,</strong></span> <span class='ocrx_word' id='word_1_634' title='bbox 695 4457 846 4514; x_wconf 83' lang='lat' dir='ltr'><strong>venit</strong></span> <span class='ocrx_word' id='word_1_635' title='bbox 885 4457 1051 4523; x_wconf 73' lang='lat' dir='ltr'><strong>liora,</strong></span> <span class='ocrx_word' id='word_1_636' title='bbox 1095 4465 1150 4512; x_wconf 89' lang='lat' dir='ltr'><strong>et</strong></span> <span class='ocrx_word' id='word_1_637' title='bbox 1180 4473 1323 4512; x_wconf 90' lang='lat' dir='ltr'><strong>nunc</strong></span> <span class='ocrx_word' id='word_1_638' title='bbox 1349 4466 1434 4514; x_wconf 89' lang='lat' dir='ltr'><strong>est</strong></span> <span class='ocrx_word' id='word_1_639' title='bbox 1468 4469 1526 4514; x_wconf 92' lang='lat' dir='ltr'><strong>ut</strong></span> <span class='ocrx_word' id='word_1_640' title='bbox 1547 4460 1873 4516; x_wconf 80' lang='lat' dir='ltr'><strong>clarilicetur</strong></span> <span class='ocrx_word' id='word_1_641' title='bbox 1912 4460 1998 4514; x_wconf 81' lang='lat' dir='ltr'><strong>Fi-</strong></span> 
     </span>
    </p>
   </div>
   <div class='ocr_carea' id='block_1_89' title="bbox 2101 4444 3684 4532">
    <p class='ocr_par' dir='ltr' id='par_1_89' title="bbox 2103 4444 3684 4519">
     <span class='ocr_line' id='line_1_89' title="bbox 2103 4444 3684 4519; baseline 0.003 -20"><span class='ocrx_word' id='word_1_642' title='bbox 2103 4448 2189 4501; x_wconf 87' lang='grc' dir='ltr'><strong>λεῖ</strong></span> <span class='ocrx_word' id='word_1_643' title='bbox 2222 4448 2397 4518; x_wconf 85' lang='grc' dir='ltr'>κυρίῳ</span> <span class='ocrx_word' id='word_1_644' title='bbox 2436 4444 2664 4519; x_wconf 76' lang='grc' dir='ltr'>Ἰωάννῃ</span> <span class='ocrx_word' id='word_1_645' title='bbox 2702 4448 2781 4516; x_wconf 81' lang='grc' dir='ltr'>τῷ</span> <span class='ocrx_word' id='word_1_646' title='bbox 2817 4445 3277 4518; x_wconf 76' lang='grc' dir='ltr'>Καντακουζηνῷ,</span> <span class='ocrx_word' id='word_1_647' title='bbox 3330 4446 3408 4517; x_wconf 85' lang='grc' dir='ltr'>τῷ</span> <span class='ocrx_word' id='word_1_648' title='bbox 3446 4451 3542 4502; x_wconf 80' lang='grc' dir='ltr'>καὶ</span> <span class='ocrx_word' id='word_1_649' title='bbox 3582 4450 3684 4518; x_wconf 76' lang='grc' dir='ltr'>τῆς</span> 
     </span>
    </p>
   </div>
   <div class='ocr_carea' id='block_1_90' title="bbox 421 4539 1998 4619">
    <p class='ocr_par' dir='ltr' id='par_1_90' title="bbox 421 4549 1998 4619">
     <span class='ocr_line' id='line_1_90' title="bbox 421 4549 1998 4619; baseline 0 -14"><span class='ocrx_word' id='word_1_650' title='bbox 421 4550 527 4606; x_wconf 89' lang='lat' dir='ltr'><strong>lius</strong></span> <span class='ocrx_word' id='word_1_651' title='bbox 561 4551 755 4617; x_wconf 70' lang='lat' dir='ltr'><strong>tuus‘;</strong></span> <span class='ocrx_word' id='word_1_652' title='bbox 784 4567 804 4603; x_wconf 76' lang='grc' dir='ltr'><strong>ι</strong></span> <span class='ocrx_word' id='word_1_653' title='bbox 830 4549 1127 4619; x_wconf 83' lang='lat' dir='ltr'><strong>statimque</strong></span> <span class='ocrx_word' id='word_1_654' title='bbox 1157 4561 1376 4619; x_wconf 78' lang='lat' dir='ltr'><strong>paterna</strong></span> <span class='ocrx_word' id='word_1_655' title='bbox 1396 4565 1495 4605; x_wconf 79' lang='lat' dir='ltr'><strong>vox</strong></span> <span class='ocrx_word' id='word_1_656' title='bbox 1523 4551 1588 4605; x_wconf 91' lang='lat' dir='ltr'><strong>ad</strong></span> <span class='ocrx_word' id='word_1_657' title='bbox 1623 4550 1844 4613; x_wconf 90' lang='lat' dir='ltr'><strong>Filium,</strong></span> <span class='ocrx_word' id='word_1_658' title='bbox 1875 4569 1894 4601; x_wconf 78' lang='grc' dir='ltr'><strong>ι</strong></span> <span class='ocrx_word' id='word_1_659' title='bbox 1932 4552 1998 4605; x_wconf 78' lang='lat' dir='ltr'><strong>Et</strong></span> 
     </span>
    </p>
   </div>
   <div class='ocr_carea' id='block_1_91' title="bbox 2101 4539 3687 4619">
    <p class='ocr_par' dir='ltr' id='par_1_91' title="bbox 2110 4539 3687 4611">
     <span class='ocr_line' id='line_1_91' title="bbox 2110 4539 3687 4611; baseline -0.001 -17"><span class='ocrx_word' id='word_1_660' title='bbox 2110 4541 2395 4611; x_wconf 81' lang='grc' dir='ltr'>βασιλείας</span> <span class='ocrx_word' id='word_1_661' title='bbox 2424 4542 2521 4595; x_wconf 73' lang='grc' dir='ltr'>καὶ</span> <span class='ocrx_word' id='word_1_662' title='bbox 2546 4540 2643 4593; x_wconf 83' lang='grc' dir='ltr'>τοῦ</span> <span class='ocrx_word' id='word_1_663' title='bbox 2677 4540 2945 4610; x_wconf 82' lang='grc' dir='ltr'>βασιλέως</span> <span class='ocrx_word' id='word_1_664' title='bbox 2979 4541 3169 4609; x_wconf 75' lang='grc' dir='ltr'>πατρὶ,</span> <span class='ocrx_word' id='word_1_665' title='bbox 3210 4539 3310 4607; x_wconf 79' lang='grc' dir='ltr'><strong>τὴν</strong></span> <span class='ocrx_word' id='word_1_666' title='bbox 3333 4540 3565 4594; x_wconf 82' lang='grc' dir='ltr'>ἁπασῶν</span> <span class='ocrx_word' id='word_1_667' title='bbox 3588 4542 3687 4609; x_wconf 83' lang='grc' dir='ltr'><strong>βα-</strong></span> 
     </span>
    </p>
   </div>
   <div class='ocr_carea' id='block_1_92' title="bbox 420 4629 1998 4706">
    <p class='ocr_par' dir='ltr' id='par_1_92' title="bbox 420 4639 1998 4706">
     <span class='ocr_line' id='line_1_92' title="bbox 420 4639 1998 4706; baseline -0.001 -8"><span class='ocrx_word' id='word_1_668' title='bbox 420 4642 735 4706; x_wconf 83' lang='lat' dir='ltr'><strong>clariﬁcavi,</strong></span> <span class='ocrx_word' id='word_1_669' title='bbox 761 4651 817 4698; x_wconf 90' lang='lat' dir='ltr'><strong>et</strong></span> <span class='ocrx_word' id='word_1_670' title='bbox 840 4642 1037 4698; x_wconf 88' lang='lat' dir='ltr'><strong>iterum</strong></span> <span class='ocrx_word' id='word_1_671' title='bbox 1063 4641 1374 4697; x_wconf 82' lang='lat' dir='ltr'><strong>clariﬁcabo</strong></span> <span class='ocrx_word' id='word_1_672' title='bbox 1401 4641 1445 4694; x_wconf 84' lang='grc'><strong>⁵.</strong></span> <span class='ocrx_word' id='word_1_673' title='bbox 1472 4660 1491 4692; x_wconf 77' lang='grc' dir='ltr'><strong>ι</strong></span> <span class='ocrx_word' id='word_1_674' title='bbox 1529 4639 1699 4695; x_wconf 88' lang='lat' dir='ltr'><strong>Etiam</strong></span> <span class='ocrx_word' id='word_1_675' title='bbox 1732 4643 1787 4696; x_wconf 92' lang='lat' dir='ltr'><strong>in</strong></span> <span class='ocrx_word' id='word_1_676' title='bbox 1825 4643 1998 4697; x_wconf 87' lang='lat' dir='ltr'><strong>Evan-</strong></span> 
     </span>
    </p>
   </div>
   <div class='ocr_carea' id='block_1_93' title="bbox 2101 4629 3684 4706">
    <p class='ocr_par' dir='ltr' id='par_1_93' title="bbox 2112 4629 3684 4701">
     <span class='ocr_line' id='line_1_93' title="bbox 2112 4629 3684 4701; baseline -0.001 -16"><span class='ocrx_word' id='word_1_677' title='bbox 2112 4632 2441 4685; x_wconf 72' lang='grc' dir='ltr'>σιὶῑεύουσαν</span> <span class='ocrx_word' id='word_1_678' title='bbox 2464 4632 2696 4700; x_wconf 79' lang='grc' dir='ltr'>ταυτηνὶ</span> <span class='ocrx_word' id='word_1_679' title='bbox 2716 4630 2895 4689; x_wconf 86' lang='grc' dir='ltr'>πόλιν,</span> <span class='ocrx_word' id='word_1_680' title='bbox 2932 4630 3029 4681; x_wconf 70' lang='grc' dir='ltr'><strong>καὶ</strong></span> <span class='ocrx_word' id='word_1_681' title='bbox 3083 4629 3249 4699; x_wconf 85' lang='grc' dir='ltr'>μέχρι</span> <span class='ocrx_word' id='word_1_682' title='bbox 3284 4632 3379 4681; x_wconf 72' lang='lat' dir='ltr'><strong>xal</strong></span> <span class='ocrx_word' id='word_1_683' title='bbox 3411 4632 3491 4689; x_wconf 82' lang='grc' dir='ltr'>εἰς</span> <span class='ocrx_word' id='word_1_684' title='bbox 3520 4630 3684 4701; x_wconf 81' lang='grc' dir='ltr'>δεῦρο</span> 
     </span>
    </p>
   </div>
   <div class='ocr_carea' id='block_1_94' title="bbox 424 4722 1998 4807">
    <p class='ocr_par' dir='ltr' id='par_1_94' title="bbox 424 4732 1998 4807">
     <span class='ocr_line' id='line_1_94' title="bbox 424 4732 1998 4807; baseline -0.001 -17"><span class='ocrx_word' id='word_1_685' title='bbox 424 4734 565 4807; x_wconf 81' lang='lat' dir='ltr'><strong>gelio</strong></span> <span class='ocrx_word' id='word_1_686' title='bbox 595 4734 849 4806; x_wconf 76' lang='lat' dir='ltr'><strong>legimus,</strong></span> <span class='ocrx_word' id='word_1_687' title='bbox 904 4732 1107 4788; x_wconf 84' lang='lat' dir='ltr'><strong>Joanni</strong></span> <span class='ocrx_word' id='word_1_688' title='bbox 1134 4733 1352 4788; x_wconf 87' lang='lat' dir='ltr'><strong>Christo</strong></span> <span class='ocrx_word' id='word_1_689' title='bbox 1382 4743 1572 4787; x_wconf 91' lang='lat' dir='ltr'><strong>nostro</strong></span> <span class='ocrx_word' id='word_1_690' title='bbox 1602 4733 1669 4787; x_wconf 84' lang='lat' dir='ltr'><strong>ad</strong></span> <span class='ocrx_word' id='word_1_691' title='bbox 1701 4733 1998 4789; x_wconf 80' lang='lat' dir='ltr'><strong>Jordanem</strong></span> 
     </span>
    </p>
   </div>
   <div class='ocr_carea' id='block_1_95' title="bbox 2101 4722 3682 4807">
    <p class='ocr_par' dir='ltr' id='par_1_95' title="bbox 2107 4722 3682 4797">
     <span class='ocr_line' id='line_1_95' title="bbox 2107 4722 3682 4797; baseline -0.003 -17"><span class='ocrx_word' id='word_1_692' title='bbox 2107 4725 2485 4797; x_wconf 74' lang='grc' dir='ltr'>διατηρεῖσθαι</span> <span class='ocrx_word' id='word_1_693' title='bbox 2514 4727 2605 4778; x_wconf 72' lang='grc' dir='ltr'><strong>τὸν</strong></span> <span class='ocrx_word' id='word_1_694' title='bbox 2641 4722 2735 4777; x_wconf 81' lang='grc' dir='ltr'>τοῦ</span> <span class='ocrx_word' id='word_1_695' title='bbox 2788 4722 3009 4776; x_wconf 72' lang='grc' dir='ltr'>’δικαίου</span> <span class='ocrx_word' id='word_1_696' title='bbox 3073 4723 3269 4792; x_wconf 74' lang='grc' dir='ltr'>κριτὴν</span> <span class='ocrx_word' id='word_1_697' title='bbox 3315 4723 3393 4794; x_wconf 82' lang='grc' dir='ltr'>τῷ</span> <span class='ocrx_word' id='word_1_698' title='bbox 3456 4723 3682 4793; x_wconf 72' lang='grc' dir='ltr'>τοιούτῳ</span> 
     </span>
    </p>
   </div>
   <div class='ocr_carea' id='block_1_96' title="bbox 422 4818 1998 4896">
    <p class='ocr_par' dir='ltr' id='par_1_96' title="bbox 422 4823 1998 4896">
     <span class='ocr_line' id='line_1_96' title="bbox 422 4823 1998 4896; baseline -0.001 -12"><span class='ocrx_word' id='word_1_699' title='bbox 422 4826 649 4884; x_wconf 87' lang='lat' dir='ltr'><strong>dicenti:</strong></span> <span class='ocrx_word' id='word_1_700' title='bbox 687 4844 707 4879; x_wconf 85' lang='grc' dir='ltr'><strong>ι</strong></span> <span class='ocrx_word' id='word_1_701' title='bbox 735 4823 847 4895; x_wconf 74' lang='lat' dir='ltr'><strong>Ego</strong></span> <span class='ocrx_word' id='word_1_702' title='bbox 876 4839 908 4881; x_wconf 88' lang='lat' dir='ltr'><strong>a</strong></span> <span class='ocrx_word' id='word_1_703' title='bbox 953 4834 1006 4880; x_wconf 89' lang='lat' dir='ltr'><strong>te</strong></span> <span class='ocrx_word' id='word_1_704' title='bbox 1033 4824 1300 4896; x_wconf 85' lang='lat' dir='ltr'><strong>baptizari</strong></span> <span class='ocrx_word' id='word_1_705' title='bbox 1330 4824 1523 4889; x_wconf 90' lang='lat' dir='ltr'><strong>debeo,</strong></span> <span class='ocrx_word' id='word_1_706' title='bbox 1549 4834 1602 4880; x_wconf 91' lang='lat' dir='ltr'><strong>et</strong></span> <span class='ocrx_word' id='word_1_707' title='bbox 1643 4835 1699 4879; x_wconf 87' lang='lat' dir='ltr'><strong>tu</strong></span> <span class='ocrx_word' id='word_1_708' title='bbox 1730 4827 1886 4882; x_wconf 87' lang='lat' dir='ltr'><strong>venis</strong></span> <span class='ocrx_word' id='word_1_709' title='bbox 1932 4827 1998 4882; x_wconf 85' lang='lat' dir='ltr'><strong>ad</strong></span> 
     </span>
    </p>
   </div>
   <div class='ocr_carea' id='block_1_97' title="bbox 2101 4818 3682 4896">
    <p class='ocr_par' dir='ltr' id='par_1_97' title="bbox 2111 4818 3682 4892">
     <span class='ocr_line' id='line_1_97' title="bbox 2111 4818 3682 4892; baseline 0.001 -18"><span class='ocrx_word' id='word_1_710' title='bbox 2111 4820 2417 4892; x_wconf 83' lang='grc' dir='ltr'>βασιλεῖ’τδ</span> <span class='ocrx_word' id='word_1_711' title='bbox 2475 4824 2654 4892; x_wconf 77' lang='grc' dir='ltr'>παρὸν</span> <span class='ocrx_word' id='word_1_712' title='bbox 2702 4819 2801 4890; x_wconf 80' lang='grc' dir='ltr'>τῆς</span> <span class='ocrx_word' id='word_1_713' title='bbox 2839 4819 3016 4888; x_wconf 82' lang='grc' dir='ltr'>ἀρχῆς</span> <span class='ocrx_word' id='word_1_714' title='bbox 3066 4818 3319 4890; x_wconf 86' lang='grc' dir='ltr'>δώρημα,</span> <span class='ocrx_word' id='word_1_715' title='bbox 3374 4822 3461 4874; x_wconf 70' lang='lat' dir='ltr'><strong>Eva</strong></span> <span class='ocrx_word' id='word_1_716' title='bbox 3510 4821 3682 4889; x_wconf 86' lang='grc' dir='ltr'>γνῶσι</span> 
     </span>
    </p>
   </div>
   <div class='ocr_carea' id='block_1_98' title="bbox 421 4910 1998 4988">
    <p class='ocr_par' dir='ltr' id='par_1_98' title="bbox 421 4912 1998 4988">
     <span class='ocr_line' id='line_1_98' title="bbox 421 4912 1998 4988; baseline -0.001 -15"><span class='ocrx_word' id='word_1_717' title='bbox 421 4915 573 4973; x_wconf 78' lang='lat' dir='ltr'><strong>me‘?</strong></span> <span class='ocrx_word' id='word_1_718' title='bbox 600 4934 618 4968; x_wconf 82' lang='grc' dir='ltr'><strong>ι</strong></span> <span class='ocrx_word' id='word_1_719' title='bbox 644 4913 990 4988; x_wconf 83' lang='lat' dir='ltr'><strong>respondisse</strong></span> <span class='ocrx_word' id='word_1_720' title='bbox 1006 4913 1278 4969; x_wconf 88' lang='lat' dir='ltr'><strong>Christum</strong></span> <span class='ocrx_word' id='word_1_721' title='bbox 1304 4931 1320 4969; x_wconf 92' lang='lat'><strong>:</strong></span> <span class='ocrx_word' id='word_1_722' title='bbox 1351 4934 1368 4967; x_wconf 83' lang='grc' dir='ltr'><strong>ι</strong></span> <span class='ocrx_word' id='word_1_723' title='bbox 1396 4912 1524 4969; x_wconf 88' lang='lat' dir='ltr'><strong>Sine</strong></span> <span class='ocrx_word' id='word_1_724' title='bbox 1541 4913 1723 4985; x_wconf 88' lang='lat' dir='ltr'><strong>modo;</strong></span> <span class='ocrx_word' id='word_1_725' title='bbox 1748 4919 1829 4973; x_wconf 89' lang='lat' dir='ltr'><strong>sic</strong></span> <span class='ocrx_word' id='word_1_726' title='bbox 1853 4917 1998 4972; x_wconf 88' lang='lat' dir='ltr'><strong>enim</strong></span> 
     </span>
    </p>
   </div>
   <div class='ocr_carea' id='block_1_99' title="bbox 2101 4910 3683 4988">
    <p class='ocr_par' dir='ltr' id='par_1_99' title="bbox 2111 4910 3683 4983">
     <span class='ocr_line' id='line_1_99' title="bbox 2111 4910 3683 4983; baseline 0.001 -18"><span class='ocrx_word' id='word_1_727' title='bbox 2111 4914 2299 4983; x_wconf 80' lang='grc' dir='ltr'>σαφῶς</span> <span class='ocrx_word' id='word_1_728' title='bbox 2323 4912 2562 4976; x_wconf 71' lang='grc' dir='ltr'>ἅπαντες</span> <span class='ocrx_word' id='word_1_729' title='bbox 2612 4910 2771 4965; x_wconf 82' lang='grc' dir='ltr'>τοῦτο</span> <span class='ocrx_word' id='word_1_730' title='bbox 2800 4912 2950 4981; x_wconf 73' lang='grc' dir='ltr'>παρὰ</span> <span class='ocrx_word' id='word_1_731' title='bbox 2978 4911 3187 4981; x_wconf 85' lang='grc' dir='ltr'>Κυρίου</span> <span class='ocrx_word' id='word_1_732' title='bbox 3218 4912 3312 4965; x_wconf 78' lang='grc' dir='ltr'><strong>τοῦ</strong></span> <span class='ocrx_word' id='word_1_733' title='bbox 3348 4913 3485 4966; x_wconf 80' lang='grc' dir='ltr'>Θεοῦ</span> <span class='ocrx_word' id='word_1_734' title='bbox 3521 4930 3683 4983; x_wconf 85' lang='grc' dir='ltr'>γεγο-</span> 
     </span>
    </p>
   </div>
   <div class='ocr_carea' id='block_1_100' title="bbox 422 5007 2002 5079">
    <p class='ocr_par' dir='ltr' id='par_1_100' title="bbox 422 5007 2002 5079">
     <span class='ocr_line' id='line_1_100' title="bbox 422 5007 2002 5079; baseline -0.001 -12"><span class='ocrx_word' id='word_1_735' title='bbox 422 5011 585 5067; x_wconf 88' lang='lat' dir='ltr'><strong>decet</strong></span> <span class='ocrx_word' id='word_1_736' title='bbox 598 5022 700 5064; x_wconf 84' lang='lat' dir='ltr'><strong>nos</strong></span> <span class='ocrx_word' id='word_1_737' title='bbox 716 5008 942 5079; x_wconf 91' lang='lat' dir='ltr'><strong>implere</strong></span> <span class='ocrx_word' id='word_1_738' title='bbox 965 5022 1183 5061; x_wconf 81' lang='lat' dir='ltr'><strong>omnem</strong></span> <span class='ocrx_word' id='word_1_739' title='bbox 1202 5007 1514 5077; x_wconf 89' lang='lat' dir='ltr'><strong>justitiam&quot;.</strong></span> <span class='ocrx_word' id='word_1_740' title='bbox 1530 5008 1731 5065; x_wconf 62' lang='lat' dir='ltr'><strong>Wex-ba</strong></span> <span class='ocrx_word' id='word_1_741' title='bbox 1749 5010 1860 5073; x_wconf 90' lang='lat' dir='ltr'><strong>illa,</strong></span> <span class='ocrx_word' id='word_1_742' title='bbox 1876 5009 2002 5065; x_wconf 82' lang='lat' dir='ltr'><strong>Sine</strong></span> 
     </span>
    </p>
   </div>
   <div class='ocr_carea' id='block_1_101' title="bbox 424 5099 2001 5172">
    <p class='ocr_par' dir='ltr' id='par_1_101' title="bbox 424 5099 2001 5172">
     <span class='ocr_line' id='line_1_101' title="bbox 424 5099 2001 5172; baseline 0.003 -18"><span class='ocrx_word' id='word_1_743' title='bbox 424 5100 600 5163; x_wconf 68' lang='lat' dir='ltr'><strong>&quot;ratio.</strong></span> <span class='ocrx_word' id='word_1_744' title='bbox 632 5100 875 5155; x_wconf 89' lang='lat' dir='ltr'><strong>nondum</strong></span> <span class='ocrx_word' id='word_1_745' title='bbox 905 5099 1098 5154; x_wconf 86' lang='lat' dir='ltr'><strong>adesse</strong></span> <span class='ocrx_word' id='word_1_746' title='bbox 1124 5107 1335 5169; x_wconf 87' lang='lat' dir='ltr'><strong>tempus</strong></span> <span class='ocrx_word' id='word_1_747' title='bbox 1367 5100 1750 5172; x_wconf 61' lang='lat' dir='ltr'><strong>signiﬁcabant</strong></span> <span class='ocrx_word' id='word_1_748' title='bbox 1795 5104 2001 5158; x_wconf 80' lang='lat' dir='ltr'><strong>exalta-</strong></span> 
     </span>
    </p>
   </div>
   <div class='ocr_carea' id='block_1_102' title="bbox 424 5191 1999 5263">
    <p class='ocr_par' dir='ltr' id='par_1_102' title="bbox 424 5191 1999 5263">
     <span class='ocr_line' id='line_1_102' title="bbox 424 5191 1999 5263; baseline 0.002 -17"><span class='ocrx_word' id='word_1_749' title='bbox 424 5192 590 5248; x_wconf 91' lang='lat' dir='ltr'><strong>tionis</strong></span> <span class='ocrx_word' id='word_1_750' title='bbox 653 5200 709 5247; x_wconf 89' lang='lat' dir='ltr'><strong>et</strong></span> <span class='ocrx_word' id='word_1_751' title='bbox 742 5192 952 5263; x_wconf 68' lang='lat' dir='ltr'><strong>gloriae,</strong></span> <span class='ocrx_word' id='word_1_752' title='bbox 1005 5191 1264 5261; x_wconf 90' lang='lat' dir='ltr'><strong>quoniam</strong></span> <span class='ocrx_word' id='word_1_753' title='bbox 1296 5193 1539 5247; x_wconf 86' lang='lat' dir='ltr'><strong>nondum</strong></span> <span class='ocrx_word' id='word_1_754' title='bbox 1591 5202 1819 5256; x_wconf 76' lang='lat' dir='ltr'><strong>venerat</strong></span> <span class='ocrx_word' id='word_1_755' title='bbox 1865 5197 1999 5250; x_wconf 87' lang='lat' dir='ltr'><strong>hora</strong></span> 
     </span>
    </p>
   </div>
   <div class='ocr_carea' id='block_1_103' title="bbox 426 5282 1998 5356">
    <p class='ocr_par' dir='ltr' id='par_1_103' title="bbox 426 5282 1998 5356">
     <span class='ocr_line' id='line_1_103' title="bbox 426 5282 1998 5356; baseline 0 -17"><span class='ocrx_word' id='word_1_756' title='bbox 426 5282 828 5340; x_wconf 86' lang='lat' dir='ltr'><strong>benedictionis</strong></span> <span class='ocrx_word' id='word_1_757' title='bbox 849 5293 903 5339; x_wconf 90' lang='lat' dir='ltr'><strong>et</strong></span> <span class='ocrx_word' id='word_1_758' title='bbox 931 5286 1140 5354; x_wconf 63' lang='lat' dir='ltr'><strong>gratiae.</strong></span> <span class='ocrx_word' id='word_1_759' title='bbox 1175 5282 1301 5339; x_wconf 66' lang='lat' dir='ltr'><strong>Haec</strong></span> <span class='ocrx_word' id='word_1_760' title='bbox 1359 5285 1523 5356; x_wconf 88' lang='lat' dir='ltr'><strong>igitur</strong></span> <span class='ocrx_word' id='word_1_761' title='bbox 1577 5286 1803 5341; x_wconf 91' lang='lat' dir='ltr'><strong>luminis</strong></span> <span class='ocrx_word' id='word_1_762' title='bbox 1862 5287 1998 5341; x_wconf 85' lang='lat' dir='ltr'><strong>hora</strong></span> 
     </span>
    </p>
   </div>
   <div class='ocr_carea' id='block_1_104' title="bbox 416 5374 2003 5449">
    <p class='ocr_par' dir='ltr' id='par_1_104' title="bbox 416 5374 2003 5449">
     <span class='ocr_line' id='line_1_104' title="bbox 416 5374 2003 5449; baseline 0.001 -17"><span class='ocrx_word' id='word_1_763' title='bbox 416 5374 795 5432; x_wconf 67' lang='lat' dir='ltr'><strong>Romanorum</strong></span> <span class='ocrx_word' id='word_1_764' title='bbox 818 5386 1036 5432; x_wconf 77' lang='lat' dir='ltr'><strong>servata</strong></span> <span class='ocrx_word' id='word_1_765' title='bbox 1065 5387 1147 5431; x_wconf 89' lang='lat' dir='ltr'><strong>est</strong></span> <span class='ocrx_word' id='word_1_766' title='bbox 1171 5377 1402 5443; x_wconf 78' lang='lat' dir='ltr'><strong>imperio</strong></span> <span class='ocrx_word' id='word_1_767' title='bbox 1446 5393 1459 5430; x_wconf 90' lang='lat'><strong>:</strong></span> <span class='ocrx_word' id='word_1_768' title='bbox 1494 5394 1565 5433; x_wconf 90' lang='lat' dir='ltr'><strong>ne</strong></span> <span class='ocrx_word' id='word_1_769' title='bbox 1594 5380 1637 5433; x_wconf 88' lang='lat' dir='ltr'><strong>si</strong></span> <span class='ocrx_word' id='word_1_770' title='bbox 1676 5389 1902 5449; x_wconf 81' lang='lat' dir='ltr'><strong>repente</strong></span> <span class='ocrx_word' id='word_1_771' title='bbox 1944 5384 2003 5434; x_wconf 64' lang='lat' dir='ltr'><strong>Et</strong></span> 
     </span>
    </p>
   </div>
   <div class='ocr_carea' id='block_1_105' title="bbox 430 5467 2004 5542">
    <p class='ocr_par' dir='ltr' id='par_1_105' title="bbox 430 5467 2004 5542">
     <span class='ocr_line' id='line_1_105' title="bbox 430 5467 2004 5542; baseline 0.002 -19"><span class='ocrx_word' id='word_1_772' title='bbox 430 5468 734 5538; x_wconf 84' lang='lat' dir='ltr'><strong>improviso</strong></span> <span class='ocrx_word' id='word_1_773' title='bbox 755 5483 955 5523; x_wconf 87' lang='lat' dir='ltr'><strong>munus</strong></span> <span class='ocrx_word' id='word_1_774' title='bbox 978 5468 1081 5523; x_wconf 90' lang='lat' dir='ltr'><strong>hoc</strong></span> <span class='ocrx_word' id='word_1_775' title='bbox 1110 5467 1365 5523; x_wconf 75' lang='lat' dir='ltr'><strong>fidelbus</strong></span> <span class='ocrx_word' id='word_1_776' title='bbox 1381 5470 1752 5534; x_wconf 80' lang='lat' dir='ltr'><strong>exhiberetur,</strong></span> <span class='ocrx_word' id='word_1_777' title='bbox 1771 5473 2004 5542; x_wconf 86' lang='lat' dir='ltr'><strong>vilipen-</strong></span> 
     </span>
    </p>
   </div>
   <div class='ocr_carea' id='block_1_106' title="bbox 424 5557 1999 5629">
    <p class='ocr_par' dir='ltr' id='par_1_106' title="bbox 424 5557 1999 5629">
     <span class='ocr_line' id='line_1_106' title="bbox 424 5557 1999 5629; baseline 0.003 -17"><span class='ocrx_word' id='word_1_778' title='bbox 424 5559 671 5614; x_wconf 88' lang='lat' dir='ltr'><strong>deretur.</strong></span> <span class='ocrx_word' id='word_1_779' title='bbox 692 5557 795 5614; x_wconf 84' lang='lat' dir='ltr'><strong>llic</strong></span> <span class='ocrx_word' id='word_1_780' title='bbox 818 5565 925 5623; x_wconf 87' lang='lat' dir='ltr'><strong>est,</strong></span> <span class='ocrx_word' id='word_1_781' title='bbox 948 5557 1042 5629; x_wconf 89' lang='lat' dir='ltr'><strong>qui</strong></span> <span class='ocrx_word' id='word_1_782' title='bbox 1065 5557 1266 5613; x_wconf 63' lang='lat' dir='ltr'><strong>caelum</strong></span> <span class='ocrx_word' id='word_1_783' title='bbox 1296 5573 1360 5613; x_wconf 85' lang='lat' dir='ltr'><strong>ac</strong></span> <span class='ocrx_word' id='word_1_784' title='bbox 1382 5568 1487 5613; x_wconf 90' lang='lat' dir='ltr'><strong>tcm</strong></span> <span class='ocrx_word' id='word_1_785' title='bbox 1498 5568 1736 5629; x_wconf 91' lang='lat' dir='ltr'><strong>pestates</strong></span> <span class='ocrx_word' id='word_1_786' title='bbox 1760 5570 1999 5616; x_wconf 83' lang='lat' dir='ltr'><strong>serenat.</strong></span> 
     </span>
    </p>
   </div>
   <div class='ocr_carea' id='block_1_107' title="bbox 425 5650 2000 5726">
    <p class='ocr_par' dir='ltr' id='par_1_107' title="bbox 425 5650 2000 5726">
     <span class='ocr_line' id='line_1_107' title="bbox 425 5650 2000 5726; baseline 0.001 -21"><span class='ocrx_word' id='word_1_787' title='bbox 425 5650 664 5719; x_wconf 79' lang='lat' dir='ltr'><strong>illeille,</strong></span> <span class='ocrx_word' id='word_1_788' title='bbox 714 5650 806 5721; x_wconf 91' lang='lat' dir='ltr'><strong>qui</strong></span> <span class='ocrx_word' id='word_1_789' title='bbox 858 5659 986 5723; x_wconf 85' lang='lat' dir='ltr'><strong>post</strong></span> <span class='ocrx_word' id='word_1_790' title='bbox 1018 5652 1464 5707; x_wconf 82' lang='lat' dir='ltr'><strong>lamentationem</strong></span> <span class='ocrx_word' id='word_1_791' title='bbox 1490 5664 1545 5707; x_wconf 86' lang='lat' dir='ltr'><strong>et</strong></span> <span class='ocrx_word' id='word_1_792' title='bbox 1574 5653 1841 5726; x_wconf 80' lang='lat' dir='ltr'><strong>lacrymas</strong></span> <span class='ocrx_word' id='word_1_793' title='bbox 1867 5655 2000 5709; x_wconf 65' lang='lat' dir='ltr'><strong>laeti-</strong></span> 
     </span>
    </p>
   </div>
   <div class='ocr_carea' id='block_1_108' title="bbox 2104 5004 3681 5077">
    <p class='ocr_par' dir='ltr' id='par_1_108' title="bbox 2104 5004 3681 5077">
     <span class='ocr_line' id='line_1_108' title="bbox 2104 5004 3681 5077; baseline 0.001 -18"><span class='ocrx_word' id='word_1_794' title='bbox 2104 5008 2217 5072; x_wconf 76' lang='grc' dir='ltr'>νὸς,</span> <span class='ocrx_word' id='word_1_795' title='bbox 2253 5008 2348 5061; x_wconf 74' lang='grc' dir='ltr'>καὶ</span> <span class='ocrx_word' id='word_1_796' title='bbox 2377 5007 2437 5061; x_wconf 89' lang='grc' dir='ltr'><strong>οὐ</strong></span> <span class='ocrx_word' id='word_1_797' title='bbox 2469 5006 2621 5077; x_wconf 79' lang='grc' dir='ltr'>παρὰ</span> <span class='ocrx_word' id='word_1_798' title='bbox 2649 5004 2965 5075; x_wconf 80' lang='grc' dir='ltr'>ἀνθρώπου.</span> <span class='ocrx_word' id='word_1_799' title='bbox 3006 5005 3147 5074; x_wconf 75' lang='grc' dir='ltr'>Φησὶ</span> <span class='ocrx_word' id='word_1_800' title='bbox 3177 5006 3288 5077; x_wconf 72' lang='grc' dir='ltr'>γὰρ</span> <span class='ocrx_word' id='word_1_801' title='bbox 3316 5007 3343 5059; x_wconf 84' lang='grc' dir='ltr'><strong>ό</strong></span> <span class='ocrx_word' id='word_1_802' title='bbox 3368 5006 3681 5076; x_wconf 76' lang='grc' dir='ltr'>σοφώτατος</span> 
     </span>
    </p>
   </div>
   <div class='ocr_carea' id='block_1_109' title="bbox 2105 5098 3683 5171">
    <p class='ocr_par' dir='ltr' id='par_1_109' title="bbox 2105 5098 3683 5171">
     <span class='ocr_line' id='line_1_109' title="bbox 2105 5098 3683 5171; baseline -0.001 -17"><span class='ocrx_word' id='word_1_803' title='bbox 2105 5100 2380 5170; x_wconf 71' lang='grc' dir='ltr'>Σολομὼν*</span> <span class='ocrx_word' id='word_1_804' title='bbox 2408 5120 2428 5154; x_wconf 83' lang='grc' dir='ltr'><strong>ι</strong></span> <span class='ocrx_word' id='word_1_805' title='bbox 2458 5098 2665 5170; x_wconf 82' lang='grc' dir='ltr'>Καιρδς</span> <span class='ocrx_word' id='word_1_806' title='bbox 2691 5098 2770 5169; x_wconf 88' lang='grc' dir='ltr'>τῷ</span> <span class='ocrx_word' id='word_1_807' title='bbox 2805 5099 2909 5152; x_wconf 70' lang='grc' dir='ltr'>ὑπὸ</span> <span class='ocrx_word' id='word_1_808' title='bbox 2934 5099 3025 5153; x_wconf 69' lang='grc' dir='ltr'>τὸν</span> <span class='ocrx_word' id='word_1_809' title='bbox 3055 5099 3283 5170; x_wconf 83' lang='grc' dir='ltr'>οὐρανὸν</span> <span class='ocrx_word' id='word_1_810' title='bbox 3312 5105 3477 5154; x_wconf 80' lang='grc' dir='ltr'>παντὶ</span> <span class='ocrx_word' id='word_1_811' title='bbox 3500 5101 3683 5171; x_wconf 82' lang='grc' dir='ltr'>πράγ-</span> 
     </span>
    </p>
   </div>
   <div class='ocr_carea' id='block_1_110' title="bbox 2088 5188 3680 5266">
    <p class='ocr_par' dir='ltr' id='par_1_110' title="bbox 2088 5188 3680 5266">
     <span class='ocr_line' id='line_1_110' title="bbox 2088 5188 3680 5266; baseline 0 -19"><span class='ocrx_word' id='word_1_812' title='bbox 2088 5209 2262 5265; x_wconf 81' lang='grc' dir='ltr'>ματι,</span> <span class='ocrx_word' id='word_1_813' title='bbox 2284 5192 2380 5245; x_wconf 81' lang='grc' dir='ltr'>καὶ</span> <span class='ocrx_word' id='word_1_814' title='bbox 2412 5191 2590 5247; x_wconf 89' lang='grc' dir='ltr'>πάντα</span> <span class='ocrx_word' id='word_1_815' title='bbox 2614 5190 2758 5243; x_wconf 80' lang='grc' dir='ltr'>καλὰ</span> <span class='ocrx_word' id='word_1_816' title='bbox 2789 5192 2849 5243; x_wconf 67' lang='grc' dir='ltr'>ἐν</span> <span class='ocrx_word' id='word_1_817' title='bbox 2888 5188 3068 5261; x_wconf 81' lang='grc' dir='ltr'>καιρῷ</span> <span class='ocrx_word' id='word_1_818' title='bbox 3085 5191 3288 5245; x_wconf 89' lang='grc' dir='ltr'>αὐτῶν.</span> <span class='ocrx_word' id='word_1_819' title='bbox 3322 5193 3526 5263; x_wconf 64' lang='grc' dir='ltr'>Καιρὶς</span> <span class='ocrx_word' id='word_1_820' title='bbox 3545 5193 3680 5266; x_wconf 75' lang='grc' dir='ltr'>θρή-</span> 
     </span>
    </p>
   </div>
   <div class='ocr_carea' id='block_1_111' title="bbox 2105 5283 3685 5357">
    <p class='ocr_par' dir='ltr' id='par_1_111' title="bbox 2105 5283 3685 5357">
     <span class='ocr_line' id='line_1_111' title="bbox 2105 5283 3685 5357; baseline 0.001 -17"><span class='ocrx_word' id='word_1_821' title='bbox 2105 5304 2223 5352; x_wconf 89' lang='grc' dir='ltr'>νου,</span> <span class='ocrx_word' id='word_1_822' title='bbox 2256 5286 2353 5339; x_wconf 72' lang='grc' dir='ltr'><strong>καλ⁴</strong></span> <span class='ocrx_word' id='word_1_823' title='bbox 2380 5285 2574 5356; x_wconf 65' lang='grc' dir='ltr'>καιρὸς</span> <span class='ocrx_word' id='word_1_824' title='bbox 2604 5283 2910 5354; x_wconf 77' lang='grc' dir='ltr'>χαρμονῆς.</span> <span class='ocrx_word' id='word_1_825' title='bbox 2938 5302 2957 5336; x_wconf 81' lang='grc' dir='ltr'><strong>ι</strong></span> <span class='ocrx_word' id='word_1_826' title='bbox 2997 5283 3186 5349; x_wconf 83' lang='grc' dir='ltr'>υύτως</span> <span class='ocrx_word' id='word_1_827' title='bbox 3215 5286 3405 5357; x_wconf 74' lang='grc' dir='ltr'>εἴρηκέ</span> <span class='ocrx_word' id='word_1_828' title='bbox 3436 5303 3565 5340; x_wconf 67' lang='grc' dir='ltr'>ποτε</span> <span class='ocrx_word' id='word_1_829' title='bbox 3587 5289 3685 5346; x_wconf 74' lang='grc' dir='ltr'>καὶ</span> 
     </span>
    </p>
   </div>
   <div class='ocr_carea' id='block_1_112' title="bbox 2106 5374 3684 5455">
    <p class='ocr_par' dir='ltr' id='par_1_112' title="bbox 2106 5374 3684 5455">
     <span class='ocr_line' id='line_1_112' title="bbox 2106 5374 3684 5455; baseline 0.001 -24"><span class='ocrx_word' id='word_1_830' title='bbox 2106 5382 2135 5433; x_wconf 80' lang='grc' dir='ltr'><strong>ό</strong></span> <span class='ocrx_word' id='word_1_831' title='bbox 2153 5379 2408 5450; x_wconf 80' lang='grc' dir='ltr'>Χριστὸς,</span> <span class='ocrx_word' id='word_1_832' title='bbox 2450 5395 2470 5430; x_wconf 73' lang='grc' dir='ltr'><strong>ι</strong></span> <span class='ocrx_word' id='word_1_833' title='bbox 2492 5377 2696 5432; x_wconf 85' lang='grc' dir='ltr'>Οὐκέτι</span> <span class='ocrx_word' id='word_1_834' title='bbox 2719 5374 2883 5450; x_wconf 84' lang='grc' dir='ltr'>ἦλθεν</span> <span class='ocrx_word' id='word_1_835' title='bbox 2908 5380 2940 5448; x_wconf 79' lang='grc' dir='ltr'><strong>ἡ</strong></span> <span class='ocrx_word' id='word_1_836' title='bbox 2967 5377 3083 5449; x_wconf 83' lang='grc' dir='ltr'>ὥρα</span> <span class='ocrx_word' id='word_1_837' title='bbox 3110 5396 3232 5449; x_wconf 87' lang='grc' dir='ltr'>μου.</span> <span class='ocrx_word' id='word_1_838' title='bbox 3267 5399 3286 5431; x_wconf 79' lang='grc' dir='ltr'><strong>ι</strong></span> <span class='ocrx_word' id='word_1_839' title='bbox 3325 5381 3430 5434; x_wconf 74' lang='grc' dir='ltr'><strong>Καὶ</strong></span> <span class='ocrx_word' id='word_1_840' title='bbox 3450 5383 3684 5455; x_wconf 41' lang='lat' dir='ltr'><strong>dtu-.105</strong></span> 
     </span>
    </p>
   </div>
   <div class='ocr_carea' id='block_1_113' title="bbox 2102 5469 3697 5542">
    <p class='ocr_par' dir='ltr' id='par_1_113' title="bbox 2102 5469 3697 5542">
     <span class='ocr_line' id='line_1_113' title="bbox 2102 5469 3697 5542; baseline -0.002 -18"><span class='ocrx_word' id='word_1_841' title='bbox 2102 5470 2278 5539; x_wconf 83' lang='grc' dir='ltr'>λέγει,</span> <span class='ocrx_word' id='word_1_842' title='bbox 2309 5489 2326 5522; x_wconf 83' lang='grc' dir='ltr'><strong>ι</strong></span> <span class='ocrx_word' id='word_1_843' title='bbox 2356 5470 2558 5542; x_wconf 86' lang='grc' dir='ltr'>Πάτερ,</span> <span class='ocrx_word' id='word_1_844' title='bbox 2586 5470 2807 5540; x_wconf 75' lang='grc' dir='ltr'>ἔρχεται</span> <span class='ocrx_word' id='word_1_845' title='bbox 2836 5469 2974 5541; x_wconf 84' lang='grc' dir='ltr'>ὥρα,</span> <span class='ocrx_word' id='word_1_846' title='bbox 2995 5471 3090 5524; x_wconf 68' lang='grc' dir='ltr'>καὶ</span> <span class='ocrx_word' id='word_1_847' title='bbox 3112 5471 3206 5525; x_wconf 81' lang='grc' dir='ltr'>νῦν</span> <span class='ocrx_word' id='word_1_848' title='bbox 3227 5472 3398 5541; x_wconf 76' lang='grc' dir='ltr'>ἐστιν,</span> <span class='ocrx_word' id='word_1_849' title='bbox 3427 5472 3512 5527; x_wconf 81' lang='grc' dir='ltr'>ἵνα</span> <span class='ocrx_word' id='word_1_850' title='bbox 3530 5474 3697 5538; x_wconf 44' lang='lat' dir='ltr'><strong>(rea.</strong></span> 
     </span>
    </p>
   </div>
   <div class='ocr_carea' id='block_1_114' title="bbox 2106 5562 3685 5639">
    <p class='ocr_par' dir='ltr' id='par_1_114' title="bbox 2106 5562 3685 5639">
     <span class='ocr_line' id='line_1_114' title="bbox 2106 5562 3685 5639; baseline 0.001 -22"><span class='ocrx_word' id='word_1_851' title='bbox 2106 5564 2208 5635; x_wconf 84' lang='grc' dir='ltr'>σθῇ</span> <span class='ocrx_word' id='word_1_852' title='bbox 2230 5566 2258 5617; x_wconf 88' lang='grc' dir='ltr'><strong>ό</strong></span> <span class='ocrx_word' id='word_1_853' title='bbox 2282 5563 2410 5624; x_wconf 73' lang='grc' dir='ltr'>Υἱός</span> <span class='ocrx_word' id='word_1_854' title='bbox 2430 5578 2545 5616; x_wconf 85' lang='grc' dir='ltr'>σου·</span> <span class='ocrx_word' id='word_1_855' title='bbox 2578 5581 2597 5614; x_wconf 78' lang='grc' dir='ltr'><strong>ι</strong></span> <span class='ocrx_word' id='word_1_856' title='bbox 2624 5562 2717 5616; x_wconf 72' lang='grc' dir='ltr'>καὶ</span> <span class='ocrx_word' id='word_1_857' title='bbox 2735 5563 3078 5634; x_wconf 86' lang='grc' dir='ltr'>παραχρῆμα</span> <span class='ocrx_word' id='word_1_858' title='bbox 3109 5566 3143 5635; x_wconf 76' lang='grc' dir='ltr'>ἡ</span> <span class='ocrx_word' id='word_1_859' title='bbox 3161 5565 3403 5637; x_wconf 78' lang='grc' dir='ltr'>πατρικὴ</span> <span class='ocrx_word' id='word_1_860' title='bbox 3433 5568 3584 5638; x_wconf 79' lang='grc' dir='ltr'>φωνὴ</span> <span class='ocrx_word' id='word_1_861' title='bbox 3605 5567 3685 5639; x_wconf 79' lang='grc' dir='ltr'><strong>τῷ</strong></span> 
     </span>
    </p>
   </div>
   <div class='ocr_carea' id='block_1_115' title="bbox 2107 5652 3678 5727">
    <p class='ocr_par' dir='ltr' id='par_1_115' title="bbox 2107 5652 3678 5727">
     <span class='ocr_line' id='line_1_115' title="bbox 2107 5652 3678 5727; baseline 0.001 -18"><span class='ocrx_word' id='word_1_862' title='bbox 2107 5654 2222 5725; x_wconf 81' lang='grc' dir='ltr'>Υίῷ</span> <span class='ocrx_word' id='word_1_863' title='bbox 2248 5655 2604 5727; x_wconf 83' lang='grc' dir='ltr'>ἀπεκρίνατο,</span> <span class='ocrx_word' id='word_1_864' title='bbox 2637 5671 2656 5706; x_wconf 77' lang='grc' dir='ltr'><strong>ι</strong></span> <span class='ocrx_word' id='word_1_865' title='bbox 2678 5654 2788 5708; x_wconf 81' lang='grc' dir='ltr'><strong>Καὶ</strong></span> <span class='ocrx_word' id='word_1_866' title='bbox 2815 5652 3063 5720; x_wconf 78' lang='grc' dir='ltr'>ἐδόξασα,</span> <span class='ocrx_word' id='word_1_867' title='bbox 3091 5656 3184 5708; x_wconf 77' lang='grc' dir='ltr'>καὶ</span> <span class='ocrx_word' id='word_1_868' title='bbox 3216 5655 3381 5708; x_wconf 85' lang='grc' dir='ltr'>πάλιν</span> <span class='ocrx_word' id='word_1_869' title='bbox 3402 5656 3627 5723; x_wconf 76' lang='grc' dir='ltr'>δοξάσω.</span> <span class='ocrx_word' id='word_1_870' title='bbox 3657 5674 3678 5710; x_wconf 79' lang='grc' dir='ltr'><strong>ι</strong></span> 
     </span>
    </p>
   </div>
   <div class='ocr_carea' id='block_1_116' title="bbox 495 5795 1998 5869">
    <p class='ocr_par' dir='ltr' id='par_1_116' title="bbox 495 5795 1979 5869">
     <span class='ocr_line' id='line_1_116' title="bbox 495 5795 1979 5869; baseline 0 -14"><span class='ocrx_word' id='word_1_871' title='bbox 495 5796 517 5829; x_wconf 84' lang='grc'>¹</span> <span class='ocrx_word' id='word_1_872' title='bbox 549 5795 723 5855; x_wconf 82' lang='lat' dir='ltr'><strong>Eccle.</strong></span> <span class='ocrx_word' id='word_1_873' title='bbox 750 5811 836 5869; x_wconf 75' lang='grc' dir='ltr'>ιιι,</span> <span class='ocrx_word' id='word_1_874' title='bbox 875 5798 1080 5869; x_wconf 83' lang='lat' dir='ltr'><strong>lseqq.</strong></span> <span class='ocrx_word' id='word_1_875' title='bbox 1164 5799 1358 5856; x_wconf 79' lang='lat' dir='ltr'><strong>&#39;Joan.</strong></span> <span class='ocrx_word' id='word_1_876' title='bbox 1384 5814 1441 5867; x_wconf 88' lang='grc' dir='ltr'><strong>ιι,</strong></span> <span class='ocrx_word' id='word_1_877' title='bbox 1484 5801 1535 5855; x_wconf 76' lang='grc' dir='ltr'><strong>ι.</strong></span> <span class='ocrx_word' id='word_1_878' title='bbox 1607 5800 1627 5833; x_wconf 76' lang='grc'>⁸</span> <span class='ocrx_word' id='word_1_879' title='bbox 1655 5800 1814 5856; x_wconf 79' lang='lat' dir='ltr'><strong>Joan.</strong></span> <span class='ocrx_word' id='word_1_880' title='bbox 1848 5817 1979 5869; x_wconf 77' lang='lat' dir='ltr'><strong>xvu,</strong></span> 
     </span>
    </p>
   </div>
   <div class='ocr_carea' id='block_1_117' title="bbox 2101 5795 3471 5869">
    <p class='ocr_par' dir='ltr' id='par_1_117' title="bbox 2138 5798 3471 5867">
     <span class='ocr_line' id='line_1_117' title="bbox 2138 5798 3471 5867; baseline 0.003 -12"><span class='ocrx_word' id='word_1_881' title='bbox 2138 5802 2158 5834; x_wconf 83' lang='lat'>&#39;</span> <span class='ocrx_word' id='word_1_882' title='bbox 2182 5800 2338 5856; x_wconf 84' lang='lat' dir='ltr'><strong>Joan.</strong></span> <span class='ocrx_word' id='word_1_883' title='bbox 2369 5813 2467 5865; x_wconf 72' lang='lat' dir='ltr'><strong>xu,</strong></span> <span class='ocrx_word' id='word_1_884' title='bbox 2493 5799 2581 5857; x_wconf 71' lang='lat'><strong>28.</strong></span> <span class='ocrx_word' id='word_1_885' title='bbox 2618 5803 2637 5833; x_wconf 84' lang='grc'><strong><em>⁵</em></strong></span> <span class='ocrx_word' id='word_1_886' title='bbox 2666 5800 2851 5856; x_wconf 83' lang='lat' dir='ltr'><strong>Matth.</strong></span> <span class='ocrx_word' id='word_1_887' title='bbox 2904 5817 2985 5867; x_wconf 86' lang='grc' dir='ltr'>ιιι,</span> <span class='ocrx_word' id='word_1_888' title='bbox 3018 5798 3101 5854; x_wconf 79' lang='grc' dir='ltr'><strong>Η.</strong></span> <span class='ocrx_word' id='word_1_889' title='bbox 3180 5799 3351 5856; x_wconf 78' lang='lat' dir='ltr'><strong>&#39;ibid.</strong></span> <span class='ocrx_word' id='word_1_890' title='bbox 3387 5802 3471 5859; x_wconf 82' lang='lat' dir='ltr'><strong>l5.</strong></span> 
     </span>
    </p>
   </div>
  </div>
