4028 6474
343 391 415 456 Q5
1465 389 2015 455 HISTORIARUM
2053 393 2290 458 LIBER
2331 394 2458 462 IV.’

3397 397 3603 478 "26

347 499 481 572 Οὐχὶ
509 499 564 552 δὲ
593 498 686 554 καὶ
710 500 766 552 ὲν
800 496 882 569 τῷ
913 497 1229 571 Εεαγγελίῳ
1259 497 1576 571 ἀνέγνωμεν
1632 500 1914 570 ὁπηνικαό

2023 484 2154 558 tiam
2219 506 2480 564 infundit.
2545 489 2742 577 Quem.
2778 510 2925 570 enim
2989 525 3308 575 sanctorum
3370 520 3595 580 Patrum

349 593 606 661 Ἰωάννης
651 592 844 660 εἴρηκε
879 589 956 662 τῷ
984 590 1204 662 Χριστῷ
1231 591 1391 662 ἡμῶν
1420 593 1477 646 ἐν
1503 592 1580 663 τῷ
1612 594 1861 664 ἰορδάνῐι
1893 607 1908 622 ’

358 707 377 739 ε
401 684 541 754 Ἐγὼ
562 684 754 755 χρείαν
773 683 882 755 ἔχω
901 685 1004 737 ὑπὸ
1031 679 1125 737 σοῦ
1150 683 1540 755 βαπτισθῆναιν
1570 684 1662 738 καὶ
1687 685 1751 737 σὺ
1775 684 1913 756 ἔρχῃ

351 779 481 847 πρός
500 794 592 847 με;
614 795 631 828 1
653 775 964 846 ΤίΧριστὸς
982 776 1372 847 ἀπεκρίνατο;ι
1388 778 1560 845 Ἄφες
1577 775 1708 845 γὰρ,
1724 777 1911 846 φησὶν,

344 864 392 923 ὦ
428 870 674 938 Ἰωάννη·
705 869 841 936 ἄφες
870 867 1014 938 ἄρτι.
1055 867 1212 921 Οὕτω
1243 869 1349 938 γὰρ
1381 870 1464 922 δεῖ
1489 868 1779 938 πληρῶσαι
1811 867 1916 936 itai-

349 979 448 1014 σαν
486 960 850 1029 δικαιοσύνην.
907 977 924 1010 1
975 959 1274 1030 Τοιγαροῦν
1312 960 1462 1028 ἄφες
1505 960 1660 1029 ἄρτι,
1687 957 1915 1025 δηλοῦν-

347 1073 437 1110 το;
469 1053 561 1107 τοῦ
601 1055 781 1121 λόγου,
812 1053 887 1116 ὡς
927 1052 1080 1106 οὔπω
1111 1053 1304 1122 καιρὸς
1363 1053 1627 1123 ὑψώσεως
1684 1054 1806 1107 οὐδὲ
1826 1053 1914 1105 δός

348 1148 445 1214 ξης
471 1187 487 1210 ,
527 1145 600 1207 ὡς
627 1144 780 1198 οὔπω
807 1145 1056 1214 ἐληλύθει
1115 1145 1149 1214 ἡ
1217 1147 1316 1214 τῆς
1357 1143 1608 1212 εὐλογίας
1665 1143 1762 1197 καὶ
1815 1143 1915 1210 τῆς

347 1241 566 1310 χάριτος
593 1239 732 1308 ὦρα.
779 1237 929 1304 Αὕτη
988 1237 1170 1290 τοίνυν
1227 1239 1260 1307 ἡ
1318 1237 1409 1290 τοῦ
1453 1237 1644 1307 φωτὸς,
1681 1236 1822 1306 ὥρα,
1879 1237 1912 1306 ὴ

345 1337 415 1403 τῇ
460 1332 708 1402 βασιλείᾳ
753 1329 1045 1399 Ῥωμαίων
1078 1329 1407 1400 τηρηοείσα,
1437 1330 1525 1383 ἵνα
1583 1330 1658 1398 μὴ
1714 1328 1914 1399 ἀθρόον

350 1427 374 1476 ὲ
389 1425 580 1477 πιστὰν
594 1425 705 1483 τοῖς
732 1425 942 1484 πιστοῖς
961 1422 1022 1474 τὸ
1037 1420 1209 1492 δῶρον
1233 1420 1449 1485 εὐτελὲς
1468 1418 1726 1490 νομισθῇ,
1745 1413 1916 1484 Οὗτός

349 1519 540 1568 ἐστινὸ
561 1516 691 1584 μετὰ
703 1501 941 1584 ansae;
973 1515 1194 1587 αἰθριαν
1213 1514 1356 1577 δοὺς,
1376 1509 1530 1576 οὗτός
1562 1517 1708 1567 ἐστιν
1727 1516 1754 1567 ό
1773 1516 1914 1583 μετὰ

346 1610 440 1660 τὸν
473 1609 699 1678 ὀδυρμόν
735 1610 826 1661 καὶ
879 1608 1004 1661 τοὺς
1065 1609 1296 1678 Θρήνους
1335 1608 1646 1678 ἁγαλλίαμα
1686 1608 1913 1678 ἐγχέων.

347 1701 483 1753 Τίνα
513 1701 617 1769 γάρ
648 1700 756 1753 τῶν
793 1699 961 1766 ἁγίων
987 1701 1244 1770 Ιιατέρων
1276 1700 1493 1770 ὕψωσεν
1536 1703 1595 1751 ὲν
1646 1700 1796 1773 δόξῃ,
1839 1697 1915 1771 μὴ

345 1791 628 1862 προτέρων
660 1791 890 1862 θλίψεων
919 1793 1304 1862 ἡγησαμένων,
1337 1792 1430 1846 καὶ
1466 1791 1611 1846 καθὰ
1637 1794 1670 1862 ἠ
1721 1793 1914 1863 Γραφή

345 1883 644 1953 διαῤῥήδην
670 1883 788 1952 βοᾷ,
823 1901 841 1933 ι
872 1885 983 1947 Πᾶς
1017 1885 1128 1947 υίὸς
1165 1884 1466 1955 ὑψούμενος
1500 1885 1650 1954 παρὰ
1679 1885 1922 1956 Κυρίου,

347 1975 564 2043 πρῶτον
584 1976 890 2028 παιδεύεται
909 1993 957 2043 ς»
987 1977 1093 2030 Καὶ
1119 1979 1146 2030 ό
1172 1977 1305 2036 Θεὸς
1324 1977 1497 2045 λέγει,
1522 1997 1540 2030 ι
1574 1976 1687 2040 Οὓς
1709 1957 1911 2044 ἀγαπῶ

346 2065 665 2136 διορθοῦμαι
691 2084 751 2119 τε
783 2069 878 2120 καὶ
909 2067 1164 2122 παιδεύω.
1197 2087 1214 2119 1
1251 2068 1408 2124 Οῦτω
1458 2071 1551 2124 καὶ
1579 2069 1912 2140 ὀψαλμῳδὸς

347 2163 443 2216 καὶ
461 2162 818 2231 κιθαρῳδδςοῦ
828 2163 1010 2232 ράνιος
1035 2166 1246 2226 ἐκεῖνος
1267 2165 1431 2218 Δαϐὶδ
1452 2159 1573 2239 ᾖσε·
1587 2185 1604 2216 ι
1633 2164 1912 2218 Παιδεύων

351 2253 640 2307 ὲπαίδευσέ
676 2272 739 2322 με
767 2256 793 2307 ὁ
825 2254 1056 2324 Κύριος,
1089 2255 1168 2326 τῷ
1201 2250 1258 2309 δὲ
1292 2256 1507 2325 Θανάτῳ
1532 2258 1599 2323 αὖ
1626 2256 1913 2326 παρέδωκέ

350 2362 473 2414 με.»
502 2344 607 2396 Καὶ
636 2345 885 2415 ἀλλαχοῦ
914 2363 932 2396 ι
958 2347 1018 2399 Ὀ
1037 2349 1218 2418 πατήρ
1239 2365 1360 2417 μου,
1381 2349 1475 2401 καὶ
1504 2350 1538 2418 ἡ
1570 2349 1752 2419 μήτηρ
1784 2364 1911 2417 μου,

347 2435 443 2487 καὶ
474 2435 670 2496 πάντες
711 2436 756 2487 oi
808 2436 1040 2502 γνωστοί
1078 2454 1180 2505 μου
1222 2437 1586 2504 ὲγκατέλιπόν
1649 2454 1741 2506 με,
1776 2438 1803 2489 ὁ
1855 2436 1912 2489 δὲ

348 2527 555 2598 Κύριος
595 2528 956 2595 προσελάϐετό
997 2545 1085 2597 με.
1115 2547 1134 2580 1
1171 2529 1595 2599 Προσλαμϐάνου
1619 2531 1797 2582 τοίνυν
1818 2529 1914 2582 καὶ

346 2620 530 2681 αὐτὸς,
567 2620 942 2690 ἐρασμιώτατε
977 2619 1124 2688 δοίεξ,
1149 2623 1243 2676 τὸν
1270 2623 1506 2693 ρηθέντα
1523 2622 1734 2674 τουτονὶ
1759 2620 1915 2690 βασι-

346 2711 468 2775 λέα,
495 2712 658 2781 ὅνπερ
691 2713 719 2775 ό
764 2711 894 2776 Θεὸς
923 2713 1288 2782 προσελάϐετο
1331 2715 1412 2776 είς
1460 2713 1561 2785 τὴν
1599 2713 1700 2783 τῆς
1761 2714 1946 2782 βασιο.

346 2804 497 2858 λείας
512 2803 842 2857 κατάστασιν
867 2819 882 2837 ο
909 2804 1004 2856 καὶ
1026 2805 1218 2859 τοῦτον
1242 2807 1301 2860 ἐν
1327 2809 1440 2868 τοῖς
1463 2807 1700 2875 μάλιστα
1725 2807 1909 2866 τάττε,

349 2895 409 2948 ὃν
430 2897 458 2947 ό
482 2895 610 2958 Θεὸς
638 2895 955 2966 διετήρησεν
981 2899 1060 2958 είς
1092 2899 1191 2963 τὴν
1217 2897 1522 2968 βασιλείαν.
1559 2915 1578 2950 ι
1618 2899 1773 2952 Πᾶσα
1802 2880 1912 2969 γάρ

352 2988 566 3048 ἐξουσία
597 2990 674 3052 εἰς
713 2989 915 3056 ἀγαθὸν
947 2989 1098 3058 παρὰ
1130 2975 1464 3062 Κυρίουτοῦ
1494 2990 1630 3045 Θεοῦ
1663 2993 1846 3045 ἐστιν’
1885 2994 1914 3046 ό

350 3080 397 3132 δῖ
432 3083 496 3149 τῇ
540 3080 632 3133 τεῦ
663 3080 1033 3151 βασιλεύοντος
1056 3083 1449 3152 ἀνθιστάμενος
1487 3085 1730 3155 ἐξουσία,
1768 3085 1912 3137 κατὰ

352 3175 442 3224 τ“ν
468 3172 807 3240 Ἀπόστολον,
831 3179 894 3245 τῇ
916 3175 1009 3229 τοῦ
1039 3176 1171 3230 Θεοῦ
1215 3177 1467 3249 βουλήσει
1498 3179 1843 3233 ἀνθίσταται.
1885 3196 1904 3228 ι
1940 3193 1984 3252 c

355 3267 494 3332 Ὅρα
517 3265 574 3316 δὲ
601 3267 670 3335 μή
705 3282 832 3319 ποτε
865 3264 929 3340 ᾖς
958 3269 1051 3322 καὶ
1085 3269 1248 3339 αὐτὸς
1270 3264 1351 3332 εἷς
1383 3269 1606 3324 ἐκείνων
1627 3271 1736 3323 τῶν
1759 3274 1908 3340 παρᾶ

351 3357 442 3409 τοῦ
467 3357 670 3410 δικαίου
705 3359 821 3411 Ἰὼϐ
849 3361 1240 3431 ἐλεγχομένων,
1265 3363 1540 3431 λέγοντος·
1578 3356 1737 3417 Οὗτοί
1767 3365 1910 3416 εἰσιν

351 3451 396 3502 οἱ
426 3449 520 3502 τοῦ
551 3451 724 3519 φωτὸς
747 3453 1068 3518 ἀποστάται,
1103 3455 1240 3524 ὅπερ
1269 3456 1326 3507 ὲν
1351 3455 1430 3526 τῷ
1469 3457 1655 3510 σκότει
1696 3459 1911 3523 φαῖνον,

348 3541 409 3592 οὗ
435 3542 590 3612 φέρει
623 3541 801 3594 αἰτίαν
821 3560 838 3575 θ
873 3544 988 3610 εἴγε
1032 3545 1059 3614 ἡ
1091 3547 1283 3598 σκοτία
1312 3546 1443 3599 auro
1490 3547 1551 3600 οὗ
1587 3546 1909 3602 κατέλαϐεν.

353 3631 450 3682 Ἐν
483 3631 662 3698 μέντοι
701 3648 763 3699 γε
807 3632 1088 3702 διηνεκοῦς
1138 3637 1362 3707 μνήμης
1403 3637 1554 3704 ἄξιον
1603 3637 1912 3708 ὑπόδειγμα

350 3724 458 3783 τοίς
490 3721 562 3791 τῷ
592 3724 808 3792 Χριστῷ
835 3725 1158 3796 λατρεύουσι
1197 3729 1382 3799 δήλου,
1419 3730 1494 3792 ὡς
1528 3733 1558 3784 ό
1604 3729 1782 3801 μέγας
1803 3730 1903 3783 οὐ·

349 3814 465 3864 τοσὶ
527 3813 772 3879 βασιλεὺς
806 3819 904 3887 τὴν
955 3817 1050 3870 τοῦ
1109 3821 1348 3888 μεγάλου
1395 3823 1813 3877 Κωνσταντίνου
1854 3823 1913 3876 ὲν

353 3905 526 3971 ἑαυτῷ
582 3907 735 3976 φέρει
807 3909 1181 3980 χρηστότηταο
1214 3906 1355 3984 ᾗτινι
1410 3913 1739 3982 φονευθῆναι
1786 3915 1914 3978 τοὺς

351 3996 545 4058 παῖδας
574 3998 846 4067 ἀπεῖρξεν,
875 3995 952 4054 ὧν
994 4002 1050 4053 ὲν
1083 4001 1159 4071 τῷ
1191 4003 1386 4073 αἵματι
1417 4003 1815 4074 Θεραπεύεσθαι
1855 4005 1915 4058 ἐ-

353 4088 543 4155 μελλεν
568 4089 672 4141 ἀπὸ
694 4093 790 4156 τῆς
825 4092 1054 4161 λέπρας.
1083 4095 1156 4146 Τὸ
1193 4094 1288 4147 τοῦ
1319 4097 1456 4164 μετὰ
1499 4097 1722 4151 Ἰούλιον
1772 4097 1915 4151 Καί-

351 4193 493 4246 σαρα
540 4179 986 4246 βεϐασιλευκότος
1019 4183 1371 4238 Ὀκταϐιανοῦ
1414 4181 1911 4256 φιλάνθρωπον,ᾧ-

334 4283 454 4331 «τινι
478 4271 566 4321 καὶ
593 4269 1094 4342 φιλανθρωπότητος
1116 4276 1321 4346 ἐκεῖνος
1344 4275 1608 4346 κέκληται
1635 4275 1911 4346 βασιλεὺς,

351 4361 379 4411 ὁ
407 4360 593 4430 παρὼν
621 4362 865 4431 βασιλεὺς
892 4365 1234 4437 ὑπερήλασεν
1256 4383 1273 4400 ·
1314 4368 1431 4431 ίσος
1459 4370 1508 4422 εἰ
1540 4369 1616 4440 μὴ
1659 4370 1757 4423 καὶ
1797 4368 1915 4438 μεί-

2016 593 2274 649 exaltavit
2299 598 2352 651 in
2374 597 2567 668 gloria,
2605 599 3046 663 tribulationibus
3064 609 3360 678 priusmon
3385 614 3600 672 exerci-

2018 693 2133 740 tum
2153 685 2177 740 ?
2194 687 2405 743 sicutet
2423 687 2701 760 Scriptura
2721 694 3010 766 perspicue
3033 698 3266 756 clamat:
3296 721 3316 769 ς
3340 703 3599 776 Flagellat

2017 788 2203 832 autem
2258 793 2477 836 omnem
2517 781 2686 839 [ilium
2745 801 2911 854 quem
2951 790 3164 860 recipit.
3201 793 3223 824 '
3253 812 3274 847 ι
3330 804 3387 850 et
3450 797 3599 852 Deus

2016 869 2151 925 dicit
2184 874 2198 924 ι
2239 888 2258 922 ι
2296 869 2444 938 Quos
2497 874 2661 946 diligo
2689 915 2706 941 ,
2753 877 2912 948 7n
2948 894 3118 952 arguo
3195 891 3251 938 et
3320 877 3530 956 ὥιὶεο
3550 891 3598 946 '.

2017 959 2108 1015 Sic
2145 970 2200 1016 et
2229 961 2576 1030 Psalmicen,
2637 967 2879 1024 cmlestis
2943 971 3037 1028 ille
3092 974 3434 1032 citharmdus
3494 978 3599 1034 Da-

2016 1051 2128 1114 vid.
2155 1053 2357 1108 cecinit
2391 1071 2406 1106 :
2449 1073 2467 1106 ι
2491 1054 2780 1128 Castigans
2813 1061 3104 1132 castigavit
3158 1081 3245 1121 me
3289 1066 3556 1125 Dominus
3578 1111 3594 1135 ,

2019 1141 2118 1196 sed
2172 1144 2333 1198 morti
2379 1160 2487 1200 non
2550 1149 2777 1208 tradidit
2827 1167 2915 1206 me
2944 1153 3011 1206 ¹⁰.
3053 1156 3180 1226 {Et
3241 1159 3353 1212 alio
3399 1160 3523 1216 loco
3576 1179 3592 1216 :

2023 1252 2040 1284 ι
2077 1233 2238 1290 Pater
2260 1253 2438 1304 meus,
2464 1247 2521 1294 et
2546 1250 2722 1295 mater
2745 1257 2890 1310 mea,
2914 1255 2965 1299 et
2992 1262 3186 1304 onmes
3211 1252 3323 1305 noti
3355 1253 3464 1309 mei
3497 1249 3599 1309 de-

2017 1327 2361 1398 reliqueruut
2391 1347 2500 1398 me,
2535 1333 2794 1390 Dominus
2840 1349 3022 1393 autem
3049 1344 3353 1413 assumpsit
3376 1361 3464 1401 me
3490 1348 3590 1402 η.»

2017 1417 2099 1472 Tu
2138 1435 2356 1491 quoque
2389 1460 2406 1486 ,
2457 1425 2848 1484 amabilissime
2925 1431 3034 1486 dux
3067 1472 3084 1499 ,
3157 1434 3305 1491 hunc
3353 1437 3422 1492 de
3485 1453 3596 1507 quo

2016 1509 2211 1579 loquor
2274 1513 2662 1583 imperatorem
2697 1556 2732 1581 ,.
2769 1519 3026 1588 admitte,
3088 1540 3252 1594 quem
3329 1528 3472 1584 Deus
3525 1530 3594 1586 ad

2017 1603 2309 1674 imperium
2380 1609 2796 1677 temperandum
2849 1613 3074 1684 delegit,
3133 1625 3188 1671 et
3250 1618 3400 1674 hunc
3451 1621 3596 1677 inter

2019 1699 2321 1769 praecipuos
2357 1715 2604 1768 numera,
2643 1720 2806 1772 quem
2842 1705 2982 1762 Deus
3017 1709 3248 1780 imperio
3276 1715 3596 1772 custodivit.

2026 1806 2046 1840 ι
2088 1791 2280 1846 Omnis
2313 1808 2551 1863 namque
2575 1805 2816 1864 potestas
2841 1814 2869 1851 a
2901 1797 3130 1856 Domino
3159 1804 3225 1858 ad
3256 1803 3459 1859 bonum
3489 1807 3594 1860 ali-

2017 1897 2176 1950 quem
2235 1884 2406 1938 linem
2426 1885 2674 1942 instituta
2707 1898 2828 1957 est;
2864 1901 2922 1968 et
2985 1894 3078 1962 qui
3135 1898 3387 1964 potestati
3420 1898 3598 1968 impe-

2016 1975 2188 2030 rantis
2217 1978 2462 2043 resistit,
2496 1982 2796 2036 secundum
2829 1965 3152 2054 apostolum
3173 1989 3240 2052 ¹²,
3273 1988 3474 2045 divina:
3500 1965 3598 2045 ora

2003 2062 2283 2117 .dinationi
2317 2067 2542 2122 resistit.
2579 2087 2596 2119 ι
2621 2069 2685 2124 Et
2717 2086 2946 2135 cave,ne
2971 2077 3190 2145 quando
3208 2094 3352 2132 unus
3375 2080 3444 2134 de
3477 2081 3600 2137 illo-

2015 2169 2137 2209 rum
2165 2157 2356 2213 ordine
2384 2161 2788 2240 τεῇσι-ἱππέα,ηυί
2815 2181 2846 2219 a
2875 2166 3021 2234 justo
3043 2167 3146 2222 Job
3171 2171 3597 2241 reprehendun-

2019 2251 2127 2309 tur,
2151 2245 2271 2302 istis
2287 2249 2499 2304 verbis:
2526 2267 2544 2302 ι
2571 2249 2634 2304 lli
2657 2263 2786 2308 sunt
2808 2254 2901 2322 qui
2932 2257 3198 2316 resistunt
3224 2258 3357 2315 luci.
3378 2260 3443 2314 lli
3461 2271 3596 2316 sunt

2015 2334 2333 2394 desertores
2360 2339 2607 2404 luminis,
2636 2344 2783 2412 quod
2819 2345 2873 2399 in
2925 2347 3165 2403 tenebris
3195 2351 3317 2404 sine
3362 2351 3595 2408 crimine

2016 2425 2197 2493 lucet,
2233 2430 2504 2498 siquidem
2541 2434 2781 2489 tenebra:
2811 2437 2863 2490 id
2894 2452 3002 2492 non
3035 2441 3592 2509 comprehenderunt.

2016 2516 2454 2588 Et—exemplum
2501 2533 2708 2580 aeterna
2763 2527 2990 2598 dignum
3049 2533 3313 2586 memoria
3381 2533 3592 2589 Christi

2015 2609 2322 2668 cultoribus
2367 2603 2649 2677 exhibeto.
2707 2621 2984 2696 quomodo
3019 2638 3250 2695 magnus
3290 2625 3395 2680 iste
3425 2625 3598 2696 impe-

2017 2712 2168 2758 rator
2208 2706 2386 2787 magni
2424 2686 3197 2772 Constantini.clementimvin
3239 2732 3299 2773 se
3330 2718 3447 2787 ipso
3487 2686 3597 2774 fert

2017 2786 2317 2864 imagineﬁ
2350 2813 2364 2852 :
2394 2800 2783 2871 qua'infantes,
2813 2805 2866 2860 in
2907 2822 3139 2876 quorum
3173 2824 3369 2864 cruore
3395 2825 3424 2864 a
3447 2810 3597 2879 lepra

2015 2891 2288 2946 curandus
2323 2903 2476 2960 erat,
2535 2895 2774 2967 iugulari
2831 2900 3034 2954 vetuit.
3076 2900 3147 2956 Et
3195 2903 3592 2958 humanitatem

2014 2979 2182 3047 illius,
2207 2984 2298 3053 qui
2337 2996 2459 3055 post
2507 2987 2708 3043 Julium
2760 2989 3029 3047 Caesarem
3080 2993 3373 3064 imperavit
3426 2994 3595 3051 Octa-

2015 3069 2161 3124 viani
2201 3075 2464 3145 (propter
2517 3094 2682 3146 quam
2739 3088 2795 3133 et
2829 3078 3186 3137 humanitatis
3243 3099 3339 3138 rex
3371 3094 3597 3140 vocatus

2016 3178 2098 3223 est
2128 3166 2244 3239 [l5]
2271 3168 2315 3239 ),
2349 3178 2537 3231 master
2567 3171 2865 3238 imperator
2891 3174 3195 3243 superavit,
3232 3175 3454 3245 aequalis
3481 3215 3496 3242 ,
3545 3175 3594 3231 si

2015 3281 2127 3319 non
2160 3265 2324 3319 etiam
2360 3265 2553 3333 major,
2587 3265 2796 3335 pietate
2824 3266 3030 3336 optimo
3054 3267 3370 3338 imperatori
3409 3269 3594 3325 Theo-

2013 3356 2193 3411 dosio.
2225 3355 2368 3411 Vicit
2392 3356 2704 3424 azquitatem
2737 3373 2801 3412 ac
2830 3357 3129 3413 bonitatem
3163 3358 3434 3429 Scipionis
3457 3361 3596 3415 Arri-

2013 3450 2176 3513 cani,
2233 3449 2328 3519 qui
2381 3449 2620 3503 Africam
2669 3450 2833 3505 nobis
2878 3449 3028 3506 Italis
3062 3451 3404 3506 tributariam
3439 3451 3591 3508 fecit.

2014 3541 2150 3595 Nam
2188 3555 2314 3595 cum
2355 3541 2513 3594 multi
2573 3541 2920 3612 diversisque
2979 3543 3223 3597 moribus
3271 3551 3324 3597 et
3359 3542 3594 3614 ingeniis

2014 3634 2272 3689 mortales
2312 3634 2699 3705 imperatorem
2731 3635 2892 3689 talem
2925 3633 3287 3690 oﬂ‘endissent
3315 3671 3332 3696 .
3369 3636 3595 3690 merito-

2013 3743 2120 3798 que
2161 3727 2354 3796 capitis
2384 3741 2602 3796 poenam
2676 3727 2870 3802 timere
2904 3727 3226 3801 potuissent.
3265 3727 3597 3797 simulatque

2014 3821 2068 3874 vi
2116 3819 2311 3874 bellica
2367 3818 2509 3873 intra
2555 3819 2757 3874 mmnia
2793 3818 2916 3884 fuit,
2952 3819 3086 3874 nulli
3117 3819 3261 3874 male
3295 3819 3478 3890 aliquo
3510 3820 3597 3874 in-

2015 3913 2161 3967 tlieto
2210 3912 2439 3976 nocuit;
2489 3911 2558 3966 de
2611 3911 2874 3978 omnibus
2922 3919 3107 3965 autem
3150 3909 3312 3965 bonis
3345 3920 3400 3965 et
3438 3911 3599 3965 malis

2013 4001 2157 4062 bene
2207 4004 2407 4060 mereri
2448 4003 2640 4072 cupit,
2696 4001 2868 4056 Deum
2923 4003 2978 4056 in
3017 4003 3118 4058 hoc
3153 4001 3453 4066 imitando,
3499 3985 3596 4072 qui

2013 4099 2182 4154 solem
2221 4112 2379 4168 suum
2460 4110 2628 4165 super
2677 4095 2850 4149 bonos
2906 4101 2963 4148 et
3022 4093 3196 4149 malos
3259 4093 3392 4148 oriri
3442 4093 3594 4150 facit.

2012 4190 2260 4255 Quonam
2323 4189 2489 4259 igitur
2575 4185 2739 4241 modo
2795 4185 3128 4240 Christianis
3187 4185 3306 4239 istis
3386 4184 3594 4240 bonum

2013 4295 2124 4333 non
2185 4277 2388 4332 velim?
2445 4277 2736 4342 Quomodo
2795 4273 3166 4328 Romanorum
3221 4275 3596 4358 genus,.quod

2013 4369 2293 4424 Christum
2328 4370 2381 4422 in
2411 4365 2628 4421 crucem
2664 4373 2847 4420 actum
2879 4366 3076 4420 adorat
3113 4365 3296 4435 (quem
3323 4366 3492 4420 Vetus
3531 4381 3596 4420 ac

351 4450 457 4514 ζων
501 4456 648 4505 ἐστὶν
680 4456 754 4516 είς
783 4455 1089 4511 θεοσέϐειαν
1129 4457 1208 4528 τῷ
1237 4458 1418 4522 καλῶς
1446 4459 1677 4529 ἄρξαντι
1715 4461 1910 4514 Θεοδο-

2016 4461 2228 4516 Novum
2257 4460 2669 4515 Testamentum
2703 4459 2949 4530 agnoscit
2975 4467 3032 4514 et
3061 4457 3356 4530 sequitur),
3387 4458 3441 4512 in
3477 4475 3595 4513 me-

354 4543 472 4613 σῖῳ.
528 4543 801 4615 Ὕπερέϐη
861 4548 961 4617 τὴν
993 4527 1294 4603 ἐπιείκειάν
1333 4568 1393 4603 τε
1428 4527 1523 4604 καὶ
1563 4551 1911 4623 χρηστότητα

2016 4553 2106 4609 dio
2129 4552 2316 4609 cordis
2344 4551 2452 4606 mei
2486 4565 2594 4606 non
2622 4527 2908 4616 collocem,
2963 4527 3190 4628 propter
3223 4527 3386 4621 quem
3417 4567 3613 4622 neque.

351 4634 444 4687 τοῦ
476 4635 793 4706 Ἀφρικανοῦ
825 4639 1163 4708 Σκηπίωνος,
1187 4640 1283 4694 τοῦ
1315 4644 1429 4704 τοῖς
1458 4644 1751 4713 ἡμετέροις
1777 4643 1915 4695 Ἰτα-

351 4726 465 4788 λοίς
484 4727 580 4795 τὴν
619 4728 881 4799 Ἀφρικὴν
902 4731 1290 4797 ὑποτάξαντος.
1325 4734 1546 4788 Πολλῶν
1570 4739 1678 4804 γὰρ
1703 4733 1917 4803 ἀνθρώ-

356 4835 473 4895 πων
506 4819 599 4871 καὶ
633 4821 769 4874 κατὰ
809 4823 1095 4892 διαφόρους
1118 4825 1354 4896 τρόπους
1388 4827 1466 4896 τῷ
1496 4826 1727 4897 τοιούτῳ
1757 4827 1912 4898 βασι-

352 4909 435 4962 λεῖ
457 4916 992 4982 προσκεκρουκότων,
1023 4918 1074 4968 οἶ
1097 4935 1158 4984 γε
1186 4918 1282 4972 καὶ
1304 4919 1533 4982 εἰκότως
1563 4918 1798 4987 ὤφειλον
1821 4920 1916 4975 τὸν

351 5000 446 5053 τοῦ
487 5002 715 5058 Θανάτου
754 5009 994 5062 κίνδυνον
1022 5009 1244 5082 δειλιᾷν,
1275 5013 1506 5082 ἐπείπερ
1534 5014 1592 5066 ἐν
1620 5013 1801 5066 ὃπλων
1825 5013 1908 5065 δυ-

351 5094 512 5164 νάμει
541 5098 688 5161 ἐντὸς
711 5103 943 5166 γένοιτο,
974 5103 1150 5180 οὐδενὶ
1181 5117 1351 5157 κακον
1389 5122 1443 5158 τι
1471 5104 1773 5174 ἐπαγαγὼν
1792 5105 1915 5159 ἐλυιι

353 5189 594 5260 μήνατοο
628 5194 831 5258 πάντας
854 5194 898 5248 δ’
933 5197 1240 5267 εὐεργετεῖν
1278 5185 1528 5268 βούλεται
1575 5198 1817 5267 ἀγαθούς
1854 5214 1915 5252 τε

2011 4647 2275 4717 sanguine
2309 4646 2554 4701 humano
2576 4643 2740 4714 gladii
2767 4643 3121 4708 imbuuntur,
3173 4659 3354 4713 neque
3387 4646 3598 4703 malum

2011 4739 2174 4804 malo,
2233 4737 2344 4793 imo
2387 4737 2589 4792 malum
2639 4737 2782 4792 bono
2827 4734 3138 4806 pensatur?
3195 4736 3339 4802 Quae
3359 4753 3484 4793 cum
3521 4738 3599 4792 ita

2012 4831 2152 4896 sint,
2183 4836 2332 4884 tuam
2373 4826 2618 4882 ducalem
2667 4834 2997 4896 potestatem
3035 4826 3248 4893 hortor,
3288 4837 3345 4881 ut
3380 4828 3600 4881 huncce

2023 4923 2414 4992 imperatorem
2445 4899 2713 4974 Joannem
2739 4960 2756 4983 ,
2787 4919 2947 4988 cujus
2977 4933 3175 4972 nomen
3227 4917 3316 4972 Dei
3366 4917 3598 4988 gratiam

2015 5019 2213 5079 sonat,
2253 5011 2423 5066 arctis
2485 5008 2737 5064 amicitiae
2771 5009 3006 5063 vim-alis
3051 5008 3148 5061 tibi
3186 5007 3478 5077 astringas,
3509 5009 3596 5061 ni-

2018 5105 2202 5173 hilque
2261 5111 2451 5158 contra
2507 5100 2656 5155 illum
2717 5101 2841 5154 novi
2895 5099 2980 5154 vel
3039 5099 3240 5159 facere.
3288 5099 3597 5156 vel.audire

2015 5198 2310 5254 sustineas.
2340 5195 2437 5250 llic
2466 5194 2628 5265 712
2665 5194 2810 5249 enim
2847 5191 3090 5249 Joannes
3143 5192 3319 5264 gratia
3370 5192 3595 5256 dicitur,

419 5353 440 5386 ⁸
474 5353 632 5410 llebr.
671 5372 763 5423 1111,
800 5357 854 5414 6.
929 5359 950 5391 ’
975 5360 1143 5429 Apuc.
1173 5371 1255 5427 m'.
1288 5359 1376 5416 l9.
1457 5359 1498 5392 ⁸⁸
1524 5359 1668 5414 Psal.
1693 5371 1859 5412 cxm.
1889 5355 1976 5411 18.
2057 5354 2100 5386 “
2133 5323 2276 5408 Psal:
2306 5365 2451 5418 xxvi,
2485 5349 2570 5405 l0.
2646 5320 2706 5385 ὐ-
2728 5347 2890 5404 Rom.
2924 5365 3045 5414 xm,
3078 5349 3133 5404 2.

1246 5454 1278 5473 Ὅ

1568 5517 1781 5582 Jacobi
1818 5515 2088 5580 Pontani
2122 5527 2313 5578 noue.
2391 5527 2402 5540 '

420 5645 528 5716 (75)
565 5644 924 5723 Octavianum
957 5648 1068 5703 sive
1114 5653 1411 5723 Augusutm
1442 5667 1562 5707 esse
1591 5668 1771 5723 regem
1810 5652 1915 5706 hu-

349 5721 928 5792 mani_tatis_vocatum,
954 5735 1073 5792 Aege
1121 5721 1338 5790 quidem
1394 5721 1675 5792 nusquam
1711 5723 1892 5788 legere

348 5789 576 5846 memini.
610 5789 675 5845 Et
707 5799 898 5845 tamen
941 5789 1373 5846 Cantacuzenum
1407 5794 1457 5847 id
1492 5789 1632 5862 apud
1670 5792 1902 5863 scripto-

2027 5665 2139 5708 rem
2173 5651 2404 5720 aliquem
2454 5649 2651 5720 legisse
2688 5641 2990 5705 'verisi'milc
3020 5659 3123 5720 est.
3173 5647 3331 5702 Multa
3368 5647 3436 5700 de
3473 5647 3594 5716 ejus

2002 5723 2338 5846 humlanitate
2394 5719 2746 5777 Plutarcho!
2793 5720 3007 5787 scribit,
3060 5719 3171 5775 hoc
3210 5726 3406 5774 tannen
3481 5733 3592 5775 non

2009 5808 2113 5846 scr:
2143 5805 2213 5846 ut.
3129 5837 3145 5846 .

2009 5805 2213 5846 εςτιιιιι.
