4028 6472
421 413 489 482 3i

1611 406 1932 470 JOANNIS
1967 403 2493 466 CANTACUZENI

3593 405 3667 470 3‘2

417 542 544 598 erga
565 541 626 582 se
651 523 1127 580 mansuetudinem
1177 521 1719 591 benevolentiamque
1741 533 1994 577 cernens.

2111 517 2238 588 πρὸς
2275 519 2460 582 αὐτὸν,
2515 519 2593 582 ὡς
2649 516 2696 570 εί
2765 516 3008 588 βούλοιτο
3056 503 3422 589 ποιησόμενον
3473 519 3670 574 ἀπολο-

421 618 828 687 propemodum
871 617 1143 671 somniare
1182 630 1241 669 se
1270 615 1520 684 putabat.
1547 623 1768 682 propter
1806 627 1991 666 rerum

418 717 676 762 eventum
734 709 1070 778 lnopinatum
1121 706 1394 763 videlicet.
1455 706 1781 760 lnusitatum
1845 704 1992 758 enim

419 799 608 852 mortis
632 813 824 868 genus,
855 806 910 852 et
934 797 1117 852 omnia
1151 811 1366 850 summa
1389 794 1644 859 ludibria,
1675 807 1996 862 supremas-

416 904 523 958 que
561 888 916 943 contumelias
941 888 1044 944 sibi
1074 889 1361 958 patiendus
1393 887 1808 956 suspicabatur,
1862 884 1992 939 dum

423 981 827 1050 perpenderet,
887 995 1053 1049 quam
1102 980 1272 1033 multa
1304 979 1430 1034 belli
1462 988 1708 1048 tempore
1763 978 1818 1031 in
1866 991 1994 1032 eum

427 1071 634 1124 nefarie
667 1070 1010 1140 deliquisset.
1045 1069 1253 1124 Deinde
1294 1071 1405 1140 jam
1455 1068 1678 1124 meliore
1730 1083 1829 1139 spe
1861 1067 1994 1122 sub-

426 1161 608 1224 nixus,
645 1170 700 1214 et
752 1175 784 1215 e
823 1163 1018 1215 timore
1042 1175 1152 1229 quo
1180 1145 1468 1215 tenebatur
1498 1167 1797 1224 recreatus,
1823 1158 1997 1228 impe-

420 1260 658 1305 ratorem
691 1251 760 1306 de
821 1252 1044 1306 lenitate
1075 1252 1510 1320 injuriarumquc
1547 1249 1820 1304 oblivione
1854 1265 1996 1320 pra:—

425 1343 643 1397 dicabat
702 1343 903 1412 oppido
924 1383 940 1407 ,
973 1344 1274 1412 agebatque
1307 1342 1511 1412 gratias
1542 1342 1814 1410 impense,
1848 1340 1993 1410 quod

429 1436 516 1488 sui
551 1438 832 1498 misertus,
889 1435 1210 1504 ignovisset.
1257 1434 1484 1488 Petebat
1548 1445 1729 1488 autem
1781 1443 1996 1504 tempus

421 1527 490 1580 ad
543 1526 980 1589 deliberandum,
1037 1526 1168 1594 quid
1221 1525 1498 1595 episcopis
1553 1525 1993 1595 respondendum

430 1627 597 1681 esset,
639 1619 684 1672 si
715 1633 932 1675 causam
961 1633 1115 1671 suam
1143 1617 1282 1670 tueri
1318 1617 1518 1683 vellet;
1575 1617 1718 1686 quod
1747 1617 1796 1670 ei
1826 1617 1996 1687 impe-

433 1719 582 1762 rator
606 1711 902 1777 concessit.
927 1709 1114 1764 Tertio
1155 1719 1276 1779 post
1305 1709 1395 1764 die
1424 1709 1492 1763 ad
1531 1724 1656 1764 eum
1690 1714 1993 1780 regi-emus,

425 1798 741 1868 perblandis
769 1815 834 1854 ac
861 1799 1071 1854 festivis
1125 1800 1470 1855 sermonibus
1502 1816 1627 1854 eum
1659 1801 1992 1866 exbilarans,

425 1884 593 1939 etiam
626 1887 692 1942 de
723 1886 925 1953 judicio
956 1889 1437 1958 percunctabatur,
1473 1888 1708 1943 velletne
1773 1904 1993 1943 causam

429 1992 586 2032 suam
621 1980 837 2048 agitari.
878 1979 1194 2034 Patriarcha
1225 1995 1438 2036 rursum
1458 1979 1666 2034 affatim
1707 1981 1998 2048 imperato-

431 2082 545 2121 rem
575 2069 812 2135 laudare,
845 2078 900 2123 et
930 2070 1196 2139 judicium
1263 2071 1365 2124 sibi
1427 2079 1673 2140 optatum
1708 2070 1994 2136 afﬁrmare;

431 2156 637 2210 etenim
673 2157 904 2212 crimina
937 2173 995 2212 se
1026 2159 1350 2213 diluturum.
1383 2157 1682 2230 Imperator
1719 2161 1838 2230 ejus
1869 2160 2002 2230 peti-

441 2246 648 2300 tionem
681 2249 950 2318 cpisc0pis
983 2250 1166 2304 statim
1214 2251 1504 2322 signiﬁcat,
1546 2267 1752 2320 suaque
1783 2261 2002 2306 senten-

434 2335 509 2389 tia
553 2345 610 2390 ut
663 2336 863 2404 justam
900 2341 1209 2404 conﬁrmat,
1235 2341 1285 2394 id
1325 2343 1466 2410 quod
1490 2343 1758 2412 episcopis
1786 2357 2002 2412 quoque

438 2427 758 2496 perplacere
804 2429 1110 2492 videbatur,
1155 2431 1554 2486 afﬁrmantibus
1593 2449 1696 2487 nec
1742 2433 1846 2487 sibi
1889 2449 2006 2502 pro-

433 2517 552 2570 bari
605 2516 972 2586 patriarcliam
1006 2518 1204 2572 throno
1249 2518 1487 2588 depelli,
1546 2523 1652 2578 nisi
1693 2538 2003 2591 perversam

433 2605 738 2658 doctrinam
772 2616 828 2660 et
856 2607 924 2660 ab
979 2608 1284 2662 orthodoxa
1318 2610 1582 2679 religione
1614 2611 1769 2665 valde
1805 2613 2008 2666 discre-

435 2701 658 2760 pantem
689 2695 890 2750 sectari
915 2697 1320 2764 ostenderetur;
1353 2700 1812 2770 praeﬁgebantque
1838 2702 2003 2766 diem,

433 2799 544 2853 quo
600 2800 792 2842 omnes
865 2788 918 2842 in
981 2791 1239 2861 palatium
1302 2792 1524 2857 coacti,
1595 2792 1649 2847 in
1722 2795 1841 2861 ejus
1917 2794 2010 2848 do-

435 2887 614 2947 gmata
672 2880 1030 2949 inquirerent.
1065 2881 1164 2948 Qui
1214 2883 1302 2938 ubi
1335 2885 1548 2951 illuxit,
1607 2887 1892 2956 episc0pi,
1956 2897 2011 2940 et

437 2967 834 3023 monachorum
866 2971 1170 3041 praecipui,
1225 2974 1642 3044 auiicorumque
1719 2989 2009 3043 procerum

436 3055 718 3112 lectissimi
772 3062 1131 3116 conveniunt.
1185 3060 1422 3117 Vocatur
1456 3063 1792 3133 patriarcha;
1828 3064 2013 3118 diﬁert

2099 609 2228 676 γίαν
2255 609 2343 660 ἐπ’
2385 608 2550 662 αὐτοῦ
2603 610 2714 662 τῶν
2741 611 3258 681 κατηγορουμένων.
3305 610 3364 662 Ὀ
3393 608 3450 664 δέ
3489 609 3548 662 τὸ
3572 609 3668 663 τοῦ

2103 699 2374 769 βασιλέως
2427 700 2699 772 προσηνὲς
2759 701 2854 756 καὶ
2901 701 3000 772 τὴν
3061 701 3352 770 εὐμένειαν
3405 702 3504 770 τὴν
3534 700 3670 770 πρὸς

2098 795 2264 848 αὑτὸν
2295 795 2462 862 ὀρῶν,
2495 796 2697 865 μικροῦ
2734 794 2836 864 μέν
2859 793 3034 848 ἐδόκει
3062 795 3416 865 ὀνειρώττειν
3445 795 3535 848 διὰ
3566 794 3669 862 τὴν

2096 887 2229 957 παρ’
2261 887 2487 949 ἐλπίδας
2514 887 2623 940 τῶν
2651 887 2995 958 πραγμάτων
3025 886 3278 940 ἑκϐασιν.
3312 887 3517 939 Καινόν
3546 901 3666 937 τινα

2097 976 2208 1047 γὰρ
2249 977 2471 1030 ὑπενόει
2529 975 2766 1031 θανάτου
2821 977 3026 1046 τρόπον
3082 974 3516 1045 ὑποστήσεσθαι,
3570 975 3668 1028 κα)⁸

2097 1070 2280 1124 πᾶσαν
2329 1068 2645 1141 ἐρεσχελίαν
2704 1069 2798 1122 καὶ
2835 1068 3050 1140 ὕϐρεως
3097 1067 3410 1138 ὑπερϐολὴν
3457 1067 3663 1136 ὑπομε-

2097 1165 2234 1224 νεῖν.
2271 1161 2370 1232 τὴν
2401 1161 2635 1216 ἀτοπίαν
2672 1159 3084 1230 ἐνθυμούμενος
3140 1159 3250 1214 τῶν
3280 1159 3666 1230 εἰργασμένων

2097 1253 2234 1323 πρὸς
2275 1253 2438 1306 αὑτὸν
2470 1254 2576 1306 ὑπὸ
2598 1253 2690 1307 τὸν
2718 1253 2984 1322 πόλεμον.
3018 1253 3258 1306 Ἔπειτα
3293 1253 3350 1308 δὲ
3380 1253 3479 1323 ήδη
3531 1268 3668 1320 χρη-

2097 1345 2377 1415 στοτέρων
2405 1343 2515 1398 τῶν
2543 1345 2775 1399 ἐλπίδων
2831 1344 3051 1409 ἐπιϐὰς,
3099 1344 3195 1398 καὶ
3223 1343 3570 1404 ἀναπνεύσας
3601 1343 3666 1394 ἐκ

2095 1435 2207 1487 τῶν
2232 1439 2574 1505 κατεχόντων
2613 1437 2815 1505 φόϐων,
2858 1436 3125 1505 βασιλέως
3177 1437 3276 1506 μέν
3307 1437 3406 1505 τῆς
3456 1434 3664 1506 ἡμερό-

2096 1541 2258 1596 τητος
2308 1527 2527 1596 καὶτῆς
2578 1526 2890 1598 ἀμνηστίας
2949 1527 3062 1580 τῶν
3107 1526 3295 1580 κακῶν
3328 1526 3666 1594 ὑπερηὺχετο

2097 1617 2291 1682 πολλὰ,
2325 1617 2420 1670 καὶ
2472 1617 2717 1686 μεγάλας
2747 1617 3018 1685 ὡμολόγει
3047 1618 3278 1687 χάριτας
3317 1618 3416 1684 τῆς
3449 1633 3669 1685 συμπα-

2098 1705 2250 1770 θείας
2308 1708 2403 1761 καὶ
2450 1708 2550 1778 τῆς
2602 1709 2931 1779 συγγνώμης
2963 1703 3031 1780 ἦς
3078 1709 3404 1776 παρέσχετο.
3456 1707 3668 1776 ᾙτεῖτο

2095 1793 2152 1846 δὲ
2182 1794 2374 1864 Χρδνον
2405 1794 2540 1865 πρὸς
2565 1795 2878 1866 διάσκεψιν,
2912 1800 2959 1851 εί
3003 1797 3251 1867 βούλοιτο
3283 1796 3668 1850 ἀντικαθίστα-

2099 1885 2224 1940 σθαι
2247 1888 2362 1950 τοῖς
2394 1889 2716 1958 ἀρχιερεῦσι
2744 1889 2878 1959 apo;
2905 1891 3018 1943 τῶν
3048 1889 3547 1959 κατηγορουμένων
3567 1885 3664 1954 τὴν
3685 1947 3696 1958 ἢ,

2099 1979 2422 2049 ἀπολογίαν,
2457 1983 2554 2034 καὶ
2603 1983 2911 2048 παρέσχετο
2975 1983 3004 2034 ὁ
3067 1980 3340 2050 βασιλεύς.
3399 1977 3568 2047 Τρίτῃ
3601 1977 3657 2027 δέ

2100 2073 2286 2142 ἡμέρᾳ
2312 2073 2430 2141 μετ’
2462 2074 2699 2142 ἐκείνην,
2734 2073 2896 2128 πάλιν
2921 2074 3056 2142 πρὸς
3082 2073 3244 2127 αὑτὸν
3267 2071 3460 2136 ἐλθὼν,
3488 2071 3669 2136 λόγοις

2101 2182 2159 2218 τε
2196 2166 2463 2218 ἀνεκτᾶτο
2493 2165 2628 2219 πολὺ
2657 2165 2719 2217 τι
2743 2165 3034 2233 ἐπαγωγὸν
3086 2166 3181 2216 καὶ
3239 2165 3428 2234 χάριεν
3461 2179 3668 2230 κεκτη-

2106 2258 2316 2327 μένοις,
2344 2259 2438 2310 καὶ
2472 2257 2603 2326 περὶ
2639 2259 2740 2326 τῆς
2779 2257 2936 2324 δίκης
2966 2257 3295 2326 ἐπανήρετο,
3351 2257 3397 2308 εί
3431 2253 3673 2322 βούλοιτο

2103 2347 2241 2414 πρὶς
2271 2346 2371 2415 τὴν
2396 2345 2640 2411 ἐξέτασιν
2665 2347 2887 2414 χωρεῖν.
2937 2343 2997 2398 Ὀ
3030 2344 3085 2397 δέ
3147 2341 3306 2407 αὖθίς
3341 2360 3397 2396 τε
3431 2341 3672 2410 ὑπερηὺ-
3701 2385 3704 2390 .

2105 2453 2229 2506 χετο
2259 2436 2450 2498 πολλὰ,
2480 2435 2576 2488 καὶ
2606 2435 2704 2504 τὴν
2733 2435 2891 2505 δίκην
2921 2435 3163 2502 ἔφασκεν
3193 2433 3340 2502 αὐτῷ
3368 2433 3510 2486 κατά
3539 2435 3674 2500 γνῶ·

2109 2543 2219 2594 μην
2251 2523 2393 2576 εἶναι
2417 2541 2430 2554 ·
2465 2523 2837 2576 ἀπολύσεσθαι
2869 2526 2980 2595 γὰρ
3030 2528 3100 2578 τὰ
3155 2524 3480 2590 ἐγκλήματα
3539 2524 3675 2592 πρὶς

2107 2618 2329 2681 ἐκείνην
2359 2611 2655 2676 καταστάς.
2697 2614 2909 2667 Αὐτίκα
2969 2633 3027 2668 τε
3072 2617 3099 2667 ὁ
3128 2615 3380 2683 βασιλεὺς
3434 2617 3547 2676 τοῖς
3579 2616 3677 2679 ἀρ-

2109 2706 2385 2776 χιερεῦσιν
2411 2707 2598 2772 ἐδήλου
2634 2690 2988 2775 τῆν’ἀξίωσιν
3013 2705 3103 2757 τοῦ
3138 2706 3508 2776 πατριάρχου,
3543 2706 3674 2755 ἐπε-

2107 2796 2379 2867 ψηφίζετό
2416 2813 2472 2848 τε
2507 2797 2580 2858 ὡς
2612 2798 2800 2848 δικαία
2841 2797 2926 2864 εἴη
2984 2797 3017 2866 ἠ
3075 2795 3303 2862 ἀξίωσις
3332 2811 3344 2824 '
3375 2795 3551 2847 ἐδόκει
3614 2795 3676 2861 δὴ

2111 2891 2204 2943 καὶ
2231 2891 2354 2952 ⁸τοῖς
2387 2889 2705 2959 ἀρχιερεῦσι
2754 2888 2991 2957 μάλιστα
3034 2891 3066 2958 ὴ
3098 2889 3222 2956 δίκη
3265 2889 3393 2955 φίλη
3423 2904 3435 2915 '
3469 2890 3672 2956 ἰσχυρί-

2113 2981 2268 3046 ξοντο
2289 2980 2396 3050 γὰρ
2423 2981 2544 3032 οὐδὲ
2570 2980 2753 3041 αὐτοῖς
2785 2979 2928 3031 κατὰ
2953 2980 3180 3050 γνώμην
3214 2975 3353 3040 εἶναι
3388 2980 3679 3044 ἐξάγεσθαι

2111 3071 2208 3126 τοῦ
2241 3072 2435 3140 θρόνου
2452 3071 2544 3124 τὸν
2573 3071 2942 3140 πατριάρχην,
2974 3073 3021 3122 εί
3049 3071 3122 3139 μὴ
3153 3072 3423 3140 ἐλέγχοιτο
3445 3071 3679 3138 δὶγμασι

437 3156 496 3201 et
535 3163 593 3202 se
626 3159 916 3205 venturum
943 3161 1128 3224 negat.
1155 3152 1357 3207 lterum
1389 3169 1452 3208 ac
1485 3154 1708 3209 tertium
1733 3171 1832 3224 pro
1856 3171 2006 3209 more

2115 3163 2403 3234 προσέχειν
2457 3162 2834 3232 διαστρόφοις,
2873 3161 2969 3214 καὶ
3005 3161 3142 3216 πολὺ
3202 3163 3332 3226 τῶν⁵
3371 3161 3679 3230 όρθοδόξων

440 3249 688 3302 vocatus,
730 3240 1000 3312 judicium
1053 3259 1267 3315 semper
1298 3245 1586 3300 detrectat.
1623 3246 1872 3315 Episcopi
1906 3246 2023 3300 de-'

443 3339 648 3387 cretam
675 3334 1203 3400 exauctorationem,
1221 3335 1371 3402 juxta
1394 3338 1610 3391 Patrum
1641 3337 1708 3391 de
1732 3337 1817 3391 bis
1848 3341 2007 3392 rebus

439 3425 780 3490 eattctiones,
807 3436 978 3481 ratam
1016 3425 1319 3480 faciendam
1356 3426 1720 3482 constituunt.
1749 3423 1866 3478 Non
1887 3439 2010 3494 per-

442 3517 668 3571 mittens
693 3517 1014 3586 imperator,
1068 3517 1185 3586 ipse
1227 3517 1594 3587 patriarcliam
1639 3514 1790 3582 adit;
1820 3514 2012 3584 quaerit

444 3623 577 3662 num
639 3607 706 3662 ad
752 3624 977 3662 causam
1028 3607 1314 3662 dicendam
1373 3607 1504 3662 velit
1542 3620 1850 3661 occurrere.
1893 3603 2014 3670 Quo

442 3708 653 3768 aperte,
682 3701 845 3754 etiam
883 3701 975 3754 illo
1024 3699 1286 3767 praside,
1337 3699 1605 3767 judicium
1660 3696 2013 3767 repudiante,

445 3790 692 3860 episcopi
720 3805 996 3845 consensu
1029 3789 1435 3844 abdicationem
1463 3789 1583 3859 ejus
1611 3787 1667 3842 in
1695 3787 1904 3842 litteras
1927 3801 2016 3842 re-

447 3880 663 3950 digunt,
690 3891 746 3935 et
774 3881 841 3935 de
881 3881 1151 3952 dogmatis
1183 3890 1388 3934 tomum
1425 3880 1613 3944 edunt,
1645 3879 1700 3932 in
1739 3893 1848 3947 quo
1891 3891 2018 3932 con-

449 3969 676 4023 ﬁtentur
711 3984 905 4026 omnes
929 4010 943 4035 ,
992 3971 1334 4042 Acindynum
1377 3971 1608 4039 ejusque
1633 3977 1836 4024 ccetum
1872 3965 2019 4038 (qui-

450 4059 682 4112 liuscum
712 4068 768 4115 et
789 4061 1111 4129 patriarcha:
1126 4059 1342 4126 Joanni,
1362 4061 1554 4115 eadem
1578 4057 1856 4121 sentienti,
1886 4071 2021 4111 con-

447 4150 684 4205 suetudo
714 4151 900 4216 fuerit,
930 4151 1091 4222 715
1122 4152 1462 4221 quocirca'et
1486 4150 1616 4205 sede
1652 4163 1749 4204 sua
1775 4148 2020 4218 dcjectus

449 4240 542 4309 sit)
581 4254 747 4309 prave
807 4249 970 4311 atque
1031 4242 1197 4311 impie
1255 4243 1324 4297 de
1369 4241 1631 4312 religione
1662 4239 1890 4302 sentire,
1921 4237 2021 4293 Pa-

451 4331 649 4387 lamam
701 4341 886 4386 autem
942 4347 1069 4386 cum
1133 4333 1220 4386 sui
1276 4332 1548 4386 similibus
1601 4331 1667 4400 (ι)
1711 4329 2018 4384 divinorum

454 4422 834 4493 theologorum
896 4425 1107 4493 placitis
1175 4434 1542 4480 consentanea
1595 4431 1648 4477 et
1701 4436 1895 4490 sapere
1966 4428 2022 4473 et

2115 3252 2572 3321 παραλλάττουσι,
2657 3253 2752 3325 και
2802 3249 3141 3304 συνετίθεντο
3198 3251 3434 3320 ἡμέραν.
3487 3254 3546 3303 ἐν

2112 3345 2324 3406 πάντας
2359 3346 2418 3398 ἐν
2473 3342 2769 3413 βασιλείοις
2825 3342 2932 3396 ἔδει
2971 3344 3298 3412 γενομένους
3333 3343 3439 3394 τῶν
3471 3342 3681 3408 δογμάο

2111 3455 2222 3491 των
2252 3438 2352 3506 τὴν
2381 3434 2630 3500 ἐξέτασιν
2659 3435 2958 3489 ποιεῖσθαι,
2996 3433 3152 3487 Ἐπεὶ
3183 3434 3241 3486 δέ
3289 3435 3322 3502 ἡ
3373 3433 3682 3503 πρθεσμία

2115 3527 2263 3594 ἥκει,
2290 3523 2546 3594 παρῆσαν
2581 3523 2678 3594 μὲν
2708 3524 2758 3574 οἱ
2786 3525 3088 3594 ἀρχιερεῖς,
3160 3525 3254 3577 καὶ
3282 3523 3394 3575 τῶν
3433 3523 3683 3592 μοναχῶν

2117 3617 2235 3670 ὅσοι
2270 3615 2506 3684 μάλιστα
2539 3617 2598 3667 ἐν
2627 3614 2772 3682 λόγῳ
2818 3610 2982 3685 ἦσαν,
3014 3616 3111 3670 καὶ
3144 3616 3254 3670 τῶν
3301 3615 3684 3684 συγκλητικῶν

2118 3709 2169 3761 οἱ
2204 3706 2443 3777 μάλιστα
2474 3706 2780 3773 ἐπιφανεῖς.
2822 3706 3105 3761 Ἐκαλεῖτο
3134 3707 3192 3775 δέ
3222 3709 3314 3760 ἐπὶ
3338 3709 3438 3778 τὴν
3465 3707 3625 3775 δίκην
3658 3709 3688 3758 ὁ

2121 3796 2492 3866 πατριάρχηςο
2549 3797 2578 3848 ό
2627 3794 2684 3848 δὲ
2739 3795 3064 3850 ἀνεϐάλλετο
3111 3798 3186 3866 μὴ
3216 3797 3371 3866 ἥξειν
3435 3796 3684 3864 φάσκων.

2121 3887 2213 3950 Δὶς
2241 3885 2299 3940 δέ
2331 3888 2426 3940 καὶ⁵
2452 3870 2572 3957 τρὶς
2625 3886 2927 3955 γενομένης
2973 3886 3074 3956 τῆς
3112 3889 3400 3957 μηνύσεως
3448 3888 3588 3940 κατά
3627 3886 3687 3940 τὸ

2122 3980 2264 4045 ἐθος,
2296 3981 2325 4033 ό
2355 3977 2456 4049 μὲν
2511 3978 2716 4046 ὁμοίως
2749 3979 2808 4030 ἐν
2845 3979 3047 4042 πάσαις
3081 3980 3356 4034 ἀπείπατο
3383 3979 3480 4051 τὴν
3506 3980 3682 4048 δίκην.

2123 4067 2250 4131 Τοῖς
2275 4069 2332 4121 δέ
2366 4066 2720 4139 ἀρχιερεῦσιν
2744 4067 2920 4121 ἐδόκει
2947 4068 3044 4138 τὴν
3076 4069 3460 4141 ἐψηφισμένην
3499 4068 3690 4123 καθαίι

2129 4179 2279 4235 ρεσιν
2313 4158 2615 4228 ἐπικυροῦν
2645 4159 2788 4212 κατά
2817 4158 2944 4222 τοὺς
2981 4161 3111 4228 περὶ
3150 4159 3360 4213 τούτων
3391 4162 3687 4230 κειμένους

2123 4257 2232 4309 τῶν
2271 4251 2532 4320 Πατέρων
2582 4249 2804 4319 νόμους.
2860 4249 3127 4314 Βασιλεὺς
3179 4251 3237 4305 δὲ
3284 4251 3386 4305 οὐκ
3415 4253 3524 4319 sla,
3573 4251 3688 4304 ἀλλ’

2126 4347 2289 4409 αὐτὸς
2332 4346 2399 4398 δι’
2440 4341 2640 4397 ἐαυτοῦ
2674 4345 3145 4416 παραγενόμενος,
3194 4343 3530 4398 ἐπυνθάνετο
3580 4361 3689 4396 παο

2127 4438 2418 4508 τριάρχου,
2451 4439 2502 4490 εί
2537 4436 2614 4509 μὴ
2649 4436 2894 4508 βούλοιτο
2917 4427 3116 4506 χωρεῖν
3149 4435 3285 4505 πρὸς
3312 4434 3412 4503 τὴν
3443 4433 3690 4497 ἐξέτασιν

424 4515 726 4582 'proﬁteri.
779 4515 896 4569 Tali
956 4516 1117 4571 modo
1176 4516 1417 4571 Joannes
1467 4515 1774 4585 patriarcha
1827 4513 2010 4566 throm

2130 4527 2238 4579 τῶν
2264 4528 2752 4597 κατηγορημένων.
2794 4526 2951 4578 Ἐπεὶ
2971 4523 3029 4577 δέ
3052 4522 3302 4592 φανερῶς
3331 4523 3426 4575 καὶ
3475 4523 3568 4574 ἐπὶ
3596 4521 3691 4574 τοῦ

458 4606 672 4674 ejcctus
698 4614 804 4669 est,
862 4606 1029 4660 etiam
1083 4616 1376 4675 antequam
1429 4605 1749 4674 Byzantium
1795 4603 2030 4657 intraret

461 4695 783 4763 imperator.
815 4693 925 4748 Nec
970 4711 1100 4749 vero
1150 4695 1508 4763 quiescebat,
1554 4693 1648 4748 sed
1679 4708 1804 4748 cum
1844 4690 2023 4771 eccle-

457 4784 696 4839 siastieis
721 4784 1062 4853 quibusdam,
1099 4795 1154 4839 et
1187 4785 1480 4854 episcopis,
1518 4799 1581 4837 ac
1611 4782 1840 4853 privatis
1887 4797 2022 4835 con-

457 4875 708 4946 spirans,
762 4876 958 4931 iterum
1028 4876 1216 4930 turbas
1275 4876 1676 4939 commovebat,
1720 4884 1774 4927 et
1818 4874 2030 4941 jactare

2125 4614 2393 4686 βασιλέως
2418 4617 2737 4687 ἀπηγόρευε
2787 4615 2889 4684 τὴν
2917 4614 3098 4683 δίκην,
3127 4613 3230 4683 τήν
3263 4629 3322 4666 τε
3368 4612 3694 4682 καθαίρεσιν

2125 4706 2336 4760 ἐκείνου
2392 4707 2690 4776 ἐγγράφως
2723 4705 3010 4759 ἐποιοῦντο
3061 4705 3110 4757 οί
3155 4705 3435 4774 ἀρχιερεῖς
3491 4706 3693 4765 πάντες

2129 4799 2596 4868 ἐπιψηφισάμενοι
2627 4799 2848 4868 ὁμοίως,
2882 4799 2974 4850 καὶ
2999 4797 3166 4864 τόμον
3199 4798 3331 4867 περὶ
3356 4795 3465 4850 τῶν
3493 4792 3696 4863 δογμά-

1673 4965 1888 5027 Jacobi
1929 4955 2196 5023 Pontani
2233 4964 2425 5017 noue.

461 5083 614 5134 mus,
653 5068 822 5124 Graeci
865 5067 1284 5136 imperatoribus
1329 5069 1444 5124 suis
1487 5069 1790 5130 adulantes,
1849 5063 2013 5119 nimis

463 5153 714 5210 magnam
747 5138 828 5192 eis
852 5139 1226 5192 auctoritatem
1248 5149 1659 5196 concesserunt.
1696 5139 1802 5202 Qui
1831 5149 2016 5189 exem-

2119 5060 2268 5130 plum
2305 5056 2890 5130 nominatiniqua‘rit,
2920 5056 3470 5130 legatBalsamonem
3516 5056 3570 5111 in
3598 5070 3695 5111 ca-

2119 5124 2321 5183 itonem
2349 5128 2417 5181 69
2449 5125 2641 5198 synodi
2672 5137 2843 5181 sexta:
2881 5127 2932 5179 in
2967 5124 3176 5180 Trullo.

1687 5248 1902 5314 Jacobi
1944 5235 2226 5308 Gretseri
2263 5244 2453 5297 noue.

469 5432 485 5438 _
531 5372 606 5444 Ml)
642 5376 719 5430 De
750 5375 1124 5431 controversia
1149 5377 1447 5438 Barlaami,
1477 5376 1741 5446 Acindyni
1777 5384 1830 5446 et
1869 5376 2023 5430 Pala-

472 5463 576 5502 ma:
618 5446 836 5513 eopiose
880 5446 1092 5515 egimus
1147 5447 1212 5501 ad
1246 5447 1405 5500 ﬁnem
1440 5447 1564 5500 libri
1618 5445 1844 5499 secundi
1875 5487 1888 5509 ,
1921 5463 2032 5514 quo

473 5515 737 5570 le--torem
785 5515 964 5568 redire
1009 5516 1302 5584 cupimus,
1344 5517 1560 5585 quoties
1617 5515 2033 5570 Cantacuzenus

475 5586 750 5640 l’alamam
806 5587 1033 5653 ejusque
1085 5587 1318 5639 asseclas
1347 5625 1362 5642 .
1415 5595 1674 5652 tanquam
1710 5593 1856 5636 recte
1903 5599 2032 5653 seno

481 5659 717 5720 tivntes,
769 5652 1030 5724 praedicat
1066 5663 1140 5724 et
1184 5655 1412 5724 extollit.
1473 5653 1771 5707 Omisimus
1817 5666 1884 5704 co
1915 5652 2034 5724 loco

478 5725 625 5777 hanc
689 5722 956 5795 synodum
1005 5723 1272 5795 adversus
1350 5723 1688 5795 Acintlynuiu
1737 5722 2036 5795 occasione

491 5795 515 5849 J
558 5789 735 5847 annis'
765 5793 1084 5862 |‘ail'i:ll‘til;l!
1129 5802 1389 5847 ccactam.
1423 5789 1552 5858 Quae
1601 5793 1643 5845 si
1687 5789 1751 5842 ad
1799 5791 2037 5861 reliquas

2132 5375 2625 5448 adjungaturLjam
2679 5391 2774 5448 sex
2809 5377 3046 5448 synodos
3098 5390 3264 5448 super
3317 5374 3696 5448 controversia

2129 5444 2437 5501 tle'lumine
2471 5445 2753 5500 Tbaborio
2799 5444 2854 5500 et
2889 5446 3258 5508 distinctione
3300 5444 3556 5498 essentne
3609 5458 3699 5496 ac-

2132 5517 2405 5583 lionisque
2455 5515 2652 5567 divina:
2725 5516 3066 5569 habt-bimus.
3121 5515 3372 5582 Quinque
3448 5513 3692 5580 quidem,

2129 5600 2360 5654 quarunt
2385 5586 2500 5653 ipse
2529 5583 2944 5639 Cantacuzcnus
2991 5585 3259 5654 meminit,
3300 5592 3356 5636 et
3383 5583 3572 5654 aliam,
3599 5597 3694 5633 cu-

2127 5652 2217 5722 jus
2243 5655 2338 5706 lib.
2385 5652 2419 5706 ti
2455 5664 2644 5707 testem
2695 5654 3038 5706 laudavimus
3071 5653 3329 5722 thvidcm
3363 5652 3693 5722 monachum

2119 5719 2187 5846 "in
2222 5739 2318 5775 sua
2348 5722 2642 5777 Relatione
2679 5723 2747 5776 de
2778 5723 3175 5792 disceptatione
3210 5719 3478 5775 Barlaami
3509 5728 3564 5773 ct
3595 5719 3696 5772 ιιι-

2157 5807 2308 5846 amas.
2547 5837 2565 5846 -

2157 5807 2308 5846 amas.
