  <div class='ocr_page' id='page_1' title='image "/cluster/home/n/w/nwhite01/storage/ocr_20150623/154:no.2/coo.31924054870591/027.png"; bbox 0 0 4028 6476; ppageno 0'>
   <div class='ocr_carea' id='block_1_1' title="bbox 495 423 568 486">
    <p class='ocr_par' dir='ltr' id='par_1_1' title="bbox 495 423 568 486">
     <span class='ocr_line' id='line_1_1' title="bbox 495 423 568 486; baseline 0.027 -2"><span class='ocrx_word' id='word_1_1' title='bbox 495 423 568 486; x_wconf 79' lang='lat'><strong>39</strong></span> 
     </span>
    </p>
   </div>
   <div class='ocr_carea' id='block_1_2' title="bbox 1664 407 2540 473">
    <p class='ocr_par' dir='ltr' id='par_1_2' title="bbox 1664 407 2540 473">
     <span class='ocr_line' id='line_1_2' title="bbox 1664 407 2540 473; baseline -0.007 0"><span class='ocrx_word' id='word_1_2' title='bbox 1664 409 1985 473; x_wconf 82' lang='lat' dir='ltr'><strong>JOANNIS</strong></span> <span class='ocrx_word' id='word_1_3' title='bbox 2019 407 2540 470; x_wconf 79' lang='lat' dir='ltr'><strong>CANTACUZENI</strong></span> 
     </span>
    </p>
   </div>
   <div class='ocr_carea' id='block_1_3' title="bbox 3669 413 3740 478">
    <p class='ocr_par' dir='ltr' id='par_1_3' title="bbox 3669 413 3740 478">
     <span class='ocr_line' id='line_1_3' title="bbox 3669 413 3740 478; baseline 0 0"><span class='ocrx_word' id='word_1_4' title='bbox 3669 413 3740 478; x_wconf 70' lang='grc'><strong>40</strong></span> 
     </span>
    </p>
   </div>
   <div class='ocr_carea' id='block_1_4' title="bbox 498 509 2075 592">
    <p class='ocr_par' dir='ltr' id='par_1_4' title="bbox 498 516 2073 592">
     <span class='ocr_line' id='line_1_4' title="bbox 498 516 2073 592; baseline -0.01 -6"><span class='ocrx_word' id='word_1_5' title='bbox 498 529 710 586; x_wconf 99' lang='lat' dir='ltr'><strong>habuit.</strong></span> <span class='ocrx_word' id='word_1_6' title='bbox 745 525 949 581; x_wconf 72' lang='lat' dir='ltr'><strong>Verum</strong></span> <span class='ocrx_word' id='word_1_7' title='bbox 992 521 1329 592; x_wconf 63' lang='lat' dir='ltr'><strong>Palaologus</strong></span> <span class='ocrx_word' id='word_1_8' title='bbox 1385 516 1588 576; x_wconf 88' lang='lat' dir='ltr'><strong>deinde</strong></span> <span class='ocrx_word' id='word_1_9' title='bbox 1635 519 1787 573; x_wconf 88' lang='lat' dir='ltr'><strong>solus</strong></span> <span class='ocrx_word' id='word_1_10' title='bbox 1839 520 2073 587; x_wconf 89' lang='lat' dir='ltr'><strong>impera-</strong></span> 
     </span>
    </p>
   </div>
   <div class='ocr_carea' id='block_1_5' title="bbox 2176 509 3745 592">
    <p class='ocr_par' dir='ltr' id='par_1_5' title="bbox 2176 509 3745 592">
     <span class='ocr_line' id='line_1_5' title="bbox 2176 509 3745 592; baseline 0.006 -26"><span class='ocrx_word' id='word_1_11' title='bbox 2176 514 2383 576; x_wconf 79' lang='grc' dir='ltr'>εἳωθός.</span> <span class='ocrx_word' id='word_1_12' title='bbox 2416 516 2525 586; x_wconf 74' lang='grc' dir='ltr'><strong>Τὴν</strong></span> <span class='ocrx_word' id='word_1_13' title='bbox 2561 515 2660 585; x_wconf 88' lang='grc' dir='ltr'><strong>μέν</strong></span> <span class='ocrx_word' id='word_1_14' title='bbox 2695 509 2788 569; x_wconf 87' lang='grc' dir='ltr'><strong>οῦν</strong></span> <span class='ocrx_word' id='word_1_15' title='bbox 2822 515 3069 586; x_wconf 77' lang='grc' dir='ltr'><strong>μεγάλην</strong></span> <span class='ocrx_word' id='word_1_16' title='bbox 3102 517 3264 571; x_wconf 80' lang='grc' dir='ltr'>στοάν</span> <span class='ocrx_word' id='word_1_17' title='bbox 3313 521 3452 588; x_wconf 75' lang='grc' dir='ltr'>μετὰ</span> <span class='ocrx_word' id='word_1_18' title='bbox 3505 519 3599 576; x_wconf 87' lang='grc' dir='ltr'><strong>τοῦ</strong></span> <span class='ocrx_word' id='word_1_19' title='bbox 3645 521 3745 592; x_wconf 76' lang='grc' dir='ltr'><strong>βήο</strong></span> 
     </span>
    </p>
   </div>
   <div class='ocr_carea' id='block_1_6' title="bbox 448 613 2061 689">
    <p class='ocr_par' dir='ltr' id='par_1_6' title="bbox 448 613 2061 689">
     <span class='ocr_line' id='line_1_6' title="bbox 448 613 2061 689; baseline -0.008 -14"><span class='ocrx_word' id='word_1_20' title='bbox 448 653 470 665; x_wconf 79' lang='grc' dir='ltr'><strong><em>ο</em></strong></span> <span class='ocrx_word' id='word_1_21' title='bbox 497 630 606 682; x_wconf 93' lang='lat' dir='ltr'><strong>tor,</strong></span> <span class='ocrx_word' id='word_1_22' title='bbox 660 617 803 689; x_wconf 89' lang='lat' dir='ltr'><strong>quod</strong></span> <span class='ocrx_word' id='word_1_23' title='bbox 845 616 1034 672; x_wconf 97' lang='lat' dir='ltr'><strong>deerat</strong></span> <span class='ocrx_word' id='word_1_24' title='bbox 1075 613 1334 684; x_wconf 82' lang='lat' dir='ltr'><strong>explevit,</strong></span> <span class='ocrx_word' id='word_1_25' title='bbox 1389 625 1719 680; x_wconf 90' lang='lat' dir='ltr'><strong>manumque</strong></span> <span class='ocrx_word' id='word_1_26' title='bbox 1763 619 2061 664; x_wconf 78' lang='lat' dir='ltr'><strong>extremam</strong></span> 
     </span>
    </p>
   </div>
   <div class='ocr_carea' id='block_1_7' title="bbox 497 701 2064 781">
    <p class='ocr_par' dir='ltr' id='par_1_7' title="bbox 497 701 2064 781">
     <span class='ocr_line' id='line_1_7' title="bbox 497 701 2064 781; baseline -0.007 -17"><span class='ocrx_word' id='word_1_27' title='bbox 497 709 779 781; x_wconf 91' lang='lat' dir='ltr'><strong>imposuit.</strong></span> <span class='ocrx_word' id='word_1_28' title='bbox 833 706 1260 765; x_wconf 80' lang='lat' dir='ltr'><strong>Subserviebant</strong></span> <span class='ocrx_word' id='word_1_29' title='bbox 1299 715 1482 759; x_wconf 87' lang='lat' dir='ltr'><strong>autem</strong></span> <span class='ocrx_word' id='word_1_30' title='bbox 1529 704 1952 775; x_wconf 71' lang='lat' dir='ltr'><strong>imperatoribus</strong></span> <span class='ocrx_word' id='word_1_31' title='bbox 2007 701 2064 755; x_wconf 88' lang='lat' dir='ltr'><strong>in</strong></span> 
     </span>
    </p>
   </div>
   <div class='ocr_carea' id='block_1_8' title="bbox 498 795 2065 870">
    <p class='ocr_par' dir='ltr' id='par_1_8' title="bbox 498 795 2065 870">
     <span class='ocr_line' id='line_1_8' title="bbox 498 795 2065 870; baseline -0.006 -14"><span class='ocrx_word' id='word_1_32' title='bbox 498 802 601 856; x_wconf 88' lang='lat' dir='ltr'><strong>hac</strong></span> <span class='ocrx_word' id='word_1_33' title='bbox 665 799 922 870; x_wconf 72' lang='lat' dir='ltr'><strong>praeclara</strong></span> <span class='ocrx_word' id='word_1_34' title='bbox 969 796 1315 852; x_wconf 76' lang='lat' dir='ltr'><strong>aemulatione</strong></span> <span class='ocrx_word' id='word_1_35' title='bbox 1337 795 1526 850; x_wconf 79' lang='lat' dir='ltr'><strong>Astras</strong></span> <span class='ocrx_word' id='word_1_36' title='bbox 1589 810 1815 865; x_wconf 91' lang='lat' dir='ltr'><strong>magnus</strong></span> <span class='ocrx_word' id='word_1_37' title='bbox 1867 801 2065 848; x_wconf 88' lang='lat' dir='ltr'><strong>strato-</strong></span> 
     </span>
    </p>
   </div>
   <div class='ocr_carea' id='block_1_9' title="bbox 477 884 2065 963">
    <p class='ocr_par' dir='ltr' id='par_1_9' title="bbox 477 884 2065 963">
     <span class='ocr_line' id='line_1_9' title="bbox 477 884 2065 963; baseline -0.004 -18"><span class='ocrx_word' id='word_1_38' title='bbox 477 887 789 963; x_wconf 30' lang='lat' dir='ltr'><strong>‘pedarcha,</strong></span> <span class='ocrx_word' id='word_1_39' title='bbox 821 890 902 945; x_wconf 82' lang='lat' dir='ltr'><strong>vir</strong></span> <span class='ocrx_word' id='word_1_40' title='bbox 945 890 1001 944; x_wconf 90' lang='lat' dir='ltr'><strong>in</strong></span> <span class='ocrx_word' id='word_1_41' title='bbox 1031 889 1222 960; x_wconf 82' lang='lat' dir='ltr'><strong>primis</strong></span> <span class='ocrx_word' id='word_1_42' title='bbox 1275 896 1552 957; x_wconf 84' lang='lat' dir='ltr'><strong>spectatus</strong></span> <span class='ocrx_word' id='word_1_43' title='bbox 1613 897 1669 940; x_wconf 91' lang='lat' dir='ltr'><strong>et</strong></span> <span class='ocrx_word' id='word_1_44' title='bbox 1733 884 2065 940; x_wconf 83' lang='lat' dir='ltr'><strong>architectus</strong></span> 
     </span>
    </p>
   </div>
   <div class='ocr_carea' id='block_1_10' title="bbox 497 975 2069 1054">
    <p class='ocr_par' dir='ltr' id='par_1_10' title="bbox 497 975 2069 1054">
     <span class='ocr_line' id='line_1_10' title="bbox 497 975 2069 1054; baseline -0.004 -17"><span class='ocrx_word' id='word_1_45' title='bbox 497 984 745 1054; x_wconf 85' lang='lat' dir='ltr'><strong>insignis,</strong></span> <span class='ocrx_word' id='word_1_46' title='bbox 767 979 828 1038; x_wconf 61' lang='lat' dir='ltr'><strong>&#39;ct</strong></span> <span class='ocrx_word' id='word_1_47' title='bbox 857 997 978 1036; x_wconf 92' lang='lat' dir='ltr'><strong>cum</strong></span> <span class='ocrx_word' id='word_1_48' title='bbox 1043 996 1110 1034; x_wconf 92' lang='lat' dir='ltr'><strong>eo</strong></span> <span class='ocrx_word' id='word_1_49' title='bbox 1153 994 1218 1034; x_wconf 76' lang='lat' dir='ltr'><strong>ex</strong></span> <span class='ocrx_word' id='word_1_50' title='bbox 1265 976 1472 1033; x_wconf 89' lang='lat' dir='ltr'><strong>Latinis</strong></span> <span class='ocrx_word' id='word_1_51' title='bbox 1523 976 1837 1045; x_wconf 88' lang='lat' dir='ltr'><strong>imperatori</strong></span> <span class='ocrx_word' id='word_1_52' title='bbox 1884 975 2069 1044; x_wconf 84' lang='lat' dir='ltr'><strong>subje-</strong></span> 
     </span>
    </p>
   </div>
   <div class='ocr_carea' id='block_1_11' title="bbox 497 1067 2064 1139">
    <p class='ocr_par' dir='ltr' id='par_1_11' title="bbox 497 1067 2064 1139">
     <span class='ocr_line' id='line_1_11' title="bbox 497 1067 2064 1139; baseline -0.006 -5"><span class='ocrx_word' id='word_1_53' title='bbox 497 1081 605 1134; x_wconf 76' lang='lat' dir='ltr'><strong>ctis</strong></span> <span class='ocrx_word' id='word_1_54' title='bbox 635 1077 872 1132; x_wconf 84' lang='lat' dir='ltr'><strong>Joannes</strong></span> <span class='ocrx_word' id='word_1_55' title='bbox 900 1074 1109 1129; x_wconf 85' lang='lat' dir='ltr'><strong>Pcralta</strong></span> <span class='ocrx_word' id='word_1_56' title='bbox 1139 1072 1470 1128; x_wconf 88' lang='lat' dir='ltr'><strong>nominatus.</strong></span> <span class='ocrx_word' id='word_1_57' title='bbox 1497 1067 1602 1125; x_wconf 89' lang='lat' dir='ltr'><strong>Sed</strong></span> <span class='ocrx_word' id='word_1_58' title='bbox 1633 1071 1749 1126; x_wconf 66' lang='lat' dir='ltr'><strong>haec</strong></span> <span class='ocrx_word' id='word_1_59' title='bbox 1792 1069 2064 1139; x_wconf 76' lang='lat' dir='ltr'><strong>posterius</strong></span> 
     </span>
    </p>
   </div>
   <div class='ocr_carea' id='block_1_12' title="bbox 497 1166 2062 1240">
    <p class='ocr_par' dir='ltr' id='par_1_12' title="bbox 497 1166 2062 1240">
     <span class='ocr_line' id='line_1_12' title="bbox 497 1166 2062 1240; baseline -0.003 -18"><span class='ocrx_word' id='word_1_60' title='bbox 497 1169 863 1240; x_wconf 86' lang='lat' dir='ltr'><strong>contigerunt.</strong></span> <span class='ocrx_word' id='word_1_61' title='bbox 911 1168 1065 1224; x_wconf 89' lang='lat' dir='ltr'><strong>Tunc</strong></span> <span class='ocrx_word' id='word_1_62' title='bbox 1119 1184 1248 1238; x_wconf 90' lang='lat' dir='ltr'><strong>ergo</strong></span> <span class='ocrx_word' id='word_1_63' title='bbox 1277 1213 1292 1236; x_wconf 93' lang='lat'><strong>,</strong></span> <span class='ocrx_word' id='word_1_64' title='bbox 1351 1179 1412 1223; x_wconf 94' lang='lat' dir='ltr'><strong>ut</strong></span> <span class='ocrx_word' id='word_1_65' title='bbox 1473 1167 1761 1230; x_wconf 89' lang='lat' dir='ltr'><strong>docebam,</strong></span> <span class='ocrx_word' id='word_1_66' title='bbox 1807 1166 2062 1234; x_wconf 86' lang='lat' dir='ltr'><strong>quoniam</strong></span> 
     </span>
    </p>
   </div>
   <div class='ocr_carea' id='block_1_13' title="bbox 481 1255 2066 1329">
    <p class='ocr_par' dir='ltr' id='par_1_13' title="bbox 481 1255 2066 1329">
     <span class='ocr_line' id='line_1_13' title="bbox 481 1255 2066 1329; baseline -0.003 -18"><span class='ocrx_word' id='word_1_67' title='bbox 481 1259 754 1329; x_wconf 84' lang='lat' dir='ltr'><strong>magnum</strong></span> <span class='ocrx_word' id='word_1_68' title='bbox 842 1259 970 1313; x_wconf 91' lang='lat' dir='ltr'><strong>illud</strong></span> <span class='ocrx_word' id='word_1_69' title='bbox 1039 1259 1224 1313; x_wconf 89' lang='lat' dir='ltr'><strong>mundi</strong></span> <span class='ocrx_word' id='word_1_70' title='bbox 1291 1258 1612 1313; x_wconf 89' lang='lat' dir='ltr'><strong>miraculum</strong></span> <span class='ocrx_word' id='word_1_71' title='bbox 1673 1266 1731 1310; x_wconf 92' lang='lat' dir='ltr'><strong>et</strong></span> <span class='ocrx_word' id='word_1_72' title='bbox 1778 1255 2066 1310; x_wconf 84' lang='lat' dir='ltr'><strong>decantata</strong></span> 
     </span>
    </p>
   </div>
   <div class='ocr_carea' id='block_1_14' title="bbox 499 1346 2068 1418">
    <p class='ocr_par' dir='ltr' id='par_1_14' title="bbox 499 1346 2068 1418">
     <span class='ocr_line' id='line_1_14' title="bbox 499 1346 2068 1418; baseline -0.003 -16"><span class='ocrx_word' id='word_1_73' title='bbox 499 1350 643 1403; x_wconf 69' lang='lat' dir='ltr'><strong>aedes</strong></span> <span class='ocrx_word' id='word_1_74' title='bbox 670 1351 842 1405; x_wconf 65' lang='lat' dir='ltr'><strong>ruinae</strong></span> <span class='ocrx_word' id='word_1_75' title='bbox 867 1358 1047 1412; x_wconf 89' lang='lat' dir='ltr'><strong>erant,</strong></span> <span class='ocrx_word' id='word_1_76' title='bbox 1082 1365 1263 1404; x_wconf 88' lang='lat' dir='ltr'><strong>rerum</strong></span> <span class='ocrx_word' id='word_1_77' title='bbox 1313 1350 1638 1418; x_wconf 83' lang='lat' dir='ltr'><strong>elegantium</strong></span> <span class='ocrx_word' id='word_1_78' title='bbox 1673 1346 1931 1401; x_wconf 77' lang='lat' dir='ltr'><strong>studiosis</strong></span> <span class='ocrx_word' id='word_1_79' title='bbox 1985 1347 2068 1399; x_wconf 82' lang='lat' dir='ltr'><strong>la-</strong></span> 
     </span>
    </p>
   </div>
   <div class='ocr_carea' id='block_1_15' title="bbox 430 1434 2057 1508">
    <p class='ocr_par' dir='ltr' id='par_1_15' title="bbox 430 1434 2057 1508">
     <span class='ocr_line' id='line_1_15' title="bbox 430 1434 2057 1508; baseline -0.002 -17"><span class='ocrx_word' id='word_1_80' title='bbox 430 1471 434 1474; x_wconf 94' lang='lat'><strong>-</strong></span> <span class='ocrx_word' id='word_1_81' title='bbox 497 1439 843 1508; x_wconf 90' lang='lat' dir='ltr'><strong>crymabiles,</strong></span> <span class='ocrx_word' id='word_1_82' title='bbox 876 1439 926 1492; x_wconf 91' lang='lat' dir='ltr'><strong>in</strong></span> <span class='ocrx_word' id='word_1_83' title='bbox 981 1438 1293 1492; x_wconf 80' lang='lat' dir='ltr'><strong>Blaelternis</strong></span> <span class='ocrx_word' id='word_1_84' title='bbox 1325 1438 1378 1490; x_wconf 91' lang='lat' dir='ltr'><strong>in</strong></span> <span class='ocrx_word' id='word_1_85' title='bbox 1417 1438 1506 1492; x_wconf 87' lang='lat' dir='ltr'><strong>Dei</strong></span> <span class='ocrx_word' id='word_1_86' title='bbox 1560 1435 1768 1500; x_wconf 80' lang='lat' dir='ltr'><strong>Matris,</strong></span> <span class='ocrx_word' id='word_1_87' title='bbox 1804 1435 1906 1490; x_wconf 89' lang='lat' dir='ltr'><strong>sub</strong></span> <span class='ocrx_word' id='word_1_88' title='bbox 1957 1434 2057 1490; x_wconf 87' lang='lat' dir='ltr'><strong>lsi-</strong></span> 
     </span>
    </p>
   </div>
   <div class='ocr_carea' id='block_1_16' title="bbox 497 1527 2064 1599">
    <p class='ocr_par' dir='ltr' id='par_1_16' title="bbox 497 1527 2064 1599">
     <span class='ocr_line' id='line_1_16' title="bbox 497 1527 2064 1599; baseline 0 -19"><span class='ocrx_word' id='word_1_89' title='bbox 497 1527 630 1582; x_wconf 89' lang='lat' dir='ltr'><strong>doro</strong></span> <span class='ocrx_word' id='word_1_90' title='bbox 663 1530 990 1597; x_wconf 84' lang='lat' dir='ltr'><strong>patriarcha,</strong></span> <span class='ocrx_word' id='word_1_91' title='bbox 1045 1528 1246 1586; x_wconf 89' lang='lat' dir='ltr'><strong>llelena</strong></span> <span class='ocrx_word' id='word_1_92' title='bbox 1297 1528 1638 1599; x_wconf 84' lang='lat' dir='ltr'><strong>imperatoris</strong></span> <span class='ocrx_word' id='word_1_93' title='bbox 1699 1527 2064 1583; x_wconf 84' lang='lat' dir='ltr'><strong>Cantacuzeni</strong></span> 
     </span>
    </p>
   </div>
   <div class='ocr_carea' id='block_1_17' title="bbox 498 1619 2064 1692">
    <p class='ocr_par' dir='ltr' id='par_1_17' title="bbox 498 1619 2064 1692">
     <span class='ocr_line' id='line_1_17' title="bbox 498 1619 2064 1692; baseline 0.001 -19"><span class='ocrx_word' id='word_1_94' title='bbox 498 1621 602 1674; x_wconf 84' lang='lat' dir='ltr'><strong>ﬁlia</strong></span> <span class='ocrx_word' id='word_1_95' title='bbox 633 1621 844 1676; x_wconf 80' lang='lat' dir='ltr'><strong>&#39;Joanni</strong></span> <span class='ocrx_word' id='word_1_96' title='bbox 880 1623 1192 1692; x_wconf 90' lang='lat' dir='ltr'><strong>imperaturi</strong></span> <span class='ocrx_word' id='word_1_97' title='bbox 1246 1623 1299 1676; x_wconf 92' lang='lat' dir='ltr'><strong>in</strong></span> <span class='ocrx_word' id='word_1_98' title='bbox 1341 1625 1576 1676; x_wconf 88' lang='lat' dir='ltr'><strong>&#39;manum</strong></span> <span class='ocrx_word' id='word_1_99' title='bbox 1624 1619 1884 1675; x_wconf 84' lang='lat' dir='ltr'><strong>convenit</strong></span> <span class='ocrx_word' id='word_1_100' title='bbox 1928 1619 2064 1689; x_wconf 87' lang='lat' dir='ltr'><strong>:qui</strong></span> 
     </span>
    </p>
   </div>
   <div class='ocr_carea' id='block_1_18' title="bbox 496 1713 2065 1783">
    <p class='ocr_par' dir='ltr' id='par_1_18' title="bbox 496 1713 2065 1783">
     <span class='ocr_line' id='line_1_18' title="bbox 496 1713 2065 1783; baseline -0.001 -19"><span class='ocrx_word' id='word_1_101' title='bbox 496 1721 552 1765; x_wconf 92' lang='lat' dir='ltr'><strong>et</strong></span> <span class='ocrx_word' id='word_1_102' title='bbox 581 1713 696 1781; x_wconf 87' lang='lat' dir='ltr'><strong>ipse</strong></span> <span class='ocrx_word' id='word_1_103' title='bbox 734 1728 762 1766; x_wconf 87' lang='lat' dir='ltr'><strong>a</strong></span> <span class='ocrx_word' id='word_1_104' title='bbox 801 1713 1010 1768; x_wconf 84' lang='lat' dir='ltr'><strong>Joanne</strong></span> <span class='ocrx_word' id='word_1_105' title='bbox 1049 1715 1352 1783; x_wconf 86' lang='lat' dir='ltr'><strong>patriarcha</strong></span> <span class='ocrx_word' id='word_1_106' title='bbox 1411 1725 1536 1766; x_wconf 87' lang='lat' dir='ltr'><strong>ante</strong></span> <span class='ocrx_word' id='word_1_107' title='bbox 1574 1721 1888 1775; x_wconf 86' lang='lat' dir='ltr'><strong>coronatus,</strong></span> <span class='ocrx_word' id='word_1_108' title='bbox 1924 1724 2065 1764; x_wconf 78' lang='lat' dir='ltr'><strong>uxo-</strong></span> 
     </span>
    </p>
   </div>
   <div class='ocr_carea' id='block_1_19' title="bbox 498 1797 2066 1869">
    <p class='ocr_par' dir='ltr' id='par_1_19' title="bbox 498 1797 2066 1869">
     <span class='ocr_line' id='line_1_19' title="bbox 498 1797 2066 1869; baseline -0.004 -14"><span class='ocrx_word' id='word_1_109' title='bbox 498 1817 615 1855; x_wconf 84' lang='lat' dir='ltr'><strong>rem</strong></span> <span class='ocrx_word' id='word_1_110' title='bbox 642 1815 794 1855; x_wconf 75' lang='lat' dir='ltr'><strong>Suam</strong></span> <span class='ocrx_word' id='word_1_111' title='bbox 831 1802 1028 1856; x_wconf 86' lang='lat' dir='ltr'><strong>usitato</strong></span> <span class='ocrx_word' id='word_1_112' title='bbox 1064 1818 1212 1856; x_wconf 87' lang='lat' dir='ltr'><strong>more</strong></span> <span class='ocrx_word' id='word_1_113' title='bbox 1241 1803 1544 1857; x_wconf 76' lang='lat' dir='ltr'><strong>coronavit.</strong></span> <span class='ocrx_word' id='word_1_114' title='bbox 1576 1799 1639 1853; x_wconf 83' lang='lat' dir='ltr'><strong>Et</strong></span> <span class='ocrx_word' id='word_1_115' title='bbox 1684 1797 2066 1869; x_wconf 86' lang='lat' dir='ltr'><strong>indulgebatur</strong></span> 
     </span>
    </p>
   </div>
   <div class='ocr_carea' id='block_1_20' title="bbox 2177 608 3742 679">
    <p class='ocr_par' dir='ltr' id='par_1_20' title="bbox 2177 608 3742 679">
     <span class='ocr_line' id='line_1_20' title="bbox 2177 608 3742 679; baseline 0.006 -21"><span class='ocrx_word' id='word_1_116' title='bbox 2177 623 2348 675; x_wconf 81' lang='grc' dir='ltr'><strong>ματος</strong></span> <span class='ocrx_word' id='word_1_117' title='bbox 2373 608 2406 676; x_wconf 78' lang='grc' dir='ltr'>ή</span> <span class='ocrx_word' id='word_1_118' title='bbox 2437 608 2646 675; x_wconf 67' lang='grc' dir='ltr'>βασιλὶς</span> <span class='ocrx_word' id='word_1_119' title='bbox 2677 609 2966 679; x_wconf 78' lang='grc' dir='ltr'><strong>ἀνήγειρεν</strong></span> <span class='ocrx_word' id='word_1_120' title='bbox 2996 608 3154 673; x_wconf 81' lang='grc' dir='ltr'>αὖθις</span> <span class='ocrx_word' id='word_1_121' title='bbox 3208 612 3394 672; x_wconf 74' lang='grc' dir='ltr'>Ἅννα,</span> <span class='ocrx_word' id='word_1_122' title='bbox 3449 613 3742 668; x_wconf 70' lang='grc' dir='ltr'>Φακεωλάο</span> 
     </span>
    </p>
   </div>
   <div class='ocr_carea' id='block_1_21' title="bbox 2173 689 3744 773">
    <p class='ocr_par' dir='ltr' id='par_1_21' title="bbox 2173 689 3744 773">
     <span class='ocr_line' id='line_1_21' title="bbox 2173 689 3744 773; baseline 0.004 -23"><span class='ocrx_word' id='word_1_123' title='bbox 2173 715 2264 750; x_wconf 86' lang='grc' dir='ltr'><strong>τον</strong></span> <span class='ocrx_word' id='word_1_124' title='bbox 2291 700 2637 769; x_wconf 78' lang='grc' dir='ltr'>ἐπιστήσασα</span> <span class='ocrx_word' id='word_1_125' title='bbox 2663 700 2739 768; x_wconf 84' lang='grc' dir='ltr'>τῷ</span> <span class='ocrx_word' id='word_1_126' title='bbox 2765 700 2940 770; x_wconf 77' lang='grc' dir='ltr'>ἔργῳ·</span> <span class='ocrx_word' id='word_1_127' title='bbox 2972 702 3033 754; x_wconf 69' lang='grc' dir='ltr'><strong>τὸ</strong></span> <span class='ocrx_word' id='word_1_128' title='bbox 3069 689 3330 754; x_wconf 67' lang='grc' dir='ltr'>ἐπέκειῦα</span> <span class='ocrx_word' id='word_1_129' title='bbox 3367 702 3422 754; x_wconf 83' lang='grc' dir='ltr'><strong>δέ</strong></span> <span class='ocrx_word' id='word_1_130' title='bbox 3446 704 3586 769; x_wconf 78' lang='grc' dir='ltr'>μετὰ</span> <span class='ocrx_word' id='word_1_131' title='bbox 3641 707 3744 773; x_wconf 75' lang='grc' dir='ltr'>τῆς</span> 
     </span>
    </p>
   </div>
   <div class='ocr_carea' id='block_1_22' title="bbox 2171 787 3744 863">
    <p class='ocr_par' dir='ltr' id='par_1_22' title="bbox 2171 787 3744 863">
     <span class='ocr_line' id='line_1_22' title="bbox 2171 787 3744 863; baseline 0.003 -23"><span class='ocrx_word' id='word_1_132' title='bbox 2171 787 2375 858; x_wconf 78' lang='grc' dir='ltr'>ὀροφῆς</span> <span class='ocrx_word' id='word_1_133' title='bbox 2435 789 2690 854; x_wconf 83' lang='grc' dir='ltr'>βασιλεὺς</span> <span class='ocrx_word' id='word_1_134' title='bbox 2719 791 2946 861; x_wconf 77' lang='grc' dir='ltr'>ὕστερον</span> <span class='ocrx_word' id='word_1_135' title='bbox 3003 791 3301 863; x_wconf 75' lang='grc' dir='ltr'><strong>ἀνέστησεν</strong></span> <span class='ocrx_word' id='word_1_136' title='bbox 3347 795 3374 846; x_wconf 87' lang='grc' dir='ltr'>ὀ</span> <span class='ocrx_word' id='word_1_137' title='bbox 3431 795 3744 848; x_wconf 55' lang='grc' dir='ltr'>Καντακῆυ-</span> 
     </span>
    </p>
   </div>
   <div class='ocr_carea' id='block_1_23' title="bbox 2173 876 3740 956">
    <p class='ocr_par' dir='ltr' id='par_1_23' title="bbox 2173 876 3740 956">
     <span class='ocr_line' id='line_1_23' title="bbox 2173 876 3740 956; baseline 0.006 -27"><span class='ocrx_word' id='word_1_138' title='bbox 2173 876 2355 949; x_wconf 77' lang='grc' dir='ltr'>ζηνὸς,</span> <span class='ocrx_word' id='word_1_139' title='bbox 2411 882 2506 934; x_wconf 82' lang='grc' dir='ltr'>καὶ</span> <span class='ocrx_word' id='word_1_140' title='bbox 2556 885 2655 950; x_wconf 83' lang='grc' dir='ltr'>τῆς</span> <span class='ocrx_word' id='word_1_141' title='bbox 2717 883 2883 953; x_wconf 78' lang='grc' dir='ltr'>ἄλλης</span> <span class='ocrx_word' id='word_1_142' title='bbox 2942 883 3254 956; x_wconf 78' lang='grc' dir='ltr'><strong>ἐπεμελήθη</strong></span> <span class='ocrx_word' id='word_1_143' title='bbox 3308 885 3403 938; x_wconf 87' lang='grc' dir='ltr'><strong>τοῦ</strong></span> <span class='ocrx_word' id='word_1_144' title='bbox 3481 887 3740 953; x_wconf 60' lang='grc' dir='ltr'>τεμένυυς</span> 
     </span>
    </p>
   </div>
   <div class='ocr_carea' id='block_1_24' title="bbox 2170 971 3744 1046">
    <p class='ocr_par' dir='ltr' id='par_1_24' title="bbox 2170 971 3744 1046">
     <span class='ocr_line' id='line_1_24' title="bbox 2170 971 3744 1046; baseline 0.006 -24"><span class='ocrx_word' id='word_1_145' title='bbox 2170 971 2466 1040; x_wconf 77' lang='grc' dir='ltr'><strong>εὐκοσμίας</strong></span> <span class='ocrx_word' id='word_1_146' title='bbox 2491 973 2591 1043; x_wconf 83' lang='grc' dir='ltr'>ὅση</span> <span class='ocrx_word' id='word_1_147' title='bbox 2615 990 2673 1027; x_wconf 88' lang='grc' dir='ltr'><strong>τε</strong></span> <span class='ocrx_word' id='word_1_148' title='bbox 2695 975 2752 1026; x_wconf 93' lang='grc' dir='ltr'><strong>ἐν</strong></span> <span class='ocrx_word' id='word_1_149' title='bbox 2777 975 3086 1045; x_wconf 82' lang='grc' dir='ltr'>μαρμάροις</span> <span class='ocrx_word' id='word_1_150' title='bbox 3109 975 3201 1028; x_wconf 73' lang='grc' dir='ltr'>καὶ</span> <span class='ocrx_word' id='word_1_151' title='bbox 3235 976 3440 1045; x_wconf 82' lang='grc' dir='ltr'><strong>λεπτῆς</strong></span> <span class='ocrx_word' id='word_1_152' title='bbox 3509 978 3744 1046; x_wconf 66' lang='grc' dir='ltr'>ψηφῖδας</span> 
     </span>
    </p>
   </div>
   <div class='ocr_carea' id='block_1_25' title="bbox 2171 1065 3745 1139">
    <p class='ocr_par' dir='ltr' id='par_1_25' title="bbox 2171 1065 3745 1139">
     <span class='ocr_line' id='line_1_25' title="bbox 2171 1065 3745 1139; baseline 0.006 -23"><span class='ocrx_word' id='word_1_153' title='bbox 2171 1065 2434 1122; x_wconf 81' lang='grc' dir='ltr'>διαθέσει.</span> <span class='ocrx_word' id='word_1_154' title='bbox 2469 1068 2536 1121; x_wconf 82' lang='lat' dir='ltr'><strong>El’</strong></span> <span class='ocrx_word' id='word_1_155' title='bbox 2554 1085 2607 1122; x_wconf 88' lang='grc' dir='ltr'><strong>τι</strong></span> <span class='ocrx_word' id='word_1_156' title='bbox 2631 1069 2686 1122; x_wconf 81' lang='grc' dir='ltr'>δὲ</span> <span class='ocrx_word' id='word_1_157' title='bbox 2711 1069 2877 1122; x_wconf 78' lang='grc' dir='ltr'>ἐνέδει</span> <span class='ocrx_word' id='word_1_158' title='bbox 2905 1069 3042 1138; x_wconf 71' lang='grc' dir='ltr'>πρὸς</span> <span class='ocrx_word' id='word_1_159' title='bbox 3068 1069 3364 1137; x_wconf 83' lang='grc' dir='ltr'>τελείωσιν,</span> <span class='ocrx_word' id='word_1_160' title='bbox 3382 1071 3745 1139; x_wconf 68' lang='grc' dir='ltr'>Παλαιολίτος</span> 
     </span>
    </p>
   </div>
   <div class='ocr_carea' id='block_1_26' title="bbox 2171 1153 3744 1234">
    <p class='ocr_par' dir='ltr' id='par_1_26' title="bbox 2171 1153 3744 1234">
     <span class='ocr_line' id='line_1_26' title="bbox 2171 1153 3744 1234; baseline 0.011 -28"><span class='ocrx_word' id='word_1_161' title='bbox 2171 1153 2398 1224; x_wconf 74' lang='grc' dir='ltr'>ὕστερον</span> <span class='ocrx_word' id='word_1_162' title='bbox 2437 1158 2705 1228; x_wconf 83' lang='grc' dir='ltr'>ἐπέθηκεν</span> <span class='ocrx_word' id='word_1_163' title='bbox 2745 1161 2774 1213; x_wconf 81' lang='grc' dir='ltr'><strong><em>ὁ</em></strong></span> <span class='ocrx_word' id='word_1_164' title='bbox 2819 1160 2936 1224; x_wconf 83' lang='grc' dir='ltr'>νέος</span> <span class='ocrx_word' id='word_1_165' title='bbox 2989 1161 3266 1231; x_wconf 81' lang='grc' dir='ltr'>βασιλεὺς,</span> <span class='ocrx_word' id='word_1_166' title='bbox 3296 1165 3453 1232; x_wconf 87' lang='grc' dir='ltr'>μόνος</span> <span class='ocrx_word' id='word_1_167' title='bbox 3503 1165 3604 1234; x_wconf 70' lang='grc' dir='ltr'>ἤδη</span> <span class='ocrx_word' id='word_1_168' title='bbox 3644 1166 3744 1232; x_wconf 58' lang='grc' dir='ltr'>τῆς</span> 
     </span>
    </p>
   </div>
   <div class='ocr_carea' id='block_1_27' title="bbox 2180 1245 3744 1324">
    <p class='ocr_par' dir='ltr' id='par_1_27' title="bbox 2180 1245 3744 1324">
     <span class='ocr_line' id='line_1_27' title="bbox 2180 1245 3744 1324; baseline 0.006 -26"><span class='ocrx_word' id='word_1_169' title='bbox 2180 1245 2472 1315; x_wconf 85' lang='grc' dir='ltr'>Ῥωμαίων</span> <span class='ocrx_word' id='word_1_170' title='bbox 2501 1249 2796 1320; x_wconf 78' lang='grc' dir='ltr'>ἡγεμονίας</span> <span class='ocrx_word' id='word_1_171' title='bbox 2822 1251 2962 1320; x_wconf 80' lang='grc' dir='ltr'>έχων</span> <span class='ocrx_word' id='word_1_172' title='bbox 3007 1251 3104 1322; x_wconf 81' lang='grc' dir='ltr'>τὴν</span> <span class='ocrx_word' id='word_1_173' title='bbox 3145 1254 3338 1324; x_wconf 69' lang='grc' dir='ltr'>ἀρχήν.</span> <span class='ocrx_word' id='word_1_174' title='bbox 3390 1255 3637 1323; x_wconf 71' lang='grc' dir='ltr'>Διηκιῖνει</span> <span class='ocrx_word' id='word_1_175' title='bbox 3685 1255 3744 1308; x_wconf 74' lang='grc' dir='ltr'><strong>δέ</strong></span> 
     </span>
    </p>
   </div>
   <div class='ocr_carea' id='block_1_28' title="bbox 2171 1336 3741 1416">
    <p class='ocr_par' dir='ltr' id='par_1_28' title="bbox 2171 1336 3741 1416">
     <span class='ocr_line' id='line_1_28' title="bbox 2171 1336 3741 1416; baseline 0.006 -27"><span class='ocrx_word' id='word_1_176' title='bbox 2171 1336 2452 1412; x_wconf 76' lang='grc' dir='ltr'>ἑκατέροις</span> <span class='ocrx_word' id='word_1_177' title='bbox 2477 1341 2590 1403; x_wconf 77' lang='grc' dir='ltr'>τοῖς</span> <span class='ocrx_word' id='word_1_178' title='bbox 2617 1341 2897 1411; x_wconf 86' lang='grc' dir='ltr'>βασιλεῦσι</span> <span class='ocrx_word' id='word_1_179' title='bbox 2927 1343 3063 1414; x_wconf 70' lang='grc' dir='ltr'>πρὸς</span> <span class='ocrx_word' id='word_1_180' title='bbox 3097 1344 3195 1414; x_wconf 81' lang='grc' dir='ltr'>τὴν</span> <span class='ocrx_word' id='word_1_181' title='bbox 3231 1345 3401 1416; x_wconf 75' lang='grc' dir='ltr'>καλὴν</span> <span class='ocrx_word' id='word_1_182' title='bbox 3428 1345 3741 1416; x_wconf 77' lang='grc' dir='ltr'>φιλοτιμίαν</span> 
     </span>
    </p>
   </div>
   <div class='ocr_carea' id='block_1_29' title="bbox 2171 1429 3742 1507">
    <p class='ocr_par' dir='ltr' id='par_1_29' title="bbox 2171 1429 3742 1507">
     <span class='ocr_line' id='line_1_29' title="bbox 2171 1429 3742 1507; baseline 0.006 -26"><span class='ocrx_word' id='word_1_183' title='bbox 2171 1429 2378 1501; x_wconf 87' lang='grc' dir='ltr'>ταύτην</span> <span class='ocrx_word' id='word_1_184' title='bbox 2445 1431 2671 1504; x_wconf 79' lang='grc' dir='ltr'>’Δστρᾶς</span> <span class='ocrx_word' id='word_1_185' title='bbox 2708 1435 2737 1488; x_wconf 83' lang='grc' dir='ltr'><strong>ὁ</strong></span> <span class='ocrx_word' id='word_1_186' title='bbox 2785 1434 2961 1504; x_wconf 83' lang='grc' dir='ltr'>μέγας</span> <span class='ocrx_word' id='word_1_187' title='bbox 3019 1436 3522 1507; x_wconf 70' lang='grc' dir='ltr'>στρατοπεδάρχης,</span> <span class='ocrx_word' id='word_1_188' title='bbox 3567 1438 3636 1490; x_wconf 85' lang='grc' dir='ltr'><strong>τά</strong></span> <span class='ocrx_word' id='word_1_189' title='bbox 3682 1454 3742 1490; x_wconf 83' lang='grc' dir='ltr'><strong>τε</strong></span> 
     </span>
    </p>
   </div>
   <div class='ocr_carea' id='block_1_30' title="bbox 2169 1519 3744 1598">
    <p class='ocr_par' dir='ltr' id='par_1_30' title="bbox 2169 1519 3744 1598">
     <span class='ocr_line' id='line_1_30' title="bbox 2169 1519 3744 1598; baseline 0.004 -25"><span class='ocrx_word' id='word_1_190' title='bbox 2169 1519 2306 1574; x_wconf 75' lang='grc' dir='ltr'>ἄλλα</span> <span class='ocrx_word' id='word_1_191' title='bbox 2333 1523 2492 1590; x_wconf 84' lang='grc' dir='ltr'>λόγου</span> <span class='ocrx_word' id='word_1_192' title='bbox 2527 1522 2678 1587; x_wconf 81' lang='grc' dir='ltr'>ἄξιος</span> <span class='ocrx_word' id='word_1_193' title='bbox 2703 1523 2920 1585; x_wconf 86' lang='grc' dir='ltr'>πολλοῦ,</span> <span class='ocrx_word' id='word_1_194' title='bbox 2946 1526 3042 1578; x_wconf 78' lang='grc' dir='ltr'>καὶ</span> <span class='ocrx_word' id='word_1_195' title='bbox 3072 1527 3203 1596; x_wconf 80' lang='grc' dir='ltr'>περὶ</span> <span class='ocrx_word' id='word_1_196' title='bbox 3256 1527 3566 1596; x_wconf 70' lang='grc' dir='ltr'>οἰκοδομίας</span> <span class='ocrx_word' id='word_1_197' title='bbox 3603 1527 3744 1598; x_wconf 80' lang='grc' dir='ltr'>έχων</span> 
     </span>
    </p>
   </div>
   <div class='ocr_carea' id='block_1_31' title="bbox 2169 1610 3746 1686">
    <p class='ocr_par' dir='ltr' id='par_1_31' title="bbox 2169 1610 3746 1686">
     <span class='ocr_line' id='line_1_31' title="bbox 2169 1610 3746 1686; baseline 0.004 -25"><span class='ocrx_word' id='word_1_198' title='bbox 2169 1610 2422 1678; x_wconf 62' lang='grc' dir='ltr'>εὐφυῶς,</span> <span class='ocrx_word' id='word_1_199' title='bbox 2452 1615 2546 1668; x_wconf 79' lang='grc' dir='ltr'>καὶ</span> <span class='ocrx_word' id='word_1_200' title='bbox 2577 1615 2639 1666; x_wconf 92' lang='grc' dir='ltr'><strong>ἐκ</strong></span> <span class='ocrx_word' id='word_1_201' title='bbox 2665 1613 2774 1666; x_wconf 86' lang='grc' dir='ltr'>τῶν</span> <span class='ocrx_word' id='word_1_202' title='bbox 2802 1615 3060 1685; x_wconf 83' lang='grc' dir='ltr'>ὑπηκόων</span> <span class='ocrx_word' id='word_1_203' title='bbox 3113 1615 3326 1686; x_wconf 80' lang='grc' dir='ltr'>βασιλεί</span> <span class='ocrx_word' id='word_1_204' title='bbox 3365 1617 3611 1670; x_wconf 88' lang='grc' dir='ltr'>Λατίνων</span> <span class='ocrx_word' id='word_1_205' title='bbox 3659 1633 3746 1678; x_wconf 88' lang='grc' dir='ltr'><strong>τις</strong></span> 
     </span>
    </p>
   </div>
   <div class='ocr_carea' id='block_1_32' title="bbox 2183 1701 3744 1777">
    <p class='ocr_par' dir='ltr' id='par_1_32' title="bbox 2183 1701 3744 1777">
     <span class='ocr_line' id='line_1_32' title="bbox 2183 1701 3744 1777; baseline 0.004 -23"><span class='ocrx_word' id='word_1_206' title='bbox 2183 1701 2438 1772; x_wconf 75' lang='grc' dir='ltr'>Ἰωάννης</span> <span class='ocrx_word' id='word_1_207' title='bbox 2481 1704 2736 1774; x_wconf 86' lang='grc' dir='ltr'>Περάρτα</span> <span class='ocrx_word' id='word_1_208' title='bbox 2795 1709 3362 1777; x_wconf 88' lang='grc' dir='ltr'>προσαγορευόμενος.</span> <span class='ocrx_word' id='word_1_209' title='bbox 3398 1706 3583 1760; x_wconf 84' lang='grc' dir='ltr'>Ταῦτα</span> <span class='ocrx_word' id='word_1_210' title='bbox 3643 1707 3744 1777; x_wconf 79' lang='grc' dir='ltr'><strong>μέν</strong></span> 
     </span>
    </p>
   </div>
   <div class='ocr_carea' id='block_1_33' title="bbox 2170 1787 3746 1868">
    <p class='ocr_par' dir='ltr' id='par_1_33' title="bbox 2170 1787 3746 1868">
     <span class='ocr_line' id='line_1_33' title="bbox 2170 1787 3746 1868; baseline 0.005 -25"><span class='ocrx_word' id='word_1_211' title='bbox 2170 1787 2265 1844; x_wconf 87' lang='grc' dir='ltr'><strong>οῦν</strong></span> <span class='ocrx_word' id='word_1_212' title='bbox 2294 1790 2539 1862; x_wconf 82' lang='grc' dir='ltr'>ὕστερον.</span> <span class='ocrx_word' id='word_1_213' title='bbox 2573 1793 2707 1846; x_wconf 83' lang='grc' dir='ltr'>Τότε</span> <span class='ocrx_word' id='word_1_214' title='bbox 2736 1793 2792 1846; x_wconf 87' lang='grc' dir='ltr'><strong>δέ</strong></span> <span class='ocrx_word' id='word_1_215' title='bbox 2818 1795 2941 1848; x_wconf 79' lang='grc' dir='ltr'>ἐπεὶ</span> <span class='ocrx_word' id='word_1_216' title='bbox 2964 1795 3023 1850; x_wconf 77' lang='grc' dir='ltr'><strong>τὺ</strong></span> <span class='ocrx_word' id='word_1_217' title='bbox 3076 1796 3220 1867; x_wconf 86' lang='grc' dir='ltr'>μέγα</span> <span class='ocrx_word' id='word_1_218' title='bbox 3281 1799 3379 1866; x_wconf 76' lang='grc' dir='ltr'>τῆς</span> <span class='ocrx_word' id='word_1_219' title='bbox 3420 1799 3746 1868; x_wconf 80' lang='grc' dir='ltr'>οἰκουμένης</span> 
     </span>
    </p>
   </div>
   <div class='ocr_carea' id='block_1_34' title="bbox 497 1875 2075 1964">
    <p class='ocr_par' dir='ltr' id='par_1_34' title="bbox 497 1888 2067 1962">
     <span class='ocr_line' id='line_1_34' title="bbox 497 1888 2067 1962; baseline -0.003 -16"><span class='ocrx_word' id='word_1_220' title='bbox 497 1893 675 1962; x_wconf 90' lang='lat' dir='ltr'><strong>epulis</strong></span> <span class='ocrx_word' id='word_1_221' title='bbox 743 1908 804 1944; x_wconf 89' lang='lat' dir='ltr'><strong>ac</strong></span> <span class='ocrx_word' id='word_1_222' title='bbox 860 1892 1160 1961; x_wconf 83' lang='lat' dir='ltr'><strong>plausibus.</strong></span> <span class='ocrx_word' id='word_1_223' title='bbox 1191 1893 1586 1959; x_wconf 73' lang='lat' dir='ltr'><strong>exercebatque</strong></span> <span class='ocrx_word' id='word_1_224' title='bbox 1623 1889 1786 1944; x_wconf 80' lang='lat' dir='ltr'><strong>ferias</strong></span> <span class='ocrx_word' id='word_1_225' title='bbox 1815 1888 2067 1958; x_wconf 89' lang='lat' dir='ltr'><strong>populus,</strong></span> 
     </span>
    </p>
   </div>
   <div class='ocr_carea' id='block_1_35' title="bbox 2176 1875 3746 1964">
    <p class='ocr_par' dir='ltr' id='par_1_35' title="bbox 2176 1881 3746 1964">
     <span class='ocr_line' id='line_1_35' title="bbox 2176 1881 3746 1964; baseline 0.008 -31"><span class='ocrx_word' id='word_1_226' title='bbox 2176 1881 2352 1951; x_wconf 83' lang='grc' dir='ltr'>θαῦμα</span> <span class='ocrx_word' id='word_1_227' title='bbox 2381 1885 2410 1936; x_wconf 83' lang='grc' dir='ltr'><strong>ὁ</strong></span> <span class='ocrx_word' id='word_1_228' title='bbox 2463 1885 2787 1955; x_wconf 88' lang='grc' dir='ltr'>περιϐόητος</span> <span class='ocrx_word' id='word_1_229' title='bbox 2830 1889 3015 1942; x_wconf 74' lang='grc' dir='ltr'>οὐτοσὶ</span> <span class='ocrx_word' id='word_1_230' title='bbox 3050 1890 3177 1953; x_wconf 82' lang='grc' dir='ltr'>ναὸς</span> <span class='ocrx_word' id='word_1_231' title='bbox 3247 1892 3450 1964; x_wconf 82' lang='grc' dir='ltr'>πτῶμα</span> <span class='ocrx_word' id='word_1_232' title='bbox 3494 1892 3746 1964; x_wconf 82' lang='grc' dir='ltr'>δακρύων</span> 
     </span>
    </p>
   </div>
   <div class='ocr_carea' id='block_1_36' title="bbox 499 1979 2112 2056">
    <p class='ocr_par' dir='ltr' id='par_1_36' title="bbox 499 1979 2112 2056">
     <span class='ocr_line' id='line_1_36' title="bbox 499 1979 2112 2056; baseline -0.002 -20"><span class='ocrx_word' id='word_1_233' title='bbox 499 1993 560 2036; x_wconf 89' lang='lat' dir='ltr'><strong>ut</strong></span> <span class='ocrx_word' id='word_1_234' title='bbox 609 1981 860 2035; x_wconf 77' lang='lat' dir='ltr'><strong>videlicet</strong></span> <span class='ocrx_word' id='word_1_235' title='bbox 935 1981 1138 2050; x_wconf 88' lang='lat' dir='ltr'><strong>nuptiis</strong></span> <span class='ocrx_word' id='word_1_236' title='bbox 1195 1980 1566 2051; x_wconf 73' lang='lat' dir='ltr'><strong>imperatoriis</strong></span> <span class='ocrx_word' id='word_1_237' title='bbox 1607 1979 1862 2034; x_wconf 85' lang='lat' dir='ltr'><strong>decorum</strong></span> <span class='ocrx_word' id='word_1_238' title='bbox 1926 1985 2112 2056; x_wconf 26' lang='lat' dir='ltr'><strong>erat”</strong></span> 
     </span>
    </p>
   </div>
   <div class='ocr_carea' id='block_1_37' title="bbox 497 2069 2069 2141">
    <p class='ocr_par' dir='ltr' id='par_1_37' title="bbox 497 2069 2069 2141">
     <span class='ocr_line' id='line_1_37' title="bbox 497 2069 2069 2141; baseline 0.003 -20"><span class='ocrx_word' id='word_1_239' title='bbox 497 2070 798 2141; x_wconf 61' lang='lat' dir='ltr'><strong>Imperator</strong></span> <span class='ocrx_word' id='word_1_240' title='bbox 829 2069 972 2123; x_wconf 86' lang='lat' dir='ltr'><strong>domi</strong></span> <span class='ocrx_word' id='word_1_241' title='bbox 1036 2070 1197 2123; x_wconf 86' lang='lat' dir='ltr'><strong>rebus</strong></span> <span class='ocrx_word' id='word_1_242' title='bbox 1229 2071 1397 2140; x_wconf 82' lang='lat' dir='ltr'><strong>probe</strong></span> <span class='ocrx_word' id='word_1_243' title='bbox 1421 2070 1736 2126; x_wconf 61' lang='lat' dir='ltr'><strong>const’tutis</strong></span> <span class='ocrx_word' id='word_1_244' title='bbox 1779 2069 1849 2124; x_wconf 90' lang='lat' dir='ltr'><strong>ad</strong></span> <span class='ocrx_word' id='word_1_245' title='bbox 1884 2069 2069 2125; x_wconf 84' lang='lat' dir='ltr'><strong>hostes</strong></span> 
     </span>
    </p>
   </div>
   <div class='ocr_carea' id='block_1_38' title="bbox 497 2161 2070 2224">
    <p class='ocr_par' dir='ltr' id='par_1_38' title="bbox 497 2161 2070 2224">
     <span class='ocr_line' id='line_1_38' title="bbox 497 2161 2070 2224; baseline 0.001 -8"><span class='ocrx_word' id='word_1_246' title='bbox 497 2171 757 2216; x_wconf 70' lang='lat' dir='ltr'><strong>externos</strong></span> <span class='ocrx_word' id='word_1_247' title='bbox 791 2177 912 2216; x_wconf 84' lang='lat' dir='ltr'><strong>sese</strong></span> <span class='ocrx_word' id='word_1_248' title='bbox 943 2163 1230 2224; x_wconf 85' lang='lat' dir='ltr'><strong>convertit,</strong></span> <span class='ocrx_word' id='word_1_249' title='bbox 1264 2177 1317 2216; x_wconf 87' lang='lat' dir='ltr'><strong>et</strong></span> <span class='ocrx_word' id='word_1_250' title='bbox 1343 2162 1409 2216; x_wconf 90' lang='lat' dir='ltr'><strong>ad</strong></span> <span class='ocrx_word' id='word_1_251' title='bbox 1437 2161 1646 2216; x_wconf 85' lang='lat' dir='ltr'><strong>Cralem</strong></span> <span class='ocrx_word' id='word_1_252' title='bbox 1679 2163 1860 2218; x_wconf 81' lang='lat' dir='ltr'><strong>miSsis</strong></span> <span class='ocrx_word' id='word_1_253' title='bbox 1889 2171 2070 2218; x_wconf 87' lang='lat' dir='ltr'><strong>orato-</strong></span> 
     </span>
    </p>
   </div>
   <div class='ocr_carea' id='block_1_39' title="bbox 419 2248 2070 2322">
    <p class='ocr_par' dir='ltr' id='par_1_39' title="bbox 419 2248 2070 2322">
     <span class='ocr_line' id='line_1_39' title="bbox 419 2248 2070 2322; baseline 0 -15"><span class='ocrx_word' id='word_1_254' title='bbox 419 2303 434 2307; x_wconf 95' lang='lat'>_</span> <span class='ocrx_word' id='word_1_255' title='bbox 500 2248 672 2315; x_wconf 88' lang='lat' dir='ltr'><strong>ribus,</strong></span> <span class='ocrx_word' id='word_1_256' title='bbox 724 2251 933 2320; x_wconf 84' lang='lat' dir='ltr'><strong>amplas</strong></span> <span class='ocrx_word' id='word_1_257' title='bbox 983 2251 1031 2306; x_wconf 90' lang='lat' dir='ltr'><strong>ei</strong></span> <span class='ocrx_word' id='word_1_258' title='bbox 1063 2251 1264 2321; x_wconf 88' lang='lat' dir='ltr'><strong>gratias</strong></span> <span class='ocrx_word' id='word_1_259' title='bbox 1310 2252 1418 2321; x_wconf 88' lang='lat' dir='ltr'><strong>egit</strong></span> <span class='ocrx_word' id='word_1_260' title='bbox 1453 2252 1617 2322; x_wconf 79' lang='lat'><strong>719</strong></span> <span class='ocrx_word' id='word_1_261' title='bbox 1660 2252 1727 2305; x_wconf 90' lang='lat' dir='ltr'><strong>de</strong></span> <span class='ocrx_word' id='word_1_262' title='bbox 1767 2253 1972 2307; x_wconf 90' lang='lat' dir='ltr'><strong>honore</strong></span> <span class='ocrx_word' id='word_1_263' title='bbox 2005 2265 2070 2306; x_wconf 90' lang='lat' dir='ltr'><strong>ac</strong></span> 
     </span>
    </p>
   </div>
   <div class='ocr_carea' id='block_1_40' title="bbox 498 2331 2070 2413">
    <p class='ocr_par' dir='ltr' id='par_1_40' title="bbox 498 2331 2070 2413">
     <span class='ocr_line' id='line_1_40' title="bbox 498 2331 2070 2413; baseline 0.002 -18"><span class='ocrx_word' id='word_1_264' title='bbox 498 2331 700 2405; x_wconf 87' lang='lat' dir='ltr'><strong>studio,</strong></span> <span class='ocrx_word' id='word_1_265' title='bbox 755 2343 955 2411; x_wconf 87' lang='lat' dir='ltr'><strong>quibus</strong></span> <span class='ocrx_word' id='word_1_266' title='bbox 984 2354 1306 2412; x_wconf 86' lang='lat' dir='ltr'><strong>pra-sentem</strong></span> <span class='ocrx_word' id='word_1_267' title='bbox 1350 2356 1672 2413; x_wconf 87' lang='lat' dir='ltr'><strong>prosecutus</strong></span> <span class='ocrx_word' id='word_1_268' title='bbox 1715 2342 1931 2410; x_wconf 76' lang='lat' dir='ltr'><strong>fuisset,</strong></span> <span class='ocrx_word' id='word_1_269' title='bbox 1961 2359 2070 2413; x_wconf 87' lang='lat' dir='ltr'><strong>quo</strong></span> 
     </span>
    </p>
   </div>
   <div class='ocr_carea' id='block_1_41' title="bbox 502 2431 2066 2505">
    <p class='ocr_par' dir='ltr' id='par_1_41' title="bbox 502 2431 2066 2505">
     <span class='ocr_line' id='line_1_41' title="bbox 502 2431 2066 2505; baseline 0.005 -24"><span class='ocrx_word' id='word_1_270' title='bbox 502 2438 747 2498; x_wconf 86' lang='lat' dir='ltr'><strong>tempore</strong></span> <span class='ocrx_word' id='word_1_271' title='bbox 779 2431 1228 2504; x_wconf 75' lang='lat' dir='ltr'><strong>homophylorutn</strong></span> <span class='ocrx_word' id='word_1_272' title='bbox 1285 2449 1433 2487; x_wconf 87' lang='lat' dir='ltr'><strong>arma</strong></span> <span class='ocrx_word' id='word_1_273' title='bbox 1485 2435 1837 2503; x_wconf 83' lang='lat' dir='ltr'><strong>pertulisset,</strong></span> <span class='ocrx_word' id='word_1_274' title='bbox 1881 2450 2066 2505; x_wconf 82' lang='lat' dir='ltr'><strong>seque,</strong></span> 
     </span>
    </p>
   </div>
   <div class='ocr_carea' id='block_1_42' title="bbox 499 2519 2070 2590">
    <p class='ocr_par' dir='ltr' id='par_1_42' title="bbox 499 2519 2070 2590">
     <span class='ocr_line' id='line_1_42' title="bbox 499 2519 2070 2590; baseline 0.005 -18"><span class='ocrx_word' id='word_1_275' title='bbox 499 2519 590 2573; x_wconf 86' lang='lat' dir='ltr'><strong>ubi</strong></span> <span class='ocrx_word' id='word_1_276' title='bbox 630 2521 846 2575; x_wconf 86' lang='lat' dir='ltr'><strong>occasio</strong></span> <span class='ocrx_word' id='word_1_277' title='bbox 897 2522 1171 2588; x_wconf 91' lang='lat' dir='ltr'><strong>inciderit,</strong></span> <span class='ocrx_word' id='word_1_278' title='bbox 1225 2522 1346 2590; x_wconf 88' lang='lat' dir='ltr'><strong>jure</strong></span> <span class='ocrx_word' id='word_1_279' title='bbox 1402 2539 1465 2578; x_wconf 86' lang='lat' dir='ltr'><strong>ac</strong></span> <span class='ocrx_word' id='word_1_280' title='bbox 1534 2527 1732 2579; x_wconf 85' lang='lat' dir='ltr'><strong>merito</strong></span> <span class='ocrx_word' id='word_1_281' title='bbox 1786 2525 1943 2580; x_wconf 86' lang='lat' dir='ltr'><strong>factis</strong></span> <span class='ocrx_word' id='word_1_282' title='bbox 1980 2543 2070 2580; x_wconf 87' lang='lat' dir='ltr'><strong>re-</strong></span> 
     </span>
    </p>
   </div>
   <div class='ocr_carea' id='block_1_43' title="bbox 498 2614 2071 2683">
    <p class='ocr_par' dir='ltr' id='par_1_43' title="bbox 498 2614 2071 2683">
     <span class='ocr_line' id='line_1_43' title="bbox 498 2614 2071 2683; baseline 0.003 -17"><span class='ocrx_word' id='word_1_283' title='bbox 498 2625 874 2682; x_wconf 83' lang='lat' dir='ltr'><strong>sponsurum;</strong></span> <span class='ocrx_word' id='word_1_284' title='bbox 921 2615 967 2669; x_wconf 90' lang='lat' dir='ltr'><strong>si</strong></span> <span class='ocrx_word' id='word_1_285' title='bbox 1014 2623 1190 2668; x_wconf 90' lang='lat' dir='ltr'><strong>tamen</strong></span> <span class='ocrx_word' id='word_1_286' title='bbox 1253 2614 1457 2669; x_wconf 68' lang='lat' dir='ltr'><strong>fmdera</strong></span> <span class='ocrx_word' id='word_1_287' title='bbox 1517 2615 1664 2670; x_wconf 83' lang='lat' dir='ltr'><strong>salva</strong></span> <span class='ocrx_word' id='word_1_288' title='bbox 1737 2625 2071 2683; x_wconf 89' lang='lat' dir='ltr'><strong>manerent,</strong></span> 
     </span>
    </p>
   </div>
   <div class='ocr_carea' id='block_1_44' title="bbox 459 2703 2068 2775">
    <p class='ocr_par' dir='ltr' id='par_1_44' title="bbox 459 2703 2068 2775">
     <span class='ocr_line' id='line_1_44' title="bbox 459 2703 2068 2775; baseline 0.005 -19"><span class='ocrx_word' id='word_1_289' title='bbox 459 2703 698 2771; x_wconf 80' lang='lat' dir='ltr'><strong>.quibus</strong></span> <span class='ocrx_word' id='word_1_290' title='bbox 757 2705 826 2760; x_wconf 88' lang='lat' dir='ltr'><strong>ab</strong></span> <span class='ocrx_word' id='word_1_291' title='bbox 877 2715 1215 2775; x_wconf 86' lang='lat' dir='ltr'><strong>utrocunque</strong></span> <span class='ocrx_word' id='word_1_292' title='bbox 1253 2707 1469 2762; x_wconf 87' lang='lat' dir='ltr'><strong>violatis</strong></span> <span class='ocrx_word' id='word_1_293' title='bbox 1529 2708 1760 2764; x_wconf 81' lang='lat' dir='ltr'><strong>alterum</strong></span> <span class='ocrx_word' id='word_1_294' title='bbox 1796 2703 2068 2764; x_wconf 85' lang='lat' dir='ltr'><strong>vindicem</strong></span> 
     </span>
    </p>
   </div>
   <div class='ocr_carea' id='block_1_45' title="bbox 500 2796 2108 2869">
    <p class='ocr_par' dir='ltr' id='par_1_45' title="bbox 500 2796 2108 2869">
     <span class='ocr_line' id='line_1_45' title="bbox 500 2796 2108 2869; baseline 0.005 -22"><span class='ocrx_word' id='word_1_295' title='bbox 500 2805 794 2865; x_wconf 87' lang='lat' dir='ltr'><strong>prepterea</strong></span> <span class='ocrx_word' id='word_1_296' title='bbox 855 2796 910 2851; x_wconf 92' lang='lat' dir='ltr'><strong>in</strong></span> <span class='ocrx_word' id='word_1_297' title='bbox 969 2797 1103 2852; x_wconf 85' lang='lat' dir='ltr'><strong>vitio</strong></span> <span class='ocrx_word' id='word_1_298' title='bbox 1164 2814 1406 2867; x_wconf 85' lang='lat' dir='ltr'><strong>ponere,</strong></span> <span class='ocrx_word' id='word_1_299' title='bbox 1463 2801 1608 2855; x_wconf 87' lang='lat' dir='ltr'><strong>haud</strong></span> <span class='ocrx_word' id='word_1_300' title='bbox 1658 2817 1873 2869; x_wconf 65' lang='lat' dir='ltr'><strong>asquunt</strong></span> <span class='ocrx_word' id='word_1_301' title='bbox 1910 2798 2108 2865; x_wconf 57' lang='lat' dir='ltr'><strong>eSse;&#39;</strong></span> 
     </span>
    </p>
   </div>
   <div class='ocr_carea' id='block_1_46' title="bbox 499 2886 2068 2961">
    <p class='ocr_par' dir='ltr' id='par_1_46' title="bbox 499 2886 2068 2961">
     <span class='ocr_line' id='line_1_46' title="bbox 499 2886 2068 2961; baseline 0.006 -24"><span class='ocrx_word' id='word_1_302' title='bbox 499 2886 701 2939; x_wconf 89' lang='lat' dir='ltr'><strong>nullam</strong></span> <span class='ocrx_word' id='word_1_303' title='bbox 734 2887 938 2958; x_wconf 83' lang='lat' dir='ltr'><strong>quippe</strong></span> <span class='ocrx_word' id='word_1_304' title='bbox 971 2889 1188 2942; x_wconf 80' lang='lat' dir='ltr'><strong>obSIarc</strong></span> <span class='ocrx_word' id='word_1_305' title='bbox 1219 2890 1412 2960; x_wconf 72' lang='lat' dir='ltr'><strong>legent,</strong></span> <span class='ocrx_word' id='word_1_306' title='bbox 1459 2891 1615 2960; x_wconf 91' lang='lat' dir='ltr'><strong>quin,</strong></span> <span class='ocrx_word' id='word_1_307' title='bbox 1650 2893 1742 2961; x_wconf 85' lang='lat' dir='ltr'><strong>qui</strong></span> <span class='ocrx_word' id='word_1_308' title='bbox 1774 2893 1934 2947; x_wconf 69' lang='lat' dir='ltr'><strong>laesus</strong></span> <span class='ocrx_word' id='word_1_309' title='bbox 1963 2903 2068 2956; x_wconf 88' lang='lat' dir='ltr'><strong>est,</strong></span> 
     </span>
    </p>
   </div>
   <div class='ocr_carea' id='block_1_47' title="bbox 499 2979 2070 3053">
    <p class='ocr_par' dir='ltr' id='par_1_47' title="bbox 499 2979 2070 3053">
     <span class='ocr_line' id='line_1_47' title="bbox 499 2979 2070 3053; baseline 0.004 -22"><span class='ocrx_word' id='word_1_310' title='bbox 499 2979 568 3030; x_wconf 86' lang='lat' dir='ltr'><strong>ab</strong></span> <span class='ocrx_word' id='word_1_311' title='bbox 597 2993 661 3032; x_wconf 90' lang='lat' dir='ltr'><strong>eo</strong></span> <span class='ocrx_word' id='word_1_312' title='bbox 695 2980 788 3048; x_wconf 93' lang='lat' dir='ltr'><strong>qui</strong></span> <span class='ocrx_word' id='word_1_313' title='bbox 828 2979 962 3035; x_wconf 75' lang='lat' dir='ltr'><strong>lzesit</strong></span> <span class='ocrx_word' id='word_1_314' title='bbox 997 2980 1252 3047; x_wconf 85' lang='lat' dir='ltr'><strong>injuriam</strong></span> <span class='ocrx_word' id='word_1_315' title='bbox 1304 2992 1684 3051; x_wconf 86' lang='lat' dir='ltr'><strong>persequatur,</strong></span> <span class='ocrx_word' id='word_1_316' title='bbox 1737 2983 2070 3053; x_wconf 85' lang='lat' dir='ltr'><strong>postulabat-</strong></span> 
     </span>
    </p>
   </div>
   <div class='ocr_carea' id='block_1_48' title="bbox 498 3053 2072 3145">
    <p class='ocr_par' dir='ltr' id='par_1_48' title="bbox 498 3053 2072 3145">
     <span class='ocr_line' id='line_1_48' title="bbox 498 3053 2072 3145; baseline 0.006 -25"><span class='ocrx_word' id='word_1_317' title='bbox 498 3085 605 3138; x_wconf 88' lang='lat' dir='ltr'><strong>que</strong></span> <span class='ocrx_word' id='word_1_318' title='bbox 639 3070 798 3124; x_wconf 91' lang='lat' dir='ltr'><strong>nrbcs</strong></span> <span class='ocrx_word' id='word_1_319' title='bbox 843 3080 965 3140; x_wconf 91' lang='lat' dir='ltr'><strong>post</strong></span> <span class='ocrx_word' id='word_1_320' title='bbox 1011 3071 1186 3128; x_wconf 69' lang='lat' dir='ltr'><strong>luadns</strong></span> <span class='ocrx_word' id='word_1_321' title='bbox 1245 3053 1538 3143; x_wconf 51' lang='lat' dir='ltr'><strong>sanciﬁnn,</strong></span> <span class='ocrx_word' id='word_1_322' title='bbox 1562 3073 1810 3129; x_wconf 79' lang='lat' dir='ltr'><strong>Romano</strong></span> <span class='ocrx_word' id='word_1_323' title='bbox 1842 3075 2072 3145; x_wconf 89' lang='lat' dir='ltr'><strong>imperio</strong></span> 
     </span>
    </p>
   </div>
   <div class='ocr_carea' id='block_1_49' title="bbox 499 3161 2143 3260">
    <p class='ocr_par' dir='ltr' id='par_1_49' title="bbox 499 3161 2143 3260">
     <span class='ocr_line' id='line_1_49' title="bbox 499 3161 2143 3260; baseline 0.002 -46"><span class='ocrx_word' id='word_1_324' title='bbox 499 3161 780 3232; x_wconf 70' lang='lat' dir='ltr'><strong>ademptas</strong></span> <span class='ocrx_word' id='word_1_325' title='bbox 829 3163 1042 3218; x_wconf 87' lang='lat' dir='ltr'><strong>restitui</strong></span> <span class='ocrx_word' id='word_1_326' title='bbox 1077 3179 1091 3215; x_wconf 93' lang='lat'><strong>:</strong></span> <span class='ocrx_word' id='word_1_327' title='bbox 1127 3166 1204 3220; x_wconf 90' lang='lat' dir='ltr'><strong>sic</strong></span> <span class='ocrx_word' id='word_1_328' title='bbox 1241 3166 1384 3218; x_wconf 88' lang='lat' dir='ltr'><strong>enim</strong></span> <span class='ocrx_word' id='word_1_329' title='bbox 1445 3169 1498 3220; x_wconf 86' lang='lat' dir='ltr'><strong>in</strong></span> <span class='ocrx_word' id='word_1_330' title='bbox 1562 3167 1888 3235; x_wconf 84' lang='lat' dir='ltr'><strong>juramcntis</strong></span> <span class='ocrx_word' id='word_1_331' title='bbox 1935 3168 2070 3221; x_wconf 86' lang='lat' dir='ltr'><strong>scri-</strong></span> <span class='ocrx_word' id='word_1_332' title='bbox 2099 3203 2143 3260; x_wconf 75' lang='lat' dir='ltr'>c</span> 
     </span>
    </p>
   </div>
   <div class='ocr_carea' id='block_1_50' title="bbox 501 3255 2076 3324">
    <p class='ocr_par' dir='ltr' id='par_1_50' title="bbox 501 3255 2076 3324">
     <span class='ocr_line' id='line_1_50' title="bbox 501 3255 2076 3324; baseline 0.004 -18"><span class='ocrx_word' id='word_1_333' title='bbox 501 3265 654 3324; x_wconf 88' lang='lat' dir='ltr'><strong>ptum</strong></span> <span class='ocrx_word' id='word_1_334' title='bbox 689 3264 920 3309; x_wconf 82' lang='lat' dir='ltr'><strong>exstare.</strong></span> <span class='ocrx_word' id='word_1_335' title='bbox 972 3255 1215 3323; x_wconf 83' lang='lat' dir='ltr'><strong>Namque</strong></span> <span class='ocrx_word' id='word_1_336' title='bbox 1238 3274 1345 3310; x_wconf 79' lang='lat' dir='ltr'><strong>non</strong></span> <span class='ocrx_word' id='word_1_337' title='bbox 1379 3257 1551 3312; x_wconf 90' lang='lat' dir='ltr'><strong>solum</strong></span> <span class='ocrx_word' id='word_1_338' title='bbox 1595 3257 1818 3323; x_wconf 88' lang='lat' dir='ltr'><strong>Pheras,</strong></span> <span class='ocrx_word' id='word_1_339' title='bbox 1871 3268 1925 3311; x_wconf 90' lang='lat' dir='ltr'><strong>et</strong></span> <span class='ocrx_word' id='word_1_340' title='bbox 1973 3257 2076 3312; x_wconf 88' lang='lat' dir='ltr'><strong>alia</strong></span> 
     </span>
    </p>
   </div>
   <div class='ocr_carea' id='block_1_51' title="bbox 500 3345 2078 3424">
    <p class='ocr_par' dir='ltr' id='par_1_51' title="bbox 500 3345 2078 3424">
     <span class='ocr_line' id='line_1_51' title="bbox 500 3345 2078 3424; baseline 0.004 -26"><span class='ocrx_word' id='word_1_341' title='bbox 500 3345 829 3424; x_wconf 66' lang='lat' dir='ltr'><strong>Macedonia:</strong></span> <span class='ocrx_word' id='word_1_342' title='bbox 879 3347 1077 3416; x_wconf 81' lang='lat' dir='ltr'><strong>Oppida</strong></span> <span class='ocrx_word' id='word_1_343' title='bbox 1127 3358 1285 3416; x_wconf 85' lang='lat' dir='ltr'><strong>atque</strong></span> <span class='ocrx_word' id='word_1_344' title='bbox 1320 3349 1562 3413; x_wconf 84' lang='lat' dir='ltr'><strong>castella,</strong></span> <span class='ocrx_word' id='word_1_345' title='bbox 1594 3353 1788 3418; x_wconf 67' lang='lat' dir='ltr'><strong>prmtér</strong></span> <span class='ocrx_word' id='word_1_346' title='bbox 1842 3349 2078 3404; x_wconf 82' lang='lat' dir='ltr'><strong>Thessa-</strong></span> 
     </span>
    </p>
   </div>
   <div class='ocr_carea' id='block_1_52' title="bbox 502 3427 2077 3510">
    <p class='ocr_par' dir='ltr' id='par_1_52' title="bbox 502 3427 2077 3510">
     <span class='ocr_line' id='line_1_52' title="bbox 502 3427 2077 3510; baseline 0.003 -20"><span class='ocrx_word' id='word_1_347' title='bbox 502 3427 735 3491; x_wconf 78' lang='lat' dir='ltr'><strong>lonicam</strong></span> <span class='ocrx_word' id='word_1_348' title='bbox 805 3449 1126 3507; x_wconf 87' lang='lat' dir='ltr'><strong>occuparat,</strong></span> <span class='ocrx_word' id='word_1_349' title='bbox 1213 3441 1306 3494; x_wconf 88' lang='lat' dir='ltr'><strong>sed</strong></span> <span class='ocrx_word' id='word_1_350' title='bbox 1366 3441 1803 3495; x_wconf 80' lang='lat' dir='ltr'><strong>Berrhceotarum</strong></span> <span class='ocrx_word' id='word_1_351' title='bbox 1861 3455 2077 3510; x_wconf 85' lang='lat' dir='ltr'><strong>quoque</strong></span> 
     </span>
    </p>
   </div>
   <div class='ocr_carea' id='block_1_53' title="bbox 504 3509 2078 3601">
    <p class='ocr_par' dir='ltr' id='par_1_53' title="bbox 504 3509 2078 3601">
     <span class='ocr_line' id='line_1_53' title="bbox 504 3509 2078 3601; baseline 0.004 -20"><span class='ocrx_word' id='word_1_352' title='bbox 504 3509 1178 3600; x_wconf 74' lang='lat' dir='ltr'><strong>potentissimos&#39;pecunia</strong></span> <span class='ocrx_word' id='word_1_353' title='bbox 1235 3542 1283 3585; x_wconf 87' lang='lat' dir='ltr'><strong>et</strong></span> <span class='ocrx_word' id='word_1_354' title='bbox 1334 3531 1819 3600; x_wconf 87' lang='lat' dir='ltr'><strong>pollicitationibus</strong></span> <span class='ocrx_word' id='word_1_355' title='bbox 1867 3531 2078 3601; x_wconf 78' lang='lat' dir='ltr'><strong>magnis</strong></span> 
     </span>
    </p>
   </div>
   <div class='ocr_carea' id='block_1_54' title="bbox 503 3622 2080 3696">
    <p class='ocr_par' dir='ltr' id='par_1_54' title="bbox 503 3622 2080 3696">
     <span class='ocr_line' id='line_1_54' title="bbox 503 3622 2080 3696; baseline 0.001 -20"><span class='ocrx_word' id='word_1_356' title='bbox 503 3631 789 3691; x_wconf 82' lang='lat' dir='ltr'><strong>corruptos</strong></span> <span class='ocrx_word' id='word_1_357' title='bbox 812 3636 879 3676; x_wconf 91' lang='lat' dir='ltr'><strong>eo</strong></span> <span class='ocrx_word' id='word_1_358' title='bbox 909 3631 1266 3696; x_wconf 77' lang='lat' dir='ltr'><strong>pertraxerat,</strong></span> <span class='ocrx_word' id='word_1_359' title='bbox 1305 3633 1365 3676; x_wconf 91' lang='lat' dir='ltr'><strong>ut</strong></span> <span class='ocrx_word' id='word_1_360' title='bbox 1392 3633 1582 3676; x_wconf 76' lang='lat' dir='ltr'><strong>exacto</strong></span> <span class='ocrx_word' id='word_1_361' title='bbox 1631 3622 1878 3677; x_wconf 81' lang='lat' dir='ltr'><strong>Manuele</strong></span> <span class='ocrx_word' id='word_1_362' title='bbox 1907 3625 2080 3693; x_wconf 84' lang='lat' dir='ltr'><strong>impe-</strong></span> 
     </span>
    </p>
   </div>
   <div class='ocr_carea' id='block_1_55' title="bbox 507 3713 2079 3784">
    <p class='ocr_par' dir='ltr' id='par_1_55' title="bbox 507 3713 2079 3784">
     <span class='ocr_line' id='line_1_55' title="bbox 507 3713 2079 3784; baseline 0.003 -19"><span class='ocrx_word' id='word_1_363' title='bbox 507 3713 704 3767; x_wconf 87' lang='lat' dir='ltr'><strong>ratoris</strong></span> <span class='ocrx_word' id='word_1_364' title='bbox 764 3713 874 3768; x_wconf 84' lang='lat' dir='ltr'><strong>lilio</strong></span> <span class='ocrx_word' id='word_1_365' title='bbox 932 3713 1124 3767; x_wconf 89' lang='lat' dir='ltr'><strong>urbem</strong></span> <span class='ocrx_word' id='word_1_366' title='bbox 1198 3714 1300 3768; x_wconf 90' lang='lat' dir='ltr'><strong>sibi</strong></span> <span class='ocrx_word' id='word_1_367' title='bbox 1342 3714 1660 3768; x_wconf 75' lang='lat' dir='ltr'><strong>addicerent</strong></span> <span class='ocrx_word' id='word_1_368' title='bbox 1698 3714 1888 3784; x_wconf 91' lang='lat' dir='ltr'><strong>:quod</strong></span> <span class='ocrx_word' id='word_1_369' title='bbox 1945 3729 2079 3770; x_wconf 84' lang='lat' dir='ltr'><strong>sane</strong></span> 
     </span>
    </p>
   </div>
   <div class='ocr_carea' id='block_1_56' title="bbox 506 3803 2077 3879">
    <p class='ocr_par' dir='ltr' id='par_1_56' title="bbox 506 3803 2077 3879">
     <span class='ocr_line' id='line_1_56' title="bbox 506 3803 2077 3879; baseline 0.003 -23"><span class='ocrx_word' id='word_1_370' title='bbox 506 3804 756 3858; x_wconf 82' lang='lat' dir='ltr'><strong>molestia</strong></span> <span class='ocrx_word' id='word_1_371' title='bbox 829 3803 1100 3858; x_wconf 76' lang='lat' dir='ltr'><strong>alliciebat</strong></span> <span class='ocrx_word' id='word_1_372' title='bbox 1167 3805 1551 3873; x_wconf 87' lang='lat' dir='ltr'><strong>imperatorem</strong></span> <span class='ocrx_word' id='word_1_373' title='bbox 1620 3819 1732 3879; x_wconf 90' lang='lat' dir='ltr'><strong>non</strong></span> <span class='ocrx_word' id='word_1_374' title='bbox 1793 3805 2077 3860; x_wconf 87' lang='lat' dir='ltr'><strong>mediocri.</strong></span> 
     </span>
    </p>
   </div>
   <div class='ocr_carea' id='block_1_57' title="bbox 505 3893 2078 3965">
    <p class='ocr_par' dir='ltr' id='par_1_57' title="bbox 505 3893 2078 3965">
     <span class='ocr_line' id='line_1_57' title="bbox 505 3893 2078 3965; baseline 0.001 -17"><span class='ocrx_word' id='word_1_375' title='bbox 505 3894 717 3948; x_wconf 74' lang='lat' dir='ltr'><strong>llanucl</strong></span> <span class='ocrx_word' id='word_1_376' title='bbox 746 3896 924 3961; x_wconf 83' lang='lat' dir='ltr'><strong>itaque</strong></span> <span class='ocrx_word' id='word_1_377' title='bbox 950 3897 1090 3964; x_wconf 87' lang='lat' dir='ltr'><strong>apud</strong></span> <span class='ocrx_word' id='word_1_378' title='bbox 1113 3893 1374 3948; x_wconf 88' lang='lat' dir='ltr'><strong>Joannem</strong></span> <span class='ocrx_word' id='word_1_379' title='bbox 1396 3895 1656 3965; x_wconf 80' lang='lat' dir='ltr'><strong>Angelnm</strong></span> <span class='ocrx_word' id='word_1_380' title='bbox 1690 3896 2078 3951; x_wconf 89' lang='lat' dir='ltr'><strong>consobrinum</strong></span> 
     </span>
    </p>
   </div>
   <div class='ocr_carea' id='block_1_58' title="bbox 514 3984 2081 4056">
    <p class='ocr_par' dir='ltr' id='par_1_58' title="bbox 514 3984 2081 4056">
     <span class='ocr_line' id='line_1_58' title="bbox 514 3984 2081 4056; baseline 0.003 -19"><span class='ocrx_word' id='word_1_381' title='bbox 514 3988 567 4039; x_wconf 90' lang='lat' dir='ltr'><strong>in</strong></span> <span class='ocrx_word' id='word_1_382' title='bbox 621 3985 900 4038; x_wconf 84' lang='lat' dir='ltr'><strong>Thessalia</strong></span> <span class='ocrx_word' id='word_1_383' title='bbox 938 3985 1182 4056; x_wconf 81' lang='lat' dir='ltr'><strong>degebat.</strong></span> <span class='ocrx_word' id='word_1_384' title='bbox 1223 3984 1411 4040; x_wconf 82' lang='lat' dir='ltr'><strong>Crales</strong></span> <span class='ocrx_word' id='word_1_385' title='bbox 1446 3986 1627 4040; x_wconf 89' lang='lat' dir='ltr'><strong>audita</strong></span> <span class='ocrx_word' id='word_1_386' title='bbox 1671 3985 1941 4056; x_wconf 81' lang='lat' dir='ltr'><strong>legatione</strong></span> <span class='ocrx_word' id='word_1_387' title='bbox 1997 3987 2081 4041; x_wconf 86' lang='lat' dir='ltr'><strong>ni-</strong></span> 
     </span>
    </p>
   </div>
   <div class='ocr_carea' id='block_1_59' title="bbox 519 4077 2080 4146">
    <p class='ocr_par' dir='ltr' id='par_1_59' title="bbox 519 4077 2080 4146">
     <span class='ocr_line' id='line_1_59' title="bbox 519 4077 2080 4146; baseline 0.001 -15"><span class='ocrx_word' id='word_1_388' title='bbox 519 4077 596 4131; x_wconf 88' lang='lat' dir='ltr'><strong>hil</strong></span> <span class='ocrx_word' id='word_1_389' title='bbox 647 4077 791 4144; x_wconf 84' lang='lat' dir='ltr'><strong>juste</strong></span> <span class='ocrx_word' id='word_1_390' title='bbox 820 4077 1116 4130; x_wconf 86' lang='lat' dir='ltr'><strong>obtendere</strong></span> <span class='ocrx_word' id='word_1_391' title='bbox 1164 4077 1808 4146; x_wconf 81' lang='lat' dir='ltr'><strong>poterat;etjuramenta</strong></span> <span class='ocrx_word' id='word_1_392' title='bbox 1842 4081 1921 4132; x_wconf 89' lang='lat' dir='ltr'><strong>sic</strong></span> <span class='ocrx_word' id='word_1_393' title='bbox 1951 4092 2080 4132; x_wconf 91' lang='lat' dir='ltr'><strong>con-</strong></span> 
     </span>
    </p>
   </div>
   <div class='ocr_carea' id='block_1_60' title="bbox 505 4165 2077 4238">
    <p class='ocr_par' dir='ltr' id='par_1_60' title="bbox 505 4165 2077 4238">
     <span class='ocr_line' id='line_1_60' title="bbox 505 4165 2077 4238; baseline 0.003 -20"><span class='ocrx_word' id='word_1_394' title='bbox 505 4174 662 4234; x_wconf 88' lang='lat' dir='ltr'><strong>cepta</strong></span> <span class='ocrx_word' id='word_1_395' title='bbox 695 4180 814 4219; x_wconf 88' lang='lat' dir='ltr'><strong>esse</strong></span> <span class='ocrx_word' id='word_1_396' title='bbox 843 4181 948 4220; x_wconf 91' lang='lat' dir='ltr'><strong>non</strong></span> <span class='ocrx_word' id='word_1_397' title='bbox 987 4165 1098 4220; x_wconf 81' lang='lat' dir='ltr'><strong>ibat</strong></span> <span class='ocrx_word' id='word_1_398' title='bbox 1137 4165 1226 4220; x_wconf 92' lang='lat' dir='ltr'><strong>ille</strong></span> <span class='ocrx_word' id='word_1_399' title='bbox 1259 4167 1479 4236; x_wconf 87' lang='lat' dir='ltr'><strong>quidem</strong></span> <span class='ocrx_word' id='word_1_400' title='bbox 1511 4165 1745 4232; x_wconf 83' lang='lat' dir='ltr'><strong>inﬁcias,</strong></span> <span class='ocrx_word' id='word_1_401' title='bbox 1771 4167 1968 4238; x_wconf 88' lang='lat' dir='ltr'><strong>oppida</strong></span> <span class='ocrx_word' id='word_1_402' title='bbox 1993 4177 2077 4222; x_wconf 87' lang='lat' dir='ltr'><strong>ta-</strong></span> 
     </span>
    </p>
   </div>
   <div class='ocr_carea' id='block_1_61' title="bbox 507 4253 2078 4325">
    <p class='ocr_par' dir='ltr' id='par_1_61' title="bbox 507 4253 2078 4325">
     <span class='ocr_line' id='line_1_61' title="bbox 507 4253 2078 4325; baseline 0.003 -17"><span class='ocrx_word' id='word_1_403' title='bbox 507 4271 630 4308; x_wconf 89' lang='lat' dir='ltr'><strong>men</strong></span> <span class='ocrx_word' id='word_1_404' title='bbox 664 4253 891 4309; x_wconf 78' lang='lat' dir='ltr'><strong>reddere</strong></span> <span class='ocrx_word' id='word_1_405' title='bbox 947 4255 1188 4318; x_wconf 87' lang='lat' dir='ltr'><strong>nolebat,</strong></span> <span class='ocrx_word' id='word_1_406' title='bbox 1241 4257 1336 4310; x_wconf 77' lang='lat' dir='ltr'><strong>Sed</strong></span> <span class='ocrx_word' id='word_1_407' title='bbox 1389 4257 1453 4310; x_wconf 87' lang='lat' dir='ltr'><strong>ad</strong></span> <span class='ocrx_word' id='word_1_408' title='bbox 1484 4266 1777 4325; x_wconf 68' lang='lat' dir='ltr'><strong>praetextas</strong></span> <span class='ocrx_word' id='word_1_409' title='bbox 1827 4267 1883 4311; x_wconf 89' lang='lat' dir='ltr'><strong>et</strong></span> <span class='ocrx_word' id='word_1_410' title='bbox 1912 4273 2078 4312; x_wconf 82' lang='lat' dir='ltr'><strong>excu-</strong></span> 
     </span>
    </p>
   </div>
   <div class='ocr_carea' id='block_1_62' title="bbox 507 4345 2076 4417">
    <p class='ocr_par' dir='ltr' id='par_1_62' title="bbox 507 4345 2076 4417">
     <span class='ocr_line' id='line_1_62' title="bbox 507 4345 2076 4417; baseline 0.004 -19"><span class='ocrx_word' id='word_1_411' title='bbox 507 4345 756 4399; x_wconf 84' lang='lat' dir='ltr'><strong>sationes</strong></span> <span class='ocrx_word' id='word_1_412' title='bbox 798 4345 1007 4416; x_wconf 83' lang='lat' dir='ltr'><strong>ineptas</strong></span> <span class='ocrx_word' id='word_1_413' title='bbox 1064 4347 1431 4416; x_wconf 78' lang='lat' dir='ltr'><strong>confugiebat.</strong></span> <span class='ocrx_word' id='word_1_414' title='bbox 1504 4346 1806 4417; x_wconf 78' lang='lat' dir='ltr'><strong>imperator</strong></span> <span class='ocrx_word' id='word_1_415' title='bbox 1880 4348 2076 4404; x_wconf 87' lang='lat' dir='ltr'><strong>iterata</strong></span> 
     </span>
    </p>
   </div>
   <div class='ocr_carea' id='block_1_63' title="bbox 505 4433 2076 4508">
    <p class='ocr_par' dir='ltr' id='par_1_63' title="bbox 505 4433 2076 4508">
     <span class='ocr_line' id='line_1_63' title="bbox 505 4433 2076 4508; baseline 0.004 -23"><span class='ocrx_word' id='word_1_416' title='bbox 505 4433 771 4502; x_wconf 87' lang='lat' dir='ltr'><strong>legatione</strong></span> <span class='ocrx_word' id='word_1_417' title='bbox 797 4435 1054 4504; x_wconf 90' lang='lat' dir='ltr'><strong>postulat,</strong></span> <span class='ocrx_word' id='word_1_418' title='bbox 1073 4446 1132 4489; x_wconf 90' lang='lat' dir='ltr'><strong>ut</strong></span> <span class='ocrx_word' id='word_1_419' title='bbox 1166 4437 1270 4490; x_wconf 89' lang='lat' dir='ltr'><strong>sibi</strong></span> <span class='ocrx_word' id='word_1_420' title='bbox 1301 4437 1523 4492; x_wconf 85' lang='lat' dir='ltr'><strong>urbibus</strong></span> <span class='ocrx_word' id='word_1_421' title='bbox 1551 4454 1618 4492; x_wconf 81' lang='lat' dir='ltr'><strong>ex</strong></span> <span class='ocrx_word' id='word_1_422' title='bbox 1637 4439 1963 4508; x_wconf 84' lang='lat' dir='ltr'><strong>juramentis</strong></span> <span class='ocrx_word' id='word_1_423' title='bbox 1987 4454 2076 4492; x_wconf 82' lang='lat' dir='ltr'><strong>ce-</strong></span> 
     </span>
    </p>
   </div>
   <div class='ocr_carea' id='block_1_64' title="bbox 2171 1971 3746 2054">
    <p class='ocr_par' dir='ltr' id='par_1_64' title="bbox 2171 1971 3746 2054">
     <span class='ocr_line' id='line_1_64' title="bbox 2171 1971 3746 2054; baseline 0.009 -30"><span class='ocrx_word' id='word_1_424' title='bbox 2171 1973 2478 2040; x_wconf 73' lang='grc' dir='ltr'>φιλοκάλοις</span> <span class='ocrx_word' id='word_1_425' title='bbox 2509 1975 2655 2040; x_wconf 80' lang='grc' dir='ltr'>ἄξιον</span> <span class='ocrx_word' id='word_1_426' title='bbox 2687 1971 2756 2047; x_wconf 83' lang='grc' dir='ltr'>ἦν</span> <span class='ocrx_word' id='word_1_427' title='bbox 2801 1977 3022 2047; x_wconf 79' lang='grc' dir='ltr'>ψυχαίς,</span> <span class='ocrx_word' id='word_1_428' title='bbox 3054 1983 3112 2033; x_wconf 89' lang='grc' dir='ltr'><strong>ἐν</strong></span> <span class='ocrx_word' id='word_1_429' title='bbox 3136 1982 3215 2053; x_wconf 85' lang='grc' dir='ltr'>τῷ</span> <span class='ocrx_word' id='word_1_430' title='bbox 3258 1982 3370 2036; x_wconf 84' lang='grc' dir='ltr'><strong>τῶν</strong></span> <span class='ocrx_word' id='word_1_431' title='bbox 3427 1982 3746 2054; x_wconf 85' lang='grc' dir='ltr'>Βλαχερνῶν</span> 
     </span>
    </p>
   </div>
   <div class='ocr_carea' id='block_1_65' title="bbox 2168 2063 3743 2145">
    <p class='ocr_par' dir='ltr' id='par_1_65' title="bbox 2168 2063 3743 2145">
     <span class='ocr_line' id='line_1_65' title="bbox 2168 2063 3743 2145; baseline 0.009 -30"><span class='ocrx_word' id='word_1_432' title='bbox 2168 2063 2270 2130; x_wconf 76' lang='grc' dir='ltr'>τῆς</span> <span class='ocrx_word' id='word_1_433' title='bbox 2326 2064 2674 2137; x_wconf 80' lang='grc' dir='ltr'>Θεομήτορος</span> <span class='ocrx_word' id='word_1_434' title='bbox 2734 2069 2849 2140; x_wconf 86' lang='grc' dir='ltr'><strong>ναῷ</strong></span> <span class='ocrx_word' id='word_1_435' title='bbox 2892 2069 2997 2123; x_wconf 81' lang='grc' dir='ltr'><strong>ὑπὸ</strong></span> <span class='ocrx_word' id='word_1_436' title='bbox 3067 2071 3340 2142; x_wconf 87' lang='grc' dir='ltr'>Ἰσιδὼρου</span> <span class='ocrx_word' id='word_1_437' title='bbox 3400 2076 3743 2145; x_wconf 73' lang='grc' dir='ltr'>πατριάρχου</span> 
     </span>
    </p>
   </div>
   <div class='ocr_carea' id='block_1_66' title="bbox 2180 2155 3748 2237">
    <p class='ocr_par' dir='ltr' id='par_1_66' title="bbox 2180 2155 3748 2237">
     <span class='ocr_line' id='line_1_66' title="bbox 2180 2155 3748 2237; baseline 0.009 -31"><span class='ocrx_word' id='word_1_438' title='bbox 2180 2155 2372 2227; x_wconf 76' lang='grc' dir='ltr'>Ἑλένῃ</span> <span class='ocrx_word' id='word_1_439' title='bbox 2397 2159 2463 2228; x_wconf 76' lang='grc' dir='ltr'><strong>τῇ</strong></span> <span class='ocrx_word' id='word_1_440' title='bbox 2490 2157 2757 2226; x_wconf 85' lang='grc' dir='ltr'>βασιλέως</span> <span class='ocrx_word' id='word_1_441' title='bbox 2801 2159 3036 2230; x_wconf 76' lang='grc' dir='ltr'>θυγατρὶ</span> <span class='ocrx_word' id='word_1_442' title='bbox 3087 2163 3116 2216; x_wconf 80' lang='grc' dir='ltr'><strong>δ</strong></span> <span class='ocrx_word' id='word_1_443' title='bbox 3172 2163 3427 2233; x_wconf 81' lang='grc' dir='ltr'>βασιλεὺς</span> <span class='ocrx_word' id='word_1_444' title='bbox 3492 2165 3748 2237; x_wconf 76' lang='grc' dir='ltr'>Ἰωάννης</span> 
     </span>
    </p>
   </div>
   <div class='ocr_carea' id='block_1_67' title="bbox 2171 2245 3749 2324">
    <p class='ocr_par' dir='ltr' id='par_1_67' title="bbox 2171 2245 3749 2324">
     <span class='ocr_line' id='line_1_67' title="bbox 2171 2245 3749 2324; baseline 0.008 -28"><span class='ocrx_word' id='word_1_445' title='bbox 2171 2245 2582 2314; x_wconf 75' lang='grc' dir='ltr'>συνεζεύγνυτο.</span> <span class='ocrx_word' id='word_1_446' title='bbox 2621 2249 2856 2318; x_wconf 84' lang='grc' dir='ltr'>Ἔστεφε</span> <span class='ocrx_word' id='word_1_447' title='bbox 2881 2251 2938 2304; x_wconf 87' lang='grc' dir='ltr'><strong>δέ</strong></span> <span class='ocrx_word' id='word_1_448' title='bbox 2967 2251 3187 2306; x_wconf 82' lang='grc' dir='ltr'>κατὰτὸ</span> <span class='ocrx_word' id='word_1_449' title='bbox 3230 2253 3351 2317; x_wconf 85' lang='grc' dir='ltr'>ἐθος</span> <span class='ocrx_word' id='word_1_450' title='bbox 3377 2253 3476 2324; x_wconf 78' lang='grc' dir='ltr'>τὴν</span> <span class='ocrx_word' id='word_1_451' title='bbox 3510 2259 3749 2324; x_wconf 80' lang='grc' dir='ltr'>γυναῖκα</span> 
     </span>
    </p>
   </div>
   <div class='ocr_carea' id='block_1_68' title="bbox 2169 2337 3747 2420">
    <p class='ocr_par' dir='ltr' id='par_1_68' title="bbox 2169 2337 3747 2420">
     <span class='ocr_line' id='line_1_68' title="bbox 2169 2337 3747 2420; baseline 0.008 -31"><span class='ocrx_word' id='word_1_452' title='bbox 2169 2337 2265 2390; x_wconf 76' lang='grc' dir='ltr'>καὶ</span> <span class='ocrx_word' id='word_1_453' title='bbox 2295 2337 2478 2402; x_wconf 80' lang='grc' dir='ltr'>αὐτὸς,</span> <span class='ocrx_word' id='word_1_454' title='bbox 2510 2339 2778 2411; x_wconf 87' lang='grc' dir='ltr'>πρότερον</span> <span class='ocrx_word' id='word_1_455' title='bbox 2843 2343 3181 2414; x_wconf 73' lang='grc' dir='ltr'>ἐστεμμένος</span> <span class='ocrx_word' id='word_1_456' title='bbox 3234 2345 3340 2399; x_wconf 87' lang='grc' dir='ltr'><strong>ύπδ</strong></span> <span class='ocrx_word' id='word_1_457' title='bbox 3397 2348 3747 2420; x_wconf 84' lang='grc' dir='ltr'>πατριάρχου</span> 
     </span>
    </p>
   </div>
   <div class='ocr_carea' id='block_1_69' title="bbox 2168 2427 3748 2509">
    <p class='ocr_par' dir='ltr' id='par_1_69' title="bbox 2168 2427 3748 2509">
     <span class='ocr_line' id='line_1_69' title="bbox 2168 2427 3748 2509; baseline 0.011 -29"><span class='ocrx_word' id='word_1_458' title='bbox 2168 2427 2244 2480; x_wconf 82' lang='grc' dir='ltr'>ὢν</span> <span class='ocrx_word' id='word_1_459' title='bbox 2265 2427 2358 2481; x_wconf 89' lang='grc' dir='ltr'><strong>τοῦ</strong></span> <span class='ocrx_word' id='word_1_460' title='bbox 2402 2429 2672 2497; x_wconf 81' lang='grc' dir='ltr'>Ἰωάννου,</span> <span class='ocrx_word' id='word_1_461' title='bbox 2701 2433 2797 2487; x_wconf 78' lang='grc' dir='ltr'><strong>καὶ</strong></span> <span class='ocrx_word' id='word_1_462' title='bbox 2826 2433 3052 2504; x_wconf 84' lang='grc' dir='ltr'>εὐωχίαι</span> <span class='ocrx_word' id='word_1_463' title='bbox 3085 2431 3226 2508; x_wconf 74' lang='grc' dir='ltr'>ἦσαν</span> <span class='ocrx_word' id='word_1_464' title='bbox 3283 2442 3377 2491; x_wconf 80' lang='grc' dir='ltr'>καὶ</span> <span class='ocrx_word' id='word_1_465' title='bbox 3410 2441 3617 2509; x_wconf 87' lang='grc' dir='ltr'>κρότοι,</span> <span class='ocrx_word' id='word_1_466' title='bbox 3648 2443 3748 2497; x_wconf 73' lang='grc' dir='ltr'>καὶ</span> 
     </span>
    </p>
   </div>
   <div class='ocr_carea' id='block_1_70' title="bbox 2169 2517 3749 2601">
    <p class='ocr_par' dir='ltr' id='par_1_70' title="bbox 2169 2517 3749 2601">
     <span class='ocr_line' id='line_1_70' title="bbox 2169 2517 3749 2601; baseline 0.01 -32"><span class='ocrx_word' id='word_1_467' title='bbox 2169 2517 2417 2588; x_wconf 88' lang='grc' dir='ltr'>δημόσιοι</span> <span class='ocrx_word' id='word_1_468' title='bbox 2469 2521 2665 2590; x_wconf 73' lang='grc' dir='ltr'>ἤγοντο</span> <span class='ocrx_word' id='word_1_469' title='bbox 2714 2520 2968 2599; x_wconf 79' lang='grc' dir='ltr'>ἐορταὶ,ᾖ</span> <span class='ocrx_word' id='word_1_470' title='bbox 3017 2527 3264 2596; x_wconf 84' lang='grc' dir='ltr'>προσῆκε</span> <span class='ocrx_word' id='word_1_471' title='bbox 3313 2529 3430 2594; x_wconf 81' lang='grc' dir='ltr'>τοῖς</span> <span class='ocrx_word' id='word_1_472' title='bbox 3482 2531 3749 2601; x_wconf 82' lang='grc' dir='ltr'>βασιλέων</span> 
     </span>
    </p>
   </div>
   <div class='ocr_carea' id='block_1_71' title="bbox 2169 2609 3745 2692">
    <p class='ocr_par' dir='ltr' id='par_1_71' title="bbox 2169 2609 3745 2692">
     <span class='ocr_line' id='line_1_71' title="bbox 2169 2609 3745 2692; baseline 0.012 -34"><span class='ocrx_word' id='word_1_473' title='bbox 2169 2609 2388 2678; x_wconf 81' lang='grc' dir='ltr'>γάμοις.</span> <span class='ocrx_word' id='word_1_474' title='bbox 2430 2611 2580 2665; x_wconf 75' lang='grc' dir='ltr'>Ἐπεὶ</span> <span class='ocrx_word' id='word_1_475' title='bbox 2604 2612 2660 2665; x_wconf 89' lang='grc' dir='ltr'><strong>δέ</strong></span> <span class='ocrx_word' id='word_1_476' title='bbox 2685 2612 2754 2667; x_wconf 84' lang='grc' dir='ltr'><strong>τά</strong></span> <span class='ocrx_word' id='word_1_477' title='bbox 2783 2614 2921 2669; x_wconf 81' lang='grc' dir='ltr'>οῐκοι</span> <span class='ocrx_word' id='word_1_478' title='bbox 2952 2617 3131 2681; x_wconf 88' lang='grc' dir='ltr'>καλῶς</span> <span class='ocrx_word' id='word_1_479' title='bbox 3156 2618 3392 2689; x_wconf 82' lang='grc' dir='ltr'>διῴκητο</span> <span class='ocrx_word' id='word_1_480' title='bbox 3410 2620 3485 2689; x_wconf 83' lang='grc' dir='ltr'>τῷ</span> <span class='ocrx_word' id='word_1_481' title='bbox 3510 2622 3745 2692; x_wconf 79' lang='grc' dir='ltr'>βασιλεῖ,</span> 
     </span>
    </p>
   </div>
   <div class='ocr_carea' id='block_1_72' title="bbox 2171 2701 3750 2784">
    <p class='ocr_par' dir='ltr' id='par_1_72' title="bbox 2171 2701 3750 2784">
     <span class='ocr_line' id='line_1_72' title="bbox 2171 2701 3750 2784; baseline 0.011 -32"><span class='ocrx_word' id='word_1_482' title='bbox 2171 2701 2434 2771; x_wconf 72' lang='grc' dir='ltr'>ἐτρέπετο</span> <span class='ocrx_word' id='word_1_483' title='bbox 2456 2703 2549 2756; x_wconf 73' lang='grc' dir='ltr'><strong>ἐπὶ</strong></span> <span class='ocrx_word' id='word_1_484' title='bbox 2574 2705 2704 2767; x_wconf 81' lang='grc' dir='ltr'>τοὺς</span> <span class='ocrx_word' id='word_1_485' title='bbox 2751 2705 2856 2770; x_wconf 80' lang='grc' dir='ltr'>ἐξω</span> <span class='ocrx_word' id='word_1_486' title='bbox 2912 2707 3230 2777; x_wconf 87' lang='grc' dir='ltr'>πολεμίους,</span> <span class='ocrx_word' id='word_1_487' title='bbox 3300 2713 3395 2765; x_wconf 77' lang='grc' dir='ltr'>καὶ</span> <span class='ocrx_word' id='word_1_488' title='bbox 3450 2715 3750 2784; x_wconf 83' lang='grc' dir='ltr'>πρεσϐείαν</span> 
     </span>
    </p>
   </div>
   <div class='ocr_carea' id='block_1_73' title="bbox 2172 2792 3751 2876">
    <p class='ocr_par' dir='ltr' id='par_1_73' title="bbox 2172 2792 3751 2876">
     <span class='ocr_line' id='line_1_73' title="bbox 2172 2792 3751 2876; baseline 0.013 -35"><span class='ocrx_word' id='word_1_489' title='bbox 2172 2793 2306 2857; x_wconf 82' lang='grc' dir='ltr'>πρὸς</span> <span class='ocrx_word' id='word_1_490' title='bbox 2333 2792 2563 2862; x_wconf 76' lang='grc' dir='ltr'>Κράλην</span> <span class='ocrx_word' id='word_1_491' title='bbox 2595 2795 2837 2865; x_wconf 77' lang='grc' dir='ltr'>πέμψας,</span> <span class='ocrx_word' id='word_1_492' title='bbox 2871 2799 3072 2863; x_wconf 84' lang='grc' dir='ltr'>πολλάς</span> <span class='ocrx_word' id='word_1_493' title='bbox 3101 2800 3201 2869; x_wconf 81' lang='grc' dir='ltr'>μὲν</span> <span class='ocrx_word' id='word_1_494' title='bbox 3223 2802 3487 2872; x_wconf 82' lang='grc' dir='ltr'>ὡμολόγει</span> <span class='ocrx_word' id='word_1_495' title='bbox 3513 2807 3751 2876; x_wconf 86' lang='grc' dir='ltr'>χάριτας</span> 
     </span>
    </p>
   </div>
   <div class='ocr_carea' id='block_1_74' title="bbox 2179 2883 3750 2970">
    <p class='ocr_par' dir='ltr' id='par_1_74' title="bbox 2179 2883 3750 2970">
     <span class='ocr_line' id='line_1_74' title="bbox 2179 2883 3750 2970; baseline 0.012 -36"><span class='ocrx_word' id='word_1_496' title='bbox 2179 2883 2330 2953; x_wconf 87' lang='grc' dir='ltr'><strong>αύτῷ</strong></span> <span class='ocrx_word' id='word_1_497' title='bbox 2351 2883 2452 2950; x_wconf 83' lang='grc' dir='ltr'>τῆς</span> <span class='ocrx_word' id='word_1_498' title='bbox 2504 2886 2583 2948; x_wconf 85' lang='grc' dir='ltr'><strong>είς</strong></span> <span class='ocrx_word' id='word_1_499' title='bbox 2638 2887 2802 2941; x_wconf 83' lang='grc' dir='ltr'>αὐτὸν</span> <span class='ocrx_word' id='word_1_500' title='bbox 2850 2889 3167 2961; x_wconf 78' lang='grc' dir='ltr'>φιλοτιμίας</span> <span class='ocrx_word' id='word_1_501' title='bbox 3218 2895 3312 2946; x_wconf 85' lang='grc' dir='ltr'>καὶ</span> <span class='ocrx_word' id='word_1_502' title='bbox 3362 2897 3625 2966; x_wconf 86' lang='grc' dir='ltr'>σπουδῆς,</span> <span class='ocrx_word' id='word_1_503' title='bbox 3679 2901 3750 2970; x_wconf 74' lang='grc' dir='ltr'>ῆν</span> 
     </span>
    </p>
   </div>
   <div class='ocr_carea' id='block_1_75' title="bbox 2171 2971 3752 3055">
    <p class='ocr_par' dir='ltr' id='par_1_75' title="bbox 2171 2971 3752 3055">
     <span class='ocr_line' id='line_1_75' title="bbox 2171 2971 3752 3055; baseline 0.013 -32"><span class='ocrx_word' id='word_1_504' title='bbox 2171 2971 2308 3042; x_wconf 83' lang='grc' dir='ltr'>πρὸς</span> <span class='ocrx_word' id='word_1_505' title='bbox 2336 2973 2581 3044; x_wconf 84' lang='grc' dir='ltr'>παρόντα</span> <span class='ocrx_word' id='word_1_506' title='bbox 2609 2976 2927 3044; x_wconf 80' lang='grc' dir='ltr'>ἐνεδείξατο,</span> <span class='ocrx_word' id='word_1_507' title='bbox 2960 2979 3082 3033; x_wconf 85' lang='grc' dir='ltr'>καθ’</span> <span class='ocrx_word' id='word_1_508' title='bbox 3110 2980 3172 3035; x_wconf 87' lang='grc' dir='ltr'><strong>δν</strong></span> <span class='ocrx_word' id='word_1_509' title='bbox 3201 2981 3306 3035; x_wconf 76' lang='grc' dir='ltr'><strong>ὑπὸ</strong></span> <span class='ocrx_word' id='word_1_510' title='bbox 3329 2983 3436 3037; x_wconf 84' lang='grc' dir='ltr'><strong>τῶν</strong></span> <span class='ocrx_word' id='word_1_511' title='bbox 3461 2985 3752 3055; x_wconf 80' lang='grc' dir='ltr'>ὁμοφύλων</span> 
     </span>
    </p>
   </div>
   <div class='ocr_carea' id='block_1_76' title="bbox 2172 3062 3752 3147">
    <p class='ocr_par' dir='ltr' id='par_1_76' title="bbox 2172 3062 3752 3147">
     <span class='ocr_line' id='line_1_76' title="bbox 2172 3062 3752 3147; baseline 0.012 -32"><span class='ocrx_word' id='word_1_512' title='bbox 2172 3062 2492 3133; x_wconf 80' lang='grc' dir='ltr'>ἐπολεμεῖτο</span> <span class='ocrx_word' id='word_1_513' title='bbox 2534 3069 2744 3137; x_wconf 80' lang='grc' dir='ltr'>χρόνον,</span> <span class='ocrx_word' id='word_1_514' title='bbox 2801 3071 2896 3123; x_wconf 84' lang='grc' dir='ltr'>καὶ</span> <span class='ocrx_word' id='word_1_515' title='bbox 2947 3070 3172 3137; x_wconf 85' lang='grc' dir='ltr'>δικαίως</span> <span class='ocrx_word' id='word_1_516' title='bbox 3201 3069 3366 3138; x_wconf 60' lang='grc' dir='ltr'><strong>⁴εἶναι</strong></span> <span class='ocrx_word' id='word_1_517' title='bbox 3422 3078 3752 3147; x_wconf 74' lang='grc' dir='ltr'>ἀμείϐεσθαι</span> 
     </span>
    </p>
   </div>
   <div class='ocr_carea' id='block_1_77' title="bbox 2173 3157 3752 3238">
    <p class='ocr_par' dir='ltr' id='par_1_77' title="bbox 2173 3157 3752 3238">
     <span class='ocr_line' id='line_1_77' title="bbox 2173 3157 3752 3238; baseline 0.01 -31"><span class='ocrx_word' id='word_1_518' title='bbox 2173 3159 2282 3216; x_wconf 78' lang='grc' dir='ltr'>τοῖς</span> <span class='ocrx_word' id='word_1_519' title='bbox 2341 3157 2478 3219; x_wconf 87' lang='grc' dir='ltr'>ι’σοις</span> <span class='ocrx_word' id='word_1_520' title='bbox 2530 3160 2727 3228; x_wconf 82' lang='grc' dir='ltr'>καιροῦ</span> <span class='ocrx_word' id='word_1_521' title='bbox 2807 3161 3120 3229; x_wconf 79' lang='grc' dir='ltr'>καλοῦντος,</span> <span class='ocrx_word' id='word_1_522' title='bbox 3183 3166 3258 3235; x_wconf 84' lang='grc' dir='ltr'>μὴ</span> <span class='ocrx_word' id='word_1_523' title='bbox 3315 3167 3752 3238; x_wconf 84' lang='grc' dir='ltr'>παραλυομένων</span> 
     </span>
    </p>
   </div>
   <div class='ocr_carea' id='block_1_78' title="bbox 2181 3250 3757 3331">
    <p class='ocr_par' dir='ltr' id='par_1_78' title="bbox 2181 3250 3757 3331">
     <span class='ocr_line' id='line_1_78' title="bbox 2181 3250 3757 3331; baseline 0.008 -30"><span class='ocrx_word' id='word_1_524' title='bbox 2181 3251 2364 3319; x_wconf 87' lang='grc' dir='ltr'>μέντοι</span> <span class='ocrx_word' id='word_1_525' title='bbox 2394 3250 2503 3303; x_wconf 85' lang='grc' dir='ltr'><strong>τῶν</strong></span> <span class='ocrx_word' id='word_1_526' title='bbox 2530 3251 2708 3321; x_wconf 84' lang='grc' dir='ltr'>ὅρκων</span> <span class='ocrx_word' id='word_1_527' title='bbox 2735 3253 2830 3306; x_wconf 75' lang='grc' dir='ltr'>καὶ</span> <span class='ocrx_word' id='word_1_528' title='bbox 2883 3253 2992 3307; x_wconf 85' lang='grc' dir='ltr'><strong>τῶν</strong></span> <span class='ocrx_word' id='word_1_529' title='bbox 3024 3257 3264 3310; x_wconf 85' lang='grc' dir='ltr'>σπονδῶν</span> <span class='ocrx_word' id='word_1_530' title='bbox 3287 3258 3395 3310; x_wconf 86' lang='grc' dir='ltr'><strong>τῶν</strong></span> <span class='ocrx_word' id='word_1_531' title='bbox 3421 3260 3557 3331; x_wconf 82' lang='grc' dir='ltr'>πρὸς</span> <span class='ocrx_word' id='word_1_532' title='bbox 3586 3261 3757 3331; x_wconf 66' lang='grc' dir='ltr'>άλλήη</span> 
     </span>
    </p>
   </div>
   <div class='ocr_carea' id='block_1_79' title="bbox 2178 3340 3753 3418">
    <p class='ocr_par' dir='ltr' id='par_1_79' title="bbox 2178 3340 3753 3418">
     <span class='ocr_line' id='line_1_79' title="bbox 2178 3340 3753 3418; baseline 0.008 -26"><span class='ocrx_word' id='word_1_533' title='bbox 2178 3340 2324 3402; x_wconf 84' lang='grc' dir='ltr'>λους.</span> <span class='ocrx_word' id='word_1_534' title='bbox 2359 3341 2423 3394; x_wconf 82' lang='lat' dir='ltr'><strong>El</strong></span> <span class='ocrx_word' id='word_1_535' title='bbox 2453 3341 2561 3414; x_wconf 85' lang='grc' dir='ltr'><strong>γὰρ</strong></span> <span class='ocrx_word' id='word_1_536' title='bbox 2591 3344 2776 3396; x_wconf 87' lang='grc' dir='ltr'>ἐκεῖνα</span> <span class='ocrx_word' id='word_1_537' title='bbox 2816 3345 3242 3414; x_wconf 84' lang='grc' dir='ltr'>παραϐαίνοιντο</span> <span class='ocrx_word' id='word_1_538' title='bbox 3297 3350 3388 3418; x_wconf 83' lang='grc' dir='ltr'><strong>ὑφ’</strong></span> <span class='ocrx_word' id='word_1_539' title='bbox 3417 3353 3656 3416; x_wconf 79' lang='grc' dir='ltr'>ὁτουοῦν,</span> <span class='ocrx_word' id='word_1_540' title='bbox 3686 3355 3753 3407; x_wconf 80' lang='grc' dir='ltr'>οὐ</span> 
     </span>
    </p>
   </div>
   <div class='ocr_carea' id='block_1_80' title="bbox 2177 3427 3750 3509">
    <p class='ocr_par' dir='ltr' id='par_1_80' title="bbox 2177 3427 3750 3509">
     <span class='ocr_line' id='line_1_80' title="bbox 2177 3427 3750 3509; baseline 0.008 -25"><span class='ocrx_word' id='word_1_541' title='bbox 2177 3431 2386 3486; x_wconf 89' lang='grc' dir='ltr'>δίκαιον</span> <span class='ocrx_word' id='word_1_542' title='bbox 2414 3427 2555 3486; x_wconf 77' lang='grc' dir='ltr'>εῖναι</span> <span class='ocrx_word' id='word_1_543' title='bbox 2585 3434 2929 3505; x_wconf 83' lang='grc' dir='ltr'>ἀμυνόμενον</span> <span class='ocrx_word' id='word_1_544' title='bbox 2953 3436 3045 3490; x_wconf 78' lang='grc' dir='ltr'>τὸν</span> <span class='ocrx_word' id='word_1_545' title='bbox 3089 3437 3274 3509; x_wconf 80' lang='grc' dir='ltr'>ἕτερον</span> <span class='ocrx_word' id='word_1_546' title='bbox 3307 3440 3488 3505; x_wconf 87' lang='grc' dir='ltr'>αίτίας</span> <span class='ocrx_word' id='word_1_547' title='bbox 3537 3442 3750 3506; x_wconf 67' lang='grc' dir='ltr'>ἀξιοῦν*</span> 
     </span>
    </p>
   </div>
   <div class='ocr_carea' id='block_1_81' title="bbox 2179 3521 3758 3604">
    <p class='ocr_par' dir='ltr' id='par_1_81' title="bbox 2179 3521 3758 3604">
     <span class='ocr_line' id='line_1_81' title="bbox 2179 3521 3758 3604; baseline 0.009 -31"><span class='ocrx_word' id='word_1_548' title='bbox 2179 3521 2379 3576; x_wconf 84' lang='grc' dir='ltr'>κωλύει</span> <span class='ocrx_word' id='word_1_549' title='bbox 2407 3521 2515 3593; x_wconf 84' lang='grc' dir='ltr'><strong>γὰρ</strong></span> <span class='ocrx_word' id='word_1_550' title='bbox 2547 3523 2724 3588; x_wconf 80' lang='grc' dir='ltr'>οὐδεὶς</span> <span class='ocrx_word' id='word_1_551' title='bbox 2753 3525 3055 3594; x_wconf 82' lang='grc' dir='ltr'>ἀμύνεσθαι</span> <span class='ocrx_word' id='word_1_552' title='bbox 3112 3529 3276 3599; x_wconf 89' lang='grc' dir='ltr'>νόμος</span> <span class='ocrx_word' id='word_1_553' title='bbox 3331 3531 3424 3584; x_wconf 83' lang='grc' dir='ltr'>τὸν</span> <span class='ocrx_word' id='word_1_554' title='bbox 3471 3532 3758 3604; x_wconf 83' lang='grc' dir='ltr'>πάσχοντα</span> 
     </span>
    </p>
   </div>
   <div class='ocr_carea' id='block_1_82' title="bbox 2179 3611 3760 3689">
    <p class='ocr_par' dir='ltr' id='par_1_82' title="bbox 2179 3611 3760 3689">
     <span class='ocr_line' id='line_1_82' title="bbox 2179 3611 3760 3689; baseline 0.009 -25"><span class='ocrx_word' id='word_1_555' title='bbox 2179 3615 2389 3680; x_wconf 87' lang='grc' dir='ltr'>κακῶς,</span> <span class='ocrx_word' id='word_1_556' title='bbox 2421 3611 2576 3682; x_wconf 64' lang='grc' dir='ltr'><strong>⁴ᾒξίου</strong></span> <span class='ocrx_word' id='word_1_557' title='bbox 2607 3631 2665 3667; x_wconf 88' lang='grc' dir='ltr'><strong>τε</strong></span> <span class='ocrx_word' id='word_1_558' title='bbox 2707 3616 2855 3685; x_wconf 83' lang='grc' dir='ltr'>αὐτῷ</span> <span class='ocrx_word' id='word_1_559' title='bbox 2911 3617 3240 3688; x_wconf 81' lang='grc' dir='ltr'>ἀποδοθῆναι</span> <span class='ocrx_word' id='word_1_560' title='bbox 3295 3620 3396 3682; x_wconf 85' lang='grc' dir='ltr'>τὰς</span> <span class='ocrx_word' id='word_1_561' title='bbox 3447 3623 3652 3686; x_wconf 79' lang='grc' dir='ltr'>πόλεις,</span> <span class='ocrx_word' id='word_1_562' title='bbox 3685 3623 3760 3689; x_wconf 76' lang='grc' dir='ltr'>ἃς</span> 
     </span>
    </p>
   </div>
   <div class='ocr_carea' id='block_1_83' title="bbox 2183 3698 3756 3780">
    <p class='ocr_par' dir='ltr' id='par_1_83' title="bbox 2183 3698 3756 3780">
     <span class='ocr_line' id='line_1_83' title="bbox 2183 3698 3756 3780; baseline 0.01 -30"><span class='ocrx_word' id='word_1_563' title='bbox 2183 3698 2324 3766; x_wconf 83' lang='grc' dir='ltr'>μετὰ</span> <span class='ocrx_word' id='word_1_564' title='bbox 2350 3699 2412 3752; x_wconf 78' lang='grc' dir='ltr'>τὸ</span> <span class='ocrx_word' id='word_1_565' title='bbox 2440 3702 2575 3770; x_wconf 71' lang='grc' dir='ltr'>πρὸς</span> <span class='ocrx_word' id='word_1_566' title='bbox 2605 3701 2768 3756; x_wconf 78' lang='grc' dir='ltr'>αὑτὸν</span> <span class='ocrx_word' id='word_1_567' title='bbox 2795 3705 2896 3767; x_wconf 79' lang='grc' dir='ltr'><strong>τὰς</strong></span> <span class='ocrx_word' id='word_1_568' title='bbox 2944 3705 3178 3770; x_wconf 83' lang='grc' dir='ltr'>σπονδάς</span> <span class='ocrx_word' id='word_1_569' title='bbox 3231 3709 3324 3760; x_wconf 79' lang='grc' dir='ltr'>καὶ</span> <span class='ocrx_word' id='word_1_570' title='bbox 3375 3708 3505 3772; x_wconf 79' lang='grc' dir='ltr'>τοὺς</span> <span class='ocrx_word' id='word_1_571' title='bbox 3553 3707 3756 3780; x_wconf 82' lang='grc' dir='ltr'>ὅρκους</span> 
     </span>
    </p>
   </div>
   <div class='ocr_carea' id='block_1_84' title="bbox 2181 3789 3754 3872">
    <p class='ocr_par' dir='ltr' id='par_1_84' title="bbox 2181 3789 3754 3872">
     <span class='ocr_line' id='line_1_84' title="bbox 2181 3789 3754 3872; baseline 0.008 -31"><span class='ocrx_word' id='word_1_572' title='bbox 2181 3789 2370 3844; x_wconf 84' lang='grc' dir='ltr'>θέσθαι</span> <span class='ocrx_word' id='word_1_573' title='bbox 2400 3793 2498 3862; x_wconf 84' lang='grc' dir='ltr'>τῆς</span> <span class='ocrx_word' id='word_1_574' title='bbox 2537 3793 2827 3864; x_wconf 87' lang='grc' dir='ltr'>Ῥωμαίων</span> <span class='ocrx_word' id='word_1_575' title='bbox 2852 3797 3142 3866; x_wconf 87' lang='grc' dir='ltr'>παρείλετο</span> <span class='ocrx_word' id='word_1_576' title='bbox 3179 3800 3385 3870; x_wconf 81' lang='grc' dir='ltr'>άρχῆς⁶</span> <span class='ocrx_word' id='word_1_577' title='bbox 3439 3799 3581 3853; x_wconf 77' lang='grc' dir='ltr'>οὕτω</span> <span class='ocrx_word' id='word_1_578' title='bbox 3638 3803 3754 3872; x_wconf 83' lang='grc' dir='ltr'>γὰρ</span> 
     </span>
    </p>
   </div>
   <div class='ocr_carea' id='block_1_85' title="bbox 2180 3879 3757 3964">
    <p class='ocr_par' dir='ltr' id='par_1_85' title="bbox 2180 3879 3757 3964">
     <span class='ocr_line' id='line_1_85' title="bbox 2180 3879 3757 3964; baseline 0.008 -30"><span class='ocrx_word' id='word_1_579' title='bbox 2180 3884 2628 3955; x_wconf 75' lang='grc' dir='ltr'>ἐγγεγραμμένον</span> <span class='ocrx_word' id='word_1_580' title='bbox 2675 3889 2789 3950; x_wconf 84' lang='grc' dir='ltr'>τοῖς</span> <span class='ocrx_word' id='word_1_581' title='bbox 2836 3888 3022 3957; x_wconf 83' lang='grc' dir='ltr'>ὅρκοις</span> <span class='ocrx_word' id='word_1_582' title='bbox 3073 3885 3232 3944; x_wconf 77' lang='grc' dir='ltr'>εῖναι.</span> <span class='ocrx_word' id='word_1_583' title='bbox 3292 3891 3384 3962; x_wconf 81' lang='grc' dir='ltr'><strong>Μὴ</strong></span> <span class='ocrx_word' id='word_1_584' title='bbox 3437 3879 3599 3962; x_wconf 84' lang='grc' dir='ltr'>μόνον</span> <span class='ocrx_word' id='word_1_585' title='bbox 3641 3897 3757 3964; x_wconf 79' lang='grc' dir='ltr'><strong>γάρ</strong></span> 
     </span>
    </p>
   </div>
   <div class='ocr_carea' id='block_1_86' title="bbox 2179 3975 3758 4049">
    <p class='ocr_par' dir='ltr' id='par_1_86' title="bbox 2179 3975 3758 4049">
     <span class='ocr_line' id='line_1_86' title="bbox 2179 3975 3758 4049; baseline 0.008 -23"><span class='ocrx_word' id='word_1_586' title='bbox 2179 3975 2355 4043; x_wconf 83' lang='grc' dir='ltr'>Φεράς</span> <span class='ocrx_word' id='word_1_587' title='bbox 2383 3992 2441 4027; x_wconf 89' lang='grc' dir='ltr'><strong>τε</strong></span> <span class='ocrx_word' id='word_1_588' title='bbox 2473 3977 2565 4029; x_wconf 76' lang='grc' dir='ltr'><strong>καὶ</strong></span> <span class='ocrx_word' id='word_1_589' title='bbox 2595 3977 2762 4040; x_wconf 77' lang='grc' dir='ltr'>ἄλλας</span> <span class='ocrx_word' id='word_1_590' title='bbox 2792 3981 2890 4049; x_wconf 86' lang='grc' dir='ltr'>τῆς</span> <span class='ocrx_word' id='word_1_591' title='bbox 2917 3980 3254 4043; x_wconf 81' lang='grc' dir='ltr'>Μακεδονίας</span> <span class='ocrx_word' id='word_1_592' title='bbox 3301 3982 3508 4046; x_wconf 88' lang='grc' dir='ltr'>πόλεις,</span> <span class='ocrx_word' id='word_1_593' title='bbox 3538 3985 3632 4037; x_wconf 79' lang='grc' dir='ltr'>καὶ</span> <span class='ocrx_word' id='word_1_594' title='bbox 3684 3987 3758 4040; x_wconf 77' lang='grc' dir='ltr'>τὰ</span> 
     </span>
    </p>
   </div>
   <div class='ocr_carea' id='block_1_87' title="bbox 2181 4063 3749 4148">
    <p class='ocr_par' dir='ltr' id='par_1_87' title="bbox 2181 4063 3749 4148">
     <span class='ocr_line' id='line_1_87' title="bbox 2181 4063 3749 4148; baseline 0.008 -33"><span class='ocrx_word' id='word_1_595' title='bbox 2181 4063 2415 4148; x_wconf 84' lang='grc' dir='ltr'>φρούρια</span> <span class='ocrx_word' id='word_1_596' title='bbox 2441 4065 2582 4136; x_wconf 82' lang='grc' dir='ltr'>πλὴν</span> <span class='ocrx_word' id='word_1_597' title='bbox 2629 4069 3032 4139; x_wconf 85' lang='grc' dir='ltr'>Θεσσαλονίκης</span> <span class='ocrx_word' id='word_1_598' title='bbox 3075 4065 3240 4136; x_wconf 75' lang='grc' dir='ltr'>εἶλεν,</span> <span class='ocrx_word' id='word_1_599' title='bbox 3290 4073 3425 4127; x_wconf 84' lang='grc' dir='ltr'>ἀλλὰ</span> <span class='ocrx_word' id='word_1_600' title='bbox 3474 4076 3567 4128; x_wconf 72' lang='grc' dir='ltr'>καὶ</span> <span class='ocrx_word' id='word_1_601' title='bbox 3611 4076 3749 4148; x_wconf 66' lang='lat' dir='ltr'><strong>Bcf)-</strong></span> 
     </span>
    </p>
   </div>
   <div class='ocr_carea' id='block_1_88' title="bbox 2179 4157 3751 4236">
    <p class='ocr_par' dir='ltr' id='par_1_88' title="bbox 2179 4157 3751 4236">
     <span class='ocr_line' id='line_1_88' title="bbox 2179 4157 3751 4236; baseline 0.008 -29"><span class='ocrx_word' id='word_1_602' title='bbox 2179 4157 2424 4227; x_wconf 78' lang='grc' dir='ltr'>ροιωτῶν</span> <span class='ocrx_word' id='word_1_603' title='bbox 2477 4159 2599 4220; x_wconf 82' lang='grc' dir='ltr'>τοὺς</span> <span class='ocrx_word' id='word_1_604' title='bbox 2627 4158 3038 4223; x_wconf 79' lang='grc' dir='ltr'>δυνατωτάτους</span> <span class='ocrx_word' id='word_1_605' title='bbox 3089 4165 3334 4233; x_wconf 81' lang='grc' dir='ltr'>χρήμασι</span> <span class='ocrx_word' id='word_1_606' title='bbox 3363 4165 3458 4218; x_wconf 75' lang='grc' dir='ltr'>καὶ</span> <span class='ocrx_word' id='word_1_607' title='bbox 3485 4167 3751 4236; x_wconf 86' lang='grc' dir='ltr'>μεγάλαις</span> 
     </span>
    </p>
   </div>
   <div class='ocr_carea' id='block_1_89' title="bbox 2178 4249 3758 4323">
    <p class='ocr_par' dir='ltr' id='par_1_89' title="bbox 2178 4249 3758 4323">
     <span class='ocr_line' id='line_1_89' title="bbox 2178 4249 3758 4323; baseline 0.008 -24"><span class='ocrx_word' id='word_1_608' title='bbox 2178 4249 2533 4316; x_wconf 75' lang='grc' dir='ltr'>ἐπαγγελίαις</span> <span class='ocrx_word' id='word_1_609' title='bbox 2559 4250 2902 4322; x_wconf 84' lang='grc' dir='ltr'>διαφθείρας,</span> <span class='ocrx_word' id='word_1_610' title='bbox 2931 4252 3024 4307; x_wconf 81' lang='grc' dir='ltr'>τὸν</span> <span class='ocrx_word' id='word_1_611' title='bbox 3074 4253 3340 4323; x_wconf 83' lang='grc' dir='ltr'>βασιλέως</span> <span class='ocrx_word' id='word_1_612' title='bbox 3388 4257 3605 4312; x_wconf 75' lang='grc' dir='ltr'>ἔπεισεν</span> <span class='ocrx_word' id='word_1_613' title='bbox 3638 4261 3758 4312; x_wconf 74' lang='grc' dir='ltr'>υίὶν</span> 
     </span>
    </p>
   </div>
   <div class='ocr_carea' id='block_1_90' title="bbox 2179 4339 3766 4419">
    <p class='ocr_par' dir='ltr' id='par_1_90' title="bbox 2179 4339 3766 4419">
     <span class='ocr_line' id='line_1_90' title="bbox 2179 4339 3766 4419; baseline 0.006 -27"><span class='ocrx_word' id='word_1_614' title='bbox 2179 4339 2434 4405; x_wconf 81' lang='grc' dir='ltr'>ἐξελάσαι</span> <span class='ocrx_word' id='word_1_615' title='bbox 2463 4339 2554 4394; x_wconf 81' lang='grc' dir='ltr'>τὸν</span> <span class='ocrx_word' id='word_1_616' title='bbox 2579 4341 2861 4413; x_wconf 78' lang='grc' dir='ltr'>Μανουὴλ,</span> <span class='ocrx_word' id='word_1_617' title='bbox 2907 4344 3147 4415; x_wconf 84' lang='grc' dir='ltr'>κάκείνῳ</span> <span class='ocrx_word' id='word_1_618' title='bbox 3202 4347 3304 4415; x_wconf 82' lang='grc' dir='ltr'>τὴν</span> <span class='ocrx_word' id='word_1_619' title='bbox 3362 4347 3519 4401; x_wconf 89' lang='grc' dir='ltr'>πόλιν</span> <span class='ocrx_word' id='word_1_620' title='bbox 3575 4365 3766 4419; x_wconf 86' lang='grc' dir='ltr'>παρα-</span> 
     </span>
    </p>
   </div>
   <div class='ocr_carea' id='block_1_91' title="bbox 2178 4430 3764 4508">
    <p class='ocr_par' dir='ltr' id='par_1_91' title="bbox 2178 4430 3764 4508">
     <span class='ocr_line' id='line_1_91' title="bbox 2178 4430 3764 4508; baseline 0.008 -26"><span class='ocrx_word' id='word_1_621' title='bbox 2178 4430 2389 4483; x_wconf 88' lang='grc' dir='ltr'>δοῦναι·</span> <span class='ocrx_word' id='word_1_622' title='bbox 2422 4430 2458 4484; x_wconf 77' lang='grc' dir='ltr'>ἃ</span> <span class='ocrx_word' id='word_1_623' title='bbox 2495 4431 2596 4485; x_wconf 78' lang='grc' dir='ltr'>οὐκ</span> <span class='ocrx_word' id='word_1_624' title='bbox 2623 4432 2710 4486; x_wconf 85' lang='grc' dir='ltr'>ἐπ’</span> <span class='ocrx_word' id='word_1_625' title='bbox 2739 4434 2922 4502; x_wconf 84' lang='grc' dir='ltr'>ὀλίγον</span> <span class='ocrx_word' id='word_1_626' title='bbox 2951 4435 3075 4504; x_wconf 74' lang='grc' dir='ltr'>ἡνία</span> <span class='ocrx_word' id='word_1_627' title='bbox 3116 4436 3362 4506; x_wconf 85' lang='grc' dir='ltr'>βασιλέα.</span> <span class='ocrx_word' id='word_1_628' title='bbox 3408 4437 3466 4491; x_wconf 82' lang='grc' dir='ltr'>Ὀ</span> <span class='ocrx_word' id='word_1_629' title='bbox 3511 4439 3612 4508; x_wconf 78' lang='grc' dir='ltr'>μὲν</span> <span class='ocrx_word' id='word_1_630' title='bbox 3662 4435 3764 4494; x_wconf 83' lang='grc' dir='ltr'><strong>οῦν</strong></span> 
     </span>
    </p>
   </div>
   <div class='ocr_carea' id='block_1_92' title="bbox 504 4510 2075 4598">
    <p class='ocr_par' dir='ltr' id='par_1_92' title="bbox 504 4522 2072 4594">
     <span class='ocr_line' id='line_1_92' title="bbox 504 4522 2072 4594; baseline 0.003 -15"><span class='ocrx_word' id='word_1_631' title='bbox 504 4525 625 4589; x_wconf 89' lang='lat' dir='ltr'><strong>dat;</strong></span> <span class='ocrx_word' id='word_1_632' title='bbox 651 4525 697 4576; x_wconf 89' lang='lat' dir='ltr'><strong>si</strong></span> <span class='ocrx_word' id='word_1_633' title='bbox 718 4524 966 4594; x_wconf 89' lang='lat' dir='ltr'><strong>abneget,</strong></span> <span class='ocrx_word' id='word_1_634' title='bbox 988 4525 1182 4579; x_wconf 88' lang='lat' dir='ltr'><strong>bellum</strong></span> <span class='ocrx_word' id='word_1_635' title='bbox 1217 4527 1266 4581; x_wconf 91' lang='lat' dir='ltr'><strong>ei</strong></span> <span class='ocrx_word' id='word_1_636' title='bbox 1299 4527 1600 4592; x_wconf 86' lang='lat' dir='ltr'><strong>denuntiat,</strong></span> <span class='ocrx_word' id='word_1_637' title='bbox 1625 4537 1677 4582; x_wconf 90' lang='lat' dir='ltr'><strong>et</strong></span> <span class='ocrx_word' id='word_1_638' title='bbox 1716 4538 1836 4584; x_wconf 88' lang='lat' dir='ltr'><strong>orat</strong></span> <span class='ocrx_word' id='word_1_639' title='bbox 1865 4522 2072 4584; x_wconf 82' lang='lat' dir='ltr'><strong>futuras</strong></span> 
     </span>
    </p>
   </div>
   <div class='ocr_carea' id='block_1_93' title="bbox 2176 4510 3763 4598">
    <p class='ocr_par' dir='ltr' id='par_1_93' title="bbox 2177 4510 3763 4598">
     <span class='ocr_line' id='line_1_93' title="bbox 2177 4510 3763 4598; baseline 0.007 -26"><span class='ocrx_word' id='word_1_640' title='bbox 2177 4521 2289 4584; x_wconf 78' lang='grc' dir='ltr'>υἱὸς</span> <span class='ocrx_word' id='word_1_641' title='bbox 2317 4523 2375 4574; x_wconf 87' lang='grc' dir='ltr'><strong>ἐν</strong></span> <span class='ocrx_word' id='word_1_642' title='bbox 2403 4510 2669 4594; x_wconf 68' lang='grc' dir='ltr'>Θετταλίᾳ.</span> <span class='ocrx_word' id='word_1_643' title='bbox 2716 4524 2955 4596; x_wconf 85' lang='grc' dir='ltr'>διέτριϐε</span> <span class='ocrx_word' id='word_1_644' title='bbox 3012 4528 3158 4595; x_wconf 75' lang='grc' dir='ltr'>παρὰ</span> <span class='ocrx_word' id='word_1_645' title='bbox 3192 4527 3284 4580; x_wconf 84' lang='grc' dir='ltr'>τὸν</span> <span class='ocrx_word' id='word_1_646' title='bbox 3316 4528 3458 4582; x_wconf 85' lang='grc' dir='ltr'>θεῖον</span> <span class='ocrx_word' id='word_1_647' title='bbox 3488 4530 3763 4598; x_wconf 72' lang='grc' dir='ltr'>Ἄγγελον</span> 
     </span>
    </p>
   </div>
   <div class='ocr_carea' id='block_1_94' title="bbox 505 4614 2082 4687">
    <p class='ocr_par' dir='ltr' id='par_1_94' title="bbox 505 4614 2082 4687">
     <span class='ocr_line' id='line_1_94' title="bbox 505 4614 2082 4687; baseline 0.004 -21"><span class='ocrx_word' id='word_1_648' title='bbox 505 4614 680 4668; x_wconf 68' lang='lat' dir='ltr'><strong>caedes</strong></span> <span class='ocrx_word' id='word_1_649' title='bbox 731 4629 795 4668; x_wconf 90' lang='lat' dir='ltr'><strong>ac</strong></span> <span class='ocrx_word' id='word_1_650' title='bbox 860 4615 1155 4670; x_wconf 87' lang='lat' dir='ltr'><strong>servitutes</strong></span> <span class='ocrx_word' id='word_1_651' title='bbox 1224 4631 1294 4669; x_wconf 87' lang='lat' dir='ltr'><strong>ne</strong></span> <span class='ocrx_word' id='word_1_652' title='bbox 1371 4617 1474 4671; x_wconf 88' lang='lat' dir='ltr'><strong>sibi</strong></span> <span class='ocrx_word' id='word_1_653' title='bbox 1545 4618 1814 4684; x_wconf 89' lang='lat' dir='ltr'><strong>ascribat;</strong></span> <span class='ocrx_word' id='word_1_654' title='bbox 1883 4619 2082 4687; x_wconf 88' lang='lat' dir='ltr'><strong>opibus</strong></span> 
     </span>
    </p>
   </div>
   <div class='ocr_carea' id='block_1_95' title="bbox 505 4705 2084 4764">
    <p class='ocr_par' dir='ltr' id='par_1_95' title="bbox 505 4705 2084 4764">
     <span class='ocr_line' id='line_1_95' title="bbox 505 4705 2084 4764; baseline 0.002 -4"><span class='ocrx_word' id='word_1_655' title='bbox 505 4705 652 4760; x_wconf 76' lang='lat' dir='ltr'><strong>enim</strong></span> <span class='ocrx_word' id='word_1_656' title='bbox 704 4705 965 4761; x_wconf 87' lang='lat' dir='ltr'><strong>Romanis</strong></span> <span class='ocrx_word' id='word_1_657' title='bbox 989 4707 1137 4760; x_wconf 86' lang='lat' dir='ltr'><strong>civili</strong></span> <span class='ocrx_word' id='word_1_658' title='bbox 1191 4707 1331 4760; x_wconf 90' lang='lat' dir='ltr'><strong>bello</strong></span> <span class='ocrx_word' id='word_1_659' title='bbox 1391 4707 1579 4761; x_wconf 83' lang='lat' dir='ltr'><strong>fractis</strong></span> <span class='ocrx_word' id='word_1_660' title='bbox 1613 4722 1676 4760; x_wconf 90' lang='lat' dir='ltr'><strong>ac</strong></span> <span class='ocrx_word' id='word_1_661' title='bbox 1701 4707 1998 4764; x_wconf 86' lang='lat' dir='ltr'><strong>debilitatis</strong></span> <span class='ocrx_word' id='word_1_662' title='bbox 2024 4723 2084 4763; x_wconf 84' lang='lat' dir='ltr'><strong>se</strong></span> 
     </span>
    </p>
   </div>
   <div class='ocr_carea' id='block_1_96' title="bbox 465 4795 2086 4864">
    <p class='ocr_par' dir='ltr' id='par_1_96' title="bbox 465 4795 2086 4864">
     <span class='ocr_line' id='line_1_96' title="bbox 465 4795 2086 4864; baseline 0.004 -17"><span class='ocrx_word' id='word_1_663' title='bbox 465 4860 474 4864; x_wconf 12' lang='grc' dir='ltr'>γ’</span> <span class='ocrx_word' id='word_1_664' title='bbox 513 4795 872 4850; x_wconf 83' lang='lat' dir='ltr'><strong>Barbarorutn</strong></span> <span class='ocrx_word' id='word_1_665' title='bbox 905 4797 1120 4850; x_wconf 80' lang='lat' dir='ltr'><strong>auxiliis</strong></span> <span class='ocrx_word' id='word_1_666' title='bbox 1149 4797 1232 4852; x_wconf 89' lang='lat' dir='ltr'><strong>vel</strong></span> <span class='ocrx_word' id='word_1_667' title='bbox 1258 4797 1531 4851; x_wconf 83' lang='lat' dir='ltr'><strong>nolentem</strong></span> <span class='ocrx_word' id='word_1_668' title='bbox 1573 4813 1819 4852; x_wconf 88' lang='lat' dir='ltr'><strong>usurum.</strong></span> <span class='ocrx_word' id='word_1_669' title='bbox 1856 4797 1988 4864; x_wconf 69' lang='lat' dir='ltr'><strong>Qua:</strong></span> <span class='ocrx_word' id='word_1_670' title='bbox 2027 4807 2086 4853; x_wconf 85' lang='lat' dir='ltr'><strong>ut</strong></span> 
     </span>
    </p>
   </div>
   <div class='ocr_carea' id='block_1_97' title="bbox 506 4886 2080 4958">
    <p class='ocr_par' dir='ltr' id='par_1_97' title="bbox 506 4886 2080 4958">
     <span class='ocr_line' id='line_1_97' title="bbox 506 4886 2080 4958; baseline 0.004 -18"><span class='ocrx_word' id='word_1_671' title='bbox 506 4886 798 4955; x_wconf 75' lang='lat' dir='ltr'><strong>expendat,</strong></span> <span class='ocrx_word' id='word_1_672' title='bbox 835 4895 892 4942; x_wconf 90' lang='lat' dir='ltr'><strong>et</strong></span> <span class='ocrx_word' id='word_1_673' title='bbox 933 4903 1041 4957; x_wconf 92' lang='lat' dir='ltr'><strong>quo</strong></span> <span class='ocrx_word' id='word_1_674' title='bbox 1079 4888 1221 4942; x_wconf 82' lang='lat' dir='ltr'><strong>facto</strong></span> <span class='ocrx_word' id='word_1_675' title='bbox 1247 4903 1384 4958; x_wconf 80' lang='lat' dir='ltr'><strong>Opus</strong></span> <span class='ocrx_word' id='word_1_676' title='bbox 1414 4890 1506 4956; x_wconf 88' lang='lat' dir='ltr'><strong>sit,</strong></span> <span class='ocrx_word' id='word_1_677' title='bbox 1539 4889 1722 4958; x_wconf 90' lang='lat' dir='ltr'><strong>faciat,</strong></span> <span class='ocrx_word' id='word_1_678' title='bbox 1756 4907 1814 4947; x_wconf 90' lang='lat' dir='ltr'><strong>se</strong></span> <span class='ocrx_word' id='word_1_679' title='bbox 1852 4892 2080 4947; x_wconf 88' lang='lat' dir='ltr'><strong>hortari.</strong></span> 
     </span>
    </p>
   </div>
   <div class='ocr_carea' id='block_1_98' title="bbox 504 4979 2078 5052">
    <p class='ocr_par' dir='ltr' id='par_1_98' title="bbox 504 4979 2078 5052">
     <span class='ocr_line' id='line_1_98' title="bbox 504 4979 2078 5052; baseline 0.005 -20"><span class='ocrx_word' id='word_1_680' title='bbox 504 4980 642 5033; x_wconf 79' lang='lat' dir='ltr'><strong>Cum</strong></span> <span class='ocrx_word' id='word_1_681' title='bbox 678 4993 782 5034; x_wconf 90' lang='lat' dir='ltr'><strong>nec</strong></span> <span class='ocrx_word' id='word_1_682' title='bbox 807 4987 931 5049; x_wconf 88' lang='lat' dir='ltr'><strong>post</strong></span> <span class='ocrx_word' id='word_1_683' title='bbox 959 4979 1184 5034; x_wconf 88' lang='lat' dir='ltr'><strong>alteram</strong></span> <span class='ocrx_word' id='word_1_684' title='bbox 1214 4980 1539 5050; x_wconf 87' lang='lat' dir='ltr'><strong>legationem</strong></span> <span class='ocrx_word' id='word_1_685' title='bbox 1565 4991 1848 5052; x_wconf 67' lang='lat' dir='ltr'><strong>praestaret</strong></span> <span class='ocrx_word' id='word_1_686' title='bbox 1871 4983 2078 5051; x_wconf 73' lang='lat' dir='ltr'><strong>Crales,</strong></span> 
     </span>
    </p>
   </div>
   <div class='ocr_carea' id='block_1_99' title="bbox 503 5069 2080 5140">
    <p class='ocr_par' dir='ltr' id='par_1_99' title="bbox 503 5069 2080 5140">
     <span class='ocr_line' id='line_1_99' title="bbox 503 5069 2080 5140; baseline 0.003 -16"><span class='ocrx_word' id='word_1_687' title='bbox 503 5070 650 5139; x_wconf 89' lang='lat' dir='ltr'><strong>quod</strong></span> <span class='ocrx_word' id='word_1_688' title='bbox 683 5069 935 5136; x_wconf 88' lang='lat' dir='ltr'><strong>debebat,</strong></span> <span class='ocrx_word' id='word_1_689' title='bbox 995 5070 1104 5125; x_wconf 91' lang='lat' dir='ltr'><strong>imo</strong></span> <span class='ocrx_word' id='word_1_690' title='bbox 1139 5072 1320 5140; x_wconf 83' lang='lat' dir='ltr'><strong>potius</strong></span> <span class='ocrx_word' id='word_1_691' title='bbox 1349 5082 1576 5127; x_wconf 64' lang='lat' dir='ltr'><strong>caeteras</strong></span> <span class='ocrx_word' id='word_1_692' title='bbox 1597 5073 1762 5128; x_wconf 86' lang='lat' dir='ltr'><strong>urbes</strong></span> <span class='ocrx_word' id='word_1_693' title='bbox 1785 5074 2080 5140; x_wconf 87' lang='lat' dir='ltr'><strong>obsideret,</strong></span> 
     </span>
    </p>
   </div>
   <div class='ocr_carea' id='block_1_100' title="bbox 506 5159 2082 5235">
    <p class='ocr_par' dir='ltr' id='par_1_100' title="bbox 506 5159 2082 5235">
     <span class='ocr_line' id='line_1_100' title="bbox 506 5159 2082 5235; baseline 0.004 -21"><span class='ocrx_word' id='word_1_694' title='bbox 506 5160 804 5230; x_wconf 86' lang='lat' dir='ltr'><strong>imperator</strong></span> <span class='ocrx_word' id='word_1_695' title='bbox 851 5159 1158 5216; x_wconf 85' lang='lat' dir='ltr'><strong>Orcbanem</strong></span> <span class='ocrx_word' id='word_1_696' title='bbox 1233 5177 1491 5231; x_wconf 85' lang='lat' dir='ltr'><strong>generum</strong></span> <span class='ocrx_word' id='word_1_697' title='bbox 1549 5163 1853 5219; x_wconf 87' lang='lat' dir='ltr'><strong>subsidium</strong></span> <span class='ocrx_word' id='word_1_698' title='bbox 1911 5180 2082 5235; x_wconf 90' lang='lat' dir='ltr'><strong>popo-</strong></span> 
     </span>
    </p>
   </div>
   <div class='ocr_carea' id='block_1_101' title="bbox 503 5251 2078 5325">
    <p class='ocr_par' dir='ltr' id='par_1_101' title="bbox 503 5251 2078 5325">
     <span class='ocr_line' id='line_1_101' title="bbox 503 5251 2078 5325; baseline 0.003 -19"><span class='ocrx_word' id='word_1_699' title='bbox 503 5252 611 5306; x_wconf 81' lang='lat' dir='ltr'><strong>scit</strong></span> <span class='ocrx_word' id='word_1_700' title='bbox 637 5267 655 5303; x_wconf 71' lang='grc' dir='ltr'><strong>ι</strong></span> <span class='ocrx_word' id='word_1_701' title='bbox 687 5261 1062 5322; x_wconf 86' lang='lat' dir='ltr'><strong>veneruntque</strong></span> <span class='ocrx_word' id='word_1_702' title='bbox 1093 5251 1456 5308; x_wconf 87' lang='lat' dir='ltr'><strong>Barbarorum.</strong></span> <span class='ocrx_word' id='word_1_703' title='bbox 1484 5255 1855 5325; x_wconf 37' lang='lat' dir='ltr'><strong>supra~decem</strong></span> <span class='ocrx_word' id='word_1_704' title='bbox 1891 5257 2078 5323; x_wconf 87' lang='lat' dir='ltr'><strong>millia,</strong></span> 
     </span>
    </p>
   </div>
   <div class='ocr_carea' id='block_1_102' title="bbox 505 5342 2070 5405">
    <p class='ocr_par' dir='ltr' id='par_1_102' title="bbox 505 5342 2070 5405">
     <span class='ocr_line' id='line_1_102' title="bbox 505 5342 2070 5405; baseline 0.003 -8"><span class='ocrx_word' id='word_1_705' title='bbox 505 5342 838 5400; x_wconf 89' lang='lat' dir='ltr'><strong>ducentibus</strong></span> <span class='ocrx_word' id='word_1_706' title='bbox 873 5343 1156 5400; x_wconf 90' lang='lat' dir='ltr'><strong>Sulimano</strong></span> <span class='ocrx_word' id='word_1_707' title='bbox 1188 5362 1310 5401; x_wconf 91' lang='lat' dir='ltr'><strong>cum</strong></span> <span class='ocrx_word' id='word_1_708' title='bbox 1342 5347 1603 5403; x_wconf 82' lang='lat' dir='ltr'><strong>fratribus</strong></span> <span class='ocrx_word' id='word_1_709' title='bbox 1633 5347 1903 5405; x_wconf 88' lang='lat' dir='ltr'><strong>Orcbanis</strong></span> <span class='ocrx_word' id='word_1_710' title='bbox 1931 5350 2070 5404; x_wconf 88' lang='lat' dir='ltr'><strong>liliis.</strong></span> 
     </span>
    </p>
   </div>
   <div class='ocr_carea' id='block_1_103' title="bbox 506 5434 2082 5507">
    <p class='ocr_par' dir='ltr' id='par_1_103' title="bbox 506 5434 2082 5507">
     <span class='ocr_line' id='line_1_103' title="bbox 506 5434 2082 5507; baseline 0.006 -19"><span class='ocrx_word' id='word_1_711' title='bbox 506 5434 672 5490; x_wconf 75' lang='lat' dir='ltr'><strong>Mittit</strong></span> <span class='ocrx_word' id='word_1_712' title='bbox 703 5453 809 5492; x_wconf 90' lang='lat' dir='ltr'><strong>una</strong></span> <span class='ocrx_word' id='word_1_713' title='bbox 843 5438 1138 5507; x_wconf 89' lang='lat' dir='ltr'><strong>imperator</strong></span> <span class='ocrx_word' id='word_1_714' title='bbox 1179 5440 1344 5494; x_wconf 87' lang='lat' dir='ltr'><strong>etiam</strong></span> <span class='ocrx_word' id='word_1_715' title='bbox 1394 5438 1711 5495; x_wconf 71' lang='lat' dir='ltr'><strong>Matthzeum</strong></span> <span class='ocrx_word' id='word_1_716' title='bbox 1745 5443 1918 5496; x_wconf 88' lang='lat' dir='ltr'><strong>lilium</strong></span> <span class='ocrx_word' id='word_1_717' title='bbox 1974 5442 2082 5497; x_wconf 81' lang='lat' dir='ltr'><strong>Ro-</strong></span> 
     </span>
    </p>
   </div>
   <div class='ocr_carea' id='block_1_104' title="bbox 509 5527 2077 5598">
    <p class='ocr_par' dir='ltr' id='par_1_104' title="bbox 509 5527 2077 5598">
     <span class='ocr_line' id='line_1_104' title="bbox 509 5527 2077 5598; baseline 0.006 -21"><span class='ocrx_word' id='word_1_718' title='bbox 509 5541 671 5580; x_wconf 88' lang='lat' dir='ltr'><strong>mano</strong></span> <span class='ocrx_word' id='word_1_719' title='bbox 722 5527 920 5597; x_wconf 87' lang='lat' dir='ltr'><strong>agmini</strong></span> <span class='ocrx_word' id='word_1_720' title='bbox 993 5529 1379 5598; x_wconf 66' lang='lat' dir='ltr'><strong>praepositum,</strong></span> <span class='ocrx_word' id='word_1_721' title='bbox 1444 5539 1500 5584; x_wconf 87' lang='lat' dir='ltr'><strong>et</strong></span> <span class='ocrx_word' id='word_1_722' title='bbox 1555 5531 1689 5586; x_wconf 88' lang='lat' dir='ltr'><strong>citra</strong></span> <span class='ocrx_word' id='word_1_723' title='bbox 1754 5533 2077 5587; x_wconf 78' lang='lat' dir='ltr'><strong>maleficium</strong></span> 
     </span>
    </p>
   </div>
   <div class='ocr_carea' id='block_1_105' title="bbox 509 5616 2080 5682">
    <p class='ocr_par' dir='ltr' id='par_1_105' title="bbox 509 5616 2080 5682">
     <span class='ocr_line' id='line_1_105' title="bbox 509 5616 2080 5682; baseline 0.004 -10"><span class='ocrx_word' id='word_1_724' title='bbox 509 5617 759 5673; x_wconf 84' lang='lat' dir='ltr'><strong>transitis</strong></span> <span class='ocrx_word' id='word_1_725' title='bbox 791 5616 1161 5674; x_wconf 80' lang='lat' dir='ltr'><strong>Romanorum</strong></span> <span class='ocrx_word' id='word_1_726' title='bbox 1189 5621 1411 5682; x_wconf 80' lang='lat' dir='ltr'><strong>finibus,</strong></span> <span class='ocrx_word' id='word_1_727' title='bbox 1471 5620 1740 5677; x_wconf 86' lang='lat' dir='ltr'><strong>Triballos</strong></span> <span class='ocrx_word' id='word_1_728' title='bbox 1797 5625 2080 5679; x_wconf 87' lang='lat' dir='ltr'><strong>devastare</strong></span> 
     </span>
    </p>
   </div>
   <div class='ocr_carea' id='block_1_106' title="bbox 507 5709 2082 5786">
    <p class='ocr_par' dir='ltr' id='par_1_106' title="bbox 507 5709 2082 5786">
     <span class='ocr_line' id='line_1_106' title="bbox 507 5709 2082 5786; baseline 0.006 -24"><span class='ocrx_word' id='word_1_729' title='bbox 507 5709 684 5779; x_wconf 77' lang='lat' dir='ltr'><strong>jubet.</strong></span> <span class='ocrx_word' id='word_1_730' title='bbox 768 5711 838 5764; x_wconf 80' lang='lat' dir='ltr'><strong>At</strong></span> <span class='ocrx_word' id='word_1_731' title='bbox 873 5709 1092 5765; x_wconf 89' lang='lat' dir='ltr'><strong>Barbari</strong></span> <span class='ocrx_word' id='word_1_732' title='bbox 1149 5713 1237 5766; x_wconf 90' lang='lat' dir='ltr'><strong>ubi</strong></span> <span class='ocrx_word' id='word_1_733' title='bbox 1301 5723 1511 5768; x_wconf 88' lang='lat' dir='ltr'><strong>tantum</strong></span> <span class='ocrx_word' id='word_1_734' title='bbox 1578 5715 1918 5785; x_wconf 76' lang='lat' dir='ltr'><strong>Mygdoniam</strong></span> <span class='ocrx_word' id='word_1_735' title='bbox 1985 5733 2082 5786; x_wconf 86' lang='lat' dir='ltr'><strong>per</strong></span> 
     </span>
    </p>
   </div>
   <div class='ocr_carea' id='block_1_107' title="bbox 510 5799 2079 5876">
    <p class='ocr_par' dir='ltr' id='par_1_107' title="bbox 510 5799 2079 5876">
     <span class='ocr_line' id='line_1_107' title="bbox 510 5799 2079 5876; baseline 0.007 -25"><span class='ocrx_word' id='word_1_736' title='bbox 510 5799 896 5868; x_wconf 87' lang='lat' dir='ltr'><strong>munitionem,</strong></span> <span class='ocrx_word' id='word_1_737' title='bbox 939 5815 1061 5871; x_wconf 79' lang='lat' dir='ltr'><strong>qua:</strong></span> <span class='ocrx_word' id='word_1_738' title='bbox 1097 5801 1248 5872; x_wconf 73' lang='lat' dir='ltr'><strong>juxta</strong></span> <span class='ocrx_word' id='word_1_739' title='bbox 1300 5804 1689 5875; x_wconf 83' lang='lat' dir='ltr'><strong>Christopolim</strong></span> <span class='ocrx_word' id='word_1_740' title='bbox 1739 5817 1848 5874; x_wconf 79' lang='lat' dir='ltr'><strong>est,</strong></span> <span class='ocrx_word' id='word_1_741' title='bbox 1889 5821 2079 5876; x_wconf 81' lang='lat' dir='ltr'><strong>perve-</strong></span> 
     </span>
    </p>
   </div>
   <div class='ocr_carea' id='block_1_108' title="bbox 2192 4611 3767 4691">
    <p class='ocr_par' dir='ltr' id='par_1_108' title="bbox 2192 4611 3767 4691">
     <span class='ocr_line' id='line_1_108' title="bbox 2192 4611 3767 4691; baseline 0.006 -27"><span class='ocrx_word' id='word_1_742' title='bbox 2192 4611 2283 4664; x_wconf 75' lang='grc' dir='ltr'><strong>τδν</strong></span> <span class='ocrx_word' id='word_1_743' title='bbox 2325 4612 2602 4683; x_wconf 83' lang='grc' dir='ltr'>Ἰωάννην.</span> <span class='ocrx_word' id='word_1_744' title='bbox 2643 4613 2870 4686; x_wconf 74' lang='grc' dir='ltr'>Κράλῆς</span> <span class='ocrx_word' id='word_1_745' title='bbox 2908 4617 2964 4669; x_wconf 91' lang='grc' dir='ltr'><strong>δέ</strong></span> <span class='ocrx_word' id='word_1_746' title='bbox 3020 4617 3143 4669; x_wconf 76' lang='grc' dir='ltr'>ἐπεὶ</span> <span class='ocrx_word' id='word_1_747' title='bbox 3190 4619 3407 4680; x_wconf 79' lang='grc' dir='ltr'>ἐδέξατο</span> <span class='ocrx_word' id='word_1_748' title='bbox 3449 4620 3548 4691; x_wconf 78' lang='grc' dir='ltr'>τὴν</span> <span class='ocrx_word' id='word_1_749' title='bbox 3591 4637 3767 4690; x_wconf 82' lang='grc' dir='ltr'>πρεσ-</span> 
     </span>
    </p>
   </div>
   <div class='ocr_carea' id='block_1_109' title="bbox 2186 4703 3767 4781">
    <p class='ocr_par' dir='ltr' id='par_1_109' title="bbox 2186 4703 3767 4781">
     <span class='ocr_line' id='line_1_109' title="bbox 2186 4703 3767 4781; baseline 0.006 -26"><span class='ocrx_word' id='word_1_750' title='bbox 2186 4703 2358 4769; x_wconf 87' lang='grc' dir='ltr'>ϐείαν,</span> <span class='ocrx_word' id='word_1_751' title='bbox 2407 4704 2614 4759; x_wconf 90' lang='grc' dir='ltr'>δίκαιον</span> <span class='ocrx_word' id='word_1_752' title='bbox 2647 4709 2746 4775; x_wconf 87' lang='grc' dir='ltr'>μὲν</span> <span class='ocrx_word' id='word_1_753' title='bbox 2792 4709 3120 4761; x_wconf 83' lang='grc' dir='ltr'>ἀντιτιθέναι</span> <span class='ocrx_word' id='word_1_754' title='bbox 3149 4713 3264 4773; x_wconf 87' lang='grc' dir='ltr'>τοῖς</span> <span class='ocrx_word' id='word_1_755' title='bbox 3292 4711 3472 4780; x_wconf 84' lang='grc' dir='ltr'>λόγοις</span> <span class='ocrx_word' id='word_1_756' title='bbox 3525 4711 3767 4781; x_wconf 65' lang='grc' dir='ltr'>ἠδύνατο</span> 
     </span>
    </p>
   </div>
   <div class='ocr_carea' id='block_1_110' title="bbox 2183 4795 3763 4874">
    <p class='ocr_par' dir='ltr' id='par_1_110' title="bbox 2183 4795 3763 4874">
     <span class='ocr_line' id='line_1_110' title="bbox 2183 4795 3763 4874; baseline 0.006 -27"><span class='ocrx_word' id='word_1_757' title='bbox 2183 4795 2358 4862; x_wconf 81' lang='grc' dir='ltr'>οὐδὲν,</span> <span class='ocrx_word' id='word_1_758' title='bbox 2399 4799 2535 4850; x_wconf 82' lang='grc' dir='ltr'>ἀλλὰ</span> <span class='ocrx_word' id='word_1_759' title='bbox 2565 4799 2931 4868; x_wconf 84' lang='grc' dir='ltr'>συνωμολόγει</span> <span class='ocrx_word' id='word_1_760' title='bbox 2959 4801 3083 4863; x_wconf 78' lang='grc' dir='ltr'>τοὺς</span> <span class='ocrx_word' id='word_1_761' title='bbox 3105 4802 3301 4872; x_wconf 78' lang='grc' dir='ltr'>ὅρκους</span> <span class='ocrx_word' id='word_1_762' title='bbox 3335 4805 3478 4857; x_wconf 76' lang='grc' dir='ltr'>οὕτω</span> <span class='ocrx_word' id='word_1_763' title='bbox 3524 4806 3763 4874; x_wconf 82' lang='grc' dir='ltr'>γεγενῆ-</span> 
     </span>
    </p>
   </div>
   <div class='ocr_carea' id='block_1_111' title="bbox 2173 4887 3765 4963">
    <p class='ocr_par' dir='ltr' id='par_1_111' title="bbox 2173 4887 3765 4963">
     <span class='ocr_line' id='line_1_111' title="bbox 2173 4887 3765 4963; baseline 0.007 -23"><span class='ocrx_word' id='word_1_764' title='bbox 2173 4887 2330 4954; x_wconf 74' lang='grc' dir='ltr'>σθαι,</span> <span class='ocrx_word' id='word_1_765' title='bbox 2356 4889 2668 4943; x_wconf 81' lang='grc' dir='ltr'>ἀποδιδόναι</span> <span class='ocrx_word' id='word_1_766' title='bbox 2696 4891 2752 4944; x_wconf 80' lang='grc' dir='ltr'><strong>δέ</strong></span> <span class='ocrx_word' id='word_1_767' title='bbox 2779 4892 2877 4954; x_wconf 75' lang='grc' dir='ltr'>τὰς</span> <span class='ocrx_word' id='word_1_768' title='bbox 2907 4893 3090 4955; x_wconf 81' lang='grc' dir='ltr'>πόλεις</span> <span class='ocrx_word' id='word_1_769' title='bbox 3123 4895 3224 4946; x_wconf 87' lang='grc' dir='ltr'><strong>ούκ</strong></span> <span class='ocrx_word' id='word_1_770' title='bbox 3265 4893 3525 4963; x_wconf 72' lang='grc' dir='ltr'>ἠϐούλετο</span> <span class='ocrx_word' id='word_1_771' title='bbox 3545 4911 3559 4924; x_wconf 82' lang='grc'><em>’</em></span> <span class='ocrx_word' id='word_1_772' title='bbox 3616 4897 3765 4951; x_wconf 63' lang='grc' dir='ltr'>ἀλλὰ</span> 
     </span>
    </p>
   </div>
   <div class='ocr_carea' id='block_1_112' title="bbox 2182 4979 3770 5056">
    <p class='ocr_par' dir='ltr' id='par_1_112' title="bbox 2182 4979 3770 5056">
     <span class='ocr_line' id='line_1_112' title="bbox 2182 4979 3770 5056; baseline 0.006 -25"><span class='ocrx_word' id='word_1_773' title='bbox 2182 4979 2318 5049; x_wconf 75' lang='grc' dir='ltr'>πρὸς</span> <span class='ocrx_word' id='word_1_774' title='bbox 2347 4981 2576 5050; x_wconf 73' lang='grc' dir='ltr'>σκήψεις</span> <span class='ocrx_word' id='word_1_775' title='bbox 2604 4981 2802 5052; x_wconf 85' lang='grc' dir='ltr'>ἐχώρει</span> <span class='ocrx_word' id='word_1_776' title='bbox 2854 4985 2948 5036; x_wconf 78' lang='grc' dir='ltr'>καὶ</span> <span class='ocrx_word' id='word_1_777' title='bbox 2987 4986 3287 5055; x_wconf 76' lang='grc' dir='ltr'>προφάσεις</span> <span class='ocrx_word' id='word_1_778' title='bbox 3329 4987 3559 5056; x_wconf 80' lang='grc' dir='ltr'>ἐχούσας</span> <span class='ocrx_word' id='word_1_779' title='bbox 3603 4989 3770 5056; x_wconf 84' lang='grc' dir='ltr'>ύγιές</span> 
     </span>
    </p>
   </div>
   <div class='ocr_carea' id='block_1_113' title="bbox 2183 5071 3764 5149">
    <p class='ocr_par' dir='ltr' id='par_1_113' title="bbox 2183 5071 3764 5149">
     <span class='ocr_line' id='line_1_113' title="bbox 2183 5071 3764 5149; baseline 0.004 -25"><span class='ocrx_word' id='word_1_780' title='bbox 2183 5072 2359 5126; x_wconf 82' lang='grc' dir='ltr'>οὐδέν.</span> <span class='ocrx_word' id='word_1_781' title='bbox 2392 5071 2656 5136; x_wconf 85' lang='grc' dir='ltr'>Βασιλεὺς</span> <span class='ocrx_word' id='word_1_782' title='bbox 2699 5074 2753 5126; x_wconf 87' lang='grc' dir='ltr'>δὲ</span> <span class='ocrx_word' id='word_1_783' title='bbox 2804 5076 2897 5128; x_wconf 77' lang='grc' dir='ltr'>καὶ</span> <span class='ocrx_word' id='word_1_784' title='bbox 2951 5071 3107 5138; x_wconf 68' lang='grc' dir='ltr'>αὖθις</span> <span class='ocrx_word' id='word_1_785' title='bbox 3155 5077 3413 5148; x_wconf 79' lang='grc' dir='ltr'>δευτέραν</span> <span class='ocrx_word' id='word_1_786' title='bbox 3456 5081 3764 5149; x_wconf 75' lang='grc' dir='ltr'>ἐποιήσατο</span> 
     </span>
    </p>
   </div>
   <div class='ocr_carea' id='block_1_114' title="bbox 2183 5161 3763 5238">
    <p class='ocr_par' dir='ltr' id='par_1_114' title="bbox 2183 5161 3763 5238">
     <span class='ocr_line' id='line_1_114' title="bbox 2183 5161 3763 5238; baseline 0.004 -26"><span class='ocrx_word' id='word_1_787' title='bbox 2183 5162 2499 5231; x_wconf 87' lang='grc' dir='ltr'>πρεσϐείαν,</span> <span class='ocrx_word' id='word_1_788' title='bbox 2582 5165 2677 5216; x_wconf 76' lang='grc' dir='ltr'>καὶ</span> <span class='ocrx_word' id='word_1_789' title='bbox 2735 5163 2897 5217; x_wconf 82' lang='grc' dir='ltr'>πάλιν</span> <span class='ocrx_word' id='word_1_790' title='bbox 2945 5161 3096 5233; x_wconf 71' lang='grc' dir='ltr'><strong>ὴξίὼ</strong></span> <span class='ocrx_word' id='word_1_791' title='bbox 3147 5166 3255 5219; x_wconf 82' lang='grc' dir='ltr'><strong>τῶν</strong></span> <span class='ocrx_word' id='word_1_792' title='bbox 3320 5168 3531 5219; x_wconf 80' lang='grc' dir='ltr'>πόλεων</span> <span class='ocrx_word' id='word_1_793' title='bbox 3606 5169 3763 5238; x_wconf 76' lang='grc' dir='ltr'>αὐτῷ</span> 
     </span>
    </p>
   </div>
   <div class='ocr_carea' id='block_1_115' title="bbox 2183 5255 3762 5329">
    <p class='ocr_par' dir='ltr' id='par_1_115' title="bbox 2183 5255 3762 5329">
     <span class='ocr_line' id='line_1_115' title="bbox 2183 5255 3762 5329; baseline 0.003 -24"><span class='ocrx_word' id='word_1_794' title='bbox 2183 5255 2536 5324; x_wconf 79' lang='grc' dir='ltr'>παραχωρεῖν</span> <span class='ocrx_word' id='word_1_795' title='bbox 2563 5255 2701 5307; x_wconf 75' lang='grc' dir='ltr'>κατὰ</span> <span class='ocrx_word' id='word_1_796' title='bbox 2727 5257 2852 5318; x_wconf 76' lang='grc' dir='ltr'>τοὺς</span> <span class='ocrx_word' id='word_1_797' title='bbox 2911 5257 3126 5326; x_wconf 86' lang='grc' dir='ltr'>ὅρκους.</span> <span class='ocrx_word' id='word_1_798' title='bbox 3159 5258 3220 5310; x_wconf 84' lang='lat' dir='ltr'><strong>El</strong></span> <span class='ocrx_word' id='word_1_799' title='bbox 3248 5257 3306 5310; x_wconf 87' lang='grc' dir='ltr'>δὲ</span> <span class='ocrx_word' id='word_1_800' title='bbox 3357 5259 3433 5329; x_wconf 77' lang='grc' dir='ltr'>μὴ</span> <span class='ocrx_word' id='word_1_801' title='bbox 3489 5257 3762 5328; x_wconf 79' lang='grc' dir='ltr'>βούλοιτο,</span> 
     </span>
    </p>
   </div>
   <div class='ocr_carea' id='block_1_116' title="bbox 2183 5345 3763 5419">
    <p class='ocr_par' dir='ltr' id='par_1_116' title="bbox 2183 5345 3763 5419">
     <span class='ocr_line' id='line_1_116' title="bbox 2183 5345 3763 5419; baseline 0.004 -24"><span class='ocrx_word' id='word_1_802' title='bbox 2183 5345 2398 5410; x_wconf 70' lang='grc' dir='ltr'>ὴπείλει</span> <span class='ocrx_word' id='word_1_803' title='bbox 2427 5349 2757 5417; x_wconf 80' lang='grc' dir='ltr'>πολεμήσειν</span> <span class='ocrx_word' id='word_1_804' title='bbox 2777 5364 2791 5377; x_wconf 91' lang='grc'><strong>·</strong></span> <span class='ocrx_word' id='word_1_805' title='bbox 2819 5349 2972 5417; x_wconf 65' lang='grc' dir='ltr'>ἠξίου</span> <span class='ocrx_word' id='word_1_806' title='bbox 3005 5365 3063 5400; x_wconf 88' lang='grc' dir='ltr'><strong>τε</strong></span> <span class='ocrx_word' id='word_1_807' title='bbox 3097 5349 3173 5419; x_wconf 83' lang='grc' dir='ltr'>μὴ</span> <span class='ocrx_word' id='word_1_808' title='bbox 3207 5349 3353 5418; x_wconf 84' lang='grc' dir='ltr'><strong>αύτῴ</strong></span> <span class='ocrx_word' id='word_1_809' title='bbox 3403 5350 3763 5419; x_wconf 74' lang='grc' dir='ltr'>προσλογίζεο</span> 
     </span>
    </p>
   </div>
   <div class='ocr_carea' id='block_1_117' title="bbox 2185 5437 3762 5510">
    <p class='ocr_par' dir='ltr' id='par_1_117' title="bbox 2185 5437 3762 5510">
     <span class='ocr_line' id='line_1_117' title="bbox 2185 5437 3762 5510; baseline 0.003 -22"><span class='ocrx_word' id='word_1_810' title='bbox 2185 5437 2308 5489; x_wconf 85' lang='grc' dir='ltr'>σθαι</span> <span class='ocrx_word' id='word_1_811' title='bbox 2342 5438 2632 5506; x_wconf 83' lang='grc' dir='ltr'>ἐσομένους</span> <span class='ocrx_word' id='word_1_812' title='bbox 2664 5439 2858 5504; x_wconf 79' lang='grc' dir='ltr'>φόνους</span> <span class='ocrx_word' id='word_1_813' title='bbox 2920 5441 3016 5492; x_wconf 74' lang='grc' dir='ltr'>καὶ</span> <span class='ocrx_word' id='word_1_814' title='bbox 3067 5441 3194 5501; x_wconf 79' lang='grc' dir='ltr'>τοὺς</span> <span class='ocrx_word' id='word_1_815' title='bbox 3248 5439 3762 5510; x_wconf 57' lang='grc' dir='ltr'>ἀνδραποδισμούςτ</span> 
     </span>
    </p>
   </div>
   <div class='ocr_carea' id='block_1_118' title="bbox 2183 5528 3767 5601">
    <p class='ocr_par' dir='ltr' id='par_1_118' title="bbox 2183 5528 3767 5601">
     <span class='ocr_line' id='line_1_118' title="bbox 2183 5528 3767 5601; baseline 0.004 -23"><span class='ocrx_word' id='word_1_816' title='bbox 2183 5531 2282 5597; x_wconf 77' lang='grc' dir='ltr'>τῆς</span> <span class='ocrx_word' id='word_1_817' title='bbox 2328 5529 2435 5599; x_wconf 64' lang='grc' dir='ltr'><strong>γάρ</strong></span> <span class='ocrx_word' id='word_1_818' title='bbox 2481 5528 2800 5600; x_wconf 75' lang='grc' dir='ltr'>Ῥωμαῖκῆς</span> <span class='ocrx_word' id='word_1_819' title='bbox 2858 5532 3142 5600; x_wconf 71' lang='grc' dir='ltr'>δυνάμεως</span> <span class='ocrx_word' id='word_1_820' title='bbox 3195 5532 3598 5601; x_wconf 65' lang='grc' dir='ltr'>διετθαρμένης</span> <span class='ocrx_word' id='word_1_821' title='bbox 3655 5533 3767 5585; x_wconf 74' lang='grc' dir='ltr'><strong>ὑπὸ</strong></span> 
     </span>
    </p>
   </div>
   <div class='ocr_carea' id='block_1_119' title="bbox 2180 5622 3764 5694">
    <p class='ocr_par' dir='ltr' id='par_1_119' title="bbox 2180 5622 3764 5694">
     <span class='ocr_line' id='line_1_119' title="bbox 2180 5622 3764 5694; baseline 0.003 -21"><span class='ocrx_word' id='word_1_822' title='bbox 2180 5622 2275 5673; x_wconf 84' lang='grc' dir='ltr'><strong>τοῦ</strong></span> <span class='ocrx_word' id='word_1_823' title='bbox 2351 5624 2677 5690; x_wconf 85' lang='grc' dir='ltr'>συγγενικοῦ</span> <span class='ocrx_word' id='word_1_824' title='bbox 2751 5625 3010 5693; x_wconf 81' lang='grc' dir='ltr'>πολέμου,</span> <span class='ocrx_word' id='word_1_825' title='bbox 3075 5626 3385 5693; x_wconf 85' lang='grc' dir='ltr'>ἀναγκαίως</span> <span class='ocrx_word' id='word_1_826' title='bbox 3457 5623 3764 5694; x_wconf 76' lang='grc' dir='ltr'>χρήσεσθαι</span> 
     </span>
    </p>
   </div>
   <div class='ocr_carea' id='block_1_120' title="bbox 2185 5713 3765 5786">
    <p class='ocr_par' dir='ltr' id='par_1_120' title="bbox 2185 5713 3765 5786">
     <span class='ocr_line' id='line_1_120' title="bbox 2185 5713 3765 5786; baseline 0.001 -20"><span class='ocrx_word' id='word_1_827' title='bbox 2185 5713 2485 5784; x_wconf 80' lang='grc' dir='ltr'>βαρϐάροις</span> <span class='ocrx_word' id='word_1_828' title='bbox 2516 5717 2655 5769; x_wconf 63' lang='grc' dir='ltr'>κατὰ</span> <span class='ocrx_word' id='word_1_829' title='bbox 2689 5716 3028 5786; x_wconf 82' lang='grc' dir='ltr'>συμμαχίαν.</span> <span class='ocrx_word' id='word_1_830' title='bbox 3064 5719 3129 5768; x_wconf 84' lang='lat' dir='ltr'><strong>&quot;A</strong></span> <span class='ocrx_word' id='word_1_831' title='bbox 3154 5717 3370 5769; x_wconf 79' lang='grc' dir='ltr'>ἐκέλευε</span> <span class='ocrx_word' id='word_1_832' title='bbox 3415 5715 3765 5784; x_wconf 70' lang='grc' dir='ltr'>σκεψάμενον</span> 
     </span>
    </p>
   </div>
   <div class='ocr_carea' id='block_1_121' title="bbox 2181 5804 3770 5876">
    <p class='ocr_par' dir='ltr' id='par_1_121' title="bbox 2181 5804 3770 5876">
     <span class='ocr_line' id='line_1_121' title="bbox 2181 5804 3770 5876; baseline -0.001 -18"><span class='ocrx_word' id='word_1_833' title='bbox 2181 5805 2252 5859; x_wconf 82' lang='grc' dir='ltr'><strong>τά</strong></span> <span class='ocrx_word' id='word_1_834' title='bbox 2332 5807 2518 5858; x_wconf 76' lang='grc' dir='ltr'>δέοντα</span> <span class='ocrx_word' id='word_1_835' title='bbox 2583 5811 2778 5862; x_wconf 78' lang='grc' dir='ltr'>ποιεῖν.</span> <span class='ocrx_word' id='word_1_836' title='bbox 2824 5807 2914 5870; x_wconf 82' lang='grc' dir='ltr'>Ὠς</span> <span class='ocrx_word' id='word_1_837' title='bbox 2964 5809 3018 5859; x_wconf 77' lang='grc' dir='ltr'><strong>δέ</strong></span> <span class='ocrx_word' id='word_1_838' title='bbox 3052 5809 3145 5860; x_wconf 74' lang='grc' dir='ltr'>καὶ</span> <span class='ocrx_word' id='word_1_839' title='bbox 3205 5805 3325 5876; x_wconf 83' lang='grc' dir='ltr'>μετ’</span> <span class='ocrx_word' id='word_1_840' title='bbox 3374 5808 3588 5875; x_wconf 83' lang='grc' dir='ltr'>ἐκείνην</span> <span class='ocrx_word' id='word_1_841' title='bbox 3661 5804 3770 5875; x_wconf 74' lang='grc' dir='ltr'>τὴν</span> 
     </span>
    </p>
   </div>
  </div>
