4028 6466
452 349 521 414 43
1625 343 1949 406 JOANNIS
1988 341 2517 403 CANTACUZENI
3613 341 3685 406 44

457 464 684 520 Ibunani
714 462 926 531 imperii
979 461 1320 525 felicitatem,
1370 460 1468 514 viri
1523 459 1779 521 Romani,
1847 459 2017 511 admi-

2139 457 2212 508 ιαὶ
2232 455 2325 508 τοῦ
2353 457 2526 526 δήμου
2557 456 2655 508 ούκ
2691 455 2881 523 ὀλίγοι,
2921 455 3010 509 καὶ
3043 457 3148 508 τῶν
3172 457 3332 526 ίερῶν
3363 473 3688 526 φρυντιστηο

453 557 678 612 randant
718 555 908 617 fuisse,
962 564 1016 608 et
1044 554 1307 608 Barbaros
1359 551 1828 620 circumjacentes,
1887 549 2022 602 alios

451 648 673 718 quidem
710 648 779 700 ab
814 646 1009 701 iisdem
1057 645 1230 700 vietos
1270 653 1324 697 et
1358 643 1679 712 subjugatos
1709 637 1854 707 esse,
1885 641 2022 693 alios

456 739 724 791 mansisse
764 750 981 804 semper
1011 732 1419 804 stipendiarios,
1448 731 1782 785 clarissimos
1814 740 2020 790 autem,

454 827 785 896 eosdemque
829 833 1192 896 przepotentes
1253 827 1391 878 satis
1421 838 1479 877 se
1508 823 1698 877 beatos
1726 821 2020 889 potavisse,

455 919 499 973 si
530 920 650 973 illos
680 919 884 972 amicos
945 927 999 970 et
1043 917 1228 970 socios
1276 915 1574 976 haberem,
1637 912 1861 982 parique
1896 927 2020 965 cunt

460 1011 526 1065 iis
550 1011 673 1080 jure
711 1011 823 1064 suis
882 1010 1046 1063 rebus
1091 1007 1320 1076 integris
1380 1006 1648 1069 viverent,
1694 1020 1787 1058 vos
1809 1019 2024 1073 quoque

461 1103 707 1156 universi
762 1101 1156 1171 propemodum
1185 1114 1293 1152 non
1323 1097 1605 1167 ignoratis.
1645 1093 1851 1150 Verum
1911 1096 2024 1147 haec

457 1203 684 1262 augusta
711 1231 725 1257 ,
779 1202 837 1247 et
885 1191 1236 1252 admirandaf,
1297 1199 1350 1244 et
1388 1189 1548 1243 hodie
1601 1187 1743 1241 fama
1770 1195 1979 1240 tantum
2006 1225 2023 1249 ,

461 1285 609 1337 velut
647 1285 692 1337 si
729 1292 884 1337 extra
939 1281 1180 1334 ultimam
1207 1279 1418 1332 Thulen
1453 1279 1564 1347 (84)
1611 1285 1760 1346 gesta
1817 1283 2024 1338 essent,

460 1375 755 1437 celebrata,
787 1374 973 1427 tandiu
1032 1374 1340 1443 viguerunt,
1395 1369 1637 1438 quan'liu
1706 1381 1860 1437 aeque
1907 1382 2026 1419 om-

461 1465 646 1524 nibus,
700 1463 1124 1531 imperatoribus
1171 1463 1426 1534 nimirum
1489 1470 1546 1514 et
1601 1458 1830 1530 privatis
1873 1473 2024 1511 com-

461 1557 644 1610 munis
699 1556 870 1626 gloria
915 1554 1064 1608 cordi
1093 1553 1215 1618 fuit,
1253 1565 1308 1606 et
1355 1552 1567 1620 publica
1601 1549 1883 1604 commoda
1920 1548 2030 1618 pri-

462 1651 607 1703 vatis
629 1648 886 1700 antelata.
924 1648 999 1700 Ex
1035 1661 1144 1714 quo
1175 1655 1354 1698 autem
1415 1647 1776 1711 impetatorcs
1811 1641 2030 1709 litigare

464 1751 518 1796 et
573 1740 904 1794 contendere
941 1739 1010 1792 de
1049 1753 1260 1790 summa
1291 1751 1494 1796 rerum,
1529 1743 1583 1788 et
1620 1736 1804 1786 hostes
1855 1747 2032 1801 oppu-

462 1847 627 1905 gnare
694 1840 1016 1900 parcentes,
1075 1844 1200 1883 cum
1261 1827 1681 1896 consanguineis
1737 1823 2029 1894 confligere

463 1931 767 1990 cmperunt,
821 1920 907 1973 alii
935 1935 1020 1988 lue
1088 1917 1366 1972 communi
1416 1919 1589 1970 salute
1635 1915 1918 1986 neglecta,
1975 1922 2031 1968 et

462 2029 624 2082 quam
649 2013 945 2073 debebant,
967 2010 1273 2064 obedientia
1293 2009 1471 2078 legum
1505 2024 1566 2062 ac
1600 2009 1902 2077 principum
1937 2009 2032 2061 ab-

458 2107 624 2177 iecta,
676 2103 741 2157 ad
778 2103 1027 2172 proprios
1063 2109 1306 2170 quaestus
1352 2100 1499 2153 omni
1546 2104 1758 2152 ratione
1813 2113 2034 2167 compa-

467 2197 663 2250 randos
716 2196 1084 2248 incubuerunt
1125 2207 1140 2245 :
1178 2191 1336 2245 mista
1375 2200 1504 2245 sunt
1539 2189 1642 2242 ima
1677 2189 1928 2251 summis,
1976 2197 2032 2242 et

465 2305 675 2343 summa
713 2287 934 2352 inlimis,
983 2287 1276 2357 gloriaeque
1328 2277 1526 2337 nostra:
1557 2283 1814 2336 damnum
1873 2279 2034 2349 longe

465 2378 742 2432 maximuu
795 2377 1044 2440 fecimus,
1097 2390 1272 2443 eoque
1321 2371 1654 2426 infirmitatis
1702 2371 2030 2433 recidimns,

469 2483 527 2525 ut
571 2471 680 2533 jam
737 2484 846 2522 non
894 2467 1126 2536 amplius
1154 2463 1426 2537 quomodo
1487 2463 1624 2517 alios
1687 2462 2028 2530 subiganms,

468 2564 561 2615 sed
607 2577 676 2614 ne
715 2559 815 2629 ipsi
849 2557 1116 2629 ignaviter
1175 2573 1236 2609 ac.
1268 2554 1500 2624 turpiter
1532 2553 1870 2622 subigamur,
1905 2566 2032 2619 pro-

469 2646 766 2699 videndum
807 2647 896 2699 sit.
930 2643 1084 2710 Quod
1116 2642 1280 2709 igitur
1331 2641 1514 2695 liberis
1556 2639 1904 2709 imperatoris
1951 2640 2033 2692 in-

467 2738 633 2791 sidias
689 2751 1030 2804 nequaquam
1085 2733 1328 2796 fecerim,
1383 2747 1483 2785 nec
1525 2731 1782 2800 regnandi
1833 2729 2038 2798 cupidi-

469 2838 580 2884 tate
613 2838 836 2896 patcrno
880 2842 974 2880 eos
1010 2825 1317 2896 principatu
1346 2823 1588 2892 Spolians
1633 2822 1741 2874 huc
1768 2825 2038 2884 venerint,

468 2919 643 2974 cuivis
687 2933 752 2971 ex
805 2917 920 2986 ipsa
969 2932 1024 2970 re
1075 2915 1357 2969 evidenter
1406 2913 1536 2967 licet
1589 2912 1923 2982 perspicere.
1977 2912 2034 2965 Si

469 3011 618 3063 enim
645 3051 657 3071 ,
700 3019 758 3062 ut
788 3008 1133 3079 syeOpltanta:
1166 3005 1468 3071 clamitant,
1509 3004 1612 3058 hoc
1666 3006 1734 3058 ab
1789 3004 1946 3059 initio
1983 3007 2034 3056 in

2125 546 2256 614 ρίων
2295 546 2346 597 οί
2385 546 2761 618 ἐξηγούμενοι,
2807 549 2900 600 καὶ
2943 549 3050 601 τῶν
3105 547 3414 618 ἐκκλησιῶν
3459 548 3510 599 οί
3556 563 3692 617 προ-

2125 641 2353 694 στάταιο
2409 643 2502 694 καὶ
2562 645 2834 704 καταστὰς
2891 645 2972 704 είς
3027 643 3224 711 μέσους
3281 641 3428 705 ἔλεξε
3461 642 3638 693 τοιάδε
3670 656 3688 671 ο

2127 737 2351 805 Ἄνδρες
2398 735 2682 799 Ῥωμαῖοι,
2717 734 2815 804 τὴν
2857 735 2956 803 μὲν
2985 733 3222 803 ἀρχαίαν
3253 733 3352 802 τῆς
3401 732 3693 801 Ῥωμαίων
3765 785 3786 803 _

2123 824 2419 894 ἡγεμονίας
2477 825 2824 893 εὐδαιμονίαν
2865 823 2940 886 ὡς
2994 823 3283 892 Θαυμαστή
3335 840 3421 886 τις
3465 817 3556 893 ἦν,
3598 822 3694 873 καὶ

2123 918 2232 970 τῶν
2290 919 2419 988 περὶ
2470 917 2640 986 αὐτὴν
2699 915 2994 968 οἰκούντων
3049 915 3373 984 Βαρᾶὶρων,
3422 917 3531 967 τῶν
3594 914 3693 981 μὲν

2125 1005 2346 1072 ἐκράτει
2377 1007 2472 1058 καὶ
2497 1004 2846 1073 ὑποχειρίους
2874 999 3038 1073 εἶχεν,
3073 1006 3122 1055 οί
3153 1005 3207 1058 δὲ
3239 1005 3502 1072 ύπόφοροι
3524 1003 3695 1056 διετέ-

2125 1094 2274 1158 λουν,
2315 1094 2362 1145 oi
2395 1095 2850 1162 περιφανέστατοι
2886 1093 2942 1144 δὲ
2979 1095 3073 1145 καὶ
3117 1094 3403 1156 δοκοῦντες
3450 1095 3696 1162 μεγάλην

2126 1185 2355 1252 δύναμιν
2387 1184 2812 1254 περιϐεϐλῆσθαι
2849 1185 3130 1253 ἀγαπητὸν
3176 1184 3410 1253 ἡγοῦντο
3439 1187 3488 1237 εί
3509 1185 3696 1252 φίλους

2127 1280 2220 1330 καὶ
2269 1279 2590 1347 συμμάχους
2625 1279 2820 1346 ἔχοιεν,
2857 1281 2947 1330 καὶ
2988 1278 3180 1344 ἐξίττίς
3213 1279 3467 1348 φέροιντο
3513 1277 3697 1335 αὐτοῖς

2132 1368 2297 1438 μηδὲν
2327 1368 2836 1436 πλεονεκτούμενοι,
2877 1367 2985 1420 οὐδ’
3017 1369 3174 1436 ὑμεῖς
3216 1370 3485 1436 ἀγνοεῖτε,
3520 1369 3569 1418 εἰ
3603 1370 3698 1417 καὶ

2131 1460 2207 1530 μὴ
2228 1460 2627 1522 πάντες.Ἀλλά
2653 1460 2824 1513 ταῦτα
2853 1460 2916 1529 δὴ
2937 1461 3004 1512 τὰ
3035 1465 3230 1528 σεμνὰ,
3261 1461 3353 1512 καὶ
3384 1459 3698 1526 θαυμαστὰ.

2130 1555 2226 1605 καὶ
2251 1552 2411 1622 μόνον
2429 1552 2671 1622 ᾀδόμενα
2699 1553 2840 1614 νυνὶ,
2871 1553 3062 1622 ὥσπερ
3084 1551 3208 1603 τινὰ
3235 1553 3342 1604 τῶν
3363 1551 3466 1615 ἔξω
3487 1551 3702 1613 Θούλης

2130 1643 2534 1714 εἰργασμένων,
2560 1643 2722 1712 μέχρι
2743 1643 2862 1696 τότε
2893 1645 3112 1712 περιῆν,
3140 1645 3271 1713 ἄχρι
3301 1644 3470 1695 πᾶσιν
3498 1641 3699 1709 ὁμοίως

2132 1737 2225 1788 καὶ
2289 1733 2567 1804 βασιλεῦσι
2630 1734 2725 1786 καὶ
2783 1733 3018 1796 ἰδιώταις
3075 1735 3172 1803 τῆς
3253 1733 3442 1802 κοινῆς
3505 1731 3700 1800 ἔμελεν

2132 1825 2394 1891 εὐδοξίας,
2437 1835 2530 1876 καὶ
2567 1823 2672 1876 τῶν
2699 1823 2804 1893 ἰδίᾳ
2835 1825 3225 1893 συμφερόντων
3256 1825 3324 1875 τὰ
3351 1823 3505 1892 κοινῇ
3533 1821 3710 1890 πρού-

2129 1918 2373 1970 τίθεσαν.
2415 1917 2532 1986 Ἀφ’
2563 1911 2625 1968 οὗ
2649 1917 2704 1968 δὲ
2732 1920 2840 1978 τοῖς
2865 1932 2923 1967 τε
2959 1915 3270 1983 βασιλεῦσιν
3297 1915 3412 1984 ἔρις
3443 1917 3706 1966 ἐνέπεσεν

2131 2010 2336 2078 ἐσχάτη
2393 2011 2489 2062 καὶ⁸
2533 2008 2838 2076 φιλονεικία
2902 2011 3029 2076 περὶ
3083 2009 3183 2075 τῆς
3225 2006 3424 2074 ἀρχῆς,
3469 2007 3563 2056 καὶ
3608 2003 3705 2055 τοῦ

2135 2101 2276 2170 μετά
2307 2099 2415 2152 τῶν
2445 2100 2661 2151 οἰκείων
2703 2099 2970 2167 μάχεσθαι
3006 2100 3116 2160 τοίς
3154 2097 3434 2165 πολεμίοις
3464 2095 3705 2163 ἀποσχό-

2135 2207 2311 2259 μενοι,
2365 2190 2616 2260 ἀλλήλοις
2659 2191 3100 2259 συνερράγησαν,
3144 2189 3240 2241 καὶ
3292 2190 3342 2239 οἰ
3405 2187 3554 2241 ἄλλοι
3605 2186 3710 2253 τῆς

2134 2284 2319 2350 κοινῆς
2352 2283 2729 2353 ἀμελήσαντες
2767 2284 3066 2352 σωτηρίας,
3105 2284 3199 2334 καὶ
3242 2279 3337 2332 τοῦ
3385 2279 3712 2348 πειθαρχεῖν

2134 2375 2244 2434 τοῖς
2281 2374 2462 2441 νόμοις
2496 2373 2588 2424 καὶ
2624 2374 2736 2432 τοῖς
2777 2371 3071 2440 ἄρχουσιν,
3181 2370 3427 2439 προσῆκε
3465 2368 3572 2420 τῶν
3601 2368 3714 2437 ἰδίᾳ

2133 2480 2190 2516 τι
2218 2463 2585 2532 διαφερόντων
2616 2463 2853 2530 μάλιστα
2884 2463 3333 2533 ἀντεποιήσαντο,
3365 2463 3544 2512 πάντα
3593 2460 3715 2512 ἄνω

2134 2559 2229 2607 καὶ
2257 2555 2408 2608 κάτω
2438 2555 2649 2620 γέγονε,
2681 2555 2894 2622 καὶτῆς
2925 2571 2986 2606 τε
3010 2552 3252 2616 εὐδοξίας
3282 2550 3616 2622 ἀφῃρήμεθα
3648 2551 3716 2600 τὸ

2136 2646 2411 2709 πλεῖστον,
2461 2647 2553 2698 καὶ
2581 2648 2656 2708 είς
2689 2645 2944 2698 τοσοῦτον
2969 2647 3178 2715 ἥκομεν
3203 2645 3528 2714 ἀδυναμίας,
3565 2642 3709 2695 ὥστε

2139 2737 2332 2806 μηκέθ’
2365 2739 2496 2806 ἡμῖν
2529 2741 2621 2790 ὲπί
2651 2737 2729 2806 τῷ
2763 2737 3128 2791 καταδουλοῦν
3167 2737 3393 2804 ἐτέρους
3423 2736 3514 2788 τὸν
3549 2734 3713 2802 λόγον

2137 2827 2300 2892 εἶναι,
2348 2829 2463 2882 ἀλλ’
2507 2829 2654 2890 ὅπως
2703 2829 2779 2899 μὴ
2821 2829 2976 2881 αὐτοὶ
3041 2829 3283 2898 αἰσχρῶς
3326 2834 3420 2880 καί
3465 2827 3720 2895 ἀγεννῶς

2136 2919 2522 2989 δουλεύσομεν.
2557 2918 2645 2981 Ὦς
2673 2921 2769 2988 μὲν
2793 2917 2883 2972 οὖν
2911 2919 3007 2971 καὶ
3034 2919 3193 2981 αὐτὸς
3214 2918 3314 2970 οὐκ
3338 2919 3719 2970 ἐπεϐούλευσα

2139 3013 2402 3082 βασιλέως
2437 3015 2548 3075 τοῖς
2590 3013 2799 3077 παισὶν,
2847 3011 2970 3063 οὐδὲ
3017 3010 3297 3081 βασιλείας
3331 3011 3493 3080 ὲρῶν,
3534 3010 3566 3080 ἢ
3609 3011 3717 3078 τῆς

469 3100 710 3153 animum
750 3100 1114 3165 iiltlllebSt'm,
1165 3108 1287 3167 post
1322 3108 1429 3151 tam
1491 3105 1647 3150 atrox
1689 3096 1931 3161 bellum,
1984 3106 2034 3148 et

2139 3103 2400 3173 πατρῴας
2451 3103 2748 3172 ἡγεμονίας
2797 3103 2992 3164 αὐτοὺς
3048 3101 3370 3170 ἀποστερῶν
3413 3103 3494 3164 εἰς
3551 3100 3724 3152 τοῦτα

469 3192 654 3246 clades
687 3190 1034 3244 multifariam
1070 3191 1269 3254 illatas,
1315 3199 1436 3258 post
1464 3197 1680 3258 ereptas
1706 3188 1836 3242 mihi
1871 3188 2040 3242 facul-

472 3290 635 3348 tates,
665 3282 1091 3350 propinquorum
1122 3290 1177 3334 et
1208 3280 1504 3334 amicorum
1543 3289 1723 3334 tantas
1746 3295 2038 3344 aerumnas,

473 3389 620 3428 nunc
661 3381 830 3435 certe,
862 3371 1079 3440 quando
1110 3372 1294 3423 omnia
1322 3371 1376 3423 in
1409 3371 1662 3426 manibus
1708 3371 1840 3424 meis
1871 3379 2038 3433 sunt,

473 3463 625 3536 quod
670 3465 1081 3518 constituissem
1107 3477 1454 3532 exsequerer.
1511 3463 1775 3528 Quocirca
1815 3473 1869 3516 et
1923 3479 2040 3516 ma-

469 3556 622 3628 jores
652 3555 822 3607 multo
876 3553 1101 3606 Numini
1133 3555 1333 3623 gratias
1375 3569 1498 3624 ago,
1529 3556 1746 3622 quando
1798 3568 1906 3605 non
1944 3568 2043 3622 pa-

476 3664 593 3703 cem
641 3648 749 3700 illis
775 3645 1252 3715 amplectentibus,
1295 3659 1472 3714 neque
1509 3647 1573 3697 ad
1611 3658 1764 3714 paeta
1814 3646 2044 3699 descen-

477 3741 734 3795 dentibus
761 3739 996 3806 (tametsi
1024 3737 1075 3790 id
1105 3752 1204 3805 ego
1247 3752 1491 3804 rogarem
1525 3735 1902 3803 creberrime),
1946 3734 2044 3790 sed

481 3830 810 3885 bellantibus
842 3839 1104 3898 quantum
1139 3828 1280 3880 vires
1325 3838 1663 3896 paterentur,
1697 3826 1949 3894 nihilque
1991 3827 2044 3879 in

481 3924 583 3977 hoc
631 3937 827 3993 genere
858 3937 966 3984 non
1001 3921 1348 3984 audentibus,
1386 3919 1502 3973 solo
1529 3918 1638 3972 Deo
1667 3919 1800 3972 mihi
1833 3919 2047 3972 favente

481 4028 768 4084 pugnans,
820 4012 1072 4067 omnibus
1139 4011 1287 4066 evasi
1341 4013 1624 4078 superior.
1702 4024 1772 4062 ne
1825 4020 2047 4078 prepter

483 4116 751 4160 conventa
785 4117 832 4160 et
860 4105 1190 4174 iuramenta,
1223 4101 1316 4158 sed
1346 4105 1566 4171 propter
1599 4110 1838 4156 veterem
1877 4099 2050 4153 animi

483 4198 592 4253 mei
654 4196 1125 4258 moderationem,
1179 4201 1236 4248 et
1296 4207 1419 4247 cum
1462 4189 1726 4261 singulari
1784 4190 1875 4244 illo
1941 4205 2052 4244 me-

487 4303 716 4358 cumque
748 4287 1020 4355 quondain
1057 4283 1508 4352 coniunctissimo
1541 4283 1869 4351 imperatore
1916 4281 2043 4334 ami-

486 4378 672 4431 citiam
705 4377 830 4428 liliis
881 4376 999 4442 ejus
1031 4387 1276 4440 parcere,
1304 4382 1358 4424 et
1397 4381 1683 4440 paternum
1736 4369 1818 4424 eis
1879 4371 2050 4436 impe-

2139 3192 2327 3266 ἦλθον,
2376 3196 2544 3247 πᾶσιν
2581 3195 2787 3260 ἔξεστιν
2843 3192 3117 3259 ἀπόδειξιν
3161 3193 3460 3262 λαμϐάνειν
3502 3192 3718 3262 ἐναργῆ

2142 3290 2207 3342 ὲκ
2248 3287 2356 3339 τῶν
2393 3288 2763 3356 πραγμάτων.
2803 3288 2866 3339 Εἰ
2894 3288 3024 3354 γὰρ,
3057 3286 3245 3354 ὥσπερ
3283 3287 3334 3337 οἰ
3376 3285 3717 3352 συκοφάνται

2141 3380 2502 3446 κατηγόρουν,
2565 3376 2724 3428 τοῦτο
2783 3377 3101 3447 προύθέμην
3155 3375 3415 3446 έξαρχῆς,
3476 3375 3576 3428 οὐκ
3646 3375 3725 3426 ἂν

2146 3471 2286 3536 μετά
2317 3469 2407 3521 τὸν
2453 3467 2707 3521 τοςοῡτον
2761 3468 2998 3534 πόλεμον
3044 3467 3138 3518 καὶ
3168 3467 3265 3536 τὴν
3313 3465 3572 3520 παντοίαν
3603 3466 3718 3517 τᾶν)

2142 3559 2333 3613 δεινῶν
2364 3559 2653 3628 ἐπιφορὰν,
2683 3559 2778 3611 καὶ
2807 3558 2916 3610 τῶν
2945 3560 3244 3627 χρημάτων
3271 3559 3370 3627 τὴν
3417 3558 3718 3628 ἀποϐολὴν,

2144 3652 2240 3702 καὶ
2268 3651 2374 3700 τῶν
2410 3651 2627 3702 οἰκείων
2662 3649 2756 3701 καὶ
2782 3648 2890 3700 τῶν
2915 3649 3082 3716 φίλων
3111 3649 3208 3717 τὴν
3236 3648 3506 3717 τοσαύτην
3543 3665 3718 3701 κακο-

2145 3741 2408 3809 πραγίαν,
2465 3739 2560 3791 νῦν
2607 3741 2930 3809 ἀπεσχόμην
2981 3741 3077 3807 τῆς
3135 3739 3471 3807 προθέσεως,
3535 3741 3721 3792 πάντα.

2146 3832 2287 3899 ἔχων
2331 3831 2388 3881 ὲν
2433 3832 2652 3899 χεροίνο
2701 3831 2770 3883 δι’
2804 3831 2840 3883 ἃ
2884 3831 2976 3882 καὶ
3009 3830 3242 3898 μάλιστα
3287 3831 3721 3894 πολλαπλασίους

2147 3923 2374 3992 χάριτας
2404 3921 2648 3990 ὁμολογῶ
2679 3921 2752 3992 τῷ
2803 3923 3107 3989 Κρείττονι.
3138 3924 3219 3974 δτι
3256 3922 3333 3992 μὴ
3365 3921 3586 3974 ἐκείνων
3617 3922 3727 3992 τὴν

2148 4013 2373 4083 εἰρήνην
2400 4013 2670 4080 ἑλομένων
2695 4014 2830 4082 μηδὲ
2851 4013 2986 4080 πρὸς
3005 4013 3310 4083 συμεασεις
3325 4021 3725 4084 χωρησάντων,

2149 4105 2323 4156 καίτοι
2366 4120 2427 4170 γε
2449 4103 2708 4165 πολλάκις
2735 4103 2866 4170 ἐμοῦ
2892 4104 3060 4156 πολλὰ
3091 4105 3217 4175 περὶ
3241 4105 3460 4172 εἰρήνης
3492 4103 3653 4173 δεηοέ
3675 4131 3724 4146 ι-

2148 4209 2261 4255 τος,
2304 4191 2438 4242 ἀλλὰ
2479 4193 2947 4261 πεπολεμηκότων
2996 4193 3124 4260 ἄχρι
3175 4195 3266 4243 καὶ
3320 4193 3415 4244 τοῦ
3462 4192 3730 4258 δυνατοῦ,

2150 4288 2245 4340 καὶ
2294 4284 2504 4347 οὐδενὸς
2538 4286 2894 4354 ἡμεληκότων
2935 4285 3045 4336 τῶν
3093 4286 3333 4353 ἡκόντων
3376 4289 3455 4349 εἰς
3498 4285 3723 4350 αὐτοὺς,

2151 4380 2218 4447 τῇ
2276 4377 2480 4430 ἄνωθεν
2547 4377 2683 4446 μόνῃ
2752 4376 3211 4446 συμμαχούμενος
3268 4379 3433 4447 ῥοπῇ,
3497 4378 3730 4431 πάντων-

488 4469 630 4519 rium
679 4463 955 4518 custodire
987 4463 1290 4517 existimer.
1323 4462 1482 4530 722
1514 4460 1571 4514 Si
1626 4475 1755 4530 ergo
1787 4459 2038 4529 quemad-

2154 4470 2580 4540 περιεγενόμην,
2638 4469 2725 4521 ἵνα
2768 4470 2844 4538 μὴ
2887 4469 3028 4522 δοκῶ
3074 4470 3162 4522 διὰ
3199 4470 3327 4532 τοὺς
3372 4471 3570 4539 ὅρκους
3625 4471 3728 4524 καὶ

488 4554 708 4608 modum
745 4569 774 4605 a
805 4552 1074 4620 principio
1122 4553 1237 4620 ipse
1267 4551 1591 4618 cogitabam,
1612 4550 1679 4602 ad
1707 4564 2054 4604 communem

490 4643 862 4698 Romanorum
933 4645 1165 4694 fructum
1227 4641 1475 4701 scilicet,
1545 4651 1738 4693 omnes
1812 4639 2055 4691 actiones

489 4751 642 4789 meas
724 4734 998 4802 dirigere,
1081 4731 1508 4800 impendereque
1583 4728 1842 4798 pecunias
1902 4743 2054 4780 mBJS

492 4835 690 4885 tantas,
717 4831 948 4890 quantas
985 4835 1078 4872 vos
1125 4820 1297 4884 scitis,
1323 4827 1376 4871 et
1405 4817 1616 4870 nullum
1661 4817 1900 4870 laborem
1961 4824 2056 4868 aut

493 4915 792 4968 disrrimen
846 4909 1264 4977 subterfugere,
1329 4908 1374 4959 si
1434 4906 1582 4970 liazc,
1637 4905 1906 4973 inquam,
1964 4904 2055 4957 alii

493 5006 846 5074 cogitassent,
903 5011 1072 5055 etme
1126 4997 1354 5068 impigre
1404 4999 1577 5053 secuti
1631 4997 1905 5064 fuissent,
1962 5005 2056 5049 aut

493 5095 637 5163 quod
681 5095 862 5146 minus
917 5100 1021 5156 est,
1069 5090 1261 5145 saltem
1334 5105 1418 5143 me
1459 5105 1566 5144 non
1619 5089 2050 5158 prohibuissent,

493 5201 600 5240 non
632 5187 733 5240 hoc
781 5193 1022 5253 tempore
1063 5184 1129 5240 de
1181 5192 1366 5238 nostra
1427 5184 1677 5239 libertate
1747 5183 2058 5248 retinenda,

2152 4563 2251 4622 τὰς
2297 4561 2618 4630 συμϐάσεις,
2665 4561 2800 4614 ἀλλά
2850 4563 2938 4614 διὰ
2969 4561 3068 4630 τὲιν
3113 4562 3348 4630 ἀρχαίαν
3395 4563 3724 4628 ἐπιείκειαν,

2153 4653 2248 4705 καὶ
2282 4653 2380 4722 τὴν
2423 4653 2558 4722 πρὸς
2601 4653 2827 4722 βασιλέα
2859 4653 2948 4705 τὸν
3001 4653 3311 4720 θαυμαστὸν
3363 4655 3568 4705 ἐκεῖνον
3623 4657 3728 4710 καὶ

2162 4743 2417 4808 φίλτατον
2448 4743 2571 4810 ἐμοὶ
2605 4741 2807 4808 φιλίαν,
2840 4739 2950 4791 τῶν
2988 4740 3191 4792 παίδων
3219 4741 3325 4790 τῶν
3357 4741 3564 4791 ἐκείνου
3599 4741 3724 4808 φεί-

2154 4831 2360 4896 δεσθαι,
2404 4833 2502 4884 καὶ
2541 4831 2638 4901 τὴν
2683 4828 2942 4898 πατρῴαν
2988 4830 3163 4898 ἀρχὴν
3206 4825 3612 4889 συνδιασώζειν.

2158 4923 2258 4997 μὲν
2295 4922 2410 4985 οὖν,
2456 4920 2647 4990 ὥσπερ
2700 4920 2934 4990 team;
2985 4920 3145 4982 αὐτὸς
3181 4919 3498 4985 διενοούμην
3546 4918 3728 4970 πάντα

2155 5015 2416 5080 πράττειν
2449 5010 2590 5078 ὑπὲρ
2625 5011 2721 5076 τῆς
2754 5011 2938 5078 κοινῆς
2978 5009 3269 5077 Ῥωμαίων
3300 5008 3590 5076 ὡφ-λείας,
3624 5010 3722 5059 καὶ

2151 5103 2409 5169 χρήματα
2466 5097 2778 5152 ἀναλίσκειν
2839 5099 3078 5151 τοσαῦτα
3123 5099 3253 5153 ὄντα
3299 5099 3398 5150 ὅσα
3441 5098 3575 5160 ίστε,
3625 5099 3721 5148 καὶ

2151 5189 2330 5241 πάντα
2378 5187 2540 5240 πόνον
2571 5191 2664 5240 καὶ
2698 5185 2938 5240 κίνδυνον
2973 5187 3324 5256 ὑφίστασθαι,
3373 5186 3469 5238 καὶ
3492 5187 3539 5238 οἰ
3572 5185 3723 5239 ἄλλοι

1713 5318 1932 5379 Jacobi
1965 5318 2234 5380 Pontani
2268 5326 2462 5382 notae.

569 5474 678 5544 (84)
697 5469 1142 5544 Etiam'Virgilius
1173 5470 1415 5544 tchorg.
1439 5470 1684 5525 ultimam
1709 5478 1885 5538 vocat,
1902 5468 2048 5537 quod

496 5542 753 5603 nimirum
797 5543 1022 5595 distaret
1077 5542 1402 5611 longissime,
1452 5550 1703 5610 essetque
1753 5548 2051 5611 postrema,

495 5621 610 5672 sive
662 5613 847 5664 ultima
901 5612 1043 5664 inter
1087 5609 1291 5665 insulas
1335 5609 1594 5662 Romanis
1645 5609 1953 5676 exploratas
1997 5615 2052 5659 et

495 5683 778 5756 cogn_itas_._
805 5681 1022 5756 Strabo,
1042 5681 1153 5756 .lib.
1191 5696 1246 5756 tv
1268 5699 1281 5733 :
1320 5679 1488 5756 Magis
1535 5679 1696 5756 etiam
1721 5677 2048 5756 obsrc‘uraest

502 5745 690 5811 ΤΙῖιιιεε
726 5751 968 5816 historia,
1002 5750 1062 5802 ob
1094 5761 1201 5802 tam
1231 5745 1562 5817 longinquum
1588 5749 1772 5799 situm.
1802 5745 2047 5799 Omnium

2159 5468 2545 5545 enim-quarum
2580 5466 2824 5545 feruntur
2856 5471 3097 5545 nomina,
3132 5472 3362 5545 maxime
3398 5487 3575 5526 versus
3603 5488 3726 5542 sep-

2156 5540 2464 5615 tentrionem
2518 5553 2624 5615 esse
2667 5540 2801 5615 hunc
2830 5541 3068 5615 dissilam
3103 5541 3272 5595 aiunt.
3311 5541 3488 5594 i’oetze
3521 5544 3570 5593 in
3607 5540 3723 5597 nta-

2154 5607 2294 5682 1ima
2332 5607 2606 5682 distantia,
2633 5620 2686 5661 et
2713 5609 2832 5663 loco
2865 5611 3315 5682 longinquissimo
3341 5611 3723 5680 significando,

2154 5674 2364 5728 Thulen
2410 5678 2714 5730 nominant.
