4028 6482
254 450 327 515 49
1408 446 1832 512 HISTORIA?

1932 444 1961 504 εἰ
1997 444 2232 506 LIBER
2269 446 2367 509 IV.
3200 444 3204 448 Α
3432 444 3506 507 ⁷50

254 562 540 634 ροτέχνης,
584 561 653 618 ἂν
697 563 801 636 μὶν
833 566 1018 631 ἁδείας
1065 563 1343 638 ἀπολαύῃ,
1390 563 1572 630 ἑαυτῷ
1621 562 1830 632 ὁμοίως

1932 559 2135 632 alioqui
2169 574 2229 616 re
2258 575 2358 623 sua
2390 559 2650 621 incolumi
2683 557 2739 616 iu
2772 559 3028 617 libertate
3083 558 3262 615 libens
3302 572 3365 615 ac
3406 575 3509 613 vo-

254 652 528 723 χρήσιμος
568 652 743 719 ἔσται,
771 656 873 710 καὶ
910 656 989 727 τῷ
1019 655 1457 728 προπολεμοῦντι
1490 652 1822 726 στρατιώτῐΓ

255 743 323 797 ἂν
350 743 409 797 δὲ
448 742 527 814 μή
567 743 814 815 βούλοιτο
842 749 1052 802 ἐκεῖνον
1083 734 1330 819 τρέφειν,
1363 746 1465 802 καὶ
1492 747 1689 801 lattst
1746 743 1825 814 τῷ

220 822 228 831 ’
261 834 568 905 στρατιώτῃ
599 837 1004 909 συνδιαφθερεῆ
1045 840 1254 893 ἐκεῖνον
1304 840 1404 910 μὲν
1430 836 1600 907 λιμῷ,
1628 834 1824 889 ἑαυτὸν

257 922 316 975 δὲ
365 924 461 976 καὶ
504 927 701 991 παῖδας
726 931 876 998 λιμῷ
909 930 1216 1000 τεζόμοίως
1257 932 1353 985 καὶ
1386 929 1675 998 πολιορκίᾳ
1731 925 1826 980 καὶ

262 1015 375 1076 τοίς
405 1016 684 1084 πολεμίοις
709 1018 921 1087 ξίφεσιν
942 1037 955 1052 ⁸
985 1021 1019 1090 ἢ
1046 1025 1096 1074 εἰ
1129 1022 1202 1091 μὴ
1251 1020 1431 1086 τοῦτο,
1460 1020 1580 1073 ἀλλ’
1607 1019 1827 1088 ἀνάγκῃ

261 1104 755 1175 καταδουλωθέντα,
810 1093 1193 1174 πλείους-’τοίς
1230 1109 1659 1179 δεδουλωμένας
1729 1109 1826 1162 καὶ

263 1191 596 1263 βιαιοτέρους
620 1196 882 1267 παρέχειν
936 1199 1138 1269 φόρους
1159 1198 1194 1269 ἢ
1223 1201 1321 1253 ὅσα
1342 1198 1471 1269 ἐξῆν
1505 1198 1827 1267 είσφέροντα

263 1283 579 1355 προθύμως,
598 1288 710 1342 τῶν
731 1290 909 1344 ἀλλων
927 1290 1223 1345 ἀπολαύειν
1244 1291 1566 1362 ἐλευθέρως.
1591 1291 1828 1345 Τοιαῦτα

263 1375 491 1431 καὶτῶν
525 1378 832 1442 Βυζαντίων
867 1381 1099 1436 πολιτῶν
1137 1384 1425 1446 είπόντων,
1462 1381 1652 1454 ἐπῄνει
1692 1399 1755 1436 τε
1796 1382 1826 1436 6

262 1466 534 1536 βασιλεὺς,
558 1471 652 1522 καὶ
671 1473 962 1542 συνηγόρει
985 1474 1121 1543 πρὸς
1139 1475 1268 1536 τοὺς
1284 1473 1829 1542 λόγους,ἀναγκαίως

263 1556 472 1612 δεῖσθαι
508 1562 808 1631 χρημάτων
837 1564 1008 1617 εἰπὼν
1042 1564 1179 1635 πρὸς
1200 1565 1261 1617 τὸ
1295 1564 1828 1637 παρασκευάσασθαι

264 1647 407 1699 κατὰ
435 1648 542 1701 τῶν
572 1650 982 1720 πολεμούντων.
1012 1654 1077 1707 Et
1108 1654 1207 1724 μὲν
1232 1654 1324 1708 οὖν
1357 1655 1435 1726 μὴ
1468 1654 1828 1725 πρωνάλωτο

264 1735 418 1805 αὐτῷ
438 1738 503 1792 τὰ
530 1736 658 1792 ὄντα
679 1741 782 1794 ὑπὸ
815 1743 923 1795 τῶν
952 1746 1138 1808 κακῶς
1159 1745 1250 1798 επὶ
1270 1745 1415 1818 λύμῃ
1441 1746 1827 1816 πεπολεμηκόο

260 1843 371 1879 ¹των
399 1831 464 1899 τῇ
490 1833 661 1901 κοινῇ,
682 1833 835 1886 οὐδὲν
860 1833 924 1887 ἂν
948 1835 1144 1906 ἐδεήθη
1167 1836 1444 1907 ἐρανίζειν
1465 1840 1595 1908 παρ’
1619 1837 1823 1903 αὐτῶν,

258 1916 452 1986 ὥσπερ
474 1921 594 1973 οὐδὲ
612 1923 877 1994 πρότερόν
903 1943 1029 1978 ποτε
1055 1901 1308 1994 μεγάλων
1333 1901 1588 1999 πολέμων
1611 1901 1831 1999 κεκινηέ-
1861 1901 1900 1957 Β

263 2009 464 2078 μένων,
502 2011 758 2081 βασιλέως
783 2014 863 2068 ἔτι
894 2019 1178 2087 περιόντος
1194 2018 1564 2090 Ἀνδρονίκου,
1598 2022 1684 2086 ἐφ’
1709 2020 1827 2088 οὓς,

267 2101 322 2152 εί
362 2100 441 2169 μὴ
485 2101 554 2155 τὰ
584 2102 821 2170 δημόσια
858 2105 1105 2175 ἐξήρκει,
1137 2109 1232 2162 καὶ
1265 2110 1375 2161 ἀπὸ
1415 2109 1526 2163 τῶν
1570 2110 1718 2164 ίδίων
1757 2111 1828 2164 τὰ

263 2192 512 2245 ἐνδέοντα
544 2193 873 2265 ὲπεχορήγει
897 2196 1174 2261 αύτὸ;,ὢν
1206 2201 1464 2254 ἁπάντων
1491 2200 1601 2254 τῶν
1630 2202 1829 2257 κοινῶν

262 2276 563 2352 διοικητὴς.
618 2284 754 2339 Νυνὶ
782 2286 839 2340 δὲ
872 2288 1098 2342 ἐκείνων
1132 2307 1195 2344 τε
1243 2293 1325 2355 είς
1353 2291 1509 2345 οὐδὲν
1550 2297 1828 2365 χρήσιμον

261 2371 640 2441 ἀπολωλότων,
662 2376 756 2429 καὶ
783 2377 895 2430 τῶν
917 2373 1194 2448 δημοσίων
1217 2380 1616 2439 ἰκλελοιπότων
1641 2384 1829 2454 φόρων

262 2462 371 2516 dub
397 2461 495 2518 τοῦ
521 2463 622 2534 τήν
650 2465 839 2538 χώραν
862 2469 1213 2541 διεφθάρθαι,
1239 2474 1562 2543 ἀναγκαίως
1591 2474 1830 2530 ἀποδλέυ

262 2565 388 2604 sunt
408 2553 493 2617 είς
538 2555 636 2624 τήν
663 2557 975 2613 συντέλειαν
1003 2559 1213 2634 ταύτην
1255 2562 1358 2634 τὴν
1402 2552 1617 2636 κοινὴν,
1655 2565 1735 2630 ὡς
1775 2567 1826 2620 εί

262 2648 563 2716 χρημάτων
624 2650 719 2705 καὶ
782 2652 1020 2723 μετρίων
1062 2655 1385 2726 εὐπορήσοι,
1425 2658 1628 2730 ῥᾳδίως
1662 2658 1826 2724 αὖθις

262 2736 365 2805 τὴν
398 2737 683 2808 Ῥωμαίων
709 2743 1127 2798 καταπεσοῦσαν
1148 2748 1447 2817 ήγεμονίαν
1473 2750 1824 2822 ἀνορθώσων.

263 2827 507 2882 Τοιαῦτα
561 2832 653 2884 καὶ
702 2833 864 2905 ’ἐτερά
905 2853 1025 2888 τινα
1080 2838 1359 2909 παρόμοια
1401 2841 1820 2909 προσεπειπὼν,

263 2918 442 2972 διέλυε
474 2921 569 2990 τὴν
617 2923 946 2994 ἐκκλησίαν,
995 2929 1242 2998 οἰόμενος
1280 2930 1430 3000 αὐτῷ
1474 2948 1525 2984 τι
1555 2931 1635 3001 τῷ
1660 2932 1825 3003 κοινῷ

264 3005 542 3071 λυσιτελὲς
598 3013 693 3066 καὶ
740 3016 1010 3082 χρήσιμον
1061 3016 1320 3086 ἠνύσθαι.
1373 3019 1533 3082 Τινὲς
1590 3020 1649 3073 δὲ
1712 3021 1824 3074 τῶν

263 3098 506 3170 δξαρχῆς
553 3103 743 3174 ἐκείνῳ
791 3106 1085 3176 ᾑρημένων
1136 3111 1412 3179 πολεμεῖν,
1461 3108 1605 3182 ἦσαν
1636 3114 1693 3166 δὲ
1722 3116 1825 3167 οὐκ

1929 651 2051 707 lens
2095 649 2471 720 pependisset.
2521 649 2648 705 Ilarc
2696 664 2822 704 cum
2867 650 3015 706 cives
3071 647 3355 721 Byzantini
3418 663 3509 701 τοι

1927 743 2301 814 εροοάἰδεεηι,
2333 743 2629 812 imperator
2656 741 2898 805 laudare,
2927 752 2982 796 et
3004 756 3194 796 eorum
3223 737 3512 794 sententiae

1928 831 2208 901 suffragari
2247 847 2313 886 ac
2335 831 2542 893 dicere,
2573 829 2899 901 pecuniam}
2926 830 2992 885 ad
3025 839 3349 899 apparatum
3380 842 3508 882 con-

1928 927 2012 974 tra
2045 920 2261 975 hostem
2291 921 2453 988 plane
2485 919 2715 989 requiri.
2766 917 2924 984 Quod
2954 919 3000 972 si
3049 916 3251 972 divitiae
3285 915 3407 982 ejus
3442 914 3511 968 ab

1930 1011 2001 1071 iis
2047 1011 2143 1081 qui
2205 1025 2331 1066 cum
2390 1010 2712 1081 reipublicae
2765 1010 3099 1065 detrimento
3150 1012 3509 1081 pugnassent,
3596 1032 3631 1088 _-

1926 1111 2265 1172 consumptae
2289 1117 2398 1156 non
2430 1110 2637 1166 essent,
2663 1101 2802 1156 nihil
2850 1117 2990 1171 Opus
3039 1101 3212 1157 fuisse
3244 1113 3395 1156 nunc
3440 1102 3510 1156 ab
3660 1174 3672 1188 δ

1928 1194 2067 1263 ipsis
2138 1196 2430 1250 mutuari:
2477 1205 2538 1250 ut
2588 1211 2770 1265 neque
2835 1196 2990 1266 prius
3054 1211 3316 1266 unquam,
3382 1212 3507 1251 eum

1927 1301 2125 1355 magna
2159 1288 2323 1350 bella,
2384 1286 2717 1357 imperatore
2755 1289 3072 1344 Andronico
3126 1290 3308 1344 adhuc
3360 1289 3504 1355 vivo,

1926 1389 2271 1452 gererentur,
2328 1380 2396 1434 ad
2456 1396 2578 1450 qua:
2636 1381 2865 1449 pecunia
2918 1381 3138 1451 publica
3184 1397 3296 1436 non
3354 1381 3509 1436 sutil-

1927 1470 2129 1534 ciente,
2158 1471 2279 1540 ipse
2307 1470 2525 1541 imperii
2561 1473 2976 1527 administrator
3004 1472 3073 1527 de
3100 1489 3203 1528 sua
3239 1488 3506 1527 summam

1926 1562 2248 1632 expleverit.
2291 1562 2471 1625 Modo,
2528 1563 2792 1633 quoniam
2832 1579 2896 1618 ea
2957 1564 3231 1619 inutiliter
3286 1564 3508 1635 profusa

1906 1654 2021 1718 ‘sit,
2075 1662 2129 1708 et
2186 1662 2410 1723 propter
2469 1653 2739 1725 direptam
2803 1656 3246 1727 devastatamque
3283 1657 3505 1725 provin-

1926 1742 2069 1797 ciam
2133 1743 2365 1811 publirae
2419 1745 2715 1812 pensiones
2770 1746 3132 1826 cessaverint,
3191 1747 3307 1817 cogi
3345 1762 3404 1801 se
3442 1749 3509 1802 ad

1928 1848 2277 1890 communem
2336 1834 2499 1889 istam
2551 1835 2901 1890 collationem
2940 1836 3234 1906 respicere.
3298 1836 3509 1892 Etenim

1931 1924 1977 1979 si
2003 1925 2091 1979 vel
2121 1926 2391 1980 moderati
2435 1936 2687 1995 sumptus
2716 1913 3095 1997 suppeditent,
3126 1943 3186 1983 se
3208 1929 3508 1998 collapsum

1929 2015 2303 2072 Romanorum
2342 2017 2652 2087 imperium
2704 2033 2875 2084 parvo
2906 2019 3128 2089 negotio
3177 2018 3512 2074 instauratu-

1930 2123 2076 2163 rum.
2109 2107 2237 2165 Haec
2283 2118 2341 2164 et
2390 2109 2591 2163 similia
2629 2108 2845 2175 ell'atus,
2886 2118 3221 2189 eonveptum
3281 2110 3510 2176 dimisit,

1932 2200 2178 2254 ratus'se
2210 2214 2542 2271 magnopere
2575 2214 2607 2254 e
2640 2199 2921 2269 republica
2958 2200 3223 2256 locutum.
3258 2201 3329 2256 At
3376 2217 3515 2256 non—

1929 2287 2067 2341 nulli
2106 2302 2298 2342 eorum
2351 2289 2445 2358 qui
2480 2290 2551 2343 ab
2605 2288 2765 2344 initio
2797 2289 3080 2344 adversari
3132 2289 3510 2351 instituerant,

1927 2378 2020 2450 qui
2053 2379 2274 2449 plurimi
2303 2388 2479 2447 erant,
2524 2388 2579 2434 et
2608 2395 2675 2435 ex
2709 2379 2955 2437 tabernis
2986 2381 3311 2452 argentariis
3350 2396 3513 2436 nunt-

1927 2469 2170 2536 mularii,
2210 2469 2380 2527 etiam
2433 2480 2722 2541 postquam
2771 2488 2876 2542 pax
2911 2471 3023 2527 visa
3057 2480 3142 2527 est
3171 2471 3510 2537 confirmata,

1927 2561 2142 2618 animos
2187 2562 2493 2618 retinentes
2536 2570 2777 2618 armatos
2843 2570 2900 2619 et
2948 2563 3164 2632 injuria:
3217 2579 3516 2628 memores,

1927 2653 2289 2722 manibusque
2324 2667 2390 2709 ac
2426 2654 2661 2723 pedibus
2704 2669 2829 2709 eum
2877 2654 3143 2723 impedire
3177 2654 3510 2720 laborantes,

1928 2743 2093 2814 725
2128 2744 2377 2811 nihilque
2410 2744 2659 2800 sinentes
2685 2744 2961 2800 communi
2991 2745 3359 2810 commodare,
3396 2761 3514 2801 ma-

1927 2835 2074 2891 xime
2108 2845 2167 2890 ut
2193 2837 2437 2904 ipsorum
2480 2837 2808 2906 improbitas
2838 2844 3136 2909 tegeretur,
3168 2852 3271 2893 nec
3298 2838 3513 2892 videre-

1928 2933 2017 2981 tur
2048 2937 2273 2997 propter
2307 2928 2512 2982 hellum
2551 2937 2743 2981 contra
2797 2928 3184 2997 imperatorem
3253 2927 3513 2981 aﬂlictum

1925 3033 1990 3073 ac
2040 3022 2312 3086 perditum
2370 3020 2677 3074 Romanum
2742 3018 3035 3088 imperium
3093 3017 3409 3089 (siquidem
3460 3030 3515 3073 et

1932 3118 2059 3178 post
2091 3124 2304 3178 pacem,
2342 3119 2397 3162 et
2453 3118 2581 3178 post
2619 3125 2814 3164 omnes
2859 3110 2929 3165 ab
2962 3111 3290 3180 imperatore
3316 3110 3517 3178 subju-

265 3192 459 3283 δλίγοι,
497 3197 587 3247 καὶ
618 3200 681 3249 ἐκ
709 3198 817 3251 τῶν
851 3200 907 3252 ἐν
938 3202 1325 3272 ἐργαστηρίοις
1359 3204 1824 3274 ὲμπορευομένων

1934 3208 2111 3265 gates,
2149 3200 2294 3253 nulla
2343 3200 2535 3255 fuisset
2582 3201 2879 3256 subsecuta
2933 3201 3317 3267 commoditas,
3350 3196 3515 3255 nullae

158 3290 165 3293 '
266 3282 714 3354 ἀργυραμοιϐὦν.
772 3292 866 3344 καὶ
904 3293 1066 3361 ’μετὰ
1137 3294 1238 3363 τὴν
1299 3293 1565 3348 δοκοῦσαν
1640 3298 1827 3352 διάλυ-

270 3392 357 3432 σιν
407 3377 490 3431 ἔτι
565 3379 1026 3451 δυσμεναίνοντες,
1072 3389 1166 3440 καὶ
1213 3389 1699 3459 μνησικακοῦντες,
1735 3394 1831 3444 καὶ

270 3472 449 3524 πάντα
535 3474 731 3543 τρόπον
819 3478 1231 3549 ἐπιχειροῦντες
1310 3481 1472 3536 αύτδν
1558 3482 1818 3550 κωλύειν,

270 3561 365 3614 καὶ
410 3561 579 3631 μηδὲν
631 3564 727 3636 te»;
776 3566 857 3637 τῷ
890 3569 1055 3639 κοινῷ
1100 3570 1376 3635 λυσιτελὶς
1423 3574 1622 3639 ποιεῖν,
1658 3573 1737 3639 ὡς
1764 3572 1832 3627 ἂν

271 3652 507 3722 μάλιστα
534 3655 754 3711 ἐκείνων
782 3659 816 3729 ή
846 3660 1013 3714 κακία
1034 3663 1401 3727 συσκιάζοιτο.
1420 3664 1516 3718 καὶ
1538 3664 1616 3736 μὴ
1644 3662 1829 3736 δοκοίη

268 3744 358 3797 διὰ
380 3745 474 3799 τὸν
495 3748 630 3817 πρὸς
648 3748 868 3819 βασιλέα
898 3749 1134 3822 πόλεμον
1164 3756 1193 3825 ή
1238 3756 1531 3826 Ῥωμαίων
1563 3759 1835 3830 ἡγεμονία

270 3835 607 3907 διεφθάρθαι.
635 3840 708 3903 ὡς
737 3844 829 3896 καὶ
850 3844 992 3911 μετά
1018 3845 1120 3916 τήν
1145 3848 1372 3917 εἰρήνην
1406 3850 1502 3903 καὶ
1534 3851 1598 3903 τὸ
1625 3849 1835 3913 πάντας

272 3927 642 3997 ῦπαγαγέσθαι
674 3932 896 4002 βασιλέα
924 3934 1188 4004 ὠφελείας
1239 3937 1524 4008 οὐδεμιᾶς,
1552 3940 1679 3994 οὐδὲ
1703 3941 1837 3995 ἀνα-

274 4021 455 4090 κωχῆς
488 4020 596 4074 τῶν
620 4023 802 4077 κακῶν
832 4028 1223 4097 γεγενημένης,
1255 4030 1410 4083 αὐτοί
1437 4047 1499 4084 τε
1515 4030 1835 4102 ἐθορύϐουν,

274 4109 348 4174 ὡς
374 4111 437 4164 οὐ
461 4114 716 4182 χρήματα
741 4119 1087 4185 παρέξοντες,
1119 4123 1213 4173 καὶ
1243 4121 1370 4185 τοὺς
1396 4121 1594 4186 ἄλλους
1620 4123 1837 4179 ἔπειθον

276 4201 493 4271 ὁμοίως.
519 4203 665 4257 δεινὰ
699 4207 974 4263 πείσεσθαι
1021 4210 1346 4278 φάσκοντες.
1377 4216 1426 4267 si
1453 4213 1489 4267 ἃ.
1522 4216 1596 4286 μὴ
1640 4216 1839 4288 πρότε-

280 4312 369 4386 ρον
390 4296 646 4366 πολέμιος
668 4296 742 4352 ὣν
765 4301 793 4353 ὁ
814 4298 1066 4370 βασιλεὺς
1088 4303 1329 4374 ἠδυνήθη
1369 4306 1842 4386 κατεργάσασθαι,

275 4385 448 4439 ταῦτα
494 4386 590 4440 νῦν
639 4388 696 4441 ιν
733 4389 941 4454 εὐνοίας
973 4392 1069 4446 καὶ
1118 4393 1445 4466 κηδεμονίας
1490 4385 1841 4469 προσχήματι

277 4476 641 4546 ὑπομενοῦσι·
699 4481 948 4550 πολεμῶν
996 4483 1125 4555 γὰρ,
1172 4486 1282 4539 τῶν
1337 4488 1440 4552 μὲν
1490 4487 1597 4552 ἔξω
1642 4490 1843 4560 τειχῶν

1933 3291 2201 3345 malorum
2238 3288 2530 3354 induciae),
2579 3300 2643 3345 et
2692 3291 2796 3361 ipsi
2829 3291 3324 3357 tuutultuabantur,
3354 3302 3416 3347 ut
3436 3306 3516 3346 tes

1929 3398 2280 3453 nequaquam
2315 3383 2588 3450 ooliaturi,
2650 3384 2865 3443 etaliis
2913 3383 3057 3438 idem
3103 3384 3307 3439 dabant
3335 3384 3523 3440 consi-

1933 3475 2090 3539 lium,
2147 3476 2291 3531 male
2345 3477 2637 3532 admodum
2691 3492 2877 3533 secum
2921 3486 3105 3534 aetum
3138 3472 3209 3533 iri
3246 3478 3513 3542 dicentes,

1934 3571 2003 3636 si,
2036 3586 2159 3641 qua:
2208 3571 2507 3641 imperator
2562 3582 2725 3627 antea
2779 3572 2960 3628 adhuc
3017 3572 3195 3627 hostis
3246 3574 3519 3628 coniicere

1932 3662 2253 3731 nequiisset,
2275 3677 2337 3717 ea
2365 3677 2511 3716 nunc
2543 3670 2767 3732 propter
2795 3662 3189 3717 benevolentia:
3217 3670 3272 3715 et
3302 3661 3509 3716 sollici«

1936 3754 2142 3811 tudinis
2195 3753 2600 3809 simulationem
2652 3753 2721 3808 ab
2780 3753 2900 3823 ipso
2948 3754 3143 3807 ferant.
3204 3752 3339 3806 Nam
3386 3753 3516 3806 dum

1936 3847 2196 3911 bellaret,
2225 3860 2445 3902 omnem
2496 3844 2937 3900 suburbanorunt
2992 3845 3293 3913 diripuisse
3345 3860 3518 3914 pecu-

1937 3936 2082 3991 niam
2118 3953 2131 3989 :
2168 3951 2291 4006 quae
2317 3935 2459 3990 intra
2489 3937 2679 3991 urbem
2715 3945 2772 3990 et
2826 3935 2883 3989 in
2918 3935 3173 3993 manibus
3204 3935 3405 3989 civium
3439 3951 3520 3989 es-
3551 3947 3553 3951 ‘

1938 4037 2045 4094 set,
2077 4028 2146 4083 de
2199 4042 2268 4082 ea
2306 4026 2523 4082 auferre
2559 4027 2694 4081 nihil
2728 4026 2998 4095 potuisse.
3055 4024 3214 4082 Nunc
3264 4036 3320 4081 et
3371 4028 3517 4082 illam

1937 4118 2309 4188 deperdidisse
2341 4156 2359 4196 ,
2395 4125 2450 4172 et
2512 4118 2654 4170 hanc
2682 4125 2929 4171 avertere
2960 4117 3118 4182 velle,
3150 4117 3337 4172 nescio
3379 4134 3520 4187 quos

1939 4217 2232 4281 apparatus
2264 4207 2488 4263 bellicos
2523 4216 2578 4261 et
2635 4207 2773 4261 alias
2812 4207 3079 4273 quasdam
3115 4207 3352 4263 fallacias
3379 4226 3521 4279 pra:-

1940 4300 2177 4359 texendo
2211 4314 2225 4351 z
2266 4314 2499 4369 quorum
2552 4297 2692 4352 nihil
2751 4306 2960 4352 tantum
2999 4298 3146 4368 apud
3175 4312 3270 4353 eos
3319 4301 3519 4355 valitu-

1942 4408 2063 4449 rum
2114 4392 2203 4452 sit,
2262 4399 2323 4444 ut
2343 4390 2420 4443 illi
2465 4388 2624 4444 bonis
2657 4388 2773 4444 suis
2803 4388 3020 4452 cedant,
3080 4387 3185 4442 nisi
3233 4388 3372 4444 forte
3411 4376 3521 4445 vim

1944 4482 2290 4539 manifestam
2322 4480 2653 4547 adhibuerit,
2668 4488 2738 4538 .et
2759 4479 2997 4534 caedibus
3027 4479 3287 4535 saevierit.
3321 4481 3521 4553 llujus-

282 4568 649 4638 ἀπεστέρησεν
695 4570 966 4636 ἁπάντων,
1018 4574 1126 4630 τῶν
1178 4575 1326 4629 ἔνδον
1368 4576 1426 4630 δὲ
1457 4579 1549 4631 καὶ
1582 4581 1641 4632 ἐν
1673 4580 1832 4652 χερσὶ

1937 4571 2173 4637 comedi,
2203 4579 2260 4625 et
2287 4568 2374 4625 his
2410 4570 2635 4623 tetriora
2672 4567 2728 4621 in
2761 4567 2956 4636 vulgus
2992 4566 3517 4630 disseminabantur,

279 4660 573 4731 χρημάτων
619 4661 852 4733 ήδυνήοη
887 4664 1069 4720 λαϐεῖν
1097 4667 1270 4722 οὐδέν.
1292 4668 1434 4722 Νυνὶ
1455 4671 1511 4723 δὲ
1557 4673 1747 4725 ἐκεῖνά.
1772 4690 1835 4726 τε

280 4750 542 4815 ἀπόλωλε,
570 4753 663 4805 καὶ
688 4752 796 4807 τῶν
827 4752 972 4808 ἔνδον
1008 4756 1176 4811 ὄντων
1208 4757 1457 4826 βούλεται
1489 4761 1834 4834 ἀποστερεῖν,

282 4843 549 4912 πολέμους
577 4846 1040 4916 προφασιζόμενος
1071 4851 1167 4903 καὶ
1197 4854 1575 4920 παρασκευὰς,
1609 4854 1705 4907 καὶ
1742 4855 1839 4909 ἀλ-

281 4931 377 4994 ω
409 4932 683 4997 ἐξαπάτας
703 4973 719 4995 ,
772 4930 845 4989 ὧν
895 4936 1046 4991 οὐδὲν
1072 4938 1268 5002 αὐτοὺς
1303 4939 1484 4992 πείσει
1526 4942 1636 4996 τῶν
1665 4942 1836 4998 ὅντων

285 5022 433 5092 αὐτῷ
456 5011 829 5093 παραχωρεῖν,
882 5027 932 5079 εί
967 5026 1039 5097 μὴ
1068 5027 1311 5096 βούλοιτο
1346 5029 1630 5099 βιάζεσθαι
1666 5049 1836 5101 φανε-

288 5110 394 5180 ρῶς
424 5112 520 5164 καὶ
542 5111 886 5182 διαφθείρειν.
927 5114 1156 5170 Τοιαῦτα
1189 5119 1288 5186 μὲν
1316 5120 1412 5173 καὶ
1443 5120 1624 5192 πολλῷ
1663 5121 1838 5177 δεινό-

286 5217 416 5272 τερα
435 5201 635 5257 τούτων
661 5205 796 5274 πρὸς
820 5205 945 5267 τοὺς
966 5206 1154 5270 ἀλλους
1179 5207 1452 5276 διεδίδοτο,
1483 5213 1583 5264 καὶ
1607 5210 1839 5280 θόρυϐος

285 5288 349 5364 ἦν
376 5296 472 5349 καὶ
493 5295 715 5361 ἀταξία,
739 5299 832 5352 καὶ
870 5296 1062 5362 πάντες
1079 5301 1281 5369 ὁμοίως
1310 5301 1447 5370 πρὸς
1477 5302 1586 5357 τῶν
1614 5302 1838 5373 χρημάς

285 5402 390 5440 των
417 5386 663 5442 ἀνένευον
695 5388 797 5459 τήν
846 5391 1123 5460 εἰσφοράν.
1162 5390 1425 5456 Βασιλεὺς
1460 5392 1519 5447 δὲ
1549 5394 1674 5450 ἐπεὶ
1703 5392 1841 5447 ὲπύ-

286 5475 427 5543 (πετο,
478 5479 720 5549 συνεώρα
767 5481 870 5550 μὲν
919 5481 1019 5551 ήδη
1079 5482 1188 5536 τῶν
1233 5486 1713 5541 συνεσκευακότων
1739 5486 1841 5556 τὴν

287 5569 500 5637 κακίαν,
532 5575 625 5625 καὶ
644 5571 872 5644 ὥρμητο
899 5572 1145 5639 κολάζειν
1167 5576 1295 5640 τοὺς
1327 5578 1425 5633 ἐπὶ
1453 5577 1683 5634 τοιαῦτα
1710 5578 1841 5633 ἐνά-

286 5676 476 5727 γοντας
496 5663 589 5717 τὸν
604 5663 804 5735 δῆμον*
831 5664 1038 5719 ἄτοπον
1064 5665 1367 5737 ⁴ἡγούμενος
1414 5670 1513 5724 καὶ
1559 5667 1844 5731 παντελῶς

234 5753 273 5815 ξ’
288 5752 391 5817 ἔξω
416 5753 511 5807 τοῦ
541 5752 705 5809 καλοῦ
735 5758 830 5811 καὶ
854 5752 957 5807 τοῦ
979 5752 1187 5809 δικαίου
1203 5756 1425 5825 πίπτον,
1449 5756 1541 5810 διὰ
1555 5757 1656 5828 τήν
1679 5758 1843 5811 τινῶν

290 5844 667 5919 ἀγνωμοσύνην
727 5848 828 5920 τῆς
883 5843 998 5901 τῶν
1041 5844 1211 5903 ἄλλων
1260 5847 1521 5939 ἁπάντων
1572 5849 1844 5920 σωτηρίας

106 6468 133 6477 ..ι-
148 6468 577 6482 ίμ--ι-κ-τι--τ-τ-ιέ

1934 4662 2382 4730 exsistebantque
2423 4659 2686 4714 tumultus
2720 4667 2775 4712 et
2808 4658 3172 4727 perturbatio,
3210 4667 3266 4713 et
3326 4673 3522 4715 omnes

1935 4756 2142 4825 pariter
2173 4754 2524 4810 contribuere
2572 4750 2864 4820 pecuniam
2896 4750 3240 4806 abnuebant.
3278 4752 3522 4820 Impera-

1939 4856 2024 4901 tor
2069 4844 2154 4899 his
2200 4844 2426 4907 auditis,
2476 4841 2784 4914 praestigias
2828 4854 2892 4895 ac
2934 4840 3091 4896 dolos
3143 4840 3523 4910 improborum
3578 4848 3585 4855 '

1937 4936 2208 4991 artiﬁcum
2258 4933 2610 5005 iutelligebat
2633 4972 2652 4999 ,
2693 4942 2750 4987 et
2780 4931 2983 5002 populo
3015 4947 3205 4987 earum
3240 4932 3521 4987 turbarum

1939 5035 2191 5081 auctores
2221 5024 2395 5093 ptenis
2442 5022 2677 5079 subdere
2738 5021 2993 5090 parabat,
3048 5022 3274 5075 stultum
3343 5030 3397 5075 et
3452 5023 3523 5076 ab

1928 5117 2088 5172 .omni
2154 5116 2442 5171 honestate
2504 5113 2827 5185 iustitiaque
2872 5112 3113 5167 alienum
3171 5112 3401 5176 ducens,
3450 5114 3527 5167 ob

1940 5209 2303 5280 quorumdam
2335 5209 2751 5276 perversitatem
2781 5214 3107 5259 carterorum
3140 5205 3389 5259 omnium
3437 5220 3527 5259 3a..

1940 5302 2111 5356 lutem
2162 5298 2582 5369 iloecipendere.
2637 5295 2842 5351 Verum
2891 5296 3197 5361 enimvero,
3256 5311 3330 5350 ne
3381 5294 3524 5360 illos,

1942 5407 2053 5449 non
2107 5389 2391 5447 communi
2457 5396 2708 5459 spectato
2758 5387 3156 5452 emolumento,
3227 5388 3324 5443 sed
3381 5388 3528 5457 quod

1943 5484 2099 5554 prius
2128 5482 2197 5538 ab
2220 5482 2379 5536 Anna
2415 5480 2657 5551 Augusta
2683 5480 2987 5543 stetissent,
3012 5479 3265 5549 specioso
3290 5480 3526 5550 quodam

1944 5582 2212 5646 praetextu
2256 5572 2325 5629 ad
2359 5586 2599 5643 poenam.
2633 5585 2832 5627 vocare
2869 5584 3102 5640 seseque
3136 5569 3329 5625 ulcisci
3371 5581 3531 5640 puta-

1945 5674 2121 5731 retur,
2177 5665 2245 5720 iis
2296 5663 2605 5736 plectendis
2659 5662 2970 5732 supersedit
3023 5671 3309 5730 totumque
3357 5673 3530 5728 nego~

1947 5756 2085 5817 tium
2133 5755 2406 5825 reliquum
2441 5753 2716 5825 neglectui
2752 5752 2966 5817 habuit,
2996 5750 3226 5805 multum
3257 5748 3428 5802 lratus
3460 5762 3549 5803 ac

1947 5855 2197 5923 mestus,
2230 5846 2376 5917 quod
2405 5834 2684 5902 se‘contra
2711 5844 2892 5901 hostes
2918 5855 3228 5913 emersuros
3252 5839 3529 5899 instruere
