2014 3234
154 217 190 247 5⁵1
735 217 1008 251 HISTORIARUM
1029 220 1145 251 LIBER
1170 221 1218 254 1V.
1743 222 1778 254 54

152 270 270 298 Τοιαῦτα
290 270 339 306 μὲν
367 270 422 297 τῶν
441 272 659 308 Καντακουζηνῷ
675 274 713 308 τῷ
727 274 834 309 βασιλεῖ
850 284 937 311 προσ-

990 283 1050 302 ccm
1064 275 1128 303 facti
1142 283 1196 303 non
1217 284 1279 304 esse
1302 277 1441 305 consciam
1461 285 1466 302 :
1487 281 1514 309 et
1532 278 1692 313 quaejurata
1712 279 1777 312 sint,

153 316 286 349 κειμένων
300 317 323 342 oi
336 317 363 342 ἐν
382 316 452 342 τέλει
464 318 549 344 εἷπον.
564 317 696 350 Βασιλεὺς
710 319 739 346 δὲ
756 321 807 347 οὐκ
818 320 938 354 ἔφασκεν

152 360 195 393 ἐφ’
206 357 246 391 οἷς
265 360 353 394 ἕτεροι
370 360 525 396 ἐξήμαρτον
545 362 654 396 ἑτέρους
673 363 798 390 εὐθύνειν
813 364 884 391 εἶναι
901 365 940 392 δί-

152 414 240 432 καιον.
257 407 368 438 Βασιλίς
380 415 410 433 τε
424 407 479 443 γὰρ
494 402 642 443 castiga“
657 409 711 435 τῶν
725 411 920 445 γεγενημένων
931 420 938 428 ·

153 451 220 477 ἀλλὰ
232 452 267 477 τὰ
279 452 464 487 ὀμωμοσμένα
478 454 565 480 πάντα
579 455 647 488 μετὰ
656 455 800 490 ἀκριϐείας
814 448 939 490 φαίνεται

155 497 335 530 φυλάττουσα,
351 499 397 524 καὶ
414 498 541 533 βασιλεὺς
563 500 577 525 ὁ
592 500 648 531 υίὸς
663 501 693 527 οὐ
709 501 813 533 δίκαιος
829 502 940 529 εὐθύνε-

157 542 272 569 σθαιδιὰ
284 543 332 577 τὴν
346 543 464 577 ἠλικίαν,
480 546 504 570 εί
519 545 629 577 καὶτοῖς
642 546 681 577 είς
697 548 770 581 ἡμᾶς
786 548 941 583 συνέπρατ-

156 595 202 613 τεν
215 589 410 622 ἀγνωμονῶσι.
434 590 549 624 μάλιστα
576 591 604 617 δέ
619 592 732 619 ἐκείνων
758 594 808 628 τὴν
824 594 941 630 Mcl-rq-

159 635 221 667 ρίαν
243 636 289 659 καὶ
303 635 350 669 τὴν
364 635 456 661 ἄνοιαν
480 637 641 671 θαυμάζειν,
664 640 688 665 εί
710 639 781 673 μετὰ
804 641 940 672 τοσαύτας

159 679 306 712 ἀποδείξεις
321 682 367 714 τῆς
378 683 417 713 είς
427 681 549 716 βασιλίδα
569 684 676 716 εὐνοίας
690 686 737 712 καὶ
753 686 815 716 τοὺς
829 687 939 720 παῖδας,

156 726 198 750 ἔτι
226 726 306 753 διπλᾶ
326 727 390 761 περὶ
405 728 487 754 αὑτοῦ
502 729 655 763 λογίζονται
675 732 724 758 καὶ
748 733 940 767 ἀμφισϐητοῦ-

157 779 211 801 σιν,
225 773 248 798 εὶ
259 772 302 799 διὰ
320 772 412 804 τέλους
425 774 543 808 εὐμενὴς
555 776 648 807 αὐτοῖς
663 777 750 811 μενεῖ.
767 778 804 804 Τὸ
817 778 865 812 μὲν
885 779 940 813 γὰρ

157 818 185 842 ἐν
197 817 321 850 μεγάλοις
338 818 419 845 αὐτον
430 819 480 854 τὴν
492 821 649 855 φιλοτιμίαν
659 823 877 856 ἐπιδείκνυσθαι,
892 825 941 851 καὶ

155 859 199 887 οἷα
218 862 292 889 οὔπω
314 864 442 899 πρότερον
468 867 522 898 τοῖς
545 867 689 902 Ῥωμαίων
715 869 940 904 βεϐασιλευκύσιν

154 909 261 935 etaim
274 910 461 947 ἐφιλοτιμήθη,
473 913 520 938 καὶ
535 913 578 940 διὰ
590 914 670 941 τοῦτο
684 917 806 948 καὶτοὺς
822 916 939 951 βασιλίδι

155 956 369 989 προσκειμένους
390 957 427 991 μὴ
454 958 585 986 δύνασθαι
608 961 693 988 πιστὰ
708 963 847 997 ἡγεῖσθαι,
863 964 939 991 οὐδὲν

155 1000 268 1031 ἀπεικός
303 1002 359 1028 Τίνι
389 1003 444 1038 γὰρ
465 1004 518 1030 τῶν
543 1007 685 1040 προτέρων
701 1008 781 1035 τοῦτο
804 1009 940 1043 βασιλέων

154 1045 302 1080 ἐτολμήθη,
318 1047 385 1074 ὥστε
402 1050 470 1083 μετὰ
480 1050 529 1085 τὴν
549 1053 604 1078 τῶν
617 1053 773 1081 ἀντιπάλων
785 1052 881 1090 ἧτταν,
893 1056 940 1083 καὶ

154 1092 187 1136 τδ
204 1093 293 1119 πᾶσαν
309 1094 352 1127 ὑφ’
370 1095 484 1126 ἑαυτοὺς
508 1098 676 1132 ποιήσασθαι
702 1100 751 1135 τὴν
775 1102 938 1136 ἠγεμονίαν,

155 1135 234 1168 αὖθις
262 1139 441 1174 συνάρχοντας
457 1142 596 1176 αἱρεῖσθαι
611 1145 675 1176 τοὺς
695 1135 847 1182 προτέρους
862 1148 940 1183 βασι-

154 1181 296 1214 λεύοντας·
313 1185 412 1217 μᾶλλον
424 1185 452 1211 δὲ
469 1187 492 1212 el
511 1186 552 1213 δεῖ
563 1188 680 1223 τάληθὲς
700 1181 799 1222 εἰπεῖν,
814 1192 844 1218 τὸ
858 1181 940 1219 ¹πλέον

157 1227 319 1260 προσνέμειν
333 1228 382 1262 τῆς
401 1229 488 1265 ἀρχῆς
501 1232 627 1263 ἐκείνοις,
642 1231 685 1260 οἶα
712 1233 744 1270 δὴ
761 1236 868 1262 ἐκείνου
890 1238 939 1271 μὲν

154 1272 203 1297 ἐπὶ
213 1273 307 1306 χρόνον
323 1275 382 1300 τινὰ
397 1276 453 1306 τοῖς
466 1277 610 1311 πράγμασι
629 1281 812 1314 χρησομένου,
827 1282 940 1315 ἐκείνοις

154 1317 186 1343 δὲ
200 1318 249 1344 καὶ
267 1319 334 1353 πρὶς
348 1320 448 1347 παίδων
465 1321 590 1358 διαδοχὴν
607 1326 743 1360 μενούσης
760 1328 811 1362 τῆς
833 1329 938 1363 ἀρχῆς;

159 1363 269 1395 Πάντως
278 1365 373 1402 οὐδενί.
390 1366 426 1392 To
445 1367 474 1393 δὲ
491 1368 588 1400 αίτιον,
610 1371 651 1396 ὅτι
666 1372 783 1404 ἐκείνοις
800 1373 848 1407 μὲν
864 1375 940 1401 οὐδὲν

155 1409 250 1443 ἓτερον
264 1411 450 1444 ἐσπουδάζετο,
468 1413 484 1448 ἢ
505 1414 533 1445 ἐξ
546 1415 647 1449 ἐτέρων
661 1417 702 1448 εἰς
727 1418 841 1450 ἑαυτοὺς
857 1420 941 1454 μετὰ·

156 1463 215 1488 γειν
229 1456 276 1490 τὴν
288 1457 384 1491 ἀρχὴν,
400 1458 493 1493 ἐτέρου
509 1460 536 1486 δὲ
555 1460 651 1495 ἔμελεν
669 1462 786 1495 οὐδενὸς,
803 1465 900 1500 ἐκείνῳ
912 1466 939 1491 δὲ

155 1501 205 1537 οὺχ
217 1501 312 1533 οὕτως.
333 1503 412 1530 Ἀλλὰ
429 1504 459 1531 τὸ
472 1504 521 1539 μὲν
532 1504 652 1541 ἐξαρχῆς
667 1505 737 1535 εἶναι
755 1509 940 1544 σπουδαζόμε-

156 1557 212 1580 νον,
232 1550 341 1583 σωτῆρα
354 1550 399 1576 καὶ
423 1551 560 1586 κηδεμόνα
576 1554 720 1586 φαίνεσθαι
734 1555 789 1581 τῶν
806 1556 939 1591 βασιλέως

991 328 1103 348 servare
1126 321 1271 357 diligenter
1294 323 1395 356 omnia,
1413 323 1553 358 ﬁliumque
1573 323 1778 358 imperatorem,

991 364 1072 399 727
1093 366 1219 399 quamvis
1232 367 1381 395 malevolos
1396 368 1543 403 adiuverit,
1558 369 1595 396 ob
1611 369 1718 397 consilii
1733 370 1779 397 im-

992 409 1179 443 becillitatem,
1200 415 1230 438 ut
1244 411 1457 446 adolescentem,
1473 414 1572 441 debere
1585 415 1721 442 excusari.
1747 415 1780 442 ll-

992 456 1080 483 lorum
1094 456 1238 484 stultitiam
1253 459 1491 494 temeritatemque
1507 466 1536 486 se
1551 460 1694 493 admirari,
1717 468 1779 488 cum

992 507 1053 536 post
1079 505 1134 528 tam
1148 502 1220 529 clara
1242 501 1441 532 benevolentiae
1455 512 1511 532 suae
1537 505 1563 532 in
1580 506 1779 540 imperatricem

992 555 1023 574 ac
1047 547 1116 574 ﬁlios
1135 553 1308 583 argumenta,
1324 550 1414 577 adhuc
1437 551 1542 578 utrovis
1557 551 1687 579 distracta
1708 553 1781 588 cogi—

993 594 1096 621 tatione
1112 594 1263 630 ambigant,
1282 596 1380 629 ecquid
1405 595 1438 622 ad
1463 598 1544 624 ﬁnem
1560 597 1586 623 in
1603 605 1634 624 ea
1652 605 1780 632 perseve-

993 644 1102 665 raturus
1122 639 1173 666 sit.»
1194 639 1264 672 Quia
1292 640 1365 667 enim
1391 640 1418 667 in
1443 640 1537 668 arduis
1563 642 1721 675 elaborarit,
1752 648 1780 670 ct

992 691 1053 718 quae
1067 692 1150 712 nemo
1167 685 1350 718 Romanarum
1368 686 1563 721 imperitorum
1579 688 1690 715 efﬁcere
1704 692 1779 716 tanta

992 729 1170 756 contentione
1186 731 1332 763 Studuerit,
1349 737 1491 765 propterea
1512 733 1613 760 amicos
1627 734 1781 767 impcratri-

993 773 1034 800 eis
1049 773 1156 801 ﬁdelem
1168 774 1258 809 ipsum
1273 775 1331 802 fore
1345 783 1399 803 non
1418 777 1539 809 credere,
1562 778 1628 806 nihil
1650 786 1712 806 esse
1732 780 1780 807 ab-

992 819 1119 846 surdum.
1134 819 1277 847 Neminem
1296 821 1370 847 enim
1387 829 1419 848 ex
1433 823 1606 857 superiorum
1627 828 1779 859 temporum

993 865 1215 899 imperatoribus,
1243 871 1304 901 post
1326 867 1477 896 debellatos
1495 870 1666 898 adversarios
1697 876 1724 898 et
1739 880 1781 898 rc-

992 909 1102 938 dactum
1128 912 1179 939 sub
1196 919 1225 939 se
1257 912 1416 940 universum
1447 914 1603 949 imperium,
1635 916 1683 950 qui
1704 917 1780 951 prius

991 957 1172 991 imperaram,
1187 958 1279 986 denuo
1290 959 1407 994 collegas
1422 961 1556 988 asciscere
1573 969 1669 989 ausum
1684 963 1778 997 fuisse,

991 1001 1057 1034 imo,
1086 1003 1108 1029 si
1121 1003 1193 1038 quod
1212 1011 1254 1030 res
1269 1008 1312 1031 est
1331 1003 1407 1031 fateri
1436 1006 1561 1038 velimus,
1580 1008 1713 1041 potiorem
1730 1009 1781 1034 im-

991 1048 1058 1082 perii
1080 1053 1186 1083 partem
1211 1048 1264 1076 illis
1291 1049 1454 1081 atlribuere,
1480 1056 1509 1077 ut
1532 1059 1561 1078 se
1588 1053 1716 1080 uilu'rum
1746 1055 1779 1081 ad

992 1097 1100 1127 tempus
1126 1094 1235 1128 aliquod
1269 1100 1427 1129 regnatura,
1458 1096 1511 1123 illis
1537 1104 1600 1123 vero
1635 1099 1718 1125 etiam
1747 1100 1779 1126 ad
1821 1102 1825 1106 '

992 1139 1093 1166 liberos
1121 1140 1268 1174 imperium
1296 1141 1512 1169 transmissuris.
1544 1144 1660 1171 Causam
1684 1145 1778 1178 fuisse,

991 1185 1062 1219 quod
1088 1185 1114 1211 in
1139 1192 1174 1212 eo
1196 1185 1286 1212 omnis
1303 1193 1397 1213 eorum
1427 1195 1493 1214 cura
1520 1188 1673 1222 evigilaret,
1691 1191 1781 1218 omnis

991 1229 1126 1264 cogitatio
1156 1235 1324 1263 verteretur,
1353 1232 1491 1266 quomodo
1504 1233 1538 1260 ab
1559 1234 1619 1261 aliis
1636 1235 1779 1269 imperium

990 1274 1025 1302 ad
1040 1282 1069 1301 se
1084 1275 1274 1303 transferrent.
1294 1276 1353 1303 Alia
1370 1285 1399 1304 se
1416 1278 1458 1304 via
1474 1278 1620 1306 incessisse
1633 1288 1639 1305 :
1651 1281 1685 1307 ab
1701 1280 1781 1308 initio

990 1319 1064 1347 enim
1082 1321 1108 1347 id
1132 1329 1242 1356 operam
1257 1322 1375 1354 dedisse,
1395 1328 1424 1350 ut
1446 1329 1598 1356 constaret,
1618 1332 1647 1352 se
1664 1326 1781 1352 ﬁliorum

990 1366 1073 1393 amici
1089 1367 1261 1401 imperatoris
1275 1369 1395 1396 defuncti
1419 1373 1538 1397 tutorem
1560 1375 1587 1397 et
1612 1376 1781 1399 servatorem

989 1419 1061 1444 esse,
1076 1420 1107 1439 ac
1125 1413 1204 1444 nihil.
1222 1413 1305 1441 etiam
1324 1418 1388 1448 post
1407 1415 1511 1441 obitum
1531 1415 1614 1449 illius,
1637 1417 1779 1444 amborum

990 1458 1109 1486 amicitia
1131 1458 1272 1495 indignum
1296 1465 1476 1495 perpetraret.
1505 1461 1582 1494 Quod
1601 1471 1665 1490 vero
1688 1468 1780 1498 postea

992 1503 1020 1531 in
1044 1503 1188 1538 imperium
1215 1506 1330 1537 venerit,
1357 1513 1414 1533 non
1446 1506 1473 1533 id
1502 1507 1544 1534 sui
1577 1507 1725 1535 arbitratus
1749 1516 1782 1536 ac

990 1549 1149 1581 voluntatis,
1169 1558 1258 1583 neque
1280 1550 1449 1583 ambitionis,
1476 1552 1538 1586 quia
1555 1552 1675 1580 honores
1692 1553 1781 1587 impe-

155 1593 203 1619 τοῦ
214 1594 290 1626 φίλου
305 1595 418 1628 παίδων,
439 1597 484 1623 καὶ
507 1598 590 1632 μηδὲν
607 1599 716 1631 ἀνάξιον
727 1600 776 1635 τῆς
787 1602 826 1632 εἰς
838 1603 939 1629 ἐκεῖνον

993 1594 1109 1621 ratorios
1125 1595 1216 1621 sitiret
1231 1595 1316 1629 (quos
1339 1597 1421 1622 etiam
1440 1596 1534 1623 habitu
1551 1601 1660 1624 retento
1684 1605 1782 1625 consc-

157 1640 246 1672 φιλίας
265 1641 380 1675 ὁρᾶσθαι
403 1643 532 1671 ποιοῦντα
551 1644 599 1671 καὶ
619 1645 688 1679 μετὰ
715 1646 855 1682 τελευτὴν,
872 1649 902 1675 τὸ
917 1650 940 1676 δ’

157 1686 269 1720 ὕστερον
283 1687 370 1713 ἐλθεῖν
386 1688 432 1714 ἐπὶ
451 1689 499 1723 τὴν
515 1689 665 1724 βασιλειαν,
693 1692 724 1718 οὐ
745 1697 940 1728 προαιρέσεως

159 1732 226 1763 ἰδίας
244 1730 320 1763 εἶναι,
349 1734 401 1760 οὐδ’
421 1735 567 1768 ἐπιθυμίας
594 1738 676 1771 τιμῆς
702 1739 844 1774 βασιλικῆς
871 1741 940 1776 (τὴν

158 1779 219 1811 ῐσῃν
232 1779 284 1813 γὰρ
306 1780 367 1813 ἐξῆν
384 1782 552 1815 καρποῦσθαι
567 1784 679 1817 μένοντα
703 1786 750 1811 καὶ
769 1787 814 1812 ἐπὶ
833 1788 940 1822 σχήμα-

157 1823 225 1854 τος),
239 1824 305 1850 ἀλλὰ
318 1825 366 1859 τῆς
384 1826 514 1860 ἀνάγκης,
532 1828 581 1862 ἤδη
597 1829 643 1854 τοῦ
661 1831 793 1864 ἐμφυλίου
821 1833 940 1865 πολέμου

159 1870 352 1903 κεκινημένου·
370 1871 504 1901 σώζεσθαι
525 1874 579 1906 γὰρ
594 1874 693 1908 ἑτέρως
711 1876 759 1901 οὐκ
780 1877 854 1910 ἐνῆν,
869 1876 942 1904 οὕτω

159 1914 398 1949 καταψηφισθέντα
409 1916 457 1951 τὴν
470 1918 515 1942 ἐπὶ
527 1917 642 1945 θάνατον
657 1920 775 1954 ἐρήμην.
792 1922 876 1947 Οὐδὲν
891 1922 941 1955 μέν

158 1957 207 1984 οὖν
222 1958 377 1992 Θαυμαστὸν
393 1960 521 1994 ἔφασκεν,
546 1964 569 1988 εί
599 1965 646 1990 καὶ
672 1966 769 1991 ἐκεῖνοι
794 1968 851 1996 τοῖς
869 1966 941 1992 οὕτω

160 2003 289 2036 μεγάλοις
302 2004 472 2037 ἀπιστοῦσιν,
492 2007 578 2032 ἐκεῖνο
593 2008 621 2033 δὲ
633 2009 737 2035 δίκαιον
750 2011 839 2036 αὐτῶν
853 2019 939 2045 κατη-

159 2050 261 2083 γορεῖν,
278 2050 302 2075 εἰ
331 2050 376 2075 καὶ
399 2051 466 2084 μετὰ
490 2052 539 2086 τὴν
562 2054 663 2087 ἐναργῆ
686 2055 739 2080 τῶν
767 2056 941 2090 πραγμάτων

159 2094 271 2120 ἔκῦασιν
281 2095 320 2121 ἐτι
334 2096 453 2123 δυσνοεῖν
468 2098 547 2124 αὐτὸν
571 2100 635 2133 περὶ
653 2100 786 2135 βαςιλίδα,
802 2102 849 2128 καὶ
876 2103 941 2134 τοὺς

158 2141 257 2171 παῖδας
272 2141 381 2169 οἴονται.
402 2142 431 2168 Εἰ
449 2143 501 2177 γὰρ
525 2144 652 2179 τοιαύτην
674 2144 731 2180 εἶχε
749 2148 874 2182 γνώμην,
890 2148 941 2175 οὐκ

159 2186 193 2212 ἂν
207 2186 342 2220 προήκατο
352 2187 395 2213 τὸν
416 2189 511 2222 καιρὸν
530 2190 611 2223 ἡνίκα
629 2191 774 2222 Βυζαντίου
792 2193 840 2227 μὲν
856 2195 940 2229 ἐκρά-

158 2240 200 2257 τει
211 2232 253 2266 βία
266 2233 331 2258 ἐλὼν
346 2235 400 2264 τοῖς
414 2234 514 2266 ὅπλοις,
526 2235 629 2269 βασιλὶς
644 2237 672 2262 δὲ
685 2238 754 2271 μετὰ
765 2239 819 2264 τῶν
836 2240 939 2268 παίδων

160 2280 189 2303 ἐν
206 2277 348 2312 βασιλείοις
361 2280 554 2314 ἐπολιορκεῖτο,
577 2282 720 2316 ἐπικουρία
743 2284 770 2310 δὲ
787 2284 937 2318 οὐδαμόθεν

159 2321 205 2357 ἦν,
233 2324 334 2357 ἀπορία
359 2325 386 2351 δὲ
410 2326 463 2352 τῶν
486 2327 642 2360 ἀναγκαίων
675 2329 809 2363 παντελὴς
837 2331 885 2357 καὶ
913 2331 939 2357 οἱ

160 2370 285 2400 συνόντες
307 2371 492 2403 ἐπεὸούλευον,
521 2373 567 2398 καὶ
592 2374 690 2408 κομιδῇ
708 2375 797 2401 πάντα
822 2373 893 2409 ἦσαν
908 2376 938 2403 ἐν

160 2413 261 2447 στενῷ·
280 2415 371 2441 νεῦσαι
393 2416 419 2441 δὲ
435 2416 545 2451 ἐξήρκει
562 2418 653 2451 μόνον,
669 2421 715 2446 καὶ
729 2420 832 2451 πάντας
850 2421 936 2456 ἄρδην

160 2458 316 2485 ἀπολέσθαι.
343 2460 372 2485 Ei
389 2460 416 2486 δέ
438 2462 497 2487 τότε
514 2463 600 2489 πάντα
621 2463 751 2497 πράττειν
773 2465 842 2498 ἔχων
860 2465 938 2500 εὐχε-

160 2504 225 2538 ρῶς,
244 2505 275 2531 οὐ
289 2505 322 2532 τὰ
342 2506 437 2540 ἥδιστα
465 2507 563 2541 μᾶλλον
586 2509 601 2543 ἢ
617 2509 650 2535 τὰ
666 2509 793 2543 βέλτιστα
810 2510 938 2545 ἠθέλησε,

159 2551 207 2576 καὶ
233 2550 329 2585 ὅρκους
353 2552 503 2586 παρέσχετο
521 2553 565 2579 ἐπ’
591 2555 728 2589 ἀμνηστίᾳ
748 2556 804 2581 τῶν
832 2556 934 2589 κακῶν,

159 2596 281 2631 ἀνάγκης
302 2597 428 2633 οὐδεμιᾶς
442 2598 573 2633 ὑπούσης,
590 2600 637 2626 καὶ
650 2601 699 2634 τὴν
722 2601 860 2635 Θυγατέρα
877 2601 938 2635 ἐξὲ-

158 2641 227 2667 ὄωκ
243 2642 281 2676 τῷ
295 2643 346 2677 νέῳ
361 2643 475 2677 βασιλεῖ,
494 2645 539 2670 καὶ
553 2645 640 2671 πάντα
659 2645 788 2679 ἔπραξεν,
808 2647 859 2672 ὅσα
882 2646 937 2673 οὐδ’

159 2685 191 2712 ἂι
207 2683 246 2717 εἷς
259 2687 313 2714 τῶν
324 2688 411 2722 ἄκραν
428 2688 634 2723 εὐγνωμοσύνης
647 2691 809 2717 ἐννοοὺντων
823 2692 937 2725 ἤλπισεν

159 2733 317 2768 ὑπερϐολὴν,
333 2733 384 2759 τίν’
397 2733 453 2768 ἔχει
464 2734 540 2768 λόγον
552 2735 714 2761 ὑποπτεύειν
726 2736 783 2768 νῦν,
799 2737 845 2762 καὶ
860 2737 937 2771 νομί-

158 2777 214 2808 ζειν
225 2779 391 2814 ὀφθήσεσθαί
406 2788 471 2805 ποτε
493 2781 575 2807 κακὸν
600 2791 631 2807 πε
638 2782 664 2816 pl.
678 2782 790 2816 βασιλέα
804 2783 849 2809 τὰν
864 2791 936 2818 γαμ-

158 2824 230 2858 όρδν,
246 2825 303 2851 ἀλλ’
322 2825 453 2860 οὐδεμίαν
474 2826 630 2853 ἀπολείπειν
654 2829 746 2859 ἀνοίας
762 2828 934 2864 ὑπερϐολήνς

126 2876 133 2893 ³.
159 2869 245 2896 Ταῦτα
268 2871 317 2905 μὲν
330 2869 388 2903 οὖν,
410 2870 538 2904 ἔφασκεν,
555 2873 669 2904 ἐκείνοις
686 2882 715 2900 τε
741 2874 849 2908 ἔλεγχος
868 2875 936 2909 πρὸς

157 2915 204 2950 τὴν
219 2916 426 2952 ἀγνωμοσύνην,
454 2917 498 2942 καὶ
514 2917 575 2952 ὑμῖν
595 2919 660 2953 πρὸς
676 2920 724 2954 τὴν
742 2921 851 2952 ἀξίωσιν
866 2922 934 2947 ἁπο-

991 1639 1039 1675 qui
1064 1640 1203 1673 licuerit),
1219 1640 1267 1667 sed
1283 1640 1456 1669 necessitatis
1489 1641 1583 1674 fuisse,
1606 1643 1677 1669 bello
1708 1642 1780 1670 civili

988 1685 1044 1720 jam
1073 1685 1205 1719 ﬂagrante
1220 1686 1372 1714 videlicet:
1395 1687 1476 1714 aliter
1490 1688 1600 1723 quippe.
1622 1689 1711 1724 capite
1733 1697 1782 1718 suo

990 1729 1113 1756 absentis
1128 1730 1184 1764 jam
1204 1730 1302 1758 devoto
1326 1736 1354 1758 et
1372 1737 1534 1759 consecrato
1553 1752 1563 1768 ,
1595 1734 1699 1761 salvum
1718 1741 1783 1763 esse

990 1784 1046 1803 non
1066 1776 1197 1809 potuisse.
1214 1776 1305 1809 Quare
1330 1778 1399 1805 nihil
1427 1778 1538 1812 mirum,
1557 1781 1579 1807 si
1607 1785 1636 1807 et
1663 1781 1700 1807 illi
1727 1787 1781 1808 tam

991 1822 1131 1849 inusitatis
1149 1822 1229 1850 ﬁdem
1251 1823 1394 1858 derogent.
1415 1824 1481 1851 Illud
1498 1824 1524 1852 iu
1541 1825 1607 1860 ipsis
1621 1825 1684 1860 jure
1700 1834 1783 1853 aecu-

992 1869 1117 1902 saudum,
1145 1869 1166 1895 si
1195 1874 1256 1903 post
1283 1877 1375 1897 rerum
1406 1874 1536 1897 eventum
1574 1871 1643 1898 adeo
1676 1872 1781 1899 clarum

990 1915 1081 1941 adhuc
1096 1922 1158 1942 eum
1175 1915 1339 1950 impcratrici
1357 1920 1384 1943 et
1401 1916 1462 1943 ﬁliis
1479 1916 1540 1950 ejus
1555 1917 1692 1944 infensum
1708 1918 1782 1944 arbi-

992 1964 1110 1986 trentur.
1134 1959 1241 1986 Etenim
1269 1959 1292 1986 si
1308 1960 1366 1987 lucc
1388 1960 1440 1988 sibi
1470 1969 1548 1987 mens
1575 1961 1682 1993 luisset,
1707 1962 1732 1988 vi
1755 1967 1782 1989 et

990 2005 1075 2032 armis
1089 2009 1222 2040 occupato
1237 2005 1379 2039 Byzantio,
1394 2013 1456 2033 cum
1485 2014 1515 2033 ea
1531 2011 1557 2034 et
1573 2007 1620 2034 lilii
1637 2007 1663 2034 in
1683 2009 1782 2042 palatio

990 2051 1195 2083 obsiderentur,
1210 2052 1340 2078 auxilium
1363 2060 1497 2086 nusquam
1517 2058 1670 2087 appareret,
1689 2061 1782 2081 rerum

990 2097 1209 2125 necessariarum
1227 2103 1348 2125 extrema
1370 2101 1480 2132 urgeret
1506 2098 1609 2132 inopia,
1635 2099 1781 2127 domestici

989 2143 1198 2174 iusidiarentur,
1214 2147 1241 2170 et
1252 2143 1344 2169 omnia
1363 2143 1449 2170 ferme
1468 2143 1496 2170 in
1518 2149 1636 2179 angusto
1661 2145 1716 2172 illis
1735 2154 1782 2173 es-

990 2194 1061 2223 sent,
1078 2194 1238 2225 tantumque
1256 2194 1339 2217 nutus
1352 2190 1387 2217 ad
1403 2198 1499 2218 omnes
1516 2190 1639 2218 funditus
1650 2191 1782 2220 delenitos

990 2235 1139 2267 saliiceret,
1164 2235 1395 2270 opportunitatem
1416 2242 1431 2262 e
1453 2235 1581 2262 manibus
1602 2236 1782 2265 dimissurum

953 2277 976 2306 D
991 2289 1046 2308 non
1065 2281 1157 2308 fuisse.
1173 2280 1251 2314 Quod
1263 2280 1285 2308 si
1296 2284 1371 2314 tunc,
1384 2281 1492 2315 quando
1509 2282 1584 2309 nullo
1601 2282 1783 2318 impedimen-

992 2331 1020 2354 to
1041 2326 1130 2354 facere
1155 2326 1263 2361 quidvis
1278 2331 1395 2361 poterat,
1417 2335 1472 2353 non
1500 2327 1707 2362 iucundissima.
1733 2332 1781 2357 sed

993 2372 1139 2399 utilissima
1173 2372 1318 2404 maluerit,
1361 2372 1577 2407 iujuriarumque
1615 2374 1781 2403 oblivionem

990 2419 1135 2452 iuraverit,
1151 2426 1213 2445 cum
1236 2419 1386 2446 necessitas
1404 2418 1478 2446 nulla
1503 2424 1638 2451 moneret,
1654 2424 1682 2447 et
1699 2420 1783 2447 ﬁliam

991 2463 1159 2491 adolescenti
1188 2465 1346 2498 imperatori
1364 2464 1524 2496 ’locaverit,
1554 2464 1701 2501 omniaque
1715 2474 1783 2501 prm-

992 2511 1104 2541 Stiterit.
1129 2518 1188 2546 quae
1218 2518 1270 2538 nec
1294 2518 1310 2537 a
1331 2518 1439 2538 summa
1463 2511 1595 2538 bonitatis
1621 2512 1784 2540 excellentia

992 2556 1128 2591 quispiam
1153 2556 1330 2591 speravisset,
1344 2556 1427 2591 728
1442 2563 1492 2583 cur
1510 2556 1570 2583 sine
1585 2557 1692 2584 ratione
1708 2566 1782 2585 nunc

991 2602 1178 2636 suspicentur,
1196 2606 1224 2629 et
1242 2601 1389 2636 aliquando
1406 2601 1432 2628 in
1445 2609 1574 2636 generum
1589 2602 1780 2637 imperatorem

992 2647 1147 2681 improbum
1172 2651 1309 2682 repertum
1332 2648 1378 2680 iri,
1396 2652 1424 2675 ct
1441 2648 1468 2675 in
1489 2656 1553 2675 eum
1571 2648 1640 2675 nihil
1655 2650 1782 2677 amentia:

991 2695 1238 2728 praetermissurum
1255 2694 1427 2722 existiment?
1451 2694 1512 2721 Haec
1527 2695 1621 2728 igitur,
1639 2695 1737 2730 inquit,
1755 2700 1782 2722 et

992 2739 1046 2766 illis
1075 2739 1108 2766 ad
1131 2739 1305 2774 iniquitatem
1333 2747 1428 2767 eorum
1456 2739 1685 2775 redarguendam,
1702 2745 1729 2769 et
1747 2740 1781 2767 ad

992 2785 1116 2819 petitioni
1132 2789 1227 2813 vestrae
1251 2785 1475 2820 respondendum
1490 2786 1616 2813 dixerim.
1632 2786 1688 2813 Nec
1706 2787 1779 2813 enim

991 2838 1081 2863 aequa.
1098 2831 1178 2863 addo,
1195 2838 1246 2858 uec
1262 2838 1321 2866 quae
1336 2830 1395 2858 ﬁeri
1410 2836 1512 2865 queant
1536 2831 1672 2866 cogitatis.
1691 2831 1782 2864 Impe—

992 2880 1110 2903 ratorem
1135 2877 1208 2903 enim
1237 2884 1367 2911 generum
1384 2884 1473 2903 meum
1502 2876 1627 2904 occidere
1647 2883 1700 2903 non
1718 2884 1781 2910 pos-

990 2929 1062 2956 sum,
1076 2927 1243 2958 nequepost
1267 2922 1427 2951 collocatam
1454 2922 1537 2949 tiliam
1560 2929 1647 2950 meam
1665 2922 1782 2956 imperio
