4028 6472
462 421 532 480 55
1630 423 1868 484 ΙΟΑΝΝ
1877 424 1949 485 IS
1985 424 2043 485 Cl

2144 423 2517 484 l‘ACUZENl
3641 426 3710 486 56

463 529 772 586 deturbare.
811 528 1000 600 Neque
1038 548 1168 587 vero
1209 542 1437 586 matrem
1472 531 1590 600 eius
1641 533 1938 602 Augustam
1969 535 2039 587 ob

2144 534 2316 602 λογίαι
2341 535 2414 587 Οὐ
2445 533 2553 604 γὰρ
2581 533 2784 594 δίκαια,
2819 533 2940 585 οὐδέ
2965 533 3136 596 ἄλλως
3170 534 3434 587 ἐννοεῖσθε
3475 535 3669 589 δυνατά
3695 553 3709 567 ⁸

462 637 546 684 ea,
571 636 801 690 quorum
841 621 1058 676 conscia
1103 638 1210 676 non
1243 633 1344 684 est,
1372 637 1633 677 accusare
1684 625 1864 677 decet.
1899 622 2043 687 Quin

462 726 562 782 ego
616 711 804 767 ambos
864 727 928 767 ea
985 714 1365 768 benevolentia
1442 721 1498 769 et
1539 713 1891 768 veneratione
1935 713 2042 769 coli

461 803 606 867 volo,
636 819 798 872 quam
842 805 1101 874 maiestas
1159 804 1503 874 imperatoria
1549 803 1809 874 postulat.
1845 806 1888 855 Α
1927 817 2044 857 sce-

462 895 648 949 leratis
707 905 888 950 autem
948 897 1054 950 illis
1107 907 1163 951 et
1203 897 1524 951 insidiarum
1579 897 2041 965 compositoribus

461 986 683 1040 meritas
709 988 933 1057 periurii
979 1003 1167 1056 poenas
1200 997 1469 1058 expetam.
1513 986 1636 1042 lla‘c
1667 989 1766 1042 fuit
1804 990 2041 1060 impera-

463 1077 596 1130 toris
653 1079 718 1131 ad
778 1093 1037 1148 proceres
1091 1083 1288 1145 oratio,
1340 1097 1438 1150 pro
1469 1098 1534 1136 eo
1564 1082 1711 1153 quod
1756 1081 1934 1150 ipsum
1984 1082 2038 1134 in

463 1168 648 1220 odium
703 1169 1087 1238 imperatricis,
1121 1179 1178 1224 et
1218 1172 1402 1238 generi
1437 1171 1778 1240 imperatoris
1813 1180 2038 1239 eruptu-

463 1273 582 1311 rum
631 1268 1002 1327 speraverant.
1062 1261 1162 1324 Qui
1203 1270 1262 1314 ut
1315 1277 1374 1314 se
1427 1276 1648 1330 Operam
1705 1261 1954 1330 perdere,
1983 1270 2039 1314 et

462 1349 608 1416 quod
665 1351 953 1416 proverbio
985 1350 1178 1412 fertur,
1207 1353 1260 1404 in
1306 1351 1501 1405 cwlum
1546 1351 1772 1421 iaculari
1800 1366 2035 1421 agnove-

465 1443 614 1495 runt,
645 1435 788 1489 illius
822 1437 1122 1492 mutatione
1169 1439 1477 1509 desperata,
1516 1441 1582 1494 ad
1617 1440 1826 1494 lrenem
1867 1441 2036 1510 impe-

465 1523 717 1578 ratricem
751 1541 809 1578 se
831 1527 1203 1590 contulerunt,
1231 1531 1330 1583 rati
1365 1545 1482 1604 eam
1517 1546 1573 1583 se
1609 1541 2032 1600 expugnaturos,

463 1630 931 1686 persuasurosque
985 1627 1045 1672 ut
1086 1621 1187 1674 sibi
1254 1630 1506 1688 tanquam
1549 1620 1686 1674 bene
1745 1623 2036 1678 monituris

463 1721 624 1759 aures
658 1707 834 1760 daret.
891 1707 1158 1762 Caeterum
1215 1711 1306 1762 ubi
1356 1711 1445 1763 illa
1497 1712 1712 1775 eadem,
1737 1712 1818 1765 vel
1867 1712 2032 1766 etiam

463 1792 736 1845 severiora
814 1796 1132 1862 respondit,
1184 1805 1346 1865 atque
1420 1814 1450 1851 a
1507 1799 1765 1854 Romanis
1834 1801 2030 1856 iterum

464 1885 675 1953 niagnis
731 1885 1135 1941 calamitatibus
1187 1889 1485 1943 obruendis
1537 1889 1804 1944 facessere
1849 1893 2033 1960 iussit,
2068 1865 2108 1921 Β

465 1971 712 2028 nonnulli
758 1976 974 2044 quidem
1021 1979 1548 2047 reprehensionibus
1591 1980 1711 2035 istis
1739 1982 2034 2048 pudefacti,

463 2067 687 2120 omnino
729 2067 1075 2135 quieverunt,
1143 2069 1259 2137 alii,
1312 2072 1560 2126 homines
1611 2073 1666 2126 in
1709 2087 1860 2126 omni
1925 2073 2038 2127 vita

465 2157 760 2211 turbulenti
812 2174 875 2212 ac
919 2159 1188 2226 seditiosi,
1241 2177 1365 2215 cum
1421 2179 1646 2230 pausam
1705 2165 2036 2234 aliquantam

465 2247 747 2314 fecissent,
801 2249 1117 2304 Matthaeum
1173 2253 1340 2307 filium
1395 2255 1744 2322 induxerunt,
1777 2267 1836 2311 ut
1884 2257 2040 2326 Didy—

462 2341 784 2407 motielnnn,
826 2342 1261 2412 Adrianopolim,
1315 2354 1370 2400 et
1427 2346 1482 2400 in
1517 2348 1750 2402 circuitu
1781 2347 2039 2418 oppidula

465 2442 782 2500 occuparet,
838 2432 1082 2501 ipsisque
1143 2435 1530 2503 adjuvantibus
1578 2439 1858 2507 proprium
1893 2441 2040 2509 prin-

464 2524 706 2594 cipatum
732 2523 1004 2579 fundaret.
1040 2524 1307 2582 Factiosis
1335 2527 1403 2582 ad
1441 2529 1591 2584 illum
1625 2529 1914 2586 deficiendi
1959 2533 2042 2585 in-

461 2617 824 2670 vitamentum
863 2625 918 2670 et
965 2619 1181 2672 occasio
1208 2629 1348 2682 erat,
1381 2621 1524 2689 quod
1561 2632 1714 2691 pater
1747 2626 2042 2692 imperator

461 2717 586 2778 post
642 2707 788 2761 mille
852 2709 1065 2762 labores
1124 2719 1287 2780 atque
1342 2713 1608 2781 pericula,
1676 2723 1732 2769 et
1795 2731 2040 2769 amorem

462 2799 795 2868 prtecipuum
821 2815 944 2870 erga
974 2816 1070 2856 eos
1104 2803 1572 2872 demonstratum,
1616 2807 1866 2861 hostibus
1897 2809 2042 2863 devi-

465 2891 588 2952 ctis,
641 2889 908 2944 Joannem
967 2909 1252 2962 generum,
1301 2911 1401 2948 nec
1442 2897 1592 2950 illum
1628 2898 1914 2963 duntaxat,
1947 2902 2041 2955 sed

465 2981 762 3034 familiares
790 2983 915 3050 eius
953 2997 1146 3036 omnes
1182 2985 1562 3038 benevolentia
1614 2988 1920 3055 praeferret,
1946 3002 2044 3041 nec

465 3073 675 3127 sineret
730 3074 1114 3140 bona,quibus
1163 3079 1438 3128 essentab
1480 3077 1587 3130 illis
1637 3077 1868 3142 multati,
1907 3080 2040 3132 reei-

2147 624 2382 677 Βασιλέα
2431 625 2542 695 γὰρ
2591 626 2682 678 τὸν
2735 624 2868 693 ἐμὸν
2903 623 3152 694 γαμϐρὸν
3191 623 3316 677 οὔτε
3363 627 3708 680 ἀποκτείνειν

2145 716 2391 782 δυνατὸν,
2427 715 2540 768 οὐτ’
2580 715 2903 795 ἀποστερεῖν
2953 717 3051 786 τῆς
3103 716 3383 787 βασιλείας
3433 717 3570 786 μετά
3618 719 3744 787 τῆς,

2143 806 2410 877 θυγατρὸς
2456 807 2546 859 τὸν
2596 807 2794 876 γάμον.
2826 806 2963 860 Οὐτε
2996 809 3102 878 μὴν
3159 807 3394 878 βασιλίδι
3428 813 3494 878 τῇ
3544 798 3742 885 μητρίξ

2141 897 2346 951 δίκαιον
2373 898 2623 966 ἐγκαλεῖν
2671 898 2756 966 ἐφ’
2785 894 2867 962 οἷς
2912 899 3064 953 οὐδὲν
3093 899 3332 970 συνῄδει,
3362 900 3497 953 ἀλλὰ
3529 904 3710 954 πᾶσαν
3735 895 3748 946 ἶ

2141 989 2323 1051 αὐτοῖς
2353 990 2651 1058 προσάγειν
2677 987 2940 1064 βούλομαι
2977 989 3184 1051 πάντας
3226 991 3320 1042 καὶ
3346 984 3443 1059 τὴν
3502 989 3717 1043 εὐνοιαν
3737 981 3756 1020 Ὗ

2140 1083 2235 1134 καὶ
2287 1083 2384 1151 τὴν
2437 1081 2596 1146 αἰδὼ,
2630 1079 2814 1144 καθὼς
2848 1081 3118 1150 προσήκει
3161 1080 3460 1150 βασιλεῦσι.
3500 1081 3639 1143 Τοὺς
3670 1081 3716 1134 δ’

2138 1173 2632 1241 ἀγνωμονήσαντας
2674 1172 2936 1236 ἐκείνους,
2991 1172 3088 1224 καὶ
3125 1171 3408 1240 ῥάψαντας
3447 1172 3548 1242 τὴν
3589 1173 3716 1224 ἐπι-

2138 1262 2336 1332 ϐουλὴν
2356 1262 2465 1330 ἐγὼ
2484 1263 2582 1325 τὰς
2612 1262 2770 1326 ἀξίας
2795 1263 2895 1331 τῆς
2919 1264 3205 1331 ἐπιορκίας
3229 1263 3516 1330 ἀπαιτήσω
3536 1262 3714 1323 δίκας.

2150 1353 2208 1407 Ὀ
2239 1355 2336 1424 μὲν
2368 1351 2462 1407 οὖν
2492 1353 2746 1422 βασιλεὺς
2771 1351 2995 1405 τοιαῦτα
3026 1354 3136 1414 τοῖς
3157 1353 3214 1404 ἐν
3242 1352 3382 1405 τέλει
3415 1351 3715 1421 διειλέχθη,

2134 1445 2220 1513 ἐφ’
2240 1439 2319 1507 οἷς
2347 1443 2577 1515 ἤλπιζον
2595 1443 2760 1497 αὐτὸν
2783 1441 3110 1513 ἐξορμήσειν
3139 1443 3231 1495 ἐπὶ
3257 1444 3319 1495 τὸ
3370 1443 3556 1506 κακῶς
3586 1447 3719 1512 περὶ

2138 1536 2382 1606 βασιλίδα
2457 1535 2790 1589 διατίθεσθαι
2852 1534 2946 1587 καὶ
2998 1533 3225 1604 βασιλέα
3290 1538 3381 1587 τὸν
3438 1536 3713 1606 γαμϐρόν.

2147 1627 2298 1680 Ἐπεὶ
2347 1626 2404 1679 δὲ
2451 1627 2648 1678 ἐκεῖνοι
2677 1624 2922 1692 ἔγνωσαν
2951 1624 3238 1692 ἀνηνύτοις
3274 1626 3712 1694 ἐπιχειροῦντες,
3795 1657 3798 1660 ~

2133 1721 2230 1773 καὶ
2253 1719 2312 1771 τι
2335 1719 2654 1786 λεγόμενον,
2678 1715 2986 1780 τοξεύοντες
3013 1717 3092 1778 εἰς
3113 1716 3718 1786 οὐρανὸν,άπογνόντες

2134 1810 2193 1862 τὸ
2232 1811 2439 1862 ἐκεῖνον
2468 1807 2844 1879 μεταπείθειν,
2895 1807 2988 1859 ἐπὶ
3041 1807 3291 1876 βασιλίδα
3337 1807 3580 1876 ἐχώρουν
3615 1807 3718 1876 τὴν

2144 1901 2402 1971 Εἰρήνην,
2418 1903 2653 1966 οἰόμενοι
2673 1899 3127 1970 περιγενήσεσθαι
3149 1900 3361 1966 ἐκείνης
3393 1901 3488 1951 καὶ
3502 1899 3718 1952 πείσειν

2140 1993 2322 2053 αὐτοῖς
2353 1992 2640 2060 προσέχειν
2663 2029 2678 2054 ,
2705 1990 2779 2052 ὡς
2807 1990 3058 2058 λυσιτελῆ
3095 1991 3532 2059 βοσκευομὲνοις.
3551 1989 3637 2052 Ὦς
3657 1989 3720 2042 δὲ

2140 2082 2233 2135 καὶ
2262 2081 2400 2151 αὐτὴ
2423 2085 2540 2150 ταῖς
2580 2081 2726 2144 ἴσαις
2773 2081 2817 2151 ἢ
2856 2081 2950 2133 καὶ
2985 2081 3420 2150 αὐστηροτέραις
3457 2079 3721 2149 ⁴ἡμείϐετο

2139 2173 2480 2240 ἀπολογίαις,
2523 2174 2617 2224 καὶ
2668 2171 2936 2224 παύεσθαι
2970 2173 3191 2225 ἐκέλευε
3246 2173 3514 2240 μεγάλαις
3559 2169 3720 2235 αὖθις

2143 2266 2447 2332 συμφοραῖς
2478 2265 2606 2324 τοὺς
2645 2263 2954 2332 Ῥωμαίους
3001 2264 3414 2335 ἐπιχειροῦντας
3448 2263 3717 2334 περιϐάλ-

2143 2355 2275 2416 λειν,
2311 2354 2498 2425 ὥσπερ
2519 2356 2646 2416 τοὺς
2671 2355 2927 2424 ἐλέγχους
2957 2354 3354 2425 αἰσχυνθέντες,
3384 2355 3434 2406 οί
3471 2355 3567 2421 μὲν
3619 2356 3723 2408 καὶ

2141 2447 2420 2510 παντελῶς
2465 2448 2777 2517 ἡσύχασαν,
2831 2448 2962 2500 ἔνιοι
3001 2447 3058 2500 δέ
3106 2447 3308 2510 αὐτῶν,
3350 2449 3496 2511 ὅσοις
3535 2451 3564 2502 δ
3598 2449 3722 2519 βίος

2140 2536 2382 2606 ταραχῆς
2409 2535 2693 2597 ἀνάπλεως
2730 2535 2826 2588 καὶ
2867 2534 3182 2603 θορυϐώδης
3225 2531 3312 2604 ἦν,
3343 2537 3724 2604 ἡσυχάσαντες

2142 2628 2236 2679 ἐπὶ⁵
2266 2626 2482 2694 μικρὸν,
2529 2624 2720 2676 ἔπειτα
2753 2623 3030 2676 Ματθαίον
3061 2623 3286 2678 ἔπεισαν
3333 2625 3424 2676 τὸν
3453 2623 3725 2692 βασιλέως

2144 2718 2281 2781 υἱδν,
2309 2716 2715 2785 Διδυμότειχον,
2750 2716 2844 2766 καὶ
2873 2715 2972 2783 τὴν
3021 2714 3321 2784 Ἀδριανοῦ,
3351 2716 3444 2768 καὶ
3467 2716 3565 2778 τὰς
3587 2732 3655 2767 πε
3666 2719 3728 2786 ρὶ

2143 2805 2283 2859 αὐτά
2312 2805 2570 2874 πολίχνας
2600 2805 2918 2871 κατασχεῖν,
2964 2801 3102 2858 ἰδίαν
3152 2804 3559 2874 συστησάμενον
3589 2805 3729 2872 ἡγε-

2148 2899 2335 2969 μονίαν
2362 2897 2481 2965 μετ’
2505 2894 2700 2948 αὐτῶν.
2733 2895 3015 2965 Πρόφασις
3037 2894 3092 2946 δέ
3127 2889 3195 2964 ἦν
3220 2895 3313 2945 καὶ
3336 2893 3474 2962 πρὸς
3512 2894 3731 2946 ἐκεῖνον

2144 2993 2241 3056 τῆς
2294 2985 2632 3046 ἀποστασίας
2687 2987 2799 3048 τοίς
2854 2987 3226 3047 στασιασταῖς,
3270 2985 3355 3036 δτι
3398 2983 3652 3052 βασιλεὺς
3702 2985 3732 3036 ὀ

2149 3082 2331 3150 πατὴρ
2371 3079 2509 3148 μετὰ
2541 3077 2669 3140 τοὺς
2693 3077 2921 3146 μυρίους
2955 3077 3149 3138 πόνους
3174 3077 3270 3128 καὶ
3293 3074 3592 3138 κινδύνους,
3624 3076 3733 3127 καὶ

467 3180 595 3233 pere
624 3181 638 3219 :
667 3165 758 3218 sed
813 3165 1050 3238 retinere
1089 3180 1155 3218 ea
1203 3175 1498 3234 pateretur,
1532 3167 1805 3238 despectis
1856 3170 1922 3222 iis
1950 3171 2038 3238 qui

2145 3176 2242 3244 τὴν
2295 3171 2491 3240 πολλὴν
2535 3167 2812 3231 ἀπόδειξιν
2861 3167 2961 3236 τῆς
3005 3170 3084 3230 εἰς
3133 3167 3294 3219 αὐτὸν
3348 3167 3560 3228 εὐνοίας
3596 3167 3734 3218 ἐπεὶ

466 3255 784 3319 amiserant,
820 3266 873 3307 ut
899 3255 1150 3309 dolerent
1191 3257 1446 3324 amplius,
1480 3265 1532 3310 et
1573 3260 1732 3312 enixe
1764 3259 2041 3312 laboraret

467 3357 526 3401 nt
555 3347 872 3416 imperatori
905 3347 1104 3416 iuniori
1145 3349 1434 3416 imperium
1467 3361 1838 3413 conservaret,
1864 3353 1954 3420 qui
1987 3361 2042 3404 et

465 3453 636 3506 nunc,
667 3437 867 3504 spretis
895 3437 1241 3505 iuramentis,
1266 3454 1387 3491 cum
1418 3449 1562 3493 coetu
1591 3455 1689 3494 suo
1710 3440 1888 3509 fugam
1923 3457 2040 3495 me-

465 3530 756 3584 ditaretur.
792 3529 924 3594 Qua:
960 3529 1004 3582 si
1045 3529 1186 3582 irent
1216 3545 1278 3583 ex
1322 3532 1613 3597 sententia,
1653 3533 1784 3585 nihil
1813 3532 2044 3586 obstitu-

469 3637 612 3686 rum,
645 3619 778 3689 quin
831 3621 1026 3675 iterum
1062 3620 1262 3673 bellum
1311 3621 1568 3685 habeant,
1613 3623 1949 3692 perindeque
1984 3632 2044 3676 ιιι

465 3726 626 3769 antea
680 3727 804 3766 cum
844 3711 962 3781 ipso
1005 3727 1196 3766 omnes
1244 3713 1312 3767 de
1353 3715 1531 3768 salute
1578 3717 1930 3770 contendant.
1968 3715 2042 3769 De

467 3805 555 3858 his
583 3813 640 3856 ut
672 3803 902 3857 sollicite
935 3803 1217 3873 cogitaret,
1243 3818 1344 3856 nec
1379 3805 1432 3857 in
1460 3805 1576 3859 otio
1601 3807 1768 3859 stulto
1801 3806 2042 3858 inconsi-

467 3897 654 3950 derate
706 3894 936 3965 periculi
987 3904 1202 3966 tempus
1257 3906 1636 3967 exspectaret,
1694 3899 1986 3951 monebant
2027 3913 2040 3949 :

468 3987 632 4057 729
679 3989 773 4040 sed
819 3987 1033 4040 sibimet
1071 3986 1282 4056 illisque
1337 3987 1696 4058 prospiceret,
1767 3997 1827 4042 nt
1864 3989 1907 4041 si
1947 3989 2048 4041 im-

467 4089 688 4149 perator
712 4077 939 4131 maritus
967 4079 1195 4142 sororis,
1234 4079 1320 4134 vel
1366 4087 1583 4133 mortuo
1617 4089 1788 4148 patre,
1823 4079 1906 4133 'vel
1940 4081 2046 4134 alio

467 4169 700 4239 quodam
750 4169 913 4223 modo
961 4169 1130 4222 totius
1162 4169 1370 4236 imperii
1406 4179 1600 4238 potens
1631 4171 1906 4235 evaderet,
1935 4174 2048 4241 ipse

471 4275 594 4314 cum
629 4258 819 4312 amicis
859 4267 1012 4312 extra
1049 4257 1348 4312 discrimen
1398 4269 1564 4313 esset.
1593 4258 1670 4312 Ne
1703 4260 1847 4312 enim
1878 4261 2044 4314 Joan-

473 4367 598 4407 nem
630 4351 1012 4418 imperatorem
1065 4357 1119 4402 et
1162 4348 1376 4402 aliinem
1409 4364 1642 4416 unquam
1666 4350 1769 4404 sibi
1810 4351 2045 4405 amicum

471 4449 587 4496 tere
617 4442 857 4503 duceret,
884 4440 978 4494 sed
1007 4439 1234 4493 ultorem
1261 4455 1586 4513 quacunque
1616 4443 1841 4502 ratione,
1863 4444 2051 4496 enixu-

2145 3262 2521 3332 περιεγένοντο
2543 3259 2653 3311 τῶν
2679 3257 2975 3326 πολεμίων,
3011 3260 3078 3327 τῇ
3118 3257 3244 3326 περί
3271 3255 3495 3324 βασιλέα
3533 3256 3735 3310 Ἰωάν-

2142 3371 2242 3422 νην
2275 3353 2368 3407 τδν
2401 3349 2653 3420 γαμϐρὸν
2676 3349 2880 3419 εὐνοίᾳ,
2915 3348 2975 3401 οὐ
3020 3347 3180 3417 μόνον
3207 3347 3434 3410 ἐκεῖνον,
3469 3346 3606 3400 ἀλλά
3626 3351 3733 3400 καὶ

2141 3447 2268 3508 τοὺς
2295 3445 2424 3514 περὶ
2452 3443 2614 3496 αὐτὸν
2638 3441 2887 3503 ἅπαντας
2914 3440 3266 3510 προτιμήσοι,
3297 3441 3390 3492 καὶ
3412 3440 3479 3491 τά
3509 3456 3566 3492 τε
3589 3440 3728 3493 δντα

2143 3537 2325 3598 αὐτοῖς
2355 3533 2684 3587 ὑπ’ἐκείνων
2704 3532 2970 3603 πρότερον
3001 3531 3330 3600 ἡρπασμένα
3376 3533 3474 3584 οὐκ
3505 3534 3728 3586 ἐάσειεν

2143 3624 2588 3693 ἀπολαμϐάνειν·
2649 3623 2766 3676 ἀλλ’
2821 3621 3045 3691 ἔχοντας
3094 3623 3379 3691 περιορᾷν,
3417 3621 3483 3673 ἶν’
3511 3623 3729 3689 ἀλγῶσι

2146 3714 2365 3783 μᾶλλον,
2400 3713 2493 3764 καὶ
2535 3714 2715 3764 πᾶσαν
2742 3713 2999 3781 πρόνοιαν
3041 3713 3248 3763 ποιοῖτο
3272 3713 3368 3780 τὴν
3403 3713 3728 3766 δυναστείαν

2144 3805 2222 3870 τῷ
2249 3805 2354 3872 νέῳ
2399 3803 2614 3872 βασιλεῖ
2658 3803 2964 3870 περιποιεῖν
2993 3817 3007 3831 ·
3056 3800 3111 3863 ὃς
3166 3803 3260 3852 καὶ
3304 3801 3398 3852 νῦν
3443 3802 3579 3868 μετὰ
3612 3803 3728 3854 τῶν

2148 3894 2570 3967 προσκειμένων
2636 3893 2909 3962 ἀθετήσας
2963 3893 3088 3954 τοὺς
3137 3893 3354 3962 ὅρκους,
3410 3893 3729 3968 βουλεύσεις

2146 3986 2408 4055 δρασμόν.
2450 3986 2517 4036 Ἀ
2555 3986 2603 4036 εί
2652 3982 2965 4052 προύχώρει
3001 3983 3142 4034 κατὰ
3182 3982 3429 4051 γνώμην,
3471 3983 3624 4036 οὐδὲν
3658 3986 3729 4039 ἂν

2147 4075 2386 4131 ἐκώλυεν
2435 4074 2594 4137 αὐθις
2620 4069 2760 4127 εἶναι
2800 4076 2857 4128 ἐν
2904 4073 3184 4142 πολέμοις,
3228 4074 3322 4125 καὶ
3349 4073 3727 4138 κινδυνεύειν,

2148 4168 2244 4221 καὶ
2275 4167 2520 4237 περὶτῆς
2552 4166 2824 4234 σωτηρίας
2857 4164 3018 4217 αὐτόν
3055 4180 3114 4216 τε
3143 4165 3238 4216 καί
3267 4163 3475 4226 πάντας
3521 4164 3730 4229 αὐτοὺς

2148 4260 2368 4330 ὁμοίως.
2399 4258 2466 4309 Ἃ
2503 4256 2752 4308 ἐκέλευον
2787 4255 2950 4307 αὐτὸν
2975 4255 3032 4305 ἐν
3063 4253 3306 4323 φροντίδι
3328 4254 3596 4318 τίθεσθαι,
3625 4259 3733 4307 καὶ

2155 4352 2228 4422 μὴ
2267 4350 2437 4411 οὕτως
2466 4349 2890 4417 ἀπερισκέπτως
2941 4347 3050 4405 τῶν
3089 4347 3354 4400 κινδύνων
3397 4347 3732 4417 περιμένειν

2151 4447 2242 4496 τὸν
2274 4443 2485 4512 καιρδν,
2521 4443 2827 4510 πράττοντα
2874 4440 3042 4509 μηδὲν
3101 4440 3190 4492 ὐπ’
3243 4437 3530 4500 ἀϐουλίας·
3585 4437 3733 4494 ἀλλὰ

474 4547 723 4600 rumque,
753 4537 813 4583 ut
841 4545 964 4583 eum
1016 4531 1121 4581 vita
1163 4529 1374 4593 rnultet,
1403 4529 1532 4582 dum
1575 4545 1758 4583 secum
1783 4532 1850 4584 de
1877 4531 2019 4598 impe

2154 4535 2410 4603 πρόνοτάν
2436 4550 2556 4584 τινα
2579 4533 2746 4585 αὐτοῦ
2779 4533 3049 4584 ποιεῖσθαι
3083 4533 3177 4584 καί
3207 4530 3409 4591 αὐτῶν,
3439 4531 3508 4582 iv‘
3533 4532 3582 4582 εί
3621 4530 3734 4600 βα-

476 4623 582 4686 rio,
617 4631 674 4674 ut
707 4629 763 4675 et
803 4622 979 4689 ipsum
1036 4620 1382 4688 imperatoris
1431 4620 1596 4673 lilium
1631 4635 1728 4687 pro
1744 4621 1923 4675 debita
1943 4623 2045 4675 sibi

478 4713 799 4769 haereditate
822 4721 1362 4766 controversaturum
1398 4711 1746 4779 Opinahitur:
1784 4722 2047 4780 erantque

473 4816 749 4867 auctores,
784 4814 846 4858 ut
877 4805 1075 4872 oppida
1109 4818 1272 4872 supra
1301 4803 1581 4857 nominata
1611 4805 1712 4858 sub
1743 4818 1801 4857 se
1836 4805 2050 4874 redige-

477 4906 578 4955 rel,
621 4910 685 4948 ac
725 4895 791 4947 de
826 4892 1034 4960 reliquo
1063 4906 1304 4960 corpore
1338 4891 1551 4960 imperii
1603 4892 1862 4944 evelleret
1892 4909 1904 4944 :
1938 4907 2044 4944 non

474 4987 696 5056 quidem
745 4984 962 5052 penitus
989 5021 1004 5045 ,
1045 4998 1233 5035 verum
1273 4981 1348 5036 ita
1406 4989 1468 5034 ut
1509 4991 1632 5050 post
1684 4981 2044 5037 defectionem

475 5093 670 5134 rursus
701 5086 907 5144 patrem
953 5076 1340 5142 imperatorem
1390 5082 1627 5141 rogaret,
1663 5074 1852 5127 liceret
1895 5075 2047 5142 jura-

479 5178 662 5223 mento
711 5169 958 5228 lirmare,
1015 5164 1347 5217 militaturos
1403 5161 1552 5231 ipsi,
1602 5177 1726 5217 cum
1771 5163 2048 5218 collocatis

478 5262 551 5314 ibi
589 5257 874 5329 praesidizs,
905 5271 1014 5326 quo
1057 5269 1149 5308 eos
1178 5264 1400 5308 vocaret
1430 5271 1444 5307 :
1477 5271 1639 5309 omne
1662 5256 1753 5324 ius
1779 5257 2046 5326 reliquum

478 5367 664 5406 earum
717 5350 958 5412 urbium,
1010 5357 1163 5415 patre
1210 5347 1334 5402 vivo
1375 5363 1439 5401 ac
1491 5357 1727 5418 mortuo,
1765 5365 1930 5418 penes
1988 5364 2048 5403 se

479 5443 787 5498 resideret:
819 5440 898 5494 sic
925 5453 1159 5506 namque
1206 5449 1260 5493 et
1286 5453 1366 5501 se,
1392 5449 1448 5492 et
1479 5441 1684 5495 amicos
1739 5457 1931 5496 secure
1966 5441 2046 5494 vi-

477 5548 688 5596 cturos,
713 5541 768 5585 et
807 5531 1189 5598 imperatorem
1221 5530 1424 5584 sororis
1459 5532 1656 5595 virum,
1678 5532 1840 5586 etiam
1869 5533 2051 5586 volen-

483 5635 616 5686 tem,
647 5622 786 5676 nihil
835 5620 1156 5674 damnosum
1195 5620 1397 5675 inferre
1431 5637 1611 5691 posse.
1647 5621 1758 5676 llac
1799 5622 2050 5676 cohorta—

482 5716 630 5769 tione
675 5712 885 5768 sensim
920 5710 1176 5780 iuvenem
1213 5713 1282 5768 ad
1316 5713 1676 5769 defectionem
1701 5713 2050 5782 impellebant

485 5803 733 5874 malaque
764 5802 973 5858 semina
1005 5803 1208 5872 peioris
1241 5802 1438 5858 deinde
1461 5798 1722 5874 germinis
1754 5801 2046 5869 iaciebant.

2149 4623 2326 4685 σιλεὺς
2350 4623 2379 4673 δ
2415 4624 2662 4693 γαμϐρὸς
2705 4626 2916 4688 γένοιτο
2934 4623 3028 4691 τῆς
3058 4621 3234 4690 ἀρχῆς
3266 4622 3486 4692 ἁπάσης
3520 4617 3702 4690 ἐγκρα

2147 4714 2268 4783 τὴς.
2299 4712 2332 4782 ἢ
2362 4711 2457 4765 τοῦ
2491 4714 2696 4780 πατρδς
2741 4713 3007 4782 βασιλέως
3039 4713 3486 4780 τελευτήσαντος,
3525 4715 3556 4782 ἢ
3593 4715 3732 4780 τρό-

2134 4823 2235 4876 -πῳ
2263 4807 2323 4875 δή
2364 4824 2470 4860 τινι
2505 4809 2698 4875 ἑτέρῳ,
2742 4806 2846 4870 ἔξω
2895 4805 3155 4858 κινδύνων
3203 4806 3365 4870 αὐτὸς
3420 4807 3558 4876 μετὰ
3611 4809 3732 4860 τῶν

2151 4897 2320 4964 φίλων
2350 4898 2457 4966 εἴη.
2495 4896 2645 4964 Μηδὲ
2676 4897 2782 4963 γὰρ
2822 4895 3031 4949 οἴεσθαί
3079 4912 3210 4948 ποτε
3245 4898 3526 4963 εὐνοήσειν
3570 4899 3731 4966 αύτῴ

2151 4989 2374 5058 βασιλέα
2397 4989 2487 5040 τὸν
2515 4988 2781 5056 γαμϐρὸν,
2798 4987 2909 5038 ἀλλ’
2936 4987 3263 5057 ἀμυνεῖσθαι
3284 4990 3462 5040 πάντα
3494 4990 3726 5056 τρόπον,

2149 5081 2242 5131 καὶ
2268 5077 2586 5130 σπουδάσειν
2614 5079 2786 5128 ποιεῖν
2811 5078 2874 5128 ἐκ
2907 5077 3096 5144 μέσου,
3138 5078 3385 5144 οἰόμενον
3437 5078 3729 5147 ἀμφισϐη-

2149 5171 2336 5239 τήσειν
2367 5168 2514 5237 αὐτῷ
2548 5169 2678 5240 περὶ
2726 5167 2825 5236 τῆς
2867 5168 3164 5236 βασιλείας,
3205 5163 3291 5220 οἷα
3325 5169 3389 5238 δὴ
3445 5172 3536 5220 καὶ
3562 5170 3734 5222 αὑτὸν

2152 5258 2412 5327 βασιλέως
2445 5259 2572 5310 ὄντα
2597 5261 2781 5322 παῖδα,
2819 5259 2916 5310 καὶ
2939 5241 3149 5311 δίκαιον
3176 5259 3302 5311 ὄντα
3331 5261 3428 5328 τὴν
3461 5259 3732 5328 πατρῴαν

2151 5347 2331 5416 ἀρχὴν
2364 5345 2752 5415 κληρονομείνο
2789 5345 3176 5398 συνεϐούλευόν
3201 5365 3260 5400 τε
3296 5349 3392 5409 τὰς
3424 5350 3735 5417 είρημένας

2150 5434 2330 5496 πόλεις
2359 5435 2755 5498 ὑποποιεῖσθαι,
2784 5439 2879 5489 καὶ
2926 5438 3020 5504 τῆς
3053 5437 3220 5503 ἄλλης
3247 5437 3546 5506 ἡγεμονίας
3572 5438 3737 5489 ’Ῥω-

2155 5527 2332 5594 μαίων
2369 5527 2700 5595 ἀποτέμνειν
2728 5528 2786 5579 οὐ
2839 5530 3212 5592 παντάπασιν,
3265 5529 3400 5582 ἀλλὰ
3448 5530 3588 5598 μετὰ
3623 5529 3735 5598 τὴν

2151 5616 2508 5680 ἀποστασίαν,
2550 5616 2837 5686 δεήσεσθαι
2871 5612 3026 5679 αὖθις
3059 5617 3321 5686 βασιλέως
3359 5617 3454 5670 τοῦ
3490 5617 3732 5688 πατρὸς,

2153 5707 2293 5762 ὥστε
2328 5708 2524 5778 ὅρκους
2559 5708 2937 5778 παρασχέσθαι
2960 5709 3422 5777 συστρατεύεσθαι
3457 5709 3556 5777 μὲν
3586 5709 3736 5759 ἐκεί-

2153 5818 2228 5868 νῳ
2263 5801 2401 5870 μετὰ
2428 5801 2524 5870 τῆς
2555 5798 3022 5870 ἐγκαθιδρυμένης
3057 5802 3314 5870 στρατιᾶς
3357 5801 3554 5864 αὐτοὺς
3596 5798 3736 5853 ὅποι
