4028 6478
537 395 610 457 5:9
1724 401 2051 469 JOANNlS
2089 400 2618 462 CANTACUZENI
3720 405 3797 469 60

539 517 726 560 autem
781 506 1032 571 biduum,
1088 506 1400 562 triduumve
1454 503 1807 576 restitissent,
1868 514 2104 582 primum

2216 510 2305 561 καὶ
2358 511 2642 582 αὒθωρόνο
2677 512 2793 564 ὅσοι
2844 510 2901 564 δὲ
2935 511 3032 564 ἐπὶ
3057 511 3210 566 δυσὶν
3239 513 3485 582 ἀντεῖχον
3519 514 3552 584 ἢ
3608 520 3798 586 τρισὶν

544 600 764 664 qni-lem
815 598 1006 651 febrim
1043 597 1320 652 babebant
1363 600 1763 666 acutissimam,
1812 612 1866 656 et
1917 604 2109 658 morbo

547 699 711 756 caput
743 690 1053 754 invadente,
1108 690 1352 760 elingues
1383 699 1437 744 et
1461 694 1528 746 ad
1560 694 1740 746 omnia
1765 709 1884 762 qua:
1916 695 2110 748 tierent

547 779 751 847 srupidi
794 780 1185 845 reddebantur,
1223 797 1285 834 ac
1313 783 1457 836 velut
1487 798 1684 838 somno
1713 785 1984 853 profundo
2017 789 2110 841 ab-

547 872 930 925 sorbebantur.
962 870 1054 925 Sin
1094 873 1234 926 forte
1272 874 1336 926 ad
1370 890 1429 928 se
1475 875 1741 936 redirent,
1782 877 1928 946 loqui
1960 879 2109 932 nite-

545 961 745 1013 bantur
775 961 849 1014 illi
885 962 1133 1030 quidem,
1169 963 1261 1016 sed
1297 965 1634 1019 basrescente
1684 967 1885 1034 lingua,
1938 969 2108 1024 multa

542 1051 914 1111 inarticulata.
962 1053 1144 1106 nervis
1192 1054 1244 1106 in
1279 1055 1535 1124 occipitio
1567 1059 1851 1122 emortuis,
1891 1076 2108 1130 prome-

547 1141 697 1200 baut.
731 1151 784 1193 et
815 1142 1168 1210 exsiiirabant
1207 1144 1512 1200 celerrime.
1544 1146 1680 1200 Aliis
1704 1166 1809 1201 non
1841 1151 1891 1202 in
1921 1161 2106 1219 caput,

545 1247 734 1284 verum
795 1233 848 1286 in
908 1235 1192 1300 pulmones
1251 1236 1451 1289 malum
1494 1239 1764 1301 incidens,
1801 1257 1925 1294 mox
1964 1259 2108 1311 pra:-

543 1323 725 1374 cordia
754 1324 1143 1388 inllammabat,
1163 1335 1213 1378 et
1243 1326 1456 1380 dolores
1473 1339 1662 1383 acutos
1688 1333 1893 1383 circum
1920 1344 2109 1401 pectus

539 1413 826 1475 all‘erebat,
880 1423 934 1467 et
983 1427 1139 1482 sputa
1175 1417 1439 1485 sanguine
1493 1429 1742 1474 contacta
1789 1423 2104 1491 ejiciebant,

551 1513 715 1571 atque
751 1520 779 1555 e
812 1504 1113 1559 visceribus
1160 1507 1382 1573 Spiritus
1435 1517 1634 1562 tetrum
1693 1512 1838 1566 foras
1881 1516 2105 1568 odorem

542 1593 813 1649 volvebat.
868 1593 1073 1650 Fauci's
1169 1607 1223 1651 et
1283 1598 1461 1667 lingua
1521 1602 1699 1654 calore
1759 1616 2105 1674 exaruerant,

543 1686 694 1755 nigra
728 1698 781 1740 et
837 1689 1041 1740 sulIusa
1075 1691 1374 1758 sanguine;
1407 1707 1508 1744 nec
1541 1693 1662 1760 plus
1691 1696 2042 1762 proliciebant
2063 1699 2107 1752 si

541 1777 794 1840 multum,
823 1795 983 1847 quam
1015 1781 1058 1832 si
1095 1797 1282 1850 parum
1315 1783 1582 1838 biberent.
1617 1784 1824 1840 Soamo
1855 1790 1928 1841 uti
1957 1791 2108 1844 nullo

543 1875 825 1934 poterant,
869 1877 922 1921 et
955 1867 1318 1938 undequaque
1360 1874 1721 1941 angebantur.
1774 1875 1831 1930 ln
1869 1879 2112 1935 brachiis

541 1972 706 2025 supra
762 1969 815 2011 et
862 1959 1024 2020 inira.
1083 1977 1190 2014 non
1248 1962 1435 2029 paucis
1489 1963 1618 2017 item
1653 1967 1706 2018 in
1757 1970 2013 2033 maxillis,
2059 1981 2114 2025 et

540 2049 864 2116 quibusdam
901 2051 1057 2120 731
1086 2053 1140 2105 in
1176 2054 1296 2105 aliis
1328 2056 1577 2120 corporis
1612 2059 1861 2126 partibus
1892 2064 2114 2116 absces-

543 2156 658 2204 sus,
679 2141 792 2193 sivc
814 2143 1019 2201 ulcera.
1046 2144 1127 2196 his
1147 2145 1370 2213 majora,
1396 2147 1500 2200 illis
1521 2149 1729 2204 minora
1748 2153 2106 2218 exsistebant,

542 2239 598 2286 et
650 2232 816 2300 nigrae
853 2235 1064 2301 papulae
1099 2238 1522 2290 enasrebantur.
1581 2242 1916 2303 Quibusdam
1967 2246 2111 2299 velut

541 2323 934 2391 atra-stigmata
973 2341 1067 2392 per
1091 2335 1269 2400 totum
1313 2343 1512 2394 corpus
1562 2335 1946 2401 erumpebant,
1989 2338 2112 2392 aliis

543 2412 750 2465 ratiora
808 2414 1085 2482 magisque
1115 2419 1434 2484 conspicua,
1481 2421 1601 2475 aliis
1631 2422 1885 2477 densiora
1920 2437 1971 2480 et
2014 2429 2113 2483 ob-

541 2506 822 2568 scuriora;
879 2518 934 2560 et
983 2523 1174 2560 omnes
1207 2510 1431 2576 perinde
1469 2527 1532 2565 ex
1591 2515 1674 2567 bis
1707 2519 1963 2572 omnibus
1999 2537 2114 2575 mo-

546 2599 854 2652 riebantur.
885 2599 1175 2655 Nonnullis
1209 2602 1356 2655 enim
1381 2616 1583 2658 cuncta
1615 2611 1748 2670 bzec,
1777 2611 1896 2662 aliis
1929 2613 2110 2679 plura,

544 2703 640 2742 aut
668 2691 924 2758 pauciora
974 2693 1386 2762 contingebant.
1446 2696 1833 2767 Compluribus
1891 2705 2112 2759 unicum

545 2785 930 2836 tantummodo
985 2800 1051 2837 ex
1115 2786 1234 2838 istis
1289 2789 1544 2841 omnibus
1597 2792 1939 2848 mortiferum
1972 2807 2108 2854 erat.

541 2875 870 2942 Quirun‘que
912 2891 1038 2930 vero
1088 2879 1155 2931 de
1201 2879 1388 2934 multis
1439 2885 1592 2950 pauci
1651 2900 1956 2944 8\'aScl‘.'ll|l..
2003 2909 2113 2946 non

541 2963 778 3028 amplius
801 2980 867 3019 eo
897 2967 1034 3018 malo
1059 2969 1491 3034 corripiebantur
1517 2971 1614 3037 sic,
1641 2981 1699 3026 ut
1723 2977 1884 3030 etiam
1919 2978 2112 3034 interi-

544 3065 710 3113 rent:
762 3059 1110 3126 quamobrem
1153 3076 1342 3114 rursus
1405 3066 1666 3133 correpti,
1705 3066 1844 3120 bene
1875 3071 2114 3125 conlide-

2212 601 2470 669 ἡμέραις,
2531 599 2725 670 πρῶτα
2754 601 2854 668 μὲν
2897 603 3118 672 πυρετῷ
3161 604 3481 671 κατείχοντο
3529 606 3800 676 λαϐροτά-

2210 708 2288 759 τῳ
2307 707 2322 724 ⁸
2355 693 2450 745 καὶ
2479 694 2536 755 ές
2556 695 2650 762 τὴν
2674 693 2917 762 κεφαλὴν
2944 693 3038 746 τοῦ
3061 695 3371 762 νοσήματος
3401 681 3796 764 ἐμπίπτοντος,

2211 787 2424 856 ἀφωνία
2449 787 2763 856 κατείχοντο
2799 789 2891 840 καὶ
2951 788 3282 862 ἀναισθησίᾳ
3327 792 3463 862 πρὸς
3499 793 3679 846 πάντα
3724 794 3801 846 τὰ
3831 857 3836 861 γ

2211 876 2494 946 γινόμενα,
2537 881 2631 930 καὶ
2672 877 2861 948 ὥσπερ
2889 880 3026 948 πρὸς
3073 879 3243 932 ὕπνον
3280 883 3646 952 κατεφέροντο
3697 884 3802 952 βα·-

2212 967 2339 1019 θύν·
2383 968 2451 1038 ἢν
2481 968 2537 1020 δέ
2572 986 2673 1021 που
2705 969 3038 1038 ἀνανήψειαν
3060 1011 3074 1033 ,
3123 970 3459 1038 φθέγγεσθαι
3510 973 3608 1041 μὲν
3638 975 3802 1028 ἐϐού-

2212 1057 2363 1110 λοντο
2387 1097 2401 1120 ,
2436 1059 2755 1129 δυσκίνητος
2781 1059 2836 1112 δὲ
2863 1062 2896 1128 ή
2925 1059 3146 1125 γλῶσσα
3178 1057 3266 1131 ἦν,
3309 1063 3404 1114 καὶ
3438 1063 3801 1134 ἀδιάρθρωτα

2210 1148 2275 1199 τὰ
2310 1147 2477 1200 πολλὰ
2506 1151 2853 1216 ἐφθέγγοντο,
2877 1152 2987 1202 τῶν
3025 1153 3154 1222 περὶ
3183 1152 3242 1204 τὸ
3276 1153 3408 1204 ίνίον
3458 1155 3670 1222 νεύρων
3706 1175 3799 1210 vs-

2210 1237 2548 1305 κρωθέντων,
2577 1240 2669 1290 καὶ
2697 1239 2932 1306 τάχιστα
2961 1241 3322 1310 ἀπέθνησκον.
3349 1239 3588 1312 Ἐτέροις
3612 1247 3668 1298 δὲ
3693 1248 3804 1300 οὐκ

2211 1330 2290 1389 εἰς
2327 1329 2421 1398 τὴν
2451 1329 2714 1399 κεφαλὴν,
2736 1331 2852 1405 ἀλλ’
2889 1332 2970 1392 είς
2994 1331 3084 1383 τὸν
3119 1332 3397 1399 πνεύμονα
3427 1333 3704 1402 ἐμπίπτον
3732 1333 3802 1382 τδ

2213 1421 2403 1482 κακὸν,
2441 1420 2714 1487 φλόγωσίς
2744 1438 2801 1473 τε
2844 1417 2911 1490 ἦν
2947 1422 3147 1475 σὺτίκα
3181 1423 3318 1489 πρὸς
3365 1424 3434 1476 τά
3478 1423 3646 1486 ἔνδον,
3696 1425 3802 1476 καὶ

2210 1510 2460 1577 δριμείας
2481 1511 2713 1564 ἐνεποίει
2746 1511 3046 1580 ἀλγηδόνας
3071 1513 3196 1580 περὶ
3212 1512 3280 1563 ea
3308 1513 3480 1582 στήθη
3506 1529 3520 1544 ο
3549 1512 3803 1580 ὖφαιμόν

2208 1617 2268 1650 τε
2303 1600 2532 1652 πτύελον
2592 1602 2931 1669 ἀνέπεμπον,
2960 1601 3052 1653 καὶ
3084 1603 3301 1670 πνεῦμα
3328 1603 3530 1656 ἄτοπον
3555 1604 3662 1656 ἀπὸ
3684 1605 3804 1657 τῶν

2209 1692 2356 1745 ἔνδον
2391 1693 2483 1744 καὶ
2507 1693 2779 1755 δυσῶδεςο
2813 1695 2846 1763 ἦ
2878 1710 2937 1745 τε
2977 1693 3196 1762 φάρυγξ
3227 1695 3370 1763 καὶὴ
3407 1695 3654 1760 γλῶσσα,
3692 1711 3807 1748 xz-

2212 1783 2647 1853 ταξηραινόμενα
2675 1784 2779 1836 ὑπὸ
2808 1785 2900 1838 τοῦ
2936 1786 3218 1847 καύσονος,
3260 1786 3466 1852 μέλανα
3495 1786 3587 1837 καὶ
3621 1785 3808 1853 αἱμα-

2213 1874 2356 1942 τώδη
2395 1870 2536 1942 ἦσαν
2558 1891 2573 1906 ο
2620 1877 2714 1927 καὶ
2745 1877 2909 1928 ποτὸν
2941 1879 3001 1928 τό
3040 1893 3098 1928 τε
3133 1876 3294 1929 πλέον
3323 1880 3416 1930 καὶ
3461 1878 3520 1930 τὸ
3562 1877 3808 1929 ἔλασσον

2215 1966 2272 2015 ἐν
2301 1965 2474 2033 ὁμοίῳ
2509 1965 2858 2033 καθειστήκει
2879 1982 2892 1995 ο
2927 1968 3018 2018 mi
3057 1967 3090 2035 ή
3121 1966 3395 2036 ἀγρυπνία
3427 1967 3678 2019 ἐπέκειτο
3707 1965 3810 2020 διὰ

2215 2042 2440 2120 παν.ὸς,
2504 2061 2595 2110 καὶ
2644 2061 2848 2127 ἀπορία
2908 2059 3245 2128 πανταχόθεν
3283 2055 3372 2127 ἦν,
3429 2059 3523 2111 ἐπί
3577 2075 3636 2110 τε
3672 2060 3810 2122 ταῖς

2213 2146 2443 2209 ὠλέναις
2481 2151 2596 2210 ταῖς
2628 2151 2738 2202 ἄνω
2761 2151 2848 2200 καὶ
2879 2152 3049 2211 κάτω,
3081 2152 3180 2201 οὐκ
3215 2149 3417 2216 ὀλίγοις
3451 2148 3505 2200 δὲ
3537 2151 3631 2200 καὶ
3655 2149 3810 2216 πρδς

2212 2239 2312 2300 τὰς
2346 2241 2624 2306 σιαγόνας,
2651 2243 2742 2293 καὶ
2781 2241 2992 2310 ἑτέροις
3024 2243 3081 2292 ὲν
3113 2241 3315 2307 ἑτέροις
3345 2241 3536 2308 μέρεσι
3563 2239 3656 2290 τυῦ
3687 2242 3811 2290 σώ-

2217 2347 2388 2397 ματος
2415 2331 2748 2394 ἀποστάσεις
2780 2332 3046 2400 ἐγίνοντο,
3095 2335 3204 2394 τοῖς
3231 2334 3331 2401 μὲν
3381 2331 3621 2400 μείζους,
3684 2335 3813 2393 τοῖς

2213 2423 2271 2474 δὲ
2320 2423 2605 2488 ἐλάσσους,
2669 2425 2762 2476 καὶ
2819 2423 3070 2489 μέλαιναι
3123 2407 3414 2491 φλυκτίδες
3471 2420 3809 2490 ἀνεφύοντο.

2225 2513 2466 2583 Ἐτέροις
2507 2515 2563 2567 δὲ
2607 2513 2797 2583 ὥσπερ
2844 2515 3120 2583 στίγματα
3157 2514 3366 2581 μέλανα
3415 2515 3558 2566 κατά
3590 2515 3812 2578 παντὸς

2212 2605 2307 2656 τοῦ
2350 2603 2600 2674 σώματος
2630 2605 2840 2674 ἐξήνθει
2866 2620 2880 2634 ·
2919 2607 3032 2666 τοῖς
3081 2605 3179 2671 μὲν
3222 2605 3388 2672 ἀραιά
3429 2621 3488 2656 τε
3551 2607 3647 2656 καὶ
3675 2605 3813 2656 διας

2216 2697 2540 2765 φανέστερα,
2593 2700 2704 2760 τοῖς
2765 2696 2811 2750 δ’
2867 2696 3217 2766 ἀμυδρότερα
3271 2696 3364 2748 καὶ
3424 2695 3658 2765 συνεχῆο
3697 2697 3810 2750 καὶ

2215 2789 2417 2852 πάντες
2444 2790 2647 2858 ὁμοίως
2674 2789 2778 2843 ὑπὸ
2811 2789 3030 2842 πάντων
3061 2787 3346 2849 ἔθνησκον.
3385 2787 3510 2850 Τοῖς
3551 2788 3652 2858 μὲν
3685 2790 3813 2860 γὰρ

2213 2885 2278 2932 τὰ
2303 2882 2480 2933 πάντα
2512 2881 2825 2949 ἐπεγίνετο,
2864 2882 2978 2942 τοῖς
3023 2878 3080 2931 δὲ
3138 2878 3366 2950 πλείωή
3403 2880 3634 2944 ἐλάσσω,
3693 2882 3813 2936 οὐκ.

2213 2972 2416 3038 ὀλίγοις
2445 2971 2502 3025 δὲ
2526 2973 2621 3024 καὶ
2653 2971 2711 3022 ἓν
2733 2971 2844 3023 τῶν
2873 2971 3091 3025 πάντων
3121 2970 3323 3040 ἢρκεσε
3359 2970 3493 3037 πρὸς
3526 2971 3758 3024 θάνατον
3786 2990 3807 3002 ο

2214 3070 2328 3121 ὅσοι
2361 3067 2419 3120 δὲ
2473 3069 2539 3120 ὲκ
2595 3066 2806 3120 πολλῶν
2854 3065 3026 3134 ὀλίγοι
3078 3066 3424 3137 ἠδυνήθησαν
3477 3065 3800 3133 διαφυγεῖν,

543 3149 695 3202 baut.
726 3147 955 3204 Fiebant
991 3167 1153 3220 porro
1188 3154 1364 3224 magni
1389 3156 1752 3209 abscessusin
1789 3159 2111 3228 femoribus,

2216 3157 2401 3210 οὐκέτι
2429 3158 2534 3210 ὑπὸ
2565 3154 2660 3209 τοῦ
2692 3156 2860 3210 αὑτοῦ
2889 3156 3205 3226 κατείχοντο
3244 3157 3435 3219 κακοῦ,
3473 3157 3591 3207 ἀλλ’
3620 3158 3677 3208 ἐν
3718 3157 3811 3227 τῷ

544 3249 640 3293 aut
692 3241 744 3292 in
790 3242 1300 3310 bracbiis:quibus
1351 3244 1537 3307 sectis,
1591 3247 1760 3301 multa
1823 3259 1879 3303 et
1929 3251 2112 3306 fmtida

547 3330 732 3384 sanies
785 3332 1064 3398 el'lluc-bat,
1107 3343 1161 3386 et
1193 3335 1419 3388 morbus
1458 3337 1712 3392 turbante
1763 3341 1990 3396 materia
2035 3343 2113 3398 sic

550 3423 749 3475 emissa
783 3423 1084 3478 levabatur.
1128 3425 1448 3494 Complures
1476 3427 1562 3480 liis
1589 3431 1842 3484 omnibus
1879 3434 2110 3500 obsessi,

547 3521 749 3579 prater
783 3513 1095 3582 opinionem
1149 3517 1622 3573 convalescebant.
1659 3518 1769 3574 Nec
1802 3523 1967 3576 ullum
2011 3541 2113 3578 un-

547 3603 836 3672 decunque
905 3615 1116 3658 certum
1165 3607 1427 3660 auxilium
1495 3609 1901 3667 inveniebatur.
1956 3615 2115 3680 Quod

547 3696 692 3750 enim
735 3696 826 3748 uni
873 3697 1139 3758 salutare,
1176 3699 1330 3753 alteri
1384 3701 1526 3756 idem
1580 3705 1806 3770 patienti
1846 3721 2113 3761 venenum

546 3797 667 3842 erat
695 3807 710 3843 :
740 3790 988 3858 alterque
1019 3791 1086 3843 ab
1133 3791 1360 3846 alterius
1409 3796 1694 3850 curatione
1728 3799 1977 3852 morbum
2033 3800 2116 3853 in-

546 3879 943 3944 dipiseebatur,
1011 3889 1068 3934 et
1139 3883 1560 3937 cumulabantur
1633 3885 1849 3948 funera,
1911 3889 2114 3958 quibus

549 3971 732 4025 multa:
787 3972 982 4026 domus
1038 3976 1429 4040 vacuabautur,
1489 3991 1612 4028 cum
1671 3986 1726 4030 et
1786 3979 1999 4045 incolae,
2061 3991 2117 4034 et

549 4062 721 4116 bruta:
743 4064 1052 4118 animantes
1075 4081 1182 4118 una
1206 4082 1330 4119 cum
1360 4066 1598 4121 dominis
1616 4069 1780 4121 vitam
1803 4070 2116 4126 redderent.

548 4149 659 4206 Sed
711 4153 848 4206 nihil
902 4163 1021 4208 erat
1083 4155 1473 4224 desperatione
1530 4158 1916 4216 miserabilius.
1978 4162 2113 4216 Cum

547 4244 696 4296 enim
749 4245 874 4314 quis
923 4256 1030 4298 tam
1085 4262 1290 4313 agrum
1352 4261 1412 4300 se
1461 4247 1752 4315 sentiebat,
1796 4266 1921 4320 spes
1969 4255 2114 4308 nulla

549 4333 942 4388 incolumitatis
979 4335 1412 4404 relinquebatur.
1449 4351 1513 4390 ac
1564 4337 1972 4406 despcrabundi
2033 4358 2118 4397 se-

547 4425 810 4492 metipsos
843 4426 1196 4494 abjiciebant,
1233 4429 1594 4498 morbumque
1617 4446 1725 4484 non
1764 4433 2116 4486 mediocriter

2220 3248 2505 3318 θαρσαλέῳ
2551 3243 2692 3316 ἦσαν
2730 3249 2830 3318 ἤδη
2881 3262 2899 3280 ο
2951 3249 3034 3310 δὶς
3085 3249 3192 3317 γὰρ
3239 3249 3339 3300 οὐκ
3397 3247 3814 3316 ἐπελάμϐανεν,

2217 3340 2356 3392 ὥστε
2385 3341 2476 3393 καὶ
2505 3339 2754 3395 κτείνειν.
2798 3339 3157 3401 Ἀποστάσεις
3189 3340 3244 3392 δὲ
3275 3339 3518 3405 ἐγίνοντο
3557 3341 3805 3406 μεγάλαι

2217 3429 2352 3500 πρὸς
2373 3431 2481 3490 τοῖς
2513 3429 2728 3498 μηροῖς,
2749 3427 2780 3496 ἢ
2801 3429 2856 3479 έν
2875 3429 2995 3489 ταῖς
3024 3427 3253 3490 ὠλέναις
3270 3443 3286 3458 ·
3315 3421 3390 3480 ὧν
3417 3427 3806 3496 τεμνομένων,

2220 3517 2486 3583 σφάκελος
2561 3518 2776 3589 ἐξέρῤει
2811 3517 3057 3586 δυσώδης
3105 3519 3199 3571 καὶ
3231 3517 3417 3580 πολὺς,
3471 3519 3567 3571 καὶ
3616 3518 3676 3569 τὸ
3717 3522 3814 3571 νό-

2220 3627 2370 3678 σημα
2388 3610 2693 3678 διεφορεῖτο
2729 3609 2808 3671 είς
2840 3610 3038 3670 έκεῖνο,
3095 3607 3192 3678 τὴν
3239 3607 3617 3676 διενοχλοῦσαν
3659 3607 3808 3679 ὕλην

2218 3700 2574 3768 ἀπορῥίπτον.
2609 3699 2802 3750 Πολλοὶ
2827 3699 2882 3750 δὲ
2907 3698 3002 3750 καὶ
3033 3699 3137 3750 ὑπὸ
3171 3697 3389 3749 πάντων
3420 3698 3804 3766 κατασχεθέν-

2218 3807 2328 3854 τες,
2367 3792 2518 3860 παρὰ
2550 3791 2706 3854 δόξαν
2747 3789 3084 3852 διεσώζοντο.
3136 3785 3246 3841 Ἦν
3275 3788 3332 3840 δὲ
3366 3790 3663 3856 ἐπικουρία
3698 3793 3806 3841 ού-

2216 3881 2470 3951 δαμόθεν.
2502 3883 2568 3933 Ὃ
2599 3880 2708 3950 γὰρ
2756 3881 2927 3948 ἑτέρῳ
2966 3879 3292 3949 συνήνεγκε,
3332 3878 3480 3930 τοῦθ’
3520 3879 3694 3947 ἑτέρῳ
3731 3883 3807 3934 τὰ

2220 3973 2310 4025 ῐσα
2341 3973 2602 4043 πάσχοντι
2657 3971 2985 4041 δηλητήριον
3038 3971 3280 4038 ὲγίνετο’
3318 3974 3410 4022 καὶ
3466 3971 3654 4038 ἕτερος
3700 3974 3807 4039 ἀφ’

2219 4063 2408 4133 ἑτέρου
2445 4062 2739 4132 θεραπείας
2783 4062 3194 4130 ἀνεπίμπλαντο
3229 4061 3329 4131 τῆς
3357 4061 3540 4124 νόσου,
3581 4062 3674 4116 καὶ
3694 4063 3807 4133 τὴν

2218 4156 2478 4225 πλείστην
2506 4157 2714 4226 φθορὰν
2741 4153 2900 4208 τοῦτο
2929 4153 3162 4207 ἐνεποίει
3187 4195 3201 4215 ,
3243 4154 3340 4208 καὶ
3392 4153 3586 4205 πολλαὶ
3619 4154 3804 4209 οίκίαι

2218 4247 2568 4317 ἐκενώθησαν
2623 4249 2732 4300 τῶν
2767 4246 3071 4318 οἰκητόρων
3093 4287 3108 4312 ,
3142 4246 3235 4298 καὶ
3271 4245 3380 4298 τῶν
3438 4245 3648 4314 ἀλόγων
3683 4251 3807 4312 τοῖς

2217 4339 2426 4409 κυρίοις
2453 4337 2953 4391 συναποθανόντων.
2987 4337 3304 4390 Δεινότατον
3322 4336 3378 4388 δὲ
3399 4331 3468 4406 ἦν
3491 4339 3522 4406 ἡ
3555 4337 3802 4405 ἀθυμία.

2233 4431 2425 4483 Ὁπότε
2455 4431 2563 4499 γὰρ
2606 4446 2691 4492 τις
2735 4428 2980 4482 αἴσθοιτο
3035 4429 3335 4496 κάμνοντος
3364 4427 3582 4489 ἑαυτοῦ,
3635 4428 3806 4494 έλπτς

547 4515 647 4570 ista
677 4517 982 4585 dejectione
1041 4519 1377 4590 tristitiaque
1409 4529 1696 4591 augentes,
1731 4533 1956 4591 repente
1989 4523 2112 4576 ani-

2219 4520 2445 4588 οὐδεμία
2482 4519 2756 4590 σωτηρίας
2793 4517 3118 4571 ὑπελείπετο
3141 4555 3155 4580 ,
3210 4517 3346 4570 ἀλλά
3376 4518 3513 4586 πρὸς
3547 4517 3607 4570 τὸ
3634 4518 3807 4571 ἀνέλ-

547 4622 664 4660 mas
685 4607 962 4679 efﬂabant.
987 4609 1210 4676 Species
1248 4610 1413 4678 igitur
1440 4611 1542 4664 ista
1575 4611 1681 4664 luis
1730 4613 1863 4665 satis
1883 4611 2113 4680 exprimi

548 4694 730 4748 verbis
759 4711 866 4748 non
919 4706 1114 4764 potest.
1152 4696 1304 4751 Unde
1354 4700 1590 4752 maxime
1637 4699 1972 4752 intellectum
2004 4709 2113 4763 est,

547 4801 656 4840 non
695 4787 946 4841 humana:
985 4798 1195 4842 natura:
1224 4790 1477 4857 quiddam
1519 4799 1772 4858 agitatum
1835 4800 1888 4844 et
1920 4807 2116 4847 conve-

548 4879 732 4937 niens.
750 4880 843 4932 sed
865 4879 1129 4934 divinitus
1150 4881 1448 4936 immissam
1472 4883 1880 4952 castigationem
1903 4883 2075 4940 fuisse
2101 4904 2113 4939 :

548 4971 815 5040 multique
845 4972 972 5026 inde
1000 4973 1066 5026 ad
1108 4975 1397 5026 sanitatem
1440 4975 1639 5028 mentis
1684 4977 1957 5036 conversi,
2005 4993 2118 5032 me-

546 5062 708 5118 liores
742 5071 1057 5126 evaserunt,
1085 5080 1190 5118 non
1230 5065 1304 5117 illi
1335 5065 1519 5126 modo,
1551 5065 1642 5133 qui
1673 5081 1736 5120 ea
1759 5077 1908 5136 peste
1945 5079 2120 5124 morte

558 5161 958 5219 occubuerunt,
1011 5155 1106 5208 sed
1131 5163 1398 5224 quotquot
1425 5170 1488 5209 ea
1536 5156 1751 5212 liberati
1780 5160 1943 5212 vitam
1981 5161 2118 5214 reti-

547 5255 808 5298 nuerunt.
840 5243 996 5298 Tunc
1020 5246 1165 5297 enim
1189 5245 1338 5322 vitiis
1363 5245 1620 5300 omnibus
1640 5247 1890 5312 desertis,
1930 5250 2118 5304 virtuti

550 5337 863 5402 studebant,
929 5345 984 5390 et
1033 5336 1189 5389 multi
1239 5335 1528 5390 facultates
1570 5353 1698 5394 suas
1745 5339 1799 5394 in
1854 5355 2120 5410 pauperes

501 5455 510 5464 κ
549 5426 968 5486 distribuebant,
993 5425 1157 5479 etiam
1194 5414 1506 5494 priusquam
1539 5443 1567 5481 a
1609 5430 1800 5482 morbo
1830 5429 1921 5483 illo
1957 5430 2121 5484 inva-

549 5516 834 5570 derentur.
869 5515 989 5579 Quo
1018 5516 1060 5568 si
1086 5532 1144 5570 se
1173 5517 1395 5571 allectos
1425 5518 1922 5588 deprehenderent,
1959 5535 2122 5575 nemo

551 5616 662 5657 tam
719 5605 967 5670 lapideus
1002 5616 1143 5670 erat,
1215 5608 1504 5675 animoque
1537 5609 1696 5677 plane
1739 5609 2119 5664 immedit-abili

551 5706 719 5764 atque
765 5695 1075 5760 insanabili,
1108 5706 1167 5750 ut
1221 5714 1328 5751 non
1365 5700 1745 5768 penitentiam
1785 5701 1852 5754 de
1880 5701 2123 5770 peccatis

552 5788 676 5859 suis“
723 5802 837 5856 pra:
893 5805 950 5844 se
1004 5791 1204 5861 fcrcns,
1243 5794 1352 5852 Deo
1381 5796 1523 5865 apud
1571 5797 1808 5853 tribunal
1850 5797 1978 5853 illud
2037 5797 2121 5854 sui

2221 4629 2413 4664 πιστον
2468 4612 2820 4679 τραπόμενοι,
2883 4609 3138 4678 προΐεντο
3195 4609 3335 4673 σφᾶς
3395 4608 3614 4669 αὐτοὺς,
3685 4611 3797 4664 καὶ

2216 4699 2560 4768 ἀπέθνησκον
2589 4703 2645 4752 ὲν
2673 4697 2750 4767 τῷ
2780 4697 2999 4762 αὐτίκα,
3040 4696 3284 4766 μεγάλην
3316 4697 3491 4766 ῥοπὴν
3519 4697 3600 4765 τῷ
3629 4702 3768 4768 νοσή
3789 4729 3812 4742 ο

2221 4806 2350 4858 ματι
2402 4791 2500 4855 τὴν
2528 4790 2767 4858 ἀθυμίαν
2804 4787 3211 4856 προστιθέντες.
3271 4787 3343 4838 Τὸ
3399 4787 3500 4855 μὲν
3553 4785 3646 4839 οὖν
3693 4789 3808 4856 τῆς

2217 4877 2374 4930 νόσου
2427 4873 2568 4940 εἶδος
2614 4877 2855 4930 τοιοῦτον
2902 4877 3157 4944 κρεῖσσον
3187 4874 3346 4942 λόγου
3382 4872 3488 4946 ἦν’
3545 4875 3669 4928 ὃθεν
3697 4881 3809 4930 καὶ

2221 4968 2454 5037 μάλιστα
2484 4967 2800 5037 ὲδεδήλωτο,
2828 4967 2888 5019 οὐ
2921 4965 3032 5020 τῶν
3060 4967 3378 5036 συντρόφων
3409 4968 3503 5020 καὶ
3528 4971 3594 5036 τῇ
3635 4966 3805 5036 φύσει

2217 5060 2606 5129 προσηκόντων
2636 5059 2744 5112 τῶν
2776 5059 3104 5129 ἀνθρώπων,
3130 5059 3245 5112 ἀλλ’
3273 5059 3462 5128 ἕτερόν
3501 5077 3556 5113 τι
3589 5059 3648 5112 ὃν
3682 5061 3804 5114 ὑπὸ

2218 5154 2355 5207 Θεοῦ
2385 5157 2496 5216 τοῖς
2525 5152 2836 5222 ἀνθρώποις
2869 5153 3305 5222 ὲπενηνεγμένον
3347 5155 3486 5223 πρὸς
3523 5170 3808 5222 σωφρονι-

2215 5246 2358 5316 σμόν
2379 5261 2394 5274 ο
2419 5245 2512 5298 καὶ
2540 5243 2724 5297 πολλοὶ
2742 5244 2806 5297 ἰκ
2835 5243 2928 5297 τοῦ
2947 5244 3192 5298 τοιούτου
3225 5243 3467 5312 βελτίους
3491 5245 3591 5312 τήν
3614 5244 3806 5314 ψυχὴν

2219 5338 2468 5406 ἐγένοντο
2493 5337 3047 5407 σωφρονισθέντες,ού
3075 5336 3240 5406 μόνον
3266 5336 3315 5388 oi
3338 5336 3803 5405 τελευτήσαντες,

2220 5429 2356 5482 ἀλλά
2386 5430 2480 5482 καὶ
2511 5431 2625 5482 ὅσοι
2675 5429 3057 5497 περιεγένοντο
3104 5428 3206 5497 τῆς
3242 5427 3423 5480 νόσου.
3463 5426 3653 5495 Πάσης
3689 5429 3806 5498 γὰρ

2221 5520 2524 5588 ἀπέσχοντο
2579 5519 2780 5582 κακίας
2814 5521 2870 5572 ὲν
2922 5518 3004 5588 τῷ
3035 5519 3158 5571 τότε
3215 5518 3414 5587 χρόνῳ,
3454 5519 3547 5568 καὶ
3596 5518 3808 5586 ἀρετῆς

2224 5609 2586 5681 ἐπεμελοῦντο
2609 5624 2624 5640 '
2663 5613 2756 5664 καὶ
2793 5610 2979 5663 πολλοὶ
3004 5613 3073 5662 τὰ
3113 5609 3242 5663 ὄντα
3275 5611 3469 5678 πένησι
3499 5609 3803 5678 διένειμον,

2223 5707 2317 5757 καὶ
2347 5708 2477 5775 πρῖν
2501 5703 2600 5773 τὴν
2641 5704 2793 5756 νόσον
2821 5705 2902 5766 είς
2939 5702 3136 5765 αὐτοὺς
3168 5699 3592 5768 ἐγκατασκῆψαι
3615 5715 3628 5728 ⁶
3662 5702 3711 5752 εί
3740 5701 3805 5753 δέ

2225 5814 2359 5851 ποτε
2395 5796 2488 5850 καὶ
2522 5796 2788 5850 αἴσθοιντο
2818 5795 3014 5858 αὐτοὺς
3060 5793 3482 5864 κατεχομένους,
3516 5792 3691 5854 οὐδεὶς
3729 5787 3804 5861 ἦν
