4028 6514
514 426 605 495 63
838 486 855 495 ,
1738 430 2060 494 JOANNIS
2097 430 2623 497 CANTACUZENI
3717 436 3786 500 61

527 544 971 601 antecessoribus
999 546 1115 601 suis
1143 545 1569 618 imperatoribus
1610 546 1977 603 libentissime
2007 559 2101 601 ee-
2130 596 2132 605 .

2234 550 2610 621 ιγωνιζόμενον
2643 551 3090 623 προθύμως.⁶ῐ’ῶν
3125 550 3226 621 μὲν
3254 548 3364 621 γὰρ
3393 547 3571 604 ἄλλων
3604 550 3792 603 πλεον-

528 637 681 698 dere,
708 636 989 690 alacritate
1030 645 1214 691 autem
1243 637 1310 691 ad
1341 651 1431 691 res
1454 634 1735 703 honestas,
1758 644 1816 691 et
1836 635 2111 691 desiderio

529 725 750 781 videndi
812 726 1082 782 Barbaros
1154 727 1347 782 eadem
1398 725 1535 796 pati,
1591 741 1714 796 quae
1774 725 2113 781 Christianis

532 818 744 872 tamdiu
775 816 987 873 nefarie
1018 818 1356 885 intulissent,
1384 818 1520 873 nulli
1545 817 1766 873 cedere.
1790 816 2008 889 Legatic
2036 817 2111 872 ita

533 923 593 963 se
620 909 877 973 habebat,
901 919 957 964 et
986 910 1136 964 ibant
1159 925 1225 964 ex
1249 910 1520 965 sententia
1542 910 1888 979 imperatoris
1904 909 2110 964 omnia.

534 1000 668 1054 Cum
700 1001 846 1054 enim
875 1002 1042 1069 legati
1074 1004 1456 1071 exposuissent
1478 1016 1650 1070 papae,
1677 1015 1908 1070 quorum
1937 1001 2112 1070 gratia

534 1101 820 1155 venerant,
845 1091 934 1146 ille
956 1108 1204 1156 exorsus,
1226 1093 1411 1147 omnia
1444 1092 1584 1147 bello
1604 1102 1754 1162 gesta
1774 1100 1881 1145 tam
1900 1083 2112 1158 eiacte,

538 1198 701 1252 quam
741 1182 786 1236 si
832 1198 1017 1238 coram
1047 1183 1338 1247 adfuisset,
1382 1184 1725 1238 recensebat.
1792 1182 2116 1240 Mirantibus

538 1272 748 1342 legatis,
781 1288 846 1328 ac
869 1276 1381 1344 percunctantibus,
1408 1276 1554 1329 unde
1584 1279 1698 1329 luce
1727 1275 1799 1329 illi
1825 1285 1935 1332 tam
1965 1286 2116 1332 certa

538 1364 755 1428 notitia,
811 1380 841 1419 a
894 1365 1145 1434 Zampzea
1196 1363 1557 1421 Sabaudiensi
1616 1366 1842 1429 femina,
1885 1384 2006 1435 quae
2061 1369 2118 1422 in

536 1455 798 1509 comitatu
825 1455 1192 1525 imperatricis
1229 1456 1358 1510 inde
1389 1456 1460 1511 ab
1490 1456 1717 1512 exordio
1763 1458 1890 1515 belli
1935 1473 2110 1528 usque

538 1546 608 1600 ad
649 1555 957 1600 extremum
1003 1556 1217 1602 versata
1261 1557 1430 1614 esset,
1484 1563 1543 1604 se
1597 1552 1881 1619 accepisse
1922 1550 2058 1605 dixit
2098 1565 2117 1606 :

545 1654 671 1707 quae
696 1647 857 1708 capto
893 1638 1149 1709 Byzantio
1186 1641 1239 1693 in
1267 1639 1497 1708 patriam
1536 1640 1864 1710 remigrans,
1902 1641 2121 1711 penitus

542 1732 726 1783 omnia
757 1731 859 1784 sibi
904 1732 979 1785 uti
1012 1731 1397 1801 contigissent,
1432 1732 1725 1802 diligenter
1756 1740 2071 1787 enarrasset
2102 1748 2117 1786 :

2213 643 2538 712 εκτημάτων
2588 644 2705 707 τοῖς
2762 644 2871 715 πρὸ
2896 644 3061 698 αὑτοῦ
3090 642 3504 714 βεϐασιλευκόσι
3532 642 3702 712 ῥᾷστα
3728 641 3801 694 ἂν.

2212 735 2639 806 παραχωρήσειε
2665 731 3031 807 ,προθυμίας
3057 735 3115 789 δὲ
3144 735 3248 804 τῆς
3278 733 3407 804 περὶ
3438 734 3506 789 τὰ
3533 733 3675 787 καλὰ
3700 732 3794 787 καὶ

2211 822 2305 875 τοῦ
2358 823 2645 894 βούλεσθαι
2688 824 2817 888 τοὺς
2863 823 3185 894 Βαρϐἀρους
3230 821 3438 875 ἐπιδεῖν
3486 822 3799 891 πάσχοντας

2214 914 2524 987 ἀντίρροπα
2571 916 2686 979 τοῖς
2736 914 3057 986 τολμηθεῖσι
3115 913 3257 968 κατά
3308 912 3655 984 Χριστιανῶν
3704 911 3794 962 ἐπὶ

2212 1004 2468 1061 τοσοῦτον
2490 1008 2702 1077 χρόνον,
2734 1007 2912 1060 οὐδενί
2931 1024 2944 1039 ·
2970 1008 3004 1078 ἡ
3034 1006 3135 1076 μὲν
3159 1005 3251 1060 οὖν
3277 1003 3549 1075 πρεσϐεία
3569 1001 3794 1071 τοιαύτη

2211 1092 2282 1169 ἦν
2301 1138 2315 1162 ,
2353 1099 2448 1152 καὶ
2481 1099 2662 1152 πάντα
2695 1099 2933 1152 ὶτελεῖτο
2968 1097 3113 1152 κατά
3142 1095 3374 1168 γνώμην
3407 1094 3638 1166 βασιλεῖ.
3674 1095 3798 1146 Δια-

2215 1188 2530 1259 λεγομένων
2573 1190 2684 1261 γὰρ
2728 1190 2839 1244 τῶν
2887 1191 3178 1260 πρέσϐεων
3223 1189 3303 1260 τῷ
3349 1189 3511 1260 πάπᾳ
3558 1186 3687 1258 περὶ
3726 1179 3800 1241 ὧν

2213 1276 2385 1353 ἦκον,
2423 1283 2630 1344 ἐκεῖνος
2667 1281 2761 1336 τὸν
2799 1282 2958 1349 λόγον
2999 1281 3320 1344 ἀναλαϐὼν,
3357 1280 3533 1333 πάντα
3567 1278 3802 1346 διηγεῖτο

2218 1374 2483 1442 ἀκριϐῶς,
2511 1371 2702 1442 ῶσπερ
2733 1374 2801 1427 ἀν
2829 1374 2992 1437 αὐτὸς
3022 1373 3212 1444 παρὼν
3236 1355 3331 1425 τοῦ
3363 1371 3599 1439 πολέμου
3626 1371 3805 1422 τελου-

2223 1462 2406 1531 μένου.
2438 1461 2843 1530 Θαυμαζόντων
2870 1463 2928 1516 δὲ
2958 1463 3068 1516 τῶν
3098 1462 3384 1531 πρέσϐεων
3414 1461 3509 1514 καὶ
3540 1460 3806 1513 πυνθανοο

2222 1551 2403 1620 μένων
2436 1550 2560 1603 ὅθεν
2594 1551 2760 1620 εἰδείη
2794 1549 2969 1605 ταῦτα
3003 1551 3297 1621 ἀσφαλῶς,
3332 1549 3483 1618 παρὰ
3517 1548 3805 1617 Ζαμπαίας

2218 1641 2319 1708 τῆς
2349 1641 2413 1694 ὲκ
2440 1640 2691 1703 Σαϐωΐας
2718 1640 2958 1709 ἔφασκεν
2986 1641 3285 1710 ἀκηκοέναι
3316 1639 3549 1710 βασιλίδι
3584 1632 3807 1707 συμπα-

2224 1728 2426 1798 ρούσης
2452 1732 2511 1783 ὲν
2536 1729 2820 1800 Βυζαντίῳ
2848 1729 2944 1783 ἀπ’
2966 1731 3144 1800 ἀρχῆς
3177 1730 3415 1800 μάλιστα
3440 1730 3534 1782 τοῦ
3567 1729 3806 1798 πολέμου

542 1821 908 1891 laudabatque
937 1831 991 1876 et
1019 1823 1071 1875 in
1104 1823 1302 1877 caelum
1338 1822 1560 1877 tollebat
1593 1824 2000 1892 imperatorem,
2028 1822 2122 1893 qui

2234 1820 2352 1891 Ξχρι
2389 1819 2599 1883 τέλους.
2629 1821 2704 1873 Ἦ
2751 1822 2889 1890 μετά
2930 1820 2991 1873 τὸ
3039 1820 3264 1890 βασιλέα
3308 1820 3605 1885 Βυζάντιον
3649 1821 3807 1881 ἑλεῖν,

543 1912 682 1967 adeo
739 1881 948 1982 injuste
1006 1913 1172 1967 armis
1209 1923 1577 1984 oppugnatus.
1631 1881 1687 1968 et
1726 1913 2022 1969 calumniis
2047 1881 2124 1969 ita

2234 1881 2538 1980 ἀπαίρουσα
2561 1881 2655 1974 rei;
2689 1881 2785 1980 τὴν
2819 1911 3018 1977 οίκίαν,
3039 1881 3235 1964 ’πάντα
3270 1881 3510 1979 διηγεῖτο
3544 1909 3811 1980 ἀκριϐῶς,

547 2009 802 2064 vexatus,
848 2013 902 2056 et
957 2002 1101 2056 bello
1143 2012 1251 2056 tam
1292 2003 1460 2057 multa
1518 2003 1740 2074 indigna
1799 2018 2123 2074 perpessus,

551 2103 679 2164 post
716 2093 975 2153 devictos
1030 2093 1220 2148 hostes
1262 2094 1398 2147 nihil
1431 2109 1624 2163 parum
1680 2094 1996 2165 ingenuum,
2032 2102 2127 2149 aut

545 2186 728 2258 pusilli
780 2186 947 2240 animi
998 2202 1109 2254 prae
1161 2200 1222 2241 se
1254 2187 1515 2241 tulisset:
1564 2200 1745 2254 neque
1796 2187 1976 2241 malus
2022 2187 2127 2241 sibi

546 2277 709 2331 malis
732 2292 797 2333 ac
824 2279 1127 2347 praesertim
1160 2288 1319 2333 antea
1348 2287 1430 2333 tot
1457 2294 1487 2333 a
1512 2293 1571 2333 se
1597 2278 1883 2333 beneﬁciis
1909 2277 2128 2354 aﬂectis

550 2365 765 2429 fuisset,
784 2367 878 2422 sed
894 2381 1017 2421 cum
1042 2367 1285 2439 Augusu
1328 2377 1385 2422 et
1406 2367 1534 2423 ﬁliis
1556 2368 1673 2438 ejus
1693 2383 1821 2423 cum
1853 2376 1912 2423 ut
1932 2377 2127 2434 semet,

550 2464 666 2511 tum
693 2464 756 2511 ut
787 2456 973 2512 studio
990 2456 1081 2513 illo
1098 2457 1446 2528 imperatoris
1470 2458 1629 2514 amici
1657 2473 1789 2531 erga
1819 2475 1880 2516 se
1900 2460 2126 2533 dignum

549 2555 693 2613 erat,
723 2548 905 2619 egisse
928 2547 1081 2604 visus
1097 2563 1249 2604 esset
1279 2567 1293 2603 :
1320 2558 1378 2604 et
1403 2552 1457 2604 in
1483 2550 1619 2604 alios
1651 2565 1843 2606 omnes
1873 2551 2131 2607 similiter

551 2656 672 2697 sese
698 2643 883 2695 mitem
925 2656 989 2695 ac
1022 2640 1313 2709 placidum,
1371 2658 1481 2696 non
1514 2643 1688 2697 solum
1710 2644 2129 2699 commissorum

554 2742 808 2804 penas‘a
836 2733 1061 2789 nemine
1110 2734 1473 2804 reposcendo,
1521 2734 1615 2789 sed
1662 2744 1853 2790 contra
1886 2738 2132 2793 studiose

559 2823 960 2879 benefaciendo
1014 2825 1383 2894 praestitisset.
1450 2825 1585 2880 Illud
1648 2842 1779 2882 vero
1839 2830 1895 2882 in
1956 2829 2133 2898 prima

558 2915 725 2969 laude
753 2914 1009 2982 dudbat,
1043 2915 1188 2984 quod
1220 2915 1539 2986 imperatori
1576 2918 1914 2974 adolescenti
1968 2919 2134 2974 ﬁliam

556 3006 892 3075 copulasset,
931 3016 1335 3077 paternumque
1369 3008 1661 3079 imperium
1697 3010 1757 3065 ei
1784 3013 2134 3067 restituisset.

559 3097 827 3154 Tractatis
849 3111 1030 3154 autem
1055 3101 1843 3170 legatis,houoriticentissime,
1866 3105 1919 3158 in
1945 3105 2136 3175 primis

2226 2001 2304 2070 τῷ
2330 2001 2489 2072 πάπᾳ
2513 2001 2879 2071 συντυχοῦσα,
2899 2001 2975 2067 ὡς
3001 2001 3236 2070 ἐγένετο,
3260 2002 3428 2073 μηδὲν
3442 2002 3812 2071 ἀποκρύψασα

2226 2093 2325 2161 τῆς
2348 2093 2629 2160 ἀληθείας.
2661 2092 2883 2167 Ἐπῂνει
2905 2110 2965 2146 τε
2986 2095 3012 2146 ὁ
3037 2094 3224 2156 πάπας
3251 2093 3495 2162 βασιλέα,
3522 2095 3619 2145 καὶ
3647 2092 3814 2162 ὕπερ-

2226 2183 2428 2253 ηύχετο
2457 2183 2646 2249 αὐτοῦ,
2675 2185 2757 2237 ὅτι
2786 2184 3119 2256 πολεμηθεὶς
3150 2185 3350 2247 ἀδίκως
3380 2183 3547 2249 οὕτω,
3579 2185 3673 2236 καὶ
3700 2183 3812 2235 δια-

2230 2274 2451 2345 ϐληθεὶς
2477 2274 2583 2328 ὑπὸ
2610 2276 2987 2344 συκοφαντῶν,
3012 2278 3109 2330 καλ⁵
3131 2265 3371 2331 τοσαῦτα
3396 2275 3642 2344 ἐνεγκὼν
3663 2275 3814 2328 δεινὰ

2228 2367 2374 2421 κατά
2412 2365 2507 2421 τὸν
2549 2367 2811 2440 πόλεμον,
2852 2368 3041 2438 ὶπειδῂ
3081 2371 3192 2430 τοῖς
3232 2368 3422 2432 ὅπλοις
3465 2366 3816 2439 περιεγένετο

2228 2457 2340 2512 τῶν
2379 2456 2784 2530 ἀντισχόντων,
2829 2459 2984 2514 οὐδὲν
3039 2460 3378 2531 μικρόψυχον
3422 2459 3665 2531 ἔπαθεν,
3708 2458 3816 2512 οὐδ’

2229 2546 2450 2615 ἀγεννές
2476 2561 2490 2578 ⁸
2522 2547 2646 2601 ούδδ
2677 2549 3095 2621 ἐμνησικάκησε
3123 2552 3236 2613 τοῖς
3268 2552 3460 2614 κακοῖς
3491 2551 3625 2620 περὶ
3658 2549 3816 2602 αὐτὸν

2232 2638 2644 2708 γεγενημένοις,
2671 2640 2765 2693 καὶ
2791 2639 2968 2694 ταῦτα
2993 2641 3087 2694 ὑπ’
3115 2644 3327 2695 ἐκείνου
3355 2642 3625 2713 πρότερον
3654 2641 3819 2694 πολλὰ

2234 2730 2710 2799 εὐεργετηθεῖσιν,
2760 2732 2897 2785 ἀλλὰ
2945 2731 3178 2803 βασιλίδι
3221 2750 3281 2786 τε
3329 2735 3424 2787 καλ⁵
3468 2734 3583 2796 τοῖς
3631 2731 3819 2786 παισὶν

2237 2819 2392 2883 ἄξιος
2433 2819 2593 2891 ὤφθη
2638 2821 2873 2886 ἑαυτοῦ,
2918 2824 3015 2876 καὶ⁵
3058 2823 3163 2892 τῆς
3206 2822 3475 2893 βασιλέως
3519 2822 3620 2875 τοῦ
3670 2821 3820 2890 φίλου

2236 2911 2364 2981 περὶ
2397 2911 2558 2986 αὐτὸν
2591 2910 2828 2981 σπουδῆς
2851 2954 2866 2980 ,
2902 2914 3138 2976 καὶετοῖς
3173 2913 3352 2976 ἄλλοις
3387 2913 3597 2967 ἅπασιν
3630 2913 3821 2983 ὁμοίως
3854 2954 3861 2957 .

2234 3000 2442 3072 ἥμερος
2476 3002 2570 3057 καὶ
2605 3007 2884 3074 προσηνής
2911 3042 2927 3069 ,
2960 3004 3020 3057 οὐ
3061 3005 3225 3073 μόνον
3261 3004 3369 3057 τῶν
3399 3004 3821 3073 τετολμημένων

2238 3091 2393 3154 δίκας
2431 3093 2638 3162 μηδένα
2669 3094 3003 3163 ἀπαιτήσας,
3038 3093 3173 3146 ἀλλὰ
3207 3093 3303 3145 καὶ
3337 3094 3643 3163 φιλοτίμως
3674 3094 3821 3159 εὐερ-

561 3192 810 3254 srdihus,
845 3193 897 3245 in
919 3192 1354 3259 tleduetionlbus,
1387 3196 1436 3246 iu
1480 3194 1899 3252 decessiouibus
1932 3197 2000 3252 de
2028 3197 2132 3264 via,

2244 3183 2418 3251 γετῶν
2461 3184 2522 3250 ἐξ
2568 3186 2954 3255 ἀντιστρόφου.
2999 3186 3252 3239 Μάλιστα
3292 3185 3348 3239 δὲ
3392 3186 3583 3256 ἐπῄνει
3632 3188 3692 3238 τὸ
3732 3184 3824 3253 τὴν

558 3291 614 3335 et
644 3282 762 3335 aliis
779 3282 972 3351 quibus
1003 3281 1207 3347 decuit,
1235 3296 1331 3336 eos
1360 3283 1575 3336 tandem
1595 3282 1822 3350 dimisit,
1855 3300 1976 3339 cum
2004 3283 2141 3339 duo-

556 3372 662 3426 bus
692 3372 982 3442 episcopis,
1006 3386 1238 3441 quorum
1274 3388 1415 3429 unus
1452 3373 1563 3445 (88)
1594 3383 1709 3428 erat
1736 3376 1944 3430 ordinis
1976 3376 2144 3431 Mino-

557 3473 705 3525 rnm,
732 3461 1052 3516 Guilirlmus
1086 3463 1333 3532 nomine,
1356 3464 1489 3518 alter
1508 3481 1575 3520 ex
1614 3464 2034 3522 l’rzcdicatorum
2059 3469 2144 3522 fa-

560 3550 730 3615 milia,
762 3551 916 3623 [lngo
951 3553 1018 3606 de
1040 3551 1203 3622 Spert
1226 3557 1544 3620 vocabatur,
1569 3568 1800 3625 uterque
1830 3557 2017 3612 virtuti
2048 3559 2143 3613 de-

559 3642 886 3707 ditissimus,
923 3652 978 3698 et
1009 3646 1061 3697 in
1091 3646 1332 3715 profanis
1370 3648 1565 3703 litteris
1595 3648 1839 3718 apprime
1873 3661 2140 3707 versatus.

557 3733 743 3798 Quare
765 3741 821 3789 et
853 3735 906 3788 iu
956 3750 1249 3806 congressu
1279 3749 1435 3793 erant
1463 3739 1795 3794 festivis:imi
1837 3750 1893 3795 et
1933 3751 2146 3811 poterat

563 3825 793 3879 multum
818 3841 1007 3880 eorum
1028 3828 1093 3882 ad
1115 3830 1553 3897 persuadendum
1571 3847 1776 3886 sermo.
1793 3832 1944 3898 Quos
1972 3835 2143 3904 impe—

560 3926 714 3971 rator
751 3918 1112 3987 perbenevole
1152 3931 1207 3976 et
1257 3938 1452 3993 magno
1488 3939 1613 3978 cum
1664 3923 1871 3979 honore
1905 3926 2141 3995 excepit,

2248 3277 2529 3347 θυγατέρα
2565 3278 2907 3347 συναρμόσαι
2942 3276 3153 3347 βασιλεῖ
3183 3277 3261 3346 τῷ
3293 3277 3423 3346 νέῳ,
3460 3280 3554 3334 καὶ
3588 3279 3691 3347 τὴν
3723 3293 3827 3329 πα-

2245 3366 2426 3438 τρῲαν
2445 3366 2737 3422 ἀποδοῦναι
2761 3368 3065 3438 βασιλείαν.
3088 3367 3487 3438 Φιλοτιμότατά
3509 3386 3567 3420 τε
3591 3372 3620 3421 ὁ
3647 3370 3829 3430 πάπας

2247 3462 2376 3529 περὶ
2398 3462 2521 3522 τοὺς
2544 3458 2808 3529 βασιλέως
2838 3457 3097 3529 πρέσϐεις
3120 3460 3389 3521 διατεθεὶς
3412 3460 3468 3511 ὲν
3490 3459 3826 3530 προεδρίαις,

2245 3553 2339 3606 καὶ
2379 3554 2735 3622 προπομπαῖς
2760 3591 2775 3617 ,
2813 3551 2909 3604 καὶ
2950 3550 3291 3620 ὑπαντήσεσι
3316 3589 3331 3614 ,
3366 3552 3460 3603 καὶ
3498 3552 3612 3613 τοῖς
3656 3550 3828 3610 ἄλλοις

2244 3645 2357 3705 τοῖς
2397 3644 2801 3713 προσήκουσιν,
2840 3642 3032 3695 ἔπειτα
3071 3644 3400 3712 ἀπέπεμπε,
3438 3643 3532 3694 καὶ
3573 3641 3829 3713 πρέσϐεις

2246 3732 2339 3787 δύο
2356 3731 2461 3793 τῶν
2481 3732 2791 3786 ἐπισκόπων
2812 3732 3217 3803 συνεκπέμψχς,
3243 3727 3315 3784 ὧν
3339 3733 3366 3782 ό
3389 3729 3575 3801 ἕτερος
3605 3729 3698 3783 τοῦ
3730 3745 3823 3800 με·

2245 3825 2475 3892 νουρίων
2514 3825 2795 3893 τάγματος
2829 3820 2918 3896 ἦν,
2939 3824 3230 3893 Γελίελμος
3266 3823 3833 3894 προσαγορευόμενος,

2247 3918 2438 3986 Οὖγγα
2466 3917 2523 3970 δὲ
2556 3918 2731 3987 Σπὲρτ
2764 3918 2792 3970 ὁ
2824 3915 3013 3979 λοιπὸς
3047 3915 3296 3969 ἐκαλεῖτο
3328 3916 3394 3966 ὲκ
3424 3913 3532 3965 τῶν
3564 3912 3829 3983 κηρύκων

561 4009 917 4079 quotidieque
938 4026 1059 4064 cum
1085 4011 1189 4066 illis
1208 4015 1450 4084 jucunde
1469 4016 1768 4071 collocutus
1792 4026 1906 4084 est;
1929 4017 2132 4087 ipsique

2250 4010 2813 4081 προσαγορευομένων
2859 4005 2935 4061 ὢν
2962 4023 2976 4038 ’
3024 4007 3230 4078 ἀρετῆς
3277 4022 3337 4058 τε
3391 4004 3635 4075 μάλιστα
3684 4007 3830 4058 ἀντι-

566 4110 751 4166 operae
802 4101 1035 4169 pretium
1070 4104 1367 4159 maximum
1405 4106 1680 4160 duxerunt
1713 4110 1916 4174 omnia,
1949 4124 2069 4178 quae
2101 4111 2132 4165 is

2248 4102 2592 4174 ποιούμενοι,
2621 4104 2714 4156 καὶ
2739 4104 2839 4173 τὴν
2868 4098 3103 4172 θύραθεν
3132 4098 3326 4168 σοφίαν
3354 4101 3433 4162 είς
3459 4097 3634 4168 ἀκρον
3662 4111 3831 4166 μεμε-

566 4187 626 4242 in
651 4188 770 4243 dies
802 4191 1044 4262 singulos
1072 4196 1472 4266 proposuisset,
1501 4196 1666 4269 734
1719 4206 1773 4252 ct
1821 4215 1988 4270 super
2018 4217 2132 4272 pro-

2244 4196 2559 4267 λετηκότες.
2602 4194 2683 4249 Δί’
2725 4193 2763 4249 ἃ
2811 4193 2906 4247 καὶ
2941 4193 3179 4265 μάλιεστα
3227 4192 3375 4261 ἡδεῖς
3420 4184 3562 4260 ἦσαν
3610 4192 3670 4243 ὲν
3715 4188 3829 4248 ταῖς

568 4278 763 4348 positis
804 4281 1181 4351 disseruisset,
1223 4294 1335 4339 toto
1379 4286 1472 4340 illo
1517 4298 1785 4358 tempore,
1833 4305 1944 4361 quo
1993 4292 2132 4363 apud

2252 4288 2564 4350 συνουσίαις
2584 4325 2600 4352 ,
2628 4286 2720 4340 καὶ
2752 4284 2970 4339 πιθανοὶ
2999 4284 3135 4356 πρὸς
3166 4279 3592 4349 διαλέξεις.οοὒς
3624 4284 3652 4335 ὁ
3685 4281 3832 4350 βασι-

562 4384 692 4423 eum
727 4373 1084 4442 mansissent,
1122 4376 1320 4432 litteris
1347 4378 1690 4450 cousignare,
1717 4398 1789 4437 ne
1814 4399 1845 4438 e
1880 4387 2132 4441 memoria

2246 4382 2375 4445 λεὺς
2418 4380 2559 4450 μετά
2600 4379 2803 4447 πολλῆς
2848 4377 3065 4442 ἐδέξατο
3098 4375 3196 4445 τῆς
3239 4373 3527 4444 εὐμενείας
3577 4374 3677 4425 καὶ
3736 4371 3831 4438 τῆς

561 4461 936 4518 elaberentur.
991 4463 1125 4531 Quae
1188 4465 1243 4520 in
1300 4467 1512 4523 Italiam
1573 4486 1758 4527 secum
1816 4485 2137 4544 portantes,

570 4550 755 4620 ibique
799 4560 855 4607 et
900 4568 1071 4625 papae,
1127 4563 1184 4610 et
1233 4556 1366 4613 viris
1409 4560 1747 4631 sapientibus
1793 4566 2141 4631 exhibentes,

570 4650 805 4709 quantus
833 4643 916 4698 vir
945 4652 1110 4711 esset,
1142 4651 1526 4719 ostendebant,
1563 4665 1621 4710 et
1659 4670 1755 4711 ore
1795 4656 1900 4725 ipsi
1940 4656 2148 4711 nihilo-

572 4733 757 4788 minus
785 4738 907 4805 ejus
935 4737 1126 4796 laudes
1158 4743 1548 4810 praedicabant.
1577 4745 1781 4803 Verum
1811 4748 1927 4803 haec
1962 4758 2147 4818 poste-

570 4824 686 4877 rius
712 4826 854 4881 faeta
883 4838 1030 4884 sunt.
1071 4829 1209 4887 Tum
1244 4850 1372 4891 vero
1396 4838 1507 4893 sub
1532 4839 1831 4893 adventum
1861 4855 2022 4895 suum
2060 4840 2145 4894 le-

568 4915 844 4990 gaticmcm
864 4919 1156 4995 explicant,
1181 4925 1340 4997 cujus
1361 4927 1477 4983 haec
1500 4939 1621 4984 erat
1641 4944 1875 4984 summa.
1905 4929 2147 4987 Primum

576 5029 699 5068 cum
747 5016 905 5070 bonis
958 5017 1213 5072 omnibus
1257 4999 1472 5087 rgratias
1528 5028 1716 5087 agunt,
1782 5021 1927 5089 quod
1959 5021 2151 5090 junior

575 5105 877 5177 imperator
922 5109 1155 5179 ejusque
1186 5119 1360 5165 mater
1383 5110 1459 5164 illi
1495 5126 1641 5165 cura:
1670 5112 1781 5165 sint
1813 5129 1827 5166 :
1859 5126 2004 5176 cum,
2029 5130 2149 5183 quae

575 5213 739 5254 nemo
770 5216 1007 5270 unquam
1046 5210 1439 5270 exspectasset,
1474 5211 1598 5270 pust
1629 5211 1734 5256 tam
1783 5219 1988 5258 saevum
2025 5206 2142 5260 bel-

575 5286 712 5353 lum,
740 5298 796 5343 et
824 5290 1143 5344 inimicitias
1186 5289 1586 5359 implacabiles,
1632 5299 1688 5345 et
1730 5291 2147 5347 criminatorum

577 5379 634 5433 in
661 5381 810 5435 illurn
849 5381 1054 5445 Scelus,
1094 5395 1206 5433 non
1240 5380 1308 5434 ad
1356 5381 1633 5449 praeterita
1682 5384 2009 5451 respexerit,
2046 5384 2146 5440 sed

577 5473 713 5526 satis
769 5486 891 5526 esse
937 5470 1286 5535 existimarit,
1331 5472 1375 5527 si
1414 5480 1624 5527 tantum
1681 5474 1810 5529 belli
1860 5490 2152 5532 causarum

581 5577 753 5633 purus
781 5562 1077 5626 videretur,
1113 5572 1170 5617 et
1192 5564 1344 5634 quasi
1375 5563 1515 5618 nihil
1560 5566 1689 5620 novi
1730 5566 2148 5636 intervenisset,

2248 4474 2437 4543 τιμῆς,
2471 4474 2561 4525 καὶ
2591 4471 2758 4541 ἡδέως
2790 4470 2984 4541 ὡμίλει
3014 4469 3289 4539 ὁσημέραι
3321 4467 3413 4519 καὶ
3446 4465 3639 4535 συνῆ-ι,
3678 4460 3832 4517 αὐτοί

2246 4581 2306 4616 τε
2348 4563 2625 4633 προύργου
2668 4564 2867 4626 παντὸς
2911 4561 3192 4614 ἐποιοῦντο
3218 4559 3307 4611 τὸν
3336 4558 3549 4627 χρόνον,
3588 4555 3650 4609 ὃν
3688 4550 3833 4621 αὐτῷ

2244 4654 2482 4723 συνῆσαν
2507 4654 2606 4706 ὅσα
2634 4653 2720 4705 ἐπ’
2742 4654 2952 4704 ἐκείνου
2978 4649 3313 4719 προϐληθείη
3351 4649 3712 4717 καθημέραν,
3742 4644 3832 4697 καὶ

2244 4739 2334 4798 οἷα
2368 4747 2498 4816 περὶ
2529 4744 2635 4798 τῶν
2666 4742 3073 4815 προϐλημάτων
3102 4740 3410 4810 διαλεχθείη
3445 4740 3715 4808 γράφειν,
3749 4736 3832 4787 ἵνα

2248 4837 2324 4906 μὴ
2354 4836 2494 4907 λάθῃ
2520 4836 2617 4903 τῆς
2652 4836 2876 4905 μνήμης
2905 4831 3200 4903 ἐκρυέντα.
3231 4831 3299 4882 Ἀ
3328 4831 3407 4891 είς
3443 4828 3674 4881 Ἰταλίαν
3703 4829 3834 4893 ἀγα-

2246 4929 2460 4999 γόντες,
2487 4929 2582 4981 καὶ
2608 4928 2768 4994 πάπα
2792 4940 2853 4976 τε
2882 4929 2978 4975 καὶ
3002 4923 3114 4984 τοῖς
3141 4922 3321 4974 ὲκεῖσε
3349 4919 3619 4981 διαδόντες
3652 4917 3834 4984 σοφοῖς

2253 5022 2426 5091 μέγαν
2452 5022 2515 5072 ὲκ
2536 5017 2744 5070 τούτων
2768 5014 3123 5068 ἀπεδείκνυον
3147 5011 3393 5081 βασιλέα,
3420 5009 3516 5063 καὶ
3540 5009 3647 5061 ἀπὸ
3672 5008 3834 5075 γλώτ-

2247 5128 2348 5181 της
2390 5111 2492 5163 ούκ
2538 5108 2695 5177 ὀλίγα
2741 5104 3098 5179 ἐξηγούμενοι
3142 5102 3316 5156 αὐτοί.
3365 5101 3550 5155 Ταῦτα
3602 5099 3700 5170 μὲν
3743 5096 3833 5151 οὖν

2257 5202 2505 5273 ὕστερον.
2540 5202 2673 5253 Τότε
2707 5200 2762 5253 δὲ
2800 5199 2941 5269 μετὰ
2974 5197 3072 5268 τὴν
3106 5195 3290 5262 ἄφιξιν
3327 5194 3523 5265 μικρὸν
3561 5187 3836 5262 ἀπήγγελ-

2216 5320 2221 5327 σ
2250 5296 2343 5350 λον
2368 5296 2580 5367 βασιλεῖ
2605 5293 2670 5347 τὰ
2704 5292 2958 5364 περὶτῆς
2994 5287 3311 5357 πρεσϐείας.
3343 5287 3423 5339 Τὰ
3456 5286 3512 5337 δὲ
3544 5280 3610 5354 ἧν
3642 5282 3834 5352 πρῶτα

2256 5389 2354 5459 μὲν
2379 5384 2725 5456 εὐχαριστίαι
2757 5386 2852 5437 καὶ
2881 5381 3041 5452 εὐχαὶ
3067 5380 3165 5450 τῆς
3193 5378 3322 5448 περὶ
3352 5376 3577 5447 βασιλέα
3602 5372 3689 5424 τὸν
3718 5371 3835 5459 νέον

2252 5458 2603 5550 κηδεμονίας,
2638 5476 2735 5529 καὶ
2773 5473 3023 5545 βασιλίδα
3056 5473 3155 5542 τὴν
3212 5470 3422 5540 μητέρα
3457 5485 3470 5501 ·
3515 5468 3598 5519 ὅτι
3634 5463 3670 5517 ἃ
3714 5458 3834 5550 μηδ’

2254 5548 2326 5627 ἄν
2344 5588 2434 5634 τις
2467 5567 2838 5641 προσεδόκησε
2872 5565 3009 5636 μετὰ
3041 5564 3134 5618 τὸν
3164 5561 3422 5617 τοσοῦτον
3452 5560 3708 5627 πόλεμον,
3739 5548 3836 5604 καὶ

1824 5680 2043 5743 Jacobi
2078 5683 2343 5747 Pontani
2372 5690 2561 5746 notae.

656 5777 769 5860 {88)
793 5774 1353 5862 ‘Gregorasquoque
1369 5780 1450 5862 de_
1478 5781 1567 5862 his
1597 5781 1827 5862 duobus
1842 5781 2152 5862 episcopis,

2260 5793 2318 5841 et
2342 5800 2458 5840 rem
2493 5792 2661 5838 totam
2710 5778 3184 5852 imperfectissime
3236 5770 3830 5846 negligentissimeque.

583 5846 682 5918 qui
725 5846 828 5902 sub
865 5846 1178 5907 Andronico
1205 5846 1356 5909 missi
1407 5851 1541 5922 sint,
1568 5851 1856 5914 confundit
1887 5846 2167 5926 'tempora',
2278 5866 2337 5910 ut
2373 5846 2907 5923 solet,'cxponit’lib.
2944 5867 2999 5908 λ.
