4028 6470
410 349 422 363 ’
478 369 551 437 75
1658 364 1985 427 JOANNIS
2024 355 2548 425 CANTACUZENI
2687 422 2707 460 ί
3650 358 3722 429 ‘76

473 492 667 549 ratus,
718 490 778 538 ut
830 482 1054 540 credere
1112 482 1273 539 velim
1327 481 1511 537 omnia
1570 497 1693 552 qua:
1756 490 2055 537 commune

2165 475 2550 545 Παλαιολόγων
2581 475 2802 548 Μιχαὴλ
2834 472 2994 553 τοῦτό
3023 470 3450 550 τετολμημένον,
3483 479 3543 533 οὐ
3573 484 3729 552 συνή-

456 570 859 648 episcoporum
898 575 1165 649 judicium
1212 584 1268 631 et
1301 575 1571 631 sententia
1605 574 1673 629 de
1706 573 1809 629 fide
1840 572 2051 628 consti-

472 670 663 733 tuerit,
703 679 856 725 extra
909 669 1013 725 hoc
1065 667 1197 723 nulli
1250 684 1336 722 me
1396 667 1620 722 novitati
1669 665 1937 720 addicam.
1988 661 2054 717 Et

472 774 599 816 cum
636 759 925 830 episcopos
969 772 1183 823 omnes,
1224 767 1335 812 tum
1378 757 1515 812 alios
1555 754 2053 809 ecclesiasticarum

473 850 793 923 dogmatum
854 848 1177 905 defensores
1243 863 1306 903 ac
1360 857 1617 917 patronos
1668 844 1770 900 hoc
1816 859 2054 915 propen-

474 944 695 1000 sissime
739 942 982 997 facturos
1020 941 1257 1011 opinor;
1296 942 1379 994 sin
1419 937 1742 993 auctoritate
1782 935 2052 1005 imperiali

476 1036 895 1106 compellantur,
933 1047 1094 1087 aures
1142 1031 1515 1095 obturaturos,
1560 1038 1620 1083 ut
1666 1042 1770 1082 nec
1820 1026 2052 1095 primam

474 1145 668 1186 vocem
724 1125 1019 1197 excipiant.
1068 1123 1388 1193 Quanquam
1442 1137 1545 1176 nec
1586 1120 1729 1189 apud
1769 1135 1866 1174 vos
1918 1119 2053 1173 mihi

478 1222 640 1276 iidem
695 1219 942 1274 habitum
998 1217 1066 1271 iri
1116 1225 1271 1286 puto,
1313 1214 1355 1270 si
1413 1214 1485 1268 ita
1542 1212 1736 1267 leviter
1795 1212 2055 1281 nulloque

477 1313 732 1369 examine
779 1310 1045 1383 dogmatis
1086 1310 1283 1362 vestris
1321 1305 1725 1375 subscripsere.
1760 1305 1863 1371 Qui
1906 1303 2052 1358 enim

439 1448 449 1455 .
477 1420 671 1476 parum
701 1411 1023 1458 constanter
1055 1398 1308 1463 inhaeret,
1333 1407 1387 1451 et
1415 1405 1638 1467 paratus
1668 1404 1749 1449 est
1797 1395 2057 1449 deserere

477 1512 599 1566 qua:
658 1495 893 1563 majores
942 1489 1018 1543 illi
1074 1486 1454 1549 tradiderunt,
1509 1492 1564 1539 et
1612 1483 1667 1537 in
1722 1482 1922 1553 quibus
1974 1491 2057 1537 est

477 1586 760 1647 educatus,
798 1597 981 1653 quam,
1034 1594 1240 1649 quaeso,
1276 1586 1461 1631 teneat
1512 1575 1581 1631 de
1631 1575 1946 1630 recentibus
1995 1573 2057 1626 ii-

475 1678 642 1734 dem?
676 1677 967 1743 Quocirca.
992 1672 1363 1729 necessarium
1398 1670 1662 1735 arbitror,
1698 1668 1743 1724 si
1785 1669 1928 1723 idem
1965 1683 2057 1722 vo-

474 1774 561 1829 bis
592 1768 941 1842 probabitur,
977 1783 1141 1837 super
1170 1764 1338 1819 rebus
1386 1763 1521 1817 adeo
1567 1761 1749 1833 magni
1795 1760 2054 1814 momenti
2092 1808 2095 1813 .

474 1862 831 1919 orientalium
902 1855 1438 1923 occidentaliumque
1491 1853 1870 1922 episroporum
1924 1866 2055 1905 con-
2090 1881 2127 1934 Β

475 1963 704 2009 ventum
751 1946 1151 2005 meumenicum
1196 1943 1486 1999 celebrari.
1535 1941 1591 1997 ιιι
1632 1944 1678 1997 si
1727 1942 1839 2006 ﬁat,
1883 1940 2056 1995 lidelis

478 2053 561 2100 est
587 2043 750 2105 Deus,
783 2039 875 2110 qui
908 2052 1009 2092 nos
1042 2051 1071 2089 a
1102 2034 1334 2089 veritate
1366 2033 1620 2087 aberrare
1652 2048 1759 2087 non
1796 2032 2056 2101 patietur.

479 2137 539 2191 Si
576 2132 904 2206 igitur‘Asia
964 2137 1019 2184 et
1046 2126 1285 2197 Europa,
1318 2124 1780 2196 quemadmodum
1821 2123 1970 2188 olim,
2000 2122 2055 2175 in

479 2227 852 2283 Romanorum
895 2220 1129 2291 imperio
1169 2227 1551 2278 censerentur,
1584 2216 1728 2287 apud
1763 2230 1863 2270 nos
1895 2229 2058 2284 syno-

477 2320 579 2376 dus
602 2316 843 2389 cogenda
868 2326 1034 2371 esset.
1060 2313 1215 2381 Quod
1239 2326 1361 2366 cum
1388 2310 1503 2364 fieri
1521 2309 1634 2379 jam
1660 2317 1893 2378 nequeat
1908 2308 2055 2378 (nam

477 2420 535 2465 et
561 2423 701 2481 papa
728 2408 837 2462 huc
866 2404 1138 2477 proficisci
1169 2400 1362 2471 nequit
1388 2408 1481 2455 εει
1508 2399 1642 2453 mihi
1670 2407 1777 2452 tam
1800 2397 1963 2466 longe
1988 2397 2058 2453 ab

479 2501 713 2572 imperio
741 2498 1023 2554 discedere
1045 2504 1269 2566 pr0pter
1287 2492 1626 2547 continentia
1649 2491 1809 2555 bella,
1828 2490 2060 2545 vicinos-

468 2578 586 2666 que
617 2592 906 2655 Barbaros,
939 2598 995 2645 et
1025 2589 1288 2659 dynastas
1323 2584 1478 2648 alios,
1506 2584 1664 2638 nobis
1694 2582 1935 2652 undique
1969 2581 2057 2635 in-

478 2685 824 2748 cumbentes,
857 2682 953 2753 qui
982 2695 1105 2736 cum
1136 2679 1204 2733 de
1236 2677 1339 2732 (ide
1372 2675 1654 2730 nobiscum
1686 2672 1947 2767 sentient,
1978 2680 2058 2725 ta-

478 2794 605 2834 men
632 2777 819 2831 hostes
841 2789 901 2829 se
924 2771 1265 2843 proﬁtentur,
1288 2783 1398 2821 non
1419 2777 1500 2821 est
1530 2762 1734 2831 facile).
1765 2764 1810 2819 si
1828 2761 1892 2817 'et
1917 2761 2059 2833 patri

470 2884 636 2942 papa:
651 2867 948 2932 videbitur,
967 2864 1226 2919 adlocum
1246 2861 1478 2931 aliquem
1502 2858 1835 2911 maritimum
1874 2855 1929 2909 in
1949 2870 2061 2909 me-

478 2964 569 3017 dio
602 2970 966 3026 utrorumque
1011 2956 1174 3010 situm
1222 2966 1491 3009 consensu
1525 2948 1882 3004 deveniemus
1916 2965 1929 3002 :
1971 2947 2060 3001 ille

478 3069 604 3109 cum
634 3050 950 3107 Occidentis
976 3046 1268 3117 episcopis,
1300 3060 1400 3115 ego
1430 3058 1554 3099 cum
1587 3039 1910 3111 patriarchis
1970 3052 2062 3092 eo-

476 3160 712 3216 rumque
736 3142 1030 3213 episcOpis.
1055 3139 1117 3192 Et
1138 3139 1196 3192 in
1228 3153 1322 3205 spe
1350 3152 1495 3201 sum,
1522 3134 1690 3188 Deum
1721 3132 2059 3202 benignitate

2159 582 2374 635 νεγκεν,
2413 567 2548 622 ἀλλά
2576 570 2757 640 χεῖρον
2789 567 2981 638 γέγονε
3002 568 3061 622 τὸ
3090 570 3302 640 ῥῆγμα,
3336 569 3485 640 καὶὴ
3517 569 3732 626 διάστα-

2162 675 2248 722 σις
2273 658 2655 731 χαλεπωτέρα.
2692 658 2770 713 Δι’
2802 659 2838 714 ἃ
2867 659 2986 713 οὐδὲ
3020 660 3184 724 αὐτὸς
3220 661 3403 730 οἴομαι
3438 661 3732 732 πεισθήσε-

2160 751 2287 805 σθαί
2314 769 2445 806 ποτε
2478 754 2609 824 πρὶν
2637 753 3029 825 οἰκουμενικὴν
3072 753 3291 806 σύνοδον
3325 754 3743 824 ἀθροισθεῖσανν

2156 841 2217 895 τὸ
2244 843 2435 898 δοκοῦν
2488 845 2727 914 ἀσφαλὲς
2774 844 3168 915 ἀποφήνασθαι
3208 848 3340 913 περὶ
3384 847 3485 915 τὴν
3522 848 3729 912 πίστιν,

2157 933 2537 1007 ἐπιχειρήσειν
2571 937 2734 999 αὐτός
2764 953 2825 989 τε
2871 937 3164 1006 προσέχειν
3196 937 3598 1005 καινοτομίαις,
3637 939 3731 990 καὶ

2159 1024 2445 1095 βιάζεσθαι
2474 1028 2601 1090 τοὺς
2634 1028 2847 1088 ἄλλους·
2871 1028 2934 1081 οὐ
2962 1028 3049 1082 διὰ
3076 1028 3175 1099 τὴν
3209 1028 3540 1098 Ἐκκλησίαν
3573 1029 3731 1097 μόνον

2157 1117 2253 1168 καὶ
2278 1116 2337 1169 τὸ
2367 1119 2710 1187 Χριστιανῶν
2740 1106 2887 1173 am
2926 1119 3222 1190 πλήρωμα,
3252 1120 3388 1174 ἀλλά
3416 1120 3511 1175 καὶ
3538 1120 3606 1173 δι’
3632 1120 3732 1190 ἐμὲ

2157 1207 2339 1262 αὐτόν.
2378 1210 2487 1262 Καὶ
2514 1210 2621 1278 γὰρ
2663 1208 2837 1273 οὕτως
2873 1210 3003 1279 ἔχω,
3039 1210 3116 1273 ὡς
3165 1212 3301 1264 πᾶσι
3374 1210 3474 1281 μὲν
3508 1211 3739 1282 πεισθη-

2160 1301 2387 1381 σόομενος
2427 1301 2561 1354 ἀττα
2615 1302 2681 1355 ἂν
2734 1302 2838 1355 ὑπὸ
2878 1302 3066 1371 κοινῆς
3128 1301 3497 1373 γνώμηςτῶν
3545 1306 3737 1374 ἀρχιε-

2159 1394 2300 1463 ρέων
2354 1394 2483 1461 περὶ
2531 1393 2633 1459 τῆς
2686 1394 2924 1457 πίστεως
2985 1394 3407 1465 ἐπιψηφισθείη·
3453 1394 3649 1448 τούτου
3680 1394 3738 1447 δὲ

2157 1484 2411 1546 ἀπόντος,
2450 1485 2771 1556 καινοτομίᾳ
2822 1486 3053 1556 οὐδεμιᾷ
3084 1486 3389 1555 προσέξων.
3438 1485 3638 1554 Οἴομαι
3682 1485 3741 1539 δὲ

2159 1578 2251 1649 καί
2281 1577 2409 1639 τοὺς
2455 1576 2751 1647 ἀρχιερέας
2784 1572 3051 1641 ἀπαντας,
3088 1580 3181 1629 καὶ
3212 1578 3336 1641 τοὺς
3373 1577 3565 1641 ἄλλους
3612 1576 3739 1639 τοὺς

2158 1667 2445 1737 δογμάτων
2473 1666 2581 1722 τῶν
2602 1668 3045 1740 τῆςἚκκλησίας
3080 1668 3386 1738 τροφίμους
3413 1669 3547 1737 πρὸς
3581 1669 3743 1721 τοῦτο

2162 1760 2261 1827 μὲν
2290 1758 2511 1813 ἔσεσθαι
2556 1758 2874 1829 προθύμους
2907 1762 3163 1830 μάλιστα·
3216 1763 3282 1813 ἂν
3327 1761 3382 1813 δὲ
3436 1760 3737 1830 βιάζοιντο,

2160 1850 2408 1921 ἁρχικῶς
2438 1851 2503 1903 τὰ
2527 1844 2642 1904 ὦτα
2673 1851 2965 1920 βύσαντας,
2996 1852 3134 1923 μηδὲ
3167 1852 3266 1922 τῆς
3302 1852 3523 1923 πρώτης
3554 1852 3745 1915 ἀνέξε-

2162 1942 2286 1993 σθαι
2320 1942 2525 2011 φωνῆς.
2560 1942 2750 1995 Καίτοι
2795 1958 2859 2010 γε
2908 1943 3029 1995 οὐδὲ
3071 1944 3202 2013 παρ’
3252 1943 3381 2013 ὑμῖν
3429 1944 3530 2013 ἐμὲ
3589 1943 3715 2006 ἀξιό

2159 2049 2340 2102 χρεων
2388 2031 2499 2101 ἐγὼ
2530 2035 2739 2102 νομίζω
2774 2033 2995 2086 ἔσεσθαι
3042 2035 3181 2103 πρὸς
3229 2035 3412 2087 πίστιν
3471 2035 3745 2104 περὶτῶν

2164 2123 2493 2193 μελλόντων,
2531 2127 2579 2176 εί
2609 2125 2810 2195 ῥαδίως
2843 2124 2987 2179 οὕτω
3026 2126 3119 2179 καὶ
3149 2128 3521 2194 ἀνεξετάστως
3554 2106 3648 2181 ἐπὶ
3673 2127 3745 2181 τὰ

2159 2213 2424 2268 δοκοῦντα
2462 2216 2712 2284 δόγματα
2748 2217 2879 2287 ὑμῖν
2920 2220 3318 2290 μεταχωρήσω.
3365 2220 3425 2272 Ὀ
3472 2220 3580 2290 γὰρ
3626 2224 3746 2285 τοῖς

2160 2308 2266 2361 ὑπὸ
2291 2307 2400 2360 τῶν
2433 2309 2720 2380 προγόνων
2756 2310 3244 2380 παραδεδομένοις,
3280 2311 3372 2364 καὶ
3425 2310 3510 2375 οἷς
3549 2314 3746 2366 συντέ-

2160 2400 2373 2470 θραπτο
2399 2401 2564 2464 αὐτὸς
2596 2402 2673 2471 μὴ
2713 2403 2855 2456 πάνυ
2888 2404 3174 2473 προσέχων
3203 2403 3484 2472 ἀσφαλῶς,
3530 2404 3649 2458 ἀλλ’
3686 2405 3748 2472 ἐξ

2160 2493 2379 2564 ἑτοίμου
2413 2494 2760 2563 προϊέμενος,
2790 2496 2912 2549 τίνα
2938 2495 3005 2549 ἂν
3034 2496 3149 2567 ἔχοι
3181 2497 3311 2568 περὶ
3345 2497 3454 2551 τῶν
3491 2499 3749 2568 προσφά-

2158 2602 2268 2639 των
2297 2584 2482 2639 πίστιν
2506 2602 2523 2651 ;
2554 2586 2632 2638 At‘
2655 2583 2692 2638 ἃ
2719 2586 2928 2656 νομίζω
2966 2587 3088 2640 δέον
3120 2582 3283 2654 εἶναι,
3312 2588 3365 2640 εί
3389 2605 3453 2656 γε
3486 2589 3581 2643 καὶ
3609 2589 3750 2660 ὑμῖν

2162 2680 2578 2751 συνδοκεί,περὶ
2605 2681 2717 2735 τῶν
2759 2682 2904 2735 οὕτω
2938 2681 3195 2752 μεγάλων
3234 2683 3450 2737 σύνοδον
3483 2686 3750 2755 οἰκουμέ-

2160 2772 2318 2843 νικὴν
2360 2768 2479 2848 ὲνῇ
2514 2775 2652 2827 οἵτε
2690 2775 2818 2845 ἑῷοι
2884 2776 2981 2829 καὶ
3025 2776 3075 2828 oi
3114 2775 3366 2846 ἑσπέριοι
3408 2777 3752 2845 παρέσονται

2160 2862 2444 2932 ἀρχιερεῖς
2474 2863 2755 2930 γενέσθαι.
2787 2863 2991 2922 Τούτου
3030 2863 3089 2917 δὲ
3120 2864 3517 2933 γεγενημένου,
3546 2866 3753 2929 πιστὸς

2161 2954 2190 3006 δ
2222 2953 2379 3018 Θεὸς,
2411 2954 2471 3017 ὃς
2497 2956 2648 3026 ἡμᾶς
2677 2956 2790 3009 σῦκ’
2822 2956 2974 3009 ἐάσει
3003 2957 3104 3027 τῆς
3128 2955 3388 3027 ἀληθείας
3424 2955 3753 3027 ἀποπλανη-

2163 3045 2343 3115 θῆναι.
2378 3047 2441 3100 Εἰ
2479 3048 2578 3116 μὲν
2629 3046 2723 3100 οὖν
2767 3047 2958 3118 ὥσπερ
2993 3048 3265 3117 πρότερον
3318 3048 3422 3101 ὑπὸ
3471 3047 3571 3118 τὴν
3605 3048 3748 3105 Ῥω-

2165 3139 2344 3209 μαίων
2376 3138 2658 3209 βασιλείαν
2708 3139 2741 3208 ἦ
2786 3155 2846 3191 τε
2887 3140 3044 3191 Ἀσία
3076 3140 3171 3193 καὶ
3217 3140 3456 3210 Εὐρώπη
3489 3140 3753 3208 διετέλει,

480 3252 580 3294 sua
606 3236 966 3291 adducturum
998 3245 1098 3285 nos
1126 3230 1179 3283 in
1212 3243 1430 3283 omnem
1455 3225 1762 3291 veritatem,
1804 3240 1906 3280 nec
1938 3239 2058 3293 per-

2162 3228 2291 3301 παρ’
2326 3230 2460 3300 ἡμῖν
2496 3229 2601 3282 ἔδει
2649 3229 2749 3300 τὴν
2783 3230 3003 3283 σύνοδον
3030 3230 3407 3302 ἀθροισθῆναι.
3475 3232 3634 3286 Ἐπεὶ
3688 3233 3752 3290 δὲ

480 3331 803 3394 missurum,
841 3337 901 3381 ut
946 3324 1166 3395 negotio
1210 3322 1414 3376 infecto
1454 3327 1814 3375 revertamur.
1846 3318 1930 3373 Ad
1961 3333 2059 3371 ex—

481 3431 718 3476 tremum
752 3419 977 3488 adjecit,
1009 3417 1054 3471 si
1091 3429 1242 3484 papae
1274 3414 1517 3483 placeret
1550 3410 2057 3482 synodumﬁcolligi,

484 3513 771 3569 celerrime
818 3510 884 3563 ad
937 3523 995 3563 se
1037 3509 1291 3560 nuntium
1334 3506 1595 3569 mitteret,
1633 3503 1724 3571 qui
1765 3517 1823 3557 se
1868 3511 1923 3555 et
1964 3517 2062 3555 an-

484 3607 676 3661 nuisse
703 3603 879 3665 illum,
913 3608 967 3654 et
999 3599 1067 3653 de
1096 3598 1214 3652 loco
1244 3612 1306 3650 ac
1338 3607 1606 3665 tempore,
1632 3594 1853 3663 quando
1882 3602 1937 3649 et
1967 3595 2060 3647 ubi

485 3688 807 3764 congregari
858 3690 1113 3751 debeant,
1150 3687 1439 3743 certiorem
1483 3688 1719 3751 faceret;
1765 3686 1873 3741 sibi
1910 3686 2059 3740 enim

487 3785 554 3840 ad
607 3783 947 3855 patriarchas
1015 3781 1260 3849 aliosque
1313 3779 1602 3848 episcOpos
1680 3778 2064 3832 convocandos

489 3890 643 3931 mora
679 3874 925 3944 longiore
961 3887 1099 3942 opus
1142 3872 1275 3924 fore.
1312 3871 1440 3923 Haec
1493 3870 1788 3938 imperator
1818 3869 1886 3923 ad
1921 3869 2064 3938 lcga-

491 3965 695 4021 tionem
738 3979 911 4032 papae,
943 3978 1063 4030 quae
1104 3960 1264 4030 legati
1302 3960 1544 4029 episcopi
1582 3961 1936 4014 vehementer
1971 3974 2064 4028 ap-

488 4057 807 4125 probantes,
849 4065 903 4108 ιιι
956 4069 1079 4109 cum
1136 4061 1318 4112 antea,
1360 4061 1471 4105 tum
1519 4051 1840 4115 discessuri,
1878 4052 2065 4106 multis

487 4149 556 4205 ab
590 4164 655 4204 eo
687 4146 1006 4201 muneribus
1034 4144 1189 4207 culti,
1217 4143 1273 4196 in
1302 4142 1507 4197 italiam
1547 4143 1827 4196 redierant
1857 4160 1870 4197 :
1902 4143 2062 4214 737

486 4257 552 4299 ac
589 4239 831 4312 pontiﬁci
873 4237 1203 4307 legationem
1241 4234 1644 4300 renuntiantes,
1678 4235 1865 4288 multis
1897 4236 2064 4306 impe-

486 4344 727 4391 ratorem
791 4331 1048 4386 laudibus
1101 4328 1500 4397 praedicarunt,
1554 4340 1907 4397 exaratasque
1947 4343 1975 4380 a
2006 4344 2065 4382 se

487 4424 872 4497 ephemeridas
918 4419 1300 4478 ostenderunt.
1354 4417 1498 4489 Papa
1558 4428 1612 4473 et
1669 4419 1783 4487 ipse
1843 4435 1949 4473 non
2006 4433 2066 4472 se

2160 3324 2318 3378 τοῦτο
2356 3324 2450 3378 νῦν
2483 3325 2771 3391 ἀδύνατον,
2831 3324 2858 3378 ὃ
2887 3343 2945 3379 τε
2979 3326 3087 3396 γὰρ
3126 3327 3314 3389 πάπας
3348 3327 3586 3382 ἐνταῦθα
3615 3329 3756 3398 ἀφιο

2163 3415 2363 3469 κέσθαι
2407 3417 2689 3479 ἀδυνάτως
2717 3416 2856 3485 ἔχει,
2893 3416 3018 3485 ἐμοί
3047 3433 3107 3468 τε
3155 3417 3217 3469 οὐ
3269 3418 3457 3488 ῥᾴδιον
3485 3418 3755 3473 τοσοῦτον

2161 3508 2465 3579 ἀποστῆναι
2515 3508 2617 3578 τῆς
2668 3508 2846 3578 ἀρχῆς
2897 3508 2989 3560 διὰ
3024 3508 3149 3570 τοὺς
3193 3512 3444 3578 συνεχεῖς
3467 3510 3755 3580 πολέμους

2164 3599 2257 3652 καὶ⁵
2304 3600 2431 3662 τοὺς
2459 3598 2804 3669 πανταχόθεν
2847 3599 3105 3661 ἐπιόντας
3158 3600 3289 3670 ἡμῖν
3337 3599 3651 3671 βαρϐάρους
3686 3621 3754 3659 τε

2162 3688 2288 3750 τσὺς
2315 3688 2573 3759 ὁμόρους,
2600 3692 2693 3742 καὶ
2724 3690 2848 3752 τοὺς
2870 3689 3064 3752 ἄλλους
3087 3690 3378 3755 δυνάστας,
3407 3693 3611 3761 οἱπερὶ
3640 3698 3756 3766 τὴν

2164 3778 2347 3831 πίστιν
2373 3780 2505 3850 ἡμῖν
2525 3782 2678 3834 οὐδὲν
2700 3781 3106 3851 διαφερόμενοι,
3130 3782 3281 3851 ὅμως
3304 3784 3555 3853 πολέμιοί
3576 3787 3750 3854 είσιν,

2165 3870 2214 3922 εί
2241 3870 2334 3923 καὶ
2359 3872 2436 3941 τῷ
2477 3873 2642 3942 πατρὶ
2688 3871 2954 3935 συνδόξειε
2995 3872 3172 3943 πάπᾳ,
3209 3874 3342 3943 πρός
3371 3892 3424 3926 τι
3458 3875 3567 3928 τῶν
3590 3877 3753 3950 ’παρ-

2166 3962 2331 4016 αλίων
2380 3962 2693 4031 ἀφιξόμεθα
2733 3964 2951 4033 χωρίων
3000 3966 3064 4017 ἑκ
3113 3965 3472 4034 συνθήματος,
3505 3966 3534 4018 ὃ
3559 3970 3753 4035 μέσως

2162 4054 2231 4108 ἂν
2262 4055 2414 4123 σχοίη
2444 4055 2731 4125 ἑκατέροις
2777 4056 2914 4125 πρὸς
2949 4056 3260 4111 ἀπόστασιν
3293 4057 3404 4110 τῶν
3437 4058 3595 4112 οίκοι.
3631 4061 3755 4114 Καὶ

2166 4144 2310 4199 οὕτω
2341 4147 2797 4215 συνελευσόμεθα,
2834 4149 3041 4210 ἐκεῖνος
3078 4147 3178 4217 μὲν
3208 4147 3336 4210 τοὺς
3366 4150 3430 4201 ἐκ
3459 4146 3558 4217 τῆς
3586 4151 3757 4203 ἑσπέ-

2171 4254 2266 4308 ρας
2296 4239 2440 4306 εχων
2472 4239 2792 4308 ἀρχιερέας,
2837 4241 2949 4307 ἐγὼ
2985 4240 3040 4291 δὲ
3086 4242 3210 4302 τοὺς
3258 4240 3603 4310 πατριάρχας
3651 4245 3758 4296 καὶ

2166 4329 2294 4390 τοὺς
2324 4328 2417 4380 ὑπ’
2467 4329 2652 4391 αὐτοῖς
2680 4329 2975 4391 τελοῦντας
3023 4330 3381 4393 ἐπισκόπους.
3413 4330 3662 4384 Πιστεύω
3693 4334 3758 4385 δὲ

2167 4417 2285 4487 Θεῷ
2343 4418 2420 4481 ὡς
2468 4418 2789 4489 ἀπράκτους
2849 4421 3000 4490 ἡμᾶς
3049 4418 3373 4473 ἐπανελθεῖν
3419 4419 3520 4473 οὐκ
3569 4419 3756 4490 ἐάσει,

488 4507 524 4573 εἰ
550 4514 756 4587 synodo
790 4513 1095 4568 abhorrere
1129 4508 1436 4573 confessus,
1472 4508 1725 4564 celeriter
1767 4508 1936 4572 misit,
1968 4508 2061 4576 qui

2169 4509 2304 4562 ἀλλά
2356 4512 2423 4581 τῇ
2479 4511 2720 4581 σφετέρᾳ
2780 4511 3129 4580 χρησάμενος
3167 4508 3573 4578 φιλανθρωπίᾳ,
3623 4510 3761 4583 ὁδη-

486 4607 540 4663 ei
569 4606 840 4667 dicerent,
874 4600 1168 4658 consilium
1199 4599 1319 4667 ejus
1350 4612 1409 4653 se
1440 4598 1594 4653 valde
1623 4599 1901 4667 amplecti,
1933 4614 2063 4653 con-

487 4707 713 4753 ventum
775 4674 1158 4762 episcoporan
1215 4687 1318 4743 sibi
1381 4688 1620 4750 esse,in
1683 4686 2059 4756 optatissimis.

488 4788 759 4844 Caeterum
808 4782 1099 4853 episcopos
1139 4792 1270 4834 suos
1308 4792 1502 4833 omnes
1536 4777 1589 4831 in
1628 4793 1795 4832 unum
1833 4794 2063 4849 congre-

488 4889 666 4951 gatos,
696 4876 879 4932 locum
933 4884 990 4928 et
1020 4882 1240 4941 tempus
1284 4870 1494 4941 synodo
1523 4871 1753 4941 agundae
1782 4871 2065 4928 nominare

488 4971 710 5027 debere.
772 4964 999 5021 interim
1047 4961 1192 5016 haud
1235 4961 1408 5017 multo
1440 4972 1560 5031 post
1610 4975 1891 5015 rursuma
1924 4975 2064 5031 papa

487 5062 684 5117 litterae.
732 5055 1048 5128 imperatori
1082 5052 1408 5119 redduntur,
1459 5052 1661 5121 quibus
1716 5053 2060 5118 monebatur,

487 5163 550 5209 ut
595 5148 1150 5221 procrastinationem
1183 5145 1379 5214 synodi
1418 5144 1765 5213 negligentia:
1793 5144 1959 5199 alicui
1994 5159 2065 5200 ne

488 5240 817 5297 attribueret
846 5255 861 5294 :
889 5253 947 5294 se
977 5235 1196 5307 quidem
1227 5234 1597 5290 Ecclesiarum
1631 5235 2065 5306 redintegrandae

491 5329 803 5388 concordiae
854 5328 991 5384 nihil
1041 5327 1494 5381 antevertendum
1549 5327 1785 5395 ducere,
1836 5318 1892 5383 ei
1960 5328 2065 5384 hoc

492 5439 663 5480 unum
697 5423 753 5476 in
790 5435 1003 5477 summe
1055 5418 1384 5472 necessariis
1423 5434 1738 5483 numerare,
1772 5421 1913 5475 bello
1966 5437 2067 5475 au-

493 5526 605 5570 tem
645 5511 885 5567 maximo
924 5510 979 5562 in
1018 5507 1169 5562 [talia
1210 5507 1354 5563 inter
1389 5488 1800 5579 potentissimos
1847 5511 2063 5580 regulos

491 5608 707 5664 exorto,
750 5596 1045 5664 multisque
1082 5595 1366 5655 hominum
1410 5597 1650 5654 millibus
1688 5601 2063 5666 concursuris,

493 5692 692 5745 decere
722 5701 783 5742 se
824 5685 885 5759 jn
925 5683 1117 5752 primis
1148 5696 1209 5741 ut
1240 5695 1445 5755 patrem
1478 5690 1841 5758 spiritualetu,
1872 5706 2062 5760 pacem

494 5779 604 5835 iliis
652 5788 705 5831 et
758 5773 930 5828 otium
980 5778 1339 5833 consuadere.
1380 5780 1499 5845 Quo
1536 5796 1601 5836 ex
1634 5783 1908 5837 sententia
1952 5798 2068 5852 per-

490 5867 662 5930 ίθοιο,
702 5862 843 5920 nihil
892 5863 1168 5935 antiqnius
1220 5869 1557 5946 habiturum,
1591 5888 1751 5943 quam
1803 5875 2068 5930 consultis

2172 4601 2333 4671 γήσει
2369 4602 2518 4671 ήμᾶς
2551 4604 2632 4664 είς
2662 4603 2845 4654 πᾶσαν
2875 4601 2975 4670 τὴν
3008 4600 3292 4671 ἀλήθειαν.
3350 4599 3475 4652 Ἐπὶ
3511 4601 3654 4653 τέλει
3691 4603 3762 4657 δὲ

2174 4691 2456 4745 καὶτοῦτο
2481 4693 2816 4762 προσετίθει,
2848 4693 2920 4754 ὡς
2965 4693 3015 4743 ει
3059 4691 3292 4761 ἀρεστὸν
3327 4692 3413 4761 εῐη
3454 4693 3616 4764 πάπα
3643 4696 3762 4767 τὴν

2169 4781 2386 4834 σύνοδον
2450 4783 2942 4852 συγκροτηθῆναι,
2988 4781 3219 4851 τάχιστα
3280 4777 3437 4845 αὖθις
3502 4784 3764 4853 πέμπειν

2165 4874 2431 4940 ἀγγελίαν
2464 4874 2601 4945 πρὸς
2632 4875 2818 4935 αὐτὸν,
2874 4875 2903 4925 ὅ
2933 4873 2985 4925 τί
3030 4889 3088 4926 τε
3124 4873 3381 4927 συνέθετο
3406 4876 3760 4945 μηνύουσαν,

2166 4965 2263 5018 καὶ
2290 4966 2384 5017 τὸν
2414 4967 2581 5019 τόπον
2612 4965 2707 5017 καὶ
2735 4966 2828 5017 τὸν
2857 4965 3050 5034 χρόνον
3085 4964 3143 5016 ὲν
3179 4957 3225 5030 ᾧ
3247 4967 3530 5034 προσῆκον
3548 4967 3762 5020 ίσυνελ-

2167 5054 2301 5112 θεῖν.
2326 5058 2439 5111 Οὐκ
2461 5057 2644 5124 όλίγου
2668 5056 2777 5125 γὰρ
2797 5053 3084 5126 δεήσεσθαι
3102 5056 3293 5125 χρόνου
3317 5055 3409 5107 καὶ
3433 5057 3596 5109 αὑτὸν
3620 5059 3763 5122 τούς

2165 5165 2223 5201 τε
2243 5149 2589 5219 πατριάρχας
2612 5146 3110 5218 μεταπεμπόμενον
3147 5148 3379 5210 καὶτοὺς
3399 5147 3593 5212 ἄλλους
3624 5148 3764 5203 ἄπι-

2166 5239 2425 5301 σκόπους.
2478 5237 2715 5290 Τοιαῦτα
2770 5237 2922 5306 μὲνό
2976 5237 3415 5312 βασιλεὺςνπρὸς
3457 5238 3559 5305 τὴν
3607 5254 3764 5308 πρε-

2157 5328 2360 5381 σϐείαν
2396 5331 2553 5381 πάπα
2581 5328 2919 5398 ἀπεκρίνατο
2952 5343 2967 5358 ·
3003 5325 3100 5380 καὶ
3136 5326 3314 5379 ἐδόκει
3348 5326 3601 5396 βέλτιστα
3631 5330 3761 5395 τοῖς

2170 5419 2642 5488 πρεσϐευομένοις
2689 5419 3059 5483 ἐπισκόποις,
3104 5416 3155 5471 οἶ
3202 5416 3414 5470 πολλῶν
3478 5418 3766 5489 πρότερόν

2165 5526 2226 5565 τε
2272 5513 2365 5565 καὶ
2400 5510 2694 5581 μέλλοντες
2742 5513 3055 5582 ἀναχωρεῖν
3085 5508 3237 5577 παρὰ
3274 5508 3546 5579 βασιλέως
3589 5511 3766 5581 εὐερ-

2167 5602 2368 5670 γεσιῶν
2430 5603 2689 5673 τυχόντες
2739 5641 2753 5665 ,
2809 5602 3033 5670 ἀπῆραν
3104 5598 3243 5670 πρὸς
3310 5601 3411 5669 τὴν
3473 5599 3688 5652 οίκείαν
3740 5616 3764 5634 ο

2168 5693 2264 5746 καὶ
2298 5693 2734 5762 παραγενόμενοι
2782 5692 2919 5761 πρὸς
2963 5689 3170 5756 πάπαν,
3203 5690 3302 5758 τήν
3332 5706 3389 5740 τε
3441 5688 3761 5759 πρεσϐείαν

2168 5784 2532 5855 ἀπήγγελλον,
2564 5785 2658 5838 καὶ
2705 5782 2934 5848 πολλοὺς
2977 5781 3260 5851 διεξῄεσαν
3289 5782 3551 5845 ἐπαίνους
3597 5763 3756 5852 ὑπὲρ

2169 5876 2459 5949 βασιλέως,
2505 5880 2602 5930 καὶ
2642 5876 2741 5940 τὰς
2790 5876 3185 5947 γεγραμμένας
3238 5873 3579 5943 ἐφημερίδας
3628 5873 3766 5925 ἐπι-
