4028 6472
378 400 449 461 79
1566 391 1886 450 JOANNIS
1925 384 2451 453 CANTACUZENI
3531 391 3601 458 ιο
3665 402 3676 415 ·

379 513 452 568 ob
476 509 765 567 dimissum
806 505 1055 569 militem,
1098 518 1261 573 quem
1312 518 1528 556 rursum
1592 517 1787 573 cogere
1835 510 1943 555 tam

2051 520 2208 555 τινων
2239 503 2557 573 φροντίδων.
2585 502 2796 568 Μεταξὺ
2819 504 2876 557 δὲ
2910 502 3171 569 ὁδεύοντι,
3204 479 3499 575 ἠγγέλλετο
3526 509 3600 573 ὡς

383 603 533 660 brevi
578 611 826 671 tempore
870 613 982 652 non
1030 604 1268 665 poterat,
1302 595 1709 664 metuebatque,
1743 608 1813 648 ne
1858 594 1941 647 in-

383 705 530 750 terea
576 693 706 748 dum
758 697 1011 761 cogeret,
1052 688 1233 743 Persa:
1278 702 1404 741 cum
1452 687 1631 755 praeda
1668 685 1723 738 in
1758 684 1940 738 Asiam

381 782 803 853 renavigarent,
860 790 915 834 et
969 779 1084 848 ipse
1137 777 1414 832 incassum
1470 775 1704 831 veniret.
1752 775 1942 843 Itaque

383 885 626 938 coactus,
660 882 987 945 praesentem
1023 870 1236 939 copiam
1289 869 1345 922 in
1396 868 1517 921 illos
1551 868 1716 931 ducit,
1750 875 1804 921 et
1842 883 1940 937 po-

383 967 577 1023 stridie
621 964 763 1035 apud
813 971 1055 1017 montem
1095 958 1306 1030 Lippici
1357 959 1686 1029 appellatum
1731 968 1942 1012 castra-

384 1056 715 1112 metantibus
762 1052 1185 1124 appropinquat.
1224 1049 1388 1104 Forte
1420 1049 1477 1103 in
1513 1049 1632 1103 loco
1680 1047 1943 1118 impedito

383 1146 563 1201 Persa:
617 1144 932 1209 tendebant,
969 1151 1023 1196 et
1077 1142 1460 1210 imperatorem
1509 1137 1799 1210 conﬂigere
1847 1152 1943 1195 γο-

384 1238 585 1290 lentem
630 1236 820 1289 adesse
865 1233 1203 1288 nesciebant.
1254 1232 1552 1299 Imperator
1582 1240 1765 1285 autem
1807 1231 1941 1288 locis

383 1326 715 1389 diflicilibus,
750 1324 1016 1392 fossisque
1072 1331 1125 1376 et
1161 1321 1390 1374 vallibus
1423 1320 1771 1390 interruptis,
1803 1336 1941 1390 quos

382 1419 618 1474 ducebat
656 1417 1053 1485 cataphractos,
1088 1413 1383 1482 sagittariis
1427 1412 1642 1466 levibus
1699 1422 1755 1467 et
1788 1428 1942 1483 cxpe-

267 1503 270 1507 ’
382 1511 512 1565 ditis
562 1506 915 1578 opponendos
963 1520 1071 1558 non
1118 1504 1364 1573 putabat.
1403 1501 1536 1556 Nam
1581 1513 1938 1574 praeterquam

383 1600 527 1671 quod
582 1599 762 1667 plures
810 1605 991 1658 erant,
1033 1595 1198 1649 etiam
1252 1593 1623 1648 difficultatem
1679 1596 1785 1650 loci
1832 1614 1939 1651 non

379 1707 572 1763 parum
604 1691 670 1745 iis
692 1690 758 1744 ad
782 1689 1066 1744 victoriam
1101 1688 1364 1741 momenti
1395 1688 1701 1743 allaturam.
1734 1688 1943 1745 Idcirco

383 1782 752 1853 prosp‘cichat
804 1780 941 1843 suis,
984 1789 1041 1834 ut
1092 1778 1144 1832 in
1192 1778 1329 1833 locis
1378 1779 1745 1848 opacissimis,
1777 1790 1831 1835 et
1872 1781 1939 1836 ad

2045 593 2184 645 κατά
2235 595 2327 646 τὸν
2398 588 2791 663 Ἑλλήσποντον
2849 595 3078 664 στρατιά
3124 595 3348 665 Περσῶν
3407 598 3601 671 ἱππικὴ

2044 683 2413 752 περαιωθεῖσα
2467 683 2633 752 ὀλίγῳ
2681 682 2937 749 ἐλάσσους
2974 684 3252 754 δισχιλίων
3280 685 3599 754 ἐπιλέκτων,

2044 771 2311 841 ἐτράπετο
2353 774 2444 826 ἐπὶ
2490 772 2782 843 λεηλασίαν
2817 772 2959 826 κατὰ
3000 772 3101 837 τὰς
3143 774 3243 844 τῆς
3265 772 3483 847 Θρᾴκης
3511 780 3603 830 πό-

2042 862 2178 926 λεις.
2211 862 2446 935 Ἠχθετο
2496 865 2595 936 μὲν
2641 862 2735 918 οὖν
2792 863 2956 930 εὐθὺς
2997 867 3026 920 ὁ
3078 864 3332 936 βασιλεὺς
3366 868 3459 920 ἐπὶ
3502 867 3605 934 τῆς

2043 956 2307 1024 στρατιᾶς
2353 958 2419 1026 τῇ
2468 934 2740 1009 διαλύσει·
2787 934 3240 1027 μεταπέμπεσθαι
3292 956 3400 1028 γὰρ
3449 952 3603 1021 αὖθις
3684 990 3691 1005 ι

2042 1048 2141 1101 οὐκ
2173 1048 2318 1117 ἐνῆν,
2350 1048 2451 1101 οὐκ
2473 1049 2829 1115 ἐξαρκοῦντος
2850 1046 2945 1102 τοῦ
2973 1048 3187 1119 χρόνου.
3236 1048 3457 1105 Ἐδεδίει
3488 1052 3600 1120 γὰρ

2046 1138 2121 1208 μὴ
2146 1139 2202 1191 ἐν
2224 1130 2268 1206 ᾧ
2308 1138 2407 1208 τὴν
2440 1139 2697 1208 στρατιὰν
2741 1138 3011 1207 συλλέγων
3058 1139 3346 1209 διατρίϐοι,
3377 1141 3427 1192 ei
3462 1141 3601 1210 Πέρ-

2044 1245 2135 1283 σαι
2169 1230 2266 1299 μὲν
2301 1231 2400 1300 τὴν
2443 1230 2595 1282 λείαν
2623 1231 2850 1298 ἄγοντες
2893 1224 3053 1293 αὖθις
3104 1230 3483 1301 περαιωθῶσιν
3524 1232 3604 1292 είς

2055 1318 2262 1388 Ἀσίαν,
2322 1321 2599 1392 ὑστερήσῃ
2644 1320 2702 1373 δὲ
2755 1320 2947 1375 ἐλθών.
2999 1321 3162 1374 Ὅθεν
3213 1324 3296 1385 είς
3359 1322 3605 1391 ἀνάγκην

2046 1411 2476 1481 συνωθούμενος,
2506 1411 2702 1484 ἐχώρει
2749 1412 2868 1482 μεθ’
2904 1404 2977 1466 ὧν
3020 1406 3169 1482 εἶχεν
3213 1412 3299 1467 ἐπ’
3343 1411 3603 1474 ἐκείνους,

2043 1504 2139 1557 καὶ
2193 1504 2274 1567 είς
2326 1503 2423 1575 τὴν
2459 1504 2739 1569 ἐπιοῦσαν,
2784 1504 2952 1573 ἐγγὺς
2978 1496 3216 1573 ’ἐγένετο
3264 1504 3509 1572 Περσῶν,
3555 1503 3607 1556 οῖ

2046 1595 2599 1664 ἐστρατοπεδευμένοι
2642 1590 2786 1665 ἦσαν
2824 1597 2967 1648 κατὰ
2997 1595 3057 1649 τὸ
3091 1595 3187 1649 τοῦ
3219 1595 3449 1658 Λίπικος
3482 1594 3606 1664 ὅρος

2045 1686 2611 1757 προσαγορευόμενον.
2670 1685 2877 1755 Συνέϐη
2937 1687 2994 1741 δέ
3046 1687 3104 1741 έν
3162 1705 3222 1742 τε
3278 1687 3607 1757 δυσχωρίαις

2043 1775 2168 1840 τοὺς
2207 1776 2422 1847 Πέρσας
2468 1777 3018 1847 ἐστρατοπεδεῦσθαι,
3065 1778 3158 1832 καὶ
3200 1776 3369 1850 μηδὲν
3410 1778 3608 1830 είδέναι

381 1874 768 1930 occultandum
814 1887 937 1927 sese
975 1871 1198 1927 idoneis
1243 1871 1622 1938 densarentur,
1656 1886 1781 1925 cum
1814 1887 1943 1926 cau-

2051 1869 2172 1935 περὶ
2214 1867 2499 1937 βασιλέως,
2532 1868 2608 1933 ώς
2636 1870 2803 1938 ἐγγὺς
2844 1869 2930 1940 εἴη
2979 1848 3392 1939 συμπλέκεσθαι
3424 1868 3609 1940 βουλό-

383 1968 532 2022 tione
587 1967 780 2030 multa,
825 1974 895 2020 ne"
950 1981 981 2019 a
1026 1963 1283 2019 Barbaris
1337 1952 1812 2034 conspicerentur.
1865 1965 1943 2022 Ita

382 2060 652 2129 reliquum
692 2058 832 2113 diem
880 2056 1300 2122 consumebant,
1333 2055 1583 2111 fallentes
1628 2057 1749 2112 illos
1788 2058 1880 2128 qui
1914 2073 1945 2113 e

385 2150 607 2221 regione
641 2161 817 2204 castra
848 2149 1143 2203 habebant.
1179 2146 1304 2201 Sole
1329 2148 1439 2217 jam
1473 2146 1779 2212 occidente,
1810 2147 1942 2203 Bari

346 2296 359 2311 ,
380 2242 497 2298 beri
531 2240 726 2295 castris
760 2240 1057 2310 praedatum
1094 2253 1202 2309 quo
1236 2237 1438 2293 libebat
1472 2239 1857 2308 procedebant,
1892 2250 1946 2295 et

382 2332 679 2401 imperator
716 2346 812 2385 eos
851 2330 998 2383 lento
1034 2328 1204 2399 gradu
1250 2338 1362 2382 tota
1412 2338 1575 2383 nocte
1612 2330 1946 2387 omnimodis

382 2424 556 2477 latere
601 2422 828 2476 studens
881 2420 1231 2488 sequebatur.
1267 2419 1430 2489 739
1463 2419 1692 2475 Postero
1742 2424 1829 2477 die
1876 2425 1944 2478 ad

385 2511 661 2566 ldesenam
712 2509 972 2578 Oppidum
1030 2508 1245 2578 agmina
1300 2508 1460 2562 ambo
1512 2509 1772 2576 veniunt,
1823 2527 1947 2567 con-

384 2602 647 2670 ﬂictuque
695 2599 853 2660 inito,
892 2596 1118 2651 Romani
1170 2598 1418 2670 plurimis
1453 2599 1810 2656 Barbarorum
1854 2585 1955 2658 οε-⁸

385 2667 760 2755 οἰείείιιιιιιιίε
798 2688 960 2744 etiam
1007 2667 1203 2757 captis,
1238 2667 1439 2743 virfute
1480 2690 1764 2745 victoriam
1798 2692 1946 2747 obti-

386 2791 644 2837 nuerunt.
685 2782 742 2834 In
768 2796 960 2850 pugna
1008 2781 1148 2834 alter
1200 2780 1433 2846 ducum,
1489 2767 1947 2838 Caramachumet

384 2864 673 2935 vacabulo,
710 2871 942 2933 οινοὶειίι;
984 2870 1141 2936 pauci
1189 2868 1278 2938 qui
1330 2869 1384 2923 in
1432 2886 1672 2939 praesens
1715 2884 1944 2928 mortem

385 2962 716 3033 effugerunt,
753 2976 876 3015 eum
928 2961 1300 3014 Maratumano
1332 2961 1503 3014 altero
1540 2961 1678 3015 duce
1712 2963 1948 3018 desertis

388 3056 546 3125 equis
591 3054 782 3109 collem
834 3057 1123 3121 quemdam
1172 3060 1532 3120 occuparunt,
1573 3051 1716 3108 unde
1756 3054 1949 3109 crebro

2047 1977 2230 2028 μενος.
2264 1960 2487 2014 Βασιλεῖ
2511 1961 2567 2014 δὲ
2593 1960 2694 2014 οὐκ
2734 1961 2908 2015 ἐδόκει
2929 1961 3037 2015 δεῖν
3067 1963 3125 2017 ἐν
3150 1963 3481 2033 δυσχωρίαις
3516 1959 3612 2013 καὶ

2046 2050 2293 2122 τάφροις,
2321 2051 2417 2104 καὶ
2451 2054 2692 2124 φάραγξι
2729 2053 3179 2123 διατετμημένοις
3213 2054 3436 2125 χωρίοις
3461 2051 3614 2116 τοξό-

2044 2160 2163 2205 ταις
2218 2144 2312 2197 καὶ
2372 2144 2656 2199 εὐσταλέσι
2716 2147 2811 2200 καὶ
2866 2147 3128 2217 κούφοις,
3185 2145 3610 2217 καταφράκτους

2044 2235 2191 2301 ἄγων
2235 2235 2648 2303 συμπλέκεσθαι
2710 2237 2851 2309 πρὸς
2911 2237 3116 2307 μάχην.
3180 2237 3325 2307 Πρὸς
3380 2237 3488 2307 γὰρ
3535 2234 3611 2304 τῷ

2046 2323 2478 2387 πολλαπλασίους
2524 2321 2694 2393 εἶναι,
2736 2327 2829 2379 καὶ
2882 2329 2915 2397 η
2970 2327 3248 2398 δυσχωρία
3298 2327 3403 2381 οὐκ
3457 2325 3615 2393 ὀλίγα

2048 2414 2411 2484 συμϐαλεῖται
2470 2417 2607 2484 πρὸς
2657 2415 2756 2487 τὴν
2812 2418 3103 2488 νίκην’δι’
3149 2419 3186 2472 ὃ.
3240 2418 3460 2471 ἐκέλευε
3516 2417 3615 2488 τὴν

2047 2507 2311 2577 στρατιὰν
2341 2507 2767 2577 καταζευγνύειν
2794 2510 2853 2564 ἐν
2878 2510 3066 2574 τόποις
3113 2510 3353 2581 μάλιστα
3380 2524 3612 2578 συνηρε-

2046 2597 2172 2666 φέσι
2211 2599 2304 2651 καὶ
2330 2597 2657 2668 δυναμένοις
2681 2584 3077 2672 ἀποκρύπτειν,
3112 2601 3315 2671 πολλὴν
3348 2603 3611 2671 πρόνοιαν

2048 2691 2403 2759 ποιουμένους
2433 2692 2507 2760 μὴ
2539 2692 2831 2763 κατάδηλοι
2857 2694 3110 2761 γενέσθαι
3143 2697 3255 2756 τοῖς
3286 2692 3608 2764 βαρϐάροις.

2048 2783 2153 2835 Καὶ
2183 2782 2444 2852 διήγαγον
2471 2784 2618 2838 οὕτω
2642 2787 2703 2838 τὸ
2733 2787 2917 2838 λεῖπον
2950 2785 3051 2855 τῆς
3078 2784 3296 2855 ἡμέρας
3324 2787 3440 2847 τοῖς
3469 2785 3617 2853 τβαρ-

2048 2871 2233 2941 ὀάροις
2261 2874 2971 2944 ἀντιστρατοπεδευομένοις
3011 2872 3394 2942 ἀγνοούμενοι.
3421 2874 3616 2926 Δΰνον·

2047 2981 2138 3026 τος
2171 2965 2227 3017 δὲ
2252 2966 2402 3035 ἡλίου
2427 2965 2552 3036 ἤδη,
2575 2966 2709 3019 οἵτε
2741 2967 3015 3037 Βάρὸαροι
3042 2969 3105 3020 ἐκ
3128 2965 3223 3019 τοῦ
3249 2966 3619 3033 στρατοπέδου

2049 3056 2302 3126 ἄραντες.
2338 3059 2584 3123 ἐϐάδιζον
2612 3077 2646 3133 ῃ
2674 3060 2856 3122 αὐτοῖς
2884 3060 3058 3113 ἐδόκει
3085 3060 3178 3114 ἐπὶ.
3199 3058 3277 3128 τῷ
3303 3058 3618 3127 λητσασθαι.

389 3146 442 3198 in
507 3143 783 3197 Romanos
830 3141 1168 3211 iaculantes,
1221 3139 1531 3209 multosque
1586 3149 1642 3194 et
1686 3156 1857 3209 equos
1896 3151 1946 3196 et

2052 3148 2160 3199 Καὶ
2196 3150 2225 3199 ὁ
2264 3147 2517 3215 βασιλεὺς
2543 3146 2642 3220 τὴν
2674 3150 2931 3218 στρατιὰν
2962 3148 3121 3219 ἔχων,
3156 3149 3244 3220 ᾔει
3282 3150 3455 3219 σχολῇ
3485 3164 3621 3202 κατο

389 3236 588 3290 milites
619 3235 965 3289 vulnerantes
998 3247 1121 3288 sese
1154 3232 1464 3287 tuebantur.
1507 3232 1805 3302 inperator
1835 3235 1950 3288 suis

389 3329 628 3389 edicens,
657 3328 734 3381 uti
765 3340 943 3395 pugna
975 3325 1333 3389 abstinerent,
1359 3326 1583 3393 propior
1606 3326 1799 3392 factus,
1823 3326 1952 3381 Per-

390 3435 478 3473 sas
527 3433 588 3473 se
636 3417 834 3471 dedere
875 3414 1059 3483 jussit,
1098 3412 1238 3468 nihil
1283 3416 1504 3489 gravius
1552 3414 1949 3484 formidantes;

392 3512 511 3566 erat
540 3510 686 3564 enim
715 3508 821 3562 illis
850 3506 995 3560 haud
1025 3504 1262 3576 ignotus.
1289 3506 1483 3576 quippe
1506 3509 1724 3576 quicum
1751 3509 1952 3576 smpins

390 3599 535 3651 bello
566 3597 710 3652 civili
746 3595 1131 3649 militaverant.
1165 3592 1267 3659 Qui
1302 3594 1664 3657 allirmarunt,
1699 3598 1753 3649 in
1787 3598 1954 3652 armis

392 3705 492 3759 pro
526 3704 585 3743 se
619 3687 939 3742 dimicantes
972 3695 1186 3753 paratos
1214 3686 1558 3752 occumbere,
1590 3702 1687 3741 nce
1715 3688 1952 3756 abjicere

392 3795 544 3850 spem
594 3778 805 3838 salutis,
843 3791 943 3829 nec
980 3791 1103 3830 cum
1138 3791 1398 3845 generosa
1444 3786 1619 3832 morte
1664 3776 1719 3830 in
1763 3778 1953 3847 praelio

394 3881 607 3940 turpem
664 3878 718 3924 et
756 3868 1019 3938 abiectam
1064 3867 1381 3922 servitutem
1417 3876 1754 3922 commutare
1792 3869 1951 3924 velle.

282 3954 285 3957 Α
394 3962 635 4017 Vocante
685 3969 865 4014 autem
914 3973 1013 4022 eo,
1069 3958 1427 4027 hortanteque
1475 3957 1555 4012 uti
1613 3958 1948 4014 confidentes

394 4050 531 4104 nihil
568 4063 726 4103 secus
767 4061 1039 4115 passuros,
1076 4045 1306 4102 libenter
1344 4061 1403 4101 se
1438 4046 1729 4111 traderent,
1764 4047 1947 4102 statim

394 4148 762 4202 accesserunt,
800 4147 854 4193 et
899 4137 1235 4201 circumfusi,
1272 4151 1397 4191 eum
1440 4136 1613 4190 solum
1668 4137 1723 4191 in
1773 4138 1956 4194 medio

396 4235 652 4288 habentes
712 4231 1040 4294 adorarunt,
1094 4231 1254 4298 eique
1304 4227 1466 4296 pedes
1519 4228 1751 4284 osculati
1803 4238 1948 4286 sunt.

403 4325 513 4390 Quo
565 4323 686 4379 illus
735 4322 1065 4390 alloquente,
1099 4329 1156 4373 et
1201 4317 1449 4385 iniquum
1489 4315 1703 4374 facinus
1753 4332 1951 4388 expro-

396 4418 605 4474 brante,
644 4412 787 4479 qupd
824 4411 982 4464 amici
1019 4422 1141 4462 cum
1197 4412 1404 4468 essent,
1443 4407 1500 4462 in
1534 4422 1684 4463 suam
1728 4409 1952 4478 provin-

2053 3238 2179 3291 όπιν
2207 3238 2292 3315 διὰ
2336 3239 2517 3307 πάσης
2549 3238 2646 3309 τῆς
2685 3239 2902 3302 νυκτὸς,
2932 3241 3116 3293 πᾶσαν
3145 3239 3406 3309 πρόνοιαν
3434 3237 3621 3292 1:020:3-

2055 3344 2216 3395 μενος
2262 3327 2621 3397 ἀγνοηθῆναι.
2652 3328 2731 3398 Ἰῖᾗ
2784 3328 3010 3399 ἐπιούσῃ
3065 3328 3124 3381 δὲ
3162 3330 3224 3383 ἐν
3259 3329 3497 3400 Mactan
3547 3327 3618 3396 τῇ

2054 3420 2203 3472 πόλει
2265 3420 2566 3491 συνηνέχθη
2621 3420 2690 3474 τὰ
2750 3420 3093 3490 στρατόπεδα
3138 3419 3478 3491 ἀμφότερα,
3528 3421 3622 3474 καὶ

2003 3515 2009 3521 ’
2053 3506 2354 3577 γενομένης
2385 3507 2686 3578 συμϐολῆς,
2716 3508 2913 3563 ἐνίκων
2940 3509 2988 3562 οί
3017 3507 3279 3577 Ῥωμαῖοι
3308 3511 3461 3564 κατὰ
3488 3508 3625 3580 κρά-

2053 3613 2164 3661 τος,
2211 3600 2305 3651 καὶ
2343 3598 2471 3661 τοὺς
2506 3599 2792 3660 πλείστους
2831 3598 2934 3668 μὲν
2983 3598 3234 3653 ἔκτειναν
3263 3597 3378 3653 τῶν
3401 3598 3621 3670 Βαρϐά-

2059 3705 2165 3757 ρων
2191 3729 2206 3754 ,
2239 3682 2379 3742 εἶλον
2424 3690 2480 3742 δέ
2510 3692 2603 3743 καὶ
2633 3689 2840 3753 ζῶντας
2870 3689 3118 3754 πολλούς.
3152 3690 3357 3744 Ἔπεσε
3390 3691 3449 3745 δὲ
3474 3691 3566 3745 καὶ
3596 3688 3629 3741 6

2055 3783 2241 3853 ἕτερος
2273 3782 2381 3837 τῶν
2429 3786 2753 3855 στρατηγῶν
2785 3786 2928 3840 κατὰ
2958 3787 3059 3855 τὴν
3111 3788 3314 3856 μάχην,
3346 3788 3624 3857 Καραμα-

2054 3874 2258 3943 χοὺμετ
2294 3875 2860 3945 προσαγορευόμενος.
2907 3875 2964 3928 Ὀ
2995 3875 3051 3929 δέ
3093 3875 3287 3938 λοιπὸς·
3327 3877 3633 3945 Μαρατω-

2058 3963 2248 4034 μάνος,
2305 3964 2523 4033 ὀλίγους
2568 3966 2677 4020 τῶν
2734 3968 2794 4020 ἐν
2849 3966 2926 4037 τῷ
2974 3967 3173 4021 αὐτίκα
3221 3966 3281 4020 τὸ
3327 3968 3630 4023 ἀποθανεῖν

2054 4054 2426 4124 διαφυγόντων
2487 4055 2662 4127 ἔχων,
2715 4058 2827 4112 τῶν
2889 4058 3071 4113 ἵππων
3116 4059 3431 4123 άποόάντες
3479 4059 3632 4128 λόφῳ

2056 4144 2483 4218 προσεχώρησαν
2544 4164 2685 4201 τινιο
2742 4149 2837 4203 καὶ
2904 4151 3279 4212 καταστάντες
3349 4151 3632 4220 ἠμύνοντο

2059 4238 2342 4307 βάλλοντες
2369 4243 2578 4312 συχνοῖς
2609 4244 2721 4305 τοῖς
2752 4242 2967 4312 βέλεσιν
3010 4243 3118 4297 άπὸ
3166 4242 3259 4296 τοῦ
3290 4243 3462 4314 λόφου
3498 4246 3629 4305 τοὺς

2071 4332 2394 4403 Ῥωμαίους,
2428 4332 2523 4386 καὶ
2559 4333 2788 4397 πολλοὺς
2814 4334 3147 4404 ἐτίτρωσκον
3192 4334 3539 4404 στρατιώτας
3569 4350 3629 4386 τε

2061 4422 2156 4476 καὶ
2178 4422 2398 4487 ἵππους.
2422 4421 2700 4485 Κελεύσας
2721 4422 2778 4476 δὲ
2805 4426 2834 4477 ὁ
2862 4422 3119 4494 βασιλεὺς
3144 4423 3488 4493 ἀποσχέσθαι
3522 4424 3628 4494 μά-

395 4506 535 4563 ciam
585 4503 906 4564 irruissent,
955 4499 1294 4569 Nieepborus
1337 4497 1562 4567 despota
1615 4513 1783 4568 gener
1828 4515 1949 4555 cum

2058 4529 2160 4582 χης
2188 4513 2251 4565 τὸ
2299 4514 2686 4583 στρατόπεδον,
2720 4516 2889 4584 ἐγγὺς
2939 4519 3232 4587 γενόμενος
3284 4516 3474 4582 αὐτὸς,
3504 4516 3632 4570 ἐκέ-

397 4594 832 4649 adolescentibus
880 4588 1204 4661 quibusdam
1254 4588 1527 4644 nobilibus
1575 4598 1780 4644 temere
1829 4604 1955 4667 per:

398 4685 631 4740 turbatis
671 4684 975 4745 ordinibus,
1009 4683 1061 4735 in
1105 4691 1407 4735 extremum
1442 4679 1739 4737 discrimen
1779 4680 1956 4751 imper-

396 4786 631 4831 ratorem
664 4775 916 4844 coniecit.
955 4773 1168 4828 Etenim
1200 4774 1422 4841 repente
1454 4771 1507 4823 in
1538 4770 1961 4825 circumstantes

396 4869 587 4922 Persas
638 4866 982 4920 incurrentes
1020 4878 1116 4917 eos
1159 4865 1279 4917 neci
1325 4862 1545 4917 dabant.
1588 4861 1691 4928 Qui
1740 4863 1959 4919 nudatis

396 4959 641 5020 ensibus,
679 4956 853 5022 facile,
894 4956 938 5008 si
972 4953 1292 5018 voluissent,
1328 4953 1713 5022 imperatorem
1751 4953 1807 5007 in
1841 4969 1960 5009 me-

396 5052 488 5106 dio
518 5066 707 5106 eorum
743 5048 1136 5104 consistentem
1188 5046 1571 5100 trucidassent.
1616 5044 1739 5100 Rati
1772 5061 1955 5116 porro,

398 5141 451 5196 id
499 5140 642 5210 quod
693 5147 830 5201 erat,
874 5144 1071 5208 praeter
1120 5134 1266 5188 illius
1312 5133 1646 5190 voluntatem
1693 5135 1958 5192 militibus

305 5210 312 5219 ’
400 5229 745 5284 turbantibus
776 5228 829 5281 id
860 5226 1146 5289 accidisse,
1176 5223 1314 5277 nihil
1349 5230 1546 5293 praeter
1587 5221 1667 5279 fas
1706 5235 1953 5297 egerunt.

397 5319 692 5390 imperator
753 5325 810 5371 ut
872 5314 1136 5385 quosdam
1190 5314 1399 5383 aspexit
1456 5312 1720 5381 interﬁci,
1776 5319 1959 5372 statim

398 5412 618 5466 Persica
674 5411 851 5477 lingua
904 5406 1215 5471 mandavit,
1274 5405 1351 5459 uti
1406 5405 1464 5458 in
1513 5406 1705 5461 collem
1766 5410 1959 5465 salutis

398 5516 561 5555 causa
626 5499 1012 5567 confugerent,
1075 5510 1176 5550 nec
1239 5497 1385 5550 enim
1454 5495 1669 5551 Persice
1732 5499 1959 5555 omnino

397 5591 696 5646 nesciebat.
728 5589 931 5643 Navem
971 5586 1062 5641 illo
1093 5585 1322 5657 impetu,
1356 5602 1463 5642 una
1493 5602 1616 5642 cum
1645 5587 1783 5643 duce
1810 5589 1959 5644 desi»

358 5681 640 5743 fderatis,
696 5678 833 5733 colle
881 5693 1070 5734 rursus
1128 5694 1461 5746 conscenso,
1519 5696 1757 5750 pugnam
1814 5681 1960 5737 ciere

397 5756 736 5822 institerunt.
774 5767 1077 5834 Imperator
1113 5769 1194 5825 ira
1238 5769 1629 5836 inflammatus,
1663 5783 1957 5840 generum-

2057 4599 2180 4652 λευε
2231 4602 2344 4664 τοῖς
2394 4603 2633 4673 Πέρσαις
2676 4608 3023 4676 προσχωρεῖν
3071 4604 3220 4674 αὐτῷ
3249 4606 3445 4675 ’μηδὲν
3498 4609 3635 4660 ὑπο-

2060 4689 2357 4755 πτεύοντας
2411 4693 2607 4750 δεινόν.
2640 4691 2748 4748 Ἦν
2782 4696 2890 4764 γὰρ
2943 4697 3126 4759 αὐτοῖς
3191 4695 3290 4748 οὐκ
3342 4696 3632 4764 ἄγνωστος

2061 4780 2321 4844 πολλάκις
2377 4784 2814 4854 συστρατεύσασι
2861 4786 3002 4838 κατὰ
3058 4786 3160 4840 τὸν
3200 4786 3295 4838 τοῦ
3351 4787 3633 4856 ἐμφυλίου

2059 4871 2297 4942 πολέμου
2353 4876 2562 4945 χρόνον.
2598 4876 2662 4931 Οἱ
2713 4876 2759 4929 δ’
2789 4878 2998 4946 ἔφασαν
3047 4877 3272 4949 γνώμης
3303 4879 3405 4947 μὲν
3446 4879 3631 4941 οὕτως

2056 4958 2224 5030 ἔχειν,
2257 4962 2333 5025 ώς
2371 4964 2429 5016 ἐν
2487 4966 2596 5027 τοῖς
2641 4965 2825 5029 ὅπλοις
2867 4966 3230 5037 ἀποθνήσκειν
3265 4967 3633 5035 ἀμυνόμενοι,

2059 5054 2153 5106 καὶ
2208 5053 2280 5123 μὴ
2332 5057 2769 5124 καταπροτεσθαι
2797 5056 2898 5120 τὰς
2927 5056 3020 5112 τοῦ
3058 5056 3329 5121 σώζεσθαι
3358 5056 3589 5121 ἐλπίδας
3611 5071 3629 5087 ο

2063 5144 2186 5214 μηδ’
2238 5144 2591 5200 ἀλλάττεσθαι
2659 5147 2904 5202 δουλείαν
2976 5148 3208 5219 αἰσχρὰν
3260 5147 3362 5201 καὶ
3422 5150 3631 5219 ἀγεννῆ

2059 5237 2180 5291 ἀντὶ
2204 5236 2299 5291 τοῦ
2333 5238 2678 5308 μαχομένους
2708 5241 2972 5307 γενναίως
3014 5241 3399 5310 ἀποθνήσκειν.
3448 5238 3632 5294 Αὐτοῦ

2058 5328 2118 5381 δέ
2173 5329 2463 5391 καλοῦντος
2529 5330 2624 5383 καὶ
2701 5331 3015 5395 κελεύοντος
3072 5330 3319 5401 θαρρεῖν,
3341 5330 3418 5393 ὡς
3474 5332 3635 5386 οὐδὲν

2060 5418 2469 5487 ὑπομενοῦντας
2499 5420 2744 5488 ἀγεννὲς,
2775 5420 3070 5492 προθύμως
3099 5422 3434 5493 ἐγχειρίσειν
3459 5424 3633 5490 σφᾶς,

2059 5508 2156 5562 καὶ
2192 5508 2504 5579 προσῄεσαν
2557 5513 2781 5576 αὐτίκα,
2809 5515 2904 5565 καὶ
2949 5514 3387 5586 περιῖστάμενοι,
3420 5529 3633 5583 προσε-

2060 5595 2254 5647 κύνουν
2272 5596 2368 5648 καὶ
2398 5597 2709 5665 ἠσπάζοντο
2738 5600 2865 5662 τοὺς
2890 5600 3057 5663 πόδας
3115 5603 3277 5671 μόνον
3305 5600 3530 5671 ἔχοντες
3573 5606 3637 5655 ἐν

2061 5683 2268 5755 μέσοις.
2315 5686 2707 5758 Διαλεγομένου
2739 5689 2797 5742 δὲ
2827 5689 3038 5744 ἐκείνου
3080 5695 3194 5756 τοῖς
3232 5694 3504 5761 Πέρσαις,
3535 5693 3635 5747 καὶ⁵

2057 5774 2157 5846 τὴν
2192 5777 2585 5847 ἀγνωμοσύνην
2619 5778 2998 5847 ὀνειδίζοντος,
3026 5783 3242 5840 ὅτιτῶν
3274 5783 3451 5853 φίλων
3473 5782 3635 5846 ὄντες
