4028 6470
416 429 503 497 δῒ.

1544 422 2087 485 HISTORIARUM
2124 399 2358 481 Linea
2396 418 2494 477 ιν.

3616 397 3688 461 8‘2

416 535 809 614 στρατεύσειαν
843 536 940 591 ἐπὶ
966 535 1064 606 τὴν
1095 533 1332 600 ἐκείνου,
1365 531 1684 604 Νικηφόρος
1721 532 1994 600 δεσπότης
2024 577 2029 589 ⁴

2130 542 2207 598 '_ue
2262 535 2318 580 ct
2348 528 2550 580 milites
2580 537 2610 576 a
2640 517 2824 575 Persis
2857 529 3143 583 revocans,
3178 528 3373 586 poenas
3406 514 3696 571 confusio-

416 627 734 703 όβασιλέως
775 626 1030 697 γαμϐρὸς
1083 625 1221 696 μετά
1270 641 1432 680 τινων
1489 623 1695 694 ἐτέρων
1747 622 1885 676 νέων
1938 620 2000 688 ἐξ

419 720 789 793 εὐπατριδῶν,
843 704 1045 791 ἀταξίᾳ
1097 716 1438 790 χρησάμενοι
1488 722 1585 771 καὶ
1634 714 1890 786 ἀϐουλίᾳ,
1942 717 2002 770 ὲν

422 814 539 886 χρῷ
563 812 811 867 κινδύνου
838 811 1183 881 κατέστησαν
1225 811 1316 863 τὸν
1361 809 1588 881 βασιλέα
1609 821 1625 838 ⁶
1665 807 1865 877 ἀθρόον
1895 804 2003 878 γάρ

420 908 538 969 τοῖς
570 905 961 976 περιεστηκόσι
994 903 1231 974 Πέρσαις
1266 901 1689 973 ἐπιδραμόντες,
1731 898 2001 955 ἔκτεινον.
2036 929 2038 932 ν

436 997 665 1052 Ἐκεῖνοι
697 997 753 1051 δὲ
796 995 1187 1067 γυμνώσαντες
1228 997 1300 1048 τὰ
1355 992 1507 1063 ξίφη,
1547 992 1746 1064 ῥαδίως
1776 992 1878 1064 μὲν
1937 992 2005 1045 ἂν

426 1092 479 1143 εί
523 1087 804 1143 ἐϐούλοντο
838 1088 1160 1142 ἀπέκτεινον
1199 1085 1429 1159 βασιλέα
1480 1089 1537 1139 ἐν
1575 1085 1765 1157 μέσοις
1799 1101 2009 1155 περιει-

429 1181 746 1254 λημμένον·
802 1181 1126 1251 νομίσαντες
1176 1181 1233 1235 δὲ
1285 1181 1423 1248 ὅπερ
1473 1175 1677 1251 ἦν,ὀύ’
1709 1178 1854 1232 κατὰ
1908 1175 2009 1246 τὴν

433 1273 642 1328 ἐκείνου
686 1272 933 1343 γνώμην,
974 1272 1090 1327 ἀλλ’
1133 1271 1332 1343 ἀταξίᾳ
1359 1270 1468 1325 τῶν
1518 1268 1874 1342 στρατιωτῶν
1913 1284 2010 1337 γε·

432 1365 694 1437 γενῆσθαι
716 1366 814 1437 τὴν
842 1364 1156 1437 ἐπιϐουλὴν,
1191 1364 1597 1436 ὴγνῳμόνησαν
1623 1363 1799 1417 οὐδέν.
1836 1362 2006 1414 Βσισι⁴

435 1458 560 1521 λεὺς
582 1457 640 1511 δὲ
672 1458 796 1511 ἐπεὶ
824 1456 972 1529 ἑώρα
1006 1456 1409 1528 κτεινομένους,
1443 1456 1700 1509 ἐκέλευεν
1735 1452 1892 1517 αὖθις
1931 1452 2013 1515 είς

438 1550 531 1604 τὸν
557 1549 717 1617 λόφον
745 1548 1068 1620 ἀνατρέχειν
1099 1548 1366 1622 Περσιστὶ
1390 1549 1485 1602 καὶ
1521 1547 1793 1612 σώζεσθαι
1816 1563 1831 1578 ’
1859 1546 2017 1602 ἀπει-

439 1660 531 1725 ρος
565 1642 671 1713 γὰρ
701 1642 762 1695 ού
809 1641 1158 1696 παντάπασιν
1206 1637 1276 1714 ἦν
1305 1641 1405 1715 τῆς
1432 1641 1657 1697 ἐκείνων
1701 1638 2015 1695 διαλέκτου.

438 1735 546 1787 Καὶ
586 1732 899 1797 ἀνελθόντες
941 1733 1097 1796 αὖθις
1143 1733 1474 1793 καθίσταντο
1512 1736 1591 1799 είς
1616 1735 1821 1805 μάχην,
1856 1732 2019 1789 ἐννέα

441 1824 581 1878 κατὰ
609 1823 706 1893 τὴν
734 1824 924 1894 ἔφοδον
972 1825 1250 1880 πεσόντων
1281 1827 1380 1880 καὶ
1417 1824 1513 1881 τοῦ
1549 1824 1881 1900 στρατηγοῦ.
1912 1825 2018 1879 Βα-

442 1916 623 1978 σιλεὺς
663 1915 736 1997 ’δὲ
789 1916 929 1987 πρὸς
991 1917 1165 1990 ὀργὴν
1213 1918 1307 1972 τόν
1339 1936 1400 1984 τε
1453 1919 1730 1990 γαμϐρὸν,
1763 1919 2019 1981 καὶτοὺς

444 2007 779 2077 στρατιώτας
826 2010 1030 2082 ἀφίστη
1086 2013 1199 2064 τῶν
1257 2012 1509 2082 Περσῶν,
1572 2011 1668 2066 καὶ
1721 2011 1880 2076 δίκας
1921 2012 2023 2080 τῆς

441 2099 667 2164 ἀταξίας
721 2101 996 2156 ἐπετίθει·
1059 2104 1169 2165 τοῖς
1221 2103 1611 2175 περιληφθεϊσι
1670 2103 1908 2175 Πέρσαις
1965 2101 2023 2155 δὲ

443 2193 584 2246 κατά
614 2193 704 2247 τὸν
754 2193 916 2261 λόφον
972 2195 1391 2267 παρασχόμενος
1441 2194 1673 2266 δωρεὰς,
1703 2195 2025 2264 ἐλευθέρους

443 2283 770 2354 ἀπέπεμπεν
814 2284 894 2350 είς
951 2288 1050 2355 τὴν
1109 2285 1340 2351 οἰκείαν,
1389 2287 1488 2356 οὐχ
1542 2286 1739 2341 ἑαυτοῦ
1794 2286 2027 2355 νομίσας

438 2371 582 2428 εἶναι
616 2375 690 2446 μὴ
738 2375 1022 2442 διασώζειν
1070 2378 1199 2442 τοὺς
1229 2379 1745 2449 ἅπολυπραγμόιως
1801 2380 2026 2432 πιστεύ-

445 2482 648 2530 σαντας
705 2470 900 2537 ἐκείνῳ
951 2468 1051 2540 τὴν
1112 2468 1384 2540 σφετέραν
1436 2470 1733 2540 σωτηρίαν.
1783 2470 1922 2523 Ὑπὸ
1972 2470 2030 2524 δὲ

443 2557 536 2608 τὸν
584 2559 746 2613 αὐτὸν
797 2559 990 2630 χρόνον
1047 2561 1140 2614 καὶ
1190 2561 1474 2625 Ἀγίατθαίος
1505 2563 1533 2615 ὁ
1573 2561 1688 2626 υίὸς
1734 2562 1844 2616 τῶν
1888 2564 2031 2617 κατά

442 2649 919 2740 Χαλκιδικὴν
954 2653 1165 2707 πόλεων
1226 2651 1368 2724 ἔχων
1420 2653 1521 2725 τὴν
1583 2655 1786 2727 ἀρχὴν,
1826 2655 2026 2727 ἑτέραν

451 2743 603 2795 ἐνίκα
644 2745 905 2816 στρατιάν
941 2745 1168 2816 Περσῶν
1210 2746 1425 2815 πεζήνο
1461 2746 1528 2818 ἢν
1579 2749 1739 2800 ναυσὶ
1796 2764 2036 2818 περαιω-

453 2830 658 2895 δεῖσαν,
694 2831 790 2885 καὶ
839 2831 909 2884 τά
966 2833 1152 2907 ἐκείνῃ
1198 2833 1378 2905 χωρία
1433 2832 1766 2906 ληϊζομένην
1809 2835 2034 2906 ἐνίκησε

455 2919 742 2990 συμϐαλὼν
805 2917 973 2976 οὖσαν
1030 2924 1131 2977 οὐκ
1183 2923 1404 2996 ὀλίγηνο
1448 2925 1705 2989 καὶτοὺς
1743 2926 1844 2998 μὲν
1901 2927 2039 2980 ἀπέ-

457 3032 630 3091 κτεινε
661 3016 798 3070 κατά
836 3017 936 3088 τὴν
967 3019 1168 3089 μάχην,
1185 3021 1312 3083 τοὺς
1339 3019 1396 3074 δὲ
1425 3014 1536 3072 εἷλε
1567 3019 1801 3088 ζῶντας,
1824 3021 2038 3086 οὐδενὸς

458 3108 898 3178 ά-ολειφθέντος.
930 3111 1237 3183 Συνηνέχθη
1283 3112 1340 3164 δὲ
1377 3112 1631 3167 κάκεῖνον
1666 3108 1724 3166 έν
1763 3112 1882 3184 χρῷ
1915 3130 2036 3166 κινς

2106 621 2195 674 nis
2252 618 2416 688 hujus
2471 608 2758 686 sumpsit:
2803 612 3004 668 Persas
3063 611 3307 679 reliquos
3369 610 3423 664 in
3484 611 3698 666 tumulo

2106 712 2268 770 donis
2318 710 2667 782 impertitos,
2725 709 2949 765 domum
3003 703 3207 762 liberos
3251 704 3464 759 dimisit
3500 741 3517 767 ,
3551 705 3696 775 haud

2108 821 2266 861 suum
2313 818 2436 860 esse
2476 802 2684 858 ducens
2722 818 2835 856 non
2868 815 3091 856 servare
3124 814 3219 856 eos
3260 798 3354 867 qui
3381 798 3433 854 ei
3464 799 3696 855 salutem

2110 915 2264 956 suam
2306 899 2447 954 bona
2492 897 2597 952 ﬁde
2644 894 3032 951 credidissent.
3069 891 3184 947 Sub
3218 893 3362 946 idem
3400 900 3617 960 tempus
3647 901 3702 946 et

2110 993 2400 1048 Matthaeus
2434 990 2782 1047 Chalcidices
2823 987 3041 1044 urbium
3076 985 3372 1057 praefectus
3406 972 3710 1040 Persarum

2111 1086 2456 1160 pedestrem,
2515 1097 2748 1153 eamque
2810 1095 2922 1136 non
2982 1078 3236 1150 exiguam
3294 1075 3704 1132 multitudinem

2113 1179 2348 1236 navibus
2395 1177 2465 1231 ad
2507 1177 2621 1231 loca
2680 1174 2768 1228 illa
2821 1171 3131 1244 diripienda
3181 1171 3471 1241 trajectam
3524 1167 3705 1222 vicit:

2113 1272 2281 1345 740
2321 1280 2376 1326 et
2419 1271 2557 1325 alios
2588 1267 2812 1338 quidem
2850 1264 3151 1329 interemit,
3184 1262 3324 1317 alios
3366 1261 3532 1331 cepit,
3567 1258 3711 1313 desi-

2115 1366 2306 1422 derato
2353 1378 2419 1417 ex
2467 1362 2587 1416 suis
2630 1360 2876 1415 nemine.
2920 1357 3094 1421 Quem
3144 1355 3325 1425 ipsum
3376 1366 3600 1423 quoque
3645 1368 3709 1405 co

2117 1455 2371 1513 conﬂictu
2411 1451 2900 1523 praesentissimum
2935 1449 3089 1503 adire
3119 1445 3423 1515 periculum
3456 1441 3709 1512 contigit.

2120 1549 2257 1605 Dum
2302 1547 2450 1603 enim
2497 1543 2732 1617 juvenili
2773 1542 3011 1613 quadam
3067 1539 3296 1594 audacia
3349 1536 3716 1605 impotentius

2119 1644 2175 1698 in
2228 1640 2471 1697 hostium
2522 1638 2697 1694 aciem
2745 1651 2808 1693 se
2855 1634 3125 1701 immittit,
3163 1632 3455 1700 eundoque
3503 1644 3569 1683 ac
3595 1628 3716 1682 red-

2120 1735 2302 1791 eundo
2359 1742 2595 1804 stragem
2670 1730 2818 1796 edit,
2892 1742 3036 1798 equo
3085 1727 3333 1797 lapsante
3390 1723 3716 1785 eli'unditur,

2122 1828 2582 1898 circumfusisque
2633 1835 2863 1896 repente
2900 1823 3182 1888 Barbarls,
3218 1820 3386 1891 pedes
3422 1834 3481 1875 se
3519 1816 3716 1872 defen-

2126 1922 2225 1987 dit,
2263 1931 2320 1976 ct
2371 1920 2612 1991 proximi
2661 1927 2827 1989 caput
2872 1920 3122 1989 amputat
3175 1915 3533 1983 increpitans.
3578 1902 3717 1968 Tum

2126 2013 2313 2069 caeteri
2338 2010 2614 2067 terrel'acti
2646 2019 2795 2065 retro
2822 2009 3015 2080 pedem
3044 2007 3284 2073 referre;
3318 2006 3520 2060 milites
3551 2006 3717 2059 alium

2126 2119 2329 2174 equum
2372 2104 2680 2172 subjicere;
2739 2103 2833 2157 ille
2880 2100 3320 2171 imperturbatus
3378 2098 3718 2161 ascendere,

2119 2197 2531 2265 'vietoriamque
2583 2195 2881 2265 complere,
2921 2202 2978 2247 et
3029 2191 3095 2246 ad
3156 2198 3436 2260 parentem
3481 2189 3725 2242 victoriae

2130 2288 2359 2342 nuntios
2395 2286 2541 2341 illico
2592 2286 2830 2340 mittere.
2892 2282 3040 2338 Idem
3095 2295 3293 2350 parens
3331 2279 3398 2332 ad
3438 2278 3609 2331 lilium
3647 2275 3727 2330 fa-

2130 2394 2257 2457 cere
2292 2397 2306 2432 :
2339 2376 2655 2446 evenitque,
2689 2383 2749 2429 ut
2794 2373 2889 2443 qui
2933 2373 3188 2428 nuntium
3228 2375 3561 2438 tropaeorum
3597 2382 3723 2437 por-

2133 2469 2349 2533 tabant,
2395 2468 2451 2521 in
2505 2467 2689 2521 media
2723 2465 2812 2520 via
2861 2465 2964 2519 sibi
3000 2468 3380 2518 occurrerent.
3425 2460 3727 2527 Imperator

2133 2561 2310 2617 victor
2356 2560 2577 2615 Mesena
2625 2556 3072 2629 Didymotiebum
3122 2553 3435 2619 revenieus,
3469 2567 3538 2606 ex
3577 2550 3729 2604 reni-
3772 2588 3800 2602 -

2136 2657 2238 2711 bus
2268 2669 2418 2709 anno
2449 2654 2666 2723 integro
2692 2649 2983 2715 laboravit,
3015 2662 3140 2702 cum
3173 2655 3288 2701 tota
3318 2645 3427 2700 vita
3458 2659 3633 2715 usque
3663 2644 3731 2698 ad

2138 2748 2191 2803 id
2225 2745 2492 2817 temporis
2527 2759 2810 2817 nunquam
2851 2748 3210 2815 mgrotasset;
3257 2737 3355 2794 sed
3406 2738 3584 2792 octavi
3638 2744 3733 2791 aut

2139 2840 2362 2911 septimi
2416 2839 2546 2893 anni
2603 2814 2870 2908 perio'do,
2910 2814 3164 2890 tertiana
3219 2830 3371 2886 febre
3419 2836 3733 2898 correptus,

2142 2943 2265 3003 post
2297 2914 2512 2988 tertiam
2546 2929 2923 2986 accessionem
2960 2942 3090 2981 mox
3120 2923 3559 3002 convalescebat.
3594 2921 3733 2973 Tum

2140 3043 2296 3091 vero,
2330 3041 2454 3081 eum
2481 3036 2609 3079 ante
2651 3036 2889 3092 pugnam
2922 3020 3079 3076 dolor
3110 3016 3391 3089 coepisset,
3428 2996 3734 3070 secundum

2144 3135 2265 3177 eam
2325 3117 2515 3175 statim
2574 3115 2751 3170 crevit
2804 3126 3159 3182 magnOpere.
3221 3109 3332 3164 Nec
3378 3108 3554 3161 levem
3607 3105 3738 3159 huic

432 3198 614 3252 ’δύνσυ
655 3201 797 3254 κατὰ
846 3201 947 3272 τὴν
988 3203 1167 3275 μάχην
1206 3204 1426 3272 ἐκείνην
1482 3205 1792 3273 γεγονέναι.
1833 3205 2029 3274 Ἀκρα-

2145 3214 2489 3268 incremento
2538 3208 2886 3263 occasionem
2933 3205 3050 3274 ipse
3085 3202 3307 3257 dedisse
3353 3201 3502 3254 visus
3537 3209 3642 3254 est.
3679 3197 3736 3250 lu

464 3291 570 3353 τῶς
604 3293 714 3368 γὰρ
738 3294 1050 3348 ἐπελαύνων
1078 3299 1193 3360 τοῖς
1250 3295 1536 3368 πολεμίοις
1567 3297 1673 3351 ὑπὸ
1706 3297 2043 3368 προθυμίας,

463 3384 561 3436 καὶ
589 3387 808 3439 κτείνων
839 3390 897 3442 ὲν
941 3390 1063 3451 ταῖς
1093 3388 1352 3454 διεξόδοις
1393 3388 1489 3443 καὶ
1521 3390 1916 3459 ἀναστροφαῖς,
1950 3390 2044 3444 τοῦ

468 3473 633 3528 ζππου
684 3480 1165 3557 συμποδισθέντος,
1220 3481 1502 3553 ἀπερρύη.
1553 3483 1938 3550 Περιστάντων
1989 3482 2047 3535 δὲ

468 3567 578 3621 τῶν
630 3567 941 3642 βαρϐάρων,
974 3572 1216 3645 ἠμύνετο
1274 3574 1481 3639 πεζός’
1518 3576 1611 3628 καὶ
1665 3575 1761 3629 τοῦ
1813 3574 2050 3647 πρώτως

474 3662 637 3729 ἐγγὺς
670 3666 1037 3735 γεγενημένου
1081 3666 1182 3736 τὴν
1224 3667 1475 3737 κεφαλὴν
1505 3666 1755 3737 ἀπέτεμε
1798 3667 1877 3738 τῷ
1903 3665 2052 3739 ξίφει

475 3753 701 3824 πλήξας.
735 3755 800 3810 Οἱ
834 3757 892 3808 δὲ
922 3757 1075 3812 ἄλλοι
1111 3757 1392 3822 δείσαντες
1424 3758 1773 3831 ὑπεχώρουν,
1806 3762 1903 3812 καὶ
1939 3759 2051 3813 τῶν

476 3847 690 3901 οἰκείων
744 3851 1092 3920 στρατιωτῶν
1128 3853 1297 3906 ἵππον
1330 3852 1519 3923 ἕτερον
1552 3852 2048 3925 προσαγαγόντων,

479 3940 696 4013 ἀπαθής
722 3960 780 3996 τε
812 3944 1003 4016 ἐπέϐη.
1031 3947 1122 3998 καὶ
1144 3944 1244 4017 τὴν
1275 3944 1431 4012 νίκην
1457 3946 1710 4017 καθαράν
1733 3946 2057 4017 προσεξειρ-

479 4034 706 4101 γάσατο.
742 4037 947 4091 Λύτίκα
996 4055 1054 4091 τε
1112 4037 1329 4110 ἔπεμπε
1366 4042 1506 4111 πρὸς
1558 4039 1784 4111 βασιλέα
1813 4039 1909 4094 τὸν
1946 4058 2053 4097 πα-

480 4126 613 4197 τέρα
638 4131 763 4194 τοὺς
796 4131 893 4203 τὴν
920 4132 1076 4203 νίκην
1126 4134 1604 4202 ἀπαγγελοῦντας.
1637 4135 1719 4188 Τὰ
1751 4136 1844 4189 ίσα
1875 4135 1932 4188 δὲ
1965 4136 2057 4191 καὶ

485 4219 738 4289 βασιλεὺς
762 4225 931 4278 ἐποίει
978 4228 1116 4295 πρὸς
1143 4229 1234 4282 τὸν
1266 4228 1382 4283 υἱόν
1409 4245 1423 4260 ο
1454 4230 1552 4283 καὶ
1604 4228 1894 4284 συνέϐαινε
1929 4228 2060 4291 τοὺς

2146 3288 2449 3375 congressu
2483 3299 2753 3370 siquidem
2787 3299 2857 3352 ob
2884 3297 3129 3351 laborem
3162 3294 3335 3348 multo
3368 3295 3573 3347 sudore
3620 3307 3739 3344 ma-

2149 3412 2289 3454 nans
2319 3394 2588 3463 undique,
2622 3391 2803 3448 calore
2852 3390 3081 3460 insuper
3129 3376 3742 3449 aestatisjntolv'rabili,

2149 3489 2417 3560 depositis
2472 3485 2641 3541 armis
2692 3482 2981 3539 ventulum
3030 3489 3280 3550 captans,
3317 3478 3629 3547 pluszecquo
3683 3490 3742 3528 se

2154 3578 2517 3651 refrigeravit,
2552 3591 2620 3631 ex
2660 3590 2770 3645 quo
2803 3573 3058 3629 morbqu
3092 3585 3214 3625 esse
3247 3564 3467 3623 auctum
3503 3565 3746 3635 suspicio

2152 3671 2273 3728 fuit.
2311 3668 2638 3743 IEgrotabat
2666 3666 2855 3738 igitur,
2888 3680 2990 3719 nec
3030 3662 3395 3727 medicorum,
3430 3672 3746 3728 quanquam

2152 3763 2607 3826 clarissimorum,
2630 3758 2830 3813 auxilia
2856 3756 3152 3828 quidquam
3176 3751 3555 3821 proficiebant,
3572 3748 3749 3802 donec

2153 3869 2300 3909 anno
2345 3858 2597 3909 vertente
2646 3848 2803 3904 dolor
2848 3853 3240 3908 evanesceret;
3292 3858 3393 3897 nec
3450 3846 3759 3911 potuerunt,

2154 3947 2257 4013 illi,
2298 3945 2442 4000 unde
2466 3940 2714 4012 cmperit,
2735 3947 2831 3994 aut
2855 3937 3081 3993 desierit
3115 3949 3471 4005 cognoscere.
3504 3929 3753 3984 Tenebat

2157 4050 2344 4096 autem
2392 4044 2713 4093 consuetam
2756 4033 2935 4088 victus
2980 4029 3273 4093 rationem,
3306 4042 3411 4080 nec
3453 4039 3577 4078 raro
3617 4020 3758 4076 assi~

2157 4133 2429 4189 duitatcm
2460 4130 2526 4184 in'
2552 4126 2758 4183 lectulo
2783 4140 2896 4179 non
2919 4123 3125 4187 ferens,
3160 4119 3215 4172 in
3247 4132 3448 4187 equum
3491 4131 3573 4178 se,
3613 4124 3759 4168 tatu-

2156 4227 2258 4284 etsi
2293 4221 2608 4284 dilliculter,
2644 4234 2747 4274 nec
2777 4218 2898 4273 sine
2929 4213 3180 4271 cruciatu
3211 4209 3562 4265 sustollebat.

483 4312 749 4381 ἀγγέλους
778 4316 885 4369 τῶν
916 4314 1195 4390 τροπαίων
1236 4323 1377 4374 κατᾶ
1406 4321 1581 4392 μέσην
1614 4321 1715 4392 τὴν
1776 4320 1902 4374 όδὸν
1968 4319 2226 4391 ἀλλήλοις
2260 4316 2533 4387 ὑπαντᾷν.
2585 4309 2854 4372 Βασιλεὺς
2903 4307 2961 4361 δὲ
3012 4305 3155 4376 μετὰ
3188 4302 3289 4373 τὴν
3312 4337 3315 4341 -
3339 4301 3499 4370 νίκην
3535 4300 3599 4350 ἐκ
3648 4298 3762 4351 Με-

489 4406 656 4501 ςήνης
681 4409 760 4471 εἷς
787 4411 1166 4501 Διδυμότειχον
1197 4414 1390 4484 ἐλθὼν,
1447 4416 1673 4486 ἐνόσησε
1700 4417 1828 4481 τοὺς
1861 4417 2099 4487 νεφροὺς
2136 4415 2223 4485 ἐφ’
2292 4410 2595 4481 ὁλόκληρον
2644 4405 2916 4471 ἐνιαυτὸν,
2951 4402 3047 4456 καί
3107 4417 3191 4454 τοι
3254 4398 3410 4470 παρὰ
3458 4393 3636 4448 πάντα
3670 4395 3762 4446 τὸν

494 4500 608 4572 βίον
660 4504 787 4574 ἄχρι
838 4494 961 4560 τότε
1037 4508 1307 4580 μηδέποτε
1359 4511 1527 4581 μηδὲν
1577 4511 1794 4583 χρόνιον
1857 4514 2095 4582 νοσήσας
2123 4529 2140 4545 ο
2178 4508 2315 4564 ἀλλά
2346 4506 2487 4561 κατὰ
2517 4501 2770 4571 περίοδον
2802 4499 3013 4569 ὀγδόου,
3039 4497 3075 4569 ἢ
3109 4494 3341 4565 ἑϐδόμου
3374 4490 3628 4547 ἐνιαυτοῦ
3660 4491 3767 4542 ὑπὸ

494 4600 735 4704 τριταίου
767 4604 1001 4674 πυρετοῦ
1035 4605 1383 4680 ὀχλούμενος,
1419 4608 1550 4679 ἄχρι
1590 4609 1781 4683 τρίτης
1815 4609 2070 4680 περιόδου
2112 4606 2317 4662 αὐτίκα
2384 4600 2783 4669 ἀπηλλάττετο.
2834 4597 2969 4649 Τότε
3018 4593 3076 4649 δὲ
3130 4590 3226 4644 καὶ
3276 4588 3384 4659 πρὸ
3436 4590 3533 4658 τῆς
3586 4587 3768 4657 μάχης

791 4698 815 4704 ,
959 4698 971 4704 -
1028 4696 1052 4704 _
1113 4699 1153 4704 --
1336 4700 1346 4704 -
1652 4701 1660 4704 -
1761 4701 1770 4704 -
1943 4703 1950 4704 κ
2339 4698 2351 4704 _
2421 4697 2431 4704 .
2651 4693 2668 4704 ,
2857 4690 2883 4701 ,,
2987 4687 3001 4704 ,
3090 4686 3261 4704 ,‘___‘_
3330 4679 3625 4704 ,ΠΜ-ως,
3674 4676 3764 4704 Μ,

493 4692 599 4744 τῶν
648 4698 856 4763 νεφρῶν
912 4676 1507 4770 αὐτῷ’όδυνωμένωνῑ
1532 4676 1675 4770 μετά
1722 4676 1822 4773 τὴν
1883 4676 2067 4771 μάχην
2108 4698 2275 4763 εὐθὺς
2335 4697 2592 4751 ἐπέκειτο
2651 4690 2925 4763 λαμπρῶς
2951 4687 3013 4741 τὸ
3048 4686 3286 4755 νόσημα.
3330 4681 3538 4735 Ἐδόκει
3569 4679 3627 4731 δὲ
3674 4676 3769 4730 καὶ

497 4787 658 4850 αὐτὲς
706 4788 881 4842 αἰτίαν
944 4795 1247 4863 παρασχεῖν
1310 4793 1450 4864 πρὸς
1510 4793 1571 4848 τὸ
1639 4771 1871 4866 ἄλγημα
1924 4794 1998 4848 ιού
2028 4793 2133 4863 τὴν
2170 4790 2467 4863 τυχοῦσαν.
2500 4787 2658 4842 Κατὰ
2697 4775 2929 4859 γὰρ’τὴν
2963 4778 3146 4852 μάχην
3186 4776 3370 4846 πολλῷ
3399 4771 3770 4846 περιρρεόμε-

498 4894 585 4940 νο;
619 4880 798 4951 ἱδρῶτι
848 4881 913 4934 ὲκ
944 4882 1221 4940 τοῦ.κατά
1258 4884 1352 4938 τὸν
1390 4886 1583 4954 ἀγῶνα
1634 4885 1860 4957 μόχθου,
1889 4884 2065 4948 ἄλλως
2108 4885 2156 4938 θ’
2180 4885 2264 4939 ὅτι
2301 4882 2398 4939 καὶ
2445 4881 2641 4948 πνῖγος
2668 4873 2737 4948 ἦν
2797 4876 2857 4929 ὲν
2900 4874 3098 4945 θέρους
3159 4869 3302 4943 ὥρᾳ,
3340 4868 3411 4922 τὰ
3445 4866 3586 4919 ὅπλα
3636 4866 3771 4917 ἀπο-

503 4974 746 5044 θέμενος.
806 4975 1024 5047 ἀνέμοις
1067 4976 1425 5049 ἐνετύγχανεν
1455 4978 1773 5049 εύκράτοις,
1837 4978 1936 5033 καὶ
1969 4978 2134 5032 πλέον
2172 4976 2207 5046 ἦ
2237 4962 2487 5047 προσῆκε
2540 4971 2831 5042 ψύχουσιν,
2861 4968 2924 5034 ὲξ
2962 4962 3038 5023 ὧν
3070 4963 3431 5020 ὑπωπτεύετο
3465 4960 3527 5013 τὸ
3552 4958 3774 5028 νόσημα

504 5067 758 5122 ἐπιπλέον
783 5068 882 5140 τὴν
908 5072 1086 5126 αἰτίαν
1133 5075 1305 5144 σχεῖν.
1347 5073 1557 5130 Ἐνόσει
1607 5072 1709 5143 μὲν
1768 5067 1864 5127 οὖν
1929 5074 1960 5127 ό
2019 5071 2304 5145 βασιλεὺς,
2338 5070 2435 5129 καὶ
2476 5065 2679 5138 ιατρῶν
2729 5064 2957 5135 ἐξήρκει
2993 5065 3159 5131 τέχνη
3189 5055 3440 5124 οὐδεμία,
3472 5053 3657 5107 καίτοι
3711 5066 3773 5118 γε

506 5159 615 5214 τῶν
671 5161 902 5231 μάλιστα
956 5141 1262 5234 εὐδοκιμείν
1315 5141 1621 5221 δοκούντων
1686 5163 1891 5236 ἰατρῶν
1953 5141 2072 5231 ἐκεῖ
2108 5164 2421 5235 παρόντων,
2488 5161 2649 5232 ἀχρις
2700 5157 2786 5226 ἐφ’
2844 5156 3042 5225 ἑτέραν
3120 5147 3376 5204 ἐνιαυτοῦ
3430 5141 3777 5216 περιτροπήν

509 5254 673 5326 ίλύθη
701 5257 1040 5326 αὐτομάτως,
1067 5259 1395 5330 τὴν,αίτίαν
1441 5259 1674 5317 συνιδεῖν
1723 5258 1834 5317 τῶν
1902 5258 2110 5330 ίατρῶν
2142 5258 2218 5329 μὴ
2286 5254 2628 5328 δυνηθέντων
2680 5252 2741 5319 ιξ
2780 5244 2850 5324 ἧς
2908 5248 3148 5318 ἐγένετο,
3181 5243 3215 5314 ἢ
3246 5241 3440 5313 ἐλύθη.
3480 5239 3776 5308 Ἐτρέφετο

508 5346 571 5401 δὲ
598 5350 837 5422 συνήθως
870 5351 1034 5422 μηδὲν
1059 5342 1587 5428 παραϐλαπτόμενος
1655 5353 1765 5409 ὑπὸ
1831 5351 1936 5426 τῆς
1995 5329 2300 5423 ἀλγηδόνος
2357 5349 2470 5403 τῶν
2518 5345 2784 5417 νεφρῶν,
2844 5342 2940 5397 και
3000 5337 3297 5394 ἐπέϐαινεν
3358 5334 3460 5390 οὐκ
3524 5329 3777 5398 ὀλιγάκις

507 5437 709 5514 ἵππου,
738 5442 873 5519 πρὸς
902 5446 999 5517 τὴν
1050 5446 1144 5501 ἐπὶ
1193 5445 1383 5519 κλίνης
1412 5447 1717 5519 ἀχθόμενος
1759 5445 2070 5517 διατριϐὴν,
2106 5443 2392 5515 δυσχερῶς
2416 5442 2476 5497 δὲ
2509 5442 2605 5494 καὶ
2634 5438 2735 5492 οὐκ
2770 5436 2901 5492 ἀνευ
2935 5431 3276 5502 ἀλγηδόιων.
