4028 6510
349 461 425 525 85

1418 488 1425 489 ί
1483 463 2027 527 IIIS'TORIARUM
2070 467 2303 529 LIBER
2336 469 2431 532 ιν.

348 572 572 647 χωρίου,
632 572 732 627 καὶ
782 572 919 643 πρὸς
970 575 1034 629 τὸ
1090 575 1292 649 πλῆθος
1350 578 1460 630 τῶν
1514 579 1803 649 φορτίδων,
1866 580 1931 643 ἃς

2052 579 2228 636 .eriam
2260 583 2398 641 clam
2442 581 2846 641 convehebant.
2880 584 3176 652 Postquam
3211 593 3392 637 autem
3432 583 3611 652 impe-

348 670 647 739 ἐκτήσαντο
686 666 949 740 Ῥωμαῖοι
1007 671 1162 738 ναῦς,
1194 672 1496 743 ἐσκέψαντο
1547 676 1793 745 πόλεμον
1845 693 1930 729 κιο

349 765 480 829 νεῖν,
507 761 577 815 ἶν’
596 761 734 831 ὁμοῦ
787 780 849 817 τε
887 764 1114 833 είργωσι
1155 764 1467 836 Ῥωμαίους
1494 768 1592 836 τῆς
1627 767 1926 836 θαλάττης,

351 855 447 907 καὶ
496 851 557 905 τὸ
606 850 829 923 χωρίον,
881 853 929 906 εἰ
989 853 1258 919 δύναιντο,
1316 855 1596 926 τειχίζωσι
1660 844 1955 924 βασιλέωξ

353 944 598 1009 ἄκοντος.
628 945 738 999 Καὶ
762 947 1071 1015 ,συνέλεγον
1114 947 1297 1012 λίθους
1332 948 1566 1018 λογάδην
1595 950 1680 1017 ἐφ’
1708 950 1929 1015 ἑτέραις

354 1034 416 1104 δή
448 1051 558 1087 τισι
588 1036 914 1106 προφάσεσι,
946 1037 1040 1091 καὶ
1080 1037 1180 1108 τὴν
1209 1037 1376 1107 ἄλλην
1406 1038 1538 1106 ὓλην
1569 1038 1929 1107 συνεπόριζον

356 1125 413 1177 ἐν
450 1125 770 1197 ἀπορρήτῳ.
812 1127 967 1181 Ἐπεὶ
1016 1127 1073 1182 δὲ
1122 1128 1376 1199 βασιλεὺς
1405 1134 1581 1184 νοσεῖν
1611 1133 1669 1184 ἐν
1704 1131 1930 1200 Διδυμο-

356 1219 519 1288 τείχῳ
561 1219 846 1286 ἔγνωσται,
881 1223 1074 1294 καιρὸν
1120 1219 1262 1277 εἶναι
1308 1226 1595 1296 οἰηθέντες
1623 1228 1931 1296 ἐπιτηδειό-

357 1328 517 1367 τατον
546 1314 733 1378 αὐτοῖς
765 1315 902 1384 πρὸς
945 1318 1314 1386 ἐπιχείρησιν.
1344 1319 1543 1389 ἀθρόον
1588 1320 1931 1375 ἐπιτίθενται

358 1403 549 1465 νυκτὸς
573 1405 710 1457 κατὰ
730 1404 829 1475 τὴν
858 1406 1086 1469 περαίαν
1115 1407 1326 1461 οἰκοῦσι
1359 1409 1655 1480 Ῥωμαίοις
1690 1411 1929 1481 πρῶτον,

359 1496 579 1558 καὶτὰς
631 1497 807 1560 οἰκίας
857 1499 1076 1561 ἁπάσας
1123 1500 1438 1570 ἐνέπρησαν
1491 1503 1647 1571 πυρί.
1683 1503 1776 1566 Ei;
1834 1503 1932 1574 τὴν

358 1587 650 1658 ὑστεραίαν
673 1590 730 1645 δὲ
754 1591 857 1655 τὰς
891 1592 1039 1661 σφῶν
1062 1594 1313 1663 τριήρεις
1337 1594 1734 1663 ἐφοπλίσαντες
1765 1594 1933 1659 οὔσας

358 1684 903 1751 παρεσκευασμένας,
935 1684 1030 1738 καὶ
1065 1685 1267 1739 ἀκάτια
1321 1686 1418 1739 καὶ
1452 1686 1689 1756 λέμϐους
1716 1689 1818 1741 ὅσα
1841 1683 1931 1758 ἦν,

356 1771 456 1831 τὰς
510 1773 614 1836 ἔξω
663 1774 862 1844 τειχῶν
925 1775 1076 1845 παρὰ
1147 1776 1244 1849 τὴν
1298 1778 1577 1832 θάλασσαν
1634 1779 1934 1843 Βυζαντίου

356 1864 536 1927 οἰκίας
578 1866 932 1938 ἐνεπίμπρων
983 1869 1077 1922 καὶ
1136 1869 1368 1933 ὁλκάδας
1425 1872 1523 1932 τὰς
1559 1872 1665 1954 μὲν
1692 1872 1965 1942 bene»,

360 1971 471 2018 νον,
500 1954 598 2017 τάς
648 1955 706 2009 δέ
758 1958 1152 2028 ἐνεπίμπρων’
1200 1962 1556 2016 κατέκαυσαν
1603 1964 1659 2016 δὲ
1717 1964 1939 2028 καὶτὰς

360 2048 908 2119 κατασκευαζομένας
955 2051 1177 2116 ἁπάσας
1233 2055 1487 2124 τριήρεις
1556 2055 1698 2123 πλὴν
1746 2056 1938 2125 τριῶν,

364 2135 429 2200 ἃς
458 2140 578 2191 ἐπεὶ
621 2141 680 2193 τὸ
730 2143 899 2194 κακὸν
932 2142 1108 2196 πάντα
1142 2144 1464 2216 ἐπενέμετο,
1493 2148 1728 2217 ἄραντες
1767 2149 1827 2214 ἐξ
1877 2144 1939 2204 οὗ

364 2233 821 2296 κατεσκευάζοντο
898 2234 1068 2289 τόπου
1130 2237 1225 2290 τοῦ
1288 2239 1585 2308 Κοσμιδίου
1664 2259 1941 2310 προσαγοε-

368 2326 683 2393 ρευομένου,
739 2326 834 2380 τοῦ
898 2325 1167 2396 βασιλέως
1218 2329 1335 2383 υἰοῦ
1402 2332 1784 2396 κελεύσαντος,
1852 2334 1943 2387 διὰ

365 2413 455 2466 τοῦ
488 2417 631 2468 κατὰ
658 2418 759 2486 τὴν
794 2419 1138 2489 καλουμένην
1189 2420 1397 2474 ιίίσσαν
1432 2422 1661 2484 διῖόντος
1691 2424 1941 2492 ποταμοῦ

371 2504 732 2575 διαγαγόντες,
790 2509 1117 2563 άνείλκυσάν
1201 2529 1260 2563 τε
1331 2513 1468 2582 πρὸς
1546 2515 1644 2582 τὴν
1723 2515 1941 2585 χέρσον,

369 2604 456 2653 καὶ
496 2604 739 2672 φρουράν
774 2603 1118 2675 ἑκατέρωθεν
1159 2605 1587 2678 ἐπιστήσαντες,
1614 2607 1940 2675 ἐφύλαττον.

368 2691 520 2746 Dii-rw
547 2693 647 2762 μέν
682 2697 731 2748 οἰ
772 2696 994 2749 Λατῖνοι
1038 2696 1131 2750 τὸν
1174 2698 1416 2769 πόλεμον
1467 2699 1610 2753 κατὰ
1653 2699 1946 2769 Ῥωμαίων

369 2787 615 2857 φανερῶς
646 2788 971 2858 ἐξήνεγκαν,
1001 2790 1095 2844 καὶ
1138 2789 1197 2858 ἐξ
1225 2790 1440 2845 ἐκείνου
1482 2792 1585 2863 ἤδη
1617 2792 1715 2863 τῆς
1748 2793 1948 2847 θαλάσ-

372 2896 467 2947 σης
523 2881 799 2951 ἄρχοντες,
849 2882 1029 2936 πάντα
1088 2883 1203 2938 ἄνω
1264 2884 1360 2938 καλ⁵
1406 2884 1558 2937 κάτω
1589 2886 1661 2937 τὰ
1702 2884 1947 2956 παράλια

372 2972 793 3044 παραπλέοντες,
830 2975 1089 3040 ἐκάκουν,
1129 2976 1224 3029 καὶ
1276 2977 1411 3045 πυρὶ
1456 2977 1526 3030 τά
1581 2976 1760 3030 πάντα
1819 2979 1947 3029 ἐπε-

374 3067 611 3134 νὲμοντο’
640 3068 910 3139 πανδημεί
948 3087 1008 3122 τε
1039 3068 1371 3139 ἐξελθόντες,
1401 3070 1594 3141 πρῶτα
1624 3072 1725 3138 μὲν
1754 3072 1946 3140 ἐτείχι-

375 3160 463 3224 ζον
487 3162 579 3213 τὸν
604 3161 805 3231 λόφον,
832 3163 1041 3234 πύργον
1072 3165 1379 3234 ἐγείροντες
1436 3165 1572 3234 πρὸς
1602 3167 1669 3235 τῇ
1721 3165 1951 3233 ἀκρολο-

2032 680 2269 727 ratorem
2305 672 2667 744 Didymbticbi
2698 677 2891 731 morbo
2920 673 3180 730 affectum
3202 684 3606 742 Controverunt,
3632 674 3659 693 ”

2034 762 2135 817 rati
2194 763 2482 820 advenisse
2533 766 2612 821 rei
2666 765 2995 836 incipiendae
3043 744 3392 822 occasionem
3444 766 3618 820 maxi-

2033 870 2202 919 mam,
2235 865 2400 911 noctu
2436 857 2505 911 de
2551 857 2853 928 improviso
2881 856 3159 913 Romanos
3208 858 3442 927 primum
3470 872 3501 911 e
3531 871 3619 912 re~

2034 948 2198 1016 gione
2249 948 2561 1005 incolentes
2610 950 2917 1018 invadunt,
2967 950 3113 1006 aedes
3165 964 3360 1005 omnes
3409 947 3621 1020 inﬂam-

2034 1047 2208 1092 mant.
2242 1038 2515 1094 Postridie
2568 1041 2824 1097 triremes
2871 1058 3001 1098 suas
3052 1043 3163 1113 jam
3209 1051 3452 1113 paratas,
3488 1042 3619 1096 item

2036 1125 2208 1179 aratia
2245 1137 2299 1180 et
2325 1128 2557 1196 lembos,
2573 1140 2850 1202 quotquot
2872 1141 3055 1199 erant,
3071 1136 3298 1188 armatis
3320 1135 3622 1195 instruunt,

2038 1219 2277 1289 Byzantii
2312 1221 2543 1277 :editicia
2573 1231 2726 1278 extra
2761 1240 2946 1282 muros
2982 1226 3051 1281 ad
3089 1241 3240 1281 mare
3298 1225 3622 1290 incendunt,

2038 1316 2094 1361 et
2134 1311 2414 1366 onerarias
2446 1311 2582 1365 alias
2625 1313 2848 1383 quidem
2887 1315 3136 1384 capiunt,
3178 1317 3313 1370 alias
3358 1326 3620 1370 exurunt.

2036 1401 2178 1467 Quin
2210 1401 2374 1456 etiam
2407 1407 2739 1461 constructis
2774 1408 3090 1464 triremibus
3122 1411 3420 1475 universis,
3447 1409 3631 1466 tribus

2028 1501 2249 1567 tantum
2299 1497 2565 1564 exceptis,
2596 1496 2776 1566 ignem
2811 1498 3089 1571 injiciunt.
3143 1500 3292 1567 Quas
3337 1510 3467 1566 trcs,
3502 1502 3628 1556 reli-

2039 1584 2165 1653 quis
2214 1585 2432 1641 llamma
2487 1589 2815 1660 absumptis,
2856 1593 3112 1649 tollentes
3164 1576 3411 1664 Byzantii
3445 1610 3475 1650 e
3505 1595 3631 1650 loco

2040 1677 2132 1731 ubi
2165 1679 2527 1747 parabantur,
2560 1681 2845 1739 Cosmidio
2886 1687 3183 1755 appellato,
3228 1688 3339 1741 lilio
3391 1688 3631 1757 impera-

2042 1773 2179 1828 toris
2217 1773 2466 1831 Mauucle
2507 1778 2828 1838 mandante.
2863 1796 2960 1850 per
3006 1780 3233 1837 fluvium
3282 1782 3493 1839 Pissam
3542 1783 3628 1836 in-

2044 1866 2384 1921 terfluentem
2421 1869 2475 1923 in
2529 1879 2727 1925 terram
2770 1873 3174 1934 subduxerunt.
3211 1883 3264 1929 et
3324 1875 3630 1930 custodiam

2043 1956 2153 2011 illis
2195 1960 2456 2029 utrinque
2491 1961 2886 2025 adhibuerunt.
2920 1964 3012 2018 Sic
3043 1963 3225 2019 Latini
3278 1965 3481 2021 bellum
3517 1965 3634 2020 Ιὶοσ

2044 2051 2221 2104 manis
2249 2063 2499 2122 apertum
2532 2052 2860 2120 inferentes,
2891 2064 2946 2110 et
2974 2072 3040 2111 ex
3077 2073 3145 2113 eo
3185 2056 3298 2126 jam
3338 2058 3507 2113 maris
3532 2073 3635 2127 po-

2046 2151 2245 2207 tentes,
2278 2160 2405 2199 oras
2460 2146 2735 2217 legebant,
2768 2148 3064 2217 omniaque
3119 2149 3527 2219 direptionibus
3578 2158 3637 2207 et

2047 2236 2317 2291 incendiis
2371 2239 2776 2307 permisccbant
2814 2258 2827 2294 :
2870 2251 2929 2295 et
2957 2256 3217 2311 egressus
3264 2243 3499 2312 populus
3528 2244 3635 2296 fre-

2046 2329 2460 2397 quentissimus,
2493 2332 2730 2399 primum
2769 2333 2991 2402 quidem
3025 2334 3243 2397 collem,
3277 2334 3332 2388 in
3361 2335 3481 2402 ejus
3504 2334 3639 2403 iugo

2050 2420 2185 2472 turri
2238 2423 2476 2475 excitata
2536 2421 2879 2488 muniebant,
2911 2424 3174 2492 omnique
3245 2425 3298 2477 in
3350 2439 3470 2477 eam
3519 2438 3636 2477 rem

2049 2525 2246 2566 conatu
2305 2514 2561 2569 umlieres
2605 2517 2762 2584 juxta
2826 2527 2992 2584 atque
3054 2518 3154 2572 viri
3196 2518 3635 2573 incumbebant:

2049 2619 2154 2658 nec
2184 2606 2268 2658 vel
2306 2607 2655 2662 illustrissimi
2692 2608 2761 2663 ad
2797 2608 3222 2664 aedificationem
3257 2611 3472 2665 sociare
3501 2625 3635 2679 (ψο-

2051 2713 2167 2752 ram
2204 2697 2668 2772 dedignabantur.
2704 2702 2911 2757 Deinde
2942 2713 2999 2758 et
3031 2703 3303 2774 reliquum
3337 2703 3500 2773 spatii
3549 2718 3644 2758 occ

2050 2802 2337 2861 cupantes.
2389 2811 2548 2850 muro
2589 2796 2969 2862 includebant,
3032 2799 3213 2866 quoad
3262 2798 3382 2852 calx
3435 2806 3488 2852 et
3537 2813 3643 2851 (να-ς

2054 2894 2235 2938 menta
2291 2890 2729 2956 suppeditarent,
2770 2890 2863 2959 qui
2898 2891 2950 2943 in
2982 2890 3329 2944 altitudinem
3382 2904 3637 2959 magnam

2053 2974 2188 3030 satis
2215 2981 2481 3033 surrexit.
2520 2980 2664 3046 Quin
2693 2981 2829 3036 alias
2865 2996 3084 3050 quoque
3112 2988 3420 3036 structuras
3444 2996 3642 3036 omnes

2052 3071 2118 3122 ad
2170 3074 2522 3126 securitatem
2569 3072 2838 3129 facientes
2867 3076 3262 3146 adjungebant.
3296 3075 3415 3141 Qua
3456 3084 3640 3129 autem

2057 3161 2498 3218 defecti-murali
2541 3166 2791 3230 materia,
2834 3168 3140 3235 producere
3169 3182 3309 3236 opus
3343 3183 3449 3222 non
3487 3176 3643 3236 pote-

374 3254 491 3325 φία,
517 3255 608 3309 καὶ
650 3256 830 3307 πᾶσαν
860 3256 1250 3310 ἐπεδείκνυντο
1305 3256 1569 3326 σπουδὴν,
1613 3261 1706 3309 καὶ
1752 3257 1947 3326 ἄνδρες

2056 3263 2203 3316 rant,
2232 3255 2463 3310 excelsis
2498 3257 2789 3327 aggeribus
2818 3268 2873 3312 et
2925 3259 3183 3314 crucibus
3241 3274 3363 3313 eam
3430 3268 3667 3328 partem

373 3345 573 3411 ὁμοίως
599 3344 693 3396 καὶ
740 3346 1032 3414 γυναῖκεςτ
1082 3347 1177 3398 καὶ
1216 3345 1324 3398 οὐδ’
1379 3345 1429 3397 οἰ
1484 3345 1952 3414 περιφανέστατοι,

375 3434 553 3489 αὐτῶν
604 3436 868 3505 ἀπηξίουν
896 3438 955 3489 Cb
1008 3440 1120 3499 τοῖς
1165 3438 1345 3501 ἄλλοις
1403 3439 1763 3507 συναίρεσθαι
1810 3439 1950 3507 πρὸς

371 3529 468 3598 τὴν
513 3528 842 3597 οἰκοδομίαν.
884 3531 1115 3583 Ἔπειτα
1146 3532 1240 3585 καὶ
1268 3533 1329 3583 τὸ
1365 3530 1650 3584 ἐπίλοιπον
1699 3531 1797 3585 τοῦ
1842 3549 1951 3601 χω·-

379 3624 492 3692 ρίου
530 3623 876 3687 διαλαϐόντες
929 3624 957 3677 δ
981 3623 1247 3694 ετείχιζον
1296 3626 1454 3694 ἄχρις
1485 3616 1546 3676 οὗ
1581 3623 1881 3693 ἐξήρκεσεν
1917 3626 1951 3696 ἡ

377 3712 499 3787 ὕλη,
524 3717 615 3769 καὶ
645 3718 723 3779 εἰς
755 3716 885 3786 ὕψος
912 3735 974 3769 τε
1015 3717 1182 3789 ⁴ᾔρετο
1223 3717 1285 3769 τὸ
1310 3721 1489 3787 τεῖχος
1523 3717 1709 3770 ἰκανὸν
1740 3719 1948 3785 αὐτοῖς,

379 3810 468 3863 καὶ
496 3809 662 3879 ἄλλην
715 3812 894 3863 πᾶσαν
938 3811 1001 3863 ἐκ
1054 3812 1401 3879 κατασκευῆς
1448 3810 1758 3880 ἀσφάλειαν
1823 3814 1952 3865 ἐπε-

379 3904 665 3975 τεχνῶντο.
696 3903 861 3956 Ὅσον
889 3904 944 3955 δὲ
968 3904 1068 3956 οὐκ
1094 3904 1224 3972 ἐξῆν
1258 3906 1518 3975 τειχίζειν
1547 3904 1616 3958 δι’
1651 3905 1784 3976 ὕλης
1815 3909 1955 3961 ἀπο-

387 3999 521 4067 ρίαν,
551 3998 915 4068 χαρακώμασι
954 3997 1213 4064 μεγάλοις
1248 3999 1341 4050 καὶ
1370 4000 1627 4069 σταυροῖς
1650 3998 1952 4068 περιελάμ-

383 4092 559 4156 6ανον,
588 4091 680 4144 καὶ
718 4093 777 4143 ἐν
821 4091 989 4160 ὀλίγῳ
1034 4091 1213 4160 χρόνῳ
1241 4092 1301 4143 τὸ
1344 4091 1545 4161 χωρίον
1572 4091 1721 4145 ἅπαν
1747 4092 1950 4160 εἴχετο.

382 4183 637 4245 Βασιλεὺς
674 4183 730 4234 δὲ
781 4184 902 4235 ἐπεὶ
936 4182 1166 4234 ἐπύθετο
1195 4182 1261 4234 τὰ
1307 4182 1459 4252 παρὰ
1486 4182 1596 4235 τῶν
1644 4186 1701 4235 ἐν
1734 4183 1955 4250 Γαλατᾷ

385 4277 779 4347 τετολμημένα,
817 4275 1024 4344 ἤλγησε
1059 4274 1160 4341 μὲν
1189 4275 1250 4327 οὺ
1295 4275 1494 4344 μέτρια
1540 4275 1626 4344 ἐφ’
1657 4271 1740 4338 οἷς
1769 4277 1956 4331 τοιαῦ-

385 4390 448 4426 τα
486 4371 728 4439 ἔπασχεν
769 4367 874 4421 ὑπὸ
907 4369 1153 4421 Λατίνων
1198 4370 1297 4436 τὴν
1340 4366 1628 4435 Ῥωμαίων
1659 4368 1958 4422 οἰκούντων

383 4466 500 4532 γῆν,
528 4464 625 4517 καὶ
651 4460 876 4515 δικαίων
914 4460 1084 4513 ὄντων
1124 4459 1397 4529 ἀκριϐῶς,
1425 4460 1722 4515 δουλεύειν.
1766 4462 1958 4531 Ὅμως

386 4557 458 4620 ὡς
487 4551 622 4626 εἶχε,
674 4554 848 4608 καίτοι
900 4552 1221 4622 πιεζόμενος
1275 4553 1382 4606 ὑπὸ
1412 4554 1509 4621 τῆς
1542 4554 1700 4606 νόσον
1736 4554 1840 4617 ἐτι,
1874 4556 1956 4613 εἷς

2054 3346 2510 3412 circumdabant,
2573 3347 2835 3417 brevique
2914 3358 3164 3418 tempore
3213 3347 3479 3417 quidquid
3528 3356 3646 3402 erat

2054 3438 2216 3507 spatii
2262 3440 2726 3509 comprehensum
2770 3450 2875 3495 est.
2905 3439 3067 3512 743
3102 3441 3404 3511 imperator
3447 3440 3516 3495 de
3547 3455 3647 3494 an.

2053 3532 2210 3586 dacia
2256 3531 2622 3587 Galatzeorum
2672 3533 2852 3588 factus
2884 3534 3108 3597 certior,
3147 3521 3647 3602 maximoperedo-

2053 3625 2176 3690 luit,
2235 3638 2525 3695 propterea
2558 3627 2703 3697 quod
2737 3627 2852 3681 haec
2885 3643 2915 3680 a
2951 3625 3157 3681 Latinis
3200 3626 3506 3681 Romanum
3555 3640 3645 3680 so-
3694 3639 3703 3648 '

2056 3719 2167 3773 lum
2192 3720 2589 3781 accolentibus.
2629 3728 2685 3773 et
2739 3720 2829 3789 qui
2861 3719 3060 3775 merito
3088 3720 3320 3774 subesse
3358 3735 3422 3774 ac
3449 3733 3648 3789 parere

2057 3812 2247 3869 sedulo
2273 3806 2556 3878 deberent,
2592 3823 2893 3882 pateretur.
2923 3811 3131 3869 Tamen
3166 3828 3498 3884 quamquam
3548 3811 3647 3868 ad-

2062 3905 2170 3961 huc
2197 3906 2392 3962 morbo
2423 3906 2867 3968 cruciaretur,ut
2889 3906 3088 3974 potuit,
3109 3905 3431 3976 Byzantium
3465 3904 3642 3958 inivit:

2056 3998 2150 4055 ubi
2180 4014 2305 4053 eum
2340 3998 2524 4054 statim
2568 4008 2906 4053 mercatores
2940 3997 3291 4068 potissimum
3342 4004 3397 4051 et
3422 3995 3649 4065 opiﬁces

2057 4088 2111 4142 in
2147 4087 2346 4157 palatio
2372 4095 2775 4151 convenerunt,
2801 4095 3045 4150 orantes,
3073 4100 3143 4141 ne
3167 4100 3228 4141 se
3258 4085 3331 4140 ita
3364 4084 3647 4143 contemni
3744 4136 3751 4142 .

2059 4194 2087 4232 a
2118 4179 2331 4233 Latinis
2354 4178 2628 4241 Galataeis,
2652 4185 2710 4232 et
2750 4177 3112 4233 intolerandis
3139 4177 3405 4247 exagitari
3431 4176 3648 4247 injuriis

2059 4260 2287 4339 sineret,
2325 4272 2423 4325 sed
2482 4270 2710 4327 armatis
2741 4270 3062 4325 triremibus
3117 4270 3327 4325 nefarie
3368 4279 3665 4340 perpetrat--

2061 4370 2243 4417 torum
2288 4376 2482 4431 poenas
2529 4361 2820 4430 exigeret:
2863 4372 2923 4413 se
2980 4359 3286 4429 impensam
3335 4360 3401 4414 ad
3442 4359 3651 4417 bellum

2061 4461 2315 4522 prompte
2353 4468 2448 4520 pro
2479 4449 2739 4507 facultate
2782 4450 3078 4507 collaturos
3115 4467 3130 4505 :
3174 4449 3324 4504 illata
3373 4449 3651 4519 siquidem

2062 4560 2093 4599 a
2123 4544 2333 4598 Latinis
2379 4543 2708 4597 detrimenta
2744 4541 2922 4614 magis
2970 4542 3040 4597 ad
3092 4541 3243 4612 ipsos
3271 4540 3649 4611 pertinebant,

387 4646 675 4712 Βυζάντιον
701 4648 920 4712 ἀφῖκτο.
948 4644 1152 4697 Αὐτίκα
1184 4643 1243 4695 δὲ
1274 4647 1319 4696 οἰ
1350 4645 1408 4694 ἐν
1438 4642 1747 4710 Βυζαντίῳ,
1780 4644 1947 4712 μάλι.

2063 4637 2211 4706 quod
2259 4650 2453 4702 naves,
2503 4635 2772 4705 supellex,
2804 4644 2863 4690 et
2907 4635 3106 4692 domus
3160 4634 3425 4701 incensae,
3465 4634 3652 4689 omnia

393 4758 481 4794 στα
508 4741 558 4792 οἰ
589 4739 717 4808 περὶ
747 4737 1016 4808 ἐμπορίας
1047 4736 1434 4807 ἠσχολημένοι,
1469 4734 1568 4788 καὶ
1611 4737 1660 4790 οἰ
1690 4736 1750 4789 ἐν
1782 4738 1954 4807 ἐργα-

387 4835 628 4902 στηρίοις
664 4829 1054 4901 διατρίϐοντες,
1102 4832 1166 4883 ’ἐν
1217 4830 1514 4900 βασιλείοις
1583 4829 1955 4893 συνελθόντες,

385 4925 590 4979 ἐδέοντο
629 4923 890 4993 βασιλέως
926 4926 1000 4994 μὴ
1032 4924 1171 4999 σφᾶς
1202 4924 1474 4994 περιϊδεῖν
1503 4922 1682 4984 οὕτως
1713 4924 1820 4976 ὑπὸ
1847 4925 1958 4976 Λα-

385 5022 543 5072 τίνων
582 5018 695 5071 τῶν
745 5018 801 5068 ἐν
852 5014 1068 5086 Γαλατᾷ
1127 5015 1692 5086 περιφρονουμένους,
1740 5016 1836 5068 καὶ
1890 5017 1958 5068 τά

383 5114 656 5180 ἀνήκεστα
695 5110 1067 5178 ὑπομένοντας
1091 5124 1105 5138 ⁸
1155 5107 1292 5171 ἀλλὰ
1331 5108 1487 5170 δίκας
1531 5107 1642 5160 τῶν
1694 5107 1959 5177 τετολμη-

389 5204 565 5273 μένων
592 5204 894 5271 ἀπαιτῆσαι
932 5200 1181 5269 τριήρεις
1227 5198 1618 5267 ὲφοπλίσαντα.
1659 5197 1868 5261 Αὐτοὺς
1902 5198 1960 5251 δὲ

386 5291 633 5360 ἐτοίμους
665 5284 804 5343 εἰναι
836 5288 1099 5357 χρήματα
1131 5287 1401 5357 παρέχειν
1434 5286 1570 5356 πρὸς
1601 5286 1700 5344 τὸν,
1719 5286 1958 5355 πόλεμον

386 5380 421 5460 ᾖ
451 5383 517 5438 ἂν
542 5383 774 5444 ἕκαστος
796 5378 1077 5449 εὐποροίη.
1105 5379 1322 5432 Μᾶλλον
1350 5379 1462 5449 γὰρ
1482 5379 1592 5432 τῶν
1614 5378 1790 5432 ἄλλων
1818 5379 1960 5432 ἐκεί·

385 5492 492 5528 νων
522 5471 750 5543 ἦψατοή
774 5469 926 5540 παρὰ
946 5470 1188 5545 εξατίνων
1215 5469 1391 5540 φθορὰ
1406 5470 1785 5539 χεγενημένη.
1811 5470 1961 5539 Νῆἐς

394 5582 449 5620 τε
481 5566 593 5636 γὰρ
640 5564 735 5617 καὶ
760 5565 1038 5633 χρήματα,
1074 5563 1170 5619 καὶ
1207 5564 1376 5616 οἰκίαι
1430 5563 1491 5616 αἰ
1524 5562 1961 5634 ἐμπρησθεῖσαι,

387 5660 460 5716 τὰ
506 5659 798 5731 σύμπαντα
847 5655 1030 5727 σχεδὸν
1086 5656 1312 5710 ἐκείνων
1377 5652 1543 5728 ἦσαν.
1591 5656 1861 5720 Βασιλεὺς
1903 5657 1963 5711 δὲ

396 5753 590 5823 πρῶτα
625 5748 723 5821 μὲν
750 5750 1030 5819 ἐμέμφετο
1059 5749 1245 5813 αὐτοῖς
1279 5751 1355 5812 ὡς
1384 5750 1445 5803 οὐ
1479 5736 1793 5822 χρωμένοις
1817 5750 1963 5803 κατὰ

400 5844 586 5916 καιρὸν
609 5844 682 5915 τῇ
722 5841 1025 5913 προθυμίᾳ.
1067 5840 1207 5896 Τότε
1228 5843 1338 5911 γὰρ
1367 5841 1475 5895 ἔδει
1520 5840 1863 5914 παρέχεσθαι
1895 5841 1965 5895 τά

398 5939 654 6013 χρήματα
695 5934 1012 6009 προθύμως,
1057 5936 1146 5992 ὅτε
1188 5934 1576 5994 συνεϐούλευεν
1628 5935 1813 6004 αὐτὸς,
1867 5933 1964 5990 καὶ

2066 4725 2180 4781 fere
2221 4726 2439 4780 illorum
2486 4726 2661 4781 erant.
2716 4725 3021 4796 lutpcrator
3048 4741 3144 4794 eos
3169 4725 3411 4795 primum
3457 4724 3527 4781 de
3560 4726 3650 4782 in-

2065 4817 2391 4886 tempestiva
2449 4816 2754 4886 cupiditate
2807 4815 3213 4886 reprehendere
3257 4831 3269 4871 :
3319 4824 3449 4870 tunc
3499 4814 3646 4871 enim

2066 4920 2316 4980 prompte
2350 4909 2742 4965 conferendam
2776 4908 2965 4973 fuisse,
3006 4924 3129 4964 cum
3159 4907 3279 4978 ipse
3328 4918 3532 4963 auctor.
3562 4908 3653 4966 lie-

2064 5005 2201 5059 bat:
2233 5003 2307 5057 ita
2347 5019 2494 5058 nunc
2549 4988 2776 5056 Latinos
2826 5000 2962 5055 nihil
3021 5000 3126 5056 tale
3176 5016 3408 5056 ausuros
3455 4999 3649 5056 fuisse.

2066 5095 2200 5150 Nam
2227 5111 2353 5151 cum
2386 5095 2492 5150 hoc
2520 5094 2679 5165 longa
2708 5109 2891 5148 rerum
2914 5091 3258 5162 experientia
3285 5091 3483 5153 doctus
3508 5108 3653 5163 prae-
3702 5109 3715 5121 κ

2064 5189 2299 5255 videret,
2352 5197 2648 5254 antequam
2706 5186 2881 5251 fieret,
2940 5185 3171 5239 suadere
3219 5184 3481 5249 voluisse,
3530 5201 3654 5255 qua:

2068 5283 2232 5353 paulo
2294 5291 2419 5354 post
2463 5280 2784 5351 'plurimum
2841 5277 3131 5348 profutura
3170 5279 3411 5347 putaret.
3470 5278 3653 5335 Nihilo

2068 5375 2252 5431 minus
2278 5384 2335 5429 et
2382 5373 2520 5442 ipse,
2546 5380 2837 5442 postquam
2877 5369 3082 5425 bellum
3111 5370 3293 5426 visum
3340 5377 3424 5425 est
3457 5387 3654 5442 capes-

2068 5466 2321 5530 sendum,
2370 5462 2658 5534 Byzantios
2694 5460 2997 5531 pecuniam
3023 5474 3316 5516 numerare
3354 5461 3539 5532 jussit,
3601 5471 3654 5514 et

2069 5557 2493 5615 Constantinum
2548 5553 2977 5610 Tarcbaniotam
3029 5552 3304 5609 exactioni
3360 5552 3649 5622 praefecit.

2068 5653 2229 5723 eique
2288 5649 2593 5706 triremium
2641 5646 3083 5703 :ediﬁcandarnm
3145 5644 3423 5716 negetium
3474 5644 3648 5711 dedit.

2069 5744 2409 5802 Tenentibns
2430 5751 2616 5797 autem
2648 5757 2800 5795 mare
2827 5739 3105 5802 Galataeis,
3142 5753 3264 5792 cum
3300 5751 3399 5805 per
3425 5734 3479 5788 id
3506 5736 3652 5806 Ιίεφ

2071 5836 2459 5895 construendis
2520 5834 2753 5891 navibus
2811 5826 3396 5888 subveheredifticile
3460 5836 3652 5889 esset,

2069 5931 2245 5989 bobus
2298 5937 2354 5987 et
2415 5927 2597 5987 mulis~
2625 5924 2857 5998 junctis,
2905 5937 2971 5979 ex
3039 5918 3315 5991 Scrgentii
3366 5919 3650 5977 montibus
