4028 6506
363 480 432 542 δτ
665 457 670 460 ’
1535 471 1854 533 JOANNIS
1885 468 2412 531 CAN'PACUZENI

3569 463 3643 528 88

361 589 564 648 advehi
609 585 772 656 jussit
806 600 822 639 :
856 584 1002 654 quod
1031 597 1266 653 operose
1303 582 1594 638 admodum
1623 593 1677 638 et
1716 582 1942 658 difﬁcul-

2048 582 2141 635 νῦν
2168 575 2417 643 Λατίνοις
2444 580 2598 636 οὐδὲν
2627 580 2692 633 ἂν
2720 578 2964 633 τοιοῦτον
2993 576 3284 648 ἐτολμᾶτο.
3313 577 3493 634 Τοῦτο
3522 582 3640 652 γὰρ

363 688 448 734 ter
478 677 664 736 fiebat,
695 685 858 741 atque
911 676 962 727 in
995 673 1319 742 lleptascalo
1353 673 1530 728 navali
1572 674 1820 728 triremes
1857 672 1935 727 ta—

363 770 735 824 bricabantur.
787 767 1060 820 Caeterum
1121 764 1342 821 Galatxi
1413 765 1818 834 imperatorem,
1881 773 1939 818 ut

361 861 537 924 venit,
569 860 752 913 statim
818 858 964 911 bello
1022 857 1288 911 adversus
1322 857 1470 926 ipsos
1531 857 1938 925 desperantem.

361 967 484 1021 quae
519 952 741 1017 vellent,
778 950 961 1004 omnia
1011 964 1425 1014 concessurum,
1457 956 1512 1002 et
1552 949 1618 1003 ad
1670 957 1820 1016 pacta
1851 948 1942 1001 dc-

358 1059 721 1108 scensurum,
784 1057 989 1110 eosque
1049 1041 1215 1097 maris
1289 1041 1541 1094 dominos
1593 1040 1936 1094 relicturum

360 1137 728 1192 confidebant.
763 1135 861 1189 Ast
897 1134 989 1188 ubi
1023 1134 1159 1187 nihil
1193 1133 1274 1187 eis
1298 1148 1402 1203 pro
1440 1131 1702 1202 opinione
1729 1130 1933 1192 evenit,

359 1229 454 1283 sed
506 1241 678 1281 navcs
731 1226 1003 1293 compingi
1064 1225 1236 1278 et'ad
1285 1239 1518 1293 pugnam
1557 1223 1750 1275 instrui
1787 1221 1940 1275 vidc-

359 1326 512 1383 runt,
557 1327 761 1371 mutata
812 1317 1088 1370 voluntate
1129 1316 1453 1383 legationem
1501 1313 1568 1369 de
1601 1328 1734 1383 pace
1763 1313 1935 1366 mise-

359 1397 509 1468 runt.
550 1410 851 1480 imperator
879 1411 958 1463 eis
993 1410 1337 1478 iniquitatem
1397 1407 1796 1476 stultitiamque
1844 1422 1938 1461 ex-

359 1503 643 1572 probrare,
685 1501 834 1570 quod
868 1485 1005 1554 nilnil
1039 1516 1278 1570 unquam
1317 1500 1385 1553 ab
1431 1514 1498 1553 eo
1523 1499 1660 1564 laesi,
1696 1513 1798 1552 nec
1830 1497 1937 1551 ulla

359 1594 486 1648 belli
523 1595 813 1648 occasione
861 1593 1010 1658 data,
1052 1602 1158 1646 tam
1210 1591 1444 1660 improbi
1497 1591 1860 1652 exstitissent,
1887 1599 1939 1643 ct

362 1693 540 1737 tantas
587 1682 710 1737 aliis
759 1683 987 1752 injurias
1058 1691 1373 1750 tantamque
1429 1681 1731 1750 perniciem
1797 1681 1937 1734 ultro

359 1775 694 1829 intulissent.
735 1773 942 1827 Deinde
980 1789 1234 1842 campum
1293 1787 1450 1826 muro
1507 1782 1723 1839 septum
1775 1771 1938 1827 relin-

359 1866 476 1936 qui.
529 1881 746 1919 murum
806 1865 967 1934 dcjici
1029 1866 1349 1934 imperare:
1388 1866 1465 1919 sic
1519 1865 1666 1918 enim
1725 1881 1935 1926 secum,

357 1959 556 2014 damna
591 1959 717 2012 data
752 1957 1091 2026 ignoscente,
1128 1957 1304 2011 foedus
1341 1968 1395 2011 et
1432 1972 1622 2026 pacem
1678 1957 1814 2011 fore.
1858 1957 1939 2010 llli

359 2051 514 2119 iussa
565 2050 792 2103 auribus
849 2049 1114 2114 aversari,
1156 2063 1220 2101 ac
1277 2047 1485 2112 dicere,
1520 2059 1771 2117 oportere
1808 2049 1942 2118 ipsis

360 2145 539 2198 locum
564 2142 677 2212 jam
710 2141 986 2195 munitum
1032 2141 1228 2194 cedere
1255 2156 1272 2205 ;
1325 2139 1489 2210 ’144
1515 2149 1607 2193 aut
1635 2141 1768 2194 nihil
1798 2141 1942 2209 quod

361 2233 585 2302 quidem
619 2233 671 2286 in
702 2246 762 2286 se
790 2217 883 2295 sit,
914 2231 1218 2285 omissuros
1249 2246 1264 2283 :
1297 2238 1351 2284 et
1405 2231 1570 2284 simul
1621 2232 1820 2285 bellum
1855 2232 1938 2284 itt-

360 2327 698 2389 valescebat,
734 2336 791 2381 et
837 2326 1073 2381 navibus
1118 2336 1402 2395 vagantes,
1429 2326 1622 2382 obvios
1665 2329 1782 2381 dire
1813 2327 1950 2396 mul-

362 2418 573 2471 tabam.
601 2414 824 2470 Sublata
865 2416 1128 2470 Romanis
1160 2417 1601 2487 navigatione,in
1639 2417 1944 2485 prmgrandi

363 2506 618 2561 oneraria
654 2505 921 2559 muralem
952 2507 1261 2564 machinam
1290 2505 1721 2566 constituerunt.
1741 2521 1805 2557 ex
1837 2520 1943 2572 qua

363 2612 498 2653 saxa
529 2597 665 2650 tanti
709 2595 970 2665 ponderis
1012 2595 1429 2659 emittebantur,
1463 2607 1728 2664 quantum
1783 2595 1945 2647 homo

363 2689 624 2744 robustus
655 2687 799 2741 ferre
831 2695 1036 2756 posset.
1089 2686 1226 2739 Tum
1262 2685 1467 2738 triremi
1500 2685 1809 2738 onerariam
1837 2685 1946 2737 cir-

365 2778 796 2842 cumtraheates,
823 2776 1066 2845 undique
1092 2775 1148 2829 in
1178 2776 1392 2840 urbem,
1410 2775 1503 2828 sed
1525 2775 1658 2829 citra
1687 2776 1942 2828 damnum

359 2869 770 2958 iaculabantur.
800 2869 1125 2938 Imperator,
1156 2868 1414 2937 quoniam
1447 2867 1500 2920 in
1535 2882 1774 2935 praesens
1807 2867 1943 2920 mari

365 2957 661 3014 occurrere
694 2959 801 3012 illis
843 2958 1126 3027 nequibat.
1161 2959 1306 3026 quod
1349 2957 1664 3011 triremibus
1711 2968 1943 3021 careret,

365 3051 536 3113 misit,
589 3050 682 3120 qui
733 3067 802 3104 ex
857 3049 1444 3104 continente-crebris
1516 3049 1938 3110 incursionibus,

362 3151 627 3211 quantum
673 3147 919 3210 possent,
959 3139 1064 3192 illis
1099 3139 1589 3192 incommodarent.
1637 3139 1824 3208 Neque
1855 3149 1936 3194 ta-

2046 677 2110 729 ἐκ
2147 675 2247 746 τῆς
2275 672 2637 742 πολυπειρίας
2683 672 2794 725 τῶν
2849 670 3196 741 πραγμάτων
3236 673 3637 742 προορώμενον

2043 767 2226 830 αὑτὸν,
2260 766 2354 824 καὶ
2388 765 2520 834 πρὶν
2563 763 2819 831 γενέσθαι
2875 762 3270 830 συμϐουλεύειν
3299 764 3443 834 ἆπερ
3495 763 3636 834 ᾤετο

2047 859 2183 929 μετὰ
2225 857 2421 927 μικρὸν
2454 857 2524 909 τά
2584 856 2823 925 μέγιστα
2852 855 3248 924 λυσιτελήσειν.
3303 857 3496 925 Ὅμως
3533 858 3634 911 καὶ

2042 950 2203 1012 αὐτὸς
2231 950 2354 1003 ἐπεὶ
2375 950 2552 1002 ἐδόκει
2583 948 2720 1019 πρὸς
2745 951 2838 1000 τὸν
2883 949 3126 1018 πόλεμον
3149 951 3372 1017 χωρεῖν,
3405 950 3635 1018 χρήμα-

2041 1043 2107 1097 vi
2136 1059 2195 1094 τε
2237 1041 2491 1095 ἐκέλευεν
2514 1041 2794 1109 εἰσφέρειν
2822 1039 3176 1106 Βυζαντίους,
3211 1040 3306 1093 καὶ
3332 1041 3636 1093 Κωνσταν-

2041 1135 2186 1186 τίνον
2215 1131 2305 1185 τὸν
2331 1131 2751 1201 Ταρχανειὼτην
2778 1131 2974 1200 ἐφίστη
3023 1133 3160 1201 πρὸς
3187 1132 3288 1201 τὴν
3305 1131 3634 1202 εἴσπραξιν,

2043 1227 2135 1278 καὶ
2164 1225 2323 1285 αὐτὸς
2341 1224 2605 1293 ἐτρέπετο
2634 1223 2887 1293 τριήρεις
2909 1223 3515 1290 κατασκευάζεινΓΤῆς
3541 1223 3640 1275 θα-

2041 1315 2241 1385 λάττης
2287 1315 2345 1367 δὲ
2392 1313 2498 1366 ὑπὸ
2520 1315 2629 1368 τῶν
2677 1313 2954 1369 Γαλατίων
2980 1315 3373 1382 κατεχομένης,
3410 1313 3540 1366 ἐπεὶ
3577 1315 3640 1365 ὲν

2041 1407 2230 1475 ἀπόρῳ
2293 1401 2362 1474 ἦν
2433 1403 2565 1468 ξύλα
2627 1405 3022 1474 ναυπηγήσιμα
3087 1404 3340 1472 κομίζειν
3413 1405 3479 1455 ἐκ
3538 1401 3639 1455 θα-

2042 1496 2490 1566 λάττης,ζεύγεσι
2538 1495 2632 1548 καὶ
2677 1497 2921 1565 ἡμιόνοις
2967 1493 3169 1548 ἐκτῶν
3207 1493 3352 1547 κατά
3403 1493 3465 1546 τὸ
3497 1494 3637 1558 Σερο

2043 1589 2288 1657 γέντζιον
2325 1590 2468 1667 ὀρῶν
2505 1589 2723 1642 ἐκέλευε
2757 1587 3028 1657 κομίζειν.
3060 1586 3169 1638 Καὶ
3196 1587 3398 1654 ἤγοντο
3424 1586 3639 1656 μοχθη-

2047 1682 2154 1751 ρῶς
2195 1681 2334 1749 ἄγαν
2378 1683 2474 1734 καὶ
2534 1680 2814 1749 δυσέργως
2843 1691 2858 1708 ⁸
2891 1681 2986 1732 καὶ
3034 1681 3174 1749 πρὸς
3221 1678 3301 1748 τῷ
3348 1679 3638 1748 λεγομένῳ

2045 1773 2430 1842 Κοντοσκαλίῳ
2499 1772 2712 1842 νεωρίῳ
2770 1773 2827 1824 αί
2909 1771 3140 1841 τρήρεις
3194 1771 3635 1840 ἐναυπηγοῦντο.

2044 1865 2107 1916 Οί
2161 1869 2218 1917 έν
2248 1864 2461 1934 Γαλατᾷ
2497 1864 2554 1916 δὲ
2590 1865 2814 1917 Λατῖνοι
2868 1861 3099 1932 ἤλπιζον
3155 1864 3255 1930 μὲν
3290 1862 3496 1914 αὐτίκα
3545 1863 3637 1913 έλ-

2047 1957 2208 2009 θόντα
2239 1956 2488 2026 βασιλέα,
2519 1957 2612 2008 τον
2672 1956 2809 2023 πρὸς
2853 1955 3053 2018 αὐτοὺς
3114 1955 3428 2022 ἀπογνόντα
3469 1953 3638 2006 πόλε-

2051 2065 2172 2116 μον,
2229 2048 2450 2101 πάντων
2479 2046 2662 2106 αὐτοῖς
2708 2046 3136 2116 παραχωρήσειν
3163 2039 3262 2098 ’ὧν
3313 2042 3634 2106 ἐϐούλοντο,

2048 2145 2138 2195 καὶ
2164 2143 2313 2212 χωρή
2325 2158 2434 2192 σειν
2459 2142 2594 2208 πρὸς
2613 2139 2942 2206 συμϐἀσεις,
2965 2139 3236 2207 ἄρχοντας
3261 2138 3640 2190 καταλιπόντα

2045 2234 2146 2304 τῆς
2181 2234 2474 2302 θαλάσσης.
2519 2233 2607 2295 Ὠς
2645 2232 2692 2284 δ’
2722 2233 2941 2300 ἀπήντα
2990 2233 3131 2284 κατά
3159 2231 3391 2302 γνώμην
3449 2232 3639 2294 αὐτοῖς

2043 2325 2216 2388 οὐδὲν,
2251 2324 2389 2376 ἀλλὰ
2433 2323 2564 2386 ναῦς
2598 2323 2785 2393 ἐώρων
2827 2324 3284 2392 ναυπηγούμενον
3319 2323 3416 2375 καλ⁸
3457 2339 3642 2392 παρα·

2047 2414 2454 2484 σκευαζόμενον
2488 2415 2626 2482 πρὸς
2654 2415 2856 2482 μάχην,
2898 2415 3300 2483 μεταϐαλόντες
3325 2413 3641 2483 πρεσϐείαν

2046 2506 2347 2567 ἐποιοῦντο,
2393 2505 2486 2557 καὶ
2539 2505 2670 2576 περὶ
2702 2506 2930 2574 εἰρήνης
2975 2504 3304 2572 διελέγοντο.
3353 2503 3635 2566 Βασιλεὺς

2046 2599 2105 2651 δὲ
2147 2598 2328 2660 αὐτοῖς
2373 2597 2474 2667 τὴν
2501 2596 2772 2666 πονηρίαν
2803 2596 2900 2649 καὶ
2931 2597 3027 2665 τὴν
3061 2595 3468 2665 ἀγνωμοσύνην
3497 2597 3641 2648 ὁνει-

2051 2690 2242 2753 δίσας,
2290 2690 2373 2741 ὅτι
2406 2689 2574 2758 μηδὲν
2602 2690 2740 2757 μήτε
2777 2689 3063 2758 πρότερον,
3105 2689 3234 2758 μήθ’
3271 2689 3508 2760 ὕστερον
3543 2692 3638 2742 ὑπ’

2046 2781 2214 2834 αὑτοῦ
2245 2782 2618 2852 ἀδικηθέντες,
2663 2782 2800 2850 μηδὲ
2859 2785 3138 2850 πρόφασιν
3175 2782 3420 2849 πολέμου
3460 2800 3635 2852 παρε-

2043 2892 2146 2943 σχη
2156 2877 2333 2942 μένουί
2342 2875 2630 2944 μηδεμίαν,
2655 2875 2813 2926 αὐτοὶ
2829 2873 3065 2927 τοσαῦτα
3081 2875 3642 2945 ἡγνωμόνησαν,’καὶ

2041 2967 2312 3036 τοσαύτης
2334 2962 2510 3036 ἦρξαν
2555 2965 2770 3026 ἀδικίας
2803 2967 2895 3018 καὶ
2932 2967 3159 3034 φθορᾶς,
3195 2965 3386 3018 ἔπειτα
3418 2967 3641 3020 ἐκέλευε
3702 2980 3708 2986 ·

2041 3059 2101 3110 τὸ
2121 3059 2387 3126 τειχισθὲν
2420 3057 2620 3127 χωρίον
2641 3057 3015 3117 καταλείπειν,
3052 3059 3145 3109 καὶ
3172 3056 3239 3109 τά
3263 3057 3419 3128 τείχη
3445 3059 3643 3111 καθαι-

2047 3152 2178 3216 ρεῖν·
2210 3149 2272 3200 οὗ
2287 3167 2356 3200 τω
2387 3149 2496 3218 γὰρ
2527 3149 2746 3200 ἔσεσθαι
2772 3146 3004 3208 σπονδὰς
3037 3148 3242 3212 αὐτοῖς,
3287 3150 3381 3200 καὶ
3413 3150 3641 3219 εἰρήνην

363 3247 488 3288 men
521 3247 671 3286 mare
698 3233 918 3301 penitus
950 3230 1283 3300 negligebat,
1306 3231 1400 3283 sed
1437 3241 1703 3282 tormenta
1735 3239 1929 3295 statue-

2048 3240 2184 3308 πρὸς
2219 3241 2403 3303 αὐτὸν,
2434 3237 2770 3306 συγγνώμην
2811 3238 3233 3308 παρασχόμενον
3268 3233 3343 3291 ὧν
3375 3239 3640 3308 ἐζημίω-

363 3325 459 3379 bat
487 3325 765 3377 imtttcnsa:
813 3322 1224 3392 magnitudinis,
1264 3323 1405 3375 unde
1440 3323 1644 3390 lapides
1686 3322 1941 3390 Byzantio

363 3414 608 3473 Galatam
658 3414 1118 3482 explodebantur.
1157 3412 1546 3480 Pertingebant
1579 3415 1722 3466 enim
1759 3430 1844 3474 co,
1881 3431 1941 3468 ac

365 3509 558 3563 domos
615 3505 966 3573 complures,
1029 3504 1330 3572 prmsertim
1395 3505 1459 3556 ad
1523 3504 1673 3556 littus
1734 3506 1938 3574 positas

365 3597 724 3653 conterebant
757 3614 770 3649 :
805 3611 907 3650 nec
937 3610 1130 3663 parum
1183 3611 1245 3650 ea
1302 3610 1427 3651 saxa
1461 3594 1776 3649 Latinorum
1807 3613 1938 3650 one-

365 3689 530 3744 rariis
586 3687 876 3741 nocebant.
931 3685 1073 3750 Quin
1109 3686 1275 3738 etiam
1311 3685 1480 3748 illam,
1521 3702 1624 3754 qua
1689 3689 1936 3740 machina

366 3776 1118 3841 sustentabatur,classiariis
1149 3777 1233 3829 vix
1265 3776 1667 3844 eﬂugientibus,
1700 3778 1936 3844 lapidum

361 3876 512 3944 iactu
543 3870 786 3942 Byzantii
831 3871 1264 3925 submerserunt.
1305 3869 1478 3921 Latini
1537 3870 1603 3923 de
1639 3886 1769 3937 pace
1814 3887 1938 3924 ora-

367 3973 514 4020 tures
558 3963 754 4017 iterum
794 3976 859 4015 ac
886 3960 1105 4015 tertium
1136 3961 1356 4013 mittere
1389 3979 1403 4014 :
1434 3961 1729 4028 imperator
1760 3977 1855 4014 eos
1881 3977 1941 4014 se

365 4054 684 4110 auditurum
739 4069 960 4123 negare,
995 4052 1101 4106 nisi
1159 4068 1316 4105 muro
1378 4067 1587 4115 everso,
1630 4055 1774 4120 quod
1837 4053 1937 4107 loci

369 4147 731 4210 vindicarent,
770 4145 1161 4214 relinquerent.
1191 4145 1528 4212 Consumpto
1556 4143 1609 4197 in
1654 4144 1742 4199 his
1771 4144 1943 4197 multo

371 4251 637 4308 tempore,
688 4235 952 4291 confectis
986 4234 1303 4290 triremibus
1342 4237 1577 4303 remiges
1634 4243 1687 4288 et
1743 4235 1941 4290 milites

368 4329 518 4402 legit,
545 4339 601 4384 et
619 4329 722 4382 alia
760 4330 826 4383 ad
859 4343 1096 4398 pugnant
1129 4327 1313 4380 omnia
1337 4327 1640 4392 adornavit,
1668 4326 1942 4396 ducesque

369 4423 616 4494 praefecit
651 4440 665 4476 :
701 4423 809 4477 illis
840 4422 1058 4491 quidem
1088 4420 1233 4490 apud
1261 4418 1471 4474 Pissam
1502 4420 1671 4474 ternis
1703 4420 1942 4474 triremi-

369 4512 474 4566 bus
515 4511 901 4565 Pltaccolatum
937 4517 1415 4578 protostratorent,
1457 4509 1579 4577 aliis
1633 4509 1689 4562 in
1745 4507 1945 4578 llepta-

2052 3343 2151 3381 σαν
2213 3330 2352 3379 κατά
2393 3326 2487 3378 τὸν
2517 3327 2775 3392 πόλεμον.
2812 3328 2876 3376 Ui
2923 3325 2979 3377 δὲ
3015 3326 3126 3378 οὐδ’
3170 3327 3363 3394 ἄκροις
3409 3326 3639 3380 κατεδέ-

2047 3436 2202 3488 χοντο
2227 3418 2386 3482 ὠσὶν,
2443 3417 2579 3469 ἀλλά
2633 3417 2742 3468 δεῖν
2794 3415 3003 3483 ἔφασαν
3039 3417 3225 3479 αὐτοῖς
3281 3416 3375 3470 τοῦ
3431 3418 3640 3487 χωρίου

2045 3511 2397 3577 παραχωρεῖν
2455 3507 2892 3576 τετειχισμένου,
2950 3507 2982 3576 ἢ
3039 3494 3256 3571 οὐδενὸς
3327 3509 3438 3560 τῶν
3508 3509 3642 3579 πρὸς

2045 3599 2244 3658 αὐτοὺς
2283 3595 2528 3664 ἡκόντων
2579 3597 2880 3664 ἀμελήσειν
2905 3614 2917 3627 ·
2953 3598 3048 3648 καὶ
3087 3596 3205 3666 ἅμα
3263 3599 3584 3652 ἐπετείνετο
3613 3599 3642 3650 ὁ

2047 3688 2312 3754 πόλεμος,
2337 3688 2433 3738 καὶ
2465 3686 2856 3754 περιπλέοντες
2903 3688 3211 3757 διέφθειρον
3239 3690 3366 3751 τοὺς
3395 3707 3637 3761 προστυο

2043 3779 2258 3849 χὸντας.
2297 3778 2451 3829 Ἑπεὶ
2487 3778 2543 3830 δὲ
2579 3778 2680 3847 τὴν
2726 3779 2998 3831 θάλατταν
3065 3780 3316 3834 ἄπλωτον
3367 3783 3635 3851 ἐποίησαν

2054 3868 2382 3934 Ῥωμαίοις,
2441 3870 2524 3935 ἐφ’
2575 3868 2800 3929 ὁλκάδος
2850 3873 3187 3941 μυριοφόρου
3227 3874 3484 3943 μηχανὴν
3521 3875 3641 3924 ἐπι-

2046 3961 2343 4028 στήσαντες
2390 3958 2808 4027 τειχομαχικὴν,
2841 3959 2936 4026 ἀφ’
2980 3956 3048 4030 ἦς
3096 3961 3244 4014 λίθου
3292 3962 3460 4031 βάρος
3504 3965 3626 4016 ὅσον

2045 4049 2317 4120 εὔρωστος
2390 4049 2534 4116 ἀνὴρ
2588 4049 2654 4100 ἂν
2719 4050 2908 4119 ἄροιτο
2976 4053 3192 4121 ἠφίετο,
3255 4050 3376 4104 εἶτα
3417 4057 3637 4125 τριήρει,

2045 4139 2425 4210 περιέλκοντες
2454 4140 2553 4207 τὴν
2581 4139 2804 4206 ὁλκάδα,
2835 4142 3015 4202 λίθους
3077 4145 3312 4212 ἠφίεσαν
3359 4145 3639 4216 πανταχοῦ

2045 4231 2145 4300 τῆς
2201 4229 2432 4293 πόλεως,
2469 4229 2735 4284 ἔϐλαπτον
2782 4233 2838 4284 δὲ
2873 4235 3044 4287 οὐδέν.
3100 4237 3366 4298 Βασιλεὺς
3411 4239 3472 4292 δὲ
3511 4238 3634 4289 ἐπεὶ

2049 4325 2112 4376 ὲκ
2140 4322 2234 4376 τοῦ
2256 4323 2452 4376 αὐτίκα
2482 4325 2894 4376 ἀντιτάττεσθαι
2938 4327 3117 4388 αὐτοῖς
3141 4330 3238 4380 οὐκ
3265 4325 3416 4397 εἶχεν
3451 4334 3515 4383 ὲκ
3543 4331 3639 4382 θα-

2047 4413 2247 4482 λάττης
2277 4414 2548 4483 τριήρεων
2584 4414 2829 4483 ἀπορῶν,
2874 4421 3139 4486 στρατιὰν
3174 4421 3239 4471 ὲκ
3269 4423 3368 4488 τῆς
3400 4421 3635 4488 ἠπείρου

2050 4507 2308 4576 πέμπων,
2359 4506 2587 4574 ἐφόδους
2651 4507 2871 4560 ἐκέλευε
2921 4512 3121 4579 συχνὰς
3183 4513 3482 4576 ποιεῖσθαι,
3546 4513 3636 4564 καὶ

371 4603 522 4659 scan
572 4601 925 4666 constructis,
973 4600 1388 4669 Zamplaconem
1445 4615 1699 4672 magnum
1745 4601 1942 4655 ducem

2048 4601 2316 4654 Εϐλαπτον
2363 4601 2463 4652 ὅσα
2500 4601 2721 4655 δυνατά.
2776 4603 2852 4655 Οὐ
2900 4601 3008 4673 μὴν
3048 4603 3170 4655 οὐδὲ
3225 4604 3324 4670 τῆς
3365 4605 3636 4672 θαλάττης

371 4693 463 4762 qui
500 4690 870 4746 contendebat
917 4691 1156 4756 enixius,
1190 4691 1414 4762 insuper
1465 4708 1595 4746 suas
1657 4691 1946 4747 allaborari

372 4796 437 4840 ac
467 4784 652 4853 perlici
682 4800 698 4848 ;
735 4791 894 4837 erant
928 4784 1073 4858 enim
1106 4785 1329 4838 visenda
1378 4785 1540 4850 mole,
1571 4799 1703 4854 quas
1759 4783 1952 4851 ligneis

373 4876 624 4932 turribus
675 4875 970 4946 impositis,
1003 4888 1058 4930 et
1103 4877 1400 4956 remigibus
1446 4878 1682 4946 desuper
1711 4877 1952 4931 tabulato

372 4967 644 5023 contectis
692 4969 880 5038 (super
910 4983 1016 5035 quo
1055 4971 1238 5038 gravis
1269 4977 1560 5024 armaturae
1619 4978 1675 5022 et
1726 4967 1950 5023 velitum

373 5048 780 5117 multitudinem
816 5061 1207 5125 constituebat,
1245 5061 1394 5130 quod
1425 5075 1621 5130 magno
1659 5060 1708 5114 ei
1753 5060 1809 5113 in
1851 5076 1954 5129 pu-

375 5168 479 5225 gna
507 5151 836 5206 detrimento
863 5151 984 5214 fuit,
1017 5162 1074 5206 ut
1103 5155 1261 5222 paulo
1302 5151 1442 5206 infra
1474 5152 1734 5220 dicetur),
1773 5153 1954 5222 dupli-

373 5245 555 5300 cabat.
608 5243 793 5299 Pridie
837 5260 1000 5314 porro
1030 5245 1176 5301 illius
1205 5246 1335 5310 diei,
1363 5261 1471 5314 quo
1512 5245 1767 5299 triremes
1794 5260 1826 5300 e
1858 5244 1955 5298 n'a-

374 5337 482 5392 vali
514 5338 807 5393 educenda;
839 5340 1290 5403 erant,oneraria
1322 5352 1444 5408 qua:
1473 5337 1664 5392 Genua
1690 5337 1950 5400 solverat,

377 5427 434 5481 in
473 5429 586 5484 alto
636 5439 930 5500 conspecta
959 5442 1066 5495 est,
1099 5432 1328 5500 magnis,
1359 5441 1417 5485 ut
1469 5432 1711 5492 aiebant,
1750 5439 1951 5486 onusta

377 5520 603 5576 divitiis.
632 5522 855 5576 Malacia
881 5531 1063 5577 autem
1098 5523 1278 5576 ventis
1308 5523 1639 5592 ponentibus
1666 5535 1949 5589 oppressa,

376 5613 444 5666 ad
475 5612 746 5684 Principis
778 5598 1011 5668 insulam
1059 5615 1316 5667 anchoris
1352 5612 1575 5667 fundata
1607 5620 1710 5667 est.
1745 5613 1803 5666 lu
1832 5627 1952 5666 eam

379 5715 450 5758 ex
490 5704 856 5773 imperatoriis
887 5705 1207 5760 triremibus
1237 5704 1377 5765 duae,
1411 5718 1532 5759 cum
1571 5705 1795 5758 totidem
1833 5704 1952 5757 uni:

376 5795 656 5860 munibus,
711 5806 880 5852 noctu
943 5812 973 5851 e
1035 5795 1217 5851 navali
1273 5794 1532 5863 profecta:
1585 5795 1951 5851 invaserunt:

377 5885 826 5961 vectoribusque-
863 5887 1078 5946 fortiter
1134 5899 1194 5941 so
1256 5881 1710 5967 defendentibus,
1773 5888 1951 5958 ignem

2057 4691 2404 4746 παντάπασιν
2432 4691 2650 4763 ἡμέλει,
2700 4694 2838 4748 ἀλλὰ
2886 4695 3247 4764 πετροϐόλους
3289 4699 3494 4764 στήσας
3528 4712 3636 4765 μη-

2055 4783 2225 4854 χανὰς
2272 4785 2332 4837 τὸ
2371 4783 2604 4853 μέγεθος
2653 4787 2976 4856 ὑπερφυεῖς,
3027 4785 3210 4848 λίθους
3263 4787 3518 4840 ἐκέλευεν
3573 4787 3634 4837 ὲκ

2056 4878 2353 4941 Βυζαντίου
2397 4879 2620 4948 ἀφιέναι
2663 4877 2796 4948 πρὸς
2849 4879 3115 4941 Γαλατᾶν,
3157 4879 3464 4934 διῖκνοῦντο
3503 4878 3632 4946 γάρ.

2055 4969 2170 5023 Καὶ
2201 4969 2404 5033 πολλὰς
2436 4970 2811 5041 κατέστρεψαν
2841 4948 3040 5034 οἰκίας,
3081 4971 3313 5040 μάλιστα
3343 4973 3441 5034 τὰς
3487 4968 3636 5038 παρά

2059 5063 2355 5128 θάλασσαν,
2382 5064 2478 5117 καὶ
2521 5065 2642 5126 ταῖς
2673 5064 2872 5122 ὁλκάσι
2908 5064 3016 5117 τῶν
3055 5065 3302 5118 Λατίνων
3343 5067 3443 5118 οὐκ
3479 5063 3633 5129 ὀλίγα

2056 5154 2396 5225 ἐλυμήναντο
2455 5156 2505 5208 οί
2535 5154 2690 5210 λίθοι.
2729 5156 2842 5223 Τήν
2886 5173 2946 5207 τε
2981 5157 3079 5226 τὴν
3118 5157 3367 5226 μηχανὴν
3407 5157 3633 5224 ἀνέχου-

2058 5262 2158 5297 σαν
2202 5244 2403 5299 ὁλκάδα
2444 5245 2751 5298 κατέδυσαν
2799 5245 3077 5312 βαλόντες,
3115 5248 3271 5314 μόλις
3299 5247 3410 5299 τῶν
3442 5245 3633 5299 ὲπιϐα-

2055 5335 2166 5389 τῶν
2219 5335 2312 5388 τὸν
2344 5335 2587 5388 κίνδυνον
2647 5335 3040 5403 διαφυγόντων.
3097 5339 3159 5389 Οί
3184 5340 3402 5391 Λατῖνοι
3450 5337 3506 5389 δὲ
3540 5333 3631 5386 καὶ

2053 5428 2136 5491 δὶς
2183 5427 2281 5480 καὶ
2322 5429 2444 5498 τρὶς
2462 5427 2618 5496 Ϊπερὶ
2665 5428 2894 5496 εἰρήνης
2928 5431 3230 5498 πρεσϐείαν
3284 5431 3626 5498 ἐποιήσαντο,

2054 5521 2155 5574 οὐκ
2183 5521 2442 5590 ἠνέσχετο
2473 5520 2530 5573 δὲ
2565 5522 2593 5572 ὸ
2638 5520 2910 5591 βασιλεὺς,
2945 5521 2996 5572 εί
3033 5521 3108 5590 μὴ
3157 5522 3226 5574 τὰ
3275 5523 3429 5590 τείχη
3464 5516 3627 5571 καθε-

2054 5611 2263 5674 λόντες.
2313 5612 2374 5664 τὸ
2411 5610 2612 5681 χωρίον
2643 5611 3018 5664 καταλίποιεν.
3065 5613 3153 5664 Ἐν
3194 5611 3401 5675 τούτοις
3431 5611 3489 5662 δὲ
3531 5608 3628 5660 οὐκ

2057 5703 2235 5770 ὀλίγου
2266 5701 2547 5774 τριϐέντος
2573 5703 2790 5773 χρόνου,
2828 5705 2924 5757 καὶ
2974 5706 3084 5756 τῶν
3113 5706 3388 5774 τριήρεων
3418 5715 3627 5768 ναυπηδ

2057 5792 2350 5864 γηθεισῶν,
2399 5793 2598 5856 ναύτας
2654 5810 2714 5846 τε
2777 5795 3072 5862 κατέλεγεν
3119 5797 3147 5847 ὁ
3210 5795 3482 5864 βασιλεὺς,
3533 5787 3626 5842 καὶ

2057 5882 2303 5952 ὁπλίτας,
2340 5883 2441 5960 καὶ,
2475 5882 2554 5964 ,τὰ
2590 5885 2728 5941 ἄλλα
2771 5885 2950 5942 πάντα
2987 5883 3284 5957 ἐξηρτύετο
3329 5885 3464 5957 πρὸς
3520 5880 3620 5948 μά-
