4028 6464
206 452 274 516 89
1342 437 1893 516 Htsroumuch'
1937 457 2170 524 LIBER
2217 463 2317 525 ιν.
2815 475 2818 478 ’
3382 468 3454 532 9.)

206 585 301 639 χην
323 583 339 599 ο
371 563 723 639 στρατηγούς
755 583 814 620 τε
845 567 1036 636 ἐφίστη
1053 569 1170 632 ταῖς
1212 569 1313 639 μὲν
1339 572 1478 640 πρὸς
1499 573 1567 641 τῃ
1600 569 1779 655 [item

1892 569 2218 640 iniecerunt,
2253 583 2420 645 atque
2449 576 2550 630 ila
2593 575 2832 632 victores
2873 575 2926 630 in
2957 591 3074 630 eam
3115 575 3470 632 i‘nsilnerunt.

208 660 351 727 τρισὶ
405 661 661 730 τριήρεσι
721 661 1074 716 Φακεωλάτον
1143 661 1234 715 τὸν
1280 663 1769 732 πρωτοστράτορα,

211 756 321 814 ταῖς
351 753 397 806 δ’
451 754 511 806 ἐν
539 753 617 820 τῷ
648 753 1014 824 κοντοσκαλίῳ
1060 753 1548 824 ναυπηγηθείσαις,
1587 755 1781 822 Τζαμ-

214 845 465 897 πλάκωνα
496 844 586 896 τὸν
619 844 792 913 μέγαν
823 844 1008 908 δοῦκα,
1040 844 1417 914 ἐφιλονείκησε
1449 846 1505 898 δέ
1535 846 1565 896 ὁ
1603 846 1778 915 μέγας

215 935 330 999 δοὺξ
386 937 796 1007 φιλοτιμότερον
858 936 1404 1007 προσεξεργάσασθαι
1451 939 1550 1002 τὰς
1584 940 1721 1003 ἰδίας
1759 957 1774 970 ³

217 1024 345 1098 ἦσαν
397 1028 508 1098 γὰρ
539 1030 634 1080 καὶ
666 1030 921 1098 μέγισται
959 1030 1201 1098 μεγέθει,
1260 1029 1358 1082 καὶ
1388 1029 1636 1094 ξυλίνους
1667 1033 1787 1084 ἐπι-

221 1122 417 1190 στήσας
463 1119 729 1189 πύργους,
766 1121 863 1174 καὶ
909 1123 1036 1184 τοὺς
1073 1122 1272 1191 ἐρέτας
1325 1121 1532 1174 ἀνωθεν
1560 1122 1784 1192 ἐρέψας,

220 1214 400 1276 διπλᾶς
435 1215 606 1267 ἐποίει
673 1215 772 1277 τὰς
800 1215 1068 1285 τριήρεις,
1139 1215 1232 1268 καὶ
1296 1214 1503 1283 πλῆθος
1547 1213 1786 1266 ὁπλιτῶν

224 1309 496 1376 ὲνέστησε,
547 1308 640 1358 καὶ
669 1305 864 1374 ψιλῶν,
894 1307 922 1359 ὃ
973 1308 1068 1359 καὶ
1123 1307 1362 1376 μάλιστα
1409 1305 1612 1376 estalt:
1643 1305 1786 1368 κατᾲ

224 1400 319 1465 τῆς
349 1401 526 1472 μάχης
551 1400 639 1452 τὸν
677 1401 888 1469 καιρὸν,
919 1402 995 1463 ὡς
1025 1399 1190 1470 ὀλίγῳ
1219 1398 1446 1471 ὕστερον
1480 1400 1784 1470 εἰρήσεται.

185 1498 300 1569 "Ti;
337 1496 632 1566 προτεραίᾳ
655 1495 710 1548 δέ
749 1491 814 1567 ἧς
845 1496 1073 1564 ἔμελλον
1113 1494 1415 1565 ἀνάγεσθαι
1445 1495 1501 1549 αἱ
1537 1495 1788 1563 τριήρεις

186 1572 208 1588 θ
226 1593 284 1642 ἐκ
307 1590 401 1642 τοῦ
434 1589 677 1658 νεωρίου,
714 1589 878 1651 ὁλκὰς
908 1588 1253 1641 ἀναπλέουσα
1287 1588 1547 1656 ἐφαίνετο
1573 1587 1637 1639 ἐκ
1658 1586 1790 1638 Γενε-

227 1681 404 1745 νούάς,
437 1679 664 1733 πλοῦτον
696 1682 929 1748 ἄγουσα,
965 1681 1039 1742 ὡς
1065 1681 1302 1748 ἐλέγετο,
1321 1679 1510 1733 πολύν.
1532 1677 1790 1740 ’Δπλοίας

227 1777 278 1826 δὲ
331 1774 438 1827 τῶν
487 1775 700 1843 ἀνέμων
748 1774 1116 1842 παυσαμένων
1173 1771 1581 1842 κατασχούσης,
1651 1769 1789 1841 πρδς

233 1867 512 1936 ιΙριγκίπῳ
544 1869 608 1936 τῇ
635 1869 782 1936 νήσῳ
808 1866 1080 1938 ὡρμίζετο
1125 1867 1213 1920 ἐπ’
1251 1865 1534 1935 ἀγκυρῶν.
1579 1863 1693 1932 Ἐφ’
1723 1865 1792 1935 ῆν

1882 679 1985 718 nec
2018 665 2204 733 paucis
2231 662 2592 731 obtruncatis,
2629 667 2878 723 omnium
2910 668 3064 738 politi
3090 679 3233 724 sunt.
3267 668 3468 724 Verum

1884 755 1975 808 ubi
2012 772 2199 811 rumor
2229 759 2444 815 incerto
2475 769 2702 816 auclore
2749 757 3012 824 manavit,
3053 760 3275 814 Latinas
3307 761 3469 820 trire-

1883 855 2046 903 mese
2067 850 2257 905 Galata
2283 869 2348 907 eo
2372 870 2595 909 cursum
2635 855 2896 921 dirigere,
2933 856 3173 924 perculsi
3211 854 3467 919 Romani,

1885 941 2101 994 circiter
2157 943 2552 1015 quinquaginta
2603 949 2669 1000 de
2700 947 2817 1002 suis
2858 947 2914 1000 in
2953 947 3205 1001 oneraria
3239 938 3464 1010 relictis,

1884 1033 2067 1102 fugam
2127 1039 2501 1106 arripuerunt.
2543 1039 2703 1111 745
2746 1039 2852 1094 Sed
2911 1039 3002 1094 hic
3065 1056 3252 1094 rumor
3308 1041 3468 1110 plane

1887 1127 2124 1181 mendax
2153 1139 2293 1183 erat.
2329 1133 2540 1187 Deserli
2573 1134 2629 1186 in
2655 1135 2904 1188 oneraria
2936 1134 3186 1196 Romani,
3216 1135 3468 1187 triremes

1887 1218 2251 1291 abnavigasse
2295 1238 2421 1277 cum
2472 1226 2763 1291 sentirent,
2820 1227 3036 1281 consilii
3093 1227 3304 1295 inopes,
3341 1241 3466 1278 cum

1888 1311 2094 1368 Latinis
2132 1315 2244 1384 jam
2283 1317 2444 1371 victis
2507 1318 2939 1388 colloquuntur;
2975 1329 3032 1374 et
3086 1319 3368 1382 convenit,
3413 1327 3472 1372 ut

1889 1407 2257 1461 communiter
2304 1408 2620 1463 incendium
2672 1409 3103 1482 restinguerent,
3135 1426 3206 1463 ne
3243 1420 3298 1464 et
3339 1410 3476 1479 ipsis

1890 1513 2000 1552 una
2060 1500 2403 1568 pereundum
2469 1502 2631 1556 foret.
2685 1503 2914 1557 Postero
2974 1503 3088 1566 die,
3143 1503 3188 1556 si
3247 1502 3476 1556 Romani

1890 1590 2282 1662 adnavigantes
2340 1593 2653 1647 onerariam
2711 1601 3020 1662 caperent,
3080 1592 3185 1662 ipsi
3247 1592 3474 1646 Latinos

1892 1683 2133 1736 exoratis
2169 1683 2403 1738 ducibus
2444 1695 2860 1740 conservarent.
2914 1683 3010 1738 Sin
3042 1683 3251 1749 Latini,
3278 1693 3336 1737 ut
3367 1674 3505 1737 Ilo-9

1893 1772 2072 1827 manis
2102 1773 2248 1828 idem
2301 1773 2538 1830 ofﬁcium
2595 1776 2776 1831 Latini
2837 1783 3185 1845 praestarent,
3221 1775 3366 1844 quod
3423 1783 3480 1828 et

1893 1864 2096 1919 factum
2141 1867 2315 1935 prima
2353 1848 2506 1922 luce.
2531 1866 2748 1923 Paratis
2779 1868 2924 1923 enim
2963 1869 3037 1922 ita
3066 1867 3322 1922 omnibus
3375 1867 3478 1920 im-

229 1960 316 2013 διὲο
342 1960 447 2012 τῶν
481 1959 770 2027 βασιλικῶν
801 1960 1074 2028 τριήρεων
1117 1960 1181 2010 ἐκ
1232 1957 1327 2011 τοῦ
1379 1956 1610 2026 νεωρίου
1661 1956 1789 2026 ἀνή-

1895 1957 2164 2026 peratoris
2191 1959 2523 2025 triremibus,
2567 1961 2749 2015 Latini
2781 1961 3110 2025 allabenles,
3150 1960 3472 2014 semiustam

231 2067 380 2118 γοντο
426 2050 646 2112 νυκτὸς,
711 2053 1047 2117 παρείποντο
1099 2049 1156 2102 δὲ
1183 2051 1277 2102 καὶ
1333 2049 1593 2118 μονήρεις
1628 2049 1744 2102 ῐσαι
1773 2059 1789 2076 ’

234 2140 324 2194 καὶ
349 2141 741 2206 προσϐαλόντες
773 2143 851 2211 τῇη
871 2139 1077 2206 ὁλκάδι,
1109 2141 1234 2194 ἐπεὶ
1263 2139 1536 2208 ἠμύνοντο
1572 2140 1623 2191 οί
1645 2138 1793 2191 ἓνδον

236 2233 522 2300 κμταιῶς,
554 2230 665 2301 πῦρ
691 2230 900 2284 ἐνίεσαν
933 2235 982 2284 οἱ
1009 2233 1312 2302 τριηρῖται,
1333 2233 1430 2284 καὶ
1459 2229 1602 2284 οὕτω
1631 2246 1796 2299 περι-

240 2324 524 2392 γενὸμενοι,
570 2322 846 2394 ἐπέϐησάν
899 2341 959 2376 τε
987 2323 1089 2392 τῆς
1119 2322 1366 2386 ὁλκάδος,
1425 2322 1528 2375 οὐκ
1577 2319 1795 2387 ὀλίγους

1894 2053 2201 2106 onerariam
2233 2053 2643 2119 abstraxerunt,
2701 2053 2908 2123 quique
2949 2054 3003 2106 in
3038 2068 3102 2106 ea
3134 2053 3481 2107 vehebantur

1895 2143 2098 2206 Latini.
2127 2162 2191 2200 ex
2233 2146 2550 2216 juramento
2589 2145 2850 2202 Romanis
2903 2145 3335 2218 incolumitatem
3371 2146 3479 2198 im-

1895 2247 2200 2306 petrarunt.
2241 2241 2609 2308 Imperatoriae
2645 2239 2902 2294 triremes
2943 2240 3230 2293 instructae
3286 2253 3485 2292 omnes

1897 2345 1953 2389 et
1985 2343 2193 2405 paratae
2223 2334 2465 2406 penitus,
2495 2340 2812 2402 ornatasque
2859 2331 3173 2401 insigniter,
3204 2341 3261 2384 et
3306 2346 3482 2384 arma-

248 2417 341 2469 τῶν
367 2417 716 2486 ἀμυνομένων
745 2417 1192 2479 ἀποκτείναντες,
1256 2415 1350 2467 καὶ
1401 2416 1626 2468 πάντων
1651 2409 1796 2484 ἦσαν

260 2508 342 2576 ήδη
366 2510 553 2578 κύριοι.
603 2509 678 2576 Φή
690 2525 796 2576 μης
825 2508 883 2561 δὲ
931 2506 1148 2574 ἀδήλως
1196 2508 1316 2567 ταῖς
1362 2507 1648 2576 τριήρεσιν
1674 2505 1797 2557 ἐπι-

257 2599 518 2666 πεσούσης,
549 2598 625 2658 ὡς
649 2599 894 2668 τριήρεις
920 2596 1270 2651 ἐπιπλέουσιν
1296 2598 1360 2650 ἐκ
1385 2596 1604 2649 Γαλατᾶ
1634 2597 1799 2650 Λατι-

247 2691 398 2753 νικαὶ,
428 2693 744 2761 ἐτράπησαν
778 2691 858 2753 εἰς
903 2690 1101 2760 φυγὴν,
1139 2689 1306 2759 ὀλίγῳ
1346 2689 1608 2751 ἐλάσσους
1663 2703 1796 2740 πενο

249 2783 465 2849 τήκοντα
494 2781 602 2834 τῶν
639 2781 853 2834 οἰκείων
879 2780 1268 2842 καταλιπόντες
1297 2779 1389 2830 ἐπὶ
1421 2781 1520 2848 τῆς
1549 2777 1794 2839 ὁλκάδος.

251 2869 416 2928 Ἦσαν
441 2874 497 2927 δέ
530 2874 840 2928 παντάπασι
875 2873 1088 2942 ψευδεῖς
1118 2875 1174 2925 al
1205 2873 1404 2940 φῆμαι.
1437 2872 1501 2924 Οἱ
1535 2871 1591 2924 δέ
1622 2887 1799 2923 κατα-

156 3017 162 3020 .
251 2966 544 3034 λειφθέντες
601 2964 861 3034 Ῥωμαῖὸι
889 2966 984 3018 ἐπὶ
1035 2964 1138 3034 τῆς
1185 2964 1429 3029 ὁλκάδος,
1485 2963 1802 3031 αίσθόμενοι

251 3059 653 3122 ἀποπλευσασας
701 3058 798 3120 τὰς
840 3062 1114 3128 τριήρεις,
1181 3059 1242 3110 ἐν
1305 3056 1587 3126 ἀμηχανίᾳ
1635 3071 1804 3108 κατα-

1898 2435 2090 2493 torum.
2110 2440 2363 2489 numero,
2395 2424 2689 2490 splendore
2742 2438 2804 2478 ac
2845 2423 3224 2492 magnitudine
3254 2437 3486 2492 appara-

1899 2530 1988 2575 tus
2022 2518 2197 2573 nihilo
2228 2517 2472 2587 antiquis
2514 2519 2887 2572 Romanorum
2941 2515 3212 2571 classibus
3255 2515 3482 2571 inferio.

1900 2629 2011 2673 res.
2049 2629 2081 2668 e
2129 2613 2308 2668 navali
2359 2612 2733 2668 deducuntur.
2790 2611 3074 2667 Uniremes
3130 2627 3240 2666 non
3289 2625 3482 2680 pauca:

1899 2715 2201 2775 sequuntur
2239 2724 2252 2759 :
2294 2705 2460 2760 lembi
2492 2705 2643 2766 item.
2676 2713 2735 2759 et
2787 2704 3054 2766 actuaria,
3075 2710 3142 2758 'et
3183 2703 3235 2757 in
3277 2703 3344 2757 iis
3391 2717 3486 2758 ca-

1903 2799 2194 2868 taphracti,
2227 2798 2318 2867 qni
2357 2813 2551 2852 omnes
2587 2797 2718 2852 odio
2743 2797 3060 2850 Latinorum
3112 2794 3308 2864 cupide
3339 2791 3491 2847 mili-

1903 2900 2072 2944 tatum
2101 2889 2614 2960 proﬁciscebantur.
2652 2888 2834 2943 Latini
2865 2897 3018 2942 tanto
3046 2895 3309 2956 apparatu
3337 2892 3484 2940 atto-

1905 2982 2026 3036 niti.
2060 2982 2243 3035 omnia
2284 2981 2466 3050 potius
2515 2981 2848 3049 cogitabant,
2883 2995 3045 3051 quam
3077 2994 3200 3032 cum
3239 2975 3481 3031 triremi-

133 3131 143 3141 _
251 3065 653 3122 ἀποπλευσάσας
701 3065 798 3120 τάξ
840 3065 1114 3128 τριήρεις,
1181 3065 1242 3110 εν
1305 3065 1587 3126 ἀμηχανίᾳ
1635 3071 1804 3108 καῖεν
1905 3073 2007 3127 bus
2032 3071 2400 3140 imperatoriis
2432 3071 2737 3124 decertare.
2769 3068 2908 3122 Suas
2942 3075 3126 3121 autem
3163 3075 3290 3120 ante
3321 3065 3482 3134 oppi-

199 3223 215 3241 .
249 3149 482 3212 σιάντες,
517 3151 595 3211 είς
652 3148 839 3216 λόγους
873 3144 1039 3218 ἦλθον
1079 3150 1194 3211 τοῖς
1225 3149 1480 3210 Λατίνοις
1507 3145 1789 3215 νενικημέ-

1905 3163 2035 3218 dum
2103 3163 2398 3218 instructas
2442 3163 2738 3224 habebant,
2804 3161 3120 3229 opinionem
3183 3157 3491 3227 praebentes

247 3257 349 3304 νοις
383 3240 480 3309 ἠδη
529 3241 666 3292 κατᾶ
720 3240 940 3311 κράτος,
997 3242 1094 3293 καὶ
1145 3240 1450 3309 συνέϐησαν
1477 3238 1618 3292 ὥστε
1646 3238 1789 3306 κοινῇ

1911 3254 1964 3306 in
2017 3252 2424 3323 imperatorias,
2483 3251 2529 3306 si
2589 3251 2865 3316 venirent,
2928 3249 3120 3303 ituras.
3155 3247 3246 3301 Sic
3306 3254 3488 3300 autem

250 3333 510 3386 σϐεννύειν
557 3331 995 3403 κατακαιομένην
1045 3332 1146 3404 τὴν
1173 3330 1394 3395 ὁλκάδα,
1445 3332 1534 3383 ἵνα
1571 3329 1648 3399 μὴ
1682 3345 1789 3380 συν·

1909 3357 2070 3403 erant
2103 3345 2407 3416 comparati
2436 3343 2681 3410 Galatzei,
2715 3352 2779 3401 ut
2811 3343 2857 3398 si
2889 3343 3269 3411 imperatorias
3298 3354 3492 3394 accur-

250 3425 571 3493 διαφθαρῶσι
620 3426 714 3477 καὶ
768 3427 940 3479 αὐτοί.
1007 3427 1098 3487 Εἰς
1155 3425 1254 3495 τὴν
1309 3424 1571 3478 ἐπιοῦσαν
1630 3424 1688 3477 δὲ
1736 3422 1789 3476 ἀι

1909 3455 2028 3494 rere
2098 3439 2371 3503 viderent,
2429 3437 2656 3493 funibus
2711 3451 2839 3492 suas
2905 3435 3269 3498 retraherent,
3305 3447 3370 3487 ac
3423 3431 3492 3486 de

255 3518 344 3584 μὲν
390 3517 648 3586 Ῥωμαῖοι
708 3516 1135 3580 ἐπιπλεύσαντες
1191 3517 1372 3588 κύριοι
1431 3516 1531 3585 τῆς
1578 3515 1789 3581 ὁλκάδος

1912 3533 2082 3587 muris
2115 3545 2236 3586 sese
2289 3538 2600 3585 tuerentur.
2638 3529 2842 3584 Verum
2893 3527 3180 3581 enimvero
3228 3524 3395 3579 etiam
3435 3524 3490 3577 in

251 3609 524 3676 γένωνται,
577 3609 956 3674 συνδιασώζειν
1021 3610 1148 3673 τοὺς
1194 3607 1623 3676 ἀπολειφθέντας
1672 3607 1789 3660 Ῥω

1913 3625 2085 3680 muris
2133 3624 2219 3680 sui
2271 3625 2528 3680 servandi
2579 3639 2732 3693 spem
2783 3623 3049 3694 gerebant
3089 3617 3494 3673 inanissimam.

257 3700 433 3769 μαίους
484 3700 608 3763 τοὺς
644 3701 901 3763 Λατίνους
952 3700 1416 3770 ἐξαιτησαμένους
1484 3699 1640 3770 παρά
1693 3699 1789 3754 τῶι

1913 3715 2190 3771 Triremes
2239 3715 2590 3785 imperatoris
2632 3695 2931 3777 deductae,
2987 3726 3050 3766 ea
3107 3719 3269 3765 nocte
3329 3722 3497 3776 prope

256 3794 545 3863 ἀρχόντωνο
575 3793 640 3847 ἂν
669 3794 711 3846 δ’
743 3794 794 3846 οξ
822 3795 1037 3847 Λατῖνοι
1089 3787 1390 3847 ἐπιπλέωσι
1441 3795 1537 3846 καὶ
1579 3794 1789 3864 κυριεύη

1910 3810 2102 3865 navale
2151 3817 2445 3872 steterunt,
2478 3818 2540 3863 ut
2596 3808 2769 3863 altero
2822 3806 2910 3862 die
2959 3819 3084 3860 cum
3141 3802 3318 3858 tribus
3357 3816 3496 3871 quas

257 3900 346 3937 ωσι
373 3886 467 3953 τῆς
493 3885 733 3950 ὁλκάδος,
760 3885 829 3938 τὰ
863 3886 952 3940 ῐσα
979 3885 1245 3947 Λατίνους
1279 3886 1459 3936 ποιεῖν
1493 3883 1633 3954 πρὸς
1677 3884 1789 3944 τοὺς

1914 3902 2272 3958 I’haceolatus
2308 3901 2560 3964 ducebat,
2592 3899 2920 3970 cunjunctae.
2949 3898 3006 3951 in
3055 3895 3324 3952 Galatzeos
3362 3908 3495 3961 age-

269 3977 576 4047 Ῥωμαίους,
605 3978 632 4032 ὃ
665 3981 757 4030 καὶ
791 3978 1000 4048 ἐγίνετο
1031 3978 1148 4047 ἅμα
1181 3978 1256 4048 ἐῳ
1286 3995 1304 4011 ο
1335 3977 1460 4031 ἐπεὶ
1503 3977 1614 4047 γὰρ
1653 3975 1789 4030 οὔπα

1912 4008 2122 4052 rentur.
2157 3995 2524 4050 Pbaceolatus
2550 4002 2606 4048 et
2640 3993 2761 4061 ipse
2793 3999 3016 4059 paratus
3039 3995 3181 4053 erat,
3209 3994 3268 4040 ut
3290 3985 3497 4056 postri-

266 4073 412 4122 πεῖσαι
440 4075 946 4140 παρεσκευασμέναι
973 4067 1112 4142 ἦσαν
1142 4074 1200 4125 αἱ
1233 4071 1513 4141 βασιλικαὶ
1536 4068 1784 4142 τριήρεις

1911 4088 2001 4144 die
2056 4095 2390 4156 erumperet.
2447 4085 2516 4142 Et
2567 4085 2868 4153 imperator
2923 4093 3050 4136 enm
3102 4079 3214 4134 tilio
3269 4079 3498 4147 despota

273 4167 314 4213 οἱ
342 4167 539 4217 Λατῖνοι
595 4165 1045 4250 ἐπιπλεύσαντες,
1076 4166 1359 4237 ἡμιφλεγῆ
1419 4164 1668 4220 ἀνεῖλκον
1709 4162 1789 4232 τὴ·

1913 4179 2257 4247 frequentem
2305 4190 2370 4229 ac
2415 4183 2704 4228 strenuum
2760 4171 3065 4241 equitatum
3117 4169 3392 4232 mittebat,
3435 4176 3498 4221 ut

281 4253 456 4312 ὁλκάδα.
508 4255 778 4320 Διέσωζον
835 4259 890 4311 δὲ
947 4259 1043 4313 καὶ
1100 4261 1231 4324 τοὺς
1292 4260 1608 4330 Ῥωμαίους
1666 4261 1789 4313 κατέ

1914 4269 2225 4341 congressis
2269 4267 2608 4332 triremibus,
2663 4264 2768 4334 ipsi
2830 4275 3048 4332 quoque
3100 4275 3130 4314 a
3179 4260 3501 4314 continente

274 4351 376 4414 τοὺς
397 4355 590 4424 ὅρκους
613 4354 664 4407 οί
701 4355 758 4405 ἐν
784 4355 850 4425 τῇ
881 4356 971 4425 νηΐ
1000 4371 1014 4385 ⁸
1054 4357 1109 4408 αί
1146 4355 1426 4425 βασιλικαὶ
1455 4355 1513 4408 δὲ
1564 4353 1789 4425 τριήρειι

1917 4366 2210 4419 irruerent.
2248 4359 2344 4413 Die
2391 4359 2503 4429 jam
2532 4357 2889 4429 procedente,
2926 4369 3098 4409 naves
3127 4369 3159 4408 e
3193 4352 3376 4408 navali
3428 4351 3497 4407 ad
3527 4417 3539 4428 _

267 4443 368 4494 ἐπεὶ
395 4447 560 4499 πᾶσαι
605 4447 1114 4517 παρεσκευασμέναι
1153 4444 1315 4518 ἦσαν,
1350 4449 1453 4501 ’καὶ
1482 4448 1638 4501 οὐδὲν
1691 4446 1789 4500 ἐνέε

1919 4461 2130 4523 portam
2182 4449 2554 4520 Engenianam
2617 4447 2989 4503 cernebantur
3021 4461 3037 4500 :
3067 4443 3267 4514 quibus
3313 4453 3498 4496 autem

263 4534 330 4587 δει
356 4538 449 4598 ἐτι,
474 4538 734 4608 ἀνήγοντο
767 4539 830 4592 ἐκ
859 4539 952 4592 τοῦ
1001 4541 1229 4610 νεωρίου
1264 4541 1437 4594 πᾶσαι
1489 4539 1789 4608 διαπρεπῶέ

1916 4530 2276 4600 Phaceolatus
2327 4549 2693 4612 protostrator
2745 4547 2999 4610 praeerat,
3049 4547 3107 4592 et
3159 4537 3290 4606 ipsa:
3336 4535 3496 4606 pulsu

263 4629 672 4702 κεκοσμημέναι,
705 4633 797 4683 καὶ
816 4631 1011 4700 πλήθει
1041 4631 1278 4684 ὁπλιτῶν
1309 4637 1404 4685 καὶ
1433 4629 1784 4702 λαμπρότητι

1920 4653 2194 4694 remorum
2221 4637 2452 4708 agitata,
2496 4635 2622 4690 aliis
2650 4648 2772 4689 sese
2805 4647 3097 4704 aggregare
3134 4630 3498 4686 festinabant.

260 4721 349 4772 mi
395 4722 606 4789 μεγέθει
633 4723 986 4792 παρασκευῆς
1020 4723 1197 4776 οὐδενὶ
1245 4725 1354 4777 τῶν
1384 4725 1450 4777 ἐκ
1484 4723 1685 4776 πολλοῦ
1716 4740 1789 4791 γε·

1917 4725 1988 4782 At
2023 4725 2169 4782 enim
2207 4724 2341 4790 Deo,
2369 4725 2465 4795 qui
2513 4724 2782 4794 gubernat
2811 4722 2996 4778 omnia
3049 4731 3106 4776 et
3155 4734 3253 4775 sua
3299 4721 3503 4789 cuique

259 4813 564 4881 γενημένων
605 4811 894 4880 Ῥωμαίοις
922 4814 1126 4868 στόλων
1158 4815 1580 4885 ἐλασσούμεναι.
1613 4817 1789 4888 Παρεί

1912 4820 2063 4890 iuste
2130 4808 2440 4889 dispensat,
2500 4816 2802 4878 Romanos,
2859 4824 2920 4868 ut
2972 4820 3222 4882 apparet,
3275 4822 3504 4884 propter

261 4917 411 4956 ποντο
451 4903 506 4957 δὲ
556 4907 647 4958 καὶ
674 4906 929 4976 μονήρεις
953 4907 1053 4960 οὐκ
1108 4906 1313 4975 ὀλίγαι,
1370 4908 1465 4961 καὶ
1493 4907 1689 4976 λέμσοι
1717 4925 1788 4962 κα

1917 4912 2410 4984 prteterita,eaque
2432 4909 2606 4965 multa
2640 4908 2839 4964 delicta
2870 4907 3154 4977 puniente,
3177 4915 3235 4962 et
3264 4920 3297 4962 a
3331 4905 3508 4970 multo,

260 4993 450 5047 ἀκάτια
490 4995 712 5058 ὁπλίτας
739 4995 959 5063 ἄγοντα,
1015 4997 1163 5067 ἔχθει
1191 4999 1302 5062 τῶν
1335 4997 1582 5053 Λατίνων
1610 4998 1786 5069 προθῠ

1918 5003 2274 5062 inferioribus
2309 5002 2556 5070 superari
2599 5001 2976 5070 permittente,
3010 5013 3140 5056 ecce
3167 4999 3263 5055 tibi
3307 5013 3506 5070 Inagnal

268 5106 369 5155 μως
403 5089 653 5143 ἁπάντων
679 5093 1212 5162 συστρατευομένων.
1244 5094 1311 5148 Οἵ
1333 5110 1390 5146 τε
1427 5094 1648 5148 Λατῖνοι
1675 5091 1789 5162 πρὸ.

1915 5099 2002 5154 vis
2055 5095 2204 5153 venti
2255 5094 2522 5160 cooritur,
2554 5093 2720 5165 746
2770 5103 2826 5148 et
2866 5093 3072 5164 primas
3138 5092 3411 5157 triremes,
3441 5091 3503 5157 in

264 5181 316 5231 τὸ
346 5182 568 5248 μέγεθος
591 5182 688 5249 τῆς
714 5185 1066 5254 παρασκευῆς
1103 5185 1573 5256 ἐκπεπληγμένοι,
1635 5184 1789 5238 πάντε

1917 5191 2118 5262 quibus
2143 5189 2333 5260 ligneae
2361 5197 2564 5251 turres,
2588 5186 2806 5250 evertit,
2837 5185 3110 5255 simulque
3140 5185 3346 5241 milites
3374 5199 3504 5252 cum

270 5275 478 5341 μᾶλλον,
510 5275 543 5344 ἢ
572 5277 708 5345 πρδς
742 5276 841 5340 τὰς
875 5277 1158 5346 βασιλικὰς
1210 5280 1464 5351 τριήρεις
1510 5280 1788 5350 διαναυμα

1920 5283 2056 5354 ipsis
2081 5281 2271 5346 armis,
2294 5288 2350 5336 et
2381 5280 2616 5350 remiges
2649 5279 2703 5333 in
2740 5279 2963 5350 pelagus
2997 5278 3280 5343 decidunt,
3306 5291 3355 5334 et
3391 5294 3503 5334 uno

265 5372 365 5439 κείν
395 5369 720 5424 διενοοῦντοσ
737 5370 873 5425 ἀλλά
902 5373 1001 5435 τὰς
1031 5373 1300 5444 σφετέρας
1327 5377 1574 5444 τριήρεις
1603 5374 1788 5444 πεπλη

1920 5383 2198 5432 momento
2264 5389 2458 5430 omnes
2527 5383 2812 5428 vectorqu
2879 5387 3067 5427 vacuat
3137 5374 3502 5444 aspiciuntur.

269 5464 501 5532 ρωμένας
525 5463 759 5532 ἔχοντες,
792 5465 1098 5535 ὡρμίζοντο
1132 5467 1239 5538 πρὸ
1270 5468 1365 5521 τοῦ
1394 5469 1682 5538 φρουρίου,
1729 5469 1788 5522 δό

1919 5471 2124 5526 Eodem
2159 5477 2365 5538 puncto
2398 5468 2686 5536 temporis,
2714 5469 2806 5535 qui
2859 5467 3078 5520 stabant
3118 5466 3173 5520 in
3222 5465 3504 5528 tabulatis,

267 5569 412 5622 κησιν
442 5555 542 5625 μὲν
564 5556 916 5626 παρέχοντες,
945 5557 1019 5621 ὡς
1047 5563 1070 5612 ἐ
1080 5559 1412 5629 μὸαλοῦντες
1451 5559 1673 5613 ἐπιοῦσι
1701 5562 1788 5613 τοῖ

1919 5575 2109 5616 carum
2143 5574 2279 5628 quas
2305 5557 2664 5612 Phaceolatus
2684 5557 2938 5619 ducebat,
2960 5557 3216 5612 similiter
3244 5559 3297 5612 in
3328 5557 3505 5610 undas

269 5641 575 5712 βασιλικοῖς.
601 5645 760 5699 Οὕτω
790 5647 845 5700 δέ
877 5643 1016 5718 ἦσαν
1040 5651 1577 5720 παρεσκευασμένοι,
1608 5650 1686 5712 ὡς
1718 5652 1788 5704 τὰ

1919 5651 2129 5722 delapsi
2169 5660 2338 5704 sunt:
2369 5659 2598 5719 eratque
2631 5651 2910 5735 multiplex
2949 5662 3240 5705 nautarum
3273 5666 3336 5702 ac
3363 5648 3524 5702 mili-'

272 5737 362 5803 ph
399 5741 664 5810 τριήρεις⁵
693 5739 979 5804 καλωδίοις
1025 5743 1413 5806 ἀνελκύσοντες
1467 5745 1535 5798 ἂν
1584 5741 1789 5796 αῖσθων

1921 5755 2036 5801 tum
2060 5743 2324 5800 iuteritio.
2350 5744 2678 5813 Complures
2712 5759 2868 5805 sane,
2891 5745 3149 5812 quoniam
3168 5742 3321 5808 juxta
3353 5741 3509 5794 littus

267 5844 348 5883 ται
373 5832 469 5895 τὰς
502 5832 790 5903 βασιλικὰς
817 5834 1203 5902 ἐπιπλεοὺσας,
1233 5837 1388 5891 αὐτοὶ
1427 5835 1473 5891 δ’
1501 5836 1787 5906 ἀμυνούμε

1919 5853 2090 5894 naves
2119 5836 2530 5898 evertebantur.
2559 5846 2875 5899 crast-runt,
2909 5835 3066 5902 aquis
3109 5833 3359 5890 snll‘neati
3402 5833 3510 5886 cir-

266 5925 473 6018 tmeub
498 5924 612 5980 τῶν
637 5925 852 5996 τειχῶν.
884 5921 1065 5982 Ἦσαν
1124 5928 1182 5983 δὲ
1214 5927 1560 6001 φαυλοτάτας
1602 5930 1784 6003 ἔχοντε

1922 5931 2061 5990 citer
2083 5929 2326 5997 ducenti,
2358 5939 2408 5986 et
2435 5930 2504 5985 de
2531 5927 2915 5998 Zamplaconis
2939 5941 3099 6012 grege
3128 5925 3321 6001 Menali
3349 5925 3510 5982 ducis
