4028 6486
515 429 581 497 at
1719 448 2043 511 JOANNIS
2078 440 2605 514 CANTACUZEN—l
3710 443 3787 509 92

511 545 690 610 ﬁlius,
741 545 957 606 Manucl
1018 549 1523 628 Pbilantbropenus
1581 562 1875 630 praefectus
1937 566 2095 620 navis

2203 563 2422 628 ἐλπίδας
2460 564 2675 619 τοῦ’καὶ
2699 563 2759 618 ιν
2811 567 2925 630 τοῖς
2963 562 3168 637 τείχεσι
3212 560 3669 632 διασωθήσεσθαι.
3714 563 3783 617 Δί

511 638 800 707 praetoriae,
842 641 928 696 vir
967 660 1133 702 manu
1157 659 1462 720 promptus,
1498 653 1925 725 imperatorique
1966 657 2097 712 eba-

511 728 788 788 rissimus.
821 732 962 789 Tum
1011 735 1235 795 Galataei
1288 744 1609 802 instauratis
1655 748 1852 804 animis
1899 766 2096 820 prove-

517 820 746 887 huntur,
783 841 953 882 naves
1002 827 1243 887 hostium
1290 837 1599 902 retrahunt,
1637 854 1839 909 easque
1878 843 2098 899 nemine

516 914 849 980 prohibente
879 931 976 974 aut
1001 923 1301 981 ulciscente
1331 926 1565 984 ﬂammis
1610 931 1859 1002 implent,
1924 942 1981 991 et
2013 937 2097 991 vi-

513 1006 744 1062 ctoriam
779 1012 899 1067 sine
932 1016 1200 1085 sanguine
1241 1031 1672 1090 consequuntur.
1709 1024 1817 1090 Qui
1862 1040 1993 1081 vero
2041 1028 2098 1082 in

517 1100 838 1159 continente
884 1120 1010 1161 cum
1055 1109 1168 1166 ﬁlio
1213 1111 1562 1181 imperatoris
1592 1127 1769 1180 erant,
1798 1120 1948 1186 aperi
1979 1123 2100 1192 qui-

515 1197 643 1252 dem
678 1213 801 1254 sese
831 1202 1203 1273 accingebant.
1236 1216 1493 1276 putantes
1531 1209 1693 1267 etiam
1740 1210 1962 1273 navales
2006 1233 2101 1272 so-
2143 1246 2150 1255 ·

516 1291 633 1345 cios
679 1307 709 1345 e
743 1294 879 1348 mari
925 1297 1341 1367 impressionem
1386 1302 1650 1361 facturos.
1686 1308 1785 1362 Ast
1806 1311 1900 1366 ubi
1932 1328 2099 1371 naves

516 1385 794 1445 Romanas
824 1391 1016 1449 inanes
1046 1395 1275 1453 subduci
1305 1415 1739 1472 conspexerunt,
1784 1410 1949 1466 etiam
1995 1413 2097 1482 ipsi

516 1489 975 1540 retrocessernnt.
1034 1490 1355 1557 Imperator,
1408 1495 1601 1551 videns
1642 1508 1846 1555 tantam
1886 1506 2097 1574 copiam

514 1567 682 1631 gratis
733 1572 975 1637 periisse,
1014 1586 1126 1633 tam
1168 1584 1318 1651 gravi
1363 1584 1739 1643 Romanorum
1787 1593 2100 1653 calamitate

475 1656 799 1728 *lllgt'mllll.
840 1674 897 1718 nt
930 1670 1019 1729 qui
1054 1670 1220 1726 Deum
1256 1676 1525 1732 oll'eusum
1560 1681 1665 1739 hoc
1693 1685 1873 1750 egisse
1905 1689 2103 1744 intelli-

511 1761 685 1817 geret.
718 1753 863 1810 Nihil
892 1767 1069 1815 tamen
1099 1764 1166 1817 de
1188 1765 1480 1824 altitudine
1506 1773 1671 1826 animi
1700 1776 1972 1844 discessit,
1995 1797 2100 1837 nec

513 1842 638 1910 quia
688 1846 888 1911 victus,
920 1852 1084 1908 etiam
1135 1856 1339 1914 fractus
1372 1878 1386 1912 :
1422 1865 1554 1929 quin
1598 1866 1781 1920 subito
1815 1870 1883 1924 ad
1929 1842 2100 1929 novas

515 1934 764 1992 triremes
790 1942 1136 2003 aediﬁcandas
1164 1949 1424 2017 lignatum
1455 1956 1533 2010 ire
1570 1961 1849 2031 praecepit,
1875 1972 1922 2017 et
1948 1968 2099 2035 operi

512 2038 798 2083 curatores
845 2036 1112 2102 praefecit.
1162 2042 1383 2099 Galatzei
1417 2063 1582 2115 porro
1613 2053 1757 2107 diem
1796 2056 1945 2111 illum
1983 2058 2100 2114 fau-

418 2154 433 2167 κ
514 2119 817 2176 stissimum
848 2142 1245 2209 ⁸ιιιιιιιειιτιιιιοει,
1286 2152 1395 2205 quo
1444 2150 1523 2195 tot
1571 2143 1814 2200 hostium
1868 2150 2101 2208 navibus

517 2213 669 2266 nullo
707 2231 809 2270 suo
839 2219 1030 2280 labore
1061 2227 1216 2291 potiti
1249 2240 1456 2295 essent,
1485 2249 1592 2287 non
1631 2239 1808 2293 solum
1837 2241 2094 2309 epinicia,

516 2305 611 2358 sed
639 2306 865 2378 insuper
887 2315 1090 2371 soteria
1116 2319 1488 2378 celebrabant.
1510 2324 1629 2381 Jam
1661 2330 1808 2385 enim
1839 2340 1947 2387 tota
1971 2350 2098 2404 spes

514 2397 709 2453 salutis
738 2401 845 2457 levi
875 2418 1149 2464 momento
1182 2412 1291 2467 illis
1325 2420 1678 2485 pependerat.
1716 2422 1814 2479 Die
1845 2397 2097 2497 sequenti

516 2490 773 2548 omnibus
816 2493 1131 2553 triremibus
1166 2503 1281 2558 suis
1313 2504 1617 2573 instructis,
1651 2522 1708 2566 et
1738 2523 1995 2586 tanquam
2042 2520 2096 2574 in

515 2577 742 2635 victoria
787 2591 1084 2653 coronatis,
1118 2591 1537 2671 elegantemque
1568 2603 1622 2658 in
1670 2608 1894 2663 modum
1940 2625 2094 2666 exor-

514 2673 681 2739 natis,
712 2691 777 2730 ex
820 2679 1049 2737 adverso
1080 2686 1263 2752 palatii
1293 2707 1511 2749 sursum
1543 2711 1608 2752 ac
1643 2699 1901 2755 deorsum
1939 2704 2098 2759 navi-

484 2753 725 2834 'gantes,
761 2770 1113 2835 imperatoria
1160 2779 1313 2849 signa
1358 2792 1535 2853 capta,
1571 2789 1637 2842 ad
1685 2790 2007 2858 ludibrium,
2038 2803 2100 2850 ut

517 2867 634 2909 mos
659 2865 761 2922 est,
796 2863 1101 2921 trahebant.
1139 2868 1206 2924 Et
1231 2869 1619 2941 imperaturem
1648 2891 1872 2951 propter
1900 2885 2096 2940 adver-

513 2959 634 2998 sum
681 2963 870 3005 casum
918 2955 1081 3035 etiam
1134 2961 1320 3017 animo
1371 2968 1763 3036 succubuisse,
1801 2977 2099 3046 statimque

517 3037 659 3091 bello
709 3042 888 3109 posito
935 3061 1124 3111 pacem
1179 3056 1573 3123 expetiturum,
1620 3069 1674 3115 et
1719 3064 1979 3132 spatium,
2011 3037 2098 3125 Ide

517 3141 630 3194 quo
672 3136 1011 3206 supra,illis
1053 3139 1382 3198 donaturum
1429 3147 1861 3206 arbitrabantur.
1896 3154 1998 3209 Sed
2035 3166 2098 3212 ut

514 3231 666 3287 spem
703 3236 932 3282 eventus
961 3228 1170 3298 fefellit,
1201 3249 1439 3306 eumque
1475 3254 1645 3295 novas
1672 3242 1925 3300 triremes
1952 3262 2103 3301 com-
2128 3246 2171 3304 (Σ

514 3310 814 3381 pingendas
839 3317 1107 3377 locavisse
1133 3326 1490 3392 audiverunt,
1523 3346 1711 3398 pacem
1755 3350 1852 3402 per
1889 3336 2102 3408 legatos

515 3416 900 3470 poposcerunt.
960 3414 1041 3467 Ac
1101 3416 1341 3484 primum
1403 3423 1623 3491 quidem
1683 3425 1752 3479 de
1814 3428 1935 3482 loco
1999 3430 2101 3485 sibi

516 3495 877 3565 relinquendo
931 3504 1317 3581 imperatorem
1373 3521 1754 3584 tentaverunt;
1824 3536 1988 3591 quem
2040 3533 2103 3579 ut

516 3587 873 3659 intrepidum,
909 3606 964 3650 et
1005 3598 1191 3655 animo
1238 3601 1521 3669 invictum,
1559 3587 1956 3681 putantem—que
1999 3615 2102 3669 tri-

513 3690 653 3736 stem
691 3683 837 3739 illam
885 3687 1157 3745 fortunam
1203 3694 1432 3749 aliorum
1468 3702 1833 3767 quorumdam
1875 3705 2104 3761 delicto-

516 3786 635 3825 rum
659 3789 784 3828 esse
813 3778 1072 3845 pretium,
1097 3785 1228 3837 etin
1255 3787 1439 3856 priore
1463 3792 1735 3846 sententia
1762 3793 2098 3851 immobilem

517 3860 791 3930 viderunt,
828 3860 990 3939 7E7
1038 3887 1140 3928 nee
1184 3874 1230 3929 si
1279 3877 1478 3935 millies
1515 3882 1639 3936 talia
1690 3887 2098 3956 contingerent,

462 3938 467 3941 ’
513 3952 694 4009 locum
745 3956 854 4013 illis
898 3960 1251 4033 donaturum,
1302 3977 1357 4024 et
1406 3971 1606 4027 iratum
1661 3974 2101 4047 frementemquc

514 4046 697 4115 potius
727 4052 870 4116 quod
901 4052 1077 4110 vietus
1130 4067 1186 4113 et
1227 4060 1295 4114 ad
1331 4062 1477 4118 vires
1506 4068 1836 4135 reparandas
1872 4046 2103 4124 alacrio-

496 4153 653 4224 rrem,
697 4143 849 4198 velut
894 4156 1006 4199 tum
1057 4150 1295 4219 primum
1341 4170 1494 4210 arma
1535 4159 1943 4227 eapessivisset,
1981 4176 2100 4216 me-

514 4211 732 4286 tuentes
780 4247 849 4287 ne
893 4234 995 4289 sibi
1050 4253 1245 4307 parum
1290 4241 1528 4300 feliciter
1565 4247 1789 4304 caderet
1834 4250 2099 4306 diuturna

512 4326 813 4388 contentio,
841 4324 1016 4382 locum
1042 4333 1323 4388 remittere
1344 4335 1412 4390 de
1434 4350 1724 4409 compacto
1746 4351 2059 4398 statuerunt
2083 4364 2097 4400 :

448 4394 459 4404 θ
513 4415 765 4485 factaque
794 4434 894 4487 pax
926 4421 978 4474 in
1010 4423 1152 4478 hanc
1177 4394 1578 4493 conditionem:
1609 4440 1670 4486 ut
1697 4433 1934 4501 spatium
1965 4435 2101 4489 illud

515 4508 830 4577 imperatori
881 4511 1207 4580 redderent,
1258 4520 1430 4573 veteri
1473 4522 1681 4577 ambitu
1731 4527 1999 4583 contenti.
2036 4526 2103 4582 Et

2203 657 2303 726 μὲν
2332 654 2427 710 οὖν
2467 656 2750 727 βασιλικαὶ
2774 659 3024 730 τριήρεις
3058 656 3380 728 ἀναχθεῖσαι
3422 658 3486 708 ἑκ
3513 653 3613 708 τοῦ
3642 671 3783 708 νεωσ-

2203 748 2322 821 ρίου
2349 749 2516 803 αὐτοῦ
2548 765 2656 806 που
2685 750 2918 822 πλησίον
2966 750 3258 820 ηὐλίσαντο
3287 748 3385 819 τὴν
3431 746 3626 811 νύκτα,
3660 746 3783 799 δια-

2200 842 2485 912 νοούμενοι
2516 842 2593 906 ὡς
2640 845 2699 906 ἐς
2733 842 2832 914 τὴν
2869 841 3164 912 ὑστεραίαν
3208 843 3332 904 ταῖς
3378 840 3522 910 μετά
3547 840 3641 894 τοῦ
3673 840 3789 893 Φα-

2198 934 2475 988 κεωλάτου
2505 935 2653 1005 τρισὶ
2695 935 2987 1007 τριήρεσιν
3041 936 3123 998 είς
3170 934 3231 987 ἓν
3254 933 3563 1003 γενόμενοι,
3594 931 3780 985 Γαλα-

2199 1026 2337 1091 τίοις
2380 1028 2772 1082 ὲπιπλεύσωσι.
2819 1026 3180 1090 ⁴ῑακιιωλάτος
3223 1026 3278 1079 δὲ
3313 1026 3409 1079 καὶ
3455 1024 3625 1088 αὐτὸς
3675 1024 3783 1086 τὰς

2199 1119 2448 1186 τριήρεις
2474 1116 2795 1185 ὶφοπλίσας,
2843 1114 3366 1187 παρεσκευασμένος
3394 1108 3466 1184 ἦν
3487 1113 3564 1175 ὡς
3592 1113 3651 1175 ἐς
3673 1110 3784 1182 τὴν

2203 1206 2495 1276 ὑστεραίαν
2556 1204 2899 1277 ὲξορμήσων,
2955 1204 3054 1259 καὶ
3123 1205 3154 1257 ὁ
3226 1202 3482 1273 βασιλεὺς
3540 1199 3816 1269 ἱππικὴν’

2201 1297 2417 1366 ἔπεμπε
2472 1298 2733 1367 στρατιὰν
2776 1298 2894 1367 ἅμα
2923 1295 3157 1366 δεσπότῃ
3216 1293 3295 1363 τῷ
3347 1290 3448 1361 υἱῷ
3485 1290 3688 1359 πολλήν
3715 1305 3781 1342 τε

2202 1390 2295 1443 καὶ
2327 1388 2563 1458 ἀγαθὴν,
2595 1389 2672 1453 ὡς
2723 1388 2824 1459 τῆς
2851 1385 3131 1457 συμϐολῆς
3152 1387 3456 1454 γενομένης
3482 1382 3593 1437 τῶν
3616 1381 3785 1451 τριή-

2207 1499 2366 1551 ρεων,
2396 1481 2491 1535 καὶ
2528 1481 2683 1552 αὐτοὶ
2708 1479 3069 1552 προσϐάλοιεν
3097 1481 3164 1531 ὲκ
3191 1477 3292 1546 τῆς
3321 1476 3575 1547 ἠπείρου.
3621 1471 3785 1525 Ἐπεὶ

2201 1574 2259 1627 δὲ
2308 1573 2488 1643 ἡμέρα
2515 1572 2616 1644 ήδη
2672 1569 2764 1642 ἦν,
2800 1572 2857 1625 αί
2905 1572 3004 1641 μὲν
3038 1572 3103 1624 ὲκ
3130 1569 3223 1623 τοῦ
3271 1566 3504 1669 νεωρίου
3533 1566 3790 1669 τριήρεις

2203 1664 2538 1732 ἀναχθεῖσαι,
2607 1663 2742 1733 πρὸς
2795 1664 2862 1731 τῇ
2917 1660 3179 1728 Εὐγενίου
3247 1656 3564 1729 καλουμένῃ
3628 1654 3776 1724 πύλῃ

2203 1757 2305 1827 ἤδη
2332 1753 2494 1827 ἦσαν.
2526 1757 2594 1810 Ai
2627 1755 2685 1809 δὲ
2731 1755 2870 1824 μετά
2901 1754 3262 1808 Φακεωλάτου
3301 1750 3397 1804 τοῦ
3426 1746 3787 1817 πρωτοστρά-

2202 1863 2381 1919 τορος,
2409 1849 2502 1900 καὶ
2531 1848 2696 1901 αὐταὶ
2751 1846 2851 1899 τοῦ
2885 1846 3136 1911 ποταμοῦ
3168 1841 3586 1913 ὲξορμηθεῖσαι,
3617 1838 3788 1908 ἠπεί-

2202 1962 2360 2014 γοντο
2384 1947 2503 2006 ταῖς
2535 1944 2725 2006 ἀλλαις
2762 1945 2821 1995 ὲν
2842 1942 3025 2011 ταυτῷ
3045 1939 3300 2010 γενέσθαι
3326 1954 3344 1970 ⁸
3377 1936 3473 1991 τοῦ
3505 1937 3562 1990 δὲ
3603 1935 3792 1989 πάντα

2203 2037 2426 2104 ἄγοντος
2450 2035 2586 2089 Θεοῦ
2611 2037 2703 2090 καὶ
2731 2037 2865 2089 πᾶσι
2897 2033 3324 2095 ταλαντεύοντος
3349 2031 3604 2093 δικαίως,
3649 2027 3763 2081 Ῥω
3785 2060 3791 2065 -

2207 2127 2420 2198 μαίους,
2457 2128 2533 2190 ὡς
2558 2127 2757 2194 ἔοικεν,
2789 2128 2872 2191 εἰς
2911 2126 3122 2181 πολλῶν
3147 2125 3327 2180 ἀλλων
3375 2124 3585 2177 ἔκτισιν
3604 2122 3797 2189 ἀμαρ-

2200 2219 2466 2287 τημάτων
2514 2219 2953 2288 τιμωρουμένου,
3009 2218 3107 2271 καὶ
3144 2218 3260 2279 τοῖς
3312 2212 3495 2282 πολλῷ
3540 2214 3797 2281 χείροσιν

2201 2309 2469 2380 ἡττᾶσθαι
2517 2309 2999 2380 παραχωροῦντος.
3036 2307 3236 2378 ἀθρόον
3274 2306 3596 2389 πνεύματος
3627 2303 3797 2373 ἀκρί-

2201 2418 2295 2453 του
2327 2401 2750 2471 προσπεσόντος,
2800 2403 2897 2455 καὶ
2938 2400 3164 2471 πρώτας
3214 2397 3636 2469 ἀνατρέψαντος
3688 2396 3798 2457 τὰς

2203 2494 2352 2560 τρεῖς
2381 2493 2628 2562 τριήρεις
2658 2492 2751 2560 ’ἐφ’
2800 2487 2889 2555 αἷς
2917 2493 2964 2546 oi
3013 2490 3220 2556 ξύλινοι
3259 2490 3464 2558 πύργοι
3494 2482 3662 2557 ἦσαν,
3693 2485 3798 2537 καὶ

2203 2588 2253 2639 oi
2280 2586 2430 2640 ἄλλοι
2454 2587 2637 2648 αὐτοῖς
2663 2585 2849 2648 ὅπλοις
2880 2585 3219 2639 κατέπιπτον
3253 2584 3364 2638 άπδ
3393 2581 3503 2635 τῶν
3530 2580 3669 2634 νεῶν
3692 2578 3797 2630 ἐπὶ

2201 2680 2301 2749 τὴν
2343 2679 2638 2743 θάλασσαν,
2668 2679 2764 2731 καὶ
2793 2678 2983 2731 ναῦται
3012 2678 3214 2747 ὁμοίως
3245 2676 3343 2729 καὶ
3374 2673 3614 2727 ὁπλῖται.
3677 2669 3797 2723 καὶ

2205 2770 2264 2820 ὲν
2301 2770 2399 2838 μιᾷ
2431 2770 2568 2837 ῥοπῇ
2612 2767 2806 2837 χρόνου
2861 2769 3038 2820 πᾶσαι
3083 2764 3339 2833 ἑωρῶντο
3379 2766 3541 2816 κεναὶ
3594 2759 3797 2813 ἐπιϐα-

2201 2862 2330 2927 τῶν,
2365 2861 2441 2931 τῷ
2470 2861 2619 2931 αὐτῷ
2633 2862 2691 2914 δὲ
2719 2860 2899 2932 χρόνῳ
2914 2864 3005 2914 καὶ
3039 2853 3116 2915 ὧν
3145 2860 3173 2912 ὁ
3200 2855 3565 2915 Φακεωλάτος
3598 2856 3796 2921 ὲστρα-

2201 2956 2379 3023 τήγει,
2437 2952 2545 3008 τῶν
2609 2953 3131 3023 καταστρωμάτων,
3195 2950 3292 3004 καὶ
3339 2948 3499 3003 αὐτοὶ
3549 2946 3644 2999 ἐπὶ
3687 2943 3797 3013 τὴν

2203 3045 2479 3099 θάλασσαν
2539 3046 2896 3109 κατέπιπτον,
2962 3047 3061 3097 καὶ
3148 3040 3373 3110 ὄλεθρος
3422 3033 3490 3108 ἦν
3536 3034 3796 3096 παντοῖος

2203 3138 2415 3191 ναυτῶν
2457 3135 2595 3202 ὁμοῦ
2636 3135 2732 3188 καὶ
2774 3133 3034 3188 ὁπλιτῶν.
3073 3133 3137 3185 Ol
3196 3129 3295 3200 μὲν
3326 3123 3646 3225 οὖνὲπολλοὶ
3675 3121 3795 3225 διε-

2208 3229 2462 3299 σώθησαν
2507 3229 2676 3296 ἐγγὺς
2704 3230 2805 3297 τῆς
2836 3225 2939 3294 γῆς
2988 3222 3367 3292 γεγενημένης
3399 3218 3498 3287 τῆς
3529 3218 3745 3285 τροπῆς
3776 3228 3792 3243 ⁸

2206 3319 2475 3373 ἀπέθανον
2520 3317 2579 3370 δὲ
2609 3319 2668 3369 έν
2706 3316 2819 3377 τοῖς
2852 3314 3042 3367 ὕδασιν
3094 3312 3265 3379 ὀλίγῳ
3313 3310 3577 3368 ἐλάσσους
3606 3303 3797 3357 διακο-

2208 3408 2339 3462 σίων
2368 3423 2380 3436 '
2419 3409 2512 3461 καὶ
2543 3410 2607 3460 ὲκ
2634 3407 2743 3459 τῶν
2787 3404 2931 3474 μετὰ
2956 3401 3051 3457 τοῦ
3093 3398 3550 3479 Τξαμπλάκωνος
3587 3407 3797 3459 τεταγ-

2208 3499 2389 3567 μένων
2416 3494 2510 3549 τοῦ
2559 3495 2799 3565 μεγάλου
2841 3493 3054 3557 δουκὸς,
3086 3490 3144 3542 ’ὁ
3178 3481 3642 3556 ⁶ιἰλανθρωπηνύς
3668 3479 3798 3533 Μα-

2204 3591 2367 3656 νουὴλ
2396 3591 2518 3660 ’τῆς
2573 3587 2902 3657 ναυαρχίδος
2956 3586 3167 3655 ἄρχων,
3220 3580 3365 3682 ἀνὴρ
3397 3574 3573 3682 ⁹κατά
3609 3573 3799 3682 κχεζίρα

2207 3684 2476 3752 γενναῖος,
2499 3684 2593 3734 καὶ
2608 3681 2710 3748 τῆς
2723 3678 2877 3748 παρά
2899 3676 3164 3747 βασιλέως
3189 3669 3479 3742 εὐμενείας
3499 3665 3803 3721 ἀπολαύων

2209 3775 2462 3843 μάλιστα.
2490 3773 2551 3826 Oi
2578 3774 2636 3823 ὲν
2662 3770 2877 3841 Γαλατᾷ
2917 3769 2974 3821 δὲ
3019 3767 3244 3821 Λατίνοι
3273 3761 3804 3829 ἀναθαρσήσαντες,

2204 3865 2532 3936 ἀναχθέντες
2567 3864 2817 3918 ἀνεῖλκον
2850 3863 2949 3927 τὰς
2984 3850 3233 3933 τριήρεις
3278 3854 3649 3950 ἀναψάμενοι,
3680 3866 3810 3950 κως

2204 3957 2426 4021 λύοντος
2471 3957 2684 4019 οὐδενὸς
2706 3996 2721 4021 ,
2765 3954 2888 4009 οὐδὲ
2949 3949 3349 4021 ἀμυνομένουν.
3377 3944 3473 4000 καὶ
3510 3940 3810 4006 ἀναιμωτὶ

2203 4051 2305 4119 τὴν
2357 4048 2514 4118 νίκην
2582 4044 2749 4119 εἶχον.
2793 4046 2856 4100 Ἠ
2901 4045 2958 4098 δὲ
2993 4046 3060 4096 ὲκ
3105 4042 3204 4112 τῆς
3258 4038 3515 4138 ήπεῌίρουᾼ
3556 4034 3807 4138 στρατιὰ

2209 4139 2349 4210 μετά
2393 4138 2660 4209 βασιλέως
2689 4137 2785 4191 τοῦ
2828 4135 2972 4199 υἱοῦ,
3028 4133 3196 4227 ἔργου
3225 4130 3327 4227 μεν
3357 4126 3602 4227 ἔχεσθαι.
3632 4122 3807 4227 εὖού-

2204 4230 2378 4295 λοντο,
2412 4229 2656 4299 οἰόμενοι
2707 4226 2891 4282 καὶτὸ
2937 4223 3193 4280 ναυτικὸν
3257 4220 3452 4319 ὲκ-τῆς
3514 4214 3809 4319 θοαλάττῖις

2204 4321 2463 4392 ἐμϐαλεῖν
2483 4338 2498 4354 ο
2557 4320 2683 4374 ἐπεὶ
2707 4320 2766 4374 δὲ
2788 4317 2976 4393 ἑώρων
2998 4317 3099 4379 τὰς
3130 4313 3424 4383 Ῥωμαίων
3459 4308 3595 4371 ναῦς
3622 4308 3807 4369 κενὰς

2203 4414 2597 4486 ἀνελκομένας,
2660 4412 2973 4483 ἀνεχώρουν
3031 4410 3128 4463 καὶ
3173 4406 3355 4461 αὐτοί.
3384 4401 3683 4504 ,βασιλεὺς
3719 4401 3807 4504 es

2202 4508 2304 4579 τὴν
2324 4506 2610 4577 ’τοσαύτην
2637 4505 2866 4575 δύναμιν
2886 4506 2953 4557 ὲκ
2983 4499 3316 4571 προφάσεως
3344 4494 3604 4563 οὐδεμιᾶς
3638 4491 3805 4561 ὁρῶν

515 4597 651 4654 inito
680 4601 903 4657 foedere.
940 4620 1134 4659 novam
1185 4609 1550 4666 munitionem
1589 4614 1832 4682 despotm
1864 4617 2099 4686 impera-

2203 4600 2549 4655 άπολωλυίαν
2583 4596 2839 4663 ἐστέναξε
2873 4594 2973 4665 μὲν
3000 4593 3100 4665 τὴν
3117 4590 3379 4686 τοιαύτην
3400 4582 3810 4686 κακοπραγίαν

517 4691 652 4745 toris
696 4692 823 4757 lilio,
855 4710 976 4749 cum
1021 4698 1239 4768 agmine
1283 4712 1620 4758 armatorum
1669 4707 1909 4761 venienti
1944 4709 2102 4763 resti-

521 4791 763 4838 tuerunt.
795 4784 1098 4854 Imperator
1121 4799 1305 4846 autem
1334 4794 1619 4850 accersitis
1645 4808 1837 4850 eorum
1867 4800 2104 4868 optima-

2201 4692 2311 4747 τῶν
2346 4691 2656 4761 Ῥωμαίων,
2677 4689 2807 4743 οἴων
2827 4687 3005 4742 αίτιον
3029 4683 3219 4738 κακῶν
3244 4681 3306 4735 τὸ
3326 4678 3446 4748 Θεῷ
3473 4675 3809 4746 προσκρού-

2201 4799 2283 4837 ειν
2308 4781 2573 4853 συνορῶν.
2606 4780 2773 4834 Οὐδὶν
2816 4779 2875 4832 δὲ
2908 4776 3090 4845 ὑφῆκε
3120 4771 3218 4827 τοῦ
3250 4771 3624 4841 φρονήματος,
3662 4764 3807 4818 οὐδὲ

516 4876 698 4939 tibus,
771 4879 1003 4934 comiter
1068 4897 1133 4938 ac
1189 4884 1405 4953 placide
1456 4887 1582 4942 illos
1632 4887 1863 4952 aﬂ'atus,
1909 4889 2100 4946 locum

2203 4876 2473 4929 κατέπεσε
2513 4873 2651 4945 πρὸς
2698 4870 2800 4942 τὴν
2830 4864 3025 4941 ἧτταν,
3060 4865 3188 4921 ἀλλ’
3237 4863 3334 4917 ἐπὶ
3364 4858 3629 4953 ξυλισμὸν
3663 4854 3817 4953 Etcf-

514 4979 713 5039 sponte
765 4971 956 5028 donat.
1005 4975 1199 5031 Aiebat
1242 4978 1424 5044 enim,
1477 4993 1585 5034 non
1636 4980 1705 5035 de
1767 4976 1977 5036 tantilla
2038 4996 2104 5037 ac

514 5063 721 5119 nullius
774 5067 933 5133 pretii
996 5068 1346 5139 regiuncula,
1428 5072 1523 5127 sed
1587 5072 1656 5127 de
1706 5073 1834 5144 jure
1884 5074 2107 5141 imperii

516 5156 747 5212 Romani
784 5174 907 5213 cum
940 5161 1074 5229 ipsis
1110 5162 1213 5217 sibi
1261 5164 1696 5219 controversiam
1748 5179 1890 5220 esse.
1945 5163 2103 5221 [laud

515 5249 661 5304 enim
734 5265 859 5305 cum
932 5252 1146 5308 ratione
1221 5269 1569 5333 congruere,
1638 5271 1762 5310 cum
1832 5257 1943 5311 sint
2010 5258 2107 5311 ad-

516 5354 689 5407 venae,
721 5354 779 5397 et
826 5357 854 5397 a
899 5343 1162 5399 Romanis
1193 5332 1623 5414 imperatoribus
1652 5348 1937 5418 complura
1967 5361 2098 5404 con-

515 5435 690 5489 secuti
735 5437 1020 5503 beneﬁcia,
1050 5448 1109 5493 ut
1139 5440 1366 5494 subesse
1421 5454 1484 5494 ac
1530 5454 1723 5510 parere
1746 5442 1865 5510 jure
1890 5442 2103 5511 optimo

515 5527 771 5592 debeant,
805 5530 982 5585 adhuc
1012 5531 1360 5600 impudenter
1386 5546 1570 5600 agere,
1606 5540 1663 5587 et
1694 5532 1827 5603 ipsis
1862 5533 2103 5588 nolenti-

517 5619 640 5683 bus,
675 5618 881 5689 aliquid
925 5620 994 5675 de
1038 5620 1267 5691 imperio
1296 5623 1439 5700 velle
1468 5624 1788 5693 decerpere.
1820 5623 2002 5693 Atque
2036 5624 2106 5677 ob

516 5710 659 5766 hanc
686 5726 908 5767 causam
951 5714 1124 5785 magis
1152 5729 1316 5784 quam
1354 5715 1425 5771 ob
1451 5715 1557 5771 loci
1603 5717 2011 5785 possessionem
2048 5728 2109 5771 se

515 5802 584 5858 ad
618 5804 821 5860 bellum
854 5818 1196 5878 aggressum.
1244 5806 1402 5875 Quod
1434 5806 1539 5861 nisi
1576 5805 1808 5877 iustitiae
1840 5804 2105 5872 serviant,

515 5908 728 5955 certum
764 5899 867 5957 sibi
915 5914 1059 5968 esse,
1106 5900 1295 5958 tandiu
1338 5915 1487 5957 arma
1539 5900 1891 5966 continuare,
1922 5898 2101 5970 quoad

2202 4967 2326 5020 λευε
2356 4942 2576 5037 χωρεῖν,
2605 4963 2681 5026 ὡς
2706 4962 2955 5032 τριήρεις
2983 4958 3178 5028 ἑτέρας
3206 4951 3649 5056 κατασκευάσων,
3686 4942 3805 5056 αὗ·-

2205 5058 2288 5122 θις
2309 5074 2323 5087 ⁸
2356 5059 2452 5110 καὶ
2485 5055 2683 5126 ἐφίστη
2714 5054 2841 5116 τοὺς
2874 5049 3385 5121 ἐπιμελησομένους
3424 5046 3562 5115 πρὸς
3592 5040 3664 5094 τά
3690 5040 3796 5113 ἕρ.

2206 5169 2300 5221 γα.
2329 5153 2395 5205 Οἱ
2433 5153 2495 5204 ὲν
2520 5149 2738 5219 Γαλατᾷ
2761 5147 2818 5200 δὲ
2853 5143 3262 5215 εὐτυχεστάτην
3296 5139 3620 5209 νομίσαντες
3640 5135 3814 5191 ἐκεί--

2205 5262 2305 5316 νην
2335 5244 2434 5315 τὴν
2471 5244 2690 5312 ἡμέραν
2742 5242 2802 5293 ὲν
2928 5235 3226 5290 οτοσούτων
3287 5232 3424 5286 νεῶν
3472 5229 3814 5316 ἐκράτησαν

2205 5313 2502 5405 πολεμίων,
2534 5333 2688 5387 οὐδὲν
2727 5331 2884 5384 αὐτοὶ
2927 5326 3337 5396 είάενεγκόντες
3383 5323 3524 5395 πρὸς
3565 5320 3670 5389 τὴν
3700 5313 3817 5397 ἦτα

2205 5450 2327 5495 ταν,
2383 5426 2658 5500 ἑώρταζον
2685 5425 2790 5479 οὐκ
2840 5421 3091 5476 ἐπινίκια
3141 5419 3341 5518 μόνονζ
3360 5415 3501 5518 ἀλλά
3548 5415 3645 5518 και
3685 5430 3815 5518 om:

2204 5522 2373 5593 τήρια
2406 5535 2422 5551 ·
2464 5521 2640 5572 πᾶσαι
2689 5517 2798 5586 γάρ
2847 5514 3035 5576 αὐτοῖς
3086 5515 3145 5566 ὲν
3177 5509 3352 5579 στενῷ
3406 5510 3464 5561 αἱ
3515 5506 3648 5578 περὶ
3694 5507 3816 5561 τοῦ

2209 5614 2480 5679 σώζεσθαι
2527 5612 2875 5680 κατέστησαν
2919 5605 3159 5667 ἐλπίδες.
3201 5604 3291 5665 Ἐς
3336 5601 3436 5669 τὴν
3480 5599 3809 5668 ὑστεραίαν

2206 5709 2264 5763 δὲ
2290 5707 2470 5770 πάσας
2518 5702 2911 5772 ὲφοπλίσαντες
2953 5698 3053 5762 τάς
3099 5695 3313 5750 ἑαυτῶν
3343 5694 3593 5766 τριήρεις
3632 5693 3822 5746 ἐστε-

2208 5792 2555 5872 φανωμένας,
2591 5796 2667 5859 ὡς
2692 5795 2787 5848 ἐπὶ
2813 5794 2935 5864 νίκῃ
2984 5792 3084 5847 καὶ
3107 5786 3537 5857 κεκοσμημένας
3585 5787 3825 5854 ἐκπρε-

2211 5894 2352 5960 πῶς,
2398 5889 2626 5960 drmpr
2686 5886 2998 5959 παρέπλεον
3041 5879 3351 5955 βασιλείων,
3383 5878 3643 5973 σύροντες
3673 5875 3827 5931 ἀτί-
