4028 6474
587 433 659 499 95
1758 434 2082 498 JOANNIS
2118 432 2652 500 CANTACUZENf
3378 453 3389 462 ‘
3761 434 3837 501 96

587 554 880 612 dimidium
937 553 1136 611 arario
1191 530 1478 626 penderet,
1505 562 1563 609 et
1610 567 1714 624 pro
1759 552 2026 608 fructibus
2067 539 2166 622 prb

2297 554 2353 627 ιὴ
2405 556 2673 628 πρότερον
2707 553 3152 626 νενομισμένους,
3200 551 3345 606 ὥστε
3400 551 3584 606 πᾶσαν
3642 548 3844 604 δλκάδα

590 645 844 716 portione
912 644 1191 700 similiter.
1263 644 1530 714 Agricolae
1603 658 1704 713 pro
1769 642 2168 713 quinquaginta

2297 646 2416 698 rhov
2455 639 2694 713 ἄγουσαν
2731 644 2791 710 ἐξ
2828 642 3138 712 ἀλλοδαπῆς
3178 639 3511 711 ἐωνημένον.
3545 638 3690 709 ὐπέρ
3745 655 3846 708 μεσ-

589 736 804 804 congiis
837 735 946 788 vini
1005 751 1235 790 aureum
1297 735 1698 806 persolverent.
1728 733 1832 799 Qui
1887 748 1918 786 a
1949 732 2170 787 rusticis

2297 737 2458 806 κίμνου
2493 737 2664 807 ἥμισυ
2704 735 2930 807 χρυσίου
2977 735 3055 804 τῷ
3081 734 3329 818 δημοσίῳ
3365 733 3574 801 φέρειν,
3610 730 3707 783 καὶ
3735 730 3846 783 τῶν

590 835 992 890 mercarentur,
1017 828 1242 896 duplum
1272 829 1486 888 darent,
1540 842 1651 880 non
1682 826 1858 880 solum
1889 832 1948 878 ut
1977 825 2167 892 eopio-

593 915 786 976 siores.
819 920 911 970 sed
970 917 1120 985 quod
1152 918 1314 970 etiam
1346 916 1481 971 citra
1532 916 1771 970 laborem
1813 915 1916 984 ipsi
1943 929 2009 968 ex
2032 915 2171 969 alio-

595 1023 717 1061 rum
771 1009 1052 1062 laboribus
1102 1009 1254 1062 lucra
1311 1008 1513 1078 majora
1566 1007 1896 1062 factitarent.
1927 1005 2175 1076 Cumque

594 1110 754 1154 vetus
786 1110 929 1153 esset
959 1099 1070 1162 lex,
1103 1109 1162 1152 ut
1193 1109 1522 1154 mercatores
1553 1099 1754 1169 singuli
1778 1101 1976 1154 aerario
2002 1099 2172 1154 decu-

2271 827 2446 884 ἄλλων
2488 827 2720 897 καρπῶν
2763 826 3066 893 ἀναλόγως.
3114 825 3253 884 Τοὺς
3295 822 3351 874 δὲ
3395 823 3526 892 περὶ
3567 820 3852 892 γεωργίαν

2272 919 2678 990 ὴσχολημένους
2727 919 2892 982 οἴνου,
2947 917 3087 985 ὑπὲρ
3149 916 3487 983 πεντήκοντα
3531 912 3672 982 χοῶν
3709 927 3854 981 χρυ-

2277 1013 2390 1067 σίον
2419 1013 2476 1064 ἓν
2507 1002 2718 1066 ’τελεῖν⁸
2761 1012 2889 1074 τοὺς
2927 1011 3112 1077 μέντοι
3157 1009 3222 1061 ὲκ
3274 1007 3384 1060 τῶν
3447 1003 3850 1075 γεωργούντων

2275 1105 2638 1175 ὠνουμένους,
2687 1104 2965 1157 διπλάσιον
3006 1102 3291 1172 παρέχειν,
3339 1100 3399 1152 οὐ
3455 1098 3615 1168 μόνον
3645 1095 3720 1157 ὡς
3763 1094 3859 1146 εὐ-

509 1205 516 1215 ·
596 1208 716 1245 ιιιιε
774 1191 1086 1252 solverent,
1140 1193 1258 1259 ipse
1335 1191 1840 1261 quinquagecumas
1902 1191 2176 1256 instituit,

2297 1197 2642 1269 τορωτέρους,
2687 1195 2802 1250 ἀλλ’
2847 1196 2932 1248 ὅτι
2979 1195 3074 1248 καὶ
3109 1191 3351 1260 ἀμογητὶ
3391 1192 3456 1244 ἐκ
3502 1189 3610 1240 τῶν
3642 1187 3856 1254 ἐτέρων
3919 1210 3922 1216 ι

600 1282 744 1335 unde
803 1282 966 1348 paulo
999 1281 1179 1334 minus
1213 1280 1468 1334 ducentis
1517 1280 1784 1335 onerariae
1828 1281 1980 1334 brevi
2039 1290 2178 1334 tem-

596 1388 730 1440 pore
781 1372 1040 1425 Romanis
1089 1381 1466 1438 accesserunt,
1496 1373 1640 1441 quod
1691 1381 1854 1426 antea
1895 1387 2177 1442 nunquam

599 1463 823 1526 factum,
863 1463 1224 1531 valebantque
1281 1463 1465 1517 navali
1521 1465 1788 1533 potentia,
1821 1473 1878 1518 et
1923 1465 2034 1532 jam
2082 1464 2181 1518 do-

596 1554 726 1604 mini
779 1553 962 1618 maris,
1013 1570 1080 1606 ex
1122 1555 1497 1609 mercimoniis
1531 1565 1797 1625 quaestum
1833 1572 1945 1612 non
1976 1557 2183 1611 medio-

597 1660 744 1698 crem
781 1644 1130 1714 Colligebant.
1157 1646 1295 1710 Quia
1324 1647 1454 1699 vero
1493 1646 1681 1709 Chius,
1721 1655 1779 1700 ut
1813 1648 2179 1713 narravimus,

599 1737 799 1799 injuste
853 1745 909 1790 et
935 1747 1124 1790 contra
1151 1737 1332 1798 deus
1367 1756 1397 1791 a
1433 1737 1819 1792 Genuensibus
1879 1748 2178 1800 teneretur,

595 1828 664 1881 ad
723 1828 1029 1897 principem
1079 1843 1271 1881 eorum
1329 1828 1544 1899 (ducem
1603 1828 1704 1897 ipsi
1765 1827 2086 1898 appellant),
2117 1827 2183 1881 ad

598 1929 849 1972 senatum
932 1920 1301 1988 pepulumquc
1368 1920 1666 1988 imperator
1730 1919 1938 1989 legatos
2016 1919 2184 1983 misit,

601 2009 939 2077 insulamque
971 2011 1274 2065 secundum
1299 2011 1504 2066 sancita
1535 2027 1660 2066 cum
1689 2012 1954 2066 Romanis
1980 2011 2185 2066 fmdera

603 2101 883 2171 repetivit.
925 2102 1060 2164 Dux,
1094 2111 1322 2158 senatus
1385 2103 1728 2174 populusque
1764 2105 2186 2174 responderunt,

595 2203 748 2275 justa
774 2195 995 2261 quidem
1039 2194 1425 2264 imperatorem
1461 2195 1780 2266 postulare:
1811 2207 2188 2251 verumtamen

604 2292 837 2345 insulam
875 2306 986 2343 non
1038 2291 1309 2344 sententia
1362 2307 1422 2345 ac
1473 2289 1731 2362 sulIragio
1763 2306 1885 2350 suo.
1919 2290 2013 2345 sed
2047 2305 2187 2360 quo-

609 2382 861 2434 rumdam
918 2381 1064 2448 apud
1103 2396 1164 2434 se
1207 2381 1495 2446 nobilium,
1543 2396 1640 2436 seu
1688 2383 2063 2452 patriciorum,
2093 2381 2189 2452 qui

611 2472 728 2526 suis
794 2471 1107 2540 sumptibus
1185 2471 1414 2526 classem
1485 2472 1906 2535 instruxissent.
1960 2474 2190 2527 audacia

609 2565 875 2630 obtineri,
921 2579 1057 2633 quos
1094 2563 1148 2616 in
1201 2578 1437 2632 prmsens
1477 2579 1736 2618 coercere
1785 2580 1889 2618 non
1925 2573 2186 2633 possent;

610 2671 749 2723 opus
786 2655 932 2706 eiiim
988 2653 1104 2707 fore
1155 2653 1346 2724 grandi
1394 2654 1662 2723 impensa,
1694 2663 1749 2708 et
1778 2663 2041 2724 apparatu
2081 2669 2189 2707 non

610 2745 1100 2814 minimomnibus
1155 2759 1279 2798 cum
1314 2755 1590 2809 carerent,
1625 2760 1718 2798 eos
1749 2745 1922 2799 insula
1961 2745 2190 2814 nequire

609 2836 911 2905 depellere,
943 2835 1036 2888 sed
1086 2844 1329 2904 tempore
1393 2833 1744 2902 procedente,
1779 2833 2045 2888 industria
2096 2848 2191 2901 po-

613 2929 721 2982 tius
754 2943 816 2981 ac
870 2926 1211 2996 providentia
1242 2924 1475 2994 quadam
1507 2925 1613 2980 illis
1659 2925 1987 2995 ademptam,
2021 2927 2192 2994 impe-

614 3021 778 3074 raturi
819 3019 960 3072 haud
995 3017 1158 3071 dubie
1192 3017 1571 3072 restituturos.
1597 3019 1725 3070 erc
1761 3017 2187 3086 responderunt,

613 3120 670 3164 et
699 3110 860 3164 simul
920 3109 1182 3164 Jacobum
1238 3106 1602 3172 Herminium,
1630 3116 1684 3161 et
1713 3107 1974 3161 Antarum
2009 3105 2188 3159 Pincl-

613 3201 726 3255 lum
759 3201 827 3255 de
875 3199 1192 3265 nobilitate,
1222 3198 1349 3252 ﬁdei
1404 3197 1666 3252 faciendae
1709 3199 1996 3252 miserunt.
2029 3196 2193 3267 749

2298 3184 2468 3260 ὥστε⁷
2523 3202 2765 3254 ἀκόντων
2842 3199 2939 3268 τὴν
3015 3198 3177 3267 νῆσον
3269 3188 3623 3263 ἀφαιρεῖσθαι
3661 3203 3678 3218 ο

2280 1291 2456 1343 πόνων
2480 1289 2633 1342 αὐτοὶ
2689 1286 3081 1341 πολλαπλασίω
3105 1284 3174 1337 τά
3205 1282 3376 1352 κέρδη
3426 1281 3708 1348 φέρονται.
3743 1276 3860 1329 Νό-

2283 1398 2383 1451 μου
2411 1380 2467 1433 δέ
2491 1379 2640 1442 δντος
2664 1380 2891 1448 ἀρχαίου
2916 1377 3148 1438 δεκάτας
3193 1375 3320 1437 τοὺς
3371 1368 3861 1441 ἐμπορευομένους

2287 1471 2534 1533 ἅπαντας
2563 1471 2739 1522 τελεῖν
2768 1471 2844 1537 τῷ
2891 1467 3160 1537 δημοσίῳ,
3217 1461 3630 1536 πεπηκοστύας
3661 1454 3863 1522 ἔταξεν

2288 1563 2474 1625 αὐτός.
2535 1561 2624 1628 Ἐξ
2680 1556 2756 1613 ὧν
2787 1559 2954 1628 ὀλίγῳ
2993 1559 3213 1611 δέουσαι
3287 1553 3580 1608 διακοσίων
3627 1550 3866 1611 ὁλκάδες

2287 1655 2678 1724 προσεγένοντο
2706 1651 2996 1720 Ῥωμαίοις
3015 1650 3071 1702 ἐν
3085 1649 3250 1716 ὀλίγῳ
3266 1648 3464 1717 χρόνῳ,
3489 1644 3704 1697 οὐδέπω
3727 1642 3868 1710 ἄχρι

2287 1748 2404 1799 τότε
2438 1745 2830 1814 γεγενημένον,
2867 1743 2967 1796 καὶ
3017 1741 3261 1810 μεγάλην
3292 1739 3521 1806 δύναμιν
3549 1737 3870 1802 ἐκτήσαντο

2289 1837 2569 1907 ναυτικὴν,
2611 1836 2704 1889 καὶ
2761 1833 2934 1886 πολλὰ
2979 1836 3042 1885 ἐκ
3067 1831 3166 1900 τῆς
3204 1829 3475 1898 ἐμπορίας
3523 1823 3868 1893 ὠφελοῦντο.

2293 1930 2566 1998 θαλάσσης
2598 1928 2698 1998 ήδη
2750 1925 3014 1996 ἄρχοντες
3043 1921 3424 1992 γεγενημένοι.
3460 1917 3770 1986 Ἐχομένης
3815 1913 3872 1965 δέ

2291 2020 2388 2088 τῆς
2422 2021 2577 2082 Χίου,
2625 2017 2811 2088 ὥσπερ
2844 2015 3129 2084 ἱστόρηται
3167 2014 3322 2081 ἡμῖν,
3356 2010 3460 2062 ὑπὸ
3483 2009 3590 2060 τῶν
3625 2009 3690 2058 ἐκ
3733 2006 3866 2057 Γενι

2293 2111 2454 2173 νούας
2483 2109 2684 2170 ἀδίκως
2717 2110 2775 2161 ἐν
2803 2106 3082 2168 σπονδαῖς,
3113 2104 3250 2173 πρδς
3281 2104 3372 2156 τὸν
3401 2101 3636 2170 ἄρχοντα
3667 2096 3874 2163 αὐτῆς,

2292 2201 2459 2256 δοῦκα
2497 2201 2776 2272 ἐγχωρίως
2827 2196 3394 2269 προσαγορευόμενον,
3449 2192 3542 2246 καὶ
3591 2190 3688 2258 τὴν
3745 2187 3878 2256 βου-

2294 2294 2413 2362 λὴν,
2454 2292 2667 2346 καὶτὸν
2711 2291 2905 2360 δῆμον,
2957 2291 2984 2341 ὁ
3029 2287 3282 2356 βασιλεὺς
3319 2285 3530 2354 ἔπεμψε
3565 2279 3878 2349 πρεσΰείαν

2295 2384 2543 2440 ἀπαιτῶν
2569 2381 2666 2452 τὴν
2700 2382 2863 2450 νῆσον
2891 2379 3033 2434 κατά
3057 2378 3158 2439 τὰς
3207 2374 3462 2437 σπονδὰς,
3501 2375 3594 2426 καὶ
3619 2371 3751 2432 τοὺς
3782 2370 3881 2436 δρ-

2294 2494 2423 2539 κους
2457 2474 2550 2538 οὓς
2609 2473 2791 2543 έχουσι
2846 2473 2982 2542 μετά
3032 2469 3140 2522 τῶν
3195 2468 3486 2536 Ῥωμαίων
3564 2459 3865 2532 βασιλέων.

2296 2568 2433 2632 Δούξ
2481 2567 2538 2619 δέ
2590 2567 2683 2618 καὶ
2747 2565 2781 2634 ἡ
2828 2563 3010 2634 βουλὴ,
3063 2561 3162 2613 καὶ
3223 2561 3252 2612 ὁ
3299 2559 3489 2625 δῆμος,
3536 2554 3722 2606 δίκαια
3778 2552 3882 2620 μὲν

2297 2659 2503 2727 ἔφασαν
2533 2655 2927 2727 προκαλεῖσθαι
2960 2651 3214 2722 βασιλέα,
3270 2650 3332 2702 οὐ
3381 2646 3524 2700 κατά
3552 2647 3787 2711 γνώμην
3825 2641 3879 2692 δέ

2298 2749 2478 2809 αὐτοῖς
2512 2745 2732 2816 ἔχεσθαι
2768 2746 2868 2814 τὴν
2917 2743 3100 2810 νῆσον,
3146 2739 3268 2792 οὐδὲ
3301 2738 3466 2807 ψήφῳ
3497 2735 3594 2803 τῆς
3630 2732 3837 2802 βουλῆς
3864 2745 3879 2760 ’

2298 2839 2436 2893 ἀλλὰ
2483 2839 2593 2892 τῶν
2633 2839 2766 2910 παρ’
2821 2837 3006 2898 αὐτοῖς
3051 2831 3395 2903 εὐπατριδῶν
3450 2846 3603 2889 τινας
3648 2825 3882 2886 οἰκείοις

2298 2931 2620 3000 ἀναλώμασι
2703 2930 2796 2982 τὸν
2856 2928 3045 2981 στόλον
3100 2923 3502 2992 ἐφοπλίσαντας
3551 2919 3876 2985 κατασχεῖν,

2298 3021 2392 3084 οὓς
2453 3023 2528 3090 μὴ
2577 3019 2838 3073 δύνασθαι
2884 3017 2979 3071 νῦν
3026 3014 3308 3086 βιάζεσθαι
3343 3029 3355 3042 ·
3387 3011 3571 3080 δεήσει
3601 3008 3714 3075 γὰρ
3745 3006 3876 3056 πολ-

2296 3117 2404 3170 λῶν
2436 3113 2734 3186 χρημάτων
2781 3113 2876 3165 καὶ
2919 3108 3272 3181 παρασκευῆς
3309 3105 3370 3157 οὐ
3423 3103 3522 3172 τῆς
3574 3097 3880 3168 τυχούσης,

3738 3187 3885 3237 ἀλλὰ

616 3290 938 3362 Imperatori
975 3305 1293 3358 reslronsum
1329 3304 1442 3342 non
1479 3289 1705 3358 placuit,
1736 3289 2020 3360 voluitque
2046 3289 2192 3343 diem

2297 3296 2391 3350 τοῦ
2451 3294 2652 3364 χρόνου
2729 3289 3034 3360 ’προϊόντος
3122 3284 3350 3357 προνοίᾳ
3445 3281 3647 3350 μᾶλλον
3733 3277 3884 3344 ἀφε-

617 3380 881 3454 prmstitui
938 3381 1229 3435 reddenda:
1281 3379 1473 3434 insulae
1525 3398 1539 3434 :
1606 3391 1700 3434 aut
1753 3396 1810 3435 se
1855 3381 2077 3450 perjurii
2124 3394 2196 3434 ne

619 3482 964 3537 accusarent,
997 3473 1042 3526 si
1094 3487 1212 3525 eam
1251 3481 1580 3540 extorquere
1617 3472 1908 3542 potuisset.
1943 3473 2009 3527 Et
2066 3487 2204 3527 con-

525 3544 532 3555 .
621 3573 847 3618 ventum
897 3573 982 3616 est
1020 3563 1072 3616 in
1122 3578 1243 3617 eam
1281 3563 1680 3628 conditionem,
1708 3573 1768 3616 ut
1799 3563 1976 3617 Latini
2008 3564 2196 3618 urbem

623 3654 836 3716 insulae,
887 3654 1052 3708 etiam
1100 3655 1296 3709 Chium
1343 3655 1703 3720 nominatam,
1754 3657 1820 3710 ad
1871 3656 2198 3711 decennium

623 3746 947 3808 retinerent,
982 3745 1406 3814 fruerenturque
1459 3746 1726 3802 reditibus
1782 3746 1927 3817 (9l)},
1960 3747 2201 3816 penden-

625 3849 708 3894 tes
763 3839 818 3892 in
876 3855 1050 3893 annos
1099 3838 1338 3910 singulos
1395 3838 1712 3908 imperatori
1755 3839 1865 3894 duo
1916 3847 1970 3893 et
2011 3837 2200 3908 viginti

624 3945 916 4010 aureorum
968 3931 1159 3984 millia.
1211 3932 1440 4000 Insuper
1489 3931 1744 3985 vexillum
1793 3930 2201 4000 imperatorium

626 4020 682 4075 in
728 4020 860 4074 urbe
913 4035 1014 4090 pro
1069 4021 1472 4076 consuetudine
1521 4023 1832 4092 erigerent;
1890 4021 2203 4090 episcopum

619 4127 694 4166 ex
730 4111 969 4167 Ecclesia
1013 4112 1312 4182 Byzantina
1346 4114 1677 4182 acciperent,
1706 4122 1759 4168 ct
1807 4112 2062 4168 Sabbatis
2106 4128 2205 4183 pro

624 4216 780 4256 more
804 4200 1044 4255 faustum
1093 4202 1522 4271 imperatoribus
1547 4201 1921 4257 acclamareut
1946 4219 1960 4256 :
1989 4216 2206 4256 eorum-

625 4308 734 4362 que
766 4292 1085 4346 memoriam
1135 4292 1450 4347 sacerdotes
1478 4292 1534 4346 in
1576 4291 1846 4347 sacrificio
1893 4293 2072 4347 missa:
2101 4291 2208 4346 l‘re-

619 4394 979 4455 quentarent,
1036 4399 1139 4438 nec
1193 4385 1261 4438 ab
1310 4382 1420 4438 ullo
1475 4383 1925 4452 prohiberentur.
1982 4383 2208 4454 Reliqua

630 4477 806 4532 insula
859 4485 971 4532 tota
1013 4491 1138 4530 cum
1183 4476 1422 4531 castellis
1476 4484 1532 4531 et
1574 4476 1708 4530 vicis
1748 4478 1850 4531 sub
1879 4477 2208 4545 imperatore

2295 3387 2578 3459 λομένους,
2637 3383 2732 3438 καί⁵
2784 3379 3068 3449 οἰκονομίᾳ
3104 3375 3398 3432 ἀποδοῦναι
3431 3371 3642 3444 βασιλεί
3700 3369 3892 3437 ἀναμ-

2299 3478 2557 3551 φιϐόλως.
2575 3472 2814 3528 Τοιαῦτα
2835 3487 2894 3524 τε
2915 3466 3068 3523 εἷπον
3092 3467 3227 3536 πρὸς
3265 3466 3390 3527 τοὺς
3421 3461 3690 3528 πρέσδεις
3721 3459 3894 3528 βασι-

2297 3571 2456 3635 λέως,
2479 3568 2573 3620 καὶ
2595 3566 2710 3635 ἅμα
2735 3561 3013 3634 Ἑρμίνιον
3046 3557 3304 3612 Ἰάκωϐον
3326 3555 3422 3608 καὶ
3445 3552 3668 3606 Πινέλον
3685 3552 3893 3603 Ἄντα-

2302 3663 2403 3736 ρὼ,
2419 3662 2584 3721 ὄντας
2603 3661 2666 3710 ἐκ
2687 3656 2798 3708 τῶν
2819 3672 2895 3707 πα
2908 3655 2955 3722 ρ’
2981 3651 3171 3713 αὐτοῖς
3189 3647 3470 3716 ἐπιφανῶν
3489 3645 3620 3714 πρὸς
3647 3642 3890 3716 βασιλέα

2266 3780 2275 3796 .
2301 3732 2561 3817 πρέσϐεις
2582 3741 2838 3811 ἔπεμψαν
2875 3736 3330 3809 ἰσχυρισομένους
3372 3735 3502 3802 περὶ⁵
3527 3733 3633 3784 τῶν
3668 3732 3890 3787 αὐτῶν.

2301 3835 2614 3892 Βασιλεῖδέ
2652 3834 2827 3888 ἐδόκει
2883 3833 2916 3902 ἡ
2967 3829 3236 3897 ἀπολογία
3284 3827 3383 3879 οὐκ
3439 3824 3713 3895 ἀρκοῦσα,
3747 3824 3898 3876 ἀλλὰ

2305 3925 2651 4000 προθεσμίαν
2682 3923 2806 3977 τινὰ
2833 3921 3014 3990 ἐζήτει
3049 3919 3172 3972 καθ’
3195 3917 3264 3987 ἢν
3290 3913 3633 3969 ἀποδώσουσι
3667 3911 3771 3972 τὴν
3805 3915 3901 3982 νῆ-

2305 4033 2432 4072 σον·
2465 4017 2500 4087 ἢ
2537 4016 2613 4086 μὴ
2655 4014 2910 4081 ἐγκαλεῖν
2961 4008 3273 4079 ἐπιορκίαν,
3305 4007 3372 4059 ἂν
3401 4005 3565 4066 αὐτὸς
3609 4003 3896 4073 ἀφέληται
3991 4001 3993 4006 ’

2303 4107 2576 4179 δυνηθείς.
2621 4105 2733 4158 Καὶ
2788 4102 3114 4170 συνέϐησαν,
3170 4098 3314 4150 ὥστε
3355 4096 3618 4155 Λατίνους
3656 4093 3759 4161 μὲν
3789 4095 3901 4163 τὴν

2306 4201 2449 4258 κατά
2471 4201 2570 4271 τὴν
2596 4197 2761 4268 νῆσον
2789 4194 2969 4257 πόλιν,
2997 4193 3129 4244 Χῖον
3155 4190 3251 4243 καὶ
3283 4187 3454 4258 αὐτὴν
3477 4201 3905 4258 προσαγορευο-

2306 4293 2501 4364 μένην,
2558 4289 2652 4341 ὲπὶ
2699 4287 2832 4339 δέκα
2882 4284 3029 4335 ἔτεσι
3067 4280 3345 4349 κατέχειν,
3397 4277 3494 4329 καὶ
3533 4272 3906 4344 καρποῦσθαι

2307 4387 2404 4448 τὰς
2440 4381 2737 4454 προσόδους
2759 4375 3110 4448 ’παρέχοντας
3141 4369 3414 4425 ἐνιαύσιον
3438 4364 3515 4435 τῷ
3539 4364 3757 4435 βασιλεῖ
3781 4365 3908 4416 δισ-

2311 4475 2517 4546 χιλίους
2571 4471 2664 4524 καὶ
2709 4467 2938 4537 μυρίους
2968 4463 3209 4534 χρυσοῦς
3234 4478 3247 4492 ·
3293 4459 3531 4529 ἐγείρειν
3577 4459 3633 4511 δὲ
3664 4461 3760 4511 καὶ
3793 4476 3905 4528 ση-

623 4575 798 4628 esset,
825 4567 916 4636 qui
946 4565 1268 4635 praelectum
1302 4581 1399 4636 pro
1431 4565 1695 4620 arbitratu
1733 4570 2090 4621 constitueret
2117 4578 2195 4624 :et

2316 4563 2482 4636 μαίαν
2510 4559 2796 4633 βασιλικὴν
2821 4559 2970 4629 ἐντὸς
2995 4555 3098 4623 τῆς
3125 4553 3333 4613 πόλεως
3368 4549 3510 4603 κατὰ
3531 4548 3592 4600 τὸ
3623 4547 3770 4611 ἔθος,
3802 4551 3908 4601 καὶ

629 4657 681 4713 is
722 4658 1017 4723 Romanos,
1043 4657 1136 4728 qui
1181 4657 1322 4712 intra
1353 4657 1544 4712 urbem
1571 4668 1941 4723 versarentur,
1975 4668 2209 4730 regeret,

633 4751 994 4821 privatasque
1043 4751 1362 4806 earumdem
1415 4749 1822 4805 controversias
1856 4732 2211 4819 disceptaret.

625 4844 790 4909 Quod
830 4842 878 4899 si
927 4841 1151 4898 Latinus
1179 4841 1448 4912 quispiam
1482 4841 1752 4907 Romano,
1789 4852 1883 4896 aut
1935 4841 2216 4899 Romanus

633 4933 841 5006 Latino
894 4934 1046 4989 litem
1097 4932 1436 4998 intenderet,
1487 4941 1772 5003 praetores,
1802 4949 1896 4988 seu
1949 4934 2216 5005 prtefecti,

631 5029 800 5088 simul
825 5029 915 5098 jus
955 5028 1063 5083 illis
1103 5028 1376 5093 dicerent,
1407 5037 1464 5083 et
1497 5028 1649 5082 litem
1677 5029 1978 5084 secundum
2009 5028 2213 5085 alteru-

636 5127 786 5184 trum
819 5117 1034 5172 darent.
1067 5115 1194 5172 Post
1237 5117 1424 5172 decem
1463 5131 1590 5171 vero
1629 5131 1804 5172 annos
1850 5118 1918 5172 ab
1947 5130 2212 5188 occupato

637 5225 674 5264 ι
700 5209 1086 5264 Cantacuzeno
1118 5207 1396 5280 Byzantio,
1425 5206 1602 5264 Latini
1651 5209 1786 5264 Chio
1818 5213 2033 5280 penitus
2058 5227 2218 5266 exce-

640 5299 858 5353 derent.
887 5297 1010 5352 Haec
1037 5310 1190 5366 pacta
1219 5297 1379 5367 legati
1424 5296 1796 5354 Genuensium
1831 5316 1955 5354 cum
1989 5302 2221 5370 impera-

2309 4653 2573 4727 ἀρχιερέα
2601 4646 2742 4703 εἶναι
2765 4651 2827 4701 ἐκ
2859 4647 2956 4716 τῆς
2974 4647 3030 4697 ἐν
3053 4643 3332 4713 Βυζαντίῳ
3353 4641 3683 4710 Ἐκκλησίας
3706 4658 3900 4709 κεχει-

2314 4747 2696 4823 ροτονημένον,
2729 4747 2824 4797 καὶ
2856 4744 3130 4811 εὐφημεῖν
3164 4743 3290 4800 τοὺς
3344 4736 3604 4808 βασιλέας
3647 4735 3796 4788 κατὰ
3834 4736 3914 4790 ’τὰ

2311 4837 2580 4902 σάϐϐατα,
2626 4835 2702 4897 ώς
2757 4833 2897 4897 ἔθος,
2935 4832 3128 4902 μνείαν
3155 4846 3217 4882 τε
3248 4827 3430 4883 αὐτῶν
3458 4825 3585 4888 τοὺς
3620 4825 3812 4893 ἱερέας
3851 4829 3916 4879 ἐν

2312 4932 2432 4992 ταῖς
2464 4925 2887 5000 ίεροτελεστίαις
2921 4921 3225 4986 ποιεῖσθαι,
3253 4920 3352 4973 καὶ
3388 4917 3556 4989 μηδὲν
3581 4915 3917 4970 κωλύεσθαι

2317 5022 2451 5093 παρ’
2505 5021 2740 5079 οὐδενός.
2793 5018 2906 5087 Τὴν
2940 5016 2996 5068 δὲ
3024 5013 3193 5084 ἀλλην
3229 5012 3394 5081 νῆσον
3422 5011 3667 5072 ἃπασαν,
3696 5009 3800 5062 καὶ
3837 5013 3921 5065 τὰ

2318 5113 2577 5186 φρούρια,
2627 5112 2721 5165 καὶ
2777 5111 2972 5178 κώμας
3018 5105 3125 5161 ὑπὸ
3172 5101 3448 5175 βασιλέως
3499 5099 3742 5170 ἔχεσθαι,
3802 5101 3922 5156 καὶ

2315 5207 2579 5280 ἄρχοντας
2611 5204 2794 5266 αὐτοῖς
2824 5202 2884 5255 ὃν
2930 5201 2999 5255 ἂν
3053 5198 3213 5270 ἐθέλῃ
3270 5196 3519 5266 ἐφιστᾷν,
3560 5192 3656 5246 τὸν
3693 5191 3750 5244 δὲ
3803 5195 3923 5247 καὶ

2319 5300 2426 5354 τῶν
2454 5299 2606 5362 ἐντὸς
2644 5297 2780 5350 Χίου
2807 5287 2905 5362 τῆς
2933 5293 3143 5354 πόλεως
3187 5288 3501 5358 Ῥωμαίων,
3531 5286 3748 5354 ἄρχειν.
3777 5284 3927 5340 Κᾶν

646 5399 765 5445 tore
811 5391 1069 5444 inierunt.
1113 5390 1335 5447 Simeon
1374 5405 1506 5446 vero
1557 5390 1852 5462 Benjuzus,
1899 5408 2090 5448 eorum
2130 5409 2195 5463 qu

2325 5392 2424 5463 μὲν
2467 5391 2725 5461 Ῥωμαίῳ
2766 5388 2902 5460 πρὸς
2946 5386 3220 5457 Ῥωμαῖον
3258 5383 3398 5449 ὑπὲρ
3448 5383 3593 5436 ἰδίων
3623 5380 3925 5450 ἀδικημά.-

645 5480 882 5538 insulam
915 5481 1170 5536 tenebant
1215 5479 1370 5537 facile
1405 5481 1680 5552 princeps,
1722 5482 2019 5553 cretei-ique
2051 5484 2223 5538 mani-

2323 5499 2434 5538 των
2465 5479 2879 5553 ἀμφισϐήτησις
2925 5473 2984 5549 ᾗ,
3015 5475 3169 5547 παρά
3199 5475 3288 5529 τὸν
3327 5472 3618 5544 Ῥωμαίων
3656 5469 3927 5541 ἄρχοντα

1182 5693 1190 5700 _
1874 5609 2093 5671 Jacobi
2125 5610 2389 5672 Pontani
2435 5618 2622 5672 notae.

723 5710 839 5779 (9t)
870 5711 1052 5782 Ipsius
1079 5711 1200 5767 Chii
1231 5708 1382 5765 urbis
1410 5719 1650 5782 tantum,
1686 5725 1756 5765 an
1787 5710 1957 5782 totius
1985 5711 2224 5766 insulae?
2331 5712 2478 5778 dem,
2513 5723 2574 5768 ut
2601 5711 2699 5766 lib.
2727 5725 2766 5764 ιι
2797 5707 3007 5782 dictum
3035 5713 3278 5782 est,_t_ota
3305 5703 3484 5782 insula
3526 5711 3743 5782 tantum
3775 5702 3888 5758 red
3911 5734 3931 5743 -

647 5779 709 5834 Si
742 5779 951 5836 tantum
983 5782 1156 5846 urbis,
1185 5779 1462 5849 quomodo
1488 5791 1786 5848 potuerunt
1816 5781 2129 5848 imperatori
2165 5782 2219 5835 in

651 5863 830 5920 annos
875 5852 1118 5924 singulos
1154 5850 1394 5925 pendere
1443 5849 1634 5920 viginti
1669 5851 1776 5907 duo
1813 5850 2012 5918 millia,
2052 5852 2222 5920 siqui-

2321 5773 2486 5840 dcbat
2517 5784 2570 5839 in
2599 5797 2804 5838 annum
2839 5780 3062 5837 centum
3089 5777 3260 5835 millia
3285 5783 3342 5832 et
3373 5773 3608 5846 viginti?
