4028 6476
479 343 582 412 103

1633 335 1958 403 JOANNIS
1994 333 2513 401 CANTACUZENI

3615 331 3718 400 104

464 463 592 532 quia
645 469 800 532 pater
853 458 1090 530 imperio
1156 473 1215 513 se
1271 456 1601 521 abdicasset,
1642 456 1764 525 plus
1797 470 1854 510 se
1888 467 2046 524 posse

2166 437 2574 525 εὐγνωμοσύνης
2605 452 2864 523 εὐμαρῶς
2897 450 3159 520 φέροντες
3211 450 3334 503 ὅσον
3371 451 3475 504 ὑπὸ
3521 453 3679 516 δέους
3704 459 3720 474 ⁸

467 553 659 608 conﬁsi
692 569 708 609 :
749 561 804 608 et
850 551 1079 620 insuper
1113 549 1308 602 Asanis
1349 547 1516 602 lsaaci
1561 547 1707 610 liliis,
1737 545 1829 615 qui
1863 545 1992 598 illuc
2019 558 2048 598 a

470 643 778 711 Pateologo
822 641 887 695 ad
922 639 1152 694 insulam
1177 636 1574 708 procurandam
1607 635 1757 690 missi
1782 642 1960 696 erant,
1983 634 2050 687 ad

470 748 621 791 arma
651 749 745 788 eos
800 733 1201 796 revocantibus,
1228 729 1469 784 universi
1501 727 1656 782 simul
1693 741 1758 780 ac
1799 726 2049 793 despota,

472 834 672 896 praeter
716 825 931 879 unicam
985 825 1212 885 urbem,
1271 823 1431 886 cuius
1473 816 1796 888 praesidiarii
1847 816 2045 870 milites

404 925 406 928 ’
474 934 661 972 arcem
688 929 884 971 natura
924 917 1049 979 loci,
1097 924 1153 968 ct
1182 928 1347 982 opere
1389 908 1860 980 inexpugnabilem
1895 915 2049 989 tene-

475 1011 628 1071 bant,
675 1008 1014 1062 defecerunt.
1053 1004 1319 1059 (Steterunt
1363 1003 1586 1071 despota
1635 999 1748 1053 suis
1793 998 2056 1052 duntaxat

473 1098 706 1167 copiolis
756 1105 812 1150 et
836 1096 1005 1149 armis
1039 1095 1220 1148 denuo
1269 1089 1582 1160 subiugavit
1614 1101 1828 1142 omnes.
1858 1088 1932 1140 Ex
1961 1087 2055 1142 illo

476 1187 678 1242 bellum
721 1186 984 1240 adversus
1023 1198 1148 1236 eum
1207 1179 1427 1252 penitus
1458 1178 1644 1232 valere
1685 1176 1963 1246 iubentes,
1986 1173 2055 1230 ad

476 1292 663 1346 pacem
696 1277 988 1345 ipsumque
1017 1273 1309 1328 colendum
1331 1285 1392 1326 se
1419 1268 1712 1334 dederunt,
1736 1266 2057 1336 plurimum-

475 1382 584 1434 que
623 1366 750 1421 inde
797 1361 1157 1420 emolumenti
1198 1367 1530 1423 senserunt;
1561 1357 1780 1428 quando
1825 1365 1882 1410 et
1911 1354 2058 1410 arvis

480 1458 771 1527 imperare,
821 1465 880 1509 et
911 1453 1228 1525 pecuariam
1259 1451 1460 1515 facere,
1503 1458 1559 1507 et
1590 1448 1968 1519 possessiones
1993 1462 2059 1503 ac

479 1550 678 1603 fundos
711 1547 912 1601 multos
941 1544 1222 1615 acquirere
1244 1543 1464 1609 licebat,
1493 1557 1616 1597 cum
1648 1542 1801 1610 prius
1829 1539 2058 1610 despota

478 1641 831 1704 adveniente,
881 1648 1080 1710 praeter
1134 1638 1318 1702 urbes,
1352 1647 1405 1692 et
1445 1637 1546 1691 has
1583 1635 1947 1691 seditionibus
1994 1648 2058 1689 ac

475 1731 763 1786 discordiis
798 1730 1070 1784 intestinis
1111 1741 1284 1800 aegras
1316 1743 1380 1783 ac
1416 1728 1714 1796 depositas,
1749 1726 1888 1781 nihil
1923 1725 2062 1780 luis-

476 1831 581 1877 set.
621 1822 798 1876 Latini
844 1837 974 1876 vero
1005 1821 1244 1892 principi
1279 1819 1536 1889 subjecti,
1569 1819 1800 1888 primum
1833 1817 2053 1887 quidem

478 1924 535 1966 et
577 1912 680 1980 ipsi
727 1911 1007 1981 despotam
1051 1910 1223 1964 armis
1284 1908 1504 1980 aggredi
1550 1907 1972 1972 constitueram,
2002 1912 2056 1958 et

481 2004 744 2058 infestare
797 2004 983 2065 urbes,
1019 2003 1161 2074 quod
1214 2017 1314 2056 nec
1345 2009 1472 2055 ante
1501 2000 1822 2056 omiserant.
1856 1997 2055 2052 Verum

480 2107 594 2151 tota
624 2095 853 2151 audacia
888 2097 1039 2150 brevi
1069 2101 1316 2165 tempore
1352 2108 1514 2148 secus
1541 2094 1741 2156 cessit;
1776 2089 1878 2160 ipsi
1909 2088 2056 2143 enim

481 2189 622 2244 bello
676 2189 857 2258 potius
913 2187 1095 2242 alllicti
1146 2195 1274 2240 sunt
1327 2184 1700 2239 vehementer.
1748 2181 1906 2247 Quod
1933 2195 2056 2235 cum

485 2281 876 2351 intelligerent,
937 2295 1033 2349 per
1075 2279 1280 2347 legatos
1317 2278 1513 2331 obnixe
1561 2284 1866 2346 precantes,
1897 2291 1925 2328 a
1967 2275 2061 2329 dc-

484 2381 638 2438 spota
661 2370 811 2438 pacis
839 2368 1015 2422 laedus
1041 2367 1427 2437 impetrarunt,
1449 2374 1506 2418 ut
1529 2364 1582 2418 in
1612 2365 1815 2419 ditionc
1840 2363 2059 2432 quidem

481 2476 546 2514 ac
588 2469 854 2530 potestate
883 2459 1164 2528 principis,
1202 2457 1374 2527 ipsius
1420 2465 1602 2510 autem
1642 2455 1802 2510 amici
1836 2471 1898 2509 ac
1926 2453 2060 2509 socii

485 2561 703 2610 essent;
733 2550 904 2604 sicubi
935 2564 1124 2603 eorum
1156 2562 1377 2616 operam
1417 2546 1472 2598 in
1507 2545 1681 2599 insula
1717 2553 1772 2599 et
1797 2555 1947 2598 extra
1979 2543 2066 2596 in-

486 2642 662 2698 sulam
689 2641 1284 2708 requireret,prompte
1315 2637 1464 2690 illum
1487 2636 1602 2690 suis
1615 2635 1900 2704 stipendiis
1921 2632 2065 2686 mili-

489 2743 669 2790 tantes
705 2733 1045 2803 adiuvarent.
1080 2730 1216 2784 llinc
1266 2736 1538 2783 ettontra
1566 2724 1759 2782 Persas
1782 2727 2066 2798 prmdones

487 2826 686 2894 saepius
711 2825 761 2879 ei
789 2824 1049 2878 auxilium
1075 2821 1346 2883 tulerunt,
1381 2817 1667 2888 multaque
1701 2832 1822 2872 cum
1853 2832 1916 2870 eo
1937 2832 2067 2870 con-

498 2925 579 2970 tra
630 2915 892 2970 Barbaros
942 2922 1142 2984 tropaea
1203 2919 1559 2966 statuerunt:
1593 2917 1645 2962 et
1701 2909 1754 2962 in
1803 2907 2064 2963 ilmotiam

489 3012 679 3062 contra
731 3006 1021 3074 quemdam
1051 3019 1081 3056 e
1131 3001 1333 3056 Latialis
1381 3000 1687 3070 dynastam,
1737 2997 2064 3051 Runtzeretn

2153 547 2248 602 τοῦ
2295 546 2429 616 πρὸς
2459 545 2724 615 ἀλλήλους
2761 543 2818 596 δέ
2843 542 2952 606 τῷν
2981 541 3249 612 βασιλέων
3275 541 3430 605 αὖθις
3483 543 3725 612 πολέμου

2153 637 2661 709 άναρῤιπισθέντος,
2688 635 2784 688 καὶ
2812 633 2907 686 τοῦ
2937 635 3060 686 νέου
3085 631 3351 701 βασιλέως
3374 633 3467 686 τοῦ
3494 633 3729 687 Παλαιο-

2154 731 2314 798 λόγου
2347 730 2457 781 τῶν
2487 727 2831 796 πραγμάτων
2855 725 3143 794 ἄρξαντος,
3188 723 3343 786 αὖθις
3378 725 3429 776 oi
3457 725 3731 778 Πελοπονο

2156 822 2332 889 νήσιοι
2357 819 2445 872 διὰ
2473 819 2534 872 τδ
2559 817 2787 887 βασιλέα
2813 817 2904 869 τὸν
2934 816 3144 885 πατέρα
3165 813 3477 868 πεπαῦσθαι
3507 817 3604 885 τῆς
3630 817 3730 886 ἁρ-

2156 909 2280 979 χῆς,
2328 909 2658 978 δυνήσεσθαί
2707 925 2762 960 τι
2815 907 2978 959 πλέον
3022 906 3318 973 οἰηθέντες,
3344 906 3515 968 ἄλλως
3543 923 3602 959 τε
3634 907 3730 958 καὶ

2155 1001 2264 1052 τῶν
2293 1000 2493 1067 Ἀσάνη
2524 999 2617 1052 τοῦ
2667 999 2938 1053 Ἰσαακίου
2973 997 3105 1050 υίῶν
3137 996 3444 1064 ἐναγόντων
3470 997 3607 1066 πρδς
3637 997 3732 1048 τὸν

2158 1090 2416 1162 πόλεμον,
2448 1091 2498 1144 οἳ
2525 1085 2667 1160 ἦσαν
2691 1092 2810 1144 ἐκεῖ
2860 1090 2963 1143 ὑπὸ
2995 1088 3258 1158 βασιλέως
3291 1087 3386 1140 τοῦ
3435 1089 3556 1140 νέου
3603 1089 3733 1140 ἐπι-

2157 1181 2446 1252 τροπεύειν
2474 1182 2820 1249 πεμφθέντες
2853 1182 2954 1250 τῆς
2999 1181 3437 1249 Πελοποννήσου,
3473 1179 3733 1248 σύμπαν-

2155 1285 2247 1336 τες
2280 1271 2420 1343 δμοῢ
2449 1273 2767 1343 ἀπέστησαν
2796 1273 3080 1332 δεσπότου,
3124 1272 3264 1340 πλὴν
3314 1273 3446 1341 μιᾶς
3498 1270 3733 1344 πόλεως,

2154 1355 2224 1436 ἧς
2253 1363 2468 1433 φρουρὰ
2491 1365 2714 1435 κατεῖχε
2741 1363 2841 1434 τὴν
2887 1362 3189 1434 ἀκρόπολιν
3231 1361 3514 1416 ἀνάλωτον
3560 1355 3737 1414 οὖσαν

2155 1453 2245 1508 διὰ
2281 1455 2662 1525 καρτερότητα
2713 1455 2814 1524 τήν
2847 1470 2904 1506 τε
2963 1452 3201 1522 φυσικὴν
3271 1453 3366 1506 καὶ
3408 1452 3506 1522 τὴν
3563 1445 3736 1505 ιίατε-

2159 1547 2564 1617 σκευασμένην.
2612 1547 2672 1599 Ὀ
2701 1547 2758 1598 δέ
2787 1548 2852 1616 τῇ
2892 1546 3131 1615 σφετέρᾳ
3169 1543 3478 1615 χρώμενος,
3501 1544 3738 1610 δυνάμει

2163 1640 2321 1710 μόνῃ,
2350 1637 2510 1701 αὖθίς
2537 1654 2597 1690 τε
2637 1637 2862 1707 ἐκράτει
2892 1637 3246 1705 συμπάντων,
3283 1635 3375 1688 καὶ
3404 1637 3515 1710 τοῖς
3544 1635 3736 1696 ὅπλοις

2159 1727 2442 1797 χρώμενος
2484 1725 2891 1781 κατεδουλοῦτο.
2931 1724 3023 1789 Ἐξ
3046 1726 3254 1777 ἐκείνου
3287 1725 3345 1778 δέ
3379 1724 3738 1776 παντάπασιν

2157 1820 2482 1880 ἀπειπόντες
2511 1819 2574 1870 τὸ
2622 1819 2817 1885 ἐκείνῳ
2849 1815 3125 1886 πολεμεῖν,
3159 1817 3256 1886 τήν
3289 1833 3347 1867 τε
3398 1816 3532 1883 πρὸς
3568 1815 3740 1883 am-

2157 1909 2282 1974 λους
2309 1909 2645 1972 ἀσπάζονται
2670 1911 2897 1980 εἰρήνην
2960 1909 3058 1960 καὶ
3091 1908 3186 1976 τὴν
3226 1908 3362 1977 πρὸς
3400 1909 3605 1959 ἐκεῖνον
3640 1905 3740 1956 εὗ-

2159 2023 2326 2068 νοιαν,
2356 2007 2451 2058 καὶ
2507 2005 2574 2057 τά
2619 2005 2855 2074 μέγιστα
2902 2004 3215 2073 ὠφέληνται
3264 2004 3327 2054 ὲκ
3373 2004 3586 2065 τούτου,
3641 2003 3741 2056 ἐπὶ

2157 2099 2431 2168 γεωργίας
2457 2098 2813 2167 τραπόμενοι,
2848 2098 2943 2150 καὶ
2991 2096 3354 2165 βοσκημάτων
3383 2097 3736 2162 ἐπιμέλειαν,

2159 2189 2255 2242 καὶ
2286 2189 2508 2259 κτήσεις
2539 2189 2841 2256 ἐκτήσαντο
2872 2190 2930 2240 ἐν
2963 2190 3078 2248 τοῖς
3109 2189 3299 2255 ἀγροῖς
3332 2187 3555 2251 πολλάς,
3598 2188 3737 2255 πρό-

2160 2289 2318 2346 τερον
2347 2279 2468 2331 καθ’
2499 2279 2558 2331 ὃν
2583 2279 2850 2345 δεσπότης
2881 2280 3080 2346 ἀφῖκτο
3117 2280 3308 2347 χρόνον
3339 2277 3553 2339 οὐδενδς
3581 2276 3741 2339 δντος

2163 2371 2303 2440 πλὴν
2333 2371 2444 2422 τῶν
2473 2371 2700 2432 πόλεων,
2734 2370 2831 2425 καὶ
2855 2370 3061 2423 τούτων
3087 2370 3190 2422 ὑπὸ
3220 2369 3329 2422 τῶν
3362 2370 3605 2422 στάσεων
3627 2368 3742 2420 διε-

2165 2453 2518 2530 φθαρμένων.
2560 2463 2776 2516 Λατῖνοι
2804 2461 2862 2514 δὲ
2897 2462 2946 2512 οἱ
2975 2461 3236 2530 πρίγκιπι
3258 2461 3516 2530 ὑπήκοοι,
3540 2459 3743 2530 πρῶτα

2169 2553 2266 2622 μὲν
2295 2555 2388 2607 καὶ
2435 2554 2588 2606 αὐτοὶ
2625 2553 2884 2624 ὥρμηντο
2915 2552 3152 2620 δεσπότῃ
3179 2551 3456 2618 πολεμεῖν,
3497 2551 3592 2603 καὶ
3638 2568 3746 2604 κα-

2165 2647 2276 2710 κῶς
2307 2649 2481 2700 ποιεῖν
2528 2645 2624 2708 τὰς
2681 2644 2887 2708 πόλεις,
2913 2643 3034 2696 οὒδέ
3076 2643 3344 2712 πρότερον
3377 2639 3739 2710 ἀμελοῦντες

2166 2742 2244 2802 είς
2272 2735 2582 2790 τούναντίον
2613 2735 2670 2787 δὲ
2711 2735 2858 2788 ἅπαν
2882 2735 2943 2786 τὸ
2970 2733 3232 2804 τόλμημα
3276 2737 3333 2786 ἐν
3365 2733 3533 2802 ὀλίγῳ
3559 2732 3747 2802 χρόνῳ

2165 2829 2398 2890 ἐκείνοις
2427 2827 2692 2897 περιέστη
2711 2841 2726 2856 ⁶
2754 2825 2954 2896 μᾶλλον
2981 2825 3090 2896 γὰρ
3116 2825 3268 2880 αὐτοὶ
3296 2825 3478 2887 κακῶς
3503 2823 3748 2894 ἔπασχον

2168 2921 2308 2974 κατὰ
2335 2921 2425 2972 τὸν
2475 2921 2730 2988 πόλεμον.
2765 2919 3074 2981 Συνιδόντες
3109 2918 3164 2970 δὲ
3210 2917 3395 2980 αὐτοῖς
3447 2917 3545 2969 οὐκ
3581 2916 3748 2982 ὀλίγα

2168 3012 2566 3082 λυμαινόμενον
2596 3011 2690 3063 τὸν
2741 3011 2999 3075 πόλεμον,
3034 3010 3326 3080 πρεσϐείας
3356 3008 3746 3086 ποιησάμενοι,

490 3098 559 3152 de
582 3098 738 3150 Loria
765 3097 1119 3165 appellatum,
1148 3109 1250 3147 una
1274 3093 1621 3160 irruperunt:
1643 3091 1822 3158 deque
1855 3103 2064 3142 morum

2171 3103 2268 3157 καὶ
2292 3103 2462 3156 πολλὰ
2493 3103 2754 3156 δεσπότου
2783 3102 3091 3171 δεηθέντες,
3137 3101 3362 3154 ἔπεισαν
3393 3099 3580 3152 θέσθαι
3607 3099 3751 3168 πρὸς

494 3190 759 3246 suavitate
836 3199 889 3241 et
949 3177 1208 3242 ﬁdelitate
1267 3185 1464 3239 eximie
1525 3182 1678 3236 illum
1736 3181 2068 3236 dilexerunt.

488 3277 608 3338 ,ιω
639 3281 784 3334 enim
807 3278 1025 3349 pridem
1075 3279 1280 3332 nullius
1310 3274 1566 3347 promissi
1613 3273 1770 3327 (idem
1816 3272 2073 3327 fefellisse

493 3381 809 3441 compertus
850 3380 958 3424 est.
987 3368 1141 3424 Unde
1188 3370 1238 3423 si
1273 3367 1402 3437 quid
1433 3381 1498 3419 eo
1533 3372 1714 3436 egent,
1743 3364 1859 3434 eius
1894 3372 2073 3417 tamen

493 3464 852 3535 iureiurando
882 3477 989 3515 non
1021 3471 1202 3529 egent,
1221 3476 1344 3514 cum
1373 3459 1437 3513 ad
1466 3458 1624 3513 ﬁdem
1656 3457 1880 3510 verbum
1903 3457 2075 3526 ipsius

497 3557 702 3610 nudum
751 3553 982 3607 sulliciat
1021 3552 1156 3619 (95).
1200 3551 1608 3620 Peloponnesus
1653 3549 1836 3618 itaque
1893 3565 1922 3602 a
1967 3549 2077 3602 Ma-

497 3645 661 3699 nnelc
721 3644 1092 3698 Cantacuzeni
1178 3642 1290 3696 lilio
1355 3641 1544 3696 multis
1593 3640 1869 3695 cumulata
1925 3640 2080 3693 honis

497 3735 590 3807 (ob
617 3751 738 3805 quze
769 3751 942 3804 usque
972 3734 1133 3788 hodie
1156 3735 1224 3788 ab
1247 3734 1492 3787 hostibus
1528 3732 1727 3786 invicta
1753 3729 1982 3798 manet),
2012 3732 2080 3786 ab

498 3829 690 3884 eodem
739 3837 1024 3882 mansuete
1063 3835 1120 3880 et
1181 3841 1303 3879 cum
1346 3825 1708 3880 sollicitudine
1737 3839 1858 3896 erga
1899 3826 2080 3895 subice

493 3932 618 3978 etos
644 3920 806 3974 etiam
839 3932 989 3972 nunc
1024 3917 1464 3972 administratur.

502 4017 625 4087 ρίαν
680 4014 1244 4084 προσαγορευόμενον,

2171 3195 2368 3256 αὐτοὺς
2396 3194 2628 3256 σπονδὰς
2656 3194 2961 3264 εἰρηνικάς,
2991 3193 3129 3246 ὥστε
3155 3190 3293 3246 εἶναι
3328 3191 3608 3258 ὑπηκόους
3640 3192 3748 3260 μὲν

2171 3284 2454 3353 πρίγκιπι,
2479 3283 2626 3351 αὑτῷ
2649 3283 2704 3335 δὲ
2747 3283 2933 3352 φίλους
2964 3283 3058 3335 καὶ
3082 3284 3426 3352 συμμάχους,
3466 3283 3557 3332 καί
3588 3280 3749 3332 ἔνδον

2171 3395 2232 3430 τε
2265 3375 2680 3444 Πελοποννήσου
2710 3375 3006 3446 προθύμως
3051 3374 3379 3442 συμμαχεῖν,
3477 3372 3542 3424 ἂν
3573 3372 3754 3426 δέοιτο

2173 3469 2352 3526 αὐτῶν
2381 3470 2444 3520 ἐκ
2481 3468 2592 3520 τῶν
2653 3468 2871 3520 οίκείων
2925 3468 3312 3536 τρεφομένους,
3349 3466 3442 3519 καὶ
3485 3466 3643 3526 ὲκτῖς
3690 3465 3755 3515 δ-

2183 3560 2372 3630 μοίως.
2402 3559 2566 3612 Ὅθεν
2599 3560 2889 3629 μαχομένῳ
2919 3575 2972 3610 τε
3005 3558 3140 3627 πρὸς
3177 3558 3395 3626 Πέρσας
3424 3557 3615 3608 ναυσὶν
3635 3556 3758 3610 ἐπι-

2181 3648 2578 3719 στρατεύοντας
2625 3648 2885 3710 πολλάκις
2944 3650 3350 3717 συνεμάχησαν,
3383 3647 3476 3699 καὶ
3533 3645 3788 3698 πολίῶν⁴

2181 3739 2330 3809 αὐτῷ
2358 3738 2634 3810 τροπαίων
2686 3739 3051 3807 ἐκοινώνησαν
3091 3737 3231 3790 κατὰ
3283 3735 3578 3805 βαρϐάρων
3604 3778 3615 3797 ,
3654 3737 3761 3789 καὶ

2181 3829 2259 3891 εἱς
2281 3827 2545 3880 Βοιωτίαν
2577 3828 2960 3880 συνεισέϐαλον
2988 3828 3123 3898 πρός
3150 3841 3270 3879 τινα
3297 3826 3406 3878 τῶν
3441 3828 3556 3878 ἐκεῖ
3583 3825 3759 3876 δυνα-

2183 3901 2479 3969 στευόντων
2513 3917 2755 3994 Λατίνων
2797 3916 3123 3986 πολεμοῦντι
3157 3914 3486 3984 Ῥουτζέρην
3535 3913 3762 3966 Ντελω-

1323 4011 1528 4081 πολλήν
1587 4028 1647 4063 τε
1714 4009 1927 4063 εὔνοιαν
1977 4011 2113 4080 πρὸς
2151 4012 2312 4065 αὐτὸν
2351 4012 2648 4082 ἐκτήσαντο
2710 4010 2797 4065 διὰ
2824 4012 2922 4082 τὴν
2952 4011 3253 4064 ἐπιείκειαν
3307 4012 3400 4062 καὶ
3446 4006 3763 4077 τὺςιλάλη-

501 4110 616 4170 θες.
660 4108 748 4160 Ἐν
778 4109 954 4176 χρόνῳ
980 4107 1088 4175 γὰρ
1121 4107 1225 4177 ἤδη
1267 4107 1366 4158 οὑκ
1410 4106 1577 4177 ὀλίγῳ
1610 4105 1869 4158 οὐδέποτε
1923 4107 2076 4159 οὐδὲν
2117 4108 2290 4176 ἐφάνη
2349 4107 2457 4160 τῶν
2524 4108 2953 4177 ἐπηγγελμένων
3007 4107 3362 4175 ἐψευσμένος.
3405 4105 3568 4158 Ὅθεν
3631 4103 3761 4157 ονζδξτ

499 4204 681 4272 ὅρκων
714 4201 924 4255 δέονται
952 4201 1016 4269 ἦν
1044 4218 1097 4254 τι
1121 4200 1350 4254 δέωνται
1409 4201 1618 4253 ἐκείνου
1644 4217 1658 4230 ·
1684 4201 1801 4254 ἀλλ’
1858 4201 2157 4273 ἀξιόχρεως
2191 4204 2375 4264 αὐτοῖς
2415 4203 2548 4272 πρὸς
2595 4203 2798 4268 πίστιν,
2834 4204 2928 4256 καὶ
2978 4203 3132 4269 λόγος
3186 4202 3506 4272 προϊέμενος
3541 4200 3758 4261 ἁπλῶς.

504 4297 578 4348 Ἥ
610 4294 705 4362 μὲν
757 4289 851 4345 οὖν
893 4293 1300 4363 Πελοπόννησος
1337 4293 1510 4356 οὕτως
1547 4294 1736 4362 ἄγεται
1790 4293 1952 4364 μέχρι
2021 4294 2114 4347 νῦν
2153 4295 2260 4347 ὑπὸ
2294 4295 2558 4347 δεσπότου
2610 4293 2866 4364 Μανουὴλ
2930 4293 3025 4346 τοῦ
3081 4291 3536 4360 Καντακουζηνοῦ
3579 4290 3762 4342 πολλὰ

473 4381 858 4454 οὼφελουμένη
892 4387 957 4440 ἐκ
982 4404 1039 4440 τε
1080 4382 1155 4444 ὧν
1185 4391 1295 4451 τοῖς
1332 4389 1614 4458 πολεμίοις
1647 4389 1916 4459 ἀήττητος
1951 4389 2076 4458 ἄχρι
2111 4388 2206 4442 νῦν
2261 4389 2621 4453 διατετέλεκε,
2692 4389 2788 4442 καὶ
2857 4390 2967 4451 τοῖς
3021 4389 3288 4457 ὑπηκόοις
3341 4389 3620 4456 προσηνὴς
3659 4389 3766 4439 καὶ

501 4480 631 4549 κηδε
639 4483 885 4550 μονικός.

1831 4597 1993 4667 75:.
2032 4597 2257 4652 csrur‘
2303 4598 2436 4652 λιν.

508 4688 722 4764 Legatio
759 4694 828 4744 ad
872 4694 1159 4764 sultanum
1188 4692 1407 4764 [Ἐθεριὶ
1453 4711 1546 4763 pro
1572 4691 1885 4745 Christianis
1908 4707 1937 4764 _:
1965 4692 2103 4742 citra
2158 4694 2307 4757 cujus
2339 4707 2778 4764 assensumnou
2819 4701 3059 4764 poterunt
3107 4708 3329 4761 episcopi
3377 4692 3601 4745 restitui.
3657 4690 3773 4744 Pa-

578 4761 1373 4833 triarchajlierosolymittinus
1418 4761 1722 4822 aecttsatur,
1763 4761 1953 4833 gradu
2010 4771 2267 4833 movetur,

2323 4761 2462 4828 {nine
2514 4761 2825 4827 cruciatur,
2867 4761 2934 4814 ad
2998 4762 3426 4814 Cantacuzcnum
3481 4761 3772 4828 confugere

579 4831 771 4892 nitens,
810 4830 1170 4887 Galatworu'm
1203 4834 1571 4886 invitationem
1625 4840 1671 4882 et
1704 4831 1872 4882 minus
1904 4832 2211 4890 contemnit,
2241 4830 2470 4883 hostibus
2506 4831 2756 4886 traditur.
2797 4830 3122 4885 Patriarchw
3154 4831 3208 4882 in
3255 4830 3368 4882 eum
3429 4833 3763 4886 humanitas.

577 4910 758 4980 postea
789 4903 1184 4980 inhumanitas;
1213 4919 1275 4980 ’ᾳ
1308 4901 1674 4980 Cantacuzeno
1714 4898 2002 4980 liberaliter
2044 4899 2315 4980 ΔΙιαόειιιιῃ
2372 4904 2440 4980 ad
2502 4901 2776 4980 sultanum
2828 4901 3025 4969 legatus
3082 4901 3347 4962 mittitur;
3381 4917 3473 4971 per
3524 4899 3767 4951 eumdem

576 4967 686 5023 sedi
717 4987 826 5025 sua:
854 4975 1171 5026 restituitur.
1204 4971 1418 5025 Littera:
1463 4969 1695 5038 ejusdem
1725 4969 1794 5019 ad
1833 4969 2224 5036 imperatorem.
2264 4967 2329 5020 In
2369 4970 2474 5034 {ine
2508 4970 2625 5023 laus
2667 4967 3044 5025 Cantacitzeni.

577 5083 696 5138 lam
727 5101 856 5140 vero
878 5088 1171 5156 imperator
1206 5087 1271 5140 ad
1297 5086 1534 5155 tEgypti,
1593 5084 1764 5152 Syria!
1794 5091 1848 5136 et
1875 5081 2064 5136 ludant

2262 5083 2522 5148 Βασιλεὺς
2553 5086 2609 5138 δὲ
2647 5087 2741 5138 καὶ
2778 5087 2914 5156 πρὸς
2945 5088 3036 5140 τὸν
3081 5089 3358 5156 Αἰγύπτου
3421 5089 3514 5141 καὶ
3559 5088 3768 5157 Συρῖας

510 5179 783 5232 sultanum
820 5180 1144 5248 legationem
1185 5195 1281 5250 pro
1315 5179 1530 5231 illarum
1581 5175 1860 5245 regionum
1921 5173 2081 5229 Chri-

510 5269 710 5324 stianis
746 5269 912 5324 misit.
943 5262 1129 5340 Legati
1158 5266 1564 5332 erantManuel,
1609 5265 1959 5336 Sergopolus,
2008 5266 2085 5320 ci.

2194 5177 2288 5229 καὶ
2323 5173 2579 5239 Ἰουδαίας
2624 5177 2858 5228 σουλτάν
2892 5178 3031 5247 ὑπὲρ
3059 5179 3168 5230 τῶν
3198 5179 3382 5249 ἐκείνῃ
3413 5179 3769 5248 Χριστιανῶν

2193 5267 2495 5332 πρεσϐείαν
2526 5269 2779 5322 ἐποιεῖτο.
2820 5269 3153 5342 Πρεσϐευταὶ
3189 5271 3247 5324 δὲ
3287 5267 3426 5342 ἦσαν
3457 5271 3519 5323 ἐκ
3561 5288 3621 5323 τε
3655 5271 3770 5324 τῶν

1743 5393 1959 5454 Jacobi
1995 5392 2262 5455 Pontani
2297 5402 2490 5458 nota).

576 5515 687 5583 (95)
716 5514 926 5584 Nempe
954 5525 1016 5569 ut
1036 5515 1364 5570 Xenocratis
1397 5513 1710 5584 philosophi
1742 5514 2076 5584 gravissimi,

459 5644 465 5651 δ
514 5583 756 5636 Platonis
805 5583 1086 5654 discipuli,
1136 5585 1292 5652 cuius
1337 5583 1523 5640 verbis
1570 5595 1723 5639 tanta
1750 5583 2082 5637 habebatur

519 5653 653 5705 tides
683 5654 928 5717 Athenis,
956 5653 1022 5706 ut
1053 5669 1176 5708 cum
1213 5653 1434 5721 iniurati
1466 5655 1671 5708 nullius
1705 5654 2086 5708 testimonium

513 5723 929 5788 admitteretur,
973 5724 1100 5778 huic
1128 5722 1229 5776 soli
1263 5725 1499 5794 iniurato
1528 5725 1860 5780 crederetur.
1894 5721 2088 5777 Cicero

2179 5516 2252 5585 de
2277 5515 2505 5569 Platone
2539 5517 2701 5585 ipson
2758 5519 3218 5576 Tusculanarum:
3254 5520 3318 5576 Ut
3341 5522 3478 5576 enim
3499 5522 3770 5578 rationem

2184 5584 2345 5665 Pluto
2368 5584 2575 5665 nullam
2597 5589 2812 5665 afferret
2838 5591 2971 5658 (uide
2996 5592 3121 5664 quid
3139 5593 3336 5647 homini
3357 5593 3771 5665 tribuam),ipsa

2189 5658 2509 5710 auctoritate
2545 5673 2627 5712 me
2656 5658 2948 5728 frangeret.
