4028 6474
306 416 407 478 109

1492 418 2041 481 IllSTORls\llU.\l
2082 420 2315 479 LIBER
2360 421 2458 483 ιν.

3455 428 3556 490 110

297 537 329 607 ἢ
356 539 614 610 ἠπείλουν
638 540 907 595 ἐκδιδόναι
946 542 1061 604 τοῖς
1083 540 1349 607 αἰτοῦσιν,
1379 541 1470 609 ὑφ’
1522 536 1598 594 ὧν
1626 541 1884 594 πείσεται

1997 539 2337 594 minutorum
2385 549 2439 595 et
2474 538 2884 609 despicabilium
2919 539 3188 594 bonorum
3219 541 3506 611 promissis
3538 559 3570 598 a

299 632 593 700 ἀνήκεστα.
646 633 704 687 Ὀ
731 634 791 688 δέ
828 635 890 687 οὐ
925 634 1183 687 τοσοῦτον
1244 633 1416 688 ἔδεισε
1475 634 1575 696 τὰς
1631 633 1882 697 ἀπειλὰς,

294 721 421 785 δσον
442 721 540 790 τῆς
566 721 796 776 ἐκείνων
827 724 1010 785 ἀνοίας
1031 724 1323 790 κατεγέλα,
1356 725 1404 777 εἰ
1455 722 1668 792 μικρῶν
1718 722 1886 775 ’ἑνεκα

301 814 396 866 καὶ
444 813 942 884 εὐκαταφρονήτων
995 815 1094 886 τῆς
1148 816 1382 887 πατρίου
1437 816 1597 885 δόξης
1646 814 1884 885 ἤλπισαν

297 905 643 974 ἀποστήσειν,
679 900 1044 976 ἀντηπείλησέ
1066 924 1125 959 τε
1154 908 1248 961 καὶ
1278 906 1467 971 αὐτὸς,
1498 907 1574 970 ὡς
1632 907 1762 979 ῥᾷον
1817 906 1885 959 ἂν

299 997 459 1059 αὐτὸς
488 997 685 1060 αὐτοὺς
712 998 823 1050 τῶν
853 999 1040 1060 κακῶς
1098 999 1458 1069 μεταστήσειε
1517 997 1876 1065 δεδογμένων,

301 1086 333 1154 ἥ
372 1085 536 1148 αὐτὸς
559 1088 951 1158 συναπαχθείη,
983 1087 1016 1158 ἢ
1055 1088 1316 1158 μεγάλαις
1360 1087 1582 1156 ἀγαθῶν
1638 1088 1883 1155 ἐπαγγε-

300 1177 517 1249 λίαις,ἢ
559 1178 668 1232 τῶν
694 1181 838 1234 πάνυ
878 1179 1270 1250 φοόερωτάτων
1321 1181 1594 1244 ἀπειλαῖς.
1644 1181 1798 1234 Ἐπεὶ
1826 1180 1881 1233 δὲ

303 1271 463 1323 αὐτὸν
493 1272 841 1342 ἀμεταθέτως
867 1268 1006 1326 εἶδον
1061 1273 1272 1344 ἔχοντα,
1307 1273 1594 1345 δεσμώτην
1618 1273 1882 1341 ἐξεδίδουν

302 1365 415 1424 τοίς
486 1365 763 1427 αἰτοῦσινο
813 1366 863 1418 οί
921 1366 977 1418 δὲ
1030 1367 1237 1436 ἤγαγον
1301 1368 1439 1435 πρὸς
1509 1370 1878 1437 πατριάρχην,

304 1455 666 1524 προσδόκιμον
722 1456 852 1510 ὄντα
887 1456 1325 1528 ἀφιλανθρώπως
1356 1456 1657 1527 χρήσεσθαι
1711 1456 1879 1525 αὐτῷ.

318 1549 377 1601 '0
400 1548 457 1601 δὲ
509 1550 609 1617 τὴν
661 1549 861 1618 ἀρετὴν
906 1548 998 1602 τοῦ
1047 1550 1237 1621 ἀνδρὸς
1271 1550 1483 1602 αἰδεσθε
1512 1568 1559 1612 ς,
1602 1549 1724 1602 οὐδὲ
1770 1550 1881 1619 γὰρ

304 1641 568 1711 ἠγνόησΝ
597 1641 694 1693 ὅσα
725 1644 943 1694 ἀντεῖπε
960 1645 1072 1705 τοῖς
1097 1642 1342 1704 Λατίνοις
1373 1643 1463 1694 ἐπὶ
1480 1643 1578 1711 τὴν
1599 1641 1880 1695 κοινωνίαν

307 1734 793 1803 προκαλουμένοις,
826 1733 938 1786 οὐδ’
964 1734 1040 1796 ὡς
1083 1733 1283 1803 μᾶλλ.ον
1332 1733 1507 1787 είλετο
1562 1733 1877 1798 ἀποθανεῖν,

304 1825 339 1895 ἦ
360 1826 459 1895 τῆς
487 1832 712 1895 πατρίου
729 1826 887 1894 δόξης
915 1828 1235 1898 ἀποστῆναι,
1263 1826 1539 1896 προσιόντι
1560 1842 1620 1878 τε
1643 1827 1879 1896 ὑπέστη,

305 1919 401 1973 καὶ
436 1917 881 1986 προσαγορεύσας
930 1917 1153 1989 ἡμέρως
1206 1920 1299 1971 καὶ
1353 1918 1663 1990 προσηνῶς,
1714 1936 1885 1987 παρει-

306 2004 507 2064 καθισέ
548 2028 608 2063 τε
640 2013 759 2066 κκα¹ι
811 2011 1026 2080 ὁμιλίας
1083 2010 1281 2082 ἠξίωσε
1344 2012 1661 2082 πρεπούσης
1721 2014 1883 2082 φίλῳ,

304 2106 640 2178 ὁμολογητὴν
674 2109 730 2159 ἐν
752 2109 872 2167 ταῖς
922 2106 1219 2172 διαλέξεσιν
1281 2108 1593 2162 ἀποκαλῶν.
1652 2107 1886 2161 Ἔπειτα

309 2201 633 2269 ἀπέπεμπεν
662 2202 742 2264 είς
769 2201 867 2270 τὴν
888 2201 1088 2265 οἰκίαν,
1121 2200 1242 2255 οὐδὲ
1272 2201 1417 2272 ἴχνος
1451 2200 1887 2270 ἐπιδεδειγμένος

306 2292 649 2361 δυσμενείας,
681 2292 937 2360 προνοίας
970 2292 1027 2345 δέ
1056 2292 1287 2364 ¹ἠξίωσεν
1338 2293 1618 2362 οὐδεμιᾶς.
1661 2291 1753 2345 Διὸ
1789 2292 1885 2344 καὶ

313 2386 447 2452 μετᾶ
476 2385 668 2453 μικρὸν
698 2385 819 2436 ἐπεὶ
848 2382 945 2436 ὑπ’
970 2384 1181 2447 ἐνδείας
1206 2384 1267 2437 οὗ
1322 2384 1559 2457 μετρίως
1613 2382 1881 2449 ἐπιέζετο,

319 2470 476 2540 ἦνβτο
504 2471 744 2542 ἀποδρὰς
782 2472 919 2541 πρὸς
954 2471 1200 2542 βασιλέα,
1255 2474 1347 2528 καὶ
1386 2476 1559 2527 τόντε
1605 2473 1887 2526 ἐπίλοιπον

323 2563 403 2615 τοῦ
433 2564 671 2633 πολέμου
724 2567 913 2635 χρόνον
980 2567 1143 2636 συνῆν
1197 2567 1475 2635 φροντίδος
1526 2565 1884 2636 ἀξιούμενος⁶

308 2657 423 2706 οιαὶ·
448 2654 586 2724 μετὰ
614 2658 674 2709 τὸ
705 2658 920 2710 πάντων
967 2658 1154 2728 κύριον
1194 2660 1549 2727 καταστῆναι,
1577 2661 1655 2721 είς
1685 2657 1889 2723 Βυζάν-

310 2763 424 2800 τιον
469 2747 802 2812 ἐπανελθὼν,
855 2748 1060 2818 πολλῆς
1103 2750 1255 2818 παρά
1314 2749 1577 2818 βασιλέως
1635 2749 1884 2818 ἀπήλαυε

312 2841 587 2911 προνοίας.
623 2841 823 2895 Τοῦτον
848 2843 911 2909 δὴ
947 2842 1035 2895 τὸν
1098 2844 1448 2914 πατριάρχην
1495 2842 1636 2912 μετά
1686 2843 1889 2910 Σμεργο⁴

312 2930 510 2985 πούλου
544 2931 772 3002 ὕστερον
804 2931 940 3003 πρὸς
967 2932 1058 2986 τὸν
1100 2933 1330 2987 σουλτάν
1355 2934 1634 3000 Αἰγύπτου
1665 2931 1888 3003 πέμψας

312 3025 670 3097 πρεσϐευτὴν,
700 3025 833 3079 ἄλλα
883 3041 944 3079 τε
998 3026 1152 3096 ἠξίου
1196 3026 1289 3079 τὸν
1348 3025 1575 3079 σουλτὰν
1625 3026 1818 3090 ποιεῖν,
1853 3024 1890 3080 δι

313 3118 609 3172 ἐλυσιτέλει
647 3120 758 3180 τοῖς
780 3119 898 3170 ἐκεί
932 3118 1299 3187 Χριστιανοίς,
1348 3119 1442 3188 καὶ
1474 3116 1568 3170 τὸν
1616 3102 1888 3188 π⁴ἇτριάρσ

1989 632 2187 701 patriis
2209 647 2333 686 eum
2365 633 2634 687 institutis
2659 647 2717 688 se
2744 648 3039 688 aversuros
3070 647 3357 704 sperarent
3391 653 3404 689 :
3438 652 3573 691 con-

1990 734 2185 790 traque
2211 733 2267 778 et
2296 726 2413 794 ipse
2436 725 2812 794 pollicebatur,
2837 725 3050 780 facilius
3071 741 3130 781 se
3164 727 3288 782 illos
3317 728 3385 782 ab
3411 729 3570 783 adul-

1989 817 2179 871 terinis
2207 818 2476 888 dogmatis
2536 827 2944 882 revocaturum,
3004 833 3169 888 quam
3208 829 3265 873 ut
3293 819 3412 891 ipse
3442 836 3568 891 cum

1987 906 2095 961 illis
2157 917 2255 962 aut
2316 909 2623 978 ingentium
2677 909 2946 963 bonorum
3003 911 3422 980 sponsionibus,
3477 920 3569 966 aut
3710 916 3713 917 ⁷

1988 1001 2393 1054 teterrimorum
2414 1002 2814 1071 suppliciorum
2844 1002 3026 1064 minis,
3049 1005 3210 1057 simul
3244 1004 3299 1057 in
3323 1020 3567 1060 errorem

1985 1091 2359 1159 abriperetur.
2397 1091 2625 1147 Galataci
2656 1101 2715 1146 ut
2741 1094 3089 1149 oblirinatum
3125 1110 3193 1150 ac
3217 1096 3565 1164 praefractam

1984 1183 2261 1249 viderunt,
2293 1183 2538 1238 vinctum
2594 1181 2912 1254 petentibus
2969 1187 3430 1256 transdiderunt;
3472 1190 3565 1260 qui

1986 1291 2111 1330 eum
2141 1277 2205 1330 ad
2248 1275 2644 1346 patriarcham,
2673 1291 2703 1331 a
2742 1291 2852 1347 quo
2888 1278 3182 1334 crudeliter
3214 1280 3572 1349 accipiendos

1987 1370 2310 1440 putabatur,
2376 1367 2747 1423 deduxerunt.
2814 1368 2980 1439 A'qni
3047 1372 3093 1427 is
3158 1373 3416 1429 virtutem
3468 1374 3573 1429 \‘il‘i

1983 1463 2256 1519 reveritus
2293 1465 2495 1533 (neque
2533 1463 2698 1516 enim-
2735 1461 3045 1526 nesciebat,
3089 1473 3423 1532 quantolicre
3466 1464 3572 1519 L‘l-

1984 1554 2115 1610 tinis
2163 1554 2230 1608 ad
2283 1554 2723 1609 communionem
2778 1554 3056 1626 religionis
3114 1571 3239 1609 eum
3279 1556 3572 1612 allicient-

1985 1648 2088 1701 bus
2154 1655 2533 1716 repugnasset,
2592 1660 2774 1721 neque
2831 1645 3111 1715 quomodo
3164 1647 3300 1700 mori
3365 1649 3573 1702 malue-

1983 1739 2076 1804 rit,
2099 1753 2264 1808 quam
2297 1753 2324 1791 a
2354 1746 2568 1808 patrum
2595 1752 2818 1793 suorum
2856 1728 3204 1793 rectosensu
3236 1737 3570 1805 discedere),

1985 1830 2265 1888 accedenti
2309 1829 2626 1895 assurrexit,
2661 1822 3085 1901 humaniterque
3122 1846 3187 1885 ac
3240 1829 3440 1886 leniter
3485 1846 3574 1885 sa~

1989 1926 2264 1989 lutatum,
2320 1923 2564 1978 assidere
2615 1922 2719 1978 sibi
2779 1923 2972 1994 jussit,
3019 1931 3076 1977 et
3132 1932 3379 1979 amanter
3446 1913 3570 1977 ciim

1988 2033 2055 2073 eo
2130 2031 2442 2073 sermonem
2535 2014 2809 2082 miscens,
2881 2015 3253 2070 confessorem
3328 2015 3574 2085 appella-

1987 2115 2070 2171 vit
2126 2115 2282 2186 (97).
2344 2113 2474 2168 Post
2531 2111 2585 2166 in
2649 2110 2875 2166 domum
2936 2110 3273 2181 designatam
3333 2109 3575 2176 dimisit,

1987 2223 2092 2263 nec
2162 2204 2392 2261 minimo
2462 2204 2838 2260 malevolentis
2904 2204 3072 2259 animi
3132 2202 3261 2258 dato
3327 2202 3570 2267 indicio;

1991 2298 2142 2353 nulla
2185 2306 2368 2351 autem
2395 2310 2526 2350 cura
2567 2295 2825 2365 dignatus
2855 2303 2958 2349 est.
2996 2293 3365 2361 Quamobrem
3408 2294 3572 2362 paulo

1992 2374 2117 2462 post
2147 2406 2274 2446 eum
2304 2398 2553 2459 egestate
2585 2388 2883 2443 admodum
2916 2395 3284 2458 premeretur,
3313 2385 3381 2440 ad
3407 2386 3576 2457 impc-

1995 2492 2237 2537 ratorem
2288 2479 2638 2550 confugiens,
2696 2493 2797 2548 per
2845 2476 3117 2547 reliquum
3162 2476 3291 2530 belli
3355 2481 3575 2543 tempus

1996 2573 2143 2645 apud
2177 2588 2309 2628 eum
2348 2572 2681 2636 diversatus,
2715 2567 2964 2639 ejusdem
2994 2567 3326 2623 liberalitate
3371 2581 3574 2637 procu-

1994 2666 2321 2737 rationeque
2357 2665 2526 2720 etiam
2581 2661 2866 2735 Byzantii,
2905 2670 3192 2731 postquam
3247 2659 3338 2712 ille
3394 2658 3575 2726 impe-

1994 2759 2137 2812 rium
2171 2756 2444 2821 obtinuit,
2480 2771 2612 2811 usus
2663 2763 2771 2809 est.
2822 2754 2981 2809 Hunc
3014 2769 3149 2819 ergo
3201 2751 3572 2822 patriarcham

1994 2868 2120 2909 cum
2180 2849 2488 2921 Sergopulo
2535 2848 2885 2919 postmodum
2921 2846 2987 2901 ad
3046 2845 3326 2901 sullanuni
3356 2842 3575 2914 IEgypti

1991 2947 2184 3018 legans
2211 2987 2226 3014 ,
2264 2945 2430 3002 simul
2461 2943 2568 2999 alia
2615 2943 2687 2998 ab
2715 2958 2784 2998 eo
2823 2941 3045 3013 petebat
3098 2953 3198 3010 pro
3241 2934 3577 2994 Christianis

1995 3040 2110 3094 illic
2164 3036 2520 3108 degentibus,
2556 3035 2767 3099 simul,
2814 3042 2876 3088 ut
2943 3028 3576 3103 patriarcham,dejecto
3664 3030 3669 3033 ’

1996 3131 2285 3189 Gerasimo
2318 3121 2513 3184 contra
2539 3128 2630 3199 jus
2676 3135 2734 3182 et
2769 3125 2850 3180 fas
2884 3125 3263 3194 episcopatum
3318 3127 3573 3191 gerente.

312 3228 417 3280 χην
443 3212 522 3272 είς
552 3210 640 3262 τὸν
669 3209 855 3276 θρόνον
879 3208 1358 3278 ἀποκαταστῆσαι,
1405 3208 1499 3261 τὸν
1552 3209 1884 3278 παρανόμως

1995 3225 2049 3279 in
2091 3222 2277 3278 sedem
2330 3234 2490 3276 suam
2520 3226 2838 3289 reponeret.
2897 3214 3161 3270 Sultauus
3189 3222 3244 3267 et
3277 3211 3354 3265 ad
3377 3219 3575 3266 caetera

313 3301 713 3354 ἐπισκοποῦντα
755 3301 1105 3355 ἀπελάσαντα
1158 3302 1486 3373 Γεράσιμον.
1543 3302 1779 3356 Σουλτάν
1827 3302 1884 3356 δέ

311 3395 380 3447 τα
409 3410 469 3445 τε
500 3393 634 3447 ἀλλα
671 3393 976 3460 φιλοτίμως
1005 3394 1140 3464 πρὸς
1155 3396 1254 3464 τὴν
1284 3392 1549 3464 βασιλέως
1587 3392 1885 3465 πρεσϐείαν

311 3486 547 3556 διετέθη,
634 3486 726 3540 καὶ
782 3486 958 3539 πάντα
1051 3485 1352 3558 ἐξεπλήρου
1430 3479 1507 3541 ὧν
1571 3487 1780 3540 ἐδέοντο
1835 3486 1886 3539 oi

312 3584 663 3666 πρεσϐευταὶ,
698 3584 898 3653 πολλὴν
925 3583 1087 3654 χάριν
1135 3581 1416 3652 ὁμολογῶν
1474 3582 1604 3654 περὶ
1648 3581 1749 3651 τῆς
1806 3583 1886 3645 είς

312 3677 474 3731 αὑτὸν
533 3676 859 3746 πρεσὸείας·
929 3671 998 3744 ἦν
1054 3675 1162 3746 γὰρ
1226 3674 1505 3745 θαυμάσιά
1562 3691 1685 3728 τινα
1757 3674 1887 3744 περὶ

314 3768 580 3839 βασιλέως
630 3768 996 3838 πεπυσμένος,
1037 3768 1131 3820 καὶ
1181 3767 1274 3821 τοῦ
1313 3766 1517 3830 παντὸς
1541 3767 1766 3835 ἐτιμᾶτο
1788 3765 1885 3837 τὴν

314 3865 451 3934 πρὸς
480 3861 638 3917 αὑτὸν
671 3863 881 3931 φιλίαν*
913 3859 1007 3914 καλ⁵
1038 3863 1130 3914 τὸν
1190 3842 1537 3930 πατριάρχην
1598 3859 1734 3928 πρὸς
1786 3860 1886 3932 τὴν

317 3956 478 4023 ἁγίαν
512 3954 664 4007 πόλιν
698 3952 940 4022 πέμψας,
973 3952 1192 4004 ἐκέλευε
1230 3954 1344 4012 τοῖς
1377 3953 1559 4004 ἐκεῖσε
1599 3950 1708 4003 τῶν
1755 3951 1887 4022 βαρ-

316 4046 501 4118 ϐάρων
568 4043 815 4114 ἄρχουσι,
863 4042 956 4096 τὸν
1018 4042 1116 4113 μὲν
1174 4041 1483 4113 Γεράσιμον
1538 4041 1886 4107 ἀπελαύνειν,

321 4135 636 4208 Δάζαρονδὲ
666 4136 759 4188 τὸν
807 4134 1152 4205 πατριάρχην
1198 4134 1352 4202 ἄγειν
1396 4133 1487 4187 διὰ
1542 4133 1733 4202 τιμῆς,
1792 4134 1888 4188 καὶ

332 4229 480 4299 μηδὲν
506 4228 657 4295 αὐτῷ
689 4227 1039 4297 παρενοχλεῖν
1098 4227 1213 4288 τοῖς
1242 4224 1304 4278 δν
1356 4222 1692 4295 Παλαιστίνῃ
1751 4225 1888 4295 Χρι-

328 4323 546 4385 στιανοῖς
572 4320 977 4373 ἐπισκοποῦντι.
1014 4318 1270 4388 Ἐπεμπε
1290 4318 1348 4370 δὲ
1382 4316 1633 4389 καὶπρὸς
1667 4316 1890 4387 βασιλέα

319 4415 620 4485 γράμματα
648 4409 817 4474 οὕτως
844 4410 1034 4480 ἔχοντα
1059 4411 1116 4463 ἐν
1170 4408 1335 4476 λέξει·
1364 4407 1459 4473 Et;
1492 4410 1553 4462 τὸ
1573 4412 1747 4480 ὄνομα
1792 4407 1887 4462 τοῦ

316 4507 447 4559 Θεοῦ
493 4504 587 4558 τοῦ
619 4501 890 4563 ἐλεοῦντος
922 4499 1017 4555 καὶ
1047 4501 1357 4570 ἐλεήμονος.
1386 4500 1886 4571 Μακροημερεύσοι

314 4601 344 4654 δ
370 4599 500 4661 Θεὸς
524 4596 744 4666 ὕψιστος
776 4597 1003 4651 πάντοτε
1028 4595 1127 4653 τὰς
1178 4593 1392 4663 ἡμέρας
1446 4594 1549 4662 τῆς
1605 4592 1882 4662 βασιλείας

311 4693 411 4746 τοῦ
441 4693 701 4763 μεγάλου,
748 4689 842 4744 τοῦ
898 4686 1270 4758 εὐεργετικοῦ,
1320 4686 1415 4741 τοῦ
1467 4686 1760 4757 φρονίμου,
1791 4688 1886 4741 τοῦ

1918 4563 1965 4618 D

1992 3313 2139 3385 quod
2165 3311 2386 3375 attinet,
2421 3307 2728 3364 honoriﬁce
2759 3308 2970 3379 legatos
3004 3302 3573 3375 suscepit,etomnia,

1991 3419 2113 3475 quae
2144 3411 2400 3474 peterent
2434 3399 2692 3470 praestitit
2713 3440 2727 3466 ,
2785 3398 3100 3467 multasque
3146 3399 3213 3449 ob
3243 3395 3573 3467 legationem

1991 3497 2059 3555 ad
2088 3512 2147 3551 se
2171 3498 2392 3551 missam
2428 3491 2634 3566 gratias
2661 3492 2795 3563 egit.
2837 3490 3002 3563 756
3022 3488 3289 3546 Audierat
3331 3487 3476 3541 enim
3506 3486 3576 3542 de

1993 3590 2331 3660 imperatore
2372 3586 2624 3657 quaedam
2660 3583 2914 3648 mirifica,
2947 3591 3005 3637 et
3028 3583 3149 3651 ejus
3178 3580 3434 3635 amicitia:
3474 3593 3576 3633 cu-

1990 3680 2313 3752 pidissimus
2345 3662 2513 3742 erat
2540 3674 3021 3745 patriarcbamque
3056 3673 3120 3727 ad
3163 3682 3406 3727 sanctam
3441 3668 3578 3725 diri-

1992 3783 2163 3831 tatem
2191 3772 2417 3826 mitteus
2442 3809 2456 3836 ,
2493 3768 2865 3823 Barbarorum
2900 3767 3011 3821 illic
3054 3763 3398 3837 magistratui
3435 3780 3574 3834 prae—

1991 3865 2139 3936 cepit
2169 3905 2185 3931 ,
2233 3863 2578 3920 Gerasimum
2610 3861 2953 3930 expellerent
2979 3901 2994 3927 ,
3033 3858 3305 3913 Lazarum
3334 3856 3576 3926 patriar-

1993 3956 2154 4012 cliam
2186 3940 2530 4008 honorarent
2556 3991 2572 4017 ,
2608 3949 2858 4018 nihilque
2913 3948 3014 4013 illi,
3059 3944 3381 4018 episcOpum
3415 3945 3579 4000 Chri-

1992 4044 2304 4100 stianorum
2341 4056 2441 4112 per
2466 4038 2812 4095 Palaestinam
2841 4037 3044 4107 agenti,
3077 4035 3449 4090 molestiarum
3491 4034 3575 4086 fa-

1994 4141 2303 4192 cesserent.
2332 4132 2415 4187 Ad
2451 4131 2570 4185 haac
2620 4130 2834 4184 litteras
2887 4129 2955 4183 ad
2997 4129 3390 4197 imperatorem
3423 4123 3575 4179 dedit

1994 4228 2049 4282 iu
2088 4226 2207 4281 haec
2242 4225 2407 4281 verba
2436 4242 2451 4279 :
2488 4224 2548 4278 In
2604 4221 2827 4276 nomine
2858 4221 2956 4275 Dei
2988 4219 3363 4274 misericordis
3388 4226 3443 4271 et
3468 4219 3574 4271 mi-

1993 4319 2257 4376 seratoris
2312 4315 2448 4386 (ιιι).
2502 4315 2780 4371 Producat
2811 4312 2953 4367 Deus
3008 4311 3315 4366 altissimus
3355 4325 3575 4378 semper

1994 4412 2115 4468 dies
2143 4408 2387 4478 imperii,
2442 4405 2647 4476 magni,
2684 4403 2919 4461 benefici
2942 4444 2958 4467 ,
3009 4400 3299 4472 prudentis
3324 4439 3340 4467 ,
3379 4399 3575 4460 leonis,

1994 4502 2178 4566 fortis,
2213 4500 2500 4555 bellatoris
2536 4495 2772 4563 strenui,
2820 4496 2991 4565 cujus.
3022 4500 3382 4563 conspectum
3432 4491 3577 4544 ferre

1992 4594 2341 4651 adversarius
2392 4607 2553 4646 nemo
2603 4598 2806 4661 potest,
2837 4585 3234 4658 sapientissimi
3263 4584 3315 4638 in
3357 4583 3578 4652 religio-
3609 4587 3614 4592 '

1991 4705 2061 4745 ne
2085 4730 2100 4754 ,
2125 4686 2417 4754 iustissimi
2453 4684 2507 4739 in
2556 4684 2680 4738 loco
2726 4690 2781 4736 et
2809 4680 3032 4752 regione
3064 4688 3201 4755 sua,
3232 4675 3575 4733 fundamenti

1543 4804 1759 4865 Jacobi
1799 4804 2062 4866 Pontaui
2099 4813 2265 4866 notes

390 4911 503 4983 (97)
531 4910 766 4983 Sanctus
792 4906 1095 4979 Cyprianus
1142 4906 1488 4983 confessores
1522 4904 1884 4983 roeatctiain

315 4976 436 5047 eos,
472 4976 565 5050 qui
598 4981 653 5034 in
680 4976 954 5050 carcerem
990 4990 1214 5049 propter
1249 4978 1426 5050 fidem
1456 4976 1703 5050 conjecti
1743 4986 1799 5050 et
1830 4976 1884 5030 in

317 5046 676 5122 ιιιιιιιειῖοιιοιιι
729 5049 839 5102 dati
883 5046 1028 5122 suni,
1068 5046 1196 5122 seu,
1249 5049 1350 5122 qui.
1400 5047 1523 5100 fidei
1559 5046 1888 5122 (_]_hristian_:e

318 5116 480 5176 causa
500 5121 611 5190 jam
640 5120 772 5172 dura
812 5131 867 5175 et
894 5120 1152 5190 crudelia
1167 5119 1536 5190 pertulerunt.
1574 5116 1639 5169 Et
1668 5116 1886 5185 proprie

316 5209 446 5247 sane
474 5187 647 5258 {nam
681 5190 766 5244 isti
802 5206 991 5244 revera
1019 5187 1350 5258 confitentur
1388 5188 1668 5243 Christum
1700 5202 1884 5258 coram

319 5256 683 5316 hominibus:
741 5260 1088 5326 conﬁtentur,
1143 5257 1387 5328 inquam,
1439 5257 1633 5310 bonum
1685 5256 1890 5328 confes-

316 5337 516 5387 sionem
539 5348 715 5385 coram
743 5330 919 5384 multis
945 5330 1174 5394 testibus,
1202 5338 1260 5383 ut
1282 5328 1629 5394 Timotheus,
1661 5327 1751 5382 cui
1782 5330 1886 5381 hoc

320 5405 556 5471 elogium
592 5403 793 5456 Paulus
826 5403 1034 5455 tribuit.
1190 5420 1195 5421 '

391 5467 504 5546 ὠά)
551 5473 728 5544 llujus
767 5473 1009 5542 epistola:
1054 5470 1406 5543 principium,
1456 5468 1509 5523 id
1555 5477 1662 5532 est,
1720 5467 1886 5533 tituli,

1989 4905 2194 4975 quibus
2242 4904 2700 4975 _Cantacuzenum
2766 4903 3156 4975 imperatorem
3221 4897 3592 4975 coliouestat,
3686 4947 3703 4959 ,

1991 4971 2177 5046 lingua
2228 4973 2433 5039 Grazca
2470 4974 2644 5027 veteri
2682 4971 2897 5046 scripti
2957 4979 3108 5033 sunt,
3166 4971 3376 5046 reliqua
3441 4979 3573 5046 tota,

1989 5037 2197 5116 lingua,
2228 5061 2391 5109 quam
2423 5037 2574 5116 nunc
2595 5037 3108 5116 Vulgareﬁl'aicum
3138 5040 3449 5116 appellant._
3477 5037 3580 5116 lta_—

1991 5107 2100 5184 que
2131 5107 2317 5169 studio
2350 5116 2411 5168 Ι).
2442 5114 2605 5167 Marci
2646 5107 2853 5169 velseri
2888 5114 3116 5184 factum,
3150 5107 3580 5184 u’teauobisah

1994 5179 2216 5239 homine
2250 5185 2541 5252 utriusque
2581 5184 2856 5239 sermonis
2884 5182 3080 5245 Graeci,
3131 5190 3188 5236 et
3237 5179 3578 5252 scholastici,

1994 5257 2238 5323 inquam,
2281 5266 2336 5309 et
2370 5250 2613 5324 vulgaris
2646 5253 2804 5322 [criti
2858 5252 3046 5324 (ἔτιορο
3097 5267 3234 5324 puro
3283 5260 3415 5321 puto
3458 5250 3580 5301 red-

1993 5326 2237 5399 deretur,
2270 5342 2379 5394 quo
2405 5323 2528 5399 cani
2552 5334 2876 5399 convertere
2903 5323 2959 5399 in
2993 5323 3239 5399 Latinam
3269 5333 3576 5391 possemus.

1995 5395 2090 5450 Est
2120 5392 2301 5451 autem
2329 5395 2532 5451 sultani
2562 5393 2780 5465 Aigypti
2816 5392 3209 5449 Mahumetani.

1569 5583 1788 5644 Jacobi
1819 5584 2104 5646 Gretseri
2143 5590 2329 5644 notae.

321 5735 457 5775 ceco
485 5728 531 5773 et
553 5719 818 5773 obstinata
851 5717 1113 5787 dementia
1140 5723 1503 5787 permanentes
1527 5728 1635 5767 non
1656 5711 1881 5787 potuerit

320 5792 390 5845 ad
418 5794 555 5843 viam
591 5791 779 5843 salutis
827 5785 1106 5841 consilium
1141 5784 1390 5841 revocare
1426 5801 1445 5839 :
1492 5784 1668 5838 cwteri
1706 5794 1883 5835 tamen

318 5862 400 5917 vel
426 5862 753 5930 simplicitate
781 5859 947 5929 capti,
980 5856 1057 5911 cel
1090 5871 1267 5912 errore
1320 5856 1543 5921 inducti,
1588 5852 1669 5908 vel
1699 5852 1882 5924 aliqua

1990 5709 2226 5779 fallentis
2272 5709 2481 5762 astutiae
2512 5706 2806 5763 calliditate
2849 5707 3092 5779 decepti._
3129 5721 3161 5757 a
3216 5702 3577 5779 fallaciisaos

1991 5773 2195 5851 laqueis
2247 5780 2450 5841 solvite,
2494 5788 2747 5851 rogantes
2782 5773 2988 5851 gressus
3040 5776 3113 5851 ab_
3150 5774 3413 5827 erroribus
3448 5773 3579 5829 libe-

1992 5845 2128 5917 rale,
2161 5851 2258 5903 iter
2301 5859 2494 5911 rectum
2526 5845 2617 5902 via:
2652 5848 2870 5901 cazlcstis
2902 5845 3184 5919 agnoscite.
