4028 6482
454 377 550 444 lli

1603 379 1924 441 JOANNIS
1968 377 2494 439 CAN'I‘ACUZENI

3593 379 3696 443 112

447 497 887 553 Christianorum
924 497 1048 553 fidei
1074 506 1238 566 atque
1271 496 1563 568 dogmatis,
1588 500 1833 553 omnium
1856 512 1995 554 sacri

2119 495 2352 559 λέοντος,
2384 496 2477 549 τοῦ
2516 496 2786 568 ἀνδρείου,
2825 497 2918 551 τοῦ
2950 498 3008 550 ἐν
3059 496 3318 566 πολέμοις
3366 498 3692 569 ὁρμητικοῦ,

448 592 599 643 fonte
647 589 988 643 initiatorum
1036 588 1305 642 columnae
1366 587 1708 655 immobilis,
1747 588 2013 643 doctrina)

445 682 650 736 Christi
693 681 1117 751 propugnatoris
1141 718 1158 743 ,
1212 679 1381 750 gladii
1414 679 1771 735 Macedonum
1800 720 1815 745 ,
1868 678 2013 749 regis

443 773 780 835 Graecorum,
815 773 960 842 regis
986 771 1368 841 Bnlgarorum,
1399 770 1748 832 Asaniorum,
1780 768 2012 822 Blacho-

444 879 588 924 rum,
646 862 983 917 Rhossorum
1035 871 1093 916 et
1147 861 1481 924 Alanorum,
1536 860 1845 913 ornamenti
1910 856 2013 910 do-

351 963 361 974 '
442 958 640 1027 gntatis
676 956 959 1010 lberorum
991 965 1046 1009 et
1084 954 1368 1024 Syrorum,
1400 951 1632 1006 incredis
1672 950 1887 1019 imperii
1922 966 2012 1004 re-

440 1064 674 1118 gnorum
718 1048 857 1117 ejus,
889 1046 1119 1100 marium
1171 1054 1227 1098 et
1280 1058 1601 1113 magnorum
1638 1042 1923 1096 fluminum
1951 1052 2009 1097 et

439 1142 770 1203 insularum,
800 1138 1009 1193 domini
1042 1137 1233 1207 Angeli
1260 1136 1521 1191 Comneni
1555 1134 1837 1203 Palaeologi
1866 1134 2008 1189 Can-

441 1231 691 1285 tacuzcni
718 1230 853 1298 (99).
885 1228 1136 1298 Majcstas
1168 1236 1259 1281 tua
1286 1267 1300 1291 ,
1336 1226 1479 1295 quod
1509 1224 1558 1279 ei
1602 1225 1860 1293 placitum
1885 1233 2004 1287 est,

438 1338 468 1375 a
501 1322 773 1375 snltanica
807 1319 1051 1389 potentia
1087 1328 1274 1372 nostra
1302 1356 1317 1381 ,
1356 1326 1412 1372 et
1461 1316 1796 1371 sanctiﬁcata
1842 1324 2005 1384 atque

438 1414 743 1467 illuminata
815 1411 978 1465 donzo
1032 1418 1223 1466 nostra
1283 1425 1499 1478 semper
1551 1409 1816 1478 requirat.
1870 1408 2003 1462 Nam

434 1520 535 1575 pro
570 1519 638 1558 eo
680 1518 904 1566 amore,
957 1516 1067 1571 quo
1117 1502 1408 1555 amborum
1460 1503 1694 1570 majores
1750 1499 1895 1553 inter
1946 1516 2005 1556 se

431 1596 711 1666 conjuncti
747 1595 1075 1662 fuerunt,:et
1105 1607 1207 1646 nos
1238 1607 1366 1662 erga
1397 1601 1447 1645 te
1484 1604 1705 1655 sumus,
1737 1599 2000 1659 quantum

430 1687 643 1742 viribus
678 1701 992 1757 possumus,
1045 1691 1256 1738 tantum
1300 1682 1396 1735 tibi
1443 1679 1896 1750 gratifieabimur.
1936 1680 2004 1735 Ut

430 1776 902 1849 quemadmodum
934 1784 1153 1844 patrum
1199 1780 1415 1827 tuorum
1446 1769 1723 1825 desiderio
1757 1784 1788 1824 a
1816 1778 2001 1823 nostra

429 1868 760 1921 auctoritate
821 1863 1284 1935 respondebatur,
1335 1859 1606 1929 nobisque
1662 1859 1739 1914 illi
1795 1860 1997 1930 gratias

429 1942 730 2021 habebant,
757 1965 815 2010 et
843 1955 912 2009 ad
946 1970 1047 2010 nos
1074 1954 1281 2024 legatos
1305 1951 1618 2016 mittebant,
1653 1958 1710 2004 et
1730 1964 1998 2004 commer-

426 2047 574 2102 cium
613 2048 762 2101 inter
808 2060 909 2100 nos
942 2054 1060 2101 erat
1116 2058 1132 2097 :
1188 2044 1268 2098 sic
1305 2045 1504 2097 iterum
1559 2056 1682 2113 quae
1716 2040 1813 2095 tibi
1844 2048 1997 2110 grata

423 2149 574 2205 sunt,
609 2138 762 2202 ﬁant,
788 2146 844 2193 ct
875 2135 1144 2191 voluntati
1189 2146 1295 2190 tuae
1345 2135 1411 2188 ad
1449 2149 1549 2188 nos
1597 2132 1918 2203 provocanti
1965 2146 1996 2186 a

427 2240 616 2286 nostra
662 2237 934 2301 potestate
966 2227 1220 2284 satisﬁat.
1254 2226 1321 2280 Et
1356 2226 1613 2296 quoniam
1650 2222 1996 2280 consuetudo

426 2324 520 2379 illa
554 2324 902 2391 interrupta,
932 2329 990 2375 et
1014 2320 1089 2373 'in
1133 2319 1356 2389 longum
1396 2316 1564 2371 dilata
1602 2325 1708 2381 est,
1731 2315 1915 2371 denuo
1962 2329 1994 2369 a

428 2429 516 2468 me
544 2413 841 2467 mittuntur
868 2410 984 2464 ista:
1018 2409 1247 2472 litterae,
1287 2417 1350 2462 ut
1378 2422 1561 2461 coram
1593 2422 1789 2477 magno
1819 2407 1995 2475 impe-

423 2514 607 2557 ratore
632 2503 907 2572 legantur,
944 2500 1013 2553 ad
1043 2499 1258 2553 laudem
1283 2497 1487 2552 veteris
1526 2497 1803 2561 amicitiae,
1837 2506 1893 2551 et
1924 2497 1990 2551 ad

424 2593 853 2649 invitamentum
886 2590 1133 2660 petendi,
1161 2598 1352 2659 utpote
1390 2588 1547 2643 nobis
1596 2588 1780 2642 omnia
1817 2588 1995 2643 liben-

423 2697 510 2744 ter
559 2696 684 2741 eum
718 2684 961 2739 auctario
1001 2680 1353 2753 praestituris.
1392 2680 1670 2751 Quidquid
1727 2691 1911 2736 autem
1960 2696 1990 2736 a

419 2777 583 2833 vobis
640 2776 707 2830 ad
763 2774 1069 2830 honestatis
1121 2772 1495 2828 dulcissimam
1543 2773 1988 2843 propagationem

418 2867 710 2938 pertinens
743 2865 959 2919 venerit
986 2907 1000 2931 ,
1043 2865 1097 2917 id
1153 2879 1318 2917 omne
1350 2863 1534 2916 animo
1580 2861 1987 2917 benevolentis-

419 2958 561 3012 simo
588 2954 922 3025 suscipimus
956 2973 970 3009 :
1007 2953 1285 3024 quomodo
1311 2963 1365 3007 ct
1399 2968 1548 3007 nunc
1571 2954 1635 3006 de
1658 2967 1818 3007 manu
1847 2969 1988 3023 prte-

417 3049 547 3104 fecti
573 3048 841 3103 Manuclis
867 3056 1063 3101 vestrae
1090 3045 1395 3117 majestatis
1439 3045 1629 3116 legati.
1685 3046 1824 3100 mira
1859 3062 1983 3100 cum

2115 586 2195 646 εἰς
2220 586 2280 638 ὃν
2304 587 2367 639 οὐ
2418 587 2643 643 δύναταί
2686 605 2770 650 τις
2819 588 3083 658 σταθῆναι
3137 588 3448 659 ἔμπροσθεν
3499 589 3695 652 αὐτοῦ,

2111 676 2207 733 τοῦ
2237 679 2549 747 σοφωτάτου
2577 680 2657 743 είς
2693 679 2754 733 τὸ
2776 679 2949 749 δόγμα
2981 679 3169 743 αὐτοῦ,
3198 681 3292 734 τοῦ
3340 681 3693 737 δικαιοτάτου

2112 770 2192 830 είς
2218 768 2312 823 τὸν
2348 771 2515 824 τόπον
2544 770 2640 823 καὶ
2667 770 2765 841 τὴν
2805 770 2990 842 χώραν
3045 770 3236 834 αὐτοῦ,
3293 771 3389 826 τοῦ
3437 773 3695 842 θεμελίου
3784 800 3803 811 ι

2111 861 2209 928 τῆς
2236 859 2468 924 πίστεως
2497 863 2592 917 καὶ
2619 862 2714 914 τοῦ
2745 862 3016 931 δόγματος
3044 864 3153 917 τῶν
3203 864 3569 932 Χριστιανῶν,
3597 865 3697 918 τοῦ

2110 952 2289 1014 κίονος
2315 953 2409 1006 τοῦ
2444 954 2698 1008 ἀσείστου
2749 956 3005 1010 ἁπάντων
3053 955 3161 1009 τῶν
3218 955 3694 1026 βεϐαπτισμένων,

2112 1042 2205 1094 τοῦ
2230 1042 2426 1111 βοηθοῦ
2471 1046 2579 1098 τῶν
2606 1046 2892 1113 δογμάτων
2930 1045 3023 1099 τοῦ
3051 1047 3310 1117 Χριστοῦ,
3335 1048 3432 1115 τῆς
3474 1047 3694 1113 σπάθης

2107 1131 2216 1182 τῶν
2248 1133 2597 1197 Μακεδόνων,
2649 1135 2745 1188 τοῦ
2793 1136 3054 1205 Σαμψὼν,
3114 1136 3206 1189 τοῦ
3274 1137 3535 1203 βασιλέως
3579 1138 3691 1190 τῶν

2120 1221 2413 1293 Ἑλλήνων,
2469 1226 2565 1281 τοῦ
2648 1228 2915 1297 βασιλέως
2969 1230 3077 1283 τῶν
3152 1230 3500 1299 Βουλγάρων,
3580 1231 3691 1282 τῶν

2121 1312 2405 1380 Ἀσανίων,
2462 1317 2569 1370 τῶν
2642 1318 2865 1390 Βλάχων
2890 1359 2905 1384 ,
2964 1320 3075 1372 τῶν
3143 1320 3360 1374 Ῥώσων
3423 1322 3518 1374 καὶ
3578 1321 3691 1373 τῶν

2119 1405 2380 1470 Ἀλανῶν,
2404 1407 2505 1476 τῆς
2528 1410 2692 1479 τιμῆς
2725 1411 2819 1462 τοῦ
2848 1412 3117 1482 δόγματος
3145 1412 3252 1466 τῶν
3314 1410 3539 1482 Ἰϐήρων
3593 1416 3693 1467 καὶ

2105 1496 2215 1552 τῶν
2248 1499 2454 1568 Σύρων,
2482 1499 2575 1553 τοῦ
2601 1501 2940 1573 κληρονόμου
2971 1504 3071 1571 τῆς
3096 1502 3377 1573 βασιλείας
3428 1507 3525 1574 τῆς
3580 1507 3690 1575 γῆς

2100 1588 2291 1652 αὐτοῦ,
2345 1589 2438 1642 τοῦ
2495 1590 2756 1644 αὖθέντου
2836 1595 2946 1646 τῶν
2996 1592 3305 1658 θαλασσῶν,
3388 1595 3497 1657 καὶ,
3571 1598 3689 1648 τῶν

2105 1683 2367 1752 ποταμῶν
2401 1682 2512 1735 τῶν
2545 1684 2939 1754 μεγάλων,καὶ
2994 1686 3106 1739 τῶν
3160 1689 3361 1754 νήσων,
3428 1688 3685 1756 Ἀγγέὶολ

2106 1772 2389 1841 Κομνηνοῦ
2415 1774 2780 1842 Παλαιολόγου
2815 1775 2909 1827 τοῦ
2942 1776 3425 1848 Καντακουζηνοῦ.
3477 1780 3690 1832 Ιιᾶντοο

2102 1863 2215 1932 τεή
2249 1861 2495 1931 βασιλεία
2530 1881 2624 1916 σου
2660 1865 2721 1917 τὸ
2748 1864 2960 1934 θέλημα
2982 1866 3150 1934 αὐτῆς
3181 1867 3246 1919 vi
3281 1868 3341 1920 τὸ
3391 1867 3524 1938 ζητῇ
3571 1871 3685 1923 διπὸ

2099 1950 2200 2019 τὴν
2228 1951 2586 2023 σουλτανικὴν
2616 1952 2872 2017 ἐξουσίαν
2900 1972 3026 2023 μου,
3056 1959 3149 2009 καὶ
3176 1957 3284 2010 ἀπὸ
3312 1957 3375 2010 τὸ
3420 1958 3687 2029 ὀσπὴτιόυ

2102 2056 2209 2108 μας
2230 2040 2289 2092 τὸ
2317 2041 2652 2112 ἡγιασμένον
2678 2045 2773 2097 καὶ
2801 2047 3239 2116 πεφωτισμένον,
3260 2047 3356 2101 καὶ
3382 2047 3456 2111 ὡς
3486 2049 3687 2120 ἔχομεν

2098 2131 2281 2183 πᾶσαν
2318 2131 2549 2203 δὺναμιν
2575 2136 2640 2187 vi
2672 2136 2974 2208 πληρῶμεν
3016 2138 3114 2210 τὴν
3143 2140 3364 2212 ἀγάπην
3412 2143 3513 2212 τῆς
3580 2143 3684 2213 βα-

2099 2221 2299 2283 σιλείας
2324 2240 2439 2289 σου,
2467 2226 2562 2280 καὶ
2592 2226 2772 2290 καθὼς
2806 2228 3089 2305 εὑρίσκετο
3118 2231 3225 2284 τῶν
3261 2233 3541 2301 προγόνων
3577 2235 3683 2304 τῆς

2098 2311 2376 2383 βαςιλείας
2406 2332 2501 2370 σου
2544 2317 2681 2387 μετά
2717 2318 2825 2373 τῶν
2860 2322 3139 2392 προγόνων
3183 2324 3281 2394 τῆς
3317 2327 3681 2396 σουλτανικῆς

2094 2404 2342 2472 ἑξνιυσίας
2373 2427 2498 2478 μου,
2529 2414 2641 2499 ακαὶ
2696 2414 2876 2479 καθὼς
2929 2418 3233 2486 ἐπληροῦτο
3270 2420 3300 2488 ή
3358 2420 3534 2490 ὄρεξις
3572 2423 3686 2475 τῶν

2096 2496 2363 2565 βασιλέων
2411 2496 2835 2571 τῶν⁷’προγόνων
2860 2507 2959 2575 τῆς
2998 2505 3272 2575 βασιλείας
3298 2526 3398 2561 σου
3446 2510 3553 2563 ἀπὶ
3581 2512 3685 2579 τῆς

2078 2589 2377 2651 ,αὐθεντίας
2421 2609 2547 2659 μας,
2577 2597 2669 2647 καὶ
2696 2596 3057 2666 ηὐχαρίστουν
3080 2615 3183 2668 μας
3207 2600 3437 2654 πάντοτε
3456 2602 3678 2668 sust/ot,

2094 2676 2190 2731 καὶ
2218 2679 2470 2749 ἔπεμπαν
2522 2684 2604 2746 είς
2627 2675 2724 2754 τὴν
2790 2687 3129 2757 ἡγιασμένην
3188 2690 3357 2760 αὐλήν
3421 2709 3548 2761 μας,
3587 2695 3685 2747 καὶ

2093 2771 2520 2841 συνετύγχαινάν
2547 2792 2674 2844 μας,
2719 2777 2892 2841 οὕτως
2943 2779 3105 2833 πάλιν
3131 2779 3198 2834 vi
3252 2783 3605 2852 εὐεργετῆται
3646 2788 3680 2855 ἠ

2092 2861 2431 2953 ἀγάνπηίτῆς
2483 2865 2764 2937 βασιλείας
2831 2886 2948 2936 σου,
3006 2873 3124 2953 καὶ⁸
3172 2875 3238 2926 vi
3299 2874 3601 2945 πληροῦται
3645 2880 3679 2948 ἡ

2097 2952 2284 3022 ὄρεξις
2332 2956 2500 3026 αὐτῆς
2535 2959 2644 3011 ἀπὸ
2699 2960 2801 3030 τῆς
2860 2952 3144 3026 αὒθεντίας
3203 2981 3330 3031 μας.
3381 2968 3491 3019 Καὶ
3543 2967 3683 3024 διότι

2088 3047 2344 3118 ἀπεκόπη
2372 3050 2465 3103 καὶ
2487 3050 2794 3121 ὲμάκρυνεν
2817 3057 2848 3123 ἡ
2873 3056 3132 3125 συνήθεια
3165 3058 3368 3128 ἐκείνη,
3394 3061 3678 3134 ἀπεστάλη

413 3141 604 3197 Ιεειίιῖο
648 3150 703 3195 et
741 3155 874 3210 pace
905 3140 1026 3211 ejus
1049 3139 1263 3193 litteras
1293 3139 1679 3209 suscepimus,
1724 3147 1780 3193 et
1821 3156 1984 3209 quam

2092 3140 2125 3209 ἢ
2159 3140 2344 3210 γραφὴ
2381 3140 2518 3211 αὕτη
2553 3142 2649 3195 ἀπ’
2674 3145 2811 3212 ἐμᾶς
2852 3147 2916 3199 vi
2977 3149 3302 3222 ἀναγνωσθῇ
3362 3153 3680 3224 ἔμπροσθεν

414 3232 776 3288 continebant
794 3231 1119 3300 petitimiem
1139 3229 1497 3300 legimus.Aio
1512 3230 1698 3300 igitur,
1718 3232 1985 3288 cluatitate

408 3334 464 3379 et
482 3323 719 3377 amicitia
733 3320 1050 3391 colligatosf
1051 3320 1192 3375 uisse
1209 3336 1461 3390 magnum
1479 3322 1754 3376 sultannm
1774 3333 1983 3392 patrem

410 3429 617 3477 meum,
634 3411 793 3482 757
809 3412 963 3480 cujus
977 3410 1172 3462 anima:
1188 3409 1329 3464 Dens
1342 3412 1590 3466 excelsus
1607 3412 1675 3465 sit
1691 3412 1984 3483 propitius,

410 3512 466 3555 et
495 3501 795 3572 majestatis
819 3512 924 3555 tua:
943 3499 1163 3553 fratrem
1181 3497 1547 3554 Romanorum
1571 3500 1982 3572 ἱιιιιιίμτειῑῡτειιι,

408 3602 474 3649 ut
504 3602 729 3664 propter
775 3592 1232 3648 consuetudinem
1288 3594 1574 3648 amborum
1620 3597 1815 3652 domus
1848 3614 1977 3664 una,

410 3696 473 3740 nt
501 3685 666 3752 dicis,
695 3694 866 3752 esset,
899 3694 956 3739 et
992 3683 1123 3738 inde
1153 3683 1454 3754 legationes
1491 3685 1557 3740 ad
1589 3701 1713 3750 nos,
1751 3698 1807 3741 et
1854 3704 1979 3742 rur-

406 3791 533 3829 sum
588 3775 719 3829 binc
779 3773 905 3828 illuc
952 3774 1324 3839 mitterentur,
1386 3783 1442 3830 et
1485 3776 1681 3831 fierent
1726 3794 1848 3848 quae
1887 3780 1977 3834 ille

410 3866 592 3920 vellet.
644 3864 920 3919 Praeterea
980 3864 1050 3918 de
1108 3865 1277 3919 sacris
1332 3852 1721 3938 Hierosolyma:
1772 3879 1976 3925 sanetae

406 3957 626 4027 templis
660 3956 902 4027 petebat,
933 3954 1079 4025 quod
1125 3957 1288 4011 etiam
1323 3954 1572 4028 legimus,
1610 3968 1665 4014 et
1699 3962 1973 4029 ccclesiis,

406 4050 477 4105 de
510 4048 714 4119 quibus
767 4046 1131 4118 significastis,
1181 4063 1368 4102 curam
1399 4050 1641 4106 adhiberi
1687 4054 1972 4123 jussimus.

407 4140 565 4208 Quod
601 4150 782 4195 autem
822 4140 1179 4210 apposuistis,
1209 4151 1269 4197 ut
1292 4144 1504 4213 copiam
1536 4143 1685 4200 fandi
1718 4145 1974 4203 daremus

407 4231 641 4286 Manueli
695 4231 951 4301 prazfecto
996 4231 1194 4303 legato,
1252 4242 1312 4288 ut
1363 4234 1681 4301 conficeret,
1737 4254 1972 4308 quorum

404 4339 571 4381 causa
607 4324 843 4389 veniret,
875 4325 1084 4379 invenit
1111 4324 1255 4395 quod
1291 4326 1531 4394 Optavit;
1560 4342 1684 4383 nam
1716 4343 1840 4384 eum
1875 4347 1973 4386 au-

292 4446 313 4459 -
403 4417 511 4473 diri
550 4417 833 4488 jussimus.
873 4419 1002 4471 l’ost
1050 4417 1169 4471 haec
1198 4418 1391 4487 petivit
1425 4419 1635 4489 legatus
1674 4432 1875 4515 vester,
1912 4435 1975 4481 ut

2089 3231 2170 3313 είς
2202 3231 2292 3282 τὸν
2342 3233 2517 3299 μέγαν
2570 3233 2816 3303 βασιλέα,
2864 3241 2943 3298 ε”ς
2986 3237 3205 3293 ἔπαινον
3258 3243 3354 3312 τῆς
3406 3248 3680 3314 προτερας

2092 3320 2298 3387 φιλίας,
2353 3324 2446 3377 καὶ⁵
2504 3325 2585 3388 εἰς
2641 3325 3009 3398 παρακίνησιν
3051 3329 3171 3384 τῶν
3216 3331 3676 3405 ζητημάτιθ;,-ὄτι

2092 3412 2323 3468 πάντοτε
2376 3418 2514 3485 μετὰ
2560 3419 2733 3490 χαρᾶς
2817 3422 2880 3474 vi
2932 3422 3046 3476 έναι
3095 3425 3529 3499 πεπληρωμένα,
3578 3435 3675 3486 καὶ

2090 3509 2453 3578 περισσότερα
2484 3511 2550 3564 vi
2597 3513 2878 3579 γίνωνται,
2928 3517 3022 3568 καὶ
3072 3517 3132 3570 τὸ
3189 3514 3351 3589 ἦλθεν
3404 3521 3498 3574 ἀπ’
3540 3523 3675 3587 ἑσᾶς
3751 3548 3760 3557 ·

2088 3596 2168 3659 είς
2197 3598 2286 3650 τδν
2308 3598 2619 3668 πλατυσμὸν
2646 3600 2745 3671 τῆς
2767 3604 3069 3676 καλοσύνης
3094 3624 3195 3675 pta;
3210 3608 3300 3661 τὸν
3316 3589 3675 3677 γλυκύτατεν,

2088 3689 2156 3741 vi
2185 3689 2246 3739 τὸ
2293 3687 2581 3760 δεχώμεθά
2636 3711 2702 3761 με
2759 3696 2859 3766 τὴν
2911 3698 3318 3768 καλογνωμίαν,
3370 3702 3551 3766 καθὼς
3599 3708 3673 3759 τὰ

2084 3780 2403 3848 ἐδεξάμεθα,
2451 3787 2546 3836 καὶ
2585 3786 2733 3855 τῶρα
2767 3788 2906 3842 καλά
2933 3789 3044 3843 ἀπὸ
3069 3793 3135 3844 τὰ
3190 3792 3349 3862 χέρια
3377 3793 3470 3847 τοῦ
3532 3796 3673 3850 ino-

2084 3874 2396 3943 κρισιαρίου
2468 3877 2566 3945 τῆς
2630 3877 2905 3947 βασιλείας
2963 3899 3057 3936 σου
3105 3885 3198 3937 τοῦ
3257 3886 3520 3954 ἄρχοντος
3568 3890 3666 3942 τοῦ

2083 3960 2361 4032 Μανουὴλ,
2396 3966 2489 4017 καὶ
2518 3966 2899 4037 παρελάϐομεν
2928 3972 3066 4026 αὐτὶ
3101 3977 3237 4043 μετὰ
3286 3976 3530 4047 εἰρήνης,
3567 3980 3671 4034 καὶ
3758 4003 3762 4007 ·

2081 4052 2459 4142 εγνωρίσαμεν
2483 4055 2543 4108 τὸ
2573 4056 2811 4128 ἔγραφεν
2858 4064 3066 4119 ἁπέσω.
3109 4065 3314 4120 Ἐκεῖνο
3339 4068 3399 4121 τὸ
3456 4071 3671 4142 ἐζήτει,

2079 4140 2108 4193 ὅ
2142 4158 2264 4196 τινα
2288 4143 2403 4197 ἕναι
2429 4146 2641 4216 ἀγάπη,
2676 4148 2769 4201 καὶ
2816 4151 2965 4219 φιλία
2989 4154 3048 4205 τὸ
3068 4150 3195 4225 ἦτον
3250 4158 3414 4228 μέσον
3443 4160 3523 4224 είς
3542 4140 3549 4142 ξ
3569 4162 3671 4215 τὸν

2084 4230 2295 4306 πατέρα
2355 4253 2456 4306 μου
2512 4237 2604 4292 τὸν
2657 4240 2944 4296 σουλτάνον
3005 4246 3096 4300 τὸν
3144 4247 3337 4317 μέγαν,
3367 4252 3396 4304 6
3450 4252 3583 4315 Θεὸς
3633 4255 3670 4306 ό

2081 4322 2284 4394 ὑψηλὸς
2312 4326 2377 4379 vi
2421 4327 2624 4401 ἁγιάσῃ
2676 4332 2776 4400 τὴν
2829 4332 3007 4404 ψυχὴν
3060 4336 3246 4399 αὐτοῦ,
3301 4343 3394 4392 καὶ
3445 4343 3525 4404 εἰς
3569 4341 3668 4395 τὸν

2079 4414 2305 4485 βασιλέα
2341 4418 2450 4472 τῶν
2495 4419 2783 4486 Ῥωμαίων
2812 4425 2902 4476 τὸν
2960 4426 3190 4495 ἀδελφὸν
3221 4433 3318 4497 τῆς
3373 4430 3662 4499 βασιλείας

402 4511 674 4581 quoddam
710 4510 914 4565 veteris
950 4509 1137 4578 templi
1172 4511 1457 4567 ruinosum
1485 4496 1794 4584 aedificium,
1831 4519 1970 4575 vici-

2092 4521 2196 4569 του,
2223 4505 2297 4568 ὡς
2324 4502 2469 4577 εἶχον
2496 4510 2787 4579 συνήθειαν
2819 4512 3003 4576 καθὼς
3027 4515 3203 4582 λέγεις
3226 4496 3292 4572 vi
3334 4496 3447 4573 έναι
3475 4522 3543 4581 τὰ
3565 4496 3667 4577 δύο

402 4617 534 4656 num
569 4601 847 4665 Romanis,
878 4602 1050 4656 sancti
1075 4600 1290 4674 Georgii
1324 4617 1711 4675 renovaretur;
1735 4609 1786 4665 id
1810 4610 1977 4666 etiam

406 4694 663 4746 fecimus.
698 4692 930 4762 Insuper
957 4707 1166 4748 Sacram
1193 4708 1223 4749 a
1254 4694 1415 4750 nobis
1444 4696 1767 4754 facultatem
1819 4712 1976 4770 pete-

400 4783 516 4843 bat,
548 4792 608 4836 ut
637 4796 760 4836 eum
791 4782 953 4836 sociis
981 4796 1010 4835 a
1036 4789 1128 4837 tua
1160 4783 1555 4853 majestate'illi
1583 4788 1881 4852 attributis,
1907 4790 1975 4845 ad

404 4884 651 4929 sanctam
683 4874 1143 4929 resurrectionem
1182 4875 1448 4930 adorandi
1496 4891 1661 4932 causa
1697 4879 1971 4949 proficisci

401 4975 625 5035 posset;
656 4965 799 5034 quod
823 4965 1194 5035 permisimus,
1224 4974 1279 5022 et
1298 4966 1531 5022 libenter
1554 4968 1674 5038 ejus
1699 4971 1969 5026 voluntati

312 5124 320 5131 .
402 5056 802 5126 respondimus.
835 5056 971 5113 Nam
1004 5058 1072 5113 de
1104 5073 1172 5112 eo
1202 5058 1349 5127 quod
1379 5058 1588 5127 legatus
1629 5061 1873 5131 petebat,
1909 5070 1971 5116 ut

401 5149 577 5214 fieret,
604 5149 751 5218 quod
796 5150 862 5204 ad
921 5162 1165 5205 sanctam
1214 5151 1674 5206 resurrectionem
1734 5155 1974 5223 pertinet

400 5241 665 5311 scriptum
696 5248 782 5295 est
820 5241 1158 5305 mandatum,
1190 5250 1245 5294 et
1267 5241 1477 5311 reganti
1509 5241 1639 5296 illuc
1669 5244 1968 5313 proficisci,

400 5330 656 5384 comitem
766 5329 1083 5400 praefectum
1160 5329 1551 5395 adiunximus,
1609 5333 1972 5406 adoravitqne

2076 4594 2315 4666 ὀσπήτια
2348 4596 2428 4665 ἓν,
2458 4601 2551 4652 καὶ
2581 4601 2810 4672 ἤρχοντο
2843 4604 2937 4657 ἀπ’
2972 4607 3135 4660 αὐτοῦ
3175 4607 3279 4662 ὲδὼ
3331 4611 3667 4683 ἀποκρισιά-

2075 4703 2201 4756 ριοι,
2232 4691 2326 4742 καὶ
2371 4690 2468 4745 ἀπ’
2499 4690 2600 4742 ἔδὼ
2641 4692 2804 4747 πάλιν
2853 4695 3041 4762 αὐτοῦ,
3101 4699 3195 4752 καὶ
3248 4699 3309 4753 τὸ
3362 4702 3537 4767 θέλεις
3592 4706 3664 4761 vi

2078 4778 2308 4846 γίνεται,
2340 4781 2435 4836 καὶ
2470 4782 2533 4835 vi
2581 4783 2936 4854 ὑπαγαίνουν,
2967 4789 3059 4841 καὶ
3088 4790 3153 4842 vi
3197 4791 3462 4864 ἔρχωνται
3514 4797 3662 4853 κατὰ

2071 4867 2169 4936 τὴν
2196 4869 2421 4939 πρώτην
2462 4873 2772 4943 συνήθειαν.
2801 4877 2969 4931 Πάλιν
3027 4878 3259 4950 ἐζήτησε
3288 4882 3375 4936 διὰ
3429 4884 3528 4949 τὰς
3561 4889 3658 4941 ὲκ-

2077 4959 2306 5029 κλησίας
2349 4965 2457 5017 τῶν
2505 4964 2790 5038 Ῥωμαίων
2822 4971 3035 5035 ὲκείνας
3089 4975 3236 5037 ὅπου,
3287 4977 3402 5032 έναι
3451 4981 3533 5045 είς
3584 4981 3659 5036 τὰ

2091 5051 2436 5124 Ἱεροσῦλυμα
2466 5057 2534 5110 τά
2568 5057 2722 5127 ἅγια,
2784 5064 2878 5115 καὶ
2925 5065 3302 5137 ἐγνωρίσαμεν
3354 5072 3451 5123 καὶ
3491 5074 3653 5127 αὐτό.

2080 5142 2191 5196 Καὶ
2220 5143 2496 5214 ὼρίσαμεν
2525 5149 2592 5202 vi
2621 5153 2919 5219 προσέξουν
2943 5156 3042 5218 τὰς
3092 5159 3406 5229 ἐκκλησίας,
3461 5164 3529 5216 δι’
3582 5165 3653 5229 ἃς

2070 5233 2404 5326 ἐμηνῦσατε,
2436 5240 2528 5292 καὶ
2556 5241 2732 5293 ἐκεῖνο
2758 5244 2820 5295 τὸ
2872 5245 3171 5318 ἐζητήσατε
3203 5252 3270 5304 vi
3328 5254 3655 5326 ἀκούσωμεν

2069 5324 2162 5378 τὸν
2221 5325 2378 5395 λόγον
2453 5330 2547 5383 τοῦ
2631 5333 2890 5403 ἄρχοντος
2917 5337 3012 5391 τοῦ
3067 5340 3490 5414 ἀποκρισιαρίου
3553 5324 3651 5402 τοῦ

398 5432 664 5490 quantum
697 5421 891 5486 voluit,
922 5430 1115 5474 etcum
1149 5421 1443 5491 gratiarum
1473 5424 1686 5480 actione
1713 5441 1970 5485 reversus

2092 5417 2345 5510 Δανουὴλ,
2387 5422 2480 5474 καὶ
2504 5424 2570 5477 vi
2609 5425 2702 5479 τὸν
2760 5426 3213 5502 ἀπολογηθῶμεν,
3246 5438 3341 5488 καὶ
3388 5438 3456 5491 vi
3511 5440 3651 5510 πλη-

398 5524 502 5570 cst.
541 5516 716 5570 Etiam
746 5515 849 5569 ltoc
880 5514 1023 5568 idem
1053 5515 1261 5585 legatus
1288 5515 1486 5584 adjecit
1519 5529 1577 5573 ut
1605 5521 1848 5578 edictum
1876 5538 1966 5579 se-

2071 5508 2332 5579 ρώσωμεν
2360 5514 2456 5576 τὰς
2478 5514 2720 5597 δουλείας
2752 5533 2871 5587 του,
2928 5521 3333 5596 ὲπληρώσαμεν
3363 5533 3422 5581 τὸ
3452 5508 3646 5598 ἤθελεν

752 5700 760 5709 β
1623 5640 1837 5705 Jacobi
1872 5642 2137 5708 Pontani
2170 5656 2356 5713 noue.

609 5727 1222 5826 Cﬂ‘ﬂ‘ﬂ‘ffg
1257 5738 1762 5826 PFE_F3130108‘15.
1794 5745 1900 5802 nisi
1936 5761 1967 5804 a
2005 5757 2251 5806 materna
2282 5752 2445 5813 linea.
2504 5754 2611 5814 Sed
2683 5758 2957 5820 Barbarus
3006 5766 3054 5821 ei
3122 5764 3385 5824 honorem
3436 5768 3637 5826 habere

401 5802 594 5867 voluit,
626 5809 890 5869 quantum
923 5805 1222 5861 maximum
1256 5809 1452 5877 potuit.
