4028 6486
354 409 447 472 127
1499 412 2047 477 HISTORIARUM
2093 414 2326 477 LIBER
2370 418 2468 480 IV.

3512 419 3616 485 118

347 517 648 591 πρεσϐεῦον
677 518 895 586 αἳρεσιν
925 522 1201 589 καθάπαξ.
1236 522 1327 589 οὓς
1380 525 1629 595 ἀνάγκην
1682 524 1797 596 ἔχει
1829 526 1920 579 θε-

2045 538 2213 598 potcst
2265 530 2536 586 derivare.
2578 530 2734 598 Quod
2785 531 2828 586 si
2886 532 2975 587 fiat
3004 572 3018 597 ,
3072 544 3179 589 tota
3218 532 3518 605 [Egyptnm
3551 547 3608 591 et

347 610 603 682 ραπιύιιν
632 614 660 666 ὁ
700 612 930 667 cauis-iv
959 614 1233 684 Δίγύπτου
1263 657 1277 680 ,
1306 616 1395 669 διὰ
1443 620 1503 670 τδ
1536 616 1796 670 δύνασθαι
1828 619 1919 671 τον

345 703 532 756 Νιὶλον
571 701 661 757 ἐπ’
707 702 880 776 ἄλλην
916 705 1021 776 γῆν
1057 708 1455 779 μετοχετεύειν.
1497 708 1565 764 Ὀ
1598 712 1647 762 εἰ
1684 712 1917 778 γένοιτο,

347 793 611 862 σύμπασα
639 794 810 866 ἄρδην
841 796 1137 865 Αἴγυπτος,
1173 805 1269 851 καὶ
1317 800 1351 867 ή
1405 799 1542 869 ἄλλη
1578 800 1749 870 Συριὰ
1780 803 1921 855 ἀπο-

342 885 561 938 λοῦνται
592 886 931 956 τριφόμεναι
981 889 1075 941 ὑπ’
1103 891 1317 944 ἐκείνου
1376 892 1696 963 φιλοτίμως.
1748 893 1827 945 Δι’
1856 893 1926 965 ἢν

346 978 524 1031 αἰτίαν
554 980 652 1033 καὶ⁸
674 979 795 1033 τότε
843 980 895 1033 οἱ
923 981 1190 1054 βάρϐαροι
1222 987 1337 1048 τοῖς
1366 984 1627 1038 Ἰακώϐου
1663 985 1926 1056 αἰρεσιὼ-

344 1088 469 1136 ταις
525 1074 707 1144 μόνοις
739 1070 881 1144 ἦσαν
914 1076 1183 1147 εὐμενεῖς.
1218 1078 1346 1141 Τοῖς
1382 1078 1429 1131 δ’
1480 1078 1664 1143 ἄλλοις
1716 1078 1929 1133 ἅπασιν

348 1159 522 1225 οὕτως
576 1164 915 1236 ἐπετέθησαν
943 1167 1209 1239 σφοδρῶς,
1245 1168 1322 1232 ὡς
1345 1169 1577 1233 πολλοὺς
1611 1171 1711 1240 μὲν
1733 1170 1811 1240 τῷ
1838 1169 1929 1224 διὰ

348 1254 648 1325 μαρτυρίου
695 1256 840 1311 τέλει
887 1259 1259 1329 παραπέμψαι
1305 1261 1583 1325 ποικίλαις
1610 1263 1701 1316 καὶ
1734 1260 1929 1332 διαφό-

350 1362 464 1417 ροις
493 1347 769 1402 κολάσεων
824 1349 1012 1413 ἰδέαις,
1044 1351 1147 1405 οὐκ
1186 1352 1404 1422 ὀλίγους
1448 1353 1505 1407 δὲ
1542 1356 1640 1409 καὶ
1688 1358 1791 1426 τῆς
1846 1355 1930 1420 εἰς

348 1440 584 1513 Χριστὸν
635 1442 944 1513 ἀποστῆσαι
1008 1446 1272 1512 πίστεως,
1330 1447 1426 1501 καὶ
1482 1448 1587 1518 τῆς
1652 1449 1927 1521 σφετέρας

347 1538 539 1598 πεῖσαι,
561 1534 782 1604 ἔχεσθαι
811 1537 1136 1608 θρησκείας.
1175 1537 1203 1591 ὃ
1257 1540 1351 1591 καὶ
1386 1539 1627 1610 μὰλιστα
1668 1540 1930 1611 δακρύων

347 1624 520 1690 ἄξιον,
554 1626 666 1680 ὅσοι
690 1626 827 1697 δῆτα
866 1628 960 1682 καὶ
992 1630 1133 1698 μετὰ
1163 1627 1267 1699 τῆς
1294 1629 1377 1693 εις
1422 1631 1661 1700 Χριστὸν
1687 1631 1933 1695 πίστεως

352 1712 725 1788 ὠναπήγοντο
760 1717 841 1789 τῷ
902 1720 1125 1790 πονηρῷ
1165 1721 1254 1775 διὰ
1290 1721 1403 1774 τῶν
1451 1721 1652 1792 ἔργων,
1706 1723 1801 1775 καὶ
1834 1723 1936 1792 τῆς

349 1809 526 1881 αὐτῆς
581 1810 772 1879 ἐκείνῳ
825 1812 1056 1884 γεέννης
1106 1809 1247 1887 ἦσαν
1283 1813 1637 1885 κληρονόμοι.
1699 1816 1777 1869 Οὐ
1823 1816 1934 1886 γὰρ

2028 621 2181 692 Syria
2210 664 2224 687 ,
2281 639 2401 692 qua:
2438 622 2562 678 inde
2592 624 2797 679 atl'atim
2850 625 3070 695 aluntur
3099 668 3113 690 ,
3170 625 3311 681 fame
3363 628 3609 684 funditus
3652 675 3665 685 .

2032 712 2332 768 intereant.
2368 716 2480 770 Hac
2527 715 2594 769 de
2631 731 2797 778 causa
2828 725 2884 771 ct
2934 726 3064 771 tunc
3098 718 3316 773 Barbari
3350 721 3483 773 solis
3529 720 3622 774 Jaé

2030 806 2231 860 enbitis
2262 816 2419 862 erant
2459 808 2677 877 propitii
2711 827 2725 863 :
2766 809 3007 879 reliquos
3039 808 3390 865 Christianos
3425 825 3621 865 omnes

2031 896 2113 951 sic
2142 899 2459 967 premebant
2489 940 2503 961 ,
2537 912 2597 955 ut
2627 900 2938 971 complures
2990 901 3162 957 variis
3212 910 3614 958 tormentorum

2031 989 2325 1057 generibus
2359 991 2704 1048 excruciatos
2733 1007 2764 1047 e
2789 992 2970 1048 medio
3005 992 3281 1059 tollerent,
3321 1010 3432 1049 non
3478 1012 3616 1065 pati-

2034 1096 2131 1138 cos
2169 1083 2337 1138 etiam
2392 1099 2423 1137 a
2458 1080 2563 1137 ﬁde
2612 1085 2664 1139 in
2710 1084 2994 1140 Christum
3028 1086 3093 1142 ad
3127 1101 3225 1141 sua
3262 1103 3286 1143 ε
3325 1104 3415 1142 cra
3464 1062 3623 1158 pelli-

1990 1247 1997 1255 _
2032 1181 2244 1228 cereut.
2296 1173 2531 1242 Dignum
2563 1188 2697 1229 sane
2747 1174 3002 1245 lacrymis
3028 1215 3045 1240 ,
3092 1173 3230 1230 adeo
3266 1160 3469 1230 multus
3496 1190 3622 1229 cuni

2037 1266 2142 1321 (ide
2199 1264 2403 1321 Christi
2461 1281 2564 1336 per
2616 1280 2783 1336 opera
2820 1266 2886 1321 ad
2938 1267 3378 1324 cacodtemonem
3427 1268 3627 1338 abripi.

2036 1358 2364 1428 eteiusdem
2414 1358 2680 1430 gehennm
2732 1358 3054 1415 colnrredes
3103 1359 3180 1414 illi
3215 1360 3472 1415 evadere.
3508 1359 3627 1414 Non

2034 1449 2178 1504 enim
2207 1457 2327 1514 est,
2360 1463 2494 1509 non.
2528 1448 2749 1519 inquam
2807 1446 2883 1519 (p)
2912 1487 2929 1514 ,
2979 1456 3063 1503 est
3106 1448 3234 1503 vita:
3261 1450 3628 1520 integritatem

1966 1590 1976 1605 ,
2037 1556 2163 1596 cum
2196 1556 2325 1595 vera
2358 1539 2464 1595 [ide
2511 1548 2820 1596 sectantem
2846 1579 2862 1605 ,
2918 1539 3220 1609 aliquando
3255 1540 3399 1593 circa
3442 1539 3628 1605 (idem,

2044 1632 2235 1689 divino
2261 1632 2466 1687 auxilio
2496 1632 2847 1696 destitutum,
2900 1630 3241 1703 naufragari.
3289 1630 3428 1685 Tum
3467 1630 3632 1702 igitur

2036 1734 2092 1781 et
2159 1724 2428 1780 Lazarum
2500 1724 2869 1795 patriarcham
2923 1724 3000 1794 (ιι)
3073 1723 3630 1793 comprehendentes,

2042 1817 2279 1886 primum
2308 1815 2529 1887 quidem
2561 1816 2843 1871 blanditiis
2881 1832 3009 1873 eum
3050 1817 3367 1888 captabant,
3403 1817 3633 1886 ejusque

347 1904 521 1968 ἐστιν,
555 1904 654 1957 οὐκ
701 1904 817 1958 ἔστι
865 1905 957 1958 τὸν
989 1881 1156 1976 ορθοδ
1188 1905 1308 1976 βίου
1365 1881 1535 1975 pera
1559 1906 1660 1975 τῆς
1695 1881 1935 1971 πίστεως

2045 1908 2298 1965 invictam
2356 1910 2725 1965 constantiam
2777 1908 3147 1968 labefactare.
3181 1920 3236 1965 et
3291 1926 3320 1963 a
3370 1909 3635 1980 religiene

348 1994 633 2064 ἐχόμενον,
672 1995 986 2066 ναυαγῆσαι
1039 2013 1173 2050 ποτε
1211 1998 1345 2067 περὶ
1401 1998 1503 2068 τὴν
1562 1997 1769 2063 πίστιν,
1834 1998 1939 2068 τῆς

350 2087 505 2158 παρὰ
530 2086 664 2141 Θεοῦ
716 2089 1040 2159 ἐπικουρίας
1071 2089 1284 2161 ἔρημον
1335 2090 1657 2160 γενόμενον.
1690 2091 1824 2145 Ὅτε
1872 2092 1938 2162 δὴ

351 2179 446 2233 καὶ
475 2179 723 2250 Λάζαρον
768 2179 866 2235 τὸν
910 2183 1258 2253 πατριάρχην
1301 2181 1683 2250 συλλαϐόντες,
1741 2183 1940 2254 πρῶτα

360 2272 461 2342 μὲν
494 2271 718 2331 πολλαῖς
755 2273 1069 2345 ὁπήρχοντο
1128 2274 1412 2339 θωπείαις,
1470 2277 1569 2331 καὶ
1623 2276 1934 2348 παραλύειν

352 2363 443 2417 τὸν
495 2364 648 2419 τόνον
677 2366 1001 2439 ὲπιιρωντος
1040 2366 1136 2420 καὶ
1166 2366 1268 2437 τῆς
1302 2370 1383 2432 εἰς
1430 2367 1666 2441 Χριστὸν
1700 2370 1942 2437 ἁπάγειν

364 2459 633 2521 πίστεως·
674 2459 991 2529 νομίζοντες
1019 2460 1086 2514 ἂν
1114 2459 1304 2516 τοῦτον
1331 2461 1521 2529 ἕλωσι,
1553 2461 1766 2526 πάντας
1796 2462 1941 2516 ὑπά-

364 2550 541 2614 ξεσθαι
576 2550 939 2622 Χριστιανοὺς
985 2553 1121 2623 πριις
1148 2554 1379 2624 ἄρνησιν
1413 2554 1616 2609 αὐτίκα
1664 2553 1762 2608 τοῦ
1804 2556 1941 2626 Χρι-

360 2644 505 2711 στοῦ,
525 2644 604 2717 τῷ
628 2644 877 2718 σφετέρῳ
905 2646 1184 2718 προστάτῃ
1205 2646 1305 2717 τῆς
1337 2645 1578 2710 πίστεως
1610 2648 1938 2719 ἑπομένους,

306 2732 309 2733 ⁷
360 2741 452 2793 καὶ
488 2740 561 2811 μὴ
592 2739 1112 2811 ἀναγκασθήσεσθαι
1134 2739 1547 2795 ἀποκτιννύναι.
1582 2741 1801 2796 Μᾶλλον
1825 2742 1938 2813 γὰρ

359 2833 647 2916 ἠϐουλοντο
674 2837 1115 2907 μεταστήσαντες
1134 2834 1237 2905 τῆς
1264 2833 1507 2898 πίστεως
1531 2834 1743 2898 ζῶντας
1767 2835 1938 2905 ἔχειν,

2039 2001 2357 2056 Christiana
2392 2001 2711 2057 abstrahere
2756 2002 3119 2056 nitebantur:
3149 2002 3364 2065 eontisi,
3405 2002 3449 2057 si
3487 2002 3636 2056 hunc

2046 2100 2482 2162 expugnassent,
2535 2090 2703 2162 760
2732 2090 3020 2146 universos
3056 2088 3240 2145 statim
3292 2086 3637 2143 Christianos

2038 2184 2199 2252 ducis
2230 2184 2315 2240 sui
2366 2184 2682 2253 exemplum
2730 2192 3064 2253 sequentes,
3100 2181 3169 2237 ad
3216 2181 3497 2237 Christum
3538 2194 3636 2235 ne-

2039 2276 2273 2348 gandum
2332 2278 2625 2331 adactums
2666 2289 2682 2328 :
2718 2289 2823 2329 nec
2877 2274 2943 2328 ad
2997 2288 3095 2329 eos
3133 2272 3455 2329 mactandos
3486 2286 3636 2326 com-

2048 2370 2262 2435 pulsum
2304 2369 2409 2432 iri,
2446 2367 2720 2439 siquidem
2775 2381 2876 2423 eos
2911 2382 2942 2422 ο
2973 2367 3146 2422 sacris
3174 2365 3415 2436 ipsorum
3456 2365 3636 2420 dimo-

2053 2473 2163 2528 tos,
2200 2463 2404 2519 habere
2430 2460 2609 2526 viros,
2645 2475 2807 2531 quam
2838 2460 2992 2514 nullo
3023 2474 3148 2514 cum
3179 2456 3358 2513 l‘ructu
3385 2457 3639 2512 occidere

2042 2553 2342 2611 malebant.
2366 2552 2471 2608 Ubi
2499 2551 2749 2607 adulatio
2772 2551 2975 2606 [rustra
3008 2549 3133 2613 fuit,
3157 2550 3341 2605 omnia
3365 2548 3639 2616 siquidem

2039 2648 2131 2703 ille
2167 2647 2352 2718 potius
2388 2662 2488 2717 pro
2518 2644 2626 2701 ﬁde
2652 2620 2964 2701 Chrisliaua
2995 2644 3203 2714 perpeti
3237 2652 3461 2715 paratus
3486 2652 3612 2698 erat

2039 2740 2474 2809 rarniﬁeumque
2502 2739 2558 2793 in
2588 2753 2648 2793 se
2677 2752 2875 2793 manus
2901 2737 3252 2807 provocabat,
3285 2744 3340 2791 et
3358 2735 3636 2798 laniatus,.
3726 2726 3733 2735 ’

2042 2848 2107 2887 ac
2138 2834 2510 2887 membrorum
2544 2830 2911 2887 distorsiones
2942 2836 3206 2901 exoptare
3254 2828 3430 2900 magis
3475 2828 3634 2884 vide-

1591 2950 1813 3015 Jacobi
1852 2950 2134 3015 Gretscri
2170 2959 2360 3013 notm.

432 3079 511 3150 (ρ)
551 3078 868 3150 Signiﬁcare
915 3078 1133 3150 videtur
1180 3078 1621 3150 Cantacuzenus.
1663 3094 1789 3133 eum
1844 3078 1938 3149 qui

360 3149 531 3204 semel
569 3165 753 3204 veram
783 3149 946 3203 ﬁdem
975 3149 1207 3219 adeptus
1236 3160 1340 3215 est,
1374 3149 1609 3219 vitaeque
1637 3158 1693 3202 et
1720 3165 1938 3203 morum

366 3221 634 3274 honestati
686 3228 742 3274 et

366 3235 634 3274 honestati
686 3235 742 3274 et
827 3235 1049 3275 routtau
1105 3235 1313 3285 Studet,
1370 3236 1478 3274 non
1526 3235 1687 3286 posse
1748 3235 1778 3273 a
1833 3235 1939 3274 nae

361 3290 645 3355 excidere,
664 3235 822 3360 quod,
837 3290 1032 3360 dogma
1062 3288 1269 3346 Calvini
1299 3300 1385 3346 est
1415 3289 1939 3360 etCalvinistarum,

362 3361 515 3424 licet,
549 3369 609 3414 ut
633 3359 1007 3415 consideranti
1041 3360 1396 3416 manifestum
1433 3360 1563 3426 erit,
1599 3360 1769 3413 verba
1800 3359 1944 3415 Can—

364 3431 613 3485 tacuzeni
665 3430 718 3484 in
767 3430 972 3500 bonum
1022 3446 1246 3486 sensum
1295 3430 1468 3500 accipi
1525 3429 1774 3498 pos-int;
1830 3446 1940 3485 non

359 3502 510 3571 enim
539 3515 868 3571 quemquam
901 3499 1007 3555 ﬁde
1036 3509 1093 3556 et
1137 3500 1407 3556 charitate
1442 3500 1731 3571 praeditum
1768 3501 1942 3555 desti-

364 3570 443 3625 tui
510 3570 647 3625 Deus
693 3570 897 3624 auxilio
940 3572 1257 3628 necessario
1294 3571 1362 3625 ad
1399 3571 1528 3633 hoc,
1583 3579 1644 3624 ut
1691 3570 1852 3625 Iidem
1889 3580 1945 3627 et

366 3642 688 3712 charitatem
724 3650 1033 3706 conservet,
1062 3641 1156 3696 sed
1183 3642 1232 3698 si
1262 3642 1488 3705 amittit,
1534 3642 1696 3712 culpa
1745 3650 1802 3697 et
1846 3658 1947 3698 ne-

368 3711 624 3785 gligentia
667 3712 1066 3785 suauamittit,
1133 3712 1517 3785 nondel‘ectu
1587 3711 1639 3766 et
1712 3714 1944 3782 penuria

367 3780 607 3851 cretes-tis
633 3780 861 3836 subsidii
895 3781 961 3835 ad
1002 3780 1480 3837 conservationem
1516 3780 1729 3851 gratia!
1752 3798 1946 3839 neces-

367 3851 523 3905 sarii.
580 3850 798 3921 Similes
849 3852 1136 3907 sententiae
1180 3861 1483 3907 occurrunt
1524 3850 1832 3921 aliquando
1886 3855 1945 3910 in

373 3921 719 3992 Honumentis
751 3920 999 3990 Patrum,
1048 3936 1115 3976 ex
1167 3938 1399 3992 quorum
1441 3920 1674 3992 nurnero
1722 3935 1947 3981 sanctus

370 3990 667 4062 Cyprianus
706 3992 845 4062 libro
886 3992 960 4062 De
985 3989 1199 4046 unitate
1225 3992 1475 4046 Ecclesite
1505 4010 1524 4047 :
1549 3989 1727 4062 Nemo
1775 3996 1948 4051 existi-

372 4060 473 4115 met
503 4062 658 4115 bonos
682 4063 744 4116 de
791 4061 1023 4116 Ecclesia
1053 4079 1200 4133 posse
1229 4064 1510 4119 discedere.
1541 4060 1790 4133 Triticum
1840 4082 1945 4120 non

372 4136 512 4202 rapit
560 4144 758 4200 ventus,
802 4148 894 4186 nec
932 4131 1172 4187 arborem
1225 4132 1397 4187 solida
1445 4131 1622 4187 radice
1666 4135 1946 4202 [nudarant

374 4201 599 4276 prccella
625 4204 897 4276 subuertit.
945 4201 1141 4276 Inanes
1173 4203 1343 4276 palea:
1387 4201 1696 4276 tempestate
1732 4206 1948 4273 jactan-

375 4284 479 4332 tur,
514 4273 758 4328 invalida
785 4274 998 4326 arbores
1029 4274 1252 4328 turbinis
1280 4273 1577 4329 incursione
1616 4285 1942 4330 evertuntur.

377 4343 487 4398 lloc
528 4344 651 4414 ideo
684 4343 839 4414 dicit,
868 4345 997 4414 quia
1042 4360 1186 4413 saepe
1227 4344 1305 4407 lit,
1360 4357 1419 4400 ut
1448 4348 1544 4414 qui
1595 4344 1651 4398 in
1708 4345 1944 4400 haeresin

376 4422 471 4466 aut
526 4413 684 4467 aliam
748 4412 1380 4483 inﬁdelitatis’spcciem
1428 4412 1714 4478 labuntur,
1788 4415 1945 4483 prius

374 4483 691 4537 sceleratam
723 4482 974 4552 vitiisque
998 4482 1425 4539 contaminatam
1453 4488 1620 4541 vitam
1646 4482 1903 4539 duxerint
1926 4504 1941 4542 :

375 4552 553 4624 Neque
592 4554 731 4607 enim
760 4553 876 4622 ﬁeri
902 4562 1085 4624 potest,
1123 4555 1302 4624 inquit
1351 4555 1743 4617 Damascenus,
1792 4556 1893 4610 lib.
1929 4572 1946 4611 ι

379 4623 585 4687 Paral.,
617 4638 737 4696 cap.
798 4624 889 4696 12.,
939 4633 997 4677 ut
1044 4623 1325 4696 quicquam
1372 4627 1647 4680 haereticus
1686 4626 1805 4693 ﬁat,
1845 4627 1948 4681 nisi

377 4696 520 4763 prius
551 4692 631 4747 vel
659 4695 714 4746 in
755 4693 941 4757 verbis,
974 4692 1065 4747 vel
1091 4696 1145 4748 in
1176 4692 1487 4750 'actianibus
1532 4692 1768 4750 rationes
1824 4699 1948 4752 vita!

372 4780 483 4818 sua:
538 4763 672 4818 male
717 4766 1057 4837 compararit.
1118 4765 1343 4819 interim
1403 4776 1616 4821 certum
1668 4767 1946 4837 ﬁxumque

377 4844 611 4909 maneat,
638 4849 785 4898 eum,
806 4836 921 4909 qui
960 4849 1091 4891 vere
1123 4843 1252 4909 stat,
1285 4852 1415 4892 vere
1464 4838 1680 4898 cadere.
1713 4847 1771 4892 et
1817 4836 1947 4893 eum

376 4905 472 4973 qui
523 4920 650 4959 vere
705 4906 924 4973 cecidit,
965 4906 1341 4976 vere_iterum
1410 4921 1727 4976 resurgere,
1780 4915 1948 4976 atque

377 4976 517 5029 adeo
548 4989 675 5045 rere
696 4984 839 5030 stare
865 4991 1044 5045 posse.
1086 4973 1260 5040 Quam
1299 4977 1454 5031 multi
1484 4973 1637 5031 modo
1669 4973 1951 5031 luxuriam

379 5054 489 5117 tur,
555 5044 730 5114 inquit
782 5044 1002 5100 sanctus
1059 5046 1400 5117 Augustinus
1461 5057 1677 5104 tractat.
1736 5048 1841 5109 45,
1892 5049 1949 5101 in

374 5114 713 5190 Joan.,casti
746 5114 1167 5190 futuriZQuam'
1192 5118 1348 5170 multi
1395 5116 1762 5190 blasphemant
1796 5117 1948 5179 Chri-

376 5201 403 5238 s
432 5185 547 5257 uin,
570 5187 817 5257 credituri
840 5190 893 5240 in
909 5185 1208 5251 Christum;
1232 5204 1391 5257 quam
1412 5185 1564 5241 multi
1584 5204 1640 5241 se
1660 5189 1949 5251 inebriant,

379 5256 550 5321 futuri
580 5256 778 5322 sobrii;
804 5274 960 5327 quam
993 5258 1147 5311 multi
1180 5256 1396 5327 rapiunt
1424 5273 1508 5312 res
1528 5257 1755 5323 alienas,
1783 5258 1951 5311 dona-

380 5328 487 5379 turi
515 5341 657 5388 suas,
684 5335 789 5381 etc.
828 5327 959 5381 Item
993 5344 1150 5398 quam
1175 5327 1331 5382 multi
1354 5330 1496 5382 intus
1523 5329 1769 5393 laudant,
1805 5329 1951 5383 blas-

380 5399 710 5467 phematuri;
740 5399 871 5451 casti
911 5410 1056 5463 sunt,
1110 5399 1463 5468 fornicaturi;
1505 5400 1667 5455 sobrii
1717 5412 1864 5465 sunt,
1896 5416 1953 5454 se

379 5470 498 5521 uiuo
524 5475 701 5538 postea
725 5469 1016 5537 sepulturi;
1045 5479 1210 5533 stant,
1241 5471 1433 5523 casuri.

452 5539 528 5609 (q)
556 5539 647 5609 De
677 5553 898 5594 carcere
948 5541 1269 5609 caatcrisque
1297 5539 1564 5595 molestiis
1586 5548 1640 5595 et
1667 5541 1950 5604 aerumnis,

380 5623 519 5677 quas
547 5608 787 5664 Lazarus
823 5609 925 5663 istc
954 5608 1244 5678 perpessus
1267 5624 1350 5665 est
1378 5626 1408 5664 a
1438 5610 1780 5673 Sarracenis,
1815 5611 1951 5665 nihil

379 5680 532 5753 aliud
583 5680 763 5753 habeo
795 5680 1010 5753 _dicere_,
1053 5696 1217 5753 quam
1262 5680 1395 5753 illud
1441 5682 1617 5753 sancti
1666 5682 1949 5753 Cypriani,

380 5750 521 5804 libro
572 5748 652 5803 De
712 5751 927 5822 unitate
966 5748 1252 5805 Ecclesia:
1282 5750 1434 5805 Tales
1476 5748 1857 5822 (schismatici)
1908 5754 1954 5806 si

380 5823 534 5878 occisi
576 5828 633 5878 in
687 5821 1007 5889 confessione
1058 5822 1281 5874 nominis
1324 5822 1552 5946 luerim,
1585 5822 1798 5876 macula
1851 5824 1953 5877 ista

383 5910 475 5946 nec
498 5894 759 5946 sanauine
795 5890 1047 5946 abluitur.
1101 5892 1319 5946 [nervia
1356 5892 1442 5946 ilis
1486 5902 1532 5946 ct
1585 5894 1758 5946 aravis
1794 5893 1953 5946 culpa

383 5910 475 5950 nec
498 5894 759 5965 sanguine
795 5890 1047 5955 abluitur.
1101 5890 1442 5964 lnexpiabilis
1486 5902 1532 5947 ct
1585 5894 1758 5964 gravis
1794 5893 1953 5964 culpa

2030 4351 2206 4409 _ncnte
2257 4354 2305 4397 et
2337 4347 2538 4398 dicente

2049 3078 2329 3132 discordia:
2376 3093 2473 3131 nec
2512 3076 2756 3147 passione
2787 3085 3075 3147 purgatur.
3131 3079 3265 3131 Esse
3303 3083 3511 3145 martyr
3533 3093 3640 3131 non

2049 3157 2238 3218 potest,
2279 3148 2457 3218 quiin
2509 3146 2752 3201 Ecclesia
2787 3163 2890 3200 non
2940 3157 3038 3210 est,
3073 3147 3144 3199 ad
3196 3163 3316 3200 eum
3364 3149 3639 3218 peruenire

827 3216 1313 3313 τρδίξξιξίιζεξυειιιν
1366 3216 1786 3313 ξιοει,.ἓειξθθ.,.εε
1833 3220 1939 3274 ηδε
1969 3258 2011 3313 c
2050 3216 2158 3313 1'92:
2195 3216 2705 3313 P‘i’f.”"s‘!_'ti.€‘_‘i"
2732 3216 3636 3313 eﬂ'ff'f'f’ﬂﬁi‘zfiife’i’iz

2046 3288 2179 3358 quit,
2243 3300 2353 3343 etc.
2412 3288 2676 3343 Embibere
2727 3303 2783 3342 se
2819 3297 2925 3340 non
2981 3296 3150 3358 potest
3207 3296 3516 3357 martyrem,
3548 3288 3641 3355 qui

2046 3357 2351 3427 fraternam,
2376 3375 2481 3413 non
2519 3361 2684 3414 tenuit
2716 3357 3054 3412 charitatem.
3110 3357 3281 3411 Docet‘
3302 3359 3397 3411 hoc
3428 3366 3478 3410 et
3512 3374 3643 3411 con-

2049 3435 2277 3499 testatur
2322 3426 2527 3483 Paulus
2576 3428 2848 3499 apostolus
2880 3429 3058 3483 dicens
3088 3444 3101 3457 '
3140 3448 3158 3478 ι
3203 3426 3272 3499 Et
3309 3429 3356 3481 si
3407 3428 3639 3482 habuero

2046 3498 2229 3567 ﬁdem,
2263 3501 2339 3553 ita
2371 3509 2427 3553 ut
2462 3498 2665 3553 montes
2698 3499 3043 3567 transferam.
3098 3498 3413 3553 charitatrm
3460 3508 3640 3553 autem

2049 3585 2155 3627 non
2212 3572 2457 3631 habeam,
2515 3569 2650 3624 nihil
2675 3586 2816 3623 sunt.
2853 3569 2922 3623 Et
2969 3572 3016 3624 si
3060 3572 3125 3624 in
3172 3569 3308 3624 cibos
3341 3585 3640 3638 pauperum

2046 3639 2364 3695 distribucro
2397 3641 2579 3695 omnia
2614 3656 2755 3702 mea,
2779 3651 2828 3693 et
2855 3642 2902 3694 si
2926 3641 3196 3694 tradidero
3228 3656 3416 3709 corpus
3442 3656 3636 3697 meum.

2049 3719 2106 3762 ut
2158 3712 2401 3775 ardeam,
2438 3713 2750 3765 charitatem
2807 3720 2989 3764 autem
3043 3726 3148 3764 non
3203 3710 3445 3774 habeam,
3506 3710 3641 3763 nihil

2049 3780 2343 3852 proﬁcimus
2383 3792 2494 3837 etc.
2532 3780 2665 3852 Cum
2700 3780 2806 3835 Deo
2845 3797 3058 3836 manere
3092 3798 3197 3852 non
3243 3790 3483 3852 possunt,
3511 3783 3639 3848 quia

2049 3865 2158 3905 esse
2186 3853 2240 3906 in
2282 3850 2521 3906 Ecclesia
2559 3851 2656 3905 Dei
2716 3852 2994 3905 unanimes
3044 3850 3364 3914 noluerunt;
3416 3852 3641 3903 ardeant

2050 3918 2171 3994 licct
2217 3924 2449 3994 ﬂammis
2502 3929 2552 3976 et
2609 3922 2818 3989 ignibus
2852 3921 3169 3994 traditigrel
3202 3922 3406 3994 obiecti
3460 3921 3642 3973 bestiis

2049 3992 2258 4064 animas
2287 4011 2413 4049 suas
2448 4002 2675 4064 ponant,
2739 3993 2971 4064 uenerit
3000 3992 3099 4047 illa
3131 3992 3257 4057 ﬁdei
3283 4007 3522 4064 corona,
3546 4007 3640 4064 nec

2050 4061 2313 4133 religiosa:
2344 4061 2557 4119 virtutis
2593 4063 2766 4117 exitus
2802 4061 3084 4132 gloriosus,
3114 4064 3206 4117 sed
3257 4062 3641 4133 desperationis

2049 4129 2321 4204 interitus.
2348 4133 2529 4188 Occidi
2557 4133 2678 4187 talis
2708 4129 2898 4204 potest,
2922 4133 3171 4187 'coronari
3198 4148 3302 4186 non
3336 4129 3531 4204 potest:
3554 4129 3643 4184 Sic

2047 4218 2104 4255 se
2144 4202 2507 4258 Christianum
2550 4219 2659 4256 esse
2709 4200 3015 4271 proﬁtetur,
3084 4204 3344 4273 quomodo
3398 4212 3446 4255 et
3491 4200 3644 4255 Chri-

2047 4282 2188 4331 stum
2227 4274 2466 4328 diabolus
2508 4288 2647 4341 swpe
2700 4273 2974 4335 mentitur,
3007 4272 3119 4342 ipso
3154 4272 3379 4325 Domino
3422 4287 3645 4341 prmum-

2587 4358 2606 4396 :
2642 4360 2660 4393 ι
2700 4343 2864 4397 Multi
2916 4346 3124 4397 venient
3174 4344 3226 4395 in
3272 4343 3481 4395 nomine
3530 4357 3645 4393 meo

2049 4414 2283 4481 dicentes
2313 4428 2332 4466 :
2370 4414 2482 4481 Ego
2517 4430 2633 4467 sum
2677 4412 2916 4468 Christus
2946 4454 2960 4476 ,
3008 4424 3056 4466 et
3111 4410 3333 4481 multos
3361 4410 3573 4479 fallent.
3617 4430 3637 4462 ι

2050 4480 2200 4537 Sicut
2239 4484 2329 4539 ille
2378 4480 2616 4539 Christus
2654 4500 2759 4554 non
2802 4494 2902 4547 est,
2934 4485 3168 4554 quamvis
3232 4480 3391 4554 fallat
3425 4482 3482 4533 in
3542 4496 3643 4554 nos

2054 4555 2195 4607 utine
2235 4553 2404 4620 illius,
2441 4555 2518 4609 ita
2579 4571 2671 4608 nec
2727 4552 3060 4609 Christianus
3108 4553 3273 4609 videri
3321 4560 3512 4619 patest,
3552 4552 3642 4620 qui

2053 4637 2157 4695 non
2195 4637 2469 4694 permanet
2500 4628 2553 4679 in
2584 4624 2863 4695 Evangelii
2899 4626 3010 4694 ejus
3070 4637 3117 4679 et
3166 4622 3294 4695 ﬁdei
3327 4622 3565 4695 veritate.

2122 4692 2358 4751 Sanctus
2397 4692 2871 4764 Augustintts'lib.
2903 4692 3149 4750 {Contra
3193 4692 3641 4757 Parmenianum,

2051 4779 2174 4837 cap.
2213 4766 2243 4820 7
2272 4784 2287 4823 :
2324 4766 2445 4821 Non
2471 4768 2709 4837 quisquis
2740 4768 2793 4819 in
2829 4765 3015 4833 aliqua
3064 4764 3335 4837 religionis
3358 4764 3645 4837 quastione

2052 4834 2210 4908 fuerit
2251 4838 2465 4900 punitus
2485 4834 2564 4890 'ab
2603 4834 2920 4908 imperatore
2971 4834 3232 4908 (sititane)
3292 4843 3496 4908 martyr
3529 4834 3647 4908 elﬁ-

2051 4896 2209 4970 citur,
2237 4896 2344 4963 etc.
2377 4908 2497 4962 Non
2528 4924 2651 4974 ergo
2679 4896 2749 4961 ἐπ
2796 4896 3041 4968 passione}
3093 4896 3238 4961 certa
3273 4914 3350 4959 est
3403 4896 3644 4975 jitsti'ia,

2051 4976 2143 5028 sed
2172 4993 2235 5031 ea:
2257 4979 2471 5049 justitiu
2504 4980 2680 5047 passio
2709 4977 2946 5049 gloriosa
2971 4989 3086 5043 est;
3109 4978 3327 5049 ideoque
3363 4974 3644 5049 Dominus,

2053 5061 2120 5098 ne
2143 5044 2421 5116 quisquam
2451 5044 2513 5103 in
2535 5050 2636 5102 hac
2661 5044 2726 5102 re
2767 5047 2989 5102 nebulas
3033 5044 3324 5118 offunderet
3359 5044 3645 5116 imperitis,

2053 5125 2102 5168 et
2140 5118 2196 5170 in
2234 5135 2454 5172 suorum
2472 5118 2820 5174 damnatione
2843 5116 3156 5173 meritorum
3184 5116 3398 5171 laudem
3435 5130 3645 5185 qurere-

2054 5195 2133 5240 ret
2186 5199 2510 5259 martyrum,
2564 5206 2668 5243 non
2722 5188 3047 5260 generaliter
3112 5189 3191 5242 ait
3228 5203 3303 5260 :s
3351 5185 3507 5240 Beati
3557 5186 3648 5255 qui

2055 5257 2468 5330 persecutionem
2527 5257 2845 5330 patiuntur;
2892 5278 2910 5311 ι
2969 5260 3065 5313 sed
3114 5257 3319 5313 addidit
3393 5271 3647 5327 magnam

2055 5328 2430 5398 diﬁ'erentiam,
2465 5328 2569 5402 qua
2591 5347 2717 5385 vera
2744 5346 2776 5383 a
2803 5331 3083 5402 sacrilegio
3110 5332 3281 5400 pietas
3310 5335 3643 5402 secernatur.

2061 5402 2144 5453 Ait
2189 5402 2331 5474 enim
2375 5418 2396 5456 :
2456 5398 2485 5474 ι’
2514 5401 2825 5474 Beati,_qui
2879 5398 3297 5474 persecutionem
3333 5398 3677 5474 patiuntur-1

2056 5471 2577 5541 proptcrjustitiam.
2610 5491 2628 5523 ι
2667 5465 2831 5541 Nullo
2876 5465 3031 5528 modo
3086 5479 3267 5535 autem
3323 5465 3646 5541 (patiuntur)

2057 5538 2590 5611 propter—justitiam,
2627 5544 2716 5611 qui
2765 5540 2963 5598 Christi
3023 5542 3319 5598 Ecclesium
3345 5538 3648 5611 diviserunt
3688 5586 3691 5589 .

2060 5605 2425 5666 iut't‘ecerunt
2462 5605 2803 5668 schismatici
2853 5614 3078 5683 Graeci),
3116 5620 3165 5666 et
3212 5628 3330 5665 cum
3379 5626 3462 5669 ea.
3493 5605 3648 5683 quasi

2055 5682 2312 5736 simulata
2362 5683 2581 5753 justitia
2633 5694 2899 5739 canuntur
2955 5675 3083 5739 ante
3147 5692 3352 5753 tempus
3408 5697 3455 5753 α-
3486 5675 3646 5753 palea

2056 5754 2318 5826 δερίινανὲ,
2362 5747 2442 5807 ἀε
2475 5754 2743 5823 frumenta
2805 5757 2918 5826 ejus
2974 5755 3126 5824 falsis
3186 5747 3646 5826 criminationibus

2058 5817 2407 5889 insectantur,
2443 5817 2567 5878 dum
2617 5826 2717 5894 ipsi
2745 5817 2898 5878 ab'ea
2948 5817 3139 5893 potius,
3180 5831 3436 5890 tanquam
3491 5817 3649 5869 levis-

2061 5900 2197 5949 sima
2222 5894 2401 5965 palea,
2427 5897 2590 5950 rariis
2623 5912 2895 5951 rumorum
2916 5897 3127 5967 ﬂatibus
3157 5895 3394 5948 semiruti
3428 5898 3572 5945 sunt.
