4028 6510
353 409 453 471 119

1493 422 1823 485 :0lele
1858 415 2405 485 CANTACUZENI'.

3490 415 3591 481 1Ξο

349 528 507 583 batur
534 547 546 581 :
582 538 660 587 et.
682 527 847 595 Nihil,
884 532 1082 601 inquit,
1115 547 1202 588 me
1229 547 1260 587 a
1297 532 1401 589 [ide
1422 534 1628 612 Cb_risti
1663 553 1914 607 separare

2017 536 2336 609 ἢάναιρεϊν,
2377 536 2436 602 ἐξ
2481 530 2556 590 ὧν
2588 551 2694 607 περ
2727 530 2955 603 οὐδεμία
2978 530 3186 601 ὄνησις.
3226 528 3313 593 Ὧς
3347 528 3404 582 δέ
3440 529 3592 582 οὐδεμ-

348 621 572 690 potcrit,
606 623 886 692 desperata
916 624 1018 678 viri
1076 627 1398 691 mutatione,
1436 628 1659 686 Barbari
1708 631 1917 685 blandi-

346 722 532 768 menta
584 723 644 769 ut
699 727 1102 786 supervacanea
1160 720 1457 787 omittunt,
1499 722 1565 776 ad
1620 723 1913 792 ingenitam

349 814 406 859 et
454 805 683 863 amicam
739 807 845 863 sibi
893 809 1282 867 immanitatem
1344 828 1403 868 se
1448 822 1792 869 convertunt.
1851 816 1917 870 Et

354 896 560 952 Sicbun
586 897 808 969 quidem
826 901 1008 955 statim
1032 902 1182 957 illum
1207 913 1380 958 morte
1401 904 1642 961 damnat.
1658 905 1917 962 Sullanus

348 998 574 1054 autem,
629 1000 686 1045 ut
741 993 1093 1060 aerepimus,
1144 1009 1214 1049 ne
1265 996 1566 1063 occidatur,
1598 1004 1783 1068 rogat,
1818 1000 1915 1055 sed

346 1079 454 1134 alio
492 1081 727 1149 quodam
774 1082 936 1137 modo
963 1082 1029 1137 de
1069 1084 1435 1142 inobedimtia
1484 1088 1760 1157 puniatur.
1791 1090 1914 1146 Non

350 1170 497 1225 enim
551 1172 640 1227 ille
676 1183 782 1228 tam
815 1173 1046 1231 inl‘estus
1091 1186 1208 1232 erat
1253 1177 1580 1233 Christianis
1615 1181 1747 1249 (imo
1785 1195 1916 1237 vero

350 1276 543 1315 eorum
599 1279 764 1320 neces
811 1265 1060 1320 dolenter
1100 1266 1246 1323 ferre
1292 1268 1595 1341 dicebatur)
1632 1286 1794 1340 quam
1829 1273 1916 1327 Si-

348 1350 495 1406 chun
518 1393 534 1418 ,
563 1355 689 1408 mali
747 1356 891 1412 illius
921 1358 1074 1426 pejus
1120 1358 1452 1416 domicilium
1481 1380 1495 1416 :
1527 1362 1631 1418 hoc
1662 1373 1766 1427 est,
1797 1365 1916 1435 ipso

348 1445 597 1500 daemone
648 1446 822 1516 pejor,
875 1447 1020 1503 illius
1067 1449 1434 1519 perditionis,
1482 1455 1575 1523 qui
1625 1454 1913 1512 homicidae

348 1538 486 1606 patri
509 1552 608 1592 suo
635 1538 1184 1607 obsequentissimus,
1211 1540 1649 1599 Christianorum
1676 1547 1914 1605 caadibus

350 1630 587 1685 saturari
636 1632 917 1700 nequibat,
970 1632 1066 1690 sed
1100 1633 1449 1689 cruciabatur
1500 1637 1718 1705 potius,
1768 1638 1913 1706 quod

347 1737 457 1775 non
482 1717 732 1777 celeriter
748 1723 954 1779 Christi
987 1740 1189 1780 nomen
1209 1741 1239 1782 e
1275 1727 1435 1781 terris
1462 1728 1688 1784 eradere
1709 1739 1911 1799 posset.

348 1809 627 1866 Sententia
661 1811 827 1880 igitur
857 1814 1053 1869 mortis
1092 1815 1481 1884 iuhibebatur;
1518 1818 1702 1885 plagas
1729 1830 1910 1883 autem

344 1901 734 1970 quinquaginta
760 1944 776 1969 ,
820 1904 1002 1959 nervis
1066 1904 1291 1960 bubulis
1320 1906 1524 1961 nudato
1572 1909 1784 1977 corpori
1823 1907 1911 1962 Si-

344 1995 489 2047 t'llllll
518 1993 755 2064 'jubcbat
786 1995 1018 2065 imponi,
1050 1997 1196 2066 quod
1226 1996 1290 2051 ad
1324 2006 1403 2053 tot
1435 1999 1659 2053 verbera
1691 1999 1915 2056 minime

345 2084 669 2140 duraturum
696 2092 916 2155 putaret
938 2127 954 2152 ,
1006 2088 1103 2143 sed
1131 2099 1258 2143 ante
1287 2088 1447 2144 linem
1481 2090 1717 2145 animam
1746 2091 1915 2147 emis-

345 2190 579 2241 surum,
631 2177 701 2231 ad
756 2176 903 2232 vires
959 2178 1227 2234 humanas
1281 2180 1538 2236 videlicet
1594 2184 1911 2253 respiciens.

347 2267 648 2323 Carnillccs
686 2276 970 2340 postquam
1019 2271 1308 2327 seductum
1346 2272 1719 2345 ﬂagellarunt,
1752 2284 1808 2332 et
1837 2276 1915 2331 illi

343 2361 564 2429 quidem
600 2361 877 2432 plagarum
909 2401 926 2428 ,
957 2378 1092 2432 quas
1120 2364 1430 2422 inferebant
1453 2409 1469 2435 ,
1501 2384 1732 2425 numero
1763 2370 1916 2427 dele-

343 2464 573 2516 cerunt;
605 2450 808 2507 athleta
843 2462 972 2508 vero
999 2462 1240 2509 mentem
1283 2456 1337 2510 in
1375 2458 1484 2512 Deo
1513 2474 1673 2527 quem
1700 2460 1916 2516 deside-

325 2541 503 2596 rabat
526 2580 543 2611 ,
572 2542 805 2597 defixam
844 2544 1049 2601 habens
1074 2586 1091 2612 ,
1142 2547 1361 2603 cmleste
1407 2549 1669 2604 auxilium
1726 2532 1919 2620 implo-

344 2632 490 2687 ravit
511 2674 526 2698 ,
581 2634 717 2689 nihil
752 2636 1025 2706 abjcclum
1058 2654 1160 2694 nec
1188 2640 1378 2695 dicens
1404 2681 1418 2705 ,
1454 2656 1558 2697 nec
1607 2643 1813 2700 faciens
1846 2644 1917 2699 ob

345 2723 699 2780 acerbitatem
749 2727 1037 2785 verberum
1068 2772 1083 2795 ,
1120 2739 1384 2801 tyrannus
1425 2734 1601 2804 magis
1654 2750 1917 2791 accensus

346 2815 507 2871 furiis
532 2824 589 2871 et
618 2817 722 2885 ira,
758 2820 917 2890 quasi
977 2822 1219 2893 scipsum
1251 2825 1495 2881 mollitiei
1524 2836 1576 2881 et
1609 2827 1915 2885 timiditatis

345 2922 647 2980 coarguens
669 2953 685 2980 ,
720 2913 966 2969 totidem
1005 2915 1145 2971 alias
1198 2917 1369 2988 inﬂigi
1405 2920 1702 2975 mandavit.
1758 2921 1913 2989 Quod

343 3016 472 3057 cum
525 3001 605 3056 illi
642 3001 791 3058 dicto
816 3003 983 3061 citius
1022 3018 1455 3077 exsequerentur
1480 3053 1495 3077 ,
1554 3020 1727 3066 totum
1764 3013 1916 3083 pavi-

351 3103 593 3165 mentum
625 3098 891 3167 sanguine
924 3098 1268 3167 rubescebat,
1304 3109 1360 3157 et
1390 3117 1583 3157 carnes
1613 3103 1915 3158 dilacerata:

2020 630 2118 699 μία
2147 646 2229 692 τις
2261 630 2443 693 αὐτοῖς
2470 630 2533 681 ἐκ
2565 627 2658 681 τοῦ
2691 629 2896 681 ἐκεῖνον
2909 623 3226 678 κολακεύειν
3254 622 3582 692 ὑπεφαίνετο

2016 718 2193 781 ἐλπὶς,
2227 719 2404 773 πάντα
2429 718 2538 789 γὰρ
2569 719 2776 780 ἐκεῖνος
2825 715 3025 785 μᾶλλον
3067 714 3286 782 ἐτοιμος
3321 713 3461 782 ὑπὲρ
3483 712 3584 780 τῆς

2017 810 2098 873 είς
2129 810 2367 879 Χριστὸν
2389 814 2624 871 πίστεως
2655 807 2953 878 ὑπομένειν
2979 801 3067 876 ἦν,
3097 806 3193 858 καὶ
3229 804 3443 876 δημίων
3473 802 3596 867 ἐξε·

2016 903 2237 957 καλεῖτο
2263 904 2473 972 χεῖρας,
2508 901 2604 957 καὶ
2636 901 2887 968 ξεσμοὺς,
2916 899 3010 951 καὶ
3042 896 3453 967 στρεϐλωτήρια
3479 892 3597 946 ἐδό-

2016 1012 2103 1049 κει
2138 994 2338 1064 μᾶλλον
2366 993 2574 1058 ποθεῖν,
2597 993 2712 1053 καὶ,
2732 990 2899 1045 Οὐδὲν
2931 989 3041 1043 τῶν
3068 989 3261 1049 ὄντων,
3286 987 3466 1055 ἔλεγε,
3490 984 3596 1055 τῆς

2017 1088 2097 1148 είς
2124 1083 2359 1155 Χριστόν
2389 1099 2457 1155 με
2487 1085 2778 1153 δυνήσεται
2804 1082 3041 1145 πίστεως
3065 1079 3381 1150 ἀποστῆσαι
3407 1095 3422 1113 ο
3457 1079 3599 1131 άπε-

2016 1177 2281 1244 γίνωσκον
2322 1161 2423 1244 μὲν
2455 1176 2504 1228 οί
2548 1173 2817 1246 βάρϐαροι
2866 1172 2967 1243 τὴν
3022 1170 3334 1240 μετάθεσιν,
3388 1169 3486 1222 καὶ
3531 1167 3596 1221 τὸ
3632 1220 3641 1225 -

2016 1267 2332 1322 κολακεύειν
2383 1267 2568 1338 ὥσπερ
2623 1283 2676 1319 τι
2730 1265 2843 1318 τῶν
2899 1265 3194 1334 ἀχρήστων
3245 1260 3589 1327 ἀπετίθεντο,

2015 1362 2255 1432 ἐχώρουν
2285 1361 2342 1415 δέ
2395 1362 2487 1413 ἐπὶ
2533 1360 2631 1428 τὴν
2661 1358 2960 1428 σύντροφον
2992 1355 3378 1425 ὠμότητακαὶ
3404 1353 3591 1423 φίλην,

2017 1457 2112 1510 καὶ
2163 1453 2383 1523 Σειχοῦν
2425 1452 2523 1521 μέν
2553 1450 2785 1504 θάνατον
2833 1448 2997 1510 εὐθὺς
3042 1443 3446 1517 κατεψηφίζετο
3496 1442 3593 1497 τοῦ

2015 1544 2377 1615 πατριάρχου.
2415 1541 2650 1594 Σονλτὰν
2672 1540 2728 1595 δέ
2763 1539 2838 1601 ὡς
2878 1539 3117 1607 ἐλέγετο,
3149 1537 3318 1591 ἐδεῖτο
3352 1536 3439 1605 μὴ(
3460 1536 3596 1588 ἀπο-

2015 1634 2292 1688 κτιννύναι
2319 1649 2333 1665 ·
2361 1632 2496 1686 ἀλλὰ.
2536 1632 2737 1701 τρόπον
2774 1629 2963 1700 ἕτερόν
3002 1647 3123 1683 τινα
3165 1630 3266 1699 τῆς
3308 1627 3597 1688 ἀπειθείας

2014 1724 2177 1779 ἕνεκα
2206 1722 2476 1788 κολάζειν.
2503 1723 2579 1778 υύ
2608 1726 2720 1793 γάρ
2742 1722 2994 1776 τοσοῦτον
3022 1716 3089 1792 ἦν
3120 1720 3289 1791 βαρὺς
3326 1715 3597 1789 Χριστιαὲ

2016 1817 2124 1879 νοῖς
2148 1817 2375 1877 ἐκεῖνος,
2427 1815 2629 1885 μᾶλλον
2661 1814 2716 1867 δὲ
2749 1814 2970 1881 ἐλέγετο
2998 1813 3093 1866 καὶ
3131 1810 3393 1881 ἄχθεσθαι
3441 1811 3598 1869 ἀναι-

2019 1907 2338 1977 ρουμένων,
2374 1907 2498 1959 ὅσον
2534 1905 2777 1976 Σειχοῦν,
2801 1907 2863 1959 τὸ
2904 1903 2999 1959 τοῦ
3033 1904 3273 1973 πονηροῦ
3303 1902 3600 1973 πονηρότε-

2019 2010 2112 2066 ρον
2139 1995 2475 2064 οίκητήριον,
2515 1997 2544 2046 ό
2573 1997 2670 2061 τῆς
2698 1993 2972 2055 ἀπωλείας
2999 1992 3109 2056 υἱός
3131 2008 3145 2023 ·
3171 1992 3232 2055 δς
3261 1991 3340 2059 τῷ
3370 1991 3557 2060 άνθρω
3576 2019 3593 2031 -

2016 2084 2261 2156 ποκτόνῳ
2288 2087 2455 2155 πατρὶ
2486 2084 2807 2153 πειθόμενος
2838 2082 3141 2153 κατάκρας,
3189 2083 3353 2147 κόρον
3399 2081 3599 2134 οὐδένα

2016 2176 2379 2246 κτεινομένων
2405 2175 2676 2246 ἐλάμὸανε
2709 2175 3079 2245 Χριστιανῶνσ
3108 2173 3222 2229 ἀλλ’
3249 2172 3443 2244 ἤχθετο
3458 2173 3598 2242 μᾶλ-

2015 2268 2130 2332 λον,
2163 2269 2246 2322 ὅτι
2276 2268 2351 2340 μὴ
2401 2268 2609 2339 ταχέως
2635 2267 2697 2320 τδ
2727 2267 2819 2321 τοῦ
2846 2266 3084 2336 Χριστοῦ
3118 2265 3291 2336 ὄνομα
3345 2265 3446 2331 τῆς
3487 2264 3595 2335 γῆς

2014 2363 2245 2434 ἠδύνατο
2303 2360 2632 2425 ἐξελαύνειν.
2696 2360 2761 2414 Ἢ
2825 2358 2924 2429 μέν
2970 2357 3067 2412 οὖν
3112 2357 3210 2413 τοῦ
3254 2358 3601 2411 ἀποκτείνειν

2014 2456 2193 2527 ψῆφος
2241 2454 2532 2516 ἐκωλύετο,
2567 2452 2782 2525 πληγὰς
2825 2452 2885 2506 δέ
2941 2451 3159 2515 ἐκέλευε
3220 2448 3447 2521 Σειχοῦν
3501 2449 3599 2501 ἐπὶ

2016 2548 2243 2617 γυμνῶν
2287 2546 2397 2601 τῶν
2426 2548 2641 2616 σαρκῶν
2670 2544 2982 2615 βουνεύροις
3019 2544 3277 2596 ἐντείνειν
3331 2556 3598 2595 πεντακο-

2021 2641 2162 2705 σίας.
2192 2642 2350 2713 ᾬετο
2371 2641 2482 2709 γὰρ
2509 2640 2611 2693 οὐκ
2632 2638 2986 2709 ἀντισχήσειν
3009 2636 3146 2706 πρὸς
3175 2632 3430 2689 τοσοῦτον
3460 2631 3604 2698 πλῆο

2018 2734 2133 2798 θος,
2166 2732 2303 2788 ἀλλὰ
2346 2733 2475 2803 πρὶν
2505 2735 2583 2794 είς
2631 2730 2794 2794 τέλος
2827 2728 3032 2792 ταύτας
3066 2728 3225 2797 ’ήκειν
3282 2721 3602 2791 ἀπολείψειν

2019 2826 2183 2879 αὐτὸν
2233 2825 2296 2877 τὸ
2337 2822 2459 2894 ζῇν,
2517 2823 2641 2877 ὅσον
2679 2822 2760 2885 είς
2804 2821 2905 2891 τὴν
2955 2817 3307 2887 ἀνθρωπίνην
3366 2814 3603 2884 δύναμιν

2018 2915 2371 2973 ἀποσκοπῶν.
2414 2915 2566 2968 Ἐπεὶ
2595 2914 2653 2966 δὲ
2683 2914 2731 2966 οἱ
2761 2914 2944 2981 δήμιοι
2986 2909 3331 2978 διαλαϐόντες
3380 2908 3599 2980 ⁴ᾕκιζον,

2021 3012 2115 3064 καὶ
2140 3010 2188 3061 oi
2224 3007 2325 3078 μὲν
2354 3007 2491 3076 πρὸς
2517 3005 2577 3059 τὸ
2612 3003 2815 3073 πλῆθος
2847 3004 3080 3072 ἔκαμνον
3128 3000 3237 3054 τῶν
3270 3001 3519 3070 πληγῶν,
3569 3002 3602 3053 δ

2019 3103 2261 3174 ἀθλητὴς
2290 3102 2347 3155 δὲ
2384 3103 2476 3154 τὸν
2504 3099 2627 3153 νοῦν
2676 3099 2813 3171 προς
2856 3098 2915 3151 δν
2965 3098 3148 3152 ἐπόθει
3186 3096 3423 3166 Χριστὸν
3457 3090 3598 3167 εἶχε,

344 3174 690 3257 deﬂuebant,
763 3186 1253 3262 fatiscentibusque
1325 3194 1673 3266 compagibus
1698 3236 1712 3263 ,
1788 3212 1912 3252 ossa

2019 3198 2111 3250 καὶ
2139 3194 2237 3264 τὴν
2269 3192 2477 3247 ἐκεῖθεν
2527 3191 2777 3262 βδήθειαν
2812 3189 3140 3255 ἐξεκαλεῖτο,
3177 3190 3332 3243 οὒδέν
3361 3187 3591 3257 ἀγεννὲς

340 3282 715 3349 patesee'uant.
736 3280 1052 3339 Patriarcba
1071 3292 1221 3339 tanto
1240 3285 1613 3345 cruciamento
1627 3287 1912 3352 deﬁciens,

341 3378 398 3425 et
429 3385 579 3427 num.
611 3373 886 3430 collabens
908 3374 1130 3444 iacebat
1153 3416 1168 3440 ,
1216 3377 1436 3446 paulum
1464 3377 1643 3433 adhuc
1677 3377 1912 3448 spirans,

344 3470 402 3518 et
449 3462 703 3520 Barbaris
735 3466 1021 3520 tolerantia
1074 3476 1181 3521 tam
1214 3467 1346 3523 dirae
1372 3469 1771 3526 verberationis
1796 3485 1915 3528 stu-

344 3569 527 3623 porem
584 3558 983 3613 commovebat.
1070 3558 1279 3615 Deinde
1331 3561 1545 3628 ,iterum
1606 3575 1913 3635 quaerunt,

344 3660 472 3700 num
503 3646 702 3702 sultani
737 3649 1013 3704 mandatis
1057 3650 1444 3722 obtemperans
1465 3695 1480 3720 ,
1512 3654 1718 3711 Christi
1755 3658 1914 3714 lldem

344 3747 628 3801 deserere,
660 3749 716 3793 et
749 3756 875 3794 cum
904 3741 1042 3811 ipsis
1076 3744 1483 3801 communicare
1512 3746 1647 3802 velit
1673 3764 1688 3801 :
1719 3747 1917 3804 libere-

346 3845 454 3899 que
482 3840 828 3888 recusantem
860 3873 876 3899 ,
905 3849 970 3889 ac
999 3833 1272 3892 dicentem
1298 3880 1312 3901 ,
1369 3838 1518 3894 Nihil
1551 3854 1637 3896 me
1665 3855 1695 3896 a
1727 3841 1831 3898 lide
1859 3843 1915 3899 in

343 3921 622 3977 Christum
679 3939 936 3995 separare
994 3927 1239 3996 poterit,
1298 3930 1456 4001 761
1531 3931 1594 4013 in,
1640 3948 1913 3991 carcerem
1966 3920 1967 3923 η

346 4018 641 4084 quemdam
673 4026 852 4072 morte
884 4017 1151 4074 damnatis
1186 4019 1518 4077 destinatum
1574 4033 1916 4094 asportantes

343 4105 640 4176 projiciunt
667 4150 680 4173 ,
726 4116 785 4162 ut
816 4108 863 4163 si
898 4124 1006 4163 non
1043 4126 1107 4164 ex
1140 4111 1314 4182 plagis
1341 4152 1357 4180 ,
1407 4122 1557 4171 certe
1582 4125 1707 4185 post
1739 4117 1917 4187 gladio

343 4198 690 4253 moriturum.
712 4198 860 4254 Socii
883 4211 1062 4256 autem
1094 4203 1329 4258 carceris
1359 4205 1916 4273 (quorumerantnon

342 4290 501 4360 pauci
536 4305 598 4345 ex
634 4289 910 4358 Barbaris,
950 4292 1044 4345 alii
1074 4292 1208 4348 alias
1236 4294 1306 4349 ob
1332 4309 1526 4350 causas
1557 4297 1736 4367 capite
1762 4299 1917 4354 dam-

339 4379 475 4450 nati)
504 4379 841 4436 bumanitate
881 4382 1114 4452 quadam
1151 4392 1209 4439 et
1240 4384 1588 4443 miseratione
1612 4389 1682 4444 ob
1710 4400 1918 4447 naturas

338 4471 673 4527 consortium
703 4510 720 4539 ,
766 4488 879 4527 non
926 4474 1141 4530 modica
1189 4490 1314 4531 eum
1364 4492 1495 4531 cura
1524 4479 1911 4548 dignabantur,

2017 3285 2140 3341 οὔτε
2170 3285 2446 3356 πράττων,
2475 3282 2599 3337 οὔτε
2629 3272 3005 3353 φθεγγόμενος
3039 3280 3173 3350 πρὸς
3219 3279 3587 3356 τὰςβληγὰς,

2015 3382 2043 3433 ό
2072 3380 2334 3449 τύραννος
2365 3375 2446 3428 ἔτι
2478 3376 2677 3446 μᾶλλον
2704 3373 3071 3441 ἐξαπτόμενος
3107 3370 3219 3426 ὑπὸ
3253 3370 3454 3440 θυμοῦ,
3502 3370 3601 3423 καὶ

2015 3469 2204 3539 ῶσπερ
2231 3466 2427 3523 ἑαυτοῦ
2461 3467 2735 3538 μαλακίαν
2760 3468 2851 3521 καὶ
2881 3463 3239 3536 μικρολογίαν
3265 3463 3597 3531 καταγνοὺς,

2017 3564 2113 3617 καὶ
2145 3563 2341 3631 ἑτέρας
2394 3559 2664 3623 τοσαύτας
2710 3559 2961 3612 ἐκέλευεν
2996 3543 3276 3611 ἐντείνεινί
3304 3555 3511 3609 Θᾶττον
3537 3553 3597 3606 δὲ

2015 3652 2049 3723 ἢ
2079 3653 2235 3721 λόγος
2281 3653 2352 3706 τὰ
2382 3645 2786 3722 κεκελευσμένα
2836 3642 3188 3721 πραττόντων
3219 3647 3329 3701 τῶν
3362 3646 3594 3716 δημίων,

2015 3746 2214 3815 αἵμασι
2249 3744 2349 3814 μὲν
2365 3744 2423 3798 τὸ
2439 3745 2797 3813 ὑποκείμενον
2820 3744 2967 3799 ἅπαν
2994 3744 3190 3814 ἔδαφος
3226 3740 3585 3811 ἐφοινίσσετο,

2020 3839 2222 3907 σάρκες
2263 3838 2317 3891 δὲ
2348 3837 2642 3907 κατέρρεον
2678 3836 3098 3906 άποσπώμεναι,
3135 3839 3231 3892 καὶ
3259 3837 3433 3907 νεῦρα
3462 3852 3597 3889 κατ-

2018 3927 2267 3980 ελείπετο
2309 3926 2404 3981 καὶ
2436 3927 2599 3981 όστὲα
2643 3930 2831 3995 γυμνὰ
2875 3926 3116 3998 σαρκῶν.
3154 3926 3215 3979 '0
3245 3926 3595 3997 πατριάρχης

2014 4018 2072 4071 δὲ
2110 4018 2246 4089 πρὸς
2275 4019 2541 4088 τοσαύτην
2595 4016 2846 4071 ἀπειπὼν
2895 4018 3006 4070 τῶν
3059 4005 3248 4072 δεινῶν
3292 4018 3585 4087 ἐπιφορὰν,

2015 4108 2194 4165 ἔκειτο
2219 4112 2416 4182 μικρὸν
2450 4112 2724 4181 ἐμπνέων,
2772 4110 2866 4163 καὶ
2897 4112 3010 4174 τοῖς
3050 4110 3361 4180 Βαρϐάροις
3395 4109 3600 4178 ἐκπλη-

2016 4200 2097 4267 ξιν
2125 4202 2382 4267 ἐνεποίει,
2417 4203 2498 4256 ὅτι
2544 4203 2678 4272 πρὸς
2702 4200 2974 4264 τοσαύτας
3005 4201 3346 4271 διαρκέσειεν
3379 4200 3587 4263 αἰκίας.

2018 4291 2504 4361 Ἔπειταήρὼτων
2530 4287 2704 4357 αὖθις,
2726 4291 2774 4343 εί
2802 4291 2877 4361 μὴ
2909 4292 3017 4353 τοῖς
3058 4289 3286 4342 σουλτὰν
3321 4289 3599 4359 προστάγ-

2015 4399 2182 4454 μασιν
2241 4382 2432 4449 εἴκων,
2471 4384 2569 4452 τῆς
2596 4383 2700 4445 ἐίς
2727 4380 2960 4452 Χριστὸν
2991 4383 3229 4442 πίστεως
3281 4381 3595 4449 ἀποστῆναι

2015 4475 2283 4545 βούλοιτο,
2338 4477 2433 4529 καὶ
2474 4475 2843 4545 συμμετέχειν
2898 4473 3083 4535 αὐτοῖς
3144 4472 3282 4540 προς
3327 4470 3427 4542 τὴν
3460 4469 3599 4540 θρηο

341 4562 613 4633 peritique
640 4563 954 4634 huiusmodi
980 4565 1273 4621 allecluum
1306 4568 1698 4623 medendorum
1724 4609 1740 4634 ,
1777 4585 1915 4640 pau-

2023 4565 2211 4620 σκείαν
2231 4582 2245 4597 ο
2275 4565 2352 4629 ὡς
2384 4563 2430 4617 δ’
2460 4565 2672 4626 ἐκεῖνος
2724 4563 2863 4633 μετὰ
2910 4561 3232 4632 παρρησίας
3258 4562 3595 4631 ἀπηγόρευε,

342 4654 493 4710 latim
544 4670 667 4711 eum
713 4656 1022 4727 persanatis
1069 4657 1347 4729 plagarum
1384 4658 1707 4714 vulneribus
1750 4660 1914 4715 resti-

341 4755 584 4803 tuerunt.
643 4747 839 4804 Adhuc
901 4748 1005 4804 sub
1056 4749 1264 4820 judicio
1320 4748 1512 4805 mortis
1571 4759 1687 4804 erat
1723 4790 1739 4815 ,
1791 4768 1913 4804 cum

341 4837 712 4894 Jacobitarum
755 4839 1067 4911 episcopus,
1099 4854 1412 4910 quanquam
1443 4837 1598 4907 prius
1627 4838 1698 4892 ob
1726 4852 1914 4895 sacro-

340 4944 461 4983 rum
533 4931 904 4988 diversitatem
956 4946 1084 4985 eum
1152 4927 1401 5005 odisset,
1453 4929 1914 5000 iuterl‘cctumqne

341 5021 671 5092 cupivisset,
703 5031 902 5093 praeter
919 5022 1231 5092 opinionem
1252 5034 1528 5076 servatum
1548 5021 1913 5091 conspiciens,

338 5127 441 5168 nec
473 5113 726 5170 humana:
742 5115 820 5181 id,
868 5114 963 5169 sed
1007 5112 1206 5169 divinae
1236 5113 1454 5168 virtutis
1499 5119 1923 5167 monumentum.

338 5203 656 5261 existimans
683 5245 699 5271 ,
732 5219 801 5261 ex
856 5219 927 5261 eo
960 5213 1022 5259 ut
1048 5203 1309 5258 athletam
1339 5203 1625 5273 complecti
1657 5203 1915 5274 omnique

343 5298 551 5352 honore
594 5307 650 5353 et
680 5296 1030 5353 observantia
1083 5295 1262 5352 colere
1286 5333 1302 5360 ,
1335 5303 1391 5351 et
1430 5296 1672 5352 studiose
1707 5297 1911 5352 victum

340 5387 582 5458 quandiu
619 5387 674 5442 in
704 5388 941 5444 vinculis
970 5385 1074 5441 fuit
1099 5427 1113 5450 ,
1164 5386 1579 5442 subministrare
1608 5388 1796 5458 cmpit.
1836 5391 1914 5444 Ac

343 5488 467 5551 post
497 5480 847 5536 intervallum
903 5478 1120 5546 longius
1151 5476 1407 5533 Sichunti
1437 5480 1669 5550 abrupta
1706 5480 1911 5546 anima,

344 5574 468 5645 ipse
497 5571 868 5645 patriarcham
894 5586 926 5625 a
960 5570 1177 5626 sultano
1238 5571 1587 5641 impetratum
1633 5587 1664 5627 e
1692 5588 1912 5629 carcere

338 5664 568 5730 eduxit,
602 5664 698 5736 qui
743 5670 800 5719 et
848 5661 1174 5717 Chiist'antn
1228 5662 1508 5733 religionis
1536 5663 1779 5719 colenda:
1820 5678 1915 5733 po-

340 5762 593 5811 testatem
651 5752 821 5810 dedit.
862 5752 992 5807 Erat
1046 5769 1280 5825 namque
1328 5753 1576 5809 sultanus
1623 5754 1704 5824 (ut
1732 5754 1916 5810 docui-

335 5845 483 5920 mus)
522 5862 631 5905 non
666 5861 763 5904 sua
794 5854 985 5918 sponte
1015 5847 1080 5904 ad
1112 5846 1548 5919 persecutionem
1582 5861 1909 5918 propensus,

2017 4659 2137 4726 καὶ,
2164 4658 2331 4713 Οὐδέν
2360 4675 2427 4730 με
2454 4659 2552 4730 τῆς
2585 4660 2664 4724 είς
2695 4656 2951 4729 Χριστὸν,
2983 4659 3211 4727 ἔφασκε,
3240 4654 3474 4716 πίστεως
3503 4653 3597 4706 δυ-

2014 4753 2244 4822 νήσεται
2274 4751 2604 4821 ἀποστῆσαι,
2629 4751 2720 4803 ἐπί
2752 4766 2806 4803 τι
2859 4749 3256 4819 δεσμωτήριον,
3312 4748 3342 4801 δ
3365 4749 3478 4810 τοῖς
3504 4746 3598 4803 ἐπὶ

2017 4841 2246 4894 θάνατον
2270 4841 2504 4913 ἐξῄρητο
2538 4842 3033 4910 κατεγνωσμένοις,
3065 4841 3323 4911 φέροντες
3369 4840 3596 4907 ῥιπτοῦ-

2016 4947 2123 4994 σιν,
2151 4930 2227 4994 ὡς
2257 4933 2305 4985 εί
2342 4933 2417 5002 μὴ
2451 4931 2545 4985 νῦν
2571 4932 2634 4985 ἐκ
2664 4922 2773 4985 τῶν
2804 4932 3049 5001 πληγῶν,
3088 4930 3201 4984 ἀλλ’
3233 4929 3463 5002 ὕστερον
3495 4930 3597 5002 τὴν

2014 5023 2102 5076 διὰ
2124 5023 2313 5092 ξίφους
2365 5023 2580 5095 σφαγὴν
2612 5024 3073 5095 ὑποστησόμενον.
3109 5024 3173 5077 Οἱ
3204 5024 3593 5094 συνδεσμῶται

2014 5114 2092 5178 δὲ,
2115 5109 2256 5185 ἦσαν
2277 5119 2386 5185 γὰρ
2413 5116 2514 5168 οὐκ
2542 5114 2712 5181 όλίγοι
2743 5117 2808 5168 ἐκ
2845 5113 3140 5185 βαρϐάρων
3168 5114 3252 5183 ἐφ’
3287 5114 3501 5185 ἑτέραις
3526 5114 3591 5186 δή

2015 5218 2161 5259 τισιν
2188 5207 2391 5270 αίῑίαις
2443 5205 2915 5276 κατεψηφισμένοι
2963 5204 3354 5275 ἀποθνήσκειν,
3401 5188 3592 5273 φιλάν-

2016 5297 2234 5369 θρωπόν
2287 5315 2338 5352 τι
2391 5298 2677 5365 παθόντες,
2735 5298 2830 5351 καὶ
2880 5299 2980 5370 τὴν
3018 5298 3370 5368 ἀνθρωπίνην
3429 5295 3593 5365 φύσιν

2017 5389 2510 5460 κατοικτείραντες,
2542 5391 2802 5461 πρόνοιάν
2838 5407 2896 5443 τε
2970 5391 3297 5461 ἐποιήσαντο
3330 5388 3497 5442 αὐτοῦ
3529 5387 3590 5440 οὗ

2014 5479 2115 5551 τὴν
2136 5478 2411 5549 τυχοῦσαν
2434 5494 2448 5508 '
2487 5477 2583 5533 καὶ
2610 5479 2746 5550 πρὸς
2776 5477 3087 5548 θεραπείας
3102 5474 3358 5529 τοιούτων
3410 5472 3594 5543 παθη-

2020 5572 2206 5641 μάτων
2231 5569 2509 5640 ἐμπείρως
2532 5569 2765 5641 ἔχοντες,
2786 5566 3155 5639 ἀνεκτήσαντό
3177 5584 3237 5619 τε
3264 5567 3353 5619 διὰ
3374 5566 3590 5636 χρόνον,

2016 5663 2112 5715 καὶ
2139 5662 2244 5714 τῶν
2272 5663 2336 5714 ἐκ
2365 5661 2473 5714 τῶν
2503 5660 2727 5730 πληγῶν
2760 5647 3077 5729 ἀπήλλαξαν
3102 5657 3454 5728 τραυμάτων.
3480 5653 3587 5709 Ἦν

2014 5752 2090 5817 δέ,
2114 5751 2195 5806 ἔτι
2227 5750 2331 5805 ὑπὸ
2355 5752 2455 5823 τὴν
2482 5752 2878 5821 θανατηφόρων
2926 5750 3103 5821 δίκην.
3152 5749 3212 5803 Ὀ
3250 5749 3306 5801 δέ
3327 5748 3437 5802 τῶν
3482 5749 3589 5802 Ἰα-

2017 5844 2196 5899 κώϐου
2228 5845 2565 5917 αἰρεσιωτῶν
2627 5844 2940 5917 ἀρχιερεὺς,
2989 5842 3166 5898 καίτοι
3200 5840 3466 5913 πρότερον
3504 5839 3595 5896 διὰ
