4028 6528
555 464 655 528 127

1739 464 2063 527 JOANNIS
2092 422 2625 529 CANTACUZENI

3721 464 3820 531 19.8

552 576 827 644 perisset,
883 583 1207 643 terreretque
1265 573 1590 630 auctoritate
1649 591 1749 631 sua
1786 578 2123 648 praesidium,

2231 577 2414 649 κρύφα
2446 576 2750 649 διαλεχθεὶς
2792 577 2923 647 περὶ
2965 575 3055 631 τοῦ
3091 575 3510 657 πεπραγμένου,
3547 579 3642 629 καὶ
3696 596 3826 632 συν-

549 678 737 736 aperte
791 682 851 722 se
892 682 922 721 a
969 667 1267 736 l’alaeologo
1337 677 1394 720 et
1443 667 1648 722 Zelotis
1692 668 1955 738 seiunxit.
2020 668 2125 723 Pa-

559 760 817 829 laeulogus
866 759 1014 812 cives
1040 760 1093 813 in
1137 775 1197 813 se
1232 760 1613 829 conspirantes
1653 760 2123 828 anitnadvertens,

549 849 712 921 765
745 850 1174 918 parathalassios
1203 852 1278 919 (id
1306 860 1389 905 est
1413 851 1480 906 ad
1514 866 1687 916 mare,
1714 866 1813 907 seu
1842 851 1899 906 in
1942 852 2126 909 littore

550 941 890 1012 habitantes)
916 952 975 996 ut
1017 944 1183 998 etiam
1212 952 1362 1008 ante,
1399 943 1806 1014 occupavityet
1852 960 2002 1000 arma
2043 960 2126 1001 ca-

549 1053 680 1107 pere
718 1037 904 1105 jussit,
941 1048 1131 1092 contra
1180 1038 1615 1107 protosebasturn
1675 1037 1923 1107 aliosque
1974 1039 2126 1095 cives

548 1144 608 1183 se
652 1128 984 1183 defensurus
1041 1130 1310 1184 videlicet.
1374 1130 1477 1195 Qui
1527 1145 1591 1185 ex
1652 1120 1932 1199 praeterito
1993 1146 2124 1187 casu

550 1218 676 1273 facti
709 1221 1008 1283 cautiores,
1041 1235 1150 1274 non
1173 1221 1283 1289 jam
1311 1222 1426 1275 otio
1471 1229 1527 1275 et
1567 1221 1907 1276 cunctationi
1940 1222 2126 1276 indui-

548 1310 775 1378 gebant.
811 1311 907 1365 sed
956 1311 1120 1365 simul
1171 1325 1237 1365 ac
1271 1326 1397 1365 eum
1441 1320 1736 1366 senserunt
1781 1322 1947 1367 noctu
2001 1328 2123 1368 cum
2168 1368 2177 1381 ,

548 1402 959 1470 parathalassiis
989 1404 1043 1457 in
1068 1406 1237 1458 armis
1265 1420 1408 1470 esse,
1437 1421 1549 1459 non
1574 1410 1883 1476 exspectata
1913 1406 2035 1461 luce
2069 1408 2124 1461 in

549 1493 701 1547 illum
749 1495 1091 1561 invaserunt,
1150 1496 1357 1551 victum
1411 1498 1548 1552 urbe
1603 1499 1954 1568 pepulerunt.
1994 1498 2125 1570 Ejus

546 1593 601 1640 et
655 1588 1180 1652 parathalassiorum
1223 1589 1418 1644 domos
1470 1590 1711 1660 populus
1767 1591 2015 1661 diripuit,
2068 1594 2125 1646 in

439 1686 459 1703 ‘
548 1687 731 1746 pugna
792 1687 980 1732 tamen
1033 1692 1227 1733 eorum
1286 1696 1451 1765 nemo
1507 1681 1726 1736 cecidit.
1792 1682 2125 1753 Palacologus

548 1768 838 1823 confestim
897 1770 1066 1824 rebus
1126 1772 1245 1825 suis
1297 1771 1525 1836 difﬁsus,
1581 1772 1648 1826 ad
1702 1771 1941 1837 Cralem,
2000 1773 2125 1829 inde

549 1870 740 1929 postea
801 1862 869 1915 ad
914 1871 1178 1917 sanetum
1223 1875 1467 1918 montem
1515 1864 1656 1919 Atho
1710 1865 1880 1920 venit.
1925 1864 2126 1920 Zelotre

2235 667 2677 737 αγανακτοῦντας
2703 668 2912 731 πάντας
2929 666 3200 737 εὑρηκὼς,
3234 667 3374 738 ἔχων
3400 667 3497 721 καὶ
3524 667 3627 736 τὴν
3655 685 3824 737 στρα-

2232 762 2357 816 τιὰν
2390 760 2538 832 αὐτῷ
2597 762 2995 832 προσέχουσαν,
3047 760 3307 832 διηνέχθη
3369 761 3621 831 φανερῶς
3677 762 3843 831 προς.

2233 852 2605 920 Παλαιολόγον
2636 852 2732 905 καὶ
2793 853 2924 915 τοὺς
2982 851 3261 922 Ζηλωτάς.
3330 852 3705 922 Παλαιολόγος
3763 852 3827 905 δὲ

2231 944 2378 1012 δρῶν
2404 944 2492 999 ἐπ’
2528 941 2693 999 αὐτὸν
2741 944 3175 1013 συνισταμένους
3208 944 3337 1007 τοὺς
3387 942 3637 1007 πολίτας,
3694 945 3829 1008 τοὺς

2232 1035 2710 1107 παραθαλασσίους
2759 1034 3195 1105 κατελάμϐανεν,
3245 1035 3436 1107 ὥσπερ
3467 1034 3565 1089 καὶ
3592 1033 3652 1088 τὸ
3682 1036 3826 1106 πρό-

2232 1143 2414 1197 τερον,
2457 1127 2552 1180 καὶ
2608 1125 2748 1196 πρὸς
2822 1124 2963 1180 ὅπλα
3020 1126 3241 1180 ἐκέλευε
3294 1128 3513 1197 χωρεῖν,
3549 1126 3627 1190 ὡς
3668 1144 3829 1196 πρω-

2234 1218 2555 1289 τοσεόαστῷ
2589 1218 2780 1288 τεκαὶ
2824 1218 2937 1283 τοῖς
2973 1217 3158 1282 ἄλλοις
3210 1218 3832 1288 ἀντικαταστησόμενος

2243 1306 2517 1370 πολίταις.
2568 1306 2802 1359 Ἐκεῖνοι
2831 1304 2888 1358 δὲ
2930 1306 2995 1359 ἐκ
3041 1306 3152 1358 τῶν
3187 1306 3473 1374 προτέρων
3525 1304 3593 1357 τὰ
3630 1302 3831 1357 δέοντα
3912 1320 3917 1323 ’

2232 1396 2629 1468 δεδιδαγμένοι,
2668 1397 2730 1451 οὐ
2771 1397 2910 1467 πρὸς
2944 1396 3202 1466 ἀσχολίας
3233 1395 3534 1466 ἐτράποντο
3566 1397 3662 1449 καὶ
3698 1396 3837 1465 μέλ-

2233 1489 2412 1558 λησιψ
2449 1488 2567 1543 ἀλλ’
2607 1489 2725 1558 ἅμα
2751 1506 2809 1542 τε
2838 1488 3140 1558 ᾐσθάνοντο
3162 1487 3304 1558 μετὰ
3332 1488 3443 1540 τῶν
3469 1487 3834 1557 παραθαλασ-

2235 1581 2366 1636 σίων
2403 1580 2758 1650 όπλιζόμενον
2806 1579 3023 1643 νυκτὸς,
3078 1580 3175 1634 καὶ
3223 1578 3381 1633 αὐτοὶ⁵
3434 1579 3717 1651 ἐπῄεσαν,
3745 1576 3838 1652 μὴ

2234 1672 2654 1742 περιμείναντες
2676 1674 2775 1744 τὴν
2804 1672 3043 1744 ἡμέραν,
3066 1672 3162 1725 καὶ
3188 1671 3630 1741 περιγενόμενοι,
3662 1671 3839 1736 ἐξέω-

2235 1781 2333 1817 σαν
2377 1764 2477 1835 τῆς
2510 1764 2720 1828 πόλεως
2742 1779 2756 1794 °
2791 1767 2893 1835 τήν
2926 1781 2987 1818 τε
3038 1766 3218 1818 οὶκίαν
3254 1764 3467 1817 ἐκείνου
3510 1764 3835 1835 διήρπασεν

2232 1858 2261 1911 6
2290 1856 2460 1925 δῆμος
2490 1858 2585 1910 καὶ
2618 1857 2716 1920 τὰς
2754 1855 3251 1927 παραθαλασσίων,
3289 1856 3527 1911 ἀπέθανε
3558 1856 3616 1910 δὲ
3643 1857 3838 1921 οὐδεὶς

548 1968 672 2007 cum
699 1953 962 2022 populum
999 1955 1236 2023 amplius
1269 1955 1555 2011 concitare
1584 1971 1693 2009 non
1734 1966 1986 2026 possent,
2028 1973 2125 2013 nec

2235 1946 2379 1999 κατὰ
2398 1946 2499 2015 τὴν
2522 1946 2722 2016 μάχην.
2760 1946 2822 1998 '0
2848 1945 2952 2015 μὲν
2981 1944 3076 1999 οὖν
3099 1945 3465 2012 Παλαιολόγος
3496 1944 3658 2008 εὐθὺς
3686 1942 3840 2013 πρὸς

548 2043 776 2099 divitum
816 2045 1280 2116 mdesdiripere,
1333 2046 1547 2116 abjecta
1596 2063 1861 2118 persona,
1910 2065 2013 2118 qua
2069 2066 2131 2106 se

550 2150 650 2207 pro
683 2135 907 2205 juniore
937 2137 1277 2206 imperatore
1310 2138 1644 2193 contendere
1683 2138 2039 2207 simulabant,
2067 2150 2129 2195 ut

550 2222 746 2278 civitas
811 2221 1073 2277 Triballis
1124 2225 1489 2293 proderetur,
1543 2224 1881 2281 laborarunt.
1941 2225 2129 2285 Crales

547 2313 797 2373 enimob
842 2313 895 2368 id
926 2314 1187 2384 grandem
1224 2316 1513 2385 pecuniam
1564 2317 1907 2383 eﬂundehat,
1963 2337 2129 2390 gran-

551 2404 760 2459 diorem
794 2407 1153 2475 promittebat
1187 2423 1203 2460 :
1237 2409 1426 2465 homo.
1458 2408 1553 2477 qui
1599 2411 1766 2465 etiam
1811 2411 2015 2480 alioqui
2061 2427 2130 2468 ex

551 2495 941 2565 largitionibus
1003 2497 1200 2552 famam
1269 2509 1659 2568 ancuparetur.
1721 2501 1921 2556 Verum
1991 2504 2128 2559 nihil

548 2596 692 2653 erat,
748 2587 896 2656 quod
949 2589 998 2642 ei
1047 2606 1161 2658 pra:
1209 2590 1603 2647 Thessalonica
1656 2608 1766 2647 non
1826 2595 2125 2651 sorderet:

549 2695 717 2748 quam
753 2681 797 2734 si
833 2693 1180 2750 occupasset,
1206 2684 1512 2753 impensam
1548 2700 1608 2740 se
1646 2684 2000 2751 refecturum,
2028 2704 2129 2744 nec

490 2810 501 2821 .
549 2770 806 2838 pusillam
871 2770 1102 2827 Romani
1172 2773 1388 2844 imperii
1446 2784 1653 2844 partem
1713 2786 1825 2832 tam
1888 2779 2128 2848 spatiosa

551 2863 689 2917 urbe
721 2862 789 2917 ad
834 2873 1062 2919 caeteras
1084 2866 1196 2935 jam
1231 2876 1360 2920 ante
1409 2877 1707 2939 occupatas
1737 2871 1992 2940 adjuncta
2030 2874 2126 2927 ha-

550 2953 796 3008 biturum
844 2955 1074 3011 sciebat.
1125 2957 1315 3027 Itaque
1354 2957 1595 3028 profusis
1643 2960 2034 3018 donationibus
2072 2972 2128 3018 et

549 3043 811 3111 Zelotas,‘
838 3055 895 3100 et
927 3063 1024 3116 per
1064 3049 1185 3102 illos
1224 3066 1332 3104 non
1379 3067 1582 3119 paucos
1616 3053 1764 3108 cives
1815 3054 1883 3109 ad
1930 3071 1987 3110 se
2018 3067 2127 3110 tra-

547 3138 722 3205 duxit,
748 3151 806 3191 ut
843 3140 1008 3193 etiam
1043 3142 1219 3209 palam
1259 3141 1577 3211 affirmaret,
1610 3145 1761 3215 juste
1806 3162 1868 3200 ac
1933 3149 2128 3203 merito

547 3231 629 3309 ad
648 3246 708 3285 se
749 3232 995 3298 transiri,
1033 3235 1126 3302 qui
1163 3234 1384 3301 quando
1414 3243 1582 3291 totam
1612 3238 1949 3307 provinciam
1980 3241 2125 3296 obti-

548 3332 727 3389 neret,
759 3324 952 3379 urbem
984 3327 1260 3393 obsidere,
1290 3339 1345 3381 et
1376 3329 1703 3384 detrimenta
1732 3332 1931 3388 inferre
1964 3350 2125 3403 quam

548 3417 869 3478 gravissima
904 3427 1107 3487 posset,
1145 3431 1201 3472 et
1235 3419 1280 3474 si
1331 3435 1392 3475 se
1421 3421 1709 3490 dederent,
1742 3423 1848 3478 illis
1883 3442 2123 3481 commo-

549 3518 686 3567 uare
744 3510 934 3564 vellet.
993 3510 1206 3576 Quibus
1270 3512 1647 3587 conditionem
1706 3517 2125 3587 rejicientibus,

553 3599 744 3653 urbem
783 3600 954 3655 cinxit
1005 3611 1170 3672 atque
1200 3602 1438 3658 obsedit.
1469 3604 1624 3672 Quod
1656 3621 1779 3662 cum
1814 3609 2130 3678 protoseba-

450 3692 453 3695 ’
546 3699 667 3746 stus
701 3701 758 3747 et
804 3692 952 3749 cives
992 3693 1365 3757 Romanorum
1412 3698 1644 3754 studiosi
1684 3711 1994 3767 cernerent,
2025 3718 2126 3758 ne-

547 3798 657 3852 que
690 3786 1060 3855 proditoribus
1088 3789 1388 3858 prawaIere
1422 3800 1697 3861 poterant,
1741 3801 1961 3862 propter
1989 3795 2123 3859 vim,

547 3891 671 3943 quae
735 3877 870 3933 foris
934 3881 1172 3936 instabat
1226 3880 1369 3953 (cum
1426 3884 1731 3949 praesertim
1788 3893 1843 3937 et
1893 3885 2126 3953 populus

549 3966 894 4024 obsidionem
955 3973 1359 4040 mgre._.fercns,
1415 3970 1672 4029 Triballis
1730 3975 1945 4043 subjici,
2010 3977 2125 4033 fore

547 4061 712 4117 malis
759 4061 978 4118 liberari
1013 4068 1273 4134 putaret),
1310 4082 1490 4135 neque
1526 4074 1635 4121 tam
1668 4068 1900 4137 amplam
1933 4069 2122 4124 urbem

549 4154 814 4224 Romanis
844 4157 1003 4227 eripi,
1038 4169 1094 4214 et
1133 4173 1194 4215 se
1246 4159 1500 4215 Barbaris
1551 4162 1871 4216 servitutem
1916 4164 2125 4219 servire

544 4250 718 4317 aequis
745 4249 942 4305 animis
965 4252 1336 4321 patiebantur.
1363 4252 1709 4325 Quapropter
1738 4255 2120 4326 imperatorem

545 4338 931 4407 obsecrabant,
994 4355 1066 4395 ne
1112 4342 1193 4396 sui
1254 4351 1401 4398 esset
1450 4344 1760 4411 immemor,
1814 4347 1909 4402 sed
1956 4363 2121 4416 quam

546 4429 815 4486 citissime
864 4449 1019 4502 opem
1072 4435 1257 4489 ferret.
1293 4435 1428 4489 Nam
1475 4436 1519 4490 si
1569 4447 1895 4499 moraretur,
1930 4439 2119 4493 urbem

548 4521 738 4588 paucis
786 4522 984 4577 diebus
1033 4523 1087 4577 in
1143 4526 1382 4579 hostium
1438 4535 1761 4594 potestatem
1813 4537 2120 4582 venturam.

2238 2040 2420 2094 πᾶσαν
2472 2039 2672 2107 πεῖραν
2726 2036 3004 2103 ἀπειπὼν,
3056 2039 3180 2091 ἐπεὶ
3213 2037 3541 2107 ἐξηλαύνετο
3586 2037 3687 2109 τῆς
3722 2038 3838 2092 πό-

2233 2131 2394 2198 λεως,
2430 2131 2570 2201 πρὸς
2598 2131 2825 2199 Κράλην
2862 2125 3048 2201 ἦλθενο
3083 2129 3276 2183 ἔπειτα
3315 2130 3524 2182 ἐκεῖθεν
3555 2128 3636 2191 είς
3671 2126 3841 2180 Ἀθω

2233 2224 2328 2278 τὸν
2359 2225 2525 2294 ίερόν.
2555 2224 2617 2277 Oi
2652 2222 2904 2293 Ζηλωταὶ
2929 2221 2986 2276 δὲ
3018 2223 3141 2276 ἐπεὶ
3170 2221 3263 2275 τὸν
3299 2221 3472 2292 δῆμον
3502 2220 3659 2289 ἄγειν
3690 2219 3842 2287 ἡδῦ-

2235 2335 2398 2372 ναντο
2425 2317 2634 2381 οὐκέτι,
2668 2314 2792 2369 οὐδὲ
2827 2313 3150 2387 διαρπάζειν
3176 2315 3277 2379 τὰς
3318 2314 3496 2377 οἰκίας
3528 2301 3636 2368 τῶν
3672 2313 3845 2382 ὲχὸν-

2234 2426 2367 2472 των,
2400 2408 2501 2479 τὴν
2530 2408 2811 2479 προτέραν
2850 2407 3182 2477 ἀποθέμενοι
3224 2404 3652 2477 ὑπόκρισιν,ιὼς
3677 2406 3838 2476 ὑπὲρ

2238 2499 2506 2572 βασιλέως
2544 2500 2910 2568 naccam:
2962 2498 3059 2553 τοῦ
3094 2499 3241 2565 νέου,
3297 2497 3573 2569 ἔπρασσον
3603 2498 3755 2559 ὅπως
3796 2499 3837 2569 ἡ

2239 2592 2397 2654 πόλις
2448 2590 2738 2664 προδοθείη
2789 2589 3100 2663 Τρισαλοῖς.
3142 2591 3369 2661 Κρά).ης
3410 2588 3521 2659 γὰρ
3567 2588 3836 2659 οὐδαμῶς

2235 2682 2480 2752 ἐφείδετο
2536 2685 2838 2754 χρημάτων
2865 2722 2878 2747 ,
2915 2682 3054 2736 ἀλλὰ
3102 2681 3329 2753 παρεῖχέ
3371 2699 3431 2734 τε
3478 2678 3673 2746 πολλὰ,
3727 2683 3835 2734 καὶ

2235 2774 2408 2828 πλείω
2460 2774 2853 2844 ἐπηγγέλλετοο
2903 2769 2971 2842 ἦν
3024 2770 3134 2842 γὰρ
3178 2773 3272 2825 καὶ
3321 2771 3496 2833 ἄλλως
3551 2768 3651 2838 μὲν
3685 2770 3834 2841 πρὸς

2233 2867 2556 2937 εὐεργεσίας
2584 2869 2611 2920 6
2644 2865 2780 2937 ἀνὴρ
2814 2866 3125 2936 φιλότιμος,
3157 2863 3396 2934 μάλιστα
3444 2863 3502 2916 δὲ
3548 2863 3684 2932 πρὸς
3719 2861 3832 2933 τὴν

2232 2963 2639 3033 Θεσσαλονίκης
2687 2963 2902 3034 αἵρεσιν
2938 2961 3115 3016 πάντα
3148 2960 3381 3031 δεύτερα
3425 2960 3632 3030 ἡγεῖτο,
3663 2956 3825 3018 εἰδὼς

2235 3056 2312 3120 ὡς
2340 3060 2387 3110 εί
2429 3054 2641 3125 γένοιτο
2675 3055 2869 3126 κύριος
2899 3053 3269 3124 τῆςπόλεως,
3299 3051 3369 3105 τά
3386 3070 3440 3105 τε
3468 3050 3831 3104 ἁναλωθέντσ.

2232 3148 2599 3212 ἀνασώσεται,
2643 3150 2739 3202 καὶ
2787 3148 2954 3218 μέρος
3003 3147 3063 3200 οὐ
3118 3145 3315 3216 μικρὸν
3367 3145 3468 3213 τῆς
3547 3142 3835 3213 Ρωμαίων

2231 3244 2531 3313 ἡγεμονίας
2555 3237 3040 3309 ἓξει,τηλικαύτην
3071 3237 3229 3291 πόλιν
3262 3238 3381 3300 ταῖς
3409 3237 3840 3306 προκατειλημ-

2242 3334 2431 3404 μέναις
2466 3330 2756 3398 τοσαύταις
2782 3330 2969 3394 οὔσαις
3017 3330 3247 3391 ἐπιθείς.
3291 3328 3553 3398 ’Λφειδῶς
3600 3324 3697 3379 οὖν
3728 3329 3840 3382 έκ-

2239 3423 2415 3477 κενὼν
2442 3422 2510 3475 τὰ
2539 3424 2820 3493 χρήματα,
2856 3422 2981 3484 τούς
3013 3437 3072 3474 τε
3120 3421 3530 3490 Ζηλωτὰς,καί
3572 3417 3639 3472 δι’
3670 3419 3841 3472 ὲκεί-

2239 3531 2345 3568 νων
2370 3515 2468 3566 οὐκ
2494 3513 2713 3583 ὀλίγους
2763 3513 2948 3566 ἔπεισε
2972 3511 3092 3591 [τῶν
3141 3511 3378 3564 πολιτῶν
3420 3508 3568 3581 αὐτῷ
3613 3511 3841 3580 προσέ-

2236 3624 2375 3674 χειν,
2408 3607 2548 3658 ὥστε
2579 3607 2676 3658 καὶ
2724 3606 3032 3674 ἀναφανδὸν
3078 3602 3481 3671 ὲδικαιολόγουν
3529 3601 3667 3672 ὑπὲρ
3722 3596 3845 3655 τοῦ

2234 3695 2343 3748 δεῖν
2378 3696 2572 3766 ἐκείνῳ
2605 3698 2951 3768 προσχωρεῖν
2993 3694 3254 3766 βλάπτειν
3282 3695 3349 3748 τὰ
3381 3685 3625 3763 μέγιστα
3652 3692 3843 3746 δυνα-

2238 3791 2406 3859 μένῳ,
2444 3788 2531 3842 διὰ
2558 3789 2619 3841 τὸ
2644 3789 2743 3858 τὴν
2785 3789 2972 3860 χώραν
3000 3788 3221 3842 ἅπασαν
3255 3787 3402 3858 ἔχειν
3455 3787 3547 3855 ὑφ’
3598 3785 3837 3854 ἑαυτὸν,

2236 3881 2331 3935 καὶ
2368 3881 2630 3934 δύνασθαι
2683 3883 3019 3952 πολιορκεῖν,
3072 3881 3171 3935 καὶ
3218 3879 3449 3946 ὠφελεῖν
3481 3877 3725 3932 ἐθέλοντι
3771 3881 3837 3932 ει

2236 3976 2627 4043 προσχωροῖεν,
2654 3973 2813 4036 αὐτός
2845 3989 2905 4024 τε
2937 3974 2964 4026 6
3004 3971 3226 4042 Κράλης
3254 3970 3478 4024 ἐκείνων
3507 3966 3837 4035 ἐναγόντων

2238 4063 2865 4134 περιεστρατοπεδεύετο
2910 4065 3004 4117 καὶ
3051 4063 3385 4129 ἐπολιόρκει.
3426 4063 3491 4115 Ἃ
3528 4061 3838 4129 πρωτοσέ-

2229 4155 2430 4218 βαστός
2461 4173 2518 4209 τε
2561 4155 2703 4226 ὀρῶν
2757 4157 2851 4208 καὶ
2880 4155 2929 4208 οἱ
2964 4152 3361 4224 φιλορῤώμαιοι
3409 4153 3519 4205 τῶν
3554 4151 3833 4219 πολιτῶν,

2230 4245 2355 4316 οὔτε
2405 4247 2791 4317 περιγίνεσθαι
2847 4246 2958 4299 τῶν
2993 4246 3359 4316 προδιδόντων
3402 4240 3544 4315 ἦσαν
3595 4242 3841 4300 δυνατοὶ

2228 4341 2320 4394 διὰ
2344 4340 2443 4409 τὴν
2474 4339 2676 4404 ἔξωθεν
2703 4340 3063 4409 ἐπικειμένην
3096 4337 3351 4406 δύναμιν,
3398 4336 3575 4398 ἄλλως
3623 4350 3686 4386 τε
3719 4339 3851 4400 καὶ.

2231 4433 2324 4483 τοῦ
2353 4430 2526 4500 δήμου
2559 4430 2694 4499 πρὸς
2729 4432 2828 4499 τὴν
2861 4431 3178 4499 πολιορκίαν
3217 4430 3544 4498 ἀχοομένου,
3576 4431 3673 4481 καὶ
3723 4429 3841 4482 λύ-

2234 4537 2321 4573 σιν
2353 4521 2602 4588 οἰομένου
2633 4524 2743 4575 τῶν
2769 4521 2953 4573 κακῶν
2983 4521 3081 4592 τὴν
3113 4522 3217 4574 ὑπὸ
3247 4521 3535 4589 Τριϐαλοίς
3565 4521 3837 4576 δουλείαν

547 4611 676 4666 Haec
701 4613 776 4666 illi
809 4613 1172 4682 scripserunt.
1209 4616 1506 4685 Imperator
1535 4630 1644 4671 tam
1676 4619 1946 4688 pra-clara:
1981 4622 2121 4688 urbi,

2231 4611 2472 4675 ἔσεσθαι,
2527 4611 2650 4665 οὔτε
2700 4614 2980 4687 ἠνείχοντο
3027 4616 3127 4683 τήν
3158 4630 3217 4666 τε
3280 4616 3434 4666 πόλιν
3500 4614 3830 4682 Ῥωμαίους

549 4709 657 4754 tam
691 4703 997 4771 periculose
1030 4705 1299 4759 laboranti
1334 4722 1447 4758 non
1479 4708 1667 4762 venire
1700 4708 1927 4774 auxilio,
1954 4708 2124 4771 inltu-

547 4807 770 4847 manum
831 4797 1308 4852 existimabatzet
1368 4806 1549 4852 tamen
1600 4799 1918 4867 deponere,
1977 4799 2125 4868 quml

543 4882 732 4938 animo
779 4882 1157 4941 constitutum"
1190 4889 1450 4952 habebat,
1497 4898 1555 4944 et
1607 4891 1673 4944 ad
1712 4891 1856 4945 bella
1889 4891 2120 4945 ductan-

544 4974 756 5044 dosque
801 4978 1079 5033 exercitus
1132 4978 1313 5034 redire
1351 4982 1702 5050 gravabatur.
1757 4982 2124 5037 Nihilominus

546 5068 837 5121 utilitatem
863 5085 1017 5124 suam
1049 5072 1436 5126 communibus
1467 5072 1840 5129 Romanorum
1873 5091 2123 5130 commo-

545 5158 632 5214 dis
663 5169 1020 5229 postponens,
1064 5162 1263 5215 iterum
1299 5166 1599 5234 satagebat,
1626 5182 1700 5222 ne
1731 5166 2120 5226 Thessalonica

547 5250 771 5319 periret.
816 5251 981 5322 766
1012 5250 1289 5307 Rescribit
1325 5255 1492 5323 igimr
1534 5257 1661 5321 illis,
1714 5260 2004 5331 segnitiem
2054 5265 2123 5315 ab

545 5354 608 5396 se
654 5354 969 5407 amoveant,
1029 5345 1407 5414 proditoribus
1453 5364 1513 5403 se
1563 5362 1866 5420 opponant,
1918 5355 2119 5407 auxilia

548 5435 864 5502 propediem
914 5426 1231 5494 missurum.
1271 5439 1431 5495 Mittit
1471 5444 1636 5498 etiam
1685 5446 1750 5500 ad
1810 5445 2118 5501 Orchanem

546 5540 832 5593 generum,
878 5538 935 5582 et
982 5530 1167 5603 copias
1207 5533 1275 5587 ab
1331 5548 1397 5588 eo
1451 5536 1807 5591 subsidiarias
1860 5537 2016 5604 petit.
2071 5541 2121 5593 ls

547 5617 730 5672 subito
760 5619 1042 5678 Sulimano
1077 5623 1185 5679 [ilio
1217 5626 1457 5690 mandat,
1481 5644 1605 5681 cum
1646 5630 1838 5698 viginti
1873 5631 2117 5701 equitnm

549 5708 794 5766 millibus
822 5711 1138 5783 imperatori
1181 5717 1402 5772 militet.
1440 5718 1640 5774 Vulens
1668 5732 1850 5775 autem
1885 5722 2119 5791 impera-

548 5809 636 5854 tor
666 5801 830 5857 ctiam
863 5805 1250 5876 imperatorem
1292 5824 1557 5879 generum
1605 5810 1661 5863 in
1709 5811 2115 5879 espeditiouem

548 5889 1097 5955 Thessalonicensem
1127 5915 1313 5955 secum
1350 5900 1605 5967 educere,
1646 5902 1896 5959 triremes
1932 5918 2115 5959 arma-

2228 4702 2395 4777 οὖσαν
2424 4707 2761 4777 τηλικαύτην
2789 4707 3255 4777 ἀποστερηθῆναι,
3289 4708 3383 4759 καὶ
3404 4708 3600 4769 αὐτοὺς
3635 4710 3698 4760 ὲν
3724 4712 3837 4763 ἀν-

2226 4776 2507 4868 δραπόδων
2543 4800 2710 4869 μοίρᾳ
2738 4798 3013 4852 δουλεύειν
3036 4776 3147 4859 τοῖς
3171 4800 3489 4870 βαρϐάροις.
3511 4802 3609 4853 Διὰ
3635 4801 3837 4857 ταῦτα,

2226 4892 2439 4945 ἐδέοντο
2469 4891 2757 4961 βασιλέως,
2793 4891 2869 4960 μὴ
2902 4893 3043 4959 σφᾶς
3077 4893 3365 4961 περιϊδεῖν,
3401 4893 3537 4945 ἀλλὰ
3584 4894 3687 4963 τὴν
3720 4912 3842 4947 τα·-

2226 4984 2421 5052 χίστην
2454 4982 2790 5053 ἐπιϐοηθεῖν,
2819 4982 2893 5043 ὡς
2937 4984 3067 5035 εἴσω
3108 4983 3305 5051 ὀλίγων
3353 4985 3580 5055 ἡμερῶν
3629 4985 3682 5038 εί
3737 4988 3836 5059 μὴ

2224 5074 2571 5143 ὲπικουροίη,
2619 5074 2720 5141 τῆς
2749 5072 2960 5136 πόλεως
3011 5073 3386 5146 ἁλωσομένης.
3436 5077 3674 5130 Τοιαῦτα
3712 5080 3839 5147 μὲν

2224 5165 2426 5217 ἐκεῖνοι
2456 5165 2719 5234 ἔγραφον,
2750 5165 2966 5218 Βασιλεῖ
2991 5167 3048 5219 δὲ
3100 5168 3161 5220 τό
3199 5184 3260 5221 τε
3305 5169 3561 5238 τοιαύτης
3597 5170 3840 5240 πόλεως

2225 5257 2647 5325 κινδυνευούσης
2691 5259 2965 5328 μηδεμίαν
3000 5260 3261 5329 πρόνοιαν
3331 5262 3669 5332 ποιήσασθαι
3702 5265 3843 5321 δει-

2222 5350 2313 5406 νὸν
2332 5349 2531 5417 ἐδόκει,
2562 5355 2655 5407 καὶ
2691 5353 2824 5420 πρλις
2846 5354 2907 5407 τὸ
2952 5354 3060 5405 τῶν
3087 5354 3422 5424 δεδογμένων
3450 5355 3839 5427 ἀμελήσαντα

2222 5439 2375 5507 αὖθις
2391 5445 2485 5498 ἐπὶ
2505 5445 2776 5514 πολέμους
2804 5445 3101 5516 τρέπεσθαι
3139 5448 3234 5500 καὶ
3269 5449 3606 5520 στρατηγίας
3648 5450 3839 5507 ὲδυσ.

2222 5537 2501 5606 χέραινεν,
2546 5538 2697 5607 ὅμως
2763 5542 2862 5607 τῆς
2930 5540 3120 5611 κοινῆς
3177 5541 3454 5608 ὠφελείας
3512 5543 3839 5613 Ῥωμαίων

2220 5630 2320 5696 τὴν
2363 5627 2501 5683 ἰδίαν
2553 5627 2812 5699 δευτέραν
2844 5630 3090 5700 θέμενος,
3123 5630 3279 5693 αὖθις
3323 5633 3618 5704 ἔπραττεν,
3653 5636 3835 5706 ὅπως

2224 5722 2300 5789 μὴ
2327 5722 2600 5789 ἀπόληται
2631 5723 3024 5794 Θεσσαλονίκη·
3059 5728 3155 5779 καὶ
3185 5727 3391 5797 ἔγραφε
3423 5728 3525 5798 μὲν
3550 5730 3831 5801 ἐκείνοις,

2220 5812 2578 5867 ἀνθίστασθαι
2612 5816 2723 5876 τοῖς
2759 5816 3092 5886 προδιδοῦσι,
3128 5821 3222 5873 καὶ
3268 5819 3344 5891 μὴ
3394 5821 3684 5892 ῥᾳθυμεῖν,
3730 5825 3831 5891 ὡς

2220 5905 2312 5959 καὶ
2330 5904 2496 5959 αὑτοῦ
2516 5906 2611 5977 τὴν
2636 5905 2892 5980 βοήθειαν
2914 5910 3095 5975 ὀξεῖαν
3126 5914 3507 5984 ποιησομένου.
3540 5915 3827 5987 Ἔπεμπε

3862 4864 3869 4883 ὖ

3863 4952 3876 4996 ὶ

3866 5000 3873 5007 ‹

3868 5184 3881 5199 ι
