4028 6548
267 382 359 446 133

1423 352 1984 444 msronmnun
2020 383 2254 443 LIBER
2293 385 2389 447 1v.
2463 404 2467 407 -

3428 388 3535 453 134

260 497 376 560 κὶς,
406 496 472 560 ἃς
498 494 661 560 αὐτὸς
693 496 896 568 ἐχρῆτο
925 495 1057 568 πρὸς
1090 495 1368 566 λῃστείας,
1384 498 1566 550 πάντα
1595 497 1842 551 ἀνάλωσε

1953 511 2174 550 manum
2210 496 2502 566 imperium
2533 506 2849 567 augeretur.
2879 498 2937 553 ld
2978 474 3161 555 autem
3189 515 3350 557 secus
3388 515 3533 569 erat,

256 592 409 661 πυρί.
430 591 552 644 Ἔτι
581 590 638 643 δὲ
668 588 821 658 αὐτῷ
852 591 984 660 περ)⁵
1011 591 1195 645 ἐκεῖνα
1220 582 1552 660 διατρίϐοντι
1576 590 1645 644 τὰ
1675 591 1840 660 μέρη,

254 683 548 750 ἠγγέλλετο
579 681 655 744 ὡς
690 682 723 751 ἡ
758 679 900 734 κατὰ
939 679 1260 750 συμμαχίαν
1292 680 1670 750 ἀφικνουμένη
1706 681 1842 732 ἀνα-

256 773 505 841 στρέψειε
540 773 773 842 στρατιά
808 772 1052 841 Περσῶν.
1084 772 1293 825 Ἐδόκει
1325 771 1424 839 μὲν
1453 767 1548 825 οὖν
1574 771 1696 825 τότε
1728 772 1844 833 τοῖς

255 867 465 929 πολλοῖς
498 866 605 920 ὑπό
629 882 795 918 τινων
825 867 1114 935 Ῥωμαίων
1140 866 1266 929 τοὺς
1298 866 1515 934 Πέρσας
1545 866 1846 918 ἀναπεπεί-

256 958 374 1011 σθαι
416 958 785 1027 ἀναστρέφειν
825 957 971 1027 ἔχθει
1007 957 1087 1027 τῷ
1128 956 1260 1029 πρὸς
1300 958 1391 1011 τὸν
1432 960 1551 1021 νέον
1593 957 1842 1026 βασιλέα,
1885 994 1891 1001 -

255 1051 327 1114 ὡς
358 1053 424 1105 ἂν
458 1050 533 1119 μὴ
562 1051 595 1120 ἡ
630 1050 916 1119 Ῥωμαίων
943 1049 1158 1118 αὕξοιτο
1188 1050 1354 1121 ἀρχή.
1387 1051 1460 1103 Τὸ
1490 1050 1546 1103 δὲ
1575 1052 1635 1104 οὐ
1666 1049 1845 1103 τοιοῦ-

254 1161 344 1197 τον
365 1139 456 1215 ἦν,
484 1142 622 1197 ἀλλὰ
649 1143 995 1197 παντάπασιν
1021 1143 1336 1213 ἡμάρτανον
1361 1145 1408 1195 οἱ
1438 1143 1845 1206 ὑποπτεύοντες

254 1237 353 1304 τῆς
393 1234 675 1305 ἀληθείας.
716 1235 983 1304 Ὀρχάνης
1021 1235 1132 1305 γὰρ
1179 1236 1315 1304 μετὰ
1350 1235 1413 1287 τὸ
1443 1235 1547 1305 τὴν
1582 1240 1842 1306 στρατιὰν

252 1332 333 1387 εἰς
366 1329 463 1398 τὴν
497 1329 723 1399 Θρᾴκην
754 1312 1162 1397 ’περαιωθεῖσαν
1194 1329 1295 1397 τῆς
1329 1330 1408 1390 είς
1443 1327 1685 1398 ἑσπέραν
1719 1329 1843 1396 ἔχεο

254 1420 382 1489 σθαι
412 1408 560 1483 ὁδοῦ,
588 1422 892 1492 γράμματα
917 1420 994 1491 τῷ
1022 1420 1122 1490 υίῷ
1150 1421 1425 1488 Σουλιμάν
1454 1423 1512 1475 ἐν
1541 1422 1842 1494 ἀπορρήτῳ

251 1513 478 1583 πέμψας
501 1513 804 1580 ,ἐκέλευεν
837 1514 1199 1583 ἀναστρέφειν
1226 1531 1240 1545 ο
1278 1514 1500 1568 ἐπιέναι.
1535 1515 1645 1585 γὰρ
1691 1515 1843 1585 αὐτῷ

250 1606 359 1657 τῶν
376 1606 598 1675 ὁμόρων
619 1605 842 1676 Περσῶν
863 1609 988 1669 τοὺς
1004 1606 1432 1672 δυνατωτάτους,
1450 1607 1545 1660 καὶ
1564 1596 1660 1678 τὴν
1680 1625 1843 1678 στρα-

246 1703 371 1749 τιῖὶν
414 1699 677 1767 παρεῖναι
720 1697 871 1757 δέον,
921 1700 1013 1750 καὶ
1060 1698 1366 1766 ἀμύνεσθαι
1413 1702 1526 1762 τοῖς
1571 1699 1840 1756 ἐπιοῦσιν.

261 1788 519 1843 Ἐιιέλευε
573 1791 756 1860 μέντοι
785 1791 858 1860 μὴ
887 1790 1186 1860 κατάδηλον
1210 1791 1509 1862 Ῥωμαίοις
1534 1792 1634 1863 τὴν
1660 1792 1842 1847 αἰτίαν

1946 597 2002 643 et
2031 588 2363 642 omnimodis
2391 604 2423 642 a
2458 603 2589 643 vero
2621 590 2912 645 aberrahat
2950 593 3213 663 suspicio.
3246 594 3536 652 Orchanes

1945 678 2219 745 siquidem
2268 686 2396 748 post
2441 679 2741 734 exercitum
2788 680 2843 734 in
2868 679 3161 737 Thraciam
3213 685 3534 755 trajectum,

1946 778 2006 824 ut
2036 770 2090 823 in
2120 770 2471 825 Occidentem
2503 781 2773 843 pergeret,
2800 774 2982 829 missis
3007 777 3220 832 oerulte
3252 778 3529 834 ad'lilium

1949 859 2300 915 Sulimanum
2335 861 2561 927 litteris,
2595 864 2832 920 reditum
2858 867 3247 936 praecipiebat;
3287 886 3349 926 se
3382 873 3533 926 enim

1946 970 1977 1009 a
2005 957 2201 1010 vicinis
2223 964 2278 1010 et
2306 940 2708 1025 potentissimis
2732 958 3026 1014 Persarum
3057 962 3302 1033 dynastis
3324 964 3530 1028 invadi,

1946 1047 2013 1101 ad
2048 1063 2188 1116 quos
2228 1046 2595 1118 proﬂigandos
2628 1050 2694 1104 iis
2737 1052 2910 1120 copiis
2939 1053 3044 1107 sibi
3079 1069 3217 1123 opus
3249 1054 3344 1110 sit.
3372 1056 3535 1111 lube-

1948 1140 2038 1193 hat
2068 1141 2198 1195 item
2232 1156 2301 1194 ne
2335 1141 2676 1197 reversionis
2700 1159 2920 1198 causam
2955 1145 3217 1201 Rmnanis
3242 1146 3531 1213 indicaret,

1947 1246 2015 1285 ne
2045 1232 2349 1301 imperator
2376 1233 2483 1289 sibi
2519 1235 2884 1304 irasceretur,
2917 1239 3014 1293 sed
3029 1238 3265 1308 ﬁngeret
3297 1239 3531 1310 aliquid,

1946 1333 2110 1392 atque
2149 1325 2220 1378 ita
2251 1324 2479 1380 rediret.
2514 1326 2646 1391 Quae
2678 1338 2950 1398 przecepta
2993 1329 3166 1399 patris
3201 1330 3283 1385 sui
3315 1332 3534 1402 agitans

1945 1410 2286 1483 Su’limanus,
2322 1415 2504 1473 llebro
2549 1419 2876 1474 transmisso
2904 1420 2957 1473 in
3010 1420 3255 1476 Moesiam
3303 1423 3534 1493 popula—

1949 1516 2061 1561 tum
2094 1508 2249 1570 abiit,
2292 1518 2348 1563 et
2391 1525 2516 1563 cum
2569 1526 2830 1580 pecorum
2877 1512 3276 1581 hominumque
3334 1528 3533 1584 magno

1946 1616 2176 1656 numero
2238 1602 2291 1657 in
2352 1603 2536 1658 Asiam
2608 1604 2964 1675 renavigavit.
3031 1605 3353 1672 Matthazus,
3393 1622 3532 1677 quo-

1946 1690 2094 1745 niam
2148 1707 2273 1747 cum
2341 1695 2475 1749 solis
2555 1695 2819 1750 Romanis
2894 1712 2991 1767 per
3062 1698 3247 1753 hostes
3294 1699 3371 1773 ire
3422 1714 3533 1752 non

1947 1794 2186 1854 poterat,
2220 1788 2561 1858 perennibus
2619 1791 2786 1845 etiam
2849 1791 2902 1844 in
2940 1791 3122 1846 medio
3154 1790 3334 1848 ﬂuviis
3386 1793 3531 1847 haud

248 1884 345 1951 τῆς
388 1883 805 1953 ἀναχωρήσεως
849 1886 1059 1949 ποιεῖν,
1098 1883 1181 1937 ἵνα
1221 1884 1298 1956 μὴ
1329 1886 1358 1937 6
1394 1884 1648 1955 βασιλεὺς
1690 1885 1839 1957 αὐτῷ

1948 1850 2484 1936 ίαοίιοιηνιιθοηείιυηι
2512 1884 2973 1952 concedentibus,
3001 1896 3056 1939 ct
3085 1886 3250 1957 769
3279 1886 3533 1941 Triballis

252 1975 559 2046 ὀργίζοιτο,
598 1976 733 2029 ἀλλὰ
769 1976 1117 2047 πλασάμενόν
1149 1994 1303 2041 τινας
1346 1978 1526 2043 αἰτίας
1568 1978 1840 2050 ἀναστρέ-

252 2086 390 2136 φειν.
422 2071 492 2123 ’Δ
540 2069 812 2141 Σουλιμάν
848 2070 1019 2124 ἐποίει
1145 2071 1294 2138 αὐτῷ
1336 2072 1365 2124 6
1409 2072 1592 2141 πατὴρ
1636 2073 1838 2142 προσέ-

248 2177 449 2224 ταττε,
486 2161 584 2215 καί
617 2178 738 2214 τινα
772 2161 1118 2232 πλασάμενος
1158 2163 1232 2234 μὴ
1267 2163 1431 2231 ὄντα,
1467 2165 1531 2217 ἐκ
1566 2167 1659 2217 τοῦ
1697 2166 1838 2220 κατὰ

246 2254 339 2307 τδν
358 2252 576 2323 Ἐὗρον
616 2251 788 2324 πόρου
829 2253 965 2321 πρὸς
1006 2254 1106 2324 τὴν
1145 2255 1360 2309 Μυσίαν
1404 2257 1496 2309 ἐπὶ
1544 2256 1838 2328 λεηλασίαν

251 2345 533 2416 ἀπεχώρει
555 2362 570 2377 ·
595 2344 693 2397 καὶ
721 2344 922 2414 πλῆθος
950 2345 1087 2417 ὁμοῦ
1119 2345 1484 2417 βοσκημάτων
1509 2349 1604 2402 καὶ
1629 2348 1841 2419 ἀνθρώ-

262 2457 376 2490 πων
406 2439 606 2500 ἐλάσας
636 2436 1000 2508 αἰχμαλώτων
1025 2442 1117 2494 ἐπὶ
1140 2441 1240 2512 τὴν
1263 2443 1461 2495 Ἀσίαν
1487 2442 1834 2513 ἐπεραιοῦτο.

271 2530 534 2592 Matinio;
575 2531 633 2584 δὲ
672 2532 699 2585 ὁ
730 2531 824 2586 τοῦ
866 2532 1125 2602 βασιλέως
1165 2535 1283 2599 υἱὸς
1326 2528 1447 2589 ἐπεὶ
1493 2535 1567 2606 μὴ
1598 2539 1666 2609 τῇ
1708 2534 1840 2590 Ῥω-

272 2624 443 2693 μαὲων
469 2626 611 2697 μόνῃ
649 2628 877 2697 στρατιᾷ
908 2628 1130 2690 δυνατὸς
1161 2624 1230 2699 ἦν
1260 2629 1360 2699 τὴν
1393 2628 1530 2700 πρὸς
1566 2630 1839 2684 Θεσσαλο-

266 2715 417 2786 νίκην
457 2717 685 2770 ἀπιέναι
729 2716 816 2770 διὰ
863 2717 1147 2787 πολεμίας,
1171 2717 1436 2790 ποταμῶν
1481 2736 1541 2772 τε
1594 2720 1837 2775 ἁεννάων

258 2807 494 2862 διῖόντων
526 2812 590 2864 ὲν
613 2809 694 2879 τῷ
723 2811 944 2880 μεταξὺ,
964 2812 1056 2865 καὶ
1080 2812 1141 2865 οὐ
1167 2814 1350 2885 ῥᾴδιον
1379 2806 1470 2866 τὸν
1499 2815 1666 2886 πόρον
1691 2833 1837 2887 παρ-

258 2902 557 2970 εχομένων,
586 2902 683 2955 καὶ
730 2902 1016 2973 Τριϐαλῶν
1054 2905 1447 2975 ἐνεδρευόντων
1475 2907 1646 2961 ὄντων
1673 2907 1837 2963 δυνα-

258 2996 533 3066 τωτέρων,
563 2995 601 3067 ἢ
631 2995 753 3048 καθ’
776 2995 841 3067 ἢν
867 2991 1001 3067 ἦγεν
1030 2997 1191 3061 αὐτὸς
1224 2999 1513 3069 Ῥωμαίων
1545 3002 1834 3072 στρατιὰν,

263 3085 565 3157 ἀνέστρεφε
597 3088 690 3138 καὶ
721 3086 900 3150 αὐτὸς,
930 3087 1028 3139 καὶ
1056 3087 1229 3142 διέλυε
1257 3090 1317 3142 τὸ
1348 3091 1670 3161 στράτευμα
1691 3107 1707 3123 ο
1742 3094 1837 3161 βα·-

1942 1967 2057 2022 vias
2085 1968 2478 2036 insidentibus,
2508 1988 2573 2028 ac
2598 1973 2935 2030 ﬁrmioribus
2965 1977 3340 2040 multitudine,
3366 1994 3529 2049 quam

1942 2075 2041 2129 pro
2093 2060 2269 2131 copiis
2319 2061 2606 2126 Romanis.
2661 2079 2800 2133 quas
2846 2065 3131 2132 ducebat,
3197 2069 3364 2123 etiam
3414 2069 3534 2140 ipse

1942 2165 2201 2207 reversus
2261 2163 2367 2221 est,
2426 2162 2484 2209 et
2545 2156 2824 2210 exercitus
2895 2156 3226 2228 dissipatus,
3276 2161 3533 2232 patrique

1943 2244 2075 2313 quid
2099 2246 2200 2301 sibi
2225 2246 2532 2304 obstitisset
2563 2248 2847 2305 indicavit.
2870 2248 3178 2321 Imperator
3198 2253 3303 2309 hoc
3326 2265 3533 2311 eventu

1942 2339 2342 2404 stomachatus,
2365 2354 2493 2396 cum
2525 2341 2659 2411 quid
2691 2342 2876 2412 potius
2898 2352 3105 2414 ageret,
3134 2359 3246 2401 non
3269 2346 3533 2415 haberet,

1941 2428 2112 2485 Eione
2157 2430 2605 2487 Thessalonicam
2646 2433 3028 2504 proﬁciscens,
3060 2445 3222 2491 nocte
3250 2436 3337 2492 illa
3364 2453 3535 2510 prope

1940 2523 2341 2594 Amphipolim,
2381 2541 2545 2595 quam
2602 2527 2831 2582 Triballi
2884 2528 3172 2595 tenebant,
3210 2531 3375 2600 jactis
3429 2547 3534 2586 an-

1941 2617 2126 2674 choris
2153 2620 2371 2676 mansit.
2396 2620 2522 2675 Eam
2546 2620 2809 2693 Brajanes
2840 2623 3084 2694 regebat,
3107 2622 3428 2694 imperatori
3459 2626 3531 2682 ob

1941 2721 2182 2765 veterem
2224 2711 2680 2768 consuetudinem
2704 2715 3233 2791 coniunctissimus_;
3269 2715 3336 2771 ad
3369 2731 3534 2787 quem

1941 2812 2105 2858 noctu
2136 2803 2410 2875 navigiolo
2441 2805 2580 2860 clam
2612 2805 2984 2876 Amphipolim
3012 2809 3184 2873 venit,
3214 2817 3270 2864 et
3306 2826 3432 2864 eum
3468 2826 3538 2866 eo

1943 2912 2256 2954 sermonem
2310 2901 2524 2956 habuit.
2553 2902 2658 2968 Qui
2690 2904 2835 2972 quod
2887 2904 2951 2957 ad
2979 2919 3039 2959 se
3070 2905 3358 2968 attinebat,
3396 2905 3539 2960 bene

1941 2991 2265 3063 imperatori
2310 2996 2524 3061 volens,
2552 2995 2736 3051 omnia
2763 3012 2826 3050 ex
2857 2998 2976 3066 ejus
2998 2984 3327 3068 complacito
3359 2997 3539 3053 factu-

1953 3100 2098 3150 rum,
2118 3094 2175 3141 et
2203 3100 2328 3140 cum
2362 3086 2485 3142 aliis
2509 3087 2760 3153 ejusdem
2786 3087 2980 3143 amicis
3013 3095 3266 3143 acturum
3294 3090 3538 3160 recipie-

268 3179 395 3232 σᾶεἰ
427 3195 489 3233 τε
522 3178 608 3247 τῷ
644 3177 811 3250 πατρὶ
845 3178 1032 3248 ἐδήλου
1068 3178 1166 3250 τὴν
1199 3180 1384 3234 αἰτίαν
1417 3183 1517 3252 τῆς
1555 3181 1837 3253 κωλύμης.

1948 3176 2061 3245 bat,
2092 3186 2152 3232 ut
2180 3187 2497 3248 opportuno
2528 3188 2777 3247 tempore
2823 3178 2902 3233 illi
2950 3194 3175 3249 operam
3231 3192 3532 3249 navarent;

262 3271 519 3331 Βασιλεὺς
551 3270 611 3323 δὲ
641 3270 939 3339 ἠγανάκτει
971 3270 1069 3342 μὲν
1102 3272 1239 3342 πρὸς
1268 3272 1338 3327 τὰ
1365 3272 1674 3344 συμϐάντα,
1702 3275 1846 3343 πρός

260 3381 311 3417 τι
332 3364 389 3419 δὲ
413 3363 862 3434 λυσιτελέστερον
884 3364 984 3418 οὐκ
1010 3365 1151 3433 ἔχων
1175 3365 1497 3436 τρέπεσθαι,
1524 3364 1722 3437 ἐχώρει
1747 3366 1845 3438 τὴν

258 3457 339 3519 είς
360 3455 797 3523 Θεσσαλονίκην,
815 3456 874 3507 ὲκ
888 3455 987 3525 τῆς
1013 3455 1220 3518 Ἠῖόνος
1245 3456 1409 3526 ἄρας,
1433 3456 1529 3509 καὶ
1550 3458 1650 3526 τὴν
1673 3456 1843 3511 νύκτα

264 3549 475 3618 ἐκείνην
506 3547 798 3619 ὡρμίσατο
829 3548 916 3600 ἐπ’
945 3548 1204 3618 ἀγκυρῶν
1240 3548 1621 3619 ’Δμφιπόλεως
1653 3551 1843 3620 ἐγγὺς,

270 3640 366 3694 ὕπὸ
387 3639 682 3710 Τριῦαλῶν
701 3634 1202 3710 κατεχομένηςῘΗς
1223 3642 1563 3711 ἐπετρόπευε
1587 3630 1844 3713 Μπεραῖέ

269 3732 391 3802 ἀνης
439 3730 661 3801 βασιλεῖ
705 3731 763 3792 ἐς
804 3730 872 3783 τὰ
919 3731 1154 3799 μάλιστα
1184 3731 1336 3800 φίλος
1367 3731 1442 3785 ὢν
1467 3733 1531 3786 ἐκ
1572 3734 1672 3803 τῆς
1708 3730 1844 3803 πρὸς

267 3823 461 3885 αὐτοὺς
496 3821 785 3892 διατριϐῆς
810 3837 824 3852 '
861 3823 996 3893 πρὸς
1026 3823 1087 3876 ὃν
1117 3824 1346 3877 ἀκατίου
1381 3823 1580 3888 ἐπιϐὰς
1611 3825 1842 3891 νυκτὸς,

265 3916 497 3983 ἀφίκετο
523 3916 604 3976 εἰς
624 3914 949 3983 Ἀμφίπολιν
976 3916 1005 3968 6
1034 3915 1286 3986 βασιλεὺς
1316 3915 1628 3987 κρύφα,καὶ
1655 3915 1846 3968 διειλέ-

264 4005 397 4075 χθη.
428 4006 491 4060 '0
519 4005 574 4060 δὲ
601 4004 677 4059 τά
703 4022 766 4059 τε
798 4006 930 4075 πρὸς
957 4007 1121 4061 αὑτὸν
1149 4002 1209 4060 εὖ
1241 4006 1446 4060 διέθετο
1490 4005 1700 4075 βασιλεί
1748 4008 1846 4059 ἐπ-

275 4097 672 4165 αγγειλάμενος
696 4101 874 4153 πάντα
900 4098 1151 4169 ποιήσειν
1175 4092 1316 4153 κατᾶ
1344 4096 1591 4168 γνώμην,
1618 4098 1713 4152 καὶ⁵
1735 4099 1847 4161 τοῖς

289 4186 460 4251 ἄλλοις
484 4190 746 4259 βασιλέως
775 4191 950 4259 φίλοις
977 4190 1246 4259 ὑπέσχετο
1274 4190 1748 4261 διαλεχθήσεσθαι,
1764 4189 1846 4243 lv'

297 4278 362 4330 ὲν
386 4283 543 4351 καιρῷ
566 4285 902 4354 προσήκοντι
930 4283 1194 4354 χρήσιμοι
1221 4283 1440 4353 ὀφθεῖεν
1472 4281 1705 4353 βασιλεῖ,
1738 4284 1846 4337 ἀπ-

288 4370 512 4441 ήγγελλέ
538 4393 590 4428 τε
617 4375 696 4439 ὡς
725 4377 853 4445 περὶ
881 4376 1210 4448 Στρυμμόνα
1237 4377 1367 4447 νῆες
1391 4377 1728 4446 ὡρμίζονται
1755 4376 1848 4430 δύο

272 4469 380 4517 καὶ
404 4465 575 4519 εἴκοσι
602 4465 865 4535 Περσικαὶ
889 4469 981 4520 ὲπὶ
1003 4466 1266 4538 λεηλασίᾳ
1294 4467 1622 4535 ἀφιγμέναι.
1658 4467 1715 4521 '0
1746 4466 1846 4537 μὲν

1948 3269 2372 3338 nuntiabatqne,
2409 3270 2478 3325 ad
2527 3269 2840 3341 Strymonis
2887 3272 3039 3342 ripas
3073 3288 3244 3331 naves
3283 3274 3536 3333 Persicas

1947 3364 2086 3418 duas
2117 3377 2282 3430 supra
2315 3363 2507 3434 viginti
2540 3364 2845 3434 populandi
2879 3381 3046 3421 causa
3086 3369 3376 3438 appulsas.
3422 3370 3535 3424 lm-

1948 3464 2172 3523 perater
2229 3452 2385 3508 ﬁnito
2433 3454 2536 3508 hoc
2596 3465 2869 3511 nocturno
2916 3456 3217 3527 colloquio,
3253 3460 3321 3515 ad
3378 3461 3539 3517 trire-

1949 3560 2066 3600 mes
2116 3545 2367 3611 revertit,
2410 3547 2674 3601 cautione
2727 3562 2926 3618 magua
2974 3549 3240 3615 adhibita,
3289 3567 3360 3607 ne
3401 3568 3530 3608 cum

1948 3636 2190 3692 Triballo
2223 3652 2553 3709 congressus
2590 3639 2912 3695 resciretur.
2953 3639 3204 3698 Diluculo
3236 3642 3431 3699 Persas
3466 3647 3536 3701 ad

1948 3729 2211 3784 auxilium
2246 3731 2464 3794 invitat,
2494 3731 2589 3801 qui
2633 3731 2754 3787 sine
2802 3748 2955 3787 mora
2984 3734 3263 3802 advolant,
3300 3752 3425 3792 cum
3467 3738 3539 3794 iis

1950 3821 2404 3879 Thessalonicam
2430 3822 2700 3888 defertur,
2735 3824 2827 3879 ubi
2853 3827 3116 3897 populum
3140 3837 3197 3883 et
3232 3829 3448 3885 Zelotas
3469 3831 3540 3885 ab

1948 3915 2309 3985 Optimatibus
2339 3914 2673 3971 dissidentes
2710 3916 2946 3983 invenit,
2977 3927 3034 3973 et
3068 3920 3264 3975 urbem
3303 3931 3418 3976 tum
3466 3927 3538 3991 ab

1950 4009 2197 4064 externis
2252 4008 2526 4074 hostibus,
2578 4020 2690 4062 tum
2741 4009 2810 4064 ab
2849 4010 3086 4066 internis
3121 4011 3539 4068 insidiatoribus

1952 4098 2272 4154 alllictatam
2323 4100 2716 4154 communiter.
2748 4099 3162 4157 Verumomne
3192 4105 3395 4160 malum
3437 4109 3539 4160 ad-

1951 4200 2123 4245 ventu
2158 4204 2261 4246 suo
2291 4190 2577 4254 discussit,
2616 4200 2840 4262 totaque
2879 4192 3081 4249 civitas
3132 4188 3334 4250 festum
3388 4197 3536 4253 diem
3618 4250 3625 4255 .

1951 4286 2146 4353 agens,
2197 4291 2252 4338 et
2298 4282 2731 4339 acclamationes
2768 4283 3146 4354 ingeminans,
3177 4286 3540 4356 imperatores

1952 4376 2073 4431 laeta
2102 4391 2201 4432 sus
2233 4377 2369 4446 epit.
2401 4377 2721 4432 Secundum
2771 4378 3066 4433 adventum
3122 4378 3540 4438 Cantacuzenus

1952 4475 2149 4523 vocato
2175 4465 2232 4520 in
2260 4465 2584 4520 concionem
2617 4464 2843 4536 populo,
2880 4465 3162 4532 de.hello,
3203 4469 3351 4538 quod
3400 4486 3535 4526 con-

274 4552 377 4611 οὖν
413 4557 663 4625 βασιλεὺς
694 4557 915 4613 τοιαῦτα
954 4560 1045 4612 ἐπὶ
1082 4561 1276 4625 νυκτὸς
1312 4557 1653 4630 διαλεχθεὶς,
1692 4561 1845 4614 πάλιν

1961 4568 2043 4614 tra
2082 4573 2142 4614 se
2171 4557 2406 4613 Romani
2439 4558 2764 4625 movissent,
2798 4558 3065 4615 disseruit
3093 4577 3108 4615 :
3143 4576 3253 4615 non
3289 4562 3414 4626 sibi,
3438 4565 3537 4618 sed

267 4649 359 4715 εἰς
394 4652 491 4714 τάς
519 4653 762 4721 τριήρεις
797 4651 1068 4723 ἀπεχώρει
1088 4692 1103 4715 ,
1134 4654 1394 4724 πρόνοιαν
1430 4655 1631 4728 πολλὴν
1665 4655 1852 4709 ποιού-

276 4760 442 4811 μενος
482 4743 580 4796 τοῦ
623 4744 699 4814 μὴ
740 4747 968 4815 φανερὸς
1005 4741 1143 4801 εἷναι
1176 4747 1557 4818 διειλεγμένος
1596 4748 1675 4820 τῷ
1718 4750 1850 4818 Τρι-

276 4835 451 4908 δαλῷ.
485 4837 642 4907 ’Δμα
685 4836 739 4891 δὲ
783 4837 857 4909 Eo:
903 4838 1148 4909 ἔπεμπεν
1190 4841 1281 4894 ἐπὶ
1324 4844 1452 4906 τοὺς
1498 4844 1714 4911 Πέρσας
1758 4843 1853 4895 καὶ

270 4929 466 4982 ἐκάλει
494 4930 587 4982 ἐπὶ
615 4932 949 5000 συμμαχίαν,
979 4932 1025 4983 οί
1074 4932 1131 4984 δὲ
1183 4933 1438 5004 παρῆσαν
1465 4935 1617 4987 οὐδὲν
1651 4933 1852 5004 μελλήο

272 5036 511 5084 σαντες·
557 5021 652 5085 οὓς
694 5020 844 5090 ἄγων
890 5022 1028 5090 μετά
1069 5024 1178 5076 τῶν
1219 5025 1495 5096 τριήρεων
1534 5026 1732 5094 ἀφῖκτο
1774 5025 1855 5089 είς

274 5111 710 5185 Θεσσαλονίκην,
741 5108 871 5184 εὗρε
904 5114 961 5167 δὲ
988 5116 1078 5168 τόν
1106 5115 1275 5186 δῆμον
1306 5119 1402 5171 καὶ
1432 5121 1556 5182 τοὺς
1592 5117 1854 5190 Ζηλωτὰς

289 5206 421 5274 πρὸς
449 5208 572 5271 τοὺς
607 5208 857 5279 ἀρίστους
896 5205 1398 5272 διαστασιάζοντας,
1434 5212 1526 5263 καὶ
1561 5212 1714 5282 κοινῇ
1751 5229 1853 5266 κα-

288 5296 392 5360 κῶς
421 5299 517 5371 τὴν
546 5301 698 5355 πόλιν
731 5300 799 5354 ἐκ
830 5314 896 5352 τε
927 5296 1036 5350 τῶν
1067 5297 1265 5364 ἔξωθεν
1299 5299 1579 5371 πολεμίων
1614 5301 1711 5354 καὶ
1742 5301 1853 5355 τῶν

293 5385 422 5443 ἔνδον
451 5393 747 5450 ἐπιϐούλων
781 5391 1049 5464 ἔχουσαν.
1082 5391 1263 5444 Πάντα
1294 5391 1353 5445 δὲ
1384 5392 1547 5457 εὐθὺς
1578 5393 1754 5447 διέλυε
1785 5396 1856 5449 τὰ

283 5479 411 5541 δεινὰ
436 5489 737 5565 ἐπιφανεὶς,
774 5485 879 5541 καὶ
916 5484 951 5554 ἡ
986 5484 1135 5536 πᾶσα
1166 5483 1319 5549 πόλις
1354 5486 1412 5537 ἐν
1443 5486 1659 5557 ἑορταῖς
1689 5481 1854 5555 ἦσαν,

272 5582 349 5636 καί
366 5588 500 5657 μετά
520 5588 735 5660 πολλῆς
754 5584 917 5651 εὖφη
926 5573 1061 5647 μίας
1086 5574 1407 5647 ὑπεδέχοντο
1426 5579 1552 5636 τοὺς
1575 5577 1853 5648 βασιλέας.

252 5674 438 5759 [lupam
472 5688 529 5744 δὲ
573 5684 728 5761 μετά
777 5678 896 5748 τὴν
934 5666 1281 5761 ἐπιδημίαν,
1327 5671 1786 5761 ίίαντακουζηνὸς
1826 5673 1855 5725 6

240 5775 468 5849 βυιλεὺς
492 5759 828 5850 ἐκκλησίαν
860 5759 1169 5827 πάνδημον
1194 5760 1257 5811 ἐκ
1282 5759 1388 5811 τῶν
1413 5761 1855 5814 Θεσσαλονικέων

234 5882 597 5958 “ﬂama”,
634 5848 787 5942 ,ξερξ
825 5874 898 5915 τε
936 5848 1042 5907 τοῦ
1079 5849 1486 5923 συμϐεϐηκότος
1524 5854 1658 5924 πρὸς
1692 5853 1854 5931 αυτὸν

1952 4651 2303 4723 syeophantis
2351 4664 2575 4707 causam
2613 4650 2760 4706 illius
2803 4651 3187 4706 ascribendam
3215 4668 3230 4717 ;
3261 4653 3414 4708 etde
3441 4652 3543 4706 Ze-

1953 4743 2079 4798 lotis
2116 4744 2386 4815 ipsorum,
2424 4744 2522 4813 qui
2571 4758 2750 4815 neque
2774 4753 2959 4807 antea,
3010 4744 3170 4815 quasi
3220 4744 3539 4815 imperatori

1949 4836 2159 4908 juniori
2215 4837 2524 4901 studerent,
2568 4852 2723 4892 arma
2781 4837 2834 4891 in
2889 4852 2951 4893 se
2987 4838 3434 4901 movissent,sed
3485 4851 3543 4894 ut

1954 4926 2289 4997 locupletum
2323 4926 2610 4982 facultates
2645 4928 2970 4998 diriperent,
3002 4927 3100 4998 ipsi
3138 4929 3384 4999 plerique
3416 4946 3541 4984 om-

1952 5032 2053 5072 nes
2097 5028 2365 5088 egentes:
2413 5028 2469 5072 et
2525 5033 2675 5074 nunc
2732 5019 3106 5075 nihilominus
3168 5021 3538 5076 'l'riballorum

1955 5108 2343 5179 largitionibus
2367 5111 2646 5180 corrupti,
2677 5127 2785 5166 non
2805 5113 3190 5182 imperatorem
3224 5114 3409 5179 modo,
3441 5129 3542 5183 pro

1922 5236 1923 5239 η
1955 5216 2065 5272 quo
2097 5217 2158 5257 se
2190 5212 2533 5273 pugnaturos
2557 5205 2945 5272 allirmassent,
2987 5207 3080 5260 sed
3127 5216 3182 5261 et
3236 5207 3424 5262 urbem
3452 5216 3537 5279 to-

1958 5301 2067 5346 tam
2120 5303 2343 5362 propter
2390 5295 2781 5365 compendium
2832 5311 2994 5350 suum
3042 5296 3420 5366 prodiderint.
3466 5297 3546 5353 Ac

1959 5388 2148 5444 multis
2180 5388 2523 5458 argumentis
2549 5389 2991 5452 demonstrabat,
3024 5405 3132 5443 non
3164 5390 3342 5444 solum
3368 5389 3545 5459 impe—

1955 5486 2125 5541 ratori
2171 5484 2402 5555 iuniori,
2463 5484 2562 5540 sed
2598 5486 2874 5540 universis
2905 5500 3132 5555 quoque
3164 5484 3433 5539 Romanis
3484 5493 3543 5540 et

1955 5577 2168 5633 civibus
2209 5578 2337 5635 inde
2367 5568 2435 5633 ab
2459 5577 2619 5633 initio
2652 5577 2954 5633 malevolos
2984 5577 3267 5633 exstitisse
3295 5588 3312 5635 :
3348 5575 3540 5646 praeei-

1956 5682 2209 5738 puosque
2256 5669 2654 5740 comprehendi
2698 5669 3026 5739 imperabat,
3053 5682 3194 5737 quos
3225 5675 3281 5721 et
3335 5666 3545 5736 Byzan-

1961 5760 2095 5814 tium
2121 5775 2311 5817 secum
2338 5760 2590 5816 adduxit.
2624 5761 2774 5815 Alios
2802 5760 2937 5816 u:b:
2968 5759 3145 5830 fugari
3179 5754 3383 5825 jussit:
3413 5753 3542 5806 Tri-

1966 5853 2139 5910 ballos
2197 5870 2328 5911 vero
2382 5852 2806 5925 propugnaculis
2834 5852 3042 5908 circum
3079 5849 3265 5919 urbem
3303 5843 3538 5915 expulit,
