4028 6480
250 367 346 436 127

1386 360 1943 424 HISTORIARUM
1983 356 2221 421 LIBER
2248 356 2353 420 IV.

3410 345 3513 413 138

247 478 379 545 ταξὺ
448 476 561 532 τῶν
632 476 731 532 δύο
804 475 1004 549 τειχῶν
1077 473 1398 541 αὐλίζεσθαι
1453 479 1555 549 τῆς
1620 476 1828 541 πόλεως

1938 475 2098 531 missa
2127 488 2314 532 secum
2345 469 2711 539 auferens,'si
2755 468 2827 525 ad
2873 468 3066 524 urbem
3133 464 3514 534 occupandum

248 572 344 641 τὴν
368 570 573 624 νύκταο
640 570 738 623 καὶ
791 569 1064 640 μηδεμίαν
1097 567 1219 623 κατ’
1271 570 1472 633 αὐτοὺς
1533 564 1675 622 εἶναι
1727 585 1829 637 φυ-

246 661 440 732 λακὴν,
503 659 634 713 ὥστ’
693 655 835 715 εἶναι
888 659 1071 731 ῥᾴδιον
1119 660 1248 723 τοὺς
1294 659 1550 729 ἑταίρους
1608 658 1828 710 πείσαν-

246 770 334 816 τα,
366 750 631 819 πράττειν
658 750 875 821 βασιλεῖ
919 751 989 805 τά
1030 750 1172 804 κατά
1204 749 1457 821 γνώμην.
1508 749 1567 803 '0
1604 750 1704 819 μὲν
1734 743 1829 801 οὖν

249 845 524 917 βάρϐαρος
551 843 697 910 οῖ’έτω
731 842 1061 913 συνθέμενος
1087 843 1224 913 πρὸς
1253 841 1501 912 βασιλέα.
1525 839 1829 911 ἀπεχώρει,

248 939 460 991 ἐκείνου
496 934 976 1004 ἐπαγγειλαμένου
1020 934 1112 988 τὸν
1145 934 1263 986 υἱὸν
1304 933 1414 986 ἀπὸ
1451 931 1561 986 τῶν
1605 932 1830 1001 Περσῶν

250 1028 594 1099 ἐλευθεροῦν,
636 1029 686 1081 εί
728 1026 1074 1099 συμπράξειε
1103 1026 1170 1081 τὰ
1204 1026 1407 1081 δυνατά
1440 1026 1580 1094 πρὸς
1602 1025 1665 1078 τὸ
1690 1025 1829 1095 Βέρ-

252 1125 405 1195 ροιαν
446 1122 672 1176 ἁλῶναι.
729 1120 991 1183 Βασιλεὺς
1034 1119 1092 1172 δέ
1135 1118 1606 1191 παρεσκευάζετο,
1640 1117 1716 1180 ὡς
1751 1118 1832 1182 είς

251 1214 513 1286 Βέρροιαν
548 1212 880 1282 ἀφιξόμενος
930 1211 1147 1277 νυκτὸς,
1180 1210 1276 1264 καὶ
1321 1210 1421 1272 τάς
1454 1205 1832 1280 μὲνδτριήρεις

250 1306 472 1359 ἐκέλευε
500 1306 626 1367 τοὺς
649 1304 955 1374 ναυάρχους
984 1300 1408 1371 ἐφοπὶίσαντας,
1451 1298 1689 1368 ἄγοντας
1733 1297 1832 1352 καὶ

249 1400 379 1461 τοὺς
412 1397 748 1468 βαρϐάρους,
769 1397 862 1449 ἐπί
891 1412 1016 1449 τινα
1060 1396 1307 1464 ποταμδν
1334 1393 1442 1447 τῶν
1497 1392 1742 1446 ἀεννάων
1769 1391 1830 1445 οὐ

247 1491 392 1544 πάνυ
426 1489 620 1561 πόρρω
652 1489 847 1560 ῥέοντα
878 1486 1170 1559 Βερῤοίας,
1224 1487 1289 1538 ἐκ
1342 1485 1691 1555 συνθήματος
1744 1484 1835 1536 ἐλ-

246 1583 384 1647 θεῖν,
417 1583 516 1636 καὶ
558 1584 877 1654 περιμένειν
920 1580 1170 1652 βασιλέα.
1213 1580 1386 1645 Αὐτὸς
1433 1580 1490 1633 δὲ
1536 1580 1638 1651 τήν
1676 1595 1739 1633 τε
1768 1579 1835 1632 ἐκ

244 1675 663 1744 θεσσαλονίκηςν
681 1676 831 1743 ἄγων
856 1673 1140 1745 στρατιὰν,
1169 1675 1263 1728 καὶ
1289 1672 1399 1727 τῶν
1428 1675 1493 1727 ἐκ
1522 1671 1831 1739 Βυζαντίου

244 1767 546 1836 ἑπομένων
575 1765 678 1819 οὐκ
713 1764 951 1833 ὀλίγους,
973 1762 1208 1820 αὐτόθεν
1249 1763 1451 1827 ἵππους
1488 1779 1835 1834 συμπορισα-

245 1858 472 1926 μένους,
499 1858 566 1910 ἐκ
597 1857 694 1928 τῆς
733 1856 966 1929 ἠπείρου
998 1855 1135 1928 πρὸς
1163 1857 1430 1927 Βέρροιαν
1473 1854 1697 1929 ἐχώρει,
1731 1854 1831 1926 βα-
1868 1838 1909 1894 Β

249 1950 401 2003 σιλέα
435 1948 531 2002 τὸν
556 1947 677 2001 νέον
710 1949 769 2002 ἐν
799 1947 1178 2020 Θεσσαλονίκῃ
1206 1948 1553 2005 καταλιπών.
1590 1950 1681 2003 Ἐν
1706 1949 1836 2020 Βερ-

244 2040 368 2112 ροίᾳ
402 2039 466 2093 δέ
497 2039 595 2094 καὶ
619 2040 884 2112 πρότερον
920 2040 1019 2111 μὲν
1045 2035 1188 2113 ἦσαν
1217 2040 1317 2095 οὐκ
1344 2040 1518 2109 ὀλίγοι
1545 2041 1837 2116 Τριϐαλῶν

242 2131 351 2186 ὑπὸ
400 2132 606 2204 Κράλῃ
660 2134 1100 2203 κατῳκισμένοι,
1145 2134 1209 2188 οὐ
1269 2150 1603 2202 στρατιωται
1648 2135 1834 2206 μόνον,

240 2224 383 2278 ἀλλά
411 2225 518 2277 καὶ
545 2223 656 2277 τῶν
680 2224 948 2291 δυνατῶν,
969 2225 1059 2280 διά
1086 2243 1147 2279 τε
1176 2224 1276 2295 τὴν
1304 2226 1476 2298 ἀλλην
1494 2229 1593 2298 τῆς
1621 2228 1836 2292 πόλεως

245 2317 480 2386 εὐφυΐαν
504 2333 521 2349 ο
545 2316 760 2380 οὖδενὸς
790 2317 901 2388 γὰρ
921 2319 1032 2370 τῶν
1053 2317 1154 2370 ὅσα
1185 2317 1343 2372 πόλιν
1364 2317 1666 2386 εὐδαίμονα
1693 2320 1841 2374 ποιεῖ

253 2410 411 2475 ἐνδεῖ,
438 2410 538 2462 καὶ
574 2409 663 2463 διὰ
706 2409 767 2462 τὸ
804 2409 1049 2480 μεγάλην
1087 2405 1251 2477 εἷναι,
1295 2412 1393 2464 καὶ
1426 2411 1660 2476 πολλοὺς
1708 2413 1838 2477 τοὺς

266 2501 600 2564 ἐνοικοῦντας
649 2499 821 2571 ἔχειν,
855 2503 916 2555 οὐ
971 2500 1196 2574 δημώδη
1255 2502 1421 2574 μόνον
1467 2503 1650 2573 ὀχλον,
1697 2502 1840 2559 ἀλλά

268 2590 359 2642 καὶ
388 2589 751 2669 στρατιιῖπας,
776 2592 869 2644 καὶ
896 2591 996 2665 oux
1025 2591 1241 2660 ὀλίγους
1265 2593 1378 2647 τῶν
1417 2593 1801 2663 συγκλητικῶν
1819 2609 1834 2624 °

256 2675 330 2736 ὦν
357 2688 481 2746 τοὺς
514 2683 741 2745 πλείους
773 2684 897 2751 μὲν,
925 2683 958 2754 ἦ
986 2683 1199 2748 πάντας
1260 2687 1289 2740 ὁ
1332 2687 1560 2760 Κράλης
1606 2688 1839 2760 ἐξήλασε

254 2774 563 2845 κατασχὼν,
596 2774 750 2842 ὅμως
777 2774 858 2827 ἔτι
896 2774 997 2845 τὴν
1020 2776 1367 2831 ἀποστασίαν
1393 2777 1587 2843 δεδιὼς
1615 2781 1718 2850 τῆς
1740 2780 1840 2835 πό-

248 2864 401 2930 λεως,
436 2865 789 2936 στρατιώτας
822 2883 882 2919 τε
910 2865 1297 2939 ἐγκατῴκισεν
1325 2870 1429 2924 οὐκ
1477 2871 1715 2942 ὀλίγους,
1743 2874 1842 2929 καὶ

246 2955 353 3007 τῶν
380 2954 522 3027 παρ’
552 2955 702 3026 αὐτῷ
731 2954 1009 3026 ἐπιφανῶν
1035 2973 1195 3024 τινας
1215 2973 1235 2993 ο
1260 2958 1583 3031 ἀκροπόλεις
1612 2960 1671 3015 δέ
1695 2961 1842 3016 οἰκο-

245 3046 496 3116 δομήσας
531 3047 652 3113 δύο,
673 3049 774 3119 τὴν
807 3049 907 3119 μὲν
935 3050 1361 3123 ἀπηρτισμένην
1388 3055 1597 3124 πάντη,
1622 3052 1840 3124 φρουρὰ

248 3142 484 3211 κατέσχε
522 3140 821 3212 Γερμανῶν
845 3141 944 3214 τὴν
969 3142 1109 3215 πρὸς
1136 3147 1202 3215 τῇ
1227 3144 1495 3217 Βισιλικῇ
1527 3143 1840 3218 καλουμένῃ

249 3232 419 3303 πύλῃ,
446 3236 482 3302 ἡ
515 3233 689 3303 λοιπὴ
712 3233 768 3287 δέ
802 3235 971 3290 ἐνέδει
998 3235 1101 3291 ἔτι.
1145 3237 1221 3292 Οὐ
1257 3236 1371 3309 γὰρ
1396 3237 1699 3309 ἀκρόπολις
1746 3233 1838 3308 ἦν,

248 3324 361 3376 ἀλλ’
391 3325 592 3394 ῶσπερ
628 3324 804 3396 μικρά
832 3327 986 3391 πόλις
1026 3328 1086 3381 ἐν
1124 3328 1356 3401 μεγάλῃ.
1384 3330 1571 3402 Μέρος
1598 3330 1708 3401 γὰρ
1740 3330 1842 3384 οὐκ

244 3416 427 3484 ὀλίγον
453 3417 557 3471 τοῦ
584 3418 872 3489 περιϐόλου
924 3420 1026 3489 τῆς
1071 3423 1299 3495 πρώτης
1333 3424 1547 3488 πόλεως
1574 3423 1845 3495 ἀποτεμό-

250 3527 413 3579 μενος
441 3512 775 3581 διετείχιζεν
801 3511 894 3567 ιπὶ
916 3513 985 3568 τὰ
1015 3514 1165 3569 ἔνδον
1194 3515 1293 3581 τὰς
1325 3517 1505 3580 οίκίας
1535 3517 1841 3588 καθαιρῶν,

251 3605 341 3657 καὶ
380 3603 640 3674 πύργους
665 3606 856 3677 ἀνίστη
886 3606 972 3676 ἐφ’
1008 3607 1092 3660 ἐνὶ
1119 3607 1198 3679 τῷ
1231 3608 1479 3680 μεγίστῳ
1506 3612 1656 3678 τρεῖς
1681 3609 1841 3664 ἐλάσ-

254 3712 401 3762 σους,
455 3699 565 3751 καὶ
609 3698 720 3751 τῶν
751 3699 894 3753 κατὰ
931 3701 999 3753 τά
1040 3701 1393 3772 μεσοπύργια
1436 3703 1635 3774 τειχῶν
1665 3704 1843 3775 πάχος

253 3789 583 3863 σύμμετρον
608 3791 841 3862 ἐχόντων
891 3793 1088 3858 διπλᾶς
1114 3794 1290 3849 ἐποίει
1325 3796 1424 3860 τὰς
1455 3795 1734 3864 ἐπάλξεις,
1774 3795 1842 3850 ἵν’

250 3882 301 3932 si.
349 3881 558 3946 δέοιτο,
608 3881 696 3950 ἐφ’
726 3881 917 3954 ἕτερον
965 3884 1106 3938 ίέναι
1140 3885 1199 3953 ἐξ
1234 3887 1450 3957 ἐτέρου,
1481 3888 1644 3958 ῥᾳδία
1687 3887 1775 3958 εἴη
1805 3890 1839 3960 ἡ

252 3971 561 4044 διεξαγωγή
590 3989 604 4004 ·
642 3972 743 4026 κᾶν
779 3977 826 4028 εί
863 3976 1111 4047 συμϐαίη
1145 3977 1247 4049 τὴν
1280 3980 1580 4050 ἀκρόπολιν
1612 3981 1840 4049 ἁλῶναι,

264 4065 425 4133 μηδὲν
478 4064 966 4134 παραϐλάπτοιντο
1010 4071 1061 4123 οἱ
1118 4069 1362 4140 φύλακες
1395 4075 1601 4142 ὁμοίως
1645 4076 1753 4128 ἀπό
1780 4092 1840 4129 τε

269 4155 371 4207 τῶν
400 4158 503 4223 ἔξω
529 4159 628 4210 καὶ
672 4158 783 4211 τῶν
825 4159 977 4215 ἔνδον
1018 4163 1321 4234 πολεμίων.
1359 4163 1580 4234 Ταύτην
1614 4166 1714 4236 μὲν
1747 4166 1842 4220 οὖν

280 4245 513 4318 τοιαύτην
561 4247 750 4312 οὖσαν.
802 4253 902 4307 οὐκ
955 4252 1195 4325 ἔφθασεν
1249 4257 1329 4321 είς
1384 4257 1537 4322 τέλος
1587 4260 1839 4327 ἀγαγεῖν,

282 4337 412 4392 ἀλλὰ
436 4341 516 4395 τοῦ
547 4346 923 4414 προσήκοντος
962 4345 1130 4417 ὕψους
1167 4348 1534 4403 ἀπελείποντο
1559 4351 1607 4403 οί
1636 4349 1843 4420 πύργοι

268 4428 370 4486 ἔτι.
391 4435 492 4487 Διά
512 4452 574 4488 τε
607 4435 699 4489 οὖν
731 4439 828 4499 τὰς
863 4440 1158 4510 εἰρημένας
1192 4440 1394 4507 αἰτίας,
1424 4442 1611 4496 πολλοὶ
1642 4443 1846 4514 Τριϐα-

1929 582 2153 639 operam
2191 566 2425 624 viriliter
2463 563 2810 621 contulisset.
2845 562 3075 631 Jamque
3106 559 3406 630 imperator
3456 563 3518 610 ut

1930 659 2246 715 Berrhteam
2274 667 2445 714 noctu
2474 659 2585 713 iret
2614 672 2675 713 se
2700 671 2822 711 com
2834 654 3083 726 parabat,
3119 651 3384 706 mandans
3414 654 3529 702 ηιμ

1930 749 2173 815 varehis,
2228 749 2481 803 triremes
2538 747 2897 809 instruerent,
2955 753 3011 800 ct
3048 743 3312 798 barbaros
3357 738 3521 795 simul

1931 841 2215 903 ducentes,
2253 841 2309 895 in
2343 838 2571 895 fluvium
2599 838 2891 910 quemdam
2924 851 3250 908 perennem,
3284 850 3395 889 non
3422 835 3523 888 atl-

1934 934 2154 989 modnm
2186 932 2448 988 Berrhoea
2487 930 2681 1001 procul
2715 937 3056 991 manantem,
3115 943 3180 981 ex
3211 925 3522 996 composito

1932 1026 2210 1090 venirent,
2260 1024 2448 1095 ibique
2496 1039 2560 1080 se
2609 1029 3022 1094 exspectarent.
3085 1004 3207 1089 Ipse
3233 1032 3365 1072 vero
3407 1026 3521 1071 tum

1933 1135 2001 1176 ex
2031 1119 2423 1175 Thessalonica
2453 1117 2799 1188 prtesidium,
2835 1124 2951 1171 tum
2977 1112 3070 1185 qui
3109 1128 3139 1169 e
3174 1112 3430 1184 Byzantio
3464 1125 3525 1165 se

1935 1220 2254 1282 sequentes,
2303 1226 2645 1282 nonpaucos
2677 1210 2807 1265 inde
2858 1222 3035 1278 equos
3087 1205 3523 1276 eonquisierant,

1935 1299 2141 1356 ducens
2177 1316 2243 1356 cx
2301 1300 2621 1369 continente
2646 1298 2991 1363 Berrhteam,
3046 1297 3381 1366 imperatore
3432 1294 3526 1363 ju-

1935 1392 2090 1447 niore
2113 1391 2519 1448 Thessalonicae
2549 1391 2744 1447 relicto
2763 1431 2778 1456 ,
2809 1391 3056 1463 petebat.
3116 1390 3379 1444 Berrhma
3430 1402 3529 1440 au-

1937 1491 2073 1548 tem,
2135 1485 2243 1541 etsi
2287 1486 2397 1557 jam
2468 1494 2633 1541 antea
2683 1484 2842 1541 multi
2905 1483 3167 1555 degerent
3217 1481 3466 1546 Triballi,
3496 1496 3529 1536 a

1934 1574 2095 1633 Crale
2114 1593 2179 1634 eo
2203 1579 2509 1635 habitatum
2544 1578 2722 1646 missi,
2757 1593 2868 1633 non
2890 1577 3096 1633 milites
3119 1576 3304 1642 modo,
3332 1590 3526 1630 verum

1936 1669 2103 1726 etiam
2139 1672 2395 1728 homines
2425 1672 2658 1744 copiosi,
2694 1681 2810 1728 tum
2846 1678 3073 1743 propter
3103 1677 3356 1725 eceteram
3379 1674 3533 1722 eum-

1937 1761 2262 1818 moditatem
2322 1762 2489 1836 (nihil
2521 1761 2792 1835 siquidem
2825 1778 3018 1818 eorum
3046 1776 3171 1832 qua:
3195 1760 3385 1816 urbem
3433 1759 3533 1813 ali-

1937 1871 2102 1926 quam
2134 1856 2346 1912 beatam
2386 1855 2622 1924 faciunt,
2656 1855 2765 1911 illic
2792 1854 2991 1924 deest),
3031 1863 3143 1910 tum
3178 1854 3305 1925 quia
3345 1850 3529 1921 ampla

1937 1957 2043 2015 est,
2078 1948 2384 2020 multisque
2419 1947 2616 2005 incolis
2642 1946 2925 2019 frequens,
2955 1960 3064 2002 non
3104 1945 3320 2017 plebeia
3346 1944 3527 2001 solum

1938 2039 2122 2108 turba,
2179 2040 2277 2096 sed
2327 2049 2384 2095 et
2436 2038 2701 2095 militibus
2763 2047 2818 2094 et
2871 2037 3256 2110 optimatibus,
3293 2053 3528 2108 quorum

1936 2132 2144 2203 plures,
2165 2132 2254 2188 vel
2270 2146 2463 2187 omnes
2484 2130 2890 2209 potiusﬁrales
2909 2146 2973 2186 ea
2997 2140 3263 2202 occupata
3296 2131 3528 2201 expulit,

1939 2226 2115 2282 nihilo
2158 2227 2342 2281 minus
2396 2226 2733 2296 adhue'ejus
2763 2225 3130 2282 defectionem
3165 2225 3387 2289 timens,
3411 2239 3528 2280 non

1938 2331 2145 2388 paucos
2173 2317 2379 2374 milites
2439 2326 2496 2373 et
2532 2317 2742 2374 nobiles
2791 2318 2997 2389 aliquot
3046 2317 3125 2372 ibi
3176 2316 3361 2372 διοῢηὶ
3397 2316 3530 2372 sede

1939 2410 2258 2467 collocarat.
2313 2412 2483 2466 Arees
2535 2424 2700 2481 porro
2747 2410 3060 2465 construxit
3105 2409 3267 2465 duas.
3304 2409 3532 2465 Ac‘om-

1940 2502 2073 2559 nino
2116 2504 2335 2574 quidem
2360 2501 2634 2574 perfectae,
2669 2501 2735 2557 ad
2786 2510 3000 2573 portam
3035 2517 3157 2572 qua:
3191 2502 3358 2573 Regia
3396 2502 3534 2558 dici-

1940 2605 2050 2661 tur,
2089 2593 2392 2651 Germanos
2424 2593 2798 2665 praesidiarios
2824 2593 3089 2664 imposuit
3111 2611 3125 2649 :
3145 2591 3312 2648 altera
3334 2592 3533 2648 etiam-

1939 2702 2074 2743 num
2149 2686 2406 2758 praesidio
2449 2687 2708 2750 carebat;
2801 2701 2915 2741 non
2988 2686 3135 2740 enim
3215 2695 3323 2740 tam
3384 2701 3532 2752 arx,

1941 2796 2106 2852 quam
2152 2794 2327 2851 parva
2378 2779 2511 2835 urbs
2540 2778 2596 2833 in
2631 2784 2827 2850 magna
2855 2786 2973 2833 erat
3021 2777 3156 2850 (10).
3188 2778 3351 2832 Parte
3386 2778 3535 2833 enim

1940 2888 2052 2931 non
2093 2872 2287 2945 exigua
2315 2871 2386 2928 de
2406 2874 2617 2927 ambitu
2653 2872 2858 2944 prioris
2890 2870 3045 2927 urbis
3069 2872 3339 2939 abscissa,
3373 2887 3532 2927 muro

1942 2982 2063 3024 eam
2102 2965 2474 3032 diseludebat,
2531 2964 2649 3020 solo
2692 2966 2925 3035 aequatis
2963 2965 3196 3031 aedibus,
3245 2974 3302 3021 et
3355 2974 3535 3021 turres

1945 3059 2214 3132 erigebat,
2252 3068 2378 3128 post
2433 3072 2598 3115 unam
2636 3059 2932 3114 maximam
2964 3067 3077 3114 tres
3105 3059 3374 3123 minores,
3408 3075 3534 3114 mu-

1869 3178 1912 3236 c
1946 3166 2242 3221 rorumque
2270 3150 2415 3204 inter
2445 3158 2625 3205 turres
2662 3149 3029 3206 crassitudine
3050 3149 3160 3204 illis
3191 3150 3535 3220 reSponden-

1946 3248 2081 3302 tium
2112 3244 2350 3316 duplicia
2396 3243 2826 3315 propugnacula,
2868 3257 2968 3298 seu
3014 3241 3218 3313 pinnas
3272 3241 3527 3303 faciebat.

1941 3349 2004 3394 ut
2033 3340 2080 3395 si
2112 3353 2254 3409 opus
2278 3336 2439 3404 foret,
2480 3336 2550 3391 ab
2579 3351 2685 3390 una
2718 3335 2772 3390 in
2802 3336 3029 3391 alteram
3063 3334 3223 3390 facile
3252 3348 3535 3390 commea-

1938 3440 2066 3487 rent
2093 3430 2296 3485 milites
2327 3449 2341 3485 :
2380 3436 2434 3484 et
2462 3427 2507 3484 si
2542 3443 2636 3483 arx
2666 3427 2809 3482 forte
2848 3435 3156 3496 caperetur,
3187 3427 3440 3482 custodes
3461 3427 3533 3483 ab

1942 3521 2199 3577 hostibus
2255 3536 2410 3591 teque
2461 3520 2611 3578 intus
2678 3533 2744 3574 ac
2794 3518 2929 3574 foris
2983 3518 3119 3572 nihil
3181 3517 3532 3574 laederentur.

1943 3615 2094 3671 ilanc
2124 3616 2290 3688 igitur
2317 3630 2502 3672 arcem
2557 3613 2639 3670 sic
2690 3612 2993 3668 institutam
3018 3612 3087 3669 ad
3118 3612 3282 3670 finem
3332 3614 3536 3684 perdu-

1944 3722 2070 3764 cere
2099 3722 2208 3763 non
2246 3708 2448 3777 potuit,
2481 3705 2580 3764 sed
2607 3706 2948 3762 conveniens
2992 3704 3226 3761 altitudo
3282 3704 3534 3762 turribus

1941 3801 2128 3856 adhuc
2154 3800 2361 3857 deerat.
2392 3797 2627 3869 Propter
2654 3814 2852 3855 causas
2882 3797 3055 3869 igitur
3082 3811 3113 3851 a
3163 3810 3253 3853 me
3298 3796 3533 3868 positas,

1943 3908 2139 3964 magna
2170 3904 2227 3948 et
2256 3892 2514 3949 bellicosa
2542 3890 2912 3945 Triballorum
2942 3888 3025 3945 vis
3070 3887 3389 3945 Bcrrbaaam
3453 3889 3538 3945 in—

1944 3986 2160 4041 colebat
2192 4004 2206 4040 :
2245 3970 2307 4040 et
2333 3994 2460 4040 tunc
2490 3992 2714 4055 propter
2736 3980 3000 4036 infestum
3057 3981 3408 4054 imperatoris
3438 3982 3537 4039 ad-

1942 4086 2167 4133 ventum
2196 4091 2304 4131 non
2331 4077 2487 4145 pauci
2522 4075 2577 4129 in
2622 4073 2758 4130 vicis
2813 4073 3146 4141 habitantes,
3185 4073 3331 4144 quod
3362 4084 3419 4129 et
3473 4088 3536 4130 se

1946 4167 2199 4222 invasum
2233 4166 2300 4220 iri
2332 4171 2667 4229 metuerent,
2697 4179 2762 4219 eo
2788 4162 3195 4229 conﬂuxerant,
3252 4163 3537 4220 custodie-

1946 4261 2218 4329 baturque
2240 4261 2371 4314 urbs
2397 4267 2558 4314 noctu
2618 4266 2671 4311 et
2724 4256 2968 4311 interdiu
3015 4255 3329 4327 vigilanter,
3363 4262 3419 4311 et
3465 4256 3538 4312 ad

1948 4354 2159 4408 hostem
2192 4350 2622 4422 propulsandum
2658 4336 2782 4403 sese
2813 4348 3183 4403 instruebant.
3219 4347 3353 4414 Quae
3407 4362 3535 4404 cum

1891 4470 1908 4495 ρ
1947 4456 2003 4500 et
2035 4444 2332 4514 imperator
2373 4440 2815 4511 exploratissitne
2842 4438 3031 4504 sciret,
3071 4453 3182 4493 non
3207 4446 3394 4509 aperte
3436 4454 3535 4495 eos

263 4522 370 4576 λῶν
403 4525 739 4598 ἐνδιέτριϐον
781 4528 1040 4600 Βερροίᾳ,
1070 4532 1169 4584 καὶ
1215 4530 1515 4602 ἀξιόμαχος
1565 4535 1800 4605 στρατιά
1824 4551 1839 4566 ο

1950 4534 2545 4609 aggrediebatur,quod
2568 4547 2629 4587 se
2657 4531 2723 4588 ad
2759 4539 2868 4586 tam
2899 4530 3100 4587 multos
3125 4531 3535 4602 expugnatione

263 4617 359 4667 καὶ
380 4618 508 4669 τότε
546 4618 633 4671 διὰ
662 4618 761 4688 τὴν
793 4618 1059 4690 βασιλέως
1085 4623 1275 4692 ἔφοδον
1306 4624 1407 4677 οὐκ
1429 4626 1603 4694 ὀλίγοι
1632 4628 1697 4679 ἐκ
1736 4627 1844 4682 τῶν

266 4708 325 4759 ἐν
348 4711 473 4772 ταῖς
496 4710 711 4780 κώμαις
734 4714 1161 4785 κατῳκισμένων
1189 4716 1488 4787 συνῆλθονξ·
1519 4716 1844 4772 ὑπώπτευον

267 4800 373 4869 γὰρ
406 4802 505 4855 καὶ
542 4804 697 4858 αὐτοὶ
735 4803 962 4874 βασιλέα
988 4810 1367 4880 ἐπιχειρήσειν
1401 4810 1573 4879 σφίσι,
1616 4813 1712 4864 καὶ
1746 4812 1845 4881 τῆς

267 4905 327 4942 τε
356 4895 567 4959 πόλεως
606 4898 882 4952 ἐποιοῦντο
911 4899 1160 4970 φυλακὴν
1199 4903 1293 4956 καὶ
1323 4903 1566 4973 νύκτωρ.
1591 4907 1686 4958 καὶ
1722 4903 1846 4973 μεθ’

266 4984 481 5055 ἡμέραν
535 4989 596 5041 οὐ
652 4990 957 5060 ῥαθύμωςο
1004 4997 1099 5050 καὶ
1154 4997 1639 5067 παρεσκευάζοντο
1706 4995 1842 5066 πρὸς

269 5077 504 5147 ἄμυναν,
527 5082 595 5151 ἦν
629 5099 712 5147 τις
749 5086 932 5148 αὐτοῖς
959 5086 1113 5157 ἐπίῃ,
1149 5089 1215 5140 Ἀ
1264 5089 1360 5157 καὶ
1393 5088 1647 5160 βασιλεὺς
1672 5088 1842 5157 σαφέ-

273 5183 436 5222 στατα
483 5170 667 5237 εἰδὼς,
700 5172 762 5227 οὗ
798 5177 1051 5245 φανερῶς
1103 5180 1380 5252 ἐπεχείρει
1404 5198 1418 5211 ·
1455 5181 1574 5253 ᾔδει
1621 5181 1731 5249 γὰρ
1779 5180 1842 5234 οὐ

270 5256 489 5326 δυνατὸς
520 5265 779 5334 ἐσόμενος
810 5268 1099 5333 τοσούτους
1127 5271 1221 5343 βίᾳ
1265 5272 1520 5343 αἱρήσειν
1556 5274 1697 5343 μετά
1734 5272 1843 5327 τῶν

272 5355 460 5425 τειχῶν
485 5370 501 5384 ·
532 5356 659 5410 ἀλλ’
685 5359 781 5412 ἐπὶ
826 5360 1035 5432 κλοπὴν
1064 5362 1260 5433 ἐχώρει
1295 5364 1521 5433 μᾶλλον,
1552 5365 1653 5417 οὐκ
1687 5362 1846 5432 ὀλίγα

275 5443 362 5495 καὶ
402 5451 518 5513 τοῖς
562 5452 861 5522 ἐγχωρίοις
906 5455 1204 5522 πεποιθὼς,
1239 5454 1315 5519 ὦς
1362 5458 1723 5526 συστήσονται
1754 5455 1849 5509 ἐπὶ

271 5533 392 5599 τοὺς
431 5542 735 5608 πολεμίους
784 5544 853 5618 ἣν
901 5545 1198 5602 αἴσθωνται
1229 5547 1380 5603 ἔνδον
1405 5547 1557 5618 ὄντα,
1588 5548 1686 5603 καὶ
1718 5564 1851 5618 συγ·

1949 4629 2284 4701 subigendos
2314 4628 2522 4683 viribus
2554 4627 2819 4697 imparem
2853 4634 3066 4691 nosset,
3125 4624 3223 4680 sed
3282 4624 3346 4680 ad
3387 4625 3537 4680 furta

1949 4736 2008 4776 se
2037 4720 2392 4779 convertebat
2429 4718 2633 4790 potius,
2659 4733 2768 4772 non
2799 4733 2993 4787 parum
3029 4726 3086 4774 et
3120 4716 3321 4773 incolis
3355 4717 3533 4773 conli-

1948 4827 2074 4877 sus;
2128 4812 2289 4882 772
2327 4826 2533 4881 nempe
2574 4810 2620 4864 si
2645 4824 2704 4867 se
2732 4810 2879 4864 intus
2914 4824 3035 4865 esse
3061 4812 3439 4883 cognoverint,
3458 4810 3541 4865 si-

1948 4904 2062 4958 n’iul
2099 4903 2154 4957 in
2188 4905 2374 4958 hostes
2403 4911 2774 4966 surrecturus,
2801 4900 3118 4972 bellumque
3163 4916 3350 4957 secum
3398 4915 3538 4956 eon-

1947 4996 2211 5051 fecturos.
2239 4995 2428 5065 Itaque
2452 5009 2781 5065 magnopere
2815 4994 3063 5060 studens,
3099 5007 3170 5047 ne
3200 4992 3252 5047 in
3318 4990 3539 5046 Tribal-

1948 5089 2030 5145 los
2056 5088 2136 5144 ire
2167 5097 2512 5154 nosceretur,
2539 5103 2605 5142 ex
2648 5095 2935 5157 compacto
2992 5101 3117 5143 cum
3166 5084 3410 5141 exercitu
3467 5084 3538 5141 ad

1950 5181 2157 5236 flumen
2200 5181 2374 5237 venit.
2425 5180 2704 5237 Triremes
2752 5188 2935 5235 autem
2987 5180 3232 5235 nondum
3279 5181 3534 5237 aderant.

1947 5272 2084 5329 Cum
2117 5273 2262 5328 enim
2293 5274 2481 5328 essent
2506 5270 2574 5326 ad
2605 5273 2811 5327 ostium
2859 5269 3125 5336 fluminis,
3168 5286 3200 5326 e
3256 5271 3393 5326 mari
3446 5280 3536 5326 at-

1949 5380 2057 5435 que
2096 5380 2127 5419 c
2173 5364 2340 5419 ﬂuvio
2389 5363 2448 5418 in
2481 5364 2710 5419 modum
2750 5364 2968 5435 aggeris
3020 5374 3247 5437 aggesto
3301 5364 3419 5420 luto
3449 5366 3536 5437 (ut

1948 5464 2096 5512 amat
2155 5455 2677 5527 accidere),aditus
2731 5456 2798 5512 ad
2848 5456 3241 5513 transeundum
3296 5453 3532 5512 obtineri

1948 5565 2059 5605 non
2089 5556 2307 5621 poterat
2340 5565 2354 5603 :
2420 5556 2478 5607 et
2536 5549 2798 5609 navarehi
2836 5550 2905 5607 ad
2936 5564 3110 5607 naves
3163 5545 3530 5619 expediendas

1498 5688 1719 5752 Jacobi
1752 5688 2019 5753 Pontani
2053 5695 2244 5754 notae.

332 5806 441 5881 (l0)
480 5805 681 5864 Graece
716 5804 971 5861 festivius
995 5820 1220 5877 prepter
1251 5815 1705 5886 παρωνομασίαν.

360 5912 367 5917 '
572 5900 861 5961 ΡΑτιιοι..
898 5903 1016 5963 (in.
1053 5896 1264 5966 CLIV.

3567 5811 3578 5843 ί

3569 5846 3580 5886 ί
