4028 6476
485 382 591 446 139

1688 377 1930 439 JOANN
1941 378 2010 442 IS
2046 380 2570 444 CANTACUZENI

3646 374 3747 439 140

485 498 688 551 nullam
753 492 1064 549 machinam
1132 490 1507 555 inveniebant,
1550 498 1873 561 tantumque
1903 506 2063 545 occa-

2171 492 2606 561 κατεργάσονται
2648 489 2799 558 αὐτῷ
2825 491 2915 543 τὸν
2947 488 3209 560 πόλεμον.
3259 490 3321 543 '0
3359 487 3457 560 μὲν
3489 489 3583 544 οῦν
3620 495 3748 564 πρό-

484 593 696 646 sionem
754 588 916 643 talem
962 585 1036 641 rei
1087 586 1229 640 bene
1284 584 1536 655 gerendae
1588 584 1732 639 elabi
1780 584 2061 638 dolebant.

486 684 747 739 Sciebant
774 680 998 752 quippe,
1032 692 1135 732 nec
1169 677 1559 747 imperatorem
1597 675 1718 731 sine
1748 674 1879 741 ipsis
1931 674 2064 727 Ber-

486 778 698 831 rltoeam
732 774 1048 827 invasurum
1097 784 1112 823 :
1145 769 1244 824 sed
1307 768 1551 824 diluculo
1602 768 1866 840 agnitum,
1894 766 2066 821 'l‘lres-

478 863 786 921 salonicam
816 872 1066 931 repetere
1094 869 1346 915 coactum
1388 859 1477 913 iri.
1512 859 1818 927 Imperator
1868 857 2067 911 simili-

482 967 573 1011 ter
630 956 696 1009 ad
742 954 967 1008 ﬂuvium
1005 952 1334 1015 consistens,
1368 948 1612 1004 nondum
1655 953 1850 1002 adesse
1903 947 2066 1002 trire-

490 1061 605 1101 mes
639 1046 890 1100 dolenter
917 1044 1148 1104 ferebat,
1175 1056 1511 1111 causamque
1542 1040 1802 1095 absentiae
1846 1041 2067 1110 ignora-

488 1142 621 1194 bat:
653 1150 707 1193 et
745 1154 813 1191 ne
835 1147 1009 1206 erepta
1038 1138 1092 1190 in
1127 1136 1356 1190 nihilum
1413 1135 1697 1197 caderent,
1757 1135 1800 1187 si
1839 1133 1957 1188 dies
1987 1132 2071 1186 in-

490 1229 839 1294 tervenisset,
906 1229 1069 1281 etiam
1116 1226 1231 1294 ipse
1279 1226 1590 1281 verebatur.
1669 1223 1879 1278 Interea
1937 1224 2067 1278 dum

499 1319 772 1373 classiarii
805 1318 1038 1379 luerent,
1068 1316 1196 1385 quid
1222 1325 1403 1385 agant,
1457 1315 1708 1371 desubito
1765 1326 2070 1369 exaestuans

493 1422 660 1473 mare,
683 1419 737 1465 et
766 1410 1081 1479 aliquandiu
1104 1409 1401 1474 ﬂuctuans,
1435 1424 1605 1464 naves
1630 1408 1844 1478 placido
1870 1423 1933 1462 ac
1959 1407 2068 1461 leni

488 1504 691 1573 impetu
721 1503 774 1556 in
810 1502 1014 1557 ﬂumen
1048 1511 1359 1573 promovet,
1404 1502 1626 1573 citoque
1658 1517 1781 1556 cum
1837 1501 2072 1569 impera-

488 1605 608 1650 tore
631 1596 935 1666 conjuncti,
961 1611 1126 1666 quam
1165 1596 1351 1665 iniquo
1372 1610 1500 1648 casn
1531 1593 1776 1664 impediti
1810 1592 2067 1657 fuissent,

496 1690 1023 1746 commemorabam.
1057 1687 1357 1759 Imperator
1388 1688 1503 1742 hate
1538 1704 1646 1743 non
1682 1688 1922 1749 fortuna,
1974 1686 2069 1741 sed

490 1783 671 1837 divina
720 1781 1064 1852 providentia
1092 1779 1206 1835 ﬁeri
1264 1779 1605 1845 existimans,
1667 1780 1734 1834 ad
1786 1778 2067 1849 negotium

2169 599 2319 635 νοιαν
2371 581 2575 652 πολλὴν
2611 581 2938 651 ποιούμενος
2982 580 3079 633 τοῦ
3118 583 3195 652 μὴ
3247 582 3549 652 κατάδηλος
3604 579 3752 639 εἶναι

2166 672 2461 743 Τρισαλοίς
2513 671 2949 743 ὲπιστρατεύων,
2981 668 3149 743 ἦλθεν
3203 672 3299 726 ἐπὶ
3351 674 3445 727 τὸν
3498 676 3753 746 ποταμὸν

2165 766 2311 821 κατὰ
2350 765 2410 818 τὸ
2447 765 2725 836 σύνθημα.
2779 767 2847 820 Αἰ
2875 767 3129 839 τριήρεις
3174 767 3233 820 δὲ
3277 765 3431 820 οὔπω
3461 768 3749 840 παρῆσαν.

2166 858 2463 927 Γενόμεναι
2494 861 2603 929 γὰρ
2640 858 2779 929 πρὸς
2808 858 2868 912 τὸ
2903 860 3080 930 στόμα
3113 859 3209 913 τοῦ
3253 860 3527 930 ποταμοῦ,
3550 856 3639 915 οἷα.
3663 880 3756 933 φι-

2167 946 2251 998 λεῖ
2278 948 2628 1018 συμϐαίνειν,
2662 950 2767 1003 ὑπό
2792 966 2853 1003 τε
2890 950 2991 1018 τῆς
3020 949 3293 1020 Θαλάττης
3318 950 3415 1003 καὶ
3444 949 3541 1005 τοῦ
3581 969 3758 1006 ποτα-

2172 1039 2273 1109 μοῦ
2306 1040 2683 1110 ὲξωθουμένης
2728 1041 2827 1110 τῆς
2865 1040 3013 1104 ἰλύος
3059 1041 3431 1113 προσχοῦσθαι
3461 1045 3605 1097 κατὰ
3652 1047 3761 1115 τὴν

2169 1128 2449 1208 εἰσϐολὴν³
2470 1130 2771 1201 ἠδυνάτουν
2815 1130 2952 1199 πρὸς
3006 1131 3106 1201 τὴν
3150 1131 3361 1184 δίοδονο
3396 1132 3493 1185 καὶ
3534 1132 3763 1203 μηχανὴ

2168 1223 2284 1280 τοῖς
2329 1221 2638 1290 ναυάρχοις
2690 1220 2921 1290 οὐδεμία
2975 1220 3350 1291 ἐξευρίσκετο,
3404 1222 3540 1275 ἀλλὰ
3593 1224 3764 1292 μόνον

2170 1308 2398 1380 ἦχθοντο
2446 1310 2703 1381 τοιαύτης
2742 1312 3002 1383 πράξεως
3056 1312 3466 1384 ἀπολλυμένης.
3517 1315 3764 1385 ’ᾙδεσαν

2172 1402 2280 1470 γὰρ
2342 1402 2465 1455 οὐδὲ
2516 1401 2744 1474 βασιλέα
2792 1390 2962 1473 χωρὶς
3016 1405 3198 1459 αὐτῶν
3248 1405 3766 1475 ὲπιστρατεύσοντα

2173 1492 2431 1564 Βερῤοίᾳ,
2476 1493 2593 1546 ἀλλ’
2630 1495 2749 1566 ἅμα
2793 1495 2868 1559 ἕῳ
2907 1494 3212 1565 κατάδηλον
3238 1495 3556 1565 γενόμενον,
3580 1496 3766 1563 ἀναγ-

2172 1586 2547 1657 κασθήσεσθαι
2597 1587 2678 1651 εἰς
2714 1587 3123 1658 Θεσσαλονίκην
3155 1588 3547 1660 ἀναστρέφειν.
3584 1589 3767 1643 Βασι-

2172 1678 2297 1742 λεύς
2329 1696 2388 1731 τε
2422 1679 2625 1748 ὁμοίως
2652 1678 2955 1749 ἠγανάκτει
2983 1678 3228 1748 ἐφεστὼς
3269 1679 3349 1750 τῷ
3382 1679 3639 1750 ποταμῷ,
3674 1680 3768 1734 ὃτι

2179 1768 2253 1838 μὴ
2287 1767 2546 1840 παρῆσαν
2574 1770 2631 1823 αἱ
2666 1770 2915 1841 τριήρεις
2939 1786 2954 1801 ο
2978 1768 3079 1841 τὴν
3104 1770 3288 1824 αἰτίαν
3321 1770 3377 1823 δὲ
3411 1769 3511 1839 τῆς
3533 1769 3769 1823 ἀπολεί-

491 1875 933 1943 transigendum,
958 1884 1018 1928 ut
1050 1873 1161 1927 Deo
1203 1873 1532 1942 opitulante,
1597 1873 2024 1926 confirmabatur
2054 1912 2063 1937 ,

2174 1860 2321 1930 ψεως
2347 1860 2559 1930 ἠγνόει,
2606 1861 2699 1913 καί
2730 1860 3071 1915 ἀπόλλυσθαι
3097 1861 3355 1932 τοιαύτην
3401 1861 3599 1931 πρᾶξιν
3625 1861 3769 1915 ὑπε-

488 1978 544 2021 et
572 1981 732 2036 quam
766 1965 1021 2020 celeriter
1059 1962 1282 2027 licebat,
1316 1978 1441 2016 cum
1490 1961 1640 2032 gravi
1705 1961 1919 2030 letique
1977 1976 2068 2013 ar-

493 2068 703 2113 matura
762 2065 817 2112 et
858 2056 1108 2111 barbaris
1130 2055 1446 2111 Berrbceam
1497 2053 1861 2124 properabat,
1918 2052 2070 2107 relic-

489 2150 559 2204 tis
592 2149 658 2203 ad
698 2148 997 2202 custodiam
1042 2147 1351 2201 triremium
1387 2155 1527 2215 quot
1558 2143 1812 2200 sufﬁcere
1840 2128 2072 2198 arbitra-

491 2245 669 2297 batur.
713 2243 947 2297 Enntcm
969 2240 1288 2295 Merzelatus
1316 2254 1618 2294 occurrens
1666 2237 1732 2292 ad
1799 2238 2067 2292 festinan-

488 2336 617 2389 dum
670 2334 920 2395 acuebat,
972 2332 1119 2400 quod
1175 2332 1407 2392 diceret,
1435 2331 1619 2385 omnia
1647 2345 1709 2384 se
1738 2329 2064 2393 coniecisse,

489 2437 543 2481 et
574 2441 615 2479 ει
635 2426 746 2479 alas
767 2423 1048 2478 faciendas
1078 2423 1241 2477 sociis
1267 2420 1627 2476 commisisse.
1672 2420 1808 2474 Cum
1863 2421 1932 2474 ab
1976 2436 2070 2487 op-

489 2519 614 2589 p‘do
656 2515 879 2586 propius
911 2516 1184 2574 abessent,
1220 2513 1518 2581 imperator
1567 2526 1757 2567 rursus
1814 2511 2069 2564 Menela-

451 2635 454 2639 η
491 2622 604 2662 tum
647 2608 835 2673 mittit,
867 2607 1068 2668 visum,
1103 2603 1302 2673 ecquid
1328 2603 1486 2657 scalre
1516 2602 1625 2657 sint
1654 2601 1935 2656 confecta.
1961 2600 2064 2655 lle-

488 2702 595 2755 i'ert
629 2700 740 2765 ille,
779 2698 961 2757 nullas
1003 2712 1129 2751 esse
1180 2694 1478 2750 confectas.
1518 2694 1818 2765 Imperator
1870 2696 2068 2748 iterum

489 2790 715 2860 ancipiti
767 2789 1104 2857 cogitatione
1155 2785 1386 2840 turbari.
1456 2784 1592 2838 Tum
1646 2785 1737 2853 qui
1794 2784 1869 2839 illi
1908 2794 2068 2839 erant

491 2882 723 2954 proximi
756 2891 944 2951 aptare
976 2880 1030 2935 in
1068 2879 1238 2951 sylvis
1288 2878 1492 2941 trabes,
1550 2878 1890 2932 altitudinem
1927 2877 2067 2931 muri

488 2987 774 3046 :eqnantes
822 2976 951 3044 (una
1002 2973 1146 3027 enim
1205 2972 1261 3025 in
1312 2971 1661 3040 expeditione
1704 2972 2068 3024 versabantur

490 3069 936 3124 Berrboaotarnm
974 3063 1239 3135 prirnarii,
1277 3077 1307 3117 a
1353 3062 1510 3117 Crale
1533 3062 1586 3115 in
1636 3062 1886 3115 exsilium
1935 3060 2061 3124 acti,

490 3156 939 3231 ntagnauiiititate
991 3163 1049 3210 et
1083 3154 1305 3209 ﬁdentia
1333 3154 1469 3207 nihil
1511 3152 1737 3221 reliquis
1788 3155 1855 3207 de
1893 3153 2066 3221 imite-

488 3252 689 3307 ratnris
720 3249 935 3320 agmine
970 3247 1360 3312 concedentes,
1383 3256 1746 3315 prompteqne
1778 3246 1846 3300 ad
1882 3247 2063 3300 omnia

489 3345 926 3413 praeservietttes,
949 3349 1003 3392 et
1032 3338 1099 3392 ad
1118 3337 1350 3407 patriam
1394 3335 1770 3405 occupandam
1816 3336 2061 3390 studium

487 3452 647 3491 suum
669 3431 1194 3497 accommodantes),
1231 3438 1285 3483 et
1313 3428 1569 3497 quoniam
1617 3428 1753 3483 elavi
1790 3443 1898 3481 non
1935 3445 2065 3496 snp-

497 3527 782 3596 petebant,
843 3520 1070 3575 funibus
1100 3535 1163 3574 ex
1198 3518 1546 3573 tabernaculo
1578 3517 1923 3588 imperatoris
1957 3518 2062 3583 usi,

488 3626 785 3688 quaternas
849 3612 1027 3668 scalas
1087 3610 1242 3666 brevi
1292 3624 1649 3680 componere,
1727 3625 1865 3678 quas
1914 3621 2066 3664 cata-

489 3705 727 3778 phracti,
777 3716 832 3759 et
864 3703 1087 3773 quidatn
1120 3701 1255 3756 levis
1277 3711 1572 3756 armaturae
1600 3701 1878 3765 tollentes,
1930 3701 2063 3755 Bero

488 3799 724 3854 rbmotis
773 3811 895 3851 cum
946 3793 1235 3848 Merzelato
1267 3794 1523 3859 ducibus,
1572 3794 1749 3847 muris
1791 3793 2067 3863 applicue-

490 3901 643 3950 runt,
682 3871 975 3957 Oppidanis
1016 3886 1084 3940 ad
1153 3900 1325 3939 unum
1358 3884 1795 3961 ignorantibus:
1849 3885 2063 3954 ipsique

486 3980 673 4052 primi,
707 3979 906 4034 deinde
966 3978 1252 4049 utriusque
1285 3986 1578 4033 armaturae
1630 3977 1835 4032 milites
1868 3992 2063 4032 ascen-

486 4074 705 4129 derunt.
738 4071 900 4142 773
934 4069 1237 4142 Imperator
1272 4081 1336 4125 nt
1372 4086 1502 4126 suos
1530 4071 1673 4126 intus
1696 4085 1818 4126 esse
1842 4085 2063 4140 compe-

488 4168 579 4228 rit,
602 4166 793 4221 divisis
813 4164 1006 4234 cupiis,
1044 4165 1163 4234 ipse
1214 4163 1508 4229 Romanos,
1571 4163 1786 4234 equites
1822 4163 2061 4234 pedites-

483 4272 591 4328 que
638 4257 846 4311 ducens
887 4256 952 4308 ad
1014 4254 1190 4308 scalas
1241 4254 1511 4323 processit
1562 4254 1874 4309 :barbaros
1934 4268 2058 4308 eum

486 4347 712 4417 reliquis
747 4343 1010 4399 Romanis
1032 4357 1214 4397 arcem
1248 4343 1457 4396 adoriri
1494 4343 1684 4413 jussit,
1722 4352 1777 4397 ut
1806 4342 2058 4411 pluribus

486 4457 553 4496 ex
578 4439 822 4521 partibus
856 4436 1206 4501 invadentes,
1242 4443 1513 4490 terrorem
1568 4435 1843 4506 indigenis
1895 4433 2057 4488 al'fer-

2173 1952 2282 2006 νόει
2330 1954 2427 2006 καὶ
2475 1952 2658 2019 αὐτὸς,
2685 1954 2733 2007 εἰ
2769 1953 3077 2023 ἐπιγένοιτο
3106 1954 3313 2026 ἡμέρα.
3368 1954 3457 2007 Ἐν
3483 1952 3595 2024 ὅσῳ
3618 1952 3679 2006 δὲ
3708 1955 3767 2007 οἰ

2171 2045 2230 2097 ἐν
2264 2046 2382 2107 ταῖς
2412 2044 2665 2114 τριήρεσι
2713 2045 2844 2115 περὶ
2889 2044 2985 2098 τοῦ
3026 2045 3055 2098 δ
3116 2061 3169 2097 τι
3200 2044 3305 2115 χρὴ
3345 2045 3607 2114 πράττειν
3636 2045 3772 2116 διη-

2172 2136 2396 2205 πόρουν,
2421 2136 2618 2206 ἀθρόον
2652 2135 3112 2208 πλημμυρήσασα
3142 2139 3176 2207 ἡ
3224 2137 3488 2203 θάλασσα,
3519 2137 3615 2190 καὶ
3657 2154 3775 2192 κυ-

2175 2231 2395 2298 μήνασα
2425 2229 2517 2280 επὶ
2548 2227 2766 2296 μικρὸν,
2792 2227 2983 2298 ἡμέρῳ
3015 2229 3401 2299 καὶιπροσηνεί
3425 2227 3589 2298 ῥοθίῳ
3613 2244 3772 2298 παρ-

2171 2322 2385 2389 έπεμπε
2434 2319 2537 2382 τὰς
2570 2318 2703 2382 ναῦς
2770 2318 2865 2373 ἐπὶ
2896 2319 2988 2375 τὸν
3028 2321 3296 2391 ποταμὸν,
3326 2320 3421 2374 καὶ
3473 2320 3535 2372 ἐν
3584 2319 3771 2391 ὀλίγῳ

2171 2413 2383 2482 βασιλεί
2410 2412 2776 2483 συμμίξασαι,
2817 2412 3103 2483 διηγοῦντο
3139 2412 3200 2466 τὸ
3234 2412 3379 2466 κατὰ
3414 2410 3515 2483 τὴν
3561 2412 3774 2467 διάϐα-

2172 2524 2276 2571 σιν,
2323 2505 2511 2576 ὥσπερ
2562 2504 2800 2569 ἐξαίσιον
2848 2506 3216 2578 συμδεΰηκός.
3270 2507 3535 2572 Βασιλεύς
3576 2522 3638 2561 τε
3690 2509 3769 2563 οὐ

2173 2602 2313 2651 κατὰ
2351 2598 2545 2666 τύχην,
2585 2597 2721 2652 ἀλλὰ
2761 2599 2992 2671 προνοίᾳ
3043 2599 3166 2671 θείᾳ
3198 2599 3268 2653 τὰ
3316 2598 3543 2654 τοιαῦτα
3590 2617 3765 2654 συνε-

2171 2690 2467 2744 σκευάσθαι
2485 2691 2715 2760 οἰηθεὶς,
2745 2692 2945 2761 μᾶλλον
2968 2692 3298 2766 ἐπερρώσθη
3327 2692 3464 2764 πρὸς
3486 2693 3586 2765 τὴν
3608 2696 3769 2763 πρᾶ⁶

2171 2782 2274 2847 ξιν,
2298 2784 2368 2843 ’τις
2399 2782 2535 2834 Θεοῦ
2566 2785 2961 2853 συναιρομένου
2981 2801 2997 2817 ·
3038 2778 3190 2858 καὶῇ
3230 2784 3434 2855 τάχους
3461 2780 3598 2855 εἶχε,
3621 2785 3767 2853 τούς

2168 2889 2225 2924 τε
2272 2871 2517 2934 ὁπλίτας.
2564 2874 2659 2927 καὶ
2707 2874 2923 2940 ψιλοὺς,
2986 2875 3241 2937 καὶτοὺς
3290 2875 3604 2946 βαρϐάρους
3640 2875 3765 2931 τῶν

2168 2964 2305 3016 νεῶν
2334 2964 2645 3032 ἐξαγαγὼν,
2671 2966 2870 3038 ἐχώρει
2904 2967 3042 3039 πρὸς
3076 2964 3343 3037 Βέῤῥοταν
3398 2968 3626 3040 σπουδῇ,
3653 2970 3761 3023 ἐπὶ

2167 3055 2268 3127 τὴν
2308 3056 2555 3127 φυλακὴν
2594 3058 2704 3110 τῶν
2739 3059 2878 3114 νεῶν
2928 3058 3244 3113 καταλιπὼν
3278 3059 3436 3120 ὅσους
3469 3058 3604 3131 ᾤετο
3646 3062 3765 3131 ἀρ-

2170 3149 2371 3205 κέσειν.
2424 3151 2644 3216 Μεταξύ
2678 3150 2736 3205 δὲ
2785 3151 3140 3224 πορευομένῳ
3185 3153 3281 3206 καὶ
3328 3154 3356 3206 ὁ
3387 3152 3765 3225 Μαρζελάτος

2167 3244 2633 3314 παραγενόμενος.
2663 3245 2968 3299 ἐπέσπευδε
2999 3246 3136 3318 πρὸς
3160 3247 3260 3314 τὴν
3289 3238 3537 3317 πορείαύ.
3560 3247 3767 3303 Πάντα.

2166 3334 2274 3404 γὰρ
2304 3335 2453 3405 αὐτῷ
2492 3335 2732 3404 ἔφασκεν
2765 3336 3018 3408 ἠνύσοαι,
3057 3340 3152 3393 καὶ
3195 3342 3310 3402 τοῖς
3344 3338 3583 3409 ἑταίροις
3622 3340 3766 3393 επις

2164 3428 2495 3497 τετραφέναι
2523 3430 2622 3499 τὴν
2654 3432 2756 3499 τῆς
2791 3430 3061 3500 κλίμακος
3094 3431 3463 3501 κατασκευήν.
3504 3431 3659 3484 Ἐπεὶ
3689 3433 3767 3486 δὲ

2162 3513 2301 3588 ἦσαν
2335 3524 2435 3573 οὐκ
2466 3519 2688 3574 ἄπωθεν
2729 3523 2828 3591 τῆς
2873 3522 3104 3586 πόλεως,
3143 3521 3399 3591 βασιλεὺς
3450 3523 3551 3593 μὲν
3583 3520 3763 3588 αὖθις

2163 3610 2380 3677 ἔπεμπε
2413 3612 2770 3681 Μαρζελάτον
2826 3614 2975 3678 ἰδεῖν,
3029 3616 3077 3668 εἰ
3130 3614 3593 3684 κατεσκεύαστοή
3626 3615 3760 3668 κλίο

2168 3705 2298 3774 μαξ.
2359 3704 2420 3757 '0
2458 3704 2515 3758 δὲ
2548 3706 2994 3778 ἐπαναστρέψας,
3026 3707 3302 3778 μηδεμίαν
3331 3708 3538 3777 ἔφασκε
3582 3723 3764 3761 κατε-

2165 3794 2464 3847 σκευάσθαι
2500 3796 2773 3865 κλίμακα,
2808 3799 2904 3851 καὶ
2939 3798 3101 3852 πάλιν
3136 3800 3164 3850 ό
3200 3797 3460 3869 βασιλεὺς
3520 3799 3576 3850 ἐν
3605 3797 3761 3852 ἁπό-

2165 3900 2280 3954 ροις
2317 3880 2405 3955 ἦν.
2456 3886 2521 3938 Oi
2576 3888 2704 3955 περὶ
2737 3886 2901 3940 αὐτὸν
2945 3886 3004 3940 δὲ
3055 3887 3189 3953 ξύλα
3235 3888 3495 3958 τεμόντες
3528 3889 3592 3941 ὲκ
3638 3890 3755 3960 τῆς

2164 3975 2372 4046 λόχμης
2419 3974 2497 4045 τῷ
2546 3976 2719 4045 τείχει
2756 3979 2996 4047 ἰσομήκη
3045 3977 3579 4047 (συνεστρατεύοντο
3626 3981 3754 4051 γὰρ

2162 4066 2517 4137 Βερῤοιωτῶν
2556 4069 2606 4120 οἰ
2644 4068 2879 4138 μάλιστα
2921 4070 2980 4122 ὲν
3020 4068 3165 4139 λόγῳ
3196 4069 3301 4122 ὐπὸ
3338 4069 3529 4139 Κράλη
3555 4085 3753 4139 φυγα-

2160 4158 2461 4221 δευθέντες,
2490 4160 2628 4228 πρὸς
2674 4159 2938 4229 εὐψυχίαν
3007 4160 3100 4213 καὶ
3138 4160 3343 4229 τόλμαν
3386 4162 3600 4225 οὐδενὸς
3630 4161 3756 4214 λει-

2161 4252 2388 4320 πόμενοι
2418 4251 2526 4303 τῶν
2559 4252 2829 4305 συνόντων
2859 4251 3104 4321 βασιλεῖ·
3135 4252 3184 4305 οἳ
3221 4254 3315 4305 καὶ
3341 4253 3574 4319 μάλιστα
3605 4270 3752 4324 προ-

2161 4343 2346 4413 θύμως
2381 4344 2519 4415 πρὸς
2572 4344 2750 4398 πάντα
2783 4344 3117 4415 ὑπηρέτουν,
3166 4346 3437 4418 καὶπρὸς
3487 4346 3586 4417 τὴν
3637 4348 3751 4417 τῆς
3810 4348 3811 4359 ‘

2140 4436 2419 4506 ’πατρίδος
2462 4436 2798 4500 ἐσπούδαζον
2842 4436 3196 4508 κατάληψιν),
3226 4438 3415 4509 ἐπειδὴ
3457 4439 3603 4510 ἥλων
3633 4441 3752 4495 οὐκ
3804 4430 3811 4451 ³

488 4542 629 4587 rent.
667 4530 769 4597 Qui
795 4529 944 4583 intus
967 4528 1077 4593 jam
1112 4536 1272 4581 erant
1301 4527 1522 4590 milites,
1562 4527 1801 4595 primum
1833 4526 2056 4594 quidem

2165 4527 2454 4597 εὐπόρουν,
2476 4530 2587 4589 τοῖς
2618 4530 2680 4581 ἐκ
2711 4529 2808 4596 τῆς
2841 4528 3128 4599 βασιλικῆς
3160 4531 3366 4599 σκηνῆς
3398 4532 3752 4602 χρησάμενοι

490 4626 543 4677 ἱη
573 4622 838 4691 quosdam
868 4617 1125 4674 custodes
1155 4616 1483 4680 incidentes,
1544 4631 1640 4670 eos
1699 4618 2059 4686 comprehen-

487 4714 713 4776 debant,
771 4718 1113 4778 mortemque
1163 4706 1687 4770 interminabantnr,
1750 4706 1796 4761 si
1867 4721 2057 4762 vocem

487 4806 734 4860 ederent.
765 4800 971 4856 Deinde
999 4816 1123 4854 cum
1158 4798 1226 4853 ad
1251 4806 1465 4868 portam
1488 4797 1899 4867 Opsiccejanam
1964 4814 2060 4853 ve-

487 4900 721 4960 nissent,
761 4895 898 4949 alios
928 4894 1204 4958 custodes,
1240 4890 1574 4958 eosdemque
1614 4891 1763 4943 cives
1811 4890 2061 4944 oﬂ‘ende-

484 4996 630 5052 runt,
662 5001 802 5056 quos
828 4985 896 5040 ad
935 4999 995 5039 se
1013 4982 1305 5052 juvandos,
1331 4990 1629 5050 vectesque
1662 4980 2060 5052 dill‘ringendos

488 5078 692 5134 hortati
728 5086 877 5131 sunt.
907 5076 1120 5129 Dictum
1149 5090 1214 5129 ac
1241 5072 1463 5128 factum.
1516 5072 1592 5127 llli
1628 5074 1801 5143 portis
1855 5074 2058 5143 apertis

484 5173 876 5242 imperatorem
906 5166 1302 5222 intromittunt.
1335 5166 1438 5241 Qui
1477 5167 1803 5235 eptimatnm
1857 5182 2058 5235 paucos

483 5263 627 5333 apud
652 5269 866 5332 portam
896 5273 1082 5313 secum
1111 5257 1381 5323 retinens,
1414 5257 1549 5312 alios
1577 5259 1849 5312 introrsus
1882 5258 1961 5311 ire
2002 5266 2058 5311 et

481 5369 607 5411 cum
660 5351 915 5407 Triballis
949 5350 1197 5404 hostibus
1235 5349 1495 5403 dimicare
1547 5349 1712 5419 jussit
1745 5366 1758 5400 :
1793 5350 1860 5404 ad
1918 5366 2057 5419 quos

485 5443 797 5517 perdendos
832 5442 933 5496 soli
964 5441 1155 5496 incola:
1187 5451 1273 5496 sat
1317 5442 1677 5496 munierant.
1706 5441 1773 5495 Ut
1799 5442 1940 5495 enim
1972 5441 2056 5493 in-

486 5550 569 5591 tra
601 5536 803 5589 muenia
828 5535 1215 5603 imperatorem
1261 5549 1385 5588 esse
1439 5542 1833 5603 cognoverunt,
1876 5533 2057 5588 accla-

485 5628 726 5683 matione
755 5626 931 5680 fausta
961 5641 1083 5679 eum
1120 5626 1387 5695 prodente
1423 5626 1700 5688 omnibus,
1756 5624 1939 5678 statim
1997 5624 2054 5679 in

485 5718 755 5776 Triballos
782 5717 1073 5780 irruentes,
1111 5715 1395 5770 facultates
1435 5716 1651 5768 illorum
1705 5714 2052 5783 diripiebant,

483 5824 538 5870 et
558 5813 701 5869 forte
734 5790 1084 5867 occurrentes
1118 5808 1424 5879 capiebant.
1456 5805 1682 5860 Triballi
1716 5808 1905 5862 urbem
1962 5824 2055 5864 ca-

2161 4619 2466 4684 καλωδίοις,
2496 4620 2770 4689 κλίμακας
2798 4621 3209 4675 κατεσκεύασαν
3226 4624 3494 4695 τέτταρας
3517 4626 3575 4677 ἐν
3597 4625 3749 4697 βρα-

2159 4713 2264 4780 χεῖ,
2310 4712 2532 4765 ὁπλῖται
2574 4713 2632 4765 δὲ
2664 4713 2759 4764 καὶ
2803 4716 2866 4765 ὲκ
2910 4712 3020 4767 τῶν
3061 4713 3235 4782 ψιλῶν
3280 4716 3514 4786 ἄραντες
3544 4720 3747 4787 αὐτὰς,

2159 4802 2513 4873 Βερροιωτῶν
2536 4804 2858 4871 ἡγουμένων
2898 4804 3037 4872 μετὰ
3070 4804 3451 4873 Μαρζελάτου,
3488 4813 3601 4873 τοῖς
3627 4813 3752 4863 τεί-

2160 4911 2277 4963 χεσι
2306 4895 2703 4964 προσήρεισαν,
2740 4894 2964 4963 μηδενὸς
3003 4896 3207 4960 εἰδότος
3247 4899 3355 4951 τῶν
3391 4898 3537 4953 ἔνδον
3585 4899 3745 4952 πολι-

2157 4985 2305 5038 τῶνο
2354 4986 2449 5038 καὶ
2488 4987 2642 5038 αὐτοὶ
2697 4987 2983 5070 ἀνέϐαινον
3027 4988 3258 5059 πρῶτοι,
3317 4990 3512 5043 ἔπειτα
3544 4992 3638 5044 καὶ
3671 4993 3744 5045 ἐκ

2157 5079 2265 5130 τῶν
2290 5079 2526 5131 ὁπλιτῶν
2557 5080 2653 5131 καὶ
2678 5077 2788 5129 τῶν
2817 5078 3007 5147 ψιλῶν,
3053 5080 3310 5143 Βασιλεὺς
3334 5083 3380 5134 δ’
3408 5082 3531 5135 ἐπεὶ
3564 5082 3743 5153 ᾐσθά-

2158 5188 2278 5224 νετο
2310 5171 2457 5224 ἔνδον
2478 5171 2637 5232 ὄντας
2666 5171 2791 5233 τοὺς
2814 5174 3072 5237 οἰκείους,
3093 5174 3291 5227 αὐτίκα
3324 5177 3383 5229 τὸ
3414 5176 3740 5245 στράτευμα

2157 5262 2356 5334 διῄρει,
2388 5263 2485 5314 καὶ
2526 5262 2834 5331 Ῥωμαίους
2872 5264 2970 5333 μὲν
3016 5265 3158 5336 ἔχων
3203 5266 3366 5331 αὐτὸς
3402 5268 3605 5330 ἱππέας
3638 5270 3740 5324 καὶ

2159 5354 2377 5418 πεζοὺς,
2408 5354 2502 5405 ἐπὶ
2543 5354 2643 5416 τὰς
2690 5354 2966 5423 κλίμακας
3016 5358 3235 5427 ἐχώρει,
3290 5358 3350 5411 τὸ
3398 5360 3735 5430 βαρϐαρικὴν

2156 5444 2212 5498 δὲ
2250 5444 2390 5513 μετὰ
2422 5444 2719 5519 ΕῬωμαίων
2749 5445 2858 5498 τῶν
2892 5448 3191 5501 ἐπιλοίπων
3244 5451 3337 5503 ἐπὶ
3369 5451 3467 5521 τὴν
3496 5447 3735 5515 ἀκρόπο-

2157 5536 2238 5588 λιν
2274 5536 2489 5588 ἐκέλευε
2519 5539 2739 5607 χωρεῖν,
2777 5537 2917 5606 ὥστε
2955 5541 3365 5610 καταπλήττειν
3398 5536 3732 5605 πολλαχόθεν

2157 5624 2592 5696 προσϐαλόντας.
2637 5629 2700 5679 Oi
2747 5628 2895 5682 ἔνδον
2937 5629 2995 5682 δὲ
3045 5633 3324 5699 γενόμενοι
3372 5628 3728 5694 στρατιῶται,

2159 5721 2351 5789 πρῶτα
2383 5719 2481 5789 μὲν
2512 5718 2708 5790 φύλαξί
2731 5737 2843 5773 τισι
2871 5718 3270 5787 περιτυχόντες,
3298 5719 3727 5789 συνελάμϐανον,

2157 5812 2249 5866 καὶ
2302 5812 2514 5881 σιωπᾷν
2581 5812 2854 5876 ἐκέλευον,
2916 5810 2948 5879 ἢ
3022 5811 3280 5878 ἠπείλουν
3356 5814 3727 5865 ἀποκεείνιιν.
