4028 6466
289 412 384 482 lii

1423 409 1700 475 HISTOR
1711 406 1959 471 [ARUM
1997 406 2231 470 LIBER
2269 408 2371 472 IV.

3444 406 3548 473 142

291 531 521 585 Ἔπειτα
548 525 799 591 ἐλθόντες
833 524 924 581 ἐπὶ
949 526 1122 599 πύλην
1164 526 1264 597 τὴν
1308 527 1667 600 Ὀψικκιανὴν
1699 541 1855 597 προσ-

1970 527 2116 590 ptam
2147 521 2670 588 animadvertentcs,
2704 518 2939 591 primum
2966 521 3033 576 ad
3088 520 3376 591 praefectos
3418 537 3543 577 eum

286 620 716 690 αγρρευομὲνην,
770 617 981 689 ἑτέροις
1032 617 1286 689 ἐνέτυχον
1338 617 1536 689 φύλαξι
1586 617 1858 684 πολίταις,

284 710 377 773 οὓς
395 711 649 764 ἐκέλευον
676 710 1055 781 συμπράττειν
1078 710 1254 780 σφισι,
1292 711 1388 765 καὶ
1406 711 1860 784 καταρρηγνύναι

283 803 414 867 τοὺς
450 801 681 872 μοχλούς
704 818 721 834 ’
743 802 937 855 θᾶττον
968 802 1025 856 δὲ
1058 802 1092 872 ἢ
1139 802 1298 870 λόγος
1331 804 1531 857 ἐκεῖνοι
1556 805 1656 869 τὰς
1684 805 1862 868 πύλας

285 894 680 960 διανοίξαντες,
729 893 1064 965 εἰσεδέχοντο
1107 894 1355 965 βασιλέα.
1397 895 1456 949 '0
1491 895 1571 961 δὲ,
1605 897 1714 950 τῶν
1741 897 1864 968 ἀρί-

285 1004 428 1040 στων
446 986 665 1054 ὀλίγους
684 986 822 1056 πρὸς
845 987 964 1050 ταῖς
982 985 1183 1050 πύλαις
1204 986 1495 1058 κατασχὼν
1519 1004 1587 1041 πε
1596 989 1649 1060 ρὶ
1674 988 1858 1055 αὐτὸν,

284 1076 408 1137 τοὺς
438 1074 629 1138 ἄλλους
658 1074 807 1129 ἔνδον
833 1075 1049 1130 ἐκέλευε
1072 1078 1292 1147 χωρεῖν,
1319 1077 1416 1131 καὶ
1443 1076 1859 1148 συμπλέκεσθαι

285 1173 399 1234 τοῖς
428 1169 736 1239 πολεμίοις.
770 1169 910 1235 Τοὺς
942 1168 1001 1224 δὲ
1058 1171 1153 1225 καὶ
1198 1171 1350 1241 μόνοι
1385 1171 1592 1243 ἦρκουν
1616 1171 1862 1241 διαφθεί-

286 1280 405 1333 ρειν
434 1263 488 1319 οἱ
522 1261 798 1335 ἐγχώριοι.
843 1262 931 1326 Ὠς
966 1263 1077 1334 γάρ
1104 1263 1333 1332 ᾔσθοντο
1368 1264 1518 1318 ἔνδον
1547 1264 1679 1318 ὄντα
1707 1265 1863 1335 βασι-

280 1354 399 1416 λέα,
423 1355 527 1425 τῆς
574 1355 849 1425 εὐφημίας
896 1356 1036 1410 πᾶσι
1085 1355 1349 1427 ποιούσης
1386 1356 1570 1428 δῆλον,
1598 1358 1861 1413 ἐπέθεντο

276 1446 483 1501 αὐτίκα
506 1442 820 1516 Τριϐαλοῖς,
880 1448 977 1502 καὶ
1011 1447 1080 1503 τά
1120 1465 1181 1501 τε
1236 1448 1370 1503 ὄντα
1404 1449 1733 1520 διήρπαζον,
1762 1451 1859 1506 καὶ

281 1539 696 1609 συνελάμσανον
727 1540 782 1595 ετ
820 1556 926 1594 που
966 1541 1315 1612 περιτύχοιεν
1342 1558 1473 1600 τινι.
1503 1545 1566 1597 Ol
1593 1543 1860 1615 Τριϐαλοὶ

274 1629 356 1691 δὲ,
385 1629 847 1702 ὲπεὶ’“ᾑσθάνοντο
871 1631 1177 1686 ἑαλωκυῖαν
1201 1632 1486 1706 Βέρῤοιαν,
1507 1635 1701 1707 πρῶτα
1757 1637 1858 1708 μὶν

275 1723 371 1777 ἐπὶ
389 1723 527 1787 τοὺς
548 1723 815 1793 ἄρχοντας
847 1723 1107 1779 συνέθεον
1135 1726 1475 1797 πανταχόθεν
1494 1728 1856 1801 ὡπλισμένοι,

273 1815 348 1878 ὥς
383 1814 417 1885 ἢ
449 1814 825 1887 ἀμυνούμενοι
852 1816 919 1871 ἂν
945 1817 1129 1888 ἐξῇ,ὶῆ
1163 1817 1266 1882 τὰς
1290 1819 1431 1890 πρὸς
1452 1822 1522 1893 τῇ
1557 1822 1855 1892 ἀκροπόλει

274 1906 453 1971 πύλας
475 1886 847 1975 διανοίεαντες
890 1886 1362 1980 ἀποδιδράσκοιενν.
1396 1886 1521 1968 Τῶν
1553 1886 1856 1988 βαρϐάρων
1885 1886 1935 1948 Β

270 1998 327 2054 δὲ
347 1998 745 2066 ἀλαλαξάντων
774 2000 975 2068 ἔξωθεν
1008 2001 1110 2073 τῆς
1129 2004 1503 2076 ἀκροπόλεως,
1524 2007 1724 2062 αὐτίκα
1748 2011 1858 2064 πᾶ-

269 2107 371 2146 σαν
390 2090 591 2146 ιλπιδα
618 2078 891 2164 σωτηρίας
905 2095 1260 2164 ἀπογνόντες,
1284 2097 1597 2164 τῶνλππων
1621 2101 1857 2155 ἀποσαι.

267 2199 477 2249 νοντες,
510 2184 767 2255 εἰσῄεσαν
798 2186 882 2250 εἰς
913 2186 1014 2258 τὴν
1042 2187 1363 2259 ἀκρόπολιν,
1405 2193 1605 2257 παῖδας
1632 2195 1728 2248 καὶ
1754 2211 1857 2262 γυ-

270 2277 468 2341 ναῖκας
522 2275 760 2349 ἔχοντες,
793 2278 904 2331 τῶν
952 2279 1010 2334 δὲ
1060 2279 1237 2335 ἄλλων
1267 2282 1459 2338 οὐδένα
1515 2284 1675 2353 λόγον
1705 2288 1860 2341 ὲποι-

274 2367 448 2422 οὖντο.
477 2368 692 2422 Ὄντων
737 2368 794 2422 δὲ
825 2368 1059 2435 πολλῶν,
1086 2372 1387 2442 τριάκοντα
1419 2373 1530 2445 γὰρ
1558 2370 1703 2447 ἦσαν
1746 2378 1857 2432 τῶν

290 2462 622 2531 εὐπατριδῶν
657 2464 774 2534 ἅμα
812 2465 1032 2533 γυναιξὶ
1085 2466 1181 2519 καὶ
1222 2466 1457 2535 τέκνοις,
1504 2470 1554 2524 οἳ
1586 2487 1857 2542 στρατιω-

295 2552 399 2606 τῶν
448 2555 646 2620 πάντες
697 2551 888 2629 ἦρχον,
916 2557 1252 2626 στρατιῶται
1278 2559 1337 2614 δὲ
1370 2565 1720 2618 πεντακόσιοι
1759 2567 1856 2621 καὶ

284 2643 458 2715 χίλιοι,
492 2647 619 2701 ἐπεὶ
655 2648 725 2702 τά
761 2649 861 2721 τῆς
899 2649 1255 2721 ἀκροπόλεως
1287 2651 1446 2723 τείχη
1496 2655 1595 2709 καὶ
1634 2658 1682 2710 οἱ
1713 2657 1854 2728 πύρ-

281 2750 363 2802 γοι
388 2730 534 2807 ἦσαν
558 2738 793 2806 ἀτελεῖς,
825 2742 875 2793 ol
906 2739 1009 2808 μὲν
1055 2740 1318 2814 ἄρχοντες
1347 2744 1465 2815 ἅμα
1491 2747 1710 2814 γυναιξὶ
1759 2750 1854 2804 καὶ

274 2829 487 2893 τέκνοις
530 2831 613 2894 εἰς
662 2831 756 2885 ἕνα
798 2831 908 2887 τῶν
952 2832 1182 2913 πύργων
1219 2834 1388 2905 ὕψους
1431 2838 1633 2903 ἱκανῶς
1662 2842 1859 2913 ἔχοντα’

276 2921 541 2994 εἰσῄεσαν
567 2937 583 2953 °
613 2922 676 2975 τὸ
704 2922 754 2977 δ’
802 2914 931 2979 ἄλλο
982 2906 1094 2980 τῶν
1131 2927 1504 2999 ’στρατιωτῶν
1551 2906 1773 3009 πλῆθος,
1803 2936 1854 2988 οε

273 3013 375 3084 μὲν
422 3014 899 3085 συνελαμϐάνοντο
928 3016 1126 3072 αὐτίκα
1149 3034 1166 3052 ο
1197 3020 1246 3072 οἱ
1270 3019 1328 3074 δὲ
1380 3021 1518 3092 πρὸς
1542 3023 1643 3088 τὰς
1672 3026 1853 3090 οἰκίας

266 3104 718 3174 κατεκρύπτοντο
753 3106 901 3177 παρὰ
934 3109 1063 3172 τοὺς
1095 3094 1306 3178 φίλους.
1357 3110 1422 3167 Ol
1467 3113 1743 3184 Γερμανοὶ
1792 3117 1850 3171 δὲ

264 3194 598 3270 τὴνὲτὲραν
623 3192 770 3308 εἶχον
799 3199 1096 3271 ἀκρόπολιν
1122 3202 1246 3308 καθ’
1278 3204 1528 3271 ἑαυτοὺς,
1554 3207 1587 3279 ἢ
1617 3208 1755 3281 πρὸς
1783 3214 1848 3282 τῇ
1881 3251 1920 3308 c

266 3288 525 3361 βασιλικῇ
577 3287 889 3366 καλουμένῃ
940 3291 1086 3367 πύλῃ
1134 3289 1244 3366 ἦν’
1289 3296 1418 3351 ἄλλο
1447 3299 1503 3353 δέ
1537 3316 1589 3354 τι
1641 3300 1850 3372 πλῆθος

264 3381 746 3453 ἀχθοφορούντων,
772 3383 846 3446 ὡς
872 3383 1090 3453 ἐλέγετο
1111 3385 1255 3457 ὑπὲρ
1281 3389 1513 3460 μυρίους
1541 3390 1623 3455 δν,
1651 3394 1715 3445 ὲκ
1742 3394 1849 3448 πά-

264 3490 365 3544 σης
393 3475 498 3546 τῆς
525 3473 638 3527 ὑπὸ
674 3475 894 3547 Κράλην
916 3477 1023 3547 γῆς
1052 3478 1293 3548 ἠγμένον
1321 3480 1414 3534 ἐπὶ
1438 3482 1536 3554 τὴν
1559 3483 1850 3558 οἰκοδομὴν

264 3568 360 3637 τῆς
388 3566 777 3638 ἀκροπόλεως,
801 3567 906 3635 ἔξω
924 3567 1278 3642 αὐλιζόμενον
1299 3574 1521 3645 τειχῶν,
1546 3575 1622 3639 ὡς
1649 3576 1850 3649 ᾔσθετο

264 3661 390 3724 τοὺς
426 3658 769 3730 βαρόάρους,
788 3660 867 3715 ἔτι
894 3661 1069 3717 δοκῶν
1097 3664 1352 3733 μεγάλων
1373 3654 1619 3739 πρόσερη
1630 3672 1853 3741 ρεισμέ-

266 3768 370 3805 νων
406 3756 533 3816 τοῖς
585 3751 845 3823 τείχεσιν,
874 3754 968 3808 ἐπὶ
1005 3754 1173 3809 λίθων
1223 3757 1320 3811 καὶ
1376 3757 1479 3826 τῆς
1519 3759 1687 3831 ἄλλης
1716 3760 1848 3833 ὖλης

265 3844 527 3915 άνολκὴν,
575 3844 645 3898 δι’
689 3845 870 3902 αὐτῶν
915 3847 1248 3919 εῑσρυὲντες,
1302 3850 1646 3922 διεσώθησαν
1697 3857 1852 3920 ἐντὸς

264 3939 362 4007 τῆς
390 3937 632 4001 πόλεως.
674 3937 736 3991 Ὅ
768 3938 1023 4010 βασιλεὺς
1064 3939 1123 3994 δὲ
1175 3942 1300 3995 ἐπεὶ
1337 3943 1541 4014 ᾔσθετο
1570 3946 1673 4016 ἤδη
1706 3951 1850 4004 κατὰ

268 4030 471 4100 κράτος
498 4031 603 4103 τὴν
635 4029 791 4087 πόλιν
821 4032 1108 4105 ἐχομένην,
1138 4034 1193 4104 τη
1230 4039 1330 4091 καὶ
1368 4036 1533 4101 αὐτὸς
1576 4040 1713 4109 πρὸς
1748 4041 1850 4112 τὴν

281 4121 589 4193 ἀκρόπολιν,
610 4122 1025 4195 εὐφημούμενος
1055 4126 1160 4180 ὑπὸ
1196 4126 1306 4181 τῶν
1336 4130 1570 4183 πολιτῶν
1598 4132 1690 4184 καὶ
1719 4151 1851 4204 προ-

292 4213 628 4285 πιμπύιιενος
649 4231 664 4245 °
692 4217 983 4288 γενόμενος
1001 4217 1059 4272 δὲ
1079 4220 1219 4285 ἐκεῖ,
1251 4221 1432 4276 πάντα
1460 4222 1562 4292 μὲν
1591 4222 1849 4296 εὕρισκεν

291 4302 395 4358 ὑπό
415 4322 470 4359 τε
493 4307 585 4362 τοῦ
617 4307 795 4379 δήμου
841 4311 936 4365 καὶ
967 4311 1067 4381 τῆς
1119 4314 1381 4384 στρατιᾶς
1423 4314 1807 4388 διηρπασμένα
1829 4336 1848 4352 ·

281 4396 407 4461 τοὺς
448 4398 762 4471 βαρϐάρους
812 4401 869 4455 δὲ
916 4402 1141 4473 πέμψας
1170 4404 1436 4473 ἐκώλυσε,
1475 4407 1550 4477 μὴ
1583 4408 1850 4463 εἰσελθεῖν

274 4491 425 4556 me;
443 4493 544 4563 τῆς
563 4493 795 4561 πόλεως,
817 4495 906 4549 ἴνα
936 4497 1009 4568 μή
1040 4514 1093 4551 τι
1120 4496 1213 4550 ὑπ’
1239 4497 1420 4552 αὐτῶν
1456 4501 1843 4574 κακουργηθῇ,

1970 612 2139 667 armis
2181 613 2420 682 undique
2442 622 2866 680 concurrerunt,
2915 624 2977 669 ut
3010 629 3103 669 eos
3155 614 3541 675 defenderent.

1967 703 2013 759 si
2044 713 2290 772 possent,
2325 713 2420 761 aut
2439 705 2612 775 portis
2659 706 2806 776 apud
2854 721 3036 761 arcem
3074 708 3279 777 apertis
3311 708 3546 772 ιιιιΐιιιιοι

1967 803 2114 850 rent.
2146 795 2403 852 Barbaris
2432 804 2615 851 autem
2659 805 2811 852 extra
2854 812 3039 852 arcem
3103 798 3287 853 laatum
3339 799 3551 853 vocife-

1967 870 2236 953 rantibus,
2265 887 2450 943 statim
2483 887 2663 943 salute
2687 886 2938 944 funditus
2955 890 3270 959 desperata,
3299 890 3369 944 ab
3393 891 3552 960 cquis

1967 975 2390 1045 descendentes,
2458 993 2580 1034 eum
2641 977 2832 1033 liberis
2880 987 2937 1034 et
2999 981 3285 1045 uxoribus,
3335 980 3553 1035 ca‘leris

1968 1069 2255 1140 neglectis,
2285 1070 2340 1125 in
2362 1085 2547 1127 arcem
2579 1070 2972 1144 confugerunt.
3007 1072 3145 1128 Cum
3184 1088 3351 1144 porro
3391 1074 3552 1127 multi

1965 1169 2153 1216 essent
2183 1159 2432 1231 prmfecti
2479 1161 2718 1217 militum
2780 1163 3026 1234 (triginta
3076 1164 3335 1219 videlicet
3394 1165 3554 1218 nobi-

1968 1249 2066 1319 les,
2115 1253 2383 1310 habentes
2420 1268 2622 1311 uxores
2693 1269 2759 1310 ac
2807 1255 3035 1321 liberos,
3105 1257 3308 1312 milites
3364 1267 3549 1313 autem

1966 1326 2117 1400 inille
2138 1344 2472 1416 quingenti),
2500 1346 2764 1417 quoniam
2783 1347 2928 1404 arcis
2956 1349 3102 1403 muri
3125 1356 3178 1404 et
3210 1358 3389 1406 turres
3415 1367 3553 1406 non-

1967 1437 2098 1493 dum
2152 1451 2456 1495 extremam
2486 1457 2708 1497 manum
2751 1452 3106 1512 acceperant,
3146 1445 3391 1514 praefecti
3425 1462 3548 1501 cum

1966 1530 2294 1603 coniugibus
2362 1543 2418 1589 et
2455 1533 2580 1591 ﬁliis
2610 1534 2664 1590 in
2697 1551 2864 1591 unam
2898 1541 3092 1592 turrim
3123 1542 3259 1594 satis
3287 1542 3452 1594 altam
3492 1557 3553 1594 se

1964 1622 2298 1679 abdiderunt
2325 1642 2342 1691 ;
2372 1626 2440 1682 de
2464 1627 2733 1684 militibus
2752 1628 2844 1684 alii
2865 1630 3086 1699 quidem
3131 1647 3254 1688 mox
3302 1648 3556 1703 compre-

1966 1715 2373 1785 hendebantur,
2404 1720 2499 1775 alii
2532 1720 2585 1776 in
2617 1722 2828 1778 aedibus
2852 1724 2922 1779 ab
2973 1726 3166 1781 amicis
3199 1728 3554 1782 occultaban-

1967 1817 2079 1865 tur.
2110 1808 2377 1868 Germani
2408 1813 2641 1870 alteram
2673 1830 2883 1885 arcem,
2910 1833 3031 1887 quae
3081 1820 3147 1873 ad
3201 1829 3412 1888 portam
3461 1808 3550 1874 re?

1961 1903 2105 1975 giam
2142 1913 2284 1972 erat,
2330 1907 2432 1962 soli
2488 1908 2830 1965 tuebamur:
2874 1910 2978 1965 alia
3030 1912 3346 1977 multitudo,
3412 1930 3550 1984 ope-

1961 1996 2256 2063 rariorum,
2287 2006 2348 2054 ut
2383 1998 2689 2067 ferebatur,
2725 2002 2850 2072 plus
2874 2004 3062 2058 decem
3093 2004 3283 2068 millia,
3313 2020 3378 2061 ex
3431 2016 3549 2062 tota

1960 2085 2135 2144 Cralis
2165 2091 2451 2159 provincia
2501 2093 2570 2149 ad
2621 2094 2765 2149 areis
2819 2094 3245 2156 aediﬁcationem
3297 2099 3550 2166 collecta,

1960 2187 2115 2238 extra
2173 2197 2359 2239 muros
2392 2199 2642 2252 manens,
2697 2187 2788 2241 ubi
2838 2187 3107 2244 barbaros
3150 2191 3345 2257 sensit,
3382 2192 3550 2247 etiam

1961 2284 2075 2330 tum
2117 2277 2366 2334 trabibus
2404 2278 2622 2350 magnis
2650 2280 2717 2336 ad
2749 2294 2939 2337 muros
2970 2282 3245 2353 applicitis
3307 2285 3550 2356 (lapidi-

1959 2366 2066 2424 bus
2097 2370 2434 2441 reliquaaque
2464 2373 2711 2428 materiae
2735 2387 2957 2429 sursum
2988 2374 3328 2432 attrahenda:
3358 2377 3553 2433 videli-

1966 2467 2097 2528 cet),
2133 2475 2230 2530 per
2284 2476 2379 2517 eas
2435 2464 2491 2518 in
2546 2464 2740 2519 urbem
2771 2464 3102 2522 scandentes
3148 2466 3350 2523 servati
3396 2478 3547 2525 sunt.

1959 2549 2132 2616 Quam
2174 2562 2235 2607 ut
2268 2552 2381 2623 jam
2419 2555 2473 2608 vi
2535 2570 2601 2610 ac
2638 2556 2850 2611 virtute
2913 2567 3235 2629 occupatam
3290 2562 3550 2632 cognovit

1958 2642 2279 2712 imperator,
2347 2652 2401 2699 et
2434 2647 2552 2715 ipse
2581 2646 2647 2701 ad
2680 2662 2865 2703 arcem
2895 2648 3240 2705 acclamante
3273 2665 3337 2705 ac
3374 2651 3551 2707 dedu-

1958 2746 2117 2791 Cente
2143 2738 2344 2808 populo
2366 2737 2673 2809 profectus,
2704 2739 2781 2795 ibi
2823 2741 3011 2796 omnia
3055 2750 3113 2797 et
3143 2756 3173 2796 a
3224 2741 3383 2814 plebe
3428 2751 3486 2799 et
3516 2758 3549 2800 a

1957 2827 2224 2884 militibus
2249 2829 2458 2900 direpta
2514 2831 2776 2899 invenit;
2835 2832 3121 2905 misitque,
3153 2843 3210 2891 et
3282 2834 3550 2891 barbaros

1959 2921 2109 2974 urbis
2140 2920 2390 2992 ingressu
2418 2924 2727 2993 prohibuit,
2769 2940 2840 2980 ne
2858 2925 2993 2997 quid
3031 2925 3104 2995 ei,
3147 2934 3208 2981 ut
3242 2927 3389 2983 bello
3418 2942 3549 2999 cap-

1914 3056 1923 3066 .
1958 3014 2028 3067 tis
2056 3014 2216 3077 solet,
2248 3025 2556 3071 noceretur.
2590 3017 2801 3073 Deinde
2832 3016 3126 3087 Triballos,
3161 3020 3256 3092 qui
3294 3020 3467 3096 774
3485 3038 3548 3079 se

1958 3104 2014 3158 in
2049 3106 2243 3159 turrim
2281 3107 2666 3175 condiderant,
2711 3110 2867 3166 exire
2893 3109 3080 3179 jussit,
3115 3110 3243 3166 data
3280 3113 3388 3168 lide
3435 3130 3546 3185 pu-

1961 3196 2119 3260 blica,
2148 3197 2284 3252 nihil
2316 3199 2441 3252 mali
2485 3214 2867 3271 perpessuros.
2886 3201 2992 3269 Qui
3023 3203 3277 3274 protinus
3310 3207 3544 3278 egressi,

1957 3300 2151 3341 omnes
2177 3302 2301 3340 eum
2334 3289 2678 3357 adorarunt;
2705 3300 2869 3347 erant
2908 3291 3183 3363 siquidem
3214 3295 3379 3351 amici
3424 3312 3546 3353 om-

1955 3393 2073 3433 nes.
2106 3380 2174 3434 At
2201 3379 2457 3436 Germani
2483 3385 2707 3454 populo,
2744 3394 2800 3440 et
2843 3385 2939 3457 qui
2963 3400 3032 3442 ex
3069 3387 3390 3446 triremibus
3446 3407 3541 3447 ve-

1956 3458 2167 3539 nerant,
2191 3476 2563 3544 cataphractis
2595 3477 2958 3544 resistebant,
2993 3482 3177 3551 quoad
3243 3483 3547 3555 imperator

1953 3568 2224 3633 accessit;
2284 3576 2398 3623 tum
2466 3570 2615 3625 enim
2675 3572 2973 3628 confestim
3023 3589 3153 3631 arce
3205 3575 3423 3634 deserta
3482 3594 3544 3636 se

1952 3655 2307 3713 dediderunt.
2345 3661 2526 3730 Atque
2579 3662 2635 3716 hi
2690 3662 2794 3732 ipsi
2838 3662 2917 3718 illi
2965 3673 3150 3734 erant,
3178 3681 3319 3737 quos
3344 3668 3396 3725 ei
3431 3669 3546 3739 pri-

1955 3763 2100 3801 mum
2132 3748 2452 3807 Berrhmam
2485 3754 2695 3825 petenti
2763 3754 2955 3812 Crales
2986 3757 3168 3814 socios
3193 3758 3541 3839 adjunxerat;

1953 3840 2153 3909 quibus
2216 3852 2348 3898 tunc
2387 3843 2689 3914 imperator
2750 3862 2978 3920 magnas
3030 3847 3102 3905 de
3152 3850 3545 3911 benevolentia

1953 3932 2154 4002 gratias
2180 3933 2308 4005 egit.
2339 3934 2460 3991 Non
2490 3938 2639 3992 enim
2672 3931 2926 4009 quamvis
2956 3939 3011 3997 id
3053 3940 3244 3998 Crales
3277 3930 3536 4003 mandas-

1952 4031 2056 4086 set,
2109 4022 2516 4083 Thessalonica:
2560 4028 2617 4083 in
2691 4031 2890 4086 castris
2932 4032 3114 4103 ipsum
3146 4032 3537 4107 deseruerant,

1952 4114 2047 4169 sed
2107 4130 2208 4184 per
2255 4119 2438 4173 media
2494 4121 2780 4192 multaque
2824 4121 3146 4180 discrimina
3175 4140 3353 4196 usque
3408 4127 3542 4185 Ber-

1954 4205 2162 4261 rhoeam
2190 4210 2389 4278 cupide
2420 4211 2596 4266 secuti
2632 4211 2870 4268 fuerant.
2905 4212 3027 4280 Qua
3046 4215 3113 4270 de
3149 4231 3317 4273 causa
3362 4218 3538 4290 impe-

1950 4305 2103 4352 rator
2165 4300 2265 4354 etsi
2312 4301 2562 4371 captivos
2592 4303 2826 4375 benigne
2850 4313 2908 4360 et
2938 4305 3257 4361 humaniter
3311 4322 3410 4363 eos
3440 4309 3540 4365 ha-

1951 4391 2071 4447 buit
2101 4402 2154 4448 et
2187 4409 2312 4449 cum
2342 4396 2500 4465 equis
2538 4404 2707 4466 atque
2739 4398 2907 4453 etiam
2949 4414 3075 4454 eum
3113 4401 3303 4463 armis,
3329 4400 3538 4459 donato

1953 4486 2173 4552 viatico,
2204 4488 2271 4542 ad
2300 4488 2514 4544 Cralem
2550 4488 2778 4545 dimisit.
2813 4490 3058 4547 Caeteros
3086 4492 3291 4549 milites
3341 4510 3536 4553 omnes

269 4580 349 4645 ὥς
395 4584 625 4655 πολέμῳ
668 4586 772 4656 τῆς
809 4586 1017 4652 πόλεως
1068 4587 1396 4650 ἑαλωκυίας.
1450 4591 1685 4645 Ἔπειτα
1729 4596 1853 4668 τοῖς

1956 4588 2108 4635 extra
2159 4579 2378 4652 triginta
2432 4583 2743 4653 pra-fectus,
2806 4594 3099 4642 contentos
3156 4587 3534 4657 indumentis,

267 4674 711 4746 Τρισαλοῖς,τοῖς
740 4681 797 4734 ὲν
824 4679 901 4750 τῷ
919 4679 1113 4751 πύργῳ
1140 4682 1389 4736 ἐκέλευεν
1407 4682 1632 4752 ἐξιέναι,
1664 4683 1846 4750 δεξιὰν

270 4767 469 4836 διδοὺς,
500 4769 576 4834 ῶς
612 4771 765 4825 οὐδὲν
796 4774 923 4845 παρ’
960 4772 1125 4827 αὐτοῦ
1163 4775 1442 4829 πείσονται
1477 4777 1673 4830 δεινόν.
1705 4778 1769 4830 O't
1800 4779 1845 4831 δ’

269 4862 470 4917 αὐτίκα
505 4863 740 4931 ἐξιόντες
774 4866 1142 4935 προσεκύνουν
1168 4883 1184 4900 ⁸
1223 4869 1423 4933 πάντες
1460 4871 1571 4939 γὰρ
1600 4870 1710 4922 τῶν
1753 4869 1846 4940 φί-

269 4950 377 5005 λων
424 4948 592 5024 ἦσαν.
640 4955 911 5026 Γερμανοὶ
963 4957 1020 5010 δὲ
1071 4959 1317 5028 ἀντεῖχον
1351 4959 1490 5029 πρὸς
1545 4959 1637 5012 τὸν
1674 4959 1845 5030 δῆμον

271 5044 365 5098 καὶ
381 5046 512 5111 τοὺς
531 5049 599 5100 ἐκ
617 5048 725 5102 τῶν
745 5049 1016 5121 τριήρεων
1041 5050 1266 5115 ὁπλίτας
1285 5054 1659 5123 μαχομένους,
1687 5053 1845 5123 ἄχρις

272 5128 331 5186 οὗ
356 5136 617 5204 βασιλεὺς
642 5137 856 5204 ἐγένετο
875 5138 969 5192 καὶ
995 5140 1131 5210 πρὸς
1158 5140 1356 5206 αὐτούς
1384 5159 1398 5175 ο
1428 5143 1629 5195 αὐτίκα
1659 5143 1716 5195 δὲ
1746 5144 1843 5196 καὶ

273 5224 421 5280 αὐτοὶ
438 5227 763 5293 ἐκλιπόντες
781 5229 879 5299 τὴν
907 5231 1203 5302 ἀκρόπολιν
1225 5233 1639 5304 προσεχώρουν.
1658 5231 1846 5288 *Ησαν

271 5316 320 5371 δὲ
344 5321 570 5387 ἐκεῖνοι,
602 5322 653 5374 οἳ
703 5322 839 5392 μετά
873 5322 1159 5393 βασιλέως,
1194 5326 1282 5380 ὅτε
1323 5328 1459 5397 πρὸς
1495 5328 1761 5400 Βέρροιαν
1782 5328 1846 5381 τὸ

272 5412 477 5477 πρῶτον
499 5410 607 5487 ἧκε
632 5413 828 5484 Κράλη
858 5417 1286 5485 προστάττοντος
1325 5419 1842 5490 συνεστρατεύοντο,

268 5497 344 5566 οἷς
378 5504 408 5557 ὁ
443 5503 713 5574 βασιλεὺς
759 5508 1005 5576 μεγάλας
1030 5509 1147 5581 ᾔδει
1177 5512 1407 5583 χάριτας
1438 5514 1540 5583 τῆς
1573 5514 1654 5578 εἰς
1681 5513 1845 5566 αὐτὸν

264 5595 473 5659 εὐνοίας
504 5596 635 5649 τότε
657 5610 675 5627 ο
710 5600 772 5649 οὗ
805 5600 916 5671 γὰρ
950 5600 1273 5672 ὑπέμειναν,
1305 5605 1486 5659 καίτοι
1517 5605 1624 5659 ὑπὸ
1650 5606 1844 5677 Κράλη

260 5688 638 5758 κελευόμενοι,
672 5687 923 5741 ἐκλιπεῖν
954 5692 1115 5746 αὐτὸν
1161 5696 1220 5748 ὲν
1262 5695 1639 5770 Θεσσαλονίκῃ
1680 5713 1847 5766 στρα-

256 5783 572 5854 τευόμενον,
610 5779 754 5834 ἀλλὰ
788 5781 969 5837 καίτοι
1026 5784 1238 5840 πολλῶν
1260 5787 1525 5845 κινδύνων
1554 5791 1846 5861 περισχόν-

254 5892 372 5945 των,
406 5878 573 5948 ὅμως
627 5873 761 5947 ἄχρι
790 5874 1058 5947 Βερῤοιας
1087 5876 1305 5934 εἵποντο
1344 5881 1666 5955 προθύμως.
1702 5883 1779 5936 Δι’
1808 5882 1845 5938 ἃ

1953 4672 2186 4742 pedibus
2215 4674 2367 4730 abire
2419 4677 2640 4731 domum
2718 4678 2927 4747 voluit;
2980 4680 3108 4752 equi
3176 4697 3418 4755 namque
3465 4685 3537 4741 ab

1949 4764 2198 4820 exercitu
2230 4766 2428 4837 direpti
2455 4777 2654 4835 erant;
2696 4770 2961 4841 reliquam
3003 4773 3322 4841 colluviem,
3376 4775 3538 4848 baju-

1950 4856 2128 4912 lorum
2185 4860 2444 4913 nimirum
2519 4876 2584 4915 ac
2644 4862 2946 4931 fossorum,
3009 4865 3225 4937 longius
3257 4868 3327 4923 ab
3373 4868 3534 4935 urbe,

1945 4949 2098 5017 jussu
2129 4950 2478 5017 imperatoris
2508 4953 2826 5019 abductam,
2864 4972 2935 5012 ne
2965 4973 2996 5013 a
3030 4958 3282 5015 barbaris
3326 4961 3534 5031 spolia-

1952 5048 2162 5103 rcntur,
2232 5042 2432 5097 milites
2469 5043 2829 5099 dimiserunt.
2888 5045 3026 5101 Cum
3092 5057 3276 5104 autem
3330 5058 3386 5104 et
3435 5050 3539 5105 tri-

1948 5133 2099 5199 ginta
2128 5131 2252 5187 illos
2288 5133 2590 5191 honoriﬁce
2615 5137 2780 5191 vellet
2831 5137 3136 5205 dimittere,
3190 5154 3250 5194 se
3305 5142 3536 5198 retineri

1952 5235 2303 5294 regaverunt,
2333 5243 2399 5281 ne
2417 5230 2560 5298 apud
2591 5231 2837 5295 ipsorum
2864 5230 3170 5301 principem
3196 5248 3295 5301 per
3315 5234 3535 5290 calum-

1950 5316 2096 5370 niam
2145 5328 2559 5385 accusarentur,
2623 5335 2855 5392 seseque
2912 5324 3160 5380 volentes
3218 5340 3343 5380 cum
3397 5326 3537 5383 urbe

1952 5409 2244 5466 tradidisse
2282 5411 2627 5467 viderentur.
2677 5411 2846 5469 Paulo
2882 5424 3007 5486 post
3037 5416 3127 5472 alii
3171 5418 3391 5488 quidem
3433 5420 3537 5475 do-

1949 5517 2070 5556 mos
2121 5517 2252 5559 suas
2299 5506 2652 5568 imperatoris
2686 5509 2955 5577 permissu
3006 5519 3324 5580 petiverunt
3366 5510 3532 5575 ;aliis

1950 5595 2075 5667 fuga
2101 5597 2627 5667 placuit;nonnulli
2676 5601 3124 5658 Thessalonicam
3172 5603 3349 5666 ducti,
3406 5602 3537 5658 inde

1950 5690 2271 5762 fugiebant;
2308 5708 2416 5748 nec
2457 5694 2613 5749 enim
2644 5697 2700 5750 in
2746 5697 3078 5751 carceribus
3121 5693 3535 5752 concludeban—

1952 5792 2063 5851 tur,
2089 5786 2186 5841 sed
2219 5785 2289 5841 in
2306 5788 2660 5845 monasteriis
2695 5789 2816 5844 sine
2868 5788 3105 5843 vinculis
3141 5784 3535 5842 custodieban-

1955 5888 2064 5936 tur.
2106 5880 2259 5937 Talia
2318 5881 2461 5954 apud
2514 5883 2832 5941 Bcrrhaaam
2888 5880 3224 5946 acciderunt,
3287 5877 3536 5933 feliciora
3620 5886 3632 5899 ‘
