4028 6476
495 409 594 474 M3

1688 413 2012 474 JOANNIS
2052 412 2577 474 CANTACUZENI

3638 407 3746 476 Ill

468 528 796 596 imperatore
830 538 992 594 quam
1039 524 1246 595 sperari
1281 530 1523 594 poterat,
1577 531 1632 580 et
1683 533 1761 580 tot
1813 525 2054 580 hostium

2176 527 2341 597 ιύτοῖς
2385 529 2413 579 ὀ
2467 523 2744 595 βασιλεὺς,
2800 519 2978 576 καίτοι
3037 517 3407 592 αἰχμαλώτοις
3441 525 3744 594 γεγενημέ-

478 631 590 670 uno
621 617 711 670 die
737 616 944 670 victore
993 629 1057 671 ac
1084 614 1334 681 domino,
1380 616 1501 671 sine
1551 616 1838 686 sanguine.
1882 615 2079 682 Nemo,

467 712 614 762 enim
662 710 739 763 vel
773 711 1073 774 Romanus,
1106 710 1191 764 vel
1223 708 1500 763 Triballus
1555 709 1856 773 occubuit;
1908 721 2054 761 unus

473 805 742 854 barbarus
785 818 814 854 a
849 801 1111 856 Romanis
1143 805 1506 872 interemptus
1538 802 1884 855 narrabatur.
1912 799 2050 854 Bar-

470 896 606 960 bari,
645 907 930 964 postquam
964 911 1028 949 ex
1071 895 1207 949 urbe
1243 905 1397 964 capta
1442 894 1576 948 nihil
1613 893 1924 963 praedarum
1958 908 2050 947 ac-

468 988 773 1054 quisiernnt
791 988 915 1058 (nec
943 987 1088 1041 enim
1113 1002 1208 1041 eos
1232 987 1529 1057 imperator
1545 985 1760 1040 sinebat
1790 983 2054 1054 ingredi),

475 1081 784 1148 subjectam
815 1080 957 1134 Crali
987 1080 1262 1150 regionem
1289 1087 1343 1132 ut
1372 1079 1472 1133 sibi
1524 1080 1810 1132 incursare
1865 1078 2058 1132 liceret

476 1179 796 1224 oraverunt.
839 1170 1197 1224 Permittente
1256 1171 1606 1239 imperatore,
1637 1169 1743 1222 vint
1773 1167 2063 1222 maximam

475 1264 712 1331 pecoris,
744 1263 994 1318 homines
1026 1277 1227 1332 paucos
1265 1259 1590 1332 abegerunt,
1619 1261 1764 1330 quod
1804 1260 1883 1314 illi
1929 1274 2063 1328 opa-

2157 636 2268 681 νοις
2309 618 2532 689 ήμὲρως
2566 617 2841 687 ἐχρήσατο
2865 615 2960 668 καὶ
2984 614 3298 684 προσηνῶς,
3330 615 3426 668 καὶ
3455 616 3598 671 ὅπλα
3641 637 3751 671 πα-

2156 710 2513 780 ρασχόμενος,
2543 708 2640 761 καὶ
2671 707 2892 772 ἵππους,
2930 707 3012 760 ἔτι
3059 706 3116 760 δὲ
3164 706 3262 761 καὶ
3283 708 3551 779 ἀργύριον
3578 727 3752 780 προσ-

2154 801 2290 863 θεὶς,
2348 800 2678 868 ἀπέπεμπεν
2739 799 2832 850 ἐπὶ
2882 799 3132 868 Κράλην.
3201 800 3346 863 Τοὺς
3403 801 3460 854 δὲ
3551 802 3752 866 ἄλλους

2158 892 2497 960 στρατιώτας
2527 893 2796 955 ἅπαντας,
2816 889 2956 960 πλὴν
2986 891 3284 961 τριάκοντα
3307 892 3416 945 τῶν
3441 893 3748 962 ἀρχόντων,

2157 983 2570 1052 ἠμφιεσμένους
2595 983 2817 1036 ἐκέλευε
2839 982 2975 1054 πεζῇ
2997 984 3304 1054 ἀναχωρεῖν
3322 986 3404 1047 είς
3425 988 3525 1054 τὴν
3542 987 3753 1039 οίκίαν⁶

2158 1076 2208 1128 ol
2240 1077 2348 1145 γάρ
2377 1075 2535 1128 ἵπποι
2565 1075 2989 1146 διηρπάσθησαν
3039 1075 3142 1128 ὑπὸ
3171 1079 3270 1144 τῆς
3305 1079 3570 1146 στρατιᾶς
3596 1094 3611 1109 ·
3648 1081 3755 1132 καὶ

2157 1166 2218 1219 τὸ
2245 1167 2372 1221 ἄλλο
2403 1167 2608 1236 πλῆθος
2643 1167 2792 1221 ἅπαν
2823 1168 2883 1220 τὸ
2923 1167 3290 1238 ἀχθοφορικὺν
3330 1170 3378 1222 οἱ
3414 1172 3758 1240 στρατιῶται

2168 1260 2387 1329 μακράν
2431 1261 2532 1328 τῆς
2582 1260 2791 1324 πόλεως
2833 1261 3241 1330 ἀπαγαγόντες,
3288 1263 3522 1317 ἀπέλυον
3564 1264 3763 1316 κελεύ-

477 1357 558 1408 cis
587 1370 650 1409 ac
683 1355 983 1410 nemorosis
1013 1353 1146 1408 locis
1176 1353 1335 1408 facile
1368 1366 1558 1407 eorum
1598 1367 1790 1406 manus
1853 1348 2065 1421 etl‘uge-

481 1449 625 1502 re'nl.

2166 1369 2358 1416 σαντος
2396 1353 2680 1422 βασιλέως,
2714 1354 2798 1407 ἵνα
2853 1354 2930 1424 μὴ
2985 1354 3092 1408 ὑπὸ
3137 1354 3246 1408 τῶν
3277 1355 3571 1428 βαρϐάρων
3595 1357 3763 1426 διαρ-

2169 1443 2472 1496 πασοῶσιν.
2499 1446 2562 1496 Oi
2591 1447 2886 1515 τριάκοντα
2911 1445 2968 1498 δὲ
2999 1445 3264 1513 βασιλέως
3295 1448 3532 1516 ἐντίμως
3559 1447 3761 1516 βουλο-

481 1540 641 1606 μένου
677 1537 956 1605 ἀπολύειν,
980 1537 1282 1610 έδεήθησαν
1311 1537 1663 1608 κατέχεσθαι,
1689 1537 1777 1591 ῖνα
1811 1535 1886 1606 μὴ
1911 1535 2048 1608 πρὸς
2085 1536 2179 1589 τὸν
2216 1537 2477 1607 σφέτερον
2528 1538 2796 1609 δυνάστην
2857 1538 3245 1609 διαϐληθῶσιν,
3273 1540 3349 1604 ὡς
3393 1541 3462 1592 τά
3487 1539 3762 1611 βασιλέως

477 1633 768 1701 ᾑρημένοι,
799 1634 895 1688 καὶ
924 1634 1143 1696 ἑκόντες
1169 1634 1339 1697 δντεςξ
1363 1632 1556 1698 δόξωσι
1595 1631 1734 1700 σφᾶς
1775 1647 1835 1683 τε
1905 1631 2355 1700 παραδεδωκέναι
2438 1632 2539 1683 καὶ
2577 1633 2676 1702 τὴν
2710 1631 2885 1684 πόλιν.
2942 1632 3097 1684 Μετά
3147 1632 3343 1704 μικρὸν
3406 1633 3486 1698 δὲ,
3523 1634 3579 1704 oi
3645 1634 3758 1700 μὲν

476 1699 724 1795 ἀπῄεσαν
752 1728 830 1789 είς
855 1728 953 1788 τὰς
985 1727 1161 1788 οἰκίας
1193 1724 1456 1793 βασιλέως
1485 1699 1900 1792 ἐπιτρέποντος,
1928 1699 2045 1774 οίνδ”
2080 1722 2298 1774 ἐδόκουν
2365 1699 2769 1790 διαδιδράσκειν
2797 1737 2811 1752 ·
2847 1721 2981 1775 ἔνιοι
3043 1723 3100 1775 δὲ
3133 1699 3314 1776 αὐτῶν
3359 1699 3626 1794 diem};
3649 1699 3764 1785 ei;

479 1823 905 1892 Θεσσαλονίκην,
954 1822 1162 1875 ἐκεῖθεν
1202 1821 1643 1889 άπεδίδρασκον’
1673 1819 1733 1870 οὑ
1793 1817 1902 1887 γὰρ
1967 1819 2026 1870 ὲν
2086 1817 2486 1887 δεσμωτηρίοις
2527 1818 2929 1884 κατεκλείοντο,
2958 1817 3073 1870 ἀλλ’
3101 1818 3160 1871 ὲν
3196 1820 3584 1888 μοναστηρίοις
3628 1817 3766 1873 ἀδερ

480 1933 562 1969 τοι
594 1916 753 1984 μόνον
783 1912 1168 1986 ἐφρουροῦντο.
1202 1910 1440 1964 Τοιαῦτα
1498 1911 1596 1980 μὲν
1649 1911 1718 1962 τὰ
1757 1909 1893 1978 πρὸς
1958 1910 2225 1978 Βέρῤοιαν
2251 1909 2558 1978 συνηνέχθη
2587 1909 2845 1978 κρείττω,
2875 1911 3057 1978 πάσης
3113 1909 3331 1972 ἐλπίδος
3379 1911 3767 1981 εὐτυχηκότος

484 2008 768 2079 βασιλέως,
823 2008 920 2062 καὶ
969 2008 1026 2059 ὲν
1074 2006 1260 2076 ἡμέρᾳ
1311 2004 1410 2074 μιᾷ
1447 2002 1720 2056 τοσούτων
1775 2001 2052 2070 πολεμίων
2091 2001 2368 2070 ἀναιμωτὶ
2435 2001 2629 2072 κυρίου
2696 2004 3090 2072 γεγενημένου.
3134 2003 3379 2084 Τέθνηκε
3424 2002 3533 2074 γάρ
3571 2001 3763 2066 οὐδεὶς

483 2099 608 2154 οὔτε
643 2101 958 2170 Ῥωμαίων,
989 2096 1113 2151 οὕτε
1144 2095 1428 2168 Τριϐαλῶν
1452 2094 1588 2164 πλὴν
1645 2093 1764 2155 ἐνὸς
1825 2092 2126 2162 βαρῦἀρου,
2166 2092 2421 2144 κάκείνου
2453 2091 2527 2155 ὡς
2559 2091 2776 2159 ἐλέγετο
2808 2092 2913 2145 ὐπδ
2955 2079 3650 2165 Ῥωμαίωνάἆῃρημένου.
3687 2096 3762 2148 0E

483 2190 749 2261 βάρϐαροι
776 2192 832 2244 δὲ
868 2190 1002 2259 ἐπεὶ,
1023 2190 1087 2243 ὲκ
1119 2190 1219 2259 τῆς
1251 2187 1506 2250 ἁλώσεως
1543 2186 1642 2254 τῆς
1669 2180 1877 2248 πόλεως
1907 2185 2058 2238 οὐδὲν
2098 2184 2387 2239 ἀπώναντο
2411 2200 2424 2216 ο
2490 2182 2552 2236 οὐ
2617 2185 2725 2255 γὰρ
2756 2185 2941 2238 είασεν
2960 2187 2988 2238 ὀ
3013 2184 3266 2257 βασιλεὺς
3290 2185 3441 2249 ἐντὸς
3463 2184 3764 2254 γενέσθαι·

482 2287 582 2354 τὴν
613 2284 985 2353 ὑποκειμένην
1056 2281 1244 2355 Κράλῃ
1279 2279 1464 2350 χώραν
1532 2277 1833 2348 ἐδεήθησαν
1901 2278 2296 2348 καταδραμεῖν,
2335 2278 2430 2331 καὶ
2481 2277 2749 2347 βασιλέως
2802 2279 3219 2349 ἐπιτρέψαντος,
3281 2279 3627 2350 κατέδραμόν
3672 2265 3783 2350 τε,

485 2378 576 2431 καὶ
612 2376 764 2429 λείαν
798 2375 1008 2444 ἤλασαν
1039 2373 1258 2443 ζπολλὴν
1301 2371 1535 2441 μάλιστα
1573 2371 1637 2421 ὲκ
1707 2368 2098 2439 βοσκημάτων,
2133 2367 2440 2439 ἀνθρώπων
2504 2369 2562 2422 δὲ
2601 2369 2821 2440 ὀλίγων.
2881 2370 3234 2443 Συνηρεφοῦς
3287 2371 3396 2443 γάρ
3448 2371 3604 2438 ὄντος
3653 2374 3766 2429 τοῦ

483 2474 648 2527 τόπου
679 2471 773 2524 καὶ
803 2467 1136 2540 λοχμώδους,
1171 2466 1369 2538 ῥαδίως
1409 2464 1800 2534 διεδίδρασκον.

1818 2603 1980 2676 775
2021 2603 2251 2663 CAPUT
2287 2605 2432 2663 XIX.

491 2703 747 2758 Edessam
780 2704 1130 2773 proﬁciscitur
1181 2705 1492 2774 imperator,
1548 2718 1702 2773 quem
1754 2719 1868 2771 spes
1917 2703 2095 2772 fallit;
2147 2703 2438 2768 naturalis,
2480 2712 2527 2757 et
2577 2703 2638 2758 ab
2691 2713 2808 2758 arte
2845 2703 2992 2759 illius
3041 2703 3219 2773 oppidi
3247 2704 3490 2761 munitio.
3523 2704 3566 2760 Α
3604 2713 3768 2759 rata-

559 2774 1142 2846 phractiquuibasda‘m
1171 2777 1240 2828 ad
1269 2776 1710 2846 oppugnationem
1738 2775 2017 2846 incitatur,
2067 2775 2252 2843 quibus
2303 2775 2624 2844 obsequitur,
2655 2791 2872 2844 eamque
2921 2777 3082 2846 capit.
3132 2774 3272 2840 Quid
3301 2784 3415 2845 post
3443 2784 3654 2846 captam
3684 2777 3769 2830 ibi

559 2842 745 2916 egerit.
780 2842 1010 2916 Deditid
1030 2842 1261 2916 plurium
1305 2842 1809 2916 appidulorumtrln
1844 2843 2054 2896 Servios
2082 2842 2348 2912 expeditio
2378 2862 2396 2908 ;
2423 2842 2602 2914 oppidi
2633 2842 2932 2916 descriptio.

3012 2847 3218 2914 rtefecto
3249 2847 3624 2915 persuadetur,
3677 2847 3766 2899 uti

561 2915 878 2968 obsidionem
935 2913 1341 2986 toleret._qutra
1375 2917 1568 2986 maznia
1611 2913 1933 2977 habitantes,
1966 2931 2020 2986 se
2058 2917 2366 2986 imperatori
2392 2913 2633 2986 Adtdunt.
2673 2913 2834 2968 Multi
2865 2917 2920 2967 in
2970 2913 3162 2986 oppido
3195 2913 3360 2970 eidem
3395 2915 3608 2986 favent;
3637 2917 3762 2986 ejus

512 3000 514 3002 '
559 2986 901 3058 oppugnatio.
936 2985 974 3038 Α
1006 2983 1342 3058 nobilissimis
1405 2985 1638 3058 u_rbibus,
1691 2992 1737 3036 et
1783 2986 1898 3058 ipsa
1955 2983 2166 3058 διορίᾳ,
2197 2985 2317 3058 sede
2367 2984 2565 3058 Cra_lis,
2615 2987 2920 3058 accersitur,
2969 2983 3279 3058 'de'ditioque
3321 2983 3673 3054 promittitur;
3709 2985 3757 3040 Α

559 3053 798 3125 dynastis
836 3068 1040 3124 quoque
1069 3053 1378 3108 adtocatur.
1417 3053 1619 3108 Eorum
1652 3060 1754 3106 duo
1787 3055 1854 3106 ad
1884 3069 2003 3106 eum
2034 3053 2422 3124 transfugiunt.
2455 3054 2877 3108 Thessalonicam
2911 3053 3230 3124 regreditur.

559 3169 863 3238 Imperator
894 3177 1037 3222 statu
1096 3169 1535 3224 Berrlneensium
1593 3185 1775 3223 rertun
1833 3184 1898 3224 ex
1939 3185 2064 3225 sen-

2241 3171 2504 3232 Βασιλεὺς
2560 3172 2617 3224 δὲ
2651 3172 2774 3224 ἐπεὶ
2820 3172 2889 3226 τά
2941 3176 3081 3228 κατά
3116 3175 3383 3248 Βέρῤοιαν
3438 3169 3774 3250 ᾖὲὸούλετο

492 3260 660 3316 tentia
719 3261 974 3323 formato,
1031 3261 1291 3315 Edessam
1359 3262 1566 3332 majore
1623 3277 1747 3318 cum
1823 3263 2064 3334 agmine,

490 3369 651 3422 quam
689 3351 1002 3407 Berrltmam
1036 3362 1280 3419 venerat,
1332 3355 1617 3421 discessit;
1683 3357 1838 3411 multi
1895 3348 2098 3426 siqui?

492 3444 617 3497 dem
659 3442 824 3496 etiam
871 3440 1129 3495 Berrltma
1161 3457 1219 3496 se
1268 3443 1650 3513 adjunxerant.
1689 3444 2072 3501 Verumtamen

495 3550 600 3587 non
674 3541 876 3586 tantam
958 3530 1012 3584 in
1049 3533 1403 3600 praesentibus
1443 3536 1634 3605 copiis,
1693 3545 1950 3605 quantam
2017 3538 2070 3590 in

495 3624 705 3678 r-ivibus
735 3622 1024 3677 Edesscnis
1077 3625 1548 3692 praestantioribus
1599 3627 1750 3681 urbis
1793 3628 2073 3696 capienda:

498 3717 749 3772 ﬁduciam
791 3717 1110 3787 reponebat,
1161 3731 1295 3786 quos
1328 3718 1507 3772 statim
1549 3718 1615 3772 ad
1655 3734 1713 3772 se
1740 3719 2070 3784 defeeturos,

498 3809 843 3877 reliquosque
878 3823 1065 3862 secum
1107 3815 1376 3862 traeturos
1428 3807 1753 3863 conﬁdebat.
1803 3807 2072 3863 Creterum

498 3916 588 3954 res
639 3900 797 3970 longe
834 3915 994 3953 secus
1071 3901 1400 3969 omninoque
1451 3900 1713 3954 adversus
1763 3901 2073 3969 Opinionem

501 3992 705 4046 evenit.
777 3989 910 4046 Nam
961 3999 1014 4046 et
1065 3991 1165 4061 ipsi
1229 3991 1404 4061 palam
1436 4007 1494 4047 se
1547 3992 1795 4046 inimicos
1852 3994 2074 4062 proﬁte-

501 4083 722 4145 bantur,
762 4092 815 4136 et
850 4082 1121 4137 inﬁrmam
1175 4082 1392 4154 plebem
1433 4084 1626 4138 eodem
1653 4084 1981 4149 incitabant,
2013 4101 2077 4140 ac

503 4185 710 4230 stantes
738 4191 839 4244 pro
873 4176 1062 4238 muris,
1092 4175 1146 4229 in
1183 4175 1566 4246 imperatorem
1613 4177 2075 4232 conviciisincur—

506 4268 721 4331 rebant,
775 4269 1002 4334 aientes,
1036 4267 1192 4323 valde
1245 4269 1558 4338 imperitum
1588 4283 1727 4333 esse,
1757 4269 1901 4338 quod
1950 4283 2075 4324 cum

502 4358 647 4412 Crali
684 4358 840 4428 logge
889 4357 1093 4426 majore
1148 4373 1270 4412 cum
1325 4359 1568 4414 exercitu
1623 4360 1859 4414 sedecim
1918 4361 2076 4414 annis

503 4450 803 4515 obsidenti,
858 4449 1103 4519 nihilque
1154 4451 1484 4520 proﬁcienti,
1531 4465 1590 4504 se
1651 4451 1852 4505 dedere
1883 4451 2076 4504 nolue-

2173 3264 2406 3334 διῴκει,
2454 3264 2677 3337 Ἐδέσσῃ
2733 3267 3175 3335 ἐπεστράτευσε,
3227 3268 3449 3332 πλείους
3497 3269 3687 3336 ἄγων,
3728 3270 3770 3342 ἢ

2175 3349 2415 3420 Βερῤοἰᾳ
2481 3352 2673 3406 ἐπιών.
2735 3354 2850 3406 Ούκ
2893 3353 3062 3421 ὀλίγοι
3115 3357 3224 3428 γάρ
3281 3358 3418 3427 πρὸς
3473 3359 3585 3421 τοῖς
3631 3355 3774 3413 οὖσι

2178 3443 2496 3496 συνείποντο
2531 3445 2624 3496 καὶ
2675 3445 2739 3497 ἐκ
2791 3445 3095 3516 Βερροίαςο
3165 3448 3224 3500 ού
3270 3448 3457 3517 μέντοι
3497 3447 3775 3504 τοσοῦτον

2175 3535 2316 3603 πρὸς
2373 3536 2472 3601 τὴν
2515 3537 2729 3606 αἵρεσιν
2772 3537 2872 3606 τῆς
2899 3539 3111 3601 πόλεως
3150 3540 3381 3611 ἐθάρρει
3412 3543 3480 3611 τῇ
3514 3541 3768 3614 συνούσῃ

2177 3627 2426 3695 στρατιᾷ,
2483 3627 2607 3678 ὅσον
2650 3627 2984 3698 Ἐδεσσηνῶν
3022 3632 3134 3692 τοῖς
3167 3631 3416 3694 δυνατοῖς
3438 3670 3454 3696 ,
3485 3632 3579 3694 οὓς
3611 3632 3770 3702 ᾤετο

2177 3717 2378 3769 αὐτίκα
2411 3719 2856 3789 προσχωρήσειν,
2888 3722 2981 3774 καὶ
3007 3721 3098 3774 τὸν
3131 3721 3292 3774 ἄλλον
3324 3720 3498 3792 δῆμον
3529 3723 3769 3778 πείσαν-

2177 3826 2273 3870 τας
2302 3824 2317 3840 ⁶
2355 3810 2403 3860 οί
2461 3810 2516 3862 δὲ
2565 3811 2874 3864 τούναντίον
2909 3811 3054 3865 ἆπαν
3099 3811 3384 3882 ὤφθησαν,
3429 3815 3573 3884 ἢπερ
3615 3812 3769 3884 ᾤετο

2176 3901 2512 3970 ὀβασιλεύς.
2570 3905 2646 3956 Οὐ
2696 3903 2858 3973 μόνον
2922 3905 3032 3973 γὰρ
3091 3905 3247 3957 αὐτοὶ
3309 3906 3561 3975 πολέμιοι
3609 3901 3768 3976 ἦσαν

2179 3995 2452 4064 φανερῶς,
2507 3996 2646 4049 ἀλλά
2704 3998 2799 4049 καὶ
2832 3997 2923 4049 τὸν
2949 3998 3120 4068 δῆμον
3155 3998 3396 4064 ἔπειθον,
3426 3999 3666 4062 ἑστῶτές
3698 4018 3770 4055 τε

2177 4089 2285 4140 ἀπὸ
2323 4089 2432 4138 τῶν
2486 4089 2684 4158 τειχῶν
2717 4089 3082 4142 ἀπέσκωπτον
3138 4090 3218 4152 είς
3267 4088 3516 4159 βασιλέα,
3544 4090 3766 4164 πολλὴν

2179 4175 2344 4230 αὑτοῦ
2369 4178 2668 4244 φάσκοντες
2695 4178 3128 4246 καταγινώσκειν
3145 4180 3426 4250 ἀπειρίαν,
3464 4183 3511 4233 εί
3557 4179 3766 4253 Κράλη

2182 4269 2320 4340 μετά
2369 4270 2772 4323 πολλαπλασίου
2833 4271 3097 4340 στρατιᾶς
3146 4273 3204 4324 έν
3262 4272 3562 4326 ἑκκαίδεκα
3596 4272 3758 4326 ἔτεσι

2179 4361 2618 4433 πολιορκοῦντος,
2669 4363 2766 4416 καὶ
2811 4363 2970 4416 πλέον
3023 4363 3177 4416 οὐδὲν
3240 4363 3426 4417 ἀνύειν
3495 4363 3771 4432 δυνηθέν-

2179 4471 2269 4517 τος
2341 4457 2404 4508 ἑκ
2461 4455 2568 4507 τῶν
2664 4455 2844 4507 ὃπλων
2879 4495 2893 4518 ,
2961 4455 3010 4506 εί
3069 4456 3143 4524 μὴ
3205 4455 3425 4518 ἑκόντες
3478 4456 3774 4527 προσεχώ-

508 4545 638 4603 rint.
694 4544 810 4612 ipse
841 4558 1010 4626 parvo
1041 4543 1218 4613 spatio
1247 4559 1373 4598 cum
1428 4553 1537 4598 tam
1587 4544 1826 4612 pauxillo
1856 4543 2074 4612 agmine

2187 4563 2353 4615 ρουν,
2413 4547 2571 4610 αὐτὸς
2633 4546 2862 4616 ἧλπισεν
2915 4549 2976 4598 ὲν
3028 4545 3221 4616 βραχεῖ
3293 4526 3775 4618 περιγενήσεσθαι

510 4651 606 4687 eos
638 4634 969 4688 domiturum
1015 4643 1280 4705 speraret.
1341 4636 1638 4703 Imperator
1664 4634 1796 4688 urbe
1850 4649 1908 4688 se
1965 4633 2083 4687 fru-

507 4727 663 4779 strari
707 4727 901 4790 doluit,
961 4735 1014 4781 et
1062 4725 1449 4797 Oppugnationi
1513 4738 1637 4778 mox
1704 4722 2012 4793 desperavit
2068 4739 2082 4776 :

506 4833 618 4870 non
671 4818 848 4872 solum
897 4819 1023 4886 quia
1083 4827 1275 4872 natura
1341 4832 1616 4886 manuque
1672 4816 1880 4869 munita
1939 4822 2086 4870 esset

511 4910 820 4978 (plusquam
875 4911 1154 4964 dimidiata
1187 4909 1330 4964 enim
1370 4909 1488 4962 lacu
1538 4909 1896 4971 circumdata,
1975 4906 2080 4960 bo-

519 5005 698 5060 Stibus
750 5006 1023 5060 inaccessa
1091 5015 1213 5068 est,
1279 5021 1406 5074 pars
1437 5004 1644 5072 reliqua
1680 5002 1852 5056 muris
1914 5001 2085 5055 multo

515 5098 870 5164 ﬁrmissimis,
905 5108 958 5152 et
989 5100 1162 5154 vastis
1213 5097 1478 5161 turribus,
1506 5094 1703 5149 alicubi
1750 5095 1913 5148 etiam
1947 5108 2087 5164 pra!-

512 5189 714 5258 cipttiis
744 5197 800 5244 ct
843 5190 1067 5243 vallibus
1147 5188 1429 5258 imperviis
1489 5186 1787 5256 cingitur),
1829 5187 1923 5242 sed
1957 5187 2084 5256 quia

512 5279 638 5332 item
672 5297 778 5332 non
812 5281 1025 5333 modica
1062 5278 1426 5332 Triballorum
1464 5292 1656 5349 manus
1685 5291 1806 5330 eam
1848 5276 2085 5345 praesidii

516 5387 678 5425 causa
733 5373 1004 5426 insidebat
1047 5389 1060 5426 :
1099 5373 1184 5425 cui
1241 5380 1475 5440 quatuor
1507 5370 1646 5438 apud
1695 5385 1790 5423 eos
1844 5369 2084 5424 illustres

517 5472 808 5533 pra-erant,
847 5477 986 5530 quos
1016 5461 1162 5515 cives
1190 5462 1524 5530 potentiores
1574 5460 1901 5530 adjuvabant
1950 5471 2088 5513 stre-

517 5570 646 5607 nue.
706 5552 1071 5605 Nihilominus
1117 5563 1332 5605 noctem
1365 5552 1434 5606 ibi
1486 5549 1836 5613 manendum,
1889 5548 2088 5619 postri-

518 5650 717 5715 dieque
801 5645 1239 5706 discedendum,
1317 5661 1417 5699 nec
1485 5646 1538 5698 in
1608 5644 1673 5697 iis
1740 5659 1861 5712 qua:
1946 5642 2084 5696 eﬂlci

521 5743 809 5811 nequirent
869 5739 1249 5808 aggrediundis
1281 5750 1494 5807 tempus
1531 5737 1926 5792 eonterendum
1971 5744 2083 5788 sta-

522 5835 644 5889 tuit.
699 5833 752 5885 In
809 5846 969 5899 quam
1021 5832 1341 5898 εριιις-ιιιξηιη
1421 5841 1473 5884 et
1545 5843 1798 5898 proceres
1857 5826 2084 5881 Romani

2186 4635 2478 4699 τοσούτους
2534 4637 2704 4705 ἄγων.
2774 4637 3038 4699 Βασιλεὺς
3091 4636 3149 4690 δὲ
3205 4635 3403 4708 ἤχθετο
3460 4637 3561 4709 μὲν
3622 4639 3776 4706 πρὸς

2185 4727 2284 4797 τὴν
2321 4729 2622 4798 ἀποτυχίαν
2675 4729 2772 4798 τῆς
2814 4727 3044 4790 πόλεως·
3079 4727 3278 4782 αὐτίκα
3307 4745 3368 4782 τε
3414 4729 3776 4797 ἀπεγίνωσκε

2186 4823 2244 4872 τδ
2269 4822 2660 4889 τειχομαχεῖν,
2696 4819 2757 4873 οὐ
2803 4820 2967 4888 μόνον
3001 4819 3090 4873 διά
3129 4819 3229 4888 τὴν
3292 4821 3533 4890 φυσικὴν
3567 4821 3774 4889 ὀχυρό-

2187 4926 2324 4978 τητα
2355 4911 2452 4979 τῆς
2483 4911 2732 4973 πόλεως,
2791 4911 2886 4962 καὶ
2935 4909 3034 4979 τὴν
3093 4911 3158 4963 ἐκ
3203 4910 3314 4965 τῶν
3367 4911 3562 4980 τειχῶν
3596 4911 3772 4980 (ὑπὲρ

2185 5003 2359 5074 ἥμισυ
2409 5003 2518 5073 γὰρ
2577 5002 2735 5054 ὕδασι
2789 5001 3228 5072 περικλυζομένη
3260 5043 3274 5066 ,
3314 5003 3611 5073 ἀπρόσιτός
3645 5004 3774 5056 ἐστι

2189 5097 2474 5166 πολεμίοις
2508 5096 2596 5148 διὰ
2644 5094 2740 5164 τὴν
2788 5094 3011 5164 λίμνην,
3057 5094 3116 5146 τὸ
3156 5094 3213 5146 δὲ
3246 5095 3550 5161 ἐπίλοιπον,
3580 5096 3773 5163 τείχε-

2191 5207 2274 5243 σιν
2335 5187 2701 5258 ὀχυρωτάτοις
2757 5187 2852 5239 καὶ
2909 5186 3141 5256 πύργοις
3201 5187 3505 5256 μεγάλοις,
3564 5186 3679 5240 ἐστι
3723 5189 3775 5241 δ’

2188 5282 2324 5336 ὅπου
2369 5282 2465 5333 καὶ
2510 5282 2777 5350 κρημνοῖς
2819 5279 2912 5332 καὶ
2945 5277 3216 5348 φάραγξιν
3256 5279 3486 5342 ἀϐάτοις
3517 5279 3783 5349 περιέχει

2189 5370 2461 5442 ται).άλλ’
2492 5371 2572 5424 ὅτι
2612 5369 2706 5422 καὶ
2746 5369 2974 5440 στρατιά
3017 5369 3118 5423 οὐκ
3167 5369 3323 5441 ὀλίγη
3363 5365 3432 5440 ἦν
3478 5371 3544 5422 ὲκ
3567 5369 3779 5438 Τριϐα-

2189 5467 2298 5519 λῶν
2335 5465 2773 5536 ὲγκαϐιδρυμένη
2815 5466 2952 5534 πρὸς
2981 5468 3048 5537 τῇ
3100 5465 3255 5518 πόλει
3304 5468 3556 5537 φρουρᾶς
3577 5465 3773 5528 ἕνεκα,

2189 5553 2262 5611 ῶν
2291 5553 2463 5629 ἦρχον
2493 5558 2750 5627 τέτταρες
2797 5556 2906 5610 τῶν
2963 5557 3098 5624 παρ’
3132 5557 3314 5620 αὐτοῖς
3350 5551 3652 5620 ἒπιφανῶν,
3686 5547 3777 5621 οἷς

2193 5650 2629 5721 συνηγωνίζοντο
2655 5647 2954 5720 προθύμως
2994 5650 3090 5701 καὶ
3132 5647 3240 5696 τῶν
3278 5642 3519 5696 πολιτῶν
3541 5643 3588 5696 οἱ
3611 5643 3776 5696 δυνα-

2190 5738 2292 5789 τοί’
2322 5737 2472 5805 ὅμως
2506 5736 2684 5788 ἐδόκει
2706 5736 2806 5806 τὴν
2841 5735 3010 5788 νύκτα
3040 5731 3204 5786 αὐτοῦ
3230 5731 3650 5801 αὐλισαμένους,
3683 5734 3774 5797 είς

2195 5825 2290 5896 τὴν
2330 5825 2626 5894 ὑστεραίαν
2663 5826 2990 5895 ἀναχωρεῖν,
3023 5823 3120 5879 καὶ
3155 5823 3230 5894 μὴ
3265 5822 3477 5894 τρίὸειν
3515 5822 3606 5876 τὸν
3637 5838 3768 5876 και-
