4028 6488
294 413 390 477 145

1447 416 1987 478 HISTORIARUM
2030 415 2262 474 LIBER
2303 414 2404 476 IV.

3443 412 3556 474 146-

290 526 380 595 ρον
410 524 828 594 ἐπιχειροῦντας
881 528 1188 593 ἀδυνάτοις.
1233 531 1315 586 Τὰ
1374 531 1466 586 ίσα
1516 533 1574 586 δὲ
1629 531 1858 593 καὶτοῖς

1991 544 2158 584 ιπιιιθε
2242 539 2298 585 et
2343 531 2531 593 duces,
2570 529 2650 583 ab
2696 529 3038 599 experientia
3090 529 3312 582 militari
3355 529 3540 582 urbem

289 612 520 718 évfél'n
555 614 850 718 Ῥωμαίων
880 617 1056 671 ἐδόκει
1105 621 1266 686 πᾶσι,
1297 622 1391 676 καὶ
1439 623 1540 690 τῆς
1587 621 1850 692 στρατιᾶς

1991 624 2434 692 aexpugnabilem
2486 623 2818 693 judiCantes,
2865 623 3098 677 iverunt.
3155 622 3326 676 Noctu
3384 635 3545 689 porro

286 705 400 764 τοῖς
450 703 716 772 ἡγεμόσιν
746 719 760 733 ’
827 705 1090 762 ἀδύνατον
1135 711 1243 782 γὰρ
1301 713 1546 767 κάκεῖνοι
1594 712 1856 766 ὑπενόουν

1991 715 2178 783 quidam
2213 715 2277 769 de
2309 715 2459 785 gravi
2505 725 2806 780 armatura,
2858 729 2979 784 quae
3040 728 3172 768 eum
3230 712 3546 767 triremibus

287 796 617 865 τειχομαχίᾳ
663 794 762 865 τὴν
801 797 964 867 λῆψιν
1019 801 1120 871 τῆς
1176 804 1386 868 πόλεως
1414 847 1430 872 ,
1481 807 1604 860 ὅσον
1645 808 1710 860 ἐκ
1757 807 1858 875 τῆς

287 889 432 941 κατὰ
460 890 560 952 τὰς
600 889 782 960 μάχας
806 892 1023 962 πείρας.
1048 894 1260 958 Νυκτὸς
1296 896 1353 948 δέ
1385 899 1449 951 ἐκ
1481 899 1590 951 τῶν
1621 899 1858 954 ὁπλιτῶν

286 996 431 1042 τινες
471 981 522 1033 οἳ
559 981 779 1036 εἵποντο
816 982 1030 1052 βασιλεῖ
1062 988 1127 1039 ἐκ
1155 988 1262 1040 τῶν
1307 991 1600 1060 τριὴρεων,
1630 991 1864 1063 προσελ-

289 1071 477 1136 θόντες
520 1072 883 1128 ἐπυνθάνοντο
915 1074 1199 1145 βασιλέως,
1227 1077 1281 1131 el
1322 1097 1375 1132 τι
1404 1081 1693 1135 σκέπτοιτο
1736 1083 1864 1153 περὶ

293 1163 392 1231 τῆς
427 1163 658 1227 πόλεως.
689 1164 794 1217 Τοῦ
830 1164 1093 1234 βασιλέως
1141 1168 1199 1222 δέ
1251 1169 1389 1240 πρὸς
1422 1173 1712 1242 εἰρωνείαν.
1741 1175 1866 1244 ἐρο-

293 1256 485 1325 μένου,
518 1256 571 1309 τί
610 1257 654 1310 δ’
683 1256 748 1311 ἂν
774 1257 955 1321 αὐτοῖς
983 1259 1167 1332 δοκοίη
1198 1261 1431 1332 βέλτιον,
1458 1266 1866 1336 ἀποπειρᾶσθαι

298 1345 406 1400 τῶν
428 1346 647 1416 τειχῶν,
674 1347 708 1408 ἢ
740 1350 1063 1422 ἀναχωρεῖν,
1089 1354 1242 1408 αὐτοὶ
1268 1355 1537 1427 μάχεσθαι
1567 1360 1864 1430 παρῄνουν,

298 1439 394 1490 καὶ
423 1438 658 1503 ἐδέοντο,
701 1440 778 1513 μὴ
818 1441 910 1496 διὰ
951 1443 1049 1514 τὴν
1093 1444 1432 1517 Ἐδεσσηνῶν
1473 1450 1871 1520 ἀγνωμοσύνην

289 1529 584 1583 ἀπολιπεῖν
604 1532 700 1601 τὴν
728 1533 906 1600 πόλιν,
943 1535 1129 1598 ὅπλοις
1155 1537 1474 1594 ἁλίσκεσθαι
1517 1541 1680 1595 οὖσαν
1708 1543 1871 1596 δυνα-

291 1619 416 1689 τὴν,
448 1622 605 1674 αὐτοί
633 1640 691 1676 τε
723 1625 1127 1695 ἐπηγγέλλοντο
1157 1630 1458 1701 προθύμως
1493 1634 1870 1701 ἀγωνιεῖσθαι,

297 1713 396 1765 καὶ
454 1715 583 1778 τοὺς
634 1715 826 1781 ἄλλους
899 1721 1194 1791 τριηρίτας
1252 1724 1516 1792 παρέξειν
1562 1726 1871 1789 πείσαντες.

292 1803 511 1857 Αὐτίκα
540 1823 600 1859 τε
627 1808 879 1876 ἐφαίνετο
909 1812 1004 1865 καὶ
1034 1813 1252 1883 βασιλεῖ
1283 1815 1542 1886 βέλτιστα
1571 1819 1696 1880 τοὺς
1721 1817 1874 1872 ὁπλί-

1963 817 2154 864 secuta
2191 806 2392 871 fuerat,
2430 807 2723 872 accedunt,
2769 806 2898 877 quid
2948 805 3016 859 de
3066 805 3266 875 oppido
3323 803 3546 872 cogitet.

1965 906 2416 968 percunctantur.
2478 898 2786 967 Imperator
2845 912 2944 966 per
3009 896 3413 949 simulationem
3463 893 3549 944 vi-

1966 993 2157 1048 cissim
2188 993 2385 1062 quaerit
2419 999 2599 1045 utrum
2658 989 2893 1059 probent
2956 995 3170 1040 tentare
3233 985 3432 1040 nitentia
3481 999 3549 1035 an

1967 1084 2270 1140 discedere.
2296 1083 2376 1137 llli
2399 1082 2464 1136 ad
2498 1079 2962 1150 Oppugnationem
2979 1079 3293 1138 hortantur,
3313 1086 3367 1129 et
3393 1083 3555 1128 orant

1972 1175 2136 1246 776
2178 1189 2247 1228 ne
2293 1179 2514 1244 propter
2561 1171 2960 1226 Edessenorum
3013 1169 3291 1238 perfidiam
3327 1167 3393 1220 ab
3427 1167 3557 1220 urbe

1970 1269 2136 1322 armis
2173 1265 2470 1336 subigenda
2507 1265 2752 1330 desistat,
2789 1261 3059 1331 siquidem
3101 1260 3277 1330 subigi
3331 1259 3504 1328 possit
3543 1276 3554 1310 :

1973 1375 2238 1428 suamque
2295 1368 2349 1413 et
2381 1359 2611 1413 aliorum
2648 1372 2712 1410 ex
2747 1354 3081 1417 triremibus,
3119 1352 3318 1421 quibus
3350 1351 3401 1404 id
3437 1365 3562 1418 per-

1975 1452 2190 1508 suasuri
2226 1458 2430 1512 essent,
2471 1457 2776 1518 promptam
2807 1459 3027 1515 operam
3063 1443 3413 1514 pollicentur.
3454 1441 3560 1494 lm—

1976 1553 2196 1615 perator
2226 1541 2514 1597 consilium
2555 1539 2700 1593 illico
2747 1536 3038 1606 arripiens,
3075 1548 3171 1588 eos
3205 1532 3377 1586 scalas
3410 1544 3561 1584 com-

1979 1649 2205 1705 parare,
2262 1634 2431 1688 duces
2479 1632 2619 1686 bene
2671 1643 2829 1682 mane
2887 1626 3114 1680 militem
3172 1623 3226 1676 in
3275 1621 3443 1676 armis
3493 1620 3564 1672 ad

1979 1727 2439 1798 oppugnationem
2492 1725 2694 1778 habere
2723 1722 2898 1792 jubet.
2951 1717 3053 1774 Ubi
3105 1714 3328 1779 diluxit,
3379 1711 3562 1782 copias
3614 1710 3644 1798 γ’

1983 1820 2201 1890 digerit.
2243 1828 2296 1874 et
2343 1817 2603 1871 barbaros
2655 1814 2827 1868 muris
2877 1812 3028 1883 juxta
3062 1809 3237 1863 lacum
3287 1799 3603 1870 admovet,'

293 1911 395 1956 τας
445 1901 761 1966 παραινεῖν,
798 1901 890 1953 καὶ
943 1904 1168 1958 ἐπένευε
1196 1905 1332 1974 πρὸς
1359 1907 1462 1978 τὴν
1492 1911 1874 1980 τειχομαχίαν,

1991 1889 2125 1967 unde
2161 1912 2290 1965 urbs
2315 1909 2441 1978 capi
2491 1907 2640 1961 nullo
2677 1905 2838 1962 modo
2884 1911 3117 1974 poterat,
3152 1907 3212 1954 ut
3241 1899 3283 1952 si
3316 1912 3380 1951 ea
3427 1895 3567 1950 forte

295 1985 527 2037 ἐκέλευε
560 1990 672 2050 τοῖς
724 1990 826 2059 μὲν
864 1991 1138 2062 ὁπλίταις,
1192 1997 1474 2068 κλίμακας
1528 2003 1877 2056 κατασκευά-

293 2075 434 2141 ζειν,
463 2079 579 2142 τοῖς
609 2079 663 2132 δέ
691 2082 921 2154 ἡγεμόσι
948 2087 1046 2157 τῆς
1077 2093 1336 2159 στρατιᾶς
1372 2093 1492 2162 ἅμα
1546 2094 1621 2148 ἐω
1653 2096 1880 2162 ἐφοπλί-

294 2167 436 2266 ςειν.
491 2171 570 2266 ὡς
600 2176 1116 2266 ’τειχομαχὴσοντας
1157 2183 1255 2253 τὴν
1307 2185 1591 2254 στρατιάν.
1639 2186 1794 2240 Ἐπεὶ
1823 2188 1880 2241 δέ

294 2261 491 2333 ἡμέρα
527 2261 634 2335 ἡδη
662 2261 752 2338 ἦν,
781 2269 1030 2326 διέταττε
1075 2273 1175 2344 τὴν
1206 2277 1490 2346 στρατιὰν,
1531 2280 1622 2332 καὶ
1666 2280 1729 2332 τὸ
1783 2281 1882 2349 μὲν

302 2355 650 2426 βαρϐαρικὸν
696 2362 810 2422 τοῖς
842 2364 984 2418 κατὰ
1011 2365 1110 2436 τὴν
1153 2368 1358 2438 λίμνην
1395 2373 1636 2440 τείχεσιν
1663 2372 1883 2442 ἐφίστη,

312 2445 431 2500 ὃθεν
475 2443 548 2518 ἦν
580 2449 848 2507 ἀδύνατον
883 2455 1045 2510 ἐλεῖν’
1076 2457 1142 2512 ἵν’
1176 2459 1225 2512 εί
1257 2461 1352 2515 καὶ
1381 2461 1586 2516 ἁλῶναι
1621 2465 1885 2522 Ἔδεσσαν

327 2541 596 2610 συμϐαίη,
657 2544 734 2615 μὴ
791 2545 968 2618 ἔχοιεν
1029 2549 1301 2626 βάρϐαροι
1360 2555 1488 2609 ὅθεν
1549 2557 1884 2625 είσελθόντες

320 2626 686 2730 ἀποκτείνοιέν
742 2652 930 2730 τινας·
991 2640 1156 2704 αὐτὸς
1207 2643 1264 2696 δέ
1311 2644 1374 2717 τδ
1424 2645 1716 2714 κράτιστον
1747 2648 1886 2720 ἔχων

311 2723 418 2772 τῶν
444 2723 690 2779 ὁπλιτῶν
725 2727 862 2796 μετά
885 2731 996 2784 τῶν
1025 2733 1390 2807 εὐπατριδῶν,
1426 2739 1564 2810 πρὸς
1594 2741 1692 2809 τὴν
1723 2744 1890 2810 ἀκρό-

313 2810 466 2865 πολιν
506 2795 948 2890 ἀντικαθίστατο,
982 2823 1105 2878 ὅθεν
1149 2795 1304 2898 τείχη
1333 2795 1393 2883 τε
1421 2795 1565 2902 ἦσαν
1607 2795 1889 2904 καρτερῶ-

307 2917 469 2967 τατα,
508 2908 604 2959 καὶ
645 2909 928 2980 Τριδαλῶν
1000 2918 1096 2971 καὶ
1121 2919 1230 2974 τῶν
1279 2922 1619 2994 Ἐδεσσηνῶν
1651 2926 1714 2978 τδ
1747 2927 1888 2997 κρά-

309 3008 498 3050 τιστον
524 2997 808 3072 ἐφρούρει·
842 3005 966 3068 τοὺς
997 3007 1053 3060 δέ
1086 3008 1280 3074 ἄλλους
1311 3013 1588 3083 ἡγεμόνας
1623 3017 1759 3086 μετά
1784 3015 1891 3070 τῶν

307 3094 642 3159 ταγμάτων,
676 3097 786 3158 τοῖς
819 3097 1023 3164 laurei;
1073 3102 1340 3172 τείχεσιν,
1380 3104 1456 3168 ὡς
1492 3105 1726 3170 ἕκαστος
1764 3109 1890 3162 ἐτυ-

309 3198 409 3250 χεν
454 3183 842 3258 ἀντικαθίστη,
883 3193 981 3244 καὶ
1031 3193 1266 3264 ἡρχοντο
1311 3200 1671 3269 τειχομαχίας
1723 3202 1890 3271 ἀρχο-

312 3276 491 3346 μένης
526 3276 696 3340 εὐθὺς
726 3281 955 3352 ἡμέρας·
985 3284 1204 3352 ἐγένετο
1246 3285 1303 3338 δὲ
1335 3291 1728 3360 καρτερωτάτη
1759 3291 1890 3363 ἀχρι

319 3368 496 3439 μέσης
525 3370 848 3437 ἀνενδότως.
884 3375 954 3429 O't'
991 3393 1052 3430 τε
1099 3380 1209 3452 γὰρ
1252 3381 1467 3436 ἔνδοθεν
1491 3383 1600 3436 ἀπὸ
1645 3383 1756 3436 τῶν
1783 3401 1898 3437 τει-

316 3463 431 3566 ξῶν
463 3464 746 3566 ἠμύνοντο
790 3470 1124 3566 ¹καρτερῶς,
1183 3475 1276 3528 καὶ
1331 3477 1381 3528 oi
1437 3476 1639 3543 ἔξωθεν
1691 3477 1901 3548 τόλμης

317 3555 460 3622 ἔργα
515 3555 615 3607 καὶ
650 3557 868 3629 ἀνδρίας
894 3562 1277 3619 ἐπεδείκνυντο
1313 3566 1628 3638 θαυμαστὰ,
1667 3571 1902 3637 μάλιστα

314 3641 374 3694 δὲ
416 3644 466 3696 οἱ
519 3643 765 3711 ὁπλῖται,
824 3653 919 3706 καὶ
972 3655 1022 3706 οἱ
1083 3656 1192 3710 ἀπὸ
1257 3657 1366 3710 τῶν
1418 3660 1693 3731 τριήρεων
1759 3661 1904 3732 ψιλοὶ

316 3736 587 3806 ἡφείδουν
638 3739 868 3798 ἑαυτῶν.
918 3745 976 3799 Ὀ
1043 3747 1298 3817 βασιλεὺς
1361 3751 1471 3821 γὰρ
1531 3754 1767 3825 ἐκήρυξε
1827 3755 1906 3827 τῷ

318 3831 564 3902 πρώτως
615 3835 866 3890 ἀναθέντι
917 3843 1027 3905 τοῖς
1077 3842 1282 3912 τείχεσι
1321 3845 1562 3915 σημαίαν
1637 3847 1906 3919 τέτταρας

326 3928 469 3994 μνᾶς
499 3926 777 3997 ἀριστεῖον
823 3930 1042 3986 ἔσεσθαι
1087 3937 1310 4004 χρυσίου
1337 3975 1354 4001 ,
1397 3942 1547 4010 τρεῖς
1581 3940 1636 3993 δὲ
1666 3941 1744 4011 τῷ
1787 3943 1908 4011 μετ’

325 4019 539 4072 ἐκεῖνον
590 4019 877 4086 ἀναϐάντι,
933 4027 1032 4078 καὶ
1062 4025 1141 4096 τῷ
1199 4029 1368 4099 τρίτῳ
1402 4031 1495 4084 δίο
1531 4031 1652 4101 μετ’
1687 4033 1906 4095 αὐτούς.

328 4111 492 4165 Κατά
524 4113 707 4184 μέσην
751 4115 810 4169 δέ
865 4117 1100 4187 ἡμέραν,
1146 4120 1359 4173 πολλῶν
1410 4123 1517 4176 ἀπὸ
1555 4125 1666 4177 τῶν
1693 4124 1908 4179 ἔνδοθεν

345 4203 697 4276 ἀμυνομένων
744 4211 1098 4280 τραυματιῶν
1134 4214 1467 4281 γενομένων,
1521 4217 1679 4269 ἐνίων
1719 4219 1774 4272 δέ
1815 4221 1911 4272 καὶ

357 4291 746 4363 ἀποθανόντων,
804 4300 903 4365 τάς
951 4321 1009 4358 τε
1067 4306 1345 4377 κλίμακας
1389 4310 1770 4379 προσήρεισαν
1799 4315 1914 4376 τοῖς

352 4385 602 4457 τείχεσιν,
639 4389 890 4460 ἀδρανῶς
942 4394 1041 4464 ήδη
1095 4397 1206 4450 τῶν
1255 4397 1470 4452 ἔνδοθεν
1525 4400 1912 4471 ἀμυνομένων,

344 4481 436 4534 καὶ
464 4486 531 4555 τῇ
568 4484 714 4557 πύλῃ
753 4487 852 4556 τῆς
893 4489 1248 4560 ἀκροπόλεως
1285 4491 1400 4563 πῦρ
1431 4493 1705 4562 ὑφῆπτονο
1739 4495 1913 4551 δαπα-

1979 2013 2378 2073 occuparetur,
2425 2016 2533 2054 non
2587 2001 2855 2054 haberent
2901 2011 3008 2066 qua
3077 1991 3308 2064 ingressi
3356 1988 3567 2058 aliquos

1983 2099 2324 2154 trucidarent
2353 2114 2368 2152 :
2402 2096 2518 2167 ipse
2569 2110 2699 2150 vero
2747 2108 2873 2148 cum
2920 2091 3151 2152 robore,
3203 2081 3572 2154 cataphractis

1980 2193 2189 2248 scilicet
2237 2207 2300 2246 ac
2353 2189 2650 2252 nobilibus,
2706 2187 2772 2240 ad
2822 2199 3002 2240 arcem
3051 2198 3110 2237 se
3159 2176 3442 2249 applicoit,
3479 2173 3572 2227 ubi

1983 2285 2124 2339 muri
2158 2281 2502 2346 validissimi,
2537 2290 2593 2335 et
2635 2278 3003 2333 Triballorum
3057 2273 3576 2335 Edessenorumque

1985 2375 2083 2431 ﬂos
2115 2392 2130 2429 :
2158 2374 2296 2440 alios
2327 2373 2494 2428 duces
2535 2386 2657 2427 cum
2691 2368 2976 2425 ordinibus
3019 2365 3133 2422 suis
3169 2363 3235 2416 ad
3270 2361 3406 2415 alias
3438 2371 3576 2412 moe-

1985 2469 2138 2522 niutn
2173 2474 2376 2536 partes,
2415 2474 2475 2518 ut
2506 2463 2706 2532 cuique
2738 2476 2858 2517 sors
2893 2456 3109 2521 cecidit,
3142 2452 3412 2516 adhibuit,
3460 2463 3578 2503 coeo

1987 2568 2186 2631 ptaque
2215 2573 2339 2612 cum
2374 2556 2463 2611 die
2506 2552 2837 2625 oppugnatio
2879 2559 2985 2618 est,
3031 2558 3086 2604 et
3135 2553 3402 2602 certatum
3455 2541 3580 2596 sine

1991 2651 2316 2708 remissione
2361 2663 2532 2718 usque
2568 2647 2634 2700 ad
2670 2643 2954 2701 meridiem
2983 2640 3269 2698 acerrime.
3303 2632 3577 2706 Oppidani

1990 2746 2138 2800 enim
2185 2737 2253 2798 de
2302 2741 2474 2796 muris
2522 2739 2910 2810 praeliabantur
2941 2735 3176 2799 fortiter,
3208 2741 3263 2785 et
3301 2729 3394 2799 qui
3445 2727 3584 2780 foris

1992 2835 2405 2908 oppugnabant,
2442 2830 2830 2902 imperterrita:
2865 2828 3080 2883 virtutis
3109 2827 3437 2880 documenta
3477 2819 3579 2874 da-

1991 2929 2126 2983 bant
2187 2924 2385 2980 eximia
2421 2942 2435 2978 :
2470 2922 2742 2992 praecipue
2793 2927 2978 2973 autem
3037 2915 3129 2986 qui
3187 2929 3217 2968 e
3270 2910 3584 2966 triremibus

1995 3023 2175 3096 gravis
2249 3032 2305 3077 et
2352 3021 2488 3075 levis
2539 3028 2828 3072 armaturae
2875 3027 3053 3076 erant,
3101 3011 3422 3080 corporibus
3470 3007 3586 3062 suis

1997 3119 2220 3172 minime
2251 3114 2569 3184 parcebant.
2606 3110 2904 3179 Imperator
2933 3105 3135 3160 ctenim
3167 3105 3212 3157 ei
3247 3101 3339 3170 qui
3375 3102 3586 3169 primus

1997 3211 2053 3265 in
2087 3223 2244 3262 muro
2277 3204 2535 3260 vexillum
2571 3201 2862 3264 deﬁxisset,
2894 3198 3178 3268 praemium
3209 3194 3426 3248 virtutis
3451 3206 3590 3262 qua-

2002 3311 2126 3357 tuor
2173 3299 2368 3362 minas,
2402 3312 2498 3352 seu
2532 3296 2696 3350 libras
2741 3292 2882 3359 auri,
2921 3302 3104 3345 ternas
3137 3287 3396 3347 secundo.
3429 3284 3588 3338 binas

2006 3390 2168 3446 tertio
2205 3387 2472 3458 praeconis
2503 3399 2633 3439 voce
2668 3383 3016 3452 promiserat.
3051 3375 3271 3431 Meridie
3309 3371 3496 3426 multis
3519 3385 3589 3424 ex

2005 3471 2501 3554 propugnatoribus
2549 3473 2868 3536 vulneratis,
2911 3471 3116 3538 aliquot
3164 3467 3324 3522 etiam
3362 3462 3590 3518 interfe-

2004 3576 2144 3636 ctis,
2214 3582 2269 3626 et
2323 3571 2495 3626 scalas
2561 3569 2735 3622 muris
2793 3564 3108 3624 affixerunt,
3140 3557 3451 3628 languidius
3478 3555 3590 3623 jam

2005 3665 2289 3737 oppidanis
2317 3659 2718 3722 resistentibus,
2747 3667 2800 3711 et
2830 3664 2997 3726 portae
3041 3653 3183 3707 arcis
3223 3651 3402 3720 ignem
3454 3646 3589 3701 sub-

2004 3759 2254 3828 jeeerunt
2289 3774 2300 3808 :
2337 3771 2440 3824 qua
2487 3758 2810 3819 consumpta
2836 3790 2849 3814 ,
2911 3747 3054 3810 inde,
3091 3753 3147 3798 et
3181 3758 3275 3812 per
3306 3741 3480 3796 scalas
3529 3753 3589 3792 se

2009 3851 2346 3912 infuderunt,
2379 3846 2839 3911 obtinebaturque
2879 3839 3031 3901 urbs,
3063 3845 3124 3891 ut
3156 3834 3376 3896 dicitur,
3412 3830 3597 3885 fundi-

2012 3957 2099 4000 tus
2130 3943 2263 4012 (ll).
2295 3941 2594 4009 Imperator
2619 3951 2683 3989 ea
2719 3942 3020 4002 capta-non
3051 3939 3135 3983 est
3164 3941 3361 3997 passus
3394 3922 3596 3976 milites

2013 4035 2241 4092 turbatis
2288 4031 2574 4086 ordinibus
2622 4029 2686 4080 ad
2738 4024 2977 4096 praedam
3024 4023 3353 4084 discurrere,
3404 4023 3600 4085 prreter

2013 4142 2107 4182 eos
2142 4125 2233 4194 qui
2267 4123 2431 4192 primi
2482 4122 2912 4187 introruperant,
2959 4124 3014 4167 et
3063 4110 3442 4180 quaesticulum
3493 4105 3599 4160 sibi
3679 4109 3682 4112 ’

2015 4220 2281 4273 fecerant.
2317 4213 2390 4266 Ex
2416 4210 2678 4266 Romanis
2731 4218 2788 4262 et
2829 4204 3194 4274 imperatoriis
3222 4200 3376 4254 tnulti
3409 4198 3602 4250 vulne-

2016 4313 2119 4367 rati
2170 4317 2337 4372 sunt,
2368 4320 2531 4360 nemo
2567 4313 2744 4357 tamen
2791 4297 3085 4362 occubuit;
3125 4295 3325 4348 milites
3376 4288 3601 4343 Triballi

2017 4407 2081 4460 ad
2114 4416 2282 4457 unum
2321 4399 2440 4453 sine
2465 4395 2622 4466 equis
2667 4392 2733 4446 ad
2762 4406 2891 4444 suos
2925 4386 3154 4442 dimissi.
3190 4383 3435 4448 Quatuor
3462 4394 3603 4448 pra:-

2018 4495 2140 4552 sidii
2189 4492 2379 4554 duces,
2430 4495 2486 4543 et
2519 4501 2585 4540 ex
2632 4482 2842 4538 civibus
2874 4478 3060 4535 Graiis.
3081 4475 3323 4530 fautores
3356 4469 3601 4540 expulit;

343 4576 604 4650 νηθείσης
637 4579 719 4645 δὲ,
743 4579 954 4634 ἐκεῖθέν
983 4597 1043 4634 τε
1078 4582 1173 4636 καὶ
1205 4582 1314 4636 ἀπὸ
1341 4584 1450 4637 τῶν
1482 4584 1766 4654 κλιμάκων
1799 4589 1886 4639 sic

1991 4596 1994 4621 ν
2022 4600 2120 4656 pro
2151 4597 2274 4636 arce
2304 4575 2650 4634 defendenda
2678 4574 2960 4635 ducentos,
2999 4566 3195 4638 partim
3239 4563 3437 4635 gravis,
3475 4575 3602 4629 par-

339 4666 580 4737 εχέοντο,
612 4670 706 4722 καὶ
737 4670 914 4740 εῖχετο
957 4673 990 4741 ἡ
1023 4673 1197 4740 πόλις,
1227 4673 1386 4728 τοῦτο
1409 4675 1474 4745 δὴ
1502 4677 1562 4729 τὸ
1596 4676 1926 4746 λεγόμενον,

2023 4653 2117 4733 tim
2147 4673 2281 4730 levis
2312 4677 2604 4725 armatura:
2633 4663 2885 4734 reliquit;
2911 4660 3064 4716 urbis
3086 4657 3400 4728 praefectum
3431 4653 3605 4707 Geor-

343 4759 656 4830 κατάκρας·
680 4762 776 4816 καὶ
804 4763 833 4815 ὁ
875 4761 1151 4833 βασιλεὺς,
1195 4767 1319 4818 ἐπεὶ
1360 4767 1481 4821 κατ’
1511 4769 1675 4821 αὑτὸν
1701 4770 1884 4837 ἐγένετ

2023 4771 2169 4842 gium
2213 4763 2494 4836 Lyzicum,
2529 4759 2708 4814 virum
2758 4755 2900 4811 bello
2935 4750 3296 4808 fortissimum
3363 4763 3428 4801 ac
3479 4760 3609 4815 pru-

342 4855 379 4924 ἡ
411 4855 644 4921 ἅλωσις,
672 4855 821 4910 ἐνδον
871 4858 1184 4929 γενόμενος,
1221 4861 1323 4913 οὐκ
1374 4861 1462 4913 et;
1493 4861 1754 4914 ἀτακτεῖν
1789 4861 1887 4915 τοὺ

2021 4839 2240 4918 dentem
2291 4853 2620 4926 designavit,
2670 4859 2834 4918 atque
2877 4849 2950 4901 ita
2997 4843 3313 4899 Berrhceam
3362 4839 3603 4909 repetiit.

349 4947 715 5020 στρατιώτας,
748 4951 887 5021 πλὴν
936 4952 1044 5005 τῶν
1104 4953 1335 5022 πρώτως
1385 4952 1742 5007 εἰσελθόντων
1794 4972 1887 5007 τινα

2022 4954 2171 5010 Citra
2205 4950 2680 5013 Martem‘quoque
2703 4943 3056 4994 accesserunt
3079 4934 3288 4988 circum
3342 4929 3607 4984 Edessam

351 5041 528 5111 μικρά
554 5042 966 5114 ὠφεληθέντων.
1001 5045 1264 5098 ’Δπέθανε
1295 5040 1481 5115 μέντοι
1511 5046 1575 5098 ἐκ
1611 5045 1720 5099 τῶν
1780 5063 1887 5115 μετ.

2027 5057 2082 5102 et
2100 5043 2412 5098 Berrhteam
2441 5033 2664 5091 cast-clla
2693 5041 2748 5087 et
2769 5028 3048 5100 oppidula,
3081 5039 3276 5094 nempe
3306 5022 3443 5088 haec,
3483 5021 3609 5076 Sta-

350 5133 619 5204 βασιλέως
673 5135 962 5206 Ῥωμαίων
1006 5137 1039 5208 ἡ
1085 5136 1375 5208 βαρϐάρων
1431 5137 1550 5190 οὐδὲ
1600 5132 1704 5203 εἷς,
1749 5153 1887 5207 τραυ

2029 5137 2220 5199 ridola,
2252 5132 2434 5194 Petra,
2464 5126 2692 5188 Soscus,
2724 5124 2920 5184 Deura,
2954 5119 3207 5182 Strobus,
3235 5115 3424 5180 Notia;
3455 5123 3511 5168 et
3541 5129 3609 5168 ex

351 5226 546 5296 ματίαι
578 5227 639 5280 δέ
682 5227 930 5295 ἐγένοντο
970 5205 1191 5280 πολλοί)
1252 5205 1391 5298 μετά
1439 5229 1496 5282 δέ
1533 5229 1630 5297 τὴν
1665 5205 1867 5282 διλωδιν

2031 5226 2308 5300 oppidulis
2336 5219 2630 5278 Thessaliae
2658 5212 3086 5287 Lycostomium,
3115 5207 3411 5265 Casta-ium.
3446 5205 3608 5277 777

349 5317 610 5388 βασιλεὺς
664 5319 790 5382 τοὺς
851 5319 1188 5390 στρατιώτας
1250 5321 1366 5374 ὅσοι
1424 5315 1567 5390 ἦσαν
1622 5320 1884 5391 Τριϐαλοὶ

2025 5323 2322 5390 Aliquanta
2379 5313 2571 5382 requie
2622 5305 2888 5366 exercitui
2943 5316 3242 5368 concessa,
3316 5300 3612 5368 imperator

346 5387 592 5466 ἀπέλυσε
629 5412 768 5483 πρὸς
809 5387 1120 5483 τὴν-οἰκίαν
1148 5413 1274 5466 ἄνευ
1309 5387 1515 5466 ἵππων.
1549 5387 1830 5482 Τέτταρας
1870 5413 1887 5464 ὶ

2006 5387 2217 5469 rursus
2245 5405 2648 5478 expeditionem
2681 5406 2874 5455 contra
2919 5395 3139 5451 Servios
3180 5390 3440 5460 suscepit.
3474 5387 3614 5443 Urbs

347 5504 472 5565 τοὺς
503 5478 789 5576 ἡγεμόνας
816 5478 961 5572 εἶχεν
1007 5505 1066 5556 ἐν
1112 5505 1353 5574 φρουρᾷ,
1399 5506 1494 5557 καὶ
1533 5504 1641 5558 τῶν
1687 5478 1887 5556 πολιτῶ

2028 5507 2143 5559 haec
2177 5517 2285 5556 non
2332 5511 2497 5569 parva
2549 5493 2619 5549 ad
2655 5487 2894 5547 confinia
2941 5486 3181 5542 Bottiteae
3229 5493 3286 5539 et
3317 5478 3613 5536 Thessalia:

345 5597 474 5661 τοὺς
507 5598 578 5651 τὰ
617 5595 812 5667 Κράλη
864 5595 1171 5665 ᾑρημένους
1225 5597 1459 5668 ἐξήλασε
1509 5597 1610 5662 τῆς
1669 5596 1877 5660 πόλεως

2025 5597 2172 5667 jacet
2200 5611 2216 5648 :
2247 5591 2337 5646 cui
2364 5597 2421 5647 et
2443 5587 2672 5657 reliquae
2722 5579 3021 5638 Thessalia:
3063 5576 3402 5642 Prealimpus
3429 5587 3458 5626 e
3489 5580 3613 5640 pro-

1589 5731 1806 5792 Jacobi
1842 5730 2111 5792 Pontani
2149 5735 2334 5790 notae.

424 5866 544 5939 (ιι)
580 5862 731 5933 Ergo
766 5861 1071 5933 κατάκρας,
1101 5859 1205 5914 hoc
1230 5859 1478 5925 verbum,
1521 5860 1766 5930 inquam,
1809 5871 1887 5926 prt

1991 5856 2152 5912 rbiale
2183 5863 2286 5911 est.
