4028 6476
515 360 616 432 ll'i

1714 368 2036 442 JOANNIS
2075 382 2599 452 CANTACUZENI

3669 394 3760 461 1&8

512 485 732 540 ei-ribus
777 486 953 541 Cralis
989 496 1241 557 praeerat,
1273 488 1363 556 qui
1404 490 1715 557 prudentia,
1753 492 2094 556 fortitudine,

2204 501 2449 569 φρουράν
2488 517 2548 554 τε
2580 504 2715 572 πρὸς
2742 502 2839 571 τὴν
2869 502 3049 573 ἄκραν
3077 501 3402 566 διακοσίους
3430 504 3643 570 ὁπλίτας
3674 512 3758 564 καὶ

509 578 901 633 exercitatione
947 579 1137 633 bellica
1185 595 1348 649 supra
1382 590 1612 637 caeteros
1639 583 1906 638 excellere
1943 584 2094 637 vide-

514 674 690 722 tatur.
722 665 1003 723 {Ediﬁcata
1038 678 1121 723 est
1153 686 1317 740 super
1348 672 1547 728 montis
1577 673 1743 728 ardua
1775 677 2089 742 prominen-

515 760 612 823 ιὶςι,
649 760 944 827 statimque
990 776 1017 815 a
1073 762 1341 833 principio
1389 765 1679 834 semetipsa
1726 766 1907 832 altior,
1954 767 2095 821 sicut

512 859 617 914 est,
664 854 945 906 accedenti
977 866 1221 923 apparet.
1255 855 1313 909 In
1348 855 1469 925 ipso
1513 866 1695 910 autem
1725 858 1857 927 jugo
1893 858 2096 911 montis

513 943 737 1006 desinit,
797 945 993 1014 lripliri
1044 962 1202 1000 muro
1251 937 1502 1001 dielincta
1552 957 1606 1002 et
1658 949 1977 1020 intersepta,
2037 960 2104 1008 ut.

509 1034 643 1087 furis
683 1035 963 1091 existimes
1010 1038 1109 1092 tria
1159 1054 1278 1093 esse
1327 1040 1552 1110 oppida,
1579 1041 1725 1096 aliud
1754 1049 1877 1112 post
1922 1042 2091 1096 aliud.

509 1126 781 1198 Utrinque
840 1130 1077 1184 vallibus
1110 1131 1399 1199 profundis
1460 1132 1856 1188 circumdatur.
1938 1134 2096 1201 Quod

509 1231 657 1287 patet
702 1222 770 1277 ab
827 1224 961 1278 urbe
991 1226 1151 1292 spatii
1202 1242 1373 1294 usque
1418 1230 1487 1282 ad
1544 1229 1846 1299 planitiem,
1911 1240 1966 1284 et
2029 1231 2095 1285 ad

513 1315 721 1379 valles,
798 1331 901 1380 qua
968 1317 1201 1372 habitari
1278 1328 1476 1388 potest.
1528 1321 1737 1377 mdibus
1772 1333 1829 1378 et
1879 1323 2095 1388 incolis,

514 1426 619 1464 non
656 1411 886 1479 plebeiis
912 1413 1093 1473 modo.
1130 1414 1226 1468 sed
1260 1422 1313 1468 et
1347 1415 1705 1484 optimatibus
1734 1431 1798 1470 ac
1833 1416 2099 1472 militibus

508 1504 825 1559 domesticis
855 1505 1040 1561 multis
1111 1514 1276 1577 atque
1306 1509 1543 1563 strenuis
1572 1509 1795 1578 plenum
1825 1519 1931 1567 est.
1974 1512 2096 1582 Ipsa

510 1595 640 1652 urbs
691 1607 915 1667 prepter
958 1599 1060 1652 loci
1109 1599 1435 1669 positionem
1482 1616 1699 1656 sursum
1736 1602 2100 1659 succedentes

507 1690 700 1743 domos
735 1688 968 1755 habens,
1006 1705 1207 1759 paucas
1237 1693 1381 1747 aedes
1424 1707 1548 1747 cum
1593 1692 1781 1746 multis
1809 1694 2098 1763 contigna-

511 1780 752 1836 tionibus
784 1780 1005 1836 videtur
1039 1781 1260 1845 habere,
1314 1782 1442 1850 Ejus
1496 1782 1617 1838 dua:
1651 1790 1836 1852 partes
1879 1784 2100 1841 inferio-

513 1887 598 1925 res
643 1888 671 1926 a
709 1871 923 1927 civibus
973 1874 1332 1930 incoluntur:
1374 1876 1555 1938 tertia,
1606 1889 1727 1944 quae
1778 1876 1969 1931 eadem
2004 1892 2097 1932 arx

511 1972 614 2023 est.
667 1963 923 2031 praefecto
972 1966 1321 2035 relinquitur.
1360 1967 1454 2021 Est
1499 1975 1681 2022 autem
1734 1969 2101 2040 undequaque

509 2068 735 2110 accessu
801 2068 1223 2129 oppugnatuque
1274 2058 1532 2116 difficilis.
1609 2060 1724 2115 Illic
1760 2061 2101 2131 Prealimpus

511 2147 712 2201 sedens
755 2148 919 2204 foss's
991 2165 1056 2205 ac
1102 2151 1504 2207 munitionibus
1551 2136 1661 2207 non
1708 2153 1924 2224 egebat,
1974 2168 2098 2207 cum

514 2239 640 2291 huic
675 2240 755 2293 rei
795 2248 990 2294 natura
1020 2242 1371 2311 providisset.
1420 2243 1486 2297 Et
1531 2243 1577 2298 is
1620 2243 1832 2300 civibus
1863 2259 2100 2314 magno-

510 2344 641 2397 pere
668 2327 938 2395 diﬂidens,
982 2345 1171 2386 eorum
1203 2331 1428 2394 liberos,
1462 2346 1678 2397 uxores,
1711 2340 1766 2386 et
1795 2346 1912 2386 rem
1946 2330 2104 2384 fami-

511 2513 628 2578 bat,
665 2514 810 2568 viros
843 2529 1036 2570 omnes
1082 2515 1137 2569 in
1171 2515 1440 2577 ultimam,
1487 2530 1581 2570 seu
1628 2514 1868 2570 inﬁmam
1906 2515 2099 2570 urbem

511 2606 821 2673 expellebat
846 2626 859 2662 :
883 2606 1148 2661 mandans
1170 2608 1247 2663 uti
1287 2608 1697 2678 imperatorem,
1720 2608 1765 2663 si
1793 2608 2097 2672 invaderet,

510 2713 539 2751 a
590 2715 648 2754 se
697 2699 1000 2770 liberisque
1048 2700 1161 2755 suis
1195 2701 1581 2771 propulsarent
1607 2717 1621 2767 ;
1652 2701 1769 2770 ipse
1800 2700 1992 2754 medim
2022 2698 2100 2752 illi

512 2791 658 2855 urbi,
691 2792 744 2846 in
791 2808 898 2860 qua
944 2795 1208 2864 conjuch
1257 2808 1380 2848 cum
1416 2792 1661 2863 prolibus
1689 2803 1868 2863 erant,
1916 2792 2103 2861 praasi-

512 2881 660 2936 dium
692 2896 723 2935 e
754 2881 1011 2938 Triballis
1039 2883 1381 2954 imponebat,
1406 2899 1547 2952 quos
1577 2900 1741 2953 supra
1771 2883 2101 2953 quingentos

513 2974 717 3029 habere
748 2973 1053 3029 dicebatur.
1103 2974 1421 3032 llabitautes
1454 2988 1637 3030 autem
1685 2985 1839 3030 extra
1890 2992 2100 3040 muros,

513 3078 695 3133 neque
718 3065 773 3118 in
803 3064 991 3119 urbem
1019 3065 1227 3135 ingredi
1265 3065 1503 3126 sinebat,
1532 3077 1711 3132 neque
1742 3062 1883 3118 ﬁlios
1910 3077 2100 3118 eorum

2195 591 2386 659 ψιλοὺς
2426 594 2906 675 καταλιπὼνηκαὶ
2954 594 3201 665 ἡγεμόνα
3248 598 3315 665 τῇ
3352 597 3502 649 πόλει
3530 598 3750 663 Λυζικδν

2204 680 2472 755 Γεώργιον
2502 688 2796 752 κράτιστον
2835 687 3102 740 δοκοῦντα
3138 688 3208 741 τὰ
3249 687 3604 756 πολέμιαεκαὶ
3634 706 3753 742 συνο

2199 778 2342 842 ετδν,
2390 780 2472 842 είς
2525 780 2793 850 Βέρροιαν
2844 778 3098 850 ἐπανῄει.
3164 778 3555 849 Προσεχὼρουν
3587 780 3640 833 δέ
3670 782 3757 833 καὶ

2198 870 2405 938 ἀμαχεὶ
2458 871 2525 923 τὰ
2567 873 2701 940 περὶ
2742 870 3011 923 Ἔδεσσαν
3072 872 3169 924 καὶ
3217 868 3485 941 Βὲρῤοιαν
3536 870 3761 940 φρούρια

2199 962 2293 1014 καὶ
2323 963 2378 1015 αἱ
2420 963 2695 1033 πολίχναι,
2728 962 2795 1016 τά
2836 979 2896 1014 τε
2939 961 3240 1033 Σταρίδολα
3269 960 3582 1031 λεγόμενον,
3617 964 3761 1034 καὶὴ

2200 1055 2405 1125 Πέτρα,
2438 1057 2531 1110 καὶ
2564 1058 2591 1109 ὁ
2619 1055 2859 1120 Σωσκδς,
2886 1057 2981 1109 καὶ
3007 1056 3041 1126 ἡ
3068 1055 3268 1126 Δεύρη,
3305 1054 3386 1108 ἐτι
3407 1071 3467 1107 τε
3497 1057 3525 1109 ὁ
3559 1057 3767 1125 Ὀστρο-

2200 1147 2317 1211 δὸς,
2350 1148 2445 1200 καὶ
2467 1145 2535 1200 τὰ
2564 1147 2756 1201 Νότιαο
2788 1149 2884 1201 καὶ
2908 1149 2973 1201 ἐκ
3000 1145 3109 1200 τῶν
3128 1145 3429 1210 Θετταλίας
3446 1146 3763 1216 πολυχνίων,

2198 1239 2298 1307 τὴν
2332 1238 2710 1309 Λυκοστόμιον
2738 1239 3058 1309 λεγόμενον,
3085 1242 3184 1295 καὶ
3209 1240 3270 1293 τὸ
3297 1240 3594 1310 Καστρίον.
3625 1240 3771 1293 Ἀνα-

2201 1331 2415 1400 παύλης
2465 1332 2523 1387 δὲ
2574 1334 2781 1404 μικρᾶς
2821 1349 2965 1397 τινος
2994 1334 3023 1386 ό
3059 1324 3315 1403 βασιλεὺς
3396 1331 3633 1396 ἀξιώσας
3680 1331 3796 1407 τὴν.

2202 1425 2490 1492 στρατιὰν,
2522 1423 2951 1494 ἐξεστράτευσεν
2974 1423 3132 1487 αὖθις
3159 1424 3302 1477 κατὰ
3323 1421 3586 1494 Σερϐίων.
3619 1420 3773 1483 Πόλις

2199 1516 2256 1570 δέ
2285 1515 2456 1568 ταῦτα
2486 1516 2547 1568 οὐ
2581 1515 2782 1585 μικρὰ,
2814 1519 2872 1570 ὲν
2899 1515 3172 1585 μεθορίοις
3200 1515 3489 1577 Βοττιαίας
3540 1513 3763 1582 κειμένη

2200 1610 2294 1662 καί⁵
2328 1606 2629 1671 Θετταλίας
2649 1623 2663 1638 ο
2692 1602 2761 1678 ἧς
2795 1603 2935 1678 ἦρχε
2969 1606 3107 1678 μετὰ
3138 1607 3239 1677 τῆς
3272 1606 3441 1677 ἄλλης
3476 1604 3769 1665 θετταλίας

2203 1700 2561 1770 Πρεάλιμπος
2600 1699 2712 1753 τῶν
2751 1700 2904 1771 παρὰ
2935 1699 3131 1770 Κράλῃ
3157 1698 3430 1766 δυνατῶν,
3461 1698 3520 1761 ὃς
3550 1697 3777 1767 μάλιστα

2206 1790 2379 1845 ἐδόκει
2414 1789 2635 1844 συνέσει
2665 1790 2757 1843 καὶ
2794 1789 3077 1859 εὐτολμίᾳ,
3107 1790 3204 1842 καὶ
3239 1789 3307 1858 τῇ
3352 1789 3488 1857 περὶ
3525 1787 3594 1840 τὰ
3623 1784 3779 1837 πολέ-

2207 1898 2308 1949 μια
2368 1879 2479 1934 τῶν
2530 1880 2711 1934 ἄλλων
2748 1880 3009 1950 προέχειν
3053 1878 3348 1948 ἐμπειρία.
3413 1878 3608 1931 Κεῖται
3662 1873 3776 1944 δὲή

2202 1971 2356 2033 πόλις
2386 1970 2570 2041 ἐκείνη
2599 1972 2692 2025 ἐπί
2722 1987 2870 2034 τινος
2900 1972 3163 2034 ἀνάντους
3186 1970 3280 2023 τοῦ
3311 1968 3477 2038 ὅρους
3493 1965 3781 2040 προϐολῆς,

2203 2063 2367 2126 εὐθὺς
2399 2062 2639 2134 ἐξαρχῆς
2672 2062 2812 2133 αὐτὴ
2836 2063 3040 2134 ἐαυτῆς
3076 2062 3463 2134 μετεωροτέρα
3487 2059 3781 2129 φαινομένη

2204 2159 2299 2211 καὶ
2334 2152 2469 2210 οὖσα
2519 2156 2788 2225 προῖόντι.
2830 2154 2953 2210 Ἐπ’
3005 2155 3183 2225 αὐτὴν
3233 2169 3294 2207 τε
3346 2154 3450 2225 τὴν
3480 2149 3783 2223 ἀκρώρειαν

2205 2248 2508 2319 καταλήγει
2536 2252 2688 2318 τρισὶ
2710 2246 3119 2318 διατειχίσμασι
3148 2245 3487 2317 διῃρημένη,
3512 2242 3585 2305 ὡς
3612 2240 3784 2293 δοκεῖν

2155 2399 2163 2419 '_
2206 2338 2427 2404 ἔξωθεν,
2463 2340 2617 2407 τρεῖς
2671 2332 2812 2391 εἶναι
2869 2337 3060 2400 πόλεις
3114 2336 3381 2406 κειμένας
3434 2330 3782 2401 ἐπαλλήλους.

510 2422 703 2477 tiarem
736 2422 791 2476 in
839 2423 1165 2487 secundum,
1201 2438 1297 2479 seu
1331 2424 1573 2479 medium
1609 2432 1823 2493 septum
1873 2437 2099 2477 sevoca-

2216 2429 2597 2499 Ἐκατέρωθέν
2641 2447 2700 2483 τε
2756 2430 3055 2501 φάραγγας
3106 2426 3514 2498 περιϐέϐληται
3548 2421 3783 2495 βαθείας.

2204 2523 2280 2577 Τὸ
2312 2525 2359 2578 δ’
2406 2523 2514 2576 ἁπδ
2552 2522 2652 2592 τῆς
2689 2521 2900 2585 πόλεως
2950 2521 3081 2594 ἄχρι
3133 2518 3229 2574 τοῦ
3261 2518 3531 2573 ἐπιπέδου
3564 2513 3783 2570 καὶτῶν

2204 2612 2534 2683 φαράγγων,
2592 2613 2719 2666 ὅσον
2768 2610 3005 2681 μάλιστα
3092 2608 3371 2663 οἰκεῖσθαι
3425 2606 3779 2673 ἐπιδέχεται,

2204 2704 2397 2758 οἰκιῶν
2439 2702 2799 2774 πεπλήρωται
2837 2704 2934 2756 καὶ
2985 2700 3294 2773 ἀνθρώπων
3328 2700 3393 2753 οὐ
3442 2698 3556 2751 τῶν
3582 2694 3784 2748 πολλῶν

2209 2797 2395 2867 μόνον,
2432 2794 2571 2849 ἀλλὰ
2610 2794 2705 2848 καὶ
2750 2794 2861 2847 τῶν
2890 2793 3136 2864 ἀρίστων
3167 2793 3233 2846 ἐκ
3261 2791 3379 2846 τῶν
3409 2783 3784 2852 πολιτῶνρκαὶ

2203 2891 2269 2942 ἐκ
2294 2886 2404 2941 τῶν
2443 2886 2820 2957 στρατιωτῶν,
2840 2885 2889 2939 οἳ
2906 2881 3048 2956 ἦσαν
3084 2885 3351 2955 ἐγχώριοι
3376 2881 3565 2937 πολλοί
3597 2898 3655 2934 τε
3693 2874 3776 2931 καὶ

2202 2978 2441 3049 ἀγαθοί·
2477 2981 2511 3049 ἦ
2568 2995 2630 3032 τε
2657 2979 2839 3043 πόλις,
2883 2976 3225 3043 ἐπαλλήλους
3270 2975 3581 3044 τὰςςοίκίας
3604 2973 3782 3043 ἔχουσα

2202 3071 2293 3126 διὰ
2347 3070 2445 3142 τὴν
2496 3071 2606 3125 ἀπὸ
2637 3070 2733 3123 τοῦ
2787 3071 2956 3123 τόπου
2998 3068 3172 3130 θέσιν,
3222 3067 3422 3137 ὀλίγας
3461 3066 3612 3137 ἔχειν
3638 3060 3775 3119 δοκεῖ

494 3150 636 3213 ‘cum
675 3157 938 3213 uxoribus
972 3159 1274 3229 recipiebat
1307 3176 1322 3213 :
1353 3158 1449 3213 sed
1486 3172 1587 3227 pro
1636 3156 1844 3212 aedibus
1892 3164 2101 3212 stantes

2204 3165 2384 3228 οἰκίας
2429 3164 2827 3234 πολυορόφους.
2889 3162 3142 3216 Οίκεῖται
3176 3160 3235 3214 δὲ
3265 3161 3341 3216 τὰ
3397 3161 3500 3232 μέν
3539 3159 3631 3214 δύο
3656 3156 3789 3226 τμή-

508 3265 755 3321 pugnare
796 3250 1047 3320 iubebat,
1081 3251 1200 3306 loco
1233 3266 1374 3321 pene
1410 3250 1691 3304 inaccesso
1742 3258 1799 3304 et
1841 3249 2100 3304 adorien-

513 3343 659 3398 tibus
691 3342 1032 3398 difﬁcillimo.
1075 3344 1166 3399 Sic
1196 3344 1360 3414 igitur
1395 3342 1484 3397 ille
1515 3342 1582 3396 ad
1625 3340 1973 3398 obsidionem
2007 3355 2100 3396 ex-

514 3435 825 3503 cipiendam
865 3449 926 3490 se
960 3435 1330 3500 comparabat.
1367 3433 1577 3487 Rumor
1609 3433 1924 3504 vagabatur,
1959 3431 2101 3486 invi-

517 3537 630 3582 tum
669 3527 722 3579 in
748 3526 882 3581 urbe
911 3525 1155 3588 retineri.
1191 3525 1483 3593 malleque,
1516 3524 1753 3579 vitanda:
1781 3538 2001 3594 pugnae,
2031 3522 2099 3577 ad

518 3619 683 3674 urbes
706 3618 1003 3673 Thessaliae
1045 3616 1353 3688 profugere.
1382 3617 1583 3672 Contra
1621 3616 1706 3671 sui
1736 3631 1861 3671 eum
1892 3616 1961 3671 ab
1998 3615 2102 3670 hac

516 3722 703 3767 mente
731 3710 1080 3766 deducebant
1107 3727 1121 3765 :
1152 3710 1294 3777 quod
1325 3710 1370 3765 si
1397 3725 1459 3763 ea
1505 3708 1644 3763 urbe
1686 3708 1961 3778 potiretur
1997 3707 2102 3762 im-

517 3814 773 3874 perator,
829 3811 939 3857 tota
1000 3817 1217 3871 quoque
1263 3800 1544 3857 Thessalia
1575 3815 1675 3871 pro
1704 3808 1854 3855 certo
1902 3801 2105 3871 potitu-

518 3911 664 3951 rum.
692 3895 908 3961 Quibus
945 3895 1272 3963 obsequens,
1305 3894 1651 3949 obsidionem
1685 3892 1965 3948 sustinuit.
1993 3892 2104 3946 Im-

518 3996 761 4055 perator,
814 3993 1096 4055 postquam
1154 3994 1336 4040 castra
1392 3986 1620 4055 prapius
1666 3985 1857 4040 urbem
1908 3984 2102 4050 movit,

428 4082 439 4089 '
517 4079 756 4147 primum
778 4078 997 4148 quidem
1019 4078 1448 4141 militi-smaucTs
1471 4091 1657 4130 secum
1674 4076 2103 4143 remanentibus,

521 4169 1048 4239 praedatumdimisit
1077 4186 1090 4223 :
1118 4169 1356 4238 praedam
1376 4167 1610 4235 opimam
1631 4166 1883 4231 Romani,
1910 4168 2107 4224 barba-

520 4258 680 4326 rique
701 4257 954 4314 similiter
972 4266 1026 4311 et
1052 4272 1116 4311 ex
1151 4256 1282 4325 ipsis
1299 4254 1526 4319 Serviis,
1555 4263 1611 4311 et
1625 4270 1694 4311 ex
1713 4257 2108 4328 circumiacen-

525 4350 670 4405 tibus
695 4350 829 4405 vicis
878 4349 1207 4409 retulerunt.
1238 4347 1429 4402 Postea
1466 4347 1700 4403 vicinius
1742 4350 2065 4404 accedentes
2087 4391 2102 4418 ,

521 4440 916 4510 oppugnationi
958 4454 1017 4494 se
1041 4438 1416 4508 accingi-bant.
1467 4439 1633 4508 778
1658 4438 1761 4503 Qui
1780 4436 1849 4493 de
1883 4437 2107 4494 Serviiis

2204 3274 2357 3328 ματα
2409 3255 2518 3309 ὑπὸ
2567 3254 2679 3310 τῶν
2710 3254 2952 3309 πολιτῶν
2976 3271 2992 3287 ο
3032 3254 3095 3308 τὸ
3123 3252 3180 3307 δέ
3209 3253 3406 3324 τρίτον
3435 3255 3582 3323 ἄκρα
3612 3250 3694 3315 δν,
3721 3245 3793 3316 τῷ

2198 3350 2428 3419 ἄρχοντι
2456 3348 2690 3402 ἀνεῖται.
2728 3346 2885 3399 Ἔστι
2915 3345 2974 3399 δὲ
3006 3344 3388 3416 δυσπρόσοδος
3429 3340 3792 3413 πανταχόθεν,

2203 3442 2298 3495 καὶ
2328 3440 2391 3494 οὐ
2415 3439 2553 3492 πάνυ
2583 3437 2744 3509 ῥᾳδία
2774 3437 2911 3508 πρὸς
2941 3436 3329 3508 τειχομαχίαν.
3362 3428 3445 3507 ’ῌ
3477 3438 3507 3489 ό
3529 3430 3798 3505 Πρεάλιμε

2205 3548 2308 3593 πος
2366 3529 2755 3601 ἐνδιατρίϐων,
2809 3529 3034 3600 τάφρων
3078 3527 3178 3598 μὶν
3230 3527 3341 3582 οὐκ
3413 3528 3643 3599 ἐδεήθη,
3681 3520 3796 3576 οὐδὲ

2202 3639 2351 3685 τινος
2407 3621 2545 3692 πρὸς
2604 3620 2913 3690 ὀχυρότητα
2965 3617 3232 3686 σπουδῆς.
3301 3620 3516 3690 Ἤρκει
3582 3617 3692 3685 γὰρ
3764 3611 3796 3681 ἡ

2206 3712 2487 3786 προσοῦσα
2539 3713 2725 3782 φύσει.
2784 3713 2909 3771 Τοῖς
2964 3710 3213 3775 πολίταις
3246 3711 3307 3764 δέ
3366 3713 3468 3766 καὶ⁹
3501 3712 3643 3766 πάνυ
3676 3707 3798 3763 ἁπι-

2208 3806 2370 3870 στῶν,
2426 3807 2535 3859 τῶν
2579 3804 2680 3875 μὲν
2722 3804 2822 3874 τὴν
2880 3803 3034 3858 πόλιν
3064 3804 3375 3859 οίκούντων
3429 3806 3654 3867 παῖδας,
3707 3800 3800 3854 καὶ

2206 3898 2487 3967 χρήματα,
2526 3896 2622 3950 καὶ
2656 3897 2922 3964 γυναῖκας
2956 3898 3037 3960 είς
3071 3896 3133 3948 τὸ
3153 3895 3421 3968 δεύτερον
3458 3895 3802 3971 διατείχισμα

2207 3986 2573 4056 ἀνελάμϐανε·
2609 3989 2735 4049 τοὺς
2769 3987 2974 4057 ἄνδρας
3018 3987 3079 4041 δὲ
3127 3989 3348 4052 πάντας
3384 3988 3692 4059 ἐξήλαυνεν
3714 3984 3801 4037 ἐπὶ

2205 4080 2271 4135 τὸ
2308 4078 2515 4151 τρίτον,
2542 4079 2638 4133 καὶ
2671 4078 2924 4133 ἐκέλευεν
2964 4078 3272 4150 ἀμύνεσθαι
3317 4076 3556 4150 βασιλέα
3584 4077 3803 4131 ἐπιόντα

2209 4171 2352 4243 ὑπὲρ
2390 4173 2542 4240 σφῶν
2579 4173 2673 4225 καὶ
2715 4171 2958 4225 τέκνωνο
2998 4170 3163 4234 αὐτὸς
3204 4168 3262 4223 δὲ
3312 4171 3419 4242 τὴν
3455 4171 3641 4241 ἄκραν
3679 4181 3804 4221 κατ-

2208 4269 2344 4337 εῖχε,
2373 4269 2470 4322 καὶ
2497 4264 2576 4336 τῷ
2604 4265 2841 4336 δευτέρῳ
2883 4264 3317 4337 διατειχίσματι,
3355 4268 3417 4321 ἐν
3444 4261 3492 4335 ᾧ
3523 4266 3585 4320 ai
3621 4260 3806 4335 γυναῖ-

2211 4377 2305 4423 κες
2333 4359 2427 4412 καὶ
2451 4360 2502 4412 οἱ
2534 4358 2724 4422 παῖδες
2753 4354 2919 4429 ἦσαν,
2940 4358 3188 4428 φρουρὰν
3218 4358 3507 4429 ἐπέστησε
3546 4354 3807 4428 Τριδαλι-

2211 4450 2347 4517 κήν·
2401 4449 2641 4517 συνῆσαν
2682 4449 2791 4519 γὰρ
2845 4448 2996 4517 αὐτῷ
3059 4448 3202 4520 ὑπὲρ
3243 4451 3687 4515 πεντακοσίους,
3730 4446 3809 4525 ,ὥς

520 4541 680 4585 extra
709 4532 971 4602 Oppidum
1019 4530 1357 4590 habitabant,
1401 4529 1818 4599 impressionem
1861 4529 2101 4584 hostium

2212 4540 2449 4607 ἐλέγετο.
2494 4539 2636 4601 Τοὺς
2687 4538 2871 4608 μέντοι
2931 4538 3041 4591 τῶν
3084 4537 3286 4609 τειχῶν
3341 4540 3652 4605 οἰκοῦντας
3681 4537 3808 4605 ἐξω,

524 4632 853 4687 metuentes,
884 4633 940 4679 et
966 4621 1219 4678 Triballis
1245 4638 1340 4677 cos
1369 4622 1513 4677 intra
1542 4622 1740 4677 mantia
1773 4635 1884 4673 non
1911 4620 2109 4676 admit-

526 4718 785 4781 tentibus,
817 4726 871 4771 et
900 4716 1029 4786 quia
1060 4715 1286 4784 insuper
1316 4716 1385 4770 ab
1419 4715 1747 4784 imperatore
1772 4713 1917 4768 haud
1950 4722 2109 4768 erant

523 4806 712 4872 alieni,
738 4821 931 4863 omnes
963 4820 1239 4862 consensu
1277 4807 1333 4859 in
1377 4806 1501 4875 ejus
1531 4819 1590 4860 se
1631 4812 1955 4872 potestatem
1998 4812 2107 4859 tra-

528 4899 821 4964 diderunt,
870 4915 935 4956 ac
981 4900 1182 4954 milites
1227 4898 1467 4973 hospitio
1509 4904 1857 4967 receperunt.
1898 4896 2001 4962 Qui
2049 4898 2104 4951 in

529 4990 660 5046 urbe
690 4998 870 5053 erant,
900 4989 1000 5059 ipsi
1029 5004 1247 5060 quoque
1272 4989 1516 5058 partibus
1541 4987 1787 5054 ejusdem
1818 4988 2107 5044 vehemen-

526 5096 611 5139 ter
639 5084 992 5139 adbmrebant
1020 5099 1034 5138 ι
1071 5092 1251 5138 tamen
1283 5088 1507 5151 propter
1537 5095 1737 5135 uxores
1783 5096 1846 5134 ae
1881 5080 2104 5144 liberos,

526 5177 618 5245 qui
668 5177 722 5229 in
764 5176 945 5231 medio
979 5174 1328 5239 tenebantur,
1368 5173 1681 5228 necessario
1714 5172 1971 5228 Triballis
2003 5188 2106 5227 au-

523 5269 856 5324 scultabant.
883 5266 1069 5322 Tertio
1101 5267 1190 5322 die
1221 5266 1390 5334 parati
1426 5281 1636 5329 muros,
1666 5265 1938 5337 indigenis
1969 5282 2107 5336 prae-

526 5360 689 5428 cipue
716 5357 1102 5419 allicientibus,
1133 5364 1191 5411 et
1215 5356 1336 5425 capi
1369 5354 1559 5410 urbem
1601 5369 1758 5421 posse
1786 5353 2107 5409 ntﬁrmanti—

526 5450 631 5504 bus
656 5456 994 5519 oppugnant.
1030 5448 1137 5501 Sed
1182 5446 1313 5517 quia
1359 5461 1467 5500 non
1502 5445 1869 5513 undecunque
1896 5444 2095 5499 licebat

529 5540 809 5603 invadere,
841 5537 974 5592 locis
1007 5545 1064 5592 ut
1097 5524 1392 5608 plurimum
1439 5536 1591 5590 duris
1638 5543 1695 5589 et
1737 5536 1970 5604 asperis,
2011 5534 2104 5589 ubi

529 5630 766 5685 maxime
799 5629 1027 5684 dabatur
1059 5644 1338 5696 ascensus,
1371 5629 1558 5684 ﬂorem
1591 5629 1769 5697 ipsum
1800 5626 2108 5699 sagittario-

529 5737 650 5776 rum
672 5721 1015 5777 constituens
1034 5722 1330 5792 imperator
1346 5728 1777 5792 propugnatores
1799 5717 2105 5788 propellere

527 5814 702 5887 jubet.
730 5811 838 5867 Alii
866 5814 1138 5872 testudine
1164 5814 1306 5872 facta
1349 5814 1417 5870 ad
1456 5827 1643 5868 muros
1677 5820 1863 5879 ruunt,
1900 5826 2104 5882 eosque

2210 4631 2324 4684 οὔτ’
2346 4633 2545 4703 αὐτοὺς
2586 4631 2674 4685 εἶα
2705 4633 2785 4693 είς
2827 4631 2927 4700 τὴν
2959 4630 3117 4684 πόλιν
3144 4631 3407 4699 εἰσιέναι,
3450 4632 3585 4687 οὔτε
3617 4631 3814 4694 παῖδας

2210 4723 2513 4793 είσεδέχετο
2572 4721 2666 4775 καί¹
2716 4722 2984 4789 γυναῖκας
3008 4737 3023 4751 °
3080 4720 3196 4774 ἀλλ’
3247 4721 3483 4777 ἐκέλευε
3545 4728 3660 4793 πρὸ
3705 4720 3812 4775 τῶν

2208 4814 2400 4867 οἰκιῶν
2446 4812 2689 4875 ἑστῶτας
2746 4812 3039 4881 μάχεσθαι,
3094 4811 3481 4883 δυσπροσόδου
3537 4816 3695 4880 δντος
3723 4811 3812 4868 τοῦ

2209 4906 2439 4975 χωρίου,
2478 4905 2575 4958 καὶ
2627 4905 3016 4975 χαλεπωτάτου
3048 4905 3161 4965 τοῖς
3191 4905 3475 4964 ἐπιοῦσιν.
3498 4908 3679 4977 pem
3716 4905 3812 4975 μιν

2208 4993 2305 5050 οὖν
2355 4998 2561 5059 ἐκεῖνος
2621 4996 3042 5066 παρεσκεύαστο
3090 4997 3228 5067 πρὸς
3289 4998 3401 5070 τὴν
3463 4997 3814 5069 πολιορκίαν.

2220 5085 2474 5153 Ἐλέγετο
2518 5084 2575 5137 δὲ
2633 5085 2727 5138 καὶ
2782 5086 2860 5149 ὡς
2905 5084 3059 5160 ’ἄκων
3111 5087 3497 5159 κατασχεθείη
3557 5087 3702 5157 πρὸς
3748 5086 3812 5155 τῇ

2209 5169 2390 5230 πόιι.
2448 5173 2667 5229 Μᾶλλον
2714 5175 2824 5245 γὰρ
2873 5174 3125 5228 ἐϐούλετο
3176 5178 3540 5248 φυγομαχεῖν
3574 5177 3671 5230 ἐπὶ
3715 5173 3814 5237 τὰς

2207 5266 2308 5334 τῆς
2340 5265 2637 5330 Θετταλίας
2669 5267 2876 5331 πόλεις.
2913 5267 2978 5321 Οἱ
3009 5268 3259 5330 συνόντες
3290 5267 3357 5319 δὲ
3406 5270 3705 5342 παρῄνουν
3736 5265 3812 5333 μὴ

2205 5356 2305 5427 τὴν
2336 5357 2492 5410 πόλιν
2548 5357 2814 5411 ἐκλιπεῖν·
2845 5358 2920 5415 ὡς
2957 5360 3007 5412 εί
3052 5357 3259 5428 ταύτης
3289 5361 3683 5431 περιγένοιτο,
3717 5353 3813 5412 καὶ

2206 5447 2510 5502 Θετταλίαν
2555 5451 2738 5502 πᾶσαν
2796 5449 3122 5514 καθέξοντος
3180 5450 3466 5521 βασιλέως
3521 5450 3809 5521 ἀσφαλῶς.

2207 5535 2306 5601 Οἷς
2346 5539 2674 5610 πειθόμενος
2711 5540 2974 5611 ὑπέμεινε
3015 5541 3116 5612 τὴν
3147 5541 3505 5610 πολιορκίαν.
3540 5539 3812 5603 Βασιλεὺς

2206 5630 2263 5683 δὲ
2288 5631 2411 5684 ἐπεὶ
2453 5633 2622 5700 ἐγγὺς
2656 5632 2756 5702 τῆς
2788 5633 2997 5698 πόλεως
3029 5634 3570 5706 ἐστρατοπεδεύετο,
3612 5634 3812 5706 πρῶτα

2212 5722 2313 5793 μὲν
2345 5723 2439 5775 ἐπὶ
2487 5722 2782 5792 λεηλασίαν
2816 5723 3035 5794 ἔπεμπε
3079 5725 3179 5795 τὴν
3228 5724 3535 5795 στρατιὰν,
3592 5726 3815 5795 ὀλίγους

2211 5815 2268 5871 ἐν
2290 5814 2367 5887 τῷ
2398 5817 2750 5889 στρατοπέδῳ
2778 5815 3094 5888 κατασχών·
3129 5817 3226 5871 καὶ
3252 5814 3324 5870 ἐκ
3359 5834 3424 5873 τε
3456 5820 3655 5877 αὐτῶν
3677 5821 3811 5890 Σερ-
