4028 6470
301 350 400 423 HQ

1452 357 1992 424 msronmnun
2031 354 2264 422 LIBER
2302 338 2421 424 1v;

3452 357 3551 421 150

299 468 425 522 σίων
462 465 697 521 καὶτῶν
722 463 1153 538 ⁸περικειμένων
1204 467 1408 539 κωμῶν
1454 470 1656 540 πολλὴν
1710 471 1861 527 λείαν

1981 471 2337 540 perfodientes
2381 477 2674 540 penetrant
2708 488 2721 526 :
2754 471 3090 542 contigitque
3134 471 3277 526 intra
3325 471 3547 526 domum

295 561 511 629 ἄγοντες
527 559 803 629 ἐπανῆκον
838 558 1103 629 Ῥωμαῖοί
1128 576 1186 612 τε
1218 561 1313 613 καὶ
1341 559 1848 633 βάρϐαροιὸμοίως.

300 651 522 704 Ἔπειτα
548 651 842 722 ἐγγύτερον
876 650 1183 721 γενόμενοι,
1216 652 1697 723 παρεσκευάζοντο
1723 655 1858 723 πρὸς

294 743 390 811 τὴν
410 741 784 812 τειχομαχίαν.
810 743 873 795 Οἱ
901 741 993 794 ἐπὶ
1022 744 1123 811 τῆς
1168 743 1275 809 ἔξω
1311 743 1368 797 δὲ
1403 743 1641 813 Σερϐίων
1675 762 1856 798 συνοι-

295 834 439 896 κίας,
478 834 577 903 τήν
619 850 677 887 τε
735 833 1003 904 βασιλέως
1056 834 1355 899 δεδοικότες
1382 835 1592 904 ἔσοδον,
1626 837 1860 890 καὶτῶν

292 924 576 995 Τριϐαλῶν
615 926 696 989 είς
731 925 833 996 τὴν
864 927 1019 980 πόλιν
1070 929 1131 981 οὐ
1179 929 1654 1002 προσδεχομένων,
1681 931 1861 996 ἄλλως

293 1034 353 1069 τε
400 1016 494 1070 καὶ
548 1017 616 1069 τά
673 1016 937 1089 βασιλέως
989 1019 1193 1088 μᾶλλον
1263 1022 1558 1093 ᾑρημένοι,
1607 1025 1760 1094 κοινῇ
1801 1040 1861 1077 τε

297 1110 496 1172 πᾶντες
555 1111 622 1162 έκ
661 1110 1007 1181 συνθήματος
1058 1114 1445 1185 προσεχώρουν
1488 1115 1735 1186 βασιλεῖ,
1768 1119 1863 1173 καὶ

296 1200 393 1269 τὴν
449 1200 710 1270 στρατιὰν
771 1201 1037 1272 ἐδέχοντο,
1086 1205 1179 1257 καὶ
1222 1204 1459 1270 ἐξένιζον
1494 1208 1589 1261 ἐπὶ
1637 1208 1745 1262 τῶν
1780 1211 1861 1263 oi-

296 1291 454 1345 κιῶν.
486 1293 551 1345 Οί
588 1292 642 1345 δὲ
671 1292 817 1347 ἔνδον
881 1295 976 1348 καὶ
1016 1297 1170 1350 αὐτοὶ
1217 1297 1316 1369 μὲν
1347 1299 1414 1353 τὰ
1459 1300 1725 1371 βασιλέως
1755 1304 1863 1374 μάο

298 1383 458 1437 λιστα
489 1384 720 1456 ᾑροῦντο
744 1426 760 1451 ,
799 1389 1077 1460 ἐχομένων
1123 1391 1180 1445 δὲ
1229 1392 1337 1445 τῶν
1389 1393 1594 1447 παίδων
1629 1396 1725 1448 καὶ
1753 1396 1865 1448 τῶν

296 1478 621 1544 γυναικῶν,
670 1478 984 1547 ἀναγκαίως
1055 1484 1349 1554 προσεῖχον
1415 1485 1724 1554 Τριϐαλοίς.
1769 1489 1864 1552 Εἰς

295 1569 490 1640 τρίτην
511 1568 567 1623 δὲ
590 1570 803 1642 ἡμέραν
842 1578 1406 1647 παρασκευασάμενοι
1446 1580 1862 1651 έτειχομάχουν,

294 1662 391 1715 καὶ
433 1664 543 1715 τῶν
572 1665 855 1735 δγχωρίων
893 1669 1130 1737 μάλιστα
1181 1671 1603 1748 ἐφελκομένων,
1645 1678 1740 1727 καὶ
1765 1675 1866 1729 οὐκ

296 1754 560 1811 ἀδύνατον
591 1759 1077 1833 ἐπαγγελλομένων
1116 1764 1214 1835 τὴν
1250 1766 1584 1837 παράληψιν.
1630 1768 1784 1822 Ἐπεὶ
1809 1768 1867 1822 δὲ

296 1844 358 1896 οὔ
405 1848 748 1917 πανταχόθεν
801 1849 931 1921 ἐξῆν
978 1850 1383 1922 προσϐάλλειν,
1416 1857 1746 1927 ἀποκρότων
1790 1859 1867 1925 ὼς

296 1934 646 1990 ὲπιπλεῖστον
686 1938 782 1993 καὶ
824 1938 1081 2013 σκληρῶν
1123 1944 1233 1996 τῶν
1277 1945 1464 2000 τόπων
1518 1948 1710 2014 ὄντων,
1739 1948 1870 2003 ἔνθα

299 2027 545 2096 μάλιστα
579 2028 706 2099 ὲξῆν
739 2032 1094 2103 προσϐαίνειν
1136 2035 1198 2088 τὸ
1243 2040 1540 2109 κράτιστον
1578 2038 1688 2093 τῶν
1714 2041 1870 2106 τοξο-

295 2120 403 2174 τῶν
459 2122 772 2192 ἐπιστήσας
825 2125 853 2178 ὁ
904 2125 1196 2196 βασιλεὺς,
1237 2129 1462 2182 ἐκέλευε
1518 2133 1632 2195 τοές
1692 2133 1871 2201 τόξοις

295 2212 562 2282 χρῆσθαι,
601 2216 697 2268 καὶ
733 2216 1009 2288 ἀνείργειν
1061 2220 1187 2283 τοὺς
1230 2222 1635 2292 ἀμυνομένους.
1683 2224 1871 2280 Ἄλλοι

298 2304 355 2358 δὲ
382 2305 619 2371 ἀσπίδας
651 2307 970 2375 ὑποδύντες,
1009 2311 1382 2381 προσέϐαλλὸν
1410 2330 1468 2366 τε
1500 2317 1613 2379 τοῖς
1641 2316 1871 2388 τείχεσι,

305 2396 401 2448 καὶ
422 2394 735 2466 διώρυττον.
767 2398 966 2470 Ἔτυχε
998 2398 1054 2452 δὲ
1082 2398 1142 2452 τὸ
1175 2399 1472 2471 διόρυγμα,
1506 2404 1659 2467 ἐντὸς
1694 2405 1872 2469 οἰκίας

320 2478 451 2538 εἶναι
480 2485 644 2556 κενῆς
694 2488 1030 2560 ἀνθρώπων·
1063 2492 1186 2544 ἐπεὶ
1226 2491 1285 2546 δὲ
1342 2494 1445 2564 ήδη
1496 2494 1831 2567 διορώρυκτο
1856 2537 1872 2563 ,

320 2578 407 2628 καὶ
448 2576 668 2648 ἔμελλον
725 2581 958 2637 εἰσιέναι
992 2624 1008 2649 ,
1062 2585 1095 2652 ἠ
1145 2583 1246 2653 τῆς
1307 2586 1486 2650 οἰκίας
1533 2588 1874 2653 δεσπόζουσα

309 2666 517 2738 ἐκείνης
563 2671 707 2724 κατά
764 2671 935 2743 τύχην
998 2673 1340 2741 εἰσελθοῦσα,
1382 2678 1476 2730 καὶ
1507 2679 1874 2753 ἁλισκομένην

302 2757 399 2829 τὴν
422 2761 576 2814 πόλιν
605 2761 938 2835 αἰσθομένη,
973 2763 1069 2839 βοῇ
1098 2782 1159 2820 τε
1192 2768 1418 2839 ἐχρῆτο,
1453 2771 1549 2825 καὶ
1589 2774 1874 2828 συνεκάλει

299 2853 425 2914 τοὺς
452 2853 852 2922 ἀμυνομένους.
889 2857 952 2909 Ol
995 2857 1051 2911 δὲ
1101 2860 1361 2930 παρῆσαν
1412 2860 1532 2931 ἆμα
1581 2862 1661 2934 τῷ
1694 2863 1878 2919 αἰσθέ-

297 2943 451 3006 σθαι,
507 2945 771 3010 καὶτοὺς
812 2947 1197 3018 διορύττοντας
1247 2949 1574 3021 βάλλοντες,
1632 2956 1878 3023 ἀφίστων

294 3035 407 3089 τῶν
435 3037 663 3107 τειχῶν.
686 3040 835 3109 Ἀμα
878 3040 937 3093 δὲ
968 3043 1061 3096 καὶ
1091 3042 1317 3114 ὄμϐρων
1352 3046 1637 3116 ραγδαίων
1683 3049 1880 3121 ἐπενη-

1970 562 2242 617 ιιιωιιίὺυε
2274 563 2593 625 merentem.
2627 562 2940 618 hominibus
2970 577 3191 616 vacuam
3225 561 3418 620 veniri.
3457 576 3555 631 per

1965 668 2127 722 quam
2160 669 2285 708 cum
2333 667 2394 708 se
2444 653 2500 707 in
2534 652 2725 707 urbem
2760 652 3057 708 immissnri
3088 660 3295 717 essent,
3331 652 3554 705 domina

1965 743 2161 800 domus
2183 761 2311 800 casu
2329 745 2593 817 ingressa,
2615 744 2983 815 oppidumque
3006 755 3222 813 captum
3238 743 3552 801 advertens.

1968 835 2109 889 elato
2136 835 2374 890 clamore
2406 844 2814 905 propugnantes
2851 843 3135 889 convocat.
3168 833 3247 888 l:li
3276 833 3553 901 extemplo

1970 936 2287 994 accurrunt,
2318 926 2700 996 fodientesque
2740 927 2939 994 iaculis
2971 941 2999 979 a
3053 941 3207 980 lllltl‘O
3249 925 3551 993 depellunt.

1969 1016 2215 1089 Cumque
2269 1017 2324 1072 in
2382 1019 2501 1089 ipso
2548 1018 2893 1089 potissimum
2959 1017 3178 1072 fervore
3235 1014 3555 1070 certaminis

1973 1110 2150 1166 imber
2173 1110 2400 1166 elIusius
2428 1109 2671 1176 caderet,
2701 1125 2896 1165 manus
2923 1109 3013 1164 illa
3046 1124 3075 1164 a
3107 1123 3287 1179 pugna
3320 1105 3552 1164 destitit.

1973 1208 2137 1272 atque
2186 1203 2243 1257 in
2292 1212 2470 1258 castra
2515 1200 2763 1267 recessit,
2814 1200 3035 1271 quando
3086 1198 3248 1255 simul
3293 1198 3554 1252 adversus

1972 1294 2202 1350 imbrem
2291 1304 2344 1350 et
2396 1295 2608 1350 hostem
2659 1292 2925 1348 dimicare
2976 1307 3087 1346 non
3139 1299 3382 1362 poterat,
3439 1297 3556 1343 tuto

1971 1399 2135 1454 supra
2162 1399 2352 1442 muros
2383 1392 2639 1447 stantem,
2666 1397 2792 1438 cum
2835 1381 2936 1452 ipsi
2971 1380 3285 1437 fallentibus
3315 1379 3557 1449 vestigiis

1973 1475 2134 1531 toties
2158 1475 2210 1529 in
2235 1474 2408 1530 lutum
2431 1475 2863 1546 prolaberentur.
2886 1472 3184 1543 imperator
3206 1486 3423 1542 quoque
3445 1469 3560 1540 pri-

1975 1583 2124 1623 mum
2160 1568 2423 1637 impetum
2456 1565 2875 1624 fuisse'irritum
2899 1580 3151 1627 cernens,
3173 1575 3225 1618 et
3254 1563 3419 1619 armis
3438 1563 3556 1634 cogi

1975 1676 2137 1731 posse
2172 1659 2492 1731 desperans,
2517 1670 2572 1715 et
2595 1668 2814 1730 propter
2849 1658 3080 1713 imbrem
3123 1665 3287 1725 alque
3319 1655 3557 1709 hiemem

1972 1755 2293 1810 continuare
2315 1752 2656 1808 obsidionem
2675 1768 2782 1807 non
2804 1750 3012 1813 valens,
3030 1749 3342 1804 Berrlneam
3362 1747 3560 1815 rediit;

1969 1862 2133 1917 quem
2156 1844 2457 1903 suburbani
2485 1844 2800 1902 Serviorum
2836 1842 3096 1915 prmcipui
3129 1856 3320 1897 omnes
3362 1849 3563 1911 prxtrr

1973 1956 2198 2011 paucos,
2255 1957 2378 1996 cum
2433 1940 2620 1996 liberis
2665 1948 2720 1995 et
2759 1938 3044 2004 uxoribus,
3097 1937 3162 1992 de
3210 1932 3563 1989 facultatibus

1971 2037 2086 2092 suis
2108 2049 2217 2089 non
2236 2035 2354 2104 plus
2371 2033 2658 2099 habentes,
2676 2046 2840 2103 quam
2876 2038 3162 2100 asportare
3199 2040 3383 2083 secum
3410 2032 3564 2094 pote-

1972 2136 2117 2192 rant,
2137 2126 2311 2183 secuti
2329 2133 2477 2181 sunt.
2508 2125 2696 2196 Neque
2721 2125 2779 2180 id
2800 2123 3074 2178 faciebant
3092 2122 3161 2175 ob
3177 2133 3417 2174 amorem
3434 2130 3564 2187 erga

1973 2221 2357 2293 imperatorem
2392 2220 2789 2285 tantummodo,
2803 2220 2896 2274 sed
2909 2217 3049 2288 quod
3062 2217 3229 2272 etiam
3245 2230 3275 2269 a
3288 2210 3567 2285 Triballis,

1973 2314 2019 2370 si
2071 2316 2155 2372 eis
2212 2314 2451 2385 amplius
2483 2314 2796 2380 subessent,
2840 2309 3168 2366 defectionis
3191 2323 3304 2363 suae
3337 2301 3571 2376 praemia

1974 2422 2165 2478 parum
2190 2407 2337 2463 bona
2353 2405 2769 2477 exspectabant.
2788 2403 2986 2459 Adhuc
3026 2408 3222 2471 agente
3264 2397 3409 2468 apud
3428 2396 3565 2451 Ber-

1974 2488 2183 2555 rhmam
2206 2501 2535 2571 imperatore
2552 2514 2621 2554 ex
2635 2495 2996 2553 nobilissimis
3012 2492 3265 2556 urbibus,
3283 2505 3404 2561 qua:
3424 2488 3569 2543 anti-

1975 2594 2161 2662 quitus
2172 2590 2435 2647 Romanis
2452 2590 2731 2661 parebant.
2743 2589 2966 2661 jamque
2981 2585 3072 2640 diu
3086 2580 3343 2638 Triballis
3360 2579 3569 2635 servie-

1977 2689 2119 2746 rant,
2141 2682 2430 2737 veniebant
2446 2681 2540 2755 qni
2557 2680 2694 2737 clam
2712 2676 3565 2750 colloquerentur,‘rogarentque

1978 2773 2046 2828 ad
2067 2789 2125 2829 se
2150 2775 2388 2848 veniret,
2409 2773 2603 2845 ejectis
2619 2771 2880 2828 Triballis
2898 2771 3050 2826 illum
3066 2777 3437 2838 suscepturos.
3458 2764 3568 2820 Nec

1979 2883 2046 2925 ex
2060 2867 2181 2924 aliis
2199 2867 2463 2923 duntaxat
2480 2866 2729 2933 urbibus,
2746 2880 2937 2921 verum
2950 2863 3114 2919 etiam
3133 2879 3198 2917 ex
3215 2862 3337 2931 ipsa
3349 2859 3577 2929 Scopia,

1981 2977 2101 3033 qua:
2122 2960 2301 3017 Cralis
2335 2961 2483 3032 regia
2505 2969 2747 3031 putatur,
2765 2975 2931 3030 quam
2956 2957 3188 3012 Michael
3210 2971 3275 3010 ex
3301 2953 3566 3010 Pala’olou

1981 3054 2064 3124 gis
2105 3054 2316 3123 primus
2364 3055 2660 3123 imperator
2683 3066 2713 3106 a
2738 3052 2984 3107 Romano
3011 3049 3243 3120 imperio
3267 3046 3570 3115 separavit,

295 3128 584 3198 νεγμένων
636 3131 695 3183 ὲν
727 3132 862 3202 αὐτῇ
899 3132 1134 3202 μάλιστα
1177 3134 1281 3204 τῆς
1329 3138 1510 3208 μάχης
1535 3141 1603 3211 τῇ
1635 3139 1811 3213 ἀκμῇ,
1842 3142 1874 3213 ἦ

1983 3146 2142 3218 legati
2176 3148 2353 3217 palam
2397 3146 2550 3200 urbis
2578 3145 2801 3199 nomine
2838 3133 3132 3205 venerunt,
3162 3155 3286 3194 eum
3320 3139 3385 3194 ad
3417 3153 3478 3194 se
3510 3138 3570 3193 in

293 3237 354 3272 τε
391 3220 533 3292 ἄλλη
569 3224 799 3294 στρατιὰ
853 3225 1133 3281 ἐπέπαυτο
1172 3229 1269 3281 καὶ
1308 3229 1578 3302 ἀνεχώρει
1629 3233 1768 3302 πρὸς
1818 3235 1874 3288 τὸ

1982 3241 2316 3297 deditionem
2345 3238 2694 3309 accipiendos
2728 3235 3045 3291 invitantes.
3079 3233 3244 3304 779
3271 3230 3405 3285 Nam
3436 3229 3571 3286 Cra-

297 3313 692 3383 στρατόπεδον·
728 3316 789 3369 οὐ
839 3316 1116 3390 δυναμένη
1176 3319 1315 3391 πρός
1357 3338 1418 3375 τε
1456 3321 1699 3395 ὄμϐρους
1741 3326 1878 3395 ὁμοῦ

292 3407 395 3458 καὶ
432 3406 735 3475 πολεμίους
771 3407 1042 3478 μάχεσθαι
1075 3411 1336 3481 ἀσφαλῶς
1365 3415 1608 3480 ἑστῶτας
1642 3418 1735 3471 ἐπὶ
1770 3417 1882 3473 τῶν

293 3501 517 3573 τειχῶν,
583 3502 742 3556 αὐτοὶ
788 3503 1233 3570 διολισθαίνοντες
1294 3508 1363 3563 τὰ
1413 3509 1582 3564 πολλά
1627 3512 1764 3583 πρὸς
1788 3516 1882 3568 τὸν

295 3592 494 3659 πηλόν.
534 3593 647 3646 Καὶ
674 3595 702 3647 ὁ
737 3592 987 3664 βασιλεὺς
1014 3598 1136 3652 ἐπεὶ
1174 3598 1512 3673 διημάρτανε
1541 3602 1642 3674 τῆς
1670 3603 1882 3670 πόλεως

302 3684 440 3751 πρὸς
489 3684 599 3755 τὴν
631 3687 851 3757 πρώτην
896 3689 1266 3762 ἐπιχείρησιν,
1295 3693 1415 3744 τότε
1447 3693 1734 3762 βιάζεσθαι
1768 3693 1883 3762 τοῖς

298 3778 490 3840 ὅπλοις
525 3778 822 3846 ἀπογνοὺς,
856 3780 951 3835 καὶ
1001 3782 1137 3853 πρὸς
1176 3782 1236 3836 τὸ
1282 3784 1594 3857 πολιορκεῖν
1627 3786 1718 3842 διά
1753 3790 1883 3854 τοὺς

297 3870 543 3941 δμϐρους
609 3872 706 3925 καὶ
756 3872 846 3926 τὸν
900 3875 1148 3946 χειμῶνα
1189 3877 1466 3942 ἀδυνάτως
1511 3878 1671 3951 ἔχων,
1724 3878 1884 3947 αὖθις

300 3964 638 4034 ἀνέστρεψεν
684 3967 763 4030 είς
793 3966 1076 4037 Βέρῥοιαν·
1114 3970 1341 4025 εἵποντο
1369 3972 1427 4026 δὲ
1462 3973 1556 4026 καὶ
1597 3975 1647 4026 οί
1685 3975 1750 4029 ἐκ
1778 3977 1882 4047 τῆς

304 4056 411 4120 ἔξω
446 4057 688 4128 Σερϐίων
746 4059 1022 4126 συνοικίας
1076 4062 1216 4132 πλὴν
1270 4063 1470 4130 ὀλίγων
1504 4067 1725 4132 πάντες,
1767 4070 1882 4125 ὅσοι

324 4150 547 4214 μάλιστα
614 4153 669 4203 έν
712 4151 856 4222 λόγῳ
909 4147 1049 4223 ἦσαν
1081 4154 1198 4224 ἅμα
1249 4157 1466 4224 γυναιξὶ
1514 4160 1611 4211 καὶ
1649 4159 1883 4227 τέκνοις,

330 4243 479 4312 δλὶγα
505 4247 719 4319 ἔχοντες
746 4249 809 4301 ὲκ
841 4252 940 4318 τῆς
985 4250 1197 4315 οὐσίας,
1230 4252 1330 4305 ὅσα
1374 4252 1564 4322 φέρειν
1609 4248 1751 4326 ἦσαν
1793 4253 1886 4308 δυ-

331 4337 506 4388 νατοὶ’
533 4341 595 4393 οὐ
631 4339 794 4409 μόνον
826 4341 912 4395 διὰ
941 4340 1040 4412 τὴν
1072 4341 1210 4413 πρὸς
1240 4342 1469 4411 βασιλέα
1500 4341 1739 4412 εὔνοιαν,
1767 4344 1883 4399 ἀλλ’

1982 3333 2085 3394 les,
2127 3333 2219 3403 qui
2254 3341 2382 3388 tunc
2426 3332 2478 3386 in
2529 3330 2754 3387 Paeonas
2786 3336 3052 3394 moverat,
3091 3336 3149 3380 ut
3180 3328 3567 3395 imperatorem

1983 3427 2313 3483 adventasse
2352 3426 2581 3489 audivit,
2619 3438 2931 3495 quanquam
2973 3423 3202 3477 haberet
3251 3420 3439 3489 copias
3484 3417 3570 3471 ia—

1984 3527 2195 3590 gentes,
2235 3534 2341 3573 non
2388 3532 2449 3574 se
2500 3517 2573 3571 illi
2621 3516 2858 3571 audebat
2900 3528 3183 3585 opponere
3211 3531 3227 3568 :
3260 3511 3356 3566 sed
3382 3507 3570 3565 omnia

1984 3611 2192 3667 ducens
2245 3610 2301 3664 in
2352 3608 2593 3664 minimis
2641 3605 2953 3662 conﬂictum
2997 3604 3217 3660 volebat
3267 3600 3567 3656 declinare.

1984 3701 2141 3759 Unde
2170 3701 2332 3758 etiam
2372 3716 2494 3757 cum
2531 3698 2742 3769 Scopiae
2775 3697 2925 3753 cives
2957 3696 3228 3767 legatione
3260 3693 3427 3749 missa
3469 3691 3573 3745 im-

1984 3805 2305 3869 peratorem.
2325 3793 2542 3850 Infestis
2571 3791 2742 3865 signis
2767 3790 2834 3845 ad
2861 3806 2922 3845 se
2948 3788 3172 3844 tendere
3199 3786 3569 3846 nuntiassent,

1985 3889 2360 3958 auxiliumque
2410 3886 2823 3957 poposcissent,
2864 3882 3103 3954 primum
3151 3878 3370 3949 quidem
3416 3889 3572 3944 spem

1987 3978 2246 4043 faciebat,
2293 3978 2337 4033 si
2390 3976 2623 4031 Romani
2671 3975 2824 4044 ipsos
2870 3972 3239 4027 adorirentur.
3278 3967 3352 4023 Ut
3385 3974 3574 4021 autem

1987 4070 2131 4127 fama
2157 4070 2224 4126 de
2249 4068 2673 4125 adventantibus
2701 4064 2965 4120 Romanis
3010 4061 3368 4130 barbarisque
3396 4058 3577 4113 incre-

1987 4163 2127 4228 buit,
2162 4172 2538 4231 terroremque
2573 4156 2895 4229 duplicavit,
2924 4153 3219 4209 manifeste
3250 4166 3407 4221 opem
3444 4147 3578 4203 Sco-

1987 4253 2272 4326 pionsibus
2301 4249 2542 4321 negavit,
2596 4249 2844 4310 hortans,
2876 4253 2936 4300 ut
2961 4243 3286 4312 semetipsos
3316 4254 3414 4310 pro
3443 4237 3576 4292 viri-

1986 4344 2092 4400 bus
2120 4342 2495 4406 defensarent,
2531 4355 2590 4395 se
2624 4340 2680 4393 in
2708 4334 3094 4409 praesentiaad
3119 4348 3216 4388 eos
3250 4330 3437 4386 venire
3467 4343 3577 4382 non

315 4425 397 4479 ὅτι
451 4430 540 4483 καὶ
587 4431 651 4483 ἐκ
695 4429 977 4501 Τριϐαλῶν
1032 4432 1186 4486 οὐδὲν
1239 4432 1327 4488 διὰ
1386 4434 1485 4502 τὴν
1541 4435 1874 4491 ἀποστασίαν

1986 4454 2172 4509 posse.
2203 4437 2283 4492 Illi
2317 4434 2596 4493 communi
2643 4432 2875 4491 consilio
2904 4445 3117 4501 magnae
3149 4423 3436 4483 dementiae
3484 4421 3580 4477 tri-

313 4522 544 4593 ῆλπισαν
593 4524 850 4588 ἐπιεικὲς,
897 4526 945 4577 εἰ
987 4523 1232 4593 γένοιντο
1284 4524 1372 4578 ἐπ’
1415 4527 1625 4592 αὐτοῖς.
1663 4527 1786 4581 Ἔτι
1825 4526 1874 4580 δὲ

1989 4505 2266 4587 buendum
2327 4539 2670 4593 statuentes,
2730 4525 2838 4581 illis
2889 4524 3180 4585 resistere,
3245 4514 3577 4588 quibuscum

310 4616 366 4666 ἐν
404 4615 642 4687 Βερροίᾳ
687 4616 948 4687 βασιλέως
973 4616 1365 4689 διατρίϐοντος,
1399 4620 1464 4673 ὲκ
1500 4619 1610 4672 τῶν
1643 4618 1881 4690 μάλιστα

308 4706 604 4777 ἐπισήμων
643 4708 850 4762 πόλεων
894 4707 957 4763 αἱ
998 4708 1288 4781 Ῥωμαίων
1343 4710 1444 4782 μὲν
1479 4704 1621 4782 ἦσαν
1647 4711 1882 4782 ὑπήκοοι

312 4800 373 4853 τδ
406 4803 659 4871 ἀρχαῖον,
702 4801 893 4872 χρόνον
939 4801 997 4855 δὲ
1039 4801 1363 4856 ὲδούλευσαν
1398 4804 1500 4858 οὐκ
1540 4803 1723 4872 ὀλίγον
1753 4803 1884 4874 Τρι-

314 4893 537 4959 ϐαλοίς,
588 4886 723 4968 ἦχον
764 4894 1138 4966 διαλεγόμενοι
1198 4897 1381 4968 κρύφα
1412 4937 1427 4960 ,
1487 4898 1583 4951 καὶ
1639 4896 1886 4968 δεόμενοι

313 4986 468 5055 ἥκειν
522 4987 655 5059 παρ’
706 4986 904 5050 αὐτοὺς
937 5027 951 5048 ,
1015 4986 1089 5052 ὡς
1140 4988 1504 5058 εἰσδεξάμενοι
1554 4987 1882 5051 ἐκϐαλόντες

314 5082 739 5153 τριϐαλ.ούς.ξοὐ
776 5083 938 5152 μόνον
970 5080 1025 5134 δὲ
1050 5082 1114 5136 ὲκ
1136 5083 1243 5136 τῶν
1277 5083 1473 5146 ἄλλων,
1511 5083 1649 5138 ἀλλὰ
1701 5084 1796 5137 καὶ
1819 5082 1881 5148 ἐξ

316 5177 474 5247 αὐτῆς
525 5176 793 5239 Σκοπιᾶς,
823 5173 857 5245 ἢ
895 5173 1044 5227 δοκεῖ
1070 5173 1317 5244 βασίλεια
1362 5176 1557 5248 Κράλη
1595 5171 1734 5229 εἶναι
1769 5176 1882 5229 ἀπὸ

316 5271 397 5326 τοῦ
426 5271 695 5344 βασιλέως
721 5269 821 5323 τοῦ
851 5266 1071 5338 πρώτου
1099 5267 1210 5320 τῶν
1234 5268 1617 5337 Παλαιολόγων
1658 5267 1881 5339 Μιχαὴλ

310 5369 396 5439 τῆς
448 5367 743 5442 Ῥωμαίων
776 5362 959 5431 ἀρχῆς
992 5361 1408 5431 ὲκτετμημένη,
1441 5359 1704 5432 πρέσϐεις
1741 5354 1882 5432 ἧκον

298 5456 591 5533 ἀναφανδὸν
624 5455 745 5513 ἀπὸ
782 5450 888 5518 τῆς
913 5447 1121 5513 πόλεως
1151 5452 1303 5520 κοινῇ
1337 5450 1562 5521 βασιλέα
1586 5449 1883 5515 καλοῦντες

280 5550 425 5627 ᾔκειν
482 5553 580 5609 ἐπ’
632 5543 881 5604 αὐτοὺς,
931 5537 1006 5601 ὡς
1064 5538 1482 5609 παραδώσοντες
1539 5541 1638 5610 τὴν
1689 5541 1882 5597 πόλιν.

279 5647 331 5707 ιο
352 5648 589 5725 Κράλης
617 5642 743 5714 γὰρ
773 5633 882 5688 ἐπὶ
903 5629 1136 5725 fiction;
1164 5630 1597 5725 ἐστρατευμένος
1641 5631 1785 5725 τότε,
1807 5631 1885 5695 ὡς

249 5723 484 5806 ἐπύθετο
507 5733 775 5818 βασιλέα
810 5723 1078 5818 ὲπιοντα,
1120 5723 1300 5818 καίτοι
1330 5724 1589 5818 στρατιὰν
1617 5724 1880 5818 πλείστην

238 5848 367 5926 περὶ
388 5814 572 5904 αὐτὸν
605 5817 1031 5909 ῂθροισμέγην
1054 5814 1215 5886 ἔχων,
1234 5816 1714 5874 ἀντικαθίστασθαι
1743 5818 1880 5888 πρὸς

1996 4636 2184 4676 eorum
2236 4621 2493 4692 princeps
2540 4633 2667 4676 cum
2720 4625 2871 4672 tanto
2920 4614 3167 4670 exercitu
3214 4608 3421 4665 bellare
3470 4619 3581 4660 non

1998 4713 2247 4780 auderet,
2277 4711 2345 4767 ad
2390 4712 2779 4783 imperatorem
2827 4706 3052 4773 adeunt,
3085 4700 3372 4770 urbisque.
3418 4703 3580 4751 ante-

2000 4820 2163 4876 quam
2215 4803 2439 4859 duriora
2492 4801 2887 4872 experiantur,
2960 4794 3293 4851 deditionem
3349 4789 3580 4844 faciunt.

2001 4894 2352 4950 Postmodum
2396 4894 2584 4947 sedato
2625 4891 2821 4947 timore
2848 4888 2905 4944 in
2932 4885 3197 4961 judicium
3237 4900 3266 4937 a
3307 4881 3464 4938 Crale
3489 4894 3586 4935 vo-

1998 4985 2128 5050 cati,
2159 4994 2214 5039 et
2257 4982 2579 5039 defectionis
2623 4980 2885 5046 accusati,
2927 4977 3085 5033 facile
3129 4976 3334 5031 crimen
3378 4971 3585 5027 refuta-

2001 5084 2160 5143 runt,
2213 5075 2625 5146 archiepiscopo
2671 5088 2864 5129 eorum
2916 5077 3311 5142 cognoscente,
3347 5065 3440 5134 qui
3488 5078 3584 5120 eos

1999 5168 2135 5223 nihil
2181 5168 2445 5223 adversus
2488 5168 2803 5238 wquitatem
2838 5161 3136 5234 patravisse
3183 5155 3583 5232 pronuntiavit,

2000 5260 2045 5314 si
2072 5260 2229 5315 Crale
2259 5241 2480 5315 nolente
2507 5272 2852 5323 succurrere,
2881 5254 2977 5311 sed
3007 5256 3260 5308 hortante
3289 5260 3345 5305 ut
3375 5247 3588 5320 seipsos

2001 5362 2307 5416 tuerentur,
2341 5351 2415 5405 illi
2448 5350 2745 5421 prudenter
2790 5348 2892 5403 sibi
2939 5362 3003 5401 ac
3040 5342 3359 5401 salutariter
3386 5351 3589 5395 consu-

1998 5446 2208 5513 lentes,
2265 5443 2665 5515 potentioribus
2715 5455 2910 5513 parere
2963 5435 3373 5497 constituerint.
3430 5429 3586 5486 Adeo
3693 5487 3708 5500 ,

1999 5547 2132 5595 tunc
2172 5552 2363 5592 omnes
2396 5538 2557 5592 urbes
2584 5536 2867 5605 perculsa,
2893 5533 3056 5599 ultro,
3093 5531 3406 5601 priusquam
3447 5520 3584 5577 diri-

1996 5641 2278 5704 perentur,
2330 5631 2680 5702 imperatoris
2726 5643 2848 5683 esse
2895 5625 3210 5698 cupiebant.
3262 5618 3373 5673 Nec
3418 5615 3587 5670 urbes
3663 5656 3669 5661 .

1996 5726 2208 5790 solum,
2258 5725 2353 5780 sed
2400 5724 2561 5793 etiam
2615 5721 2984 5776 Triballorum
3032 5709 3437 5788 potentissimi,
3486 5705 3582 5777 qui

1998 5828 2157 5876 antea
2193 5818 2509 5889 imperatori
2541 5816 2773 5874 fuissent
2799 5813 2986 5879 amici,
3038 5818 3093 5865 et
3133 5808 3181 5911 ei
3214 5807 3441 5861 subesse
3466 5815 3587 5857 ma-
