4028 6482
454 397 551 464 151

1634 372 1959 467 ΙοΑζνΝιε
1997 404 2530 469 CANTACUZENI

3624 399 3732 473 152

450 508 706 574 luissem,
739 517 868 566 tunc
899 509 1061 566 etiam
1096 510 1270 583 magis
1298 512 1578 578 volebant,
1603 517 1701 572 sed
1732 518 1802 573 ob
1838 529 2037 575 metum

2148 519 2378 591 βασιλέα
2412 519 2512 574 οὐκ
2535 517 2759 590 ἐθάρρει
2786 532 2800 549 ·
2835 516 2975 574 ἀλλὰ
3013 517 3196 574 πάντα
3229 517 3532 590 προέμενος
3571 518 3734 573 ἐϐού·

450 609 665 655 secreto
691 616 816 655 cum
846 616 913 656 eo
945 604 1201 671 agebam,
1232 612 1288 657 et
1316 604 1384 659 ad
1416 619 1475 660 se
1508 605 1655 661 illum
1688 606 2038 676 allectabam,

451 707 647 748 omnes
674 700 936 762 quantam
982 703 1204 763 posmnt
1255 711 1413 765 Opem
1455 696 1633 752 eidem
1664 700 1902 755 allaturi.
1936 699 2038 756 Ve-

452 795 655 839 nerunt
698 796 753 840 et
797 787 906 841 duo
953 805 1016 840 cx
1065 788 1196 857 ipsis
1250 788 1567 860 transfugae,
1621 808 1849 861 quorum
1903 793 2039 847 alttr

449 877 861 934 illustrissimus
894 894 925 934 e
953 878 1129 935 Cralis
1159 878 1388 946 fatnilia,
1423 881 1749 951 Chlapaanus
1793 884 2035 950 nomine,

451 983 676 1022 manum
725 969 827 1023 sub
877 985 936 1024 se
990 985 1101 1024 non
1150 971 1611 1027 contemnendam
1670 973 1932 1040 habebat,
1983 983 2041 1029 et

452 1053 658 1109 divitiis
688 1056 925 1124 pollebat
955 1075 967 1109 :
998 1057 1135 1111 alter
1175 1073 1285 1112 non
1334 1058 1489 1112 valde
1532 1058 1737 1122 clarus,
1768 1070 1948 1115 tamen
1983 1069 2040 1115 et

449 1145 544 1200 ille
577 1146 795 1201 urbium
829 1147 1196 1215 praefecturas
1228 1160 1492 1221 gesserat,
1523 1152 1907 1223 exercitusque
1940 1156 2038 1207 du-

451 1246 715 1303 ctaverat,
750 1240 1120 1297 Tolistlilabus
1150 1242 1477 1312 appellatus.
1510 1244 1688 1315 Atque
1721 1245 1775 1300 hi
1811 1255 2040 1301 cateru-

450 1343 574 1382 rum
621 1328 974 1399 dynastarum
1021 1334 1350 1388 sententiam
1404 1336 1799 1404 decretumque
1848 1336 2041 1390 allere-

451 1418 605 1484 bant,
636 1421 681 1474 si
712 1420 925 1475 Cralem
953 1422 1258 1489 invaderet,
1289 1424 1461 1481 armis
1490 1424 1770 1493 suppetias
1806 1426 2036 1480 laturos.

451 1507 769 1579 Imperatori
791 1528 950 1583 pares
962 1513 1029 1569 ad
1050 1513 1454 1587 conﬂigendum
1480 1517 1667 1586 copias
1688 1532 1792 1571 non
1816 1516 2040 1571 habenti

450 1602 651 1669 visum,
701 1621 808 1658 non
860 1615 1118 1676 oportere
1140 1606 1340 1663 fretum
1365 1608 1769 1664 defectionibus
1792 1616 2038 1663 tantum-

451 1694 617 1749 modo
641 1696 945 1765 periculum
964 1697 1171 1766 subire,
1186 1699 1282 1755 sed
1301 1700 1624 1755 instructum
1660 1714 1760 1769 pro
1776 1707 2039 1769 opportu-

450 1786 621 1841 nitate
638 1786 695 1842 in
716 1787 931 1843 hostem
961 1788 1062 1844 ire.
1081 1792 1160 1845 Ac
1179 1801 1308 1845 tunc
1326 1790 1549 1861 quidem
1573 1789 1891 1862 praelectum
1907 1788 2038 1845 Ber-

2138 612 2263 666 λετο
2290 613 2658 683 φυγομαχεῖν.
2686 609 2852 665 Ὅθεν
2879 608 2978 665 καὶ
3026 610 3137 666 τῶν
3189 610 3432 676 Σκοπιᾶς
3490 609 3734 664 πολιτῶν

2139 704 2646 775 πρεσϐευσαμένων
2672 703 2813 774 πρὸς
2835 702 3023 770 αὐτὸν,
3056 703 3150 757 καὶ
3183 702 3285 772 τὴν
3319 700 3509 771 ἔφοδον
3540 703 3734 770 ἀπαγ-

2141 797 2446 868 γελλόντων
2500 797 2767 866 βασιλέως
2814 797 2911 852 καὶ
2938 796 3211 867 δεομένων
3261 795 3501 867 βοηθεῖν,
3536 797 3738 867 πρῶτα

2144 891 2243 961 μὲν
2301 890 2525 953 ἐλπίδας
2560 890 2854 960 παρείχετο
2913 889 2990 953 ὡς
3023 887 3331 960 βοηθήσων,
3380 888 3450 943 ἂν
3499 888 3737 942 ἐπίωσιν

2141 983 2328 1046 αὐτοῖς
2358 972 2658 1051 Ῥωμαῖοι.
2692 980 2865 1045 Ὠςσδέ
2902 980 3105 1053 μᾶλλον
3140 979 3521 1051 προσέπιπτον
3546 980 3603 1034 αἱ
3630 982 3741 1049 φῆ-

2144 1074 2651 1151 μαιίφοϐερὼτεραι
2680 1072 2792 1127 τῶν
2823 1071 3094 1127 ἐπιόντων
3129 1068 3420 1141 Ῥωμαίων
3469 1069 3569 1123 καὶ
3600 1069 3741 1140 βαρ-

2140 1164 2348 1235 ϐἀρων,
2392 1163 2646 1232 φανερῶς
2682 1160 2885 1215 ἀπεῖπε
2910 1159 3009 1230 τὴν
3042 1157 3373 1229 ἐπικουρίαν
3402 1159 3517 1220 τοῖς
3546 1158 3611 1211 ἐκ
3632 1160 3741 1229 τῆς

2140 1257 2417 1318 Σκοπιᾶς’
2453 1251 2673 1307 ἐκέλευέ
2712 1269 2772 1306 τε
2806 1250 3003 1317 σώζειν
3036 1251 3269 1315 ἐαυτοὺς
3308 1248 3386 1313 ὡς
3427 1250 3495 1304 ἂν
3525 1245 3632 1303 οἶοί
3672 1267 3739 1304 τε

2140 1339 2303 1399 ὦσιν·
2332 1346 2497 1398 αὐτὸν
2520 1343 2628 1412 γὰρ
2664 1342 2740 1411 μὴ
2766 1340 3032 1395 δύνασθαι
3059 1340 3122 1394 τὸ
3145 1339 3241 1395 νῦν
3263 1338 3387 1410 ἐχον
3414 1340 3572 1411 ἥκειν
3593 1339 3741 1409 πρὸς

2142 1434 2363 1499 αὐτούς.
2395 1434 2459 1488 Οἳ
2493 1433 2923 1505 βουλευσάμενοι
2957 1435 3137 1505 κοινῇ,
3174 1432 3271 1486 καὶ
3303 1431 3507 1502 πολλῆς
3543 1431 3741 1494 ἀνοίας

2140 1523 2281 1583 εἶναι
2322 1529 2609 1597 κρίναντες
2647 1526 3138 1580 ἀντικαθίστασθαι
3176 1519 3259 1590 οἷς
3302 1527 3331 1579 ό
3361 1524 3517 1592 σφῶν
3562 1523 3739 1578 δυνά-

2143 1634 2278 1687 στης
2313 1616 2588 1686 τοσαύτην
2640 1615 2784 1686 ἔχων
2828 1615 3063 1686 δύναμιν
3113 1616 3244 1670 ούκ-
3270 1615 3496 1687 ἐτόλμα,
3525 1616 3736 1687 ἤκουσε

2140 1707 2280 1778 πρὸς
2329 1704 2581 1776 βασιλέα,
2616 1706 2712 1759 καὶ
2743 1707 2844 1777 τὴν
2900 1707 3059 1761 πόλιν
3088 1706 3415 1778 παρεδίδουν
3446 1705 3580 1778 πρὶν
3612 1706 3735 1760 διικσ⁵

2069 1820 2111 1875 Β
2141 1798 2440 1870 φθαρῆναι.
2475 1798 2745 1870 Ὕστερον
2776 1798 2835 1853 δέ
2862 1799 2987 1853 ἐπεὶ
3027 1800 3078 1853 oi
3126 1798 3286 1868 φόϐοι
3308 1797 3606 1866 διελύοντο,
3639 1799 3742 1852 ἐπὶ

450 1874 620 1930 rhmze
650 1875 1059 1946 Diplohatatzeu
1086 1878 1566 1949 protorestiarium
1586 1880 1653 1936 ad
1676 1895 1862 1934 rerum
1893 1877 2037 1933 difﬁ-

2143 1889 2302 1959 δίκην
2336 1890 2709 1954 καταστάντες
2734 1890 2839 1945 ὑπὸ
2868 1890 3085 1962 Κράλη,
3110 1891 3209 1945 καὶ
3239 1889 3565 1961 διωκόμενοι
3596 1889 3745 1943 ἀπο-

450 1967 689 2023 cultates
743 1978 799 2023 et
844 1972 1239 2027 conversiones
1317 1968 1581 2028 scientem
1630 1971 2037 2027 arcommodare

2147 1979 2397 2045 στασίας,
2434 1978 2564 2049 ῥᾷον
2586 1978 2936 2034 ἀπελύσαντο
2980 1977 3051 2033 τὰ
3078 1978 3425 2051 ἐγκλήματα,
3458 1976 3554 2032 τοῦ
3592 1977 3739 2047 παρ’

451 2062 703 2120 consilia.
735 2072 791 2119 et
816 2064 883 2119 ad
905 2080 1141 2137 pugnam
1174 2065 1487 2122 interritum
1515 2066 1854 2138 rrlinquens,
1879 2065 2037 2136 780

2145 2068 2332 2131 αὐτοῖς
2372 2069 2815 2139 ἀρχιεπισκόπου
2869 2069 3225 2134 διαιτῶντος·
3254 2068 3316 2134 δς
3360 2068 3746 2140 ἐπεψηφίζετο

450 2152 524 2207 iis
578 2163 761 2209 autem
811 2155 906 2224 qui
946 2170 978 2211 e
1007 2156 1238 2212 Thracia
1273 2169 1643 2224 accesserant,
1672 2155 2037 2226 Nicephorum

2148 2155 2347 2218 αὐτοὺς
2382 2156 2550 2226 μηδὲν
2603 2156 3016 2225 ὴδικηκέναι,εί
3062 2157 3386 2228 ἐπικουρεῖν
3427 2156 3504 2227 μὴ
3534 2156 3740 2227 βουλο-

452 2243 809 2300 Tarentinum
834 2242 1159 2317 praaﬁciens',
1176 2248 1620 2305 Thessalonicam
1637 2262 1923 2320 regressus
1939 2255 2037 2302 est.

2155 2248 2321 2318 μένου
2363 2248 2582 2318 Κράλη,
2633 2248 2772 2303 ἀλλὰ
2802 2248 3330 2320 καὶ,παραινοῦντος
3357 2247 3555 2316 σώζειν
3607 2250 3751 2304 ἐαυ-

450 2337 598 2405 τοὺς,
650 2340 851 2396 συνετά
871 2357 935 2395 τε
1017 2341 1137 2412 ἅμα
1191 2341 1287 2395 καὶ
1350 2340 1597 2411 σωτήρια
1639 2340 1826 2408 σφίσιν
1883 2337 2312 2403 ἐϐουλεύσαντο,
2355 2338 2653 2392 δουλεύειν-
2711 2342 2828 2403 τοῖς
2879 2340 3279 2411 δυνατωτέροις
3328 2338 3739 2411 ψηφισάμενοι.

451 2427 614 2485 Οὕτω
651 2431 824 2485 πᾶσαι
878 2432 1065 2498 πόλεις
1117 2432 1555 2503 κατεσείσθησαν
1599 2432 1678 2505 τῷ
1707 2432 1857 2504 φόϐῳ
1891 2433 2036 2497 τότε,
2098 2436 2198 2486 καὶ
2258 2433 2609 2503 προσχωρεῖν
2684 2431 2976 2486 ἐϐούλοντο
3014 2432 3242 2487 ἐκοῦσαι
3306 2432 3536 2504 βασιλεῖ,
3600 2435 3744 2506 πρὶν

453 2522 905 2596 ἀναρπασθῆναι.
939 2524 1054 2595 Οὐχ
1077 2526 1135 2580 αῖ
1154 2526 1342 2591 πόλεις
1369 2526 1429 2581 δέ
1463 2526 1646 2597 μόνον,
1679 2527 1817 2581 ἀλλὰ
1845 2529 1941 2581 καὶ
1988 2528 2098 2581 τῶν
2138 2525 2426 2598 Τριϐαλῶν
2451 2526 2501 2577 oi
2531 2525 2925 2593 δυνατώτατοι,
2956 2527 3054 2580 καλ⁸
3082 2527 3354 2599 πρότερον
3379 2525 3551 2591 εὔνως
3601 2526 3744 2601 περὶ

457 2616 685 2688 βασιλέα
736 2618 1095 2689 διακείμενοι,
1143 2621 1242 2675 καὶ
1293 2619 1499 2691 μᾶλλον
1530 2620 1625 2674 ὑπ’
1661 2619 1872 2674 ἐκείνου
1904 2620 2176 2691 ᾑρημένοι
2210 2617 2618 2690 βασιλεύεσθαι,
2653 2618 2775 2672 τότε
2841 2620 2938 2673 καὶ
3000 2617 3205 2689 μᾶλλον
3268 2618 3375 2672 ύπδ
3402 2617 3554 2680 δέους
3597 2615 3742 2691 κρύ-

450 2727 529 2780 φα
558 2709 867 2780 διελέγοντο
902 2715 1002 2767 καὶ
1035 2711 1359 2784 παρώξυνον
1412 2713 1574 2786 ἥκειν
1639 2713 1733 2767 ἐπὶ
1789 2715 1952 2783 σφᾶς,
1995 2712 2071 2777 ὡς
2113 2713 2333 2767 πάντων
2401 2710 2468 2765 τὰ
2524 2710 2724 2765 δυνατὰ
2751 2709 3183 2782 βουλησομένων
3215 2710 3522 2782 συῖεργεῖν.
3546 2705 3740 2769 Ἧκον

447 2803 506 2857 δέ
533 2805 628 2857 καὶ
653 2804 945 2877 αὐτόμολοι
978 2805 1074 2861 δύο
1105 2806 1165 2873 ἐξ
1197 2807 1379 2861 αὐτῶν
1407 2823 1422 2839 ο
1490 2802 1567 2863 ὧν
1623 2807 1823 2879 ἅτερος
1867 2807 1997 2861 -τῶν
2041 2806 2280 2878 μάλιστα
2309 2801 2379 2878 ἦν
2433 2806 2718 2875 ἐπιφανῶν
2763 2805 2908 2861 κατὰ
2939 2806 3098 2876 γένος
3151 2806 3451 2877 προσήκων
3501 2806 3708 2882 Κράλῃ

448 2896 764 2961 Χλάπαινος
793 2872 1234 2970 ώνομασμένος,
1302 2901 1567 2972 στρατιάν
1623 2917 1683 2955 τε
1728 2872 1888 2970 *ἔχων
1940 2872 2054 2968 ὑφ’-
2099 2898 2296 2954 ἐαυτὸν
2330 2872 2431 2953 οὐκ
2461 2872 2962 2970 εὐκαταφρόνητον
3004 2901 3101 2954 καὶ
3129 2872 3332 2973 πολλὴν
3361 2872 3733 2972 περιουσίανῬ

447 2992 478 3042 δ
514 2990 698 3054 λοιπὸς
729 2991 788 3045 δέ
832 2993 892 3046 ού
928 2993 1039 3047 τῶν
1070 2992 1214 3048 πάνυ
1267 2995 1570 3066 περιδόξων
1601 2989 1672 3066 ἦν
1694 3007 1711 3024 ⁶
1746 2993 1887 3066 πλὴν
1935 2996 2187 3057 κάκεῖνος
2252 2993 2428 3065 ἀρχάς
2457 3010 2519 3046 τε
2575 2994 2788 3048 πόλεων
2848 2997 3355 3066 ἐγκεχειρισμένος,
3434 2995 3527 3050 καὶ
3561 3010 3738 3064 στρα.

447 3085 691 3139 τοπέδων
729 3087 1051 3158 ἡγεμονίας,
1102 3087 1277 3159 ὄνομα
1305 3086 1693 3152 Τολίσθλαϐος.
1736 3088 1849 3143 Καὶ
1883 3086 2053 3157 ἄμφω
2091 3085 2149 3138 δὲ
2177 3085 2242 3138 ἐκ
2269 3083 2380 3137 τῶν
2412 3085 2589 3138 ἄλλων
2622 3085 2868 3138 δυνατῶν
2933 3083 3129 3153 λόγους
3181 3085 3440 3156 ἐκόμιζον
3473 3083 3609 3154 πρὸς
3640 3084 3746 3153 pag

449 3175 628 3243 σιλέα,
659 3179 734 3244 ὡς
762 3181 830 3253 ῆν
857 3181 1237 3258 ἐπίῃνΚράλῃ,
1271 3182 1365 3236 καὶ
1394 3182 1552 3236 αὐτοὶ
1576 3182 2101 3253 συμπολεμήσουσιν
2137 3179 2502 3243 ἀποστάντες.
2573 3179 2799 3233 Βασιλεῖ
2863 3179 2922 3233 δὲ
2986 3179 3289 3251 ἀξιόμαχον
3317 3178 3583 3249 στρατιὰν
3611 3178 3730 3232 οὐκ

449 3271 648 3342 ἔχοντι,
688 3275 790 3327 οὒκ
827 3273 1008 3329 ἐδόκει
1044 3274 1158 3329 δεῖν
1190 3274 1312 3338 ταῖς
1339 3272 1704 3336 ἁποστασίαις
1759 3272 2069 3344 θαρροῦντα
2111 3270 2297 3341 μόνον,
2339 3268 2536 3324 ἐαυτὸν
2596 3270 2677 3333 εἰς
2726 3270 2856 3334 τοὺς
2906 3270 3195 3334 κινδύνους
3238 3269 3530 3324 είσωθεῖν·
3584 3268 3738 3325 ἀλλὰ

448 3370 1041 3437 παρασκευασάμενον,
1075 3366 1499 3439 ἐπιστρατεύειν
1524 3368 1854 3439 ἐπικαίρως.
1890 3366 2029 3419 Τότε
2070 3367 2129 3421 δέ
2192 3365 2434 3437 ἄρχοντα
2468 3366 2526 3416 ἐν
2579 3363 2819 3436 Βερροίᾳ
2846 3363 3265 3437 Διπλοϐατὰζην
3296 3365 3390 3419 τὸν
3436 3363 3739 3435 πρωτοϐε-
3761 3364 3777 3373 ’
3822 3418 3829 3435 τ

451 3459 736 3531 στιαρίτην
752 3459 1073 3515 καταλιπὼν
1090 3460 1433 3532 πραγμάτων
1444 3476 1503 3512 τε
1516 3458 1827 3525 δυσκολίαις
1854 3460 1949 3514 καὶ
1968 3459 2295 3530 μεταϐολαῖς
2320 3458 2498 3513 εἰδότα
2524 3456 2785 3530 χρῆσθαι,
2806 3457 2902 3510 καὶ
2923 3457 3062 3528 πρὸς
3083 3458 3363 3531 μάχαςτολ
3374 3459 3579 3531 μητήν,
3603 3461 3747 3525 ταῖς

447 3575 508 3613 τε
541 3554 683 3612 κατὰ
711 3553 1010 3610 Θετταλίαν
1057 3551 1578 3626 προσχωρήσασαις,
1601 3552 1921 3624 Νικηφόρον
1948 3552 2251 3622 ἐπιστήσας
2270 3550 2364 3605 τὸν
2394 3549 2758 3621 Σαραντηνρν,
2781 3549 3150 3619 ἐπανέξευξεν
3173 3550 3257 3615 είς
3290 3549 3742 3623 Θεσσαλονίκην.

1892 3641 2119 3700 CAPUT
2153 3641 2276 3697 XX.

451 3745 922 3819 ngwrocaslrum
970 3753 1161 3801 movet.
1216 3743 1281 3800 Id
1304 3761 1566 3815 occupare
1597 3742 1835 3817 prwfecti
1863 3742 2156 3797 rationibus
2194 3749 2364 3795 matus
2400 3740 2593 3812 diﬁcrt.
2640 3741 2898 3805 Eiusdem
2949 3740 3185 3810 praefecti
3228 3736 3474 3810 perﬁdia.
3515 3737 3749 3810 Legalio

522 3816 701 3871 Gratis
733 3816 810 3870 aa“
847 3817 1226 3871 imneratorem
1268 3815 1716 3871 exaestulatoria.
1765 3813 1848 3867 Ad
1879 3812 2307 3866 Thessalonicam
2360 3816 2429 3865 ad
2469 3810 2790 3871 colloquium
2836 3827 2901 3865 ea:
2948 3820 3102 3871 pacto
3158 3812 3496 3864 conveniunt.
3542 3807 3749 3868 Crates

522 3828 701 3871 Gratis
733 3828 810 3870 aa"
847 3828 1226 3887 imperatorem
1268 3828 1716 3887 expostutatorta.
1765 3828 1848 3867 Ad
1879 3828 2033 3866 meas

521 3887 771 3956 beneﬁcia
795 3888 1101 3957 eaprobratv,
1129 3894 1180 3940 et
1209 3902 1305 3956 pro
1345 3887 1527 3957 iniquo
1572 3888 1895 3957 ingrataque
1938 3883 2037 3957 imp

2143 3828 2307 3865 mam
2360 3828 2428 3865 aa
2469 3828 2790 3882 couoqmum
2836 3828 2901 3865 ea:
2948 3828 3102 3882 pacto
3158 3828 3496 3864 conventum.
3542 3828 3747 3868 uates

2148 3879 2718 3957 torem_¢_tc_cusat._Qui
2768 3881 3326 3957 sugmldefeusionem
3357 3896 3484 3957 eum
3529 3881 3747 3938 emimia

521 3949 684 4013 hostis
715 3949 1093 4028 pradicatione
1122 3949 1739 4028 conjungitL'Laudtitur
1777 3949 1942 4028 etiam
1972 3949 2098 4028 ejus
2139 3966 2276 4028 uxor
2309 3951 2558 4028 _Helena;
2596 3952 2769 4028 ipsum
2816 3949 3045 4028 cratem
3082 3951 3240 4021 hujus
3256 3950 3409 4028 -ρείίὲ
3456 3958 3747 4028 auctorem

521 4043 633 4083 esse
662 4017 913 4092 ostendit,
938 4027 1103 4097 juxta
1125 4017 1371 4097 id,'qu5d
1402 4025 1633 4080 Plautus
1660 4024 1740 4079 ait
1768 4040 1788 4079 :
1818 4041 1837 4075 ι
1877 4017 2074 4078 Vitium
2104 4024 2246 4093 quod
2283 4022 2348 4077 de
2382 4037 2462 4076 me
2493 4017 2774 4094 praedicas,
2834 4021 2889 4075 id
2922 4021 3017 4076 tibi
3053 4017 3182 4076 est.)
3244 4017 3427 4076 Monet
3458 4020 3525 4076 ad
3556 4029 3751 4076 extre-

521 4114 666 4153 mum
699 4098 875 4169 ofﬁcii,
910 4092 965 4153 εἰ
989 4098 1163 4151 minas
1194 4092 1448 4152 adnectit.

519 4193 692 4250 Paulo
719 4201 841 4264 post
883 4206 1009 4247 cum
1036 4189 1287 4261 equitatu
1316 4188 1678 4262 peditat-uque
1740 4199 1798 4246 et
1826 4203 2031 4260 genero

2212 4187 2369 4242 Μετὰ
2405 4186 2606 4259 μικρὸν
2630 4185 2709 4253 δέ,
2739 4186 2848 4258 ’τήν
2883 4203 2944 4240 τε
2979 4184 3218 4256 ἱππικὴν
3281 4186 3380 4240 καὶ
3420 4183 3524 4257 τὴν
3553 4181 3750 4255 πεζὴν

450 4286 825 4358 expeditionis
852 4285 1004 4341 socio
1032 4282 1515 4357 G’ynascocastrum
1546 4283 1684 4340 abit.
1733 4282 2034 4341 Castellum

450 4389 536 4438 est
567 4374 1045 4439 munitissimum;
1074 4372 1144 4429 ab
1180 4372 1495 4429 Andronico
1536 4372 1757 4444 iuniore
1793 4374 2035 4442 impera-

456 4483 575 4527 tore
640 4467 709 4525 ab
755 4466 894 4539 ipsis
929 4465 1305 4522 fundamentis
1367 4464 1768 4521 exaediﬁcatum
1798 4506 1814 4532 ,
1868 4466 2037 4521 unius

454 4578 504 4631 pi
526 4577 597 4616 ne
622 4559 731 4617 diei
764 4558 964 4614 itinere
998 4552 1387 4611 Thessalonica
1408 4552 1638 4611 distans.
1661 4553 1722 4609 Id
1755 4569 1880 4610 cum
1913 4552 2038 4608 aliis

456 4661 677 4722 captum
709 4667 739 4706 a
770 4648 1029 4705 Triballis
1066 4646 1380 4713 tenebatur,
1416 4656 1473 4702 et
1489 4662 1557 4704 ex
1576 4647 1658 4702 iis
1679 4656 1844 4718 atque
1872 4665 1904 4702 e
1930 4647 2038 4701 Ro-

455 4743 636 4797 manis
669 4741 939 4797 dedititiis
979 4738 1349 4810 praesidiarios
1389 4737 1647 4794 habebat.
1676 4737 1879 4793 Bessus
1901 4753 2039 4808 prac-

455 4836 636 4890 fectus
666 4833 906 4889 adventu
955 4833 1307 4903 imperatoris
1355 4831 1599 4902 cognito,
1658 4830 1857 4886 timens
1883 4846 1954 4885 ne
1984 4829 2040 4885 vi

458 4936 778 4997 caperetur,
810 4941 909 4996 per
944 4925 1202 4980 nuntium
1243 4933 1440 4995 sponte
1466 4923 1537 4978 ad
1583 4938 1710 4978 eum
1742 4938 1803 4978 se
1834 4923 2039 4977 transi-

461 5029 643 5072 turum
678 5015 956 5086 promisit.
985 5013 1140 5071 Fidei
1174 5019 1358 5069 autem
1406 5011 1692 5077 faciendae,
1718 5023 1774 5067 et
1799 5025 1936 5083 quas
1970 5011 2036 5066 de

457 5109 605 5162 collo
634 5122 936 5177 su~pcnsas
970 5104 1238 5178 gestabat,
1270 5119 1456 5160 sacras
1484 5103 1747 5175 reliquias
1792 5103 1903 5175 (12)
1940 5104 2037 5159 ad-

361 5219 383 5236 -
453 5203 608 5272 jccit,
640 5209 698 5256 et
733 5208 945 5255 tantum
974 5214 1085 5254 non
1115 5197 1359 5270 iuravit,
1394 5197 1679 5253 castellum
1701 5212 1827 5252 sese
1861 5197 2037 5252 tradi-

458 5304 666 5348 turum.
705 5292 1011 5362 Imperator
1054 5291 1326 5361 optimum
1375 5289 1495 5346 fore
1527 5298 1706 5357 ratus,
1758 5291 1922 5346 nullis
1949 5291 2039 5344 di-

456 5385 849 5441 tnicationibus
892 5399 955 5441 ac
1011 5384 1255 5440 caedibus
1291 5386 1341 5441 id
1394 5386 1658 5457 recipere,
1696 5386 1917 5441 Bessum
1945 5401 2037 5441 ac-

457 5475 646 5532 cersit.
673 5474 743 5533 Ut
770 5476 824 5531 in
860 5489 1039 5532 castra
1077 5480 1245 5543 venit,
1281 5489 1625 5533 sacramento
1651 5479 1876 5550 quidem
1907 5494 2037 5534 cou-

457 5581 664 5635 nrmat,
694 5570 761 5624 ad
788 5584 916 5625 eum
961 5586 1020 5627 se
1045 5565 1317 5638 deiicere,
1353 5571 1752 5643 castellumque
1792 5571 2028 5637 dedere;

457 5671 716 5733 precatur
743 5669 948 5731 tamen,
996 5678 1068 5719 ne
1095 5663 1150 5718 in
1180 5680 1426 5736 praesens
1455 5675 1552 5722 aut
1591 5666 1708 5736 ipse
1755 5663 2033 5736 ingredia-

2142 4283 2380 4355 δύναμιν
2411 4280 2725 4347 ἀναλαϐὼν,
2759 4279 2900 4351 ἔχων
2944 4279 3041 4334 καὶ
3072 4278 3307 4351 βασιλέα
3345 4278 3437 4332 τδν
3472 4275 3751 4349 γαμϐρὸν

2146 4375 2677 4447 συστρατευόμενον,
2724 4360 3134 4445 ἐπεστράτευσε
3180 4371 3677 4440 Γυναικοκάστρῳ,
3710 4370 3752 4426 δ

2145 4466 2408 4539 φρούριόν
2434 4467 2554 4519 ἐστι
2587 4465 3016 4535 καρτερώτατον
3048 4463 3155 4519 ὑπὸ
3202 4463 3473 4535 βασιλέως
3512 4462 3751 4533 Ἀνδρο-

2144 4560 2294 4614 νίκου
2323 4558 2417 4611 τού
2444 4557 2567 4609 νέου
2596 4555 2956 4625 οἰκοδομηθὲν
2977 4555 3170 4619 αὐταῖς
3208 4556 3494 4626 κρηπῖσιν,
3515 4553 3752 4625 ἡμέρας

2143 4650 2265 4705 δδοῢ
2300 4649 2474 4720 μῆκος
2498 4648 2719 4702 ἔλαττον
2749 4647 3060 4717 ἀφεστηκὸς
3081 4646 3504 4717 Θεσσαλονίκης.
3537 4644 3750 4716 Εἴχετο

2145 4742 2202 4795 δὲ
2251 4740 2356 4794 ὑπὸ
2387 4740 2678 4810 Τριϐαλῶν
2730 4740 2870 4810 μετὰ
2917 4739 3032 4793 τῶν
3069 4738 3251 4793 ἄλλων
3303 4739 3436 4792 αὐτὸ
3471 4739 3744 4796 ἑλόντων.

2146 4831 2260 4884 Ούκ
2290 4831 2449 4897 ὀλίγα
2473 4848 2533 4882 τε
2562 4829 2799 4882 ἔϐλαπτε
2829 4828 3259 4898 Θεσσαλονίκην,
3292 4825 3555 4899 στρατιὶιν
3585 4830 3652 4882 ἐκ
3676 4848 3750 4885 ’τε

2162 4921 2454 4992 Ῥωμαίων
2511 4922 2622 4973 τῶν
2664 4920 3236 4990 προσκεχωρηκότων,
3290 4921 3387 4975 καὶ
3443 4919 3747 4989 Τριϐαλῶν

2146 5016 2270 5087 ἔχον
2298 5012 2797 5084 ἐγκαθιδρυμένην.
2829 5012 3034 5077 Βέλκος
3056 5013 3113 5068 δέ
3142 5014 3172 5066 ό
3204 5014 3299 5068 τοῦ
3333 5014 3598 5083 φρουρίου
3630 5013 3745 5084 ἄρ-

2146 5124 2279 5179 χων,
2302 5107 2379 5168 ὡς
2403 5104 2640 5158 ἐπύθετο
2664 5103 2892 5174 βασιλέα
2920 5102 3169 5169 ἐπιόντα,
3198 5105 3311 5167 τοῖς
3335 5101 3522 5163 ὅπλοις
3547 5101 3747 5168 δείσας

2148 5200 2224 5269 μὴ
2291 5195 2424 5266 ἁλῷ,
2463 5195 2689 5265 πέμψας
2743 5192 3114 5264 ἐπηγγέλλετο
3165 5195 3513 5264 προσχωρεῖν
3565 5192 3742 5250 ἐκών.

2146 5294 2391 5354 Πίστεως
2423 5290 2478 5346 δέ
2537 5290 2701 5343 ἕνεκα
2754 5290 2852 5342 καὶ
2880 5290 2949 5342 τὰ
2999 5292 3057 5343 ὲν
3093 5288 3322 5352 κόλποις
3355 5286 3489 5356 ἅγια
3533 5288 3743 5357 παρεί-

2145 5402 2303 5457 χετο,
2341 5384 2540 5454 ὅρκους
2571 5383 2798 5452 μονονοὺ
2832 5381 2976 5451 ὑπὲρ
3020 5381 3118 5435 τοῦ
3164 5382 3226 5435 τὸ
3255 5381 3517 5453 φρούριον
3545 5381 3740 5450 ἐγχει-

2150 5481 2323 5550 ρίσειν
2350 5477 2757 5549 παρεχόμενος.
2793 5475 3019 5530 Βασιλεῖ
3055 5493 3115 5529 τε
3148 5474 3324 5529 ἐδόκει
3362 5474 3643 5545 βέλτιστον
3668 5474 3740 5530 to

2138 5555 2406 5641 φρούριον
2442 5568 2591 5640 ἔχειν
2640 5569 2771 5622 ἄνευ
2821 5568 2999 5638 φόνων
3047 5569 3141 5622 καὶ
3172 5566 3474 5623 κινδύνων·
3507 5566 3739 5622 ἐκέλευέ

2141 5679 2204 5715 τε
2236 5662 2438 5715 Βέλκον
2502 5662 2656 5732 ήκειν
2685 5661 2817 5733 παρ’
2849 5660 3034 5717 αὐτόν.
3074 5652 3229 5717 Ἐπεὶ
3256 5659 3314 5715 δέ
3343 5653 3450 5734 ἧκε
3494 5658 3631 5731 πρὸς
3665 5659 3739 5714 τὸ

1652 5769 1656 5773 ·
1730 5757 1950 5822 Jacobi
1983 5759 2255 5822 Pontani
2293 5765 2482 5821 notua.

532 5864 645 5936 (l2)
664 5860 1077 5938 ObschSpPum
1102 5884 1334 5939 morem,
1357 5872 1517 5943 cujus
1535 5869 1850 5941 exemplum
1879 5871 2047 5926 etiam
2092 5884 2257 5938 supra
2292 5868 2563 5925 habuisti.
