4028 6480
321 419 424 488 153

1473 416 2016 478 HISTORIARUM
2054 417 2284 478 LIBER
2321 418 2397 479 ιν

3483 410 3588 480 134

319 531 677 604 στρατόπεδον
709 530 848 602 πρὸς
898 529 1143 602 βασιλέα,
1189 532 1386 602 ὅρκους
1436 529 1535 600 μὲν
1600 529 1893 599 παρείχετο

2023 550 2107 600 ur,
2136 543 2232 588 aut
2260 533 2377 602 ipse
2413 530 2730 600 praesidium
2782 528 3040 593 inducat;
3077 542 3206 582 suas
3227 529 3374 581 cnim
3405 523 3578 578 facun-

319 627 419 680 ὲπὶ
443 625 521 696 τῷ
553 622 765 695 βασιλεῖ
795 641 859 678 τε
885 624 1066 678 αὐτὸν
1094 624 1455 694 προσχωρεῖν,
1485 623 1582 677 καὶ
1609 623 1669 675 τὸ
1716 620 1888 693 φρού-

2001 637 2141 684 tates
2179 637 2235 682 et
2263 626 2552 690 maximas,
2580 633 2636 679 et
2657 622 2794 678 locis
2822 621 3124 691 disjunctas
3148 619 3405 673 Triballis
3441 618 3583 671 diri-

325 737 440 789 ριον
470 717 856 789 παραδιδόναι·
889 717 1057 770 ἐδεῖτο
1078 717 1135 769 δὲ
1161 715 1236 788 μὴ
1274 719 1336 770 τὸ
1385 715 1480 769 νῦν
1508 713 1630 785 έχον
1663 715 1694 786 ἢ
1728 714 1891 767 αὑτὸν

2019 721 2282 776 ἠθιιιίὺιιε
2329 718 2684 780 amissurum,
2736 724 2792 770 et
2835 715 3050 771 Cralem
3101 713 3228 768 odio
3293 712 3582 766 incensum

319 815 572 880 εἰσιέναι,
629 812 662 882 ἢ
698 812 943 884 φρουρὰν
993 812 1238 880 εἰσάγειν
1263 827 1278 844 ·
1309 813 1408 881 τήν
1439 827 1499 864 τε
1550 810 1658 880 γὰρ
1704 809 1892 862 οὐσίαν

2019 821 2260 884 :ognatos
2284 820 2448 882 atque
2499 810 2830 864 domesticos
2860 822 2989 862 suos
3043 806 3290 860 l'umlitus
3335 805 3582 874 perditu-

322 906 474 976 αὖτῷ
497 904 757 975 πλείστην
784 901 950 960 οὖσαν
973 909 1068 959 καὶ
1091 903 1549 974 διεσκεδασμένην
1573 901 1892 957 ἀπολεῖσθαι

2019 919 2160 969 ·υιιι;
2217 902 2312 957 sed
2365 909 2690 970 exspectato
2727 891 2816 954 die
2865 899 3060 968 quinto
3116 897 3367 972 decimo,
3408 897 3585 950 donec

325 1001 431 1053 ύπξ
465 998 749 1070 Τριϐαλῶν
789 999 1370 1070 διαρπασθεῖσαν,ηκαὶ
1430 996 1558 1059 τοὺς
1612 999 1895 1064 συγγενεῖς

2019 996 2339 1065 πορίηηυοε
2369 1003 2425 1049 et
2449 1009 2584 1062 Opes
2604 1008 2731 1048 suas
2753 993 3058 1062 collegerit,
3090 992 3170 1046 sic
3196 993 3416 1046 demum
3449 990 3580 1044 illud

328 1091 479 1161 αύτῷ
513 1094 608 1145 καὶ
661 1091 893 1153 οἰκείους
960 1090 1183 1161 Κράλην
1214 1089 1386 1161 ἄρδην
1444 1088 1760 1157 διαφθερεῖν
1809 1085 1898 1138 διὰ

328 1185 428 1252 τὴν
475 1176 626 1252 πρὸς
648 1181 810 1236 αὐτὸν
838 1181 1140 1252 ἀπέχθειαν
1165 1199 1179 1213 ·
1214 1181 1349 1236 ἀλλὰ
1405 1179 1801 1253 περιμείναντα
1831 1179 1897 1247 ή-

333 1274 510 1344 μέρας
547 1273 956 1339 πεντεκαίδεκα,
988 1275 1147 1345 ἄχρις
1187 1273 1254 1328 ἃν
1285 1274 1520 1336 οἰκείους
1549 1291 1610 1326 τε
1635 1275 1730 1327 καὶ
1760 1272 1900 1342 χρή-

330 1385 486 1439 ματα
527 1368 971 1439 μεταπέμψηται,
1004 1367 1146 1421 οὕτω
1177 1369 1236 1422 τὸ
1292 1367 1553 1438 φρούριον
1603 1364 1902 1434 παραλαμ-

326 1462 539 1518 ϐάνειν.
575 1463 800 1526 Τούτοις
840 1463 941 1533 μὲν
969 1460 1062 1515 οὖν
1121 1464 1149 1515 ὁ
1183 1461 1440 1532 βασιλεὺς
1494 1459 1764 1525 πεισθεὶς,
1803 1458 1901 1512 καὶ

324 1555 531 1624 ὅρκους
563 1555 654 1606 ἐπὶ
684 1557 796 1617 τοῖς
848 1553 1167 1624 εἰρημένοις
1217 1552 1424 1606 ἐκείνου
1456 1550 1897 1622 παρασχομένου,

326 1645 667 1714 ἀνέστρεφεν
719 1644 797 1706 εἰς
826 1643 1248 1720 Θεσσαλονίκην.
1287 1643 1488 1706 Βέλκος
1521 1641 1579 1696 δὲ
1632 1639 1703 1694 τὰ
1749 1639 1901 1709 ὀμω-

333 1736 584 1805 μοσμένα
618 1735 778 1806 δῆθεν
803 1735 1122 1806 ἐκπληρῶν,
1160 1734 1287 1798 τούς
1315 1751 1376 1787 τε
1405 1733 1638 1796 οἰκείους
1676 1735 1742 1787 ὲκ
1769 1733 1903 1801 Τρι-

327 1827 509 1881 ϐαλῶν
543 1828 944 1898 μετεπέμπετο,
977 1829 1072 1881 καὶ
1105 1826 1434 1897 βοσκήματα
1478 1825 1570 1878 καὶ¹
1596 1823 1696 1896 τὴν
1735 1821 1905 1892 ἄλλην

327 1922 652 1993 περιουσίαν
681 1919 898 1990 ἔπεμπέ
963 1905 1022 1972 τε
1075 1917 1170 1972 καὶ
1224 1919 1303 1980 εἰς
1353 1914 1754 1984 Θεσσαλονίκην
1807 1912 1907 1966 οὐκ

327 2015 485 2084 ὀλίγα
547 2015 743 2083 δεῖγμα
793 2014 894 2082 τῆς
953 2011 1088 2083 πρὸς
1129 2010 1358 2082 βασιλέα
1403 2010 1618 2073 εὐνοίας
1651 2006 1757 2062 ’καὶ
1806 2007 1909 2076 τῆς

329 2107 586 2177 φυλακῆς
614 2105 724 2159 τῶν
766 2102 1072 2175 συνθηκῶν.
1126 2102 1353 2174 Κράλης
1382 2102 1440 2156 δὲ
1483 2101 1586 2174 ήδη
1620 2098 1910 2169 πεπυσμέ-

325 2217 440 2263 νος,
466 2199 546 2262 ὡς
575 2201 607 2269 ἡ
640 2198 738 2268 μὲν
759 2198 823 2252 ἐκ
845 2198 942 2266 τῆς
967 2197 1199 2266 ἠπείρου
1227 2196 1454 2266 στρατιὰ
1475 2194 1571 2249 καὶ
1597 2192 1907 2264 Ῥωμαίων,

331 2291 427 2344 καὶ
455 2286 751 2359 βαρϐάρων
780 2287 1018 2357 τοσαύτη
1049 2282 1183 2341 οὖσα
1232 2285 1618 2357 ἀναστρέψειε,
1655 2283 1912 2355 βασιλεὺς

336 2375 396 2428 δὲ
415 2377 534 2438 ταῖς
562 2376 820 2446 τριήρεσι
862 2373 1058 2443 μόναις
1089 2374 1185 2428 καὶ
1230 2373 1536 2444 βαρϐάροις
1582 2371 1770 2435 πεζοῖς
1796 2367 1911 2420 ὀλί-

352 2483 465 2535 γοις
493 2468 790 2536 ἀφιγμένος
836 2468 917 2530 εἰς
948 2465 1351 2537 Θεσσαλονίκην
1381 2465 1648 2537 Βέῤῥοιὰν
1680 2480 1741 2517 τε
1775 2457 1912 2530 εἷλε,

356 2560 446 2613 καὶ
475 2560 758 2626 Ἔδεσσαν,
792 2559 887 2612 καὶ
916 2559 1083 2622 ἄλλας
1116 2557 1378 2628 πολίχνας
1417 2558 1518 2611 ούκ
1547 2557 1760 2623 ὀλίγας,
1791 2555 1916 2609 ἀνε-

347 2645 576 2718 θάρσησέ
601 2663 690 2712 τε,
727 2645 822 2699 καὶ
861 2646 1123 2717 στρατιὰν
1147 2644 1437 2700 ἀναλαϐὼν
1464 2645 1524 2698 οὐ
1552 2645 1756 2715 πολλὴν
1790 2644 1911 2715 μὲν,

341 2738 472 2793 πολὺ
502 2739 562 2792 δὲ
589 2739 736 2809 ὅμως
788 2736 1163 2809 ὑπερέχουσαν
1210 2737 1310 2805 τῆς
1367 2735 1658 2807 βασιλέως,
1710 2736 1916 2807 ἧλαυνε

343 2833 549 2902 σπουδῇ
584 2832 679 2885 ἐπὶ
709 2829 1132 2900 Θεσσαλονίκην.
1190 2830 1301 2884 Καὶ
1332 2828 1535 2892 Βέλκος
1567 2827 1667 2898 μὲν
1714 2827 1918 2880 αὐτίκα

337 2923 433 2977 ὑπ’
466 2925 680 2976 ἐκεῖνον
713 2918 802 2994 ἦν,
843 2926 940 2976 καὶ
980 2920 1447 2992 συνεστρατεύετο
1501 2920 1641 2991 μετὰ
1679 2919 1791 2973 τῶν
1822 2920 1917 2974 ὑπ’

332 3015 522 3078 αὑτὸν,
546 3014 661 3066 τῶν
683 3015 814 3084 πρὸς
840 3014 1058 3086 βασιλέα
1082 3014 1366 3086 συνθηκῶν
1418 3015 1515 3068 καὶ¹
1537 3014 1716 3083 ὅρκων
1742 3015 1920 3082 ἀμνη-

336 3109 612 3179 μονήσας,
642 3105 864 3176 Κρὰλης
890 3105 946 3160 δὲ
971 3106 1137 3174 ἐγγυς
1166 3105 1460 3175 γενόμενος
1483 3104 1916 3174 Θεσσαλονίκης,

2005 1098 2258 1158 occupet.
2311 1087 2408 1142 His
2453 1087 2780 1157 imperator,
2810 1087 3124 1158 juramento
3160 1087 3463 1156 praesertim
3497 1102 3588 1139 ac-

2005 1181 2257 1244 cedente,
2301 1195 2615 1249 persuasus,
2641 1177 3091 1233 Thessalonicam
3132 1178 3353 1247 repetit.
3383 1178 3585 1232 Bessus

2005 1275 2186 1344 jurata
2244 1284 2573 1339 exsequens,
2605 1280 2661 1324 et
2684 1268 3021 1338 propinquos
3048 1283 3112 1323 ac
3140 1282 3337 1337 pecora
3389 1283 3588 1337 resque

2007 1365 2144 1420 alias
2168 1381 2198 1420 e
2221 1363 2482 1419 Triballis
2509 1377 2732 1432 cogens,
2757 1359 3210 1415 Thessalonicam
3249 1375 3355 1413 non
3391 1374 3585 1429 pauca,

2009 1478 2121 1518 suae
2156 1461 2209 1515 in
2242 1460 2629 1529 imperatorem
2659 1453 3045 1526 propensionis
3095 1454 3350 1522 pactique
3381 1451 3586 1507 servati

2011 1554 2276 1611 indicium
2306 1553 2494 1606 mittit.
2527 1551 2716 1606 Crales
2758 1557 2818 1602 ut
2846 1548 3063 1618 accepit
3091 1556 3302 1600 tantum
3335 1563 3366 1601 c
3389 1546 3618 1599 Roma-'

2010 1648 2099 1702 nis
2134 1657 2302 1716 atque
2339 1644 2592 1700 barbaris
2631 1644 2926 1699 collectum
2967 1641 3270 1697 exercitum
3331 1655 3362 1694 e
3412 1638 3590 1693 conti-

2011 1749 2176 1795 nente
2211 1753 2519 1800 reversum,
2549 1746 2606 1790 et
2636 1736 3025 1806 imperatorem
3065 1732 3386 1788 triremibus
3421 1733 3553 1787 solis
3574 1773 3589 1794 ,

2014 1847 2140 1888 cum
2169 1829 2423 1887 barbaris
2452 1828 2732 1900 peditibus
2755 1841 2868 1881 non
2902 1827 2975 1880 ita
3011 1824 3199 1879 multis
3237 1822 3594 1878 Thessaloni-

2011 1940 2127 1980 cam
2163 1921 2473 1993 proi‘ectum
2496 1960 2511 1984 ,
2550 1921 2980 1988 Berrhaaamque
3011 1917 3171 1987 781
3202 1925 3258 1971 et
3287 1915 3548 1969 Edessam
3576 1954 3592 1976 ,

2010 2023 2067 2072 et
2093 2013 2202 2074 alia
2233 2011 2493 2083 oppidula
2521 2011 2806 2081 complura
2823 2009 3035 2079 cepisse
3065 2009 3199 2082 (15),
3230 2022 3350 2062 sese
3386 2005 3596 2060 contir-

2012 2122 2191 2174 mans,
2224 2121 2351 2162 cum
2383 2103 2557 2175 copiis
2600 2118 2710 2158 non
2744 2103 2983 2173 magnis,
3015 2099 3387 2172 imperatoriis
3416 2109 3596 2152 tamen

2012 2202 2181 2271 longe
2215 2197 2524 2267 majoribus
2547 2193 2995 2251 Thessalonicam
3024 2191 3336 2249 contendit.
3359 2191 3428 2245 Et.
3465 2191 3600 2245 Bes-

2013 2306 2111 2348 sus
2134 2289 2358 2360 quidem
2392 2302 2518 2342 cum
2550 2286 2814 2340 militibus
2853 2283 2992 2348 suis,
3019 2295 3310 2352 pactorum
3362 2290 3419 2336 et
3442 2281 3592 2350 jura-

2015 2380 2188 2439 menti
2226 2381 2458 2446 oblitus,
2489 2379 2677 2434 statim
2703 2376 2779 2432 illi
2808 2391 2867 2432 se
2905 2376 3106 2446 jungit.
3149 2373 3340 2431 Crales
3363 2373 3598 2428 Thessa-

2015 2475 2210 2532 lonica:
2245 2472 2722 2544 appropinquans,
2754 2470 3090 2540 legationem
3123 2467 3190 2522 ad
3210 2468 3598 2536 imperatorem

2017 2568 2207 2636 mittit,
2236 2568 2397 2638 eique
2422 2565 2694 2633 ingratum
2714 2562 2958 2616 animum
2983 2561 3304 2632 exprobrat,
3326 2557 3472 2629 quod
3505 2573 3601 2612 ac-

2017 2672 2305 2733 ceptorum
2347 2656 2744 2715 beneficiorum
2777 2657 3088 2719 immemor,
3143 2661 3400 2722 tempore
3446 2649 3604 2719 adju-

2015 2759 2183 2808 vante
2213 2750 2380 2807 urbes
2426 2763 2556 2805 suas
2583 2745 2955 2817 'oppugnarit,
2989 2744 3297 2816 ejectisque
3337 2740 3607 2811 prmsidiis

2019 2847 2346 2916 occuparit,
2394 2853 2451 2899 et
2500 2840 2861 2896 facultatibus
2906 2854 3019 2894 non
3054 2835 3289 2892 modicis
3333 2834 3605 2904 spoliarit,

2021 2949 2187 2991 secus
2207 2946 2370 3003 quam
2409 2927 2690 2985 debuerit.
2721 2925 2991 2982 Debuisse
3011 2932 3193 2980 autem
3219 2923 3606 2978 recordantem

2021 3042 2122 3083 sua
2178 3024 2376 3079 merita
2423 3029 2838 3078 sacrosanctam
2899 3031 3122 3072 servare
3171 3014 3495 3070 amicitiam.
3539 3010 3608 3066 Et

2023 3118 2152 3190 quia
2185 3125 2379 3172 contra
2428 3113 2512 3168 fas
2533 3111 2742 3182 egerit,
2779 3125 2838 3165 se
2869 3108 3022 3163 illum
3051 3106 3478 3177 reprehendere,
3501 3119 3606 3172 pu-

333 3197 644 3269 πρεσϐείαν
680 3199 894 3267 ἔπεμπε
947 3200 1086 3266 πρὸς
1140 3197 1386 3269 βασιλέα,
1422 3199 1515 3252 καὶ
1569 3197 1762 3268 πρῶτα
1821 3197 1915 3267 μὲν

2025 3225 2254 3284 tareque
2301 3209 2702 3280 reprehensum
2735 3205 2802 3260 iri
2833 3205 2902 3260 ab
2937 3204 3218 3259 omnibus.
3247 3203 3447 3258 Verum
3476 3201 3607 3269 quia

333 3291 586 3356 ὠνείδιζε
609 3290 711 3362 τὴν
737 3293 814 3355 εἰς
839 3291 1003 3346 αὑτὸν
1032 3290 1451 3361 ἀγνωμοσύνην,
1487 3292 1572 3345 ὅτι
1599 3290 1923 3361 ἀμνημονήρ

335 3401 436 3446 σας
460 3378 536 3440 ὢν
569 3379 630 3437 εὖ
668 3383 759 3437 ὑπ’
782 3382 948 3438 αὑτοῦ
982 3384 1250 3454 πρότερον
1275 3381 1563 3448 πεπόνθει,
1592 3381 1794 3454 καιροῦ
1824 3399 1918 3436 τυ·
1954 3409 1959 3413 -

336 3476 451 3548 χὼν
498 3475 674 3530 αὑτοῦ
705 3477 821 3541 ταῖς
866 3475 1092 3530 πόλεσιν
1137 3474 1614 3548 ἐπιστρατεύσειε,
1649 3475 1745 3530 xal.
1794 3476 1923 3540 τοὺς

340 3568 728 3640 φρουροῦντας
785 3568 1086 3640 κατασχοίη
1142 3568 1416 3635 ἐκϐαλὼν,
1465 3570 1560 3622 καὶ
1617 3569 1922 3640 χρημάτων

341 3662 776 3731 ἀποστερήσειεν
800 3661 900 3715 ούκ
930 3661 1154 3730 ὀλίγων,
1175 3661 1212 3717 ἃ
1240 3662 1341 3716 ούκ
1364 3661 1534 3733 ἐχρῆν
1563 3663 1760 3728 ποιεῖν,
1785 3659 1923 3717 ἀλλὰ

336 3755 449 3806 τῶν
475 3755 560 3818 εἰς
611 3753 774 3808 αὑτὸν
818 3756 1206 3826 γεγενημένων
1240 3754 1789 3825 ἁπομνημονεύοντα,
1821 3755 1923 3823 τὴν

344 3842 534 3912 φιλίαν
586 3843 873 3908 διασώζειν
930 3847 1070 3916 πρὸς
1112 3847 1297 3903 αὐτόν.
1338 3847 1496 3901 Ἐπεὶ
1541 3848 1598 3901 δὲ
1629 3847 1666 3902 ἃ
1700 3848 1776 3918 μὴ
1811 3846 1922 3899 ἔδει

342 3937 626 4006 είργαστο,
689 3942 1016 4009 κατηγορεῖν
1070 3940 1170 4009 μὲν
1220 3939 1405 4008 αὑτὸν,
1452 3939 1663 3993 οίεσθαι
1718 3938 1774 3992 δὲ
1828 3939 1924 3992 καὶ⁵

347 4027 524 4080 πάντα
564 4027 806 4083 ὁντινοῦν
831 4045 845 4060 ⁸
874 4029 1202 4085 ἀναλύεσθαι
1255 4031 1314 4084 δὲ
1347 4031 1518 4086 ὄντων
1547 4031 1657 4085 τῶν
1686 4047 1921 4101 γεγενη-

359 4118 546 4184 μένων,
586 4119 875 4190 βούλεσθαι
923 4123 1159 4193 μάλιστα
1189 4123 1376 4188 αὑτὸν,
1422 4125 1478 4176 εί
1518 4139 1584 4191 γε
1630 4124 1726 4176 καὶ
1770 4122 1922 4192 αύτῷ

368 4207 554 4305 δοκοίη,
605 4211 854 4305 ἀλλήλοις
889 4214 1184 4279 συνελθεῖν,
1232 4217 1328 4270 καὶ
1375 4215 1757 4285 διαλεχθέντας
1793 4195 1924 4286 περὶ

369 4296 475 4347 τῶν
493 4296 750 4370 διαφορῶν
805 4301 1108 4370 συμϐάσεις
1163 4301 1378 4370 θέσθαι,
1410 4303 1631 4358 καὶτὸν
1684 4303 1923 4372 πόλεμον

361 4384 707 4453 καταθέσθαι,
749 4387 1236 4460 ἀνανεωσαμένους
1275 4391 1374 4455 τὰς
1421 4392 1654 4455 σπονδὰς
1696 4393 1792 4446 καὶ
1822 4391 1922 4462 τὴν

353 4475 593 4546 εἰρήνην.
627 4479 862 4533 Τοιαῦτα
897 4481 996 4550 μὲν
1036 4481 1374 4552 ἐπρέσϐευεν
1404 4485 1432 4536 ὁ
1465 4483 1715 4553 Κράλης,
1766 4484 1922 4552 βασι-

2022 3307 2304 3379 practerita
2346 3302 2550 3375 corrigi
2581 3307 2902 3371 nequeant,
2935 3297 3076 3352 velle
3107 3311 3188 3363 se,
3224 3294 3270 3350 si
3312 3295 3457 3349 idem
3504 3291 3607 3360 ipsi

2025 3400 2262 3472 placeat,
2320 3412 2446 3452 cum
2487 3410 2559 3452 eo
2588 3390 2874 3464 congredi,
2926 3387 3358 3459 disceptatisque
3387 3392 3612 3440 contro-

2024 3491 2226 3548 versiis
2253 3488 2504 3560 pacisci,
2540 3494 2596 3541 et
2639 3484 2786 3541 bello
2824 3482 3010 3539 valere
3040 3482 3215 3552 jusso,
3252 3477 3431 3534 ftedus
3459 3474 3611 3545 pacis

2025 3595 2324 3640 renovare.
2365 3577 2490 3635 llaec
2515 3577 2568 3632 in
2591 3573 2868 3647 legatione
2903 3571 3111 3637 Crales,
3142 3584 3265 3639 qua:
3289 3564 3611 3635 imperatori

2023 3666 2337 3746 gratissima
2364 3667 2621 3724 accidere
2657 3683 2671 3719 :
2707 3664 3080 3736 prailixusque
3107 3660 3396 3716 amborum
3420 3657 3615 3711 volun-

2025 3776 2138 3822 tate
2171 3764 2289 3820 dies
2315 3802 2330 3828 ,
2361 3776 2471 3832 quo
2502 3757 2888 3820 convenirent,
2921 3772 2988 3810 ac
3033 3753 3326 3811 dissidium
3365 3750 3475 3804 icto
3507 3747 3612 3803 foe-

2025 3855 2156 3911 dere
2190 3856 2616 3921 componerent.
2641 3845 2876 3913 .lamque
2914 3842 3035 3898 dies
3061 3838 3368 3911 praeﬁnitus
3399 3835 3467 3891 ad
3496 3834 3613 3889 col-

2023 3945 2273 4016 loquium
2309 3941 2522 4004 aderat,
2548 3953 2674 3996 cum
2707 3935 2871 3990 ambo
2906 3934 3274 4003 imperatores
3343 3937 3400 3983 et
3435 3927 3612 3982 comi-

2027 4015 2111 4093 tes
2140 4035 2336 4090 armati
2369 4037 2598 4086 exeunt.
2631 4027 2823 4084 Crales
2875 4024 3135 4080 similiter
3171 4037 3296 4078 cum
3335 4015 3619 4089 stipatori-

2025 4129 2131 4184 bus
2160 4125 2277 4183 suis
2307 4131 2554 4180 armatus
2578 4120 2646 4175 ad
2674 4118 2871 4173 urbem
2901 4113 3355 4171 Thessalonicam
3414 4120 3470 4165 et
3511 4109 3615 4163 im-

2025 4227 2318 4291 peratores
2376 4213 2611 4270 accedit.
2671 4209 2778 4265 Ubi
2834 4209 2978 4262 inter
3030 4221 3089 4260 se
3149 4203 3613 4264 consalutarunt,

2023 4313 2214 4369 Crales
2261 4309 2410 4380 prior
2443 4306 2546 4361 fari
2599 4302 2793 4372 incipit
2823 4320 2838 4354 :
2863 4301 3092 4369 Iniquus
3117 4313 3178 4352 es
3210 4297 3266 4350 in
3302 4312 3410 4358 me,
3445 4294 3616 4360 impe-

2024 4413 2198 4467 rator,
2231 4415 2356 4454 cum
2378 4397 2527 4452 bellu
2554 4412 2582 4447 ιι
2621 4393 2756 4448 mihi
2792 4390 2948 4445 facis.
2977 4389 3093 4459 Ego
3115 4402 3249 4442 vero
3271 4385 3349 4439 sic
3373 4383 3615 4437 arbitra-

2027 4497 2146 4558 bar,
2166 4509 2282 4548 rem
2307 4505 2428 4546 csse
2456 4487 2661 4543 nullam
2681 4526 2696 4552 ,
2743 4499 2866 4553 quae
2884 4482 3128 4538 alienum
3168 4489 3225 4534 et
3257 4478 3532 4547 ingratum
3563 4486 3616 4528 te

351 4563 431 4622 λεί
463 4570 724 4637 τε-ὲδόκει
749 4572 1020 4640 βέλτιστα,
1048 4577 1147 4628 καὶ
1167 4575 1454 4630 συνέθεντο
1477 4578 1695 4647 ἡμέραν
1720 4576 1915 4648 ῥητὴν,

2024 4587 2257 4643 reddere
2309 4591 2513 4654 posset.
2541 4579 2662 4635 Scis
2691 4575 2860 4642 enim,
2914 4583 2972 4628 ut
3009 4587 3172 4629 nemo
3232 4569 3450 4634 melius,
3479 4583 3618 4638 quo-

347 4661 408 4714 ἑν
515 4664 626 4718 ἔδει
661 4667 985 4735 γενομένους
1013 4670 1069 4722 ὲν
1094 4668 1278 4739 ταυτῷ
1307 4669 1461 4722 λύειν
1503 4671 1602 4732 τὰς
1631 4670 1918 4742 διαφορὰς,

350 4755 584 4819 σπονδὰς
618 4756 895 4825 θεμένους.
936 4759 1272 4831 Ἐπιστάσης
1320 4778 1382 4814 τε
1417 4761 1518 4832 τῆς
1554 4761 1921 4832 προθεσμίας,

349 4848 400 4900 οῖ
428 4865 492 4901 τε
521 4849 760 4919 βασιλεῖς
793 4852 1097 4923 ἀμφότεροι
1144 4853 1377 4925 ἐξῄεσαν
1423 4855 1784 4924 ὠπλισμένοι,
1827 4856 1923 4909 καὶ

351 4942 691 5010 οἰβυνόντες.
726 4944 950 5015 Κρὰλης
988 4963 1048 4999 τε
1087 4948 1290 5016 ὁμοίως
1327 4950 1468 5018 μετὰ
1510 4949 1622 5002 τῶν
1657 4950 1790 5020 περὶ
1821 4950 1922 5002 αύ-

351 5033 436 5086 τὺν
463 5035 798 5106 ὠπλισμένοι
822 5035 976 5098 ὄντες
1006 5032 1138 5109 ἧκον
1159 5039 1328 5108 ἐγγὺς
1362 5040 1793 5112 Θεσσαλονίκης,
1824 5043 1924 5095 καὶ

354 5129 661 5198 συνεγένετο
694 5131 814 5194 τοῖς
879 5129 1160 5199 βασιλεῦσι
1182 5150 1197 5163 ο
1246 5135 1387 5204 μετά
1418 5135 1476 5188 δὲ
1504 5135 1604 5206 τὴν
1647 5136 1924 5205 προσαγό-

353 5236 524 5288 ρευσιν
589 5225 619 5278 ὁ
647 5223 882 5292 Κράλης
909 5223 1124 5294 πρῶτος
1158 5227 1367 5296 ἥπτετο
1391 5227 1528 5297 πρὸς
1557 5227 1787 5297 βασιλέα
1822 5227 1911 5281 λό-

346 5331 451 5384 γου,
469 5316 724 5385 Ἀδικεῖς,
742 5313 942 5379 εἰπὼν,
961 5310 1006 5370 ὦ
1025 5315 1266 5387 βασιλεῦ,
1295 5321 1535 5389 πολέμου
1561 5319 1766 5390 ἄρχων.
1785 5319 1926 5387 Ἐγὼ

339 5408 388 5464 δὲ
413 5411 572 5485 ᾤμην
597 5407 748 5466 εἶναι
782 5407 958 5478 μηδὲν
989 5410 1092 5463 τῶν
1120 5410 1310 5477 ὄντων,
1333 5413 1361 5466 ὅ
1409 5429 1468 5466 σε
1505 5413 1643 5484 πρὸς
1673 5411 1772 5482 ἐμὲ
1802 5415 1923 5466 πεῖ-

327 5523 406 5563 σαι
437 5509 744 5580 δυνήσεται
810 5499 1174 5571 ἀγνωμονεῖν.
1227 5499 1406 5559 Οἶσθα
1451 5504 1562 5576 γὰρ
1611 5505 1777 5569 αὐτὸς
1814 5503 1926 5558 τῶν

2029 4679 2195 4735 modo
2224 4675 2500 4732 hostiliter
2527 4673 2595 4728 ab
2627 4671 2983 4742 homOphylis
3015 4672 3389 4737 oppugnatus,
3420 4671 3476 4717 et
3505 4661 3618 4716 Ro-

2029 4785 2315 4825 manoram
2356 4767 2561 4822 ﬁnibus
2581 4773 2809 4821 exactus
2847 4758 3341 4833 (injuste‘quidem,
3364 4756 3490 4826 quis
3516 4769 3616 4808 ne-

2029 4861 2156 4932 gat?
2190 4859 2285 4915 sed
2339 4867 2522 4912 tamen
2576 4845 2827 4920 exactuS)
2882 4850 2949 4905 ad
2983 4864 3086 4904 nos
3125 4846 3443 4916 confugeris
3475 4861 3490 4898 :
3523 4843 3614 4912 qui

2027 4965 2208 5022 neque
2247 4947 2577 5007 beneﬁcium
2606 4944 2828 5014 aliquod
2857 4942 2956 4998 tibi
2989 4940 3357 5005 debebamus,
3385 4951 3490 4991 nec
3522 4943 3615 4987 tua

2029 5044 2231 5116 injuria
2259 5041 2603 5098 dolebamus.
2628 5038 2737 5095 Sed
2775 5038 2821 5094 si
2857 5051 2990 5090 vera
3045 5033 3278 5089 dicenda
3307 5039 3458 5097 sunt,
3491 5029 3611 5082 dis-

2030 5136 2249 5192 cordias
2309 5133 2366 5188 in
2431 5132 2555 5187 loco
2611 5129 2978 5186 beatitudinis
3007 5125 3452 5188 numerabamus,
3490 5136 3614 5176 cum

2033 5227 2162 5282 inde
2197 5241 2286 5280 res
2313 5235 2514 5280 nostra:
2536 5223 2680 5279 bene
2708 5223 2997 5278 haberent.
3024 5221 3124 5276 Ast
3154 5234 3276 5290 ego,
3308 5229 3618 5288 quanquam

2035 5321 2224 5374 hostes
2273 5317 2349 5372 tui
2383 5318 2579 5372 crebro
2614 5315 2919 5386 legationes
2969 5312 3274 5377 mitterent,
3326 5307 3615 5379 pecuniam

2031 5421 2088 5467 et
2116 5409 2308 5465 urbem
2337 5423 2448 5462 non
2483 5421 2650 5462 unam
2669 5405 2937 5461 oﬂ‘errent
2959 5445 2973 5470 ,
3019 5402 3349 5474 imperiique
3385 5394 3616 5453 Romani

2035 5515 2249 5576 partem
2288 5518 2399 5557 non
2426 5501 2712 5556 minimam
2755 5497 3246 5571 parvipenderent,
3284 5494 3330 5550 si
3367 5507 3455 5547 me
3488 5488 3618 5544 anti-

1623 5649 1839 5711 Jacobi
1874 5650 2140 5711 Pontani
2179 5656 2368 5711 notae.

351 5809 467 5882 {l3}
520 5808 671 5863 Post
710 5791 1046 5882 h'aec‘vgrba
1076 5802 1167 5882 est
1198 5794 1250 5850 in
1287 5797 1475 5852 codice
1506 5797 1698 5878 Graeco
1723 5798 1918 5882 lacuna
1960 5813 2099 5869 pene
2136 5798 2299 5854 unius
2333 5810 2544 5852 versus.
2583 5792 2852 5850 Videntur
2909 5799 3090 5846 tamen
3162 5781 3326 5839 verba
3381 5794 3618 5850 sequen-

279 5865 763 5953 ἰίοιᾶσζέθάρσησέ
796 5880 890 5930 τε,
924 5873 1033 5918 etc.
1068 5865 1342 5923 cohaerere
1367 5885 1491 5940 cum
1516 5868 1921 5938 supcrioribus.
