4028 6472
541 345 643 409 155

1707 364 2034 432 JOANNIS
2073 376 2605 442 (.ANTACUZENI

3672 401 3765 469 156

536 474 660 512 cum
693 470 859 532 atque
887 462 1098 519 socium
1135 468 1612 542 nanciscerentur,
1657 486 1710 532 et
1742 495 1906 535 unam
1942 483 2103 538 εοιιιιιῖ

536 567 636 582 υμιι
680 552 762 582 Ι.ἶι.
799 557 1056 582 ,ιι-..ηειιηη
1114 561 1338 582 ......ε...Δ
1394 573 1480 582 __.
1634 577 1644 582 -
1732 581 1737 582 ,
1906 573 1918 582 .

2220 488 2396 543 ἄλλων
2429 494 2653 562 μᾶλλον,
2708 495 2784 560 ώς
2820 496 3148 570 πολεμηθεὶς
3183 503 3290 557 ὑπὸ
3333 506 3439 562 τῶν
3479 511 3764 582 ὁμοφύλων,

535 567 638 621 pro
678 552 764 609 his
798 557 1059 613 omnibus
1110 561 1343 630 gratiam
1393 573 1652 634 peterent
1688 581 1745 625 ut
1779 582 1829 626 te
1867 573 2113 630 vinctum

537 636 643 688 illis
676 639 1045 707 transderem,
1111 653 1206 698 aut
1246 646 1363 715 ipse
1414 653 1779 709 constrictum
1832 668 2113 728 tenerem,

535 721 710 776 nihilo
736 725 1167 785 minusimmani
1199 737 1468 803 pecuniae.
1497 747 1553 793 et
1589 750 1667 796 tot
1700 736 1944 814 oppidis,
1977 758 2115 802 tam-

534 829 642 881 que
676 818 895 886 amplas,
936 829 992 875 et
1027 823 1190 878 cultae
1223 826 1431 898 regioni
1465 834 1932 892 necessitudinem
1969 849 2115 896 tuam

536 904 825 972 auteposui
862 923 875 961 :
914 922 1017 963 nec
1054 917 1264 966 tantum
1313 916 1462 984 quod
1508 917 1771 978 facillime
1820 936 2067 993 poteram
2099 968 2115 993 ,

534 992 788 1049 hostibus
839 1012 947 1052 non
1000 1002 1218 1070 prodidi
1276 1004 1446 1074 (haud
1499 1011 1646 1063 enim
1711 992 2118 1072 tibihnemoriaﬁ

535 1084 741 1139 excidit
772 1087 862 1143 ille
899 1100 1075 1146 status
1111 1096 1284 1164 tuus),
1322 1098 1485 1169 782
1518 1100 1614 1156 sed
1642 1102 1828 1170 etiam,
1864 1108 2011 1176 quod
2062 1110 2116 1164 in

536 1190 623 1229 me
654 1175 795 1243 fuit,
855 1181 979 1248 bis,
1037 1194 1228 1255 terque
1265 1190 1470 1246 auxilia
1524 1207 1645 1248 mea
1708 1195 1806 1251 tibi
1867 1175 2114 1270 adjunxi.

537 1268 779 1332 Quorum
816 1274 1061 1329 omnium
1088 1278 1470 1335 existimabam
1502 1290 1556 1337 te
1606 1294 1874 1356 perpetuo
1909 1268 2119 1345 memo-

537 1376 675 1428 rem,
724 1378 1005 1434 nunquam
1033 1383 1099 1422 eo
1125 1384 1542 1442 progressurum
1565 1417 1580 1441 ,
1619 1386 1679 1433 ut
1725 1384 1977 1450 quamvis
2002 1401 2102 1454 po-

538 1458 681 1515 tens,
712 1451 878 1506 urbes
910 1468 1060 1509 meas
1089 1455 1380 1528 aﬂligeres.
1414 1459 1495 1515 Tu
1521 1473 1731 1531 autem,
1762 1470 1907 1537 quod
1942 1451 2115 1543 appa-

535 1552 640 1605 ret,
690 1539 881 1598 eorum
905 1547 1152 1602 omnium
1186 1553 1365 1620 posita
1397 1558 1662 1612 memoria
1687 1600 1701 1624 ,
1748 1575 1895 1616 nunc
1919 1563 2117 1620 barbae

535 1644 626 1682 ros
653 1631 705 1683 in
743 1648 849 1699 me,
892 1643 950 1690 ut
983 1635 1037 1690 in
1067 1636 1280 1693 hostem
1316 1641 1801 1712 injuriosissimum
1843 1649 2021 1709 ducis.
2048 1654 2117 1711 Et

540 1721 762 1775 urbium
800 1724 1023 1793 quidem
1071 1727 1209 1783 alias
1257 1731 1426 1786 armis
1484 1734 1716 1804 cepisti,
1748 1737 1881 1795 alias
1908 1740 2033 1796 dolo
2060 1751 2115 1797 et

2223 583 2315 635 καὶ
2365 583 2466 651 τῆς
2503 584 2790 656 Ῥωμαίων
2827 590 2929 659 γῆς
2979 593 3273 659 ἀπελαθεὶς
3321 600 3539 667 (ἀδίκως
3566 606 3682 672 μὲν,
3711 609 3767 661 οὐ

2220 671 2328 741 γὰρ
2357 672 2423 726 ἂν
2440 676 2734 750 ἀρνηθείην
2755 680 2865 734 οὐδ’
2891 683 3077 751 αὐτὸς,
3101 688 3250 756 ὅμως
3277 690 3323 742 δ’
3339 689 3434 747 οὖν
3453 695 3765 769 ἀπελαθεὶς),

2220 758 2353 832 ἧκες
2382 767 2512 836 παρ’
2542 769 2708 838 ἡμᾶς,
2744 770 2858 824 οὔτ’
2884 772 3118 844 ἀμοιϐάς
3148 795 3231 832 σοι
3262 758 3541 854 προτέρων
3566 758 3769 860 εὐεργελ

2220 855 2354 908 σιῶν
2382 857 2717 927 ὀφείλοντας,
2745 860 2857 915 οὔτ’
2893 866 3339 938 ἀγανακτοῦντας
3380 875 3516 949 ὑπὲρ
3543 880 3630 931 σοῦ
3654 855 3767 934 τάδι-

2219 952 2509 1021 κουμένου,
2557 955 2673 1010 ἀλλ’
2702 958 2751 1010 εί
2771 959 2852 1013 δεῖ
2879 961 3117 1032 τάληθὲς
3148 968 3344 1030 εἰπεῖν,
3379 972 3470 1022 καὶ
3502 973 3598 1042 τὴν
3624 974 3768 1041 ὑμῶν

2220 1044 2358 1111 πρὸς
2381 1045 2646 1115 ἀλλήλους
2674 1048 2943 1122 διαφορὰν
2976 1057 3035 1107 ὲν
3078 1056 3334 1127 εὐτυχίας
3370 1061 3527 1130 μέρει
3568 1061 3766 1130 λογιζοο

2221 1133 2416 1201 μένους
2440 1137 2515 1205 τῷ
2538 1138 2608 1191 τὰ
2644 1141 2749 1194 ἴδια
2784 1142 2846 1196 εὖ
2875 1144 3139 1203 τίθεσθαι.
3217 1150 3357 1216 Ἐγὼ
3386 1152 3440 1204 δὲ
3469 1154 3642 1207 καίτοι
3669 1154 3768 1207 τῶν

2220 1227 2303 1277 σοὶ
2353 1227 2737 1298 πολεμούντων
2780 1235 2978 1299 πολλὰς
3025 1240 3322 1309 πρεσϐείας
3377 1245 3765 1315 πεποιημένων,

2219 1316 2312 1368 καὶ
2338 1321 2595 1389 χρήματα
2638 1327 3052 1395 παρεχομένων,
3083 1333 3176 1383 καὶ
3208 1333 3394 1396 πόλεις
3436 1334 3653 1404 πολλὰς,
3683 1336 3771 1389 καὶ

2216 1409 2316 1476 τῆς
2385 1412 2669 1483 Ῥωμαίων
2730 1418 3027 1487 ἡγεμονίας
3085 1424 3396 1495 ἀπόμοιραν
3447 1428 3769 1496 προϊεμένων

2217 1505 2317 1556 οὐκ
2359 1504 2566 1573 ὀλίγην,
2626 1508 2721 1561 καὶ
2792 1511 2944 1579 φίλον
2989 1512 3154 1584 ἔχειν,
3202 1514 3295 1569 καὶ
3342 1517 3622 1587 σύμμαχον
3671 1520 3772 1571 ὑπ-

2221 1597 2603 1666 ισχνουμένων,
2626 1602 2718 1654 καὶ
2758 1603 2889 1671 μίαν
2922 1605 3124 1660 τούτων
3152 1609 3409 1664 ἁπάντων
3439 1611 3594 1680 χάριν
3617 1610 3769 1663 ἀπαι-

2215 1688 2456 1742 τούντων
2483 1692 2544 1744 τὺ
2581 1693 2640 1745 σὲ
2683 1694 2972 1766 δεσμώτην
3014 1703 3340 1769 παρασχεῖν,
3373 1701 3406 1772 ἢ
3441 1702 3599 1754 αὐτὸν
3622 1701 3768 1754 κατέ-

816 1783 831 1793 ,
1324 1783 1331 1784 ,
1382 1783 1419 1786 α
1491 1783 1674 1804 -τ----
1699 1783 1716 1803 ,
1749 1783 1880 1795 _....-
1909 1783 2032 1796 μων
2060 1783 2103 1797 κ.

535 1808 772 1876 insidiis,
807 1813 1121 1882 aliquantas
1146 1816 1314 1871 etiam
1359 1828 1510 1873 metu
1546 1821 1840 1891 subegisti.
1873 1824 2103 1882 Militum

2221 1798 2339 1851 χειν
2373 1783 2728 1849 συλλαϐόντα,
2778 1789 2877 1843 οὐκ
2937 1790 3181 1861 ἠθέλησα
3245 1794 3447 1856 αὐτός’
3491 1794 3623 1848 ἀλλὰ
3683 1792 3770 1845 καὶ

537 1919 674 1957 vero
698 1906 1207 1975 praesidiariorum,
1236 1911 1331 1981 qui
1363 1911 1415 1965 in
1444 1899 1663 1983 quaque
1704 1919 1907 1986 reperti
1948 1930 2073 1976 sunt
2098 1964 2113 1990 ,

534 2000 702 2058 atque
737 1992 1009 2049 nobilium
1043 1995 1363 2063 multorum,
1390 2001 1591 2067 partim
1624 2017 1805 2073 pugna
1840 2006 2113 2076 occidisti,

533 2079 731 2147 partim
780 2080 835 2135 in
868 2083 1194 2139 servitutem
1255 2086 1555 2155 redegisti,
1591 2101 1648 2145 et
1691 2090 2003 2150 libertatem
2033 2100 2114 2154 eis

534 2180 857 2234 corporum,
891 2170 1115 2239 quando
1158 2171 1257 2226 tibi
1288 2173 1472 2240 libuit,
1506 2176 1830 2247 praebuisti,
1864 2196 1973 2236 non
2002 2198 2114 2238 ma.

532 2256 614 2322 gis
640 2259 1066 2315 manumissione
1086 2274 1180 2316 eos
1195 2263 1525 2332 exbilarans,
1559 2283 1723 2337 quam
1758 2269 1888 2326 dum
1924 2286 2113 2330 servos

533 2344 765 2411 faceres,
794 2349 1223 2407 contristavcras
1259 2370 1274 2408 :
1308 2356 1455 2425 quod
1477 2372 1585 2413 non
1618 2359 1689 2415 ita
1720 2362 1854 2431 ipsis
1872 2365 2108 2433 jucunda

531 2442 679 2488 esset
717 2447 840 2506 post
870 2440 1193 2496 servitutem
1222 2443 1475 2513 libertas,
1513 2464 1677 2517 quam
1719 2452 1895 2508 tristis
1931 2455 2112 2510 fuerat

531 2523 775 2581 libertati
825 2529 1079 2600 imposita
1124 2535 1383 2591 servitus.
1417 2537 1709 2595 Pecuniam
1738 2556 1957 2615 quoque
1984 2547 2108 2601 intl-

531 2618 704 2670 nitam
789 2628 846 2673 et
901 2636 1103 2690 pecora
1161 2624 1583 2686 innumerabilia
1631 2634 1923 2690 abstulisti.
1980 2636 2110 2704 Qum

530 2709 716 2762 omnia
755 2724 841 2765 me
895 2714 1235 2781 excruciant,
1281 2717 1603 2791 faciuntque
1652 2732 1712 2778 ut
1755 2726 2110 2785 vehementer

530 2796 808 2865 ingratum
840 2810 894 2856 te
919 2813 974 2857 et
1010 2804 1255 2874 iniquum
1276 2807 1543 2878 judicem.
1573 2810 1773 2869 Verum
1803 2818 2104 2888 enimvero,

532 2891 746 2945 tametsi
802 2892 900 2947 abs
943 2903 995 2949 te
1032 2896 1194 2952 laesus
1229 2899 1429 2963 toties,
1478 2915 1588 2956 non
1622 2904 1793 2962 hostis
1841 2908 1979 2974 tibi,
2012 2912 2105 2965 sed

529 2982 741 3037 amicus
766 2993 823 3039 et
843 2987 1026 3041 socius
1047 3002 1169 3043 esse
1190 2991 1334 3055 volo,
1374 2992 1604 3061 perinde
1651 3007 1711 3050 ut
1746 2999 1983 3056 antehac
2010 3018 2025 3055 :
2052 3014 2107 3057 et

528 3071 741 3139 hortor,
795 3086 854 3129 ut
899 3076 1130 3148 abjectis
1172 3080 1294 3135 istis
1332 3081 1762 3152 cogitationibus
1803 3088 2107 3147 humilibus

2219 1876 2520 1944 χρημάτων
2549 1877 2779 1943 πολλῶν,
2807 1880 2902 1933 καὶ
2929 1881 3141 1936 πόλεων
3165 1883 3458 1947 τοσούτων,
3485 1883 3578 1937 καὶ
3598 1884 3770 1954 χώρας

2218 1965 2419 2036 πολλῆς
2484 1968 2577 2020 καὶ
2613 1970 2846 2040 ἀγαθῆς,
2895 1971 2992 2042 τὴν
3044 1973 3143 2045 σὴν
3182 1974 3382 2043 φιλίαν
3431 1974 3770 2045 προειλόμην.

2216 2059 2312 2111 καὶ
2342 2058 2401 2110 οὐ
2444 2061 2607 2128 μόνον
2641 2062 2702 2114 οὐ
2733 2062 3049 2134 προδέδωκα
3087 2066 3196 2120 τοῖς
3228 2066 3538 2134 πολεμίοις,
3605 2064 3770 2118 καίτοι

2216 2149 2389 2220 ῥᾷστά
2419 2167 2482 2217 γε
2533 2152 2849 2224 δυνάμενος·
2888 2153 2948 2207 οὐ
2982 2156 3088 2227 γὰρ
3121 2157 3229 2210 οὐδ’
3279 2158 3445 2221 αὐτὸς
3477 2158 3684 2225 ἀγνοεῖς
3717 2157 3771 2209 ἐν

2213 2236 2356 2299 ὅτοις
2386 2232 2529 2309 ἦσθα
2552 2241 2675 2294 τότε
2700 2258 2713 2271 ·
2750 2242 2887 2297 ἀλλὰ
2920 2245 3016 2296 καὶ
3040 2246 3099 2299 τό
3138 2262 3202 2313 γε
3249 2249 3334 2311 είς
3362 2248 3463 2318 ἐμὲ
3499 2242 3654 2320 ἧκον,
3683 2246 3770 2299 καὶ

2211 2327 2314 2392 δὶς,
2343 2331 2436 2384 καὶ
2466 2332 2587 2401 τρὶς
2635 2335 2727 2385 ἐπὶ
2773 2337 3068 2409 συμμαχίᾳ
3104 2340 3465 2410 παρεσχόμην
3499 2341 3767 2409 στρατιάν.
3816 2366 3819 2371 ν

2210 2416 2313 2474 Ὧν
2342 2423 2611 2492 ,ἐνόμιζον
2641 2426 2897 2481 ἁπάντων
2929 2430 3281 2500 μεμνημένον
3348 2432 3607 2485 οὐδέποτε
3653 2429 3768 2500 βου-

2211 2512 2500 2586 λήσεσθαι,
2533 2518 2636 2572 κᾶν
2682 2520 2988 2591 δυνήσηται
3020 2523 3256 2592 μεγάλα,
3308 2524 3407 2588 τὰς
3441 2524 3534 2577 ὑπ’
3574 2524 3668 2593 ἐμὲ
3691 2538 3770 2575 τε.

2210 2603 2407 2669 λούσας
2432 2607 2609 2672 πόλεις
2637 2613 2981 2680 κακουργεῖν,
3017 2612 3089 2665 Σὺ
3119 2612 3184 2674 δ’,
3206 2613 3280 2676 ώς
3331 2614 3529 2678 ἔοικεν,
3561 2614 3767 2666 ἐκείνων

2210 2698 2466 2752 ἁπάντων
2489 2699 2937 2771 ἐπιλελησμένος,
2963 2703 3121 2773 ἦκεις
3145 2703 3240 2757 νῦν
3265 2704 3584 2776 βαρϐάρους
3612 2705 3766 2772 ἄγων,

2207 2790 2285 2854 ὡς
2337 2791 2431 2843 ἐπὶ
2485 2791 2749 2859 πολέμιον
2777 2793 2875 2846 καὶ
2931 2794 2999 2847 τὰ
3037 2795 3272 2863 μέγιστα
3309 2797 3628 2868 ἠδικηκότα.
3672 2794 3767 2847 Καὶ

2210 2881 2414 2946 πόλεις,
2439 2883 2536 2948 τὰς
2571 2885 2672 2954 μὲν
2723 2888 2835 2949 τοῖς
2859 2886 3046 2952 ὅπλοις
3076 2883 3244 2955 εἷλες,
3275 2890 3477 2961 ἑτέρας
3500 2891 3556 2944 δὲ
3585 2890 3758 2958 κλοπῇ,

2206 2975 2307 3028 οὐκ
2342 2975 2533 3042 ὀλίγας
2566 2977 2624 3029 δὲ
2654 2981 2751 3034 καὶ
2789 2980 2894 3033 ὑπὸ
2925 2980 3079 3044 δέους
3133 2983 3637 3054 προσχωρησάσας.
3672 2979 3761 3034 Καὶ

2207 3067 2337 3130 τοὺς
2385 3068 2733 3131 ἐνοικοῦντας
2789 3071 3154 3139 στρατιώτας,
3186 3074 3281 3128 καὶ
3340 3073 3452 3128 τῶν
3505 3072 3767 3143 ἐπιφανῶν

528 3165 769 3233 priorem
806 3170 1103 3226 amicitiam
1152 3180 1207 3225 et
1254 3171 1435 3229 fmdus
1490 3191 1705 3232 mecum
1759 3194 2010 3245 renoves,
2046 3191 2103 3239 et

2209 3159 2461 3222 πολλοὺς,
2492 3161 2619 3224 τοὺς
2684 3162 2782 3231 μὲν
2844 3164 3179 3227 ἀπέκτεινας
3217 3166 3374 3220 κατά
3434 3166 3535 3231 τὰς
3584 3166 3766 3235 μάχας,

530 3268 762 3325 uterque
788 3274 909 3328 quae
939 3260 1125 3329 habet,
1157 3263 1413 3321 retineat.
1440 3265 1596 3333 Quod
1620 3269 1664 3323 si
1696 3285 1837 3340 aegre
1868 3272 1967 3327 tibi
1996 3283 2097 3339 est,

530 3360 620 3401 me
650 3363 741 3416 qui
762 3364 872 3421 que
896 3354 1208 3420 portionem
1242 3356 1480 3426 aliquam
1505 3359 1572 3413 de
1594 3360 1841 3416 Romano
1871 3363 2101 3434 imperio

527 3438 767 3491 ablatam
802 3443 1109 3509 possidere,
1133 3454 1195 3500 at
1230 3446 1363 3501 illud
1400 3450 1609 3518 cogites
1629 3452 1812 3518 velim,
1841 3463 1894 3509 te
1929 3455 2102 3511 multo

527 3530 849 3598 ampliorem
894 3533 1120 3599 habere,
1168 3536 1467 3595 detractam
1507 3557 1574 3597 ex
1622 3558 1686 3597 ea
1720 3558 1841 3614 quae
1873 3546 2101 3604 alterius

527 3629 652 3673 erat
690 3624 912 3692 propria
951 3642 966 3679 :
1000 3626 1204 3696 quibus
1240 3637 1536 3701 utrumque
1583 3644 1901 3689 contentum
1942 3652 2094 3702 esse,

527 3721 581 3766 et
607 3714 750 3769 facto
785 3716 992 3772 l‘ccdere
1014 3734 1201 3788 pacem
1234 3723 1443 3792 agitare
1477 3738 1575 3795 par
1590 3733 1691 3779 est.
1719 3725 1814 3781 Sin
1841 3727 1943 3782 ista
1967 3743 2100 3783 cona-

527 3803 665 3858 d.tio
701 3813 754 3860 te
796 3821 905 3862 non
937 3810 1206 3877 delectat,
1261 3814 1387 3868 vide
1416 3830 1508 3881 ne,
1554 3825 1918 3887 praeterquam
1949 3821 2096 3888 quod

525 3896 662 3950 nihil
686 3898 924 3967 proﬁcis,
953 3902 1119 3956 etiam
1144 3905 1491 3974 inexplebilis
1516 3907 1759 3962 avaritia:
1808 3916 1863 3962 et
1900 3908 2098 3979 ingrati

526 3989 697 4043 animi
725 4004 851 4062 erga
907 3994 1113 4049 amicos
1151 4011 1214 4051 ac
1247 3996 1386 4052 bene
1417 3998 1644 4053 meritos
1681 3998 1886 4053 crimen
1915 4000 2101 4055 incur-

526 4096 635 4133 ras.
655 4081 982 4150 llar'eCrales
998 4087 1065 4141 ad
1094 4087 1484 4157 imperatorem
1504 4091 1692 4145 multis
1716 4092 2095 4160 praesentibus.

527 4170 834 4242 imperator
857 4176 1178 4246 aliquandiu
1204 4179 1394 4243 silens,
1433 4178 1489 4233 in
1524 4179 1638 4234 hac
1670 4180 1836 4235 verba
1866 4196 2098 4251 respon-

524 4279 644 4319 Slllll
676 4267 913 4322 reddidit
946 4285 959 4324 :
988 4269 1135 4324 Nihil
1159 4285 1314 4339 aeque
1346 4268 1632 4325 hominum
1662 4262 1792 4328 ‘vita?
1818 4272 1931 4344 jam
1968 4272 2096 4327 inde

523 4358 592 4410 ab
623 4360 780 4413 initio
804 4361 1003 4417 obesse
1022 4364 1239 4431 opinor,
1272 4377 1452 4433 neque
1475 4364 1622 4419 aliud
1646 4380 1839 4435 magna
1865 4364 2092 4419 dissidia

521 4459 577 4502 i-t
616 4452 755 4505 bella
778 4454 966 4523 gravia
998 4455 1275 4524 peperisse
1298 4496 1312 4522 ,
1343 4471 1506 4525 quam
1539 4457 1686 4526 quod
1715 4458 2093 4526 unusquisque

520 4541 628 4594 sibi
671 4551 727 4596 et
755 4544 875 4599 aliis
896 4546 1040 4599 haud
1071 4547 1349 4617 justusest
1374 4547 1603 4611 arbiter,
1632 4547 1727 4603 sed
1747 4548 1852 4603 sibi
1877 4548 2098 4617 quidem

518 4632 604 4686 vel
652 4636 966 4704 turpissima
995 4636 1318 4706 frequenter
1354 4638 1608 4709 ignoscit,
1652 4639 1723 4693 ab
1757 4637 1884 4692 aliis
1912 4644 2098 4692 autem

521 4722 686 4776 etiam
714 4738 817 4793 pro
855 4727 1240 4784 minutissimis
1269 4729 1487 4784 delictis
1514 4743 1706 4799 poenas
1734 4728 1913 4797 poscit
1940 4743 2100 4783 acer-

521 4815 797 4873 bissimas.
846 4819 1028 4890 Atque
1072 4820 1176 4875 hoc
1219 4831 1343 4888 est,
1387 4821 1536 4892 quod
1579 4820 1747 4875 vitam
1799 4820 2096 4875 humanam

521 4914 810 4976 tantopere
858 4911 1209 4978 perturbavit
1232 4922 1400 4981 atque
1428 4910 1775 4982 permiscuit,
1803 4924 1907 4964 nec
1939 4909 2097 4964 urbi-

521 4996 627 5051 bus
663 5007 873 5054 tantum
954 5017 1020 5056 ac
1057 5003 1315 5059 domibus
1350 5003 1590 5073 ingentia
1637 5003 1983 5057 incommoda
2015 5002 2098 5055 in-

520 5087 667 5151 tulit,
697 5091 793 5144 sed
834 5099 894 5146 et
932 5101 1043 5146 tota
1088 5093 1323 5163 imperia
1374 5093 1959 5164 pessumdeditycum
2002 5103 2097 5148 aut

519 5180 742 5246 quidam
782 5182 1128 5239 iusaturabili
1183 5186 1489 5255 cupiditate
1530 5187 1675 5241 bello
1719 5201 1817 5256 per
1845 5186 2000 5241 nefas
2029 5185 2096 5239 il-

515 5269 629 5324 lato
681 5271 819 5327 alios
885 5281 1162 5340 evertunt,
1227 5286 1322 5331 aut
1373 5277 1442 5332 ab
1489 5278 1614 5332 aliis
1664 5278 1864 5347 quibus
1918 5276 2092 5347 iniqui

517 5360 759 5429 fuerant,
788 5363 937 5434 juste
964 5381 1029 5420 ac
1062 5366 1292 5423 honeste
1326 5383 1386 5423 se
1426 5369 1820 5425 ulciscentibus
1836 5379 2096 5423 evertun-

521 5458 635 5513 tur,
666 5453 812 5520 quod
839 5463 896 5507 et
932 5455 1030 5509 tibi
1065 5458 1228 5512 modo
1256 5459 1553 5531 contigisse
1578 5460 1837 5515 arbitror.
1863 5456 1919 5511 Si
1943 5458 2091 5511 enim

519 5555 736 5609 acquum
800 5553 856 5598 et
915 5546 1119 5601 bimum
1153 5549 1314 5620 783
1356 5560 1408 5605 te
1458 5552 1513 5604 in
1568 5557 1759 5605 nostra
1805 5548 2091 5602 amborum

520 5645 688 5685 causa
716 5634 957 5703 judieem
1008 5642 1379 5708 priestitisses,
1417 5659 1526 5697 non
1560 5651 1618 5697 tu
1653 5650 1843 5696 contra
1898 5638 2077 5694 foedus

524 5730 580 5775 et
625 5722 938 5791 jurauienta
985 5739 1065 5784 tot
1112 5734 1330 5801 oppidis
1378 5735 1749 5789 Romanorum
1786 5732 2080 5805 incubans,

522 5808 659 5865 nihil
689 5818 740 5865 te
777 5826 978 5871 novum
1015 5819 1305 5876 admittere
1338 5821 1646 5879 censuisscs
1684 5859 1699 5886 ε
1738 5835 1839 5876 nec
1861 5837 1966 5893 me,
1994 5827 2090 5895 qui

2207 3250 2333 3314 τοὺς
2380 3250 2435 3303 δὲ
2467 3250 2661 3315 ἄλλους
2697 3253 3122 3324 ἀνδραποδίσας,
3162 3259 3224 3309 ὲν
3263 3258 3594 3329 εὐεργεσίας
3626 3256 3769 3327 μέρει

2201 3346 2303 3415 τὴν
2338 3343 2657 3415 ἐλευθερίαν
2680 3346 2787 3400 τῶν
2822 3347 3111 3415 σωμάτων,
3145 3349 3233 3403 ὅτε
3270 3367 3365 3406 σοι
3397 3351 3605 3422 βέλτιον
3629 3345 3770 3416 ἐφαί-

2202 3451 2349 3502 νετο,
2385 3437 2675 3509 παρείχου,
2706 3438 2767 3492 οὐ
2801 3438 3005 3508 μᾶλλον
3024 3440 3248 3509 ἥδεσθαι
3278 3445 3459 3499 ποιῶν
3488 3444 3769 3513 τυγχάνον-

2201 3545 2302 3591 τας
2324 3529 2661 3599 ὲλευθερίας,
2693 3529 2728 3601 ἢ
2763 3530 2886 3584 ὅσον
2917 3530 3513 3604 ἐξανδραποδιζόμενος
3540 3533 3766 3592 ὲλύπεις.

2204 3617 2523 3687 Χρημάτων
2553 3636 2614 3673 τε
2667 3622 3053 3692 ἀπεστέρησας
3092 3626 3188 3678 καὶ
3234 3624 3627 3696 βοσκημάτων,
3660 3620 3772 3675 οὐδὲ

2205 3713 2551 3782 ἀριθμητῶν.
2588 3715 2654 3766 Ἀ
2704 3715 2884 3769 πάντα
2931 3716 3193 3785 ἄχθεσθαι
3235 3721 3409 3783 ποιεῖ,
3443 3721 3536 3773 καὶ
3583 3715 3771 3783 πολλήν

2206 3818 2300 3856 σου
2338 3807 2665 3874 κατηγορεῖν
2687 3806 3084 3879 ἀγνωμοσύνην
3125 3808 3338 3879 ι⁹ομως
3370 3812 3579 3881 μέντοι,
3605 3806 3772 3863 καίτοι

2201 3894 2441 3948 τοσαῦτα
2469 3888 2606 3948 ’ὑπὸ
2656 3896 2750 3949 σοῦ
2807 3897 3166 3968 ἠδικημένος,
3224 3900 3285 3952 οὐ
3331 3902 3612 3971 πολέμιος,
3649 3894 3771 3951 ἀλλὰ

2201 3983 2355 4054 φίλος
2385 3985 2476 4039 καὶ
2502 3985 2812 4057 σύμμαχος,
2847 3987 3034 4058 ὥσπερ
3068 3991 3165 4043 καὶ
3198 3993 3482 4063 πρότερον
3517 3988 3772 4059 αἱροῦμαι

2200 4074 2341 4131 εἶναι
2385 4078 2495 4143 σός.
2544 4080 2656 4134 Καὶ
2684 4081 2864 4133 πᾶσαν
2907 4081 3247 4151 ἀποθέμενον
3286 4083 3549 4154 παραινῶ
3589 4096 3774 4151 μικρο-

2197 4168 2419 4240 ψυχίαν,
2452 4169 2552 4240 τὴν
2582 4170 2853 4240 προτέραν
2884 4171 3068 4239 φιλίαν
3124 4172 3219 4225 καὶ
3248 4173 3351 4237 τὰς
3379 4172 3619 4234 σπονδὰς
3650 4171 3774 4223 ἀνα·-

2199 4261 2475 4325 νεοῦσθαι,
2506 4260 2729 4330 ἔχοντας
2751 4261 2787 4315 ἃ
2815 4262 3010 4332 ἔχομεν
3037 4263 3323 4333 ἑκάτερον.
3360 4266 3423 4318 Εί
3452 4264 3510 4317 δέ
3533 4281 3590 4315 σε
3625 4261 3777 4314 λοπεί

2199 4352 2260 4407 τδ
2281 4353 2375 4406 καὶ
2398 4352 2563 4406 αὐτὸν
2590 4353 2652 4404 ὲκ
2672 4353 2768 4423 τῆς
2786 4353 3072 4422 Ῥωμαίων
3097 4355 3401 4423 ἡγεμονίας
3433 4354 3634 4424 μοῖράν
3657 4365 3773 4404 τινα

2203 4444 2595 4515 παρῃρημένον
2621 4444 2791 4514 ἔχειν,
2820 4444 2938 4498 ἀλλ’
2971 4447 3150 4500 ἐκεῖνο
3176 4448 3383 4501 ἐννοεῖν
3418 4446 3549 4517 χρὴ,
3577 4445 3652 4506 ώς
3682 4444 3775 4496 αὐ-

2206 4537 2296 4598 τὸς
2327 4536 2474 4606 ἔχεις
2504 4534 2908 4590 πολλαπλάσιον
2943 4536 3121 4589 λαόὼν
3155 4539 3221 4590 ὲκ
3262 4539 3366 4607 τῆς
3399 4539 3575 4608 αὐτῆς
3608 4536 3777 4603 ἑτέρῳ
3818 4574 3825 4627 .i

2206 4629 2589 4698 προσηκούσης
2609 4645 2621 4659 ·
2649 4624 2733 4692 οἷς
2777 4630 3057 4700 προσῆκον
3089 4631 3313 4699 ἀγαπᾷν
3360 4632 3653 4701 ἑκάτερον,
3688 4627 3778 4680 καὶ

2203 4721 2437 4785 σπονδὰς
2471 4721 2756 4790 θεμένους,
2791 4725 3020 4794 εἰρήνην
3053 4723 3229 4789 ἀγειν.
3285 4724 3348 4777 Εί
3395 4724 3455 4775 δὲ
3490 4724 3567 4793 μὴ
3606 4722 3776 4775 ταῦτα

2201 4815 2331 4883 φίλα
2367 4831 2450 4867 σοι
2481 4814 2649 4880 δοκεῖ,
2680 4815 2783 4885 ὅρα
2809 4816 2883 4885 μή
2926 4830 3010 4867 σοι
3047 4814 3183 4883 πρὸς
3212 4813 3291 4883 τῷ
3322 4816 3498 4884 μηδὲν
3523 4815 3690 4867 πλέον
3718 4813 3776 4880 ὴ-

2199 4904 2442 4970 νυκέναι,
2474 4906 2568 4958 καὶ
2593 4905 2901 4976 ἀπληστίας
2957 4906 3054 4958 καὶ¹
3101 4906 3436 4976 ἀχαριστίας
3477 4909 3612 4978 πρὸς
3653 4906 3775 4966 τοὺς

2197 4996 2383 5065 φίλους
2441 4996 2694 5059 καὶτοὺς
2739 4991 2798 5049 εὗ
2856 4995 3229 5064 πεποιηκότας
3277 4996 3543 5067 ἔγκλημα
3580 4994 3778 5065 προσέ-

2201 5105 2345 5141 σται.
2376 5086 2614 5142 Τοιαῦτα
2646 5088 2745 5156 μὲν
2771 5088 2799 5139 ό
2829 5087 3054 5157 Κράλης
3078 5087 3350 5158 διειλέχθη
3381 5089 3525 5157 πρὸς
3550 5083 3773 5156 βασιλέα

2199 5180 2407 5234 πολλῶν
2435 5179 2740 5249 παρόντων.
2776 5177 3042 5241 Βασιλεὺς
3068 5179 3127 5232 δὲ
3157 5180 3405 5249 ἐπισχὼν
3432 5179 3653 5248 μικρὸν,
3675 5191 3777 5227 τοι·

2195 5274 2369 5342 αὐτην
2393 5274 2529 5343 πρὸς
2560 5274 2785 5344 Κράλην
2809 5275 3106 5343 ἐποιήσατο
3136 5275 3461 5342 ἀπολογίαν.
3494 5273 3664 5327 Οὐδὲν
3686 5261 3776 5321 οὖ-

2195 5385 2300 5430 τως
2360 5368 2543 5437 οῐομαι
2600 5366 2962 5435 λυμαίνεσθαι
3017 5366 3096 5436 τῷ
3138 5367 3238 5437 βίῳ
3287 5365 3402 5419 τῶν
3467 5364 3773 5462 ἀνθρώπων

2195 5457 2433 5527 ὲξαρχῆς
2470 5457 2591 5511 οὐδὲ
2622 5455 2823 5526 μᾶλλον
2851 5457 3025 5509 αἴτιον
3062 5456 3172 5509 τῶν
3207 5455 3468 5523 μεγάλων
3498 5455 3772 5521 διαφορῶν

2196 5550 2292 5603 καὶ
2324 5551 2434 5602 τῶν
2458 5550 2711 5619 πολέμων
2736 5548 3086 5617 γεγενῆσθαι,
3116 5548 3148 5620 ἦ
3186 5548 3246 5599 τὸ
3381 5546 3618 5643 δικαίως
3639 5544 3773 5643 lixa:

2197 5658 2320 5694 στον
2351 5640 2528 5711 ἐαυτῷ
2558 5657 2618 5692 τε
2650 5642 2746 5692 καὶ
2771 5641 2883 5702 τοῖς
2921 5638 3102 5701 ἀλλοις
3128 5638 3342 5708 διαιτᾷν
3371 5653 3386 5669 ’
3424 5637 3546 5689 ἀλλ’
3594 5637 3773 5701 ἑαυτῷ

2199 5734 2297 5803 μὲν
2332 5734 2427 5787 καὶ
2455 5735 2524 5788 τὰ
2553 5731 2883 5786 ἀτοπώτατα
2910 5731 3172 5795 πολλάκις
3203 5732 3539 5800 συγχωρεῖν,
3572 5727 3700 5789 τοὺς
3722 5721 3769 5833 :3"

2197 5826 2390 5891 ἄλλους
2421 5827 2514 5881 καὶ
2568 5827 2707 5896 ὑπὲρ
2753 5824 2860 5879 τῶν
2889 5825 3186 5895 ἐλαχίστων
3219 5823 3492 5897 μεγίστας
3520 5823 3771 5876 ἀπαιτεῖν
