4028 6494
285 381 385 451 15⁸1

1440 375 1982 441 HISTORIARUM
2024 375 2257 437 LIBER
2297 374 2398 436 IV.

3463 368 3568 434 158

280 494 535 558 εὐθύνας.
560 492 677 548 Καὶ
722 488 886 545 τοῦτό
917 493 1086 555 ἐστιν,
1113 488 1142 543 ὀ
1170 488 1374 559 πολλῆς
1402 489 1732 558 ἐμπέπληκε
1776 483 1856 537 sin

1975 494 2039 534 ex
2076 479 2264 553 multis
2295 492 2473 549 pauca
2518 475 2702 546 recepi
2729 515 2742 540 ,
2777 482 2836 530 ut
2879 474 3197 546 improbent
3255 472 3563 541 ingratum-

281 588 397 661 βίον
419 585 689 659 ταραχῆς,
720 585 819 638 καὶ
849 585 910 638 οὗ
951 584 1141 638 πόλεσι
1176 583 1337 652 μόνον
1374 583 1472 635 καὶ
1520 580 1724 642 οἰκίαις
1765 594 1864 648 με-

278 682 454 750 γάλας
503 678 870 749 ὶνειργάσατο
902 675 1212 747 συμφορὰς,
1241 674 1383 731 ἀλλά
1418 673 1515 728 καὶ⁵
1565 672 1697 736 ὅλας
1749 672 1864 725 6:6-

280 773 507 842 φθειρεν
538 770 863 841 ἡγεμονίας,
892 769 925 839 ἢ
957 766 1157 832 αὐτούς
1207 783 1360 830 τινας
1406 766 1500 818 ὑπ’
1553 764 1864 836 ἀπληστίας

282 864 507 935 ἑτέρους
538 861 968 931 διαφθείραντας
996 860 1251 931 πολέμων
1285 858 1559 929 ἄρχοντας
1580 856 1805 919 ἀδίκων,
1831 854 1864 925 ἦ

278 956 386 1009 ὑπὸ
439 954 550 1009 τῶν
602 954 976 1023 ἀδικουμένων
1007 950 1432 1022 διαφθαρέντας,
1490 949 1719 1011 δικαίως
1767 946 1865 1000 καὶ

277 1048 466 1110 καλῶς
496 1047 896 1117 ἀμυνομένων’
939 1047 1078 1116 ὅπερ
1120 1046 1308 1115 οῐομαι
1364 1044 1461 1099 καὶ
1521 1042 1609 1096 σοὶ
1659 1040 1868 1110 συμϐε-

279 1133 515 1204 ϐηκέναι
553 1132 669 1188 νῦν.
712 1134 777 1188 Et
833 1135 941 1203 γὰρ
973 1134 1202 1197 δικαίως
1257 1135 1352 1187 καὶ
1388 1132 1572 1196 καλῶς
1626 1131 1752 1200 ἐμοί
1802 1146 1864 1182 τε

279 1226 380 1279 καὶ
437 1225 621 1294 σαυτῷ
671 1225 895 1296 διῄτεις,
920 1226 1022 1280 οὐκ
1058 1225 1125 1280 ἂν
1159 1225 1224 1278 σὺ
1263 1226 1388 1295 μὲν,
1427 1223 1740 1286 ὲκσπόνδως
1771 1222 1866 1275 καὶ

278 1318 437 1388 παρά
489 1319 614 1382 τοὺς
670 1319 870 1390 ὅρκους
918 1310 1191 1383 τοσαύτας
1239 1318 1382 1389 ἔχων
1423 1317 1712 1385 Ῥωμαίων
1768 1315 1867 1370 πό-

277 1411 416 1477 λεις,
465 1411 649 1467 καινὸν
687 1410 797 1482 ᾤου
853 1411 1020 1482 μηδὲν
1044 1413 1245 1476 ποιεῖν,
1267 1412 1367 1482 ἐμὲ
1410 1411 1454 1465 δ’
1487 1412 1571 1465 ὅτι
1601 1412 1665 1464 ὲκ
1726 1410 1862 1464 πολ-

276 1504 394 1557 λῶν
420 1504 697 1558 ἀπέλαϐον
726 1503 906 1572 ὀλίγα,
933 1504 1154 1568 ἐδίωκες
1179 1503 1574 1574 ἀγνωμοσύνης
1609 1503 1705 1557 καὶ
1723 1503 1863 1571 ἀχα-

278 1597 526 1667 ριστίας,
567 1596 661 1651 καὶ
688 1595 750 1650 τδ
775 1596 982 1651 τούτων
1029 1597 1110 1651 ἔτι
1171 1596 1652 1668 θαυμασιώτερον,
1681 1595 1863 1665 ἀπλη-

278 1689 460 1751 στίας.
517 1689 609 1753 Ὠς
637 1689 738 1759 μὲν
761 1685 857 1743 οὖν
884 1689 989 1743 ύπὺ
1028 1688 1139 1742 τῶν
1179 1688 1473 1759 ὁμοφύλων
1529 1686 1864 1759 πολεμηθεὶς

241 1816 247 1819 -
276 1776 512 1840 ἀδίκως,
536 1778 631 1829 καὶ
652 1777 752 1846 τῆς
791 1778 1080 1848 Ῥωμαίων
1126 1780 1230 1849 γῆς
1256 1779 1576 1844 ἀπελαθεὶς,
1625 1780 1762 1850 πρὸς
1798 1779 1860 1833 σὲ

281 1871 554 1939 ἀφῖγμαι,
591 1867 818 1933 πολλοὺς
847 1869 997 1937 ἄγων
1022 1868 1119 1923 καὶ
1146 1870 1257 1924 τῶν
1311 1870 1552 1937 οἰκείων,
1603 1872 1701 1925 καὶ
1748 1873 1860 1927 τῶν

245 1960 470 2028 .φίλων,
517 1961 609 2013 καὶ
630 1961 892 2032 χρήματα
930 1961 1033 2014 οὐκ
1063 1961 1239 2030 ὀλίγα,
1288 1963 1387 2023 καὶ1
1416 1964 1494 2026 ὡς
1537 1963 1703 2027 αὐτὸς
1735 1962 1861 2019 οὔτε

283 2051 594 2122 χρημάτων
626 2052 897 2124 ἐπιθυμίᾳ
924 2053 1195 2108 τοσούτων
1219 2053 1389 2109 ὀντων
1419 2054 1529 2109 τῶν
1548 2073 1609 2110 τε
1634 2057 1765 2126 παρ’
1801 2058 1860 2110 ὲ-

276 2144 403 2213 μοὶ,
471 2143 571 2197 καὶ
625 2143 733 2198 τῶν
771 2143 877 2199 ὑπὸ
928 2144 1038 2199 τῶν
1098 2146 1377 2216 πολεμίων
1436 2149 1857 2220 παρεχομένων,

273 2233 407 2288 οὔτε
432 2235 645 2288 πόλεων
676 2235 768 2291 καὶ
823 2233 1010 2309 χώρας
1049 2238 1322 2307 τοσαύτης
1379 2240 1726 2310 προϊεμένων
1764 2241 1862 2296 in!

280 2326 361 2397 τῷ
385 2326 574 2390 κακῶς
607 2329 784 2382 ποιεῖν
808 2328 933 2399 ἐμὲ,
976 2328 1190 2392 οὐδενὸς
1225 2329 1491 2400 ἡττήθης,
1553 2330 1689 2384 ἀλλά
1720 2329 1860 2385 πάνυ

293 2436 402 2471 των
428 2417 524 2490 τὴν
550 2420 634 2483 είς
654 2419 757 2489 εμὲ
802 2420 985 2489 φιλίαν
1018 2418 1360 2491 προύθηκας,
1413 2421 1515 2475 ούκ
1567 2420 1635 2476 ἂν
1688 2423 1860 2493 ἀρνη-

304 2507 451 2577 θείην
482 2509 574 2563 οὐδ’
603 2509 790 2574 αὐτός·
816 2509 1064 2580 ἀδικοίην
1094 2510 1204 2581 γὰρ
1230 2510 1296 2567 ἂν
1331 2513 1401 2564 τὰ
1436 2510 1674 2581 μέγιστα
1709 2512 1771 2566 σέ
1797 2529 1859 2566 τε

297 2599 491 2669 ὁμοίως
517 2602 610 2655 καὶ
645 2603 773 2666 τοὺς
798 2602 1019 2666 ἄλλους,
1055 2598 1138 2667 οἷς
1168 2603 1299 2673 ἐξῆν
1347 2605 1619 2671 τοιούτοις
1672 2624 1857 2678 παρα-

284 2690 537 2762 δείγμασι
560 2693 747 2756 καλοῖς
770 2693 1076 2766 χρωμένοις
1107 2696 1198 2748 ἐπὶ
1227 2696 1289 2749 τὸ
1314 2696 1384 2749 τὰ
1433 2696 1631 2767 βελτίω
1686 2697 1861 2769 πράτ-

280 2800 397 2839 τειν
420 2783 842 2856 προθυμεῖσθαι.
876 2786 951 2839 Τὸ
983 2787 1093 2858 γὰρ
1125 2789 1312 2859 μηδὲν,
1362 2788 1555 2859 ὥσπερ
1594 2790 1732 2862 ἔφης
1763 2792 1860 2846 καὶ

278 2875 463 2944 αὐτὸς,
504 2877 641 2946 πρὸς
666 2878 932 2933 ἀντίδοσιν
984 2880 1233 2944 εύποιϊας
1287 2882 1703 2950 προοφείλοντα,
1761 2883 1858 2938 καὶ⁵

279 2967 427 3021 κατά
467 2968 758 3038 συμφορὰς
792 2970 1233 3041 είσδεδεγμένον,
1263 2971 1456 3026 ἔπειτα
1487 2973 1614 3043 μήτ’
1642 2974 1857 3028 οἷκοθεν

276 3060 589 3131 ὁρμηθῆναι
625 3061 760 3132 πρὸς
786 3061 1124 3129 πλεονεξίαν,
1155 3064 1286 3135 μήθ’
1320 3065 1408 3118 ὑπ’
1442 3065 1621 3119 ἄλλων
1666 3068 1857 3135 ἐναγό-

1977 587 2108 642 quc,
2152 580 2206 628 et
2231 570 2377 641 quod
2417 571 2507 625 his
2550 568 2865 624 mirabilius
2894 576 3012 650 est‘,
3052 581 3282 622 avarum
3336 576 3565 618 accusa-

1973 664 2172 719 visses.
2204 663 2288 718 Me
2320 662 2488 734 igitur
2517 674 2548 716 a
2577 660 2796 716 civibus
2830 659 2968 714 meis
3018 659 3164 715 bello
3212 657 3470 728 petitum,
3512 664 3568 709 et

1976 757 2226 812 Romano
2268 756 2387 811 solo
2423 755 2665 827 pulsum,
2699 769 2828 809 cum
2873 753 3207 810 necessariis
3243 759 3300 805 et
3328 749 3524 805 amicis
3546 789 3562 813 ,

1970 859 2028 905 et
2056 851 2295 920 pecunia
2347 849 2521 903 multa
2577 847 2645 902 ad
2697 858 2749 902 te
2798 847 3039 911 venisse,
3083 855 3137 900 te
3168 857 3348 913 neque
3374 856 3564 895 amore

1967 934 2240 1002 pecuniae,
2278 948 2441 1003 quam
2467 945 2570 1000 ego
2597 939 2653 985 et
2687 931 2878 986 hostes
2915 938 3025 983 tam
3069 927 3331 999 grandem
3356 924 3563 979 olIcre-

1969 1016 2184 1082 bamus,
2220 1031 2404 1086 neque
2441 1013 2666 1069 urbibus
2720 1024 2777 1069 et
2808 1014 3032 1084 regione
3057 1054 3072 1079 ,
3110 1011 3314 1082 quibus
3344 1009 3439 1061 tibi
3471 1023 3562 1060 ee-

1969 1102 2224 1168 debatur,
2280 1110 2341 1155 ut
2387 1098 2523 1153 mihi
2561 1098 2949 1159 malefaceres,
2987 1107 3059 1161 te,
3119 1097 3368 1165 inquam,
3404 1091 3559 1145 nullo

1971 1189 2167 1242 horum
2205 1185 2415 1239 victum
2444 1199 2588 1248 esse,
2622 1181 2717 1237 sed
2748 1182 3008 1237 omnibus
3046 1180 3349 1235 amicitiam
3381 1191 3559 1230 meam

1967 1270 2296 1341 praetulisse,
2323 1284 2428 1324 nec
2462 1268 2578 1338 ipse
2607 1266 2927 1337 negaverim
2960 1283 2974 1328 ;
3036 1278 3220 1319 essem
3252 1262 3401 1316 enim
3429 1261 3483 1314 in
3506 1269 3561 1315 te

1966 1366 2023 1411 et
2054 1355 2215 1417 alios.
2240 1355 2333 1425 qui
2368 1362 2479 1407 tam
2509 1351 2745 1422 egregiis
2775 1348 3045 1417 exemplis
3075 1346 3142 1401 ad
3174 1347 3439 1400 virtutem
3476 1345 3564 1398 in—

1966 1438 2127 1494 citari
2181 1446 2459 1507 poterant,
2495 1432 2922 1506 injustissimus.
2955 1430 3092 1486 Nam
3126 1428 3278 1499 quod
3317 1428 3554 1490 nullum,

1966 1531 2029 1578 ut
2077 1521 2265 1578 aiebas
2291 1562 2307 1586 ,
2341 1519 2679 1576 beneﬁcium
2725 1517 2861 1573 mihi
2921 1514 3175 1579 debens,
3218 1513 3274 1567 in
3316 1527 3439 1566 mea
3470 1525 3562 1565 me

1964 1606 2285 1661 calamitate
2336 1603 2649 1674 excepisti,
2709 1615 2894 1671 neque
2962 1605 3154 1669 tuopte
3208 1595 3433 1666 ingenio
3487 1594 3557 1649 ad

1967 1700 2259 1754 commoda
2295 1708 2389 1753 tua
2431 1711 2501 1751 ex
2553 1708 2641 1750 me
2700 1688 3077 1763 comparanda
3136 1688 3409 1758 impulsus
3458 1701 3556 1750 es,

1965 1804 2147 1860 neque
2176 1789 2247 1844 ab
2298 1788 2408 1843 alio
2464 1785 2751 1848 inductus,
2782 1791 2879 1838 aut
2911 1789 3137 1836 coactus
3180 1778 3415 1849 injuste,
3459 1785 3558 1832 aut

1966 1879 2193 1950 indigne
2232 1879 2287 1933 in
2323 1892 2413 1933 me
2447 1874 2778 1938 consuluisti
2807 1890 2822 1927 :
2851 1872 2947 1928 sed
2985 1871 3246 1926 omnibus
3270 1868 3403 1935 illis,
3431 1883 3557 1939 qua:

1963 1972 2029 2027 ad
2065 1972 2440 2042 principatum
2481 1964 2934 2038 ampliﬁcandum
2968 1962 3255 2035 pertinere
3285 1959 3556 2016 videban-

1965 2074 2076 2132 tur,
2111 2064 2458 2120 honestatem
2484 2070 2650 2131 atque
2693 2057 2966 2130 justitiam
2999 2054 3389 2126 anteposuisti,
3436 2054 3556 2108 haec

1966 2168 2020 2214 te
2051 2171 2164 2213 non
2200 2155 2366 2211 modo
2424 2154 2644 2211 excelso
2704 2151 2919 2223 animo,
2963 2159 3021 2206 et
3063 2149 3264 2204 ardore
3313 2144 3552 2217 quodam

1962 2249 2292 2305 immortalis
2322 2247 2514 2318 gloriae
2540 2243 2855 2317 praeditum,
2894 2241 2995 2300 sed
3028 2249 3086 2297 et
3111 2241 3322 2297 bonum
3345 2238 3548 2301 virum,

1962 2340 2327 2412 intelligentia
2396 2345 2754 2410 praestantem
2810 2341 3127 2400 testantur,
3180 2338 3239 2387 et
3301 2329 3375 2386 ob
3433 2328 3554 2383 haec

1961 2432 2149 2489 omnia
2181 2446 2284 2503 ego
2334 2429 2434 2486 tibi
2469 2430 2675 2485 multas
2707 2426 2914 2499 gratias
2953 2425 3083 2498 jure
3127 2424 3332 2480 debere
3374 2420 3554 2477 conli-

1962 2535 2083 2582 teor
2114 2542 2131 2580 :
2166 2539 2279 2580 non
2310 2523 2490 2579 solum
2520 2520 2670 2591 quod
2710 2518 2850 2574 nihil
2883 2517 3171 2583 nocueris,
3204 2531 3330 2572 cum
3366 2513 3421 2568 id
3469 2512 3554 2568 l‘a-

1959 2619 2166 2676 eillime
2204 2629 2420 2689 posses,
2445 2612 2543 2669 sed
2567 2612 2739 2668 etiam
2761 2609 2912 2680 quod
2958 2609 3157 2681 majori
3191 2623 3277 2662 me
3318 2607 3550 2671 honore,

1960 2729 2126 2787 quam
2157 2711 2398 2766 amicum
2430 2703 2828 2762 cumulaveris.
2864 2703 3060 2757 Ferme
3091 2699 3263 2764 enim,
3303 2697 3552 2769 quandiu

1959 2816 2143 2862 tecum
2171 2801 2310 2863 vixi,
2343 2810 2439 2855 tuo
2467 2796 2780 2869 principatu
2816 2792 2956 2847 mihi
2992 2790 3232 2854 cessisti,
3266 2804 3379 2844 non
3433 2789 3552 2860 ipse

1960 2895 2229 2951 duntaxat
2259 2890 2471 2961 priores
2497 2885 2630 2941 mihi
2679 2883 2936 2938 deferens
2957 2923 2974 2948 ,
3026 2881 3124 2937 sed
3182 2888 3238 2935 et
3270 2879 3552 2951 subjectos

1961 2994 2088 3041 tuos
2111 2995 2307 3038 omnes
2330 3019 2345 3045 ,
2385 2987 2648 3047 tanquam
2680 2973 2727 3028 si
2784 2986 2981 3027 eorum
3032 2986 3130 3025 rex
3161 2983 3361 3033 essem,
3411 2968 3550 3023 mihi

1958 3077 2362 3145 obtemperare,
2386 3067 2649 3133 omnique
2681 3063 3038 3119 veneratione
3108 3069 3170 3114 et
3215 3059 3426 3113 honore
3462 3073 3550 3112 me

277 3168 461 3243 μενον,
505 3153 605 3243 καὶ
641 3153 1220 3243 καταναγκαζόμενον,
1264 3156 1396 3227 μήτ’
1438 3156 1653 3224 ἄδικον,
1720 3157 1848 3228 μήτ’

1959 3166 2216 3243 prosequi
2284 3161 2630 3236 praecipiens.
2708 3155 2955 3224 Quorum
3014 3151 3190 3224 gratia
3248 3149 3547 3218 ampliores

272 3242 508 3309 ἀγεννὲς
550 3241 940 3313 βουλεύσασθαι
968 3247 1098 3320 περὶ
1121 3248 1245 3319 ἐμὲ,
1275 3248 1411 3303 ἀλλά
1440 3253 1660 3305 πάντων
1703 3249 1849 3304 ὲκεί-

1959 3241 2085 3331 tibi,
2109 3274 2275 3332 quam
2305 3270 2406 3328 pro
2436 3253 2615 3309 salute
2669 3258 2726 3305 et
2754 3245 3137 3302 incolumitate
3182 3256 3305 3297 mea
3355 3241 3455 3294 abs
3492 3249 3546 3294 te

270 3350 380 3388 νων
443 3334 559 3386 τῶν
612 3334 910 3391 δοκούντων
962 3337 1100 3409 πρὸς
1145 3339 1245 3411 τὴν
1301 3341 1477 3412 ἀρχὴν
1528 3341 1853 3409 λυσιτελεῖν,

270 3427 371 3496 τὴν
399 3424 499 3478 τοῦ
530 3426 698 3480 καλοῦ
719 3428 815 3481 καὶ
862 3428 1072 3485 δικαίου
1103 3430 1316 3503 αἵρεσιν
1341 3435 1545 3503 προῖκα
1576 3435 1856 3506 προτιμῆ⁶

272 3535 387 3584 σαι,
410 3519 473 3573 ὠ
508 3520 923 3591 μεγαλοψυχίαν
984 3522 1148 3594 μόνον
1196 3523 1292 3580 καὶ
1331 3525 1666 3596 φιλοτιμίαν,
1717 3528 1856 3582 ἀλλά

272 3612 363 3664 καὶ
402 3610 765 3682 δικαιοσύνην
854 3614 948 3669 καὶ
983 3614 1269 3669 εὐϐουλίαν
1317 3621 1731 3688 συμμαρτυρεῖ,
1761 3620 1856 3674 καὶ

272 3702 477 3754 τούτων
539 3701 795 3756 ἁπάντων
832 3703 941 3772 ἐγώ
999 3721 1081 3760 σοι
1105 3706 1306 3771 πολλὰς
1341 3709 1582 3776 ὀφείλειν
1643 3711 1855 3776 δίκαιος

272 3787 415 3845 εἶναι
442 3793 681 3864 χάριτας
700 3796 966 3865 ὀμολογῶο
1003 3798 1063 3851 ού
1111 3799 1271 3869 μόνον
1314 3799 1403 3853 διά
1436 3801 1497 3855 τὸ
1534 3803 1703 3872 μηδὲν
1732 3805 1855 3874 ἠδι-

272 3884 506 3951 κηκέναι
564 3887 796 3955 μάλιστα
827 3888 1146 3959 δυνάμενον,
1207 3890 1433 3945 ἀλλ’ὅτι
1496 3895 1591 3947 καὶ
1618 3893 1718 3965 τὴν
1773 3897 1854 3958 είς

273 3976 375 4043 ἐμὲ
406 3978 578 4048 τιμὴν
613 3979 804 4048 μείζω,
839 3979 871 4051 ἢ
935 3982 1071 4050 πρὸς
1115 3981 1272 4053 φίλον
1316 3984 1598 4050 ἐπεδείξω.
1657 3988 1854 4058 Σχεδὸν

280 4067 390 4137 γὰρ
429 4070 561 4139 παρ’
608 4071 735 4123 ὅσον
769 4073 958 4142 χρόνον
1012 4077 1098 4128 σοὶ
1131 4075 1319 4144 συνῆν,
1362 4076 1461 4147 τῆς
1487 4078 1662 4148 ἀρχῆς
1731 4082 1856 4150 ἐμοὶ

290 4158 391 4226 τῆς
410 4162 499 4229 σῆς
540 4163 785 4235 ἐξέστης,
826 4165 924 4219 οὐκ
975 4166 1137 4230 αὐτὸς
1188 4169 1352 4236 μόνον
1409 4169 1519 4222 τῶν
1567 4175 1855 4241 πρωτείων

302 4251 389 4302 ἀεὶ
418 4255 769 4325 παραχωρῶν,
798 4256 933 4311 ἀλλὰ
967 4259 1210 4322 καὶτοὺς
1252 4261 1530 4334 ῥπηκόους
1580 4264 1853 4329 ἅπαντας,

293 4341 369 4405 ὡς
406 4345 573 4398 αὐτῶν
601 4346 941 4415 βασιλεύοντι
985 4350 1275 4420 προσέχειν
1305 4352 1567 4417 κελεύων,
1617 4359 1714 4408 καὶ
1744 4357 1855 4409 πᾶ-

1958 3359 2290 3414 conservata
2327 3348 2532 3421 gratias
2569 3359 2691 3414 ago.
2720 3341 2861 3396 Tum
2903 3337 3179 3409 siquidem
3212 3335 3312 3391 abs
3339 3344 3392 3388 te
3423 3349 3545 3388 ser-

1959 3458 2143 3514 vatus,
2187 3444 2417 3501 omnino
2454 3439 2675 3494 tandem
2707 3432 3005 3507 aliquando
3036 3431 3142 3485 hac
3184 3430 3307 3483 luce
3351 3426 3547 3482 defun-

1954 3556 2079 3614 gar:
2103 3539 2282 3593 honor
2311 3540 2517 3596 autem,
2544 3543 2654 3600 quo
2677 3541 2765 3581 me
2807 3519 3204 3584 cobonestasti,
3229 3519 3396 3572 etiam
3420 3521 3546 3588 post

1956 3610 2068 3691 l‘ata
2100 3643 2365 3692 manens,
2402 3640 2503 3695 per
2534 3638 2630 3677 ora
2663 3627 3014 3691 posterorum
3047 3612 3323 3669 volitabit.
3349 3610 3544 3679 Neque

1956 3740 2088 3782 vero
2117 3731 2172 3778 te
2196 3730 2409 3776 tantum
2439 3716 2524 3771 his
2555 3716 2618 3768 de
2647 3710 2853 3776 causis,
2876 3708 2973 3764 sed
2999 3716 3057 3763 et
3062 3706 3364 3797 ‘conjugem
3392 3714 3541 3759 tuam

1953 3820 2081 3890 jure
2128 3811 2390 3869 laudibus
2422 3803 2777 3866 celebrarim,
2834 3815 2958 3871 qum
3012 3806 3233 3853 tuorum
3280 3810 3407 3865 erga
3453 3809 3543 3848 me

1957 3889 2359 3965 beneﬁciorum
2395 3913 2560 3956 causa
2588 3895 2866 3966 praecipua
2897 3890 3025 3946 fuit.
3061 3889 3181 3959 Ipsa
3226 3891 3373 3941 enim
3408 3901 3545 3941 cou-

1956 4000 2144 4055 silium
2177 3994 2351 4059 dedit,
2384 3992 2501 4062 ipsa
2533 3988 2634 4044 tibi
2684 3985 2924 4052 aliisque
2958 3979 3281 4051 proceribus
3312 3991 3542 4046 perstra-

1954 4090 2025 4145 sit
2051 4104 2119 4144 ne
2144 4085 2278 4159 quid
2309 4081 2583 4139 sordidius
2606 4073 3047 4137 committet-etis,
3085 4085 3222 4124 neve
3251 4066 3538 4138 praemium

1955 4157 2179 4248 aliquod
2208 4179 2599 4244 exspectantes
2623 4208 2640 4234 ,
2685 4164 2782 4222 sed
2816 4163 2986 4234 gratis
3017 4174 3272 4229 prorsus,
3300 4167 3356 4212 et
3388 4157 3542 4212 laudi

1955 4245 2113 4323 vobis
2156 4264 2400 4321 studium
2437 4261 2493 4315 in
2541 4272 2629 4313 me
2683 4254 2926 4310 vestrum
2985 4251 3271 4309 ducentes,
3306 4245 3546 4300 benefici

1955 4359 2186 4424 essetis,
2233 4357 2340 4411 hoc
2378 4366 2550 4409 unum
2578 4351 2633 4405 in
2666 4345 2833 4402 lucris
2881 4340 3134 4398 maximis
3170 4340 3526 4408 deputantes,

285 4436 531 4488 σιναίδῶ
553 4438 812 4508 παρέχειν
858 4440 954 4493 καὶ
979 4442 1170 4513 τιμήν.
1205 4442 1287 4495 Δι’
1316 4443 1350 4496 ἆ
1384 4460 1467 4498 σοι
1501 4447 1592 4498 καὶ
1624 4446 1848 4515 μείζους

1959 4447 2098 4517 iusta
2155 4422 2212 4496 et
2258 4441 2486 4495 honesta
2547 4430 2872 4489 consectari.
2943 4425 3227 4493 Principes
3254 4438 3427 4493 porro
3456 4422 3535 4476 tui

280 4522 395 4581 οἶδα
446 4530 698 4598 χάριτας,
740 4531 773 4603 ἢ
803 4508 1112 4603 σωτηρίας.-
1149 4533 1282 4589 Τότε
1334 4535 1437 4607 μὲν
1475 4537 1584 4609 γὰρ
1617 4508 1839 4606 σωθεὶς,

1959 4508 2142 4592 omnes
2194 4541 2251 4589 et
2301 4530 2529 4592 milites,
2574 4541 2681 4582 non
2738 4531 2948 4578 tantum
2972 4517 3101 4589 quia
3134 4526 3190 4571 tu
3236 4515 3310 4570 ita
3343 4508 3541 4578 velles,

277 4619 495 4681 πάντως
522 4620 748 4691 ὕστερον
784 4622 1187 4695 ἀποθανοῦμαι·
1211 4627 1245 4696 ἡ
1274 4627 1411 4698 τιμὴ
1461 4628 1516 4682 δὲ
1561 4631 1659 4683 καὶ
1717 4631 1856 4700 μετὰ

276 4712 532 4782 τελευτὴν
570 4713 848 4782 διαμενεῖ,
876 4714 984 4769 ὑπό
1002 4717 1222 4771 πάντων
1254 4718 1488 4791 ᾁδομένη
1516 4721 1609 4774 καὶ
1635 4720 1744 4775 τῶν
1772 4724 1855 4786 είς

280 4804 502 4877 ὕστερον
554 4808 851 4877 ἐσομένων.
913 4811 990 4865 Οὐ
1052 4811 1112 4863 σὲ
1155 4811 1214 4864 δὲ
1263 4814 1426 4883 μόνον
1486 4816 1583 4867 ἐπὶ
1641 4815 1853 4880 τούτοις

278 4894 479 4961 δίκαιος
503 4897 571 4951 ἂν
606 4899 725 4969 εἵην
749 4900 1013 4965 ἐπαινεῖν,
1045 4902 1180 4956 ἀλλὰ
1204 4903 1301 4958 καὶ
1333 4905 1434 4977 τὴν
1474 4906 1571 4977 σὴν
1616 4910 1853 4975 γυναῖκα

286 4988 511 5055 μάλιστα
535 4990 871 5060 αἰτιωτάτην
902 4989 1161 5060 ὀφθεῖσαν
1180 4994 1294 5049 τῶν
1315 5010 1516 5067 γεγενη
1528 4996 1709 5064 μένων
1766 5000 1850 5062 εἰς

283 5081 394 5147 ἐμὲ·
420 5083 557 5155 αὐτὴ
573 5084 685 5154 γὰρ
700 5086 797 5138 καὶ
829 5084 1189 5141 ἐϐουλεύσατο
1216 5093 1308 5141 καί
1331 5088 1520 5145 ἔπεισέ
1536 5107 1598 5144 τε
1617 5091 1851 5160 ὁμοίως,

290 5175 376 5227 καὶ
435 5175 566 5241 τοὺς
631 5175 827 5240 ἄλλους
884 5178 1008 5241 τοὺς
1063 5180 1121 5235 ὲν
1159 5180 1327 5248 τέλει,
1396 5181 1472 5254 μὴ
1501 5184 1851 5253 μικρολογείν

290 5267 397 5334 μηδ’
416 5264 551 5325 εἶναι
617 5269 863 5340 ἀγαθοὺς
919 5270 1012 5323 ne
1059 5271 1260 5342 μισθῷ,
1307 5274 1445 5330 ἀλλὰ
1499 5278 1703 5345 προῖκα
1755 5278 1851 5329 καὶ

288 5360 408 5415 κατά
468 5363 817 5435 φιλοτιμίαν,
896 5362 1152 5432 μέγιστον
1215 5365 1410 5435 κέρδος
1502 5368 1634 5422 αὐτὸ
1692 5368 1850 5422 τοῦτο

280 5450 610 5528 ἡγουμένους,
641 5457 709 5511 τὸ
741 5454 819 5507 τὰ
850 5453 997 5506 καλὰ
1030 5456 1338 5527 καὶ-δίκαια
1369 5458 1663 5529 αἱρεῖσθαι·
1712 5461 1848 5512 οἵτε

265 5547 312 5601 ἐν
336 5552 466 5611 τέλει
496 5553 742 5616 πάντες,
780 5547 887 5599 καὶ
914 5547 947 5615 ἡ
971 5546 1106 5619 ἄλλη
1153 5551 1404 5620 στρατιὰ,
1461 5553 1522 5604 οὐ
1565 5551 1652 5605 διὰ
1692 5552 1751 5605 τὸ
1786 5553 1847 5605 σὲ

244 5645 510 5723 βθῇλεσθαι
558 5646 753 5723 μόνον
820 5638 923 5691 καὶ
970 5639 1236 5702 κελεύειν,
1282 5643 1418 5697 ἀλλὰ
1486 5646 1582 5698 καὶ
1630 5644 1844 5698 οἴκοθεν

226 5750 557 5828 ὡρμημένοι,
631 5732 923 5812 μεγάλην
962 5731 1301 5828 ἐπεδείξαντο
1362 5736 1469 5805 τὴν
1536 5736 1842 5791 ἐπιείκειαν

216 5822 404 5926 λέγ’τῆζ,
430 5825 938 5916 εὐγνωμοσύνην
964 5823 1042 5888 εἰς
1069 5825 1187 5894 ἐμέ.
1226 5822 1323 5883 ’Ὧν
1356 5830 1614 5885 ἁπάντων
1678 5831 1840 5896 αὐτὸς

1957 4629 2143 4698 itaque
2171 4623 2487 4686 mandares,
2520 4616 2687 4691 784
2736 4617 2831 4672 sed
2877 4620 3077 4683 sponte
3156 4618 3214 4664 et
3254 4607 3539 4664 voluntate

1954 4722 2127 4777 libera
2160 4720 2559 4774 humanitatem
2614 4709 3028 4776 candoremque
3053 4701 3315 4759 eximium
3341 4701 3540 4756 adver-

1954 4830 2051 4871 sus
2075 4830 2160 4869 me
2187 4814 2559 4869 declararunt.
2607 4808 2717 4863 Pro
2745 4804 2952 4875 quibus
2979 4810 3035 4855 et
3065 4799 3180 4868 ipse
3215 4797 3419 4868 gratias
3439 4797 3537 4852 de-

1952 4906 2081 4968 beo,
2120 4915 2176 4960 et
2206 4918 2445 4972 quorum
2466 4915 2629 4956 aures
2648 4898 2734 4954 vel
2763 4911 2888 4951 sero
2914 4910 2978 4949 ea
3005 4893 3248 4948 narratio
3273 4891 3537 4961 tetigerit,

1953 4997 2078 5053 illos
2114 4996 2516 5067 praedicabunt.
2556 4991 2702 5060 Quid
2737 5000 2821 5047 est
2870 4991 3041 5063 igitur
3071 4989 3218 5060 quod
3252 4988 3412 5052 dicis,
3449 5001 3539 5040 me

1953 5096 2035 5142 tot
2086 5086 2412 5142 meritorum
2458 5084 2844 5139 immemorem
2868 5124 2884 5148 ,
2921 5085 3041 5140 sine
3093 5085 3201 5140 ulla
3236 5095 3403 5139 causa
3442 5093 3539 5133 τοι

1950 5181 2123 5236 luisse
2161 5180 2304 5234 bello
2342 5187 2395 5234 te
2428 5178 2740 5243 lacessere,
2775 5186 2884 5229 tam
2933 5174 3076 5229 male
3108 5178 3545 5242 respondentem

1952 5277 2064 5332 tuis
2093 5272 2445 5332 benefactis?
2474 5271 2642 5342 Atqui
2676 5271 2839 5342 longe
2873 5270 3018 5325 foret
3047 5271 3535 5335 absurdissimum,

1948 5370 2136 5442 lingua
2180 5369 2405 5439 quidem
2447 5366 2528 5421 sic
2559 5366 2770 5436 prolixe
2800 5365 3006 5434 gratias
3036 5380 3199 5435 agere
3249 5365 3391 5419 bene
3422 5379 3539 5418 men

1951 5463 2227 5527 rentibus,
2260 5476 2364 5515 nec
2398 5459 2565 5514 tacita
2601 5458 2741 5513 velle
2774 5456 2978 5511 habere
3006 5457 3228 5523 merita,
3262 5471 3322 5512 re
3346 5464 3539 5511 autem

1949 5555 2224 5619 ingratum
2253 5565 2396 5616 esse,
2423 5550 2713 5620 videi-ique
2746 5550 2853 5605 sibi
2889 5551 3124 5605 maxime
3149 5552 3487 5606 contrarium
3511 5564 3527 5601 :

1948 5660 2113 5715 quem
2156 5659 2333 5715 neque
2369 5644 2423 5697 in
2458 5643 2582 5698 illos
2613 5643 2707 5713 qui
2749 5658 2837 5699 me
2885 5642 3243 5697 vehementer
3275 5640 3531 5696 οίΥωιιιιοει

1948 5748 2072 5793 rant
2130 5738 2269 5794 etin
2325 5737 2579 5795 miserias
2605 5738 3108 5810 praecipitaverant,
3165 5750 3402 5804 unquam
3434 5730 3534 5787 tali
3595 5728 3601 5735 ’

1948 5832 2133 5887 animo
2162 5830 2330 5887 fuisse
2358 5840 2597 5899 constat,
2635 5832 2730 5889 sed
2762 5838 2820 5889 et
2863 5828 3080 5888 dissidii
3110 5827 3297 5900 hujus,
3330 5837 3387 5884 et
3433 5840 3525 5883 ar-
