4028 6480
451 392 554 457 159

1648 403 1968 464 JOANNIS
2008 400 2150 459 CAN
2172 401 2534 460 I‘ACL’ZENI

3605 395 3706 461 160

448 522 665 561 morum
709 507 939 562 istorum
988 523 1181 564 causas
1221 509 1291 564 ab
1325 511 1482 566 initio
1522 527 1698 581 usque
1737 527 1886 565 nunc
1921 509 2022 578 ipsi

2161 524 2186 556 ε
2217 507 2446 576 χάριτας
2474 507 2692 575 ὀφείλω,
2719 505 2813 559 καὶ
2860 505 2909 558 oi
2938 505 3086 562 ἄλλοι
3127 505 3507 561 ἐπαινέσονται
3561 507 3712 570 ὅσοις

449 599 786 668 ιιι-ηεὺυίειὶε,
821 601 872 654 id
903 601 1048 670 quod
1081 602 1246 656 rebus
1275 603 1657 658 demonstrare
1680 603 2025 658 contendam.

454 693 524 748 Ut
553 693 702 745 enim
738 693 874 746 mihi
913 693 1059 762 apud
1091 709 1191 748 vos
1217 695 1520 749 diversanti
1565 710 1730 764 super
1768 695 2030 748 societate

453 784 634 835 visum
671 793 753 836 est
787 783 967 838 foedus
1001 788 1216 840 sancire
1245 826 1259 848 ,
1303 796 1359 839 et
1388 787 1468 839 sic
1524 787 1757 840 invicem
1791 801 2034 839 commo-

451 871 584 925 dare
622 873 832 936 conari,
866 884 921 928 tu
948 875 1216 928 mercedis
1245 877 1567 930 societatem
1629 876 1797 929 multa
1834 874 2033 944 oppida

453 972 511 1016 et
559 963 840 1032 regionem
890 965 1120 1019 [loniaui
1159 966 1502 1034 principatus
1536 967 1814 1034 propriam
1851 975 2038 1032 postu-

454 1052 628 1109 labas.
667 1056 780 1125 Ego
815 1073 946 1110 vero
977 1072 1078 1111 nec
1105 1058 1538 1127 abjectissimum
1583 1057 1805 1126 quidem
1840 1055 2038 1110 castel-

455 1145 571 1198 lum
625 1146 724 1201 tibi
777 1147 1140 1216 spondebant,
1195 1149 1555 1216 volebamque
1606 1147 1870 1201 auxilium
1915 1162 2037 1202 esse

457 1241 778 1306 gratuitum.
843 1241 959 1294 Non
994 1241 1143 1295 enim
1194 1242 1352 1296 vobis
1393 1242 1653 1294 duntaxat
1708 1240 1990 1309 indignum
2021 1279 2035 1304 ,

461 1331 730 1386 illiberale
788 1341 843 1386 et
873 1333 1192 1402 pudendum
1226 1348 1350 1387 esse
1380 1342 1752 1399 summopere,
1780 1347 1889 1386 non
1925 1331 2040 1401 glo-

461 1421 553 1475 riae
604 1432 657 1477 et
685 1424 942 1478 amicitia:
976 1425 1150 1493 gratia
1179 1469 1194 1490 ,
1233 1427 1327 1481 sed
1357 1425 1610 1479 mercede
1656 1424 1861 1478 servire
1895 1440 1908 1476 :
1946 1437 2040 1476 ve-

462 1525 583 1563 rum
623 1514 788 1565 etiam
849 1514 984 1567 mihi
1037 1524 1146 1568 tam
1211 1515 1552 1584 impossibila
1604 1515 1749 1570 factu
1803 1528 1947 1576 esse,
1981 1523 2042 1567 ut

461 1602 596 1656 nihil
627 1605 820 1674 magis,
855 1615 1081 1675 propter
1115 1622 1292 1660 meam
1372 1618 1430 1662 et
1469 1622 1662 1661 eorum
1700 1607 1794 1674 qui
1828 1620 1917 1660 me
1953 1619 2040 1658 se-

459 1705 764 1762 querentur
790 1696 1021 1751 salutem
1066 1699 1346 1752 Romanos
1374 1699 1634 1768 prodere,
1677 1696 1933 1765 quamvis
1963 1695 2042 1748 illi

462 1789 515 1842 in
574 1804 658 1842 me
709 1804 862 1842 arma
897 1789 1155 1858 improbe
1195 1790 1500 1844 movissent
1545 1805 1559 1842 :
1593 1788 2042 1858 quandoquidem

468 1893 577 1934 non
611 1880 734 1933 illos
768 1878 1040 1935 servitute
1070 1891 1332 1947 mactare,
1367 1881 1462 1936 sed
1495 1881 1564 1934 ab
1591 1895 1785 1936 eorum
1816 1878 2048 1934 cervici-

467 1971 574 2026 bus
611 1973 810 2026 hostile
845 1973 1130 2027 servitutis
1157 1973 1350 2044 jugum
1405 1971 1669 2044 dejicere,
1715 1973 1826 2044 jam
1858 1974 1986 2031 inde
2016 1994 2045 2033 a

475 2065 751 2133 principio
814 2066 1002 2119 nervis
1058 2065 1318 2119 omnibus
1384 2065 1695 2130 contendo,
1753 2068 2048 2138 statimque

468 2169 646 2206 meam
679 2155 1009 2209 sententiam
1043 2155 1272 2224 aperui,
1312 2163 1394 2219 ut,
1431 2157 1474 2210 si
1512 2157 1820 2222 videretur,
1854 2160 2046 2214 amici-

465 2249 556 2300 tiae
585 2254 795 2302 tantum
857 2258 913 2302 et
944 2249 1173 2304 honoris
1197 2249 1522 2319 amplissimi
1561 2265 1726 2304 causa
1753 2265 1911 2320 Opem
1942 2252 2050 2307 fer-

469 2353 559 2392 res
591 2357 606 2392 :
638 2339 724 2392 sin
780 2341 985 2406 minus,
1044 2356 1131 2396 me
1173 2349 1354 2395 tamen
1409 2341 1548 2396 nihil
1595 2343 1666 2396 ab
1710 2343 2049 2412 ingenuitate

467 2431 777 2485 abhorrens
830 2433 1286 2500 commissurum,
1338 2449 1517 2504 neque
1557 2436 1708 2490 cives
1747 2451 1901 2490 meos
1937 2435 2050 2488 Ro-

469 2537 663 2578 manos
697 2523 1074 2593 proditurum,
1109 2525 1203 2580 sed
1245 2541 1370 2581 eum
1404 2525 1594 2581 liberis
1639 2535 1695 2581 et
1732 2526 2054 2596 propinqui-

469 2625 582 2670 tate
622 2617 939 2687 conjunctis
967 2617 1300 2672 moriturum
1337 2619 1522 2685 potius
1544 2660 1559 2684 ,
1613 2635 1776 2688 quam
1809 2619 1882 2674 ob
1911 2636 2052 2690 pra:-

469 2717 682 2762 sentem
714 2709 1010 2763 utilitatem
1032 2719 1238 2765 aeterna
1270 2710 1558 2766 dedecoris
1595 2719 1950 2765 monumenta
1982 2711 2050 2765 ad

470 2806 722 2866 posteros
755 2799 1034 2855 Romanos
1065 2799 1412 2856 relicturum.
1437 2801 1569 2868 Quae
1601 2812 1656 2855 tu
1680 2817 1899 2872 quoque
1923 2819 2048 2857 cum

469 2887 700 2960 conjuge
754 2891 1195 2961 proceribusque
1228 2893 1757 2964 eonsultandojnsta
1797 2901 1854 2947 et
1912 2895 2051 2948 utri-

472 2996 581 3048 que
641 2992 888 3036 nostrum
927 2983 1141 3037 laudem
1178 2999 1290 3038 non
1341 2985 1624 3039 minimam
1691 2985 2050 3040 conciliatura

465 3073 782 3144 judicabas,
825 3075 1121 3146 fmdusque
1162 3077 1562 3147 percussimus,
1593 3085 1649 3132 et
1704 3089 2048 3134 sacramenta

2136 599 2216 661 είς
2246 600 2413 661 ἀκοὰς
2451 599 2703 668 ἀφίξεται
2731 599 2826 651 καὶ
2866 599 3004 668 μετά
3035 599 3228 669 χρόνον
3259 597 3321 650 τὸ
3345 596 3618 668 διήγημα.
3639 599 3714 650 Τί

2133 687 2226 743 οῦν
2252 690 2397 742 ἐστιν
2433 692 2624 753 εἰπεῖν,
2653 692 2734 744 ὅτι
2767 691 2878 744 τῶν
2903 691 3172 744 τοσούτων
3199 689 3422 758 ἀγαθῶν
3441 691 3719 760 ἀμνήμων

2137 780 2246 849 ἐγὼ
2277 784 2660 852 γεγενημένος,
2699 784 2758 848 ἐξ
2783 786 3043 853 οὐδεμιᾶς
3065 784 3242 847 αίτίας
3277 784 3504 852 εἱλόμην
3552 784 3721 836 πολε-

2141 877 2286 941 μεῖν,
2327 877 2420 926 καὶ
2450 877 2637 936 κακοῖς
2666 875 2993 943 ἀμείϐεσθαι
3040 880 3166 942 τοὺς
3223 881 3670 954 εὐηργετηκότας
3700 905 3717 950 ;

2139 965 2363 1017 Πάντων
2397 966 2496 1034 μέν
2527 967 2574 1018 τ’
2605 966 2670 1018 ἂν
2694 967 2777 1035 εἴη
2802 967 3179 1034 ἀτοπώτατον,
3211 970 3427 1043 γλώττῃ
3481 975 3580 1040 μὲν
3630 975 3726 1027 οῦ-

2137 1073 2244 1117 τως
2284 1057 2482 1109 εἰδέναι
2507 1058 2669 1125 χάριν
2693 1059 2804 1118 τοῖς
2827 1059 3251 1128 εύπεποιηκόσι,
3311 1064 3408 1117 καὶ
3459 1066 3532 1135 μὴ
3582 1083 3723 1129 συγ-

2139 1145 2406 1214 κρύπτειν
2431 1146 2708 1214 αἱρεῖσθαι
2739 1148 2977 1214 τάγαθὰ,
3021 1148 3203 1216 ἔργοις
3252 1152 3310 1204 δὲ
3369 1154 3722 1222 ἀχαριστεῖν,

2141 1236 2237 1288 καὶ
2261 1235 2440 1305 ἐαυτῷ
2490 1237 2779 1304 φαίνεσθαι
2833 1240 3250 1302 ἐναντιώτατον,
3309 1241 3368 1304 ὃς
3423 1243 3541 1296 οὐδὲ
3581 1247 3732 1316 πρὸς

2141 1328 2266 1388 τοὺς
2295 1325 2467 1377 πολλὰ
2506 1327 3040 1396 προσκεκρουκότας,
3075 1330 3170 1382 καὶ
3195 1331 3449 1396 μεγάλων
3479 1347 3731 1400 γεγενη-

2145 1419 2340 1486 μένους
2380 1419 2582 1476 αἰτίους
2617 1421 2935 1488 συμφορῶν,
2981 1420 3238 1490 τοιαύτην
3275 1420 3533 1473 οὐδέποτε
3583 1423 3737 1489 γνώ-

2147 1524 2252 1577 μην
2277 1507 2464 1577 ὤφθην
2493 1509 2654 1586 ἔχωνο
2691 1509 2824 1562 ἀλλά
2877 1513 2969 1562 καὶ
3019 1511 3116 1579 τῆς
3149 1511 3398 1580 τοιαύτης
3434 1513 3734 1583 διαφορᾶς,

2145 1598 2238 1650 καὶ
2274 1597 2367 1650 τοῦ
2405 1599 2768 1668 κεκινημένου
2799 1599 2932 1670 πρὸς
2962 1602 3109 1669 ἡμᾶς
3138 1603 3256 1654 νυνὶ
3289 1602 3529 1671 πολέμου
3562 1603 3729 1658 αὐτοὶ

2145 1690 2245 1753 τὰς
2279 1691 2458 1752 αίτίας
2483 1691 2861 1760 ὲξαρχῆς,καὶ
2907 1692 3033 1760 ἄχρι
3086 1693 3181 1746 νῦν
3253 1695 3580 1765 παρέχεσθε,
3627 1698 3738 1750 καὶ¹

2146 1778 2302 1830 τοῦτο
2333 1779 2673 1848 πειράσομαι
2704 1782 2876 1832 ποιεῖν
2901 1781 2967 1834 ἐκ
3009 1781 3118 1833 τῶν
3161 1785 3503 1851 πραγμάτων
3564 1786 3739 1854 ἔναρ-

2147 1872 2264 1938 γές.
2331 1871 2419 1934 Ὧς
2477 1871 2583 1940 γὰρ
2640 1871 2970 1941 διατρίϐοντί
3015 1891 3103 1942 μοι
3160 1874 3290 1944 παρ’
3343 1875 3472 1944 ὑμῖν
3547 1876 3743 1930 ἐδόκει

2153 1962 2381 2024 σπονδὰς
2444 1964 2536 2016 καὶ
2587 1962 2787 2031 ὅρκους
2819 1963 2912 2016 ἐπὶ
2963 1966 3255 2036 συμμαχίᾳ
3306 1966 3571 2031 τίθεσθαι,
3631 1969 3742 2020 καὶ

2149 2053 2292 2106 οῦτω
2318 2053 2655 2125 παρέχεσθαι
2686 2056 2983 2124 πειρᾶσθαι
3049 2055 3148 2125 τὴν
3194 2056 3482 2125 ὠφέλειαν,
3532 2059 3595 2111 σὺ
3626 2059 3754 2128 μὲν

2154 2145 2344 2214 μισθὸν
2394 2146 2491 2214 τῆς
2519 2147 2836 2215 συμμαχίας
2900 2147 3050 2216 ᾔτεις
3099 2147 3282 2209 πόλεις
3359 2147 3557 2212 πολλὰς
3632 2153 3750 2204 καὶ

2150 2236 2336 2304 χώραν
2391 2239 2458 2306 τῇ
2508 2236 2796 2305 Ῥωμαίων
2833 2239 3222 2307 προσήκουσαν
3261 2239 3533 2308 ἡγεμονίᾳ
3557 2254 3573 2269 ο
3610 2239 3741 2303 ἐγὼ

2151 2327 2208 2378 δὲ
2235 2327 2342 2380 οὐδ’
2366 2327 2484 2390 ἑνὸς
2515 2327 2625 2380 τῶν
2651 2326 3004 2396 φαυλοτάτων
3035 2329 3180 2383 τινὸς
3231 2328 3496 2398 φρουρίου
3554 2346 3746 2400 παρε-

2152 2419 2392 2490 χὼρουν’
2417 2419 2534 2474 ἀλλ’
2563 2419 2749 2489 ἠξίουν
2772 2421 2976 2490 προῖκα
3027 2419 3267 2489 βοηθεῖν.
3307 2421 3382 2473 Οὐ
3437 2419 3546 2490 γὰρ
3595 2421 3743 2491 ὑμῖν

2153 2508 2292 2564 εἶναι
2343 2515 2506 2582 μόνον
2532 2513 2757 2580 ἀγεννὲς
2789 2513 2883 2564 καὶ
2936 2511 3306 2582 ἀνελεύθερον,
3355 2514 3451 2566 καὶ
3507 2514 3744 2580 ἀδοξίαν

2153 2605 2613 2676 προστριϐόμενον
2643 2605 2866 2674 πολλὴν,
2900 2606 2975 2676 μὴ
3002 2605 3092 2658 διὰ
3125 2605 3436 2675 φιλοτιμίαν
3485 2607 3584 2658 καὶ
3637 2623 3744 2673 φι-

2153 2698 2298 2761 λίαν,
2352 2697 2487 2752 ἀλλά
2536 2697 2714 2767 μισθῷ
2758 2695 3056 2759 δουλεύειν,
3101 2697 3237 2748 ἀλλὰ
3282 2698 3377 2750 καὶ
3439 2698 3563 2768 ἐμοὶ
3623 2699 3746 2755 τῶν

2155 2789 2376 2842 πάντων
2408 2788 2837 2854 ἀδυνατώτατον,
2906 2787 3008 2840 διά’
3034 2786 3132 2858 τὴν
3197 2787 3440 2858 ἐμαυτοῦ
3489 2792 3586 2842 καὶ
3619 2790 3743 2845 τῶν

2159 2880 2429 2933 συνόντων
2479 2879 2751 2948 σωτηρίαν
2803 2879 3236 2951 καταπροῖεσθαι
3301 2879 3630 2949 Ῥωμαίους,
3679 2882 3735 2933 ει

2156 2972 2249 3022 καὶ
2277 2969 2722 3038 ἀγνωμονοῦντες
2754 2970 2976 3034 ἐκεῖνοι,
3025 2971 3116 3022 τὸν
3147 2969 3382 3038 πόλεμον
3405 2970 3732 3040 κεκινήκασι

2154 3061 2246 3113 τὸν
2277 3061 2415 3132 πρὸς
2449 3061 2569 3129 ὲμιίο
2593 3061 2654 3114 οὐ
2687 3062 2794 3130 γάρ
2825 3059 3214 3126 καταδουλοῦν,
3246 3059 3362 3116 ἀλλ’
3411 3061 3742 3132 ἐλευθεροῦν

468 3171 850 3239 concepimus.
886 3182 945 3226 ut
985 3173 1284 3228 amicitiam
1336 3185 1392 3230 et
1443 3176 1762 3232 societatem
1802 3178 1855 3231 in
1899 3177 2050 3232 omni

2157 3156 2263 3209 ἀπὸ
2304 3155 2414 3208 τῶν
2452 3155 2730 3225 πολεμίων
2760 3156 2962 3226 μᾶλλον
3018 3156 3254 3227 ὲξαρχῆς
3288 3173 3348 3210 τε
3399 3157 3582 3222 εὐθὺς,
3632 3159 3738 3211 καὶ

470 3263 582 3315 vita
610 3262 921 3318 coleremus
947 3303 960 3326 ,
994 3263 1244 3333 alterque
1278 3265 1535 3327 alterum,
1573 3275 1631 3319 ut
1659 3267 1892 3320 maxime
1926 3281 2054 3337 pos-

471 3363 579 3418 set,
617 3353 670 3406 in
718 3362 967 3423 tempore
1014 3355 1319 3424 adjuvaret.
1357 3355 1572 3424 Oppida
1601 3373 1733 3412 vero
1787 3366 1844 3412 et
1877 3359 2055 3428 regio-

473 3459 599 3498 nem
659 3443 985 3509 Romanam,
1038 3456 1301 3515 quantam
1355 3447 1675 3502 Andronico
1723 3449 2053 3518 imperatore

474 3533 655 3588 adhuc
677 3536 981 3604 superstite
1013 3545 1069 3590 tu
1103 3538 1240 3605 ipse,
1269 3546 1363 3592 aut
1396 3539 1629 3608 majores
1655 3539 1732 3592 tui
1774 3540 2054 3608 prioribus

475 3627 908 3698 imperatoribus
944 3630 1348 3699 abstulissent,
1392 3633 1554 3703 785
1607 3641 1813 3687 tantam
1861 3649 2056 3691 secure

477 3728 696 3776 teneres
731 3737 746 3775 :
781 3737 880 3776 nec
909 3731 1210 3793 propterea
1234 3740 1334 3795 ego
1359 3741 1510 3779 arma
1542 3741 1840 3792 sumerem,
1865 3743 2058 3798 quam-

477 3811 559 3864 vis
593 3826 656 3866 ea
695 3827 910 3882 possem
950 3815 1049 3868 tibi
1091 3817 1332 3886 eripere.
1378 3817 1623 3873 Relictas
1683 3835 1860 3888 usque
1903 3819 1970 3873 ad
2003 3819 2056 3872 id

475 3908 694 3972 tempus
719 3903 904 3971 urbes,
925 3906 1077 3959 nullo
1103 3907 1286 3972 modo,
1309 3922 1489 3977 neque
1509 3917 1652 3971 arte,
1685 3918 1782 3962 aut
1802 3908 2059 3963 machina

478 3992 586 4047 ulla
621 3993 844 4050 auferre
877 3995 1166 4052 niterere:
1205 3998 1300 4052 sed
1357 3999 1518 4074 mihi,
1560 3998 1628 4052 ad
1685 4000 2057 4068 recuperatio-

477 4098 603 4138 nem
663 4085 897 4141 Romani
959 4088 1348 4158 principatus,
1409 4104 1510 4158 pro
1567 4089 1823 4146 facultate
1867 4099 2059 4144 contra

478 4175 827 4234 adversarios
885 4195 1039 4235 meos
1099 4180 1369 4236 dimicans
1419 4195 1651 4236 navares
1684 4196 1910 4257 operagn
1948 4199 1962 4247 ;
2004 4189 2060 4236 et

479 4277 671 4338 captas
705 4270 952 4340 quidem,
987 4280 1083 4325 aut
1111 4271 1328 4326 deditas
1357 4287 1445 4327 me
1473 4283 1742 4343 praesente
1771 4287 1872 4344 ego
1893 4272 2061 4328 habe-

480 4375 597 4414 rem
619 4360 736 4415 sine
759 4363 1177 4418 controversia:
1205 4365 1289 4418 sin
1321 4365 1668 4436 contingeret
1697 4371 1785 4420 me
1807 4366 2056 4432 absente,

479 4463 576 4507 aut
619 4454 796 4524 ipsum
831 4465 880 4510 te
907 4496 923 4521 ,
957 4465 1053 4510 aut
1097 4457 1452 4528 dynastarum
1487 4469 1708 4513 tuorum
1745 4444 2056 4528 quempiam

2161 3250 2288 3318 ἄχρι
2343 3247 2438 3302 νῦν
2510 3248 2748 3316 μάλιστα
2809 3247 3046 3318 σπουδὴν
3110 3246 3393 3317 ποιοῦμαι,
3452 3246 3620 3310 εὐθύς
3678 3265 3748 3301 τε

2159 3340 2564 3410 ἀπεφαινόμην,
2603 3340 2679 3402 ὡς
2706 3340 2756 3392 εί
2809 3339 2908 3408 μὲν
2960 3339 3145 3408 δοκοίη
3191 3339 3279 3391 διὰ
3338 3339 3520 3406 φιλίαν
3563 3339 3747 3410 μόνην

2161 3432 2255 3487 καὶ
2296 3432 2612 3501 φιλοτιμίαν
2637 3429 2874 3500 βοηθεῖν·
2945 3433 2993 3484 εί
3040 3430 3096 3484 δὲ
3145 3431 3240 3500 μὴ,
3294 3429 3412 3483 ἀλλ’
3443 3429 3612 3483 αὐτόν
3673 3448 3749 3500 γε

2161 3522 2611 3594 καταπράξεσθαι
2663 3522 3020 3592 ἀνελεύθερον
3060 3523 3236 3586 οὐδὲν,
3293 3521 3415 3575 οὐδὲ
3463 3519 3748 3590 προδότην

2162 3612 2451 3680 φανεῖσθαι
2509 3609 2795 3679 Ῥωμαίων
2849 3609 2958 3663 τῶν
2996 3607 3308 3680 ὁμοφύλων*
3363 3609 3751 3683 ἀλλάίρήσε-

2165 3703 2291 3756 σθαι
2323 3702 2523 3771 μᾶλλον
2552 3700 2713 3764 αὐτὸς
2747 3701 3106 3766 ἀπόλλυσθαι,
3169 3702 3264 3756 καὶ
3294 3702 3460 3755 τέκνα
3509 3703 3604 3755 καὶ
3665 3707 3753 3758 oi-

2165 3792 2366 3852 κείους,
2400 3791 2549 3860 ἤδιά
2597 3791 2694 3859 τὴν
2725 3792 2784 3843 ἐν
2843 3790 2922 3860 τῷ
2953 3793 3182 3860 παρόντι
3242 3791 3432 3860 χρείαν
3517 3793 3754 3859 ἀδοξίας

2162 3883 2468 3952 ἀείμνηστα
2503 3885 2742 3952 μνημεῖα
2786 3885 2894 3946 τοῖς
2922 3885 3203 3936 είσέπειτα
3247 3883 3542 3954 Ῥωμαίοις
3573 3903 3755 3940 κατα-

2165 3976 2402 4031 λείπειν.
2439 3976 2506 4027 Ἀ
2535 3973 2711 4026 ἐδόκει
2745 3973 2839 4026 καὶ
2873 3974 2956 4026 σοὶ
3008 3976 3147 4044 μετά
3190 3975 3450 4044 γυναικὸς
3487 3975 3754 4046 βουλευο-

2169 4053 2314 4139 μένῳ
2348 4067 2443 4122 καὶ
2470 4067 2577 4121 τῶν
2601 4067 2658 4119 ὲν
2689 4067 2832 4120 τέλει
2884 4067 3072 4123 δίκαιά
3093 4084 3152 4121 τε
3203 4063 3368 4134 εἶναι,
3412 4071 3506 4122 καὶ
3537 4070 3753 4138 πολλὴν

2166 4161 2384 4214 οῐσοντα
2450 4159 2763 4229 φιλοτιμίαν
2798 4159 2997 4229 ὲμοίτε
3048 4158 3253 4229 ὁμοίως
3309 4160 3404 4213 καὶ
3453 4161 3599 4230 ὑμῖν·
3646 4165 3758 4218 καὶ

2170 4249 2512 4319 συνεθέμεθα
2541 4248 2640 4312 τὰς
2683 4248 2940 4313 σπονδὰς,
2975 4233 3217 4312 καὶτοὺς
3245 4250 3445 4320 ὅρκους
3477 4251 3571 4303 ἐπὶ
3619 4253 3764 4304 τού-

2167 4361 2300 4408 τοις,
2364 4340 2503 4394 ὥστε
2548 4341 2736 4408 φίλους
2763 4339 3017 4410 ἀλλήλοις
3073 4334 3213 4392 εἶναι
3273 4341 3366 4394 καὶ
3417 4342 3763 4410 συμμάχους

2168 4432 2257 4487 διὰ
2290 4432 2428 4503 βίου,
2460 4431 2552 4484 καὶ
2584 4429 2800 4498 βοηθεῖν
2826 4428 3086 4500 ἑκάτερον
3109 4429 3392 4500 ὲτέρῳ,ῶς
3417 4429 3484 4483 ἂν
3509 4431 3764 4499 μάλιστα

479 4547 674 4600 urbem
711 4547 952 4618 aliquam
1001 4549 1378 4605 Romanorum
1429 4561 1525 4606 aut
1575 4551 1915 4620 proditione,
1968 4559 2053 4604 aut

2170 4527 2286 4598 ἔχοι
2357 4524 2631 4596 καλούσης
2683 4525 2894 4595 χρείαςο
2947 4523 3131 4587 πόλεις
3186 4523 3244 4576 δὲ
3272 4523 3365 4577 καὶ
3408 4523 3593 4594 χώραν
3643 4527 3766 4596 τὴν

480 4636 798 4700 obsidione,
823 4647 919 4693 aut
949 4639 1228 4708 corruptis
1259 4639 1550 4710 largitione
1571 4638 1809 4705 civibus,
1846 4647 1939 4693 aut
1958 4637 2066 4693 alia

480 4725 717 4794 quadam
759 4730 968 4783 ratione
999 4743 1297 4797 occupare,
1333 4728 1468 4783 mihi
1491 4729 1900 4793 restitueretur,
1937 4727 2066 4782 nul-

449 4851 454 4860 -
483 4817 686 4887 iusque
723 4821 982 4873 obtentus
1017 4819 1084 4873 ad
1119 4819 1290 4873 ullum
1331 4818 1620 4874 auferendi
1668 4817 1890 4872 modum
1921 4815 2070 4872 suni-

483 4919 658 4964 eeret.
691 4909 870 4980 Atque
922 4911 1065 4966 istuc
1098 4911 1333 4980 probare
1359 4911 1646 4966 evidenter
1676 4909 1891 4965 licetex
1917 4911 2071 4980 jura-

484 5002 688 5056 mentis
722 5002 775 5056 in
813 5003 1024 5057 tabulas
1056 5002 1267 5065 relatis.
1305 5003 1510 5072 quibus
1547 5011 1676 5056 tunc
1707 5000 1887 5056 fmdus
1925 5000 2070 5054 inter

489 5108 594 5147 nos
619 5095 786 5148 ictum
816 5096 1068 5161 sanxisti,
1111 5095 1480 5165 praesentibus
1505 5094 1922 5165 archiepiscopo
1953 5103 2068 5160 tuo,

489 5190 543 5234 ct
591 5181 661 5234 iis
704 5182 797 5250 qui
851 5197 999 5236 nunc
1045 5198 1231 5237 coram
1282 5182 1502 5247 adsunt,
1543 5181 1890 5252 principibus
1940 5181 2068 5236 tuis.

483 5270 913 5328 Consideremus
941 5273 1151 5343 itaque,
1182 5283 1303 5328 uter
1330 5275 1643 5345 juramenta
1677 5274 1777 5328 ista
1809 5275 2065 5339 servarit,

487 5378 689 5432 egone,
727 5379 890 5434 quem
923 5375 980 5419 tu
1012 5374 1174 5420 tanta:
1205 5366 1569 5435 improbitatis
1623 5375 1679 5421 et
1711 5376 1817 5421 tam
1846 5367 2073 5438 ingratae

488 5453 796 5508 voluntatis
823 5465 991 5524 atque
1023 5458 1249 5512 sceleris
1291 5459 1344 5520 in
1390 5459 1596 5515 amicos
1617 5500 1632 5525 ,
1661 5470 1717 5514 et
1745 5459 2073 5513 insatiabilis

489 5545 776 5615 cujusdam
829 5547 1150 5617 cupiditatis
1193 5565 1421 5606 accusas
1459 5570 1471 5605 :
1508 5568 1574 5606 an
1609 5559 1689 5615 tu,
1729 5553 1822 5622 qui
1854 5553 2070 5607 scilicet

494 5637 738 5690 alienum
763 5637 903 5691 nihil
935 5641 1308 5710 concupiscis,
1337 5643 1429 5698 sed
1469 5644 1766 5698 amicitiam
1811 5653 2073 5698 constan-

497 5740 580 5783 ter
609 5728 768 5794 colis,
801 5739 853 5783 et
892 5733 1048 5801 quasi
1085 5735 1363 5803 quoddam
1392 5735 1517 5790 vita:
1542 5736 1854 5790 institutum
1879 5744 2035 5789 tenes
2057 5773 2072 5796 ,

496 5828 557 5874 ut
593 5833 702 5874 non
738 5819 896 5880 facile
927 5842 1050 5882 cum
1087 5837 1334 5898 tempore
1365 5826 1740 5896 commuteris,
1769 5839 1950 5896 neque
1982 5841 2073 5882 se-

2169 4619 2276 4672 ὑπδ
2323 4618 2640 4690 Ῥωμαίοις,
2675 4618 2807 4687 ὅσης
2837 4615 2941 4686 μὲν
2981 4617 3140 4680 αύτδς
3171 4614 3436 4686 βασιλέως
3474 4615 3554 4668 ἐτι
3588 4632 3773 4685 περ.-

2167 4711 2322 4776 όντος
2355 4710 2702 4781 ’Δνδρονίκου
2747 4709 2779 4778 ἢ
2811 4709 2861 4760 oi
2912 4707 3174 4778 πρόγονοι
3232 4707 3518 4775 ἀφείλοντο
3553 4709 3616 4760 ὲκ
3635 4709 3766 4763 τῶν

2170 4805 2455 4877 προτέρων
2523 4801 2810 4874 βασιλέων,
2851 4799 3060 4869 ταύτην
3106 4798 3252 4868 ἔχειν
3308 4797 3590 4867 ἀσφαλῶς,
3649 4801 3765 4852 καὶ

2174 4895 2381 4966 μηδένα
2407 4893 2644 4962 πόλεμον
2670 4890 2769 4960 ἐμὲ
2796 4892 2967 4943 κινεῖν
2997 4890 3125 4958 περὶ
3154 4889 3348 4957 αὐτῆς,
3373 4887 3476 4942 κᾶν
3495 4887 3763 4956 δύνωμαι

2170 4984 2544 5056 ἀφαιρεῖσθαι’
2574 4983 2672 5045 τὰς
2705 4981 2786 5034 ἔτι
2829 4980 2886 5034 δὲ
2939 4979 3376 5048 ὑπολειπομένας
3428 4980 3556 5050 ἄχρι
3600 4977 3761 5044 τότε,

2175 5078 2368 5151 μηδενὶ
2395 5077 2582 5146 τρόπῳ
2614 5075 2754 5146 μήτε
2795 5073 2982 5143 τέχνῃ.
3028 5073 3168 5143 μήτε
3223 5074 3444 5142 μηχανῇ
3506 5071 3772 5144 μηδεμιᾷ.

2172 5168 2473 5241 πειρᾶσθαι
2520 5165 2904 5236 ἀφαιρεῖσθαι,
2962 5162 3078 5216 ἀλλ’
3113 5163 3241 5233 ἐμοὶ
3326 5163 3425 5231 τὴν
3459 5161 3765 5229 Ῥωμαίων

2173 5263 2476 5335 ἡγεμονίαν
2506 5257 2992 5328 συγκατακτᾶσθαι
3038 5256 3166 5327 ἄχρι
3214 5255 3308 5307 καὶ
3366 5254 3461 5308 τοῦ
3519 5255 3762 5308 δυνατοῦ

2175 5355 2518 5427 πολεμοῦντα
2585 5355 2700 5417 τοῖς
2766 5353 2894 5422 ἐμοὶ
2947 5351 3335 5418 ἁνθεστηκόσι,
3377 5349 3472 5401 καὶ
3515 5348 3612 5410 τὰς
3649 5349 3765 5416 μὲν

2173 5449 2561 5518 ἁλισκομένας,
2595 5446 2628 5516 ἢ
2661 5442 3054 5515 προχωρούσας
3085 5439 3220 5510 ἐμοῦ
3273 5439 3564 5510 παρόντος,
3619 5439 3767 5493 ταῦ-

2174 5558 2272 5602 τας
2298 5539 2449 5608 ἔχειν
2475 5537 2574 5607 ἐμὲ
2608 5534 3022 5596 ἀνενδοιὰστως.
3074 5533 3139 5587 Ei
3199 5533 3256 5586 δέ
3316 5547 3446 5584 ποτε
3499 5530 3756 5604 συμὸαίη

2177 5634 2272 5686 καὶ
2337 5631 2588 5695 ἀπόντος,
2645 5628 2680 5698 ἢ
2739 5626 2921 5691 αὐτὸν,
2956 5624 3125 5695 ἢτῶν
3179 5623 3283 5677 ὑπὸ
3337 5623 3400 5676 σὲ
3451 5621 3761 5677 τελούντων

2177 5723 2428 5779 δυνατῶν
2466 5739 2610 5789 τινα,
2645 5721 2801 5774 πόλιν
2836 5719 3130 5790 κατασχεῖν
3156 5716 3400 5785 ὑπήκοον
3433 5713 3757 5786 Ῥωμαίοις,

2178 5820 2212 5891 ἢ
2273 5819 2554 5890 προδοσίᾳ,
2609 5816 2641 5886 ἣ
2707 5813 3014 5886 πολιορκίᾳ,
3081 5811 3113 5882 ἢ
3172 5809 3563 5881 διαφθείραντα
3618 5805 3764 5872 τοὺς
