4028 6482
299 400 397 468 161

1444 397 1996 462 HISTORIARUM
2038 400 2271 462 LIBER
2322 400 2421 461 ιν.

3489 405 3590 470 162

282 517 429 571 ἔνδον
447 512 746 586 χρήμασιν,
773 509 1013 583 ἦ’τρόπῳ
1039 509 1103 580 δή
1130 525 1239 564 τινι
1273 509 1470 582 ἑτέρῳ,
1506 513 1692 575 πάσας
1748 513 1888 583 ἐμοὶ

2000 514 2106 568 mel
2131 514 2354 572 decreta
2386 529 2486 586 per
2519 512 2796 570 levitatem
2825 519 3118 568 retractes.
3147 511 3416 583 Equidem
3450 515 3587 569 mihi

283 609 612 673 ἀποδιδόναι,
635 606 733 662 καὶ
763 603 1039 678 μηδεμίαν
1059 605 1339 675 πρόφασιν
1365 606 1560 678 ἀρκεῖν
1580 606 1676 658 ἐπὶ
1704 606 1876 676 μηδε-

286 703 416 772 μιᾶς
452 699 848 770 ἀποστερήσει,
876 699 970 752 καὶ⁵
985 696 1715 766 τούτωνέξεστινιάπόδειξιν
1732 713 1885 766 παρν-

281 796 428 864 έχειν
447 792 656 861 ἐναργῆ
695 793 762 845 ἐκ
800 790 917 844 τῶν
981 790 1477 861 ἐγγράφωνδρκων
1495 791 1746 854 τουτωνὶ,
1788 788 1886 856 οὒς

281 889 529 958 ἐποιήσω
550 885 673 939 τότε
706 883 845 955 πρὸς
872 883 971 954 ἐμὲ
1001 885 1059 936 ἐν
1111 885 1234 946 ταῖς
1285 881 1588 953 συνθήκαις
1613 884 1887 955 παρόντος

284 974 724 1048 ἀρχιεπισκόπου
745 971 842 1027 τοῦ
869 973 986 1037 σοῦ,
1015 973 1108 1026 καὶ
1123 972 1230 1026 τῶν
1250 970 1371 1024 νυνὶ
1389 973 1677 1043 παρόντων
1693 965 1884 1029 ἐνθάδε

285 1074 516 1126 τουτωνὶ
543 1067 654 1121 τῶν
675 1066 782 1120 ύπὺ
807 1066 867 1120 σὲ
882 1065 1184 1135 ἐπιφανῶν.
1208 1065 1546 1137 Σκεψώμεθα
1563 1065 1627 1138 δὴ
1647 1066 1744 1122 οὖν
1761 1069 1888 1122 ὁπός

286 1182 446 1236 τερος
461 1163 708 1234 ἐνέμεινε
726 1161 1040 1234 τοῖςὸρκοις
1055 1148 1292 1224 τόύτοιςυ
1321 1155 1354 1214 ἆ
1363 1161 1411 1232 ρ’
1432 1161 1460 1214 ὁ
1481 1158 1688 1234 πολλὴν
1709 1162 1890 1229 ἀγνω·

290 1257 529 1328 μοσύνην
548 1255 645 1309 καὶ
662 1253 987 1325 ἀχαριστίαν
1003 1251 1482 1324 κατηγορούμενος
1501 1251 1636 1322 ἐγὼ,
1663 1255 1760 1309 καὶ⁵
1785 1272 1888 1308 κα-

285 1351 382 1415 κὸς
407 1349 542 1420 περὶ
566 1349 698 1412 τοὺς
715 1348 929 1417 φίλους,
953 1348 1046 1402 καὶ
1068 1348 1378 1419 ἀπληστίας
1390 1348 1552 1423 δίκην
1576 1349 1817 1418 φεύγων,
1851 1352 1886 1422 ἢ

289 1445 358 1498 σὺ
385 1441 556 1512 ὁδτῶν
578 1439 875 1510 ἀλλοτρίων
919 1439 1149 1510 μηδενὸς
1165 1440 1473 1510 ἐπιθυμῶν,
1511 1442 1648 1495 ἀλλά
1669 1442 1888 1514 βέϐαιος

287 1537 419 1604 περὶ
437 1537 568 1600 τοὺς
586 1534 795 1604 φίλους,
810 1535 904 1588 καὶ
921 1534 1110 1605 ὥσπερ
1131 1534 1412 1589 πολιτείαν
1430 1534 1517 1590 διὰ
1537 1535 1656 1606 βίου
1683 1535 1888 1606 μετιὼν

284 1627 349 1680 τὸ
368 1628 448 1698 μὴ
476 1624 1029 1696 συμμεταϐάλλισθαι
1051 1625 1247 1697 ῥᾳδίως
1258 1628 1374 1691 τοῖς
1391 1631 1626 1698 καιροῖς,
1652 1629 1789 1697 μηδὲ
1819 1630 1889 1682 τὰ

287 1719 530 1784 εἰσάπαξ
567 1716 919 1789 ἐψηφισμένα
945 1718 1165 1788 τρόπων
1189 1719 1412 1791 εὐκολίᾳ
1435 1720 1694 1776 διαλύων.
1734 1721 1891 1792 Ἐμοὶ

291 1814 392 1884 μὲν
415 1812 591 1878 δοκεῖ,
621 1811 749 1881 μήτ’
774 1809 1034 1881 εὐορκίας
1064 1811 1164 1881 ἐμὲ
1211 1811 1308 1865 καὶ⁷
1342 1811 1700 1884 βεϐαιότητος
1758 1814 1890 1885 περὶ

1992 606 2184 662 videor
2230 609 2444 662 nullum
2505 607 2794 677 religionis
2824 649 2838 673 ,
2882 606 3252 674 constantia},
3317 608 3592 677 aequitatis

1993 713 2198 755 munus
2239 715 2367 772 erga
2404 701 2615 756 amicos
2671 700 3099 771 prmtermisisse
3138 719 3152 754 :
3185 715 3368 770 neque
3400 701 3589 755 avari-

1992 792 2082 848 tiae
2109 808 2269 855 meae,
2319 793 2550 864 perjurii
2584 802 2640 849 et
2679 793 3024 848 infidelitatis
3056 793 3108 847 in
3136 793 3362 848 eosdem
3412 795 3588 849 ullum

1991 895 2380 955 argumentum
2422 895 2626 940 exstat.
2661 885 2798 942 Cum
2823 885 2972 940 enim
3004 885 3282 941 Berrhoeae
3313 901 3588 946 versarer,

1992 979 2271 1048 urbesque
2317 979 2566 1051 finitimae
2600 979 2850 1048 quaedam
2905 979 2970 1032 ad
3037 995 3124 1034 me
3181 978 3586 1042 desciscerent,

1991 1085 2094 1140 ego
2127 1071 2376 1140 quidem,
2415 1079 2474 1126 ut
2505 1085 2596 1124 res
2627 1069 2861 1135 ferebat,
2896 1085 3099 1140 augere
3147 1070 3444 1138 imperium
3497 1086 3593 1124 co-

1993 1152 2188 1227 nabar,
2219 1173 2278 1217 et
2308 1162 2556 1218 collectis
2585 1170 2823 1232 quantas
2856 1171 3108 1231 poteram
3142 1163 3343 1232 copiis,
3379 1163 3594 1217 habens

1991 1262 2048 1308 et
2075 1255 2384 1310 Germanos
2443 1255 2542 1309 abs
2595 1264 2645 1310 te
2697 1256 2834 1310 mihi
2869 1256 3092 1319 missos,
3131 1256 3592 1311 Thessalonicam

1993 1345 2306 1400 amicorum
2353 1346 2630 1402 accersitu
2686 1347 2833 1400 veni.
2880 1346 2962 1400 Tu
3003 1362 3130 1400 mox
3189 1347 3342 1401 nulla
3379 1362 3590 1412 causa,

1996 1437 2146 1492 nulla
2204 1439 2501 1494 occasione
2551 1454 2580 1493 a
2639 1455 2728 1494 me
2784 1439 3014 1508 pra-bita
3071 1439 3207 1494 mihi
3257 1440 3590 1507 insidiatus,

1993 1528 2609 1614 Thessalonicensibus,
2665 1538 2726 1584 ut
2756 1529 2811 1582 in
2845 1545 2933 1583 me
2968 1529 3148 1592 irent,
3183 1537 3380 1583 auctor
3413 1528 3590 1596 fuisti,

1994 1618 2417 1690 Germanosque
2445 1630 2572 1676 tuos
2594 1635 2662 1675 ex
2694 1621 2810 1690 ipsa
2832 1620 3237 1689 propemodum
3275 1620 3393 1674 acie
3428 1635 3592 1674 revo-

1997 1713 2160 1768 casti.
2193 1713 2325 1780 Qua:
2358 1714 2609 1784 profecto
2643 1713 3111 1783 importunissimi
3148 1714 3324 1768 hostis
3355 1729 3500 1778 esse,
3543 1714 3588 1768 si

1999 1813 2055 1858 tu
2087 1820 2197 1859 non
2248 1806 2422 1873 dicas,
2479 1816 2536 1860 at
2575 1806 2764 1861 dicent
2796 1817 3073 1877 quotquot
3125 1806 3217 1861 hic
3249 1817 3452 1861 astant.
3509 1807 3592 1861 Me

285 1876 416 1966 τοὺς
449 1876 663 1972 φίλους,
685 1876 794 1955 ⁷καὶ
840 1876 1260 1974 εύγνωμοσύνης
1291 1876 1458 1974 μηδὲν
1474 1876 1888 1978 δεῖγμαπαρα-

1995 1905 2183 1952 autem
2218 1897 2349 1954 inde
2380 1907 2757 1978 revertentem
2789 1940 2804 1962 ,
2861 1915 3086 1954 manum
3123 1900 3191 1954 ad
3247 1901 3447 1954 Axium
3483 1899 3590 1953 llu-

286 1995 526 2062 λείπειν,
567 1994 704 2064 μήτε
775 1993 837 2048 σὲ
882 1993 1191 2064 ἀπληστίας
1220 2039 1237 2062 ,
1278 1998 1394 2059 ;κα’ί⁵
1443 1998 1750 2069 ἐπιορκίας,
1794 2000 1889 2053 καὶ

289 2090 423 2157 περὶ
484 2087 616 2150 τοὺς
653 2087 841 2156 φίλους
896 2086 1283 2153 ἀπιστίαςοὼς
1339 2089 1450 2162 γὰρ
1505 2093 1777 2164 ἐγενόμην
1826 2096 1888 2146 ἐν

286 2179 552 2251 Βερῤοἱᾳ,
585 2179 680 2231 καί
711 2196 856 2242 τινες
887 2179 1140 2250 πολίχναι
1172 2183 1562 2254 προσεχώρουν
1594 2184 1725 2256 περὶ
1785 2186 1887 2240 αύ-

289 2266 394 2337 τὴν
418 2265 516 2319 καὶ
549 2265 834 2331 Θετταλία,
867 2267 978 2336 ἐγὼ
1011 2269 1110 2339 μέν
1139 2271 1204 2323 ἐκ
1235 2270 1345 2324 τῶν
1392 2273 1625 2329 ἐνόντων
1651 2275 1890 2346 ἐπειρώ-

302 2376 408 2428 μην
437 2357 630 2424 αὔξειν
653 2359 750 2429 τὴν
778 2361 976 2432 ἀρχὴν,
1013 2361 1108 2416 καὶ
1140 2361 1402 2434 στρατιὰν
1435 2364 1714 2436 ἠθροικὼς
1752 2369 1886 2438 ὅσην

322 2451 540 2519 μάλιστα
569 2450 723 2521 ἐξῆν,
753 2451 894 2522 ἔχων
927 2453 1021 2506 καὶ¹
1054 2454 1374 2526 Γερμανοὺς
1404 2459 1535 2523 τοὺς
1579 2460 1731 2531 παρὰ
1764 2461 1883 2529 σοῦ,

325 2533 452 2610 ἧκον
481 2543 548 2605 εἰς
577 2543 986 2616 Θεσσαλονίκην
1019 2545 1126 2599 ύπὺ
1160 2547 1271 2602 τῶν
1309 2549 1481 2620 φίλων
1519 2553 1885 2624 κεκλημένος.

312 2629 384 2684 Σύ
410 2631 460 2684 δὲ
489 2633 685 2688 αὐτίκα
735 2634 1115 2703 ἐπεϐούλευες,
1181 2640 1458 2712 μηδεμίαν
1513 2645 1692 2698 αἰτίαν
1748 2647 1890 2717 μηδέ

304 2717 575 2788 πρόφασιν
601 2721 739 2792 πρὸς
785 2723 876 2776 τὸν
905 2724 1143 2796 πόλεμον
1171 2731 1611 2804 παρασχομένῳ,
1653 2735 1749 2787 καὶ
1774 2736 1890 2799 τοῖς

299 2829 358 2866 τε
385 2811 829 2867 Θεσσαλονικεὼι
853 2815 1236 2882 συνεϐούλευες
1269 2821 1594 2888 ἐπεξιέναι,’
1639 2826 1732 2878 καὶ
1758 2825 1892 2895 Γερ-

299 2903 504 2975 μανούς
518 2904 644 2968 τοὺς
661 2905 784 2970 σοὺς
799 2906 1065 2960 ἀνεκαλοῦ
1088 2909 1376 2980 ἀπ’,αύτῆς
1395 2915 1493 2982 τῆς
1525 2917 1894 2982 παρατάξεως

297 2997 485 3068 σχεδόν
502 3013 519 3028 ο
541 2996 578 3052 ἀ
617 2992 754 3051 εἶναι
780 2998 1208 3070 πολεμιωτάτου,
1228 3004 1276 3057 εἰ
1302 3004 1379 3076 μὴ
1409 3007 1562 3076 σύγε,
1585 3009 1751 3064 ἀλλ’οἱ
1787 3027 1894 3066 πα-

299 3091 486 3162 ρόντες
551 3089 784 3157 ἅπαντες
829 3093 1035 3164 ἐροῦσι.
1066 3095 1488 3170 Ἀναστρέφοντι
1541 3101 1599 3156 δὲ
1657 3104 1890 3174 ἐκεῖθεν,

298 3183 564 3254 στρατιὰν
585 3183 832 3254 ἔπεμψας
852 3186 944 3240 ἐπὶ
956 3187 1046 3241 τὸν
1071 3187 1274 3254 ’Δξειδν
1303 3191 1621 3248 κωλύουσαν
1646 3196 1784 3266 πρὸς
1803 3197 1894 3252 τὸν

299 3278 494 3345 πόρον,
513 3277 608 3332 καὶ
637 3281 918 3352 μονονουχὶ
938 3281 1051 3347 τοῖς
1071 3283 1355 3355 πολεμίοις
1371 3286 1690 3361 αὐτοχειρίᾳ
1716 3308 1792 3344 πα
1800 3308 1890 3361 ρε-

294 3367 454 3432 δεδως
477 3385 491 3399 ·
519 3371 577 3433 ἐς
610 3372 874 3443 τοσαύτην
917 3373 1028 3444 γὰρ
1073 3378 1418 3449 κατέστησας
1445 3379 1718 3452 ἀνάγκην,
1744 3381 1888 3438 ὥστε

297 3463 346 3512 εἰ
373 3460 450 3532 μὴ
467 3461 604 3526 Θεὸς
634 3462 838 3519 ἄνωθεν
869 3465 1140 3539 ὑπερέσχε
1177 3472 1334 3542 χεῖρα
1359 3472 1496 3543 πρὸς
1528 3473 1625 3543 τὴν
1641 3475 1890 3531 διάϐασιν

295 3553 389 3607 τοῦ
445 3554 720 3626 ποταμώ,
769 3558 1084 3630 ἀπωλόμεθ’
1105 3563 1174 3617 ἂν
1240 3565 1447 3630 πάντες
1514 3567 1730 3633 ἀκλεῶς
1783 3569 1890 3624 ὑπὸ

300 3645 710 3717 περιχυθέντων
747 3648 882 3718 ὁμοῦ
931 3649 1222 3720 Ῥωμαίων
1253 3655 1349 3708 καὶ
1377 3656 1698 3729 βαρϐάρων.
1728 3660 1889 3715 Οὕτω

302 3741 432 3802 τοὺς
454 3741 657 3810 ὅρκους
680 3741 1006 3814 διετήρησας
1035 3746 1304 3817 ἀκριϐῶς,
1346 3749 1443 3803 καὶ
1487 3751 1660 3806 ταῦτα
1684 3753 1743 3806 οὐ
1781 3755 1889 3825 πρὸ

297 3826 493 3884 πολλοῦ
524 3830 620 3884 τοῦ
649 3833 840 3904 χρόνου
861 3837 1306 3907 γεγραμμένους.
1341 3838 1416 3894 Ού
1465 3841 1574 3912 μὴν
1608 3843 1890 3915 ἠρκέσθης

298 3923 526 3991 ἀφανῶς
579 3923 948 3982 ἐπιϐουλεύειν
986 3928 1168 3998 μόνον,
1222 3929 1340 3984 ἀλλ’
1380 3931 1726 4006 Ἀποκαύχου
1777 3937 1889 4000 τοῖς

302 4017 539 4084 κόμποις
606 4016 842 4084 καὶτοῖς
869 4018 1151 4091 πλάσμασι
1189 4025 1456 4095 πεισθεὶς,
1511 4029 1775 4100 χρήματά
1805 4046 1886 4095 τε,

310 4107 381 4171 ὡς
438 4108 680 4177 ἐλέγετο,
734 4112 1093 4184 παρ’ἐκείνου
1157 4117 1419 4189 εἰληφὼς,
1469 4121 1729 4191 πολέμιον
1787 4122 1890 4190 ἐμὲ

321 4198 557 4267 Elimiam
586 4205 858 4272 φανερῶς,
913 4207 971 4262 ὃν
1030 4210 1088 4263 ἐν
1119 4213 1234 4274 τοῖς
1288 4213 1473 4283 ὅρκοις
1514 4215 1751 4284 γράφεις
1801 4215 1892 4270 διὰ

326 4290 442 4360 Bion
475 4293 756 4368 σύμμαχον
787 4301 880 4353 καὶ
906 4300 1059 4370 φίλον
1083 4302 1248 4370 ἕξεινο
1312 4305 1424 4358 οὐδ’
1456 4306 1622 4368 αὐτὸς
1677 4307 1767 4371 ἂν,
1813 4303 1893 4360 οἶ-

315 4403 432 4455 μαι,
478 4391 641 4461 φαίης
673 4391 937 4463 εὐορκεῖν*
973 4395 1065 4449 καὶ
1112 4396 1419 4468 γράμματα
1468 4398 1716 4470 ἔπεμπες
1767 4401 1890 4467 ἐμοὶ

304 4479 403 4548 τὴν
431 4481 656 4553 εἰρήνην
709 4485 807 4538 καὶ
851 4487 950 4558 τὴν
997 4489 1317 4560 συμμαχίαν
1368 4491 1624 4564 φανερῶς
1673 4494 1890 4562 ἀπαγο-

1992 2006 2143 2056 men,
2180 1992 2416 2046 transitu
2453 2008 2541 2047 me
2591 1993 3008 2064 probibitutam
3042 1993 3263 2056 misisti,
3295 2004 3350 2048 et
3380 2002 3590 2048 tantum

1993 2097 2117 2135 non.
2159 2091 2255 2136 tua
2313 2081 2432 2152 ipse
2482 2099 2649 2138 manu
2713 2083 2971 2138 hostibus
3026 2099 3116 2138 me
3167 2083 3470 2138 tradidisti.
3515 2083 3592 2137 Eo

1992 2175 2143 2229 enim
2181 2175 2531 2231 necessitatis
2568 2176 2805 2247 adegisti
2837 2218 2851 2242 ,
2912 2186 2971 2231 ut
3011 2177 3119 2231 nisi
3155 2177 3302 2232 Deus
3353 2178 3592 2248 desuper

1990 2281 2216 2322 manum
2245 2281 2402 2322 suam
2437 2267 2504 2321 ad
2533 2265 2741 2322 ﬂumen
2773 2269 3165 2339 trajiciendum
3202 2270 3547 2325 extendisset
3575 2321 3589 2342 ,

1992 2372 2023 2411 a
2055 2357 2412 2414 circumfusis
2443 2359 2611 2414 simul
2638 2359 2908 2415 Romanis
2959 2370 3127 2430 atque
3161 2359 3413 2415 barbaris
3441 2362 3589 2416 nulla

1990 2465 2117 2504 cum
2171 2458 2361 2504 nostra
2398 2450 2573 2520 gloria
2607 2451 2830 2506 delendi
2885 2451 3161 2507 fuerimus
3205 2469 3220 2507 :
3270 2453 3438 2524 786
3481 2462 3590 2507 tam

1991 2541 2258 2612 praeclare
2294 2550 2351 2596 tu
2393 2542 2786 2613 jusjurandum
2809 2582 2824 2609 ,
2863 2543 3033 2613 idque
3073 2545 3127 2597 in
3161 2543 3377 2599 litteras
3413 2560 3592 2614 nuper

1994 2634 2233 2689 relatum
2266 2636 2598 2705 praestitisti.
2645 2635 2761 2692 Nec
2801 2637 3167 2692 clandestinis
3203 2637 3423 2691 insidiis
3455 2652 3592 2691 con-

1991 2734 2201 2792 tentus,
2233 2729 2401 2783 etiam
2424 2727 2771 2798 Apocauehi,
2795 2728 3036 2784 hominis
3078 2728 3331 2795 ventosi,
3366 2727 3594 2798 ﬁgmen-

1995 2821 2067 2875 tis
2097 2819 2356 2886 credens,
2389 2821 2710 2891 et“pecunia
2735 2821 2804 2878 ab
2838 2821 2956 2887 illo,
2985 2827 3047 2876 ut
3071 2821 3316 2884 aiebant,
3341 2830 3589 2890 accepta,

1996 2913 2214 2970 hostem
2246 2929 2335 2970 me
2368 2914 2548 2985 palam
2593 2914 2914 2984 declarasti,
2942 2930 3106 2986 quem
3145 2914 3200 2968 in
3226 2913 3594 2985 jurejurando

1996 3006 2212 3062 socium
2243 3020 2468 3076 semper
2525 3014 2691 3078 atque
2723 3006 2965 3063 amicum
3001 3006 3332 3062 habiturum
3371 3016 3424 3062 te
3449 3006 3594 3062 seri-

1997 3095 2106 3151 bis.
2140 3094 2269 3152 Haec
2298 3096 2394 3166 qui
2434 3095 2624 3163 faciat,
2673 3112 2777 3153 nec
2827 3107 2884 3153 tu
2939 3113 3092 3164 eum,
3140 3098 3362 3168 Opinor,
3392 3099 3593 3170 juratis

1999 3198 2150 3245 stare
2197 3187 2579 3246 allirmaveris.
2635 3190 2870 3262 Insuper
2908 3191 3122 3247 litteras
3155 3191 3435 3256 mittebas,
3464 3192 3592 3262 qui-

2001 3281 2107 3337 bus
2159 3296 2354 3353 pacem
2410 3290 2470 3338 et
2512 3282 2818 3340 amicitiam
2854 3293 3046 3354 aperte
3090 3283 3478 3350 renuntiabas,
3536 3293 3594 3340 et

1993 3375 2204 3432 bellum
2256 3392 2370 3433 non
2418 3386 2570 3445 ante,
2607 3393 2707 3448 pro
2737 3394 2896 3435 more
2926 3421 2940 3446 ,
2973 3379 3248 3435 indictum
3299 3379 3596 3437 denuntia.

1993 3466 2094 3524 bas
2128 3485 2143 3523 :
2172 3483 2312 3540 quas
2341 3477 2397 3524 et
2445 3469 2503 3524 in
2533 3469 2685 3526 hunc
2733 3485 2914 3542 usque
2943 3471 3092 3526 diem
3133 3487 3162 3527 a
3211 3487 3299 3527 me
3343 3482 3593 3529 servatas

1993 3560 2187 3616 videre
2211 3561 2362 3618 licet.
2388 3560 2470 3616 Ex
2495 3561 2593 3617 illo
2623 3577 2713 3618 me
2736 3571 2795 3618 et
2825 3563 3140 3620 manifestis
3169 3565 3360 3630 armis,
3406 3572 3464 3620 et
3501 3581 3595 3622 oc-

1997 3650 2172 3707 cultis
2203 3650 2423 3708 insidiis
2453 3661 2645 3722 petere
2675 3667 2784 3708 non
2811 3655 3061 3710 cessasti.
3089 3654 3225 3710 Nam
3257 3653 3594 3724 etDidymo-

1994 3744 2209 3800 tichum
2267 3760 2394 3801 cum
2429 3744 2663 3801 Amurio
2694 3761 3012 3814 reversum,
3069 3756 3366 3818 postquam
3409 3749 3500 3804 ille
3539 3750 3594 3804 in

1993 3837 2182 3893 Asiam
2205 3838 2572 3910 renavigavit,
2600 3848 2663 3895 ut
2694 3839 3030 3910 Apocaucbo
3055 3840 3328 3910 promissa
3355 3840 3591 3906 faceres,

1994 3932 2172 3987 robur
2203 3933 2488 3989 exercitus
2538 3934 2595 3988 in
2634 3947 2723 3989 me
2771 3933 3019 4000 duxisti;
3057 3943 3118 3989 et
3165 3949 3340 4004 usque
3368 3934 3594 4006 Mygdo-

1995 4024 2144 4080 niam
2194 4025 2376 4094 palam
2437 4025 2619 4082 hostis
2648 4039 2807 4080 meus
2837 4025 3144 4081 tetendisti.
3182 4026 3367 4082 Persis
3407 4037 3592 4082 autem

1994 4119 2276 4189 peditibus
2304 4121 2751 4187 occurrentibus,
2789 4135 3024 4191 quorum
3044 4135 3210 4175 naves
3239 4119 3446 4175 Latinae
3493 4119 3593 4175 tri-

1996 4226 2182 4266 remes
2217 4212 2604 4278 incenderant,
2636 4221 2694 4268 et
2738 4211 2960 4284 egregie
3008 4211 3202 4267 attrito
3231 4212 3298 4266 ab
3323 4211 3406 4267 eis
3435 4225 3596 4266 exer-

1996 4307 2135 4371 citu,
2163 4321 2332 4376 quem
2361 4314 2556 4360 contra
2585 4306 2735 4376 ipsos
2769 4305 3056 4370 mittebas,
3096 4302 3213 4374 ipse
3236 4318 3460 4374 quoque
3492 4304 3595 4358 im-

1995 4398 2215 4470 provisa
2249 4413 2309 4454 re
2336 4400 2628 4469 perculsus
2651 4437 2666 4462 ,
2699 4399 2754 4453 in
2785 4405 2937 4453 tuam
2964 4397 3310 4468 provinciam
3334 4393 3548 4450 rediisti
3576 4412 3590 4447 :

1994 4499 2054 4545 et
2109 4490 2419 4545 Manuelem
2477 4489 2765 4560 despotam
2809 4489 2982 4543 filium
3019 4504 3227 4556 meum,
3279 4502 3444 4557 quem
3489 4501 3593 4558 ego

306 4571 555 4640 ρεύοντα,
586 4576 678 4628 καὶ
705 4576 941 4650 πόλεμον
972 4582 1416 4649 καταγγέλλοντα
1460 4584 1800 4656 ἀκήρυκτον·
1850 4584 1886 4639 ἂ

1997 4581 2297 4648 Berrhmaz,
2326 4580 2830 4652 oppidulorumque
2853 4581 3091 4636 aliorum
3113 4580 3432 4652 praefectum
3460 4579 3595 4634 reli-

301 4665 398 4718 καὶ
438 4665 533 4720 νῦν
583 4666 788 4734 ἔξεστιν
821 4671 954 4742 ὀρᾷν
1011 4673 1092 4736 εἰς
1147 4673 1312 4748 δεῦρο
1374 4676 1714 4731 διασωθέντα
1745 4678 1892 4750 παρ’

303 4759 443 4828 ἐμοί.
475 4760 588 4814 Καὶ
612 4760 673 4826 ἐξ
711 4762 921 4817 ἐκείνου
957 4766 1017 4818 ού
1053 4766 1292 4832 διέλιπες
1319 4770 1576 4840 φανερῶς
1631 4788 1692 4824 τε
1731 4771 1893 4825 πολε-

308 4853 443 4923 μῶν,
483 4857 579 4910 καὶ
609 4855 833 4923 ἀφανῶς
885 4858 1272 4915 ἐπιϐουλεύων.
1310 4861 1465 4932 Ἐμοί
1528 4879 1589 4916 τε
1623 4862 1734 4934 γὰρ
1801 4865 1885 4928 εἰς

305 4947 688 5018 Διδυμότειχον
715 4949 1048 5019 ἐπανήκοντι
1080 4953 1216 5023 μετὰ
1252 4953 1418 5024 Ἀμοὺ
1430 4973 1482 5027 ρ,
1526 4956 1650 5010 ἐπεὶ
1680 4958 1891 5022 ἐκεῖνος

305 5037 365 5109 ἦν
395 5045 474 5108 εἰς
527 5043 625 5114 τὴν
671 5043 880 5108 Ἀσίαν,
917 5044 1016 5116 τὴν
1081 5046 1379 5118 ὑπόσχεσιν
1423 5049 1751 5122 Ἀποκαύχῳ
1801 5052 1892 5106 ἐκ·

311 5137 550 5210 πληρῶν,
606 5137 668 5191 τὸ
693 5137 983 5206 κράτιστον
1009 5138 1108 5206 τῆς
1140 5141 1401 5210 στρατιᾶς
1449 5141 1591 5213 ἔχων
1620 5143 1894 5214 ἐπεστρά-

305 5243 464 5293 τευεςο
485 5232 580 5284 καὶ
612 5227 893 5300 προῆλθες
919 5229 1047 5299 ἄχρι
1067 5231 1401 5300 Μυγδονίας,
1431 5233 1683 5305 φανερῶς
1716 5233 1891 5288 ἐπιὼν

305 5321 430 5391 ἐμοί.
465 5322 699 5396 Περσῶν
728 5321 789 5374 δὲ
823 5320 1011 5386 πεζῶν
1057 5324 1486 5395 περιτυχόντων,
1522 5319 1596 5380 ὧν
1628 5326 1729 5390 τὰς
1753 5326 1888 5391 ναῦς

297 5416 341 5469 εί
400 5416 701 5476 Λατινικαὶ
759 5414 1072 5485 ἐνέπρησαν
1133 5419 1404 5490 τριήρεις,
1454 5419 1550 5474 καὶ
1599 5419 1772 5475 πολλά
1822 5424 1888 5493 τῇ

287 5517 498 5590 στρατιᾷ
523 5508 976 5585 λυμηναμένων,
1002 5507 1069 5578 ἣν
1102 5509 1352 5580 ἔπεμπες
1401 5510 1490 5567 ἐπ’
1522 5514 1744 5580 αὐτοὺς,
1768 5514 1893 5568 ἀνε-

269 5607 461 5682 χώρεις
510 5607 614 5664 καὶ
674 5599 862 5662 αὐτὸς
893 5598 971 5662 εἰς
1005 5598 1103 5667 τὴν
1137 5600 1316 5653 οἰκίαν
1351 5601 1585 5672 πληγεὶς
1613 5605 1890 5672 ἀπροσδο-

264 5703 463 5771 κήτοις,
541 5697 652 5753 καὶ
710 5684 996 5754 Μανουὴλ
1039 5683 1306 5758 δεσπότην
1330 5687 1422 5742 τὸν
1475 5689 1590 5742 υἱὸν
1635 5691 1730 5744 ἐπὶ
1788 5691 1892 5760 τῆς

253 5796 522 5870 Rappold;
599 5788 721 5860 τὴν
782 5775 996 5850 ἀρχὴν,
1037 5779 1134 5832 καὶ
1195 5779 1304 5836 τῶν
1367 5782 1546 5837 ἄλλοιν
1600 5783 1892 5856 πολιχνίων

247 5882 781 5962 καταλελειμμένον
809 5871 914 5928 ὑπ’
949 5870 1106 5942 ἐμοῦ.
1145 5875 1396 5944 φανερῶς
1419 5894 1478 5931 τε
1524 5878 1880 5950 ἐπολιόρκεις

1995 4689 2264 4745 queram,
2323 4675 2500 4745 palam
2557 4673 2855 4735 obsedisti,
2894 4689 2998 4729 nec
3030 4674 3183 4728 cives
3213 4671 3453 4744 pecunia
3499 4670 3596 4726 de-

1996 4780 2233 4835 pravare
2257 4765 2516 4829 omisisti,
2547 4763 2729 4820 donec
2759 4765 2869 4820 illis
2895 4777 3123 4821 exosum
3162 4765 3218 4819 in
3249 4753 3593 4819 Thessaliam

1997 4858 2280 4929 expulisti.
2325 4857 2408 4912 Tu
2465 4872 2597 4912 vero
2649 4857 2846 4912 urbem
2901 4857 3234 4926 occupabas,
3291 4864 3348 4912 et
3382 4856 3594 4912 Pheras

1997 4950 2258 5006 similiter
2285 4950 2450 5022 longo
2483 4959 2734 5020 tempore
2774 4949 3037 5006 obsidens
3063 4991 3077 5016 ,
3105 4965 3232 5006 cum
3267 4961 3319 5006 te
3349 4965 3590 5016 orarem,

1992 5043 2408 5118 juramentique
2499 5043 3080 5109 commonefacercm,
3140 5043 3590 5115 quandoquidem

1997 5137 2152 5194 civili
2191 5135 2338 5192 bello
2370 5135 2671 5202 distentus,
2721 5136 2789 5192 ad
2831 5138 3003 5192 urbes
3030 5136 3152 5192 illas
3182 5137 3449 5194 accedere
3477 5152 3592 5194 non

1997 5240 2247 5302 poteram
2275 5270 2290 5294 ,
2320 5231 2474 5286 auris
2504 5229 2872 5300 discerpenda
2907 5247 3028 5287 mea
3059 5232 3232 5287 verba
3273 5233 3536 5290 tradebas
3575 5249 3591 5287 :

1997 5334 2054 5380 et
2080 5331 2326 5395 egestate
2379 5323 2508 5378 illos
2563 5323 3002 5395 obsessioneque
3035 5325 3256 5382 assidua
3286 5341 3548 5398 premens
3571 5369 3590 5394 ,

1997 5426 2278 5489 postremo
2299 5418 2466 5472 etiam
2496 5417 2570 5473 ibi
2603 5417 2823 5473 civibus
2846 5419 3127 5489 primariis
3160 5422 3396 5492 pecunia
3422 5428 3595 5476 trans-

1997 5511 2200 5565 versim
2270 5510 2432 5575 actis,
2462 5509 2656 5564 urbem
2686 5509 2752 5565 ad
2782 5501 2838 5564 te
2862 5509 3095 5566 allexisti
3125 5529 3139 5567 :
3165 5512 3590 5582 etpostmodum

1999 5617 2196 5672 magno
2258 5591 2511 5671 equitum
2556 5601 2917 5672 peditumque
2979 5619 3214 5659 numero
3247 5603 3590 5658 Thessaliam

1996 5705 2052 5749 et
2083 5696 2449 5750 Acarnaniam
2504 5696 2880 5751 Romanorum
2921 5697 3242 5766 provincias
3300 5695 3589 5760 invasisti,

1998 5802 2062 5842 ac
2124 5787 2542 5843 memorabilem
2592 5787 2746 5843 illam
2802 5789 3170 5844 calamitatem
3226 5786 3591 5855 invexisti,ut

1997 5878 2315 5936 Acarnanes
2353 5879 2427 5935 ob
2475 5879 2884 5936 intolerandam
2920 5878 3120 5933 famem
3163 5876 3232 5932 ad
3283 5878 3588 5936 maritimas
