4028 6520
455 452 561 516 103

1631 433 1954 497 IOANNIS
1992 429 2517 493 CANTACUZENI

3612 428 3727 494 164

451 583 578 623 oras
608 572 804 636 Sponte
848 560 1105 633 profecti,
1154 554 1404 612 barbaris
1428 550 1708 623 plagiariis
1730 549 1943 603 lucrum
1975 558 2034 600 se

2151 544 2379 614 πέμπων
2416 543 2699 615 στρατιὰν,
2730 542 2823 597 καὶ
2845 542 2971 607 τοὺς
2998 541 3148 597 ἔνδον
3176 544 3278 598 οὐκ
3324 544 3552 616 ἠμέλεις
3599 547 3731 600 δια-

451 656 753 728 gratuitnm
788 651 1213 722 prostituerent,
1286 645 1644 700 obsecrantes
1682 641 1736 695 in
1760 639 1895 693 alias
1917 644 2031 690 ter-

455 763 547 803 ras
601 744 889 801 transferri
917 781 932 804 ,
988 742 1177 811 ibique
1226 737 1439 793 servire
1485 744 1596 790 tota
1644 734 1755 789 vita
1803 730 2032 801 potius,

457 856 621 910 quam
651 836 910 908 praesenti
940 833 1121 889 inedia
1158 830 1572 886 contabescerc.
1605 826 1799 881 Postea
1825 822 2034 892 Angela

454 930 791 988 consobrino
814 942 938 982 meo
968 926 1282 984 demortuo,
1316 932 1480 989 quem
1513 933 1615 987 ego
1645 927 1937 987 praetorem
1968 927 2036 967 eo

455 1024 738 1081 miseram.
766 1030 822 1075 tu
849 1017 1163 1089 provincias
1191 1014 1290 1068 tibi
1325 1009 1646 1075 vindicasti,
1688 1017 1744 1062 et
1769 1013 2036 1077 prretcrea

456 1114 626 1169 urbes
658 1108 991 1165 Macedoniae
1023 1121 1132 1160 non
1164 1118 1391 1174 paucas,
1432 1115 1578 1169 quae,
1621 1097 1845 1169 quando
1865 1094 2035 1151 vicis-

457 1204 562 1258 sim
597 1201 943 1272 jnrabamus,
976 1196 1078 1251 sub
1103 1193 1334 1263 imperio
1362 1190 1616 1245 Romano
1644 1187 2035 1246 censebantur.

456 1296 651 1351 Utrum
690 1293 857 1363 igitur
896 1290 1015 1343 haec
1050 1285 1291 1340 amantis
1316 1325 1330 1348 ,
1366 1292 1422 1338 et
1447 1281 1740 1353 juramcnti
1771 1277 2042 1333 sanctita-

459 1393 569 1437 tem
596 1378 989 1443 custodientis,
1020 1374 1372 1443 habendique
1417 1370 1807 1440 inexplebilem
1859 1365 2039 1423 avidi-

461 1484 627 1529 tatem
700 1480 756 1524 et
809 1469 1029 1538 rapinas
1053 1466 1295 1520 odientis
1323 1473 1488 1528 sunt,
1516 1477 1606 1517 ~an
1640 1462 1801 1531 plane
1829 1474 1990 1515 secus
2017 1459 2041 1512 ?

457 1566 621 1636 787
676 1563 720 1617 A
764 1562 968 1631 quibus
1011 1561 1164 1614 vitiis
1202 1574 1304 1614 nos
1348 1558 1539 1627 procul
1580 1556 1865 1611 absumus.
1895 1554 2042 1622 Quin

462 1660 574 1712 imo
605 1671 729 1711 cum
777 1652 1041 1707 Amurius
1071 1652 1159 1706 hic
1192 1651 1258 1706 ad
1296 1664 1382 1704 mc
1409 1648 1710 1720 iuvandum
1739 1662 1864 1702 cum
1903 1661 2041 1716 qua-

460 1760 587 1804 tuor
624 1755 683 1799 et
728 1745 925 1813 viginti
987 1742 1346 1798 barbarorum
1396 1739 1640 1794 millibus
1669 1737 1911 1801 adesset,
1945 1735 2041 1804 qui

459 1824 783 1895 universum
813 1836 1183 1905 principatum
1211 1842 1365 1887 tuum
1392 1840 1688 1887 concutere
1727 1844 1790 1883 ac
1826 1830 2044 1884 destru-

2133 632 2373 701 φθείρων
2398 632 2696 703 χρήμασιν,
2728 632 2889 703 ἄχρις
2911 627 2973 685 οὒ
3000 633 3197 696 πείσας
3225 634 3422 704 ἐκείνῳ
3446 634 3728 699 δυσνοεῖν,

2133 725 2340 777 ἐκεῖνον
2370 724 2469 794 μὲν
2525 723 2796 795 ἐξήλασας
2829 726 2909 789 είς
2956 724 3277 789 Θετταλίαν,
3314 724 3476 789 αὐτὸς
3526 726 3584 779 δέ
3621 727 3736 797 τὴν

2136 814 2290 869 πόὶιν
2322 811 2489 885 εἶχες,
2520 817 2614 868 καὶ
2636 816 2817 886 Φεράς
2849 815 3050 885 ὁμοίως
3079 816 3174 871 ἐπὶ
3209 817 3404 887 συχνὸν
3429 817 3745 889 πολιορκή-

2138 924 2237 971 σας
2274 908 2487 977 χρόνον,
2514 906 2650 975 ἐμοῦ
2702 907 2979 978 δεομένου,
3011 908 3106 962 καὶ
3150 909 3261 962 τῶν
3300 908 3481 980 ὅρκων
3523 910 3741 979 ἀναμι-

2138 996 2497 1066 μνήσκοντος,
2537 997 2661 1049 ἐπεὶ
2694 997 2768 1067 μὴ
2800 999 2921 1063 ταῖς
2969 997 3193 1052 πόλεσιν
3246 993 3394 1068 εἶχον
3432 998 3741 1071 ἐπιδημεῖν

2138 1090 2245 1143 ὑπὸ
2306 1090 2402 1143 τοῦ
2457 1091 2726 1159 ἐμφυλίου
2784 1092 3151 1162 κατεχόμενος
3215 1092 3481 1164 πολέμου,
3526 1093 3747 1147 οὐδένα.

2137 1181 2294 1250 λόγον
2327 1183 2539 1249 ἐποιοῦ,
2574 1183 2691 1237 ἀλλ’
2749 1184 2928 1256 ἐνδείᾳ
2973 1187 3172 1250 πιέσας
3230 1187 3327 1241 καὶ
3363 1189 3533 1258 συχνῇ
3570 1186 3743 1241 πολι-ἶ

2137 1273 2322 1346 ορκία,
2355 1274 2511 1339 τέλος
2557 1275 2782 1340 ἔπεισας
2836 1280 3202 1349 προσχωρεῖν,
3259 1280 3425 1333 κάκεῖ
3473 1280 3603 1344 τοὺς
3626 1280 3738 1332 δυ-

2140 1367 2487 1436 νατωτέρους
2510 1367 2835 1438 διαφθείρας
2863 1370 3151 1440 χρήμασιο
3206 1372 3304 1424 καὶ
3355 1371 3494 1443 μετὰ
3530 1371 3730 1437 τοῦτο,

2139 1458 2407 1529 Θετταλίᾳ
2436 1460 2531 1511 καὶ
2569 1460 2903 1531 Ἀκαρνανίᾳ
2934 1463 3388 1532 ἐπεστράτευσας
3422 1462 3743 1531 Ῥωμαίοις

2141 1549 2330 1614 οὔσαις
2392 1551 2686 1620 ὑπηκόοις,
2746 1553 2947 1625 πλῆθος
3002 1555 3189 1620 πεζῶν
3253 1573 3314 1609 τε
3346 1558 3442 1610 καὶ
3507 1558 3744 1611 ἱππέων

2142 1641 2314 1709 ἄγων,
2382 1643 2477 1696 καὶ⁸
2538 1644 2640 1714 τὴν
2692 1647 3183 1717 μνημονευομένην
3240 1648 3457 1719 ἐκείνην
3512 1650 3742 1721 φθορὰν

2144 1733 2406 1803 εἰργάσω,
2454 1736 2545 1804 ὑφ’
2581 1731 2650 1805 ἧς
2683 1737 2763 1798 είς
2796 1739 3075 1806 τοσαύτην
3129 1739 3378 1806 ἀνάγκην
3448 1739 3743 1811 Ἀκαρνᾶ-

2146 1844 2231 1889 νες
2282 1823 2444 1896 ἦλθον
2502 1827 2610 1880 ὑπὸ
2666 1828 2763 1880 τοῦ
2820 1827 3008 1897 λιμοῦ,
3071 1830 3146 1891 ὡς
3208 1830 3389 1883 ἑκοντὶ
3451 1830 3590 1900 πρὸς
3654 1834 3744 1883 τὰ

463 1948 559 1989 ere
596 1938 875 2001 poterant,
927 1904 1048 1984 cavi
1083 1927 1532 1996 diligentissime,
1568 1938 1637 1976 ne
1666 1920 1803 1990 quid
1854 1919 2038 1975 damni

2151 1921 2389 1990 παράλια
2438 1922 2743 1988 γινόμενοι,
2780 1922 3144 1991 προσκεῖσθαι
3204 1923 3317 1985 τοῖς
3387 1922 3744 1992 ἀνδραποδι-

456 2024 752 2096 provincia
786 2032 877 2076 tua
903 2028 1187 2090 pateretur
1212 2035 1225 2071 :
1250 2030 1561 2087 quanquam
1599 2012 1727 2069 belli
1754 2013 2038 2067 honestam

457 2115 810 2170 occasionem
848 2114 1150 2173 haberem,
1199 2111 1418 2179 priores
1456 2108 1724 2172 insidias,
1780 2105 2041 2177 quodque

458 2221 627 2275 opere
651 2206 770 2274 ipso
797 2212 1050 2273 apertum
1087 2210 1137 2256 te
1168 2202 1384 2257 hostem
1428 2199 1780 2269 proﬁtebare,
1808 2210 1862 2252 et
1889 2198 2041 2252 hisce

460 2298 688 2361 litteris,
721 2311 860 2365 quas
892 2294 959 2349 ad
995 2310 1081 2348 me
1119 2293 1337 2355 misisti,
1363 2308 1551 2360 pacem
1590 2292 2039 2362 etjuramentum

464 2388 827 2443 rescindebas
869 2396 925 2441 et
951 2386 1003 2439 id
1038 2402 1067 2440 a
1094 2400 1180 2440 me
1228 2384 1448 2439 barbari
1475 2384 1640 2438 etiam
1680 2391 1845 2452 atque
1873 2380 2039 2436 etiam

462 2479 793 2549 ﬂagitarent.
832 2477 1038 2531 Tamen
1097 2476 1398 2531 absurdum
1446 2476 1613 2530 nimis
1676 2484 1735 2529 et
1795 2487 2044 2543 persona:

463 2582 600 2620 mea:
630 2565 952 2620 indecorum
995 2565 1149 2628 duxi,
1186 2574 1410 2634 propter
1443 2565 1718 2619 minutum
1745 2565 2046 2635 abiectum-

464 2674 573 2729 que
604 2660 852 2713 animum
883 2669 1059 2722 tuum,
1092 2668 1148 2713 et
1181 2660 1236 2712 in
1271 2660 1437 2713 rebus
1459 2658 1706 2713 honestis
1728 2658 2044 2713 inconstan-

466 2751 621 2815 tiam,
649 2751 923 2818 ingratum
948 2765 1077 2819 erga
1103 2749 1311 2805 amicos
1356 2759 1521 2819 atque
1544 2750 1816 2803 inlidelem
1846 2748 2041 2809 videri,

466 2844 515 2899 si
573 2845 669 2913 qui
709 2852 863 2897 tanta
898 2843 952 2897 in
987 2858 1074 2898 me
1132 2842 1288 2912 prior
1319 2843 1463 2896 bona
1503 2841 1846 2900 contulisset,
1882 2840 1929 2895 ei
1959 2840 2046 2895 ni-

469 2935 549 2990 hil
597 2935 987 3004 rependerem,
1060 2933 1155 2991 scd
1194 2944 1417 3003 propter
1449 2934 1641 3003 culpas
1669 2933 1930 3003 quasdam
1963 2944 2046 2987 to-

467 3026 749 3092 lerabiles,
783 3026 838 3080 in
864 3026 1019 3080 omni
1050 3028 1158 3080 vita
1177 3040 1297 3079 mea
1328 3026 1539 3093 reliqua
1566 3025 1746 3081 hostis
1767 3025 1888 3079 loco
1916 3039 2042 3079 eum

469 3119 758 3174 ducerem.
784 3119 915 3175 Post
945 3119 998 3174 id
1054 3128 1270 3189 tempus
1317 3133 1441 3175 cum
1488 3118 1691 3188 saepius
1718 3118 1909 3173 ulcisci
1957 3131 2044 3171 me

2145 2012 2303 2075 σταῖς
2356 2013 2655 2084 βαρϐάροις
2704 2015 2896 2082 κέρδος
2937 2016 3166 2077 ἄπονον,
3238 2016 3331 2068 καὶ
3371 2015 3580 2070 δεῖσθαι
3637 2018 3745 2085 ἐφ’

2144 2103 2341 2174 ἑτέραν
2386 2106 2490 2174 γῆν
2538 2106 2969 2175 μετενεχθέντας
3041 2106 3323 2160 δουλεύειν
3380 2108 3585 2177 μᾶλλον
3636 2110 3751 2163 διὰ

2146 2193 2285 2262 βίου,
2317 2195 2365 2265 ζῆ
2425 2197 2483 2248 ἐν
2513 2197 2589 2265 τῷ
2647 2197 2851 2251 αὐτίκα
2907 2197 3318 2267 διαφθείρεσθαι
3380 2200 3485 2253 ὑπὸ
3533 2202 3744 2272 λιμοῦ.

2145 2284 2416 2358 ’Υστερον
2471 2288 2529 2340 δέ
2580 2288 2843 2356 Ἀγγέλου
2902 2288 2994 2342 τοῦ
3063 2291 3196 2360 ἐμοῦ
3270 2291 3752 2362 τετελευτηκότος

2143 2380 2393 2450 ἀνεψιοῦ,
2439 2380 2499 2444 ὃς
2540 2378 2711 2453 ἦρχεν
2769 2382 2861 2436 ὑπ’
2898 2383 3033 2452 ἐμοῦ
3110 2386 3404 2455 πεμφθεὶς,
3464 2388 3748 2458 ἀρπάσας

2143 2473 2243 2537 τὰς
2317 2473 2586 2545 ἐπαρχίας
2648 2473 2815 2545 ἔχειςο
2894 2476 2986 2531 καὶ
3039 2478 3177 2546 πρὸς
3237 2478 3447 2544 τούτοις
3528 2482 3745 2552 ἐτέρας

2144 2561 2333 2626 πόλεις
2379 2562 2481 2631 τῆς
2530 2563 2880 2627 Μακεδονίας
2933 2565 3034 2617 οὐκ
3083 2565 3289 2633 ὀλίγας,
3333 2567 3391 2621 αϊ
3454 2570 3561 2623 ὑπὸ
3628 2573 3745 2643 τὴν

2157 2654 2450 2722 Ῥωμαίων
2512 2656 2810 2725 ἡγεμονίαν
2864 2652 3028 2727 ἦσαν,
3082 2660 3169 2712 ὅτε
3246 2660 3382 2729 πρὸς
3456 2663 3740 2736 ἀλλήλους

2145 2745 2279 2814 ἡμῖν
2331 2744 2577 2811 ἐγίνοντο
2631 2747 2680 2798 οἱ
2745 2747 2921 2817 ὅρκοι.
2968 2750 3204 2820 Πότερον
3256 2748 3352 2805 οὖν
3403 2754 3576 2807 ταῦτα
3635 2774 3740 2829 φι-

2146 2835 2386 2903 λοῦντος,
2420 2838 2512 2891 καὶ.
2564 2838 2936 2909 εύορκοῦντος,
2967 2841 3063 2893 καὶ
3096 2842 3380 2910 μισοῦντος
3425 2845 3524 2917 τὴν
3553 2846 3735 2916 ἀπλη-

2149 2928 2307 2981 στίαν
2378 2928 2476 2982 καὶ
2557 2928 2660 2998 τὴν
2719 2930 2999 2999 ἁρπαγὴν,
3088 2933 3120 3002 ἢ
3180 2933 3489 2989 τούναντίον
3543 2937 3723 3003 ἅπανς

2159 3019 2300 3072 Ἀλλ’
2333 3020 2394 3072 οὔ
2424 3020 2493 3074 τὰ
2524 3020 2774 3091 ἡμέτερα
2802 3020 3058 3088 τοιαῦτα,
3113 3023 3247 3078 ἀλλὰ
3271 3027 3367 3078 καὶ
3414 3028 3621 3100 ’Λμοῦρ
3645 3030 3737 3083 ἐν·-

2147 3110 2484 3183 ταῦθα¹πρδς
2517 3112 2660 3183 ἐμὴν
2688 3115 3010 3185 ἐπικουρίαν
3038 3117 3354 3185 γενομένου,
3385 3136 3747 3193 τετρακισχι-

466 3228 710 3283 possem,
733 3213 908 3277 nolui,
936 3227 1126 3268 verum
1148 3214 1333 3268 missis
1362 3213 1699 3271 oratoribus.
1730 3213 1896 3267 etiam
1922 3222 2047 3267 ante

2151 3203 2300 3266 λίους
2330 3204 2425 3257 ἐπὶ
2458 3203 2770 3273 δισμυρίοις
2801 3206 3028 3274 ἄγοντος
3056 3207 3388 3280 βαρϐάρους,
3422 3212 3473 3265 οἶ
3505 3213 3602 3287 τὴν
3633 3217 3752 3288 σὴν

469 3314 691 3376 captum
726 3305 1068 3377 Byzantium,
1102 3315 1163 3360 ut
1212 3305 1427 3360 tandem
1459 3306 1623 3361 amici
1675 3304 1911 3363 ollicittm
1951 3318 2041 3359 se-

469 3409 728 3465 querere,
790 3411 928 3451 neve
974 3396 1291 3465 juramenta
1340 3397 1577 3452 violares
1600 3438 1614 3462 ,
1642 3395 1854 3466 rogavi.
1885 3396 1956 3450 At
1985 3403 2041 3449 tu

470 3486 605 3555 quid
650 3487 742 3556 jus
790 3485 984 3555 fasque
1012 3488 1359 3556 postularent
1391 3504 1500 3543 non
1531 3487 1802 3543 curabas:
1834 3500 2047 3542 sermo-

471 3575 750 3645 nibusque
778 3574 1072 3630 fallacibus
1129 3586 1184 3632 et
1215 3579 1451 3635 curiosis
1478 3576 1935 3632 circumscribere
1959 3590 2049 3631 me

471 3667 804 3720 attentahas.
832 3664 967 3738 Ego,
1004 3668 1217 3723 tametsi
1254 3670 1302 3723 id
1336 3684 1555 3724 nossem
1574 3667 2048 3738 planissimc,non

472 3758 657 3814 statim
694 3759 749 3813 in
783 3769 835 3813 te
866 3775 1017 3815 arma
1049 3761 1217 3825 mori,
1272 3762 1366 3816 sed
1414 3761 1669 3817 enitebar
1695 3774 1934 3829 seraper,
1975 3773 2046 3814 ne

479 3849 776 3904 timiditate
801 3851 1039 3919 quadam
1072 3851 1136 3905 ad
1173 3852 1376 3909 bellum
1422 3852 1522 3907 tibi
1550 3851 1901 3907 inferendum
1926 3865 2052 3920 pro—

478 3937 698 3994 siluisse
720 3941 1085 3999 existimarer.
1108 3942 1243 3999 Cum
1262 3943 1748 4013 cerneremﬁautem
1774 3942 2048 3998 incassum

477 4044 566 4085 me
597 4030 874 4093 laborare.
906 4035 1431 4105 cunctationemque
1476 4049 1654 4090 meam
1685 4049 1797 4092 non
1838 4036 2050 4105 magni-

475 4122 728 4179 tudinem
762 4126 931 4181 animi
984 4137 1041 4183 et
1063 4129 1400 4197 mquitatem,
1432 4129 1527 4185 sed
1559 4143 1774 4184 morum
1805 4129 2048 4185 civilium

482 4216 814 4286 neglectum,
861 4234 926 4275 ac
957 4221 1356 4290 propemodum
1398 4222 1764 4291 proditionem
1809 4237 1952 4286 esse,
1980 4236 2051 4277 ne

477 4309 563 4364 sic
590 4309 814 4380 quidem
860 4312 915 4366 in
952 4312 1292 4381 provinciam
1328 4323 1477 4368 tuam
1520 4313 1682 4378 irrui,
1727 4315 1821 4371 sed
1862 4315 2053 4372 adem-

479 4412 604 4472 ptas
637 4403 804 4459 urhes
849 4403 999 4461 nitor
1040 4404 1289 4473 recipere
1314 4443 1330 4470 ,
1384 4419 1615 4475 quarum
1661 4421 1826 4462 causa
1863 4414 1921 4460 tu
1963 4421 2053 4462 nte

479 4496 727 4551 avaritias
804 4495 1225 4566 iniquitatisque
1282 4499 1569 4554 insimulas
1601 4517 1615 4553 ε
1651 4499 1758 4554 tale
1790 4499 2052 4570 quiddam

2154 3297 2454 3366 ἡγεμονίαν
2501 3299 2683 3352 πᾶσαν
2730 3299 3063 3369 ἀνατρέπειν
3111 3296 3255 3371 ἦσαν
3304 3304 3541 3371 δυνατοὶ,
3569 3308 3753 3375 αὐτὸς

2153 3388 2502 3458 ἐποιησάμην
2536 3391 2721 3445 πᾶσαν
2749 3390 3034 3460 πρόνοιαν,
3075 3392 3241 3462 μηδὲν
3268 3396 3365 3462 τὴν
3397 3395 3499 3449 ὑπὸ
3536 3397 3597 3451 σέ
3632 3399 3754 3467 ζη-

2157 3480 2426 3548 μιωθῆναι
2455 3479 2641 3551 χώραν
2661 3495 2678 3514 “
2707 3481 2887 3536 καίτοι
2920 3482 3197 3553 πρόφασιν
3215 3486 3573 3556 εὐπρόσωπον
3593 3488 3756 3561 ἔχων

2155 3571 2249 3625 τοῦ
2302 3570 2568 3639 πολέμου,
2603 3574 2705 3634 τὰς
2752 3573 3025 3645 προτέρας
3055 3574 3368 3645 ἐπιϐουλὰς,
3400 3582 3495 3632 καὶ
3528 3579 3606 3651 τῷ
3635 3599 3759 3652 φα-

2157 3662 2329 3733 νερῶς
2366 3664 2886 3734 ἐκπεπολεμῶσθαι,
2924 3669 3020 3722 καὶ
3050 3668 3255 3739 ἔργοις,
3288 3671 3383 3725 καὶ
3431 3672 3647 3739 τούτοις
3678 3676 3756 3745 δὴ

2158 3756 2274 3818 τοῖς
2309 3756 2461 3826 παρὰ
2485 3755 2581 3808 σοῦ
2614 3756 2917 3826 πεμφθεῖσι
2941 3761 3270 3831 γράμμασιν
3306 3764 3399 3816 ἐπὶ
3427 3767 3761 3839 ἀπαγορεύ-

2160 3864 2243 3901 σει
2283 3849 2384 3916 τῆς
2430 3850 2677 3918 είθήνης,
2709 3851 2803 3903 καὶ
2841 3850 2951 3904 τῶν
2990 3853 3172 3916 ὅρκων
3204 3855 3461 3925 μάλιστα,
3499 3862 3593 3913 καὶ
3627 3863 3757 3917 τῶν

2161 3940 2457 4012 βαρϐάρων
2486 3941 2781 4009 δεομένων.
2835 3943 2977 3997 Ἀλλ’
3009 3945 3212 3999 ἄτοπον
3252 3950 3479 4019 ἐνόμισα
3523 3952 3757 4024 δεινῶς,

2160 4038 2254 4087 καὶ
2286 4033 2409 4087 οὐδὲ
2452 4035 2578 4100 ἐμοὶ
2615 4035 2896 4105 προσῆκον
2935 4036 3025 4090 διὰ
3071 4037 3169 4109 τὴν
3213 4040 3311 4109 σὴν
3346 4043 3757 4116 μικροψυχίαν,

2160 4127 2253 4178 καί
2282 4124 2384 4195 τὴν
2415 4124 2684 4178 ἀστασίαν
2716 4127 2847 4195 περὶ
2880 4127 2949 4178 τά
2974 4127 3138 4192 καλὰ,
3163 4130 3462 4200 ἀχάριστον
3486 4136 3579 4191 καὶ
3611 4137 3763 4194 ἄπι..

2162 4234 2286 4270 στον
2323 4218 2563 4287 φανῆναι
2617 4218 2754 4289 πρὸς
2802 4220 2930 4281 τοὺς
2982 4220 3188 4288 φίλους.
3245 4225 3294 4277 εί
3344 4225 3423 4294 τῷ
3466 4229 3761 4287 τοσούτων

2160 4309 2380 4378 ἀγαθῶν
2436 4309 2744 4380 ὑπάρξαντι
2833 4311 3103 4381 μηδεμίαν
3143 4314 3401 4385 ἀποδοίην
3460 4318 3756 4390 ἀμοιϐήν·

2161 4401 2276 4455 ἀλλ’
2307 4400 2549 4454 ἁνεκτῶν
2580 4418 2740 4455 τινων
2769 4404 2931 4473 χάριν
2972 4405 3166 4459 αἰτιῶν
3218 4401 3306 4459 οἶα
3336 4408 3582 4480 πολεμίῳ
3606 4430 3763 4485 χρη-

2164 4493 2371 4561 σαίμην
2397 4492 2486 4545 διὰ
2519 4492 2658 4561 βίου.
2688 4493 2794 4546 Καὶ
2822 4496 2963 4562 μετὰ
2995 4494 3171 4549 ταῦτα
3205 4497 3467 4562 πολλάκις
3492 4499 3765 4572 δυνηθεὶς

479 4586 708 4649 faciens,
750 4588 911 4657 quale
965 4597 1051 4642 est
1074 4589 1127 4641 in
1172 4590 1488 4658 proverbio,
1522 4590 1676 4645 fures
1713 4592 1941 4659 insuper
1969 4604 2048 4646 ac-

2166 4581 2499 4648 ὰμύνεσθαι,
2539 4583 2643 4634 οὐκ
2681 4581 2942 4649 ἠθέλησα,
2977 4582 3114 4635 ἀλλὰ
3153 4585 3453 4655 πρεσὸείας
3480 4587 3762 4658 πέμπων,

480 4686 677 4730 cusant
703 4694 717 4731 :
762 4688 819 4733 et.
838 4678 1196 4748 cupiditatem
1228 4681 1383 4750 quasi
1407 4682 1605 4737 merito
1628 4682 1763 4737 mihi
1789 4681 2055 4752 objectas,

482 4766 632 4835 quod
668 4782 792 4822 cum
834 4769 949 4839 ipse
977 4771 1370 4839 amplissimam
1412 4772 1644 4829 Romani
1675 4774 1895 4843 imperii
1930 4789 2058 4843 par-

487 4867 597 4914 tem
619 4859 921 4926 oblineam,
957 4861 1054 4916 tibi
1080 4863 1347 4919 minorem
1382 4865 1678 4920 invideam.
1703 4865 1890 4933 Atqui,
1916 4867 2061 4919 bone

485 4949 593 5013 vir,
612 4948 719 5002 hoc
749 4948 956 5019 justum
975 4960 1032 5005 et
1049 4950 1312 5006 decorum
1333 4969 1454 5008 esse
1475 4954 1769 5009 dtlliculter
1794 4954 2062 5023 probave-

490 5031 590 5088 ris.
628 5033 750 5089 Non
784 5037 930 5092 enim
968 5054 1098 5095 sane
1131 5041 1427 5097 Moesorum
1450 5081 1465 5106 ,
1512 5054 1610 5096 aut
1636 5043 1893 5098 Paeonum
1924 5043 2062 5097 alio-

488 5138 684 5179 rumve
711 5142 965 5199 regnum,
994 5132 1142 5201 quod
1179 5133 1434 5189 neutrius
1460 5143 1600 5197 erat,
1628 5134 1935 5197 divisimus,
1964 5134 2060 5188 scd

488 5228 615 5269 cum
654 5225 709 5271 tu
756 5219 824 5274 de
854 5221 1104 5278 Romano
1136 5223 1392 5293 imperio,
1425 5225 1582 5295 cujus
1625 5240 1793 5295 penes
1838 5242 1925 5280 me
1975 5226 2065 5295 jus

488 5318 546 5364 et
582 5313 886 5368 auctoritas
907 5323 1010 5379 est,
1045 5330 1155 5369 non
1192 5316 1447 5386 exiguam
1473 5318 1785 5384 portionem
1810 5317 2064 5374 detraxe-

490 5398 587 5463 ris,
623 5399 807 5456 adhuc
832 5402 901 5458 de
941 5403 1155 5469 reliqua
1182 5403 1281 5458 tibi
1325 5404 1530 5473 gratias
1557 5407 1644 5476 agi
1679 5408 1944 5477 postulas.
1981 5409 2065 5463 Me

489 5502 625 5543 vere
655 5486 822 5544 etiam
859 5500 988 5546 ante
1025 5493 1179 5551 hunc
1233 5496 1508 5563 habitum,
1554 5513 1718 5567 quem
1748 5507 1923 5568 gesto,
1956 5499 2067 5553 lio-

491 5578 673 5633 manis
718 5579 1041 5648 imperasse,
1075 5582 1275 5640 docere
1308 5585 1449 5639 nihil
1479 5586 1713 5652 attinet,
1758 5587 1979 5657 quando
2010 5588 2066 5642 id

492 5671 754 5725 omnibus
798 5672 1154 5729 notissimum
1212 5686 1329 5732 est.
1382 5679 1454 5731 At
1487 5677 1635 5732 enim
1666 5679 1771 5734 etsi
1808 5692 1965 5734 antea
2010 5680 2066 5734 in

492 5758 741 5812 tenebris
792 5759 989 5815 vivens
1014 5802 1029 5828 ,
1082 5775 1312 5835 repente
1362 5768 1662 5837 imperator
1697 5770 2023 5839 prodiisscm
2050 5811 2066 5836 ,

493 5848 662 5919 783
692 5855 871 5903 tamen
907 5852 984 5907 sic
1012 5869 1098 5910 mc
1125 5856 1177 5911 in
1202 5858 1643 5916 antecedentium
1672 5862 2065 5931 imperatorum

2173 4674 2269 4726 καὶ
2315 4674 2449 4741 πρὶν
2488 4672 2784 4737 Βυζάντιον
2824 4672 2986 4738 ἑλεῖν,
3028 4674 3124 4726 καὶ
3179 4676 3323 4743 μετὰ
3359 4676 3531 4731 ταῦτα
3568 4680 3637 4733 τά
3674 4683 3769 4736 δε-

2159 4783 2291 4820 καια
2337 4768 2512 4819 ποιεῖν
2562 4765 2791 4834 ἐδεόμην
2831 4758 2922 4817 οἷα
2968 4765 3147 4834 φίλον,
3174 4769 3266 4819 καὶ
3294 4769 3368 4839 μὴ
3391 4770 3517 4832 τοὺς
3547 4772 3765 4840 ὅρκους

2162 4858 2549 4928 παραϐαίνειν.
2589 4859 2661 4911 Σὺ
2693 4860 2747 4911 δὲ
2770 4858 2880 4911 τῶν
2917 4859 3013 4926 μὲν
3042 4858 3266 4913 δικαίων
3317 4855 3761 4932 καὶ’προσηκόν-

2159 4969 2267 5005 των
2302 4950 2573 5020 ἔπραττες
2617 4950 2768 5003 οὐδέν
2791 4966 2802 4978 ·
2841 4950 3020 5016 λόγοις
3053 4949 3112 5001 δὲ
3146 4952 3453 5021 ἀπατηλοῖς
3510 4953 3607 5005 καὶ
3641 4972 3760 5008 πε-

2165 5044 2403 5111 ριέργοις
2463 5042 2736 5111 παράγειν
2774 5041 3005 5109 ἐπειρῶ.
3095 5040 3238 5110 Ἐγὼ
3271 5043 3327 5096 δὲ
3370 5044 3546 5097 καίτοι
3576 5050 3763 5115 σαφέ-

2163 5122 2334 5187 στατα
2374 5133 2526 5195 εἰδὼς
2587 5134 2659 5195 ὡς
2703 5132 3163 5199 άπατῶμ.αι,ούκ
3217 5136 3413 5190 αὐτίκα
3470 5138 3761 5208 ἐπεπράο

2163 5243 2319 5278 τευον
2342 5244 2354 5255 ·
2381 5226 2495 5280 ἀλλ’
2527 5224 2844 5293 ἐπειρώμην
2886 5224 2994 5288 ἀεὶ,
3018 5225 3092 5295 μὴ
3145 5226 3308 5289 αὐτὸς
3340 5227 3443 5280 ὑπὸ
3479 5231 3762 5298 μικροψυ.

2164 5322 2286 5386 χίας
2321 5318 2656 5388 ὡρμημένος
2688 5318 2821 5385 πρὸς
2853 5319 2944 5372 τὸν
2992 5319 3133 5372 κατὰ
3171 5318 3265 5371 σοῦ
3300 5321 3538 5390 πόλεμον
3573 5323 3764 5393 φανῆ-

2168 5427 2280 5465 ναι.
2336 5411 2488 5463 Ἐπεὶ
2522 5410 2579 5462 δέ
2613 5409 2802 5480 ἑώρων
2832 5410 3077 5478 ἀνήνυτα
3118 5412 3320 5478 πονῶν,
3347 5414 3441 5465 καὶ
3470 5413 3545 5485 μὴ
3577 5431 3759 5484 μεγα-

2170 5504 2434 5572 λοψυχίαν
2480 5502 2582 5572 ήδη
2653 5504 2748 5557 καὶ
2796 5503 3248 5573 εὐγνωμοσύνην,
3299 5505 3419 5558 ἀλλ’
3484 5505 3760 5578 ἀμέλειαν

2120 5648 2123 5651 λ
2169 5593 2279 5647 τῶν
2314 5594 2628 5663 ὁμοφύλων,
2659 5593 2754 5646 καὶ
2805 5594 3100 5662 προδοσίαν
3132 5596 3302 5650 οὖσαν
3343 5598 3446 5668 τὴν
3487 5599 3758 5670 μέλλησιν

2172 5686 2376 5755 σχεδὸν,
2391 5684 2500 5739 οὐδ’
2519 5685 2692 5749 οὕτως
2723 5687 2816 5739 ἐπὶ
2841 5687 2941 5758 τὴν
2960 5689 3042 5741 σοί
3069 5689 3453 5760 προσήκουσαν
3467 5692 3588 5763 ἥκω
3608 5696 3717 5763 γῆν
3739 5712 3754 5726 ·

2170 5775 2305 5827 ἀλλὰ
2335 5775 2436 5837 τὰς
2472 5776 2838 5848 ἀφῃρημένας
2888 5778 3076 5840 πόλεις
3113 5777 3499 5845 ἀνασώζεσθαι
3538 5784 3755 5853 πειρῶ-

2174 5883 2296 5935 μαι,
2331 5867 2415 5935 ἐφ’
2447 5861 2534 5931 αἷς
2588 5868 2752 5933 αὐτὸς
2794 5868 3013 5926 ἀδικίαν
3074 5888 3171 5925 και
3225 5872 3540 5941 πλεονεξίαν
3584 5875 3758 5945 ἐγκα-
