4028 6468
266 365 364 431 165

262 569 520 638 εγκαλεῖν
552 569 679 633 τοὺς
716 569 941 638 φῶρας·
981 569 1073 621 καὶ
1110 567 1311 638 ὥσπερ
1342 586 1397 621 τι
1447 567 1558 623 τῶν
1606 568 1834 620 δικαίων

264 660 727 733 προϐαλλόμενος,
777 661 1085 731 ἀπληστίαν
1130 659 1438 725 ὀνειδίζεις,
1480 661 1564 714 ὅτι
1602 659 1664 712 τὸ
1700 659 1846 712 πλεῖ-

265 769 392 806 στον
417 753 518 822 τῆς
550 753 728 823 ἀρχῆς
765 752 1054 823 Ῥωμαίων
1079 754 1219 822 ἔχων
1242 753 1425 816 αὐτὸς,
1456 753 1537 805 σοὶ
1567 751 1660 805 τοῦ
1692 752 1845 805 ἐλάτ-

259 861 417 907 τονος
457 844 520 897 οὐ
576 843 844 914 βούλομαι
892 846 1263 915 παραχωρεῖν.
1307 844 1483 897 Τοῦτο
1516 843 1594 910 δὲ,
1646 839 1691 897 ὦ
1727 842 1845 911 βέλ-

261 953 437 1003 τιστε,
463 936 587 989 οὐδὲ
622 935 808 1002 ὀλίγου
836 936 921 990 δεῖ
944 936 1038 989 τοῦ
1071 935 1228 1003 λόγον
1258 935 1405 1006 ἔχειν
1452 938 1590 1006 πρὸς
1617 935 1677 988 τὸ
1702 930 1844 989 εἶναι

264 1029 543 1099 εὐπρεπὲς
584 1029 681 1083 καὶ
726 1028 956 1083 δίκαιον.
998 1028 1073 1081 Οὐ
1107 1028 1215 1099 γὰρ
1256 1028 1320 1098 δὴ
1356 1028 1455 1099 τὴν
1487 1029 1690 1082 Μυσῶν
1740 1031 1844 1100 ἁρο

266 1121 386 1191 χὴν,
415 1120 448 1192 ἢ
476 1120 802 1192 Παιόνων,ἧ
838 1136 998 1173 τινων
1032 1119 1208 1172 ἄλλων
1245 1119 1578 1188 διειλόμεθα,
1613 1119 1647 1190 ἢ
1676 1137 1844 1188 προσ..

261 1209 397 1278 ἧκεν
423 1209 538 1263 οὐδ’
565 1210 737 1279 ἑτέρῳ
755 1223 771 1239 '
799 1208 937 1262 ἀλλά
973 1207 1073 1277 τῆς
1118 1208 1244 1277 ἐμοὶ
1273 1207 1662 1277 προσηκούσης
1709 1208 1843 1260 Ῥω-

267 1302 445 1371 μαίων
476 1302 776 1371 ἡγεμονίας
806 1302 907 1355 οὐκ
939 1302 1121 1367 ὀλίγον
1157 1300 1324 1369 μέρος
1351 1299 1715 1367 ἀφελόμενος,
1745 1298 1842 1352 καὶ

262 1394 425 1463 χάριν
471 1392 646 1460 ἀξιοῖς
678 1393 881 1447 ειδέναι
927 1392 1053 1464 περὶ
1085 1394 1179 1447 τοῦ
1216 1392 1656 1460 ὑπολειφθέντος.
1700 1391 1844 1458 Ἐγὼ

260 1483 310 1535 δ’
332 1485 420 1538 ὅτι
459 1485 560 1553 μὲν
590 1484 687 1537 καὶ
729 1484 860 1555 πρὶν
900 1487 978 1547 είς
1007 1481 1166 1536 τοῦτο
1196 1482 1353 1550 ἥκειν
1380 1483 1661 1552 σχήματος
1702 1482 1840 1536 Ῥω-

262 1558 444 1647 μαίαῗν
475 1572 668 1648 ἦρχον,
704 1576 1029 1647 ἀποφαίνειν
1088 1577 1190 1629 οὐκ
1220 1576 1462 1646 ἀνάγκη,
1496 1576 1713 1631 πάντων
1746 1593 1842 1629 σα-

260 1668 514 1737 φέστατα
545 1668 785 1723 εἰδότων.
820 1668 967 1739 Πλὴν
1003 1668 1122 1722 ἀλλ’
1145 1672 1194 1723 εί
1250 1673 1345 1723 καὶ
1372 1669 1610 1740 ἀφανείᾳ
1667 1668 1837 1739 πολλῇ

259 1758 320 1812 τὺ
346 1758 623 1827 πρότερον
650 1757 851 1823 συζῶν,
879 1759 1075 1830 ἀθρόον
1106 1757 1381 1830 ὲωρώμην
1416 1759 1706 1828 Ῥωμαίων
1739 1758 1841 1828 βα-

262 1848 446 1912 σιλεὺς
473 1888 490 1915 ,
535 1847 710 1912 οὕτως
755 1849 821 1903 ἀν
853 1849 1038 1920 ἠξίουν
1099 1851 1206 1904 τῶν
1260 1848 1842 1921 προϐεϐασιλευκότων

262 1933 403 2004 ἔχειν
429 1936 531 2007 τὴν
559 1937 754 2007 ἀρχὴν,
783 1936 973 2007 ὥσπερ
1021 1939 1146 1992 τινὰ
1192 1939 1448 2010 πατρῷον
1488 1938 1711 2008 κλῆρον,
1748 1937 1844 1992 καὶ

263 2026 427 2080 παντί
457 2043 537 2105 τιρ
563 2028 768 2092 δίκαιος
796 2028 862 2083 ἂν
908 2026 999 2100 ἦν,
1030 2032 1160 2102 περὶ
1190 2031 1462 2085 τοσούτων
1494 2032 1657 2103 μόνον
1703 2033 1843 2086 ὅσων

262 2121 659 2191 ἀπεστέρησας
692 2124 875 2189 αὐτὸς,
899 2124 1037 2178 ἀλλὰ
1083 2124 1178 2178 καὶ
1226 2124 1357 2196 περὶ
1394 2124 1717 2193 ἐλαττόνων,
1748 2126 1844 2180 καὶ⁹

261 2213 371 2269 τῶν
396 2214 671 2284 τυχόντων
696 2216 1078 2286 ἀμφισϐητεῖν,
1103 2218 1196 2271 καὶ
1217 2218 1453 2288 πόλεμον
1471 2220 1669 2285 κινεῖν,
1696 2221 1745 2273 εί
1767 2218 1843 2290 μὴ

269 2304 524 2359 meditere
550 2306 619 2361 τὰ
642 2307 828 2361 δίκαια
861 2312 1068 2365 πονεῖν.
1110 2310 1263 2378 Ἐμοὶ
1293 2310 1349 2364 δὲ
1380 2312 1442 2363 οὐ
1477 2311 1641 2365 τοῦτο
1681 2311 1843 2381 μόνον

280 2394 529 2463 πρόσεστι
560 2397 861 2469 δικαίωμα,
896 2399 1033 2453 ἀλλὰ
1078 2399 1175 2453 καὶ
1220 2401 1270 2454 οἱ
1335 2401 1509 2472 ὅρκοι,
1551 2400 1647 2465 οὒς
1680 2401 1844 2465 αὐτὸς

293 2482 515 2555 ὶποιήσω
545 2487 687 2558 πρὸς
725 2487 850 2557 ἐμὲ,
879 2489 1057 2543 καίτοι
1117 2491 1344 2560 μηδέπω
1392 2491 1493 2561 τὴν
1544 2491 1843 2562 ἡγεμονίαν

292 2573 462 2628 πᾶσαν
506 2577 700 2649 ἔχοντα
767 2576 1075 2648 Ῥωμαίων.
1114 2580 1350 2634 ’Ἄτοπον
1400 2581 1512 2652 γὰρ
1563 2583 1686 2636 τότε
1740 2583 1843 2653 μὲν

282 2664 417 2736 μήτε
447 2667 545 2737 τὴν
594 2667 969 2737 περισχοῦσαν
1014 2668 1383 2741 δυσπραγίαν,
1419 2672 1561 2743 μήτε
1598 2673 1660 2726 τὸ
1710 2673 1842 2727 Ῥω-

278 2757 471 2826 μαίους
519 2758 643 2829 ἐμοὶ
689 2759 944 2814 τοσοῦτον
992 2761 1510 2833 ἐκπεπολεμῶσθαι,
1576 2764 1705 2835 μήθ’
1754 2768 1838 2820 ὅτι

277 2846 413 2915 πρὸς
445 2845 546 2918 τὴν
596 2847 695 2920 σὴν
754 2850 1074 2921 ἐπικουρίαν
1126 2854 1416 2926 ἀφεώρων,
1449 2854 1589 2910 ὥστε
1617 2856 1843 2928 δυνήσε-

277 2937 402 2993 σθαι
434 2940 546 2994 τῶν
590 2940 763 2996 ἀλλων
813 2939 952 2997 εἶναι
976 2945 1190 3016 κύριος,
1225 2947 1354 3019 μήτ’
1378 2948 1508 3005 ἄλλο
1531 2951 1704 3020 μηδὲν
1733 2952 1842 3007 τῶν

274 3035 620 3103 φαινομένων
667 3033 788 3087 τότε
846 3035 1141 3107 δυσχερῶν,
1194 3040 1277 3092 σοὶ
1324 3042 1509 3095 πεῖσαι
1561 3043 1673 3097 τῶν
1712 3045 1844 3102 Ῥω-

275 3120 485 3216 μαίο-ις⁸
516 3123 769 3216 ὑπηκόων
841 3125 1051 3181 πόλεων
1113 3134 1675 3203 παρακεχωρηκέναι,
1721 3137 1838 3192 ἀλλ’
1865 3156 1909 3216 α

273 3212 553 3285 αἱρεῖσθαι
584 3215 784 3283 μᾶλλον
817 3216 1207 3287 ἀποθνήσκειν,
1241 3220 1276 3291 ἦ
1305 3238 1358 3276 τι
1380 3225 1645 3294 πράττειν
1674 3227 1838 3295 ἀγεν-

275 3306 385 3374 νὲς,
419 3307 482 3361 σε
520 3306 578 3360 δὲ
611 3308 812 3379 μᾶλλον
841 3310 940 3375 τὰς
983 3311 1280 3382 Ῥωμαίοις
1337 3315 1619 3382 ὑπηκόους
1656 3320 1842 3384 πόλεις

274 3399 400 3469 ἐμοὶ
427 3401 621 3454 πεῖσαι
646 3400 986 3473 ψηφίσασθαι
1020 3407 1326 3476 προσήκειν
1344 3423 1358 3440 ο
1394 3410 1513 3465 νυνὶ
1538 3410 1586 3464 δ’
1613 3411 1704 3465 ὅτε
1738 3413 1842 3484 τῆς

270 3490 450 3562 ἀρχῆς
490 3491 712 3563 ἀπάσης
742 3494 930 3565 κύριος
969 3497 1132 3559 αὐτὸς
1164 3501 1464 3571 κατέστην,
1490 3503 1585 3558 καὶ
1609 3504 1843 3577 δύναμιν

270 3581 670 3639 ἀνακαλεῖσθαι
697 3585 766 3639 τὰ
791 3588 1121 3661 ἀφῃρημένα
1148 3589 1280 3660 ἔχω,
1320 3592 1353 3662 ἦ
1379 3595 1677 3666 φρονήσειν
1700 3597 1845 3652 οὕτω

271 3673 459 3743 δοῦλα,
492 3674 628 3730 ὥσθ’
666 3679 846 3734 ἑκοντὶ
890 3684 1241 3757 παραχωρεῖν
1278 3684 1389 3739 τῶν
1442 3687 1676 3755 πόλεων,
1715 3690 1749 3760 ἢ
1783 3688 1844 3745 σὲ

271 3763 433 3836 λόγον
469 3766 691 3824 οῐεσθαι
721 3768 900 3839 λέγειν
950 3772 1147 3842 ἔχοντα
1178 3762 1403 3831 τοιαῦτα
1428 3766 1704 3843 ἀξιοῦντα.
1754 3782 1845 3847 Ὠς

277 3858 383 3927 μὲν
405 3853 500 3912 οὖν
530 3860 633 3913 οὐκ
654 3862 875 3928 ἀδικῶν,
910 3865 1031 3919 οὐδὲ
1061 3868 1338 3938 ἐπιορκῶν
1371 3871 1536 3935 αὐτὸς
1562 3872 1687 3928 οὔτε
1709 3876 1845 3946 πρόο

276 3966 438 4021 τερον
471 3951 754 4024 φαίνομαι,
785 3955 909 4011 οὔτε
953 3958 1071 4024 νῦν,
1105 3961 1170 4015 ἐκ
1195 3960 1304 4016 τῶν
1334 3964 1645 4036 εἰρημένων
1675 3969 1844 4022 πᾶσιν

278 4036 422 4095 εἶναι
448 4044 637 4113 οἴομαι
685 4049 1015 4116 καταφανές.
1041 4051 1103 4104 Ei
1132 4053 1233 4120 μὲν
1259 4049 1376 4121 οὖν,
1409 4058 1459 4110 εί
1491 4059 1586 4113 καὶ
1611 4059 1686 4131 μὴ
1710 4061 1846 4129 πρό-

289 4148 463 4202 τερον,
503 4136 645 4191 ἀλλά
690 4140 784 4193 νῦν
811 4140 969 4209 γοῦν,
996 4142 1071 4197 τὰ
1096 4142 1283 4200 δίκαια
1318 4151 1492 4203 ποιεῖν
1518 4152 1724 4217 ἐθέλεις
1751 4156 1845 4209 καὶ

301 4224 473 4291 αὐτὸς,
494 4232 588 4284 καὶ
625 4232 985 4304 Ἀκαρνανίαν
1017 4236 1352 4303 ἀποδιδόναι,
1387 4243 1482 4295 καὶ
1527 4242 1845 4315 Θετταλίαν,

297 4317 392 4370 καὶ
418 4319 503 4384 τὰς
527 4322 693 4387 ἄλλας
722 4324 786 4389 ἃς
811 4325 956 4396 ἔχεις
994 4329 1096 4398 τῆς
1127 4331 1468 4397 Μακεδονίας
1501 4335 1708 4406 πόλεις,
1747 4340 1849 4411 τῆς

286 4412 555 4483 προτέρας
584 4416 794 4481 ἀδικίας
836 4419 1016 4489 ὀλίγον
1060 4424 1358 4494 ποιήσομαι
1396 4427 1490 4481 τὸν
1535 4426 1716 4496 λόγον,
1749 4432 1849 4502 τῆς

1459 359 1822 425 HISTORIA
1834 356 1999 420 RUM
2033 358 2263 420 LIBER
2306 358 2403 420 IV.

263 479 401 540 λεῖς·
432 475 823 546 παραπλήσιον
850 474 1019 529 ποιῶν
1043 477 1108 545 τῇ
1138 474 1431 545 παροιμίᾳ,
1462 475 1496 545 ἦ
1518 492 1652 544 φησι
1675 489 1844 545 προσ-

1946 470 2321 543 principatum
2366 513 2380 537 ,

3433 360 3531 423 166

2472 470 2940 542 quemadmodum
3015 472 3071 526 in
3146 473 3526 531 hatreditatem

1949 560 2242 631 quamdam
2266 570 2548 631 paternam
2575 562 2914 619 successisse
2934 563 3261 628 arbitrarer,
3292 566 3530 636 totisque

1951 653 2163 710 viribus
2201 654 2430 718 debere,
2464 663 2521 709 et
2548 655 2836 710 verissime
2866 670 3047 725 posse,
3088 671 3198 709 non
3238 657 3416 711 solum
3458 659 3529 713 de

1948 744 2016 800 iis
2076 761 2201 815 quae
2240 755 2297 802 tu
2324 747 2584 809 avellisti.
2624 747 2719 802 sed
2761 746 2830 801 de
2878 748 3189 802 minoribus
3219 765 3439 818 quoque
3472 761 3529 804 et

1949 838 2105 905 parvi
2141 838 2405 894 ammenti
2440 855 2566 894 cum
2618 840 2818 908 quovis
2856 840 3228 904 contendere,
3264 843 3529 912 illumque

1948 928 2004 983 ni
2035 927 2268 996 justitiae
2302 944 2507 985 munus
2554 941 2818 999 praestare
2863 933 3039 995 velit,
3078 933 3239 1007 bello
3282 936 3528 1004 aggredi.

1949 1018 2069 1073 Non
2096 1020 2273 1073 solum
2306 1031 2489 1075 autem
2535 1021 2639 1075 hoc
2666 1023 3014 1077 ﬁrmamento
3048 1039 3211 1079 causa
3243 1041 3362 1080 mea
3394 1028 3530 1080 niti-

1949 1117 2059 1174 tur,
2100 1110 2194 1164 sed
2228 1111 2546 1181 juramento
2586 1114 2832 1184 insuper,
2864 1130 2976 1184 quo
3008 1126 3058 1168 te
3109 1117 3243 1170 mihi
3271 1158 3284 1178 ,
3318 1125 3372 1172 ct
3402 1121 3531 1187 qui-

1945 1198 2071 1253 dem
2108 1201 2351 1256 nondum
2392 1203 2565 1258 totius
2600 1204 2980 1259 Romanorum
3026 1207 3244 1276 imperii
3287 1209 3528 1278 compoti

1948 1290 2322 1347 obstrinxisti.
2356 1295 2556 1349 Parum
2584 1296 2733 1350 enim
2763 1307 3198 1352 consentaneum
3221 1311 3387 1361 esset,
3413 1311 3527 1355 tum

1945 1398 2128 1452 neque
2153 1385 2574 1440 circumstantes
2613 1401 2704 1441 me
2740 1388 2983 1457 undique
3004 1404 3186 1453 casus,
3216 1406 3392 1459 neque
3421 1393 3534 1447 Ro-

1945 1488 2237 1529 manorum
2267 1484 2479 1530 tantum
2516 1476 2574 1531 in
2618 1492 2707 1532 me
2736 1478 2948 1539 odium,
2978 1494 3154 1547 neque
3186 1482 3332 1550 quod
3366 1498 3529 1553 opem

1947 1572 2096 1620 tuam
2132 1566 2532 1634 imptorabam,
2590 1584 2700 1638 quo
2726 1569 2957 1625 aliorum
3014 1572 3276 1627 dominus
3328 1578 3528 1629 evade-

1949 1672 2090 1723 rem,
2138 1674 2323 1727 neque
2370 1660 2519 1715 aliud
2556 1661 2838 1731 quippiam
2869 1678 3088 1729 eorum,
3120 1681 3242 1734 qua:
3273 1677 3402 1721 tunc
3432 1669 3530 1722 ad-

1945 1765 2102 1806 versa
2138 1752 2298 1806 nobis
2320 1751 2676 1818 videbantur,
2712 1754 2850 1809 mihi
2885 1759 3252 1824 persuasisse,
3286 1767 3345 1812 ut
3370 1760 3528 1815 urbi-

1874 1827 1914 1881 Β
1946 1842 2051 1898 bus
2094 1843 2361 1899 Romanis
2395 1844 2492 1898 tibi
2527 1845 2807 1912 cederem,
2843 1846 2937 1901 sed
2964 1847 3108 1901 mori
3146 1860 3481 1918 praeoptasse
3507 1890 3524 1915 ,

1944 1949 2109 2004 quam
2144 1933 2430 2006 indignum
2462 1936 2765 2006 quidquam
2806 1938 3128 1999 admittere.
3178 1949 3234 1994 et
3275 1950 3327 1995 te
3350 1942 3531 2011 potius

1944 2026 2315 2095 permovisse,
2342 2040 2404 2083 ut
2462 2028 2843 2084 Romanorum
2870 2032 3128 2086 civitates
3165 2033 3298 2086 mihi
3332 2033 3527 2089 deberi

1948 2115 2285 2174 decerneres
2329 2130 2355 2174 ξ
2392 2134 2543 2175 nunc
2576 2121 2800 2190 quando
2837 2130 3010 2176 totum
3050 2121 3107 2176 in
3143 2138 3307 2179 manu
3352 2123 3529 2176 habeo

1945 2209 2262 2277 imperium,
2290 2218 2347 2266 et
2373 2226 2438 2265 ea
2467 2226 2587 2266 sum
2625 2215 2894 2282 potentia,
2922 2223 2982 2268 ut
3005 2212 3181 2268 ablata
3207 2228 3530 2283 recuperare

1942 2313 2167 2370 queam,
2201 2310 2299 2356 aut
2341 2302 2415 2357 ita
2459 2304 2759 2359 summisso
2828 2319 2892 2359 ac
2932 2305 3119 2361 servili
3146 2321 3270 2361 esse
3320 2306 3526 2369 animo,

1947 2399 2005 2445 ut
2054 2391 2226 2448 urbes
2278 2393 2382 2448 tibi
2417 2395 2608 2450 volens
2669 2397 3019 2465 relinquam,
3074 2407 3170 2452 aut
3204 2411 3422 2463 putare,
3476 2407 3528 2454 te

1945 2484 2091 2539 istuc
2121 2485 2516 2555 postulantem,
2550 2485 2752 2541 rationi
2793 2489 3196 2543 convenienter
3236 2489 3408 2557 loqui.
3446 2490 3529 2544 Me

1947 2573 2119 2645 igitur
2150 2590 2253 2630 nec
2282 2576 2548 2645 injurium
2572 2616 2587 2643 ,
2620 2591 2725 2633 nec
2745 2580 3031 2649 perjurum
3057 2579 3143 2633 vel
3183 2588 3309 2634 ante
3334 2580 3529 2647 fuisse,

1944 2666 2032 2720 vel
2074 2666 2239 2722 modo
2279 2681 2424 2734 esse,
2454 2682 2523 2723 ex
2561 2668 2727 2724 dictis
2776 2679 2965 2738 patere
3004 2671 3265 2725 omnibus
3308 2673 3528 2741 opinor.

1944 2758 2129 2824 Quare
2153 2759 2199 2815 si
2227 2759 2314 2816 vel
2350 2776 2501 2817 nunc
2536 2762 2748 2816 servire
2788 2763 3019 2832 justitim
3072 2774 3128 2818 et
3160 2766 3406 2834 a-quitati
3440 2777 3526 2821 est

1945 2852 2187 2912 animus,
2223 2860 2280 2906 et
2315 2852 2709 2918 Acarnaniam,
2746 2853 3112 2922 Thessaliam,
3155 2866 3321 2925 atque
3364 2859 3530 2914 urbes

1943 2957 2082 3013 quas
2114 2941 2291 2998 habes
2345 2943 2400 2998 in
2455 2945 2801 3007 Macedonia,
2851 2947 3170 3009 restituere,
3218 2949 3529 3018 praeteritas

1944 3036 2177 3107 injurias
2206 3036 2352 3091 haud
2388 3036 2442 3090 in
2477 3051 2675 3107 magno
2696 3052 2892 3106 ponam
2920 3039 3244 3096 discrimine
3267 3058 3282 3097 :
3305 3044 3529 3110 quando

1944 3140 2042 3183 eas
2071 3141 2264 3182 amore
2322 3136 2381 3182 et
2412 3126 2621 3182 honore
2659 3128 2794 3182 mihi
2833 3129 3172 3209 temporibus
3209 3131 3344 3187 meis
3368 3134 3529 3189 exhi-

1942 3220 2063 3276 bito
2088 3234 2453 3291 compenses,
2490 3219 2914 3289 instauratoque
2951 3219 3167 3276 foedere
3235 3232 3290 3276 et
3342 3239 3527 3279 saera-

1944 3320 2156 3378 mento,
2181 3311 2250 3367 de
2277 3310 2492 3382 integro
2521 3320 2581 3366 ut
2615 3309 2856 3366 amicum
2899 3319 2955 3364 et
2987 3311 3200 3366 socium
3242 3321 3294 3366 te
3319 3313 3529 3382 ample-

1943 3427 2086 3482 ctar,
2116 3429 2451 3486 rursumque
2490 3414 2678 3471 studio
2717 3422 2887 3483 atque
2929 3414 3278 3470 observantia
3314 3425 3407 3471 tua
3443 3417 3530 3471 di-

1945 3526 2112 3584 gnum
2137 3524 2228 3565 me
2257 3507 2328 3563 ab
2360 3507 2523 3563 initio
2548 3506 2859 3563 ostendam.
2906 3506 3002 3562 Sin
3047 3515 3246 3564 autem'
3281 3513 3367 3580 ius
3412 3511 3527 3566 l‘as-

1943 3618 2054 3674 que
2082 3599 2418 3667 contemnis,
2464 3608 2522 3655 et
2570 3599 2826 3670 iniuriam
2878 3597 3087 3654 inferre
3171 3615 3236 3656 ac
3282 3603 3531 3672 pejor-are

1946 3690 2247 3757 imbibisti,
2270 3705 2371 3762 ego
2400 3689 2470 3746 de
2499 3688 2750 3744 Romano
2776 3688 3009 3757 imperio
3038 3689 3175 3744 nihil
3207 3689 3482 3745 dimittam
3512 3709 3526 3744 :

1948 3785 2122 3843 Deum
2146 3797 2276 3837 vero
2296 3778 2658 3853 jurisjurandi
2690 3778 3008 3849 praesidem,
3036 3789 3093 3833 et
3121 3779 3394 3841 homines.
3427 3780 3524 3850 qui

1948 3887 2082 3930 tunc
2109 3872 2359 3937 aderant,
2389 3885 2514 3925 cum
2536 3871 2841 3940 iuraretur,
2877 3877 2934 3923 et
2964 3883 3110 3923 nunc
3135 3869 3355 3935 adsunt,
3393 3870 3526 3924 dum

1946 3970 2015 4022 ad
2044 3966 2362 4037 aequitatem
2383 3976 2648 4034 provoco,
2687 3968 2744 4016 et
2770 3958 2916 4016 bello
2945 3960 3313 4033 supersedere
3341 3964 3532 4031 cupio,

1911 4038 2144 4122 incum,
2174 4056 2426 4126 inquam,
2450 4052 2820 4122 hominesque
2851 4059 3051 4120 testor,
3099 4053 3204 4109 nisi
3232 4057 3331 4125 jus,
3350 4072 3533 4111 meum

1947 4162 2274 4219 consequar,
2300 4160 2389 4202 me
2418 4144 2588 4200 armis
2605 4181 2621 4207 ,
2644 4155 2701 4199 et
2731 4143 3057 4216 quw’habeo
3083 4160 3436 4209 conservare,
3474 4158 3532 4202 et

1948 4258 2072 4315 qua:
2100 4240 2284 4295 ablata
2319 4244 2451 4293 sunt
2482 4235 2733 4306 recipere
2760 4246 3114 4294 cenaturum.
3136 4237 3295 4305 Quod
3331 4239 3373 4293 si
3402 4239 3533 4295 inde
3583 4257 3598 4305 ,'

1947 4333 2263 4400 evenerint,
2290 4345 2418 4401 qua:
2457 4337 2515 4383 tu
2540 4329 2771 4383 minime
2802 4329 2996 4394 velles,
3026 4344 3095 4384 ne
3123 4328 3283 4393 mihi,
3314 4331 3406 4383 sed
3432 4329 3533 4383 tibi

1951 4431 2218 4491 irascare,
2252 4421 2347 4492 qui
2376 4419 2578 4492 iuratis
2602 4433 2828 4474 manere
2848 4419 3119 4474 nolueris.

279 4508 464 4576 φιλίας
507 4512 885 4583 ἀμειϐόμενος,
933 4520 1029 4571 καὶ
1075 4519 1174 4590 τῆς
1205 4521 1543 4594 φιλοτιμίας,
1566 4518 1636 4598 ἦς
1684 4528 1850 4597 ἡνίκα
1889 4529 2122 4597 ἐδεόμην
2188 4518 2472 4584 ἐπεδείξω,
2502 4517 2599 4571 καὶ
2668 4515 2770 4580 τὰς
2818 4517 3093 4586 προτέρας
3147 4515 3536 4583 ἀνανεωσάμε-

278 4616 371 4664 νος
398 4603 653 4671 σπονδάς,
689 4608 782 4661 καὶ
806 4611 932 4673 τοὺς
964 4611 1181 4682 ὅρκους,
1215 4609 1373 4679 αὖθις
1441 4616 1735 4690 σύμμαχον
1807 4622 1902 4677 καὶ
1936 4621 2091 4690 φίλον
2133 4615 2243 4681 ἔξω
2271 4654 2285 4679 ,
2318 4611 2415 4667 καὶ
2458 4608 2800 4682 πειράσομαι
2853 4609 3091 4678 ἐμαυτὸν
3143 4607 3534 4661 ἀποδεικνύναι

275 4693 439 4758 αὖθις
474 4696 712 4768 ὲξαρχῆς
741 4699 891 4766 ἀξιον
918 4703 1017 4772 τῆς
1048 4706 1201 4777 παρὰ
1255 4707 1350 4762 σοῦ
1397 4710 1713 4782 φιλοτιμίας
1748 4715 1844 4770 καὶ
1883 4712 2146 4782 σπουδῆς.
2192 4709 2258 4763 El
2307 4705 2354 4762 δ’
2410 4700 2567 4767 αὖθις
2609 4701 2764 4755 οὐδὲν
2836 4700 3046 4755 δίκαιον
3104 4702 3280 4753 ποιεῖν
3322 4700 3536 4769 διανοῇ,

277 4788 397 4842 ἀλλ’
423 4789 635 4844 ἀδικεῖν
656 4794 891 4860 εἰσάπαξ
955 4797 1127 4866 ἔγνως
1184 4800 1281 4854 καὶ
1312 4805 1619 4874 ἐπιορκεῖν,
1655 4806 1768 4874 ἐγὼ
1832 4806 1943 4879 μὲν,
1968 4806 2079 4860 τῶν
2120 4799 2514 4876 προσηκόντων
2555 4798 2622 4868 τῇ
2665 4796 2959 4865 Ῥωμαίων
3015 4792 3265 4865 βασιλείᾳ
3319 4792 3536 4852 οὐδενὸς

286 4886 679 4956 παραχωρήσω
697 4903 711 4918 ⁹
739 4888 873 4943 θεὸν
913 4890 969 4944 δὲ
999 4894 1419 4965 μαρτυράμενος
1452 4897 1542 4951 τὸν
1565 4896 1763 4972 ἔφορον
1783 4888 1895 4955 τῶν
1925 4902 2126 4971 ὅρκων,
2158 4896 2253 4951 καὶ
2273 4891 2617 4966 ἀνθρώπους,
2661 4890 2712 4944 οἳ
2768 4891 2889 4943 τότε
2943 4907 3003 4943 τε
3056 4887 3314 4958 παρῆσαν
3336 4886 3395 4937 ἐν
3425 4886 3541 4946 τοῖς

284 4976 490 5046 ὅρκοις,
518 4981 612 5032 καὶ
634 4980 727 5033 νῦν
758 4983 1031 5055 πάρεισιν,
1099 4988 1234 5058 ἐμοῦ
1290 4991 1360 5044 τὰ
1431 4991 1624 5047 δίκαια
1689 4992 2157 5066 προκαλουμένου,
2196 4990 2291 5044 καὶ
2345 4988 2638 5042 καταλύειν
2681 4985 2774 5040 τδν
2817 4985 3053 5055 πόλεμον
3116 4982 3414 5043 ἐθέλοντος,
3471 4979 3542 5033 ἂν

288 5076 542 5142 τυγχάνω
583 5076 692 5130 τῶν
720 5076 967 5145 δικαίων,
1009 5082 1347 5155 πειράσομαι
1379 5087 1495 5150 τοῖς
1524 5087 1713 5153 ὅπλοις
1752 5089 1854 5161 τήν
1882 5106 1942 5143 τε
1972 5084 2138 5141 οὖσαν
2164 5082 2478 5146 διασώζειν,
2507 5082 2603 5135 καί
2624 5080 2724 5152 τὴν
2767 5078 3134 5151 ἀφῃρημένην
3189 5078 3363 5147 ἀρχὴν
3403 5077 3540 5129 ἀνα.

293 5165 590 5221 καλεῖσθαι.
620 5171 722 5224 Ἦν
777 5169 834 5223 δέ
896 5187 1020 5227 τινα
1063 5174 1339 5250 συμϐαίνῃ
1385 5177 1625 5250 δυσχερῆ
1673 5179 1762 5235 διὰ
1810 5181 1903 5236 τὸν
1938 5178 2198 5249 πόλεμον,
2229 5175 2311 5248 μὴ
2341 5175 2464 5246 ἐμοὶ
2489 5174 2587 5246 τὴν
2618 5173 2825 5236 αἰτίαν,
2860 5172 2997 5227 ἀλλὰ
3022 5170 3206 5241 σαυτῷ
3237 5171 3346 5222 τῶν
3394 5186 3543 5238 γινο-

298 5259 466 5327 μένων
496 5262 574 5334 μὴ
605 5262 813 5335 εὔορκα
837 5267 1010 5319 ποιεῖν
1035 5267 1493 5338 προσλογίζεσθαι
1521 5262 1781 5327 ἐθέλοντι.

1592 5385 1758 5457 739
1794 5384 2020 5442 CAPUT
2058 5385 2204 5441 xxr.

294 5467 462 5530 Crates
489 5472 826 5554 obmutescit,
884 5475 1178 5554 perjarium
1227 5477 1511 5554 conﬁtetur
1526 5495 1563 5554 ;_
1587 5477 1767 5554 ablata
1800 5480 2074 5554 restituere
2115 5478 2417 5554 nouauit;
2460 5493 2517 5532 re
2564 5493 2667 5554 non
2701 5475 2987 5554 composita
3024 5473 3336 5554 disce-ditat;
3361 5467 3542 5554 Quen:

351 5554 520 5617 tepere
547 5539 1188 5623 imperatorem-limem.
1239 5539 1372 5623 Ejus
1418 5539 1746 5623 pertinacia,
1784 5551 2043 5623 guumvis
2071 5539 2286 5623 _tini_idi.
2330 5539 2510 5623 Quare
2558 5546 2711 5623 urbes
2775 5539 3002 5623 retinere
3055 5539 3540 5623 cupiqt..Tes‘ta_lltf

342 5611 638 5687 imperator"
659 5631 721 5694 se
756 5614 831 5671 ad
868 5611 1209 5694 (telluri-rein:
1237 5611 1573 5694 irhproliitate
1601 5611 1742 5689 cogi.
1781 5611 2027 5694 Terretur
2058 5611 2571 5694 Cratestetjpudori
2597 5634 2692 5671 suo
2718 5616 2923 5694 cornu-li
2966 5611 3140 5694 rogat:
3189 5611 3538 5694 ηἱᾳιιίιαιενπ

335 5692 386 5746 ei
404 5683 622 5747 rursum
651 5689 961 5757 imperator
995 5683 1208 5752 objicit;
1239 5683 1357 5742 cum
1389 5703 1449 5741 eo
1475 5689 1625 5742 urbes
1659 5683 1914 5758 partitur,
1943 5706 2005 5745 ac
2033 5707 2221 5762 pacem
2255 5683 2412 5760 facit",
2468 5696 2625 5759 atque
2659 5689 2729 5741 ad
2769 5685 2951 5756 epulas
2990 5683 3221 5739 adhibet.

328 5810 565 5869 Τοιαῦτα
620 5808 734 5883 μὲν
790 5801 1249 5871 Καντακουζηνὺς
1279 5804 1307 5855 ὁ
1342 5802 1597 5872 βασιλεὺς
1647 5804 1734 5875 ἐφ’
1772 5799 1844 5869 οἷς

2036 5804 2161 5861 Haec
2182 5805 2532 5876 imperatoris
2549 5803 2617 5859 ad
2642 5803 2817 5860 Cralis
2837 5798 3280 5856 criminationem
3307 5804 3538 5864 respon-
