4028 6480
500 388 600 450 16'!

1658 380 1984 445 JOANNIS
2024 373 2553 440 CANTACUZENI

3643 369 3752 436 168

492 505 574 560 sio
607 503 742 556 fuit:
773 499 861 554 cui
895 514 1018 554 cum
1044 499 1133 555 ille
1157 511 1437 570 opponere
1464 498 1604 553 nihil
1634 507 1825 570 posset
1847 494 2073 567 (quippe

2183 488 2435 556 ὲγκαλεῖν
2464 489 2492 542 ό
2518 485 2748 558 Κράλης
2793 483 3094 557 ιπεχείρει,
3146 482 3520 556 ἀπεκρίνατοο
3549 487 3578 540 ὁ
3610 488 3771 559 Κρά-

491 611 655 666 quem
701 593 1024 663 injuriarum
1110 601 1274 661 atque
1321 590 1568 661 perﬁdia:
1596 589 1930 645 conscientia
1971 587 2069 642 sti-

493 685 750 752 mularet)
800 681 1024 751 paulum
1081 679 1390 735 conticuit:
1443 679 1640 734 deinde
1685 680 2069 748 imperatorem

493 775 752 845 rogavit,
788 774 866 827 uti
921 772 1248 827 secedentes
1291 771 1360 826 de
1393 771 1769 826 controversia
1819 785 1916 825 sua
1950 768 2070 824 sine

494 865 723 918 arbitris
752 863 1221 930 colloquerentur.
1254 861 1484 925 Annuit,
1528 860 1816 915 secedunt.
1842 859 1920 913 lbi
1955 867 2070 913 tum

494 956 684 1010 Crales
706 953 981 1014 confiteri,
1009 968 1067 1007 se
1096 951 1254 1005 ﬁdem
1285 967 1477 1020 parum
1515 963 1760 1008 sanctam
1789 949 2069 1024 habuisse,

495 1057 798 1114 contraque
843 1043 1026 1098 foedus
1075 1041 1453 1096 Romanorum
1485 1041 1685 1112 oppida
1714 1056 2010 1111 occupasse
2055 1058 2068 1095 :

497 1155 597 1191 nec.
634 1147 815 1190 tamen
864 1135 932 1189 ad
960 1133 1302 1189 reddendum
1355 1134 1720 1204 propendere,
1761 1133 1855 1188 sed
1891 1147 2071 1197 orare,

495 1230 692 1284 collata
740 1229 794 1281 in
835 1243 892 1282 se
924 1226 1197 1281 beneﬁcia
1235 1226 1380 1295 apud
1413 1226 1658 1279 animum
1704 1225 1995 1286 recolet-et,
2018 1229 2075 1277 et

499 1322 639 1374 hanc
693 1320 796 1373 sibi
847 1319 1076 1388 gratiam
1129 1318 1502 1387 persolveret,
1537 1326 1600 1371 ut
1643 1316 1913 1371 ambobus
1943 1314 2076 1368 reti-

496 1411 760 1464 nentibus
813 1409 960 1478 quod
1000 1409 1292 1472 haberent,
1326 1411 1399 1462 ita
1455 1407 1674 1462 demum
1726 1407 1904 1462 foedus
1953 1405 2078 1460 teri-

503 1511 646 1557 rent.
699 1502 836 1556 Cum
888 1501 1024 1556 nihil
1074 1507 1160 1555 vel
1219 1501 1506 1554 minimum
1558 1499 1982 1561 concederetur,
2016 1512 2074 1553 re

498 1593 845 1662 imperfecta,
882 1591 1072 1646 Crales
1106 1593 1162 1646 in
1193 1601 1398 1653 castra,
1434 1591 1735 1661 imperator
1793 1591 1846 1644 in
1882 1590 2074 1644 urbem

497 1685 684 1740 rediit.
717 1685 992 1739 Postridie
1026 1684 1233 1750 denuo,
1266 1695 1324 1739 ut
1364 1685 1506 1738 inter
1541 1699 1598 1738 se
1627 1682 1853 1752 polliciti
1876 1693 2032 1737 erant
2057 1721 2072 1747 ,

496 1768 858 1841 co'nveniunt,
888 1778 1200 1847 eademque
1266 1778 1558 1840 iterantur,
1609 1785 1665 1830 et
1698 1791 1877 1845 neque.
1907 1775 2077 1843 impe-

499 1877 648 1923 rator
701 1868 770 1923 de
829 1868 1159 1937 repetitione
1217 1867 1437 1921 urbium
1488 1874 1881 1934 occupatarum
1917 1863 2078 1931 quid-

495 1976 661 2030 quam
693 1961 1003 2026 remittere,
1044 1975 1222 2030 neque
1271 1958 1460 2013 Crales
1485 1971 1580 2012 eas
1619 1957 1870 2019 reddere,
1901 1970 2080 2026 quan-

497 2068 664 2124 quam
693 2052 926 2118 diceret,
954 2059 1166 2105 tantum
1197 2065 1256 2104 se
1289 2050 1542 2102 timorem
1576 2047 1928 2117 imperatoris
1947 2061 2082 2102 con-

498 2144 734 2212 cepisse,
766 2151 828 2197 ut
877 2144 1042 2196 etiam
1095 2140 1138 2195 si
1194 2156 1294 2210 per
1351 2140 1628 2196 somnium
1667 2153 1793 2194 eum
1824 2139 2077 2205 videret,

499 2235 687 2290 statim
722 2233 1240 2303 expergisceretur:
1279 2239 1356 2296 et,
1385 2231 1428 2284 si
1459 2231 1526 2285 de
1562 2231 1704 2286 bello
1733 2245 1856 2285 cum
1889 2245 1956 2285 eo
1985 2247 2079 2300 ge-

498 2327 673 2381 rendo
733 2328 1022 2395 cogitaret,
1084 2332 1379 2392 antequam
1442 2337 1634 2377 somno
1675 2323 2078 2393 consopiretur,

499 2431 612 2486 prae
643 2423 790 2468 metu
843 2412 1009 2467 anxio
1057 2420 1276 2466 noctem
1317 2411 1588 2466 insomnia
1623 2411 1934 2466 traducere.
1969 2411 2080 2465 Ne-

500 2525 608 2579 que
639 2521 772 2562 vero
800 2507 1053 2560 morbum
1089 2505 1304 2559 celabat
1333 2520 1491 2557 suum
1523 2521 1537 2558 :
1563 2505 1695 2573 quin
1729 2505 1904 2573 palam
1933 2504 2078 2574 apud

502 2601 802 2663 Romanos,
831 2607 886 2652 et
912 2597 1186 2651 Triballos
1216 2596 1511 2661 narrabat,
1554 2610 1613 2650 se
1648 2597 1702 2649 in
1745 2595 1892 2649 omni
1922 2606 2078 2651 ante-

501 2700 622 2745 acta
657 2689 768 2742 vita
797 2687 1008 2741 nullum
1050 2687 1282 2755 perinde
1315 2687 1628 2749 mortalem,
1660 2697 1720 2738 ut
1746 2687 2076 2741 Cantacuzc-

501 2794 637 2832 num
675 2777 948 2841 timuisse,
991 2774 1410 2844 horruisseque.
1471 2774 1539 2828 Et
1583 2775 1636 2827 in
1691 2775 1780 2828 illa
1822 2789 2083 2844 congres-

500 2869 658 2922 sione
689 2873 974 2935 quaerente
1007 2865 1359 2932 imperatore,
1406 2864 1537 2933 quid
1565 2864 1635 2918 ita
1661 2865 1876 2918 tandem
1915 2864 2084 2920 dede-

504 2975 604 3015 cus
628 2967 838 3012 tantum
853 2942 1244 3020 iconscivisset,
1265 2955 1394 3008 dum
1419 2958 1468 3008 in
1493 2956 2079 3011 senatumVenetorum

505 3064 564 3104 se
589 3048 888 3118 allegisset,
966 3045 1061 3115 qui
1099 3047 1276 3114 majus
1323 3053 1380 3099 et
1434 3045 1723 3112 illustrius,
1759 3061 1918 3114 quam
1955 3045 2080 3116 ipsi,

2174 579 2273 648 λης
2295 578 2352 632 δὲ
2385 580 2663 633 ἀντειπεῖν
2712 578 2814 630 οὑκ
2843 576 2982 648 ἔχων
3025 576 3165 647 πρὸς
3188 576 3366 642 οὐδὲν,
3403 577 3624 649 συνῄδει
3649 579 3771 650 γὰρ

2177 671 2326 740 αὑτῷ
2357 670 2452 724 καὶ
2472 669 2714 733 ἀδικίαν,
2741 670 2838 724 καὶ
2862 669 3176 740 παράϐασιν
3212 668 3322 722 τῶν
3341 669 3546 739 ὅρκων,
3575 669 3771 738 ὀλίγον

2174 763 2373 832 ἐπέσχε
2428 762 2737 832 σιωπήσας.
2796 761 3032 815 Ἔπειτα
3092 759 3267 813 ἐδεῖτο
3321 759 3614 830 βασιλέως,
3655 761 3772 815 τῶν

2174 855 2351 911 ἀλλων
2381 855 2729 917 ἀποστάντας
2782 854 2932 924 μόνοι
2991 852 3337 920 διαλέγεσθαι
3392 854 3476 923 ἐφ’
3535 854 3777 917 ἑαυτοὺς

2175 947 2444 1018 περὶτῶν
2495 945 2798 1016 διαφορῶν.
2844 945 3001 998 Ἐπεὶ
3053 946 3110 998 δὲ
3161 945 3412 998 ἐπείθετο
3445 947 3472 999 ό
3511 945 3779 1014 βασιλεὺς

2176 1040 2272 1092 καὶ
2301 1039 2600 1108 ἀφίσταντο
2634 1037 2743 1090 τῶν
2793 1036 2992 1101 ἀλλων,
3017 1037 3299 1106 ἐπιορκεῖν
3360 1036 3458 1106 μὲν
3487 1039 3514 1090 ὁ
3543 1035 3778 1106 Κράλης

2176 1128 2468 1198 ὡμολόγει,
2503 1128 2594 1181 καὶ
2619 1128 3019 1198 παρασπονδεῖν
3045 1128 3144 1191 τὰς
3184 1128 3477 1198 Ῥωμαίων
3511 1128 3776 1197 κατέχων

2177 1219 2364 1285 πόλεις
2440 1220 2542 1273 οὑκ
2592 1219 2848 1273 ἐϐούλετο
2893 1219 2950 1272 δὲ
2998 1219 3354 1273 ἀποδιδόναι’
3419 1219 3534 1272 ἀλλ’
3592 1220 3780 1272 ἐδεῖτο

2179 1313 2450 1385 βασιλέως
2488 1312 2597 1365 τῶν
2646 1313 2729 1375 είς
2785 1311 2950 1364 αὑτὸν
2993 1312 3381 1381 γεγενημένων
3433 1312 3780 1380 ἀπομνημο-

2182 1404 2431 1473 νεύοντα,
2469 1402 2674 1473 ταύτην
2702 1402 2801 1472 τὴν
2829 1403 2992 1473 χάριν
3023 1401 3384 1467 καταθέσθαι,
3430 1403 3491 1454 τὸ
3535 1402 3778 1472 ἔχοντας

2180 1498 2467 1564 ἑκάτερον,
2501 1495 2537 1550 ἃ
2573 1495 2789 1567 ἔχουσιν
2821 1497 2879 1550 ὲν
2896 1493 2974 1565 τῷ
3009 1496 3265 1566 παρόντι,
3305 1495 3783 1567 τίθεσθαισπον-

2180 1515 2467 1564 εκατερον,
2501 1515 2537 1550 α
2573 1515 2789 1567 εχουσιν
2821 1515 2879 1550 εν
2896 1515 2974 1565 τῳ
3009 1515 3265 1566 παροντι,
3305 1515 3776 1639 τιυεσυαξσπον·

2180 1590 2300 1653 δάς.
2339 1587 2616 1650 Βασιλέως
2645 1586 2702 1640 δὲ
2731 1584 2851 1640 οὑδὲ
2877 1585 2985 1639 τῶν
3015 1585 3372 1654 φαυλοτάτων
3400 1588 3554 1640 οὑδεν
3590 1605 3618 1650 ς
3656 1605 3776 1641 πα-

2185 1679 2587 1752 ραχωροῦντος,
2635 1679 2960 1747 διελύθησαν
2999 1679 3334 1747 ἀσύμϐατοι.
3377 1681 3489 1733 Καὶ
3537 1681 3778 1751 Κράλης

2187 1775 2285 1845 μὲν
2308 1774 2388 1836 είς
2418 1773 2480 1826 τδ
2511 1771 2900 1842 στρατόπεδον,
2938 1770 3193 1841 βασιλεὺς
3235 1771 3293 1822 δὲ
3339 1771 3422 1834 είς
3468 1770 3569 1840 τὴν
3609 1770 3777 1824 πόλιν

2183 1866 2510 1933 ἐπανῆλθον,
2544 1865 2624 1927 είς
2647 1863 2744 1935 τὴν
2774 1864 3073 1933 ὑστεραίαν
3113 1863 3271 1927 αὖθις
3303 1863 3778 1933 ἐπαγγειλάμενοι

2181 1957 2433 2028 ἀλλήλοις
2464 1957 2753 2025 συντυχεῖν
2786 1972 2799 1986 ·
2837 1954 2932 2008 καὶ
2957 1957 3015 2012 ἐς
3044 1953 3144 2024 τὴν
3175 1953 3468 2024 ὑστεραίαν
3492 1952 3781 2006 συνελθόν-

2178 2067 2291 2113 τες,
2325 2049 2520 2118 λόγους
2576 2045 2860 2101 ἐποιοῦντο
2905 2045 3174 2118 περὶτῶν
3210 2045 3437 2114 ὁμοίων,
3498 2045 3596 2096 καὶ
3641 2043 3778 2097 οὗτε

2175 2142 2438 2212 βασιλεὺς
2479 2141 2611 2212 περὶ
2661 2140 2772 2194 τῶν
2820 2139 3206 2210 κατεχομένων
3265 2137 3500 2191 ἐνεδίδου
3533 2137 3778 2199 πόλεων,

2179 2234 2336 2288 οὑθ’ό
2358 2234 2584 2305 Κράλης
2611 2233 2878 2303 ὑπέμενεν
2908 2231 3262 2300 ἀφίστασθαι,
3315 2232 3494 2286 καίτοι
3520 2247 3583 2299 γε
3617 2230 3783 2298 ἔλεγε

2179 2326 2426 2397 Κράλης,
2466 2328 2525 2389 ἐς
2565 2325 2822 2380 τοσοῦτον
2867 2324 3024 2387 δέους
3054 2323 3192 2394 πρὸς
3225 2321 3453 2391 βασιλέα
3499 2321 3784 2376 καθεστά-

2178 2435 2288 2480 ναι,
2329 2419 2405 2480 ὡς
2433 2419 2531 2470 καὶ¹
2557 2421 2614 2471 ἐν
2643 2417 2876 2486 ὀνείροις
2925 2416 2981 2469 εί
3027 2432 3160 2468 ποτε
3200 2416 3334 2486 ὁρᾷν
3375 2414 3648 2485 συμϐαίη,
3674 2414 3779 2467 τοῦ

2180 2507 2352 2560 ὕπνου
2384 2505 2723 2576 ἀφίστασθαι
2751 2505 2969 2570 αὐτίκα,
3023 2506 3120 2558 καὶ
3138 2505 3268 2576 πρὶν
3296 2505 3571 2574 ληφθῆναι
3594 2504 3778 2574 ὕπνῳ,

2179 2595 2387 2649 ἄϋπνον
2439 2595 2897 2665 διανυκτερεύειν,
2953 2595 3002 2647 εί
3046 2595 3317 2661 λογίζοιτο
3370 2594 3500 2664 περὶ
3557 2595 3778 2646 ἐκείνου

2187 2692 2336 2750 ὅπως
2368 2688 2475 2757 χρὴ
2511 2687 2797 2756 πολεμεῖν,
2836 2687 2894 2739 ὲν
2913 2686 3138 2758 ἀπόροις
3163 2686 3265 2740 ὑπὸ
3289 2687 3440 2748 δέους
3467 2685 3775 2751 καθεστώς.

2183 2781 2256 2833 Οὑ
2298 2779 2398 2850 μὲν
2423 2779 2544 2832 οὑδὲ
2574 2779 2715 2848 πρὸς
2755 2781 2883 2842 τοὺς
2909 2778 3013 2844 ἔξω
3037 2779 3100 2832 τὸ
3131 2779 3302 2843 πάθος
3333 2778 3731 2848 ἀπεκρύπτετο
3753 2820 3769 2847 ,

2181 2871 2296 2924 ἀλλ’
2322 2869 2626 2937 ἀναφανδὸν
2669 2869 2763 2922 καὶ
2798 2870 2936 2941 πρὸς
2969 2869 3284 2940 Τριϐαλοὺς
3311 2871 3408 2923 καὶ
3449 2869 3766 2940 Ῥωμαίους

2181 2961 2309 3023 τοὺς
2346 2959 2628 3025 συνόντας,
2673 2959 2878 3032 μηδένα
2923 2960 3232 3031 ἀνθρώπων
3272 2960 3426 3029 ἔλεγε
3477 2960 3566 3014 διὰ
3620 2960 3761 3030 βίου,

2187 3051 2325 3121 μήτε
2364 3050 2632 3121 πρότερον
2666 3050 2796 3121 μήθ’
2819 3050 3049 3122 ὕστερον
3085 3050 3276 3120 ὥσπερ
3303 3049 3770 3122 Καντακουζηνδν

401 3598 409 3607 ·
507 3589 683 3642 nihilo
723 3588 907 3644 minus
952 3589 1118 3644 urbes
1149 3589 1381 3645 reddere
1413 3590 1758 3646 detrectabat
1789 3607 1804 3646 :
1830 3590 2081 3661 rogabat-

504 3139 799 3210 imperium
831 3138 1082 3200 haberet,
1116 3138 1422 3206 respondit,
1479 3139 1598 3208 ejus
1642 3148 1790 3192 metu
1825 3138 2077 3193 adactum

2183 3140 2276 3194 τδν
2309 3140 2536 3211 βασιλέα
2567 3140 2948 3212 ἐκπεπλῆχθαι
2975 3140 3070 3194 καὶ
3100 3141 3416 3197 δεδοικέναι.
3447 3141 3560 3195 Καὶ
3596 3147 3658 3195 ὲν
3697 3145 3769 3215 τῇ

503 3229 558 3283 id
611 3229 807 3284 fecisse
846 3247 859 3284 :
889 3237 940 3283 et
974 3230 1214 3300 adjecit,
1250 3229 1388 3282 nihil
1421 3229 1644 3290 mirum,
1679 3228 1826 3297 quod
1880 3243 1939 3283 se
1970 3228 2079 3284 huc

2184 3233 2447 3306 συνουσίᾳ
2479 3231 2538 3286 δὲ
2590 3233 2802 3304 ἐκείνῃ,
2835 3233 3100 3303 ἐρομένου
3135 3232 3422 3303 βασιλέως,
3454 3235 3578 3288 ὅτου
3605 3234 3780 3305 χάριν

503 3321 856 3386 demisisset,
893 3322 1094 3375 mirum
1129 3321 1298 3390 magis
1330 3336 1440 3374 non
1479 3321 1644 3375 vilius
1689 3329 1852 3391 atque
1882 3320 2078 3390 despe-

2183 3321 2457 3392 τοσαύτην
2509 3321 2856 3391 ὑπομείνειεν
2914 3323 3184 3394 αίσχὺνην
3232 3325 3346 3387 τοῖς
3367 3323 3467 3393 τῆς
3511 3323 3788 3390 Βενετίας

505 3413 652 3466 ctius
678 3411 887 3479 aliquid
917 3426 1136 3466 ausum.
1165 3411 1233 3464 At
1265 3413 1411 3466 enim
1438 3427 1560 3466 cum
1587 3411 1678 3465 tali
1714 3411 1912 3465 timore
1931 3410 2079 3465 labo-

2183 3411 2500 3482 βουλευταῖς
2533 3413 2945 3482 συγκαταλέξας
2977 3413 3194 3482 ἑαυτὸν,
3235 3413 3460 3485 μείζονα
3487 3416 3581 3468 καὶ
3609 3432 3791 3487 περι-

509 3512 835 3577 τετειηιιεο
881 3517 1004 3556 eum
1041 3501 1336 3571 “propalam
1392 3500 1641 3556 conﬁteri
1691 3501 2079 3568 erubesceret,

2183 3507 2530 3577 φανεστέραν
2562 3507 2898 3578 συμπάντων
2943 3507 3168 3561 ἐκείνων
3197 3507 3338 3578 ἔχων
3363 3507 3526 3570 αὑτὸς
3566 3508 3789 3580 ἀρχὴν,

2181 3595 2270 3648 διὰ
2304 3594 2396 3648 τὸν
2442 3594 2652 3648 ἐκείνου
2687 3594 2856 3666 φόϐον
2890 3595 3251 3663 ἀπεκρίνατο.
3287 3597 3399 3650 Καὶ
3431 3596 3790 3668 προσετίθει,

507 3698 639 3751 que,
673 3682 751 3734 uti
787 3689 997 3736 tantum
1045 3681 1225 3736 fmdus
1273 3682 1465 3750 iceret,
1498 3691 1790 3739 contentus
1823 3683 2079 3740 Berrhtna

2187 3685 2356 3756 μηδὲν
2389 3680 2530 3740 εῖναι
2566 3685 2905 3755 θαυμαστὸν,
2941 3689 2989 3740 εἰ
3011 3686 3237 3740 τοιαῦτα
3261 3687 3610 3757 ὑπομείνειε·
3646 3690 3792 3742 τοὺ-

507 3774 797 3836 duntaxat,
829 3784 884 3828 et
906 3773 1133 3841 Edessa,
1167 3775 1335 3845 790
1363 3777 1734 3846 castellisque,
1765 3785 1820 3831 et
1850 3778 2086 3847 oppidu-

508 3865 576 3918 lis
600 3865 747 3930 aliis,
773 3880 896 3934 quae
927 3865 994 3919 ad
1031 3880 1156 3919 eum
1191 3867 1545 3922 defecissent.
1588 3866 1653 3920 Et
1698 3869 1912 3939 iuratus
1938 3869 2084 3924 afﬁr-

510 3957 716 4024 mabat,
753 3973 862 4010 non
900 3971 959 4011 se
984 3959 1152 4012 urbes
1179 3958 1456 4025 cupidinis
1476 3958 1656 4028 potius
1674 3974 1836 4029 quam
1859 3961 2085 4030 pudoris

509 4063 641 4118 ergo
666 4048 929 4103 aﬂ‘ectare
961 4066 976 4104 :
1012 4065 1174 4118 quem
1209 4050 1476 4121 pudorem
1506 4067 1616 4106 non
1648 4051 1792 4123 apud
1820 4053 2085 4108 domesti-

509 4157 606 4197 cos
653 4142 850 4206 modo,
899 4142 992 4196 sed
1031 4143 1170 4196 alios
1207 4158 1427 4212 quoque
1460 4144 1778 4214 ubicunque
1827 4145 2085 4216 dynastas

508 4231 610 4286 sibi
633 4231 886 4297 incutiat,
924 4231 969 4285 si
1000 4243 1149 4286 metu
1192 4232 1545 4301 imperatoris
1591 4233 1728 4288 adeo
1753 4233 1775 4305 ἶ
1798 4233 2086 4304 perculsus

510 4323 871 4392 dejectusque
898 4322 1187 4387 videatur,
1217 4331 1278 4377 ut
1307 4332 1386 4378 tot
1415 4325 1613 4394 oppida
1640 4325 1758 4381 sine
1787 4340 1964 4396 pugna
1988 4324 2087 4381 de-

510 4424 677 4480 serat,
717 4432 838 4484 quae
871 4423 998 4485 post
1056 4423 1260 4469 tantam
1300 4416 1607 4485 impensam
1651 4418 1858 4472 tamdiu
1902 4431 2089 4487 posse-

2191 3776 2409 3830 ναντίον
2471 3776 2570 3846 μὲν
2621 3772 2734 3842 οὖν,
2770 3779 2854 3831 ὅτι
2891 3778 2967 3848 μὴ
3019 3779 3112 3831 καὶ
3171 3779 3308 3848 πρός
3368 3797 3421 3833 τι
3461 3782 3646 3850 χεῖρον
3678 3782 3792 3835 καὶ

2186 3868 2367 3939 πολλῷ
2395 3868 2727 3938 φαυλότερον
2757 3868 3052 3940 ἐξετράπη.
3087 3871 3306 3942 Καιπερ
3354 3871 3410 3924 δὲ
3437 3871 3578 3924 οὕτω
3614 3873 3791 3939 δέους

2185 3959 2346 4029 ἔχων,
2378 3961 2473 4012 καὶ
2499 3958 2620 4011 οὑδὲ
2651 3959 2790 4030 πρὸς
2815 3959 3018 4024 πάντας
3045 3962 3437 4031 αἰσχυνόμενος
3461 3964 3788 4033 ὁμολογεῖν,

2186 4047 2334 4115 ὅμως
2393 4046 2730 4115 ἀφίστασθαι
2795 4047 2902 4101 τῶν
2959 4049 3174 4102 πόλεων
3221 4051 3322 4104 οὐκ
3384 4051 3616 4122 ἤθελενο
3651 4053 3789 4107 ἀλλ’

2187 4137 2361 4189 ἐδεῖτο
2397 4137 2559 4206 μόνον
2597 4136 2868 4207 βασιλέως
2897 4141 3096 4209 χωρεῖν
3128 4141 3266 4209 πρὸς
3305 4142 3405 4206 τὰς
3439 4144 3787 4213 συμϐάσεις,

2188 4229 2449 4300 Βέρροιαν
2493 4229 2664 4300 μόνην
2702 4231 2917 4300 ἔχοντα,
2947 4233 3041 4284 κα)⁵
3079 4233 3364 4300 Ἔδεσσαν,
3397 4236 3496 4287 καὶ
3524 4234 3594 4288 τὰ
3631 4237 3788 4291 ἄλλα.
3889 4250 3892 4253 ’

2189 4319 2449 4390 φρούρια,
2507 4321 2602 4374 καὶ
2656 4320 2754 4383 τὰς
2812 4319 3093 4390 πολίχνας,
3125 4323 3250 4375 ὅσαι
3311 4322 3782 4394 προσεχώρησαν.

2201 4412 2538 4482 ’ἰσχυρίζετο
2588 4411 2647 4465 δὲ
2698 4411 2793 4466 καὶ
2819 4413 3018 4481 ὅρκους
3067 4415 3184 4476 τοῖς
3214 4414 3395 4483 λόγοις
3427 4415 3784 4487 προστιθεὶς,

511 4505 678 4569 derit,
731 4521 1077 4575 quorumque
1109 4521 1271 4560 causa
1300 4523 1423 4562 cum
1454 4509 1699 4563 exercitu
1733 4516 1812 4563 tot.
1863 4510 2079 4564 labores

2187 4496 2260 4560 ὡς
2293 4499 2355 4550 οὑ
2389 4497 2703 4563 πλεονεξίας
2733 4499 2957 4570 μᾶλλον,
2987 4501 3306 4573 ἤαίσχύνης
3343 4504 3506 4557 ἕνεκα
3530 4506 3646 4558 τῶν
3675 4509 3791 4561 πό-

513 4603 568 4647 et
603 4595 928 4649 discrimina
984 4595 1294 4664 pertulerit.
1345 4597 1779 4653 Obstinationem
1828 4599 1929 4652 viri
1967 4613 2085 4653 cer-

516 4700 655 4739 nens
710 4686 1043 4755 imperator,
1081 4686 1181 4740 Mei
1237 4687 1460 4757 quidem
1512 4688 1772 4743 candoris
1819 4703 1949 4758 erga
1995 4697 2083 4751 te,

515 4777 696 4845 inquit
724 4817 739 4839 ,
767 4785 820 4830 et
853 4780 1000 4846 quod
1036 4779 1247 4831 nullum
1291 4795 1534 4848 unquam
1583 4778 1745 4835 amici
1777 4778 2012 4833 oﬂicium
2055 4794 2085 4832 a

515 4879 602 4916 me
642 4863 944 4916 desiderari
977 4877 1168 4933 passus
1211 4865 1353 4928 sim,
1397 4881 1521 4920 cum
1558 4868 1927 4934 praeteritum,
1969 4874 2085 4920 tum

517 4952 751 5005 maxime
785 4965 1026 5018 prmsens
1057 4959 1272 5020 tempus
1308 4953 1507 5006 idoneo
1530 4959 1760 5018 possunt
1787 4966 1909 5006 esse
1933 4952 2087 5006 testi-

516 5043 721 5097 monio.
780 5041 917 5108 Quia
983 5042 1118 5096 nihil
1173 5044 1270 5098 tibi
1330 5043 1506 5098 facere
1559 5044 1887 5110 allubescit,
1938 5044 2083 5114 quod

511 5135 720 5205 justum
743 5137 1149 5204 honestumque
1177 5135 1268 5199 sit,
1308 5135 1497 5190 venire
1531 5152 1614 5190 me
1646 5136 1710 5192 ad
1744 5152 1892 5191 arma
1923 5152 2087 5207 opor-

518 5226 676 5288 tebit,
712 5225 861 5280 feras
896 5224 1202 5277 imitantem
1226 5262 1240 5287 ,
1274 5239 1394 5292 qua:
1422 5234 1741 5278 venatorum
1767 5226 1962 5296 jaculis
1987 5240 2086 5295 ap-

516 5318 724 5387 petitae,
755 5326 811 5371 et
833 5332 932 5386 per
958 5316 1122 5370 silvas
1147 5316 1382 5386 agitata,
1415 5317 1654 5384 primum
1689 5318 1910 5387 quidem
1943 5319 2085 5390 fugi-

518 5415 639 5471 unt,
667 5416 723 5462 et
757 5417 1037 5462 certamen
1079 5421 1201 5458 cum
1253 5405 1567 5461 hominibus
1602 5421 1865 5476 quantum
1897 5410 2085 5465 valent

517 5499 784 5562 devitant,
831 5497 897 5550 ad
941 5497 1325 5551 necessitatem
1364 5507 1546 5553 autem
1577 5499 1832 5562 redactae.
1865 5502 2085 5570 pericu-

519 5587 681 5656 loque
705 5588 814 5657 jam
851 5585 1134 5654 proximae,
1165 5601 1222 5641 se
1256 5596 1584 5644 convertunt
1616 5606 1630 5643 :
1661 5599 1717 5644 et
1742 5590 1872 5644 dum
1909 5590 2079 5646 vitam

520 5693 674 5731 suam
724 5677 1205 5732 vehementissime
1244 5679 1567 5749 detendunt,
1627 5680 1733 5751 ipsi
1772 5682 1899 5736 vita:
1932 5683 2085 5736 nullo

522 5771 686 5826 modo
739 5782 989 5872 parcunt.
1020 5771 1167 5828 Idem
1201 5789 1333 5831 sane
1371 5789 1472 5845 ego
1501 5790 1651 5832 nunc
1676 5773 1895 5861 faciam.
1936 5774 2083 5831 Nihil

2189 4590 2329 4642 λεων
2363 4591 2725 4645 ἀντιποιοῖτο⁹
2762 4593 3116 4662 αἰσχύνεσθαι
3138 4597 3245 4667 γὰρ
3275 4597 3337 4649 οὑ
3373 4599 3502 4660 τοὺς
3532 4600 3788 4666 οἰκείους

2193 4683 2375 4750 μόνον,
2416 4684 2554 4738 ἀλλά
2591 4685 2836 4747 καὶτοὺς
2867 4685 3060 4748 ἄλλους
3101 4688 3437 4757 ὁπουδήποτε
3472 4689 3783 4757 δυνάστας,

2189 4775 2238 4825 εί
2265 4773 2517 4841 φαίνοντο
2567 4775 2822 4830 τοσοῦτον
2867 4777 3174 4847 ἡττημένος
3211 4778 3346 4850 πρὸς
3377 4781 3466 4833 τὸν
3501 4782 3787 4851 βασιλέως

2189 4865 2376 4933 φόϐον,
2429 4866 2574 4918 ὥστε
2619 4866 2888 4921 τοσούτων
2920 4867 3128 4921 πόλεων
3159 4870 3360 4940 ἀμαχεὶ
3391 4877 3782 4944 παραχωρεῖν,

2187 4953 2252 5018 ἃς
2279 4957 2372 5008 ἐπὶ
2399 4957 2657 5010 τοσοῦτον
2700 4959 2890 5028 χρόνον
2916 4959 3219 5029 κτώμενος,
3257 4963 3518 5034 χρήματά
3547 4981 3607 5017 τε
3630 4965 3788 5020 ἀνα..

2190 5046 2354 5100 λώκει
2382 5048 2632 5115 πλεῖστα,
2666 5051 2760 5103 καὶ
2792 5049 3081 5116 τοσούτους
3114 5054 3310 5117 πόνους
3361 5058 3456 5109 καὶ
3487 5056 3784 5124 κινδύνους

2190 5139 2598 5210 ὑπομεμενήκει
2634 5142 2774 5211 μετά
2799 5143 2896 5212 τῆς
2922 5147 3201 5214 στρατιᾶς.
3239 5145 3503 5211 Βασιλεὺς
3533 5147 3590 5201 δὲ
3641 5148 3786 5205 ἐπεὶ

2189 5230 2336 5302 ἑώρα
2370 5232 2699 5301 ἀσυμϐάτως
2734 5232 2949 5302 ἔχοντα,
2990 5236 3101 5307 Τὴν
3132 5238 3231 5306 μὲν
3255 5239 3416 5309 ἐμὴν.
3446 5235 3592 5303 εἷπε,
3627 5242 3785 5307 πρὸς

2191 5321 2250 5374 σὲ
2284 5322 2727 5394 εὐγνωμοσύνην,
2783 5327 2879 5379 καὶ
2908 5326 2983 5390 ὡς
3034 5329 3186 5382 οὐδὲν
3235 5331 3345 5385 τῶν
3381 5332 3519 5401 φίλῳ
3552 5348 3778 5404 προση-

2190 5413 2418 5479 κόντων,
2457 5413 2581 5467 οὗτε
2612 5416 2900 5488 πρότερον,
2936 5417 3050 5472 οὗθ’
3098 5419 3327 5491 ὕστερον
3368 5422 3634 5490 ἐνέλιπον,
3670 5427 3779 5483 καὶ

2189 5505 2218 5558 ὁ
2253 5505 2539 5574 παρελθὼν
2595 5507 2694 5576 μὲν
2746 5509 2958 5579 χρόνος,
2992 5511 3090 5582 οὑχ
3117 5513 3319 5582 ἥκιστα
3353 5515 3410 5569 δὲ
3442 5517 3536 5570 καὶ
3574 5519 3602 5570 ό
3643 5522 3778 5576 νυνὶ

2190 5596 2383 5667 παρὼν
2415 5597 2714 5668 ἀξιόχρεως
2741 5605 3182 5672 συμμαρτυρεῖν.
3215 5604 3318 5658 Σοῦ
3347 5605 3404 5658 δὲ
3441 5608 3607 5678 μηδὲν
3639 5609 3783 5666 ἐθέ-

2189 5685 2372 5749 λοντος
2407 5687 2514 5739 τῶν
2540 5686 2765 5742 δικαίων
2802 5691 2978 5743 ποιεῖν
3020 5693 3117 5745 καὶ
3139 5696 3548 5766 προσηκόντων,
3586 5700 3775 5771 ἀνάγ-

2192 5797 2261 5852 κη
2295 5779 2430 5851 πρὸς
2467 5779 2557 5836 τὸν
2604 5780 2837 5852 πόλεμον
2879 5785 3100 5864 χωρεῖν,
3154 5787 3354 5844 ταυτὸν
3404 5790 3518 5854 τοῖς
3550 5789 3776 5862 θηρίοις
