4028 6468
244 440 338 506 1Ε9

1395 443 1938 509 HISTORIARUM
1979 448 2212 510 LIBER
2259 450 2355 514 Ν.

3396 458 3497 522 1Ἱο

241 559 529 628 πάσχοντα,
562 561 655 614 καὶ
674 563 784 634 γὰρ
802 561 981 616 ὲκξῖνα
1015 559 1338 632 βαλλόμενα,
1379 565 1796 634 καὶέλαυκόμενς

1920 564 2068 616 enim
2105 567 2286 620 minus
2322 565 2610 635 cupiebam
2635 583 2799 635 quam
2829 567 2976 623 bello
2992 577 3043 623 te
3071 573 3324 642 persequi
3351 592 3364 629 :
3398 590 3494 632 seu

243 655 346 707 ὑπὸ
394 655 505 708 τῶν
559 655 870 724 θηρευτῶν,
905 659 1095 728 πρῶτα
1129 658 1228 728 μὲν
1262 659 1554 727 φεύγουσι,
1589 659 1684 710 καὶ
1714 657 1810 728 τὴν

243 748 376 814 πρὸς
431 747 757 818 ἀνθρώπους
806 749 984 820 μάχην
1017 752 1122 819 δση
1152 751 1401 821 δύναμις
1442 751 1809 804 ἐκκλίνουσιν.

252 839 501 894 Ἐπειδὰν
538 840 593 892 δὲ
623 841 705 904 είς
729 842 977 912 ἀνάγκην
1007 842 1349 911 καταστῶσι,
1377 844 1472 897 καὶ
1499 843 1592 896 τὸν
1634 842 1813 896 κίνδυ-

235 953 323 988 νον
352 934 650 988 αἴσθωνται
681 935 1045 1004 ἐφεστηκότα,
1086 936 1432 1006 στρεφόμενα
1484 936 1808 1006 ἀμύνονται,

235 1027 328 1081 καὶ
349 1027 498 1080 οὕτω
529 1027 678 1096 μετὰ·
699 1026 1084 1096 σφοδρότητος,
1118 1028 1194 1092 ὡς
1212 1030 1312 1099 τῆς
1345 1029 1615 1100 σφετέρας
1655 1031 1813 1098 ἀφει-

234 1121 338 1172 δεῖν
373 1119 692 1172 παντάπασι
755 1117 919 1186 ζωῆς.
979 1117 1151 1172 Τοῦτο
1208 1120 1273 1187 δὴ
1327 1121 1420 1174 καὶ
1475 1120 1639 1183 αὐτὸς
1692 1119 1811 1176 vovi.

239 1213 481 1281 ποιήσω’
511 1213 750 1282 μάλιστα
808 1214 909 1281 μὲν
950 1215 1061 1286 γὰρ
1096 1214 1402 1286 ἐϐουλόμην
1457 1214 1534 1287 μὴ
1568 1215 1808 1286 πόλεμον

234 1305 576 1373 κινεῖν-πρὸς
617 1305 698 1370 σὲ,
756 1304 890 1360 ἀλλὰ
939 1306 1092 1375 φίλον
1147 1307 1241 1360 καὶ
1299 1309 1590 1378 σύμμαχον
1636 1308 1804 1379 ἔχειν,

234 1395 424 1462 ὥσπερ
453 1395 682 1461 δίκαιον,
728 1395 821 1449 καὶ
849 1396 1372 1468 τῶν“ὐπηργμένων
1407 1398 1652 1466 ἀγαθῶν,
1740 1399 1807 1453 ἂν

233 1490 472 1560 μάλιστα
504 1488 793 1559 δυναίμην,
842 1490 1098 1544 ἐκτίνειν·
1135 1491 1392 1560 ἀμοιϐάς.
1444 1491 1603 1546 Ἐπεὶ
1631 1493 1676 1546 δ’
1709 1493 1808 1546 αὐ-

231 1581 320 1644 τὸς
343 1581 459 1634 τῶν
491 1581 720 1634 δικαίων
774 1581 978 1653 ᾕρησαι
1041 1584 1219 1638 ποιεῖν
1277 1583 1453 1648 οὐδὲν,
1515 1585 1638 1637 οὐδὲ
1696 1585 1805 1639 τῶν

236 1673 537 1742 Ῥωμαίοις
568 1671 773 1725 πόλεων
806 1673 1160 1742 ἀφίστασθαι,
1189 1673 1256 1738 ἃς
1283 1676 1429 1746 ἔχεις
1463 1677 1666 1740 ἀδίκως
1700 1695 1805 1731 κα-

224 1763 468 1833 τασχὼν,
516 1764 730 1833 ἀνάγκη
785 1765 881 1818 καὶ
933 1766 1098 1819 αὐτὸν
1139 1765 1175 1819 ἃ
1222 1768 1432 1837 νομίζω
1496 1769 1805 1839 συμφέρειν

235 1855 555 1925 Ῥωμαίοις,
588 1856 873 1924 πράττειν,
897 1856 1092 1929 καὶμὴ
1125 1861 1394 1930 περιορᾷν
1426 1861 1628 1924 ἀδίκως
1660 1861 1804 1914 οὕτω

1917 664 1977 707 ιιι
2003 672 2220 724 aequum
2252 667 2393 724 erat,
2425 659 2665 712 amiwm
2694 671 2750 714 et
2781 663 2992 716 socium
3017 661 3245 732 habere,
3281 667 3498 737 tuisque

1914 747 2124 803 meritis
2180 751 2327 804 ultro
2383 750 2517 804 mihi
2579 753 2876 820 praestitis,
2927 764 3164 824 quantas
3228 759 3497 816 maximas

1913 856 2164 909 possem,
2233 843 2438 913 gratias
2490 843 2720 900 referre.
2792 845 3065 912 Quoniam
3115 857 3298 904 tamen
3355 853 3494 908 nihil

1913 943 2151 998 rectum,
2178 949 2241 988 ac
2269 936 2502 1004 probum
2537 951 2722 1007 agerc,
2753 955 2934 1008 neque
2982 944 3051 996 ab
3082 943 3315 1000 urbibus
3357 931 3495 1015 quas

1914 1029 2105 1076 contra
2150 1023 2234 1078 fas
2275 1036 2574 1095 occupatas
2609 1029 2818 1088 retines
2853 1030 3140 1088 discedere
3172 1035 3492 1102 dceres-isti,

1911 1128 2052 1181 opus
2081 1123 2165 1168 est
2195 1123 2250 1169 et
2277 1131 2363 1168 me
2387 1116 2633 1186 aggredi,
2675 1134 2796 1187 qua:
2827 1137 2890 1173 ex
2925 1122 3299 1179 Romanorum
3327 1143 3460 1197 repu
3488 1160 3496 1171 ι

1911 1205 2055 1259 blica
2083 1208 2200 1261 fore
2233 1209 2436 1272 sentio,
2470 1218 2525 1264 et
2557 1224 2818 1266 excutere
2843 1214 3036 1283 jugum
3063 1257 3077 1278 ,
3122 1220 3268 1287 quod
3297 1234 3492 1274 eorum

1909 1301 2222 1356 cervicibus
2251 1303 2482 1358 Triballi
2532 1320 2630 1371 per
2666 1306 2820 1358 nefas
2869 1307 3252 1374 injunxcrunt.
3291 1310 3492 1365 Verum

1910 1406 2059 1445 nunc
2090 1393 2315 1462 quidem
2351 1411 2474 1448 cum
2529 1397 2756 1468 insuper
2790 1403 3116 1470 conscripr
3142 1405 3314 1472 copia:
3351 1423 3494 1460 non-

1909 1482 2316 1554 dum'adsint,
2371 1488 2692 1559 Byzantium
2748 1502 3015 1557 revertar,
3077 1497 3495 1570 instructusque

1911 1576 2162 1632 hibernis
2203 1581 2508 1649 Iliensibus,
2543 1585 2720 1652 primo
2762 1602 2890 1640 vere
2929 1605 3055 1642 cum
3081 1607 3246 1659 quam
3283 1593 3490 1663 ingenti

1909 1681 2103 1738 potero
2163 1656 2438 1734 exercitu.
2482 1691 2794 1746 magnoque
2839 1691 3105 1748 apparatu
3151 1685 3202 1736 in
3237 1699 3331 1738 vos
3379 1701 3496 1738 mo-

1908 1762 2052 1816 vebo
2083 1781 2096 1816 :
2126 1778 2188 1818 ea
2225 1774 2409 1820 mente
2439 1777 2498 1819 ut
2527 1778 2620 1820 aut
2658 1770 2960 1837 praeliando
2993 1776 3353 1840 occumbam,
3399 1789 3495 1832 aut

1910 1864 2108 1924 printer
2149 1857 2462 1912 libertatem
2495 1875 2612 1913 mea
2646 1876 2814 1929 opera
2852 1864 3123 1920 Romanis
3155 1869 3489 1935 restitutam,

227 1923 739 2008 καταδουλωθέντας
762 1923 1091 2016 Τριϐαλοίςέ
1122 1923 1260 2000 ἀλλὰ
1427 1953 1529 2019 μὲν
1559 1923 1681 2004 ἐπεὶ
1728 1952 1796 2022 μὴ

1901 1923 2073 2018 teque
2111 1951 2484 2020 populumque
2526 1961 2677 2005 tuum
2709 1955 2954 2010 cwdibus
2985 1973 3048 2012 ac
3074 1962 3330 2016 servituti
3364 1965 3496 2017 sub-

227 2039 315 2092 καὶ
351 2039 384 2108 ἡ
423 2035 927 2108 παρεσκευασμένη
959 2042 1197 2112 στρατιά
1228 2043 1450 2111 ἀφῖκτο,
1483 2047 1562 2108 εἰς
1593 2047 1803 2111 Βυζάν-

225 2143 333 2183 τιον
355 2132 453 2183 καὶ
481 2131 643 2192 αὐτὸς
671 2131 1128 2201 ἐπανελεύσομαι,
1159 2135 1255 2186 κα)⁸
1293 2139 1802 2209 παρασκευασάμεο

223 2239 311 2284 νος
337 2222 433 2276 τοῦ
456 2221 749 2293 χειμῶνος,
774 2223 889 2295 ἃμα
911 2220 1006 2296 ἦρι
1025 2226 1100 2289 ὡς
1127 2228 1364 2298 μάλιστα
1387 2230 1497 2301 ἔχω
1519 2233 1658 2301 μετὰ
1679 2232 1806 2285 πολ-

226 2314 319 2383 λῆς
365 2315 679 2386 δυνάμεως,
716 2317 814 2370 καὶ¹
847 2319 1094 2390 μεγάλης
1138 2322 1237 2392 τῆς
1280 2325 1636 2396 παρασκευῆς
1674 2326 1804 2394 ὑμῖν

241 2409 633 2479 ὶπιστρατεύσω
652 2427 666 2440 ·
685 2403 910 2482 γνώμην
930 2412 1093 2484 ἔχων,
1123 2413 1200 2478 ὼς
1230 2415 1264 2486 ἢ
1299 2420 1608 2487 μαχόμενος
1627 2423 1803 2472 πεσεῖο

256 2497 440 2569 aheni,
477 2502 614 2572 πρὸς
645 2502 722 2571 τῷ
765 2502 1070 2575 Ῥωμαίους
1112 2506 1458 2579 ἐλευθεροῦν,
1493 2512 1588 2564 καὶ
1637 2511 1803 2566 αὑτὸν

250 2596 332 2644 καὶ
376 2594 642 2662 ὑπηκόους
687 2594 1263 2666 ἐξανδραποδίζεσθαι,
1318 2602 1412 2654 καὶ
1462 2601 1803 2674 διαφθείρειν

240 2685 321 2737 καὶ
365 2685 838 2742 καταδουλοῦσθαι.
871 2690 939 2741 Ἀ
967 2690 1148 2744 εἰδότα
1193 2693 1292 2746 καὶ
1326 2693 1490 2747 αὐτὸν
1510 2695 1584 2759 ὡς
1605 2696 1800 2767 ἀληθῆ,

234 2779 740 2850 παρασκευάζεσθαι
786 2780 863 2846 ὡς
903 2777 1300 2855 ἀμυνούμενον,
1339 2787 1454 2840 ’καὶ
1501 2789 1804 2858 διαγωνού-

231 2887 382 2947 μενον
413 2872 552 2940 περὶ
579 2871 686 2924 τῶν
709 2872 865 2926 ὅλων.
901 2873 1125 2944 Κράλης
1154 2872 1211 2930 at
1244 2876 1487 2940 ἀκούσας
1538 2877 1801 2947 βασιλέως

223 2944 388 3027 οὕτως
427 2963 708 3035 ὲμΰριθῶς
772 2965 1146 3036 διειλεγμένου
1201 2971 1331 3040 περὶ
1383 2971 1476 3024 τοῦ
1534 2944 1797 3040 πολέμου,

222 3058 308 3109 καὶ
338 3056 487 3127 ὁρῶν
515 3056 855 3126 ἀμετάθετον
886 3058 986 3128 τὴν
1014 3057 1242 3131 γνώμην
1273 3062 1496 3132 ἔχοντα,
1515 3046 1614 3118 καὶ
1643 3065 1799 3133 γενό·

219 3165 379 3216 μενος
411 3134 696 3220 περιδεὴς,
713 3134 888 3203 ’ἐδεῖτο
904 3150 1170 3220 βασιλέως
1197 3155 1273 3225 μὴ
1301 3155 1447 3208 οὕτω
1469 3158 1606 3228 πρὸς
1628 3159 1800 3229 ὀργὴν

213 3240 303 3291 ἐπὶ
339 3240 436 3292 τὸν
459 3240 703 3310 πόλεμον
730 3241 1058 3306 ἐξάπτεσθαι
1078 3259 1092 3273 ⁸
1115 3239 1252 3298 ἀλλὰ
1276 3247 1431 3301 λύσιν
1451 3250 1572 3302 τινὰ
1588 3251 1800 3321 ἐξευρί-

213 3348 366 3386 σκειν
390 3333 506 3386 τῶν
539 3333 748 3399 κακῶν,
773 3334 897 3390 ὅθεν
931 3337 1040 3390 ὅτε
1069 3338 1792 3415 πόλεμοςκαταλυθὴσεται,

210 3423 302 3476 καὶ
333 3423 464 3493 μηδ’
490 3425 656 3488 αὐτὸς
707 3427 1023 3482 παντάπασι
1049 3425 1217 3500 μηδὲν
1240 3433 1350 3485 τῶν
1378 3451 1438 3486 τε
1467 3435 1668 3500 πόνων,
1699 3436 1796 3490 καὶ

206 3515 312 3569 τῶν
360 3518 656 3582 κινδύνων,
685 3505 760 3572 ὦν
800 3519 1063 3590 ὑπέμεινε
1107 3521 1207 3586 τὰς
1258 3525 1445 3590 πόλεις
1483 3528 1790 3598 κτώμενος,

213 3604 498 3658 ἀπόναιτο.
546 3599 847 3676 Ἐπέτρεπὲ
872 3623 927 3660 τε
954 3609 1133 3664 πάντα
1169 3609 1405 3680 βασιλεῖ,
1442 3614 1539 3666 καὶ
1576 3616 1793 3668 συνετί-

215 3696 326 3752 θετο
355 3699 623 3770 στέργειν
650 3701 779 3764 πᾶν,
805 3701 832 3754 ὃ
858 3719 912 3754 τι
934 3701 1002 3756 ἂν
1025 3702 1174 3773 αὐτῷ
1216 3704 1400 3776 δοκοίη
1435 3703 1669 3776 βέλτιον,
1697 3711 1794 3763 καὶ

212 3788 526 3844 λυσιτελοῦν
556 3792 862 3858 ἑκατέροις.
888 3795 1147 3860 Βασιλεὺς
1181 3796 1238 3850 δὲ
1264 3798 1324 3850 τό
1346 3814 1406 3850 τε
1437 3799 1620 3852 πάντα
1644 3799 1792 3871 ἔχειν

213 3883 347 3953 ὀρῶν
371 3886 612 3955 ἀπονητὶ
633 3885 912 3953 ἀδύνατον,
940 3890 1035 3942 καὶ
1050 3891 1110 3943 τὸ
1133 3891 1298 3947 τινῶν
1315 3892 1792 3965 ἀποστερούμενον

217 3970 406 4040 (lli-(my
437 3973 524 4044 μὴ
548 3976 1054 4042 συγκατατίθεσθαι
1073 3982 1216 4050 πρὸς
1238 3981 1338 4052 τὴν
1372 3984 1624 4055 εἰρήνην,
1653 3971 1794 4040 ἀλλά

225 4068 343 4133 περὶ
392 4065 502 4118 τῶν
540 4067 682 4120 ὅλων
713 4068 1459 4142 διακινδυνεύεινβούλεσθαι
1503 4075 1790 4143 ἀϐουλίας,

234 4155 409 4224 ἀδήλου
432 4157 676 4227 μάλιστα
709 4160 801 4214 τοῦ
845 4163 1132 4232 μέλλοντος
1165 4165 1340 4233 ὄντος,
1369 4168 1466 4221 atati.
1496 4169 1593 4222 τοῦ
1627 4170 1791 4224 πολέ-

243 4261 337 4311 μου
359 4249 557 4314 πολλὰς-
577 4251 640 4304 ὲν
663 4246 737 4322 τῷ
765 4254 970 4323 μεταξὺ
1001 4255 1302 4328 δυναμένου
1332 4259 1589 4331 δέχεσθαι
1619 4279 1792 4332 μετα·

237 4337 403 4406 ϐολὰς,
425 4342 596 4407 ἄλλως
623 4341 677 4397 θ’
700 4341 781 4398 ὅτι
805 4348 908 4400 ’καὶ
945 4349 1260 4419 βαρὸἀρους
1301 4352 1530 4423 ἔμελλεν
1559 4357 1791 4424 ’ἐπάγειν

186 4456 191 4462 ·
223 4431 442 4503 ἐνθυμού
452 4453 633 4505 μενος,
658 4435 706 4488 οἳ
727 4437 1073 4493 πλεῖστακαὶ
1103 4442 1411 4512 Ῥωμαίους
1429 4445 1788 4514 βλάπτουσιν,

217 4518 534 4584 οἷςδοκοῦσι
570 4532 900 4599 συμμαχεῖν,
934 4536 1026 4585 καὶ
1060 4535 1159 4603 τὴν
1189 4535 1457 4607 ἐσομένην
1491 4536 1786 4608 Τριϐαλλῶν

1821 3298 1868 3362 C

1902 2041 2114 2112 jiciam.
2147 2045 2362 2098 Etcum
2393 2057 2446 2098 tu
2483 2062 2705 2117 quoque
2734 2051 2878 2105 scias
2910 2069 2993 2107 mc
3030 2070 3160 2110 vera
3207 2057 3382 2127 loqui‘,
3425 2062 3492 2115 ad

1910 2133 2302 2200 resistendum,
2340 2148 2396 2190 et
2427 2137 2824 2195 decertandum
2864 2145 2933 2198 de.
2973 2163 3187 2202 summa
3223 2167 3407 2206 rerum
3441 2162 3494 2208 te

1906 2241 2189 2296 compara.
2233 2227 2442 2296 Crales,
2479 2233 2682 2287 auditis
2719 2243 2826 2288 tam
2881 2240 3123 2306 grauiter
3156 2257 3219 2295 ac
3249 2243 3393 2297 serio
3423 2247 3492 2299 de

1905 2320 2051 2376 bello
2082 2321 2266 2387 dictis,
2295 2339 2420 2377 cum
2455 2327 2796 2383 voluntatem
2831 2329 3182 2401 imperatoris
3227 2335 3493 2391 innnuta-

1905 2411 2074 2467 bilem
2099 2413 2332 2480 videret,
2362 2415 2658 2472 admodum
2695 2422 3083 2491 extimescens,
3141 2429 3492 2496 precabatur,

1905 2520 1974 2559 ne
2009 2505 2091 2559 sic
2123 2505 2298 2562 iratus
2343 2509 2411 2563 ad
2442 2525 2593 2564 arma
2642 2510 2914 2580 ferveret;
2947 2517 3079 2585 quin
3125 2519 3308 2587 potius
3347 2521 3491 2576 viam

1903 2596 2144 2666 aliquam
2175 2597 2232 2653 in
2274 2599 2360 2655 his
2391 2601 2548 2657 malis
2585 2604 2872 2674 inveniret,
2904 2625 3012 2679 qua
3044 2622 3098 2668 et
3130 2611 3275 2668 bello
3304 2629 3497 2686 supcr-

1904 2690 2216 2758 sederetur;
2247 2694 2406 2764 791
2453 2696 2572 2767 ipse
2611 2715 2712 2768 pro
2736 2699 3049 2762 laboribus.
3080 2715 3246 2776 atque
3277 2712 3496 2777 pericu-

1904 2781 1994 2846 lis,
2038 2799 2158 2852 quae
2187 2785 2420 2842 urbibus
2452 2791 2813 2860 acquirendis
2849 2797 3178 2863 tolerasset,
3228 2816 3337 2857 non
3376 2821 3494 2859 οιιι-

1903 2874 2038 2930 nino
2070 2877 2208 2930 nihil
2257 2879 2533 2949 reciperet
2573 2900 2585 2936 :
2617 2899 2844 2955 remque
2891 2897 3059 2942 totam
3099 2891 3220 2961 ejus
3257 2895 3494 2951 arbitrio

1902 2965 2295 3038 permittebat,
2334 2977 2478 3044 ιεουί
2538 2975 2784 3047 bonique
2836 2995 2896 3034 se
2956 2981 3228 3039 facturum
3262 2991 3494 3057 promit-

1905 3069 2050 3126 tens,
2083 3063 2354 3134 quidquid
2387 3066 2508 3135 ipse
2545 3070 2800 3139 utrisque
2830 3073 3032 3128 melius
3056 3116 3071 3139 ,
3113 3081 3494 3134 commodius-

1901 3161 2010 3214 que
2042 3145 2291 3202 futurum
2323 3150 2650 3219 judicasset.
2699 3154 3028 3224 imperator.
3087 3160 3404 3232 intelligens
3436 3177 3493 3220 et

1904 3239 2092 3293 omnia
2156 3241 2296 3295 citra
2348 3243 2700 3312 molestiam,
2756 3247 3117 3321 laboremque
3145 3255 3335 3310 haberi
3379 3275 3490 3312 non

1900 3347 2084 3403 posse,
2115 3342 2173 3388 et
2225 3321 2418 3404 paucis
2460 3337 2793 3405 quibusdam
2845 3342 3120 3410 privatum
3170 3348 3289 3416 p‘aci
3324 3365 3492 3418 repu-

1897 3437 2100 3493 gnare,
2137 3441 2202 3482 ac
2231 3427 2298 3482 de
2346 3443 2566 3484 summa
2593 3430 2780 3501 jacere
2811 3433 2987 3489 aleam
3021 3437 3180 3501 velle,
3211 3441 3490 3498 dementis

1897 3531 2040 3582 esse,
2077 3532 2203 3572 cum
2232 3518 2421 3576 futura
2472 3523 2848 3580 incertissima
2885 3529 3018 3588 sint.
3053 3537 3112 3584 et
3145 3545 3372 3602 anceps,
3423 3549 3490 3590 ac

1896 3610 2065 3666 dubia
2101 3605 2320 3668 {Ortona
2354 3614 2485 3672 belli
2517 3635 2532 3672 :
2573 3619 2644 3672 ad
2696 3618 2821 3676 hac
2843 3622 3106 3679 barbaros
3133 3639 3194 3680 se
3236 3626 3491 3683 introdu-

1894 3713 2114 3760 clurum
2146 3708 2420 3779 cogitans,
2455 3713 2550 3781 qui
2585 3721 2646 3766 el.
2683 3713 2970 3778 Romanis,
3001 3726 3244 3786 quorum
3289 3721 3492 3777 viden-

1897 3803 1989 3850 tur
2018 3797 2178 3866 socii,
2242 3800 2546 3869 plurimum
2589 3814 2860 3872 noceant;
2901 3817 2960 3862 et
2994 3808 3366 3866 Triballorum
3405 3812 3490 3868 fu-

1898 3897 2078 3944 turam
2109 3891 2348 3960 cladem,
2373 3895 2577 3963 caedes,
2603 3897 2906 3955 servitutes
2934 3900 3027 3968 (de
3065 3905 3270 3973 quibus
3308 3910 3494 3976 qnaiw

1897 3997 2061 4050 quam
2083 3983 2355 4052 hostibus,
2375 3988 2765 4058 nihilominus,
2785 3999 2847 4046 ut
2875 3993 2969 4048 Dei
2996 3995 3178 4052 cultor
3195 4011 3344 4065 erat,
3380 4001 3490 4054 sul-

1895 4072 2129 4141 licitus),
2161 4075 2377 4133 Cralem
2397 4081 2738 4146 compellans
2763 4083 2862 4148 ait,
2888 4087 3204 4157 veritatem,
3241 4101 3298 4147 et
3318 4094 3454 4162 justi
3473 4121 3489 4132 -

1898 4165 2058 4229 tiam,
2100 4176 2151 4222 et
2186 4169 2335 4236 quod
2364 4172 2807 4238 quilibetbonus
2826 4178 3135 4234 aestimator
3152 4183 3365 4238 calculo
3385 4194 3489 4240 suo

1899 4261 2242 4328 approbarit,
2269 4262 2410 4317 nihil
2457 4279 2576 4319 esse
2610 4267 2790 4333 aliud,
2826 4283 2990 4338 quam
3042 4271 3306 4330 Romanis
3332 4278 3488 4331 urbi-

1897 4351 1998 4405 bus
2027 4353 2346 4422 juramento
2371 4357 2793 4426 comprehensis
2828 4376 2887 4417 se
2907 4363 3187 4420 abdicare.
3211 4367 3485 4424 Caeterum

1896 4443 2029 4512 quia
2065 4444 2242 4513 ipsum
2297 4455 2589 4517 tantopere
2639 4451 2885 4506 urbibus
2916 4453 3225 4512 inescatum
3262 4462 3484 4525 videat.

1895 4547 1950 4591 et
1981 4538 2340 4594 arbitrantem
2379 4541 2502 4597 vitae
2527 4553 2741 4612 partem
2771 4563 2882 4601 non
2920 4550 3194 4607 modicam
3219 4570 3342 4609 cum
3381 4559 3487 4616 illis

211 4616 436 4688 φθορὰν,
464 4621 564 4671 καὶ
584 4620 709 4684 τοὺς
729 4626 959 4691 φόνους,
988 4626 1083 4678 κα)⁴
1111 4627 1240 4690 τοὺς
1283 4629 1788 4702 ἀνδραποδισμοὺς,

1901 4631 2260 4694 amissurum,
2297 4633 2558 4704 iniuriam
2611 4639 2843 4707 quidem
2885 4643 3152 4702 Romanis
3183 4651 3488 4722 se‘irroga-

209 4701 271 4762 ὧν
303 4711 570 4781 ὲκήδετο,
608 4713 702 4765 καί
746 4731 829 4766 τοι
863 4717 1138 4786 πολεμίων
1178 4719 1351 4774 ὄντων
1385 4721 1477 4776 διὰ
1511 4724 1611 4794 τὴν
1653 4725 1794 4795 θρη-

211 4807 419 4869 σκείαν,
449 4806 512 4857 τὸ
548 4807 646 4872 μὲν
675 4806 872 4877 ἀληθὲς
900 4805 1045 4877 εἷπε,
1079 4813 1175 4865 καὶ
1204 4811 1437 4884 δίκαιον,
1470 4817 1608 4886 πρδς
1642 4811 1792 4887 Κράὲ

205 4891 310 4962 λην,
340 4901 452 4950 καὶ
499 4897 527 4949 ὃ
572 4900 680 4959 πᾶς
719 4901 969 4956 ὁστισοῦν
1015 4904 1081 4958 ἂν
1113 4903 1514 4978 ἐπιψηφίσαιτο
1558 4911 1787 4974 δικαίως

202 4984 447 5052 διαιτῶν,
477 4990 628 5044 οὐδὲν
657 4988 797 5046 εἶναι
822 4996 1088 5069 ἓτερον,ἢ
1122 4999 1442 5066 ἐξίστασθαι
1483 4997 1786 5074 Ῥωμαίοις

203 5084 296 5134 τῶν
321 5083 550 5136 πόλεων
575 5085 684 5136 τῶν
707 5089 818 5150 τοῖς
848 5090 1032 5160 ὅρκοις
1049 5095 1571 5167 περιειλημμένων.
1626 5099 1798 5153 Ἐπει

206 5173 242 5225 δ’
284 5177 464 5232 αὑτὸν
485 5179 587 5248 ὁρᾷ
613 5179 764 5232 ’πάνυ
808 5185 1200 5255 περιεχόμενον
1248 5191 1358 5245 τῶν
1404 5192 1636 5258 πόλεων,
1687 5197 1785 5248 καὶ

209 5267 290 5336 τῆς
317 5269 483 5334 ζωῆς
536 5269 597 5322 οὐ
633 5269 827 5340 μικρὸν
868 5275 1032 5344 μέρος
1065 5279 1371 5348 ἡγούμενον
1411 5285 1783 5359 ἀφαιρεθήσε-

211 5359 338 5425 σθαι,
370 5361 433 5414 εί
476 5361 1140 5442 τούτων’ἀποστερηθείη,
1171 5370 1458 5442 ἀδικήσειν
1491 5378 1593 5447 μὲν
1651 5379 1786 5432 Ῥω-

213 5451 434 5517 μαίους,
458 5455 599 5522 πλὴν
645 5454 958 5522 διελόμενον
1002 5463 1102 5525 τὰς
1153 5464 1340 5529 πόλεις
1388 5467 1465 5530 ὡς
1514 5470 1581 5522 ἂν
1631 5471 1782 5541 αὐτῷ

208 5541 411 5616 δοκοίη,
444 5548 539 5600 καὶ
566 5553 1042 5622 παραχωρήσαντα
1084 5556 1225 5609 ὅσων
1248 5558 1314 5610 ἂν
1343 5559 1542 5627 ἐθέλοι,
1577 5563 1626 5614 εί
1681 5565 1784 5632 μὲν

209 5638 352 5707 σὺτῷ
383 5639 589 5709 δοκοίη,
623 5642 716 5694 καὶ
746 5644 988 5698 πείθοιτο
1011 5649 1175 5701 αὑτοῦ
1210 5653 1274 5720 τῇ
1310 5651 1500 5724 ψήφῳ,
1533 5649 1780 5711 τίθεσθαι

212 5728 434 5798 εἰρήνην
457 5733 549 5783 erit
575 5736 790 5798 τούτοις
827 5742 919 5789 καὶ
948 5741 1178 5806 σπονδάς
1200 5760 1214 5773 ·
1243 5748 1291 5796 εἰ
1320 5739 1375 5797 δὲ
1406 5747 1481 5818 μὴ
1508 5747 1780 5817 βούλοιτο,

214 5818 413 5883 ἐξεῖναι
433 5820 582 5884 αὖθις
605 5828 869 5896 πολεμεῖν
891 5829 986 5892 τὰς
1007 5835 1184 5898 πάσας
1211 5836 1407 5906 ἔχοντι.
1440 5841 1554 5893 Καὶ
1577 5843 1776 5898 αὐτίκα

225 5908 574 5979 Ἀκαρνανίαν
610 5914 709 5984 μὲν
738 5919 833 5970 καὶ
859 5917 1176 5982 Θετταλίαν,
1215 5925 1416 5994 Σέρϐιϊι
1448 5945 1504 5982 τε
1558 5931 1652 5985 καὶ
1681 5934 1779 5996 τὰς

524 6014 800 6074 ΡΔΤΚΟΙ..
844 6017 962 6078 Gn.
1003 6017 1200 6079 CLIV.

1897 4733 2106 4787 turum,
2136 4737 2516 4784 verumtamen
2549 4730 2761 4800 judicio
2787 4751 2888 4788 suo
2927 4740 3092 4794 urbes
3125 4745 3484 4811 partiturum.

1893 4825 1951 4870 et
1981 4831 2309 4883 cessurum,
2344 4832 2481 4891 quot
2532 4823 2638 4878 sibi
2673 4828 2965 4895 placuerit,
2996 4836 3042 4886 si
3085 4834 3162 4888 illi
3194 4837 3362 4891 etiam
3407 4842 3487 4895 vi-

1895 4907 2114 4972 deatur,
2149 4919 2207 4965 ct
2228 4921 2485 4981 sueefstet
2523 4921 2836 4986 sementim,
2875 4938 3067 4992 pacem
3091 4943 3262 4998 super
3289 4932 3397 4999 his,
3429 4952 3486 4990 et

1897 4998 2077 5056 fmdus
2103 5003 2438 5061 faciendum.
2479 5009 2536 5063 Si
2565 5022 2806 5078 recuset,
2845 5017 3012 5073 licere
3067 5019 3144 5074 illi
3179 5037 3241 5076 se
3291 4998 3487 5088 omnes

1895 5093 2191 5151 habentem
2257 5098 2327 5153 de
2377 5101 2591 5170 integro
2652 5107 2826 5162 annis
2880 5110 3195 5178 lacessere,
3247 5125 3302 5171 et
3360 5134 3486 5175 mox

1890 5187 2276 5259 Acarnaniam,
2316 5195 2703 5267 Thessaliam,
2749 5203 2961 5271 Servia,
3011 5221 3068 5264 et
3101 5211 3245 5266 intra
3289 5213 3387 5269 has
3418 5225 3485 5270 ad
3575 5201 3578 5204 ’

1890 5301 2043 5342 mare
2077 5290 2212 5343 sitas
2238 5330 2252 5355 ,
2292 5301 2347 5346 et
2399 5293 2718 5352 Berrhmzm
2757 5317 2881 5356 cum
2933 5306 3168 5372 Edessa,
3221 5297 3485 5382 Gy‘nmco-

1890 5389 2160 5447 castrum,
2193 5393 2250 5436 et
2281 5383 2666 5456 Mygdoniam,
2693 5405 2830 5447 cunr
2876 5398 3199 5456 instauratis
3239 5405 3460 5472 oppidis

1886 5480 1944 5525 et
1983 5471 2192 5526 circum
2226 5476 2584 5547 Strymonem
2639 5485 2820 5552 vicus,
2875 5505 3054 5560 usque
3099 5492 3166 5547 ad
3209 5495 3478 5551 terminos

1888 5562 2219 5631 Pherarum,
2254 5577 2308 5623 et
2337 5570 2666 5630 Tantessani
2697 5589 2916 5635 montes
2945 5586 3249 5654 appellatos
3277 5589 3479 5642 Roma-

1888 5656 1977 5712 nis
2005 5659 2283 5714 attribuit.
2317 5661 2546 5732 Zicbna,
2577 5668 2806 5734 Pheras,
2856 5673 3182 5732 Melenicum
3205 5719 3219 5742 ,
3265 5677 3479 5732 Strum-

1888 5749 2115 5812 bitzam,
2166 5751 2508 5828 Cas-torium,
2567 5760 2817 5831 aliosque
2877 5766 3052 5831 vicos,
3102 5777 3157 5822 et
3215 5768 3476 5835 oppidula

1887 5839 2242 5899 Macedonica
2263 5886 2278 5911 ,
2308 5863 2431 5916 qum
2483 5861 2637 5905 extra
2665 5853 2846 5909 dictos
2895 5868 3111 5913 montes
3135 5869 3313 5922 erant,
3343 5859 3478 5916 Cra-

1887 5932 1995 5986 lcm
2027 5938 2270 5992 retinere
2301 5939 2493 6010 voluit,
2523 5951 2579 5996 et
2626 5961 2794 6014 super
2841 5948 2927 6002 his
2986 5949 3187 6017 fmdus,
3239 5953 3475 6010 societa-

3127 6051 3164 6109 6
