4028 6506
500 421 597 519 tn

1648 420 1891 484 JOANN
1902 422 1970 483 IS
2008 422 2393 485 CAN'I‘ACUZ
2403 424 2531 485 ΕΝΙ

3674 426 3776 494 ΗΞ

497 545 722 605 temque
747 533 910 602 inire,
950 542 1004 591 et
1033 534 1314 592 abstinere
1345 533 1564 591 damnis
1587 538 1817 593 mutuis.
1853 535 1945 592 Sic
1971 537 2076 590 im—

2185 535 2331 599 ἐντδς
2356 536 2561 590 τούτων
2588 535 2721 605 πρὸς
2750 534 3027 592 θάλασσαν
3047 534 3334 605 πολίχνας,
3358 532 3459 588 καὶ
3482 533 3773 606 Βέρῤοιαν,

474 636 722 698 ‘pcrator
752 627 945 692 ,urbes
1006 626 1331 694 distribuit;
1377 642 1500 697 qua:
1549 625 1871 683 distributio
1905 627 2071 682 etiam

493 717 640 776 Crali
691 717 922 788 placuit,
961 727 1018 774 et
1053 718 1127 773 ita
1161 718 1308 775 inter
1362 717 1487 772 illos
1535 721 1827 783 convenit,
1858 733 2073 788 paxque

498 812 751 868 confecta
801 810 1065 865 Triballis
1101 809 1257 881 juxta
1299 825 1364 864 ac
1404 810 1670 866 Romanis
1704 810 1904 880 gaudio
1947 809 2073 864 fuit.

496 907 679 970 Atque
705 903 901 959 eodem
935 902 990 958 in
1022 903 1145 958 loco
1193 901 1437 965 Cralem,
1492 902 1722 973 ejusque
1752 902 2075 957 comitatum

500 1000 797 1068 imperator
826 996 891 1051 ad
912 996 1119 1066 epulas
1159 994 1476 1066 magniﬁcas
1510 994 1807 1058 invitavit,
1855 994 2078 1065 iuniore

500 1090 834 1158 imperatore
865 1097 1162 1159 praesente,
1196 1096 1252 1141 et
1282 1101 1409 1142 cum
1452 1101 1646 1142 socero
1675 1086 1883 1157 pariter
1914 1102 1981 1142 ex
2012 1100 2076 1141 ea

424 1167 432 1183 ³
499 1180 876 1236 muniﬁcentia
899 1181 1129 1251 gloriam
1159 1189 1490 1250 aucupante.

2188 629 2281 681 καὶ
2330 627 2620 692 Ἔδεσσαν,
2678 627 3150 698 Γυναικόκαστρόν
3192 645 3251 681 τε
3316 627 3418 681 καὶ
3468 627 3774 694 Μυγδονίαν

2193 723 2333 790 μετά
2388 721 2499 774 τῶν
2556 721 2987 791 κατῳκισμένων
3038 721 3273 786 πόλεων,
3335 720 3440 775 καὶ
3496 719 3601 784 τὰς
3649 712 3789 791 περὶ(

2186 810 2515 882 Στρυμμόνα
2544 810 2735 881 κώμας
2760 814 2888 883 ἄχρι
2920 813 3030 867 τῶν
3061 812 3248 884 Φερῶν
3276 813 3476 884 ὁρίων,
3513 815 3610 867 καὶ
3641 814 3775 867 Ταν-

2183 905 2410 957 τεσάνου
2435 902 2534 975 ὅρη
2554 903 3102 974 προσαγορευόμενα,
3140 905 3399 973 ἀπένεμε
3442 904 3740 973 Ῥωμαίοις
3761 918 3776 934 ο

2184 994 2350 1067 Ζίχνα
2376 996 2433 1050 δέ
2453 997 2544 1049 καὶ
2564 997 2763 1067 Φερὰς,
2786 997 2882 1050 καὶ.
2900 996 3220 1061 Μελενίκον,
3243 1000 3349 1053 καὶ
3365 994 3775 1067 Στρύμειτζαν,

2183 1088 2280 1141 καὶ
2315 1089 2653 1160 Καστορίαν,
2719 1092 2812 1143 καὶ
2843 1091 2939 1154 τὰς
2968 1090 3134 1155 ἄλλας
3168 1090 3567 1152 Μακεδονικὰς
3589 1090 3778 1161 κώμας

2184 1181 2277 1234 καὶ
2306 1182 2591 1252 πολίχνας,
2626 1183 2683 1236 αἶ
2714 1183 2822 1235 τῶν
2870 1184 3179 1254 εἰρημένων
3226 1185 3379 1255 ὅρων
3419 1183 3587 1246 ἐκτὸς
3616 1178 3776 1253 ἦσαν,
3822 1200 3839 1211 κ

423 1330 429 1339 ε
495 1271 722 1342 Κράλην
747 1271 914 1342 ἔχειν,
967 1273 1061 1326 καὶ
1092 1272 1417 1343 συμμαχίαν
1443 1272 1538 1325 ἐπὶ
1564 1272 1776 1336 τούτοις
1802 1271 2080 1326 ποιεῖσθαι
2118 1273 2215 1327 καὶ
2280 1275 2537 1340 σπονδὰς,
2569 1276 2666 1330 καὶ
2725 1276 2893 1347 μηδὲν
2925 1262 3193 1346 ἇλλήλους
3224 1276 3444 1331 ἀδικεῖν
3464 1292 3481 1308 ·
3515 1274 3660 1330 οὕτω
3687 1275 3789 1345 μὲν,

493 1368 521 1420 ὁ
553 1365 808 1435 βασιλεὺς
834 1365 1009 1437 διῄρει
1042 1367 1142 1430 τὰς
1172 1366 1359 1431 πόλεις
1381 1381 1395 1398 ⁸
1434 1369 1527 1420 καὶ
1552 1368 1728 1421 ἐδόκει
1792 1367 1889 1420 καὶ
1956 1366 2153 1437 Κράλῃ
2192 1367 2371 1431 καλῶς
2410 1368 2708 1440 ἔχειν,ικα“ι
2738 1369 3044 1440 συνέδησαν
3077 1372 3136 1424 ἐν
3165 1370 3408 1435 τούτοις,
3437 1371 3544 1424 ικαὶ
3581 1369 3781 1427 πάντες

492 1459 703 1530 ἣδοντο,
730 1459 825 1513 καὶ
846 1459 1108 1530 Τριϐαλοὶ
1127 1461 1221 1512 καὶ
1260 1460 1523 1530 Ῥωμαῖοι
1547 1459 1685 1529 πρὸς
1709 1461 1807 1531 τὴν
1829 1461 2078 1530 εἰρήνην.
2116 1460 2187 1514 ’Ὀ
2238 1479 2298 1514 τε
2338 1462 2595 1532 βασιλεὺς
2658 1462 2835 1516 είστία
2888 1462 3188 1535 φιλοτίμως
3221 1461 3613 1535 Κράλην,’καὶ
3658 1462 3775 1523 τοὺς

496 1554 757 1617 συνόντας
788 1551 876 1605 ἐπ’
896 1552 1174 1607 αὐτοῦτοῦ
1198 1553 1368 1607 τόπου
1393 1547 1455 1607 οὗ
1480 1554 1534 1605 αἱ
1563 1551 1868 1623 συμϐάσεις
1933 1552 2281 1623 ἐγεγένηντο,
2321 1554 2592 1625 παρόντος
2631 1555 2731 1609 καὶ
2785 1553 2881 1608 τοῦ
2962 1555 3063 1609 ,έου
3120 1555 3426 1627 βασιλέως,
3458 1557 3555 1610 καὶ
3580 1572 3775 1627 συμφι-

491 1646 893 1717 λοτιμουμένου
925 1645 1140 1715 βασιλεῖ
1161 1646 1239 1717 τῷ
1264 1647 1522 1716 κηδεστῇ.
1629 1672 1638 1681 ·

1810 1787 1973 1858 792
2010 1786 2239 1843 CAPUT
2279 1786 2449 1842 χχιι.

493 1913 716 1971 Pactum
745 1914 809 1969 de
841 1915 1096 1986 eligendis
1132 1916 1450 1979 proceribus,
1485 1914 1576 1984 qui
1611 1913 1765 1986 urbes
1797 1913 2074 1986 utriusque
2115 1912 2323 1965 nomine
2360 1912 2601 1979 tradant,
2648 1921 2698 1966 et
2725 1915 3011 1986 accipiant.
3044 1912 3234 1967 Crates
3283 1913 3583 1986 seducitur,
3614 1912 3768 1983 [trdus

566 1988 862 2050 renuntiat,
894 1982 1015 2039 suos
1044 1988 1099 2039 in
1141 1982 1575 2042 Cantacuzenum
1615 1985 1842 2037 animat.
1876 1983 2057 2053 Capite
2090 1986 2357 2051 utrimque
2402 1987 2718 2055 educuntur.
2768 1982 3248 2055 Neuter_pugnam
3307 1984 3519 2055 incipit,
3536 1982 3768 2055 _u__terque

564 2075 621 2111 se
650 2067 888 2113 excusat.
922 2055 1224 2126 Imperator
1251 2057 1570 2127 Byzantium
1606 2055 1852 2127 abiturus
1895 2050 2277 2127 imperatorem
2319 2051 2594 2127 juniorent
2642 2061 2838 2114 monet,
2870 2069 2927 2127 a_
2953 2050 3113 2127 (Σιλαίέ
3142 2064 3353 2127 careat,
3383 2050 3478 2124 qui
3524 2050 3769 2127 Edessam

564 2130 866 2199 proditione
897 2123 1059 2198 capit.
1094 2123 1313 2199 Lyzicus
1342 2127 1624 2199 praefectus
1682 2126 1927 2199 punitur,
1981 2126 2035 2176 in
2066 2124 2169 2199 via_
2204 2126 2451 2186 moritur,
2507 2123 2709 2199 Edessa
2765 2123 3403 2199 evertituriincolarunn
3425 2123 3768 2199 pa‘rs_rnajor

566 2191 711 2252 nuda
740 2191 1047 2251 dimittitur.
1085 2191 1159 2250 De
1190 2191 1406 2251 inrursu
1440 2191 1812 2250 barbarorum.
1845 2194 2004 2249 Mwso
2059 2193 2169 2262 regi
2196 2208 2250 2245 se
2285 2203 2479 2265 purgat
2510 2196 2819 2265 imperator.
2856 2191 3153 2265 Consilium
3182 2194 3247 2246 de
3280 2191 3531 2265 barbaris
3558 2192 3768 2247 Thracia

564 2281 612 2323 et
646 2268 830 2323 Maesia
866 2268 1131 2338 arcendis.
1178 2266 1510 2338 Prodigium,
1550 2283 1653 2336 quo
1705 2264 2011 2338 Alexander
2053 2260 2237 2338 contra
2285 2260 2506 2338 'Cra'lem
2548 2260 2919 2338 conﬁrmatur.
2970 2260 3275 2334 Impera/or
3315 2263 3513 2318 navale
3562 2271 3764 2335 purgat.

570 2339 762 2394 Marus
789 2338 947 2406 ﬁdem
978 2337 1143 2407 fauit.
1176 2335 1313 2392 Eum
1345 2334 1643 2408 imperator
1683 2336 1751 2389 ad
1783 2334 2007 2404 ofﬁcium
2037 2334 2289 2387 reducere
2328 2336 2531 2403 frustra
2578 2336 2790 2388 nititur.

571 2453 890 2510 Secundum
916 2453 1210 2523 prandium
1240 2452 1387 2522 pacti
1420 2459 1570 2517 sunt,
1597 2458 1657 2505 ut
1686 2448 1953 2520 postridie
1982 2447 2079 2501 im-

2258 2446 2418 2501 Μετὰ
2475 2447 2531 2501 δέ
2587 2448 2648 2501 τὸ
2703 2446 2930 2518 ἄριστον
2980 2448 3294 2516 συνέθεντο,
3353 2449 3502 2504 ὥστε
3557 2451 3634 2512 είς
3674 2449 3766 2518 τὴν

494 2555 720 2617 perator
749 2544 1032 2599 Romanos
1083 2544 1366 2613 principes
1412 2542 1568 2596 viros
1605 2540 1851 2610 quinque
1877 2537 2079 2607 delige-

2185 2539 2500 2609 ὑστεραίαν,
2525 2539 2752 2611 βασιλέα
2777 2540 2875 2610 μὲν
2899 2541 3255 2607 ἐπιλέξασθαι
3282 2543 3451 2597 πέντε
3486 2541 3761 2605 Ῥωμαίων

497 2646 608 2705 ret,
663 2636 758 2707 qui
796 2651 900 2692 suo
942 2634 1168 2689 nomine
1212 2635 1379 2689 urbes
1404 2633 1759 2703 acciperent,
1792 2631 1982 2687 Crales
2011 2630 2079 2685 de

2185 2633 2292 2686 τῶν
2320 2635 2377 2686 ἐν
2408 2634 2575 2699 τέλει,
2612 2634 2708 2687 καὶ
2741 2634 2957 2699 τούτοις
2997 2636 3303 2705 ἐπιτρέψαι
3330 2637 3433 2708 τὴν
3463 2634 3758 2706 παράληψιν

495 2730 613 2785 suis
634 2727 862 2784 totidem
896 2726 1220 2790 destinaret,
1255 2726 1351 2795 qui
1393 2725 1515 2780 illas
1541 2740 1641 2795 pro
1659 2739 1731 2779 eo
1760 2724 2079 2789 traderent,

496 2820 780 2889 ﬁnitisque
811 2816 1123 2881 conventis,
1150 2826 1205 2871 et
1239 2816 1418 2871 salute
1449 2816 1619 2881 dicta,
1644 2815 1740 2870 bic
1772 2814 1839 2869 ad
1874 2824 2078 2881 castra,

398 2924 401 2927 ‘
495 2911 589 2967 ille
624 2913 678 2966 in
714 2912 908 2966 urbem
945 2926 1009 2965 se
1033 2910 1244 2965 retulit.
1295 2909 1414 2964 Jam
1456 2925 1562 2963 nox
1597 2917 1751 2973 erat,
1796 2924 1920 2963 cum
1952 2909 2079 2978 qui-

494 3009 620 3062 dam
655 3023 722 3063 ex
777 3005 1075 3060 comitibus
1129 3005 1530 3074 imperatorum
1564 3004 1704 3057 clam
1761 3003 1828 3057 ad
1861 3003 2077 3059 Cralem

494 3098 723 3163 adeunt,
760 3096 1164 3166 hortanturque
1203 3094 1374 3149 urbes
1405 3109 1475 3150 ne
1510 3093 1710 3157 tradat,
1745 3093 1840 3149 sed
1874 3094 2077 3149 bellum

494 3190 768 3247 adversus
796 3192 1243 3246 Cantacuzenum
1264 3189 1439 3254 malit,
1469 3188 1563 3259 qui
1596 3204 1720 3242 cum
1752 3188 1806 3243 in
1838 3204 2079 3257 praesen-

495 3282 570 3337 tia
602 3282 848 3337 exercitu
898 3279 1130 3335 inferior
1163 3280 1256 3345 sit,
1299 3295 1531 3349 parum,
1580 3279 1847 3338 auLniliil
1883 3280 2078 3334 obesse

497 3375 695 3444 possit.
736 3372 792 3429 Si
836 3372 1158 3444 Byzantium
1193 3372 1403 3437 redeat,
1440 3381 1504 3425 ut
1533 3372 1644 3425 illic
1671 3387 1729 3427 se
1757 3381 2076 3442 comparet,

496 3463 866 3532 Palmologum
909 3464 1302 3532 imperatorem
1353 3470 1726 3532 permoturos,
1757 3472 1817 3517 ut
1849 3477 1975 3517 cum
2010 3477 2078 3516 eo

497 3553 702 3623 quibus
738 3553 1023 3609 videbitur
1066 3553 1428 3623 optatissimis
1461 3554 1870 3611 conditionibus
1902 3556 2077 3625 pacis-

498 3653 680 3709 catur,
717 3644 1174 3715 conjunctimque
1228 3644 1434 3699 bellum
1470 3655 1663 3700 contra
1710 3646 1867 3700 illum
1904 3646 2079 3709 susei-

495 3737 636 3809 piat.
674 3736 793 3792 Sibi
829 3737 978 3792 enim
1011 3736 1360 3792 intolerabile
1399 3737 1596 3804 videri,
1638 3739 1910 3808 imperare
1948 3752 2076 3793 eum

498 3831 592 3900 qui
649 3829 929 3884 liaeredem
990 3829 1209 3899 imperii
1263 3829 1565 3900 legitimum
1618 3829 1942 3885 haereditate
1977 3845 2074 3885 sua

497 3922 787 3994 dejecerit.
828 3920 1018 3977 Crales
1040 3922 1226 3978 statim
1261 3921 1450 3976 lmtitia
1477 3921 1692 3986 ebrius,
1725 3921 1928 3976 multas
1952 3937 2082 3977 sua-

500 4014 725 4069 soribus
762 4014 968 4085 gratias
1003 4013 1153 4086 agit,
1186 4029 1355 4085 seque
1404 4013 1725 4083 imperatori
1779 4014 2084 4083 Palaeologo

502 4116 698 4162 contra
728 4120 985 4161 socerum
1029 4115 1283 4177 prompte
1310 4106 1613 4162 aﬂ‘uturum
1643 4146 1657 4171 ,
1695 4116 1751 4163 et
1778 4123 1997 4163 omnem
2030 4107 2082 4163 ei

505 4198 987 4264 benevolentiam,
1056 4199 1413 4268 studiumque
1471 4197 1732 4268 spondet.
1787 4197 2081 4269 Postquam

499 4288 643 4343 luxit
667 4329 682 4353 ,
718 4303 908 4359 pacem
969 4297 1119 4343 certa
1178 4289 1298 4359 lege
1330 4289 1687 4343 constitutam
1720 4289 2079 4355 renuntiavit.

501 4381 606 4437 Sed
635 4381 680 4437 si
717 4381 848 4437 velit
884 4380 1053 4436 urbes
1079 4394 1259 4451 nuper
1296 4391 1594 4450 occupatas
1646 4381 1791 4438 solas
1842 4381 2079 4448 habere,

502 4472 615 4527 imo
648 4485 783 4526 vero
811 4513 826 4537 ,
862 4471 908 4525 si
959 4470 1127 4524 etiam
1159 4469 1227 4525 de
1254 4469 1322 4525 iis
1352 4471 1537 4525 adhuc
1570 4469 1835 4539 quasdam
1866 4471 2080 4536 reddat,

505 4565 589 4619 sic
616 4578 1015 4634 persuasurum
1053 4562 1197 4628 sibi,
1227 4572 1290 4617 ut
1318 4562 1464 4617 bello
1493 4561 1764 4617 abstineat
1800 4576 1814 4615 :
1842 4563 1885 4617 si
1922 4562 2081 4626 nolit,

506 4665 734 4726 paratus
764 4656 832 4712 ad
875 4654 1123 4727 praelium
1186 4663 1367 4721 exeat,
1402 4669 1462 4713 se
1502 4654 1632 4709 totis
1657 4653 1864 4709 viribus
1889 4664 2082 4709 contra

504 4758 899 4819 pugnaturum.
926 4747 1232 4816 Imperator
1264 4746 1441 4802 Cralis
1471 4745 1639 4799 verba
1671 4744 1826 4815 parvi
1856 4744 2080 4810 ducere;

506 4849 670 4894 norat
704 4838 876 4905 enim,
909 4853 966 4894 se
990 4838 1143 4893 illum
1177 4852 1373 4908 cogere
1396 4837 1453 4891 in
1480 4850 1672 4907 gyrum
1699 4849 1883 4904 posse.
1908 4833 2084 4889 Velie-

508 4940 726 4985 menter
741 4940 926 4984 autem
953 4929 1218 4984 Romanis
1242 4926 1658 4983 insidiatoribus
1687 4925 2079 4990 succensebat;

509 5038 621 5078 non
674 5023 821 5078 enim
861 5020 1189 5092 ignorabat,
1219 5018 1365 5072 unde
1395 5017 1512 5072 haec
1560 5018 1679 5088 ejus
1726 5016 1982 5080 mutatio,
2027 5024 2083 5070 et

2180 2723 2289 2777 τῶν
2324 2723 2532 2777 πόλεων
2554 2739 2567 2755 '
2602 2724 2828 2793 Κράλην
2852 2723 2910 2778 δέ
2931 2725 2994 2778 ἐκ
3019 2724 3128 2778 τῶν
3155 2725 3383 2779 οίκείων
3415 2725 3564 2787 ἴσους
3593 2740 3753 2794 παρα-

2184 2817 2515 2889 σχεῖν,ὥστε
2547 2817 2910 2894 παραδοῦναι,
2935 2818 3032 2871 καὶ
3064 2818 3469 2887 συνταξάμενοι
3507 2817 3749 2888 ἀλλήλοις,

2181 2911 2305 2963 ἐπεὶ
2364 2909 2514 2973 τέλος
2549 2905 2698 2979 εῐχον
2754 2909 3077 2979 συμϐάσεις,
3132 2911 3161 2963 ὁ
3214 2911 3320 2979 μὲν
3357 2911 3437 2971 είς
3462 2912 3523 2963 τὸ
3556 2906 3745 2980 στρατό-

2184 3003 2366 3070 πεδον,
2424 3003 2473 3054 οἱ
2538 3001 2785 3072 βασιλεῖς
2831 3001 2890 3053 δέ
2943 3002 3024 3064 είς
3076 3000 3177 3069 τὴν
3224 3002 3391 3055 πόλιν
3431 2998 3745 3070 ἀπεχώρουν.

2194 3093 2565 3164 Ἐπελθούσης
2622 3093 2679 3145 δέ
2713 3093 2935 3157 νυκτὸς,
2984 3093 3128 3156 τινες
3174 3093 3292 3148 τῶν
3327 3095 3594 3148 συνόντων
3624 3092 3755 3162 βασι-

2178 3189 2339 3242 λεῦσι·
2354 3188 2539 3258 κρύφα
2558 3187 2810 3249 ἐλθόντες
2834 3188 2973 3257 πρὸς
2993 3186 3084 3239 τὸν
3107 3187 3364 3257 Κράλην,
3391 3186 3755 3242 συνεϐούλευον

2179 3282 2278 3344 τὰς
2310 3282 2492 3343 πόλεις
2526 3280 2601 3351 μὴ
2630 3279 3010 3351 παραδιδόναι,
3059 3278 3198 3332 ἀλλὰ
3234 3282 3478 3351 πόλεμον
3503 3274 3753 3347 αἱρεῖσθαι

2182 3372 2387 3444 μᾶλλον
2432 3369 2571 3443 πρὸς
2619 3372 3084 3443 Καντακουζηνδν
3118 3371 3210 3425 τὸν
3246 3372 3505 3441 βασιλέα,
3534 3369 3605 3432 ὡς
3642 3364 3755 3438 βλά-

2181 3485 2337 3520 πτειν
2394 3466 2763 3537 δυνησόμενον
2817 3464 3069 3535 ὁλίγα,ἢ
3125 3464 3325 3519 οὐδέν’
3386 3464 3481 3518 νῦν
3532 3462 3627 3534 μὲν
3655 3458 3753 3527 γὰρ

2181 3559 2483 3629 ἀξιόμαχον
2517 3560 2617 3612 οὐκ
2652 3558 2798 3629 ἔχειν
2847 3556 3132 3628 στρατιάν.
3162 3556 3267 3611 ’Ἂν
3318 3557 3374 3611 δέ
3407 3556 3659 3626 ἐπανήκει
3680 3551 3752 3612 εὶς

2180 3650 2477 3714 Βυζάντιον
2524 3650 2602 3713 ὡς
2634 3649 3225 3722 παρασκευασόμενος,
3265 3651 3363 3704 τὸν
3408 3644 3752 3710 Παλαιολόγον

2183 3741 2410 3814 βασιλέα
2478 3743 2692 3794 πείσειν
2749 3742 3116 3811 συνθήσεσθαι
3173 3741 3316 3811 πρὸς
3368 3741 3550 3805 αὑτὸν,
3694 3733 3753 3786 ἂν

2188 3835 2431 3907 μάλιστα
2471 3834 2602 3904 δοκῇ
2651 3832 2779 3886 καθ’
2811 3832 3029 3903 ἡδονὴν,
3076 3831 3172 3885 καὶ
3199 3835 3361 3902 κοινῇ
3396 3833 3488 3885 τὸν
3539 3830 3754 3894 πόλεμον

2184 3925 2322 3998 πρὸς
2366 3927 2572 3978 ἐκεῖνον
2602 3922 2913 3989 ἀνελέσθαι,
2949 3921 3204 3994 ἡγεῖσθαί
3248 3923 3367 3993 γὰρ
3422 3919 3616 3981 αὐτοὺς
3661 3913 3751 3968 οὐκ

2186 4019 2417 4075 ἀνεκτὸν
2447 4020 2657 4072 ἐκεῖνον
2694 4015 2907 4089 ἄρχειν,
2943 4014 3174 4086 βασιλέα
3202 4015 3310 4086 τῆς
3351 4012 3607 4085 πατρῴας
3630 4009 3751 4062 ἀποο
3851 4043 3863 4067 ι

2187 4114 2532 4183 στερήσαντα
2562 4111 2767 4182 ἀρχῆς·
2798 4110 2894 4164 καὶ
2922 4112 2950 4164 ὁ
2987 4108 3210 4180 Κράλης
3245 4110 3454 4164 αὐτίκα
3484 4106 3662 4166 ἔνθους
3689 4096 3749 4171 ἦν

2186 4206 2278 4276 ὑφ’
2301 4206 2521 4279 ἡδονῆς,
2547 4205 2642 4258 καὶ
2666 4202 2868 4266 πολλὰς
2894 4200 3166 4272 ὡμολογει
3192 4201 3429 4273 χάριτας
3450 4202 3560 4263 τοῖς
3580 4196 3747 4259 ἁπαγ·

2184 4299 2424 4368 γείλασι,
2488 4296 2708 4368 βασιλεῖ
2762 4313 2821 4349 τε
2887 4293 3264 4365 ἐπηγγέλλετο
3330 4291 3628 4363 προθύμως
3679 4280 3749 4347 τῷ

2184 4387 2539 4459 Παλαιολόγῳ
2574 4386 2962 4456 συμμαχήσειν
2993 4384 3138 4439 κατὰ
3191 4382 3460 4455 κηδεστοῦ
3487 4380 3577 4435 τοῦ
3613 4379 3751 4447 βασι⁸

2184 4480 2344 4543 λέως,
2388 4480 2483 4532 καὶ
2513 4481 2695 4531 πᾶσαν
2726 4474 3096 4539 ἐπιδείξεσθαι
3133 4474 3376 4544 σπουδὴν
3430 4472 3522 4525 καὶ
3547 4467 3746 4522 εὔνοιαν

2187 4572 2324 4644 πρὸς
2356 4570 2551 4623 αὐτόν·
2599 4569 2715 4638 ἃμα
2758 4583 2817 4620 τε
2870 4566 2966 4636 ἐῳ,
3007 4567 3133 4620 ἐπεὶ
3164 4566 3351 4637 ἡμέρα
3397 4559 3486 4633 ἦν,
3541 4555 3748 4627 πέμψας

2186 4663 2326 4733 πρὸς
2363 4660 2609 4731 βασιλέα,
2647 4657 2965 4729 ἀπηγόρευε
3017 4659 3114 4728 τὴν
3171 4657 3264 4710 ἐπὶ
3296 4658 3407 4720 τοῖς
3452 4649 3748 4724 εἰρημένοις
3779 4656 3781 4661 ⁴

2186 4754 2410 4823 εἰρήνην
2433 4768 2447 4783 ’
2481 4749 2600 4804 ἀλλ’
2632 4750 2681 4802 εί
2706 4749 2952 4818 βούλοιτο
2976 4748 3073 4811 τὰς
3103 4746 3232 4817 ἄρτι
3255 4745 3556 4815 ληφθείσας
3578 4737 3747 4794 πόλεις

2190 4845 2358 4915 μόνας
2392 4843 2560 4915 ἔχειν,
2616 4842 2818 4913 μᾶλλον
2874 4841 2931 4896 δέ
2965 4842 3061 4894 καὶ
3099 4837 3159 4903 ἐξ
3211 4840 3438 4892 ἐκείνων
3472 4832 3743 4889 ἀποδόντα,

2185 4933 2332 4989 οὓτω
2368 4933 2579 4989 πείθειν
2610 4933 2772 4988 αὑτὸν
2797 4933 2870 5004 μὴ
2897 4931 3152 5001 πολεμεῖν
3175 4947 3186 4961 ·
3213 4931 3261 4983 εί
3296 4930 3352 4983 δὲ
3390 4926 3464 4997 μή
3497 4920 3739 4995 ﬁctilem.

2189 5025 2755 5096 παρασκευασάμενον
2816 5024 2953 5093 πρὸς
3012 5022 3196 5092 μάχην
3261 5019 3534 5086 ἐξελθεῖν·
3593 5005 3740 5065 αὐτὸν

506 5131 691 5171 rerum
720 5113 1168 5172 emendationem
1200 5108 1563 5179 desperabat,
1608 5116 1781 5173 ratus,
1814 5105 2079 5161 bellorum

2189 5120 2297 5188 γὰρ
2336 5120 2499 5171 παντὶ
2528 5117 2705 5171 σθένει
2754 5115 3110 5186 πολεμήσειν.
3154 5114 3278 5167 Τῶν
3320 5112 3417 5183 μὲν
3443 5106 3533 5162 οὖν
3563 5097 3740 5196 Κ-ρξὶξιη

505 5224 700 5263 rursus
756 5206 1046 5269 civilium,
1105 5215 1540 5273 magnarumque
1600 5199 1934 5255 seditionum
1967 5199 2079 5255 haec

2189 5185 2365 5275 λόγων
2413 5206 2442 5258 ὁ
2501 5205 2755 5275 βασιλεὺς
2814 5185 2996 5273 ὀλίγον
3076 5203 3317 5256 ἐποιεῖτο
3375 5199 3550 5266 λόγον.
3597 5185 3736 5275 ᾞδεξ

505 5315 628 5355 esse
659 5297 952 5369 praeludis.
977 5295 1182 5350 Tamen
1208 5293 1462 5362 quamvis
1489 5292 1570 5347 sic
1594 5291 1845 5359 aﬂ‘ectus,
1883 5292 2083 5362 postri-

508 5391 599 5445 die
624 5404 683 5444 se
710 5388 775 5442 ad
808 5387 1217 5453 dimicationem
1252 5390 1526 5438 exiturum
1552 5382 1918 5438 denuntiavit.
1942 5382 2079 5438 Cra-

510 5482 593 5536 les
650 5489 841 5534 contra
893 5476 1056 5548 793
1093 5491 1152 5531 se
1187 5489 1382 5546 parare
1414 5514 1428 5540 ,
1460 5485 1514 5530 et
1541 5490 1670 5530 suos
1719 5475 2076 5537 conﬁrmare:

511 5573 960 5629 Cantacuzenum
994 5583 1102 5624 non
1128 5583 1248 5623 esse
1277 5567 1605 5635 timendum,
1640 5569 1885 5638 quandiu
1920 5585 1949 5623 a
1973 5569 2087 5626 suis

512 5668 885 5730 oppugnetur,
915 5658 1011 5714 sed
1044 5644 1362 5717 constanter
1389 5657 1721 5729 sperandum
1758 5658 2083 5723 victoriam,

516 5764 765 5822 quasque
797 5749 1056 5805 Romanis
1084 5747 1393 5804 ademerint
1430 5748 1616 5813 urbes,
1645 5756 1978 5803 retenturos.
2004 5748 2089 5803 Si-

512 5840 865 5897 tnilemeoitn
888 5857 1004 5900 esse
1032 5840 1240 5899 homini
1273 5839 1431 5910 aquis
1461 5838 1770 5903 submerso,
1800 5853 1962 5907 quem
2003 5840 2085 5894 sui

2187 5271 2296 5367 γὰρ
2360 5296 2437 5359 ὡς
2500 5271 2865 5366 δυνησόμενος
2915 5271 3095 5348 αὐτὸν
3153 5286 3603 5359 καταναγκάζειν,
3654 5271 3737 5367 κσίὶ
3846 5286 3849 5287 ⁷

2187 5362 2389 5443 όὶκοντα
2438 5387 2507 5442 τὰ
2569 5362 2758 5441 δίκαια
2798 5388 2997 5442 ποιεῖν.
3053 5385 3268 5454 Σφόδρα
3311 5382 3366 5437 δέ
3393 5376 3586 5451 ἦχθετο
3609 5362 3735 5422 κατὰ

2197 5476 2488 5547 Ῥωμαίων
2517 5476 2626 5530 τῶν
2665 5474 3166 5529 ἐπιδουὶευόντωνο
3211 5474 3270 5527 οὐ
3317 5470 3424 5540 γὰρ
3464 5460 3731 5534 ἠγνόησεν,

2183 5569 2308 5622 ὅθεν
2365 5572 2397 5639 ή
2458 5569 2765 5639 μεταὸολή’
2822 5569 2918 5622 καὶ
2965 5568 3065 5639 τὴν
3121 5566 3405 5637 διόρθωσιν
3452 5557 3558 5611 τῶν
3600 5560 3736 5639 μῆρα·

2184 5634 2413 5729 γμάτων
2459 5634 2854 5727 ἀπεγίνωσκε,
2914 5634 3175 5727 πολέμων
3208 5634 3396 5714 *αὖθις
3451 5634 3731 5729 ἐμφυλίων,

2184 5724 2278 5802 καὶ
2312 5750 2557 5803 στάσεων
2604 5724 2864 5819 μεγάλων
2910 5748 2981 5801 τὰ
3009 5724 3234 5802 τοιαῦτα
3262 5742 3498 5813 οἰόμενος
3544 5724 3724 5824 ἀρχήγ·

2191 5841 2383 5908 Ὅμως
2453 5841 2546 5895 καὶ
2624 5840 2797 5905 οὕτως
2872 5841 3034 5908 ἔχων,
3108 5825 3472 5907 ἐπηγγέλλετο
3524 5823 3595 5883 εἰς
3645 5823 3783 5880 την.
