4028 6482
180 505 273 570 173

1348 494 1892 562 HISTORIARUM
1935 494 2169 557 LIBER
2207 494 2305 558 IV.

177 623 464 693 ὑστεραίαν
495 618 885 688 ἐξελεῦσεσθαι
935 618 1072 691 πρὸς
1103 619 1305 690 μάχην.
1328 616 1559 688 Κράλης
1582 615 1636 667 δέ
1663 612 1757 665 καὶ

1861 616 2125 674 astantes,
2180 610 2226 664 si
2279 608 2502 680 quando
2557 598 2868 676 emerserit,
2920 609 3122 666 iterum
3163 611 3269 667 sub
3299 627 3443 682 aqua

172 713 323 773 αὐτὸς
351 708 960 780 παρεσκευάζετο,“καὶ
1007 705 1451 780 παραθαρρύνων
1514 703 1641 765 τοὺς
1679 701 1755 753 oi-

174 805 349 867 κείους
390 803 531 872 πρὸς
565 804 659 857 τὸν
693 801 962 873 βασιλέως
986 801 1225 870 πόλεμον
1251 815 1266 832 ·
1318 798 1382 852 οὔ
1434 796 1542 870 χρὴ
1588 798 1755 852 δεδοι-

175 898 347 963 κέναι,
379 896 590 967 ἔφασκε
606 937 623 963 ,
656 895 1116 966 Καντακουζηνδν
1141 895 1235 948 τὸν
1258 892 1487 962 βασιλέα
1509 893 1671 971 ἄχρις
1689 889 1758 944 ἂν

179 991 272 1047 ιπδ
300 991 412 1045 τῶν
454 990 678 1044 οἰκείων
740 987 1085 1059 πολεμῆται’
1149 985 1289 1040 ἀλλὰ
1337 983 1562 1054 βεϐαίας
1609 981 1755 1053 ἐχειν

174 1082 394 1144 ἐλπίδας
418 1081 515 1135 τοῦ
542 1080 915 1152 περιέσεσθαι,
945 1078 1040 1133 καὶ
1061 1077 1159 1140 τὰς
1212 1075 1577 1147 ήρπασμένας
1618 1073 1755 1127 Ῥω-

177 1174 349 1243 μαίων
402 1173 589 1235 πόλεις
642 1168 893 1235 καθέξειν
968 1167 1248 1237 ἀσφαλῶς.
1317 1165 1588 1220 Ἐοικέναι
1642 1163 1753 1234 γὰρ

172 1265 409 1333 Εφασκεν
438 1266 666 1330 ἐκεῖνον,
698 1264 754 1317 ἐν
784 1262 971 1316 ὕδασιν
1015 1256 1292 1331 ἀνθρώπῳ
1340 1256 1751 1313 καταϐεϐαπτι-

171 1358 380 1428 σμένῳ,
407 1359 535 1419 τοὺς
550 1358 787 1422 οἰκείους
807 1357 865 1411 δέ
891 1353 1224 1426 ἐφεστῶτας,
1257 1352 1312 1407 εί
1331 1370 1465 1407 ποτε
1493 1348 1749 1423 δυνηθείη

168 1454 471 1524 ἀνακύψαι,
546 1451 835 1516 πιέζοντας
892 1448 1050 1514 αὖθις
1113 1447 1573 1514 καταϐαπτίζειν,
1654 1447 1749 1501 καὶ

172 1547 299 1619 μήθ’
340 1543 523 1614 ἐαυτῷ
546 1544 839 1614 χρήσιμον,
872 1543 999 1613 μήτ’
1042 1541 1289 1604 ἐκείνους
1338 1541 1590 1609 γίνεσθαι
1625 1541 1748 1611 ἐᾷνο

169 1639 232 1693 ἂν
264 1638 368 1708 μέν
414 1656 501 1692 τοι
549 1636 656 1689 τῶν
710 1637 851 1689 οἴκοι
885 1634 1157 1705 διαφορῶν
1211 1651 1343 1686 ποτε
1381 1630 1747 1701 ἀπαλλαγείη,

169 1731 272 1787 τότ’
302 1732 414 1803 ἤδη
444 1730 663 1785 πάντων
686 1728 836 1798 αὐτῷ
863 1727 1175 1795 ἐξίστασθαι
1198 1727 1449 1790 ἐκόντας,
1495 1726 1591 1780 καὶ
1614 1725 1748 1779 πολ-

170 1820 262 1890 λὴν
289 1819 558 1889 πρόνοιαν
587 1816 858 1871 ποιεῖσθαι
878 1812 1031 1885 φίλον
1052 1816 1214 1887 ἔχειν.
1233 1816 1752 1872 Ἀντικαθίστασθαι

171 1908 272 1978 γὰρ
295 1908 440 1976 πρὸς
461 1906 720 1976 πόλεμον,
750 1906 819 1960 ἂν
858 1907 968 1961 τῶν
1011 1906 1154 1961 οίκοι
1198 1907 1479 1979 δυσχερῶν
1505 1907 1753 1960 ἀπαλλα-

177 2001 306 2070 γείη,
340 1999 465 2054 οὔτ’
488 1999 652 2054 αὐτὸν
680 1999 982 2053 λυσιτελεῖν
1038 1996 1319 2068 ἡγεῖσθαι,
1361 1997 1475 2053 οὔτ’
1515 1999 1750 2063 ἐκείνοις

179 2091 588 2162 συμϐουλεύειν.
613 2090 769 2147 Οὕτω
817 2091 972 2167 μὲνὸ
1001 2090 1221 2163 Κράλης
1273 2092 1335 2145 οὐ
1389 2094 1457 2163 τῇ
1510 2092 1752 2163 σφετέρᾳ

173 2187 370 2257 μᾶλλον
400 2187 630 2258 θαρρῶν
655 2186 910 2256 δυνάμει,
952 2184 986 2256 ἥ
1020 2187 1143 2248 ταῖς
1199 2184 1596 2256 διχοστασίαις,
1659 2185 1753 2238 καὶ

168 2280 459 2351 διαφοραῖς
506 2276 818 2347 Ῥωμαίων,
851 2273 1008 2340 αὖθις
1037 2277 1268 2348 ὥρμητο
1303 2277 1441 2349 πρὸς
1487 2278 1615 2332 πόλε
1627 2294 1750 2347 μον,
1780 2318 1787 2323 .

179 2369 271 2425 καὶ
291 2370 472 2439 ὶςτὴν
504 2366 801 2436 ὑστεραίαν
837 2366 954 2436 ἅμα
987 2367 1062 2438 ἒῳ
1103 2368 1376 2435 συντάξας
1409 2369 1504 2424 ἐπὶ
1535 2370 1750 2439 φάλαγ-

192 2475 290 2524 γας
316 2459 411 2527 τὴν
442 2456 727 2529 στρατιὰν,
755 2457 954 2529 ἐχώρει
975 2456 1115 2529 πρὸς
1143 2459 1550 2530 Θεσσαλονίκην
1569 2461 1634 2514 ἐκ
1654 2458 1751 2514 τοῦ

204 2549 561 2617 στρατοπέδου.
594 2547 702 2603 Καὶ
730 2551 758 2602 ὁ
784 2548 1039 2618 βασιλεὺς
1068 2548 1275 2618 ὀμοίως
1324 2550 1426 2622 τήν
1456 2567 1515 2602 τε
1555 2550 1751 2619 πεζὴν,

196 2641 284 2694 καὶ
329 2642 554 2713 ἱππικὴν
606 2640 839 2713 δύναμιν
902 2643 1371 2715 ἀντιπαρέταττεν
1419 2642 1747 2715 ἐξαγαγών·

187 2735 453 2806 οὖδέτερος
478 2736 535 2789 δὲ
558 2736 837 2808 ἐπεχείρει
864 2737 1105 2806 πολέμου
1130 2738 1346 2808 ἄρχειν,
1375 2738 1492 2795 ἀλλ’
1516 2737 1753 2792 ἐπιπολὺ

181 2828 519 2899 ἀτρεμοῦντα
545 2827 969 2883 ἀντικαθίστατο
998 2828 1253 2898 ἀλλήλοις
1285 2830 1353 2884 τὰ
1385 2830 1750 2901 στρατόπεδα.

179 2919 480 2991 Κράληςδέ
538 2920 675 2990 πρὸς
731 2920 957 2991 βασιλέα
1007 2922 1256 2992 πέμψας,
1310 2922 1466 2994 ἦτὴν
1521 2924 1752 2994 είρήνην

174 3012 412 3080 ἔφασκεν
436 3011 735 3083 αἱρεῖσθαι,
769 3013 836 3067 ἂν
858 3013 1018 3086 ἐθέλῃ
1047 3013 1269 3085 ἔχοντας
1302 3014 1338 3068 ἃ
1383 3014 1603 3086 ἐχουσιν
1625 3015 1757 3068 ἐκά-

175 3120 351 3175 τερον,
376 3104 411 3175 ἢ
449 3103 527 3175 μὴ
582 3102 816 3173 μέλλειν,
852 3103 970 3157 ἀλλ’
1017 3106 1211 3174 ἄρχειν
1244 3104 1548 3175 συμϐολῆς.
1585 3106 1755 3161 Βασι-

174 3197 293 3262 λεὺς
315 3198 379 3252 δέ
405 3198 479 3252 τὰ
508 3200 577 3269 τῇ
604 3199 902 3269 προτεραίᾳ
946 3198 1240 3270 εἰρημένα,
1284 3201 1381 3253 καὶ⁸
1425 3197 1586 3262 αὖθις
1616 3197 1755 3267 ἐφα-

1778 1959 1827 2019 Β

1858 699 2200 768 deprimunt,
2229 708 2288 754 ct
2317 716 2497 770 neque
2531 700 2670 766 sibi,
2720 716 2902 771 neque
2930 701 3066 773 ipsis
3093 704 3444 760 commodare

1858 792 2074 847 sinunt.
2109 791 2207 848 Sin
2253 793 2574 850 domesticis
2611 794 2946 862 discordiis,
2983 811 3049 852 ac
3075 797 3317 852 dissidiis
3349 798 3450 852 ali-

1857 887 2077 955 quando
2102 887 2400 956 expeditus
2427 888 2617 953 fuerit,
2651 897 2765 945 tum
2807 891 2920 961 jam
2953 892 3214 947 omnibus
3238 893 3313 948 illi
3351 909 3446 948 ce-

1856 977 2098 1032 dendum
2124 978 2142 1032 l
2168 979 2386 1046 benter,
2405 981 2869 1051 ambiendamque
2894 983 3145 1040 studiose
3170 984 3290 1056 ejus
3308 987 3449 1040 ami-

1856 1068 2066 1123 citiam.
2098 1068 2238 1124 Nam
2273 1081 2385 1125 tum
2410 1070 2489 1125 illi
2515 1070 2686 1127 armis
2715 1073 3017 1137 adversari,
3043 1090 3147 1130 nec
3172 1090 3230 1131 se
3252 1085 3448 1146 putare

1858 1158 2194 1225 conducere,
2227 1176 2330 1216 nec
2371 1162 2505 1233 ipsis
2536 1163 2643 1219 hoc
2688 1164 2942 1220 suadere.
2983 1166 3077 1222 Sic
3115 1165 3309 1223 Crales
3333 1185 3448 1225 non

1856 1266 1956 1307 sua
1993 1253 2167 1324 magis
2190 1256 2459 1323 potentia,
2496 1272 2659 1326 quam
2692 1259 3078 1328 seditionibus,
3119 1274 3190 1317 ac
3237 1262 3450 1319 dissen-

1859 1347 2111 1403 sionibus
2151 1348 2527 1415 Romanorum
2555 1352 2799 1409 conlisus
2825 1392 2839 1417 ,
2890 1353 2960 1408 de
2990 1354 3207 1425 integro
3237 1355 3446 1411 bellum

1858 1441 2236 1511 parturiebat,
2268 1453 2324 1498 et
2358 1443 2450 1498 die
2499 1445 2673 1500 altero
2703 1447 2881 1515 prima
2923 1447 3046 1502 luce
3086 1464 3186 1519 per
3206 1449 3451 1518 .phalan—

1857 1546 1954 1600 gas
2007 1531 2277 1601 diSposito
2331 1535 2576 1589 exercitu
2608 1577 2624 1602 ,
2654 1545 2711 1590 et
2766 1537 2966 1591 castris
2999 1537 3448 1595 Thessalonicam

1856 1623 2194 1694 procedebat
2229 1644 2242 1679 :
2277 1626 2647 1698 similiterque
2693 1628 2997 1699 imperator
3030 1632 3318 1702 pedestres
3341 1675 3355 1698 ,
3391 1643 3451 1690 et

1855 1728 2142 1786 equestres
2182 1720 2370 1789 copias
2404 1721 2646 1776 educens
2671 1763 2687 1786 ,
2740 1723 2794 1777 in
2826 1723 2944 1778 acie
2973 1725 3208 1780 adversa
3234 1728 3449 1782 consti-

1861 1810 2073 1865 tuebat.
2094 1809 2303 1865 Neuter
2335 1819 2519 1866 autem
2550 1813 2800 1882 praelium
2829 1815 3172 1881 ordiebatur,
3202 1819 3450 1873 stabant-

1856 1915 1967 1971 que
1998 1892 2126 1967 d'iu,
2176 1919 2283 1958 nec
2321 1920 2381 1960 se
2438 1905 2720 1960 exercitus
2754 1892 3216 1964 commovebant.
3255 1910 3448 1967 Crales

1860 1993 2082 2048 tandem
2111 1996 2439 2069 imperatori
2476 1999 2722 2059 nuntiat.
2761 2011 2856 2055 aut
2883 2016 3077 2071 pacem
3107 2017 3450 2078 componen-

1857 2083 2006 2153 dam,
2039 2085 2085 2141 si
2118 2094 2420 2157 utrumque
2445 2091 2690 2145 retinere
2730 2091 2899 2157 velit,
2950 2108 3073 2163 quae
3105 2094 3307 2157 habet;
3354 2107 3449 2150 aut

1858 2178 1978 2234 sine
2016 2193 2170 2233 mora
2206 2194 2449 2249 pugnam
2487 2180 2887 2251 incipiendam.
2921 2183 3262 2239 Renuntiare
3288 2185 3451 2256 jubet

1856 2271 2185 2343 imperator,
2213 2289 2271 2329 se
2314 2272 2578 2328 hesterno
2606 2274 2697 2330 die
2732 2286 2890 2346 pacta
2926 2278 3192 2346 praeferre
3220 2287 3278 2333 et
3308 2281 3451 2335 ami-

1858 2379 1982 2419 cum
2035 2365 2214 2435 ipsum
2246 2380 2413 2435 quam
2486 2370 2702 2421 hostem
2732 2368 2930 2434 malle,
2990 2370 3036 2424 si
3076 2372 3245 2425 urbes
3282 2375 3447 2428 resti-

1858 2457 2047 2511 tuerit.
2087 2456 2184 2511 Sin
2226 2457 2432 2512 bellum
2494 2459 2544 2514 ei
2589 2462 2837 2531 optatius
2880 2461 2975 2528 sit,
3037 2463 3191 2533 prior
3220 2464 3447 2532 paulum

1858 2564 2209 2619 progressus,
2246 2564 2442 2619 pugnae
2466 2548 2561 2605 det
2602 2549 2826 2604 initium
2855 2569 2868 2605 :
2903 2560 3017 2605 tum
3056 2556 3205 2606 enim
3249 2568 3308 2609 se
3338 2569 3451 2609 non

1856 2639 2568 2708 utconﬂictusauctorem,
2606 2645 2701 2697 sed
2737 2652 2797 2697 ut
2829 2644 2915 2698 sui
2947 2644 3297 2701 defensorem
3336 2647 3454 2701 ala-

1857 2732 2029 2788 criter
2058 2732 2476 2801 dimicaturum,
2509 2737 2684 2791 Deum
2732 2747 2900 2809 atque
2946 2739 3205 2795 homines
3244 2749 3454 2796 testan-

1860 2834 1991 2889 tem,
2020 2840 2129 2880 non
2169 2841 2229 2880 se
2257 2827 2414 2895 dare,
2458 2830 2551 2882 sed
2606 2829 2883 2900 accipere,
2922 2844 2988 2886 ac
3034 2832 3251 2902 perpeti
3305 2833 3453 2904 inju-

1858 2915 1995 2971 riam
2034 2935 2048 2971 :
2081 2933 2267 2987 neque
2324 2918 2489 2974 ﬁdem
2528 2920 2805 2992 frangere,
2850 2930 2909 2976 et
2940 2924 3086 2977 male
3140 2926 3344 2979 mereri
3380 2926 3450 2980 de

1859 3010 2067 3075 amico,
2101 3012 2195 3065 sed
2232 3013 2624 3068 necessitatem
2657 3030 2688 3068 a
2721 3030 2779 3069 se
2809 3016 3143 3085 exprimere,
3176 3033 3299 3084 qua:
3332 3018 3453 3087 ipse

1858 3103 2022 3159 nolit.
2053 3102 2208 3170 Quod
2242 3104 2287 3159 si
2318 3105 2480 3175 prior
2508 3105 2599 3159 ille
2630 3120 2689 3160 se
2735 3108 2993 3171 moverit,
3031 3124 3137 3163 nec
3165 3109 3283 3179 ipse
3312 3123 3452 3164 con-

1860 3206 1945 3251 tra
1998 3196 2322 3268 gradiatur,
2381 3197 2674 3253 victoriam
2721 3199 2829 3255 sibi
2885 3200 3045 3270 quasi
3106 3201 3174 3256 de
3218 3201 3452 3272 fugitivo

172 3306 303 3343 σιιεν
354 3289 657 3360 αίρεῑσθαι,
686 3292 779 3345 καὶ
811 3290 966 3360 φίλον
997 3289 1214 3345 ἐθέλειν
1278 3290 1483 3361 μᾶλλον
1516 3288 1684 3361 ἔχειν,
1719 3289 1752 3362 ἢ

1861 3287 2080 3343 habent.
2117 3288 2212 3343 His
2244 3288 2486 3358 acceptis
2515 3329 2531 3355 ,
2566 3288 2756 3345 Crales
2782 3306 2883 3346 nec
2913 3306 2971 3346 se
3001 3307 3196 3362 pugna:
3225 3293 3449 3349 avidum

168 3382 463 3453 πολέμιον,
488 3384 588 3446 τὰς
648 3384 832 3446 πόλεις
868 3382 1176 3437 ἀποδόντα·
1236 3381 1303 3436 ἂν
1349 3383 1397 3436 δ’
1457 3383 1620 3447 αὐτὸς
1662 3384 1755 3438 τὸν

167 3474 415 3544 πόλεμον
464 3474 699 3544 αίροῖτο,
731 3475 950 3546 πρῶτον
979 3473 1184 3544 μᾶλλον
1208 3471 1376 3526 αὐτὸν
1404 3470 1595 3545 ἄρχειν
1614 3489 1756 3543 συμ-

170 3566 333 3639 ϐολῆς
368 3566 579 3636 μικρὸν
611 3566 914 3637 προϐάντα,
971 3565 1048 3629 ὡς
1104 3564 1249 3621 οὕτω
1315 3565 1409 3619 καὶ
1462 3564 1629 3619 αὐτὸν
1677 3564 1754 3629 ὡς

176 3658 545 3728 ἀμυνόμενον,
578 3659 674 3712 καὶ
701 3659 800 3713 οὐκ
821 3661 1061 3730 ἄρχοντα
1092 3657 1342 3730 πολέμου
1405 3656 1755 3729 ἀγωνιούμε-

175 3768 258 3805 νον
292 3751 624 3823 προθύμως.
669 3751 1241 3823 Ἐπιμαρτυρόμενον·
1275 3751 1374 3804 κατ⁹
1425 3749 1755 3819 ἀνθρώπους

86 3856 91 3867 ’
176 3845 267 3898 καὶ
294 3845 444 3911 θεὸν,
476 3845 554 3909 ὡς
582 3845 682 3898 οὐκ
736 3847 932 3911 ἀδικεῖ,
979 3845 1116 3899 ἀλλὰ
1175 3842 1385 3915 μᾶλλον
1445 3844 1755 3898 ἀδικεῖταιο

174 3938 596 4008 οὸδέἐπιορκεῖ,
628 3937 913 4001 καὶκακὸς
966 3933 1108 3992 εῖναι
1169 3936 1421 4008 βούλεται
1482 3939 1611 4009 περὶ
1661 3938 1756 3991 τὸν

183 4032 355 4099 φίλον,
384 4029 736 4101 ἁλλ’ἀνάγκῃ
765 4029 850 4099 ἐφ’
873 4028 910 4085 ἃ
957 4028 1034 4102 μὴ
1069 4028 1317 4100 βούλοιτο
1356 4031 1549 4102 χωρεῖ.
1589 4029 1688 4082 Ἂν
1710 4029 1754 4083 δ’

193 4121 353 4174 αξιτοῦ
367 4122 685 4192 κινουμένου
702 4122 941 4194 πρώτου,
965 4122 1197 4194 ἔφασκε,
1232 4123 1308 4193 μὴ
1339 4121 1402 4176 τὸ
1435 4123 1758 4194 στράτευμα

206 4210 467 4285 inuam
492 4215 588 4268 καὶ
618 4215 805 4281 αὐτὸς,
839 4216 938 4287 τὴν
973 4214 1132 4286 νίκην
1196 4216 1407 4270 ἐκεῖνον
1453 4215 1620 4287 ἐχειν,
1683 4215 1761 4278 ὡς

206 4299 372 4355 αὐτοῦ
411 4306 906 4378 φυγομαχήσαντος.
961 4306 1185 4378 Κρὰλης
1250 4305 1307 4360 δὲ
1369 4308 1492 4360 ἐπεὶ
1528 4304 1762 4359 ἐπύθετο

192 4396 321 4461 τοὺς
343 4395 602 4467 βασιλέως
648 4399 861 4469 λόγους,
922 4399 1147 4472 πέμψας
1168 4395 1349 4464 αὖθις,
1385 4398 1595 4470 ἔφασκε
1630 4396 1758 4470 μηδ’

180 4488 348 4542 αὐτέν
399 4489 683 4559 βούλεσθαι
731 4491 829 4564 τὴν
862 4493 1075 4564 μάχην
1104 4493 1170 4547 ἂν
1227 4492 1285 4546 δὲ
1324 4493 1571 4561 φαίνοιτο
1595 4491 1764 4547 κινῶν

176 4584 277 4646 τὰς
299 4584 597 4653 φάλαγγας
623 4586 762 4655 μετὰ
801 4587 1026 4656 μικρὸν,
1086 4587 1163 4657 μὴ
1214 4586 1460 4658 νομίζειν
1520 4585 1758 4651 ἐπιέναι,

167 4672 294 4726 ἀλλ’
324 4673 682 4744 ἀναχώρησιν
706 4670 850 4729 εἶναι
877 4676 977 4748 τὴν
1011 4678 1229 4748 κίνησιν
1265 4679 1403 4747 πρδς
1426 4678 1488 4731 τδ
1529 4679 1760 4748 στρατό-

173 4766 359 4844 πεδον.
409 4764 649 4819 Τοιαῦτα
676 4768 704 4820 ὁ
734 4766 956 4839 Κράλης
1021 4765 1142 4823 εἷπε
1170 4784 1186 4802 ⁸
1225 4772 1319 4824 καὶ
1370 4773 1517 4840 μετὰ-
1561 4769 1760 4844 μικρὸν

169 4840 533 4930 ἀναστρέψας
589 4854 743 4925 αὖθις
795 4860 1054 4931 ηὐλίσατο
1098 4861 1237 4934 πρὸς
1283 4861 1345 4914 τὸ
1395 4840 1762 4934 στρατοπεδον

163 4952 266 5023 τήν
294 4953 502 5007 νύκτα.
538 4951 649 5004 Καὶ
674 4951 926 5021 βασιλεὺς
945 4953 1148 5024 ὁμοίως
1176 4953 1500 5024 εἰσήλαυνεν
1552 4952 1634 5016 είς
1662 4951 1761 5023 τὴν

164 5042 329 5095 πόλιν
364 5039 514 5111 μετὰ
539 5040 640 5110 τῆς
666 5043 948 5112 στρατιᾶς.
988 5043 1211 5115 Κρὰλης
1243 5043 1299 5097 δέ
1357 5047 1439 5109 sl;
1476 5045 1574 5115 τὴν
1603 5028 1762 5097 ὑστε-

173 5133 335 5200 ραίαν
358 5131 559 5194 διαϐὰς
581 5132 674 5185 τὸν
705 5132 930 5200 ’Δξειὸν,
961 5134 1031 5188 τὰ
1091 5135 1220 5206 περὶ
1279 5136 1546 5191 Ἔδεσσαν
1603 5134 1764 5190 κατέ-

172 5221 379 5292 δραμε,
440 5221 537 5274 καὶ
596 5225 1343 5296 περιστρατοπεδευσάμενος
1422 5224 1760 5296 ἐπολιόρκει.

177 5313 452 5377 Βασιλεύς
473 5330 533 5366 τε
565 5314 689 5367 ἐπεὶ
720 5315 797 5387 μὴ
822 5315 998 5395 ἐδόκει
1024 5316 1104 5370 ἔτι
1142 5317 1362 5387 μέλλειν
1402 5319 1463 5371 ἐν
1490 5317 1766 5371 Θεσσαλο-

178 5405 323 5479 νίκῃ,
352 5406 625 5477 πράττειν
651 5408 761 5478 γὰρ
788 5408 869 5462 ἔτι
909 5407 1191 5478 ἀξιόλογον
1231 5409 1386 5464 οὐδὲν
1437 5409 1590 5478 ἐξῆν,
1626 5426 1767 5480 παρ-

171 5500 537 5565 εσκευάζετο,
567 5499 641 5561 ὡς
671 5502 750 5563 si;
771 5499 1066 5565 Βυζάντιον
1086 5501 1514 5574 πλευσούμενος.
1537 5499 1766 5556 Μέλλων

165 5592 225 5646 δὲ
254 5594 539 5661 ἀπαίρειν¹
563 5591 690 5663 ἢδη,
716 5591 890 5646 πολλὰ
929 5591 1139 5663 βασιλεῖ
1163 5594 1244 5666 τῷ
1267 5595 1374 5667 νέῳ
1399 5595 1530 5666 περὶ
1552 5593 1646 5648 τοῦ
1689 5593 1764 5665 μὴ

162 5681 468 5735 πείθεσθαι
491 5683 967 5754 παρήνειΚρὰλῃ.
1003 5684 1160 5737 Ἥδει
1187 5684 1298 5757 γὰρ
1336 5685 1765 5756 ἐπιχειρήσοντα

171 5776 416 5839 ἐκεῖνον,
468 5774 629 5838 αὖθις
653 5775 747 5828 τὸν
788 5773 925 5846 πρὸς
979 5774 1243 5846 ἀλλήλους
1292 5777 1534 5848 πόλεμον
1595 5778 1767 5831 κινεῖν

179 5865 505 5933 Ῥωμαίων,
538 5867 608 5921 ἵν’
632 5868 789 5937 αὐτῷ
824 5866 919 5939 ἐξῇ
951 5869 1049 5932 τὰς
1102 5869 1283 5935 πόλεις
1333 5870 1501 5943 ἐχειν,
1543 5870 1770 5925 ἐκείνων

173 5957 606 6026 ἀσχολουμένων
634 5964 773 6031 πρὸς
801 5962 1093 6033 ἀλλήλους,
1129 5964 1224 6018 καλ⁵
1263 5963 1621 6019 συνεϐούλευε
1667 5980 1770 6034 φυ-

1862 3394 1986 3434 esse
2016 3379 2176 3433 dixit.
2207 3376 2262 3433 Si
2286 3379 2590 3449 phalangas
2609 3380 2777 3450 paulo
2809 3389 2931 3450 post
2959 3381 3168 3435 moveri
3204 3379 3410 3436 viderit
3432 3420 3451 3445 ,

1860 3486 1932 3527 ne
1960 3480 2120 3541 putet
2153 3479 2364 3525 motum
2397 3470 2555 3525 illum
2584 3471 2670 3526 sui
2707 3471 3032 3535 invadendi,
3061 3472 3156 3526 sed
3188 3473 3241 3527 in
3270 3485 3455 3528 casm!

1863 3563 2186 3619 revertendi
2218 3577 2387 3618 causa
2428 3563 2722 3619 exsistere.
2773 3564 2900 3620 llaec
2952 3563 3161 3621 Crales.
3209 3564 3326 3620 Nec
3356 3565 3455 3620 ditt

1859 3664 1989 3727 post
2013 3656 2070 3710 in
2109 3665 2289 3711 castra
2329 3671 2388 3711 se
2424 3656 2722 3726 recipiens,
2758 3656 2834 3711 ibi
2868 3656 3240 3728 pernoctavit.
3273 3657 3456 3728 lmpeo

1863 3760 2015 3805 rator
2045 3764 2271 3820 quoque
2325 3763 2451 3804 cum
2482 3748 2813 3805 cohortibus
2844 3749 2964 3806 suis
3005 3750 3198 3804 urbem
3244 3748 3457 3820 repeti-

1861 3844 1963 3897 vit.
2010 3842 2201 3898 Crales
2255 3841 2396 3896 Axio
2451 3848 2803 3908 transmisso,
2833 3849 2891 3908 et
2929 3841 3197 3897 ﬁnitimos
3234 3842 3460 3897 Edessae

1862 3935 2016 3991 locos
2047 3934 2420 4004 deprazdatus,
2459 3935 2638 4004 ipsam
2671 3934 2933 3991 obsidere
2975 3934 3238 3992 instituit.
3279 3936 3462 4005 Impe-

1863 4038 2016 4083 rator
2068 4043 2193 4082 cum
2260 4027 2477 4082 diutius
2531 4027 2944 4084 Thessalonicae
2998 4028 3461 4084 commorandum

1865 4136 1978 4176 non
2012 4126 2258 4191 putaret,
2286 4120 2434 4191 quod
2480 4121 2619 4175 nihil
2652 4120 3016 4176 memorabile
3057 4122 3334 4191 agendum
3366 4137 3464 4177 re-

1865 4221 2065 4275 staret,
2095 4211 2423 4282 Byzantium
2450 4212 2862 4282 navigationem
2894 4213 3275 4281 comparabat.
3296 4211 3464 4283 794

1866 4302 2231 4357 Discessurus
2261 4343 2277 4365 ,
2314 4302 2595 4369 iuniorem
2656 4303 3054 4372 imperatorem
3105 4304 3375 4372 majorem
3403 4303 3463 4365 in

1866 4394 2094 4450 modum
2132 4394 2494 4462 hortabatur,
2554 4409 2627 4449 ne
2679 4394 2827 4449 Crali
2883 4394 3100 4450 ﬁderet.
3152 4394 3271 4449 Jam
3309 4395 3462 4450 enim

1868 4503 2069 4545 rursus
2099 4503 2419 4560 aggressum
2456 4488 2602 4543 bello
2645 4488 2796 4543 civili
2832 4489 3114 4552 Romanos
3147 4489 3461 4560 implicare,

1870 4592 1934 4638 ut
1965 4583 2033 4638 iis
2079 4583 2226 4638 inter
2274 4597 2336 4637 se
2368 4582 2806 4648 dimicantibus,
2845 4585 2965 4653 ipse
3012 4583 3180 4639 urbes
3213 4583 3319 4638 sibi
3365 4582 3465 4638 lia-

1870 4677 2018 4741 beat,
2060 4687 2118 4744 et
2174 4676 2438 4731 monebat
2486 4686 2711 4731 caveret
2771 4676 3187 4747 insidias,.quaz
3225 4692 3336 4732 non
3374 4693 3462 4733 res

1864 4783 2100 4838 parvas,
2139 4768 2241 4825 sed
2291 4768 2590 4838 imperium
2628 4770 2807 4839 ipsum
2857 4769 3193 4840 attingerent
3241 4786 3258 4828 :
3314 4770 3464 4826 unde

1864 4876 1978 4916 non
2009 4861 2078 4916 ad
2106 4861 2286 4932 ipsum
2327 4861 2623 4927 duntaxat,
2664 4863 2764 4918 sed
2799 4862 2868 4917 ad
2904 4863 3042 4917 alios
3087 4879 3314 4934 quoque
3345 4864 3463 4918 Ro-

1867 4967 2063 5018 manos
2124 4953 2408 5017 calamitas
2464 4953 2830 5009 redundaret.
2894 4953 3149 5010 Tametsi
3199 4957 3246 5010 is
3309 4956 3464 5011 aliud

1866 5059 2033 5113 quam
2058 5059 2148 5098 res
2171 5052 2259 5099 est
2292 5045 2557 5114 loquens,
2581 5055 2638 5099 et
2668 5045 2947 5103 mentiens
2977 5084 2994 5111 ,
3029 5046 3198 5112 dicat,
3230 5047 3464 5118 impigre

1867 5145 1930 5192 s’e
1964 5137 2144 5207 ipsum
2200 5136 2547 5207 adjutnrum,
2605 5152 2716 5207 quo
2758 5148 3050 5207 paternum
3084 5141 3383 5210 imperium
3432 5158 3465 5197 a

1849 5239 2101 5300 raptore
2149 5241 2482 5300 recuperet,
2523 5246 2768 5301 eumque
2818 5232 3162 5288 ulciscatur:
3195 5250 3321 5289 cum
3358 5234 3467 5290 du".

1868 5321 2099 5387 bitetur,
2139 5337 2208 5376 an
2232 5336 2341 5376 non
2374 5322 2555 5377 solum
2593 5323 2645 5378 ei
2674 5322 2970 5394 imperium
3018 5340 3129 5380 non
3172 5328 3468 5382 restitutu-

1869 5430 1987 5478 rus,
2020 5415 2168 5485 quod
2229 5423 2411 5469 tamen
2445 5415 2797 5484 polliceatur,
2840 5416 2938 5471 sed
2980 5417 3150 5473 etiam
3184 5420 3310 5474 vita:
3345 5422 3467 5490 ejus

1873 5507 2106 5563 insidias
2144 5508 2526 5563 instructurus
2568 5508 2667 5571 sit.
2710 5508 2926 5564 Nullam
2959 5510 3010 5565 ei
3055 5511 3218 5567 ﬁdem
3265 5512 3465 5567 horum

1871 5600 2208 5662 commodet.
2248 5609 2518 5671 certoque
2557 5601 2719 5667 sciat,
2754 5602 2940 5656 omnia
3000 5602 3119 5658 haec
3163 5602 3467 5658 artiﬁciose

1870 5692 2053 5759 strui,
2092 5702 2152 5748 ut
2189 5693 2376 5764 potius
2434 5694 2557 5764 ipse
2590 5695 2739 5775 quod
2793 5695 3072 5766 reliquum
3111 5706 3199 5751 est
3245 5695 3466 5764 imperii

1871 5798 2070 5849 secure
2120 5784 2371 5841 devoret.
2425 5784 2483 5842 Si
2529 5787 2735 5856 spretis
2789 5787 3264 5842 admonitionibus
3314 5784 3463 5842 Crali

1871 5875 2196 5940 crediderit,
2233 5884 2365 5954 tunc
2392 5877 2745 5948 cogniturum
2779 5893 2939 5942 esse,
2978 5889 3250 5957 quantum
3275 5876 3467 5934 damni
3574 5917 3580 5924 ρ

1876 5966 2095 6034 fecerit,
2137 5967 2500 6038 quandonec
2530 5967 2634 6040 ipsi
2662 6009 2676 6031 ,
2707 5982 2808 6023 nec
2851 5968 2977 6023 aliis
3010 5968 3182 6025 ullum
3226 5970 3467 6025 fructum

3338 496 3441 560 174
3537 484 3543 495 ’
