4056 6460
286 393 381 462 πει

1434 364 1988 456 ίῃιετοιιῐλῐιυιιι
2025 394 2255 455 LIBER
2295 394 2393 458 Iv.

3445 390 3564 454 132‘

289 513 675 584 μετεπέμπετο
706 511 1000 584 ἀρχιερέας
1031 512 1346 582 γράμμασι,
1377 512 1473 565 καὶ
1511 513 1604 565 τὸν
1654 513 1863 566 Θεσσα-
1893 558 1898 572 ,

2001 510 2146 567 ivilis
2174 511 2521 574 resederunt,
2553 510 2718 567 totius
2754 511 2865 584 jam
2917 524 3145 582 compos
3169 508 3408 581 imperii,
3452 524 3557 562 ne:

286 608 507 678 λονίκης
532 589 845 677 Γρῆγόριον
881 604 973 659 τὸν
1016 606 1305 677 Παλαμᾶν,
1339 605 1433 660 καί
1479 624 1563 660 τοι
1615 606 1866 677 βασιλεὺς

285 698 447 761 εὐθὺς
472 695 721 768 ἐξαρχῆς
783 699 922 768 μετὰ
968 698 1029 752 τὸ
1065 697 1374 751 πεπαῦσθαι
1405 699 1498 752 τὸν
1546 698 1867 767 συγγενικὸν

287 792 546 862 πόλεμον,
577 793 673 847 καὶ
712 792 898 847 πᾶσαν
933 789 1186 861 ὑπἀύτῷ
1221 789 1321 859 τὴν
1352 789 1643 861 Ῥωμαίων
1665 790 1869 861 ἡγεμο-

287 883 411 937 νίαν
480 882 834 953 γεγενῆσθαι,
890 882 1182 951 ἀναγκαῖον
1260 880 1463 951 οἰηθεὶς
1525 881 1716 951 ὥσπερ
1773 880 1873 944 τάς

288 972 567 1040 κοσμικὰς
591 972 912 1042 διαφθορὰς,
935 971 1076 1025 οὕτω
1094 971 1157 1044 δὴ
1181 971 1271 1025 καὶ
1298 972 1399 1037 τὰς
1431 973 1529 1042 τῆς
1545 971 1875 1042 Ἐκκλησίας

254 1090 257 1099 ν
292 1062 589 1131 παύεσθαι,
640 1063 735 1117 τὸν
773 1063 1081 1119 Ἀκίνδυνον
1123 1065 1426 1136 Γρηγόριον
1458 1066 1538 1119 ἔτι
1593 1065 1873 1137 περιόντα,

292 1150 349 1214 ὃς
367 1168 456 1213 τις
474 1150 580 1222 τῆς
594 1151 854 1224 τοιαύτης
881 1154 1183 1227 διαφθορᾶς
1201 1157 1336 1225 μετά
1356 1153 1618 1226 Βαρλαάμ
1649 1156 1880 1226 μάλιστα

255 1274 263 1283 ι
295 1245 562 1316 προέστη,
590 1246 687 1318 οὐχ
718 1245 885 1314 ἅπαξ,
911 1245 1164 1301 ἀλλά-καὶ
1192 1246 1466 1311 πολλάκις,
1475 1250 1881 1320 μετεπέμψατο,

296 1335 645 1389 καὶ-ἐκέλευε
671 1336 782 1390 τῶν
802 1338 1341 1409 ἀντικαθισταμένων
1386 1340 1689 1409 ἀναφανδὸν
1747 1359 1883 1395 κατ-

297 1433 545 1500 ητορεῐν,
577 1432 632 1486 ετ
655 1450 707 1487 τι
728 1431 864 1504 ἔχοι.
897 1416 1149 1488 Μάλιστά
1180 1435 1299 1506 γὰρ·
1346 1435 1529 1501 αύτόν,
1559 1439 1639 1501 είς
1693 1436 1888 1504 λόγους

298 1520 557 1592 ἀλλήλοις
572 1523 833 1578 ἐλθόντων
848 1525 956 1579 τῶν
983 1525 1166 1599 μερῶν
1196 1525 1478 1597 βούλεσθαι
1510 1527 1893 1600 είδέναιτάληο

297 1610 414 1678 θὲς,
446 1615 515 1668 ἐκ
552 1615 663 1668 τῶν
706 1617 858 1686 ’πρδς
904 1617 1169 1689 ἀλλήλους
1222 1618 1543 1689 ἀιτιλογιῶν
1601 1622 1890 1692 γινομένου

296 1704 594 1775 ἐναργοῦς..
628 1703 931 1772 Ἀκίνδυνος
957 1710 1085 1780 γὰρ,
1104 1710 1266 1774 αὐτὸς
1291 1710 1389 1782 μὲν
1414 1712 1891 1784 παρρησιάζεσθαι

298 1796 401 1848 οὐκ
422 1795 676 1868 ἐθάρρει,
732 1797 955 1870 ἐτέρους
1007 1800 1064 1854 δέ
1120 1818 1276 1867 τινας
1328 1803 1709 1875 προσπέμπων
1760 1805 1889 1868 τοὺς

300 1884 455 1957 αὐτῷ
487 1856 844 1960 φρονούνταςι’
870 1856 981 1956 ἶσα,
1044 1856 1272 1963 βασιλεῖ⁷
1306 1856 1386 1948 δι’ι
1435 1856 1593 1966 ὕχλου
1640 1856 1886 1966 γίνεσθαι
1919 1856 1960 1911 Β

303 1978 631 2046 asapia-cstas,
667 1980 763 2034 καὶ
791 1980 891 2053 τὴν
913 1982 1067 2055 δίκην
1115 1986 1444 2052 ἐξαιτεῖσθαι
1467 1987 1544 2050 ὡς
1600 1989 1889 2061 ἀδικουμέ-

297 2083 453 2136 νους,
520 2070 618 2123 καὶ
668 2071 999 2147 διαστροφὴν
1059 2077 1495 2148 ἐγκαλουμένους
1551 2080 1660 2136 τῶν
1712 2082 1889 2154 ὀρθῶν

302 2156 619 2228 δογμάτων,
640 2161 750 2216 τῶν
765 2166 896 2236 περὶ
918 2166 1184 2237 Παλαμᾶν
1205 2169 1406 2239 μᾶλλον
1421 2173 1678 2225 τοιούτων
1695 2172 1888 2239 ὄντων,

305 2250 401 2303 καὶ
427 2251 655 2306 δικαίων
687 2253 1023 2320 ἐξωθεῖσθαι.
1061 2257 1141 2311 Δι’
1167 2260 1203 2313 ἀ
1240 2262 1267 2314 ὀ
1313 2259 1590 2331 βασιλεὺς,
1649 2263 1891 2319 Ἀκινδύ-

290 2357 385 2411 mp
441 2341 647 2413 μᾶλλον
692 2348 1005 2420 παρρησίας
1029 2351 1329 2421 μετεδίδου,
1387 2354 1485 2410 καὶ
1543 2356 1759 2410 ἐκέλευε
1812 2359 1889 2431 μὴ

326 2433 477 2516 αἰνῶν
501 2438 897 2509 κρυπτόμενον,
932 2440 998 2494 δι’
1034 2443 1235 2514 ἑτέρων
1261 2443 1356 2517 τὴν
1382 2447 1648 2517 διαφορὰν
1690 2448 1887 2503 ἀνακι-

335 2525 469 2576 νεῖν·
500 2526 608 2581 ἀλλ’
636 2530 799 2585 αὐτὸν
837 2532 896 2586 ὲν
931 2520 1151 2606 φανερῷ
1180 2537 1293 2602 τοῖς
1345 2538 1610 2601 ἐναντίοις
1663 2540 1892 2595 ἀντικαο

328 2620 609 2690 fmina,
672 2624 707 2694 ἦ
763 2627 921 2698 νικᾷν
977 2627 1042 2682 ἂν
1115 2629 1377 2701 φαίνηται
1465 2632 1669 2701 μᾶλλον
1727 2634 1892 2697 αὐτὸς

320 2712 674 2786 εὐωδέστερα
715 2717 1052 2789 πρεσϐεύων,
1083 2719 1115 2790 ἦ
1153 2721 1468 2792 ἡττώμενος
1520 2725 1889 2794 διορθοῦσθαι,

316 2807 406 2859 καὶ
438 2805 521 2878 μὴ
539 2809 933 2881 ἀναισχυντεῖν,
964 2810 1053 2882 ἐφ’
1080 2807 1162 2878 οἷς
1228 2815 1390 2879 αὐτὸς
1428 2818 1605 2871 ἀδικεῖ
1661 2819 1893 2889 μᾶλλον,

318 2896 531 2969 ἑτέροις
580 2899 679 2970 τὴν
730 2906 1089 2977 παρατροπὴν
1148 2906 1250 2978 τῆς
1300 2910 1561 2980 ἀληθείας
1617 2914 1889 2982 ἐγκαλῶν.

326 2988 643 3055 ’Δκίνδυνος
678 2993 733 3047 δὲ
763 2994 1200 3068 ἀπηγγελμένων
1244 3000 1396 3070 αύτῷ
1457 3002 1565 3056 τῶν
1621 3003 1892 3074 βασιλέως

296 3079 519 3149 λόγων,
550 3083 782 3153 μάλιστα
807 3087 906 3158 μὲν
930 3088 1136 3159 ἔφασκε
1169 3090 1455 3163 βούλεσθαι
1509 3098 1896 3156 ἀντικαθίστα-

1970 605 2268 659 eessarium
2325 613 2587 675 reputans
2634 603 2913 675 quomodo
2957 604 3192 667 civiles,
3245 603 3329 659 sic
3379 603 3548 657 etiam

1972 698 2374 754 ecclesiasticas
2428 698 2624 753 sedare
2703 698 2832 754 lites
2902 707 3066 769 atque
3120 696 3553 758 controversias,

1950 854 1955 859 ,
1974 790 2298 862 Gregorium
2311 790 2660 862 Acindynum
2676 791 2859 847 adhuc
2870 791 3223 869 superstitem
3248 789 3416 860 798
3435 790 3553 859 (qui

1976 894 2099 935 eum
2150 881 2436 937 Barlaamo
2489 882 2620 938 huic
2651 881 2881 939 dissidio
2931 893 3126 939 auctor
3193 892 3250 937 et
3292 890 3558 951 patronus

1978 970 2136 1040 fuit),
2171 987 2281 1028 non
2309 973 2501 1039 semel,
2533 974 2630 1030 sed
2656 975 2859 1045 saepius
2887 974 3207 1041 advocavit,
3224 981 3282 1029 et
3300 973 3561 1028 adversa-

1979 1064 2113 1129 rios,
2144 1065 2218 1128 ﬁsi
2272 1064 2405 1134 quid
2458 1066 2707 1130 haberet,
2772 1066 3063 1122 manifeste
3117 1081 3253 1121 reos
3298 1079 3561 1134 peragere

1975 1155 2144 1227 jussit
2179 1170 2194 1207 :
2238 1155 2473 1209 maxime
2503 1157 2651 1210 enim
2697 1170 2779 1219 se,
2816 1157 3077 1226 partibus
3100 1155 3562 1225 disceptantibus.

1983 1245 2271 1301 veritatem
2317 1261 2385 1301 ex
2435 1256 2626 1301 mutua
2662 1248 3018 1305 contentione
3059 1248 3370 1303 elueentem
3424 1245 3565 1299 velle

1985 1353 2339 1410 cognoscere.
2366 1339 2688 1412 Aeindynus
2723 1340 2997 1410 siquidem
3048 1341 3164 1410 ipse
3195 1339 3378 1394 libere.
3413 1337 3564 1407 loqui

1990 1447 2103 1487 non
2126 1416 2517 1497 audebat,.Sed
2570 1432 2712 1489 alios
2744 1432 3014 1504 quosdam
3058 1430 3252 1485 farina:
3291 1445 3406 1486 suae
3434 1429 3569 1484 alle-

1990 1536 2145 1593 gens,
2180 1521 2451 1578 suadebat
2478 1524 2562 1579 eis
2586 1524 2884 1594 “nequiter,
2920 1523 3412 1592 utimperatorem
3446 1529 3570 1574 tur-

1990 1613 2215 1683 barent,
2252 1622 2308 1669 et
2363 1613 2640 1671 actionem
2684 1623 2947 1686 tanquam
2986 1615 3122 1677 laesi,
3169 1615 3348 1684 deque
3377 1627 3572 1668 corru-

1995 1706 2138 1776 ptela
2171 1715 2447 1763 rectorum
2485 1708 2800 1778 dogmatum
2850 1707 2988 1763 falso
3030 1705 3270 1762 accusati
3323 1704 3572 1775 postula-

1998 1809 2142 1867 rent,
2196 1816 2320 1858 cum
2371 1803 2556 1874 potius
2603 1803 2738 1858 socii
2786 1802 3025 1858 Palama’e
3069 1801 3206 1856 tales
3249 1806 3460 1865 essent,
3516 1807 3575 1853 et

1990 1893 2261 1963 proscribi
2296 1902 2663 1950 mererentur.
2690 1894 2960 1961 Quocirca
2986 1894 3289 1964 imperator
3309 1891 3572 1962 majorem

1988 1981 2289 2055 Acindyno.
2325 1984 2637 2040 libertatem
2688 1984 3063 2056 impertiebat,
3108 1984 3341 2039 hortans
3394 1996 3463 2037 ne
3514 1995 3574 2036 se

1988 2076 2310 2142 occultaret,
2349 2086 2448 2132 aut
2476 2092 2573 2147 per
2598 2078 2736 2132 alios
2769 2078 3178 2133 controversias
3220 2076 3519 2131 suscitaret
3555 2091 3572 2130 :

1989 2169 2085 2225 sed
2132 2169 2308 2239 palam
2357 2184 2422 2225 ac
2470 2185 2570 2240 per
2623 2185 2698 2226 se.
2749 2168 3088 2225 adversariis
3140 2168 3426 2231 resistens,
3480 2174 3577 2221 aut

1989 2266 2258 2329 vinceret,
2283 2264 2329 2318 si
2360 2262 2535 2334 magis
2569 2263 2832 2333 pietatem
2882 2262 3000 2331 ipse
3030 2260 3217 2316 colere
3246 2258 3575 2314 videreturzz

1992 2366 2086 2415 aut
2119 2359 2298 2414 victus
2324 2358 2695 2429 corrigeretur
2730 2374 2744 2410 :
2778 2371 2918 2412 neve
2965 2354 3321 2425 impudenter
3366 2359 3578 2423 ageret,
3678 2352 3685 2359 ‘

1992 2449 2116 2505 aliis
2147 2447 2548 2505 dissensionem
2582 2464 2613 2502 a
2656 2447 2889 2502 veritate
2932 2445 3302 2516 exprobrans,
3352 2457 3477 2496 cum
3510 2441 3578 2507 in

1993 2558 2059 2598 eo
2091 2541 2324 2611 ipsemet
2357 2540 2542 2598 scelus
2573 2540 2914 2595 admitteret.
2967 2538 3065 2595 Ille
3110 2535 3299 2593 verbis
3345 2534 3585 2605 impera-

1993 2634 2131 2689 toris
2180 2632 2285 2688 sibi
2340 2612 2671 2687 renuntiatis
2721 2624 3029 2702 pe’rcupere
3087 2646 3148 2686 se
3207 2630 3348 2685 dixit
3390 2630 3579 2702 .palam

1993 2728 2332 2799 respondere
2385 2727 2753 2793 adversariis;
2800 2727 2998 2783 timere
3035 2722 3255 2793 autem,
3282 2742 3353 2782 ne
3399 2728 3444 2782 si
3476 2743 3581 2797 ιιυτ

1995 2818 2141 2874 blico
2175 2833 2234 2875 se
2267 2817 2478 2884 credat,
2515 2832 2706 2888 prunas
2736 2824 3064 2886 reposcatur
3095 2832 3310 2881 eorum,
3355 2816 3411 2870 in
3450 2815 3586 2885 qui-

1996 2911 2102 2968 bus
2130 2911 2458 2982 patriarchae
2494 2911 2693 2967 Joanni
2737 2910 2870 2966 belli
2916 2919 3167 2979 tempore
3206 2908 3581 2974 subserviens,

2000 3003 2390 3071 imperatorem
2427 3000 2748 3057 oti'enderit.
2783 3001 3092 3069 imperator
3125 3001 3312 3055 statim
3342 3000 3585 3056 edictum

1998 3096 2277 3166 proponit,
2310 3104 2368 3149 ut
2393 3094 2716 3165 Acindynus
2746 3093 2883 3148 nihil
2914 3092 3113 3148 durius
3156 3091 3482 3157 formidans,
3515 3093 3588 3148 de

320 3173 449 3273 σθαι
498 3180 613 3241 τοῖς
671 3181 1035 3251 ἀντιλέγουσι.
1085 3185 1392 3241 Δεδοικέναι
1442 3187 1499 3273 δέ
1538 3189 1615 3260 μὴ
1660 3195 1895 3265 φανερὸς

2001 3187 2280 3257 dogmatis
2303 3201 2425 3256 qua:
2453 3201 2584 3241 vera
2629 3192 2813 3255 putet,
2840 3186 2982 3240 citra
3019 3191 3228 3239 metum
3274 3178 3585 3253 expromat.

317 3271 639 3338 γενόμενος,
671 3275 820 3338 δίκας
866 3277 1167 3350 ἀπαιτῆται
1197 3272 1268 3332 ὧν
1291 3281 1385 3335 καὶ
1415 3271 1578 3346 αύτδς
1632 3285 1781 3354 παρά
1803 3286 1893 3340 τὸν

315 3362 416 3416 τοῦ
445 3362 688 3435 πολέμου
721 3367 908 3437 χρόνον
938 3369 1014 3440 τῷ
1040 3371 1351 3445 πατριάρχῃ
1394 3373 1615 3446 Ἰωάννῃ
1648 3378 1896 3446 συναιρό-

318 3471 486 3526 μενος
534 3459 901 3531 προσέκρουσε
938 3462 1074 3535 πρὸς
1131 3464 1378 3536 βασιλέα.
1413 3467 1523 3522 Καὶ
1569 3471 1598 3522 ὀ
1641 3469 1896 3539 βασιλεὺς

314 3548 814 3621 αύτίκσξθὲσπισμα
842 3551 1092 3622 ὲξετίθει,
1115 3555 1256 3610 ὥστε
1282 3558 1557 3629 μηδεμίαν
1590 3558 1897 3614 Ἀκίνδυνον

318 3636 537 3707 βλάϐην
553 3637 1025 3708 ὐφοράσθαι,,ἀλλά
1045 3644 1329 3719 παρρησίᾳ
1347 3647 1474 3717 περὶ
1488 3647 1595 3701 τῶν
1612 3648 1899 3720 δογμάτων

317 3727 509 3795 λέγειν
547 3729 646 3782 ὅσα
671 3730 836 3785 οἴεται
866 3728 1005 3787 εἶναι
1047 3734 1244 3806 ἀληθῆ.
1303 3736 1361 3789 ’0
1385 3736 1442 3789 δὲ
1472 3738 1566 3790 καὶ
1602 3742 1749 3809 μετά
1800 3739 1900 3810 τὴν

322 3819 599 3890 τοσαύτην
628 3820 808 3875 ἄδειαν
832 3822 1032 3894 μᾶλλον
1056 3826 1267 3898 ἀφανὴς
1296 3822 1386 3898 ἦν,
1437 3829 1532 3882 καὶ
1587 3829 1679 3884 τὸν
1737 3831 1900 3900 ζόφον

325 3910 607 3981 ᾑρημένος
667 3912 793 3984 ἄχρι
843 3915 1125 3988 τελευτῆς,
1184 3919 1281 3972 καὶ
1335 3920 1478 3991 μετὰ
1528 3919 1628 3993 τὴν
1687 3923 1899 3976 ἐκείνου

328 4002 603 4075 τελευτὴν,
639 4006 694 4059 οἵ
708 4024 768 4060 τε
802 4010 1066 4081 πρότερον
1106 4012 1172 4066 τὰ
1206 4011 1294 4066 ἶσα
1321 4014 1610 4085 ᾑρημένοι,
1654 4015 1900 4082 διαδεξά-

343 4111 485 4163 μενοι
509 4099 608 4168 τὴν
637 4099 1022 4171 διαφορὰν,ἐτι
1044 4098 1109 4156 ’τε
1131 4105 1159 4157 ό
1188 4105 1286 4175 τῆς
1326 4105 1591 4176 Ἐφεσίων
1618 4108 1899 4180 πρόεδρος,

352 4187 440 4239 καί
475 4189 621 4244 ἄλλοι
685 4193 799 4246 ὅσοι
848 4194 1235 4264 αἱρεθήσεσθαι
1301 4197 1612 4263 ἐλπίζοντες
1648 4200 1742 4254 ἐπὶ
1792 4200 1903 4256 τῶν

359 4284 744 4355 πατριαρχικῶν
763 4285 970 4357 θρόνων
985 4289 1329 4360 ἠγανάκτουν
1361 4293 1449 4346 διὰ
1466 4293 1564 4364 τὴν
1578 4293 1901 4364 ἀποτυχίαν,

351 4375 696 4446 προσθέμενοι
726 4380 975 4447 ἐκείνοις,
1007 4383 1099 4435 καί
1124 4385 1502 4456 τοιςΒαρλαάμ
1550 4404 1611 4439 τε
1655 4388 1905 4458 καταψη-

336 4463 626 4533 φισάμενοι
665 4469 763 4539 τὴν
797 4469 995 4541 ἀρχὴν,
1050 4474 1145 4524 καὶ
1189 4470 1416 4545 ὕστερον
1466 4474 1609 4528 κατά
1655 4476 1904 4529 Ἰωάννου

1999 3278 2372 3334 Nihilominus
2437 3278 2550 3341 ille,
2583 3277 2751 3331 etiam
2786 3284 2937 3330 tanta
2988 3274 3246 3331 libertate
3296 3291 3584 3335 concessa.

2006 3384 2067 3424 se
2106 3369 2379 3432 occulere,
2412 3377 2468 3423 et
2499 3367 2555 3422 in
2598 3367 2825 3422 latebris
2858 3381 3031 3436 usque
3068 3366 3137 3421 ad
3180 3366 3396 3421 obitum
3447 3366 3588 3421 deliv-

2006 3469 2241 3519 tescere.
2302 3461 2435 3516 Post
2458 3458 2703 3515 hominis
2752 3459 2966 3515 obitum
3016 3460 3137 3530 ejus
3189 3469 3355 3515 sectae
3396 3457 3590 3513 alliues

2006 3552 2296 3608 dissidium
2347 3552 2689 3623 excipientes
2742 3551 3151 3623 (Ephesiorum
3199 3552 3467 3617 antistite,
3532 3561 3590 3607 et

2006 3645 2131 3700 aliis
2158 3645 2255 3714 qui
2281 3660 2338 3701 se
2369 3645 2571 3699 throno
2595 3643 2967 3713 patriarchico
2995 3658 3161 3713 quem
3187 3653 3588 3712 speraverant,

2007 3737 2284 3793 excidisse
2361 3737 2811 3807 indignabantur,
2868 3736 3286 3802 accedentibus,
3337 3734 3595 3806 quamvis

2007 3827 2356 3882 Barlaamum
2416 3842 2448 3882 a
2505 3826 2780 3897 principio
2846 3827 3227 3893 damnassent,
3289 3834 3593 3896 posteaque

2010 3930 2199 3976 contra
2227 3920 2492 3977 Joannem
2541 3919 2934 3990 patriarcham,
2988 3929 3046 3974 et
3097 3918 3440 3989 Acindynum
3482 3917 3592 3971 fre»

2012 4013 2305 4080 iuuissent,
2335 4023 2392 4068 et
2432 4013 2692 4068 omnibus
2725 4011 2955 4068 calculis
2989 4011 3143 4066 illum
3190 4009 3458 4081 de'gradu
3492 4009 3592 4063 de-

2016 4107 2353 4167 turbassent,
2407 4103 2477 4158 ob
2535 4103 2643 4159 hoc
2699 4103 2902 4167 solum,
2961 4103 3111 4173 quod
3172 4103 3445 4157 Barlaami
3536 4110 3601 4157 et

2013 4195 2280 4266 Acindyni
2300 4181 2620 4250 doctrinam
2652 4193 3066 4264 admiraretur)
3093 4195 3596 4260 tumultuahautur;

2014 4297 2070 4342 et
2122 4285 2423 4341 Ecclesiam
2480 4286 2942 4350 criminabantur,
3000 4285 3153 4354 quod
3203 4285 3273 4339 de
3308 4285 3598 4355 dogmatis

2007 4378 2164 4444 ﬁdei,
2194 4395 2316 4450 qua:
2354 4377 2590 4447 theologi
2617 4376 3137 4440 nontradidissent,
3175 4375 3293 4444 ipsa
3318 4386 3375 4431 et
3423 4378 3601 4431 hono-

2017 4472 2169 4526 rillce
2201 4471 2450 4535 sentiret,
2478 4478 2533 4523 et
2562 4469 2707 4523 alios
2734 4468 2980 4523 doceret.
3028 4467 3241 4522 Idcirco
3272 4466 3597 4537 imperator,

330 4556 429 4610 τοῦ
447 4562 804 4631 πατριάρχου,
821 4564 915 4616 καὶ
948 4564 1259 4620 ⁹Ακινδύνου
1300 4566 1635 4631 πνεύσαντες
1651 4567 1898 4639 σφοδρὸν,

2013 4575 2202 4621 coacta
2225 4563 2457 4637 synodo,
2504 4563 2759 4633 dogmata
2809 4562 2865 4616 in
2927 4561 3373 4631 disquisitionem
3419 4561 3601 4616 addu.

326 4651 434 4705 καὶ
456 4650 656 4721 ψήφοις
680 4655 916 4720 ἀπάσαις
948 4658 1155 4711 ἐκεῖνον
1202 4656 1525 4722 καθελόντες
1576 4657 1677 4728 τῆς
1729 4659 1908 4729 ἀρχῆς

325 4742 402 4796 δι’
434 4743 589 4796 οὐδὲν
617 4743 819 4817 ἕτερον,
858 4745 974 4817 ἢτὺ
1013 4746 1384 4817 τὰΒαρλαὰμ
1439 4751 1534 4802 καὶ
1592 4746 1908 4801 Ἀκινδύνου

325 4835 838 4905 πεπρεσϐευκέναι,
880 4837 1186 4909 ἐθορύϐουν
1233 4855 1292 4892 τε
1363 4840 1590 4910 ὕστερον
1655 4840 1753 4893 καὶ
1812 4841 1913 4911 τῆς

342 4930 682 5003 Ἐκκλησίας
706 4933 1065 5006 κατηγόρουν,
1093 4934 1168 4999 ὡς
1194 4936 1345 5008 παρά
1369 4936 1477 4990 τῶν
1512 4934 1780 5004 θεολόγων
1813 4934 1914 5007 τὴν

330 5022 647 5099 παράδοσιν
697 5029 826 5099 περί
877 5027 988 5080 τῶν
1038 5028 1140 5096 τῆς
1196 5028 1434 5093 πίστεως
1482 5029 1770 5098 δογμάτων
1818 5027 1916 5081 καὶ

329 5119 773 5193 πρεσϐευούσης,
807 5121 905 5175 καὶ
936 5121 1062 5184 τοὺς
1092 5119 1283 5185 ἀλλους
1317 5119 1701 5192 διδασκούσης.
1731 5118 1809 5171 Δι’
1833 5116 1870 5172 ἀ
1889 5118 1917 5170 ό

335 5200 602 5291 βασιλεὺς
653 5212 806 5284 ᾠήθη
858 5215 970 5267 δεῖν
1036 5215 1252 5269 σύνοδον
1322 5213 1606 5286 ἀθροίσας,
1671 5210 1918 5279 ἐξέτασιν

333 5306 617 5362 ποιεῖσθαι
679 5311 801 5380 περὶ
837 5307 945 5361 τῶν
986 5305 1089 5378 τῆς
1136 5308 1370 5372 πίστεως
1418 5307 1727 5378 δογμάτων.
1765 5304 1922 5358 Ἐπεὶ

331 5405 398 5459 δὲ
434 5400 696 5472 συνῆλθον
722 5400 772 5456 οἱ
801 5400 1160 5473 ἑκασταχόθεν
1184 5399 1486 5471 προστάται
1533 5399 1641 5454 τῶν
1686 5399 1933 5471 Ἐκκλη·

340 5497 481 5551 σιῶν
507 5495 835 5565 ἀμφοτέρων
868 5492 976 5547 τῶν
1006 5493 1189 5565 μερῶν
1216 5492 1524 5564 γενομένων
1547 5494 1604 5546 ἐν
1633 5491 1922 5565 βασιλείοις

243 5584 250 5589 ’
342 5592 459 5648 τοῖς
490 5588 602 5643 τῶν
625 5588 948 5659 Βλαχερνῶν
983 5586 1317 5658 λεγομένοις,
1359 5585 1454 5639 καὶ
1510 5584 1774 5655 βασιλέως
1825 5580 1925 5638 τοῦ

347 5680 804 5753 Καντακουζηνοῦ
824 5679 1107 5748 παρόντος,
1126 5679 1219 5734 καὶ
1235 5678 1345 5733 τῶν
1366 5679 1423 5733 ἐν
1450 5676 1594 5731 τέλει
1634 5675 1927 5748 Ῥωμαίων

350 5777 457 5831 τῶν
482 5776 719 5847 μάλιστα
740 5770 1048 5845 ἐπιφανῶν,
1084 5774 1177 5827 ἐπὶ
1227 5772 1520 5841 τέσσαρσιν
1547 5769 1788 5841 ἡμέραις
1819 5769 1927 5821 τῶν

352 5870 878 5942 ἀμφισόητονμένων
943 5867 1045 5937 τὴν
1099 5864 1344 5932 ἐξέτασιν
1400 5864 1744 5935 ἐποιήσαντο.
1783 5861 1927 5915 Ὅσα

972 6008 1011 6059 ιι

2015 4655 2189 4711 cenda
2228 4654 2464 4710 censuit.
2499 4651 2619 4722 ,Ubi
2665 4650 3036 4722 undequaque
3092 4652 3463 4707 Eeclesiarum
3515 4667 3604 4705 τε-

2015 4757 2197 4803 etores
2249 4746 2648 4810 cenvenerunt,
2711 4754 2768 4800 et
2821 4753 3056 4814 utraque
3132 4759 3263 4814 pars
3333 4743 3492 4801 aﬂuit
3542 4744 3605 4798 in

2016 4840 2217 4910 palatio
2262 4840 2317 4895 iu
2363 4838 2686 4895 Blacheruis
2722 4853 2846 4908 quae
2887 4836 3170 4902 dicuntur,
3223 4837 3382 4894 aﬂuit
3433 4838 3636 4915 etiam!

2016 4932 2441 4989 Cantacuzenus
2474 4931 2799 5001 imperator,
2839 4938 2897 4986 et
2929 4930 2998 4985 de
3031 4929 3324 4986 nobilitate
3353 4931 3622 4986 Romana‘

2020 5021 2637 5093 illustrissimiunue,
2665 5020 2832 5092 799
2875 5021 3046 5091 inque
3095 5022 3617 5079 controversiarum

2020 5117 2326 5189 quaestione
2352 5116 2473 5172 dies
2501 5125 2741 5186 quatuor
2780 5114 3121 5185 consumpti
3144 5123 3295 5170 sunt.
3343 5114 3607 5181 Quaenam

2021 5210 2190 5282 igitur
2216 5208 2291 5263 ibi
2321 5207 2708 5263 altercationes
2734 5205 3050 5263 exstiterint
3071 5207 3304 5261 Palamae
3320 5204 3615 5262 Thessalo-

2022 5303 2265 5359 nicensis
2315 5302 2560 5373 episcopi
2611 5301 2862 5374 (cumteo
2903 5299 3054 5356 enim
3096 5299 3444 5370 potissimum
3489 5314 3611 5354 cera

2027 5403 2209 5450 tamen
2236 5395 2387 5464 erat),
2407 5402 2464 5449 et
2491 5392 2997 5461 Acindvnianorum
3044 5392 3302 5463 (quorum
3351 5390 3529 5462 capita
3553 5395 3630 5444 et

2025 5488 2372 5558 antesignani
2402 5487 2629 5558 Ephesi,
2662 5493 2718 5542 et
2751 5485 2890 5542 Gani
2923 5485 3310 5556 metropolitae,
3338 5483 3616 5553 Gregoms

2008 5581 2161 5638 'item
2218 5589 2273 5636 et
2310 5580 2512 5635 Dexius
2545 5577 3198 5651 eram-commemorare
3243 5580 3344 5633 hoc
3370 5576 3491 5630 loco
3519 5586 3623 5626 δυσ

2027 5687 2433 5745 pervacaneum
2474 5679 2643 5729 esset.
2699 5669 2758 5726 Si
2805 5670 2966 5742 cujus
3019 5685 3086 5724 ea
3136 5682 3300 5724 nosse
3351 5667 3621 5724 interest,

2033 5776 2245 5823 tomum
2278 5780 2447 5836 super
2472 5764 2579 5820 hoc
2612 5762 3012 5832 conscriptum,
3038 5768 3094 5816 et
3122 5757 3403 5829 sigillatim
3423 5753 3626 5810 omnia;

2034 5866 2379 5917 recusantem
2458 5856 2604 5927 legat
2674 5853 2844 5920 licet,
2909 5859 2991 5906 sat
3056 5859 3337 5920 superque
3400 5842 3637 5947 ’omuias
