4056 6516
472 357 573 420 183

1648 369 1973 429 JOA'NNIS
2021 371 2547 435 CANTACUZENI

3621 384 3724 450 184

460 476 656 533 discet.
691 475 826 532 Illud
860 481 1245 540 tantummodo
1268 482 1395 538 huic
1421 483 1666 541 historiae
1701 487 2030 542 inserendum

2159 490 2257 555 μὲν
2283 490 2374 543 οὖν
2406 492 2658 568 ἀλλήλοις
2691 491 2961 556 ἀντεῖπον,
3023 491 3286 561 Παλαμᾶς
3315 511 3375 547 τε
3400 496 3428 548 6
3461 495 3736 550 Θεσσαλοο

463 568 744 635 duximus,
791 571 1062 642 Acindyni
1093 583 1424 639 sectatores,
1456 578 1610 645 quasi
1653 582 1706 632 in
1741 579 1860 648 ipso
1885 579 2048 641 furto,

2153 585 2329 654 νίκης,
2355 583 2490 654 πρὸς
2515 585 2721 640 ἐκεῖνον
2752 584 2860 653 γάρ
2887 584 3130 654 μάλιστα
3160 588 3187 639 6
3218 586 3374 654 λόγος
3395 582 3495 658 ἦν,
3532 589 3626 642 καὶ
3677 590 3734 642 οι

458 673 522 716 ut
553 662 778 727 dicitur,
820 680 945 719 cum
979 667 1276 722 ‘Barlaamo
1308 669 1374 722 de
1415 669 1672 725 Ecclesia
1704 671 2033 741 dogmatibus

2150 674 2218 728 τά
2277 675 2584 730 Ἀκινδύνου
2629 677 2931 746 ᾑρημένοι,
2990 669 3064 730 ὧν
3101 672 3178 746 ,ἦν
3227 675 3543 746 κεφάλαιον,
3591 678 3620 731 ὃ
3672 693 3739 734 τε

460 767 656 823 sapere
714 754 1092 825 deprehensos
1148 759 1339 816 fuisse.
1410 759 1754 828 Quapropter
1805 762 2048 832 synodus

459 845 661 913 Ephesi
713 855 771 899 et
836 848 972 902 Gaul
1029 851 1318 920 episcopos
1363 851 1556 906 ordine
1604 853 1905 907 movendos
1935 854 2031 908 de—

460 940 638 993 crevit
667 957 682 994 :
715 940 1063 996 Barlaamum
1103 958 1253 1008 vero,
1283 952 1340 998 et
1368 944 1709 1014 Acindynum
1738 961 1767 999 a
1818 945 2045 1014 reliquo

462 1030 723 1086 Ecclesia:
781 1048 1036 1103 corpore,
1093 1044 1153 1088 ut
1205 1035 1448 1090 membra
1492 1038 1682 1092 morbo
1731 1039 2024 1092 insanabili

461 1122 686 1188 infecta,
733 1125 1050 1194 nulliusque
1098 1129 1460 1182 correctionis
1509 1139 1633 1197 post
1673 1141 1902 1184 mortem
1951 1147 2042 1186 ca-

457 1214 636 1281 pacia,
669 1215 960 1274 manifeste
990 1219 1310 1283 amputavit.
1359 1218 1415 1273 Si
1446 1219 1570 1288 quis
1619 1228 1804 1274 autem
1849 1237 2041 1276 eorum

457 1305 671 1360 nefaria
704 1305 987 1376 impietate
1034 1310 1288 1364 damnata
1322 1310 1388 1364 ad
1421 1321 1622 1366 rectam
1651 1329 1764 1368 sem
1785 1315 1912 1367 itam
1951 1331 2042 1371 re-

458 1398 640 1463 diens,
700 1400 1072 1469 incorruptam
1110 1403 1371 1457 Ecclesiae
1425 1405 1734 1460 doctrinam
1797 1409 2042 1477 comple-

455 1497 720 1553 uteretur,
775 1504 900 1543 eum
960 1490 1029 1543 ab
1096 1492 1339 1548 Ecclesia
1394 1494 1835 1564 suscipiendum,
1887 1506 2042 1551 etut

457 1579 704 1632 membro
754 1579 1019 1649 legitimo,
1068 1583 1190 1638 sine
1239 1584 1345 1638 ulla
1392 1587 1800 1654 praeteritorum
1851 1603 2040 1658 repre-

460 1670 752 1736 hensione,
783 1669 1352 1743 {autexprobratione
1399 1678 1800 1746 providendum
1861 1690 2037 1736 statu-

453 1769 640 1815 erunt.
664 1760 771 1828 Qui
800 1778 975 1832 usque
1004 1765 1068 1818 ad
1106 1775 1413 1819 extremum
1440 1768 1696 1836 spiritum
1720 1753 2036 1825 'ohstinatus

455 1856 749 1919 manta-etf,
801 1853 998 1907 iisdem
1049 1855 1264 1923 renis,
1313 1856 1519 1925 quibus

458 1942 808 2014 Acindynus,
845 1945 1197 2003 multaretur.
1234 1946 1552 2002 Secundum
1572 1949 1688 2004 hrec
1713 1962 1892 2006 tomus
1923 1961 2035 2006 ter-

451 2035 568 2089 tius
639 2033 858 2090 duobus
889 2035 1176 2104 prioribus
1217 2048 1302 2094 est
1330 2038 1570 2094 additus.
1603 2040 1740 2094 Nam
1785 2043 1877 2096 ille
1916 2053 2038 2111 post

447 2125 686 2182 Joannis
718 2129 1046 2198 patriarohze
1097 2130 1506 2186 abdicationem
1545 2136 1897 2204 conscriptus
1925 2138 2036 2208 (cui

445 2217 620 2272 etiam
696 2219 1013 2287 patriarcha
1094 2219 1600 2292 Hierosolymorum
1682 2225 2034 2298 subscripsit)

453 2307 724 2364 Barlaami
767 2319 827 2365 et
873 2311 1140 2382 Aeindyni
1189 2312 1513 2368 sceleratam
1566 2315 1904 2385 impietatem
1981 2329 2038 2374 et

446 2415 848 2470 germanorum
929 2402 1244 2474 dogmatnm
1328 2391 1741 2475 corruptionem
1833 2409 2038 2482 detegit

447 2495 644 2562 (quam
681 2493 753 2550 ob
778 2509 1004 2549 causam
1047 2506 1102 2550 et
1147 2497 1388 2552 Joannes
1421 2499 1736 2567 patriarcha
1767 2501 1897 2556 sede
1939 2517 2035 2557 sua

455 2582 722 2652 depulsus
756 2596 862 2650 est,
909 2585 1052 2655 quod
1111 2588 1374 2642 nimirum
1417 2605 1540 2644 cum
1588 2591 1869 2646 Barlaamo
1907 2607 2038 2647 scn~

457 2674 636 2744 tiret),
665 2686 721 2731 et
767 2676 999 2746 primus,
1053 2690 1177 2748 post
1219 2679 1667 2749 d'ijudicationem
1735 2683 2034 2739 Andronici

451 2765 691 2835 junioris
749 2767 1094 2837 imperatoris
1145 2771 1504 2841 compositus,
1558 2773 1777 2842 quando
1829 2783 1885 2828 et
1944 2791 2037 2841 pa-

453 2858 697 2912 triarcha
719 2859 956 2916 Joannes
987 2861 1196 2931 synodo
1228 2862 1578 2930 praesidebat.
1631 2879 1792 2933 quem
1834 2874 1891 2919 et
1920 2867 2036 2936 ipse

455 2964 619 3010 manu
653 2965 752 3006 sua
797 2938 1166 3020 subsignavit,
1195 2969 1304 3005 non
1352 2953 1528 3006 solum
1580 2954 1928 3010 Barlaamum
1981 2969 2036 3011 et

453 3041 824 3112 Acindynum,
860 3050 920 3095 ut
965 3043 1199 3113 iniustos
1252 3044 1646 3099 monachorum
1682 3056 2037 3104 accusatores

1597 1858 1914 1932 Barlaamus
1980 1870 2037 1916 et
2063 1866 2070 1892 ³

2162 766 2388 834 Ἐφέσου
2432 770 2527 821 καὶ
2548 770 2577 820 6
2608 767 2820 823 Γαύνου
2838 768 3269 838 μητροπολϊται,
3295 770 3390 822 καὶ
3418 769 3737 840 Γρηγορᾶς.

2151 858 2242 916 καὶ
2269 857 2470 924 Δεξιδς,
2493 858 2592 912 οὐκ
2619 859 2919 926 ἀναγκαῖον
2938 859 3354 929 διηγείσθαι.,Εί
3382 861 3491 929 γάρ
3532 877 3612 929 τῳ
3661 859 3739 912 τὰ

2148 947 2371 1000 τοιαῦτα
2396 948 2676 1019 προύργου
2711 950 2920 1019 μαθεῖν,
2949 948 3026 1017 τῷ
3057 951 3185 1020 περὶ
3223 949 3430 1004 τούτων
3479 968 3741 1020 γεγραμ-

2151 1039 2295 1107 μένῳ
2316 1040 2486 1117 τόμῳ,
2505 1039 2648 1096 κατὰ
2669 1041 2832 1110 μέρος
2847 1040 3066 1094 ἅπαντα
3081 1024 3742 1112 διηγουμένῳὺτιάόντι,

2147 1133 2327 1187 πάντα
2375 1133 2839 1206 ἀκριϐῶςείδέναι
2889 1136 3204 1205 περιέσται.
3247 1135 3453 1188 Ἐκεῖνο
3483 1135 3745 1200 δὲςμόνον

2143 1224 2439 1290 ἀναγκαῖον
2469 1220 2609 1279 εἶναι
2646 1225 2971 1295 ἡγησάμεθα
3003 1227 3358 1296 προσκεῖσθαι
3392 1228 3458 1302 τῇ
3483 1225 3742 1295 ίστορίᾳ,

2144 1317 2219 1381 ὡς
2246 1317 2491 1375 ἑάλωσαν
2513 1317 2601 1370 ἐπ’
2619 1319 2924 1389 αὐτοφώρῳ
2943 1320 3000 1376 ⁴οἱ
3021 1318 3088 1374 τὰ
3128 1317 3438 1374 ’Δκινδύνου
3460 1317 3745 1388 ᾑρημένοι

2142 1409 2238 1472 τὰς
2264 1410 2384 1470 ἴσας
2407 1409 2562 1476 δόξας
2588 1411 2862 1480 ,Βαρλαὰμ
2899 1411 3030 1478 περὶ
3067 1411 3176 1466 τῶν
3206 1411 3748 1482 δογμάτωνέχοντες

2141 1499 2238 1567 τῆς
2279 1499 2627 1568 Ἐκκλησῖας.
2660 1503 2750 1553 Διδ
2785 1502 2895 1559 ,τῶν
2951 1501 3384 1570 μὲνῗάρχιερέων
3515 1499 3749 1561 σύνοδος

2155 1589 2384 1654 Ἐφέσου
2417 1590 2510 1642 καὶ
2539 1590 2740 1643 Γόιννου
2792 1589 3114 1659 καθαίρεσιν
3159 1589 3431 1654 κατέγνω.
3467 1589 3748 1656 Βαρῖαὰμ

2143 1699 2202 1733 τε
2251 1682 2560 1741 Ἀκινδύνου
2587 1682 2886 1753 διαρρήδην
2924 1681 3207 1754 χωρισμὸν
3239 1681 3350 1737 ἀπὺ
3408 1679 3502 1733 τοῦ
3539 1679 3746 1732 λοιποῦ

2139 1774 2234 1841 τῆς
2253 1773 2577 1841 Ἐκκλησίας
2595 1773 2866 1843 σώματος,
2879 1774 2954 1838 ὡς
2969 1765 3106 1844 μέλη
3126 1772 3454 1838 νενοσηκότα
3471 1772 3742 1836 ἀνιάτως,

2142 1867 2236 1920 καὶ
2263 1867 2534 1938 μηδεμίαν
2552 1867 2698 1936 ,μετὰ
2727 1867 2986 1937 τελευτὴν
3008 1866 3295 1935 διόρθωσιν
3334 1863 3745 1933 ἐπιδεχόμενοι.

2139 1959 2261 2024 Τῶν
2286 1959 2330 2011 δ’
2361 1959 2558 2024 ἄλλων,
2593 1959 2738 2028 είμή
2771 1975 2855 2022 τις
2912 1958 3248 2029 ἐπιστρέψας
3306 1957 3567 2026 σύνοηται
3614 1958 3750 2020 τοῖς

2138 2050 2440 2116 ὑγιαίνουσι
2461 2047 2902 2121 τῆςἘκκλησίας
2925 2050 3222 2118 δόγμασιν,
3247 2050 3484 2106 ἐκείνων
3530 2047 3766 2112 πολλὴνε

2139 2139 2394 2193 ἀσέϐειαν
2422 2139 2747 2207 καταγνοὺς,
2780 2139 3030 2208 δέχεσθαι
3053 2139 3149 2208 τὴν
3165 2139 3496 2208 Ἐκκλησίαν
3521 2138 3614 2196 καὶ
3639 2138 3741 2201 πὼς

2137 2230 2339 2308 οίκείου
2411 2231 2606 2299 μέλους
2656 2233 2905 2299 προνοεῖν
2959 2231 3146 2300 μηδὲν,
3203 2233 3343 2308 μήτε
3380 2228 3746 2298 ,ἐγκαλοῦσαν

2137 2322 2246 2374 τῶν
2275 2307 2590 2392 ἶπροτέρων,
2647 2325 2784 2393 μήτε
2822 2323 3209 2386 ὀνειδίζουσαν.
3242 2307 3309 2380 El
3352 2321 3409 2377 δέ
3453 2336 3537 2384 τις
3573 2321 3744 2389 μένοι

2139 2413 2228 2466 διὰ
2257 2413 2445 2477 τέλους
2473 2414 2822 2482 ἀδιόρθωτος,
2859 2416 2972 2477 τοῖς
3017 2415 3200 2476 αὐτοῖς
3250 2411 3548 2482 ἐπιτιμίοις
3588 2411 3745 2485 imp-

2139 2503 2355 2554 κεῖσοαι
2390 2502 2655 2572 Βαρλαὰμ
2711 2502 2808 2556 καὶ
2877 2501 3172 2570 Ἀκινδύνῳ
3228 2502 3322 2561 καὶ
3373 2501 3464 2552 ἐπὶ
3514 2500 3743 2562 τούτοις

2139 2596 2357 2661 ἐγένετο
2381 2595 2549 2662 τόμος
2579 2594 2761 2663 τρίτος
2792 2594 2887 2647 ἐπὶ
2912 2593 3031 2646 δυσὶ
3054 2596 3167 2655 τοῖς
3196 2594 3464 2663 πρότερον
3494 2607 3738 2660 γεγενη-

2146 2685 2352 2754 μένοις·
2392 2684 2420 2736 6
2455 2701 2514 2736 τε
2567 2685 2677 2754 γὰρ
2717 2683 2810 2737 ἐπὶ
2862 2683 3185 2760 καθαιρέσει
3238 2683 3582 2757 πατριάρλθυ
3633 2679 3736 2732 τοῦ

2153 2769 2395 2822 Ἰωάννου
2419 2771 2802 2839 γεγενημένος,
2839 2770 2898 2824 ὃν
2947 2771 3040 2831 καὶ
3090 2771 3120 2823 ό
3148 2770 3260 2824 τῶν
3323 2769 3733 2841 Ἱεροσολύμων

2131 2863 2488 2931 πατριάρχης
2517 2861 2897 2931 ὑπογέγραφε,
2933 2861 3134 2930 πολλὴν
3165 2861 3421 2921 ἀσέϐειαν
3445 2859 3715 2932 Βαρίλαὰμ

2137 2952 2236 3006 καὶ
2277 2952 2586 3004 Ἀκινδύνου
2617 2953 2933 3021 κατηγορεῖ,
2966 2952 3063 3007 καὶ
3088 2950 3196 3002 τῶν
3220 2951 3398 3018 ὀρθῶν
3419 2949 3710 3018 δογμάτων

2136 3044 2488 3114 διαστροφὴν,
2525 3043 2593 3096 δι’
2620 3043 2655 3097 ἃ
2689 3044 2782 3096 καὶ
2811 3042 3154 3113 πατριάρχης
3197 3045 3225 3095 6
3267 3043 3522 3108 Ἰωάννης
3559 3041 3727 3113 καθη-

456 3131 702 3199 damuat,
760 3132 856 3188 sed
889 3141 944 3186 et
991 3132 1039 3188 si
1071 3133 1197 3202 quis
1237 3135 1402 3200 alius,
1451 3135 1652 3204 inquit,
1687 3137 1970 3206 quippiam
2006 3155 2033 3194 a

2150 3136 2301 3207 pelia,
2335 3135 2412 3197 ὼς
2445 3134 2619 3188 ταυτὰ
2644 3135 2922 3204 φρονήσας
2957 3133 3243 3209 Βαρλαὰμ,
3290 3134 3386 3186 καὶ
3435 3135 3462 3187 6
3492 3134 3733 3202 πρώτως

456 3223 741 3283 Barlaamo
796 3225 1113 3295 blaspheme
1178 3235 1237 3278 et
1289 3227 1546 3281 haeretice
1601 3237 1794 3283 contra
1843 3245 2032 3284 mona-

455 3317 611 3382 chos,
638 3317 758 3372 imo
780 3332 912 3371 vero
941 3327 1132 3372 contra
1182 3318 1484 3373 Ecclesiam
1524 3321 1696 3389 ipsam
1730 3322 2030 3387 dictorum,

452 3410 857 3479 scriptorumve
927 3426 1149 3470 rursum
1217 3414 1499 3468 monachis
1568 3413 1874 3482 objecerit,
1940 3425 2033 3468 aut

453 3501 684 3556 omnino
713 3501 768 3554 in
801 3501 1005 3560 talibus
1043 3517 1139 3557 eos
1183 3506 1587 3572 perstrinxerit,
1627 3511 1818 3561 eadem
1871 3521 2030 3575 pmna

455 3607 484 3646 ιι
535 3601 721 3647 nostra
776 3593 1159 3649 mediocritate
1191 3597 1503 3661 damnatur,
1562 3610 1726 3666 atque
1761 3614 1790 3651 a
1843 3607 2030 3652 sancta

457 3683 553 3742 Dei
581 3683 850 3740 catholica
909 3693 964 3740 et
990 3687 1291 3754 apostolica
1325 3688 1594 3755 EccleSia,
1623 3698 1681 3742 et
1723 3689 2030 3742 orthodoxa

453 3774 894 3836 Christianorum
928 3786 1071 3832 ctetu
1097 3779 1262 3832 etiam
1285 3781 1405 3848 ipse
1433 3781 1840 3834 exterminatur
1869 3789 2031 3848 atque

456 3865 797 3936 praeciditur.
837 3868 1004 3938 800
1039 3869 1130 3924 Sic
1159 3873 1343 3939 itaque
1367 3881 1422 3924 et
1453 3872 1649 3924 tertius
1688 3879 1868 3922 tomus
1893 3871 2032 3925 duos

455 3957 832 4026 praecedentes
903 3973 1248 4028 consequens
1305 3959 1478 4014 factus
1533 3970 1656 4021 est,
1729 3961 2032 4030 eademque

456 4058 648 4102 contra
704 4047 976 4102 Barlaami
1034 4059 1090 4103 et
1136 4049 1404 4118 Acindyni
1454 4065 1717 4119 sequaces
1760 4053 2027 4105 decreta:

457 4139 546 4197 cui
571 4138 830 4196 Callistus
865 4142 1177 4209 patriarcha
1211 4157 1337 4196 eum
1363 4143 1642 4211 episcopis
1668 4144 2028 4213 subscripsit;

456 4241 514 4298 et
543 4240 671 4286 ante
721 4248 818 4288 eos
861 4233 1280 4289 Cantacuzenus
1329 4235 1644 4303 imperator,
1694 4235 1894 4291 deinde
1939 4236 2031 4291 Jo-

457 4339 628 4380 annes
653 4325 988 4396 Palaeologus
1029 4327 1330 4395 imperator
1356 4327 1568 4396 junior,
1597 4328 1864 4396 Ecclesia:
1905 4345 2032 4384 con-

457 4432 602 4482 cors,
663 4427 721 4473 et
772 4419 890 4488 ipse
955 4413 1178 4473 rubrica
1245 4418 1605 4489 subsignavit.
1676 4421 2029 4476 Discussione

2137 3229 2232 3282 ἰπὶ
2255 3229 2320 3297 τῇ
2372 3227 2664 3294 διαγνώσει
2723 3225 2986 3296 βασιλέως
3059 3226 3401 3296 Ἀνδρονίκου
3451 3224 3548 3283 τοῦ
3600 3225 3730 3283 νέου

2138 3317 2532 3386 γεγενημένος,
2559 3317 2722 3386 ἡνίκα
2757 3317 2853 3368 καὶ
2875 3319 2902 3370 6
2939 3317 3290 3388 πατριάρχης
3327 3317 3582 3389 Ἰωάννης
3620 3315 3733 3385 τῆς

2142 3409 2370 3461 συνόδου
2409 3407 2722 3478 προστάτης
2750 3405 2838 3478 ἦν,
2876 3408 2933 3460 6v
2964 3410 3058 3461 καὶ
3105 3409 3266 3485 αὐτος
3323 3409 3729 3479 ὑπεςημήνατο

2138 3498 2327 3567 χερσὶν
2359 3496 2615 3561 οἰκείαις,
2640 3498 2701 3548 ού
2739 3497 2899 3566 μόνον
2933 3497 3199 3566 Βαρλαὰμ
3251 3499 3344 3549 καὶ
3406 3496 3732 3553 ’Δκινᾶὗνου

2139 3588 2602 3658 καταψηφίζεται,
2663 3587 2737 3650 ὡς
2789 3587 2986 3658 ἀδίκως
3041 3587 3512 3658 κατηγορηκότων
3592 3586 3710 3640 τῶν
3790 3643 3796 3648 ,

2141 3680 2391 3750 μοναχῶν
2452 3677 2590 3733 ἀλλὰ
2637 3679 2730 3730 καὶ
2762 3679 2810 3731 εἰ
2867 3696 2973 3743 τις,
3023 3681 3211 3752 φησὶν,
3268 3679 3454 3746 ἕτερός
3507 3695 3556 3730 τι
3610 3678 3731 3732 τῶν

2139 3770 2245 3824 ὑπὸ
2275 3771 2368 3822 τοῦ
2393 3768 2662 3840 Βαρλαὰμ
2691 3768 3047 3838 βλασφήμως,
3079 3772 3172 3829 καὶ
3225 3769 3529 3836 κακοδόξως
3577 3771 3730 3829 κατὰ

2138 3859 2248 3911 τῶν
2275 3861 2546 3928 μοναχῶν,
2572 3859 2774 3933 μᾶλλον
2804 3859 2863 3912 δὲ
2886 3863 3024 3914 κατὰ
3043 3861 3141 3932 τῆς
3159 3862 3490 3932 Ἐκκλησίας
3532 3862 3717 3930 αὐτῆς

2141 3951 2505 4019 λαληθέντων,
2561 3951 2595 4022 ἢ
2655 3955 3085 4023 συγγραφέντων
3145 3955 3339 4024 φανείη
3396 3954 3557 4008 πάλιν
3611 3955 3732 4010 τῶν

2143 4043 2418 4111 μοναχῶν,
2503 4043 2850 4113 κατηγορῶν,
2913 4045 2945 4115 ἢ
3004 4046 3138 4107 ὅλως
3202 4049 3258 4096 ὲν
3318 4048 3430 4106 τοῖς
3455 4046 3738 4110 τοιούτοις

2140 4138 2574 4206 καθαπτόμενος,
2601 4141 2667 4207 τῇ
2702 4139 2836 4208 αὐτῇ
2897 4141 3169 4212 καταδίκῃ
3218 4140 3370 4208 παρὰ
3419 4139 3518 4208 τῆς
3563 4141 3740 4208 ἡμῶν

2143 4229 2489 4299 μετριότητος
2511 4228 3003 4295 καθυποσάλλεται,
3027 4230 3121 4282 καὶ
3164 4232 3549 4301 ἀποκήρυκτος
3567 4230 3742 4294 ἔσται

2139 4321 2233 4373 καὶ
2265 4320 2427 4384 αὐτὸς
2457 4323 2549 4372 καὶ
2581 4323 3052 4394 ἀποτετμημένος,
3090 4322 3185 4374 καὶ
3239 4326 3339 4392 τῆς
3407 4323 3564 4390 ἁγίας
3625 4324 3741 4377 τοῦ

2138 4412 2376 4483 Χριστοῦ
2404 4412 2702 4482 καθολικῆς
2740 4416 2834 4468 καλ⁹
2859 4413 3222 4484 ἁποστολικῆς
3240 4403 3594 4491 Ἐκκλησίας,
3625 4418 3744 4471 καὶ

455 4509 772 4578 dogmatum
831 4510 1052 4577 penitus
1110 4510 1377 4575 ahsOluta,
1413 4522 1472 4565 et
1517 4521 1666 4565 tomo
1706 4512 1868 4583 plane
1914 4512 2023 4581 jam

2139 4504 2226 4556 τοῦ
2255 4503 2536 4573 ὀρθοδόξου
2585 4504 2694 4557 τῶν
2756 4505 3098 4574 Χριστιανῶν
3159 4507 3525 4578 συστήματος.
3564 4503 3743 4570 Οὕτω

454 4601 722 4671 perfecto,
763 4601 990 4656 Callisto
1022 4601 1336 4670 patriarcha
1368 4602 1424 4655 in
1455 4602 1658 4670 templo
1689 4600 1890 4655 divinae
1932 4600 2032 4653 Sa-

455 4695 698 4760 pientiae,
750 4710 874 4749 cum
925 4694 1156 4763 reliquis
1211 4691 1484 4765 episcopis
1531 4695 1709 4748 Missae
1760 4692 2030 4746 sacriﬁcio

455 4785 743 4856 fungente,
765 4786 1186 4843 Cantacuzenus
1215 4789 1366 4843 omni
1418 4785 1777 4856 imperatorio
1833 4793 2030 4838 ornatu

452 4879 726 4944 excultus,
777 4879 921 4933 intra
981 4879 1160 4949 adyta,
1213 4878 1542 4950 patriarchae
1567 4877 1891 4945 reliquoque
1919 4875 2035 4944 epi-

454 4985 748 5041 scoporum
778 4971 963 5028 ordini
991 4982 1198 5027 tomum
1231 4970 1478 5027 tradidit.
1511 4969 1708 5024 Postea
1758 4966 2029 5022 Barlaami

453 5075 510 5118 et
541 5063 811 5135 Aeindyni
843 5064 1102 5134 discipuli
1151 5065 1219 5118 ab
1261 5065 1592 5132 imperatore
1628 5071 1684 5114 et
1720 5058 2030 5129 patriarcha

449 5158 586 5226 jussi
619 5168 750 5211 sunt
778 5157 847 5211 de
897 5156 1170 5227 dogmatis
1208 5155 1345 5209 nihil
1383 5168 1561 5221 neque
1593 5153 1798 5213 dicere,
1849 5169 2029 5221 neque

454 5246 699 5299 scribere
728 5261 742 5298 :
773 5260 841 5299 ne
865 5245 1202 5299 sinceriores
1229 5244 1346 5297 suis
1374 5243 1607 5297 fallaciis
1631 5251 2023 5312 perverterent.

455 5335 663 5390 Horum
694 5337 787 5396 alii
819 5337 1146 5392 obedientes
1183 5333 1564 5403 quiescebant,
1590 5335 1682 5388 alii
1712 5343 1890 5389 tacere
1917 5351 2025 5388 non

455 5435 736 5494 poterant,
761 5426 856 5479 sed
891 5440 1018 5480 eum
1066 5439 1218 5485 voce,
1254 5433 1369 5475 tum
1407 5423 1629 5492 scriptis
1675 5423 2022 5488 disserendo,

455 5515 644 5583 plures
670 5515 900 5583 insuper
923 5514 1298 5582 depravabant
1330 5531 1344 5567 :
1375 5529 1545 5582 quare
1583 5523 1639 5569 et
1680 5531 1904 5569 carcere
1957 5514 2028 5568 ab

454 5609 792 5674 imperatore
835 5605 1010 5671 puniti
1045 5615 1191 5666 sunt,
1235 5621 1396 5674 quem
1447 5607 1512 5660 ad
1553 5617 1767 5677 tempus
1818 5608 2031 5662 habita-

451 5707 605 5752 runt.
637 5696 845 5750 Eorum
882 5697 1206 5756 illustriores
1241 5699 1295 5752 in
1349 5699 1465 5752 suis
1520 5700 1761 5768 ipsorum
1812 5699 2026 5753 aedibus

452 5790 852 5852 attinebantur,
903 5802 970 5840 ne
1019 5803 1140 5843 eum
1190 5790 1294 5846 illis
1349 5791 1515 5846 verba
1571 5793 1884 5848 miscerent.
1943 5791 2020 5845 lta

2139 4597 2240 4665 μὲν
2264 4596 2358 4648 καὶ
2379 4598 2406 4649 6
2434 4597 2615 4665 τρίτος
2636 4597 2800 4663 τόμος
2824 4597 3119 4659 ἀκόλουθος
3140 4601 3254 4668 τοῖς
3282 4597 3405 4649 δυσὶ
3433 4597 3742 4665 προτέροις

2134 4691 2398 4757 ἐγεγόνει,
2423 4690 2603 4742 καὶτὰ
2632 4689 2773 4741 αὐτὰ
2800 4689 3213 4756 κατεψηφίσατο
3230 4689 3338 4739 τῶν
3359 4687 3427 4741 τὰ
3450 4687 3740 4758 Βαρλαὶιμ

2133 4781 2229 4834 καὶ
2266 4781 2906 4851 Ἀκινδύνουῄρημένων·
2939 4782 2996 4833 ὃν
3027 4782 3374 4852 πατριάρχης
3417 4798 3477 4833 τε
3510 4781 3537 4831 6
3570 4780 3733 4841 Κάλ-

2132 4872 2312 4934 λιστος
2337 4875 2471 4941 μετὰ
2499 4873 2609 4926 τῶν
2630 4871 2930 4943 ἀρχιερέων
2955 4872 3328 4942 ὑπογέγραφε.
3349 4872 3442 4924 καὶ
3459 4870 3734 4940 βασιλεὺς

2132 4963 2239 5030 πρὸ
2295 4964 2474 5016 αὐτῶν
2521 4964 2548 5014 6
2604 4949 3096 5034 Καντακουξηνὺς,
3158 4963 3384 5034 ὕστερον
3431 4963 3490 5016 δὲ
3539 4964 3633 5017 καὶ
3693 4967 3731 5019 ὁ

2134 5056 2497 5124 11αλαιολόγος
2558 5040 2825 5125 ’Ἰωάννης
2883 5055 3136 5124 βασιλεὺς
3167 5057 3195 5108 6
3247 5056 3386 5117 νέος,
3421 5053 3728 5126 σύμψηφος

2131 5147 2427 5216 γενόμενος
2467 5147 2872 5217 τῇἘκκλησίᾳ,
2899 5147 3149 5216 ὲρυθροῖς
3189 5146 3282 5199 καὶ
3315 5147 3474 5208 αὐτὸς
3533 5147 3728 5215 γράμ-

2133 5257 2296 5309 μασιν
2323 5239 2734 5309 ύπεσημήνατο.
2783 5240 2937 5292 Ἐπεὶ
2965 5237 3022 5291 δὲ
3079 5239 3257 5292 πάντα
3311 5237 3607 5305 εἶχετέλος
3647 5239 3727 5291 τὰ

2133 5333 2260 5401 περὶ
2321 5333 2420 5402 τὴν
2475 5333 2723 5401 ἐξέτασιν
2782 5332 2894 5384 τῶν
2951 5332 3258 5398 δογμάτων,
3318 5332 3412 5383 καὶ
3457 5332 3484 5382 6
3547 5328 3726 5398 τόμος

2128 5423 2341 5485 οὐδενὸς
2369 5423 2556 5489 ἐδεῖτο,
2577 5423 2655 5475 ἐτι
2692 5423 2995 5476 Καλλίστου
3023 5425 3117 5475 τοῦ
3157 5423 3507 5492 Πατριᾲρχου
3541 5424 3599 5474 ὲν
3631 5420 3720 5490 τῷ

2128 5515 2236 5583 νεῷ
2291 5515 2390 5584 τῆς
2415 5515 2511 5567 τοῦ
2565 5515 2701 5568 Θεοῦ
2735 5515 2928 5581 σοφίας
2979 5516 3079 5586 τὴν
3146 5515 3297 5568 θείαν
3334 5513 3718 5578 ἐπιτελοῦντος

2131 5607 2524 5676 μυσταγωγίαν
2589 5607 2729 5674 μετὰ
2781 5605 2889 5657 τῶν
2949 5605 3152 5658 λοιπῶν
3223 5604 3552 5674 ἀρχιερέων,
3613 5606 3712 5655 καὶ

2129 5697 2440 5765 βασιλεὺςὸ
2483 5695 2950 5776 Καντακουζηνὺςι
2973 5698 3155 5750 πᾶσαν
3181 5695 3380 5766 σκευὴν
3423 5695 3712 5765 βασιλικὴν

2129 5791 2299 5857 ἐνδὺς,
2340 5791 2429 5842 καὶ
2465 5790 2572 5843 τῶν
2605 5789 2810 5843 ἀδύτων
2844 5791 2990 5850 ἐντὸς
3046 5789 3357 5858 γενόμενος,
3391 5787 3710 5862 πατριάρχῃ

3009 5961 3130 6050 31'.
