4056 6492
441 356 539 422 187

1564 369 1890 434 JOANNIS
1926 373 2437 440 CANTACUZENI

3583 381 3692 443 {8’

432 470 608 538 ipsum
635 487 730 541 per
759 488 818 528 se
845 473 1156 543 deprimere
1179 485 1346 546 atque
1364 487 1618 537 evertere
1647 499 1758 538 non
1803 485 2000 554 potuit,

2107 486 2156 539 δ’
2195 489 2379 562 εὐνοίᾳ
2412 491 2508 562 τὴν
2529 492 2794 564 ἀλήθειαν
2831 493 3240 564 παραφθείρας,
3273 495 3366 548 καὶ
3401 496 3544 550 κατά
3569 498 3679 549 πά-

430 563 858 636 Palmologorum
913 567 1305 638 imperatorum
1348 572 1550 628 bellum
1601 585 1849 630 mutuum
1909 594 2008 646 pro

431 664 754 721 argumento
805 671 1050 722 sumens,
1100 667 1157 712 et
1204 659 1402 728 partim
1461 664 1768 732 ignorantia
1821 683 2004 721 rerum

401 751 404 754 ‘
431 752 732 810 gestarent,
770 749 967 814 partim
1002 752 1175 818 gratia
1201 761 1458 821 corrupta
1496 756 1754 819 veritate,
1787 773 1850 812 ac
1878 758 2006 813 totis

432 833 646 887 viribus
677 837 827 889 velut
871 838 922 891 in
962 838 1142 892 fabula
1191 843 1657 900 comminiscenda
1710 851 2002 916 mentiens,

431 923 632 977 deinde
685 928 878 982 ordine
927 932 992 984 ad
1043 933 1265 997 bellum,
1307 936 1452 1003 quod
1505 947 1688 993 nostra
1741 944 2002 997 memoria

431 1024 621 1067 contra
691 1016 1140 1075 Cautacuzenum
1216 1026 1513 1080 excitatum
1590 1039 1675 1083 est
1747 1047 2004 1100 progres-

431 1120 522 1154 sus
559 1106 694 1173 (14),
729 1120 840 1160 tum
885 1113 988 1165 alia
1035 1115 1317 1182 complura
1359 1118 1574 1172 crimini
1626 1123 1736 1186 dat,
1768 1124 2006 1178 servitu-

429 1207 532 1258 ι-ιεε,
594 1201 788 1260 caedes,
847 1205 1260 1270 trucidationes,
1316 1211 1721 1277 populationes,
1774 1224 2001 1284 etquae-

429 1303 645 1356 Cllllque
683 1290 944 1349 Romanis
989 1293 1175 1365 per’id
1231 1301 1432 1354 bellum
1485 1303 1734 1359 luctuosa
1795 1308 2004 1363 incide-

428 1390 576 1440 runt,
609 1381 698 1435 illa
734 1385 1014 1441 ascribens
1047 1406 1059 1441 ε
1093 1397 1206 1443 ιιιιιι
1253 1393 1323 1445 ob
1359 1409 1604 1449 amorem
1657 1396 1999 1467 dominandi,

428 1469 838 1543 iuniperialisque
899 1476 1098 1547 fastigii
1131 1483 1448 1551 cupidinem
1475 1488 1740 1541 malorum
1785 1491 1998 1546 illorum

425 1562 628 1615 nullam
682 1565 901 1622 duxisse
970 1572 1239 1627 rationem
1298 1575 1553 1631 aﬂirmat.
1620 1579 1754 1634 Illud
1815 1593 1997 1637 autem

423 1649 865 1711 Cantaeuzeuutn
899 1669 1027 1715 ante
1057 1663 1162 1718 alia
1206 1667 1447 1732 vellicat,
1476 1677 1531 1723 et
1581 1686 1679 1724 cor
1707 1673 1828 1741 ejus
1868 1675 1997 1738 urit,

423 1741 570 1807 quod
605 1746 889 1812 mentitur,
915 1764 1043 1803 eum
1095 1753 1278 1808 adhuc
1306 1756 1523 1811 vivente
1553 1758 1868 1815 Andronico
1895 1763 1998 1815 im-

2111 593 2210 630 σαν
2240 578 2495 643 ἐξουσίαν
2517 582 2724 653 ὥσπερ
2759 584 2816 636 ὲν
2845 584 3124 654 πλάσματι
3159 587 3676 659 καταψευτᾴμενος,

2109 668 2297 723 ἔπειτα
2327 672 2420 725 καὶ
2442 673 2564 726 καθ’
2603 672 2795 744 εἱρμὸν
2820 676 2912 727 ἐπὶ
2944 674 3034 728 τὸν
3061 676 3145 744 ἐφ’
3176 677 3331 746 ήμῶν
3363 679 3498 748 πρὸς
3526 679 3684 734 Καν-

2107 763 2440 831 τακουζηνδν
2494 766 2722 834 προῖὼν,
2774 766 2950 820 πολλά
3005 765 3107 835 μὲν
3153 767 3321 820 αὑτοῦ
3379 768 3475 822 καὶ
3536 769 3682 823 ἄλλα

2108 855 2431 922 κατηγορεῖ,
2457 856 2928 928 ἀνδραποδισμοὺς
2956 859 3052 911 καὶ
3076 859 3292 925 φόνους,
3320 861 3415 912 καὶ
3441 863 3681 928 σφαγὰς,

2109 943 2205 995 καὶ
2236 943 2549 1014 λεηλασίας,
2586 949 2680 1002 καὶ
2717 949 2820 1002 ὅσα
2849 949 3086 1020 δυσχερῆ
3115 952 3173 1003 ὲν
3203 951 3280 1020 τῷ
3310 951 3406 1004 τοῦ
3437 951 3680 1018 πολέμου

2107 1033 2282 1102 χρόνῳ
2335 1037 2711 1102 συμπέπτωκε
2771 1040 3089 1109 Ῥωμαίοις,
3117 1041 3270 1112 αὐτῷ
3305 1044 3684 1111 προσάπτωνιο

2105 1124 2200 1175 καὶ
2231 1124 2316 1178 διὰ
2351 1128 2664 1197 φιλαρχίαν,
2717 1133 2813 1185 καὶ
2848 1133 3014 1202 τιμῆς
3047 1132 3337 1202 βασιλικῆς
3369 1135 3678 1204 ἐπιθυμίαν

2105 1212 2216 1263 τῶν
2247 1214 2436 1269 δεινῶν
2468 1219 2696 1272 ἐκείνων
2716 1221 2909 1275 οὐδένα
2935 1223 3110 1291 λέγων
3133 1226 3466 1292 πεποιῆσθαι
3491 1213 3678 1294 λόγον.

2110 1304 2174 1355 Ὃ
2198 1305 2254 1356 δὲ
2289 1306 2526 1373 μάλιστα
2561 1309 2730 1363 αὐτοῦ
2769 1312 3135 1379 καθάπτεται,
3181 1317 3275 1369 καὶ
3308 1317 3384 1380 ὡς
3421 1319 3686 1371 ἐπιπλεῖ-

2104 1411 2228 1449 στον
2259 1397 2550 1468 διατρίϐει,
2582 1402 2754 1456 ἐκεῖνό
2784 1405 3058 1470 ἐστιν,¹ὃτι
3081 1408 3362 1475 περιόντος
3377 1427 3436 1462 τε
3459 1410 3541 1463 ἔτι
3563 1410 3683 1478 βα-

2071 1563 2074 1566 ,
2104 1483 2296 1549 σιλέως
2337 1487 2703 1559 Ἀνδρονίκου,
2736 1493 2838 1560 τῆς
2879 1493 3172 1564 Ῥωμαίων
3206 1498 3488 1569 βασιλείας
3529 1502 3680 1570 ἐρῶν

2104 1577 2419 1647 ὑπερφυῶς,
2452 1582 2547 1634 καὶ
2589 1585 2662 1652 μὴ
2723 1584 3025 1656 δυνάμενος
3052 1592 3257 1659 τυχεῖν,
3311 1593 3406 1645 ἐπὶ
3454 1598 3581 1655 τοὺς
3614 1596 3678 1647 ἐν

2105 1669 2253 1739 Ἀθῳ
2319 1673 2588 1742 μοναχοὺς
2643 1675 2940 1742 δοκοῦντας
2995 1681 3191 1752 ἀρετῆς
3247 1685 3679 1750 ἀντιποιεῖσθαι,

2101 1760 2195 1811 καὶ
2251 1763 2526 1832 μυστήρια
2559 1764 2695 1819 Θεοῦ
2749 1767 2947 1821 είδέναι
3003 1771 3281 1842 ὲφοίτησε,
3336 1777 3684 1846 πευσόμενος

424 1834 564 1900 perii
620 1837 849 1893 Romani
911 1841 1087 1913 :longe
1144 1849 1697 1916 appetentissimum,
1755 1868 1879 1906 cum
1945 1855 1998 1908 id

2105 1849 2235 1917 περὶ
2263 1857 2371 1902 τῶν
2399 1830 2727 1921 μελλόντων,
2762 1855 2856 1909 καὶ
2885 1857 2936 1909 εί
2977 1830 3115 1927 πρὸς
3149 1830 3313 1914 αῦτδν
3345 1866 3377 1932 ἡ
3421 1830 3682 1933 βαόιλεία.

422 1929 640 1998 assequi
671 1945 778 1984 non
807 1943 1018 2002 posset,
1045 1937 1207 2007 802
1259 1941 1325 1993 ad
1373 1944 1676 2002 monachos
1710 1947 1763 2003 in
1817 1959 2000 2006 mente

424 2018 589 2081 Atho,
618 2021 708 2090 qui
749 2024 851 2079 viri
908 2028 1081 2083 sancti
1154 2039 1210 2084 et
1255 2047 1285 2086 a
1325 2032 1436 2089 Deo
1479 2037 1642 2091 alllati
1689 2039 2000 2095 futurorum

423 2113 843 2179 prazsensionem
878 2117 1492 2189 haberejudicabantur
1519 2130 1824 2198 profectum
1857 2151 1997 2199 esse,

424 2199 492 2254 de
519 2204 737 2265 tuturis.
771 2219 825 2262 et
855 2226 922 2264 an
961 2211 1028 2268 ad
1076 2230 1135 2270 se
1181 2217 1492 2275 Romanum
1551 2222 1842 2290 imperium
1879 2244 2002 2295 per-

424 2305 713 2354 venturum
746 2313 913 2373 esset,
958 2318 1466 2376 percunctaturum.
1519 2315 1648 2370 Post
1697 2317 1762 2371 ad
1810 2336 1997 2374 mona-

425 2392 932 2464 ('hos'conversus,
988 2404 1176 2458 multis
1231 2415 1284 2461 et
1339 2407 1543 2462 acriter
1603 2409 1656 2462 in
1710 2426 1825 2471 eos,
1892 2429 1999 2468 non

426 2487 601 2540 solmn
658 2500 718 2542 ut
775 2491 829 2544 in
878 2493 1231 2552 Massalianos
1297 2507 1350 2552 et
1405 2515 1574 2568 prave
1625 2502 1688 2555 de
1736 2504 2000 2570 religione

425 2579 747 2647 sentientes,
785 2583 879 2637 sed
935 2586 1099 2639 etiam
1154 2597 1213 2642 ut
1265 2591 1504 2659 crapula:
1573 2607 1636 2647 ac
1689 2593 2002 2650 vinolentia;

425 2669 642 2724 deditos
689 2672 989 2729 invehitur.
1030 2677 1339 2732 Comedunt
1386 2680 1553 2745 enim,
1613 2682 1812 2751 inquit,
1855 2685 2004 2752 plus-

422 2775 588 2828 quam
637 2778 801 2829 sues,
858 2777 913 2820 et
947 2769 1143 2823 bibunt
1194 2771 1479 2840 plusquam
1531 2774 1830 2843 elephanti.
1892 2777 1998 2832 Ubi

425 2862 608 2906 autem
665 2855 988 2912 ebrietatem
1048 2862 1271 2916 nimiam
1327 2864 1745 2930 edormieruut,
1801 2884 1999 2922 arcana

429 2943 521 2997 Dei
559 2960 615 2999 se
652 2949 794 3007 svirc
829 2953 1190 3017 contendunt,
1220 2964 1273 3008 et
1309 2971 1570 3025 responsa
1605 2958 1796 3012 edunt.
1837 2959 2000 3014 Deni-

425 3050 533 3103 que
566 3037 798 3094 aliorum
835 3045 1200 3110 quorumdam
1228 3062 1324 3101 eos
1369 3049 1672 3110 insimulat.
1709 3067 1829 3120 qute
1859 3069 1999 3122 pra:-

2116 1940 2402 2012 Ῥωμαίων
2434 1943 2578 2015 ἥξει.
2614 1945 2850 2002 Ἔπειτα
2883 1949 2976 2003 ἐπὶ
3007 1951 3135 2015 τοὺς
3168 1955 3436 2024 μοναχοὺς
3468 1959 3681 2026 τραπό-

2099 2053 2288 2106 μενος,
2321 2038 2492 2092 πολλά
2523 2041 2616 2093 καὶ
2660 2040 2807 2095 δεινά
2850 2048 3168 2114 κατηγορεί’
3226 2047 3288 2099 οὐ
3325 2049 3484 2117 μόνον
3517 2051 3677 2105 Μασ-

2106 2131 2419 2200 σαλιανοὺς,
2445 2137 2540 2188 καὶ
2575 2136 2708 2207 περὶ
2759 2137 2828 2191 τὰ
2856 2139 2994 2208 ὀρθά
3042 2141 3289 2211 δόγματα
3329 2143 3680 2216 διεφθαρμέ-

2105 2239 2227 2286 νους
2264 2224 2460 2291 λέγων,
2487 2225 2623 2278 ἀλλὰ
2652 2225 2748 2280 καὶ
2786 2229 2918 2299 περὶ
2957 2231 3157 2295 πότους
3196 2233 3291 2287 καὶ
3325 2235 3682 2303 οἰνοφλυγίας

2100 2315 2362 2382 ἀκρατεῖς
2391 2315 2693 2370 ’Ἐσθίουσι
2750 2318 2881 2386 γὰρ,
2925 2323 3112 2390 φησὶν,
3143 2323 3283 2393 ὑπὲρ
3314 2326 3553 2394 χοίρους,
3581 2332 3683 2382 καὶ

2103 2406 2347 2459 πίνουσιν
2377 2408 2516 2480 ὑπὲρ
2568 2410 2892 2479 ἐλέφαντας.
2939 2414 3192 2467 Ἐπειδὰν
3241 2417 3298 2469 δὲ
3356 2419 3683 2488 ἀνανήψωσι

2101 2497 2202 2565 τῆς
2232 2499 2433 2569 πολλῆς
2483 2500 2673 2569 μέθης,
2731 2505 3006 2574 μυστήρια
3057 2506 3192 2560 Θεοῦ
3227 2508 3424 2562 ειδέναι
3477 2510 3686 2563 διατεί-

2103 2606 2307 2653 νονται,
2326 2595 2420 2644 καὶ
2456 2594 2586 2661 περὶ
2614 2593 2920 2662 μελλόντων
2939 2599 3372 2667 προφητεύουσι.
3397 2601 3507 2654 Καὶ
3530 2603 3683 2671 ἔτερ·

2104 2681 2240 2735 ἄττα
2271 2681 2657 2753 κατηγόρηκεν
2693 2686 2940 2750 ἐκείνων,
2976 2679 3050 2740 ὧν
3074 2691 3185 2748 πᾶς
3208 2707 3295 2750 τις
3320 2689 3386 2742 ἃν
3405 2691 3686 2760 ἀπέσχετο

2103 2769 2242 2838 πλὴν
2277 2771 2464 2825 αὑτοῦ.
2535 2772 2768 2825 Ἔπειτα
2802 2773 3210 2844 διηγησάμενος
3260 2777 3329 2830 τὰ
3389 2779 3533 2830 κατά
3587 2779 3686 2831 τὸν

2105 2860 2342 2929 πόλεμον
2398 2861 2636 2929 μάλιστα
2672 2864 3031 2932 φιλοψευδῶς,
3087 2868 3183 2918 καὶ
3211 2867 3506 2933 γενόμενος
3555 2863 3687 2934 ἐνῷ

2103 2950 2172 3003 τὰ
2210 2950 2350 3003 κατά
2405 2950 2505 3020 τῆς
2537 2953 2867 3022 Ἐκκλησίας
2925 2955 3022 3026 τὴν
3056 2955 3322 3027 διαφορὰν
3368 2957 3674 3028 διηγεῖσθαι

2105 3040 2317 3107 ἔμελλε,
2351 3043 2674 3108 κακοδοξίαν
2739 3043 3006 3112 βασιλέως
3061 3049 3378 3116 κατηγορεῖ,
3430 3048 3524 3101 καὶ
3571 3050 3680 3100 τῶν

427 3137 510 3181 ter
543 3127 718 3197 ipsum
772 3148 934 3188 nemo
962 3135 1071 3191 illis
1119 3138 1466 3194 iutentasset.
1506 3141 1714 3198 Deinde
1756 3159 1881 3198 cum
1931 3145 1999 3199 de

2107 3133 2352 3202 πατρίων
2379 3131 2636 3200 ἀθέτησιν
2699 3133 3007 3202 δογμάτων.
3051 3137 3128 3188 Δι’
3156 3135 3192 3188 ἃ.
3226 3136 3346 3189 οὐδὲ
3381 3137 3481 3206 τὴν
3517 3137 3686 3204 δίκην

422 3219 568 3274 bello
630 3223 858 3279 miriﬁce
922 3229 1240 3284 mentiendo
1299 3241 1599 3296 narrasset,
1654 3234 1878 3303 jamque
1940 3249 2007 3287 eo

422 3316 789 3382 pervenisset,
825 3325 884 3369 ut
914 3317 982 3371 ab
1007 3317 1253 3373 Ecclesia
1283 3320 1687 3377 dissensionem
1743 3341 2008 3394 quorum-

421 3403 546 3457 dam
579 3418 902 3476 exponeret,
945 3411 1061 3479 ipse
1105 3411 1286 3478 docet,
1319 3429 1428 3483 quo
1483 3425 1644 3483 pacto
1706 3416 2007 3485 imperator

321 3501 324 3504 ’
423 3494 478 3549 in
514 3496 672 3550 iidem
710 3499 1070 3554 orthodoxam
1108 3501 1372 3566 offendat,
1420 3513 1476 3559 et
1507 3505 1758 3574 dogmata
1825 3509 1999 3575 patria

423 3589 716 3643 convellat.
760 3589 939 3655 Quare
986 3607 1088 3646 nec
1131 3593 1400 3663 judicium
1458 3595 1652 3650 abillo
1697 3598 2002 3666 iudicatum

423 3683 822 3751 approbatione
871 3684 1095 3754 dignum
1147 3697 1323 3756 putat,
1380 3699 1442 3743 ut
1476 3690 1568 3758 qui
1618 3690 1852 3744 Palamze
1899 3691 2000 3744 ad-

431 3775 654 3841 hzereat,
689 3776 1048 3848 eamdemque
1074 3778 1340 3834 doctrinae
1373 3781 1790 3851 perversitatem
1839 3782 2002 3837 colat.

427 3867 560 3936 Quae
622 3884 743 3923 cum
795 3870 1016 3939 legisset
1071 3871 1489 3927 Cantacuzenus
1557 3873 1856 3943 imperator
1923 3875 2002 3947 (in

426 3976 620 4015 manus
640 3965 785 4015 enint
812 3965 932 4032 ejus
961 3971 1276 4029 venerunt),
1312 3965 1379 4018 de
1397 3965 1748 4020 accusatione
1777 3965 1999 4034 quidem

425 4050 556 4103 tomi
615 4050 825 4103 nullum
887 4067 946 4110 se
998 4054 1228 4108 verbum
1286 4054 1562 4107 dicturum
1620 4055 1717 4119 ait,
1766 4071 1890 4111 cum
1958 4059 2004 4113 is

423 4151 598 4196 semet
623 4143 762 4196 tueri
797 4145 1028 4198 maxime
1055 4145 1247 4214 possit.
1296 4143 1358 4199 Si
1387 4133 1624 4214 namque
1677 4164 1744 4201 ex
1786 4162 1850 4202 eo
1884 4150 2003 4220 ejus

422 4237 696 4291 rectitude
721 4249 777 4292 et
807 4239 1008 4292 veritas
1038 4240 1468 4305 demonstratur,
1496 4241 1624 4310 quia
1660 4245 1866 4299 sanctis
1899 4244 2000 4298 Pa-

424 4330 626 4393 tribus,
664 4339 719 4384 et
752 4331 919 4386 editis
942 4347 971 4384 a
1018 4331 1192 4385 sacris
1215 4339 1375 4384 antea
1405 4333 1626 4402 synodis
1651 4335 1717 4388 de
1743 4350 1998 4405 germana

423 4422 531 4477 ﬁde
580 4422 1072 4478 constitutionibus
1114 4431 1480 4478 consentanea
1532 4424 1794 4494 loquitur,
1850 4434 1905 4478 et
1957 4426 2002 4479 is

2109 3221 2280 3272 οίεται
2308 3220 2420 3273 δεῖν
2449 3224 2699 3290 στέργειν
2757 3223 2856 3290 τὴν
2895 3221 3026 3291 παρ’
3054 3223 3265 3277 ἐκείνου
3304 3224 3684 3288 δικασθεῖσαν,

2109 3313 2183 3374 ὡς
2219 3313 2686 3384 ἐκδεδιῃτημένην
2723 3315 2812 3368 διὰ
2833 3315 2892 3367 τὸ
2915 3316 3121 3368 ἐκεῖνον
3145 3318 3383 3387 Παλαμᾷ
3419 3321 3686 3388 προσκεῖ-

2110 3406 2254 3469 σθαι,
2311 3406 2408 3458 καὶ
2455 3406 2556 3475 τὴν
2620 3405 2743 3471 ίσην
2791 3409 2848 3458 ὲν
2889 3410 3002 3470 τοῖς
3044 3408 3282 3478 δόγμασι
3341 3408 3690 3479 διαστροφὴν

2107 3499 2370 3570 ᾑρῆσθαι.
2408 3500 2476 3552 "A
2515 3499 2639 3551 ἐπεὶ
2662 3500 2871 3569 ἀνέγνω
2903 3500 3179 3568 βασιλεὺς,
3227 3495 3332 3571 ἦκε
3370 3501 3478 3571 γὰρ
3527 3502 3690 3572 αὐτῷ

2107 3593 2185 3653 εὶς
2213 3592 2424 3661 χεῖρας,
2467 3591 2596 3660 περὶ
2667 3590 2768 3660 μὲν
2819 3591 2916 3643 τοῦ
2979 3593 3149 3662 τόμου
3207 3593 3304 3662 τῆς
3349 3593 3693 3662 κατηγορίας

2106 3682 2296 3733 οὐδένα
2344 3680 2680 3748 ποιήσεσθαι
2712 3681 2890 3748 λόγον
2918 3677 3094 3749 εἶπεν,
3131 3683 3272 3752 ὑπὲρ
3306 3683 3502 3736 ἑαυτοῦ
3543 3685 3691 3736 ἀπο-

2103 3773 2383 3841 λογεῖσθαι
2413 3773 2716 3841 δυναμένου
2762 3775 3022 3843 μάλιστα.
3052 3775 3117 3828 Εί
3173 3777 3282 3844 γὰρ
3323 3775 3534 3827 ἐκείνου
3580 3777 3691 3843 τῆς

2103 3864 2396 3934 ὀρθότητος
2444 3866 2536 3918 καὶ
2583 3866 2681 3935 τῆς
2723 3865 2986 3936 ἀληθείας
3037 3866 3214 3938 σαφής
3253 3867 3550 3932 ,ἀπόδειξις
3618 3869 3690 3921 τὸ

2103 3960 2216 4021 τοῖς
2249 3957 2427 4025 ἁγίοις
2496 3958 2768 4027 σύμφωνα
2825 3959 3009 4026 λέγειν
3045 3959 3344 4027 θεολόγοις,
3404 3960 3504 4012 καὶ
3565 3962 3719 4022 τοῐς”

2106 4049 2208 4102 ὑπὸ
2238 4049 2399 4102 θείων
2425 4050 2692 4120 πρότερον
2716 4050 2950 4102 συνόδων
2979 4051 3230 4120 περὶτῆς
3248 4050 3418 4120 ὀρθῆς
3445 4051 3694 4115 πίστεως

2105 4141 2544 4212 κεκυρωμένοις,
2579 4142 2740 4194 τοῦτο
2761 4142 2805 4196 δ’
2830 4143 3026 4211 ἐκείνῳ
3056 4142 3423 4206 σπουδάζεται
3456 4143 3701 4195 διαπαν-

2103 4231 2215 4296 τὸς,
2243 4232 2336 4284 καὶ
2356 4231 2557 4300 πολλὴν
2581 4231 2772 4284 τούτου
2796 4232 2890 4284 τοῦ
2917 4232 3118 4302 μέρους
3138 4233 3396 4302 πρόνοιαν
3420 4235 3695 4298 ποιεῖται,

2104 4324 2303 4395 ἑτέρας
2331 4323 2663 4388 ἀποδείξεως
2693 4324 2793 4377 οὐκ
2829 4324 2896 4377 ἂν
2921 4325 3138 4396 δεηθείη
3165 4326 3295 4395 περὶ
3332 4324 3558 4389 ἑαυτοῦ,
3584 4328 3702 4395 τῆς

2108 4419 2422 4487 προσούσης
2458 4417 2823 4488 ἐξαρκούσης.
2860 4418 3189 4488 Ἀξιόχρεως
3220 4419 3266 4471 δ’
3298 4417 3365 4471 ἂν
3405 4419 3515 4487 εἴη,
3541 4420 3638 4471 καὶ
3666 4423 3702 4473 ὁ

422 4518 539 4572 bare
566 4533 781 4587 semper
814 4517 1020 4579 studet,
1057 4516 1219 4584 eique
1259 4515 1334 4568 rei
1385 4515 1675 4580 diligenter
1707 4517 1994 4585 prospicit.

2108 4510 2434 4578 κατηγορῶν
2458 4511 2639 4574 αὐτὸς,
2672 4511 2729 4561 ἐν
2756 4509 2941 4571 ἄλλοις
2973 4508 3141 4562 αὑτοῦ
3183 4510 3584 4579 συγγράμμασι
3615 4509 3703 4564 τὰ

419 4608 524 4663 alia
541 4607 864 4678 probatione
880 4623 1016 4675 opus
1040 4623 1144 4659 non
1166 4614 1270 4670 est,
1292 4622 1414 4661 cum
1437 4607 1524 4661 illa
1548 4609 1800 4672 sulliciat,
1827 4625 1990 4678 quam

421 4701 754 4770 suppeditat.
785 4700 928 4766 Quin
977 4708 1034 4752 et
1085 4698 1200 4768 ipse
1238 4709 1524 4752 accusator
1557 4699 1714 4754 testis
1760 4699 1999 4754 idoneus

424 4795 611 4860 fuerit,
663 4792 755 4863 qui
781 4782 864 4854 "in
906 4791 1029 4845 aliis
1081 4792 1301 4860 scriptis
1353 4791 1466 4846 suis
1508 4806 1676 4861 prava
1731 4791 1999 4846 Barlaami

422 4887 677 4958 dogmata
733 4885 1014 4940 liberrime
1081 4885 1377 4952 vituperat,
1436 4884 1656 4952 quando
1721 4892 1996 4936 mortuum

421 4973 804 5029 Andronicum
844 4971 1116 5042 juniorem
1148 4972 1456 5027 lamentans
1481 4972 1616 5042 (15),
1642 4971 1786 5026 inter
1802 4982 2000 5026 caetera

421 5067 671 5122 encomia
729 5067 808 5119 sic
860 5063 1123 5134 praedicat
1156 5081 1169 5117 :
1200 5063 1354 5117 Sacri
1417 5062 1671 5117 Ecclesiae
1706 5061 1990 5132 praesides,

421 5159 693 5221 fervidum
739 5165 1060 5221 amatorem,
1119 5164 1174 5210 et
1217 5163 1453 5210 tutorem
1495 5155 1848 5225 dogmatum;
1896 5157 1990 5225 qui

423 5241 479 5304 in
518 5250 801 5304 montibus
874 5255 931 5302 et
983 5246 1290 5315 speluncis;
1319 5244 1600 5311 habitatis,
1651 5256 1849 5301 vestrae
1896 5246 2007 5300 cla-

422 5341 682 5398 ritudinis
729 5350 785 5396 et
806 5338 992 5409 gloriae
1009 5337 1354 5394 defensorem
1405 5352 1467 5392 ac
1492 5347 1954 5409 propugnatorem
1982 5355 1998 5404 ;

423 5450 706 5492 sacrorum
745 5431 1206 5489 monasteriorum
1258 5429 1656 5496 moderatores,
1699 5431 1867 5486 vestri
1922 5445 2009 5485 ro-

2103 4602 2368 4670 Βαρλαὰμ
2428 4600 2750 4672 διεφθορότα
2799 4601 3044 4671 δόγματα
3102 4602 3375 4668 κακίζων,
3399 4602 3495 4655 καὶ
3551 4601 3702 4671 ὅλην

2103 4694 2352 4761 γλῶτταν
2381 4693 2662 4763 ἐπαφιεὶς,
2716 4693 2879 4764 ήνίκα
2905 4694 3134 4763 βασιλέα
3165 4695 3258 4748 τὸν
3288 4696 3412 4748 νέον
3460 4695 3700 4764 Ἀνδρό-

2105 4801 2254 4837 νικον
2311 4783 2767 4853 τετελευτηκότα]
2815 4783 3092 4855 μονῳδῶν,
3148 4784 3287 4853 πρὸς
3338 4786 3454 4845 τοῖς
3501 4783 3732 4850 ἄλλοις·

2105 4875 2404 4944 ἐγκωμίοις
2437 4875 2542 4928 καὶ
2575 4875 2734 4927 τοῦτο
2783 4875 3052 4929 τέθεικεν·
3093 4873 3507 4943 ΟίἙκκλησίας
3550 4875 3701 4945 ἱεροὶ

2105 4970 2442 5036 προστάται,
2501 4969 2779 5040 ζητήσατε
2831 4969 2925 5022 τὸν
2975 4968 3242 5038 διάπυρον
3307 4969 3691 5036 σπουδαστὴν,

2106 5060 2199 5112 καὶ
2253 5060 2598 5131 συλλήπτορα
2631 5061 2740 5113 τῶν
2773 5060 3064 5130 δογμάτων
3096 5076 3111 5093 ο
3176 5060 3227 5113 oi
3283 5061 3341 5113 ὲν
3379 5059 3532 5131 ὄρεσι
3589 5062 3694 5113 καὶ

2109 5151 2424 5222 σπηλαίοις,
2452 5153 2546 5205 τὸν
2582 5152 2851 5224 πρόϐολον
2898 5155 2992 5205 καὶ
3017 5152 3401 5223 προασπιστήν
3425 5151 3525 5220 τῆς
3546 5151 3692 5221 ὑμε-

2108 5245 2274 5314 τέρας
2314 5245 2572 5308 εὐκλείας
2604 5245 2698 5298 καὶ
2733 5244 2913 5314 δόξης.
2951 5245 3014 5298 Οἱ
3075 5244 3188 5297 τῶν
3215 5243 3377 5298 θείων
3436 5247 3710 5313 ἀσκητηι

2110 5341 2242 5409 ρίων
2264 5338 2560 5408 ἡγήτορες,
2592 5337 2692 5406 τὴν
2718 5338 2819 5407 τῆς
2841 5337 3116 5408 ὑμετέρας
3147 5337 3332 5407 ίσχύος
3356 5336 3692 5408 ἀκρόπολιν.

2115 5428 2416 5499 Μνήσθητε
2454 5430 2582 5492 τοὺς
2649 5428 2788 5499 ὑπὲρ
2847 5428 3002 5499 ὑμῶν
3051 5427 3402 5492 τελευταίους
3466 5427 3737 5496 ἀγῶνας,

1697 5568 1912 5628 Jacobi
1942 5563 2206 5626 Pontani
2243 5572 2423 5626 noue.

499 5677 613 5733 (Hi
646 5673 764 5728 Non
798 5662 1016 5751 eastant
1048 5672 1166 5727 haec
1191 5673 1394 5744 scripta
1416 5673 1692 5741 Gregoraa,
1722 5680 1778 5751 et
1800 5669 1999 5751 Canta—

428 5760 696 5801 etw-uum
731 5745 886 5796 valde
917 5753 1354 5806 commoverunt,
1383 5754 1444 5797 ut
1470 5759 1558 5796 res
1587 5756 1713 5796 suas
1743 5745 1878 5807 ipse,
1915 5748 1998 5792 ut-

430 5827 558 5886 pote
601 5813 806 5878 verius,
837 5813 1131 5880 sincerius,
1163 5814 1609 5885 exploratiusque
1640 5811 1923 5865 scriberet.

2189 5667 2300 5732 (ιιι)
2335 5667 2509 5736 Legat
2544 5666 2636 5734 qui
2671 5666 2927 5730 voluerit,
2961 5674 3138 5720 ex~tat
3167 5664 3314 5719 enim
3348 5665 3454 5736 lib.
3478 5681 3542 5720 ιτ
3581 5664 3692 5718 Nos

2109 5753 2229 5789 vero
2253 5735 2500 5789 victorias
2520 5747 2856 5802 cantaturos,
2886 5747 2932 5790 et
2961 5736 3177 5789 laudum
3193 5735 3488 5804 spectacula
3507 5752 3616 5788 sum
3630 5753 3693 5788 a-

2113 5808 2306 5860 tissimi
2347 5809 2698 5875 imperaton’s,
2733 5816 2839 5884 etc.
