4056 6476
530 320 625 384 191

1737 323 2066 386 JOANNIS
2103 326 2633 390 CANTACUZENI
3674 338 3762 398 192

528 453 614 491 me
643 435 899 503 mandare
926 477 940 502 ,
986 436 1177 507 ibique
1227 436 1502 506 reliquum
1535 450 1806 492 annorum
1854 452 2102 492 meorum

2217 439 2591 509 ἀνθρωπίνης,
2615 439 2712 492 καὶ
2767 438 3070 509 εὐημερίας
3098 438 3194 492 καὶ
3241 441 3484 510 τρυφῆς,
3518 444 3764 502 ἐσκεπτό-

528 530 598 584 ab
639 529 899 583 inanibus
930 528 1126 583 mundi
1157 529 1676 598 perturbationibus
1697 569 1712 594 ,
1759 531 2105 600 strepituque

530 629 838 682 remotum,
889 619 944 672 in
997 620 1397 689 tranquillitate
1443 636 1792 675 consumere.
1855 621 2107 678 Placebat

529 721 716 765 autem
740 713 914 781 magis
946 711 1233 780 Batopedii
1274 712 1697 766 monasterium.
1732 711 1963 782 Moxque
1989 728 2108 766 mo-

531 803 727 856 nachis
773 803 882 856 illis
936 803 1064 857 dato
1095 814 1324 874 argento
1359 803 1604 873 praecipi,
1637 804 1914 858 domicilia
1966 804 2101 858 mihi

533 892 906 947 construenda
953 893 1205 948 locarent
1237 934 1248 953 ,
1285 910 1405 962 qua:
1459 907 1633 962 usque
1689 910 1832 946 nunc
1863 902 2100 955 exstant,

534 985 964 1055 veritatemque,
1002 1001 1108 1052 qua
1151 986 1286 1038 nihil
1343 986 1463 1039 colo
1495 982 1777 1047 sanctius,
1835 994 2104 1038 testantur

528 1077 860 1132 clarissime.
919 1078 1086 1148 804
1119 1077 1231 1130 Cur
1285 1086 1470 1131 autem
1529 1094 1636 1132 non
1680 1078 1790 1130 illic
1845 1078 2100 1131 monachi

530 1167 778 1220 habitum
813 1167 1040 1222 indutus
1073 1167 1367 1221 manssrim
1393 1208 1406 1228 ,
1455 1168 1548 1221 sed
1585 1168 1650 1220 ad
1703 1167 2101 1236 imperatorum

529 1260 996 1329 negotiorumque
1061 1260 1332 1313 tumultus
1397 1259 1710 1322 redierim,
1776 1275 1876 1311 nec
1949 1273 2104 1311 arnor

530 1350 722 1404 mundi
756 1350 808 1402 in
847 1365 1010 1404 causa
1046 1349 1188 1413 fuit,
1242 1365 1344 1403 nec
1395 1349 1462 1402 ad
1502 1365 1590 1403 res
1639 1348 1909 1402 humanas
1940 1349 2102 1401 laude

529 1441 723 1510 dignas
755 1450 948 1510 torpor
975 1442 1222 1509 quidam.
1262 1441 1355 1495 sed
1392 1441 1691 1509 imperator
1738 1440 1854 1508 ipse
1905 1442 2104 1493 immo-

526 1532 648 1585 dice
691 1531 823 1584 mihi
877 1531 1097 1595 aflixus,
1131 1541 1185 1584 et
1231 1532 1325 1602 qui
1378 1533 1496 1586 sine
1531 1546 1619 1584 me
1674 1531 1842 1585 vitam
1883 1532 1987 1587 sibi
2025 1537 2106 1588 in-

523 1640 777 1685 suavem,
811 1633 979 1694 atque
1009 1625 1269 1680 acerbam
1307 1635 1538 1693 putaret.
1577 1625 1645 1679 Ut
1671 1627 1821 1680 cnim
1857 1626 2106 1680 sciscita-

526 1724 648 1780 tus,
704 1714 836 1785 quid
880 1731 968 1769 me
1003 1715 1148 1770 Atho
1180 1715 1525 1780 adduxisset,
1553 1731 1774 1770 causam
1811 1717 2100 1786 percepit,

2196 548 2320 601 ,μην
2345 534 2402 584 ἐν
2431 532 2539 584 τίνι
2586 531 2699 584 τῶν
2733 530 3177 601 φροντιστηρίων
3218 531 3430 601 βέλτιον
3459 536 3647 601 οίκεῖν,
3675 542 3761 593 καί

2207 623 2298 674 τὸν
2327 622 2607 676 ἐπίλοιπον
2641 623 2754 692 βίον
2800 626 2857 676 ἐν
2915 623 3190 694 ἀταραξίᾳ
3243 623 3481 678 διανύειν
3524 628 3628 680 τῶν
3673 631 3760 683 τοῦ

2209 711 2327 781 βίου
2385 714 2634 782 ματαίων
2688 715 3004 767 ἀποστάντα
3059 714 3307 784 θορύϐων
3346 718 3443 772 καὶ
3493 725 3758 790 ταραχῶν.

2205 805 2317 856 Καὶ
2368 805 2544 857 ἐδόκει
2613 806 2678 857 τὸ
2709 805 3037 857 Βατοπεδίου
3060 805 3445 876 αἱρετώτερον,
3481 809 3672 864 αὐτίκα
3703 829 3757 865 τε

2204 897 2314 957 τοῖς
2341 897 2520 948 ἐκεῖσε
2546 899 2800 966 μοναχοῖς
2829 896 3104 958 ἐκέλευον,
3128 896 3468 968 ἀναλώματα
3494 903 3758 971 παρέχων,

2201 988 2458 1056 οἰκήσεις
2490 988 2612 1056 ἐμοὶ
2645 993 2845 1052 ποιεῖν,
2873 987 2931 1040 αἳ
2961 990 3056 1041 καί
3085 990 3165 1052 είς
3192 988 3357 1061 δεῦρο
3387 991 3762 1060 διασώζονται,

2204 1080 2481 1144 ἀπόδειξις
2518 1079 2756 1149 ἐναργὴς
2794 1081 2895 1148 τῆς
2959 1081 3095 1150 παρ’
3153 1082 3280 1151 ἐμοὶ¹
3328 1083 3762 1156 πρεσϐευομένης

2198 1170 2483 1239 ἀληθείας,
2515 1170 2608 1252 τοῦ
2639 1168 2696 1220 δὲ
2726 1168 2800 1239 μὴ
2825 1170 2946 1221 τότε
2971 1168 3148 1242 αἴτιον
3175 1171 3292 1223 ἐκεῖ
3317 1172 3758 1242 καταλειφθῆναι,

2205 1262 2302 1312 καὶ
2368 1261 2553 1328 σχῆμα
2591 1259 2844 1328 μοναχῶν
2875 1260 3189 1325 ἀναλαϐεῖν,
3252 1260 3367 1314 ἀλλ’
3422 1262 3576 1326 αὖθις
3631 1271 3759 1336 πρὸς

2210 1349 2437 1422 βασιλέα
2468 1351 2561 1403 κοιλ⁵
2577 1350 2673 1402 τὸν
2701 1349 2928 1420 θόρυϐον
2953 1351 3062 1403 τῶν
3083 1352 3429 1421 πραγμάτων
3445 1356 3754 1425 ἐπανήκειν,

2205 1440 2316 1493 οὔθ’
2339 1443 2373 1510 ἡ
2395 1437 2725 1509 φιλοκοσμία
2752 1434 2841 1509 ἦν,
2875 1439 2990 1492 οὗθ’
3017 1442 3051 1511 ή
3083 1441 3328 1510 ῥᾳθυμία
3351 1444 3566 1512 περὶτὰ
3588 1445 3723 1498 καλά
3743 1460 3757 1476 ⁶

2205 1533 2341 1587 ἀλλὰ
2367 1532 2621 1601 βασιλεὺς
2672 1530 2836 1593 αὐτὸς
2868 1531 3090 1593 ἀτόπως
3138 1532 3479 1601 ἐξεχόμενος,
3521 1537 3622 1586 ’καὶ
3649 1534 3759 1587 οὐδὲ

2207 1625 2402 1694 βιωτὸν
2447 1623 2749 1694 ἡγούμενος
2779 1621 2929 1691 αὑτῷ
2958 1622 3050 1674 τὸν
3086 1622 3202 1692 βίον
3244 1624 3378 1692 ἐμοῦ
3407 1624 3754 1694 διεστηκότος.

2215 1719 2306 1780 Ὠς
2337 1717 2446 1787 γὰρ
2481 1715 2816 1769 ἐπυνθάνετο
2851 1715 2947 1783 τὴν
2974 1715 3174 1780 αἰτίαν,
3198 1717 3231 1775 ἦ
3273 1733 3341 1784 με
3368 1716 3491 1783 ἇεγει
3520 1717 3650 1786 πρὸς
3676 1716 3758 1768 τδν

526 1823 744 1875 nempe,
767 1806 1044 1860 liberandi
1081 1823 1168 1862 me
1196 1823 1224 1860 a
1258 1807 1406 1861 curis
1431 1816 1486 1860 et
1520 1808 1868 1874 negotiorum
1900 1807 2097 1872 turbis,

2209 1780 2378 1870 ΙἈθω,
2404 1780 2612 1875 καὶτῆς
2635 1808 2693 1858 ὲν
2715 1805 2816 1875 βίῳ
2839 1780 3183 1874 φιλοσοφίας,
3241 1780 3440 1877 ἤκουεν
3471 1780 3760 1875 ’ἐπίθυμίαν

523 1895 760 1964 vitaeque
802 1897 1128 1948 innocenter
1189 1894 1484 1948 actitandze
1533 1893 1916 1960 desiderium,
1968 1897 2104 1950 ami-

525 1985 712 2038 citiam
750 1999 779 2037 a
811 1998 896 2037 me
928 1999 1259 2054 magnopere
1301 1983 1556 2037 violatam
1601 1995 1936 2053 conquestus
1981 1997 2099 2051 est,

533 2073 679 2143 quod
712 2074 925 2142 privata
966 2083 1184 2128 sectans
1229 2065 1554 2134 commoda,
1611 2073 1828 2142 publica
1868 2075 2102 2145 neglige-

528 2181 645 2219 rem
685 2175 781 2220 :et
813 2165 989 2234 ipsum
1025 2165 1204 2219 solum
1241 2165 1293 2218 in
1331 2174 1479 2218 tanta
1501 2163 1928 2232 occupationum
1963 2165 2104 2217 mul-

526 2255 785 2317 titudine,
831 2257 1196 2325 molestiaque
1225 2255 1540 2310 destituens
1565 2296 1578 2320 ,
1638 2256 1751 2325 ipse
1787 2255 2048 2310 secedere
2075 2296 2098 2319 .,

529 2357 586 2401 et
626 2348 928 2418 tranquillo
980 2349 1094 2402 otio
1135 2347 1344 2418 perfrui
1392 2348 1688 2401 meditarer
1720 2365 1734 2402 :
1766 2363 2101 2417 erumpens-7

527 2455 634 2508 que
661 2439 714 2492 in
753 2454 842 2492 me
895 2439 1239 2492 stomachum
1272 2481 1286 2502 ,
1343 2425 1688 2509 prepositum
1728 2455 1911 2493 meum
1959 2440 2101 2508 inju-

528 2529 690 2594 riam,
732 2540 788 2584 et
813 2530 1066 2583 amicitiae
1104 2545 1214 2583 suae
1241 2540 1615 2598 contemptum
1647 2531 1970 2600 appellabat.
2015 2531 2099 2584 Me

517 2631 712 2676 autem
775 2621 1122 2686 affirmante,
1185 2621 1422 2675 animam
1477 2637 1670 2676 curare
1717 2623 1992 2688 voluisse,
2043 2633 2100 2679 ct

527 2728 748 2782 tequum
786 2721 1068 2780 censente,
1096 2709 1237 2767 nihil
1269 2715 1375 2767 hoc
1403 2731 1510 2767 uno
1540 2715 2096 2783 prarstantiusexisti-

527 2806 704 2872 mari,
754 2806 1036 2876 magisque
1077 2805 1255 2874 ipsum
1293 2807 1544 2875 iniquum
1600 2823 1758 2872 esse,
1820 2808 1866 2860 si
1915 2824 1998 2861 me
2031 2824 2097 2861 eo

519 2897 964 2961 incumbentem,
1002 2905 1058 2950 et
1082 2897 1374 2950 honcsunn
1410 2897 1648 2966 aliquam
1681 2899 2096 2968 responsionem

520 2996 672 3064 apud
706 2995 1053 3050 formidabile
1104 2993 1240 3049 illud
1293 2995 1387 3049 Dei
1439 2997 1677 3049 tribunal
1714 3013 1811 3064 pro
1843 2997 2099 3052 admissis

2206 1898 2574 1968 καὶθορύϐων
2628 1899 2722 1952 καὶ
2775 1899 3124 1968 πραγμάτων
3182 1897 3530 1966 ἀπαλλαγῆς,
3575 1897 3759 1966 πολλὴν

2205 1992 2429 2062 ἀφιλίαν
2487 1991 2815 2060 κατηγόρει,
2880 1991 2964 2044 ὅτι
3022 1991 3091 2044 τὰ
3144 1991 3416 2046 δοκοῦντα
3472 1992 3759 2045 λυσιτελεῖν

2205 2085 2385 2153 ζητῶν
2441 2083 2569 2156 ἰδίᾳ,
2607 2083 2719 2136 τῶν
2755 2083 2950 2136 κοινῶν
2997 2084 3323 2148 καταμελῶ,
3357 2085 3453 2138 καὶ
3483 2085 3638 2154 μόνον
3675 2102 3762 2136 κα·-

2203 2177 2480 2230 ταλείπων
2536 2175 2631 2229 ἐπὶ
2686 2175 2942 2228 τοσοῦτον
2992 2177 3345 2247 πραγμάτων
3398 2175 3574 2246 ὄχλον,
3609 2176 3759 2238 αὐτὸς

2205 2267 2472 2338 βούλομαι
2523 2267 2850 2336 ἀναχωρεῖν,
2888 2266 2985 2319 καὶ⁸
3029 2265 3340 2320 ἀπολαύειν
3383 2267 3482 2336 τῆς
3516 2267 3777 2336 γαλήνης.·

2216 2357 2546 2426 Ἠγανάκτει
2581 2373 2662 2420 τε,
2691 2358 2787 2408 καὶ
2833 2355 3050 2410 ἀδικίαν
3089 2357 3152 2408 τὸ
3205 2359 3448 2426 πρᾶγμα
3491 2355 3755 2416 ἀπεκάλει,

2201 2450 2295 2502 καὶ
2347 2448 2448 2517 τῆς
2477 2445 2614 2519 πρὸς
2662 2446 2822 2500 αὐτὸν
2856 2446 3117 2516 ἀθέτησιν
3152 2449 3365 2516 φιλίας.
3413 2446 3578 2517 Ἐμοῦ
3609 2446 3660 2498 δὲ
3706 2446 3759 2495 τὸ

2203 2540 2334 2610 περὶ
2367 2538 2544 2610 ψυχῆς
2590 2538 2681 2590 τὸν
2732 2538 2890 2606 λόγον
2931 2539 3270 2608 πεποιῆσθαι
3338 2536 3754 2608 ἰσχυριζομένου,

2201 2633 2299 2685 καὶ
2349 2629 2549 2701 μηδὲν,
2578 2629 2862 2695 ἀξιοῦντος
2888 2628 3170 2699 ,ἡγεῖσθαι
3208 2630 3628 2699 προτιμότερον,
3678 2626 3758 2677 καὶ

2205 2723 2409 2794 μᾶλλον
2458 2722 2670 2775 ἐκεῖνον
2725 2721 3149 2784 ἀποδεικνύντος
3203 2721 3449 2786 ἀδικεῖν,
3499 2722 3547 2772 εί
3593 2717 3756 2787 βουλο-

2203 2817 2348 2886 μένῳ
2372 2815 2579 2885 ταύτης
2609 2814 2868 2886 πρόνοιαν
2923 2814 3218 2877 ποιεῖσθαι,
3246 2815 3355 2869 καί
3390 2831 3509 2867 τινα
3551 2810 3754 2880 εὐπρόσ-

2202 2926 2353 2963 ωπον
2427 2907 2727 2975 ἀπολογίαν
2751 2908 2843 2959 ἐπὶ
2864 2905 2959 2958 τοῦ
2992 2907 3228 2976 φοϐεροῦ
3257 2908 3484 2960 ἐκείνου
3511 2903 3746 2974 βήματος.

2201 2997 2286 3066 ἐφ’
2319 2982 2400 3059 οἷς
2439 2999 2861 3066 προσκέκρουκα
2888 2987 3008 3064 Θεῷ
3041 2994 3287 3064 πορίζειν
3361 2991 3596 3064 ἐμαυτῷ,
3622 2985 3751 3045 αὐτὸς

524 3086 813 3158 acquirere
857 3085 1198 3142 laborantem
1242 3088 1540 3157 prohibere
1595 3100 1906 3150 conaretur,
1947 3099 2099 3159 post-

2205 3091 2446 3159 φαίνοιτο
2503 3089 2748 3154 κωλύων,
2805 3089 2928 3140 ἐπεὶ
2981 3087 3055 3158 μὴ
3090 3088 3302 3140 πείθειν
3362 3089 3568 3147 ἐκεῖνος
3612 3077 3756 3148 εἶχεν.

527 3166 972 3250 (ιιισιηάιιίιηωη
1008 3195 1191 3233 meum
1241 3179 1465 3234 llectere
1518 3181 1792 3250 nequivit,
1824 3183 1958 3236 etin
2006 3199 2096 3237 sn-

525 3282 714 3342 scepto
745 3272 979 3326 consilio
1011 3271 1362 3324 obfirmatum
1393 3271 1549 3336 vidit,
1579 3273 1876 3342 Augustam
1905 3276 2099 3329 ascivit

523 3365 751 3418 sociam.
781 3365 912 3418 lnde
945 3364 1108 3418 ambo
1140 3364 1327 3418 multis
1359 3365 1544 3418 verbis
1561 3374 1617 3418 et
1647 3367 1985 3434 argumentis
2012 3382 2098 3420 me

523 3457 903 3526 pervicerunt,
951 3471 1021 3509 ne
1060 3465 1176 3510 tum
1222 3455 1368 3524 quod
1419 3455 1707 3526 cupiebam
1743 3474 2094 3528 exsequerer.

526 3552 853 3620 Quanquam
887 3550 1083 3618 (amica
1119 3549 1265 3603 enim
1299 3550 1528 3620 veritas)
1555 3566 1655 3605 nec
1692 3551 1827 3620 ipse,
1857 3551 1956 3605 etsi
1994 3553 2099 3604 im-
2153 3616 2155 3618 η

525 3657 696 3710 pense
742 3641 1018 3707 volebam,
1057 3652 1282 3712 pr0pter
1321 3639 1830 3711 conjunctissitnan‘r
1863 3640 2099 3700 familia-

524 3733 747 3785 ritatcm
781 3730 850 3786 ab
897 3731 1233 3802 imperatore
1279 3733 1520 3801 separari
1573 3742 1843 3802 poteram.
1870 3732 1979 3786 Nec
2017 3739 2100 3786 ta-

524 3837 651 3877 men
679 3822 746 3878 ab
779 3839 840 3878 ea
881 3833 1066 3877 mente
1121 3841 1350 3893 prorsus
1393 3824 1659 3884 discessi,
1689 3824 1782 3878 sed
1828 3833 1937 3878 tum
1973 3828 2097 3894 qui-

525 3913 675 3979 dem,
709 3930 808 3984 pro
838 3929 905 3969 eo
955 3929 1016 3968 ac
1048 3907 1124 3968 illi
1177 3914 1453 3982 petebant,
1489 3913 1792 3966 rediturum
1835 3929 1920 3966 me
1970 3929 2100 3982 pro-

528 4003 654 4057 misi
681 4045 695 4068 ,
729 4014 786 4058 et
826 4003 917 4056 ubi
976 4014 1197 4056 sanctos
1235 4003 1356 4056 illos
1389 4003 1694 4066 allocutus,
1726 4001 1899 4062 effeci,
1937 4011 1996 4054 ut
2046 3991 2099 4055 in

526 4091 833 4165 Batopedio
867 4095 1243 4151 habitaculum
1283 4096 1419 4149 mihi
1461 4106 1890 4154 construeretur.
1927 4087 2101 4152 Thes-

529 4187 830 4243 salnnicam
886 4187 954 4242 ad
1009 4187 1399 4256 imperatorem
1452 4187 1612 4240 redii.
1647 4187 1776 4241 Erat
1827 4199 2010 4241 autem
2047 4188 2099 4241 in

529 4279 717 4335 animo
753 4280 919 4335 rebus
949 4280 1086 4334 meis
1111 4280 1251 4334 bene
1275 4279 1594 4348 compositis
1617 4279 1837 4342 reverti,
1871 4291 1924 4334 et
1959 4279 2102 4334 inter

529 4372 831 4427 monachos
890 4371 1012 4425 illos
1065 4371 1256 4425 eadem
1315 4371 1440 4425 vitae
1496 4371 1789 4435 instituta,
1843 4371 2100 4440 legesque

2203 3184 2318 3238 ἀλλ’
2343 3181 2577 3253 ἰσχυρῶς
2602 3181 2857 3250 ἐχόμενον
2875 3180 3022 3250 ἑώρα
3043 3179 3150 3232 τῶν
3167 3184 3465 3250 προτέρων
3485 3170 3756 3242 λογισμῶν,

2177 3277 2296 3326 ,καὶ
2329 3272 2556 3342 βασιλίδι
2588 3274 2652 3341 τῇ
2680 3273 2900 3339 γυναικὶ
2931 3275 3285 3341 χρησάμενος
3315 3269 3601 3340 συμμάχῳ,
3626 3264 3758 3314 ἔπει-

2203 3385 2302 3419 σεν
2321 3366 2482 3433 ἄμφω
2496 3365 2709 3427 πολλοῖς
2735 3364 3064 3434 χρησάμενοι
3085 3363 3262 3430 Λόγοις
3283 3366 3378 3418 καὶ
3405 3357 3754 3432 παραινέσεσι,

2207 3459 2282 3530 μὴ
2311 3457 2371 3511 τ’)
2403 3459 2496 3510 νῦν
2523 3457 2645 3526 ἔχον
2669 3456 2935 3526 πράττειν
2964 3454 3032 3508 τὰ
3063 3458 3202 3507 κατά
3234 3457 3486 3524 γνώμην.
3536 3449 3680 3501 Φίλον
3706 3443 3756 3494 δέ

2203 3547 2460 3619 τάληθὲς,
2490 3548 2601 3601 οὐδ’
2631 3547 2798 3602 αὑτὸν
2838 3545 3140 3616 δυνάμενον
3178 3545 3472 3616 διαστῆναι
3513 3536 3756 3612 βασιλέως

2205 3642 2311 3696 ὑπὸ
2344 3642 2445 3711 τῆς
2478 3639 2657 3709 ἄκρας
2687 3638 3000 3707 συνηθείας,
3045 3639 3138 3690 καί
3181 3655 3266 3690 τοι
3326 3639 3558 3707 μάλιστα
3590 3627 3759 3700 βουλό-

2209 3745 2392 3803 μενον,
2449 3734 2509 3786 οὐ
2547 3732 2656 3802 μὴν
2715 3730 3037 3783 παντάπασι
3075 3727 3195 3781 τῶν
3234 3728 3517 3799 λογισμῶν
3553 3721 3757 3777 ἐκείνων

2203 3824 2548 3894 ἀπεσχόμην,
2587 3820 2722 3874 ἀλλά
2753 3819 2873 3872 τότε
2904 3818 3002 3888 μὲν
3036 3814 3192 3879 αὖθις
3220 3816 3580 3886 ἀναστρέφειν
3605 3811 3759 3874 ἐπηγ’

2204 3917 2499 3984 γελλόμην,
2534 3913 2721 3982 ὥσπερ
2748 3909 2948 3963 ἐκεῖνοί
3004 3926 3067 3977 γε
3125 3909 3342 3975 ἠξίουν.
3375 3907 3484 3961 Καὶ
3519 3902 3759 3964 ἀνέστρε-

2204 4026 2305 4078 φον
2359 4007 2414 4058 ἐν
2465 4003 2841 4074 Θεσσαλονίκῃ
2885 4002 3022 4072 πρὸς
3079 4001 3331 4065 ἐκείνους
3363 3997 3502 4068 μετά
3531 3993 3590 4046 τὸ
3643 3985 3758 4078 τους

2206 4100 2397 4167 ἀγί.υς
2433 4098 2676 4159 ἐκείνους
2723 4096 3066 4161 προσειπεῖν,
3125 4091 3220 4144 xa‘t
3261 4094 3364 4162 τὴν
3387 4083 3672 4154 δεξομένην
3709 4075 3760 4125 ἐν

2204 4192 2417 4260 ὑστέρῳ
2441 4191 2655 4257 οἴκησιν
2702 4184 3108 4254 οἰκοδομεῖσθαι
3141 4186 3198 4234 ἐν
3259 4173 3574 4244 Βατοπεδίῳ
3599 4181 3762 4260 παρξ⁶

2208 4254 2496 4343 σκευάσαι,
2527 4254 2755 4348 χνώμην
2804 4277 2861 4329 δὲ
2889 4272 3064 4345 εἶχον,
3093 4275 3167 4336 ὡς
3197 4269 3254 4328 εὖ
3306 4261 3618 4339 διαθέμενος
3662 4254 3764 4314 τοῖς

2205 4373 2273 4425 τά
2315 4371 2437 4424 κατ’
2495 4368 2619 4438 ἐμὲ,
2671 4363 2834 4425 αὖθις
2905 4365 3218 4434 ἐπανήξων,
3265 4363 3361 4434 καὶ
3421 4351 3764 4438 συνεσόμεγος

527 4464 797 4538 profiteri.
834 4464 992 4519 Brevi
1019 4459 1325 4520 intervallo
1381 4463 1710 4532 imperatore
1761 4463 2093 4516 mortalitate

2205 4463 2380 4514 ἐκεῖσε
2408 4435 2659 4529 μοναχοῖς
2685 4457 2772 4510 τὸν
2793 4457 2908 4509 ἴσον
2933 4455 3044 4524 βίον
3060 4455 3316 4522 ἐλόμενος
3347 4450 3550 4507 αὐτοῖς.
3586 4435 3766 4538 ’φλίγῳ

532 4557 845 4628 perfuncto,
881 4555 1010 4625 quia
1041 4553 1186 4607 aliud
1224 4569 1330 4607 non
1367 4553 1588 4615 licebat,
1624 4561 1734 4608 tota
1769 4555 2012 4607 rectione
2048 4553 2101 4606 in

527 4640 792 4709 humeros
826 4661 977 4700 meos
999 4645 1281 4706 translata,
1317 4643 1569 4697 detentus
1597 4657 1717 4698 sum
1765 4643 1930 4697 etiam
1964 4643 2107 4696 invi-

533 4750 643 4792 tus.
676 4738 813 4792 Cum
847 4745 1027 4790 autem
1066 4719 1416 4806 sycophantze
1450 4725 1528 4788 illi
1583 4733 1786 4787 bellum
1842 4734 2106 4788 suscitas-

532 4839 679 4896 scnt,
713 4833 764 4884 et
801 4847 888 4884 me
915 4844 1177 4897 meosque
1210 4827 1349 4882 adeo
1398 4827 1452 4880 in
1497 4841 1772 4880 summum
1805 4825 2104 4881 discrimen

533 4923 920 4994 conjecissent,
953 4937 1058 4973 non
1089 4936 1219 4974 mea:
1248 4910 1453 4987 potius,
1485 4932 1648 4987 quam
1672 4916 1918 4971 omnium
1945 4915 2102 4970 saluti

533 5014 928 5079 consulturus,
967 5011 1355 5081 imperatorem
1393 5003 1701 5062 Romanum
1747 5007 1862 5062 fieri
1898 5024 1983 5063 me
2013 5023 2108 5062 su-

536 5106 729 5170 stinui,
763 5114 1086 5172 tantumque
1115 5101 1383 5156 malorum
1423 5115 1653 5154 examen
1686 5100 1892 5154 tamdiu
1933 5112 2108 5169 oppu-

533 5207 732 5266 gnatas
765 5196 1022 5250 toleravi.
1074 5194 1226 5260 Quod
1260 5207 1382 5247 cum
1413 5193 1485 5247 ita
1511 5193 1604 5258 sit,
1639 5191 1910 5262 Gregoras
1958 5195 2108 5248 men-

535 5289 672 5342 titur
711 5297 774 5341 ea
831 5285 1332 5357 impudentissime,
1364 5292 1482 5354 Quae
1520 5290 1627 5339 nOn
1665 5283 1888 5360 refutari
1923 5286 2104 5348 modo,

535 5380 627 5435 sed
683 5377 944 5433 facillime
998 5373 1226 5431 refutari
1279 5387 1502 5444 queant.
1536 5367 1700 5447 805
1729 5376 1882 5441 Quod
1943 5393 2108 5446 porro

535 5489 623 5526 me
673 5471 921 5540 partibus
953 5468 1186 5523 Palatina:
1225 5467 1506 5522 addictum
1533 5505 1547 5532 ,
1601 5469 1858 5538 injustam
1915 5469 2108 5522 tulisse

537 5559 890 5624 sententiam,
929 5561 1030 5628 ait,
1061 5569 1224 5630 autue
1257 5557 1380 5613 ideo
1402 5573 1505 5614 nec
1543 5573 1598 5614 se
1624 5559 1949 5629 parituram,
1981 5562 2105 5614 cum

533 5651 754 5721 judicio
797 5651 1236 5722 disceptantibus
1272 5651 1415 5705 idem
1448 5663 1502 5706 et
1547 5651 1738 5720 judex,
1767 5661 1824 5704 et
1847 5650 2109 5704 adversa-

535 5743 654 5802 rius
685 5743 888 5810 fuerit,
944 5745 1097 5800 nullo
1143 5743 1365 5815 negotio
1394 5744 1514 5814 ejus
1545 5743 1840 5798 vanitatem
1873 5741 2105 5796 deumns

2209 4553 2266 4608 δὲ
2295 4553 2523 4622 ὕστερον
2545 4551 2999 4618 τετελευτηκότος
3027 4546 3324 4616 βασιλέως,
3369 4540 3491 4596 ἐπεὶ
3520 4530 3767 4622 πράττειν

2210 4620 2439 4715 ἐτέρωςή
2471 4646 2573 4698 οὐκ
2626 4645 2716 4697 ἐπ’
2774 4643 2873 4712 ἐμὲ
2941 4638 3424 4706 καταλειφθείσης,
3485 4628 3576 4682 καὶ
3632 4620 3769 4715 ᾇκων

2210 4711 2360 4809 ἐξῆ-ν,
2446 4739 2544 4807 τῆς
2618 4735 2748 4804 ὅλης
2835 4733 3160 4803 διοικήσεως
3237 4735 3348 4783 τῶν
3433 4711 3766 4816 πραγμάτων

2210 4831 2578 4900 κατεσχόμην,
2606 4827 2714 4880 τῶν
2745 4823 3099 4893 συκοφαντῶν
3129 4823 3184 4874 δὲ
3229 4821 3456 4875 ἐκείνων
3502 4813 3592 4900 τὸν
3622 4801 3767 4900 πολε-ι

2214 4939 2315 4991 μον
2373 4918 2766 4985 κεκινηκότων,
2816 4916 2907 4968 καὶ
2957 4913 3048 4966 τὸν
3087 4913 3216 4984 περὶ
3261 4909 3358 4964 τοῦ
3412 4907 3510 4974 ζῇν
3540 4893 3767 4991 κίνδυξων

2209 5009 2331 5083 ἐμοί
2355 5029 2411 5064 τε
2484 5010 2578 5063 καὶ
2609 5011 2720 5070 τοῖς
2758 5006 3008 5059 συνοῦσιν
3031 5003 3205 5076 οὕτως
3233 4999 3428 5069 ἀθρόον
3453 4977 3765 5084 ἐπενεγκξψ

2210 5111 2341 5165 των,
2373 5103 2434 5154 οὐ
2469 5091 2564 5169 τῆς
2591 5097 2832 5168 ἐμαυτοῦ
2868 5096 3070 5165 μᾶλλον
3110 5095 3143 5165 ἢ
3177 5095 3289 5146 τῶν
3338 5092 3478 5143 ὅλων
3501 5079 3766 5169 σωτηριαξ

2209 5153 2373 5247 ἕνεκά
2413 5183 2473 5244 τὺ
2523 5153 2790 5261 Ιβόιόιλεῦς
2834 5153 3143 5253 ’ίδωμαίωί
3189 5185 3417 5252 εἱλόμην
3468 5153 3766 5261 sivetu.qu

2209 5284 2468 5338 τοσοῦτον
2558 5281 2831 5350 ὑπέμεινα
2936 5277 3125 5331 κακῶν
3213 5274 3408 5346 ἐσμὸν»
3489 5252 3769 5350 ἀνηῖθέξωξ

2209 5329 2352 5428 δύτω
2421 5329 2755 5440 πολεμηθεὶς
2827 5369 2919 5421 ἐπὶ
2981 5367 3238 5421 τοσοῦτον
3284 5329 3528 5434 ’χρόνοηλ
3606 5341 3681 5396 Δι’
3732 5329 3766 5385 δ

2215 5467 2452 5535 μάλιστα
2519 5439 2778 5532 ψεύδεται
2854 5459 3145 5530 Γρηγορᾶς
3211 5445 3321 5510 Otii
3394 5439 3766 5539 ἀνετέλεγξξέ

2209 5547 2347 5611 ἀλλά
2438 5555 2656 5608 πάντων
2759 5551 3000 5622 μάλιστα
3096 5540 3559 5618 εὖελεγκτότατα.

2210 5603 2401 5714 δέψμέ
2759 5603 3071 5711 ⁵Ϋῐὶαλοιμιόἱ,
3132 5603 3535 5710 προσκείμενον
3581 5603 3769 5715 ,μέρῗᾷῐῖ

2212 5741 2395 5795 ἄδικον
2425 5739 2604 5804 ῴῆιρον
2636 5737 2949 5802 ἐπενεγκεῖν
2971 5775 2986 5800 ,
3019 5735 3109 5788 καί
3143 5735 3230 5789 διὰ
3269 5730 3434 5788 τοῦτο
3475 5713 3593 5773 μηθ’
3624 5697 3772 5761 αυτὸν
