4056 6512
362 490 468 558 195

1526 487 1850 551 JOANNIS
1889 489 2417 556 CANTACUZENI

3450 574 3453 575 γ
3517 496 3628 568 196

359 600 663 671 discipulos
682 598 892 666 inveni,
919 613 1155 671 quorum
1185 597 1383 670 placita
1404 612 1531 652 eum
1561 590 1791 652 veritate
1825 613 1929 667 pn-

2041 602 2286 667 καὶτοὺς
2321 598 2391 658 ei
2423 605 2512 658 ἷσα
2557 605 2871 676 ᾑρημένους
2893 648 2908 671 ,
2938 610 3050 672 τοῖς
3080 605 3291 679 ἁγίοις,
3322 608 3419 665 καὶ
3449 607 3631 665 0:916-

361 696 609 769 guantia,
635 707 693 751 et
727 696 928 764 pietate
959 692 1085 748 ﬁdei
1112 707 1143 747 a
1172 691 1379 747 sanctis
1405 688 1665 744 Patribus
1699 689 1937 755 tradite,

360 805 483 846 esse
531 789 809 844 contraria
837 829 852 856 ,
881 787 1085 843 licebat
1117 787 1282 842 etiam
1331 782 1608 854 magistris
1658 780 1940 853 prioribus

362 881 528 937 tomis
579 880 817 935 discere.
868 878 1055 934 Nihilo
1093 878 1275 933 minus
1313 891 1440 932 eum
1493 874 1831 945 praescriptis
1868 874 1939 929 ab

364 973 624 1029 Ecclesia:
656 971 979 1027 doctoribus
1012 971 1164 1024 velut
1192 967 1500 1024 canonibus
1534 982 1597 1021 ea
1628 981 1940 1036 comparas-

363 1082 571 1132 semus,
613 1065 841 1119 minime
873 1064 1099 1118 dubiam
1124 1062 1284 1132 plane
1312 1060 1757 1128 depravationem
1794 1058 1941 1112 vidi-

361 1172 507 1209 mus.
550 1153 818 1219 Quocirca
851 1151 1124 1222 episcopis
1167 1150 1424 1203 omnibus
1461 1148 1933 1216 approbantibus,

361 1245 486 1298 illos
525 1242 746 1313 quidem
777 1250 836 1295 ut
880 1252 1027 1294 recte
1070 1240 1372 1294 sentientes
1404 1237 1636 1303 absolvi,
1669 1237 1767 1291 hos
1804 1253 1937 1291 con-

358 1336 612 1390 dcmnavi
646 1353 658 1390 :
703 1350 768 1388 ac
797 1334 865 1387 dc
888 1342 1108 1394 caetero,
1148 1339 1207 1383 ut
1241 1346 1459 1399 aequum
1501 1339 1654 1392 erat,
1708 1329 1934 1384 victori-

357 1428 466 1483 bus
508 1426 658 1481 omni
709 1426 926 1480 ratione
983 1424 1288 1493 adjutorem
1334 1436 1421 1476 me
1454 1421 1663 1491 praebui
1690 1460 1705 1486 ,
1737 1422 1932 1485 victis,

357 1521 560 1576 amissa
591 1519 771 1574 fronte
815 1532 917 1571 nec
949 1516 1015 1571 ad
1048 1516 1337 1570 veritatem
1372 1513 1578 1581 redire,
1614 1528 1717 1568 nec
1744 1514 1934 1584 quies-

356 1628 484 1667 cere
512 1611 850 1673 velentibus,
885 1625 991 1665 nec
1018 1624 1115 1664 sua
1146 1617 1359 1663 tantum
1392 1610 1639 1680 pernicie
1662 1612 1934 1667 contentis

354 1704 450 1759 sed
484 1703 550 1757 ad
577 1702 721 1757 idem
772 1701 1100 1756 barathrum
1137 1710 1193 1755 et
1233 1700 1370 1756 alios
1401 1701 1779 1769 illicientibus,
1812 1702 1933 1758 sine

355 1798 466 1851 ulla
496 1795 832 1852 verecundia
893 1793 1311 1850 contumeliosis
1341 1834 1356 1858 ,
1402 1805 1458 1849 et
1499 1811 1665 1865 supra
1713 1810 1931 1849 onmem

354 1886 578 1943 modum
607 1886 1025 1957 impudentibus
1056 1887 1130 1955 (id
1154 1886 1302 1955 quod
1329 1901 1358 1941 a
1384 1886 1661 1957 principio
1691 1886 1932 1941 inimicis

355 1979 630 2045 veritatis,
660 1988 711 2033 et
740 1978 1000 2033 Ecclesiae
1030 1977 1283 2032 hostibus
1307 1978 1360 2032 in
1389 1993 1543 2031 more
1572 1977 1695 2047 fuit)
1718 1992 1933 2048 poenam

356 2074 599 2128 debitam
641 2071 850 2138 innixi;
910 2071 1022 2125 imo
1074 2048 1363 2125 enimVero
1410 2071 1682 2125 minorem
1724 2069 1931 2133 debita,

355 2182 539 2238 neque
577 2167 726 2221 enim
753 2175 813 2218 ut
839 2164 918 2219 illi
944 2164 1145 2217 malum
1170 2161 1317 2233 quod
1369 2161 1747 2226 merebantur,
1786 2161 1935 2215 acci-

354 2267 580 2328 perent,
612 2257 710 2313 sed
747 2272 815 2311 ne
846 2265 1073 2326 possent
1126 2254 1333 2309 malum
1374 2254 1506 2309 dare
1551 2253 1931 2324 providebam.

352 2353 453 2404 Est
511 2358 697 2403 autem
725 2389 739 2413 ,
780 2348 1000 2417 Opinor,
1032 2345 1121 2399 lex
1154 2354 1211 2399 et
1256 2345 1310 2399 in
1351 2343 1476 2399 aliis
1519 2344 1648 2397 vita:
1683 2344 1935 2397 humanae

354 2439 620 2508 publicis,
665 2439 1007 2507 privatisque
1038 2436 1371 2490 criminibus
1396 2474 1413 2501 ,
1449 2434 1714 2506 jndicem,
1752 2433 1939 2503 prius-

354 2548 516 2602 quam
543 2530 850 2598 litigatores
880 2544 1099 2583 causam
1139 2527 1353 2588 dicant,
1395 2526 1614 2579 nulloin
1651 2526 1934 2589 damnare,

354 2623 460 2679 nisi
489 2623 559 2677 ab
589 2621 767 2676 etlicio
797 2620 927 2674 velit
950 2618 1275 2675 discedere:
1310 2617 1514 2672 auditis
1548 2626 1731 2672 autem
1763 2616 1935 2672 utris-
1965 2605 1971 2611 ’

367 2731 475 2787 que
515 2714 785 2784 partibus,
844 2720 900 2767 et
966 2711 1049 2766 ad.
1073 2711 1301 2765 alteram
1338 2708 1667 2779 respiciente
1700 2704 1937 2763 victoria

357 2805 527 2876 (quod
562 2802 794 2858 omnino
829 2800 1075 2871 oportet)
1107 2811 1163 2854 et
1189 2799 1365 2869 ipsum
1402 2796 1472 2852 ad
1499 2797 1818 2852 validiorem
1847 2811 1939 2851 ac-

359 2899 584 2963 cedere,
614 2897 874 2965 illamque
907 2894 1092 2957 aliam,
1122 2908 1243 2962 qua:
1272 2892 1524 2954 laeserat,
1579 2892 1645 2946 ad
1698 2890 1936 2944 elllcium

355 2989 712 3058 compellere.
746 2986 863 3041 Non
888 2986 1057 3056 igitur
1100 2983 1341 3053 injurius
1371 2983 1608 3053 quilibet
1640 2993 1936 3052 prepterea

355 3090 552 3136 contra
588 3080 834 3150 judicem
884 3077 1147 3147 excipiet,
1181 3091 1422 3146 eumque
1452 3091 1552 3146 pro
1584 3075 1789 3146 injuste
1820 3083 1936 3129 tra-

355 3175 541 3241 ducet,
574 3174 702 3243 quia
745 3188 802 3225 se
835 3170 903 3225 ad
944 3170 1129 3225 violati
1167 3178 1354 3241 partes
1400 3158 1742 3238 adjunxerit.
1776 3166 1933 3232 Quod

2044 709 2163 760 γοις
2209 695 2395 764 ἄκρως
2445 697 2894 767 συμφωνοῦντας,
2942 700 3064 753 κατ’
3120 701 3266 769 ῐχνος
3318 702 3629 771 ἑπομένους

2042 784 2312 853 φανερῶς,
2351 784 2641 856 Γρηγοράν
2678 786 2736 840 δὲ
2769 789 2864 841 καὶ
2907 789 3034 851 τοὺς
3067 788 3259 850 ἄλλους
3308 788 3357 842 οἶ
3394 775 3663 843 ἀντικα-’

2043 872 2320 941 θίσταντο,
2356 879 2424 930 τά
2465 875 2754 948 Βαρλαάμ,
2803 878 2899 934 καλ⁸
2939 877 3250 934 Ἀκινδῦνου
3297 878 3629 946 δοξάζοντας

2040 965 2493 1039 ἀπαραποιήτως,
2526 968 2562 1023 ἃ
2591 970 2673 1023 ὅτι
2704 969 2807 1041 τῆς
2836 971 3096 1043 ἀληθείας
3129 971 3360 1042 ἔκφυλα,
3395 973 3491 1026 καὶ
3519 972 3627 1042 τῆς

2040 1058 2168 1128 περὶ
2197 1060 2295 1127 τῆς
2325 1060 2584 1124 εὐσεῦοὖς
2616 1052 2730 1116 ὑπὲ
2754 1064 2862 1117 τῶν
2889 1065 3062 1132 ἁγίων
3093 1067 3346 1135 πατέρων
3382 1065 3628 1136 παραδοα

2041 1148 2229 1221 θείσης
2250 1153 2484 1215 πίστεως
2509 1154 2747 1218 ἐναντία,
2770 1153 2899 1222 ὲξῆν
2930 1156 3031 1224 μὲν
3057 1158 3151 1210 καὶ
3182 1156 3625 1226 τοῖςπροτέροις

2037 1241 2226 1311 τόμοις
2276 1244 2581 1313 χρήσασθαι
2628 1246 2992 1310 διδασκάλοις.
3046 1247 3121 1300 Οὐ
3187 1248 3294 1319 μὴν
3343 1244 3481 1300 ἀλλὰ
3526 1247 3626 1301 καὶ

2038 1333 2190 1386 αὐτοὶ
2209 1337 2318 1397 τοῖς
2341 1335 2445 1388 ὑπὸ
2478 1336 2586 1389 τῶν
2611 1337 2947 1392 διδασκάλων
2971 1339 3067 1407 τῆς
3083 1337 3414 1407 Ἐκκλησίας
3441 1354 3627 1408 παρα-

2037 1416 2293 1492 δοθεῖσιν,
2320 1424 2510 1497 ὥσπερ
2532 1429 2719 1482 κανόσι
2752 1430 3119 1500 παραθέντες,
3146 1432 3248 1499 τὴ)
3277 1426 3622 1500 διαστριφὴν

2037 1516 2273 1588 εὕρομεν
2292 1522 2438 1588 σαφῆ
2454 1521 2547 1573 καὶ
2566 1520 2830 1591 καθαρὰν,
2844 1517 2904 1574 οὗ
2917 1521 3081 1575 ἕνεκα
3102 1523 3196 1574 καὶ
3216 1521 3500 1585 αὑτὸς,καὶ
3512 1521 3624 1575 τῶν

2037 1611 2216 1665 ἄλλων
2244 1612 2499 1666 ἁπάντων
2521 1614 2821 1684 ἀρχιερέων
2844 1613 3449 1684 συνεπιψηφιζομένων,
3477 1613 3628 1667 ἑκεί-

2037 1720 2161 1766 νους
2188 1704 2286 1774 μὲν
2310 1705 2383 1766 ὡς
2407 1704 2581 1774 ὀρθῶς
2613 1706 2947 1776 φρονοῦντας
2974 1704 3294 1768 ἐδικαίωσα,
3319 1706 3526 1759 τούτων
3563 1702 3623 1757 δὲ

2038 1794 2524 1866 κατεψηφισάμην,
2558 1796 2619 1848 τὺ
2661 1797 2716 1849 δὲ
2764 1795 2891 1864 ἑξῆς
2921 1795 3110 1864 ὥσπερ
3137 1791 3204 1867 ἦν
3242 1796 3472 1858 δίκαιον,
3504 1796 3625 1858 τοῖς

2040 1885 2142 1953 μὲν
2167 1888 2497 1956 νενικηκόσι,
2527 1889 2710 1941 πάντα
2740 1888 2940 1959 τρόπον
2967 1875 3342 1958 ἐπεκούρησα,
3377 1889 3489 1950 τοῖς
3517 1890 3625 1957 fr:-

2036 1978 2294 2047 τημένοις
2347 1978 2403 2031 δὲ
2452 1980 2890 2050 ἀναισχυντοῦσι,
2940 1980 3036 2032 καὶ
3061 1981 3214 2050 ,μήτ’
3267 1979 3625 2049 ἐπιστρέφειν

2039 2070 2176 2140 πρὶς
2221 2071 2321 2139 τὴν
2373 2071 2633 2140 ἀλήθειαν
2695 2071 3155 2141 βεϐουλημένοις,
3207 2072 3347 2142 μήτε
3387 2070 3625 2141 ἡσυχίαν

2037 2163 2213 2232 ἄγειν,
2254 2167 2319 2235 τῇ
2363 2166 2605 2235 σφετέρᾳ
2640 2165 2801 2235 μόνον
2848 2165 3140 2228 ἀγαπῶσιν
3164 2165 3431 2234 ἀπωλείᾳ,
3485 2163 3631 2217 ἀλλὰ

2037 2256 2177 2325 πρδς
2206 2256 2268 2308 τὸ
2300 2258 2414 2309 ἴσον
2456 2257 2730 2327 βάραθρον
2751 2298 2764 2321 ,
2801 2261 2895 2311 καὶ
2926 2257 3119 2320 ἄλλους
3151 2256 3582 2326 ἐκκαλουμένοις
3604 2295 3620 2320 ,

2037 2350 2135 2402 καὶ
2161 2349 2297 2418 πρὸς
2329 2348 2515 2418 ὕϐρεις
2558 2350 2831 2419 χωροῦσιν
2869 2349 3337 2418 ἀνερυθριάστως,
3383 2350 3477 2403 καὶ
3513 2349 3629 2401 πᾶ⁸

2039 2455 2139 2492 σαν
2166 2439 2469 2511 ὑπερϐολὴν
2493 2440 2883 2509 ἀναισχυντίας
2907 2439 3396 2507 ἐπιδεικνυμένοις,
3428 2437 3626 2506 ῶσπερ

2039 2530 2157 2593 Κθος
2191 2529 2425 2601 ἐξαρχῆς
2446 2532 2556 2593 τοῖς
2584 2531 2796 2600 ἐχθροῖς
2825 2530 2923 2598 τῆς
2947 2529 3229 2599 ἀληθείας,
3256 2529 3350 2582 καὶ
3379 2526 3627 2597 τῆςἚκ-

2038 2621 2269 2693 κλησίας
2299 2621 2599 2692 πολεμίαις,
2631 2622 2724 2674 καὶ
2761 2621 2916 2686 δίκην
2945 2620 3045 2692 τὴν
3080 2623 3463 2692 προσήκουσαν
3494 2619 3627 2672 έπέ-

2040 2714 2217 2783 θηκα”
2271 2713 2473 2782 μᾶλλον
2517 2712 2573 2766 δὲ
2623 2714 2717 2766 καὶ
2745 2711 2843 2782 τῆς
2890 2712 3047 2778 ἀξίας
3077 2712 3412 2765 ἀποδέουσαν
3454 2709 3622 2777 πολὺ,

2038 2805 2159 2857 οὐδὲ
2217 2804 2326 2873 γὰρ
2377 2802 2471 2857 τοῦ
2520 2803 2708 2866 κακῶς
2764 2804 3009 2866 ἐκείνους
3069 2802 3304 2872 πάσχειν
3359 2803 3624 2871 πρόνοιαν

2039 2895 2408 2966 ἐποιησάμην,
2446 2894 2581 2948 ἀλλά
2634 2895 2727 2948 τοῦ
2764 2896 2838 2965 μὴ
2881 2894 3143 2948 δυνάσθαι
3189 2894 3378 2958 κακῶς
3423 2899 3613 2951 ποιεῖν.

2043 2989 2200 3040 Ἔστι
2238 2985 2318 3051 δὲ,
2346 2980 2526 3056 οἶμαι,
2559 2986 2725 3056 νόμος
2757 2987 2850 3039 καὶ
2883 2986 2976 3038 ἐπὶ
3008 2986 3115 3038 τῶν
3143 2985 3318 3039 ἄλλων
3348 2985 3457 3040 τῶν
3491 2986 3619 3057 βιω-

2036 3080 2226 3143 τικῶν,
2256 3080 2351 3132 καὶ
2378 3078 2677 3149 δημοσίων,
2711 3079 2805 3130 καὶ
2837 3076 2982 3131 ἰδίων
3013 3077 3396 3148 ἐγκλημάτων,
3421 3083 3513 3131 τδν
3542 3077 3624 3131 δι-

2038 3171 2247 3242 καστὴν
2272 3172 2401 3241 πρὶν
2434 3171 2533 3240 μὲν
2558 3162 2860 3253 deforme;
2886 3170 3350 3238 ἀντικαταστῆναι
3378 3170 3502 3231 τοὺς
3527 3168 3628 3222 ἀλ-

354 3268 626 3338 Gregoras
655 3280 803 3320 nunc
836 3264 1060 3327 faciens,
1098 3277 1206 3317 non
1240 3261 1412 3332 magis
1449 3258 1745 3326 mendacii,
1767 3275 1931 3328 quam

2039 3264 2218 3333 λήλοις
2247 3261 2694 3332 διαφερομένους,
2730 3260 2957 3331 μηδενὸς
2987 3259 3462 3330 καταψηφίζεσθαι
3485 3259 3643 3330 ὲρή-’

355 3358 608 3412 amentizu
654 3366 711 3410 ct
756 3352 1133 3425 improbitatis
1184 3350 1504 3421 opinionem
1551 3349 1927 3418 consequitur.

2039 3371 2165 3424 μην,
2205 3356 2255 3406 εί
2316 3354 2390 3424 μὴ
2451 3352 2694 3421 βούλοιτο
2734 3353 3040 3422 ἐκδιαιτᾷνο
3088 3348 3306 3404 ὲπεὶδάν
3342 3351 3397 3404 δὲ
3429 3350 3628 3421 ἥκοιεν
3660 3348 3665 3351 ’

354 3449 510 3517 Quod
558 3458 742 3503 autem
776 3448 1080 3517 legitimum
1129 3444 1198 3500 de
1230 3445 1463 3500 vcritate
1510 3457 1734 3497 sensum
1785 3441 1840 3494 in
1872 3454 1932 3495 se

2039 3447 2117 3508 είς
2143 3445 2357 3513 λόγους,
2380 3446 2473 3496 καὶ
2496 3445 2530 3515 ἡ
2550 3445 2672 3513 νίκη
2693 3444 2937 3514 χωρήσοι
2962 3443 3096 3513 πρὸς
3122 3443 3213 3496 τὸν
3236 3442 3325 3495 ἓτε
3333 3461 3445 3512 ρον,
3469 3444 3628 3496 πᾶσα

356 3540 643 3609 corrumpi
704 3552 900 3609 passus
929 3577 944 3602 ,
999 3546 1054 3592 et
1087 3537 1263 3607 patria
1293 3536 1459 3605 807
1493 3535 1694 3604 pietate
1719 3534 1932 3602 ejurata

2039 3540 2143 3608 γὰρ
2174 3539 2386 3607 ἀνάγκη
2437 3539 2529 3590 καὶ
2568 3535 2731 3588 αὑτὸν
2773 3535 2849 3605 τῷ
2894 3535 2954 3587 τδ
3003 3535 3169 3588 πλέον
3227 3534 3407 3605 ἔχοντι
3452 3552 3632 3605 προσ-

358 3631 724 3687 transversim
760 3639 972 3699 raptus,
999 3644 1029 3683 a
1070 3630 1387 3693 Barlaamo,
1411 3638 1465 3681 et
1502 3627 1792 3697 Acindyno
1823 3625 1932 3679 ἱκε-

2039 3632 2303 3698 τίθεσθαι,
2331 3631 2424 3684 καὶ
2452 3630 2886 3699 καταναγκάζειν
2898 3629 3003 3684 .va
3029 3628 3321 3683 ἀδικοῦντα
3341 3628 3409 3682 τὰ
3432 3628 3628 3682 δίκαια

356 3722 569 3784 reticis,
606 3729 833 3790 propter
865 3717 1275 3787 improbitatem
1313 3732 1493 3781 suam,
1529 3724 1586 3770 et
1618 3714 1926 3768 lrustratie-

2039 3725 2232 3789 ποιεῖν,
2273 3723 2333 3776 οὐ
2365 3722 2429 3791 δὴ
2459 3723 2546 3776 διά
2577 3722 2735 3775 τοῦτο
2767 3723 2875 3785 πᾶς
2904 3739 2999 3785 τις.
3019 3721 3222 3775 ἀδικῶν
3251 3719 3628 3791 παραγράψει

357 3829 486 3868 netu
536 3826 728 3867 eorum
766 3826 886 3881 quae
917 3818 1273 3880 speraverat,
1308 3822 1413 3863 nec
1451 3807 1555 3877 ipsi
1596 3806 1794 3860 anima:
1822 3818 1935 3858 sua:

2039 3832 2128 3867 ται
2180 3813 2272 3868 τὸν
2303 3813 2585 3884 δικαστὴν,
2637 3815 2731 3867 καὶ
2773 3813 2991 3868 ἀδικίαν
3033 3812 3379 3877 ὲπικαλέσει,
3420 3813 3502 3865 ὅτι
3541 3811 3627 3884 τῷ

360 3904 612 3977 pepercit
640 3945 656 3970 ,
716 3912 780 3957 ut
813 3903 1179 3957 ulcisceretur
1237 3900 1641 3963 tantummodo,
1677 3913 1706 3951 a
1733 3895 1936 3965 quibus

2039 3906 2353 3978 ἠδικημένῳ
2382 3906 2713 3978 προσετέθη.
2749 3907 2817 3959 Ἀ
2848 3906 3138 3978 Γρηγορᾶς
3169 3906 3286 3959 νυνὶ
3318 3906 3512 3971 ποιῶν,
3555 3905 3623 3960 οὗ

357 4012 419 4052 se
451 3998 646 4075 Imaum
679 4003 857 4065 putat,
894 3993 1029 4048 mihi
1055 3993 1251 4048 eadem
1276 3991 1490 4062 objicit,
1543 3991 1732 4043 mirari
1772 4003 1935 4043 nemo

2040 4000 2244 4069 μᾶλλον
2272 3999 2648 4069 ψευδολογίας.
2686 3999 2719 4070 ἢ
2750 3999 2960 4063 ἀνοίας,
2994 3999 3089 4053 καὶ
3124 3997 3427 4069 μοχθηρίας
3460 3997 3626 4062 δόξαν

358 4088 544 4143 debet.
572 4086 676 4153 Qui
702 4099 940 4154 namque
964 4083 1134 4139 Deum
1167 4082 1345 4152 ipsum
1382 4096 1494 4134 non
1521 4090 1604 4135 est
1627 4080 1900 4135 reveritus
1920 4117 1935 4145 ,

2039 4092 2394 4162 ἀποφέρεται.
2416 4092 2541 4145 Ὀτι
2562 4091 2606 4144 δ’
2635 4091 2796 4154 αὐτὸς
2821 4090 2919 4160 τὴν
2945 4090 3281 4160 διαστροφὴν
3306 4087 3497 4142 παθὼν
3519 4088 3629 4157 τῆς

359 4177 458 4232 sed
503 4187 731 4246 propter
788 4176 976 4230 odium
1027 4190 1191 4230 suum
1237 4173 1293 4227 iu
1346 4172 1615 4241 quosdam
1672 4173 1937 4229 adversus

2039 4186 2317 4255 ἀληθείας,
2350 4186 2445 4238 καὶ
2474 4182 2574 4255 τὴν
2605 4183 2837 4255 πάτριον
2863 4183 3152 4236 εὐσέϐειαν
3186 4181 3626 4251 ἐξομοσάμενος,

357 4268 519 4323 illum
554 4266 850 4321 mendacia
879 4266 1051 4321 multa
1086 4263 1305 4328 effudit,
1332 4264 1492 4335 longe
1522 4264 1705 4320 minus
1735 4264 1804 4319 ab
1833 4265 1937 4319 im-

362 4365 638 4423 peratore,
677 4353 983 4424 praesertim
1030 4368 1158 4409 cum
1189 4351 1240 4406 ei
1267 4367 1390 4406 eum
1432 4351 1681 4407 otl‘eeisse
1722 4352 1937 4409 videre-

362 4452 478 4508 tur,
512 4453 824 4513 temperare
859 4443 1059 4498 voluit.
1107 4443 1302 4497 Pietati
1337 4452 1519 4497 autem
1554 4459 1687 4497 mea:
1711 4482 1726 4508 ,
1772 4453 1825 4498 et
1880 4444 1935 4499 in

362 4551 515 4599 vera,
548 4544 717 4605 atque
753 4536 898 4588 avita
937 4533 1201 4602 religione
1239 4535 1567 4589 constantiae
1607 4544 1717 4589 tota
1747 4535 1936 4589 Eccle-

2036 4276 2133 4331 καὶ
2188 4273 2554 4344 συναπαχθεὶς
2612 4275 2726 4336 τοῖς
2781 4273 3078 4345 αίρετικοίς
3141 4272 3469 4342 Ἀδιινδύνῳ,
3525 4271 3629 4325 καὶ⁵

2037 4365 2304 4439 Βαρλαὰμ
2328 4365 2432 4419 ὑπὸ
2459 4364 2759 4436 μοχθηρίας
2781 4363 3017 4433 τρόπων,
3041 4362 3137 4417 καὶ
3161 4363 3487 4434 ἀποτυχίας,
3514 4355 3631 4416 ὦν-

2038 4476 2144 4530 περ
2166 4460 2416 4530 ἠλπισεν,
2449 4457 2752 4526 ἀφειδήσας
2782 4455 2878 4510 καὶ
2897 4450 3078 4526 ψυχῆς
3112 4456 3308 4526 αὐτῆς,
3341 4457 3428 4507 ἵνα
3457 4457 3628 4520 μόνον

2041 4550 2321 4620 ἀμύνηται
2365 4551 2493 4612 τοὺς
2531 4547 2793 4613 δόξαντας
2832 4547 3219 4619 λελυπηκέναι,
3262 4546 3385 4617 ἐμοὶ
3417 4548 3484 4600 τὰ
3527 4547 3626 4603 ἴσα

362 4627 467 4689 sia.
506 4626 678 4696 gratia
714 4625 807 4680 Dei
841 4625 894 4678 in
950 4624 1182 4678 veritate
1221 4625 1457 4679 stabilita
1483 4667 1496 4689 ,
1537 4633 1593 4679 et
1620 4623 1936 4692 apostolicis

2039 4613 2286 4708 ἐγκαλεῖ,
2319 4641 2655 4711 ζθαυμαστὸν
2696 4639 2872 4694 οὐδέν.
2921 4613 3172 4710 Ὀςτγάρ
3213 4613 3314 4693 οὐκ
3360 4639 3626 4709 ἐφείσατο

362 4717 753 4772 traditionibus
784 4715 978 4772 sedule
1016 4715 1314 4783 inhaarens,
1353 4717 1730 4771 testimonium
1763 4715 1937 4780 dabit,

363 4822 468 4861 nec
495 4798 818 4876 minusipse
849 4804 1148 4875 Gregoras,
1188 4814 1475 4860 accusator
1507 4818 1683 4870 meus,
1705 4803 1798 4872 qui
1828 4811 1942 4857 toto

364 4897 493 4951 belli
528 4906 774 4966 tempore
819 4912 928 4951 non
971 4899 1150 4952 solum
1199 4896 1269 4952 de
1316 4895 1572 4950 laudibus
1605 4896 1742 4948 meis
1775 4893 1943 4948 multa

368 4987 636 5042 disseruit
673 4987 809 5058 (l8),
850 4986 946 5041 sed
980 4987 1148 5042 etiam
1203 4984 1587 5042 benevolentia
1616 4983 1851 5053 quadam
1889 4984 1944 5037 in

367 5096 491 5143 me,
548 5095 667 5134 mea
731 5095 894 5135 causa
954 5090 1199 5136 extrema
1244 5078 1456 5148 perpeti
1510 5085 1733 5145 paratus
1786 5075 1932 5141 fuit,

365 5172 583 5241 quando
616 5172 806 5227 eadem
857 5172 1185 5234 sentiebam,
1215 5185 1336 5239 quae
1381 5167 1545 5222 hodie
1570 5166 1769 5222 sentio.
1798 5167 1937 5222 Nam

366 5263 773 5319 damnationem
812 5263 1107 5327 Barlaami,
1141 5277 1248 5331 qua
1280 5261 1433 5315 illum
1483 5259 1635 5316 feriit
1664 5259 1940 5316 Androni-

279 5359 301 5370 '
368 5370 469 5409 cus
496 5355 819 5424 imperator,
877 5355 994 5423 ipse
1018 5352 1355 5423 approbavi,
1390 5363 1444 5407 et
1482 5360 1604 5421 post
1647 5353 1768 5424 ejus
1796 5369 1943 5408 mer-

368 5455 477 5500 tem
530 5461 748 5500 rursum
802 5445 1143 5516 Acindynum
1192 5444 1480 5511 damnavi,
1512 5444 1719 5500 Joanne
1776 5446 1942 5515 patri-

365 5538 534 5592 archa
566 5540 839 5610 synodum
874 5548 1215 5591 cenvocante
1235 5576 1250 5603 ,
1284 5547 1340 5591 et
1368 5537 1747 5593 stomachante
1778 5533 1947 5593 vehe-

2038 4735 2176 4788 Θεοῦ
2198 4773 2214 4800 ,
2247 4733 2383 4788 ἀλλά
2428 4734 2517 4787 διά
2548 4733 2647 4803 τὴν
2687 4732 2823 4803 πρός
2869 4748 3027 4796 τινας
3072 4732 3374 4802 ἀπέχθειαν
3405 4731 3622 4786 ἐκείνου

2037 4825 2212 4896 ψευδῆ
2259 4825 2430 4878 πολλὰ
2465 4827 2718 4889 κατεῖπε,
2755 4824 2915 4896 σχολῇ
2953 4824 3003 4893 γ’
3039 4824 3105 4878 ἂν
3153 4823 3425 4894 ἀπέσχετο
3466 4811 3664 4894 βοῖσιο,

2041 4918 2201 4982 λέως,
2230 4916 2326 4970 καὶ
2355 4915 2528 4969 ταῦτα
2557 4916 2807 4981 δόξαντος
2842 4916 3232 4984 λελυπηκέναι,
3264 4916 3347 4969 ὅτι
3383 4914 3429 4969 δ’
3460 4914 3625 4967 εὐσε-

2043 5008 2141 5079 6ὴ;
2174 5008 2283 5077 ἐγὼ
2315 5006 2532 5074 καὶτῆς
2561 5006 2749 5076 ὀρθῆς,
2778 5006 2871 5059 καὶ
2907 5007 3139 5076 πατρίου
3171 5005 3328 5077 δόξης
3362 5005 3622 5075 ἐξεχόμε-

2046 5118 2134 5164 νος
2161 5100 2426 5172 ἀκριϐῶς,
2456 5100 2551 5153 καὶ
2577 5100 2726 5153 πᾶσα
2759 5098 2856 5168 μὲν
2888 5096 3044 5168 ἡτῶν
3071 5096 3369 5166 ὁρθοδέξων
3386 5097 3622 5166 Ἐκκληο

2046 5192 2137 5246 σία
2160 5193 2666 5261 συμμαρτυρήσειε,
2690 5188 2874 5257 χάριτι
2892 5185 3024 5238 Θεοῦ
3049 5184 3283 5255 βεϐαίως
3303 5184 3622 5254 ᾐδρασμένη

2040 5286 2168 5356 περὶ
2190 5285 2289 5354 τὴν
2312 5282 2594 5352 ἀλήθειαν,
2624 5279 2841 5334 καὶτῶν
2867 5278 3242 5333 ἀποστολικῶν
3265 5279 3622 5348 παραδόσεων

2039 5378 2275 5448 ἐχομένη
2304 5373 2545 5445 ἀκριϐῶς
2568 5390 2582 5406 ·
2612 5374 2711 5441 οὐχ
2741 5367 2904 5440 ἦττον
2931 5370 2988 5423 δὲ
3015 5372 3108 5425 καὶ
3134 5371 3425 5440 Γρηγορᾶς
3455 5371 3623 5435 αὐτὸς

2039 5472 2069 5524 ὁ
2097 5470 2213 5524 νυνὶ
2247 5466 2475 5520 τοιαῦτα
2508 5464 2781 5533 ἐγκαλῶν,
2817 5464 2967 5534 παρὰ
2997 5463 3175 5517 πάντα
3205 5465 3297 5516 τὸν
3332 5461 3427 5516 τοῦ
3459 5464 3623 5515 πολέ-

2048 5576 2151 5630 μου
2182 5560 2373 5610 νοὶνον
2417 5557 2481 5609 οὐ
2516 5555 2675 5609 μόνον
2702 5552 2958 5624 ἐγκώμια
2995 5553 3166 5611 πολλά
3197 5552 3411 5618 διεξιὼν
3454 5552 3617 5623 ἐμοῦ,

1617 5723 1833 5785 Jacobi
1869 5719 2132 5784 Pontani
2168 5726 2354 5781 noun.

439 5867 548 5938 (ιιι)
586 5860 772 5938 Elegia
806 5858 894 5938 illa
926 5862 1091 5938 simul
1118 5879 1225 5919 une
1249 5867 1370 5922 loco
1405 5875 1530 5938 post
1560 5867 1739 5924 Vitam
1796 5863 2185 5933 Cantacuzeni,
2210 5881 2274 5920 ex
2315 5863 2557 5935 Gregora
2596 5862 2849 5929 collecta,
2870 5861 3401 5933 pesuimus.Bt-llum
3434 5870 3617 5914 autem

369 5934 644 6001 intelligit,
677 5934 820 5998 quod
852 5933 1197 5992 Andronicus
1229 5933 1420 6011 .nepes'
1451 5954 1577 5996 cum
1611 5953 1715 5993 ave
1745 5938 1934 6005 gessit.
