4056 6458
2801 380 2815 395 ι’
2860 379 2913 394 ὐτ
2952 387 2956 391 ς
2975 381 2993 393 “ι
3004 382 3095 406 φ.-.Ῑη

256 438 357 517 197i
1395 445 1941 509 IIISTORIARUM
1981 442 2211 507 LIBER
2249 448 2349 512 1v.
3408 449 3514 515 193
3584 494 3591 499 .

252 569 381 624 ἀλλά
414 566 509 621 καῖ
536 565 607 620 τά
634 565 844 638 ἔσχατα
878 562 1172 635 ὑπομένειν
1198 562 1341 634 ὺπέρ
1366 563 1469 632 τῆς
1498 565 1581 628 είς
1611 564 1713 634 ἐμὲ
1739 564 1832 617 εὐ·

1940 564 2210 630 menlius,
2239 572 2469 635 propter
2508 576 2572 617 ca
2599 577 2722 633 quae
2771 562 3093 636 Acindynus
3121 563 3406 621 Barlaamo
3429 584 3516 638 pa-

253 663 398 726 νοίας
424 662 725 733 ᾑρημένος,
755 660 847 714 ὅτε
873 659 944 713 τὰ
972 658 1117 713 αύτά
1144 660 1409 729 ἐφρόνουν
1441 653 1533 711 οἷα
1564 659 1659 710 καὶ
1688 657 1828 712 νυνί.

1944 655 2249 719 trocinans,
2284 655 2341 710 in
2378 655 2599 710 Palama
2641 655 2970 727 ceterisque
3004 657 3293 713 monachis
3320 659 3525 730 injuste

247 757 322 826 τῇ
408 758 521 826 γὰρ
593 754 700 808 ὑπὸ
763 752 1026 823 βασιλέως
1093 749 1494 821 ἐξενηνεγμένῃ
1560 748 1828 819 καταδίκῃ

1939 755 2320 803 accusaverat.

247 850 531 923 B.p).a&p.,
575 851 671 904 ita!
700 848 867 914 αὐτὸς
918 846 1489 918 συνεπεψηφισάμην,
1526 844 1623 899 καὶ
1666 844 1806 913 μετά
1849 844 1949 914 τὴν
1983 843 2196 897 ἐκείνου
2222 843 2516 912 τελευτὴν,
2575 838 2735 907 αὖθις
2798 843 3106 899 ’Δκίνδυνον
3156 846 3524 910 κατεδίκασα.

257 946 503 1001 Ἰωάννου
541 947 666 1000 τότε
736 945 1082 1017 πατριάρχου
1111 943 1211 1015 τὴν
1234 942 1457 997 συνόδον
1490 938 1949 1011 συγκροτοῢντος,
1982 940 2080 994 καὶ
2105 940 2167 994 οὐ
2206 941 2404 1012 μέτρια
2434 940 2903 1009 ἀγανακτοῦντος,
2935 941 3022 1013 ἐφ’
3091 937 3174 1007 οἷς
3214 944 3524 1007 Ἀκίνδυνος

249 1043 506 1113 “alapa,
560 1042 659 1097 καὶ
708 1041 819 1096 τῶν
874 1041 1050 1097 ἄλλων
1093 1039 1346 1113 μοναχῶν
1398 1039 1601 1104 ἀδίκως
1634 1037 1941 1109 κατηγόρει
1965 1038 2235 1109 Βαρλαὰμ
2267 1039 2606 1109 συνηγορῶν.

1664 1170 1893 1228 CAPUT
1924 1169 2094 1226 XXV.

244 1270 508 1373 ‘Iregaras
533 1288 758 1373 habetur
806 1289 1055 1355 mendax,
1104 1288 1580 1373 impudens-levis.
1637 1285 1817 1373 Negat
1865 1303 1920 1340 se
1947 1295 2153 1373 contra.
2183 1287 2556 1373 imperatorem
2605 1290 2925 1373 scripsissse,
2954 1298 3005 1344 et
3030 1290 3262 1373 abolere
3290 1309 3353 1373 ea
3389 1294 3520 1350 vult.

369 1362 684 1433 inperatoris
714 1375 1019 1433 responsum
1059 1355 1207 1430 graui
1248 1361 1645 1433 reprehensione
1688 1355 1923 1433 plenum.
1972 1355 2153 1411 Veneti
2201 1356 2451 1413 Galatam
2498 1369 2653 1415 noctu
2686 1355 2885 1433 apertis
2919 1363 3088 1431 portis
3119 1363 3524 1433 ingrediuntur;

322 1431 491 1483 armis
522 1440 707 1499 postea
736 1430 1086 1495 repelluntur.
1125 1431 1413 1485 (literarias
1452 1446 1629 1484 secum
1659 1430 2006 1494 abstrahunt;
2035 1435 2409 1499 pra'terenntes
2455 1433 2683 1499 vexant};
2713 1430 2973 1486 auxilium
3004 1430 3191 1488 contra
3229 1430 3525 1491 Genuenses

311 1497 649 1576 petuntJnec
686 1500 941 1576 obtinent.
998 1499 1231 1576 Galattei
1270 1501 1480 1576 ueniam
1515 1510 1692 1576 erant,
1731 1504 1782 1576 et
1841 1514 1929 1576 ne_
1954 1497 2124 1567 hostes
2180 1497 2413 1576 adjuvet.
2454 1497 2775 1576 veneto—rum
2839 1518 2958 1576 eum
2998 1502 3317 1576 imperatore
3353 1505 3523 1576 [trdus

314 1571 720 1640 temporarium.
753 1567 915 1641 Origo
964 1571 1076 1640 ejus
1107 1571 1519 1625 consuetudinis.
1561 1569 1744 1624 Veneti
1783 1585 1888 1624 non
1910 1570 2196 1640 impetrato
2232 1567 2453 1636 auxilio,
2490 1571 2876 1644 indignabundi
2909 1567 3175 1630 recedunt.

311 1689 556 1743 Τοιαῦτα
589 1690 688 1760 μὲν
712 1689 967 1760 βασιλεὺς
1011 1689 1040 1742 ό
1074 1690 1529 1761 Καντακουζηνὺς
1561 1688 1789 1760 ὕστερον
1810 1730 1825 1754 ,

2006 1690 2133 1745 Haec
2151 1691 2576 1746 Cantacuzenus
2598 1692 2901 1761 imperator
2922 1701 3136 1763 postea.
3168 1691 3292 1748 cum
3316 1694 3522 1765 scripta

247 1782 366 1835 ἐπεὶ
392 1784 476 1844 είς
504 1786 695 1854 χεῖρας
722 1781 871 1853 αὐτῷ
913 1784 980 1836 τὰ
1021 1783 1280 1855 Γρηγορᾶ
1313 1783 1623 1854 γράμματα
1666 1783 1830 1854 ἥκει,

250 1877 574 1945 ἁτεγορείτο
644 1874 775 1944 περὶ
813 1874 1035 1939 ἐαυτοῦ,
1087 1876 1185 1929 καὶ
1224 1874 1417 1945 ψευδῆ,
1456 1875 1551 1928 καὶ
1591 1873 1834 1930 ἀπίθανα

254 1966 691 2038 συγγεγραφέναι
712 1967 1070 2021 ἀπεδείκνυεν
1091 1969 1322 2020 ἐκεῖνον.
1349 1968 1584 2021 Ἔπειτα
1603 1966 1701 2020 καὶ
1723 1967 1833 2019 τῶν

264 2061 549 2132 Ῥωμαίων
572 2062 694 2124 τοὺς
716 2063 775 2116 ἐν
794 2060 941 2130 λόγῳ
968 2060 1223 2130 μάλιστα,
1248 2061 1343 2114 καὶ
1369 2060 1832 2133 ἐπιφανεστέρους

138 2225 143 2231 π
248 2159 565 2230 ἐξεπίτηδες
606 2156 1110 2227 συγκαλεσάμενος,
1156 2157 1239 2220 είς
1285 2156 1527 2226 ἐπήκοον
1556 2155 1834 2225 ἀναγινὼ-

254 2251 481 2304 σκεσθαι
516 2251 752 2320 παρεῖχε
782 2250 1033 2314 πάντων,
1073 2250 1168 2303 καὶ
1198 2247 1404 2319 πολλὴν
1430 2248 1596 2302 αὑτοῦ
1630 2249 1833 2313 πάντες

259 2341 663 2411 κατεγίνωσκον
692 2340 1067 2410 ψευδολογίαν,
1097 2341 1193 2395 καὶ
1246 2341 1541 2405 ἀναιδείαν,
1573 2343 1669 2395 καὶ
1703 2360 1834 2396 κου-

273 2438 479 2505 φθιτητα,
519 2435 606 2488 ὅτι
656 2435 785 2506 περὶ
807 2434 1083 2504 δημοσίων
1134 2434 1507 2506 πραγμάτων,
1555 2434 1590 2490 ἃ
1623 2436 1832 2503 πολλοὶ,

283 2528 468 2597 μᾶλλον
488 2528 527 2582 δ’
568 2526 810 2590 ἅπαντες
846 2528 1115 2592 συνίσασι,
1153 2528 1393 2599 γράφειν
1424 2528 1710 2599 προείλετο
1733 2529 1835 2582 οὐκ

275 2622 454 2692 ἀληθῆ
484 2624 566 2690 ἐφ’
600 2616 680 2684 οἷς
703 2616 897 2693 ἔμελλε
930 2621 1104 2691 ῥᾷστα
1132 2620 1539 2692 ἀπελέγχεσθαι
1567 2621 1836 2692 ψευδόμε-

270 2732 370 2779 νος.
405 2717 718 2788 Πυθόμενος
749 2715 807 2768 δὲ
849 2716 877 2769 ό
915 2714 1203 2785 Γρηγορᾶς
1238 2711 1275 2767 ὃ.
1315 2714 1537 2785 δράσειε
1579 2714 1837 2785 βασιλεὺς

262 2811 327 2862 τά
374 2810 589 2862 ἐκείνου
650 2806 1027 2877 θριαμϐεύσας
1081 2806 1417 2878 πλάσματα,
1467 2805 1529 2858 οὗ
1593 2803 1833 2876 μετρίως

260 2900 489 2970 ἠνιάθη,
527 2899 653 2954 ὅθεν
692 2899 808 2952 καὶ.
830 2895 1106 2969 συντυχὼν
1146 2896 1393 2969 ὕστερον,
1445 2891 1690 2959 ὠνείδιζε
1741 2893 1835 2946 τὸν

256 2994 548 3065 θριάμῆον,
580 2993 654 3057 ὡς
692 2993 778 3046 ἐπ’
813 2993 1024 3048 ἐκείνου
1054 2994 1121 3063 τῇ
1170 2989 1405 3063 αἰσχύνῃ
1440 2988 1828 3060 είργασμένον.

258 3085 507 3154 Ἔφασκέ
535 3103 596 3138 τε
618 3086 715 3156 τὴν
746 3086 842 3156 μὲν
867 3084 1004 3156 πρὸς
1026 3084 1120 3137 τὸν
1143 3083 1311 3155 τόμον
1332 3081 1666 3151 ἀντιλογίαν,
1694 3080 1833 3134 ίδίαν

255 3175 435 3232 εἶναι’
468 3179 537 3232 τά
573 3177 790 3233 suae
820 3177 985 3232 αὐτοῦ
1033 3176 1524 3247 συγγεγραμμένα,
1574 3175 1696 3228 ὅτου
1745 3173 1832 3245 εἴη

254 3274 477 3339 ἀγνοεῖν
505 3288 518 3302 ·
552 3270 839 3343 βούλεσθαι
877 3270 932 3324 δὲ
979 3267 1267 3338 ἀφανίζειν
1298 3268 1592 3339 ἐντυχόντα
1615 3265 1709 3321 καὶ¹
1728 3265 1831 3319 αύ-

248 3364 345 3417 τόν
367 3379 383 3394 ⁸
424 3363 459 3417 ἀ
493 3365 542 3416 εί
583 3362 676 3414 καὶ
705 3363 970 3432 πρότερον
998 3361 1256 3431 ἐπέμφθη
1296 3360 1437 3431 πρὸς
1475 3358 1659 3424 αὐτὸν,
1695 3356 1836 3429 πυρὶ

249 3453 548 3524 παρεδίδου
590 3451 655 3506 ἂν
693 3453 823 3523 πρὶν
843 3453 925 3515 εἰς
960 3439 1150 3520 ἐτέρας
1169 3451 1324 3522 ἥκειν
1352 3451 1542 3515 ἀκοάς.
1569 3447 1836 3514 Βασιλεὺς

246 3550 295 3603 δ’
325 3548 590 3615 ἔφασκεν,
633 3546 691 3600 οὐ
729 3546 962 3618 συνορᾷν
989 3545 1139 3617 αὐτῷ
1181 3545 1310 3610 τοὺς
1359 3545 1554 3614 λόγους
1611 3547 1692 3609 είς
1722 3545 1751 3598 ὅ
1782 3559 1836 3597 τι

249 3640 446 3693 τείνει.
480 3637 547 3690 Εἰ
574 3637 672 3707 μὲν
701 3637 809 3705 γὰρ
841 3636 916 3707 μὴ
940 3637 1009 3691 τὰ
1039 3636 1513 3708 συγγεγραμμένα
1539 3636 1732 3707 ἤθελεν
1754 3630 1837 3698 εἷο

250 3748 345 3784 ναι
391 3730 627 3806 φανερά⁹
672 3728 789 3784 ἀλλ’
839 3729 1077 3801 ἀφανείᾳ
1122 3730 1296 3801 πολλῇ
1346 3730 1678 3800 κατέχεσθαι
1735 3733 1831 3785 τὶν

253 3826 437 3879 Ιπάντα
474 3824 690 3893 χρόνον,
729 3821 846 3877 ἀνθ’
884 3824 1008 3876 ὅτου
1057 3823 1326 3887 συντιθεὶς
1371 3822 1628 3876 τοσοῦτον
1673 3823 1837 3877 πόνον

255 3917 490 3987 {premit
518 3933 535 3983 ;
567 3917 632 3970 Εί
659 3915 727 3981 δ’,
769 3917 904 3988 ὅπερ
934 3915 1143 3970 δίκαιον
1163 3956 1178 3975 .
1219 3916 1420 3985 μᾶλλον
1456 3912 1593 3971 εἶναι
1626 3917 1837 3989 φανερά

263 4009 535 4073 ἐϐούλετο,
558 4009 653 4062 καὶ
678 4008 914 4078 μεγάλας
938 4007 1004 4063 ἂν
1028 4010 1112 4080 εἴη
1147 4007 1376 4080 χάριτας
1391 4008 1590 4063 εἰδέναι
1608 4008 1836 4074 δίκαιος.

269 4100 351 4154 δτι
375 4104 463 4157 ἐπὶ
503 4101 774 4155 τοσούτων
805 4103 900 4157 καὶ
932 4100 1042 4155 τῶν
1082 4102 1528 4171 ἐπιφανεστέρων
1562 4101 1799 4171 μάλιστα
1820 4142 1835 4169 ,

283 4192 376 4244 καὶ
413 4193 712 4262 θαυμάζειν
757 4193 931 4250 λόγων
979 4193 1211 4265 δύναμιν
1261 4192 1480 4248 εἰδότων
1523 4195 1836 4265 παρέσχετο

281 4281 754 4355 ἀναγινώσκεσθαι,
777 4287 843 4341 ἶν’
861 4288 1139 4340 ἐπαινοῖτό
1160 4302 1242 4354 τε,
1267 4287 1362 4340 καὶ
1377 4286 1477 4348 τὰς
1499 4286 1838 4357 ἐπικαρπίας

1856 3039 1902 3106 C

1935 1780 2189 1852 Gregorze
2215 1782 2269 1837 in
2302 1798 2503 1838 manus
2523 1783 2644 1855 ejus
2667 1782 2974 1850 venissent,
3004 1799 3105 1852 pro
3132 1799 3192 1839 se
3213 1785 3520 1855 respondit.

1935 1873 2227 1944 ipsumque
2257 1874 2414 1943 falsa,
2456 1885 2514 1931 et
2572 1876 2922 1931 incredibilia
2967 1876 3257 1947 scripsisse
3295 1860 3525 1935 demon-

1935 1967 2154 2022 stravit.
2194 1966 2400 2022 Deinde
2434 1966 2902 2043 honoratissimis,
2936 1977 2992 2023 et
3021 1969 3385 2026 nobilissimis
3413 1971 3525 2027 Ro-

1936 2075 2229 2115 manorum
2257 2060 2444 2115 dedita
2480 2074 2650 2130 opera
2685 2061 3029 2128 convocatis,
3067 2060 3123 2116 in
3150 2076 3344 2118 eorum
3377 2078 3522 2133 prae-

1936 2152 2113 2207 sentia
2156 2152 2379 2207 recitari
2423 2151 2588 2206 ambo
2625 2151 2837 2222 jussit,
2880 2168 3185 2223 omnesque
3218 2153 3520 2225 Gregoram
3621 2183 3624 2187 η

1935 2243 2258 2299 mendacem
2310 2242 2663 2315 graphicum,
2699 2251 2757 2300 et
2802 2243 3080 2300 hominem
3128 2245 3273 2301 bene
3303 2246 3524 2304 invere-

1936 2334 2206 2400 cundum,
2237 2350 2303 2390 ac
2334 2335 2508 2389 levem
2544 2335 3013 2405 pronuntiarunt,
3057 2336 3205 2407 quod
3242 2338 3309 2393 de
3336 2339 3523 2409 publi-

1936 2429 2018 2481 cis
2058 2427 2246 2491 rebus,
2280 2441 2421 2496 quas
2456 2427 2707 2497 plerique
2744 2442 2940 2483 omnes
2968 2437 3233 2496 nossent,
3262 2429 3522 2501 ﬁgmenta

1936 2519 2139 2575 litteris
2177 2519 2443 2575 mandare
2480 2534 2591 2574 non
2639 2519 2969 2589 dubitasset,
3001 2521 3140 2577 a’deo
3184 2534 3247 2578 ut
3292 2525 3523 2579 menda-

1937 2613 2151 2667 ciorum
2191 2612 2448 2668 convinci
2477 2612 2975 2682 facillime‘posset.
3006 2613 3301 2686 Gregoras,
3329 2617 3525 2672 audito

1936 2705 2082 2775 quod
2113 2706 2415 2777 imperator
2439 2704 2669 2762 fecisset
2689 2747 2704 2773 ,
2743 2714 2799 2760 et
2822 2707 3103 2777 quomodo
3142 2708 3211 2763 de
3233 2709 3354 2781 ejus
3377 2725 3528 2765 com-

1937 2799 2140 2855 mentis
2199 2799 2546 2870 triumphum
2612 2796 2858 2871 egisset,
2891 2800 3116 2857 tristitia
3159 2817 3268 2856 non
3314 2804 3525 2873 vulgari

1936 2890 2190 2961 all‘ec'tus,
2212 2907 2341 2947 eum
2357 2892 2718 2961 convenit,de
2740 2893 3022 2964 triumpho
3042 2893 3157 2959 illo,
3188 2905 3248 2949 ut
3267 2894 3334 2950 ad
3355 2894 3528 2966 808

1938 2984 2182 3040 dedecus
2211 2999 2374 3040 suum
2416 2984 2696 3053 instituto,
2727 2995 3068 3055 conquestus
3094 2996 3199 3042 est.
3233 2985 3365 3053 Qum
3393 3002 3553 3041 conv
3589 2972 3598 2984 ’

1938 3086 2018 3132 tra
2046 3089 2255 3132 tomum
2295 3076 2441 3132 dicta
2485 3077 2621 3143 sint,
2651 3090 2752 3131 sua
2776 3091 2938 3143 esse;
2974 3093 3097 3148 quae
3126 3087 3316 3133 contra
3343 3079 3524 3149 ipsum

1936 3168 2328 3237 imperatorem
2357 3205 2373 3232 ,
2400 3167 2626 3223 nescire
2667 3182 2727 3222 se
2756 3168 2916 3239 cujus
2950 3169 3059 3223 sint
3087 3185 3102 3235 ;
3141 3169 3284 3224 velle
3312 3180 3525 3236 autem,

1936 3257 2031 3312 ubi
2064 3256 2349 3325 inciderit,
2387 3273 2452 3313 ea
2509 3259 2900 3330 supprimere;
2935 3274 3057 3330 quae
3097 3258 3142 3315 si
3170 3260 3325 3330 prius
3371 3275 3530 3316 accc:-

1944 3350 2141 3420 pisset,
2171 3365 2337 3420 quam
2372 3350 2439 3406 ad
2471 3349 2707 3404 aliorum
2743 3364 2907 3406 aures
2931 3350 3209 3419 venirent,
3233 3351 3343 3422 igni
3369 3367 3528 3407 man-

1937 3442 2196 3499 daturum
2228 3442 2422 3498 fuisse.
2462 3442 2563 3498 Hic
2610 3442 2940 3512 imperator,
2971 3457 3081 3498 non
3120 3457 3178 3498 se
3209 3443 3529 3514 perspicere

1938 3550 2205 3606 quorsum
2229 3535 2402 3589 verba
2422 3536 2546 3607 ejus
2568 3535 2909 3605 pertineant.
2938 3533 2993 3590 Si
3018 3535 3168 3590 enim
3193 3537 3397 3607 scripta
3427 3554 3526 3593 sua
3590 3574 3595 3579 -

1938 3626 2163 3682 nolebat
2189 3625 2343 3681 exire
2376 3625 2430 3680 in
2454 3625 2763 3697 publicum,
2799 3640 2903 3680 cur
2932 3635 3145 3680 tantum
3179 3625 3425 3681 laborem
3472 3627 3526 3682 in

1939 3717 2323 3788 componendo
2360 3718 2714 3788 susceperit?
2751 3720 2798 3772 si
2829 3726 3040 3782 autem,
3080 3717 3230 3788 quod
3271 3720 3484 3789 tequius
3510 3759 3528 3783 ,

1938 3812 2163 3882 publica
2217 3812 2441 3867 volebat
2486 3828 2631 3881 esse,
2682 3814 2853 3869 etiam
2903 3826 3130 3884 magnas
3164 3811 3271 3867 sibi
3322 3811 3531 3882 gratias

1938 3904 2139 3960 merito
2172 3905 2378 3961 debere
2403 3947 2417 3972 ,
2450 3918 2577 3961 cum
2607 3920 2793 3961 coram
2828 3914 2938 3959 tam
2973 3903 3164 3959 multis
3203 3911 3261 3958 et
3296 3902 3533 3958 illustri-

1940 4000 2066 4067 bus,
2089 4009 2146 4056 et
2173 4001 2283 4056 vim
2314 4000 2534 4057 dicendi
2565 4000 2831 4056 admirari
2854 4000 3182 4066 scientibus,
3202 4014 3268 4054 ea
3293 3998 3528 4070 legenda

1939 4093 2178 4166 dederit,
2218 4103 2274 4148 ut
2303 4103 2360 4149 et
2381 4092 2728 4160 laudaretur,
2756 4098 2813 4148 et
2842 4091 3096 4147 laborum
3124 4105 3359 4146 suorum
3405 4088 3533 4144 fru-

1940 4196 2091 4243 ctum
2121 4186 2304 4241 adhuc
2332 4186 2492 4240 vivus
2522 4185 2854 4256 perciperet,
2885 4182 3229 4254 gloriamque
3252 4180 3481 4237 sentiret
3508 4200 3524 4237 :
3596 4244 3601 4249 ἢ

1943 4294 2196 4339 mortuos
2227 4284 2378 4339 enim
2435 4298 2539 4338 nec
2566 4280 2824 4337 laudibus
2869 4280 3159 4346 delectari,
3180 4294 3285 4334 nec
3306 4280 3530 4350 vitupe-

269 4375 538 4447 κομίζοιτο
566 4378 678 4431 τῶν
721 4378 900 4432 πόνων
923 4377 1054 4445 ζῶν,
1086 4377 1326 4449 μάλιστα
1356 4378 1580 4432 καὶτῶν
1603 4378 1833 4433 ἐπαίνων

1945 4379 2161 4434 ratione
2185 4376 2531 4432 contristari.
2554 4358 2713 4443 Quod
2750 4375 2796 4429 si
2832 4381 3127 4444 propterea
3165 4372 3373 4434 doleat.
3395 4372 3531 4442 quia

259 4470 670 4540 αισθανόμενος,
705 4472 930 4541 νεκροὺς
955 4471 1064 4540 γάρ
1093 4467 1207 4522 οὒτ’
1233 4467 1477 4534 ἔπαινος,
1516 4466 1641 4521 οὔτε
1667 4468 1837 4540 ψόγος

254 4561 468 4634 ἡδύνειν
488 4564 525 4632 ἢ
553 4562 804 4630 ἀλγύνειν
825 4557 988 4616 οἶδεν.
1020 4563 1084 4617 Et
1109 4563 1166 4616 δὲ
1188 4559 1279 4617 διὰ
1293 4563 1355 4616 τὸ
1380 4561 1744 4632 πεφωρᾶσθαι
1767 4563 1838 4618 τὰ

247 4654 452 4724 ψευδῆ,
484 4653 523 4708 ἃ.
556 4654 617 4719 ἐξ
641 4654 740 4708 οὐκ
767 4653 937 4709 ὄντων
967 4654 1131 4718 αὐτὸς
1154 4653 1288 4726 παρ’
1312 4654 1508 4707 ἐαυτοῦ
1535 4654 1836 4707 πλάττεται

243 4747 434 4817 ἀλγεῖ,
461 4746 565 4799 οὐκ
600 4745 763 4808 αὐτὸς
796 4745 862 4801 ἂν
891 4744 976 4818 εἴη
1006 4747 1104 4816 τῆς
1130 4746 1426 4815 ἀλγηδόνος
1457 4745 1628 4808 αῐτιος
1659 4744 1834 4814 αὐτῷ,

243 4841 416 4908 εἰπερ
465 4838 604 4908 μηδὲ
650 4838 910 4893 πέπεικεν
955 4836 1119 4902 αὐτὸς
1167 4837 1370 4908 φαῦλον
1411 4833 1556 4892 εἴναι
1600 4839 1693 4891 καὶ
1733 4837 1835 4906 τῆς

242 4926 515 5005 ἀληθείας
532 4930 996 5000 καταψεύδεσθαι.
1015 4932 1145 4985 Δέον
1179 4931 1364 5001 μέντοι
1392 4930 1491 4984 καὶ
1518 4930 1657 5001 πρὸς
1677 4928 1834 4982 τοῦτο

246 5027 325 5097 μὴ
362 5024 515 5077 πάνυ
551 5021 862 5077 δάκνεσθαι.
910 5024 1109 5095 Ὀλίγῳ
1143 5022 1251 5095 γὰρ
1289 5022 1516 5093 ὕστερον
1550 5021 1833 5076 ἀπολιπὼν

242 5121 337 5174 τὸν
373 5120 520 5191 βίον,
557 5117 680 5173 οὔτε
729 5118 838 5173 τῶν
870 5119 1235 5172 ἐπαινούντων
1277 5102 1620 5188 αἰσθήσεται,
1661 5116 1694 5187 ἢ
1725 5116 1835 5170 τῶν

242 5211 616 5285 ὑϐριζόντων,
655 5210 720 5265 ἀν
763 5226 822 5264 τε
863 5209 1064 5264 δίκαιοι
1096 5210 1192 5263 καὶ
1227 5208 1447 5280 ἀληθεῖς
1490 5209 1546 5263 αἱ
1596 5208 1832 5279 μέμψεις

242 5298 416 5368 ὦσιν,
446 5302 517 5357 ἂν
556 5320 617 5356 τε
669 5302 768 5373 μὴ,
797 5300 987 5373 ὥσπερ
1034 5301 1126 5355 καὶ
1163 5293 1237 5357 ὧν
1280 5301 1445 5364 αὐτὸς
1484 5302 1831 5372 κατηγόρηκε

244 5400 433 5453 πολλά
469 5398 966 5470 καταψευδόμενος.
1010 5396 1219 5449 Ἐκεῖνο
1266 5395 1324 5448 δὲ
1372 5397 1576 5466 μᾶλλον
1624 5395 1835 5449 δίκαιον

242 5493 472 5558 λυπεῖν,
499 5492 594 5544 καὶ
621 5490 724 5544 οὐκ
752 5487 941 5558 ὀλίγην
966 5488 1220 5557 ἐμποιεῖν
1253 5488 1531 5558 φροντίδι,
1565 5485 1640 5557 μὴ
1668 5487 1725 5539 ἐν
1755 5485 1833 5556 τῷ

252 5585 513 5656 μέλλοντι
541 5582 903 5653 δικαστηρίῳ,
934 5579 1124 5651 ὥσπερ
1152 5580 1249 5634 καὶ
1281 5580 1392 5634 τῶν
1425 5578 1602 5634 ἄλλων
1632 5577 1833 5647 ἐγκλην

1941 4473 2068 4544 ejns
2100 4470 2388 4525 mendacia
2429 4466 2774 4538 deprehensa
2814 4465 2951 4540 sint,
2983 4479 3106 4534 quae
3133 4462 3285 4517 nullo
3331 4461 3536 4517 funda-

1939 4571 2127 4618 mento
2159 4564 2278 4631 ipse
2313 4560 2644 4631 excogitarit
2665 4597 2681 4624 ,
2712 4574 2823 4613 non
2857 4573 2917 4612 se
2964 4556 3042 4611 illi
3073 4570 3295 4609 causam
3323 4553 3536 4609 doloris

1937 4671 2084 4723 esse,
2120 4654 2573 4726 quandoquidem
2603 4668 2714 4707 non
2747 4650 3007 4716 suaserit,
3047 4659 3109 4704 ut
3138 4657 3247 4702 tam
3275 4647 3534 4716 improbe
3598 4638 3601 4641 Α

1936 4758 2128 4803 contra
2162 4748 2452 4801 veritatem
2487 4745 2839 4799 mentiretur.
2861 4741 3129 4813 Oportere
3156 4748 3338 4795 tamen
3359 4739 3532 4793 etiam

1937 4839 2009 4892 ob
2058 4837 2162 4893 hoc
2211 4836 2434 4892 maerori
2474 4851 2583 4889 non
2639 4833 2969 4903 indulgere:
3005 4831 3173 4901 paulo
3219 4830 3368 4884 enim
3401 4836 3529 4898 post

1937 4929 2188 4984 discessu
2215 4927 2359 4999 facto
2399 4942 2465 4981 ex
2490 4926 2596 4979 hac
2619 4925 2732 4979 vita
2763 4921 2903 4996 (l9).
2927 4936 3031 4977 nec
3062 4923 3276 4985 laudes,
3299 4935 3400 4975 nec
3434 4936 3528 4974 re-

1938 5019 2345 5091 prehensiones
2401 5032 2738 5080 sensurum,
2781 5016 2898 5071 sive
2940 5015 3068 5085 jure
3115 5029 3180 5068 ac
3214 5028 3382 5077 vere,
3412 5011 3537 5066 sive

1938 5129 2100 5170 secus
2146 5111 2584 5183 reprehendatur
2622 5129 2637 5165 :
2678 5110 2826 5166 sicut
2851 5123 2952 5163 nec
2981 5108 3057 5162 illi
3091 5108 3353 5171 sentiant,
3390 5119 3539 5175 «plus

1906 5198 1921 5229 ’ν
1940 5206 2060 5278 ipse
2095 5207 2265 5261 multa
2320 5204 2647 5259 mentiendo
2687 5199 3126 5257 insimulaverit.
3156 5199 3292 5253 Illud
3343 5199 3539 5267 potius

1937 5301 2347 5373 mgritudinem,
2375 5313 2439 5354 ac
2457 5295 2888 5352 sollicitudinem
2916 5306 3025 5349 non
3051 5310 3279 5365 parvam
3307 5293 3540 5362 ingene.

1937 5409 2065 5450 rare
2096 5392 2256 5449 nobis
2289 5391 2520 5454 debere,
2566 5405 2637 5445 ne
2685 5389 2739 5443 in
2772 5385 2962 5441 futuro
2997 5384 3217 5456 judicio
3246 5382 3534 5454 quomodo
3590 5405 3598 5413 υ

1937 5472 2171 5541 aliorum
2218 5463 2519 5540 criminum
2573 5481 2628 5536 in
2663 5480 2769 5535 hac
2800 5479 2912 5533 vita
2957 5477 3372 5548 designatorum
3396 5515 3410 5539 ,
3446 5472 3533 5527 sic

1938 5576 2212 5632 mendacii
2263 5590 2486 5648 quoque
2523 5573 3046 5641 calumniarumque
3080 5583 3275 5640 poenas
3316 5562 3530 5637 persol—

1507 5715 1728 5779 Jacobi
1758 5713 2031 5778 Pontani
2066 5721 2258 5781 notae.

331 5850 596 5920 (19,llinc
610 5848 953 5920 collegimus,
999 5844 1292 5920 Gregoram
1313 5858 1450 5911 pene
1485 5856 1673 5920 senem
1716 5840 1904 5897 fuisse.
1947 5841 2074 5897 Fuit
2105 5852 2288 5896 autem
2326 5839 2539 5919 aulicus
2574 5834 2817 5895 senioris
2848 5827 3170 5896 Andronici,
3198 5835 3255 5885 et
3286 5821 3441 5882 venit
3468 5820 3530 5880 in

257 5914 449 5979 auiam
483 5936 656 5977 annos
680 5914 843 5974 natus
869 5917 964 5981 27,
1000 5925 1063 5977 ut
1084 5915 1200 5985 ipse
1225 5925 1455 5971 testatur
1485 5914 1585 5967 lib.
1612 5929 1733 5967 vnt.
1778 5942 1797 5951 α
