4056 6472
413 435 517 502 199

409 562 613 605 vanius
657 564 671 601 Ξ

410 640 623 694 nullam
676 638 836 693 aliam
878 636 1727 706 tnetttiendi,,atlunmiattdique
1760 650 1982 690 causam

411 730 795 785 habuerimus.
843 727 970 782 [hcc
1008 738 1197 796 postea
1230 743 1261 782 a
1294 726 1681 782 Cantacuzeno
1715 728 1853 783 facta
1881 769 1897 793 ,
1929 739 1986 782 et

411 820 558 874 dicta
591 829 892 879 sunt..cum
926 818 1245 886 imperato-ri
1269 832 1469 887 genero
1492 818 1780 888 imperium
1809 828 1986 873 trans-

411 908 577 974 didit,
610 919 664 962 et
726 909 830 963 sub
867 907 1069 962 habitu
1083 907 1337 963 monachi
1366 908 1487 962 vita:
1517 924 1689 978 genus
1710 917 1982 977 pacatum,

414 998 743 1066 etquietntn
791 1012 953 1066 agere
991 997 1298 1049 constituit.
1352 995 1507 1050 Tunc
1540 1004 1722 1049 autem
1775 995 1984 1064 synodo

414 1104 643 1158 prorsus
680 1087 854 1151 tinita,
886 1095 941 1140 et
983 1086 1251 1156 Acindvni
1279 1086 1648 1139 sectatoribus
1687 1085 1985 1152 impietatis

412 1180 706 1233 evidenter
735 1178 1024 1238 convictis.
1048 1177 1302 1230 civilibus
1335 1177 1646 1231 actionibus
1685 1193 1807 1231 sese
1856 1176 1995 1230 red-

412 1271 571 1332 deus,
606 1268 1019 1338 expeditienem
1046 1269 1103 1323 in
1132 1268 1404 1325 Triballos
1434 1268 1743 1324 adornavit.
1773 1268 1989 1324 Interea

411 1358 744 1413 adLatinos
770 1357 1039 1411 Galatcos
1070 1358 1488 1424 quattuordecim
1522 1358 1853 1413 Venetorum
1891 1359 1988 1412 tri-

417 1467 602 1505 remes
632 1451 1006 1521 appclluntur.
1034 1450 1102 1503 Et
1130 1451 1257 1519 quia
1282 1461 1448 1505 noctu
1478 1452 1761 1521 improvisi
1791 1467 1986 1522 super»

409 1553 699 1608 venerant,
736 1558 845 1596 non
866 1541 1239 1596 animadversi
1272 1542 1697 1607 descenderunt,
1735 1542 1987 1612 intraque

413 1654 603 1694 muros
640 1639 874 1707 ingressi
903 1638 1097 1708 (portae
1124 1635 1395 1706 siquidem
1427 1634 1614 1704 oppidi
1638 1650 1737 1705 per
1769 1644 1987 1689 noctem

409 1737 614 1797 apertae
652 1725 1132 1797 relinquebantur,
1169 1740 1233 1779 ea
1279 1734 1400 1779 erat
1452 1724 1756 1779 incolarum
1789 1738 1983 1793 super-

410 1820 499 1875 bia
546 1830 604 1874 et
641 1818 934 1890 audacia),
980 1833 1089 1873 non
1143 1833 1333 1888 parum
1360 1827 1691 1871 nocuerunt.
1720 1815 1987 1871 Custodes

954 518 959 524 .
1611 431 1937 501 mmsis
1975 428 2502 493 CANrAcuzsst

735 544 1089 615 potissimum
1144 543 1190 599 si
1247 552 1445 614 praeter
1494 542 1744 613 iniquum
1790 543 1989 598 ‘odium

2099 544 2347 611 ματικῶν
2374 544 2497 598 τῶν
2524 543 2665 599 κατὰ
2702 542 2794 595 τὶν
2823 541 2961 608 βίον,
3001 538 3111 593 καί
3144 536 3240 592 τοῦ
3268 536 3522 608 ψεύδους,
3568 529 3672 591 καὶ

2200 204 2229 225 δ’

3553 417 3667 485 200

2091 636 2191 702 τῆς
2223 637 2611 704 συκοφαντίας,
2642 635 2795 697 δίκας
2828 633 3043 703 δῶμεν,
3073 631 3170 685 καὶ
3211 631 3448 701 μάλιστα
3478 633 3529 685 εί
3560 647 3673 700 μη·
3748 684 3755 689 .

2093 726 2287 794 δεμίαν
2324 727 2599 795 πρόφασιν
2636 726 2830 795 ἑτέραν
2874 724 3007 793 ιχοι,
3048 724 3082 793 ἢ
3123 722 3321 776 ἄδικονι
3348 722 3673 792 ἀπέχθειαν.

2094 813 2282 867 Ταῦτα
2329 816 2429 882 μὲν
2459 810 2551 868 οὖν
2588 814 2831 885 ὕστερον-
2862 812 3073 884 βασιλεῖ
3112 813 3191 884 τῷ
3214 804 3674 881 ’Καντακουξηνῷ

2094 906 2345 977 ἐπράχθη
2369 924 2431 959 τε
2454 907 2549 961 καὶ
2576 907 2763 978 εἴρητο
2784 905 2925 975 μετὰ
2948 907 3007 959 ττι
3034 907 3133 973 τῆς
3157 905 3332 977 ἀρχῆς
3360 905 3571 976 βασιλεῖ
3592 903 3676 975 τῷ

2093 999 2331 1070 γαμϐρῷ
2377 1000 2932 1071 παρακεχωρηκέναι,
2974 998 3066 1052 καὶ
3114 999 3236 1050 καθ’
3284 998 3517 1069 ἡσυχίαν
3558 997 3679 1067 βιο-

2092 1090 2292 1150 τεύειν,
2331 1089 2603 1143 ὑποδύντα
2636 1088 2822 1158 σχῆμα
2866 1086 3134 1157 μοναχῶν.
3180 1086 3310 1140 Τότε
3343 1086 3423 1149 δὲ,
3457 1087 3580 1140 ἐπεὶ
3603 1085 3678 1140 τὰ

2093 1178 2239 1230 κατᾶ
2259 1176 2358 1245 τὴν
2385 1177 2601 1230 σύνοδον
2641 1178 2952 1247 ἀπήρτιστο
2986 1176 3188 1243 πάντα,
3224 1179 3315 1229 καὶ
3345 1176 3495 1237 τέλος
3534 1173 3676 1245 εἶχε,

2094 1268 2188 1322 καὶ
2212 1270 2261 1321 oi
2287 1269 2357 1322 τὰ
2394 1268 2709 1323 ’Λικινδύνου
2726 1269 3002 1340 ᾑρημένοι
3029 1268 3321 1339 ἠλέγχοντο
3348 1266 3679 1332 ἀσεϐοῦντες

2094 1359 2365 1430 φανερῶς,
2390 1359 2483 1413 ἐπὶ
2511 1360 2606 1421 τὰς
2630 1358 2917 1422 πολιτικὰς
2941 1362 3200 1428 ἐτρέπετο
3225 1360 3389 1411 πάλιν
3405 1359 3636 1429 πράξεις
3656 1374 3676 1393 ·

2095 1452 2189 1506 καὶ
2215 1453 2657 1523 παρεσκευάζετο
2676 1453 2750 1514 ὡς
2773 1452 3218 1521 ἐπιστρατεύσων
3234 1451 3545 1521 Τριϐαλοῐς.
3583 1452 3680 1505 Ἐν

2093 1543 2269 1615 τούτῳ
2298 1545 2357 1598 δὲ
2401 1550 2512 1609 τοῖς
2544 1548 2601 1599 ἐν
2639 1546 2856 1616 Γαλατᾷ
2886 1546 3139 1607 Λατίνοις
3182 1545 3317 1600 δέδια
3347 1545 3442 1599 καὶ
3473 1545 3687 1599 τέττα-ν·

2097 1654 2187 1708 ρες
2231 1639 2294 1688 ἐκ
2353 1637 2605 1701 Βενετίας
2650 1637 2997 1693 ἐπέπλευσαν
3042 1638 3312 1708 τριήρεις.
3355 1636 3567 1700 Νυκτός
3614 1653 3695 1690 τι.

2094 1728 2415 1793 ἐπελθόντες
2463 1728 2886 1800 ἀπροσδόκητοι,
2934 1728 3219 1799 ἀπέϐησαν
3262 1745 3322 1781 τε
3369 1728 3432 1782 οὗ
3476 1741 3683 1798 προαι-

2096 1825 2400 1891 σθομένων,
2440 1825 2531 1877 καὶ
2573 1822 3015 1892 ἐγένοντο-ἐντὸς.
3034 1822 3231 1893 τειχῶν
3246 1838 3269 1865 μ’
3302 1818 3442 1893 ἦσαν
3473 1822 3583 1891 γὰρ
3617 1821 3676 1875 αἱ

411 1913 561 1968 enim
600 1912 692 1967 ubi
733 1911 997 1981 oppidum
1047 1919 1268 1979 captum
1304 1908 1855 1970 animadverterunt,
1883 1923 1985 1962 vo-

2097 1919 2257 1972 πύλαι.
2279 1919 2374 1972 τοῦ
2415 1918 2679 1991 φρουρίου
2712 1920 2906 1981 νυκτὸς
2954 1918 3328 1987 ἀνεῳγμέναι,
3365 1914 3460 1969 ὕπ’
3497 1914 3679 1968 αὐθα-

407 2002 828 2059 cil’erationibus
858 2003 1007 2057 cives
1053 2000 1120 2054 ad
1151 2000 1263 2053 vim
1315 1998 1743 2069 propulsandam
1789 1998 1985 2051 conci-

409 2105 618 2161 tarunt,
650 2095 743 2165 qui
771 2109 840 2149 ex
869 2092 1079 2148 aedibus
1104 2092 1346 2147 inermes
1377 2105 1571 2145 versus
1606 2104 1757 2145 mare
1785 2090 1980 2143 decur-

414 2200 623 2251 rentes,
655 2196 712 2242 et
742 2185 879 2256 quid
908 2185 1016 2239 hoc
1062 2184 1141 2238 rei
1178 2193 1329 2238 esset
1367 2183 1642 2237 nescitare
1667 2181 1981 2251 cupientes,

409 2278 607 2350 partim
671 2278 1152 2333 vulnerabantur:
1199 2274 1367 2346 809
1414 2274 1614 2344 partim
1642 2274 1733 2343 (et
1763 2272 1985 2343 quidem

411 2387 524 2425 non
560 2368 762 2440 pauci)
794 2366 1297 2423 interﬁciebantur.
1329 2365 1572 2420 Tandem
1604 2381 1661 2420 re
1684 2371 1987 2435 comperta,

409 2463 617 2517 animis
645 2471 702 2516 et
727 2460 900 2515 armis
925 2458 1203 2520 instructi,
1231 2458 1418 2513 hostes
1444 2458 1595 2511 nulla
1625 2473 1683 2512 re
1718 2471 1987 2511 memora-

410 2553 507 2609 bili
543 2559 716 2622 gesta,
759 2562 816 2605 et
860 2550 1213 2620 ignavissime
1255 2548 1588 2617 praeliantes,
1634 2562 1855 2601 rursum
1888 2546 1990 2616 eji-

412 2645 615 2700 cinut:
652 2643 747 2714 qui
783 2643 852 2698 ad
906 2643 1163 2697 triremes
1195 2641 1347 2695 nullo
1399 2638 1985 2704 suorum'interfecto,

414 2736 631 2805 aliquot
682 2735 951 2791 duntaxat
998 2733 1306 2788 vulneratis
1334 2741 1733 2802 pervenerunt,
1777 2732 1992 2788 solven-

415 2839 638 2899 tesque,
671 2829 955 2883 onerarias
983 2827 1245 2898 quasdam
1277 2840 1479 2881 vacuas
1504 2840 1688 2880 secum
1711 2824 1991 2879 abstraxe—

415 2934 571 2989 runt,
601 2938 666 2977 ac
694 2921 800 2978 sibi
832 2920 1087 2991 proprias
1137 2920 1414 2975 fecerunt.
1442 2919 1601 2974 Claro
1638 2917 1749 2989 jam
1778 2918 1869 2973 die
1904 2918 1991 2974 bis

414 3025 608 3084 terque
645 3016 824 3083 ignem
866 3012 919 3065 in
959 3010 1265 3073 onerarias,
1289 3025 1413 3079 quae
1449 3008 1699 3080 plurima:
1724 3010 1778 3064 in
1825 3018 1990 3081 portu

412 3106 653 3169 stabant,
679 3104 977 3161 immittere
1000 3103 1184 3157 conati
1216 3113 1368 3165 sunt,
1422 3102 1516 3158 sed
1548 3103 1812 3157 accedere
1858 3116 1987 3172 pro-

412 3200 540 3269 piu‘s
587 3213 699 3253 non
751 3197 1099 3253 sinebantur.
1155 3194 1363 3249 Deinde
1426 3193 1813 3264 praetereundo
1854 3195 1992 3251 alias

400 3290 780 3353 ‘inl‘estabant,
806 3298 862 3342 et
896 3288 1160 3356 quasdam
1185 3302 1215 3342 e
1247 3287 1422 3341 Ponto
1441 3286 1841 3341 descendentes
1862 3302 1994 3343 one-

416 3383 591 3438 rarias
622 3381 938 3450 capiebant.
991 3380 1049 3433 ln
1081 3379 1203 3433 istis
1245 3380 1418 3450 igitur
1462 3379 1785 3436 triremibus
1829 3382 1996 3435 etiam

416 3482 634 3553 legatus
663 3477 1028 3543 Venetorum,
1076 3477 1313 3531 nomine.
1335 3476 1670 3547 Delphinus,
1718 3476 1786 3532 ad
1818 3477 1996 3548 impe-

418 3581 608 3628 ratore
621 3587 671 3625 m
700 3570 1043 3632 mittebatur,
1077 3582 1235 3637 opem
1259 3577 1508 3638 rogatum
1538 3569 1606 3622 ad
1632 3567 1840 3623 bellum
1863 3585 1996 3625 con.

416 3674 500 3718 tra
531 3661 876 3723 Genuenses.
910 3658 1379 3730 promittebatque
1399 3659 1595 3714 ducem
1615 3659 1993 3723 Venetiarum,

418 3766 477 3812 et
527 3764 782 3810 senatum
836 3754 905 3807 de
958 3753 1219 3807 Romanis
1278 3751 1609 3807 meriturum
1668 3751 1900 3822 optime,
1948 3752 1997 3808 si

417 3848 685 3902 auxilium
722 3853 1016 3901 adnueret.
1076 3843 1235 3898 Paria
1291 3844 1569 3899 Ravenna:
1611 3844 1868 3915 princeps
1903 3860 1999 3915 per

414 3938 636 3995 litteras
687 3937 960 4008 pollicens
986 3936 1232 4008 rogabat,
1277 3948 1478 4004 nempe
1524 3936 1601 3989 uti
1635 3935 1878 3992 Venetos
1908 3936 2002 3992 ad-

417 4029 698 4103 juvandos
729 4030 1061 4100 susciperet,
1103 4028 1309 4099 quibus
1358 4027 1524 4082 etiam
1558 4026 1676 4098 ipse
1702 4028 2002 4097 opitulare-

418 4131 531 4177 tur.
585 4120 892 4190 Imperator
936 4120 1019 4174 eis
1052 4112 1375 4174 societafem
1408 4157 1423 4183 ,
1476 4127 1613 4173 utet
1643 4130 1806 4175 antea
1855 4121 2000 4192 apud

416 4211 869 4268 Thessalonicam
903 4211 1151 4282 negavit,
1195 4208 1517 4280 addiditque
1544 4212 1749 4267 trullam
1780 4212 2001 4287 seipsis

416 4308 599 4360 facere
631 4304 890 4376 injuriam
920 4344 934 4370 ,
966 4305 1032 4366 si,
1065 4311 1429 4374 praeterquam
1458 4303 1604 4374 quod
1636 4304 1789 4360 nullo
1815 4306 1897 4360 eis
1926 4305 1995 4361 ad

418 4393 623 4448 bellum
685 4394 1084 4463 impedimento
1139 4403 1323 4457 esset,
1387 4398 1682 4448 adversum
1729 4392 1997 4448 Galaesus

418 4488 581 4542 etiam
613 4502 719 4540 non
738 4493 1027 4556 pugnaret.
1052 4484 1158 4550 Qui
1184 4485 1399 4539 tametsi
1441 4485 1648 4541 bellum
1678 4501 1823 4556 sa-pe
1845 4501 1997 4540 com-

2019 3252 2071 3316 ὕ

2089 2011 2260 2076 δείας,
2294 2013 2391 2066 καὶ
2421 2010 2765 2086 θρασύτητος
2789 2011 2899 2064 τῶν
2926 2008 3303 2074 ἐνοικούντων,
3337 2007 3431 2061 καὶ⁵
3461 2008 3684 2060 ἐκάκω-

2092 2120 2193 2157 σαν
2235 2106 2336 2157 οὐκ
2368 2103 2547 2171 ὀλίγα.
2590 2101 2680 2164 Ὧς
2710 2103 2824 2172 γὰρ
2870 2102 3165 2172 ᾐσθάνοντο
3206 2102 3257 2154 οί
3307 2099 3548 2168 φύλακες
3575 2098 3684 2170 τὴν

2093 2193 2308 2264 ἆλησιν,
2338 2193 2434 2265 βοῇ
2456 2210 2525 2245 τε
2544 2192 2803 2264 ἐχρῶντο,
2829 2193 2922 2245 καὶ
2943 2190 3270 2244 συνεκάλουν
3297 2190 3387 2243 ἐπὶ
3412 2187 3511 2259 τὴν
3534 2188 3686 2259 ἄμυ-

2094 2303 2190 2338 ναν
2220 2288 2344 2347 τοὺς
2377 2287 2703 2357 ἐγχωρίους.
2727 2287 2791 2338 Οί
2821 2284 2900 2349 δὲ,
2926 2285 2990 2337 ἐκ
3017 2282 3126 2335 τῶν
3155 2282 3343 2349 οἰκιῶν
3363 2281 3553 2335 ἄοπλοι
3583 2279 3685 2333 ἐπὶ

2091 2380 2190 2448 τὴν
2219 2378 2493 2433 θάλασσαν
2524 2375 2827 2442 κατιόντες,
2849 2376 2876 2429 ὅ
2896 2393 2948 2429 τι
2969 2373 3052 2445 εῐη
3098 2374 3164 2427 τὰ
3180 2373 3433 2446 δρώμενα
3454 2372 3680 2439 μαθεῖν,

2093 2470 2490 2540 ἐτιτρώσκοντὸ
2516 2487 2576 2523 τε
2603 2468 3053 2538 καὶὰπέθνησκον
3077 2464 3284 2519 πολλοί.
3314 2466 3571 2533 Ἔπειτα,
3597 2464 3678 2529 ὡς

2094 2560 2841 2633 ᾕσθοντῳάναθαρσήσαντες
2871 2559 2965 2610 καὶ
2994 2556 3378 2626 ὁπλισάμενοι,
3398 2554 3681 2625 ἐξήλασαν

2094 2653 2231 2717 τοὺς.
2261 2651 2553 2721 πολεμίους
2581 2642 2765 2715 αὖθις,
2800 2649 2954 2703 οὐδὲν
2980 2650 3229 2719 γενναῖον
3253 2647 3678 2719 εἰργασμένους,

2096 2745 2235 2799 ἀλλὰ
2269 2743 2583 2813 φαυλότατα
2627 2743 3079 2813 ἠγωνισμένουςο
3128 2740 3281 2811 ὅμως
3334 2738 3681 2810 διεσώθησαν

2098 2837 2300 2899 πάντες
2322 2836 2419 2889 ἐπὶ
2438 2838 2543 2897 τὰς
2562 2838 2829 2907 τριήρεις,
2852 2832 3079 2896 οὐδενὸς
3110 2832 3397 2893 πεσόντος.
3425 2848 3679 2901 τρανμα-

2096 2930 2229 2984 τιῶν
2255 2930 2311 2983 δὲ
2340 2929 2537 2998 ὀλίγων
2578 2928 2911 2999 γενομένων,
2954 2926 3286 2996 ὰναγόμενοί
3315 2942 3373 2977 τε
3404 2923 3499 2978 τοῦ
3527 2923 3674 2995 λιμέ-

2097 3038 2208 3089 νος,
2240 3022 2335 3076 καὶ
2362 3022 2592 3086 ὁλκάδας
2616 3021 2895 3074 εἴλκεισαν
2917 3020 3082 3082 κενὰς
3101 3019 3279 3084 τινὰς,
3307 3019 3403 3073 καὶ
3427 3018 3680 3089 ἐκυρίευ-

2101 3133 2227 3169 σαν.
2290 3115 2441 3168 Ἐπεὶ
2476 3115 2533 3168 δὲ
2597 3114 2779 3185 ἡμέρα
2840 3114 2942 3181 ἤδη
2990 3108 3080 3184 ἦν,
3132 3112 3229 3175 δὶς.
3275 3112 3375 3182 μὲν
3424 3112 3521 3166 καὶ
3558 3112 3682 3182 τρὶς

2099 3212 2463 3283 ἐπεχείρησαν
2497 3209 2608 3279 πῦρ
2639 3210 2851 3265 ἐνεῖναι
2882 3210 3000 3271 ταῖς
3030 3208 3255 3261 ὁλκάσιν
3291 3204 3477 3268 οὔσαις
3517 3206 3677 3259 πῗεί-

2098 3322 2251 3368 σταις
2278 3304 2372 3359 ἐπὶ
2392 3303 2486 3358 τοῦ
2506 3302 2750 3373 λιμένος,
2776 3302 3235 3372 ἁπεκρούσθησαν
3255 3302 3313 3354 δέ
3338 3302 3431 3355 ὑπ’
3450 3301 3685 3355 ἐκείνων

2096 3395 2205 3451 οὐδ’
2267 3395 2435 3464 ἐγγὺς
2480 3392 2742 3460 γένεσθαι
2804 3392 3149 3461 δυνηθέντες.
3202 3392 3437 3446 Ἔπειτα
3496 3410 3686 3463 παρα-

2097 3483 2635 3551 πλέοντες-ἐκάκουν,
2673 3486 2769 3540 καί
2800 3501 2969 3539 τινων.
2993 3485 3310 3556 ἐκράτησαν
3339 3485 3583 3539 ὁλκάδων
3618 3487 3689 3541 ἐκ

2098 3577 2304 3630 Πόντου
2333 3576 2784 3630 καταπλεουσῶν.
2832 3576 2923 3630 Ἐν
2952 3577 3176 3639 ταύταις
3213 3576 3280 3647 δὴ
3311 3578 3431 3639 ταῖς
3460 3576 3691 3642 ὁλκάσι,

2097 3669 2193 3723 καὶ
2256 3668 2500 3740 πρέσϐυς
2541 3670 2606 3721 ἐκ
2648 3668 2900 3733 Βενετίας
2952 3670 3175 3738 ἀφῖκτο,
3207 3669 3406 3740 Δελφὶν
3458 3670 3687 3739 ὠνομα-

2098 3763 2318 3832 σμένος,
2353 3762 2492 3834 πρὸς
2532 3761 2781 3833 βασιλέα,
2820 3762 2915 3816 καὶ
2948 3762 3118 3815 ἐδεῖτο
3144 3765 3453 3834 συμμαχεῖν
3495 3764 3689 3828 αὐτοῖς

2100 3854 2239 3924 πρὸς
2261 3854 2354 3908 τὸν
2384 3855 2526 3908 κατὰ
2551 3854 2660 3907 τῶν
2692 3854 2757 3907 ἐκ
2787 3854 3342 3926 Γεννούαςιπὸλεμον,
3377 3854 3591 3925 μεγάλα
3625 3857 3688 3911 τέ

2097 3962 2223 3999 τινα
2244 3946 2616 4017 ἐπηγγέλλετο
2629 3946 2719 4000 τὸν
2734 3945 2934 4000 δοῦκαν
2956 3946 3233 4011 Βενετίας,
3254 3946 3351 4002 καὶ
3365 3948 3465 4020 τὴν
3483 3947 3691 4018 βουλὴν

2112 4040 2422 4111 Ῥωμαίους
2443 4040 2772 4110 ὠφελήσειν,
2797 4042 2844 4093 εί
2875 4040 3119 4094 πείθοιτο
3148 4040 3334 4103 αὐτοῖς
3360 4046 3685 4113 συμμαχεῖν

2099 4133 2127 4185 ὁ
2171 4131 2447 4201 βασιλεύς.
2487 4131 2569 4185 Τὰ
2606 4131 2696 4184 ἴσα
2740 4132 2796 4183 δέ
2843 4132 2940 4184 καὶ
2988 4133 3016 4183 ὁ
3062 4131 3167 4202 me
3224 4131 3495 4195 Ῥασύνας
3540 4133 3689 4201 πρὸς

2103 4225 2333 4296 βασιλέα
2381 4225 2468 4278 διὰ
2504 4224 2855 4294 γραμμάτων
2893 4224 3283 4295 ἐπρεσϐεύετο,
3324 4223 3420 4277 καὶ
3468 4224 3691 4292 μεγάλα

2102 4315 2493 4386 ἐπηγγέλλετο,
2529 4316 2622 4368 καὶ
2653 4315 2824 4369 ἐδεῖτο
2854 4316 3124 4386 βασιλέως
3168 4319 3283 4379 τοῖς
3313 4319 3378 4370 ἐκ
3424 4316 3693 4382 Βενετίας

2101 4411 2434 4478 συμμαχεῖν,
2469 4401 2550 4469 οἷς
2584 4407 2680 4459 καὶ
2711 4405 2875 4469 αὐτὸς
2909 4406 3197 4478 σύμμαχός
3238 4410 3377 4462 ἐστι.
3412 4408 3693 4473 Βασιλεὺς
3728 4450 3735 4453 -

2098 4500 2155 4553 δέ
2185 4500 2533 4569 ἀπηγόρευεν
2557 4498 2768 4563 αὐτοῖς,
2795 4498 2984 4569 ὥσπερ
3004 4501 3100 4553 καὶ
3121 4500 3387 4571 πρότερον
3413 4500 3517 4570 τὴν
3542 4518 3697 4572 συμ-

420 4578 743 4644 meruerint,
767 4586 823 4630 et
840 4591 1001 4630 nemo
1032 4585 1197 4644 queat
1221 4575 1647 4644 reprehendere,
1666 4585 1761 4630 aut
1779 4584 1968 4629 contra

2102 4595 2301 4662 μαχίαν
2319 4595 2374 4645 ἐν
2401 4590 2807 4663 Θεσσαλονίκῃτ
2834 4590 3040 4660 ἔφασκε
3060 4592 3169 4663 γὰρ
3196 4592 3400 4646 ἀδικεῖν
3420 4595 3608 4662 μηδὲν,
3636 4597 3697 4649 εξ

419 4671 627 4730 dicere.
652 4669 698 4723 si
737 4668 1042 4739 praeteritas
1065 4665 1292 4738 injurias
1327 4676 1689 4735 persequatur
1718 4683 1732 4729 ;
1757 4676 1996 4721 attamen

419 4761 475 4817 in
507 4742 805 4816 amicitiam
834 4759 1174 4814 Venetorum
1228 4758 1374 4812 nihil
1404 4767 1794 4824 peccaturum,
1838 4756 1883 4810 si
1914 4756 1998 4810 of-

313 4858 318 4867 ’
420 4854 603 4909 l‘ensas
628 4853 759 4923 ipsis
787 4868 884 4907 sua
911 4862 1109 4922 sponte
1140 4852 1441 4907 condonet.
1476 4849 1781 4913 Imperator
1822 4847 1995 4919 igitur

419 4945 494 4999 ita
550 4948 689 4999 scite
746 4944 953 4998 bellum
996 4940 1352 5008 subterfugit.
1388 4940 1571 5006 Longe
1622 4940 1770 4990 enim
1803 4936 1999 4991 melius

421 5038 669 5106 putabat.
702 5035 770 5089 ab
802 5037 1050 5104 utrisque
1084 5018 1481 5092 abstinentem,
1526 5029 1591 5081 ad
1621 5027 1993 5081 Rmuanorum

421 5123 610 5188 urbes,
644 5139 766 5192 quae
791 5130 950 5177 erant
975 5122 1030 5175 in
1056 5121 1382 5176 continente
1403 5159 1417 5183 ,
1449 5118 1518 5172 ab
1543 5116 1783 5171 hostium
1814 5116 1998 5172 domi-

420 5224 553 5269 natu
586 5215 913 5269 asserendas
966 5212 1309 5267 incumbere.
1356 5211 1427 5263 At
1482 5207 1721 5263 Venetus
1762 5207 1995 5278 legatus,

424 5314 481 5359 et
509 5306 601 5360 alii
633 5305 728 5375 qni
761 5321 888 5359 cum
918 5318 987 5358 eo
1019 5309 1305 5366 venerant,
1338 5302 1503 5371 hujus
1532 5299 1810 5355 societatis
1842 5298 1998 5355 recu-

420 5396 691 5452 sationem
719 5395 1051 5466 permoleste
1079 5392 1354 5449 ferebant.
1396 5391 1617 5445 Galataai
1670 5407 1908 5462 quoque,
1940 5399 1997 5445 ut

423 5489 773 5543 resciverunt
815 5488 1006 5540 hostes
1033 5500 1160 5539 suos
1189 5487 1575 5551 imperatorem
1607 5499 1797 5555 rogare
1837 5485 1991 5538 anxio

421 5580 514 5644 lia,
553 5579 769 5633 iteratis
818 5577 1191 5646 legationibus
1218 5592 1377 5631 orare
1424 5578 1774 5653 insistebant,
1806 5593 1872 5631 ne
1899 5578 1996 5633 de-

421 5672 793 5741 spicerentur,
823 5667 919 5721 sed
953 5666 997 5721 si
1038 5668 1166 5737 quid
1192 5678 1348 5722 antea
1394 5670 1698 5738 improbius
1739 5671 1795 5723 in
1843 5670 2008 5724 illum:

423 5762 803 5822 admisissent,
837 5760 1073 5813 veniam.
1097 5759 1275 5824 daret,
1307 5775 1409 5816 nec
1434 5762 1543 5834 jam
1576 5762 1725 5816 vires
1756 5762 2003 5817 hostium

425 5859 674 5920 augeret,
710 5848 759 5902 in
785 5863 1062 5920 posterum
1094 5854 1230 5907 nihil
1256 5870 1353 5924 per
1394 5855 1571 5910 scelus
1596 5868 1860 5923 unquam,
1894 5855 1988 5910 sed

2104 4681 2239 4750 πρὸς
2271 4681 2349 4751 τῷ
2387 4682 2557 4752 μηδὲν
2590 4682 2773 4746 αὐτοῖς
2795 4682 3050 4751 ἐμποδὼν
3073 4678 3215 4737 εἶναι
3246 4687 3382 4755 προς
3408 4684 3498 4738 τὸν
3524 4686 3699 4740 πόλε-

2104 4790 2226 4842 μον,
2286 4772 2421 4843 μηδέ
2475 4774 2609 4845 πρὸς
2659 4776 2904 4836 ἐκείνους
2952 4775 3242 4844 πολεμοίη.
3296 4775 3385 4839 Ὠς
3426 4777 3526 4846 μὲν
3571 4779 3697 4849 γᾶρ

2101 4864 2279 4928 αἰτίας
2334 4867 2545 4919 ἐκεῖνοι
2590 4866 2791 4930 πολλὰς
2848 4868 3182 4935 παρέσχοντο
3230 4868 3521 4938 πολέμου,
3582 4873 3696 4926 καὶ

2100 4958 2277 5021 οὐδεὶς
2315 4957 2381 5012 ἂν
2418 4958 2569 5028 αὐτῷ
2608 4959 2887 5029 μέμφοιτο
2913 4958 3139 5021 δικαίως
3193 4959 3521 5029 ἀμυνομένῳ
3570 4960 3695 5014 τῶν

2100 5053 2384 5123 προτέρων
2407 5052 2572 5106 ’ἑνεκα
2587 5054 2935 5122 ἀδικήματα..
2953 5053 3126 5115 οὐδεὶς
3148 5052 3214 5105 ἂν
3233 5054 3350 5123 ἔχοι
3365 5056 3643 5109 ἀντειπεῖν
3667 5073 3688 5090 ο

2100 5145 2238 5216 πρὸς
2270 5146 2372 5216 μέν
2411 5146 2494 5198 τοι
2528 5146 2629 5213 τὴν
2662 5144 2845 5197 αὐτῶν
2887 5145 3069 5213 ιριλίαν
3102 5148 3465 5216 ἐνστήσεσθαι
3497 5148 3687 5214 οὐδὲν,

2100 5235 2150 5286 εί
2178 5234 2339 5297 αὐτὸς
2374 5234 2516 5289 ἑκὼν
2548 5228 2689 5289 εἶναι
2722 5238 2837 5297 τοῖς
2877 5240 3350 5305 προσκεκρουκοσι
3385 5240 3690 5309 παρέχοιτο

2101 5327 2453 5395 συγγνώμην.
2522 5327 2582 5378 Ὀ
2636 5326 2741 5396 μὲν
2784 5327 2877 5381 οὖν
2934 5326 3186 5394 βασιλεὺς
3233 5328 3407 5393 οὕτως
3460 5332 3689 5398 εὐφυῶς

2100 5418 2509 5483 ἀπεσκευάζετο
2538 5419 2631 5472 τὸν
2657 5419 2912 5490 πόλεμον.
2946 5422 3162 5474 Μᾶλλον
3193 5425 3301 5490 γάρ
3330 5423 3503 5476 ἐδόκει
3536 5421 3688 5482 εἶναι

2100 5511 2322 5581 ἄριστον
2345 5512 2625 5581 ἑκατέρων
2643 5513 3017 5580 ἀποσχόμενον
3042 5515 3330 5585 προσέχειν
3352 5517 3415 5584 τῇ
3436 5516 3685 5585 ἠπείρῳ,

2101 5606 2193 5657 καὶ
2225 5606 2322 5667 τὰς
2354 5605 2764 5674 δεδουλωμένας
2808 5605 3093 5673 Ῥωμαίων
3129 5607 3310 5669 πόλεις
3352 5601 3685 5676 ἐλευθεροῦν

2101 5696 2210 5746 ἀπὸ
2239 5695 2344 5747 τῶν
2376 5696 2670 5765 πολεμίων.
2719 5697 2780 5747 ’0
2827 5699 2888 5749 ἐκ
2921 5697 3170 5761 Βενετίας
3213 5699 3269 5751 δὲ
3332 5701 3684 5771 πρεσϐευτὴς

2101 5787 2195 5838 καί
2225 5786 2374 5838 ἄλλοι
2406 5787 2466 5838 οὐ
2520 5786 2755 5857 μετρίως
2779 5788 3145 5857 ὴγάνακτουν,
3177 5776 3433 5861 πρδ;’τὴν
3459 5801 3687 5861 συμμα-

2102 5878 2227 5945 χίαν
2286 5879 2470 5942 αὐτοῖς
2529 5880 2965 5948 ἀπαγορεύοντος
3026 5880 3313 5951 βασιλέως.
3378 5884 3444 5936 Οἵ
3497 5901 3554 5938 τε
3612 5888 3685 5942 ἐκ
