  <div class='ocr_page' id='page_1' title='image "/cluster/home/n/w/nwhite01/storage/ocr_20150623/154:no.2/coo.31924054870591/108.png"; bbox 0 0 4056 6472; ppageno 0'>
   <div class='ocr_carea' id='block_1_1' title="bbox 213 397 301 466">
    <p class='ocr_par' dir='ltr' id='par_1_1' title="bbox 213 397 301 466">
     <span class='ocr_line' id='line_1_1' title="bbox 213 397 301 466; baseline 0.023 -2"><span class='ocrx_word' id='word_1_1' title='bbox 213 397 301 466; x_wconf 64' lang='grc' dir='ltr'><strong>ενι</strong></span> 
     </span>
    </p>
   </div>
   <div class='ocr_carea' id='block_1_2' title="bbox 1333 381 2294 450">
    <p class='ocr_par' dir='ltr' id='par_1_2' title="bbox 1333 381 2294 450">
     <span class='ocr_line' id='line_1_2' title="bbox 1333 381 2294 450; baseline -0.006 0"><span class='ocrx_word' id='word_1_2' title='bbox 1333 385 1646 450; x_wconf 71' lang='lat' dir='ltr'><strong>IUSTORI</strong></span> <span class='ocrx_word' id='word_1_3' title='bbox 1659 381 1878 444; x_wconf 75' lang='lat' dir='ltr'><strong>ARUM</strong></span> <span class='ocrx_word' id='word_1_4' title='bbox 1921 383 1995 444; x_wconf 75' lang='lat' dir='ltr'><strong>Li</strong></span> <span class='ocrx_word' id='word_1_5' title='bbox 2008 384 2152 444; x_wconf 81' lang='lat' dir='ltr'><strong>BER</strong></span> <span class='ocrx_word' id='word_1_6' title='bbox 2193 385 2294 445; x_wconf 86' lang='lat' dir='ltr'><strong>1V.</strong></span> 
     </span>
    </p>
   </div>
   <div class='ocr_carea' id='block_1_3' title="bbox 3359 385 3467 450">
    <p class='ocr_par' dir='ltr' id='par_1_3' title="bbox 3359 385 3467 450">
     <span class='ocr_line' id='line_1_3' title="bbox 3359 385 3467 450; baseline -0.019 -2"><span class='ocrx_word' id='word_1_7' title='bbox 3359 385 3467 450; x_wconf 71' lang='lat'><strong>202</strong></span> 
     </span>
    </p>
   </div>
   <div class='ocr_carea' id='block_1_4' title="bbox 207 491 1819 578">
    <p class='ocr_par' dir='ltr' id='par_1_4' title="bbox 207 495 1819 578">
     <span class='ocr_line' id='line_1_4' title="bbox 207 495 1819 578; baseline -0.01 -14"><span class='ocrx_word' id='word_1_8' title='bbox 207 508 410 564; x_wconf 81' lang='grc' dir='ltr'>Γαλατᾶ</span> <span class='ocrx_word' id='word_1_9' title='bbox 429 504 636 578; x_wconf 76' lang='grc' dir='ltr'>ὁμοίως</span> <span class='ocrx_word' id='word_1_10' title='bbox 665 503 888 569; x_wconf 66' lang='grc' dir='ltr'>εἱδᾶτες,</span> <span class='ocrx_word' id='word_1_11' title='bbox 915 500 989 566; x_wconf 82' lang='grc' dir='ltr'><strong>ὡς</strong></span> <span class='ocrx_word' id='word_1_12' title='bbox 1019 501 1068 555; x_wconf 79' lang='lat' dir='ltr'><strong>oi</strong></span> <span class='ocrx_word' id='word_1_13' title='bbox 1097 499 1351 570; x_wconf 80' lang='grc' dir='ltr'>πολέμιοι</span> <span class='ocrx_word' id='word_1_14' title='bbox 1376 497 1532 567; x_wconf 74' lang='grc' dir='ltr'>σφίσι</span> <span class='ocrx_word' id='word_1_15' title='bbox 1563 495 1774 549; x_wconf 70' lang='grc' dir='ltr'>δέονται</span> <span class='ocrx_word' id='word_1_16' title='bbox 1807 515 1819 548; x_wconf 78' lang='lat' dir='ltr'><strong>t</strong></span> 
     </span>
    </p>
   </div>
   <div class='ocr_carea' id='block_1_5' title="bbox 1924 491 3467 578">
    <p class='ocr_par' dir='ltr' id='par_1_5' title="bbox 1924 491 3467 565">
     <span class='ocr_line' id='line_1_5' title="bbox 1924 491 3467 565; baseline 0.004 -22"><span class='ocrx_word' id='word_1_17' title='bbox 1924 492 2068 546; x_wconf 88' lang='lat' dir='ltr'><strong>mnia</strong></span> <span class='ocrx_word' id='word_1_18' title='bbox 2127 509 2194 546; x_wconf 76' lang='lat' dir='ltr'><strong>ex</strong></span> <span class='ocrx_word' id='word_1_19' title='bbox 2241 493 2363 564; x_wconf 86' lang='lat' dir='ltr'><strong>ejus</strong></span> <span class='ocrx_word' id='word_1_20' title='bbox 2419 491 2689 546; x_wconf 84' lang='lat' dir='ltr'><strong>arbitratu</strong></span> <span class='ocrx_word' id='word_1_21' title='bbox 2749 492 2992 546; x_wconf 83' lang='lat' dir='ltr'><strong>facturos</strong></span> <span class='ocrx_word' id='word_1_22' title='bbox 3065 491 3467 565; x_wconf 68' lang='lat' dir='ltr'><strong>diligenter‘rpte</strong></span> 
     </span>
    </p>
   </div>
   <div class='ocr_carea' id='block_1_6' title="bbox 217 584 1783 674">
    <p class='ocr_par' dir='ltr' id='par_1_6' title="bbox 217 584 1783 674">
     <span class='ocr_line' id='line_1_6' title="bbox 217 584 1783 674; baseline -0.013 -18"><span class='ocrx_word' id='word_1_23' title='bbox 217 600 472 674; x_wconf 64' lang='grc' dir='ltr'>βασιλέως</span> <span class='ocrx_word' id='word_1_24' title='bbox 527 599 864 668; x_wconf 78' lang='grc' dir='ltr'><strong>συμμαχεῖν,</strong></span> <span class='ocrx_word' id='word_1_25' title='bbox 917 593 1217 666; x_wconf 82' lang='grc' dir='ltr'>πρεσϐείας</span> <span class='ocrx_word' id='word_1_26' title='bbox 1248 591 1344 644; x_wconf 84' lang='grc' dir='ltr'>καὶ</span> <span class='ocrx_word' id='word_1_27' title='bbox 1385 587 1543 642; x_wconf 65' lang='grc' dir='ltr'>αὑτολ</span> <span class='ocrx_word' id='word_1_28' title='bbox 1583 584 1783 674; x_wconf 65' lang='grc' dir='ltr'>συχνὰς</span> 
     </span>
    </p>
   </div>
   <div class='ocr_carea' id='block_1_7' title="bbox 218 673 1787 761">
    <p class='ocr_par' dir='ltr' id='par_1_7' title="bbox 218 673 1787 761">
     <span class='ocr_line' id='line_1_7' title="bbox 218 673 1787 761; baseline -0.014 -15"><span class='ocrx_word' id='word_1_29' title='bbox 218 691 550 761; x_wconf 80' lang='grc' dir='ltr'>ποιούμενοι,</span> <span class='ocrx_word' id='word_1_30' title='bbox 584 689 798 743; x_wconf 74' lang='grc' dir='ltr'>ἐδέοντο</span> <span class='ocrx_word' id='word_1_31' title='bbox 835 686 908 758; x_wconf 77' lang='grc' dir='ltr'>μὴ</span> <span class='ocrx_word' id='word_1_32' title='bbox 947 684 1092 754; x_wconf 73' lang='grc' dir='ltr'>σφᾶς</span> <span class='ocrx_word' id='word_1_33' title='bbox 1130 681 1396 752; x_wconf 77' lang='grc' dir='ltr'>περιιδεῖν</span> <span class='ocrx_word' id='word_1_34' title='bbox 1419 693 1432 708; x_wconf 76' lang='grc' dir='ltr'><strong>ο</strong></span> <span class='ocrx_word' id='word_1_35' title='bbox 1480 673 1620 732; x_wconf 81' lang='grc' dir='ltr'>ἀλλὰ</span> <span class='ocrx_word' id='word_1_36' title='bbox 1651 689 1787 741; x_wconf 86' lang='grc' dir='ltr'>συγ-</span> 
     </span>
    </p>
   </div>
   <div class='ocr_carea' id='block_1_8' title="bbox 212 769 1784 856">
    <p class='ocr_par' dir='ltr' id='par_1_8' title="bbox 212 769 1784 856">
     <span class='ocr_line' id='line_1_8' title="bbox 212 769 1784 856; baseline -0.013 -18"><span class='ocrx_word' id='word_1_37' title='bbox 212 786 428 856; x_wconf 78' lang='grc' dir='ltr'><strong>γνώμην</strong></span> <span class='ocrx_word' id='word_1_38' title='bbox 455 799 514 837; x_wconf 85' lang='grc' dir='ltr'><strong>τε</strong></span> <span class='ocrx_word' id='word_1_39' title='bbox 547 783 836 854; x_wconf 81' lang='grc' dir='ltr'>παρέχειν,</span> <span class='ocrx_word' id='word_1_40' title='bbox 869 779 922 833; x_wconf 79' lang='grc' dir='ltr'><strong>εί</strong></span> <span class='ocrx_word' id='word_1_41' title='bbox 949 795 1001 832; x_wconf 89' lang='grc' dir='ltr'><strong>τι</strong></span> <span class='ocrx_word' id='word_1_42' title='bbox 1031 777 1298 848; x_wconf 88' lang='grc' dir='ltr'>πρότερον</span> <span class='ocrx_word' id='word_1_43' title='bbox 1329 769 1784 843; x_wconf 78' lang='grc' dir='ltr'>ἢγνωμονήκασι,</span> 
     </span>
    </p>
   </div>
   <div class='ocr_carea' id='block_1_9' title="bbox 205 860 1790 948">
    <p class='ocr_par' dir='ltr' id='par_1_9' title="bbox 205 860 1790 948">
     <span class='ocr_line' id='line_1_9' title="bbox 205 860 1790 948; baseline -0.012 -17"><span class='ocrx_word' id='word_1_44' title='bbox 205 881 296 932; x_wconf 79' lang='grc' dir='ltr'>καὶ</span> <span class='ocrx_word' id='word_1_45' title='bbox 315 877 413 931; x_wconf 79' lang='grc' dir='ltr'>νῦν</span> <span class='ocrx_word' id='word_1_46' title='bbox 441 878 516 948; x_wconf 79' lang='grc' dir='ltr'>μὴ</span> <span class='ocrx_word' id='word_1_47' title='bbox 559 876 872 946; x_wconf 80' lang='grc' dir='ltr'><strong>συμμαχεῖν</strong></span> <span class='ocrx_word' id='word_1_48' title='bbox 905 875 1017 936; x_wconf 89' lang='grc' dir='ltr'>τοῖς</span> <span class='ocrx_word' id='word_1_49' title='bbox 1048 867 1350 940; x_wconf 78' lang='grc' dir='ltr'>πολεμίοις,</span> <span class='ocrx_word' id='word_1_50' title='bbox 1385 860 1790 934; x_wconf 74' lang='grc' dir='ltr'>ἐπηγγέλλοντο</span> 
     </span>
    </p>
   </div>
   <div class='ocr_carea' id='block_1_10' title="bbox 211 955 1788 1040">
    <p class='ocr_par' dir='ltr' id='par_1_10' title="bbox 211 955 1788 1040">
     <span class='ocr_line' id='line_1_10' title="bbox 211 955 1788 1040; baseline -0.011 -17"><span class='ocrx_word' id='word_1_51' title='bbox 211 988 263 1023; x_wconf 74' lang='grc' dir='ltr'><strong>τε</strong></span> <span class='ocrx_word' id='word_1_52' title='bbox 297 971 552 1034; x_wconf 79' lang='grc' dir='ltr'>εἰσαῦθις</span> <span class='ocrx_word' id='word_1_53' title='bbox 591 969 866 1040; x_wconf 81' lang='grc' dir='ltr'>μηδέποτε</span> <span class='ocrx_word' id='word_1_54' title='bbox 914 963 1358 1036; x_wconf 74' lang='grc' dir='ltr'>ἀγνωμονήσειν,</span> <span class='ocrx_word' id='word_1_55' title='bbox 1420 957 1560 1012; x_wconf 73' lang='grc' dir='ltr'>ἀλλὰ</span> <span class='ocrx_word' id='word_1_56' title='bbox 1609 955 1788 1010; x_wconf 83' lang='grc' dir='ltr'>πᾶντα</span> 
     </span>
    </p>
   </div>
   <div class='ocr_carea' id='block_1_11' title="bbox 215 1045 1790 1133">
    <p class='ocr_par' dir='ltr' id='par_1_11' title="bbox 215 1045 1790 1133">
     <span class='ocr_line' id='line_1_11' title="bbox 215 1045 1790 1133; baseline -0.011 -17"><span class='ocrx_word' id='word_1_57' title='bbox 215 1067 458 1133; x_wconf 73' lang='grc' dir='ltr'>ποιήσειν</span> <span class='ocrx_word' id='word_1_58' title='bbox 511 1063 582 1114; x_wconf 67' lang='grc' dir='ltr'><strong>τὰ</strong></span> <span class='ocrx_word' id='word_1_59' title='bbox 628 1060 773 1114; x_wconf 84' lang='grc' dir='ltr'>κατὰ</span> <span class='ocrx_word' id='word_1_60' title='bbox 825 1057 1055 1128; x_wconf 77' lang='grc' dir='ltr'>γνώμην</span> <span class='ocrx_word' id='word_1_61' title='bbox 1111 1053 1345 1126; x_wconf 78' lang='grc' dir='ltr'>βασιλεῖ,</span> <span class='ocrx_word' id='word_1_62' title='bbox 1377 1051 1474 1106; x_wconf 78' lang='grc' dir='ltr'>καὶ</span> <span class='ocrx_word' id='word_1_63' title='bbox 1515 1045 1790 1104; x_wconf 73' lang='grc' dir='ltr'><strong>δουλεύειν</strong></span> 
     </span>
    </p>
   </div>
   <div class='ocr_carea' id='block_1_12' title="bbox 214 1139 1795 1224">
    <p class='ocr_par' dir='ltr' id='par_1_12' title="bbox 214 1139 1795 1224">
     <span class='ocr_line' id='line_1_12' title="bbox 214 1139 1795 1224; baseline -0.01 -17"><span class='ocrx_word' id='word_1_64' title='bbox 214 1153 474 1224; x_wconf 75' lang='grc' dir='ltr'>ἁκριὸὦ,’</span> <span class='ocrx_word' id='word_1_65' title='bbox 509 1152 628 1222; x_wconf 69' lang='grc' dir='ltr'>ἅμα</span> <span class='ocrx_word' id='word_1_66' title='bbox 649 1152 705 1206; x_wconf 81' lang='grc' dir='ltr'>δὲ</span> <span class='ocrx_word' id='word_1_67' title='bbox 727 1153 822 1204; x_wconf 75' lang='grc' dir='ltr'>καὶ</span> <span class='ocrx_word' id='word_1_68' title='bbox 847 1151 1109 1221; x_wconf 82' lang='grc' dir='ltr'>χρήματα</span> <span class='ocrx_word' id='word_1_69' title='bbox 1129 1145 1456 1216; x_wconf 76' lang='grc' dir='ltr'>παρείχοντο</span> <span class='ocrx_word' id='word_1_70' title='bbox 1488 1141 1590 1195; x_wconf 87' lang='grc' dir='ltr'><strong>οὑκ</strong></span> <span class='ocrx_word' id='word_1_71' title='bbox 1615 1139 1795 1208; x_wconf 85' lang='grc' dir='ltr'>ὀλίγα.</span> 
     </span>
    </p>
   </div>
   <div class='ocr_carea' id='block_1_13' title="bbox 219 1231 1798 1314">
    <p class='ocr_par' dir='ltr' id='par_1_13' title="bbox 219 1231 1798 1314">
     <span class='ocr_line' id='line_1_13' title="bbox 219 1231 1798 1314; baseline -0.011 -14"><span class='ocrx_word' id='word_1_72' title='bbox 219 1245 478 1308; x_wconf 69' lang='grc' dir='ltr'>Βασιλεὺς</span> <span class='ocrx_word' id='word_1_73' title='bbox 509 1243 566 1298; x_wconf 72' lang='grc' dir='ltr'>δὲ</span> <span class='ocrx_word' id='word_1_74' title='bbox 625 1243 686 1298; x_wconf 78' lang='grc' dir='ltr'><strong>τδ</strong></span> <span class='ocrx_word' id='word_1_75' title='bbox 719 1243 818 1314; x_wconf 82' lang='grc' dir='ltr'>μὲν</span> <span class='ocrx_word' id='word_1_76' title='bbox 848 1241 923 1313; x_wconf 84' lang='grc' dir='ltr'>μὴ</span> <span class='ocrx_word' id='word_1_77' title='bbox 951 1239 1286 1311; x_wconf 81' lang='grc' dir='ltr'><strong>πολεμήσειν</strong></span> <span class='ocrx_word' id='word_1_78' title='bbox 1331 1232 1722 1306; x_wconf 74' lang='grc' dir='ltr'><strong>ἐπηγγέλλετο,</strong></span> <span class='ocrx_word' id='word_1_79' title='bbox 1751 1231 1798 1282; x_wconf 86' lang='grc' dir='ltr'><strong>εί</strong></span> 
     </span>
    </p>
   </div>
   <div class='ocr_carea' id='block_1_14' title="bbox 216 1321 1799 1406">
    <p class='ocr_par' dir='ltr' id='par_1_14' title="bbox 216 1321 1799 1406">
     <span class='ocr_line' id='line_1_14' title="bbox 216 1321 1799 1406; baseline -0.013 -14"><span class='ocrx_word' id='word_1_80' title='bbox 216 1339 280 1392; x_wconf 69' lang='grc' dir='ltr'><strong>τὰ</strong></span> <span class='ocrx_word' id='word_1_81' title='bbox 307 1335 764 1406; x_wconf 61' lang='grc' dir='ltr'><strong>ἐπαγγελλόμενα</strong></span> <span class='ocrx_word' id='word_1_82' title='bbox 800 1334 894 1386; x_wconf 74' lang='grc' dir='ltr'>καὶ</span> <span class='ocrx_word' id='word_1_83' title='bbox 951 1331 1107 1384; x_wconf 74' lang='grc' dir='ltr'>αὐτοὶ</span> <span class='ocrx_word' id='word_1_84' title='bbox 1152 1321 1329 1398; x_wconf 78' lang='grc' dir='ltr'>ἀληθῆ</span> <span class='ocrx_word' id='word_1_85' title='bbox 1358 1325 1454 1378; x_wconf 72' lang='grc' dir='ltr'><strong>ἐπὶ</strong></span> <span class='ocrx_word' id='word_1_86' title='bbox 1481 1323 1592 1377; x_wconf 86' lang='grc' dir='ltr'><strong>τῶν</strong></span> <span class='ocrx_word' id='word_1_87' title='bbox 1621 1321 1799 1392; x_wconf 70' lang='grc' dir='ltr'>ἔργων</span> 
     </span>
    </p>
   </div>
   <div class='ocr_carea' id='block_1_15' title="bbox 129 1412 1802 1495">
    <p class='ocr_par' dir='ltr' id='par_1_15' title="bbox 129 1412 1802 1495">
     <span class='ocr_line' id='line_1_15' title="bbox 129 1412 1802 1495; baseline -0.01 -13"><span class='ocrx_word' id='word_1_88' title='bbox 129 1471 140 1482; x_wconf 91' lang='grc'><strong>.</strong></span> <span class='ocrx_word' id='word_1_89' title='bbox 215 1430 591 1492; x_wconf 76' lang='grc' dir='ltr'>ἁποδείξαιεν·</span> <span class='ocrx_word' id='word_1_90' title='bbox 641 1429 709 1480; x_wconf 74' lang='grc' dir='ltr'>τὰ</span> <span class='ocrx_word' id='word_1_91' title='bbox 765 1425 824 1480; x_wconf 78' lang='grc' dir='ltr'>δὲ</span> <span class='ocrx_word' id='word_1_92' title='bbox 871 1425 1134 1495; x_wconf 75' lang='grc' dir='ltr'>χρήματα</span> <span class='ocrx_word' id='word_1_93' title='bbox 1173 1421 1276 1475; x_wconf 87' lang='grc' dir='ltr'><strong>οὑκ</strong></span> <span class='ocrx_word' id='word_1_94' title='bbox 1324 1416 1656 1486; x_wconf 74' lang='grc' dir='ltr'>ἐλάμϐανεν,</span> <span class='ocrx_word' id='word_1_95' title='bbox 1700 1412 1802 1466; x_wconf 87' lang='grc' dir='ltr'><strong>οὑκ</strong></span> 
     </span>
    </p>
   </div>
   <div class='ocr_carea' id='block_1_16' title="bbox 218 1505 1803 1591">
    <p class='ocr_par' dir='ltr' id='par_1_16' title="bbox 218 1505 1803 1591">
     <span class='ocr_line' id='line_1_16' title="bbox 218 1505 1803 1591; baseline -0.011 -16"><span class='ocrx_word' id='word_1_96' title='bbox 218 1522 364 1591; x_wconf 82' lang='grc' dir='ltr'><strong>αὑτῷ</strong></span> <span class='ocrx_word' id='word_1_97' title='bbox 395 1521 712 1590; x_wconf 79' lang='grc' dir='ltr'>πρέπουσαν</span> <span class='ocrx_word' id='word_1_98' title='bbox 740 1519 984 1588; x_wconf 75' lang='grc' dir='ltr'>οἰόμενος</span> <span class='ocrx_word' id='word_1_99' title='bbox 1009 1513 1272 1584; x_wconf 70' lang='grc' dir='ltr'>εἶναιτὴν</span> <span class='ocrx_word' id='word_1_100' title='bbox 1299 1509 1658 1582; x_wconf 81' lang='grc' dir='ltr'>μικρολογίαν</span> <span class='ocrx_word' id='word_1_101' title='bbox 1679 1505 1803 1558; x_wconf 82' lang='grc' dir='ltr'>οὐδὲ</span> 
     </span>
    </p>
   </div>
   <div class='ocr_carea' id='block_1_17' title="bbox 218 1599 1805 1684">
    <p class='ocr_par' dir='ltr' id='par_1_17' title="bbox 218 1599 1805 1684">
     <span class='ocr_line' id='line_1_17' title="bbox 218 1599 1805 1684; baseline -0.01 -17"><span class='ocrx_word' id='word_1_102' title='bbox 218 1616 393 1668; x_wconf 78' lang='grc' dir='ltr'>δοκεῖν</span> <span class='ocrx_word' id='word_1_103' title='bbox 424 1614 524 1667; x_wconf 74' lang='grc' dir='ltr'><strong>ἐπὶ</strong></span> <span class='ocrx_word' id='word_1_104' title='bbox 554 1613 800 1684; x_wconf 72' lang='grc' dir='ltr'>χρήμασι</span> <span class='ocrx_word' id='word_1_105' title='bbox 823 1609 892 1662; x_wconf 81' lang='grc' dir='ltr'>τὰ</span> <span class='ocrx_word' id='word_1_106' title='bbox 919 1611 1072 1679; x_wconf 78' lang='grc' dir='ltr'>κοινῇ</span> <span class='ocrx_word' id='word_1_107' title='bbox 1103 1602 1492 1660; x_wconf 82' lang='grc' dir='ltr'>λυσιτελοῦντα</span> <span class='ocrx_word' id='word_1_108' title='bbox 1515 1599 1805 1672; x_wconf 75' lang='grc' dir='ltr'>προΐεσθαι</span> 
     </span>
    </p>
   </div>
   <div class='ocr_carea' id='block_1_18' title="bbox 226 1695 1806 1776">
    <p class='ocr_par' dir='ltr' id='par_1_18' title="bbox 226 1695 1806 1776">
     <span class='ocr_line' id='line_1_18' title="bbox 226 1695 1806 1776; baseline -0.009 -15"><span class='ocrx_word' id='word_1_109' title='bbox 226 1709 628 1776; x_wconf 87' lang='grc' dir='ltr'>Ῥωμαίοις.οἱ</span> <span class='ocrx_word' id='word_1_110' title='bbox 647 1707 709 1758; x_wconf 81' lang='grc' dir='ltr'>ὲκ</span> <span class='ocrx_word' id='word_1_111' title='bbox 737 1704 987 1768; x_wconf 82' lang='grc' dir='ltr'>Βενετίας</span> <span class='ocrx_word' id='word_1_112' title='bbox 1015 1703 1073 1757; x_wconf 76' lang='grc' dir='ltr'>δὲ</span> <span class='ocrx_word' id='word_1_113' title='bbox 1089 1701 1162 1766; x_wconf 78' lang='grc' dir='ltr'><strong>ὡς</strong></span> <span class='ocrx_word' id='word_1_114' title='bbox 1188 1699 1440 1773; x_wconf 80' lang='grc' dir='ltr'>βασιλεὺς</span> <span class='ocrx_word' id='word_1_115' title='bbox 1469 1695 1806 1768; x_wconf 81' lang='grc' dir='ltr'>ἀσυμϐάτως</span> 
     </span>
    </p>
   </div>
   <div class='ocr_carea' id='block_1_19' title="bbox 217 1788 1806 1872">
    <p class='ocr_par' dir='ltr' id='par_1_19' title="bbox 217 1788 1806 1872">
     <span class='ocr_line' id='line_1_19' title="bbox 217 1788 1806 1872; baseline -0.008 -19"><span class='ocrx_word' id='word_1_116' title='bbox 217 1803 322 1872; x_wconf 67' lang='grc' dir='ltr'>ἔχει</span> <span class='ocrx_word' id='word_1_117' title='bbox 355 1803 704 1869; x_wconf 79' lang='grc' dir='ltr'>συνορῶντες</span> <span class='ocrx_word' id='word_1_118' title='bbox 733 1797 868 1869; x_wconf 71' lang='grc' dir='ltr'>πρὸς</span> <span class='ocrx_word' id='word_1_119' title='bbox 905 1795 1122 1858; x_wconf 82' lang='grc' dir='ltr'>αὐτούς·</span> <span class='ocrx_word' id='word_1_120' title='bbox 1161 1795 1281 1848; x_wconf 77' lang='grc' dir='ltr'>οὐδὲ</span> <span class='ocrx_word' id='word_1_121' title='bbox 1309 1793 1420 1863; x_wconf 76' lang='grc' dir='ltr'><strong>γὰρ</strong></span> <span class='ocrx_word' id='word_1_122' title='bbox 1450 1791 1622 1864; x_wconf 71' lang='grc' dir='ltr'>ᾤοντο</span> <span class='ocrx_word' id='word_1_123' title='bbox 1651 1788 1806 1844; x_wconf 72' lang='grc' dir='ltr'>οὐδὲν</span> 
     </span>
    </p>
   </div>
   <div class='ocr_carea' id='block_1_20' title="bbox 221 1877 1842 1960">
    <p class='ocr_par' dir='ltr' id='par_1_20' title="bbox 221 1877 1842 1960">
     <span class='ocr_line' id='line_1_20' title="bbox 221 1877 1842 1960; baseline -0.007 -14"><span class='ocrx_word' id='word_1_124' title='bbox 221 1896 372 1960; x_wconf 67' lang='grc' dir='ltr'>λόγου</span> <span class='ocrx_word' id='word_1_125' title='bbox 428 1893 583 1958; x_wconf 75' lang='grc' dir='ltr'>ἄξιον</span> <span class='ocrx_word' id='word_1_126' title='bbox 635 1891 788 1944; x_wconf 80' lang='grc' dir='ltr'>αὑτοὶ</span> <span class='ocrx_word' id='word_1_127' title='bbox 831 1887 1164 1958; x_wconf 77' lang='grc' dir='ltr'>δυνήσεσθαι</span> <span class='ocrx_word' id='word_1_128' title='bbox 1201 1889 1276 1958; x_wconf 80' lang='grc' dir='ltr'>μὴ</span> <span class='ocrx_word' id='word_1_129' title='bbox 1321 1885 1599 1958; x_wconf 76' lang='grc' dir='ltr'>βασιλέως</span> <span class='ocrx_word' id='word_1_130' title='bbox 1649 1877 1842 1938; x_wconf 69' lang='grc' dir='ltr'>συνεο’</span> 
     </span>
    </p>
   </div>
   <div class='ocr_carea' id='block_1_21' title="bbox 225 1977 1808 2055">
    <p class='ocr_par' dir='ltr' id='par_1_21' title="bbox 225 1977 1808 2055">
     <span class='ocr_line' id='line_1_21' title="bbox 225 1977 1808 2055; baseline -0.007 -15"><span class='ocrx_word' id='word_1_131' title='bbox 225 1986 577 2055; x_wconf 64' lang='grc' dir='ltr'>ςαπτομένοο</span> <span class='ocrx_word' id='word_1_132' title='bbox 615 1983 748 2054; x_wconf 66' lang='grc' dir='ltr'>πρὸς</span> <span class='ocrx_word' id='word_1_133' title='bbox 778 1982 871 2035; x_wconf 82' lang='grc' dir='ltr'>τὸν</span> <span class='ocrx_word' id='word_1_134' title='bbox 906 1982 1170 2053; x_wconf 87' lang='grc' dir='ltr'>πόλεμον,</span> <span class='ocrx_word' id='word_1_135' title='bbox 1203 1980 1356 2034; x_wconf 75' lang='grc' dir='ltr'>δεινὰ</span> <span class='ocrx_word' id='word_1_136' title='bbox 1391 1979 1491 2050; x_wconf 71' lang='grc' dir='ltr'>μὲν</span> <span class='ocrx_word' id='word_1_137' title='bbox 1522 1977 1808 2033; x_wconf 74' lang='grc' dir='ltr'>ἐποιοῦντο</span> 
     </span>
    </p>
   </div>
   <div class='ocr_carea' id='block_1_22' title="bbox 229 2069 1809 2148">
    <p class='ocr_par' dir='ltr' id='par_1_22' title="bbox 229 2069 1809 2148">
     <span class='ocr_line' id='line_1_22' title="bbox 229 2069 1809 2148; baseline -0.006 -17"><span class='ocrx_word' id='word_1_138' title='bbox 229 2081 310 2132; x_wconf 75' lang='lat' dir='ltr'><strong>tui.</strong></span> <span class='ocrx_word' id='word_1_139' title='bbox 336 2079 694 2148; x_wconf 69' lang='grc' dir='ltr'>ἠγανάκτουν</span> <span class='ocrx_word' id='word_1_140' title='bbox 711 2089 729 2106; x_wconf 73' lang='grc' dir='ltr'><strong>ο</strong></span> <span class='ocrx_word' id='word_1_141' title='bbox 756 2073 1004 2146; x_wconf 79' lang='grc' dir='ltr'>φανερῶς</span> <span class='ocrx_word' id='word_1_142' title='bbox 1030 2073 1220 2144; x_wconf 80' lang='grc' dir='ltr'>μέντοι</span> <span class='ocrx_word' id='word_1_143' title='bbox 1258 2074 1434 2126; x_wconf 80' lang='grc' dir='ltr'>κινεῖν</span> <span class='ocrx_word' id='word_1_144' title='bbox 1485 2070 1623 2142; x_wconf 65' lang='grc' dir='ltr'>προς</span> <span class='ocrx_word' id='word_1_145' title='bbox 1651 2069 1809 2140; x_wconf 81' lang='grc' dir='ltr'>βασι-</span> 
     </span>
    </p>
   </div>
   <div class='ocr_carea' id='block_1_23' title="bbox 226 2161 1812 2241">
    <p class='ocr_par' dir='ltr' id='par_1_23' title="bbox 226 2161 1812 2241">
     <span class='ocr_line' id='line_1_23' title="bbox 226 2161 1812 2241; baseline -0.007 -17"><span class='ocrx_word' id='word_1_146' title='bbox 226 2173 317 2224; x_wconf 80' lang='grc' dir='ltr'>λέα</span> <span class='ocrx_word' id='word_1_147' title='bbox 339 2172 588 2238; x_wconf 81' lang='grc' dir='ltr'>πόλεμον</span> <span class='ocrx_word' id='word_1_148' title='bbox 617 2168 942 2241; x_wconf 83' lang='grc' dir='ltr'>ὡρμημένοι</span> <span class='ocrx_word' id='word_1_149' title='bbox 962 2167 1062 2222; x_wconf 86' lang='grc' dir='ltr'>οὐκ</span> <span class='ocrx_word' id='word_1_150' title='bbox 1089 2165 1396 2236; x_wconf 69' lang='grc' dir='ltr'>ἐφαίνοντο,</span> <span class='ocrx_word' id='word_1_151' title='bbox 1429 2163 1546 2219; x_wconf 78' lang='grc' dir='ltr'>ἀλλ’</span> <span class='ocrx_word' id='word_1_152' title='bbox 1575 2161 1812 2232; x_wconf 77' lang='grc' dir='ltr'>ὑποψίας</span> 
     </span>
    </p>
   </div>
   <div class='ocr_carea' id='block_1_24' title="bbox 233 2255 1812 2334">
    <p class='ocr_par' dir='ltr' id='par_1_24' title="bbox 233 2255 1812 2334">
     <span class='ocr_line' id='line_1_24' title="bbox 233 2255 1812 2334; baseline -0.005 -19"><span class='ocrx_word' id='word_1_153' title='bbox 233 2267 496 2334; x_wconf 72' lang='grc' dir='ltr'>παρεῖχον</span> <span class='ocrx_word' id='word_1_154' title='bbox 557 2263 758 2331; x_wconf 78' lang='grc' dir='ltr'>μόνον’</span> <span class='ocrx_word' id='word_1_155' title='bbox 805 2261 861 2312; x_wconf 84' lang='grc' dir='ltr'><strong>αί</strong></span> <span class='ocrx_word' id='word_1_156' title='bbox 892 2257 1002 2330; x_wconf 79' lang='grc' dir='ltr'>γὰρ</span> <span class='ocrx_word' id='word_1_157' title='bbox 1053 2257 1192 2330; x_wconf 81' lang='grc' dir='ltr'>πρὸς</span> <span class='ocrx_word' id='word_1_158' title='bbox 1259 2255 1576 2328; x_wconf 73' lang='grc' dir='ltr'>Ῥωμαίους</span> <span class='ocrx_word' id='word_1_159' title='bbox 1626 2256 1812 2317; x_wconf 86' lang='grc' dir='ltr'>αὑτοῖς</span> 
     </span>
    </p>
   </div>
   <div class='ocr_carea' id='block_1_25' title="bbox 241 2339 1814 2424">
    <p class='ocr_par' dir='ltr' id='par_1_25' title="bbox 241 2339 1814 2424">
     <span class='ocr_line' id='line_1_25' title="bbox 241 2339 1814 2424; baseline -0.007 -14"><span class='ocrx_word' id='word_1_160' title='bbox 241 2357 456 2410; x_wconf 64' lang='grc' dir='ltr'>σπονδαὶ</span> <span class='ocrx_word' id='word_1_161' title='bbox 507 2355 599 2408; x_wconf 73' lang='grc' dir='ltr'><strong>ἐπ’</strong></span> <span class='ocrx_word' id='word_1_162' title='bbox 630 2339 795 2424; x_wconf 62' lang='grc' dir='ltr'>ἐξόδῳ</span> <span class='ocrx_word' id='word_1_163' title='bbox 839 2351 1032 2422; x_wconf 72' lang='grc' dir='ltr'>ἔτυχον</span> <span class='ocrx_word' id='word_1_164' title='bbox 1061 2347 1221 2405; x_wconf 80' lang='grc' dir='ltr'>οὖσαι</span> <span class='ocrx_word' id='word_1_165' title='bbox 1266 2350 1410 2405; x_wconf 82' lang='grc' dir='ltr'>τότε.</span> <span class='ocrx_word' id='word_1_166' title='bbox 1445 2351 1674 2420; x_wconf 81' lang='grc' dir='ltr'>Ἔχουσι</span> <span class='ocrx_word' id='word_1_167' title='bbox 1705 2347 1814 2418; x_wconf 81' lang='grc' dir='ltr'>γὰρ</span> 
     </span>
    </p>
   </div>
   <div class='ocr_carea' id='block_1_26' title="bbox 254 2441 1814 2518">
    <p class='ocr_par' dir='ltr' id='par_1_26' title="bbox 254 2441 1814 2518">
     <span class='ocr_line' id='line_1_26' title="bbox 254 2441 1814 2518; baseline -0.006 -18"><span class='ocrx_word' id='word_1_168' title='bbox 254 2451 377 2517; x_wconf 66' lang='grc' dir='ltr'>πρδς</span> <span class='ocrx_word' id='word_1_169' title='bbox 417 2449 729 2518; x_wconf 71' lang='grc' dir='ltr'>Ῥωμαίους</span> <span class='ocrx_word' id='word_1_170' title='bbox 758 2447 818 2500; x_wconf 84' lang='grc' dir='ltr'><strong>οὑ</strong></span> <span class='ocrx_word' id='word_1_171' title='bbox 848 2445 1143 2514; x_wconf 75' lang='grc' dir='ltr'>διηνεκεῖς,</span> <span class='ocrx_word' id='word_1_172' title='bbox 1183 2443 1300 2499; x_wconf 71' lang='grc' dir='ltr'>ἀλλ’</span> <span class='ocrx_word' id='word_1_173' title='bbox 1332 2441 1422 2498; x_wconf 73' lang='grc' dir='ltr'><strong>ἐπ’</strong></span> <span class='ocrx_word' id='word_1_174' title='bbox 1447 2441 1596 2496; x_wconf 79' lang='grc' dir='ltr'>ἔτεσι</span> <span class='ocrx_word' id='word_1_175' title='bbox 1631 2443 1814 2511; x_wconf 74' lang='grc' dir='ltr'>ῥητοῖς</span> 
     </span>
    </p>
   </div>
   <div class='ocr_carea' id='block_1_27' title="bbox 262 2531 1810 2609">
    <p class='ocr_par' dir='ltr' id='par_1_27' title="bbox 262 2531 1810 2609">
     <span class='ocr_line' id='line_1_27' title="bbox 262 2531 1810 2609; baseline -0.002 -20"><span class='ocrx_word' id='word_1_176' title='bbox 262 2541 360 2590; x_wconf 72' lang='grc' dir='ltr'>ἀπὺ</span> <span class='ocrx_word' id='word_1_177' title='bbox 404 2540 494 2593; x_wconf 78' lang='grc' dir='ltr'>τῶν</span> <span class='ocrx_word' id='word_1_178' title='bbox 553 2539 777 2609; x_wconf 75' lang='grc' dir='ltr'>Μιχαὴλ</span> <span class='ocrx_word' id='word_1_179' title='bbox 831 2537 926 2590; x_wconf 84' lang='grc' dir='ltr'>τοῦ</span> <span class='ocrx_word' id='word_1_180' title='bbox 981 2536 1203 2606; x_wconf 81' lang='grc' dir='ltr'>πρώτου</span> <span class='ocrx_word' id='word_1_181' title='bbox 1253 2534 1364 2588; x_wconf 81' lang='grc' dir='ltr'><strong>τῶν</strong></span> <span class='ocrx_word' id='word_1_182' title='bbox 1417 2531 1810 2601; x_wconf 74' lang='grc' dir='ltr'>Παλαιολόγων</span> 
     </span>
    </p>
   </div>
   <div class='ocr_carea' id='block_1_28' title="bbox 257 2626 1812 2704">
    <p class='ocr_par' dir='ltr' id='par_1_28' title="bbox 257 2626 1812 2704">
     <span class='ocr_line' id='line_1_28' title="bbox 257 2626 1812 2704; baseline -0.003 -21"><span class='ocrx_word' id='word_1_183' title='bbox 257 2632 496 2700; x_wconf 66' lang='grc' dir='ltr'>βασιλέως</span> <span class='ocrx_word' id='word_1_184' title='bbox 521 2634 734 2704; x_wconf 81' lang='grc' dir='ltr'>χρόνων</span> <span class='ocrx_word' id='word_1_185' title='bbox 753 2647 766 2659; x_wconf 73' lang='grc'><strong><em>⁵</em></strong></span> <span class='ocrx_word' id='word_1_186' title='bbox 795 2631 1015 2684; x_wconf 73' lang='grc' dir='ltr'>ἐπειδὰν</span> <span class='ocrx_word' id='word_1_187' title='bbox 1036 2630 1094 2683; x_wconf 78' lang='grc' dir='ltr'>δὲ</span> <span class='ocrx_word' id='word_1_188' title='bbox 1131 2632 1190 2684; x_wconf 78' lang='grc' dir='ltr'>ὲν</span> <span class='ocrx_word' id='word_1_189' title='bbox 1221 2629 1389 2700; x_wconf 77' lang='grc' dir='ltr'>ἐξόδῳ</span> <span class='ocrx_word' id='word_1_190' title='bbox 1420 2629 1478 2680; x_wconf 90' lang='grc' dir='ltr'><strong>αί</strong></span> <span class='ocrx_word' id='word_1_191' title='bbox 1503 2626 1812 2698; x_wconf 69' lang='grc' dir='ltr'>συμβάσεις</span> 
     </span>
    </p>
   </div>
   <div class='ocr_carea' id='block_1_29' title="bbox 252 2719 1816 2796">
    <p class='ocr_par' dir='ltr' id='par_1_29' title="bbox 252 2719 1816 2796">
     <span class='ocr_line' id='line_1_29' title="bbox 252 2719 1816 2796; baseline -0.003 -19"><span class='ocrx_word' id='word_1_192' title='bbox 252 2730 526 2792; x_wconf 72' lang='grc' dir='ltr'>γένωνται,</span> <span class='ocrx_word' id='word_1_193' title='bbox 561 2727 771 2790; x_wconf 74' lang='grc' dir='ltr'>ἔξεστιν</span> <span class='ocrx_word' id='word_1_194' title='bbox 793 2723 1134 2796; x_wconf 79' lang='grc' dir='ltr'>ὁποτερῳοῦν</span> <span class='ocrx_word' id='word_1_195' title='bbox 1175 2722 1412 2792; x_wconf 64' lang='grc' dir='ltr'>πόλεμον</span> <span class='ocrx_word' id='word_1_196' title='bbox 1447 2723 1497 2774; x_wconf 83' lang='grc' dir='ltr'><strong>εί</strong></span> <span class='ocrx_word' id='word_1_197' title='bbox 1551 2719 1816 2792; x_wconf 78' lang='grc' dir='ltr'>βούλοὶτο,</span> 
     </span>
    </p>
   </div>
   <div class='ocr_carea' id='block_1_30' title="bbox 254 2811 1819 2888">
    <p class='ocr_par' dir='ltr' id='par_1_30' title="bbox 254 2811 1819 2888">
     <span class='ocr_line' id='line_1_30' title="bbox 254 2811 1819 2888; baseline -0.003 -19"><span class='ocrx_word' id='word_1_198' title='bbox 254 2820 442 2870; x_wconf 77' lang='grc' dir='ltr'>κινεῖν.</span> <span class='ocrx_word' id='word_1_199' title='bbox 499 2818 560 2870; x_wconf 83' lang='grc' dir='ltr'><strong>Εἰ</strong></span> <span class='ocrx_word' id='word_1_200' title='bbox 589 2817 632 2870; x_wconf 80' lang='grc' dir='ltr'>δ’</span> <span class='ocrx_word' id='word_1_201' title='bbox 660 2817 942 2888; x_wconf 79' lang='grc' dir='ltr'>ἑκατέροις</span> <span class='ocrx_word' id='word_1_202' title='bbox 979 2815 1278 2870; x_wconf 75' lang='grc' dir='ltr'>λυσιτελεῖν</span> <span class='ocrx_word' id='word_1_203' title='bbox 1313 2813 1495 2885; x_wconf 86' lang='grc' dir='ltr'>δοκοίη</span> <span class='ocrx_word' id='word_1_204' title='bbox 1537 2811 1740 2885; x_wconf 82' lang='grc' dir='ltr'>μᾶλλον</span> <span class='ocrx_word' id='word_1_205' title='bbox 1785 2815 1819 2884; x_wconf 80' lang='grc' dir='ltr'>ἠ</span> 
     </span>
    </p>
   </div>
   <div class='ocr_carea' id='block_1_31' title="bbox 243 2907 1820 2982">
    <p class='ocr_par' dir='ltr' id='par_1_31' title="bbox 243 2907 1820 2982">
     <span class='ocr_line' id='line_1_31' title="bbox 243 2907 1820 2982; baseline -0.009 -9"><span class='ocrx_word' id='word_1_206' title='bbox 243 2911 458 2982; x_wconf 72' lang='grc' dir='ltr'>εἰρήνη.</span> <span class='ocrx_word' id='word_1_207' title='bbox 513 2907 669 2974; x_wconf 75' lang='grc' dir='ltr'>αὖθις</span> <span class='ocrx_word' id='word_1_208' title='bbox 720 2911 818 2972; x_wconf 81' lang='grc' dir='ltr'>τὰς</span> <span class='ocrx_word' id='word_1_209' title='bbox 897 2909 1132 2973; x_wconf 70' lang='grc' dir='ltr'>σπονδὰς</span> <span class='ocrx_word' id='word_1_210' title='bbox 1192 2909 1502 2976; x_wconf 82' lang='grc' dir='ltr'>ἅνανεοῦσι,</span> <span class='ocrx_word' id='word_1_211' title='bbox 1551 2912 1648 2964; x_wconf 80' lang='grc' dir='ltr'>καὶ</span> <span class='ocrx_word' id='word_1_212' title='bbox 1692 2908 1820 2971; x_wconf 83' lang='grc' dir='ltr'>τοὺς</span> 
     </span>
    </p>
   </div>
   <div class='ocr_carea' id='block_1_32' title="bbox 241 3001 1821 3074">
    <p class='ocr_par' dir='ltr' id='par_1_32' title="bbox 241 3001 1821 3074">
     <span class='ocr_line' id='line_1_32' title="bbox 241 3001 1821 3074; baseline 0 -18"><span class='ocrx_word' id='word_1_213' title='bbox 241 3004 460 3069; x_wconf 71' lang='grc' dir='ltr'>ὅρκους.</span> <span class='ocrx_word' id='word_1_214' title='bbox 493 3003 870 3074; x_wconf 82' lang='grc' dir='ltr'>Ἐπεκράτησε</span> <span class='ocrx_word' id='word_1_215' title='bbox 894 3003 952 3056; x_wconf 83' lang='grc' dir='ltr'>δὲ</span> <span class='ocrx_word' id='word_1_216' title='bbox 975 3004 1129 3074; x_wconf 80' lang='grc' dir='ltr'>παρὰ</span> <span class='ocrx_word' id='word_1_217' title='bbox 1173 3001 1472 3074; x_wconf 85' lang='grc' dir='ltr'>Ῥωμαίοις</span> <span class='ocrx_word' id='word_1_218' title='bbox 1502 3002 1598 3056; x_wconf 81' lang='grc' dir='ltr'>καὶ</span> <span class='ocrx_word' id='word_1_219' title='bbox 1617 3003 1730 3066; x_wconf 85' lang='grc' dir='ltr'>τοῖς</span> <span class='ocrx_word' id='word_1_220' title='bbox 1757 3004 1821 3056; x_wconf 80' lang='grc' dir='ltr'>ἔκ</span> 
     </span>
    </p>
   </div>
   <div class='ocr_carea' id='block_1_33' title="bbox 243 3095 1823 3163">
    <p class='ocr_par' dir='ltr' id='par_1_33' title="bbox 243 3095 1823 3163">
     <span class='ocr_line' id='line_1_33' title="bbox 243 3095 1823 3163; baseline -0.001 -15"><span class='ocrx_word' id='word_1_221' title='bbox 243 3097 498 3159; x_wconf 60' lang='lat' dir='ltr'><strong>Bantia;</strong></span> <span class='ocrx_word' id='word_1_222' title='bbox 548 3097 794 3160; x_wconf 81' lang='grc' dir='ltr'>Λατίνοις</span> <span class='ocrx_word' id='word_1_223' title='bbox 851 3096 912 3150; x_wconf 85' lang='grc' dir='ltr'><strong>τδ</strong></span> <span class='ocrx_word' id='word_1_224' title='bbox 958 3095 1202 3150; x_wconf 74' lang='grc' dir='ltr'>τοιοῦτον</span> <span class='ocrx_word' id='word_1_225' title='bbox 1263 3096 1388 3160; x_wconf 70' lang='grc' dir='ltr'>ἔθος</span> <span class='ocrx_word' id='word_1_226' title='bbox 1447 3096 1510 3148; x_wconf 79' lang='grc' dir='ltr'>ὲκ</span> <span class='ocrx_word' id='word_1_227' title='bbox 1561 3095 1823 3163; x_wconf 74' lang='grc' dir='ltr'>τοιαύτης</span> 
     </span>
    </p>
   </div>
   <div class='ocr_carea' id='block_1_34' title="bbox 245 3185 1824 3260">
    <p class='ocr_par' dir='ltr' id='par_1_34' title="bbox 245 3185 1824 3260">
     <span class='ocr_line' id='line_1_34' title="bbox 245 3185 1824 3260; baseline 0.001 -21"><span class='ocrx_word' id='word_1_228' title='bbox 245 3187 488 3256; x_wconf 66' lang='grc' dir='ltr'>μάλιστα</span> <span class='ocrx_word' id='word_1_229' title='bbox 519 3187 720 3250; x_wconf 79' lang='grc' dir='ltr'>αἰτίας.</span> <span class='ocrx_word' id='word_1_230' title='bbox 767 3187 1034 3250; x_wconf 82' lang='grc' dir='ltr'>Βασιλεὺς</span> <span class='ocrx_word' id='word_1_231' title='bbox 1080 3188 1109 3240; x_wconf 80' lang='grc' dir='ltr'><strong>ὁ</strong></span> <span class='ocrx_word' id='word_1_232' title='bbox 1153 3187 1371 3260; x_wconf 73' lang='grc' dir='ltr'>πρῶτος</span> <span class='ocrx_word' id='word_1_233' title='bbox 1426 3185 1670 3257; x_wconf 62' lang='grc' dir='ltr'>Μιχαὴλ,</span> <span class='ocrx_word' id='word_1_234' title='bbox 1701 3188 1824 3240; x_wconf 73' lang='grc' dir='ltr'>ἐπεὶ</span> 
     </span>
    </p>
   </div>
   <div class='ocr_carea' id='block_1_35' title="bbox 239 3279 1824 3352">
    <p class='ocr_par' dir='ltr' id='par_1_35' title="bbox 239 3279 1824 3352">
     <span class='ocr_line' id='line_1_35' title="bbox 239 3279 1824 3352; baseline 0 -18"><span class='ocrx_word' id='word_1_235' title='bbox 239 3281 541 3344; x_wconf 71' lang='grc' dir='ltr'>Βυζάντιον</span> <span class='ocrx_word' id='word_1_236' title='bbox 594 3279 903 3334; x_wconf 83' lang='grc' dir='ltr'>ἀνεσώσατο</span> <span class='ocrx_word' id='word_1_237' title='bbox 943 3279 1266 3350; x_wconf 77' lang='grc' dir='ltr'>Ῥωμαίοις,</span> <span class='ocrx_word' id='word_1_238' title='bbox 1301 3281 1396 3334; x_wconf 73' lang='grc' dir='ltr'><strong>καὶ</strong></span> <span class='ocrx_word' id='word_1_239' title='bbox 1431 3279 1678 3352; x_wconf 84' lang='grc' dir='ltr'>Θρᾴκην,</span> <span class='ocrx_word' id='word_1_240' title='bbox 1728 3281 1824 3334; x_wconf 72' lang='grc' dir='ltr'>καὶ</span> 
     </span>
    </p>
   </div>
   <div class='ocr_carea' id='block_1_36' title="bbox 239 3373 1826 3444">
    <p class='ocr_par' dir='ltr' id='par_1_36' title="bbox 239 3373 1826 3444">
     <span class='ocr_line' id='line_1_36' title="bbox 239 3373 1826 3444; baseline -0.001 -17"><span class='ocrx_word' id='word_1_241' title='bbox 239 3373 614 3434; x_wconf 69' lang='grc' dir='ltr'>Μακεδονίαν,</span> <span class='ocrx_word' id='word_1_242' title='bbox 662 3375 758 3426; x_wconf 70' lang='grc' dir='ltr'>καὶ</span> <span class='ocrx_word' id='word_1_243' title='bbox 809 3374 908 3441; x_wconf 81' lang='grc' dir='ltr'>τὴν</span> <span class='ocrx_word' id='word_1_244' title='bbox 947 3373 1114 3444; x_wconf 79' lang='grc' dir='ltr'>ἄλλην</span> <span class='ocrx_word' id='word_1_245' title='bbox 1161 3373 1382 3428; x_wconf 74' lang='grc' dir='ltr'>ἃπασαν</span> <span class='ocrx_word' id='word_1_246' title='bbox 1409 3375 1654 3444; x_wconf 79' lang='grc' dir='ltr'>ἑσπέραν</span> <span class='ocrx_word' id='word_1_247' title='bbox 1695 3373 1826 3444; x_wconf 82' lang='grc' dir='ltr'><strong>ἑξή-</strong></span> 
     </span>
    </p>
   </div>
   <div class='ocr_carea' id='block_1_37' title="bbox 237 3465 1826 3536">
    <p class='ocr_par' dir='ltr' id='par_1_37' title="bbox 237 3465 1826 3536">
     <span class='ocr_line' id='line_1_37' title="bbox 237 3465 1826 3536; baseline 0.001 -18"><span class='ocrx_word' id='word_1_248' title='bbox 237 3482 418 3518; x_wconf 80' lang='grc' dir='ltr'>κοντα</span> <span class='ocrx_word' id='word_1_249' title='bbox 445 3467 616 3534; x_wconf 77' lang='grc' dir='ltr'>ὁλῖγῳ</span> <span class='ocrx_word' id='word_1_250' title='bbox 638 3465 810 3519; x_wconf 83' lang='grc' dir='ltr'>πλείω</span> <span class='ocrx_word' id='word_1_251' title='bbox 839 3465 936 3536; x_wconf 70' lang='grc' dir='ltr'>ἔτη</span> <span class='ocrx_word' id='word_1_252' title='bbox 957 3465 1319 3520; x_wconf 70' lang='grc' dir='ltr'>δουλεύσαντι</span> <span class='ocrx_word' id='word_1_253' title='bbox 1354 3467 1628 3530; x_wconf 79' lang='grc' dir='ltr'>Λατίνοις,</span> <span class='ocrx_word' id='word_1_254' title='bbox 1656 3467 1826 3530; x_wconf 77' lang='grc' dir='ltr'>πεζὴν</span> 
     </span>
    </p>
   </div>
   <div class='ocr_carea' id='block_1_38' title="bbox 245 3557 1828 3630">
    <p class='ocr_par' dir='ltr' id='par_1_38' title="bbox 245 3557 1828 3630">
     <span class='ocr_line' id='line_1_38' title="bbox 245 3557 1828 3630; baseline 0 -18"><span class='ocrx_word' id='word_1_255' title='bbox 245 3561 358 3628; x_wconf 81' lang='grc' dir='ltr'>μὲν</span> <span class='ocrx_word' id='word_1_256' title='bbox 386 3558 480 3612; x_wconf 78' lang='grc' dir='ltr'>καὶ</span> <span class='ocrx_word' id='word_1_257' title='bbox 510 3558 740 3629; x_wconf 73' lang='grc' dir='ltr'>ἱππικὴν</span> <span class='ocrx_word' id='word_1_258' title='bbox 771 3557 1002 3628; x_wconf 79' lang='grc' dir='ltr'>δύναμιν</span> <span class='ocrx_word' id='word_1_259' title='bbox 1049 3557 1295 3630; x_wconf 82' lang='grc' dir='ltr'>μεγάλην</span> <span class='ocrx_word' id='word_1_260' title='bbox 1331 3557 1444 3630; x_wconf 75' lang='grc' dir='ltr'>εἶχε</span> <span class='ocrx_word' id='word_1_261' title='bbox 1475 3559 1572 3613; x_wconf 70' lang='grc' dir='ltr'>καὶ</span> <span class='ocrx_word' id='word_1_262' title='bbox 1599 3561 1828 3629; x_wconf 78' lang='grc' dir='ltr'>ἀξιόμα-</span> 
     </span>
    </p>
   </div>
   <div class='ocr_carea' id='block_1_39' title="bbox 245 3651 1851 3723">
    <p class='ocr_par' dir='ltr' id='par_1_39' title="bbox 245 3651 1851 3723">
     <span class='ocr_line' id='line_1_39' title="bbox 245 3651 1851 3723; baseline 0 -17"><span class='ocrx_word' id='word_1_263' title='bbox 245 3671 349 3721; x_wconf 78' lang='grc' dir='ltr'><strong>χον</strong></span> <span class='ocrx_word' id='word_1_264' title='bbox 401 3651 538 3723; x_wconf 72' lang='grc' dir='ltr'>πρὸς</span> <span class='ocrx_word' id='word_1_265' title='bbox 569 3657 582 3666; x_wconf 88' lang='grc'><em>’</em></span> <span class='ocrx_word' id='word_1_266' title='bbox 621 3655 831 3716; x_wconf 74' lang='grc' dir='ltr'>πάντας</span> <span class='ocrx_word' id='word_1_267' title='bbox 893 3651 1205 3722; x_wconf 86' lang='grc' dir='ltr'>πολεμίους,</span> <span class='ocrx_word' id='word_1_268' title='bbox 1255 3651 1518 3721; x_wconf 83' lang='grc' dir='ltr'>ναυτικὴν</span> <span class='ocrx_word' id='word_1_269' title='bbox 1569 3651 1626 3705; x_wconf 83' lang='grc' dir='ltr'>δὲ</span> <span class='ocrx_word' id='word_1_270' title='bbox 1675 3651 1851 3706; x_wconf 75' lang='grc' dir='ltr'>οὔπω.</span> 
     </span>
    </p>
   </div>
   <div class='ocr_carea' id='block_1_40' title="bbox 244 3739 1827 3814">
    <p class='ocr_par' dir='ltr' id='par_1_40' title="bbox 244 3739 1827 3814">
     <span class='ocr_line' id='line_1_40' title="bbox 244 3739 1827 3814; baseline -0.001 -17"><span class='ocrx_word' id='word_1_271' title='bbox 244 3745 524 3813; x_wconf 73' lang='grc' dir='ltr'>τοσαύτην</span> <span class='ocrx_word' id='word_1_272' title='bbox 555 3744 1075 3814; x_wconf 79' lang='grc' dir='ltr'>παρεσκευασμένος</span> <span class='ocrx_word' id='word_1_273' title='bbox 1109 3739 1200 3814; x_wconf 82' lang='grc' dir='ltr'>ἦν,</span> <span class='ocrx_word' id='word_1_274' title='bbox 1239 3744 1370 3814; x_wconf 83' lang='grc' dir='ltr'>ὅσην</span> <span class='ocrx_word' id='word_1_275' title='bbox 1403 3742 1666 3813; x_wconf 70' lang='grc' dir='ltr'>ὕστερονο</span> <span class='ocrx_word' id='word_1_276' title='bbox 1703 3745 1827 3797; x_wconf 82' lang='grc' dir='ltr'>ὅθεν</span> 
     </span>
    </p>
   </div>
   <div class='ocr_carea' id='block_1_41' title="bbox 249 3833 1827 3908">
    <p class='ocr_par' dir='ltr' id='par_1_41' title="bbox 249 3833 1827 3908">
     <span class='ocr_line' id='line_1_41' title="bbox 249 3833 1827 3908; baseline -0.001 -17"><span class='ocrx_word' id='word_1_277' title='bbox 249 3839 351 3892; x_wconf 75' lang='grc' dir='ltr'><strong>καὶ</strong></span> <span class='ocrx_word' id='word_1_278' title='bbox 380 3840 506 3902; x_wconf 68' lang='grc' dir='ltr'>τοὺς</span> <span class='ocrx_word' id='word_1_279' title='bbox 537 3837 1120 3908; x_wconf 80' lang='grc' dir='ltr'>θαλασσοκρατοῦντας</span> <span class='ocrx_word' id='word_1_280' title='bbox 1151 3834 1365 3900; x_wconf 81' lang='grc' dir='ltr'>ἐδεδίει,</span> <span class='ocrx_word' id='word_1_281' title='bbox 1398 3837 1494 3889; x_wconf 77' lang='grc' dir='ltr'>καὶ</span> <span class='ocrx_word' id='word_1_282' title='bbox 1524 3833 1827 3906; x_wconf 70' lang='grc' dir='ltr'>ἐθεράπευε</span> 
     </span>
    </p>
   </div>
   <div class='ocr_carea' id='block_1_42' title="bbox 251 3929 1829 4002">
    <p class='ocr_par' dir='ltr' id='par_1_42' title="bbox 251 3929 1829 4002">
     <span class='ocr_line' id='line_1_42' title="bbox 251 3929 1829 4002; baseline 0 -20"><span class='ocrx_word' id='word_1_283' title='bbox 251 3930 332 3998; x_wconf 76' lang='grc' dir='ltr'><strong>τῷ</strong></span> <span class='ocrx_word' id='word_1_284' title='bbox 359 3930 537 4002; x_wconf 77' lang='grc' dir='ltr'>καιρῷ</span> <span class='ocrx_word' id='word_1_285' title='bbox 570 3933 914 4002; x_wconf 82' lang='grc' dir='ltr'>προσήκοντα</span> <span class='ocrx_word' id='word_1_286' title='bbox 943 3929 1116 3983; x_wconf 81' lang='grc' dir='ltr'>ποιῶν</span> <span class='ocrx_word' id='word_1_287' title='bbox 1137 3943 1150 3959; x_wconf 88' lang='grc'><strong>·</strong></span> <span class='ocrx_word' id='word_1_288' title='bbox 1210 3929 1414 3998; x_wconf 77' lang='grc' dir='ltr'>δεῆσαν</span> <span class='ocrx_word' id='word_1_289' title='bbox 1455 3930 1642 3998; x_wconf 83' lang='grc' dir='ltr'>μέντοι</span> <span class='ocrx_word' id='word_1_290' title='bbox 1691 3929 1829 4000; x_wconf 83' lang='grc' dir='ltr'>πρδς</span> 
     </span>
    </p>
   </div>
   <div class='ocr_carea' id='block_1_43' title="bbox 259 4007 1828 4095">
    <p class='ocr_par' dir='ltr' id='par_1_43' title="bbox 259 4007 1828 4095">
     <span class='ocr_line' id='line_1_43' title="bbox 259 4007 1828 4095; baseline 0.001 -20"><span class='ocrx_word' id='word_1_291' title='bbox 259 4024 521 4086; x_wconf 74' lang='grc' dir='ltr'>ἑκάστους</span> <span class='ocrx_word' id='word_1_292' title='bbox 547 4007 794 4076; x_wconf 71' lang='grc' dir='ltr'>τίθεσθαι</span> <span class='ocrx_word' id='word_1_293' title='bbox 817 4023 1074 4095; x_wconf 65' lang='grc' dir='ltr'>σπονδᾲς,</span> <span class='ocrx_word' id='word_1_294' title='bbox 1102 4023 1217 4085; x_wconf 83' lang='grc' dir='ltr'>τοῖς</span> <span class='ocrx_word' id='word_1_295' title='bbox 1244 4025 1342 4090; x_wconf 78' lang='grc' dir='ltr'>μὲν</span> <span class='ocrx_word' id='word_1_296' title='bbox 1364 4021 1546 4086; x_wconf 77' lang='grc' dir='ltr'>ἄλλοις</span> <span class='ocrx_word' id='word_1_297' title='bbox 1565 4023 1682 4076; x_wconf 83' lang='grc' dir='ltr'>ὅσοι</span> <span class='ocrx_word' id='word_1_298' title='bbox 1707 4021 1828 4076; x_wconf 83' lang='grc' dir='ltr'>κατ’</span> 
     </span>
    </p>
   </div>
   <div class='ocr_carea' id='block_1_44' title="bbox 267 4113 1830 4186">
    <p class='ocr_par' dir='ltr' id='par_1_44' title="bbox 267 4113 1830 4186">
     <span class='ocr_line' id='line_1_44' title="bbox 267 4113 1830 4186; baseline 0.001 -20"><span class='ocrx_word' id='word_1_299' title='bbox 267 4117 530 4186; x_wconf 72' lang='grc' dir='ltr'>ἱμπορῐαν</span> <span class='ocrx_word' id='word_1_300' title='bbox 557 4118 639 4180; x_wconf 77' lang='grc' dir='ltr'><strong>εἰς</strong></span> <span class='ocrx_word' id='word_1_301' title='bbox 669 4114 982 4181; x_wconf 78' lang='grc' dir='ltr'>Βυζάντιον,</span> <span class='ocrx_word' id='word_1_302' title='bbox 1013 4114 1046 4186; x_wconf 84' lang='grc' dir='ltr'>ἢ</span> <span class='ocrx_word' id='word_1_303' title='bbox 1079 4115 1274 4185; x_wconf 66' lang='grc' dir='ltr'>ἑτέρας</span> <span class='ocrx_word' id='word_1_304' title='bbox 1303 4113 1609 4185; x_wconf 80' lang='grc' dir='ltr'>παραλίους</span> <span class='ocrx_word' id='word_1_305' title='bbox 1643 4114 1830 4178; x_wconf 77' lang='grc' dir='ltr'>πόλεις</span> 
     </span>
    </p>
   </div>
   <div class='ocr_carea' id='block_1_45' title="bbox 283 4206 1830 4276">
    <p class='ocr_par' dir='ltr' id='par_1_45' title="bbox 283 4206 1830 4276">
     <span class='ocr_line' id='line_1_45' title="bbox 283 4206 1830 4276; baseline 0.001 -18"><span class='ocrx_word' id='word_1_306' title='bbox 283 4207 568 4275; x_wconf 63' lang='grc' dir='ltr'>’Ῥωμαίους</span> <span class='ocrx_word' id='word_1_307' title='bbox 610 4207 887 4272; x_wconf 80' lang='grc' dir='ltr'>ὑπηκόους</span> <span class='ocrx_word' id='word_1_308' title='bbox 937 4206 1336 4271; x_wconf 77' lang='grc' dir='ltr'>καταπλέουσι,</span> <span class='ocrx_word' id='word_1_309' title='bbox 1384 4207 1587 4276; x_wconf 84' lang='grc' dir='ltr'>φόρους</span> <span class='ocrx_word' id='word_1_310' title='bbox 1635 4206 1830 4260; x_wconf 69' lang='grc' dir='ltr'>ἔταττε</span> 
     </span>
    </p>
   </div>
   <div class='ocr_carea' id='block_1_46' title="bbox 283 4297 1832 4371">
    <p class='ocr_par' dir='ltr' id='par_1_46' title="bbox 283 4297 1832 4371">
     <span class='ocr_line' id='line_1_46' title="bbox 283 4297 1832 4371; baseline 0 -21"><span class='ocrx_word' id='word_1_311' title='bbox 283 4299 372 4350; x_wconf 76' lang='grc' dir='ltr'>καὶ</span> <span class='ocrx_word' id='word_1_312' title='bbox 414 4300 663 4370; x_wconf 74' lang='grc' dir='ltr'>ἀργύριον</span> <span class='ocrx_word' id='word_1_313' title='bbox 719 4299 880 4371; x_wconf 75' lang='grc' dir='ltr'>ῥητὸν</span> <span class='ocrx_word' id='word_1_314' title='bbox 925 4298 1004 4369; x_wconf 79' lang='grc' dir='ltr'><strong>τῷ</strong></span> <span class='ocrx_word' id='word_1_315' title='bbox 1058 4297 1341 4369; x_wconf 51' lang='grc' dir='ltr'>δημοσίαν</span> <span class='ocrx_word' id='word_1_316' title='bbox 1405 4297 1501 4352; x_wconf 77' lang='grc' dir='ltr'>καὶ</span> <span class='ocrx_word' id='word_1_317' title='bbox 1547 4298 1832 4352; x_wconf 73' lang='grc' dir='ltr'>ἐπείθοντο</span> 
     </span>
    </p>
   </div>
   <div class='ocr_carea' id='block_1_47' title="bbox 269 4387 1832 4461">
    <p class='ocr_par' dir='ltr' id='par_1_47' title="bbox 269 4387 1832 4461">
     <span class='ocr_line' id='line_1_47' title="bbox 269 4387 1832 4461; baseline 0.002 -21"><span class='ocrx_word' id='word_1_318' title='bbox 269 4387 507 4443; x_wconf 68' lang='grc' dir='ltr'>ἀδύνατοι</span> <span class='ocrx_word' id='word_1_319' title='bbox 539 4391 694 4454; x_wconf 75' lang='grc' dir='ltr'>ὄντες</span> <span class='ocrx_word' id='word_1_320' title='bbox 715 4389 1021 4460; x_wconf 80' lang='grc' dir='ltr'>ἀντιλέγειν</span> <span class='ocrx_word' id='word_1_321' title='bbox 1040 4405 1056 4420; x_wconf 75' lang='grc' dir='ltr'><strong>ο</strong></span> <span class='ocrx_word' id='word_1_322' title='bbox 1096 4389 1226 4461; x_wconf 76' lang='grc' dir='ltr'>ἄχρι</span> <span class='ocrx_word' id='word_1_323' title='bbox 1257 4389 1367 4460; x_wconf 77' lang='grc' dir='ltr'><strong>γὰρ</strong></span> <span class='ocrx_word' id='word_1_324' title='bbox 1397 4390 1493 4458; x_wconf 79' lang='grc' dir='ltr'>καὶ</span> <span class='ocrx_word' id='word_1_325' title='bbox 1523 4389 1622 4450; x_wconf 68' lang='grc' dir='ltr'>νῦν</span> <span class='ocrx_word' id='word_1_326' title='bbox 1656 4387 1832 4460; x_wconf 77' lang='grc' dir='ltr'>παρέ·</span> 
     </span>
    </p>
   </div>
   <div class='ocr_carea' id='block_1_48' title="bbox 255 4481 1831 4553">
    <p class='ocr_par' dir='ltr' id='par_1_48' title="bbox 255 4481 1831 4553">
     <span class='ocr_line' id='line_1_48' title="bbox 255 4481 1831 4553; baseline 0.001 -19"><span class='ocrx_word' id='word_1_327' title='bbox 255 4497 442 4551; x_wconf 76' lang='grc' dir='ltr'>χσνται</span> <span class='ocrx_word' id='word_1_328' title='bbox 463 4484 590 4546; x_wconf 66' lang='grc' dir='ltr'>τοὺς</span> <span class='ocrx_word' id='word_1_329' title='bbox 622 4482 822 4553; x_wconf 80' lang='grc' dir='ltr'>φόρους</span> <span class='ocrx_word' id='word_1_330' title='bbox 843 4500 856 4514; x_wconf 87' lang='grc'><strong>·</strong></span> <span class='ocrx_word' id='word_1_331' title='bbox 888 4483 940 4535; x_wconf 82' lang='grc' dir='ltr'>οἱ</span> <span class='ocrx_word' id='word_1_332' title='bbox 969 4483 1032 4533; x_wconf 84' lang='grc' dir='ltr'>ὲκ</span> <span class='ocrx_word' id='word_1_333' title='bbox 1065 4481 1319 4544; x_wconf 87' lang='grc' dir='ltr'>Βενετίας</span> <span class='ocrx_word' id='word_1_334' title='bbox 1349 4481 1404 4535; x_wconf 74' lang='grc' dir='ltr'>δὲ</span> <span class='ocrx_word' id='word_1_335' title='bbox 1435 4483 1528 4536; x_wconf 81' lang='grc' dir='ltr'>καὶ</span> <span class='ocrx_word' id='word_1_336' title='bbox 1561 4481 1831 4546; x_wconf 76' lang='grc' dir='ltr'>Γεννούας</span> 
     </span>
    </p>
   </div>
   <div class='ocr_carea' id='block_1_49' title="bbox 252 4573 1831 4644">
    <p class='ocr_par' dir='ltr' id='par_1_49' title="bbox 252 4573 1831 4644">
     <span class='ocr_line' id='line_1_49' title="bbox 252 4573 1831 4644; baseline 0.001 -18"><span class='ocrx_word' id='word_1_337' title='bbox 252 4575 402 4640; x_wconf 73' lang='grc' dir='ltr'>μέγα</span> <span class='ocrx_word' id='word_1_338' title='bbox 437 4574 752 4644; x_wconf 80' lang='grc' dir='ltr'>δυνάμενοι,</span> <span class='ocrx_word' id='word_1_339' title='bbox 795 4574 891 4626; x_wconf 73' lang='grc' dir='ltr'>καὶ</span> <span class='ocrx_word' id='word_1_340' title='bbox 931 4573 1022 4626; x_wconf 83' lang='grc' dir='ltr'>τὸν</span> <span class='ocrx_word' id='word_1_341' title='bbox 1067 4573 1275 4638; x_wconf 68' lang='grc' dir='ltr'>Ἰόνιον,</span> <span class='ocrx_word' id='word_1_342' title='bbox 1309 4576 1406 4626; x_wconf 76' lang='grc' dir='ltr'>καὶ</span> <span class='ocrx_word' id='word_1_343' title='bbox 1440 4573 1690 4642; x_wconf 81' lang='grc' dir='ltr'>Αἰγαῖον,</span> <span class='ocrx_word' id='word_1_344' title='bbox 1733 4575 1831 4628; x_wconf 78' lang='grc' dir='ltr'>καὶ</span> 
     </span>
    </p>
   </div>
   <div class='ocr_carea' id='block_1_50' title="bbox 240 4662 1833 4736">
    <p class='ocr_par' dir='ltr' id='par_1_50' title="bbox 240 4662 1833 4736">
     <span class='ocr_line' id='line_1_50' title="bbox 240 4662 1833 4736; baseline 0 -14"><span class='ocrx_word' id='word_1_345' title='bbox 240 4669 342 4722; x_wconf 70' lang='grc' dir='ltr'>τὸν</span> <span class='ocrx_word' id='word_1_346' title='bbox 377 4667 650 4734; x_wconf 70' lang='grc' dir='ltr'>Εὔξεινον,</span> <span class='ocrx_word' id='word_1_347' title='bbox 681 4667 888 4730; x_wconf 72' lang='grc' dir='ltr'>στόλοις</span> <span class='ocrx_word' id='word_1_348' title='bbox 917 4667 1171 4736; x_wconf 77' lang='grc' dir='ltr'>μεγάλοις</span> <span class='ocrx_word' id='word_1_349' title='bbox 1199 4662 1634 4736; x_wconf 74' lang='grc' dir='ltr'>παραπλέοντες,</span> <span class='ocrx_word' id='word_1_350' title='bbox 1659 4662 1736 4722; x_wconf 81' lang='grc' dir='ltr'>ὧν</span> <span class='ocrx_word' id='word_1_351' title='bbox 1765 4668 1833 4722; x_wconf 82' lang='grc' dir='ltr'>τὰ</span> 
     </span>
    </p>
   </div>
   <div class='ocr_carea' id='block_1_51' title="bbox 239 4759 1834 4834">
    <p class='ocr_par' dir='ltr' id='par_1_51' title="bbox 239 4759 1834 4834">
     <span class='ocr_line' id='line_1_51' title="bbox 239 4759 1834 4834; baseline 0.001 -22"><span class='ocrx_word' id='word_1_352' title='bbox 239 4761 498 4834; x_wconf 72' lang='grc' dir='ltr'>παράλια</span> <span class='ocrx_word' id='word_1_353' title='bbox 562 4761 743 4814; x_wconf 80' lang='grc' dir='ltr'>πάντα</span> <span class='ocrx_word' id='word_1_354' title='bbox 810 4760 1069 4830; x_wconf 74' lang='grc' dir='ltr'>μάλιστα,</span> <span class='ocrx_word' id='word_1_355' title='bbox 1137 4760 1170 4830; x_wconf 82' lang='grc' dir='ltr'>ἦ</span> <span class='ocrx_word' id='word_1_356' title='bbox 1232 4761 1303 4815; x_wconf 71' lang='grc' dir='ltr'><strong>τὰ</strong></span> <span class='ocrx_word' id='word_1_357' title='bbox 1367 4759 1541 4814; x_wconf 87' lang='grc' dir='ltr'>πλείω</span> <span class='ocrx_word' id='word_1_358' title='bbox 1612 4761 1834 4832; x_wconf 83' lang='grc' dir='ltr'>ὑπήκοα</span> 
     </span>
    </p>
   </div>
   <div class='ocr_carea' id='block_1_52' title="bbox 245 4849 1832 4926">
    <p class='ocr_par' dir='ltr' id='par_1_52' title="bbox 245 4849 1832 4926">
     <span class='ocr_line' id='line_1_52' title="bbox 245 4849 1832 4926; baseline -0.001 -18"><span class='ocrx_word' id='word_1_359' title='bbox 245 4852 562 4924; x_wconf 81' lang='grc' dir='ltr'>Ῥωμαίοις</span> <span class='ocrx_word' id='word_1_360' title='bbox 577 4854 700 4908; x_wconf 86' lang='grc' dir='ltr'>τότε</span> <span class='ocrx_word' id='word_1_361' title='bbox 719 4849 882 4924; x_wconf 82' lang='grc' dir='ltr'>ἦσαν,</span> <span class='ocrx_word' id='word_1_362' title='bbox 899 4855 998 4906; x_wconf 90' lang='grc' dir='ltr'><strong>οὑκ</strong></span> <span class='ocrx_word' id='word_1_363' title='bbox 1017 4854 1298 4909; x_wconf 73' lang='grc' dir='ltr'>ἐπείθοντο</span> <span class='ocrx_word' id='word_1_364' title='bbox 1316 4855 1578 4926; x_wconf 79' lang='grc' dir='ltr'>παρέχειν</span> <span class='ocrx_word' id='word_1_365' title='bbox 1595 4855 1662 4924; x_wconf 67' lang='grc' dir='ltr'>φά</span> <span class='ocrx_word' id='word_1_366' title='bbox 1669 4871 1798 4925; x_wconf 77' lang='grc' dir='ltr'>ρους</span> <span class='ocrx_word' id='word_1_367' title='bbox 1816 4869 1832 4886; x_wconf 76' lang='grc' dir='ltr'><strong>ο</strong></span> 
     </span>
    </p>
   </div>
   <div class='ocr_carea' id='block_1_53' title="bbox 236 4945 1834 5018">
    <p class='ocr_par' dir='ltr' id='par_1_53' title="bbox 236 4945 1834 5018">
     <span class='ocr_line' id='line_1_53' title="bbox 236 4945 1834 5018; baseline 0.003 -19"><span class='ocrx_word' id='word_1_368' title='bbox 236 4947 360 5000; x_wconf 75' lang='grc' dir='ltr'>ἀλλ’</span> <span class='ocrx_word' id='word_1_369' title='bbox 385 4947 580 5010; x_wconf 62' lang='grc' dir='ltr'>ἠξίουν</span> <span class='ocrx_word' id='word_1_370' title='bbox 599 4947 658 5000; x_wconf 76' lang='grc' dir='ltr'>ἐν</span> <span class='ocrx_word' id='word_1_371' title='bbox 679 4946 846 4999; x_wconf 79' lang='grc' dir='ltr'>πᾶσιν</span> <span class='ocrx_word' id='word_1_372' title='bbox 869 4945 1152 5018; x_wconf 74' lang='grc' dir='ltr'>ἐμπορίοις</span> <span class='ocrx_word' id='word_1_373' title='bbox 1172 4947 1271 5017; x_wconf 82' lang='grc' dir='ltr'>τὴν</span> <span class='ocrx_word' id='word_1_374' title='bbox 1295 4947 1562 5018; x_wconf 83' lang='grc' dir='ltr'>βασιλέως</span> <span class='ocrx_word' id='word_1_375' title='bbox 1581 4949 1834 5004; x_wconf 81' lang='grc' dir='ltr'>ἀτέλειαν</span> 
     </span>
    </p>
   </div>
   <div class='ocr_carea' id='block_1_54' title="bbox 233 5026 1838 5113">
    <p class='ocr_par' dir='ltr' id='par_1_54' title="bbox 233 5026 1838 5113">
     <span class='ocr_line' id='line_1_54' title="bbox 233 5026 1838 5113; baseline 0.001 -19"><span class='ocrx_word' id='word_1_376' title='bbox 233 5040 628 5112; x_wconf 75' lang='grc' dir='ltr'>καρποῦσθαι.</span> <span class='ocrx_word' id='word_1_377' title='bbox 662 5026 926 5105; x_wconf 75' lang='grc' dir='ltr'>Βασιλεὺς</span> <span class='ocrx_word' id='word_1_378' title='bbox 955 5040 1012 5094; x_wconf 80' lang='grc' dir='ltr'>δὲ</span> <span class='ocrx_word' id='word_1_379' title='bbox 1040 5043 1160 5096; x_wconf 87' lang='grc' dir='ltr'>τότε</span> <span class='ocrx_word' id='word_1_380' title='bbox 1185 5041 1398 5096; x_wconf 80' lang='grc' dir='ltr'>πείθειν</span> <span class='ocrx_word' id='word_1_381' title='bbox 1426 5043 1527 5096; x_wconf 85' lang='grc' dir='ltr'>οὐκ</span> <span class='ocrx_word' id='word_1_382' title='bbox 1545 5043 1710 5113; x_wconf 73' lang='grc' dir='ltr'>ἔχων,</span> <span class='ocrx_word' id='word_1_383' title='bbox 1740 5043 1838 5097; x_wconf 73' lang='grc' dir='ltr'>καὶ</span> 
     </span>
    </p>
   </div>
   <div class='ocr_carea' id='block_1_55' title="bbox 235 5132 1836 5206">
    <p class='ocr_par' dir='ltr' id='par_1_55' title="bbox 235 5132 1836 5206">
     <span class='ocr_line' id='line_1_55' title="bbox 235 5132 1836 5206; baseline 0.001 -20"><span class='ocrx_word' id='word_1_384' title='bbox 235 5133 546 5203; x_wconf 69' lang='grc' dir='ltr'>βιάζεσθαι</span> <span class='ocrx_word' id='word_1_385' title='bbox 595 5133 709 5195; x_wconf 86' lang='grc' dir='ltr'>τοῖς</span> <span class='ocrx_word' id='word_1_386' title='bbox 739 5133 926 5196; x_wconf 79' lang='grc' dir='ltr'>ὅπλοις</span> <span class='ocrx_word' id='word_1_387' title='bbox 963 5134 1038 5204; x_wconf 83' lang='grc' dir='ltr'>μὴ</span> <span class='ocrx_word' id='word_1_388' title='bbox 1090 5132 1412 5205; x_wconf 79' lang='grc' dir='ltr'>δυνάμενος,</span> <span class='ocrx_word' id='word_1_389' title='bbox 1465 5137 1580 5199; x_wconf 85' lang='grc' dir='ltr'>τοῖς</span> <span class='ocrx_word' id='word_1_390' title='bbox 1633 5136 1734 5206; x_wconf 80' lang='grc' dir='ltr'>μὲν</span> <span class='ocrx_word' id='word_1_391' title='bbox 1769 5137 1836 5188; x_wconf 78' lang='grc' dir='ltr'>ὲκ</span> 
     </span>
    </p>
   </div>
   <div class='ocr_carea' id='block_1_56' title="bbox 235 5223 1836 5301">
    <p class='ocr_par' dir='ltr' id='par_1_56' title="bbox 235 5223 1836 5301">
     <span class='ocr_line' id='line_1_56' title="bbox 235 5223 1836 5301; baseline 0.002 -23"><span class='ocrx_word' id='word_1_392' title='bbox 235 5225 523 5288; x_wconf 61' lang='grc' dir='ltr'>Γεηινοὺας</span> <span class='ocrx_word' id='word_1_393' title='bbox 569 5223 724 5278; x_wconf 73' lang='grc' dir='ltr'>ἔθετο</span> <span class='ocrx_word' id='word_1_394' title='bbox 755 5227 989 5289; x_wconf 70' lang='grc' dir='ltr'>σπονδᾶς</span> <span class='ocrx_word' id='word_1_395' title='bbox 1026 5226 1292 5297; x_wconf 85' lang='grc' dir='ltr'>διηνεκεῖς</span> <span class='ocrx_word' id='word_1_396' title='bbox 1346 5227 1440 5281; x_wconf 77' lang='grc' dir='ltr'><strong>ἐπὶ</strong></span> <span class='ocrx_word' id='word_1_397' title='bbox 1475 5228 1552 5299; x_wconf 79' lang='grc' dir='ltr'>τῷ</span> <span class='ocrx_word' id='word_1_398' title='bbox 1587 5228 1836 5301; x_wconf 78' lang='grc' dir='ltr'>ἐκείνους</span> 
     </span>
    </p>
   </div>
   <div class='ocr_carea' id='block_1_57' title="bbox 233 5313 1837 5388">
    <p class='ocr_par' dir='ltr' id='par_1_57' title="bbox 233 5313 1837 5388">
     <span class='ocr_line' id='line_1_57' title="bbox 233 5313 1837 5388; baseline 0 -16"><span class='ocrx_word' id='word_1_399' title='bbox 233 5320 342 5388; x_wconf 73' lang='grc' dir='ltr'>μὲν</span> <span class='ocrx_word' id='word_1_400' title='bbox 413 5313 563 5370; x_wconf 82' lang='grc' dir='ltr'>εῖναι</span> <span class='ocrx_word' id='word_1_401' title='bbox 610 5316 821 5382; x_wconf 81' lang='grc' dir='ltr'>ἀτελεῖς</span> <span class='ocrx_word' id='word_1_402' title='bbox 874 5323 1222 5374; x_wconf 82' lang='grc' dir='ltr'>παντάπασιν</span> <span class='ocrx_word' id='word_1_403' title='bbox 1277 5321 1334 5374; x_wconf 83' lang='grc' dir='ltr'>ὲν</span> <span class='ocrx_word' id='word_1_404' title='bbox 1385 5321 1588 5384; x_wconf 76' lang='grc' dir='ltr'>πάσαις</span> <span class='ocrx_word' id='word_1_405' title='bbox 1620 5319 1837 5382; x_wconf 78' lang='grc' dir='ltr'>πόλεσι,</span> 
     </span>
    </p>
   </div>
   <div class='ocr_carea' id='block_1_58' title="bbox 233 5412 1838 5486">
    <p class='ocr_par' dir='ltr' id='par_1_58' title="bbox 233 5412 1838 5486">
     <span class='ocr_line' id='line_1_58' title="bbox 233 5412 1838 5486; baseline -0.001 -19"><span class='ocrx_word' id='word_1_406' title='bbox 233 5415 330 5467; x_wconf 73' lang='grc' dir='ltr'>καὶ</span> <span class='ocrx_word' id='word_1_407' title='bbox 399 5412 717 5480; x_wconf 71' lang='grc' dir='ltr'>ἐμπορίοις,</span> <span class='ocrx_word' id='word_1_408' title='bbox 772 5412 821 5466; x_wconf 70' lang='grc' dir='ltr'><strong>ἃ..</strong></span> <span class='ocrx_word' id='word_1_409' title='bbox 857 5417 996 5466; x_wconf 74' lang='grc' dir='ltr'>εἰσιν</span> <span class='ocrx_word' id='word_1_410' title='bbox 1041 5413 1260 5484; x_wconf 72' lang='grc' dir='ltr'>ὑπήκοα</span> <span class='ocrx_word' id='word_1_411' title='bbox 1327 5412 1617 5486; x_wconf 85' lang='grc' dir='ltr'>Ῥωμαίων</span> <span class='ocrx_word' id='word_1_412' title='bbox 1665 5429 1838 5466; x_wconf 78' lang='grc' dir='ltr'>καταο</span> 
     </span>
    </p>
   </div>
   <div class='ocr_carea' id='block_1_59' title="bbox 228 5503 1838 5576">
    <p class='ocr_par' dir='ltr' id='par_1_59' title="bbox 228 5503 1838 5576">
     <span class='ocr_line' id='line_1_59' title="bbox 228 5503 1838 5576; baseline 0.001 -21"><span class='ocrx_word' id='word_1_413' title='bbox 228 5505 516 5557; x_wconf 71' lang='grc' dir='ltr'>πλέουσιν</span> <span class='ocrx_word' id='word_1_414' title='bbox 535 5517 550 5530; x_wconf 80' lang='grc'><strong><em>⁸</em></strong></span> <span class='ocrx_word' id='word_1_415' title='bbox 577 5503 774 5566; x_wconf 80' lang='grc' dir='ltr'>αὑτοὺς</span> <span class='ocrx_word' id='word_1_416' title='bbox 798 5503 856 5556; x_wconf 82' lang='grc' dir='ltr'>δέ</span> <span class='ocrx_word' id='word_1_417' title='bbox 878 5519 1004 5558; x_wconf 89' lang='grc' dir='ltr'>τινα</span> <span class='ocrx_word' id='word_1_418' title='bbox 1029 5505 1231 5574; x_wconf 85' lang='grc' dir='ltr'>τρόπον</span> <span class='ocrx_word' id='word_1_419' title='bbox 1249 5506 1352 5558; x_wconf 75' lang='grc' dir='ltr'><strong>ὑπὸ</strong></span> <span class='ocrx_word' id='word_1_420' title='bbox 1381 5505 1612 5576; x_wconf 82' lang='grc' dir='ltr'>βασιλέα</span> <span class='ocrx_word' id='word_1_421' title='bbox 1635 5505 1838 5570; x_wconf 81' lang='grc' dir='ltr'>τελεῖν,</span> 
     </span>
    </p>
   </div>
   <div class='ocr_carea' id='block_1_60' title="bbox 228 5595 1836 5669">
    <p class='ocr_par' dir='ltr' id='par_1_60' title="bbox 228 5595 1836 5669">
     <span class='ocr_line' id='line_1_60' title="bbox 228 5595 1836 5669; baseline 0.001 -18"><span class='ocrx_word' id='word_1_422' title='bbox 228 5599 504 5667; x_wconf 78' lang='grc' dir='ltr'>τριήρεις</span> <span class='ocrx_word' id='word_1_423' title='bbox 536 5611 594 5648; x_wconf 81' lang='grc' dir='ltr'><strong>τε</strong></span> <span class='ocrx_word' id='word_1_424' title='bbox 631 5595 894 5666; x_wconf 79' lang='grc' dir='ltr'>παρέχειν</span> <span class='ocrx_word' id='word_1_425' title='bbox 945 5597 1087 5650; x_wconf 85' lang='grc' dir='ltr'>κατὰ</span> <span class='ocrx_word' id='word_1_426' title='bbox 1145 5601 1488 5669; x_wconf 77' lang='grc' dir='ltr'>συμμαχίαν,</span> <span class='ocrx_word' id='word_1_427' title='bbox 1540 5600 1590 5652; x_wconf 82' lang='grc' dir='ltr'>εἰ</span> <span class='ocrx_word' id='word_1_428' title='bbox 1637 5597 1836 5664; x_wconf 78' lang='grc' dir='ltr'>δέοιτο,</span> 
     </span>
    </p>
   </div>
   <div class='ocr_carea' id='block_1_61' title="bbox 233 5687 1838 5762">
    <p class='ocr_par' dir='ltr' id='par_1_61' title="bbox 233 5687 1838 5762">
     <span class='ocr_line' id='line_1_61' title="bbox 233 5687 1838 5762; baseline 0.003 -22"><span class='ocrx_word' id='word_1_429' title='bbox 233 5689 604 5754; x_wconf 71' lang='grc' dir='ltr'>πεντήκοντα</span> <span class='ocrx_word' id='word_1_430' title='bbox 625 5687 1069 5758; x_wconf 72' lang='grc' dir='ltr'>ἑφωπλισμένας,</span> <span class='ocrx_word' id='word_1_431' title='bbox 1113 5689 1378 5759; x_wconf 76' lang='grc' dir='ltr'>βασιλέως</span> <span class='ocrx_word' id='word_1_432' title='bbox 1402 5691 1562 5762; x_wconf 84' lang='grc' dir='ltr'>μόνου</span> <span class='ocrx_word' id='word_1_433' title='bbox 1587 5691 1838 5755; x_wconf 84' lang='grc' dir='ltr'>ναύταις,</span> 
     </span>
    </p>
   </div>
   <div class='ocr_carea' id='block_1_62' title="bbox 231 5776 1840 5852">
    <p class='ocr_par' dir='ltr' id='par_1_62' title="bbox 231 5776 1840 5852">
     <span class='ocr_line' id='line_1_62' title="bbox 231 5776 1840 5852; baseline 0.002 -18"><span class='ocrx_word' id='word_1_434' title='bbox 231 5780 342 5834; x_wconf 71' lang='grc' dir='ltr'>καὶ</span> <span class='ocrx_word' id='word_1_435' title='bbox 381 5776 638 5842; x_wconf 76' lang='grc' dir='ltr'>ὁπλίταις</span> <span class='ocrx_word' id='word_1_436' title='bbox 671 5779 862 5848; x_wconf 78' lang='grc' dir='ltr'>μισθὸν</span> <span class='ocrx_word' id='word_1_437' title='bbox 888 5784 1242 5852; x_wconf 78' lang='grc' dir='ltr'>παρέχοντος.</span> <span class='ocrx_word' id='word_1_438' title='bbox 1277 5784 1340 5837; x_wconf 75' lang='lat' dir='ltr'><strong>Ei</strong></span> <span class='ocrx_word' id='word_1_439' title='bbox 1371 5784 1431 5836; x_wconf 78' lang='grc' dir='ltr'>δὲ</span> <span class='ocrx_word' id='word_1_440' title='bbox 1461 5783 1634 5838; x_wconf 82' lang='grc' dir='ltr'>κενῶν</span> <span class='ocrx_word' id='word_1_441' title='bbox 1654 5785 1840 5852; x_wconf 72' lang='grc' dir='ltr'><strong>Δδέοιτο</strong></span> 
     </span>
    </p>
   </div>
   <div class='ocr_carea' id='block_1_63' title="bbox 231 5849 1839 5948">
    <p class='ocr_par' dir='ltr' id='par_1_63' title="bbox 231 5849 1839 5948">
     <span class='ocr_line' id='line_1_63' title="bbox 231 5849 1839 5948; baseline 0.001 -23"><span class='ocrx_word' id='word_1_442' title='bbox 231 5872 554 5944; x_wconf 64' lang='grc' dir='ltr'>τριτξρεων,</span> <span class='ocrx_word' id='word_1_443' title='bbox 577 5871 674 5936; x_wconf 68' lang='grc' dir='ltr'><strong>τὰς</strong></span> <span class='ocrx_word' id='word_1_444' title='bbox 707 5873 830 5935; x_wconf 86' lang='grc' dir='ltr'>ῖσας</span> <span class='ocrx_word' id='word_1_445' title='bbox 854 5849 1116 5943; x_wconf 55' lang='grc' dir='ltr'>παρέχειν</span> <span class='ocrx_word' id='word_1_446' title='bbox 1146 5877 1280 5943; x_wconf 76' lang='grc' dir='ltr'>μετὰ</span> <span class='ocrx_word' id='word_1_447' title='bbox 1311 5875 1420 5930; x_wconf 85' lang='grc' dir='ltr'><strong>τῶν</strong></span> <span class='ocrx_word' id='word_1_448' title='bbox 1454 5875 1634 5931; x_wconf 80' lang='grc' dir='ltr'>ὅπλων</span> <span class='ocrx_word' id='word_1_449' title='bbox 1651 5849 1839 5948; x_wconf 69' lang='grc' dir='ltr'><strong>1μόνων</strong></span> 
     </span>
    </p>
   </div>
   <div class='ocr_carea' id='block_1_64' title="bbox 509 5966 1165 6029">
    <p class='ocr_par' dir='ltr' id='par_1_64' title="bbox 509 5966 1165 6029">
     <span class='ocr_line' id='line_1_64' title="bbox 509 5966 1165 6029; baseline -0.005 -1"><span class='ocrx_word' id='word_1_450' title='bbox 509 5966 779 6028; x_wconf 67' lang='lat' dir='ltr'><strong>Punon.</strong></span> <span class='ocrx_word' id='word_1_451' title='bbox 815 5973 928 6029; x_wconf 62' lang='lat' dir='ltr'><strong>(in.</strong></span> <span class='ocrx_word' id='word_1_452' title='bbox 971 5966 1165 6028; x_wconf 87' lang='lat' dir='ltr'><strong>CLIV.</strong></span> 
     </span>
    </p>
   </div>
   <div class='ocr_carea' id='block_1_65' title="bbox 1849 3231 1896 3298">
    <p class='ocr_par' dir='ltr' id='par_1_65' title="bbox 1849 3231 1896 3298">
     <span class='ocr_line' id='line_1_65' title="bbox 1849 3231 1896 3298; baseline 0 -2"><span class='ocrx_word' id='word_1_453' title='bbox 1849 3231 1896 3298; x_wconf 89' lang='lat' dir='ltr'><strong><em>C</em></strong></span> 
     </span>
    </p>
   </div>
   <div class='ocr_carea' id='block_1_66' title="bbox 1893 583 3466 655">
    <p class='ocr_par' dir='ltr' id='par_1_66' title="bbox 1893 583 3466 655">
     <span class='ocr_line' id='line_1_66' title="bbox 1893 583 3466 655; baseline 0.001 -17"><span class='ocrx_word' id='word_1_454' title='bbox 1893 583 2210 652; x_wconf 84' lang='lat' dir='ltr'><strong>parituros;</strong></span> <span class='ocrx_word' id='word_1_455' title='bbox 2268 583 2432 640; x_wconf 86' lang='lat' dir='ltr'><strong>simul</strong></span> <span class='ocrx_word' id='word_1_456' title='bbox 2469 583 2762 654; x_wconf 79' lang='lat' dir='ltr'><strong>pecuniam</strong></span> <span class='ocrx_word' id='word_1_457' title='bbox 2814 585 3091 655; x_wconf 79' lang='lat' dir='ltr'><strong>ingentem</strong></span> <span class='ocrx_word' id='word_1_458' title='bbox 3141 585 3466 640; x_wconf 65' lang='lat' dir='ltr'><strong>oti&#39;vrebant.</strong></span> 
     </span>
    </p>
   </div>
   <div class='ocr_carea' id='block_1_67' title="bbox 1891 675 3472 748">
    <p class='ocr_par' dir='ltr' id='par_1_67' title="bbox 1891 675 3472 748">
     <span class='ocr_line' id='line_1_67' title="bbox 1891 675 3472 748; baseline 0.004 -19"><span class='ocrx_word' id='word_1_459' title='bbox 1891 675 2200 746; x_wconf 89' lang='lat' dir='ltr'><strong>Imperator</strong></span> <span class='ocrx_word' id='word_1_460' title='bbox 2243 678 2413 732; x_wconf 87' lang='lat' dir='ltr'><strong>armis</strong></span> <span class='ocrx_word' id='word_1_461' title='bbox 2465 693 2525 731; x_wconf 89' lang='lat' dir='ltr'><strong>se</strong></span> <span class='ocrx_word' id='word_1_462' title='bbox 2587 688 3019 746; x_wconf 79' lang='lat' dir='ltr'><strong>temperaturum</strong></span> <span class='ocrx_word' id='word_1_463' title='bbox 3069 679 3376 748; x_wconf 85' lang='lat' dir='ltr'><strong>spondere,</strong></span> <span class='ocrx_word' id='word_1_464' title='bbox 3427 683 3472 738; x_wconf 88' lang='lat' dir='ltr'><strong>si</strong></span> 
     </span>
    </p>
   </div>
   <div class='ocr_carea' id='block_1_68' title="bbox 1894 777 3474 848">
    <p class='ocr_par' dir='ltr' id='par_1_68' title="bbox 1894 777 3474 848">
     <span class='ocr_line' id='line_1_68' title="bbox 1894 777 3474 848; baseline 0.001 -16"><span class='ocrx_word' id='word_1_465' title='bbox 1894 791 2063 846; x_wconf 88' lang='lat' dir='ltr'><strong>opere</strong></span> <span class='ocrx_word' id='word_1_466' title='bbox 2113 777 2232 848; x_wconf 89' lang='lat' dir='ltr'><strong>ipso</strong></span> <span class='ocrx_word' id='word_1_467' title='bbox 2281 777 2686 848; x_wconf 83' lang='lat' dir='ltr'><strong>promissorum</strong></span> <span class='ocrx_word' id='word_1_468' title='bbox 2744 777 3034 832; x_wconf 75' lang='lat' dir='ltr'><strong>veritatem</strong></span> <span class='ocrx_word' id='word_1_469' title='bbox 3087 777 3421 834; x_wconf 73' lang='lat' dir='ltr'><strong>confirment</strong></span> <span class='ocrx_word' id='word_1_470' title='bbox 3461 799 3474 833; x_wconf 87' lang='lat'><strong>:</strong></span> 
     </span>
    </p>
   </div>
   <div class='ocr_carea' id='block_1_69' title="bbox 1897 867 3477 938">
    <p class='ocr_par' dir='ltr' id='par_1_69' title="bbox 1897 867 3477 938">
     <span class='ocr_line' id='line_1_69' title="bbox 1897 867 3477 938; baseline 0.001 -16"><span class='ocrx_word' id='word_1_471' title='bbox 1897 868 2188 938; x_wconf 89' lang='lat' dir='ltr'><strong>pecuniam</strong></span> <span class='ocrx_word' id='word_1_472' title='bbox 2218 867 2538 937; x_wconf 86' lang='lat' dir='ltr'><strong>repudiare,</strong></span> <span class='ocrx_word' id='word_1_473' title='bbox 2596 878 2749 923; x_wconf 88' lang='lat' dir='ltr'><strong>ratus</strong></span> <span class='ocrx_word' id='word_1_474' title='bbox 2811 884 2921 922; x_wconf 90' lang='lat' dir='ltr'><strong>non</strong></span> <span class='ocrx_word' id='word_1_475' title='bbox 2985 883 3044 923; x_wconf 91' lang='lat' dir='ltr'><strong>se</strong></span> <span class='ocrx_word' id='word_1_476' title='bbox 3093 869 3294 924; x_wconf 88' lang='lat' dir='ltr'><strong>decere</strong></span> <span class='ocrx_word' id='word_1_477' title='bbox 3336 870 3477 924; x_wconf 88' lang='lat' dir='ltr'><strong>hanc</strong></span> 
     </span>
    </p>
   </div>
   <div class='ocr_carea' id='block_1_70' title="bbox 1902 959 3480 1030">
    <p class='ocr_par' dir='ltr' id='par_1_70' title="bbox 1902 959 3480 1030">
     <span class='ocr_line' id='line_1_70' title="bbox 1902 959 3480 1030; baseline 0 -16"><span class='ocrx_word' id='word_1_478' title='bbox 1902 960 2270 1016; x_wconf 84' lang='lat' dir='ltr'><strong>butnilitatem</strong></span> <span class='ocrx_word' id='word_1_479' title='bbox 2305 961 2496 1024; x_wconf 87' lang='lat' dir='ltr'><strong>animi,</strong></span> <span class='ocrx_word' id='word_1_480' title='bbox 2555 976 2735 1030; x_wconf 87' lang='lat' dir='ltr'><strong>neque</strong></span> <span class='ocrx_word' id='word_1_481' title='bbox 2780 959 2955 1016; x_wconf 77' lang='lat' dir='ltr'><strong>videri</strong></span> <span class='ocrx_word' id='word_1_482' title='bbox 3005 961 3235 1030; x_wconf 82' lang='lat' dir='ltr'><strong>pecunia</strong></span> <span class='ocrx_word' id='word_1_483' title='bbox 3283 961 3480 1016; x_wconf 54' lang='lat' dir='ltr'><strong>deliuic</strong></span> 
     </span>
    </p>
   </div>
   <div class='ocr_carea' id='block_1_71' title="bbox 1903 1055 3488 1124">
    <p class='ocr_par' dir='ltr' id='par_1_71' title="bbox 1903 1055 3488 1124">
     <span class='ocr_line' id='line_1_71' title="bbox 1903 1055 3488 1124; baseline 0.001 -17"><span class='ocrx_word' id='word_1_484' title='bbox 1903 1065 2040 1124; x_wconf 64' lang='lat' dir='ltr'><strong>tum,</strong></span> <span class='ocrx_word' id='word_1_485' title='bbox 2083 1070 2372 1111; x_wconf 83' lang='lat' dir='ltr'><strong>commune</strong></span> <span class='ocrx_word' id='word_1_486' title='bbox 2412 1055 2788 1109; x_wconf 83' lang='lat' dir='ltr'><strong>Romanorum</strong></span> <span class='ocrx_word' id='word_1_487' title='bbox 2821 1055 3261 1110; x_wconf 77' lang='lat' dir='ltr'><strong>emolumentum</strong></span> <span class='ocrx_word' id='word_1_488' title='bbox 3298 1055 3352 1107; x_wconf 89' lang='lat' dir='ltr'><strong>in</strong></span> <span class='ocrx_word' id='word_1_489' title='bbox 3389 1069 3488 1108; x_wconf 73' lang='lat' dir='ltr'><strong>ex-</strong></span> 
     </span>
    </p>
   </div>
   <div class='ocr_carea' id='block_1_72' title="bbox 1907 1147 3484 1218">
    <p class='ocr_par' dir='ltr' id='par_1_72' title="bbox 1907 1147 3484 1218">
     <span class='ocr_line' id='line_1_72' title="bbox 1907 1147 3484 1218; baseline -0.003 -16"><span class='ocrx_word' id='word_1_490' title='bbox 1907 1149 2102 1202; x_wconf 77' lang='lat' dir='ltr'><strong>tremis</strong></span> <span class='ocrx_word' id='word_1_491' title='bbox 2125 1163 2354 1218; x_wconf 90' lang='lat' dir='ltr'><strong>ponere.</strong></span> <span class='ocrx_word' id='word_1_492' title='bbox 2378 1147 2548 1218; x_wconf 79' lang='lat'><strong>810</strong></span> <span class='ocrx_word' id='word_1_493' title='bbox 2579 1148 2770 1202; x_wconf 83' lang='lat' dir='ltr'><strong>Veneti</strong></span> <span class='ocrx_word' id='word_1_494' title='bbox 2801 1163 2925 1203; x_wconf 89' lang='lat' dir='ltr'><strong>eum</strong></span> <span class='ocrx_word' id='word_1_495' title='bbox 2951 1164 2980 1203; x_wconf 87' lang='lat' dir='ltr'><strong>a</strong></span> <span class='ocrx_word' id='word_1_496' title='bbox 3009 1148 3273 1203; x_wconf 88' lang='lat' dir='ltr'><strong>societate</strong></span> <span class='ocrx_word' id='word_1_497' title='bbox 3298 1163 3484 1211; x_wconf 83' lang='lat' dir='ltr'><strong>secun</strong></span> 
     </span>
    </p>
   </div>
   <div class='ocr_carea' id='block_1_73' title="bbox 1903 1239 3488 1310">
    <p class='ocr_par' dir='ltr' id='par_1_73' title="bbox 1903 1239 3488 1310">
     <span class='ocr_line' id='line_1_73' title="bbox 1903 1239 3488 1310; baseline 0 -16"><span class='ocrx_word' id='word_1_498' title='bbox 1903 1239 2233 1310; x_wconf 78' lang='lat' dir='ltr'><strong>paciscenda</strong></span> <span class='ocrx_word' id='word_1_499' title='bbox 2265 1241 2657 1295; x_wconf 70' lang='lat' dir='ltr'><strong>abhorrentem</strong></span> <span class='ocrx_word' id='word_1_500' title='bbox 2693 1240 2906 1310; x_wconf 84' lang='lat' dir='ltr'><strong>experti</strong></span> <span class='ocrx_word' id='word_1_501' title='bbox 2933 1280 2946 1303; x_wconf 89' lang='lat'><strong>,</strong></span> <span class='ocrx_word' id='word_1_502' title='bbox 2985 1241 3245 1310; x_wconf 87' lang='lat' dir='ltr'><strong>quoniam</strong></span> <span class='ocrx_word' id='word_1_503' title='bbox 3278 1241 3488 1310; x_wconf 81' lang='lat' dir='ltr'><strong>absque</strong></span> 
     </span>
    </p>
   </div>
   <div class='ocr_carea' id='block_1_74' title="bbox 1907 1325 3593 1403">
    <p class='ocr_par' dir='ltr' id='par_1_74' title="bbox 1907 1325 3593 1403">
     <span class='ocr_line' id='line_1_74' title="bbox 1907 1325 3593 1403; baseline 0.001 -17"><span class='ocrx_word' id='word_1_504' title='bbox 1907 1334 2028 1403; x_wconf 91' lang='lat' dir='ltr'><strong>ipso</strong></span> <span class='ocrx_word' id='word_1_505' title='bbox 2085 1325 2222 1389; x_wconf 74' lang='lat' dir='ltr'><strong>nihil</strong></span> <span class='ocrx_word' id='word_1_506' title='bbox 2283 1334 2559 1403; x_wconf 80' lang='lat' dir='ltr'><strong>egregium</strong></span> <span class='ocrx_word' id='word_1_507' title='bbox 2628 1349 2687 1388; x_wconf 87' lang='lat' dir='ltr'><strong>se</strong></span> <span class='ocrx_word' id='word_1_508' title='bbox 2742 1333 3040 1388; x_wconf 67' lang='lat' dir='ltr'><strong>effecturos</strong></span> <span class='ocrx_word' id='word_1_509' title='bbox 3093 1333 3486 1402; x_wconf 75' lang='lat' dir='ltr'><strong>opinabantur,</strong></span> <span class='ocrx_word' id='word_1_510' title='bbox 3586 1353 3593 1359; x_wconf 94' lang='grc'><strong>·</strong></span> 
     </span>
    </p>
   </div>
   <div class='ocr_carea' id='block_1_75' title="bbox 1909 1425 3495 1498">
    <p class='ocr_par' dir='ltr' id='par_1_75' title="bbox 1909 1425 3495 1498">
     <span class='ocr_line' id='line_1_75' title="bbox 1909 1425 3495 1498; baseline 0.001 -20"><span class='ocrx_word' id='word_1_511' title='bbox 1909 1427 2155 1496; x_wconf 74' lang='lat' dir='ltr'><strong>graviter</strong></span> <span class='ocrx_word' id='word_1_512' title='bbox 2184 1425 2236 1480; x_wconf 90' lang='lat' dir='ltr'><strong>id</strong></span> <span class='ocrx_word' id='word_1_513' title='bbox 2263 1435 2428 1496; x_wconf 85' lang='lat' dir='ltr'><strong>atque</strong></span> <span class='ocrx_word' id='word_1_514' title='bbox 2458 1427 2682 1494; x_wconf 79' lang='lat' dir='ltr'><strong>indigne</strong></span> <span class='ocrx_word' id='word_1_515' title='bbox 2729 1426 2980 1481; x_wconf 79' lang='lat' dir='ltr'><strong>ferebam</strong></span> <span class='ocrx_word' id='word_1_516' title='bbox 3011 1443 3025 1480; x_wconf 90' lang='lat'><strong>:</strong></span> <span class='ocrx_word' id='word_1_517' title='bbox 3054 1441 3111 1481; x_wconf 87' lang='lat' dir='ltr'><strong>et</strong></span> <span class='ocrx_word' id='word_1_518' title='bbox 3143 1442 3268 1480; x_wconf 90' lang='lat' dir='ltr'><strong>cum</strong></span> <span class='ocrx_word' id='word_1_519' title='bbox 3304 1441 3495 1498; x_wconf 82' lang='lat' dir='ltr'><strong>aperte</strong></span> 
     </span>
    </p>
   </div>
   <div class='ocr_carea' id='block_1_76' title="bbox 1919 1515 3498 1580">
    <p class='ocr_par' dir='ltr' id='par_1_76' title="bbox 1919 1515 3498 1580">
     <span class='ocr_line' id='line_1_76' title="bbox 1919 1515 3498 1580; baseline 0.001 -10"><span class='ocrx_word' id='word_1_520' title='bbox 1919 1515 2127 1570; x_wconf 80' lang='lat' dir='ltr'><strong>bellant</strong></span> <span class='ocrx_word' id='word_1_521' title='bbox 2163 1515 2428 1572; x_wconf 77' lang='lat' dir='ltr'><strong>adversus</strong></span> <span class='ocrx_word' id='word_1_522' title='bbox 2461 1516 2615 1571; x_wconf 88' lang='lat' dir='ltr'><strong>illum</strong></span> <span class='ocrx_word' id='word_1_523' title='bbox 2647 1515 2832 1570; x_wconf 86' lang='lat' dir='ltr'><strong>moliri</strong></span> <span class='ocrx_word' id='word_1_524' title='bbox 2878 1531 2986 1570; x_wconf 90' lang='lat' dir='ltr'><strong>non</strong></span> <span class='ocrx_word' id='word_1_525' title='bbox 3016 1515 3359 1580; x_wconf 75' lang='lat' dir='ltr'><strong>viderentur,</strong></span> <span class='ocrx_word' id='word_1_526' title='bbox 3398 1532 3498 1571; x_wconf 76' lang='lat' dir='ltr'><strong>su~</strong></span> 
     </span>
    </p>
   </div>
   <div class='ocr_carea' id='block_1_77' title="bbox 1909 1607 3500 1678">
    <p class='ocr_par' dir='ltr' id='par_1_77' title="bbox 1909 1607 3500 1678">
     <span class='ocr_line' id='line_1_77' title="bbox 1909 1607 3500 1678; baseline -0.001 -16"><span class='ocrx_word' id='word_1_527' title='bbox 1909 1607 2211 1678; x_wconf 89' lang='lat' dir='ltr'><strong>spicionem</strong></span> <span class='ocrx_word' id='word_1_528' title='bbox 2252 1617 2430 1662; x_wconf 88' lang='lat' dir='ltr'><strong>tamen</strong></span> <span class='ocrx_word' id='word_1_529' title='bbox 2478 1607 2834 1678; x_wconf 69' lang='lat' dir='ltr'><strong>przebebant;</strong></span> <span class='ocrx_word' id='word_1_530' title='bbox 2871 1623 2994 1662; x_wconf 89' lang='lat' dir='ltr'><strong>nam</strong></span> <span class='ocrx_word' id='word_1_531' title='bbox 3021 1608 3354 1662; x_wconf 58' lang='lat' dir='ltr'><strong>fueduscum</strong></span> <span class='ocrx_word' id='word_1_532' title='bbox 3394 1609 3500 1662; x_wconf 78' lang='lat' dir='ltr'><strong>lto-</strong></span> 
     </span>
    </p>
   </div>
   <div class='ocr_carea' id='block_1_78' title="bbox 1915 1701 3500 1773">
    <p class='ocr_par' dir='ltr' id='par_1_78' title="bbox 1915 1701 3500 1773">
     <span class='ocr_line' id='line_1_78' title="bbox 1915 1701 3500 1773; baseline 0.001 -19"><span class='ocrx_word' id='word_1_533' title='bbox 1915 1701 2095 1756; x_wconf 82' lang='lat' dir='ltr'><strong>manis</strong></span> <span class='ocrx_word' id='word_1_534' title='bbox 2122 1711 2235 1756; x_wconf 92' lang='lat' dir='ltr'><strong>tum</strong></span> <span class='ocrx_word' id='word_1_535' title='bbox 2267 1701 2609 1772; x_wconf 82' lang='lat' dir='ltr'><strong>exspirabat.</strong></span> <span class='ocrx_word' id='word_1_536' title='bbox 2643 1701 2799 1768; x_wconf 84' lang='lat' dir='ltr'><strong>Quod</strong></span> <span class='ocrx_word' id='word_1_537' title='bbox 2833 1703 3054 1773; x_wconf 80' lang='lat' dir='ltr'><strong>quidem</strong></span> <span class='ocrx_word' id='word_1_538' title='bbox 3081 1719 3188 1758; x_wconf 89' lang='lat' dir='ltr'><strong>non</strong></span> <span class='ocrx_word' id='word_1_539' title='bbox 3206 1713 3500 1765; x_wconf 71' lang='lat' dir='ltr'><strong>aeternum,</strong></span> 
     </span>
    </p>
   </div>
   <div class='ocr_carea' id='block_1_79' title="bbox 1913 1793 3504 1864">
    <p class='ocr_par' dir='ltr' id='par_1_79' title="bbox 1913 1793 3504 1864">
     <span class='ocr_line' id='line_1_79' title="bbox 1913 1793 3504 1864; baseline 0 -16"><span class='ocrx_word' id='word_1_540' title='bbox 1913 1796 2006 1849; x_wconf 82' lang='lat' dir='ltr'><strong>sed</strong></span> <span class='ocrx_word' id='word_1_541' title='bbox 2041 1793 2108 1849; x_wconf 85' lang='lat' dir='ltr'><strong>ad</strong></span> <span class='ocrx_word' id='word_1_542' title='bbox 2145 1809 2322 1848; x_wconf 83' lang='lat' dir='ltr'><strong>annos</strong></span> <span class='ocrx_word' id='word_1_543' title='bbox 2355 1795 2656 1864; x_wconf 78' lang='lat' dir='ltr'><strong>praetinitos</strong></span> <span class='ocrx_word' id='word_1_544' title='bbox 2703 1811 2768 1850; x_wconf 88' lang='lat' dir='ltr'><strong>ac</strong></span> <span class='ocrx_word' id='word_1_545' title='bbox 2811 1807 2996 1852; x_wconf 83' lang='lat' dir='ltr'><strong>certos</strong></span> <span class='ocrx_word' id='word_1_546' title='bbox 3040 1796 3270 1861; x_wconf 90' lang='lat' dir='ltr'><strong>habent,</strong></span> <span class='ocrx_word' id='word_1_547' title='bbox 3301 1811 3331 1849; x_wconf 90' lang='lat' dir='ltr'><strong>a</strong></span> <span class='ocrx_word' id='word_1_548' title='bbox 3364 1805 3504 1849; x_wconf 86' lang='lat' dir='ltr'><strong>tent-</strong></span> 
     </span>
    </p>
   </div>
   <div class='ocr_carea' id='block_1_80' title="bbox 1911 1887 3502 1960">
    <p class='ocr_par' dir='ltr' id='par_1_80' title="bbox 1911 1887 3502 1960">
     <span class='ocr_line' id='line_1_80' title="bbox 1911 1887 3502 1960; baseline 0.002 -19"><span class='ocrx_word' id='word_1_549' title='bbox 1911 1887 2142 1957; x_wconf 83' lang='lat' dir='ltr'><strong>poribus</strong></span> <span class='ocrx_word' id='word_1_550' title='bbox 2196 1887 2486 1944; x_wconf 83' lang='lat' dir='ltr'><strong>Michaelis</strong></span> <span class='ocrx_word' id='word_1_551' title='bbox 2539 1889 2704 1960; x_wconf 85' lang='lat' dir='ltr'><strong>primi</strong></span> <span class='ocrx_word' id='word_1_552' title='bbox 2763 1889 3058 1960; x_wconf 69' lang='lat' dir='ltr'><strong>Palazologi</strong></span> <span class='ocrx_word' id='word_1_553' title='bbox 3111 1889 3502 1960; x_wconf 84' lang='lat' dir='ltr'><strong>imperatoris,</strong></span> 
     </span>
    </p>
   </div>
   <div class='ocr_carea' id='block_1_81' title="bbox 1911 1979 3504 2052">
    <p class='ocr_par' dir='ltr' id='par_1_81' title="bbox 1911 1979 3504 2052">
     <span class='ocr_line' id='line_1_81' title="bbox 1911 1979 3504 2052; baseline 0.001 -20"><span class='ocrx_word' id='word_1_554' title='bbox 1911 1980 2116 2050; x_wconf 88' lang='lat' dir='ltr'><strong>quibus</strong></span> <span class='ocrx_word' id='word_1_555' title='bbox 2159 1982 2479 2044; x_wconf 85' lang='lat' dir='ltr'><strong>transactis,</strong></span> <span class='ocrx_word' id='word_1_556' title='bbox 2539 1981 2738 2035; x_wconf 82' lang='lat' dir='ltr'><strong>utrivis</strong></span> <span class='ocrx_word' id='word_1_557' title='bbox 2763 1983 2902 2052; x_wconf 85' lang='lat' dir='ltr'><strong>parti</strong></span> <span class='ocrx_word' id='word_1_558' title='bbox 2931 1982 3133 2036; x_wconf 87' lang='lat' dir='ltr'><strong>bellum</strong></span> <span class='ocrx_word' id='word_1_559' title='bbox 3160 1996 3378 2036; x_wconf 77' lang='lat' dir='ltr'><strong>movere</strong></span> <span class='ocrx_word' id='word_1_560' title='bbox 3415 1979 3504 2034; x_wconf 84' lang='lat' dir='ltr'><strong>in-</strong></span> 
     </span>
    </p>
   </div>
   <div class='ocr_carea' id='block_1_82' title="bbox 1915 2071 3498 2144">
    <p class='ocr_par' dir='ltr' id='par_1_82' title="bbox 1915 2071 3498 2144">
     <span class='ocr_line' id='line_1_82' title="bbox 1915 2071 3498 2144; baseline -0.003 -18"><span class='ocrx_word' id='word_1_561' title='bbox 1915 2081 2131 2143; x_wconf 83' lang='lat' dir='ltr'><strong>tegrum</strong></span> <span class='ocrx_word' id='word_1_562' title='bbox 2164 2085 2272 2128; x_wconf 88' lang='lat' dir='ltr'><strong>est.</strong></span> <span class='ocrx_word' id='word_1_563' title='bbox 2305 2071 2398 2128; x_wconf 87' lang='lat' dir='ltr'><strong>Sin</strong></span> <span class='ocrx_word' id='word_1_564' title='bbox 2435 2073 2658 2144; x_wconf 88' lang='lat' dir='ltr'><strong>utrique</strong></span> <span class='ocrx_word' id='word_1_565' title='bbox 2689 2073 2828 2144; x_wconf 83' lang='lat' dir='ltr'><strong>parti</strong></span> <span class='ocrx_word' id='word_1_566' title='bbox 2859 2089 2962 2142; x_wconf 81' lang='lat' dir='ltr'><strong>pax</strong></span> <span class='ocrx_word' id='word_1_567' title='bbox 2998 2073 3188 2128; x_wconf 84' lang='lat' dir='ltr'><strong>utilior</strong></span> <span class='ocrx_word' id='word_1_568' title='bbox 3214 2079 3498 2142; x_wconf 69' lang='lat' dir='ltr'><strong>appareat,</strong></span> 
     </span>
    </p>
   </div>
   <div class='ocr_carea' id='block_1_83' title="bbox 1916 2163 3505 2221">
    <p class='ocr_par' dir='ltr' id='par_1_83' title="bbox 1916 2163 3505 2221">
     <span class='ocr_line' id='line_1_83' title="bbox 1916 2163 3505 2221; baseline 0.001 -3"><span class='ocrx_word' id='word_1_569' title='bbox 1916 2163 2102 2220; x_wconf 68' lang='lat' dir='ltr'><strong>[uellus</strong></span> <span class='ocrx_word' id='word_1_570' title='bbox 2129 2165 2314 2220; x_wconf 90' lang='lat' dir='ltr'><strong>denuo</strong></span> <span class='ocrx_word' id='word_1_571' title='bbox 2347 2165 2620 2220; x_wconf 89' lang='lat' dir='ltr'><strong>sancitur.</strong></span> <span class='ocrx_word' id='word_1_572' title='bbox 2655 2166 2729 2220; x_wconf 83' lang='lat' dir='ltr'><strong>Ea</strong></span> <span class='ocrx_word' id='word_1_573' title='bbox 2755 2165 3105 2221; x_wconf 84' lang='lat' dir='ltr'><strong>consuetudo</strong></span> <span class='ocrx_word' id='word_1_574' title='bbox 3131 2165 3276 2220; x_wconf 68' lang='lat' dir='ltr'><strong>inter</strong></span> <span class='ocrx_word' id='word_1_575' title='bbox 3304 2166 3505 2220; x_wconf 75' lang='lat' dir='ltr'><strong>Itoma-</strong></span> 
     </span>
    </p>
   </div>
   <div class='ocr_carea' id='block_1_84' title="bbox 1916 2256 3505 2324">
    <p class='ocr_par' dir='ltr' id='par_1_84' title="bbox 1916 2256 3505 2324">
     <span class='ocr_line' id='line_1_84' title="bbox 1916 2256 3505 2324; baseline 0 -14"><span class='ocrx_word' id='word_1_576' title='bbox 1916 2272 2020 2311; x_wconf 88' lang='lat' dir='ltr'><strong>nos</strong></span> <span class='ocrx_word' id='word_1_577' title='bbox 2047 2271 2112 2310; x_wconf 86' lang='lat' dir='ltr'><strong>ac</strong></span> <span class='ocrx_word' id='word_1_578' title='bbox 2147 2257 2386 2312; x_wconf 89' lang='lat' dir='ltr'><strong>Venetos</strong></span> <span class='ocrx_word' id='word_1_579' title='bbox 2417 2258 2549 2312; x_wconf 87' lang='lat' dir='ltr'><strong>hinc</strong></span> <span class='ocrx_word' id='word_1_580' title='bbox 2581 2257 2931 2324; x_wconf 83' lang='lat' dir='ltr'><strong>potissimum</strong></span> <span class='ocrx_word' id='word_1_581' title='bbox 2967 2259 3231 2323; x_wconf 87' lang='lat' dir='ltr'><strong>manavit.</strong></span> <span class='ocrx_word' id='word_1_582' title='bbox 3274 2256 3505 2312; x_wconf 82' lang='lat' dir='ltr'><strong>Michael</strong></span> 
     </span>
    </p>
   </div>
   <div class='ocr_carea' id='block_1_85' title="bbox 1918 2347 3500 2420">
    <p class='ocr_par' dir='ltr' id='par_1_85' title="bbox 1918 2347 3500 2420">
     <span class='ocr_line' id='line_1_85' title="bbox 1918 2347 3500 2420; baseline -0.001 -17"><span class='ocrx_word' id='word_1_583' title='bbox 1918 2349 2220 2418; x_wconf 87' lang='lat' dir='ltr'><strong>imperator</strong></span> <span class='ocrx_word' id='word_1_584' title='bbox 2249 2349 2511 2420; x_wconf 83' lang='lat' dir='ltr'><strong>Byzantio</strong></span> <span class='ocrx_word' id='word_1_585' title='bbox 2532 2389 2545 2412; x_wconf 94' lang='lat'><strong>,</strong></span> <span class='ocrx_word' id='word_1_586' title='bbox 2577 2348 2834 2416; x_wconf 87' lang='lat' dir='ltr'><strong>Thracia,</strong></span> <span class='ocrx_word' id='word_1_587' title='bbox 2873 2347 3213 2413; x_wconf 84' lang='lat' dir='ltr'><strong>Macedonia,</strong></span> <span class='ocrx_word' id='word_1_588' title='bbox 3248 2355 3362 2402; x_wconf 88' lang='lat' dir='ltr'><strong>toto</strong></span> <span class='ocrx_word' id='word_1_589' title='bbox 3395 2347 3500 2402; x_wconf 88' lang='lat' dir='ltr'><strong>0c-</strong></span> 
     </span>
    </p>
   </div>
   <div class='ocr_carea' id='block_1_86' title="bbox 1919 2440 3508 2514">
    <p class='ocr_par' dir='ltr' id='par_1_86' title="bbox 1919 2440 3508 2514">
     <span class='ocr_line' id='line_1_86' title="bbox 1919 2440 3508 2514; baseline 0.002 -20"><span class='ocrx_word' id='word_1_590' title='bbox 1919 2440 2140 2495; x_wconf 87' lang='lat' dir='ltr'><strong>cidente</strong></span> <span class='ocrx_word' id='word_1_591' title='bbox 2189 2443 2332 2510; x_wconf 82' lang='lat' dir='ltr'><strong>(quae</strong></span> <span class='ocrx_word' id='word_1_592' title='bbox 2379 2442 2544 2512; x_wconf 90' lang='lat' dir='ltr'><strong>paulo</strong></span> <span class='ocrx_word' id='word_1_593' title='bbox 2587 2442 2830 2511; x_wconf 86' lang='lat' dir='ltr'><strong>amplius</strong></span> <span class='ocrx_word' id='word_1_594' title='bbox 2861 2442 3142 2514; x_wconf 78' lang='lat' dir='ltr'><strong>sexaginta</strong></span> <span class='ocrx_word' id='word_1_595' title='bbox 3190 2457 3369 2496; x_wconf 87' lang='lat' dir='ltr'><strong>annos</strong></span> <span class='ocrx_word' id='word_1_596' title='bbox 3402 2441 3508 2497; x_wconf 85' lang='lat' dir='ltr'><strong>sub</strong></span> 
     </span>
    </p>
   </div>
   <div class='ocr_carea' id='block_1_87' title="bbox 1903 2514 3511 2606">
    <p class='ocr_par' dir='ltr' id='par_1_87' title="bbox 1903 2514 3511 2606">
     <span class='ocr_line' id='line_1_87' title="bbox 1903 2514 3511 2606; baseline 0 -16"><span class='ocrx_word' id='word_1_597' title='bbox 1903 2534 2138 2591; x_wconf 81' lang='lat' dir='ltr'><strong>‘ditione</strong></span> <span class='ocrx_word' id='word_1_598' title='bbox 2195 2534 2517 2590; x_wconf 85' lang='lat' dir='ltr'><strong>Latinorum</strong></span> <span class='ocrx_word' id='word_1_599' title='bbox 2559 2534 2814 2606; x_wconf 79' lang='lat' dir='ltr'><strong>fuerant)</strong></span> <span class='ocrx_word' id='word_1_600' title='bbox 2849 2514 3101 2590; x_wconf 82' lang='lat' dir='ltr'><strong>Romano</strong></span> <span class='ocrx_word' id='word_1_601' title='bbox 3136 2535 3371 2606; x_wconf 84' lang='lat' dir='ltr'><strong>imperio</strong></span> <span class='ocrx_word' id='word_1_602' title='bbox 3419 2549 3511 2590; x_wconf 71' lang='lat' dir='ltr'><strong>re-</strong></span> 
     </span>
    </p>
   </div>
   <div class='ocr_carea' id='block_1_88' title="bbox 1922 2625 3513 2700">
    <p class='ocr_par' dir='ltr' id='par_1_88' title="bbox 1922 2625 3513 2700">
     <span class='ocr_line' id='line_1_88' title="bbox 1922 2625 3513 2700; baseline 0.001 -19"><span class='ocrx_word' id='word_1_603' title='bbox 1922 2626 2246 2697; x_wconf 76' lang='lat' dir='ltr'><strong>cuperetis,</strong></span> <span class='ocrx_word' id='word_1_604' title='bbox 2281 2629 2473 2700; x_wconf 88' lang='lat' dir='ltr'><strong>copias</strong></span> <span class='ocrx_word' id='word_1_605' title='bbox 2527 2629 2754 2698; x_wconf 85' lang='lat' dir='ltr'><strong>quidem</strong></span> <span class='ocrx_word' id='word_1_606' title='bbox 2806 2629 3093 2699; x_wconf 82' lang='lat' dir='ltr'><strong>pedestres</strong></span> <span class='ocrx_word' id='word_1_607' title='bbox 3140 2625 3196 2684; x_wconf 82' lang='lat' dir='ltr'><strong>et</strong></span> <span class='ocrx_word' id='word_1_608' title='bbox 3223 2637 3513 2700; x_wconf 81' lang='lat' dir='ltr'><strong>equestres</strong></span> 
     </span>
    </p>
   </div>
   <div class='ocr_carea' id='block_1_89' title="bbox 1923 2720 3514 2792">
    <p class='ocr_par' dir='ltr' id='par_1_89' title="bbox 1923 2720 3514 2792">
     <span class='ocr_line' id='line_1_89' title="bbox 1923 2720 3514 2792; baseline 0.001 -18"><span class='ocrx_word' id='word_1_609' title='bbox 1923 2736 2034 2776; x_wconf 91' lang='lat' dir='ltr'><strong>non</strong></span> <span class='ocrx_word' id='word_1_610' title='bbox 2090 2721 2362 2792; x_wconf 78' lang='lat' dir='ltr'><strong>exiguas,</strong></span> <span class='ocrx_word' id='word_1_611' title='bbox 2421 2729 2476 2776; x_wconf 85' lang='lat' dir='ltr'><strong>et</strong></span> <span class='ocrx_word' id='word_1_612' title='bbox 2512 2721 2802 2788; x_wconf 84' lang='lat' dir='ltr'><strong>quibusvis</strong></span> <span class='ocrx_word' id='word_1_613' title='bbox 2842 2720 3098 2778; x_wconf 82' lang='lat' dir='ltr'><strong>hostibus</strong></span> <span class='ocrx_word' id='word_1_614' title='bbox 3153 2720 3514 2792; x_wconf 79' lang='lat' dir='ltr'><strong>opperiendas</strong></span> 
     </span>
    </p>
   </div>
   <div class='ocr_carea' id='block_1_90' title="bbox 1924 2815 3515 2886">
    <p class='ocr_par' dir='ltr' id='par_1_90' title="bbox 1924 2815 3515 2886">
     <span class='ocr_line' id='line_1_90' title="bbox 1924 2815 3515 2886; baseline -0.003 -16"><span class='ocrx_word' id='word_1_615' title='bbox 1924 2815 2189 2880; x_wconf 88' lang='lat' dir='ltr'><strong>habebat,</strong></span> <span class='ocrx_word' id='word_1_616' title='bbox 2217 2817 2452 2872; x_wconf 86' lang='lat' dir='ltr'><strong>classem</strong></span> <span class='ocrx_word' id='word_1_617' title='bbox 2477 2815 2722 2870; x_wconf 89' lang='lat' dir='ltr'><strong>nondum</strong></span> <span class='ocrx_word' id='word_1_618' title='bbox 2761 2824 2992 2880; x_wconf 86' lang='lat' dir='ltr'><strong>tantam,</strong></span> <span class='ocrx_word' id='word_1_619' title='bbox 3028 2824 3289 2886; x_wconf 82' lang='lat' dir='ltr'><strong>quantam</strong></span> <span class='ocrx_word' id='word_1_620' title='bbox 3326 2823 3515 2884; x_wconf 86' lang='lat' dir='ltr'><strong>postea</strong></span> 
     </span>
    </p>
   </div>
   <div class='ocr_carea' id='block_1_91' title="bbox 1923 2904 3518 2974">
    <p class='ocr_par' dir='ltr' id='par_1_91' title="bbox 1923 2904 3518 2974">
     <span class='ocr_line' id='line_1_91' title="bbox 1923 2904 3518 2974; baseline -0.001 -13"><span class='ocrx_word' id='word_1_621' title='bbox 1923 2905 2220 2961; x_wconf 61' lang='lat' dir='ltr'><strong>aediﬁcavit</strong></span> <span class='ocrx_word' id='word_1_622' title='bbox 2267 2924 2279 2960; x_wconf 91' lang='lat'><strong>:</strong></span> <span class='ocrx_word' id='word_1_623' title='bbox 2332 2904 2478 2961; x_wconf 88' lang='lat' dir='ltr'><strong>unde</strong></span> <span class='ocrx_word' id='word_1_624' title='bbox 2521 2915 2578 2960; x_wconf 89' lang='lat' dir='ltr'><strong>et</strong></span> <span class='ocrx_word' id='word_1_625' title='bbox 2620 2904 2790 2959; x_wconf 85' lang='lat' dir='ltr'><strong>maris</strong></span> <span class='ocrx_word' id='word_1_626' title='bbox 2825 2904 3082 2959; x_wconf 88' lang='lat' dir='ltr'><strong>dominos</strong></span> <span class='ocrx_word' id='word_1_627' title='bbox 3139 2904 3401 2974; x_wconf 85' lang='lat' dir='ltr'><strong>timebat;</strong></span> <span class='ocrx_word' id='word_1_628' title='bbox 3461 2913 3518 2959; x_wconf 86' lang='lat' dir='ltr'><strong>et</strong></span> 
     </span>
    </p>
   </div>
   <div class='ocr_carea' id='block_1_92' title="bbox 1927 2995 3514 3070">
    <p class='ocr_par' dir='ltr' id='par_1_92' title="bbox 1927 2995 3514 3070">
     <span class='ocr_line' id='line_1_92' title="bbox 1927 2995 3514 3070; baseline -0.003 -16"><span class='ocrx_word' id='word_1_629' title='bbox 1927 3003 2169 3070; x_wconf 81' lang='lat' dir='ltr'><strong>tempori</strong></span> <span class='ocrx_word' id='word_1_630' title='bbox 2195 3015 2255 3054; x_wconf 90' lang='lat' dir='ltr'><strong>se</strong></span> <span class='ocrx_word' id='word_1_631' title='bbox 2286 2997 2730 3057; x_wconf 89' lang='lat' dir='ltr'><strong>accommodans,</strong></span> <span class='ocrx_word' id='word_1_632' title='bbox 2755 2995 2950 3052; x_wconf 75' lang='lat' dir='ltr'><strong>ciliciis</strong></span> <span class='ocrx_word' id='word_1_633' title='bbox 2979 3011 3076 3052; x_wconf 91' lang='lat' dir='ltr'><strong>cos</strong></span> <span class='ocrx_word' id='word_1_634' title='bbox 3099 2996 3514 3054; x_wconf 83' lang='lat' dir='ltr'><strong>demerebatur.</strong></span> 
     </span>
    </p>
   </div>
   <div class='ocr_carea' id='block_1_93' title="bbox 1922 3077 3516 3160">
    <p class='ocr_par' dir='ltr' id='par_1_93' title="bbox 1922 3077 3516 3160">
     <span class='ocr_line' id='line_1_93' title="bbox 1922 3077 3516 3160; baseline -0.005 -10"><span class='ocrx_word' id='word_1_635' title='bbox 1922 3093 2059 3150; x_wconf 86' lang='lat' dir='ltr'><strong>Cum</strong></span> <span class='ocrx_word' id='word_1_636' title='bbox 2090 3101 2274 3148; x_wconf 88' lang='lat' dir='ltr'><strong>autem</strong></span> <span class='ocrx_word' id='word_1_637' title='bbox 2329 3091 2509 3146; x_wconf 79' lang='lat' dir='ltr'><strong>foedus</strong></span> <span class='ocrx_word' id='word_1_638' title='bbox 2563 3089 2744 3158; x_wconf 82' lang='lat' dir='ltr'><strong>facere</strong></span> <span class='ocrx_word' id='word_1_639' title='bbox 2795 3105 2920 3144; x_wconf 82' lang='lat' dir='ltr'><strong>cum</strong></span> <span class='ocrx_word' id='word_1_640' title='bbox 2951 3090 3184 3160; x_wconf 81' lang='lat' dir='ltr'><strong>singulis</strong></span> <span class='ocrx_word' id='word_1_641' title='bbox 3213 3077 3516 3160; x_wconf 84' lang='lat' dir='ltr'><strong>Oporteret,</strong></span> 
     </span>
    </p>
   </div>
   <div class='ocr_carea' id='block_1_94' title="bbox 1929 3183 3517 3254">
    <p class='ocr_par' dir='ltr' id='par_1_94' title="bbox 1929 3183 3517 3254">
     <span class='ocr_line' id='line_1_94' title="bbox 1929 3183 3517 3254; baseline -0.002 -13"><span class='ocrx_word' id='word_1_642' title='bbox 1929 3187 2058 3242; x_wconf 86' lang='lat' dir='ltr'><strong>aliis</strong></span> <span class='ocrx_word' id='word_1_643' title='bbox 2125 3185 2351 3253; x_wconf 89' lang='lat' dir='ltr'><strong>quidem</strong></span> <span class='ocrx_word' id='word_1_644' title='bbox 2407 3194 2690 3240; x_wconf 75' lang='lat' dir='ltr'><strong>mercatus</strong></span> <span class='ocrx_word' id='word_1_645' title='bbox 2753 3198 2916 3238; x_wconf 79' lang='lat' dir='ltr'><strong>causa</strong></span> <span class='ocrx_word' id='word_1_646' title='bbox 2968 3183 3292 3254; x_wconf 82' lang='lat' dir='ltr'><strong>Byzantium</strong></span> <span class='ocrx_word' id='word_1_647' title='bbox 3344 3191 3399 3238; x_wconf 90' lang='lat' dir='ltr'><strong>et</strong></span> <span class='ocrx_word' id='word_1_648' title='bbox 3450 3185 3517 3238; x_wconf 85' lang='lat' dir='ltr'><strong>ad</strong></span> 
     </span>
    </p>
   </div>
   <div class='ocr_carea' id='block_1_95' title="bbox 1933 3277 3519 3349">
    <p class='ocr_par' dir='ltr' id='par_1_95' title="bbox 1933 3277 3519 3349">
     <span class='ocr_line' id='line_1_95' title="bbox 1933 3277 3519 3349; baseline -0.003 -13"><span class='ocrx_word' id='word_1_649' title='bbox 1933 3282 2075 3336; x_wconf 86' lang='lat' dir='ltr'><strong>alias</strong></span> <span class='ocrx_word' id='word_1_650' title='bbox 2116 3280 2288 3336; x_wconf 90' lang='lat' dir='ltr'><strong>urbes</strong></span> <span class='ocrx_word' id='word_1_651' title='bbox 2326 3280 2706 3334; x_wconf 85' lang='lat' dir='ltr'><strong>Romanorum</strong></span> <span class='ocrx_word' id='word_1_652' title='bbox 2741 3277 3050 3333; x_wconf 87' lang='lat' dir='ltr'><strong>maritimas</strong></span> <span class='ocrx_word' id='word_1_653' title='bbox 3073 3321 3087 3344; x_wconf 88' lang='lat'><strong>,</strong></span> <span class='ocrx_word' id='word_1_654' title='bbox 3129 3277 3519 3349; x_wconf 79' lang='lat' dir='ltr'><strong>navigantibus</strong></span> 
     </span>
    </p>
   </div>
   <div class='ocr_carea' id='block_1_96' title="bbox 1934 3372 3521 3446">
    <p class='ocr_par' dir='ltr' id='par_1_96' title="bbox 1934 3372 3521 3446">
     <span class='ocr_line' id='line_1_96' title="bbox 1934 3372 3521 3446; baseline -0.004 -16"><span class='ocrx_word' id='word_1_655' title='bbox 1934 3375 2203 3446; x_wconf 88' lang='lat' dir='ltr'><strong>portoria,</strong></span> <span class='ocrx_word' id='word_1_656' title='bbox 2239 3383 2297 3429; x_wconf 89' lang='lat' dir='ltr'><strong>et</strong></span> <span class='ocrx_word' id='word_1_657' title='bbox 2329 3375 2628 3445; x_wconf 88' lang='lat' dir='ltr'><strong>pecuniam</strong></span> <span class='ocrx_word' id='word_1_658' title='bbox 2679 3385 2886 3428; x_wconf 90' lang='lat' dir='ltr'><strong>certam</strong></span> <span class='ocrx_word' id='word_1_659' title='bbox 2938 3373 3138 3429; x_wconf 68' lang='lat' dir='ltr'><strong>mrario</strong></span> <span class='ocrx_word' id='word_1_660' title='bbox 3175 3372 3521 3428; x_wconf 83' lang='lat' dir='ltr'><strong>inferendam</strong></span> 
     </span>
    </p>
   </div>
   <div class='ocr_carea' id='block_1_97' title="bbox 1935 3463 3521 3536">
    <p class='ocr_par' dir='ltr' id='par_1_97' title="bbox 1935 3463 3521 3536">
     <span class='ocr_line' id='line_1_97' title="bbox 1935 3463 3521 3536; baseline -0.002 -16"><span class='ocrx_word' id='word_1_661' title='bbox 1935 3465 2201 3536; x_wconf 86' lang='lat' dir='ltr'><strong>imposuit</strong></span> <span class='ocrx_word' id='word_1_662' title='bbox 2236 3483 2248 3520; x_wconf 91' lang='lat'><strong>:</strong></span> <span class='ocrx_word' id='word_1_663' title='bbox 2286 3466 2380 3535; x_wconf 88' lang='lat' dir='ltr'><strong>qui</strong></span> <span class='ocrx_word' id='word_1_664' title='bbox 2416 3463 2564 3536; x_wconf 86' lang='lat' dir='ltr'><strong>quod</strong></span> <span class='ocrx_word' id='word_1_665' title='bbox 2595 3464 2758 3519; x_wconf 89' lang='lat' dir='ltr'><strong>aliter</strong></span> <span class='ocrx_word' id='word_1_666' title='bbox 2784 3480 2900 3518; x_wconf 81' lang='lat' dir='ltr'><strong>non</strong></span> <span class='ocrx_word' id='word_1_667' title='bbox 2947 3463 3191 3534; x_wconf 70' lang='lat' dir='ltr'><strong>possent,</strong></span> <span class='ocrx_word' id='word_1_668' title='bbox 3227 3464 3521 3534; x_wconf 88' lang='lat' dir='ltr'><strong>parebant,</strong></span> 
     </span>
    </p>
   </div>
   <div class='ocr_carea' id='block_1_98' title="bbox 1936 3554 3524 3628">
    <p class='ocr_par' dir='ltr' id='par_1_98' title="bbox 1936 3554 3524 3628">
     <span class='ocr_line' id='line_1_98' title="bbox 1936 3554 3524 3628; baseline -0.003 -12"><span class='ocrx_word' id='word_1_669' title='bbox 1936 3569 1994 3616; x_wconf 86' lang='lat' dir='ltr'><strong>et</strong></span> <span class='ocrx_word' id='word_1_670' title='bbox 2021 3574 2196 3628; x_wconf 86' lang='lat' dir='ltr'><strong>usque</strong></span> <span class='ocrx_word' id='word_1_671' title='bbox 2224 3559 2386 3614; x_wconf 84' lang='lat' dir='ltr'><strong>hodie</strong></span> <span class='ocrx_word' id='word_1_672' title='bbox 2421 3557 2650 3628; x_wconf 82' lang='lat' dir='ltr'><strong>vectigal</strong></span> <span class='ocrx_word' id='word_1_673' title='bbox 2678 3557 2949 3628; x_wconf 88' lang='lat' dir='ltr'><strong>pendunt.</strong></span> <span class='ocrx_word' id='word_1_674' title='bbox 2999 3554 3190 3610; x_wconf 81' lang='lat' dir='ltr'><strong>Veneti</strong></span> <span class='ocrx_word' id='word_1_675' title='bbox 3223 3567 3410 3612; x_wconf 89' lang='lat' dir='ltr'><strong>autem</strong></span> <span class='ocrx_word' id='word_1_676' title='bbox 3447 3568 3524 3612; x_wconf 88' lang='lat' dir='ltr'><strong>-et</strong></span> 
     </span>
    </p>
   </div>
   <div class='ocr_carea' id='block_1_99' title="bbox 1937 3649 3522 3720">
    <p class='ocr_par' dir='ltr' id='par_1_99' title="bbox 1937 3649 3522 3720">
     <span class='ocr_line' id='line_1_99' title="bbox 1937 3649 3522 3720; baseline -0.003 -14"><span class='ocrx_word' id='word_1_677' title='bbox 1937 3651 2283 3712; x_wconf 83' lang='lat' dir='ltr'><strong>Genuenses,</strong></span> <span class='ocrx_word' id='word_1_678' title='bbox 2315 3651 2438 3705; x_wconf 81' lang='lat' dir='ltr'><strong>freti</strong></span> <span class='ocrx_word' id='word_1_679' title='bbox 2465 3649 2713 3720; x_wconf 80' lang='lat' dir='ltr'><strong>potentia</strong></span> <span class='ocrx_word' id='word_1_680' title='bbox 2738 3665 2861 3715; x_wconf 89' lang='lat' dir='ltr'><strong>sua,</strong></span> <span class='ocrx_word' id='word_1_681' title='bbox 2893 3658 2950 3704; x_wconf 91' lang='lat' dir='ltr'><strong>et</strong></span> <span class='ocrx_word' id='word_1_682' title='bbox 2983 3649 3226 3716; x_wconf 86' lang='lat' dir='ltr'><strong>Ionium,</strong></span> <span class='ocrx_word' id='word_1_683' title='bbox 3255 3649 3522 3720; x_wconf 60' lang='lat' dir='ltr'><strong>iEgmum,</strong></span> 
     </span>
    </p>
   </div>
   <div class='ocr_carea' id='block_1_100' title="bbox 1935 3723 3528 3813">
    <p class='ocr_par' dir='ltr' id='par_1_100' title="bbox 1935 3723 3528 3813">
     <span class='ocr_line' id='line_1_100' title="bbox 1935 3723 3528 3813; baseline -0.002 -16"><span class='ocrx_word' id='word_1_684' title='bbox 1935 3723 2213 3798; x_wconf 64' lang='lat' dir='ltr'><strong>Euxinum</strong></span> <span class='ocrx_word' id='word_1_685' title='bbox 2251 3741 2424 3796; x_wconf 86' lang='lat' dir='ltr'><strong>maria</strong></span> <span class='ocrx_word' id='word_1_686' title='bbox 2470 3740 2684 3813; x_wconf 85' lang='lat' dir='ltr'><strong>magnis</strong></span> <span class='ocrx_word' id='word_1_687' title='bbox 2741 3739 3015 3796; x_wconf 86' lang='lat' dir='ltr'><strong>classibus</strong></span> <span class='ocrx_word' id='word_1_688' title='bbox 3044 3741 3528 3811; x_wconf 66' lang='lat' dir='ltr'><strong>circumnatigan-</strong></span> 
     </span>
    </p>
   </div>
   <div class='ocr_carea' id='block_1_101' title="bbox 1941 3832 3526 3906">
    <p class='ocr_par' dir='ltr' id='par_1_101' title="bbox 1941 3832 3526 3906">
     <span class='ocr_line' id='line_1_101' title="bbox 1941 3832 3526 3906; baseline -0.002 -17"><span class='ocrx_word' id='word_1_689' title='bbox 1941 3845 2022 3891; x_wconf 89' lang='lat' dir='ltr'><strong>tes</strong></span> <span class='ocrx_word' id='word_1_690' title='bbox 2055 3835 2146 3906; x_wconf 88' lang='lat' dir='ltr'><strong>(ad</strong></span> <span class='ocrx_word' id='word_1_691' title='bbox 2178 3849 2417 3904; x_wconf 89' lang='lat' dir='ltr'><strong>quorum</strong></span> <span class='ocrx_word' id='word_1_692' title='bbox 2440 3833 2630 3888; x_wconf 78' lang='lat' dir='ltr'><strong>littora</strong></span> <span class='ocrx_word' id='word_1_693' title='bbox 2669 3833 2837 3888; x_wconf 87' lang='lat' dir='ltr'><strong>urbes</strong></span> <span class='ocrx_word' id='word_1_694' title='bbox 2874 3849 3013 3903; x_wconf 89' lang='lat' dir='ltr'><strong>pene</strong></span> <span class='ocrx_word' id='word_1_695' title='bbox 3044 3847 3259 3900; x_wconf 87' lang='lat' dir='ltr'><strong>omnes,</strong></span> <span class='ocrx_word' id='word_1_696' title='bbox 3287 3841 3384 3888; x_wconf 86' lang='lat' dir='ltr'><strong>aut</strong></span> <span class='ocrx_word' id='word_1_697' title='bbox 3415 3832 3526 3888; x_wconf 80' lang='lat' dir='ltr'><strong>sal-</strong></span> 
     </span>
    </p>
   </div>
   <div class='ocr_carea' id='block_1_102' title="bbox 1940 3926 3521 3999">
    <p class='ocr_par' dir='ltr' id='par_1_102' title="bbox 1940 3926 3521 3999">
     <span class='ocr_line' id='line_1_102' title="bbox 1940 3926 3521 3999; baseline 0 -16"><span class='ocrx_word' id='word_1_698' title='bbox 1940 3941 2048 3984; x_wconf 90' lang='lat' dir='ltr'><strong>tem</strong></span> <span class='ocrx_word' id='word_1_699' title='bbox 2087 3928 2324 3998; x_wconf 89' lang='lat' dir='ltr'><strong>plurima</strong></span> <span class='ocrx_word' id='word_1_700' title='bbox 2357 3943 2485 3999; x_wconf 86' lang='lat' dir='ltr'><strong>pars</strong></span> <span class='ocrx_word' id='word_1_701' title='bbox 2535 3936 2668 3982; x_wconf 85' lang='lat' dir='ltr'><strong>tunc</strong></span> <span class='ocrx_word' id='word_1_702' title='bbox 2701 3927 2964 3982; x_wconf 81' lang='lat' dir='ltr'><strong>Romanis</strong></span> <span class='ocrx_word' id='word_1_703' title='bbox 3009 3926 3296 3994; x_wconf 84' lang='lat' dir='ltr'><strong>suberat),</strong></span> <span class='ocrx_word' id='word_1_704' title='bbox 3326 3928 3521 3996; x_wconf 84' lang='lat' dir='ltr'><strong>hujus-</strong></span> 
     </span>
    </p>
   </div>
   <div class='ocr_carea' id='block_1_103' title="bbox 1939 4018 3524 4090">
    <p class='ocr_par' dir='ltr' id='par_1_103' title="bbox 1939 4018 3524 4090">
     <span class='ocr_line' id='line_1_103' title="bbox 1939 4018 3524 4090; baseline 0 -16"><span class='ocrx_word' id='word_1_705' title='bbox 1939 4020 2090 4075; x_wconf 89' lang='lat' dir='ltr'><strong>modi</strong></span> <span class='ocrx_word' id='word_1_706' title='bbox 2118 4021 2432 4090; x_wconf 90' lang='lat' dir='ltr'><strong>portorium</strong></span> <span class='ocrx_word' id='word_1_707' title='bbox 2466 4020 2685 4075; x_wconf 75' lang='lat' dir='ltr'><strong>scivere</strong></span> <span class='ocrx_word' id='word_1_708' title='bbox 2716 4018 3120 4083; x_wconf 86' lang='lat' dir='ltr'><strong>detrectabant,</strong></span> <span class='ocrx_word' id='word_1_709' title='bbox 3150 4019 3524 4090; x_wconf 85' lang='lat' dir='ltr'><strong>volebantque</strong></span> 
     </span>
    </p>
   </div>
   <div class='ocr_carea' id='block_1_104' title="bbox 1939 4112 3530 4182">
    <p class='ocr_par' dir='ltr' id='par_1_104' title="bbox 1939 4112 3530 4182">
     <span class='ocr_line' id='line_1_104' title="bbox 1939 4112 3530 4182; baseline -0.001 -13"><span class='ocrx_word' id='word_1_710' title='bbox 1939 4129 2040 4182; x_wconf 87' lang='lat' dir='ltr'><strong>per</strong></span> <span class='ocrx_word' id='word_1_711' title='bbox 2067 4114 2254 4168; x_wconf 88' lang='lat' dir='ltr'><strong>omnia</strong></span> <span class='ocrx_word' id='word_1_712' title='bbox 2273 4113 2524 4180; x_wconf 86' lang='lat' dir='ltr'><strong>emporia</strong></span> <span class='ocrx_word' id='word_1_713' title='bbox 2555 4113 2962 4168; x_wconf 87' lang='lat' dir='ltr'><strong>immunitatem</strong></span> <span class='ocrx_word' id='word_1_714' title='bbox 2999 4113 3104 4168; x_wconf 86' lang='lat' dir='ltr'><strong>sibi</strong></span> <span class='ocrx_word' id='word_1_715' title='bbox 3138 4112 3390 4170; x_wconf 77' lang='lat' dir='ltr'><strong>concedi.</strong></span> <span class='ocrx_word' id='word_1_716' title='bbox 3423 4114 3530 4169; x_wconf 86' lang='lat' dir='ltr'><strong>lm-</strong></span> 
     </span>
    </p>
   </div>
   <div class='ocr_carea' id='block_1_105' title="bbox 1943 4203 3528 4277">
    <p class='ocr_par' dir='ltr' id='par_1_105' title="bbox 1943 4203 3528 4277">
     <span class='ocr_line' id='line_1_105' title="bbox 1943 4203 3528 4277; baseline -0.001 -15"><span class='ocrx_word' id='word_1_717' title='bbox 1943 4214 2202 4277; x_wconf 89' lang='lat' dir='ltr'><strong>perator,</strong></span> <span class='ocrx_word' id='word_1_718' title='bbox 2255 4206 2520 4276; x_wconf 85' lang='lat' dir='ltr'><strong>quoniam</strong></span> <span class='ocrx_word' id='word_1_719' title='bbox 2558 4203 2684 4260; x_wconf 85' lang='lat' dir='ltr'><strong>illos</strong></span> <span class='ocrx_word' id='word_1_720' title='bbox 2732 4216 2865 4260; x_wconf 88' lang='lat' dir='ltr'><strong>tunc</strong></span> <span class='ocrx_word' id='word_1_721' title='bbox 2916 4221 3020 4260; x_wconf 89' lang='lat' dir='ltr'><strong>nec</strong></span> <span class='ocrx_word' id='word_1_722' title='bbox 3065 4206 3248 4261; x_wconf 81' lang='lat' dir='ltr'><strong>verbis</strong></span> <span class='ocrx_word' id='word_1_723' title='bbox 3278 4221 3528 4269; x_wconf 86' lang='lat' dir='ltr'><strong>movere.</strong></span> 
     </span>
    </p>
   </div>
   <div class='ocr_carea' id='block_1_106' title="bbox 1941 4297 3530 4368">
    <p class='ocr_par' dir='ltr' id='par_1_106' title="bbox 1941 4297 3530 4368">
     <span class='ocr_line' id='line_1_106' title="bbox 1941 4297 3530 4368; baseline 0.001 -15"><span class='ocrx_word' id='word_1_724' title='bbox 1941 4311 2044 4353; x_wconf 89' lang='lat' dir='ltr'><strong>nec</strong></span> <span class='ocrx_word' id='word_1_725' title='bbox 2075 4297 2246 4353; x_wconf 86' lang='lat' dir='ltr'><strong>armis</strong></span> <span class='ocrx_word' id='word_1_726' title='bbox 2280 4311 2481 4368; x_wconf 78' lang='lat' dir='ltr'><strong>cogere</strong></span> <span class='ocrx_word' id='word_1_727' title='bbox 2503 4297 2746 4362; x_wconf 89' lang='lat' dir='ltr'><strong>valebat,</strong></span> <span class='ocrx_word' id='word_1_728' title='bbox 2775 4312 2900 4352; x_wconf 92' lang='lat' dir='ltr'><strong>cum</strong></span> <span class='ocrx_word' id='word_1_729' title='bbox 2924 4297 3316 4353; x_wconf 85' lang='lat' dir='ltr'><strong>Genuensibus</strong></span> <span class='ocrx_word' id='word_1_730' title='bbox 3345 4297 3530 4354; x_wconf 69' lang='lat' dir='ltr'><strong>fmdus</strong></span> 
     </span>
    </p>
   </div>
   <div class='ocr_carea' id='block_1_107' title="bbox 1941 4389 3523 4461">
    <p class='ocr_par' dir='ltr' id='par_1_107' title="bbox 1941 4389 3523 4461">
     <span class='ocr_line' id='line_1_107' title="bbox 1941 4389 3523 4461; baseline 0.002 -18"><span class='ocrx_word' id='word_1_731' title='bbox 1941 4399 2273 4461; x_wconf 89' lang='lat' dir='ltr'><strong>perpetuum</strong></span> <span class='ocrx_word' id='word_1_732' title='bbox 2315 4389 2610 4458; x_wconf 86' lang='lat' dir='ltr'><strong>percussit,</strong></span> <span class='ocrx_word' id='word_1_733' title='bbox 2671 4396 2732 4443; x_wconf 90' lang='lat' dir='ltr'><strong>ut</strong></span> <span class='ocrx_word' id='word_1_734' title='bbox 2759 4397 2946 4444; x_wconf 80' lang='lat' dir='ltr'><strong>essent</strong></span> <span class='ocrx_word' id='word_1_735' title='bbox 2989 4389 3212 4460; x_wconf 84' lang='lat' dir='ltr'><strong>quidem</strong></span> <span class='ocrx_word' id='word_1_736' title='bbox 3258 4405 3356 4460; x_wconf 86' lang='lat' dir='ltr'><strong>per</strong></span> <span class='ocrx_word' id='word_1_737' title='bbox 3395 4391 3523 4446; x_wconf 57' lang='lat' dir='ltr'><strong>uni-</strong></span> 
     </span>
    </p>
   </div>
   <div class='ocr_carea' id='block_1_108' title="bbox 1949 4469 3532 4554">
    <p class='ocr_par' dir='ltr' id='par_1_108' title="bbox 1949 4469 3532 4554">
     <span class='ocr_line' id='line_1_108' title="bbox 1949 4469 3532 4554; baseline 0.002 -16"><span class='ocrx_word' id='word_1_738' title='bbox 1949 4469 2144 4538; x_wconf 83' lang='lat' dir='ltr'><strong>versas</strong></span> <span class='ocrx_word' id='word_1_739' title='bbox 2213 4481 2380 4538; x_wconf 83' lang='lat' dir='ltr'><strong>urbes</strong></span> <span class='ocrx_word' id='word_1_740' title='bbox 2427 4490 2484 4554; x_wconf 82' lang='lat' dir='ltr'><strong>et</strong></span> <span class='ocrx_word' id='word_1_741' title='bbox 2536 4481 2785 4548; x_wconf 89' lang='lat' dir='ltr'><strong>emporia</strong></span> <span class='ocrx_word' id='word_1_742' title='bbox 2822 4481 3196 4537; x_wconf 79' lang='lat' dir='ltr'><strong>Romanorum</strong></span> <span class='ocrx_word' id='word_1_743' title='bbox 3257 4483 3532 4541; x_wconf 85' lang='lat' dir='ltr'><strong>immunes</strong></span> 
     </span>
    </p>
   </div>
   <div class='ocr_carea' id='block_1_109' title="bbox 1857 4575 3532 4658">
    <p class='ocr_par' dir='ltr' id='par_1_109' title="bbox 1857 4575 3532 4658">
     <span class='ocr_line' id='line_1_109' title="bbox 1857 4575 3532 4658; baseline 0.001 -26"><span class='ocrx_word' id='word_1_744' title='bbox 1857 4598 1910 4658; x_wconf 72' lang='grc' dir='ltr'><strong>ι)</strong></span> <span class='ocrx_word' id='word_1_745' title='bbox 1941 4580 2166 4647; x_wconf 85' lang='lat' dir='ltr'><strong>penitus</strong></span> <span class='ocrx_word' id='word_1_746' title='bbox 2205 4593 2216 4630; x_wconf 93' lang='lat'><strong>:</strong></span> <span class='ocrx_word' id='word_1_747' title='bbox 2254 4577 2442 4648; x_wconf 88' lang='lat' dir='ltr'><strong>aliquo</strong></span> <span class='ocrx_word' id='word_1_748' title='bbox 2469 4586 2652 4632; x_wconf 88' lang='lat' dir='ltr'><strong>tamen</strong></span> <span class='ocrx_word' id='word_1_749' title='bbox 2707 4575 2872 4631; x_wconf 89' lang='lat' dir='ltr'><strong>modo</strong></span> <span class='ocrx_word' id='word_1_750' title='bbox 2919 4576 3242 4646; x_wconf 86' lang='lat' dir='ltr'><strong>imperatori</strong></span> <span class='ocrx_word' id='word_1_751' title='bbox 3291 4578 3532 4650; x_wconf 80' lang='lat' dir='ltr'><strong>subjice-</strong></span> 
     </span>
    </p>
   </div>
   <div class='ocr_carea' id='block_1_110' title="bbox 1940 4666 3530 4738">
    <p class='ocr_par' dir='ltr' id='par_1_110' title="bbox 1940 4666 3530 4738">
     <span class='ocr_line' id='line_1_110' title="bbox 1940 4666 3530 4738; baseline 0.004 -16"><span class='ocrx_word' id='word_1_752' title='bbox 1940 4679 2158 4733; x_wconf 90' lang='lat' dir='ltr'><strong>rentur,</strong></span> <span class='ocrx_word' id='word_1_753' title='bbox 2205 4677 2262 4723; x_wconf 89' lang='lat' dir='ltr'><strong>et</strong></span> <span class='ocrx_word' id='word_1_754' title='bbox 2292 4709 2306 4734; x_wconf 95' lang='lat'><strong>,</strong></span> <span class='ocrx_word' id='word_1_755' title='bbox 2359 4668 2402 4722; x_wconf 86' lang='lat' dir='ltr'><strong>si</strong></span> <span class='ocrx_word' id='word_1_756' title='bbox 2444 4682 2588 4738; x_wconf 88' lang='lat' dir='ltr'><strong>opus</strong></span> <span class='ocrx_word' id='word_1_757' title='bbox 2628 4666 2810 4732; x_wconf 81' lang='lat' dir='ltr'><strong>foret,</strong></span> <span class='ocrx_word' id='word_1_758' title='bbox 2872 4667 3234 4724; x_wconf 83' lang='lat' dir='ltr'><strong>subsidiarias</strong></span> <span class='ocrx_word' id='word_1_759' title='bbox 3269 4669 3530 4727; x_wconf 87' lang='lat' dir='ltr'><strong>triremes</strong></span> 
     </span>
    </p>
   </div>
   <div class='ocr_carea' id='block_1_111' title="bbox 1938 4743 3524 4833">
    <p class='ocr_par' dir='ltr' id='par_1_111' title="bbox 1938 4743 3524 4833">
     <span class='ocr_line' id='line_1_111' title="bbox 1938 4743 3524 4833; baseline 0.003 -17"><span class='ocrx_word' id='word_1_760' title='bbox 1938 4743 2182 4816; x_wconf 50' lang='lat' dir='ltr'><strong>armat-as</strong></span> <span class='ocrx_word' id='word_1_761' title='bbox 2207 4761 2608 4833; x_wconf 84' lang='lat' dir='ltr'><strong>quinquaginta</strong></span> <span class='ocrx_word' id='word_1_762' title='bbox 2638 4762 2948 4831; x_wconf 84' lang='lat' dir='ltr'><strong>mitterent,</strong></span> <span class='ocrx_word' id='word_1_763' title='bbox 2979 4762 3314 4832; x_wconf 86' lang='lat' dir='ltr'><strong>imperatore</strong></span> <span class='ocrx_word' id='word_1_764' title='bbox 3345 4765 3524 4820; x_wconf 89' lang='lat' dir='ltr'><strong>solum</strong></span> 
     </span>
    </p>
   </div>
   <div class='ocr_carea' id='block_1_112' title="bbox 1939 4843 3525 4926">
    <p class='ocr_par' dir='ltr' id='par_1_112' title="bbox 1939 4843 3525 4926">
     <span class='ocr_line' id='line_1_112' title="bbox 1939 4843 3525 4926; baseline 0.003 -18"><span class='ocrx_word' id='word_1_765' title='bbox 1939 4855 2180 4926; x_wconf 82' lang='lat' dir='ltr'><strong>remiges</strong></span> <span class='ocrx_word' id='word_1_766' title='bbox 2229 4865 2286 4910; x_wconf 90' lang='lat' dir='ltr'><strong>et</strong></span> <span class='ocrx_word' id='word_1_767' title='bbox 2319 4854 2599 4924; x_wconf 85' lang='lat' dir='ltr'><strong>stipendia</strong></span> <span class='ocrx_word' id='word_1_768' title='bbox 2635 4853 2691 4908; x_wconf 91' lang='lat' dir='ltr'><strong>in</strong></span> <span class='ocrx_word' id='word_1_769' title='bbox 2725 4843 2974 4909; x_wconf 37' lang='lat' dir='ltr'><strong>.militcm</strong></span> <span class='ocrx_word' id='word_1_770' title='bbox 3005 4856 3421 4926; x_wconf 86' lang='lat' dir='ltr'><strong>suppeditante.</strong></span> <span class='ocrx_word' id='word_1_771' title='bbox 3468 4858 3525 4914; x_wconf 85' lang='lat' dir='ltr'><strong>Si</strong></span> 
     </span>
    </p>
   </div>
   <div class='ocr_carea' id='block_1_113' title="bbox 1942 4945 3535 5016">
    <p class='ocr_par' dir='ltr' id='par_1_113' title="bbox 1942 4945 3535 5016">
     <span class='ocr_line' id='line_1_113' title="bbox 1942 4945 3535 5016; baseline 0.001 -14"><span class='ocrx_word' id='word_1_772' title='bbox 1942 4947 2136 5002; x_wconf 88' lang='lat' dir='ltr'><strong>vacuis</strong></span> <span class='ocrx_word' id='word_1_773' title='bbox 2157 4956 2367 5016; x_wconf 79' lang='lat' dir='ltr'><strong>egeret,</strong></span> <span class='ocrx_word' id='word_1_774' title='bbox 2401 4945 2627 5000; x_wconf 88' lang='lat' dir='ltr'><strong>totidem</strong></span> <span class='ocrx_word' id='word_1_775' title='bbox 2666 4960 2924 5010; x_wconf 90' lang='lat' dir='ltr'><strong>numero,</strong></span> <span class='ocrx_word' id='word_1_776' title='bbox 2965 4954 3180 5000; x_wconf 88' lang='lat' dir='ltr'><strong>tantum</strong></span> <span class='ocrx_word' id='word_1_777' title='bbox 3207 4963 3330 5000; x_wconf 81' lang='lat' dir='ltr'><strong>cum</strong></span> <span class='ocrx_word' id='word_1_778' title='bbox 3361 4949 3535 5003; x_wconf 85' lang='lat' dir='ltr'><strong>armis</strong></span> 
     </span>
    </p>
   </div>
   <div class='ocr_carea' id='block_1_114' title="bbox 1943 5039 3532 5110">
    <p class='ocr_par' dir='ltr' id='par_1_114' title="bbox 1943 5039 3532 5110">
     <span class='ocr_line' id='line_1_114' title="bbox 1943 5039 3532 5110; baseline 0 -16"><span class='ocrx_word' id='word_1_779' title='bbox 1943 5050 1998 5094; x_wconf 90' lang='lat' dir='ltr'><strong>et</strong></span> <span class='ocrx_word' id='word_1_780' title='bbox 2036 5039 2314 5110; x_wconf 72' lang='lat' dir='ltr'><strong>praefectis</strong></span> <span class='ocrx_word' id='word_1_781' title='bbox 2368 5039 2720 5109; x_wconf 68' lang='lat' dir='ltr'><strong>praeberent,</strong></span> <span class='ocrx_word' id='word_1_782' title='bbox 2756 5046 2814 5091; x_wconf 91' lang='lat' dir='ltr'><strong>et</strong></span> <span class='ocrx_word' id='word_1_783' title='bbox 2846 5051 2960 5108; x_wconf 90' lang='lat' dir='ltr'><strong>quo</strong></span> <span class='ocrx_word' id='word_1_784' title='bbox 2995 5039 3262 5094; x_wconf 87' lang='lat' dir='ltr'><strong>bellatum</strong></span> <span class='ocrx_word' id='word_1_785' title='bbox 3305 5040 3532 5110; x_wconf 65' lang='lat' dir='ltr'><strong>proﬁci.</strong></span> 
     </span>
    </p>
   </div>
   <div class='ocr_carea' id='block_1_115' title="bbox 1940 5131 3529 5203">
    <p class='ocr_par' dir='ltr' id='par_1_115' title="bbox 1940 5131 3529 5203">
     <span class='ocr_line' id='line_1_115' title="bbox 1940 5131 3529 5203; baseline 0.003 -16"><span class='ocrx_word' id='word_1_786' title='bbox 1940 5140 2210 5198; x_wconf 87' lang='lat' dir='ltr'><strong>scerctur,</strong></span> <span class='ocrx_word' id='word_1_787' title='bbox 2234 5147 2302 5187; x_wconf 92' lang='lat' dir='ltr'><strong>eo</strong></span> <span class='ocrx_word' id='word_1_788' title='bbox 2319 5142 2712 5202; x_wconf 86' lang='lat' dir='ltr'><strong>sequerentur,</strong></span> <span class='ocrx_word' id='word_1_789' title='bbox 2738 5131 3081 5203; x_wconf 86' lang='lat' dir='ltr'><strong>eosdemque</strong></span> <span class='ocrx_word' id='word_1_790' title='bbox 3111 5148 3298 5187; x_wconf 85' lang='lat' dir='ltr'><strong>secum</strong></span> <span class='ocrx_word' id='word_1_791' title='bbox 3319 5134 3529 5191; x_wconf 88' lang='lat' dir='ltr'><strong>amicos</strong></span> 
     </span>
    </p>
   </div>
   <div class='ocr_carea' id='block_1_116' title="bbox 1921 5219 3530 5298">
    <p class='ocr_par' dir='ltr' id='par_1_116' title="bbox 1921 5219 3530 5298">
     <span class='ocr_line' id='line_1_116' title="bbox 1921 5219 3530 5298; baseline 0.002 -16"><span class='ocrx_word' id='word_1_792' title='bbox 1921 5219 2006 5282; x_wconf 84' lang='lat' dir='ltr'><strong>ac</strong></span> <span class='ocrx_word' id='word_1_793' title='bbox 2049 5227 2232 5284; x_wconf 88' lang='lat' dir='ltr'><strong>socios</strong></span> <span class='ocrx_word' id='word_1_794' title='bbox 2277 5226 2548 5282; x_wconf 87' lang='lat' dir='ltr'><strong>colerent.</strong></span> <span class='ocrx_word' id='word_1_795' title='bbox 2599 5227 2737 5283; x_wconf 85' lang='lat' dir='ltr'><strong>Cum</strong></span> <span class='ocrx_word' id='word_1_796' title='bbox 2775 5227 3036 5294; x_wconf 83' lang='lat' dir='ltr'><strong>Venetis,</strong></span> <span class='ocrx_word' id='word_1_797' title='bbox 3069 5229 3199 5298; x_wconf 85' lang='lat' dir='ltr'><strong>quia</strong></span> <span class='ocrx_word' id='word_1_798' title='bbox 3229 5230 3530 5286; x_wconf 83' lang='lat' dir='ltr'><strong>convenire</strong></span> 
     </span>
    </p>
   </div>
   <div class='ocr_carea' id='block_1_117' title="bbox 1942 5319 3528 5392">
    <p class='ocr_par' dir='ltr' id='par_1_117' title="bbox 1942 5319 3528 5392">
     <span class='ocr_line' id='line_1_117' title="bbox 1942 5319 3528 5392; baseline 0.001 -18"><span class='ocrx_word' id='word_1_799' title='bbox 1942 5319 2086 5374; x_wconf 89' lang='lat' dir='ltr'><strong>nihil</strong></span> <span class='ocrx_word' id='word_1_800' title='bbox 2121 5327 2358 5390; x_wconf 89' lang='lat' dir='ltr'><strong>poterat.</strong></span> <span class='ocrx_word' id='word_1_801' title='bbox 2401 5319 2588 5390; x_wconf 89' lang='lat' dir='ltr'><strong>pretio</strong></span> <span class='ocrx_word' id='word_1_802' title='bbox 2612 5319 2956 5376; x_wconf 87' lang='lat' dir='ltr'><strong>contendere</strong></span> <span class='ocrx_word' id='word_1_803' title='bbox 2987 5321 3284 5392; x_wconf 83' lang='lat' dir='ltr'><strong>cegitabat.</strong></span> <span class='ocrx_word' id='word_1_804' title='bbox 3325 5322 3528 5378; x_wconf 82' lang='lat' dir='ltr'><strong>Verum</strong></span> 
     </span>
    </p>
   </div>
   <div class='ocr_carea' id='block_1_118' title="bbox 1940 5404 3532 5484">
    <p class='ocr_par' dir='ltr' id='par_1_118' title="bbox 1940 5404 3532 5484">
     <span class='ocr_line' id='line_1_118' title="bbox 1940 5404 3532 5484; baseline 0 -16"><span class='ocrx_word' id='word_1_805' title='bbox 1940 5413 2088 5468; x_wconf 88' lang='lat' dir='ltr'><strong>bello</strong></span> <span class='ocrx_word' id='word_1_806' title='bbox 2118 5411 2228 5467; x_wconf 86' lang='lat' dir='ltr'><strong>alio</strong></span> <span class='ocrx_word' id='word_1_807' title='bbox 2258 5411 2469 5479; x_wconf 80' lang='lat' dir='ltr'><strong>maiore</strong></span> <span class='ocrx_word' id='word_1_808' title='bbox 2500 5412 2818 5484; x_wconf 79' lang='lat' dir='ltr'><strong>ingruente,</strong></span> <span class='ocrx_word' id='word_1_809' title='bbox 2839 5429 2870 5468; x_wconf 91' lang='lat' dir='ltr'><strong>a</strong></span> <span class='ocrx_word' id='word_1_810' title='bbox 2902 5427 3052 5482; x_wconf 80' lang='lat' dir='ltr'><strong>rege,</strong></span> <span class='ocrx_word' id='word_1_811' title='bbox 3083 5415 3332 5482; x_wconf 87' lang='lat' dir='ltr'><strong>inquam,</strong></span> <span class='ocrx_word' id='word_1_812' title='bbox 3363 5404 3532 5468; x_wconf 77' lang='lat' dir='ltr'><strong>Fran-</strong></span> 
     </span>
    </p>
   </div>
   <div class='ocr_carea' id='block_1_119' title="bbox 1941 5505 3531 5578">
    <p class='ocr_par' dir='ltr' id='par_1_119' title="bbox 1941 5505 3531 5578">
     <span class='ocr_line' id='line_1_119' title="bbox 1941 5505 3531 5578; baseline -0.001 -18"><span class='ocrx_word' id='word_1_813' title='bbox 1941 5505 2043 5560; x_wconf 67' lang='lat' dir='ltr'><strong>ciae</strong></span> <span class='ocrx_word' id='word_1_814' title='bbox 2077 5506 2278 5561; x_wconf 87' lang='lat' dir='ltr'><strong>Carolo</strong></span> <span class='ocrx_word' id='word_1_815' title='bbox 2330 5505 2496 5577; x_wconf 75' lang='lat'><strong>811</strong></span> <span class='ocrx_word' id='word_1_816' title='bbox 2537 5505 2987 5578; x_wconf 81' lang='lat' dir='ltr'><strong>(exspectabatur</strong></span> <span class='ocrx_word' id='word_1_817' title='bbox 3043 5507 3190 5560; x_wconf 90' lang='lat' dir='ltr'><strong>enim</strong></span> <span class='ocrx_word' id='word_1_818' title='bbox 3239 5520 3364 5560; x_wconf 87' lang='lat' dir='ltr'><strong>cum</strong></span> <span class='ocrx_word' id='word_1_819' title='bbox 3429 5520 3531 5575; x_wconf 61' lang='lat' dir='ltr'><strong>po-</strong></span> 
     </span>
    </p>
   </div>
   <div class='ocr_carea' id='block_1_120' title="bbox 1946 5591 3529 5667">
    <p class='ocr_par' dir='ltr' id='par_1_120' title="bbox 1946 5591 3529 5667">
     <span class='ocr_line' id='line_1_120' title="bbox 1946 5591 3529 5667; baseline -0.001 -18"><span class='ocrx_word' id='word_1_820' title='bbox 1946 5595 2082 5650; x_wconf 89' lang='lat' dir='ltr'><strong>tenti</strong></span> <span class='ocrx_word' id='word_1_821' title='bbox 2111 5597 2285 5650; x_wconf 84' lang='lat' dir='ltr'><strong>classe</strong></span> <span class='ocrx_word' id='word_1_822' title='bbox 2318 5595 2642 5667; x_wconf 79' lang='lat' dir='ltr'><strong>Byzantium</strong></span> <span class='ocrx_word' id='word_1_823' title='bbox 2673 5605 2991 5667; x_wconf 78' lang='lat' dir='ltr'><strong>venturoS),</strong></span> <span class='ocrx_word' id='word_1_824' title='bbox 3025 5606 3080 5652; x_wconf 90' lang='lat' dir='ltr'><strong>et</strong></span> <span class='ocrx_word' id='word_1_825' title='bbox 3111 5603 3339 5666; x_wconf 87' lang='lat' dir='ltr'><strong>parante</strong></span> <span class='ocrx_word' id='word_1_826' title='bbox 3369 5611 3429 5650; x_wconf 85' lang='lat' dir='ltr'><strong>se</strong></span> <span class='ocrx_word' id='word_1_827' title='bbox 3460 5591 3529 5650; x_wconf 86' lang='lat' dir='ltr'><strong>ad</strong></span> 
     </span>
    </p>
   </div>
   <div class='ocr_carea' id='block_1_121' title="bbox 1943 5677 3536 5760">
    <p class='ocr_par' dir='ltr' id='par_1_121' title="bbox 1943 5677 3536 5760">
     <span class='ocr_line' id='line_1_121' title="bbox 1943 5677 3536 5760; baseline -0.004 -14"><span class='ocrx_word' id='word_1_828' title='bbox 1943 5677 2194 5746; x_wconf 84' lang='lat' dir='ltr'><strong>navalem</strong></span> <span class='ocrx_word' id='word_1_829' title='bbox 2252 5707 2490 5760; x_wconf 81' lang='lat' dir='ltr'><strong>pugnam</strong></span> <span class='ocrx_word' id='word_1_830' title='bbox 2565 5691 2904 5760; x_wconf 84' lang='lat' dir='ltr'><strong>imperatore</strong></span> <span class='ocrx_word' id='word_1_831' title='bbox 2939 5729 2954 5755; x_wconf 88' lang='lat'><strong>,</strong></span> <span class='ocrx_word' id='word_1_832' title='bbox 3020 5688 3224 5758; x_wconf 85' lang='lat' dir='ltr'><strong>placuit</strong></span> <span class='ocrx_word' id='word_1_833' title='bbox 3270 5687 3324 5740; x_wconf 90' lang='lat' dir='ltr'><strong>in</strong></span> <span class='ocrx_word' id='word_1_834' title='bbox 3357 5699 3536 5740; x_wconf 79' lang='lat' dir='ltr'><strong>annos</strong></span> 
     </span>
    </p>
   </div>
   <div class='ocr_carea' id='block_1_122' title="bbox 1945 5775 3533 5850">
    <p class='ocr_par' dir='ltr' id='par_1_122' title="bbox 1945 5775 3533 5850">
     <span class='ocr_line' id='line_1_122' title="bbox 1945 5775 3533 5850; baseline -0.006 -12"><span class='ocrx_word' id='word_1_835' title='bbox 1945 5794 2130 5838; x_wconf 77' lang='lat' dir='ltr'><strong>certos</strong></span> <span class='ocrx_word' id='word_1_836' title='bbox 2161 5798 2287 5838; x_wconf 91' lang='lat' dir='ltr'><strong>cum</strong></span> <span class='ocrx_word' id='word_1_837' title='bbox 2321 5783 2549 5840; x_wconf 83' lang='lat' dir='ltr'><strong>Venetis</strong></span> <span class='ocrx_word' id='word_1_838' title='bbox 2580 5782 2836 5838; x_wconf 75' lang='lat' dir='ltr'><strong>inducias</strong></span> <span class='ocrx_word' id='word_1_839' title='bbox 2870 5781 3096 5850; x_wconf 83' lang='lat' dir='ltr'><strong>pacisci,</strong></span> <span class='ocrx_word' id='word_1_840' title='bbox 3149 5790 3210 5834; x_wconf 86' lang='lat' dir='ltr'><strong>ut</strong></span> <span class='ocrx_word' id='word_1_841' title='bbox 3237 5778 3282 5832; x_wconf 88' lang='lat' dir='ltr'><strong>si</strong></span> <span class='ocrx_word' id='word_1_842' title='bbox 3305 5775 3533 5847; x_wconf 80' lang='lat' dir='ltr'><strong>quando</strong></span> 
     </span>
    </p>
   </div>
   <div class='ocr_carea' id='block_1_123' title="bbox 1945 5867 3535 5947">
    <p class='ocr_par' dir='ltr' id='par_1_123' title="bbox 1945 5867 3535 5947">
     <span class='ocr_line' id='line_1_123' title="bbox 1945 5867 3535 5947; baseline -0.005 -13"><span class='ocrx_word' id='word_1_843' title='bbox 1945 5877 2098 5934; x_wconf 86' lang='lat' dir='ltr'><strong>bello</strong></span> <span class='ocrx_word' id='word_1_844' title='bbox 2153 5884 2351 5934; x_wconf 85' lang='lat' dir='ltr'><strong>contra</strong></span> <span class='ocrx_word' id='word_1_845' title='bbox 2381 5875 2642 5934; x_wconf 80' lang='lat' dir='ltr'><strong>Carolum</strong></span> <span class='ocrx_word' id='word_1_846' title='bbox 2675 5875 3100 5947; x_wconf 79' lang='lat' dir='ltr'><strong>defungeretur,</strong></span> <span class='ocrx_word' id='word_1_847' title='bbox 3150 5875 3389 5927; x_wconf 83' lang='lat' dir='ltr'><strong>exeunte</strong></span> <span class='ocrx_word' id='word_1_848' title='bbox 3431 5867 3535 5926; x_wconf 69' lang='grc' dir='ltr'>ίωιι</span> 
     </span>
    </p>
   </div>
   <div class='ocr_carea' id='block_1_124' title="bbox 3053 5958 3096 6026">
    <p class='ocr_par' dir='ltr' id='par_1_124' title="bbox 3053 5958 3096 6026">
     <span class='ocr_line' id='line_1_124' title="bbox 3053 5958 3096 6026; baseline 0 0"><span class='ocrx_word' id='word_1_849' title='bbox 3053 5958 3096 6026; x_wconf 78' lang='grc'><strong>’1</strong></span> 
     </span>
    </p>
   </div>
  </div>
