4056 6468
550 422 659 490 907

1735 416 2059 487 JOANNIS
2098 425 2139 484 C

2246 424 2486 486 TACUZ
2499 418 2625 488 ENI
3690 374 3783 491 2θὸ

552 540 739 595 (iebat.
801 539 877 593 Ae
929 538 1168 608 primum
1235 537 1456 607 quidem
1494 538 1566 591 ah
1596 547 1831 607 utroque
1864 539 2056 602 latere,
2083 549 2136 593 ct

2245 555 2343 591 σαν
2375 541 2455 601 είς
2482 540 2739 610 χρήματα
2760 522 3033 607 ἐμπόροις
3054 537 3364 608 ἐπιθέμενοι
3390 538 3516 603 τισὶ,
3549 543 3634 592 καὶ
3663 558 3786 609 κρι-

552 629 765 683 navaiis
822 639 878 683 et
936 629 1219 683 terrestris
1254 628 1409 699 copia
1462 628 1805 693 invadentes,
1838 629 1981 683 mdes
2030 645 2126 685 ex-

552 722 785 775 teriires
839 721 1123 789 (exceptis,
1174 736 1297 790 quae
1352 721 1454 774 sub
1521 720 1653 788 ipsis
1714 721 1887 773 muris
1947 719 2128 788 erant)

553 813 941 867 incenderunt.
973 811 1178 866 Deinde
1203 812 1396 883 agmen
1425 825 1492 865 ex
1526 810 1842 864 continente
1867 810 2130 880 frequen-

553 915 638 958 ter
679 905 733 958 in
785 904 905 958 dies
952 904 1197 972 singulos
1239 903 1505 973 impetum
1559 901 1817 967 faciebat,
1872 912 2132 971 arcteque

554 996 862 1062 obsidebat,
917 1005 976 1050 ut
1028 994 1250 1049 Latinos
1319 1010 1388 1049 ne
1440 992 1661 1064 prodire
1705 993 1927 1063 quidrm
1976 1003 2131 1049 extra

556 1102 746 1142 muros
787 1090 1155 1153 permitteret.
1182 1085 1441 1142 Navalem
1477 1099 1606 1140 vero
1630 1085 1844 1139 turbam
1875 1085 2133 1154 bipartito

556 1180 810 1234 dividens
861 1180 1185 1248 imperator,
1242 1193 1403 1232 unam
1452 1184 1662 1246 partem
1700 1177 1812 1232 illic
1873 1178 1943 1230 ad
1986 1176 2136 1232 obsi-

555 1272 777 1325 dionem
812 1268 1039 1339 reliquit
1081 1287 1094 1322 :
1132 1269 1363 1323 alterum
1400 1271 1454 1323 in
1485 1270 1720 1323 Pontum
1753 1267 1821 1323 ad
1860 1266 2136 1324 Genuates

555 1360 834 1414 vexandos
874 1360 1042 1423 misit,
1084 1360 1232 1428 quod
1264 1358 1700 1413 cumulatissime
1725 1357 2131 1427 praestiterunt;

556 1465 683 1502 nam
722 1458 776 1503 et
829 1464 1061 1519 merces,
1097 1458 1154 1503 et
1206 1457 1544 1503 mercatores
1568 1463 1677 1502 non
1726 1462 1931 1519 paucos
1966 1447 2137 1502 inter-

554 1548 840 1607 ceperant,
872 1547 925 1593 ct
988 1540 1272 1594 onerarias
1328 1539 1526 1595 multas
1576 1548 1925 1595 exusserant.
1970 1531 2136 1595 Ubi'e

555 1629 731 1683 Ponto
759 1630 1067 1697 redierunt,
1094 1631 1161 1685 ad
1211 1631 1398 1702 oppidi
1436 1633 1899 1702 expugnationem
1947 1646 2008 1687 se
2044 1630 2136 1686 in-

556 1732 904 1786 struxerunt,
954 1738 1267 1793 quanquam
1323 1724 1655 1793 imperatore
1704 1725 2010 1794 nimiopere
2042 1724 2137 1779 ad-

557 1826 835 1881 versante,
869 1816 1334 1885 existimanteque
1357 1830 1549 1871 muros
1568 1816 1957 1881 validissimos,
1993 1816 2137 1871 mul-

558 1909 628 1963 tis
691 1908 1197 1979 propugnatoribus
1246 1883 1428 1979 supra
1476 1909 1784 1964 astantibus
1833 1908 1982 1963 nulla
2041 1883 2214 1978 speB

556 2000 874 2056 obtinenda:
922 2001 1170 2056 victoriae
1240 2000 1445 2055 adoriri
1514 2013 1625 2054 non
1705 2009 1983 2070 oportere,
2040 2000 2137 2056 sed

557 2092 960 2162 longinquitate
990 2092 1296 2147 obsidionis
1322 2092 1510 2162 potius
1545 2107 1660 2148 rem
1696 2092 2010 2149 confectum
2042 2093 2135 2159 iri,

557 2198 622 2238 ac
652 2183 869 2238 Venetae
922 2184 1118 2239 classis
1174 2183 1459 2238 Nicolaum
1523 2182 1782 2238 Pisanum
1813 2174 1883 2238 oli
1931 2182 1984 2237 id
2022 2198 2140 2239 mo-

557 2283 761 2339 nente,
812 2275 899 2330 cui
967 2283 1028 2330 ut
1102 2275 1462 2329 inexercitato
1527 2275 1785 2329 tentanda
1849 2273 2140 2331 videbatur

557 2369 917 2438 oppugnatio,
941 2368 1147 2437 quique
1175 2368 1452 2421 Romanos
1478 2381 1633 2436 aeque
1669 2381 1860 2422 omnes
1891 2366 2137 2430 notabat,

556 2459 987 2529 quodammodo,
1015 2458 1171 2527 quasi
1213 2473 1313 2527 per
1341 2473 1534 2512 eorum
1565 2457 1912 2512 timiditatem
1945 2465 2137 2523 staret,

557 2548 858 2619 quominus
896 2544 1088 2602 Galata
1124 2556 1436 2617 caperetur.
1460 2546 1605 2616 quod
1635 2544 1893 2601 facillime
1930 2552 2137 2617 posset,

557 2642 604 2697 si
663 2642 896 2697 Romani
968 2655 1154 2696 secum
1218 2640 1365 2695 vires
1418 2637 1674 2694 alacriter
1739 2637 2137 2693 consociarent.

556 2732 832 2799 Quocirca
859 2734 1180 2804 imperator,
1211 2730 1315 2786 etsi
1361 2729 1772 2786 evidentissime
1801 2729 1987 2794 sciret,
2013 2744 2140 2785 eum

557 2818 950 2895 aggredifquaa
1001 2824 1324 2892 prudentem
1370 2836 1434 2876 ac
1466 2820 1708 2891 peritum
1761 2819 1959 2876 ducem
2028 2836 2140 2875 non

556 2916 838 2979 docerent,
890 2922 1073 2968 tamen
1132 2926 1201 2967 ne
1261 2926 1384 2982 qua:
1428 2910 1670 2966 obtineri
1727 2919 1974 2981 possent,
2025 2912 2143 2981 ipse

558 3009 796 3076 quadam
846 3005 1061 3077 ignavia
1107 3019 1138 3057 e
1204 3003 1460 3058 manibus
1495 3002 1774 3060 dimisisse
1829 3011 2140 3072 putaretur,

559 3097 735 3153 Latini
784 3097 1098 3168 spiritibus
1122 3095 1541 3161 obsecundavit,
1596 3103 1653 3150 et
1715 3109 1838 3149 cum
1897 3094 2003 3148 alia
2074 3094 2141 3149 ad

554 3190 1021 3263 oppugnationem
1054 3196 1181 3259 apta
1207 3187 1567 3259 comparavit,
1605 3195 1719 3242 tum
1746 3186 1909 3241 binas
1943 3202 2143 3241 onera-

553 3284 668 3339 rias
726 3282 1075 3354 prtegr-audes
1129 3282 1440 3352 conjunxit,
1503 3288 1561 3334 et
1606 3290 1874 3350 quantum
1938 3280 2139 3349 potuit,

556 3375 808 3429 trabibus
826 3372 1131 3442 copulavit,
1153 3371 1503 3441 ligueamque
1534 3371 1732 3424 turrim
1765 3371 2139 3440 superposuit,

552 3463 727 3536 814
799 3464 957 3535 cujus
1022 3461 1259 3517 altitudo
1304 3460 1513 3516 Galatae
1574 3476 1763 3517 muros
1826 3464 2139 3535 excederet.

556 3557 753 3611 Turris
775 3555 866 3609 illa
897 3554 1143 3609 tabulata
1176 3551 1414 3609 habebat
1446 3553 1567 3618 tria,
1605 3554 1658 3607 in
1696 3553 1901 3623 quibus
1938 3552 2143 3609 milites

558 3648 928 3703 consistentes
974 3655 1303 3717 pugnarent.
1354 3645 1437 3701 Ab
1505 3646 1695 3701 eadem
1768 3646 1879 3701 duo
1936 3660 2144 3700 cornua

559 3740 876 3812 longissima
898 3738 1347 3808 projiciebautur,
1366 3752 1489 3808 quae
1513 3753 1687 3808 usque
1709 3738 1775 3793 ad
1798 3736 1998 3799 muenia
2022 3752 2148 3807 per-

557 3846 791 3888 ventura
819 3831 1413 3901 existimabant,super
1433 3832 1636 3901 quibus
1662 3829 1799 3885 fabri
1844 3830 2146 3899 compactis

560 3927 734 3982 instar
774 3924 1002 3980 tabulati
1043 3923 1320 3978 asseribus
1348 3932 1570 3992 pontem
1608 3920 1676 3976 ad
1703 3936 1892 3976 muros
1933 3929 2145 3976 strave-

560 4026 706 4072 rant.
742 4015 1056 4071 Credebant
1080 4023 1285 4080 autem,
1312 4013 1380 4069 iis
1412 4014 1505 4084 qui
1527 4013 1596 4068 de
1629 4011 1766 4066 turri
1807 4011 2144 4081 pugnabant,

562 4116 684 4162 tuto
740 4104 1062 4161 transeundi
1106 4104 1451 4167 facultatem,
1480 4102 1877 4173 praebentibus,
1919 4090 2145 4172 magna;

560 4202 742 4254 nimos
791 4199 1060 4269 quosdam
1113 4198 1239 4253 inde
1288 4211 1635 4269 progressos,
1676 4210 1801 4251 cum
1856 4195 2145 4266 oppidanis

560 4287 1065 4365 propugnatoribus
1094 4292 1148 4345 in
1178 4307 1336 4346 muro
1360 4291 1777 4356 commissuros,
1795 4298 1852 4345 et
1880 4285 2141 4343 victuros.

560 4386 631 4441 Et
678 4386 1036 4455 processisset
1088 4385 1197 4439 illis
1244 4385 1549 4449 inventum,
1613 4386 1661 4440 si
1718 4393 1963 4440 extrema
2018 4397 2145 4437 cor-

562 4493 734 4532 nuum
780 4492 954 4548 usque
1009 4477 1077 4531 ad
1135 4477 1338 4533 moenia
1395 4476 1813 4546 pertinuissent.
1859 4475 1964 4529 bed
2012 4474 2143 4543 quia

2231 630 2499 699 τὴσαντες
2539 630 2801 687 ὁλκάδων.
2848 632 2939 683 Ἐκ
2985 631 3040 682 δὲ
3090 631 3278 683 τούτου
3332 633 3411 695 εἰς
3446 632 3535 685 τον
3578 633 3790 701 πόλεμον

2233 719 2602 789 κατέστησαν,
2656 721 2749 772 καὶ
2780 721 2954 789 μέγας
2986 719 3374 790 ἀνερριπίσθη,
3430 721 3523 774 καὶ
3550 722 3787 789 χρήματα

2232 810 2334 862 οὐκ
2392 808 2571 878 ὁλίγα,
2610 811 2706 864 καὶ
2736 812 2985 880 τριήρεις
3028 810 3309 865 ἀπώλοντο
3365 810 3459 879 ἀφ’
3513 812 3790 880 ἑκατέρων.

2232 901 2369 955 Τότε
2401 902 2445 956 δ’
2474 898 2568 956 οὖν
2601 902 2719 954 ἐπεὶ
2762 902 2860 974 καὶ
2911 901 3164 972 βασιλεὺς
3204 904 3511 965 Βενετικοῖς
3542 901 3792 971 συνεξώρ-

2239 1007 2379 1060 μητο
2430 992 2565 1062 πρὸς
2621 991 2712 1045 τὸν
2761 990 3015 1061 πόλεμον,
3053 993 3300 1061 τριήρεις
3358 1011 3418 1046 τε
3449 994 3683 1063 ἐπλήρου
3714 994 3794 1047 καὶ

2236 1080 2509 1152 θαλάττης
2543 1083 2769 1155 ἐκράτει
2795 1082 2938 1152 μετά
2966 1081 3078 1135 τῶν
3098 1084 3162 1136 ἐκ
3192 1082 3468 1149 Βενετίας,
3503 1086 3595 1136 καὶ
3623 1085 3682 1137 ἐκ
3708 1086 3796 1154 τῆς

2234 1174 2469 1244 ἠπείρου
2503 1173 2725 1242 πέμψας
2771 1173 3059 1244 στρατιὰν,
3114 1173 3449 1243 ἐπολιόρκει,
3500 1175 3593 1227 καὶ
3626 1176 3799 1245 πρῶτα

2239 1265 2342 1337 μὲν
2373 1265 2712 1335 ἑκατέρωθεν
2751 1266 2787 1337 ἡ
2828 1282 2888 1318 τε
2915 1264 3147 1337 ναυτικὴ
3199 1268 3295 1319 καὶ
3351 1266 3551 1336 ἱππικὴ
3591 1267 3799 1337 δύναμις

2239 1356 2667 1424 προσϐαλόντες,
2731 1356 2832 1416 τὰς
2882 1356 2988 1422 ἔξω
3027 1356 3249 1411 Γαλατᾶ
3291 1358 3599 1428 ἐνέπρησαν
3640 1360 3799 1423 οἰκίας

2238 1449 2418 1514 πάσας
2471 1451 2611 1522 πλὴν
2664 1448 2888 1518 ὀλίγων,
2939 1450 2997 1504 αἶ
3039 1451 3146 1505 ὑπὸ
3191 1452 3309 1513 τοῖς
3355 1450 3595 1521 τείχεσιν
3632 1451 3798 1515 αὐτοῖς

2237 1537 2398 1613 ἦσαν.
2435 1545 2669 1597 Ἔπειτα
2707 1545 2840 1613 ἡμῖν
2874 1543 3195 1613 ὴπειρῶτις,
3248 1544 3455 1613 συχνὰς
3500 1545 3798 1616 καθημέραν

2239 1636 2535 1707 ποιουμένη
2574 1636 2672 1699 τὰς
2707 1636 2950 1705 ἐφόδους,
3008 1636 3253 1706 ἀκριϐῶς
3325 1636 3658 1706 ἐπολιόρκει,
3713 1637 3798 1689 καὶ

2238 1726 2359 1781 οὐδὲ
2395 1727 2711 1798 προϐαίνειν
2740 1729 2827 1781 εῖα
2871 1726 3067 1796 τειχῶν
3096 1726 3202 1791 ἔξω
3230 1727 3360 1788 τοὶς
3389 1726 3672 1788 Λατίνους.
3702 1725 3798 1797 Τὴν

2241 1818 2505 1889 ναυτικὴν
2551 1816 2607 1872 δὲ
2653 1821 2680 1871 ὁ
2717 1818 2973 1890 βασιλεὺς
3021 1820 3101 1883 εἰς
3158 1819 3252 1871 δύο
3308 1818 3523 1880 διελὼν,
3560 1818 3652 1888 τὴν
3691 1817 3795 1887 μὲν,

2241 1909 2407 1963 αὑτοῦ
2434 1909 2697 1963 κατέλιπε
2723 1911 2785 1963 τὸ
2813 1911 3074 1981 φρούριον
3126 1910 3463 1979 πολιορκεῖν,
3502 1911 3595 1977 τὴν
3625 1910 3798 1977 ἑτέραν

2239 2002 2296 2057 δὲ
2319 2001 2568 2071 ἔπεμπεν
2606 2001 2699 2055 ἐπὶ
2737 2002 2938 2055 Πόντον
2979 2002 3045 2055 τὰ
3081 2001 3414 2055 Γεννουῖτῶν
3438 1990 3795 2061 κακὼσδυσιν,

2240 2093 2335 2146 καὶ
2403 2094 2694 2147 ἐκάκωσαν
2753 2091 3140 2147 ἐπιπλεῖστονο
3210 2092 3518 2163 χρημάτων
3583 2108 3639 2145 τε
3697 2090 3794 2160 γὰρ

2239 2184 2573 2256 ἐκράτησαν,
2626 2186 2723 2239 καὶ
2748 2186 3010 2256 ἐμπόρων
3053 2185 3154 2238 οὐκ
3180 2187 3408 2252 ὀλίγων,
3440 2184 3537 2238 καὶ
3578 2181 3790 2242 ὁλκάδας

2239 2278 2552 2349 ἐνέπρησαν
2570 2277 2794 2340 πολλάς.
2813 2278 2966 2331 Ἐπεὶ
2992 2276 3049 2330 δὲ
3074 2276 3357 2347 ἐπανῆκον
3387 2278 3451 2330 ἐκ
3470 2275 3563 2329 τοῦ
3585 2276 3791 2335 Πόντου,

2240 2368 2720 2442 παρεσκευάζοντο
2755 2368 2893 2440 πρὸς
2926 2368 3026 2439 τὴν
3060 2370 3440 2440 τειχομαχίαν,
3476 2368 3647 2421 καίτοι
3703 2367 3797 2435 μά·

2239 2462 2397 2515 λιστα
2420 2460 2684 2531 βασιλέως
2715 2460 3176 2530 ἀπαγορεύοντος,
3207 2461 3306 2514 καὶ
3330 2460 3406 2531 μὴ
3436 2459 3545 2512 δεῖν
3572 2457 3793 2526 οἰομένου

2238 2553 2476 2624 τείχεσιν
2508 2552 2896 2622 ὀχυρωτάτοις,
2921 2553 3016 2607 καὶ
3038 2552 3272 2615 πολλοὺς
3301 2554 3429 2617 τοὺς
3452 2549 3793 2622 ἀμυνομένους

2239 2644 2456 2715 ἔχουσιν
2486 2645 2855 2715 ἐφεστηκότας
2914 2643 3280 2714 προσϐάλλειν
3318 2632 3575 2713 οὐδεμιᾶς
3598 2639 3782 2699 ἐλπιδος

2241 2735 2407 2806 οὔσης
2460 2736 2844 2806 περιγίνεσθαι
2884 2738 2995 2798 τοῖς
3038 2735 3261 2798 ὅπλοις·
3301 2735 3438 2789 ἀλλά
3472 2732 3661 2802 μᾶλλον
3688 2744 3790 2800 χρυ-

2240 2827 2338 2897 νίῳ
2368 2826 2802 2897 κατεργάζεσθαι
2825 2826 3133 2898 πολιορκίᾳ,
3163 2825 3261 2880 καὶ
3289 2826 3369 2898 τῷ
3394 2826 3502 2880 τῶν
3528 2819 3785 2878 Βενετικῶν

2241 2918 2602 2989 ναυαρχοῦντι
2632 2919 2887 2988 Νικολάῳ
2915 2918 2992 2989 τῷ
3032 2919 3281 2991 Πισσαίῳ
3308 2918 3697 2991 παραινοῦντος
3715 2909 3776 2979 τῷ

2240 3008 2320 3070 δὲ,
2350 2998 2523 3060 ἐδόκει
2557 3008 2756 3079 μᾶλλον
2775 3012 3124 3080 τειχομαχεῖν
3159 3010 3253 3062 ὑπ’
3287 3013 3565 3081 ἀπειρίας,
3589 3010 3670 3062 καὶ
3691 3004 3779 3058 τῶν

2253 3097 2538 3167 Ῥωμαίων
2583 3099 2743 3169 ἐῴκει
2792 3099 3011 3165 ὁμαλῶς
3046 3100 3452 3162 καθάπτεσθαι,
3507 3101 3579 3164 ὡς
3606 3099 3686 3151 διὰ
3706 3095 3784 3165 τὴν

2243 3182 2509 3253 ἀτολμίαν
2571 3187 2722 3255 σφῶν
2766 3186 2983 3241 Γαλατᾶ
3029 3187 3317 3243 ἀναλώτου
3354 3190 3601 3261 μένοντος
3644 3188 3791 3256 ῥᾷστα

2243 3273 2569 3344 δυναμένου,
2618 3278 2666 3329 εί
2698 3277 2905 3341 αὐτοῖς,
2963 3277 3058 3331 καὶ
3106 3277 3375 3348 Ῥωμαῖοι
3415 3277 3793 3350 συμπροθυμη’

2245 3366 2411 3421 θεῖεν.
2441 3368 2519 3421 Δι’
2552 3368 2588 3422 ἃ
2635 3368 2663 3420 ὁ
2697 3369 2971 3439 βασιλεὺς,
3006 3372 3100 3424 καί
3144 3387 3227 3424 τοι
3262 3372 3503 3441 μάλιστα
3533 3370 3698 3432 εἰδὼς,
3734 3364 3799 3424 ὼξ

2243 3459 2315 3511 οὺ
2336 3462 2703 3530 προσήκουσιν
2732 3461 3017 3532 ἐμφρονοι,
3053 3463 3147 3517 καὶ
3178 3464 3347 3535 δεινῷ
3393 3454 3671 3535 στρατηγῷ
3693 3460 3797 3511 ἑπι-

2244 3554 2439 3622 χειρεῖ,
2464 3553 2614 3621 ὅμως
2644 3554 2915 3619 ἐπείθετο,
2945 3555 3033 3608 διὰ
3062 3555 3131 3608 ca
3156 3554 3395 3628 φύσημα
3424 3555 3516 3610 τοῦ
3552 3552 3762 3609 Λατίνου
3783 3560 3796 3577 ⁸

2245 3646 2340 3695 καὶ
2369 3642 2428 3695 τὸ
2455 3645 2529 3713 μὴ
2560 3644 2736 3698 δοκεῖν
2758 3647 2850 3697 ὑπ’
2880 3646 3142 3715 ἀτολμίας
3180 3647 3476 3716 προΐεσθαι
3507 3645 3573 3700 τὰ
3596 3638 3798 3701 δυνατὰ»

2246 3736 2343 3789 καὶ
2391 3735 2526 3789 ἀλλα
2577 3753 2637 3788 τε
2693 3736 3174 3807 παρεσκευάζοντο
3225 3739 3514 3812 ἐπιτήδεια
3545 3737 3680 3807 πρὸς
3716 3732 3800 3802 τὴν

2247 3829 2626 3899 τειχομαχίαν,
2650 3831 2744 3882 καὶ
2764 3831 2996 3894 ὁλκάδας
3030 3832 3406 3903 μυριοφόρους
3435 3832 3686 3896 συζεύξας
3701 3826 3799 3888 δύο.

2247 3920 2340 3973 καὶ
2387 3921 2460 3984 ὡς
2516 3920 2749 3990 μάλιστα
2782 3922 2911 3992 ἐνῆν
2963 3922 3141 3986 δοκοῖς
3185 3925 3450 3993 μεγάλοις
3484 3919 3797 3992 ἐφαρμόσας,

2247 4011 2440 4066 ἔπειτα
2503 4013 2712 4085 πύργον
2775 4013 2987 4079 ξύλινον
3047 4016 3359 4086 ἐπέστησεν
3423 4020 3515 4071 ἐπὶ
3570 4008 3799 4069 τοσοῦτον

2249 4103 2418 4174 ὕψους
2448 4105 2670 4175 ἥκοντα,
2702 4104 2843 4159 ὥστε
2874 4102 3013 4160 εἶναι
3038 4107 3144 4161 τῶν
3174 4108 3394 4163 Γαλατᾶ
3426 4105 3799 4178 μετεωρότερον

2247 4199 2442 4269 τειχῶν
2464 4215 2476 4229 ·
2508 4198 2714 4266 ὀροφάς
2740 4216 2799 4252 τε
2834 4194 2946 4268 εἷχε
2982 4200 3151 4272 τρεῖς,
3204 4200 3263 4266 ἐξ
3288 4196 3364 4255 ὧν
3393 4200 3614 4273 ἔμελλον
3649 4190 3802 4248 ἑστῶ-

2246 4308 2338 4352 τες
2372 4291 2420 4343 οί
2452 4290 2668 4344 ὁπλῖται
2703 4290 2997 4361 μάχεσθαι.
3043 4292 3177 4346 Ἀπὸ
3214 4292 3271 4345 δὲ
3303 4294 3398 4347 τοῦ
3429 4292 3660 4362 πύργου,
3689 4298 3803 4352 προ·

2249 4383 2583 4455 ϐεϐλημέναι
2608 4378 2748 4453 ἦσαν
2773 4382 2867 4436 δύο
2898 4386 3116 4454 κεραῖαι
3168 4385 3429 4455 μέγισται
3484 4380 3715 4452 μεγέθει,
3746 4372 3801 4432 ἃς

2248 4473 2416 4545 ᾤοντο
2444 4474 2766 4529 διικνεῖσθαι
2796 4473 2923 4546 ἄχρι
2957 4475 3066 4529 τῶν
3124 4478 3352 4546 τειχῶν,
3398 4474 3487 4541 ἐφ’
3511 4473 3575 4535 ἃς
3613 4468 3801 4522 σανίσιν

563 4585 673 4649 non
703 4585 896 4640 parum
927 4569 1254 4640 longitudini
1287 4568 1501 4635 deerat,
1529 4568 1782 4623 machina
1814 4566 1993 4621 inanis
2017 4565 2141 4620 fuit.

2249 4569 2298 4622 οί
2322 4568 2668 4638 δημιουργοὶ,
2693 4566 2883 4637 ὥσπερ
2916 4567 3213 4632 ἀναϐάσεις
3264 4568 3504 4640 θέμενοι,
3534 4563 3647 4618 ὁδὸν
3694 4571 3798 4649 ch

568 4660 815 4715 Similem
849 4670 1095 4730 pontem,
1133 4662 1345 4731 absque
1375 4659 1538 4723 turri,
1572 4660 1737 4714 etiam
1787 4656 2149 4713 Phaceolatus

567 4759 934 4821 protostrator
976 4753 1133 4822 jussu
1191 4751 1543 4821 imperatoris
1571 4763 1739 4818 super
1787 4746 1983 4817 grandi
2013 4760 2149 4801 one-

568 4843 715 4895 raria
773 4841 1006 4905 fecit,et
1060 4843 1321 4896 extremis
1379 4841 1644 4895 cornibus
1696 4841 1932 4909 ligneam
1994 4837 2148 4893 basin

569 4947 666 4987 seu
696 4933 1016 4988 craticulam
1071 4933 1355 5001 imposuit,
1393 4933 1472 4985 ita
1516 4931 1901 4999 compositam,
1939 4940 1998 4984 ut
2029 4930 2153 4999 qui-

571 5025 802 5079 busdam
836 5023 1063 5079 l'unibus
1093 5034 1148 5077 et
1195 5023 1443 5078 vectibus
1483 5037 1650 5091 super
1688 5022 1890 5092 quibus
1909 5021 2149 5092 jacehat,

570 5128 912 5179 moveretur,
947 5132 1123 5185 eoque
1149 5117 1294 5186 ligna
1338 5116 1448 5185 igni
1480 5117 1677 5170 alendo
1702 5116 1897 5169 idonea
1923 5129 2152 5185 conges-

572 5211 665 5275 sit,
714 5224 782 5264 eo
814 5208 1066 5272 consilio,
1120 5218 1181 5262 ut
1208 5207 1490 5262 incensam
1536 5208 1631 5261 uni
1685 5207 1917 5262 turrium
1948 5206 2155 5262 Galata:

572 5304 886 5372 imponeret
951 5301 1129 5371 (erant
1179 5300 1327 5354 enim
1386 5300 1661 5369 pleraeque
1706 5301 1853 5371 ligno
1911 5312 2153 5369 superne

575 5394 951 5464 constructae),
1009 5408 1120 5464 quo
1168 5409 1265 5463 per
1303 5393 1499 5469 turrim
1544 5393 1709 5446 etiam
1752 5391 1897 5447 (edes
1935 5391 2155 5445 ﬂamma

575 5496 745 5542 vento
780 5494 961 5541 stante
992 5484 1511 5557 comprehenderet.
1549 5484 1656 5540 Sed
1695 5486 1843 5540 enim
1891 5484 2155 5539 cornibus

579 5575 993 5639 deficientibus,
1029 5576 1084 5630 in
1146 5576 1381 5631 nihilum
1442 5576 1641 5631 recidit
1701 5576 1820 5646 ejus
1870 5575 2152 5645 cogitatio.

578 5669 817 5726 Tertiam
851 5669 1077 5739 insuper
1114 5670 1422 5724 machinam
1452 5666 1647 5724 Veneti
1698 5678 1954 5741 tanquam
1982 5665 2155 5720 scalas

578 5777 609 5816 a
636 5760 762 5815 navi
788 5759 854 5815 ad
889 5775 1076 5814 muros
1119 5761 1367 5815 fabricati
1400 5768 1548 5813 sunt.
1578 5758 1787 5814 Paratis
1813 5759 1923 5827 jam
1957 5772 1985 5809 a
2020 5754 2156 5809 mari

574 5851 858 5922 omnibus,
889 5853 1053 5909 etiam
1077 5869 1107 5909 a
1138 5854 1457 5910 continente
1484 5867 1604 5923 qua:
1628 5866 1767 5921 opus
1806 5858 1987 5911 erant,
2019 5864 2157 5917 pra:-

2251 4656 2668 4712 κατεσκεύασαν
2722 4658 2832 4711 ἀπὸ
2883 4659 2980 4711 τοῦ
3050 4658 3265 4729 πύργου
3318 4662 3590 4731 φέρουσαν
3619 4655 3705 4707 ἐπὶ
3747 4648 3801 4700 τὰ

2251 4749 2427 4819 τείχη.
2461 4750 2649 4820 ’ῼοντο
2672 4749 2728 4803 δέ
2748 4749 2824 4811 ὡς
2852 4751 2956 4803 τῶν
2974 4751 3081 4803 ἀπὸ
3113 4750 3208 4804 τοῦ
3245 4754 3459 4822 πύργου
3508 4743 3803 4819 μαχομένων

2252 4840 2435 4895 ἄδειαν
2465 4839 2875 4910 παρεχομένων,
2912 4840 3007 4893 καὶ
3040 4838 3324 4910 ῥᾳστώνην
3353 4838 3490 4908 πρὸς
3535 4834 3629 4902 τὴν
3655 4824 3803 4919 δίοδον

2254 4926 2321 4981 δι’
2349 4927 2521 4996 αὐτῆς
2564 4927 2674 4979 τῶν
2720 4925 2973 4995 εὐψύχων
3008 4928 3151 4988 τινὲς
3192 4923 3528 4992 συμϐαλοῦσι
3574 4918 3677 4977 τοῖς
3726 4914 3804 4996 ἐπὶ

2257 5021 2372 5082 τοῖς
2405 4995 2630 5089 τείχεσι,
2665 5018 2758 5070 κα)⁸
2801 5017 3143 5086 κρατήσουσι
3176 5016 3557 5085 βαλλομένους,
3597 5005 3686 5061 καὶ
3713 4995 3805 5054 ἀπὸ

2256 5110 2351 5164 τοῦ
2380 5110 2613 5182 πύργου.
2649 5110 2714 5163 Ὃ
2746 5108 2851 5162 κᾶν
2884 5106 3248 5179 προύχώρησε
3282 5108 3424 5162 κατὰ
3463 5103 3559 5174 τὴν
3588 5096 3805 5182 ἐπίνοιαν

2256 5202 2464 5267 αὐτοῖς,
2498 5202 2546 5253 εί
2579 5201 2633 5254 αί
2666 5202 2884 5270 κεραῖαι
2932 5199 3060 5270 ἄχρι
3107 5198 3436 5268 ἀφικνοῦντο
3471 5193 3578 5246 τῶν
3613 5192 3803 5270 τειχωνΔ,

2259 5265 2583 5347 ἀποδέουσαι
2636 5292 2692 5346 δὲ
2729 5265 3129 5362 ὁφθεῖσαινοὺκ
3158 5265 3388 5359 νὸλίγον,
3439 5287 3706 5354 ἄπρακτον
3753 5265 3806 5318 τὸ

2263 5388 2562 5456 μηχάνημα
2586 5387 2825 5439 ἐποίουν.
2856 5383 3043 5456 Ταύτῃ
3076 5385 3129 5436 δὲ
3159 5384 3354 5453 ὁμοίαν
3385 5378 3521 5447 πλὴν
3565 5368 3654 5424 τοῦ

2261 5495 2385 5546 γου,
2420 5482 2514 5531 καὶ
2542 5479 2895 5539 Φακεωλάτος
2920 5478 2947 5529 ὁ
2969 5475 3412 5547 πρωτοστράτωρ
3441 5455 3803 5547 κατεσκενξνβ

2260 5585 2322 5620 το
2365 5565 2628 5637 βασιλέως
2666 5564 3091 5635 προστεταχότο;
3160 5559 3411 5632 μηχανὴν
3460 5552 3544 5623 ἐφ’
3581 5542 3800 5601 ὁλκάδος,

2263 5662 2356 5713 καὶ
2396 5659 2555 5720 αὐτὸς
2599 5657 2862 5728 μεγάληςἱ
2897 5658 2983 5709 ἐπ’
3009 5658 3205 5727 ἄκραις
3240 5656 3297 5710 δὲ
3351 5651 3552 5708 ἐκεῖνος
3580 5640 3802 5739 fciam;

2267 5752 2469 5822 ραὶαις,
2531 5753 2767 5819 ἐσχάραν
2818 5750 3059 5817 ἐπέθηκε
3118 5748 3372 5818 ξυλίνην,
3432 5738 3570 5793 οὕτω
3614 5718 3799 5822 δὲηγή

2265 5848 2474 5917 ἐσχάρα
2526 5844 3037 5914 κατεσκευασμένη,
3074 5841 3214 5895 ὥστε
3254 5833 3522 5896 κινεῖσθαι
3550 5820 3803 5883 καλωδίοις
