4056 6528
589 347 697 412 215
1802 355 2125 421 JOANNIS

2249 364 2698 430 .NTACUZENI
3725 384 3812 454 916

585 463 814 534 aggredi
853 470 1186 519 moraretur.
1216 463 1516 523 Iuducebat
1548 477 1729 525 autem
1769 472 1893 527 illos
1926 474 1994 528 ad
2018 491 2146 528 arm:

2277 478 2376 548 τὴν
2426 482 2770 553 ἐπιχείρησιν
2830 502 3132 558 παρῃνουν.
3212 488 3491 560 Ἐνήγοντο
3530 493 3584 547 δὲ
3641 496 3812 556 ἐκεῖνοι

580 555 753 627 818
801 555 949 612 inter
988 558 1352 627 imperatores
1409 559 1766 617 instauranda
1820 579 1927 619 non
1980 581 2146 635 parun

2275 571 2418 642 πρὸς
2442 574 2503 626 τὸ
2526 577 2697 628 κινεῖν
2719 577 2828 630 τῶν
2852 555 3123 648 βασιλέων
3151 580 3289 651 πρὸς
3313 555 3565 653 ἀλλήλους
3606 587 3810 660 πόλεμον

579 649 860 704 vitiositas
920 657 978 704 et
1005 651 1275 720 nequitia,
1306 667 1416 722 qua
1455 654 1539 707 vel
1570 655 1638 708 ad
1673 655 1893 711 infanda
1934 665 2146 728 prompt

2279 662 2378 733 οὐχ
2433 660 2597 751 ᾖττον
2626 667 2727 735 μὲν
2765 669 2863 722 καὶ
2889 671 3112 741 τρόπων
3168 649 3480 743 φαυλότητι,
3517 678 3607 729 καὶ
3642 649 3813 751 μοχθη.

580 739 926 805 ferebantur,
965 744 1154 812 potius
1211 756 1392 798 tamen
1443 746 1707 813 promissa
1739 763 1769 802 a
1801 747 1962 803 Crale
2001 764 2141 819 pecu

2280 753 2394 823 ρίᾳ,
2493 757 2586 810 καὶ
2613 757 2750 827 πρὸς
2794 759 2863 813 τὰ
2898 739 3157 830 ανίσχιστα
3183 739 3440 831 ἐξῆγοντο
3461 739 3812 836 ἑτοίμοιςίμέ-

579 837 690 897 nia,
716 835 758 888 si
789 836 991 891 bellum
1012 838 1156 890 inter
1187 838 1685 894 Retnanositerum
1715 839 2146 895 inﬂammassent

2276 846 2434 901 λιστα
2468 848 2524 902 δὲ
2556 850 2651 902 καὶ
2688 852 2935 921 χρήμασι
2968 851 3348 925 διεφθάρησαν
3378 855 3509 924 πρὸς
3558 835 3752 926 Κράλη,
3774 860 3814 910 εἰ

577 943 771 982 eorum
806 924 1024 983 animos
1064 929 1482 995 depravaverat.
1523 930 1732 997 Quibus
1762 931 1948 1003 junior
1995 933 2146 1002 impe

2275 941 2368 993 τὸν
2395 940 2533 1009 πρὸς
2563 941 3138 1013 ἀλλήλουςῬωμαίων
3168 924 3326 1010 αὖθις
3359 946 3592 1017 πόλεμον
3612 924 3811 1003 κινοῖεν.

579 1026 748 1083 ratur,
783 1028 972 1089 utpote
1016 1020 1335 1075 calliditatis
1382 1032 1441 1093 et
1488 1037 1806 1077 sermonum
1838 1033 2005 1092 atque
2048 1038 2139 1078 mo

2275 1022 2369 1092 Οἷς
2397 1030 2427 1082 ό
2469 1029 2590 1093 νέος
2640 1030 2917 1102 βασιλεὺς,
2971 1031 3070 1087 ἀτε
3102 1032 3169 1105 δὴ
3206 1034 3342 1104 πρὸς
3376 1036 3714 1104 πανουργίας,
3736 1039 3815 1089 καὶ

579 1124 701 1161 rum
735 1111 1067 1180 (orruptela:
1109 1106 1337 1166 omnino
1380 1113 1607 1181 ignarus
1663 1124 1717 1168 et
1745 1115 2087 1184 inexpertus,
2116 1131 2145 1170 e

2272 1118 2581 1190 διαφθορὰς
2599 1123 2694 1175 καὶ
2714 1122 2865 1192 βίων,
2894 1123 2992 1176 καὶ
3026 1124 3202 1193 λόγων
3234 1125 3577 1180 παντάπασιν
3604 1126 3816 1195 ἀπείρως

577 1213 731 1269 :equa
774 1200 1164 1273 fruetuosaque
1215 1203 1474 1268 suaderi,-
1508 1220 1573 1258 ac
1600 1204 1707 1260 sibi
1743 1206 1955 1261 studeri
1995 1216 2146 1261 ratus

2273 1211 2432 1280 ἔχων,
2467 1214 2564 1267 καὶ
2612 1214 2799 1268 δίκαια
2833 1215 3209 1284 βουλεύεσθαι,
3245 1218 3341 1270 καὶ
3382 1219 3716 1287 συμφέροντα
3739 1235 3814 1271 vo-

579 1297 1028 1364 nhtemperavit:
1076 1306 1132 1351 et
1193 1296 1437 1365 profecto
1491 1297 1927 1365 inimicissimos,
1961 1301 2146 1370 quiqut

2275 1301 2337 1371 μί
2348 1320 2464 1376 ξας,
2488 1303 2585 1357 καὶ
2613 1304 2713 1373 τὴν
2745 1304 2987 1374 σπουδὴν
3010 1306 3154 1376 ὑπὲρ
3186 1305 3351 1358 αὐτοῦ
3380 1304 3664 1367 ποιεῖσθαι,
3689 1303 3814 1355 ἐπεί-

576 1386 649 1441 ob
695 1387 802 1441 vile
837 1386 1123 1453 lucellum,
1156 1399 1211 1443 et
1263 1403 1493 1459 parvum
1545 1393 1937 1461 compendium
1984 1394 2144 1464 ipsuu

2271 1393 2397 1446 θετό
2432 1410 2516 1460 τε,
2549 1394 2642 1447 καὶ
2675 1397 2735 1447 ἐν
2760 1395 2876 1458 τοῖς
2913 1394 3149 1463 μάλιστα
3173 1395 3285 1448 τῶν
3309 1394 3477 1463 φίλων
3509 1391 3687 1445 έταττε
3708 1390 3813 1453 τοὺς

573 1492 697 1531 eum
736 1478 998 1533 universo
1050 1479 1283 1549 imperio
1330 1480 1720 1550 prodiderunt,
1756 1497 1858 1553 pro
1895 1486 2138 1540 amicissi

2271 1485 2720 1554 πολεμιωτάτους
2749 1486 2826 1549 ὡς
2854 1485 3099 1557 ἀληθῶς,
3128 1484 3225 1539 καὶ
3251 1484 3475 1555 κέρδους
3501 1479 3709 1555 μικροῦ,
3737 1481 3813 1532 καὶ

574 1570 678 1624 mis
708 1570 902 1625 habuit
931 1588 944 1625 :
981 1571 1314 1641 quibuscum
1366 1574 1675 1629 deliberare
1716 1576 1906 1645 οωρὶι,
1933 1576 2081 1633 unde
2110 1593 2141 1633 e

2266 1577 2557 1648 λήμματος
2598 1576 2760 1632 αὐτόν
2786 1595 2867 1644 τε,
2902 1577 2996 1632 καὶ
3030 1578 3333 1649 σύμπασαν
3384 1575 3670 1646 ἡγεμονίαν
3696 1588 3812 1641 προέ-

572 1664 849 1733 quomodo
899 1663 1105 1719 bellum
1150 1675 1348 1720 contra
1385 1681 1640 1723 socerum
1678 1668 2012 1725 institueret.
2044 1669 2146 1724 Pa.

2266 1669 2535 1735 διδόντας,
2600 1671 2697 1725 καὶ
2744 1670 3045 1723 ἐσκέπτετο
3080 1672 3180 1724 σὺν
3232 1670 3417 1731 αὐτοῖς
3441 1707 3456 1734 ,
3510 1667 3626 1721 ὅθεν
3653 1683 3707 1718 τε
3734 1665 3811 1716 καὶ

570 1756 687 1810 cuit
722 1756 914 1826 igitur,
945 1756 1269 1826 priusquam
1294 1760 1548 1813 consulta
1571 1770 1913 1825 emanarent,
1939 1762 2146 1817 Andro-

2265 1763 2415 1825 ὅπως
2452 1763 2547 1817 τὸν
2579 1764 2713 1834 πρὸς
2749 1762 2978 1833 βασιλέα
3014 1763 3106 1817 τὸν
3142 1762 3409 1833 κηδεστὴν
3447 1760 3675 1828 πόλεμον
3700 1757 3811 1810 dva-

570 1853 757 1905 nieum
807 1850 1044 1906 Asanem
1101 1849 1555 1907 Thessalonicam
1617 1855 1934 1920 removeri,
1996 1872 2146 1926 querr

2266 1823 2465 1926 κινοίη.
2507 1823 2715 1910 Ἐδόκει
2749 1823 2815 1926 δὴ
2845 1858 2958 1910 δεῖν
3008 1856 3139 1928 πρὶν
3199 1823 3447 1908 ἔκπυστα
3487 1823 3724 1921 γενέσθαι
3751 1846 3809 1899 τὰ

569 1944 905 1998 acerrimum
936 1944 1061 1999 fore
1077 1945 1479 2009 adversarium,
1516 1962 1622 2002 nec
1651 1948 1829 2003 solum
1861 1948 2075 2014 alioqui
2101 1965 2146 2005 se

2265 1948 2688 2020 βεϐουλευμένα,
2758 1949 2997 2020 Ἀσάνην
3061 1951 3157 2005 τὸν
3209 1947 3546 2017 Ἀνδρόνικον
3603 1941 3807 2011 ἀφιστᾷν

569 2037 979 2105 oppositurum.
1028 2037 1122 2091 sed
1157 2047 1213 2092 et
1242 2038 1519 2108 juniorcm
1545 2040 1934 2110 imperatorem
1970 2044 2146 2098 admo-

2261 2040 2696 2108 Θεσσαλονίκηςδ
2729 2042 3058 2093 ὑπώπτεοον
3092 2042 3202 2111 γὰρ
3250 2041 3461 2094 ἐκεῖνον
3492 2039 3559 2091 τὰ
3605 2036 3808 2106 μέγιστα

566 2131 818 2184 ni:urum
860 2129 1221 2195 verebantur,
1250 2132 1327 2185 uti
1355 2144 1558 2187 conatu
1596 2143 1708 2198 tam,
1747 2136 1885 2189 male
1908 2136 2158 2192 ominato

566 2225 881 2289 desisteret,
911 2240 1046 2280 neve
1093 2224 1386 2295 imperium
1425 2225 1607 2296 (cujus
1641 2228 1802 2297 paulo
1833 2239 1962 2294 post
2002 2230 2155 2284 futu-

568 2333 665 2372 rus
727 2318 800 2373 sit
851 2319 1131 2383 dominus,
1183 2318 1228 2373 si
1278 2333 1407 2389 erga
1457 2335 1711 2375 socerum
1764 2321 2153 2391 imperatorem

565 2409 740 2477 probe
791 2419 847 2462 et
896 2408 1132 2463 candide
1187 2425 1247 2464 se
1296 2409 1550 2481 gesserit)
1607 2410 1790 2465 sciens
1844 2428 1908 2466 ac
1966 2413 2157 2468 volens

567 2498 974 2568 pessumdaret.
1009 2500 1154 2565 Ergo
1185 2515 1310 2554 eum
1356 2516 1481 2554 cum
1525 2500 1879 2555 simulatione.
1900 2504 2157 2559 amicitia:

567 2590 858 2656 adeuntes,
906 2600 1317 2646 sacramentum
1378 2592 1586 2648 silentii
1647 2594 1892 2663 exigunt,
1921 2596 2171 2666 junioris-

568 2680 926 2749 imperatoris
995 2681 1370 2736 secretissima
1440 2682 1833 2752 patefacturos.
1894 2684 2007 2761 Ubi.
2046 2686 2155 2741 ﬁde

560 2772 802 2840 jnrantis
875 2780 1100 2840 accepta
1169 2775 1288 2827 ausi
1341 2784 1470 2829 sunt
1528 2775 1739 2837 ﬁdere,
1798 2791 1925 2832 cum
1996 2777 2155 2834 Crale

432 2925 441 2935 .
514 2865 772 2934 ‘bellum
829 2881 1022 2920 socero
1097 2866 1442 2922 inferendum
1516 2870 1833 2940 pepigisse,
1904 2871 2153 2941 nihilque

562 2958 740 3026 pactis
769 2966 823 3012 et
846 2958 1132 3013 conventis
1154 2960 1347 3014 deesse
1382 2970 1632 3026 narrant,
1669 2960 1994 3034 Cralemque
2028 2980 2153 3034 pro-

559 3049 893 3118 pensissimo
912 3050 1097 3105 studio
1123 3061 1179 3105 et
1202 3051 1487 3107 alacritate
1515 3054 1835 3123 imperatori
1854 3044 2153 3127 opitulatu-

2261 2132 2709 2198 ἐναντιώσεσθαι,
2780 2133 2841 2185 οὐ
2913 2132 3075 2202 μόνον
3134 2129 3649 2199 ἀντικαθιστάμενον
3692 2127 3808 2194 πρὸς

2258 2225 2453 2289 τᾶλλα,
2482 2224 2620 2278 ἀλλά
2666 2224 2760 2278 καὶ
2786 2224 2999 2295 βασιλεί
3041 2223 3121 2293 τῷ
3178 2224 3288 2294 νέῳ
3316 2218 3679 2293 παραινοῦντα
3718 2216 3808 2269 τῶν

2260 2317 2484 2371 ἀτόπων
2532 2315 2838 2387 ἀπέχεσθαι
2891 2318 3325 2385 ἐπιχειρήσεων,
3363 2314 3458 2368 καὶ
3495 2312 3567 2382 μὴ
3593 2305 3807 2375 διιιιφθεί⁴

2262 2426 2376 2479 ρειν
2406 2410 2505 2477 τὴν
2553 2406 2857 2477 ἡγεμονίαν
2912 2407 3115 2473 ἑκοντὶ,
3155 2399 3223 2477 ἦς
3256 2405 3436 2458 ἔσοιτο
3467 2402 3647 2472 κύριος
3688 2395 3806 2466 μετά

2260 2498 2456 2570 μικρὸν
2485 2503 2534 2552 εἰ
2565 2499 2705 2569 πρὸς
2738 2499 2965 2569 βασιλέα
2993 2500 3085 2552 τὸν
3123 2497 3396 2569 κηδεστὴν
3428 2490 3799 2561 εὐγνωμονοίην

2258 2593 2354 2645 καὶ
2380 2590 2772 2662 προσελθόντες
2808 2595 2865 2644 ἐν
2900 2591 3259 2662 πριωχήματι
3295 2590 3476 2660 φιλίας
3506 2586 3683 2657 πρῶτα
3717 2582 3799 2650 μὲν

2255 2684 2451 2754 ὅρκους
2486 2682 2757 2755 ἀπῄτουν,
2796 2683 2941 2737 ὥστε
2992 2682 3339 2752 καταδήλους
3373 2682 3448 2753 μὴ
3478 2680 3664 2739 ποιεῖν,
3697 2674 3800 2745 μὲλ-

2254 2775 2448 2841 λοντας
2504 2774 2873 2830 ἐκκαλύπτειν
2916 2775 2983 2828 τὰ
3023 2775 3263 2844 μάλιστα
3292 2775 3584 2846 ἀπόρρητα
3616 2766 3684 2838 τῷ
3706 2766 3790 2831 νέῳ

2257 2870 2487 2941 βασιλεῖ.
2522 2871 2759 2923 Ἔπειτα
2795 2869 2918 2922 ἐπεὶ
2963 2867 3276 2938 ἐλάμϐανον
3307 2868 3407 2931 τὰς
3444 2864 3662 2926 πίστεις,
3711 2856 3788 2909 καὶ

2251 2960 2394 3035 ἦσαν
2424 2964 2482 3015 ἐν
2513 2960 2841 3032 πεποιθήσει
2871 2960 3057 3032 δῆθεν,
3101 2960 3332 3029 βασιλέα
3376 2959 3468 3013 τὸν
3500 2959 3612 3013 νέον
3637 2954 3786 3015 ἔλεγον

2258 3055 2550 3111 συνθέσθαι
2585 3056 2782 3126 Κρά).ῃ
2814 3056 2909 3108 ἐπὶ
2934 3054 3010 3123 τῷ
3039 3054 3281 3124 πόλεμον
3319 3055 3490 3108 κινεῖν
3512 3049 3642 3106 κατά
3670 3046 3795 3116 βασι-

558 3158 702 3197 rum.
723 3142 860 3198 Cum
892 3152 1074 3198 autem
1106 3144 1152 3198 is
1181 3147 1264 3199 vir
1294 3144 1361 3199 ad
1394 3159 1480 3199 res
1501 3145 1903 3213 perturbandas
1930 3164 1993 3204 ac
2026 3166 2122 3220 per

2258 3149 2397 3212 λέως
2423 3147 2516 3200 τοῦ
2553 3144 2842 3218 κηδεστοῦ,
2876 3145 2972 3200 καὶ
2999 3145 3215 3210 οὐδενὸς
3250 3145 3338 3200 ἔτι
3369 3144 3535 3199 ἐνδεῖν
3578 3139 3695 3211 πρὸς
3716 3133 3798 3193 τὶς

558 3237 864 3292 miscendas
882 3238 954 3293 sit
975 3238 1339 3308 appositus,et
1364 3238 1481 3292 foro
1506 3239 1579 3292 uti
1604 3241 1838 3306 noverit,
1860 3242 2025 3298 etiam
2046 3243 2150 3298 hoc

556 3330 712 3386 valre
760 3330 1126 3401 excogitasse,
1163 3346 1272 3401 quo
1327 3330 1692 3400 imperatnres
1739 3347 1767 3386 a
1798 3335 2148 3390 resarcienda

557 3424 852 3478 concordia
889 3424 1187 3478 alieniores
1239 3424 1450 3486 reddat,
1492 3436 1550 3479 ut
1586 3427 1762 3494 ipsum
1794 3426 2005 3482 obsidis
2028 3429 2149 3483 loco

558 3516 832 3585 accipiat;
869 3516 1134 3573 simulare
1181 3520 1350 3583 enim,
1390 3537 1499 3575 non
1541 3535 1599 3575 se
1627 3519 1797 3575 ﬁdere
1827 3522 2147 3591 imperatori

552 3614 792 3681 juniori,
818 3630 887 3668 ne
909 3614 1048 3669 forte
1083 3617 1370 3682 exercitui,
1411 3632 1571 3686 quem
1604 3616 1677 3671 sit
1700 3616 1984 3686 suppetias
2015 3615 2148 3671 mis-

557 3720 744 3763 surus.
784 3704 1100 3770 insidietur,
1142 3722 1381 3777 cumque
1418 3709 1719 3779 composita
1775 3722 1898 3763 cum
1944 3705 2146 3763 Canta»

557 3812 769 3853 cuzeno
801 3802 1184 3855 controversia
1225 3800 1532 3870 disperdat.
1569 3799 1650 3855 Ob
1678 3799 1784 3854 hoc
1818 3808 1877 3853 ut
1909 3800 2144 3855 Asancm

556 3888 804 3945 obsidem
837 3890 1093 3960 accipiat,
1148 3893 1542 3962 imperatorem
1604 3906 1820 3960 urgere.
1855 3889 1959 3957 Qui
2009 3907 2149 3960 quo-

556 3983 705 4038 niam
755 3982 960 4037 bellum
1012 4000 1237 4041 movere
1297 3985 1577 4049 statuerit,
1616 3983 1965 4053 maximeque
2018 3983 2144 4038 Tri-

554 4068 829 4131 ballorum
880 4076 1149 4131 auxilium
1191 4086 1435 4147 expetat,
1492 4076 1806 4133 necessario
1856 4075 2137 4131 annuisse.

554 4170 687 4237 Qua:
725 4171 1111 4241 perpendenda
1138 4172 1270 4232 sint,
1295 4178 1350 4226 et
1378 4170 1709 4226 invenienda
1735 4170 2008 4235 machina,
2034 4186 2142 4238 qua

551 4264 660 4319 sibi
719 4275 774 4318 et
836 4265 1093 4334 praesenti
1123 4278 1308 4319 rerum
1366 4262 1670 4318 conditioni
1725 4262 2001 4319 consulat.
2050 4261 2142 4318 Sic

553 4356 631 4410 iili
686 4357 1031 4427 probabilem
1087 4356 1339 4412 fraudem
1400 4364 1729 4412 nexuerunt.
1762 4356 1972 4411 Asanes
2010 4355 2139 4425 quia

553 4447 878 4516 imposturte
934 4446 1100 4518 hujus
1152 4456 1271 4502 erat
1330 4447 1554 4501 nescius
1594 4448 1779 4517 (norat
1834 4446 1983 4500 enim
2043 4460 2139 4498 eos

2256 3241 2583 3312 συμϐάσεις.
2647 3239 2871 3311 Κραλην
2928 3240 2984 3294 δὲ
3025 3239 3426 3309 προθυμότατα
3482 3236 3578 3307 μὲν
3623 3229 3801 3284 ἐθέλειν

2256 3333 2469 3406 βασιλεῖ
2502 3333 2577 3404 τῷ
2608 3334 2713 3403 νέῳ
2741 3333 3076 3404 συμμαχεῖν,
3127 3331 3223 3385 κα)⁵
3276 3334 3461 3386 πᾶσαν
3495 3328 3629 3397 ὑπὲρ
3656 3316 3801 3377 αὐτοῦ

2252 3428 2346 3481 καὶ
2382 3427 2618 3497 σπουδὴν
2641 3424 3046 3487 ἐνδείκνυσθαι,
3077 3425 3170 3478 καὶ
3212 3424 3543 3496 προθυμίαν,
3568 3417 3727 3474 δεινὸν
3754 3412 3803 3463 δὲ

2250 3517 2378 3573 ὄντα
2410 3517 2751 3589 ταράξαικαὶ
2785 3517 3015 3587 συγχέαι
3041 3518 3373 3588 πράγματα,
3397 3519 3494 3571 καὶ
3520 3506 3806 3586 χρήσασθαι

2251 3611 2641 3682 προσηκόντως
2674 3611 2788 3674 τοῖς
2816 3612 3034 3680 καιροῖς
3072 3610 3169 3664 καὶ
3195 3610 3346 3664 τοῦτ’
3395 3600 3800 3672 ἐπινενοηκέναι»

2250 3702 2317 3754 ἶν’
2344 3700 2675 3771 ἀσυμϐάτως
2726 3700 2928 3771 μᾶλλον
2960 3699 3108 3772 ἔχειν
3152 3699 3557 3781 παρασκευάσῃ
3580 3695 3696 3755 τοὺς
3724 3688 3803 3781 βπέ

2251 3794 2463 3859 σιλέας,
2496 3794 2555 3847 τὸ
2589 3794 2659 3866 σὲᾼ
2675 3792 2984 3863 βούλεσθαι,
3017 3779 3215 3865 ὥσπερ·
3238 3794 3452 3866 ὅμηρον
3481 3790 3694 3845 λαϐεῖν·
3722 3779 3801 3835 καὶ

2250 3888 2547 3940 σκέπτεται
2600 3864 2760 3955 δέθεν
2816 3888 3071 3941 ἀπιστεῖν
3108 3885 3187 3956 τῷ
3243 3888 3353 3958 νέῳ
3403 3883 3612 3956 βασιλεῖ
3643 3876 3711 3947 μὴ
3744 3873 3803 3940 τῇ

2249 3979 2480 4050 στρατιᾷ
2506 3977 2908 4042 ἐπιϐουλεύσει,
2950 3979 3016 4049 ἢν
3066 3977 3301 4050 παρέξει
3336 3975 3799 4048 συμμαχήσουσανν

2247 4072 2340 4124 καῖ
2375 4071 2655 4141 διαφθερεῖ
2710 4071 2808 4134 τὰς
2838 4070 3100 4143 διαφορὰς
3131 4071 3532 4141 διαλυσάμενος
3562 4062 3688 4134 πρὸς
3711 4059 3797 4128 β²“

2249 4153 2421 4228 milia,
2436 4147 2523 4218 ἶῦν
2555 4165 2723 4217 ἕνεκα
2753 4163 3076 4233 ἐγκείμενος
3099 4162 3317 4234 βασιλεῖ
3335 4161 3411 4231 τῷ
3435 4161 3537 4230 νέῳ
3560 4157 3616 4211 σέ
3638 4149 3801 4206 λαϐεῖν

2246 4259 2405 4331 αίτεῖ.
2440 4256 2702 4319 Βασιλεὺς
2731 4255 2774 4308 δ’
2794 4255 2918 4308 ἐπεὶ
2952 4255 3094 4323 ἔγνω
3118 4255 3209 4308 τὸν
3234 4256 3476 4325 πόλεμον
3503 4249 3688 4309 κινεῖν,
3716 4240 3800 4311 μά-

2243 4351 2403 4404 λιστα
2432 4354 2496 4420 τῇ
2530 4349 2820 4421 Τριϐαλῶν
2867 4348 3168 4421 προσέχειν
3223 4350 3535 4419 συμμαχίᾳ,
3576 4337 3800 4394 συνέθετο

2244 4445 2302 4510 ἐξ
2335 4445 2581 4512 ἀνάγκης
2628 4441 2919 4496 ἐκδιδόναι.
2970 4443 3037 4494 "A
3095 4440 3432 4495 σκέπτεσθαι
3478 4435 3671 4509 χρεὼν,
3720 4425 3799 4480 καὶ

553 4537 787 4594 autehac
814 4517 1200 4595 CantaCuzeno
1227 4538 1649 4604 deditissimus‘,
1680 4549 1735 4593 et
1759 4537 1886 4605 quia
1918 4538 2143 4605 insuper

2253 4534 2504 4604 μηχανήν
2539 4550 2668 4605 τινα⁹
2701 4533 3062 4602 ἐξευρίσκειν,
3114 4532 3172 4596 ἐξ
3205 4525 3292 4606 ἦς’
3335 4531 3499 4593 αὐτός
3547 4546 3602 4580 τε
3634 4524 3720 4589 καὶ
3744 4517 3798 4606 fi

554 4647 718 4685 aures
751 4631 872 4699 ejus
900 4630 1217 4684 rumoribus
1248 4629 1316 4684 de
1365 4629 1534 4688 bello.
1565 4628 1713 4697 quod
1743 4627 1934 4698 junior
1964 4626 2141 4695 impc-

552 4731 702 4775 rator
756 4721 809 4774 in
841 4736 1097 4800 socerum
1150 4720 1475 4787 parturiret,
1542 4719 1789 4787 undique
1840 4717 2145 4772 circumso-

552 4813 782 4878 nabant,
815 4813 982 4867 dictis
1046 4812 1207 4867 fidem
1258 4809 1666 4873 commodabat,
1722 4818 1779 4863 et
1837 4807 2143 4877 angebatur

550 4920 888 4975 magnopere
927 4946 940 4966 .
1014 4904 1333 4974 amplasqne
1402 4901 1536 4972 ipsis
1604 4899 1673 4955 de
1753 4899 2140 4954 benevolentia

548 4995 717 5064 819
738 5012 867 5064 erga
888 4996 1275 5065 imperatorem
1296 4991 1742 5049 Cantacuzenum
1773 5003 1827 5045 et
1855 5005 1912 5045 se
1940 4992 2143 5062 gratias

549 5103 738 5158 agens,
774 5087 998 5144 modum
1027 5087 1239 5153 orabat,
1264 5102 1372 5156 quo
1400 5085 1815 5139 imminentibus
1835 5099 1954 5140 sese
1983 5085 2141 5139 malis

548 5176 809 5245 eriperet.
867 5175 946 5230 Illi
991 5171 1284 5238 amrtnare,
1318 5174 1455 5228 nihil
1502 5173 1695 5227 utilius
1739 5189 1903 5244 quam
1962 5173 2140 5228 celer-

552 5266 691 5318 rime
725 5264 1047 5335 Byzantium
1080 5263 1389 5327 discedere,
1416 5273 1477 5318 ut
1510 5263 1607 5333 qui
1642 5263 1714 5317 ita
1740 5275 1795 5317 et
1829 5264 2137 5333 periculum

550 5356 844 5427 effugeret,
867 5366 924 5410 et
954 5356 1276 5425 imperatori
1305 5356 1435 5426 quid
1466 5365 1745 5426 ageretur,
1778 5369 2084 5425 exponeret
2121 5376 2159 5433 ε,

549 5463 661 5518 quo
688 5449 734 5504 is
759 5448 924 5503 rebus
946 5448 1269 5503 nutantibus
1288 5450 1612 5504 maturrime
1637 5457 2009 5515 succurreret,
2035 5465 2138 5504 nec

552 5538 719 5595 ullam
759 5538 1048 5609 segnitiem
1110 5537 1491 5595 tarditatcmve
1528 5538 1869 5594 admitteret.
1909 5537 2065 5604 Quod
2090 5538 2136 5592 si

545 5638 737 5708 junior
777 5638 1080 5706 imperator
1108 5652 1237 5691 eum
1284 5638 1526 5693 retinere
1556 5645 1878 5699 conaretur,
1928 5651 1985 5690 se
2013 5636 2135 5689 abi-

553 5743 667 5787 tum
724 5730 963 5785 iideliter
1003 5740 1316 5795 curaturos,
1351 5731 1638 5787 hortantes
1686 5730 1866 5799 ipsum
1903 5736 1958 5782 et
2009 5742 2135 5782 sua-

551 5824 767 5891 dentes,
796 5836 863 5877 nc
890 5822 1024 5894 quid
1056 5838 1153 5893 per
1176 5824 1285 5879 vim
1318 5831 1462 5895 agat,
1502 5838 1642 5879 neve
1674 5820 2006 5893 profectioni
2034 5820 2132 5875 ad-

2248 4603 2495 4697 παρόντα
2522 4625 2831 4695 πράγματα
2882 4622 3304 4694 διασωθήσεται.
3350 4623 3579 4688 Ἐκεῖνοι
3609 4617 3703 4687 μὲν
3724 4603 3798 4663 οἶν

2246 4719 2388 4773 οὕτω
2413 4717 2647 4788 πιθανὴν
2680 4716 3154 4785 συσκευασάμενοι
3179 4715 3460 4783 προσῆγον
3490 4712 3586 4781 τὴν
3611 4705 3802 4761 ἐπιϐουο

2246 4810 2366 4881 λήν.
2410 4810 2641 4879 Ἀσάνης
2669 4807 2726 4861 δὲ
2780 4806 3056 4876 ἀγνοήσας
3114 4805 3215 4873 τὴν
3260 4804 3521 4873 ἀπάτην·
3574 4798 3683 4869 ᾔδει
3710 4791 3801 4859 γὰρ

2238 4905 2489 4965 ἐκείνους
2520 4901 2787 4971 πρότερον
2818 4901 2886 4953 τὰ
2920 4896 3384 4967 Καντακουζηνοῦ
3438 4894 3533 4948 τοῦ
3563 4886 3801 4963 βασιλέως

2249 4996 2452 5066 μᾶλλον
2486 4995 2797 5067 ᾑρημένους
2822 5007 2835 5022 ·
2869 4992 3044 5054 ἄλλως
3062 4990 3109 5043 θ’
3127 4992 3209 5044 ὅτι
3233 4990 3328 5043 καὶ
3356 4988 3545 5058 φῆμαι
3563 4975 3800 5037 πάντοθξν

2245 5085 2625 5153 προσέπιπτον
2675 5082 2846 5152 αὐτῷ,
2907 5083 3002 5136 καὶ
3056 5080 3364 5153 βασιλεὺςὸ
3406 5082 3522 5141 νέος
3559 5069 3801 5144 ἐμηνύετο

2244 5177 2483 5245 πόλεμον
2535 5175 2823 5246 βούλεσθαι
2876 5176 3051 5227 κινεῖν
3112 5174 3251 5243 πρὸς
3303 5169 3531 5241 βασιλέα
3592 5165 3677 5219 τὸν
3711 5176 3800 5226 κη-

2242 5272 2468 5340 δεστὴν,
2518 5266 2774 5321 ἐπίστευὲ
2804 5283 2865 5320 τε
2913 5268 3026 5330 τοῖς
3072 5264 3412 5333 εἰρημένοις,
3444 5261 3539 5314 καὶ
3573 5254 3801 5324 σεὶὶτιδρως

2242 5363 2590 5434 ἐθορυϐεῖτο·
2659 5361 2823 5431 χάριν
2883 5359 2940 5413 δὲ
3012 5359 3215 5428 πολλὴν
3275 5353 3561 5425 ὁμολογῶν
3632 5340 3825 5400 αὐτοῖς’

2240 5456 2342 5523 τῆς
2368 5457 2449 5515 είς
2482 5451 2707 5523 βασιλέα
2756 5451 2852 5503 καὶ
2898 5450 3062 5503 αὐτὸν
3120 5447 3356 5512 εὐνοίας,
3404 5445 3594 5498 ἔπειτα
3645 5437 3800 5491 ἐδεῖτο

2242 5546 2336 5600 ἀἱ
2363 5523 2568 5615 τΡάτέῡν
2598 5542 2917 5606 ὑποθέσθαι,
2951 5536 3010 5594 οἷ
3035 5541 3384 5612 τραπόμενος
3409 5538 3479 5591 τά
3510 5524 3799 5605 προσδοκώ-

2242 5652 2380 5705 μενα
2414 5632 2741 5701 ἐκφεύξεται
2771 5632 2940 5686 κακά.
2976 5632 3039 5684 Οἱ
3083 5631 3128 5684 δ’
3168 5629 3324 5683 οὐδὲν
3358 5629 3569 5696 ἔφασαν
3603 5622 3797 5673 λυσιτε-

2237 5729 2533 5795 λέστερον,
2587 5727 2619 5795 ἢ
2676 5727 2906 5797 τάχιστα
2962 5724 3223 5795 ἀπαίρειν
3276 5722 3357 5784 εἰς
3398 5719 3795 5783 Βυζάντιον,ως

2239 5819 2353 5890 ἅμα
2405 5836 2463 5872 τε
2525 5819 2583 5873 ἐν
2631 5819 2810 5889 τούτῳ
2869 5818 3272 5890 ἐκφευξόμενον
3305 5816 3396 5869 τὸν
3429 5813 3684 5873 κίνδυνον,
3713 5798 3795 5853 καὶ
