4056 6460
292 375 381 443 ﬂii
1424 382 1978 476 Il‘lS’l‘QRiARUM
2028 391 2257 456 LIBER
2303 390 2398 457 IV.

3445 397 3552 462 218

288 495 497 568 βασιλεῖ
544 492 862 565 δηλώσοντα
913 495 1046 564 περὶ
1079 493 1188 548 τῶν
1239 498 1653 567 πραττομένων,
1689 499 1756 552 ἶν’
1786 500 1870 551 αἱ·

1976 515 2250 558 versetur.
2281 503 2396 561 Hoc
2425 505 2588 560 modo
2618 507 2784 562 Asani
2818 509 3222 580 imposuerant,
3260 509 3353 579 qui
3390 509 3556 565 minis

240 615 248 623 -
287 588 548 656 σθὸμενος
577 587 670 639 τὸν
706 587 950 641 κίνδυνον
1001 589 1206 650 ἐκεῖνος
1231 629 1244 651 ,
1277 587 1458 654 ὀξεῖαν
1487 589 1584 661 τὴν
1617 590 1868 660 βοήθειαν

287 681 511 744 ποιοῖτο,
539 680 636 732 καὶ
670 680 746 750 μὴ
781 680 1096 750 παρέργως,
1127 680 1261 750 μηδὲ
1293 680 1583 750 ῥᾳθύμως,
1621 683 1868 751 οἰόμενος

287 772 546 826 κινδύνων
577 771 682 836 ἔξω
718 772 946 842 τάτῇδε
1004 774 1308 842 πράγματα
1336 773 1583 826 ἑστάναι.
1619 775 1733 835 Ἢν,
1764 775 1810 827 δ’
1840 777 1868 827 ὁ

286 868 400 929 νέος
442 867 701 936 βασιλεὺς
740 868 992 937 ἐπιχειρῇ
1051 867 1328 936 κατέγειν,
1354 865 1472 918 ἀλλ’
1502 866 1698 929 αὐτοὺς
1737 884 1870 937 συμ-

289 959 521 1030 πράξειν
571 963 641 1013 τά
688 960 924 1029 μέγιστα
972 959 1108 1028 πρὸς
1143 958 1243 1030 τὴν
1294 959 1631 1030 ἀποδημίαν,
1665 976 1870 1028 παραι-

289 1035 515 1114 νοῦντας
548 1050 698 1121 αὐτῷ
733 1053 825 1104 καὶ
865 1051 1151 1113 πείθοντας
1179 1051 1346 1120 μηδὲν
1377 1051 1514 1121 πρὸς
1545 1050 1666 1120 βίαν
1697 1050 1870 1121 πράτ-

289 1160 420 1208 τειν,
455 1142 584 1213 μηδ’
612 1140 928 1195 ἐνίστασθαι
957 1142 1096 1212 πρὸς
1122 1142 1220 1211 τὴν
1251 1142 1456 1213 ὁρμήν.
1491 1142 1731 1195 Τοιαῦτα
1768 1141 1868 1211 μὲν

292 1237 488 1288 ἐκεῖνοι
537 1233 765 1288 ἔπεισαν
804 1232 1251 1302 ἐξαπατήσαντες
1277 1249 1291 1264 ·
1339 1233 1574 1303 Ἀσάνης
1610 1235 1688 1297 δὲ,
1744 1236 1868 1288 ἐπεὶ

288 1329 521 1398 τριήρης
577 1325 1080 1396 παρεσκευασμένη
1132 1325 1324 1395 ἔτυχεν
1386 1328 1542 1392 ἐκεῖ,
1579 1325 1762 1390 δείσας
1801 1327 1870 1379 τὰ

289 1419 657 1490 ἡπειληνμένα,
685 1417 959 1472 ἀπέπλεεν
988 1419 1068 1481 είς
1095 1417 1414 1482 Βυζάντιον,
1444 1418 1537 1471 καὶ
1562 1418 1868 1487 ἀπήγγειλε

291 1511 499 1582 βασιλεῖ
544 1512 650 1565 ὅσα
701 1509 832 1581 παρ’
881 1511 1106 1564 ἐκείνων
1159 1509 1420 1577 πύθοιτο,
1472 1510 1781 1581 ἰσχυρίζετὸ
1809 1526 1870 1563 τε

286 1606 357 1669 ὼς
398 1604 660 1675 βασιλεὺς
715 1607 743 1658 ὁ
788 1605 907 1667 νέος
967 1605 1103 1674 πρὸς
1133 1603 1225 1657 τὸν
1275 1605 1516 1674 πόλεμον
1562 1603 1868 1674 ὲκτραπείη

291 1701 561 1770 φανερῶς.
600 1699 832 1752 Ἐκεῖνοι
885 1698 942 1750 δὲ
994 1700 1045 1751 οἱ
1081 1699 1418 1769 πράττοντες
1450 1697 1544 1750 τὸν
1604 1697 1867 1766 πόλεμον,

289 1795 408 1848 ἐπεὶ
447 1794 680 1864 Ἀσάνης
709 1790 1011 1862 ἀπεχώρει,
1037 1791 1242 1860 πολλῆς
1273 1789 1660 1860 ἐπιλαὸὁμενοι
1688 1789 1872 1852 ἀδείας

293 1889 546 1942 πείθουσι
587 1888 680 1940 τὸν
734 1887 854 1941 νέον
904 1886 1130 1956 βασιλέα
1179 1885 1485 1955 πρεσϐείαν
1531 1884 1870 1954 ποιήσασθαι

291 1987 422 2055 πρὸς
470 1983 720 2052 Κράλην.
767 1979 826 2034 '0
882 1979 928 2031 δ’
959 1980 1176 2048 ἐδέχετο
1212 1977 1489 2046 ἀσμένως,
1522 1977 1618 2031 καὶ
1654 1976 1871 2046 μεγάλα

291 2073 704 2142 ἐπηγγέλλετο,
757 2071 851 2124 καὶ
911 2070 1144 2140 στρατιᾷ
1195 2069 1712 2137 ἐπαγγελλόμενος,
1775 2067 1871 2119 καὶ

289 2166 562 2237 χρήμασι,
591 2166 685 2217 καὶ
734 2162 888 2233 πάσῃ
934 2163 1164 2230 δυνάμει
1198 2160 1492 2230 βοηθήσειν
1520 2161 1614 2213 ἐπὶ
1641 2158 1869 2229 βασιλέα

289 2262 376 2312 τὸν
423 2257 717 2327 κηδεστὴν,
766 2258 862 2310 καὶ
922 2255 1020 2325 τὴν
1068 2254 1438 2326 ἀφῃρημένην
1487 2251 1868 2308 ἀνασώσεσθαι

297 2346 482 2415 ἀρχὴν,
511 2345 751 2414 ἕπραττέ
801 2361 863 2396 τε
918 2344 1096 2396 πάντα
1135 2343 1233 2396 καὶ
1281 2342 1551 2405 ὑπετίθει,
1597 2342 1700 2394 ὅσα
1730 2338 1868 2410 ᾤετο

310 2438 390 2488 τὸν
418 2438 544 2506 πρὸς
579 2435 845 2505 ἀλλήλους
879 2435 988 2487 τῶν
1022 2433 1288 2509 βασιλέων
1328 2433 1568 2503 πόλεμον
1603 2435 1869 2502 τηρήσειν

316 2532 506 2585 ἄλυτον·
530 2533 838 2603 συμὸάσεις
873 2531 1140 2602 πρότερον
1171 2532 1307 2600 πρὸς
1350 2530 1577 2600 βασιλέα
1615 2531 1865 2598 θέμενος,

309 2624 370 2688 ἀς
399 2626 606 2694 ἐνόμιζε
658 2626 895 2695 μάλιστα
930 2624 1081 2694 αὐτῷ
1131 2625 1269 2694 πρὸς
1300 2623 1398 2694 τὴν
1437 2622 1616 2695 ἀρχὴν
1650 2623 1868 2676 λυσιτεο

306 2717 424 2771 λεῖν.
468 2718 727 2780 Βασιλεὺς
791 2717 850 2771 δὲ
883 2717 910 2768 ὁ
947 2715 1399 2785 Καντακουζηνὸς
1446 2715 1602 2768 δεινὰ
1633 2716 1870 2767 ἐποιεῖτο

301 2812 360 2864 τὰ
390 2795 870 2879 ἀπαγγε).λόμενα”
898 2808 1170 2879 ἐμηνύετο
1214 2807 1324 2878 γὰρ
1355 2807 1510 2878 παρά
1556 2808 1666 2861 τῶν
1694 2807 1868 2878 φίλων

300 2902 478 2970 κρύφα
505 2904 798 2973 ὁσημέραι,
834 2903 926 2954 καὶ
950 2901 1056 2954 δεῖν
1088 2900 1226 2972 ᾤετο
1252 2903 1371 2954 ἐκεῖ
1391 2903 1865 2971 παραγενόμενον,

298 2995 530 3048 διαλύειν
568 2997 663 3057 τας
705 2994 790 3047 ἐπ’
826 2993 991 3048 αὐτὸν
1037 2992 1349 3055 συστάσεις.
1405 2991 1514 3045 Τοῦ
1568 2990 1866 3046 Λατινικοῦ

298 3089 346 3142 δὲ
398 3090 521 3142 τότε
597 3087 945 3158 ἀκμάζοντος
1007 3087 1249 3158 πολέμου
1283 3127 1298 3152 ,
1349 3085 1461 3140 οὔτ’
1531 3087 1869 3153 ἀφίστασθαι

299 3182 591 3252 ἑξῆν,.οῦθ⁹
625 3183 816 3250 ἑτέραν
845 3182 1077 3252 δύναμιν
1137 3180 1606 3252 παρασκευάζειν,
1641 3181 1716 3243 ὡς
1767 3180 1864 3250 τῆς

301 3276 823 3346 παρεσκευασμένης
877 3275 1192 3343 ἀναγκαίως
1272 3275 1407 3342 πρὸς
1464 3273 1556 3327 τὸν
1631 3273 1868 3343 πόλεμον

298 3369 689 3437 κατεχομένης.
722 3368 876 3420 Ἐπεὶ
928 3367 986 3420 δὲ
1022 3367 1186 3420 αὑτὸν
1235 3368 1329 3419 ἐπὶ
1363 3365 1709 3421 Μακεδονίαν
1740 3367 1870 3419 deau-

299 3464 467 3525 νάτως
518 3462 700 3514 πλέειν
756 3460 950 3532 ἔχοντα
999 3462 1171 3531 ἐώρα,
1215 3462 1420 3513 ’Ἄνναν
1467 3458 1570 3528 τὴν
1625 3459 1874 3529 βασιλίδα

297 3557 510 3625 ἔπεμπε
585 3557 718 3626 πρὸς
791 3558 880 3610 τὸν
933 3555 1046 3608 υἱὸν
1081 3595 1096 3620 ,
1141 3553 1218 3616 ὡς
1265 3554 1570 3608 πείσουσαν
1634 3553 1873 3622 ἀποσχέ-

302 3651 416 3703 σθαι
460 3649 569 3702 τῶν
632 3649 846 3703 ἀτόπων
874 3688 890 3714 ,
935 3650 1030 3702 καὶ
1078 3647 1470 3712 διαλλάξουσαν
1527 3646 1712 3716 αὐτῷ,
1773 3646 1873 3699 οὐκ

298 3745 506 3811 ἀγνοεῖν
552 3742 788 3811 φάμενις
851 3743 990 3812 πρὸς
1026 3742 1244 3811 ἐκείνην
1308 3738 1424 3793 οὔτ’
1484 3739 1700 3810 αὐτὴν,
1756 3737 1872 3791 οὔθ’

297 3838 484 3907 ἓτερον
515 3835 699 3889 οὐδένα
745 3837 870 3889 οἴων
904 3836 1090 3888 κακῶν
1133 3835 1332 3896 αἴτιος,
1377 3834 1474 3886 καὶ
1514 3831 1816 3902 συμφορῶν
1847 3833 1876 3884 ὁ

303 3931 618 3999 συγγενικὸς
657 3930 894 3998 κατέστη
953 3929 1191 3997 πϐλεμος
1253 3928 1556 3998 Ῥωμαίοις
1585 3965 1599 3990 ,
1658 3926 1716 3977 ού
1760 3925 1875 3987 τοῖς

305 4023 623 4093 ἀρχομένοις
663 4022 858 4093 μόνον,
895 4021 1031 4074 ἁλλά
1062 4022 1158 4073 καὶ
1202 4022 1316 4083 τοῖς
1363 4021 1630 4090 ἄρχουσιν
1666 4017 1871 4077 αὐτοῖς.

310 4111 379 4167 Οἶι
406 4115 802 4177 καταλυθέντος
866 4112 956 4180 διὰ
1017 4113 1236 4185 χρόνου,
1285 4111 1526 4164 καὶτῶν
1585 4127 1644 4162 τε
1679 4108 1875 4161 κοινῶν

319 4207 406 4258 καὶ
428 4206 713 4260 ίδιωτικῶν
744 4203 1088 4274 πραγμάτων
1133 4203 1358 4258 πάντων
1407 4201 1544 4271 πρδς
1573 4200 1634 4251 τὺ
1667 4199 1876 4268 βέλτιον

319 4300 690 4362 μεταδιδόντων
751 4297 1020 4368 βάσκανός
1070 4313 1154 4358 τις
1221 4295 1442 4363 δαίμων
1487 4295 1722 4362 ἠρεμεῖν
1775 4290 1876 4343 οὐκ

306 4391 479 4445 εἴασεν
508 4407 523 4422 ⁸
563 4392 680 4445 ἀλλ’
719 4390 873 4453 αὖθις
920 4389 1152 4460 φθόρους
1203 4386 1549 4457 ἀνθρώπους,
1589 4386 1683 4437 καὶ
1717 4400 1878 4437 συκο-

301 4488 502 4554 φάντας
535 4486 872 4554 ἀναστήσας,
916 4485 1012 4538 καὶ
1045 4484 1248 4554 τρόπον
1275 4481 1436 4534 οὐδὲν
1467 4479 1696 4549 ἄμεινον
1731 4494 1875 4546 φαυ-

1969 596 2291 663 exterritus,
2343 609 2399 655 et
2440 599 2722 669 triremem
2779 601 2851 655 ibi
2889 610 3136 672 paratam
3192 612 3410 664 nactus.
3449 603 3553 670 By,-

1971 690 2213 744 zantium
2247 691 2434 756 solvit,
2491 701 2548 747 et
2579 675 2966 749 Cantacuzeno
3006 696 3328 766 imperatori
3366 697 3553 750 audita

1977 785 2276 850 nuntiavit,
2333 786 2608 856 iuniorem
2659 787 2948 843 manifeste
3003 789 3208 844 bellum
3247 789 3427 843 moliri
3467 776 3556 842 as-

1969 893 2256 933 severans.
2291 879 2545 934 Discessu
2585 881 2782 935 Asanis
2813 881 2941 935 belli
2987 883 3408 944 sollicitatores,
3443 883 3559 934 lar-

1969 987 2090 1042 gam
2137 974 2288 1026 nacti
2323 973 2626 1038 licentiam,
2673 975 2882 1045 juniori
2933 977 3258 1046 imperatori
3304 984 3558 1030 auctores

1971 1063 2132 1127 ﬁunt,
2169 1065 2250 1118 uti
2283 1066 2616 1135 legationem
2645 1067 2713 1121 ad
2751 1066 2969 1123 Cralem
3017 1069 3220 1123 mittat.
3255 1064 3430 1134 Quam
3465 1067 3558 1120 ille

1971 1154 2149 1211 libens
2178 1156 2422 1224 admisit,
2476 1157 2978 1229 imperatoremque
3015 1160 3280 1214 adversus
3302 1175 3554 1214 socerum

1971 1247 2164 1316 copiis,
2192 1250 2448 1318 pecunia,
2502 1251 2690 1305 nervis
2733 1252 2990 1306 omnibus
3025 1253 3365 1320 adiuturum,
3396 1259 3572 1320 atque‘

1971 1339 2264 1408 imperium
2319 1342 2705 1396 restituturum
2771 1344 3061 1413 magnifice
3106 1342 3421 1413 spOpondit,
3478 1341 3558 1394 far

1972 1439 2174 1499 ctoque
2205 1431 2430 1499 foedere,
2463 1434 2609 1502 quod
2635 1434 2712 1486 illi
2752 1433 2816 1488 ad
2842 1449 2963 1488 eam
2986 1451 3101 1489 rem
3125 1435 3398 1504 imprimis
3446 1433 3565 1486 frn-

1973 1535 2228 1578 ctuosum
2282 1524 2398 1579 fore
2421 1525 2758 1592 conﬁdebat,
2793 1526 2939 1592 fecit,
2976 1543 3038 1582 ac
3069 1527 3336 1597 suggessit
3371 1520 3560 1580 omnia

1972 1631 2094 1684 qua:
2144 1615 2212 1669 ad
2261 1631 2414 1670 arma
2472 1617 2621 1672 inter
2673 1617 3041 1686 imperatores
3097 1618 3294 1671 alenda
3326 1617 3562 1670 valitura

1978 1709 2240 1764 credidit.
2289 1707 2386 1763 His
2444 1710 2678 1773 nuntiis,
2716 1725 2854 1779 quos
2905 1711 2975 1764 ab
3021 1710 3214 1765 amicis
3248 1711 3562 1764 clanculum

1977 1801 2228 1868 quotidie
2275 1801 2602 1870 accipiebat,
2654 1801 2898 1870 graviter
2945 1811 3255 1856 commotus
3283 1800 3566 1856 Cantacu-

1977 1908 2170 1956 zenus,
2213 1894 2277 1946 ad
2301 1893 2774 1961 conspirationem
2814 1893 3186 1963 dissipaudam
3212 1909 3278 1948 eo
3303 1893 3408 1948 sibi
3437 1910 3567 1963 pro-

1975 1986 2333 2041 ﬁciscendum
2365 1986 2734 2040 existimabat.
2769 1985 2972 2040 Verum
3011 1988 3139 2056 quia
3183 1997 3314 2042 tunc
3358 1987 3564 2041 bellum

1973 2079 2235 2134 Latinum
2271 2081 2554 2150 ﬂagrabat,
2605 2095 2708 2134 nec
2761 2087 2959 2136 abesse
3009 2082 3231 2145 licebat,
3271 2097 3373 2135 nec
3419 2081 3563 2134 alias

1976 2175 2334 2229 conscribere
2367 2173 2575 2243 copias,
2607 2189 2733 2227 cum
2777 2187 2834 2231 et
2865 2174 3195 2243 conscripta:
3246 2172 3324 2228 ad'
3359 2173 3562 2226 bellum

1969 2268 2080 2336 jam
2151 2267 2362 2321 dictum
2429 2267 2745 2321 necessario
2820 2267 3218 2321 retinerentur.
3292 2266 3564 2330 Quoniam

1973 2359 2142 2428 igitur
2185 2358 2430 2424 videbat,
2463 2374 2521 2414 se
2558 2359 2910 2428 navigatione
2941 2359 2994 2412 in
3050 2359 3425 2413 Macedoniam
3477 2375 3576 2412 ex-v

1972 2451 2140 2516 cludi,
2169 2451 2383 2505 Annam
2412 2451 2820 2520 imperatricem
2853 2452 2917 2504 ad
2958 2451 3126 2505 lilium
3158 2451 3379 2523 legavit,
3410 2453 3569 2522 cujus

1972 2549 2157 2598 oratio
2187 2545 2341 2598 illum
2387 2543 2456 2597 al)
2494 2543 2773 2598 indecenti
2824 2544 3070 2599 facinore
3105 2544 3469 2606 abstractum,
3503 2545 3561 2598 in

1973 2637 2324 2692 concordiam
2370 2652 2559 2691 secum
2607 2636 2936 2704 reduceret;
2982 2651 3146 2706 quam
3193 2638 3265 2690 ita
3303 2645 3387 2691 cst
3437 2636 3582 2690 alloc'

1971 2741 2136 2786 cutus
2172 2749 2190 2786 τ·
2210 2729 2322 2784 Nec
2357 2741 2436 2795 tu,
2461 2746 2564 2784 nec
2594 2729 2738 2786 alius
2779 2731 3073 2799 quisquam
3103 2731 3341 2799 ignorat,
3368 2729 3566 2799 quales

1971 2836 2323 2896 quantasque
2349 2825 2691 2880 calamitates
2710 2824 2918 2879 bellum
2957 2825 3120 2878 civile
3159 2823 3423 2878 Romanis
3460 2839 3572 2877 non

1972 2918 2243 2986 subjectis
2268 2921 2459 2982 modo,
2502 2934 2695 2972 verum
2738 2920 2904 2971 etiam
2941 2917 3288 2986 principibus
3320 2917 3454 2985 ipsis
3485 2926 3573 2968 at-

1971 3011 2193 3064 tulerit.
2222 3011 2343 3076 Quo
2397 3009 2616 3063 tandem
2673 3009 2970 3079 aliquando
3014 3009 3192 3072 ﬁnito,
3249 3017 3304 3062 ct
3341 3008 3588 3074 publicis

1973 3101 2313 3170 privatisque
2362 3100 2530 3155 rebus
2577 3101 2837 3184 omnibus
2867 3102 2981 3170 jam
3035 3100 3233 3153 melius
3269 3099 3568 3161 euntibus,

1922 3229 1938 3250 τ
1973 3193 2280 3263 cuiuspiam
2342 3191 2608 3246 daemonis
2671 3192 2920 3256 invidia,
2973 3191 3147 3245 otium
3217 3199 3272 3244 et
3323 3191 3580 3258 quietem

1976 3286 2120 3339 hanc
2156 3283 2522 3353 perturbavit,
2555 3298 2891 3351 rursumque
2924 3281 3178 3335 homines
3218 3281 3489 3350 impuros,
3517 3291 3572 3334 et

1975 3377 2365 3448 sycophantas,
2382 3385 2440 3431 et
2467 3376 2710 3445 nequitia
2735 3375 2870 3428 nihil
2899 3375 3180 3444 prioribus
3203 3372 3586 3428 concedente...-

1973 3473 2242 3533 excitans,
2275 3471 2480 3524 bellum
2512 3468 2712 3524 szevius
2738 3483 3091 3523 commovere
3127 3466 3423 3520 annititur.
3466 3463 3569 3518 lm-

1976 3571 2298 3628 peratorem
2323 3563 2472 3617 enim
2507 3562 2683 3616 ﬁlium
2719 3571 2872 3616 tuum
2908 3560 3217 3615 mendaciis
3249 3568 3571 3622 onerantes,

1977 3663 2142 3722 atque
2176 3653 2511 3718 utjuvenctn
2538 3653 2719 3712 dolos,
2747 3661 2801 3705 et
2843 3651 3097 3716 astutias,
3121 3659 3178 3706 et
3213 3649 3268 3702 in
3297 3647 3574 3702 utrumvis

1979 3745 2352 3798 humanorum
2377 3743 2542 3813 820
2580 3743 2934 3812 ingeniorum
2971 3741 3402 3796 mutabilitatem
3449 3754 3552 3793 nec

1979 3840 2112 3894 dum
2154 3848 2545 3908 agnoscentem
2578 3838 2945 3908 decipicntcs,
2971 3852 3043 3891 eo
3072 3837 3296 3905 penitus
3321 3834 3553 3904 perpule

1979 3941 2132 3995 runt,
2169 3941 2231 3986 ut
2262 3932 2368 3985 sibi
2408 3939 2669 4000 tanquam
2712 3931 2928 3994 amicis,
2981 3938 3036 3984 et
3062 3929 3182 3997 ejus
3227 3942 3392 3981 causa
3424 3925 3549 3981 solli

1979 4021 2127 4086 citis,
2161 4029 2388 4090 totoque
2441 4026 2666 4088 pectore
2712 4019 2777 4071 ad
2835 4030 3130 4087 paternum
3188 4018 3485 4085 imperium
3525 4015 3577 4068 ei

1980 4111 2428 4182 recuperandum
2451 4109 2907 4164 incumbentibus
2933 4109 3298 4177 obsequatur,
3327 4121 3456 4160 cum
3479 4120 3577 4173 pro

1979 4213 2132 4260 certo
2165 4213 2221 4257 et
2264 4204 2369 4272 ipsi
2403 4217 2458 4257 et
2489 4203 2757 4257 Romanis
2793 4201 3075 4256 universis
3109 4201 3298 4254 hostes
3345 4200 3459 4254 sint
3488 4199 3577 4252 in-

1982 4295 2290 4359 festissimi,
2343 4311 2430 4350 me
2489 4303 2675 4348 autem
2738 4294 3120 4347 insidiatorem
3157 4301 3321 4360 atque
3362 4291 3577 4371 hostem

1980 4391 2168 4451 ducat,
2209 4389 2304 4458 qtti
2356 4404 2425 4442 ex
2470 4389 2658 4441 animo
2713 4391 2896 4456 ipsum
2947 4385 3117 4456 diligo
3161 4396 3230 4439 et
3269 4385 3409 4438 nihil
3467 4400 3578 4438 non

1985 4491 2160 4543 tento,
2190 4496 2300 4551 quo
2334 4497 2444 4534 non
2483 4487 2696 4534 tantum
2735 4488 3028 4548 paternum
3058 4464 3458 4547 principatum.
3481 4476 3578 4530 sed

295 4579 482 4651 λότᾳι-
522 4579 902 4648 διακειμένους
961 4576 1070 4630 τῶν
1113 4576 1420 4646 προτέρων,
1480 4570 1870 4642 χαλεπώτερον

1977 4587 2035 4633 et
2086 4579 2353 4648 majorem
2409 4593 2472 4631 ac
2522 4575 2806 4630 meliorem
2863 4574 3084 4634 habeat,
3149 4581 3418 4642 quantum
3461 4570 3579 4625 ﬁeri

295 4674 531 4743 πόλεμον
585 4675 878 4740 ἀνακινεῖν,
923 4672 1211 4741 ἐπιχειρεῖ.
1294 4667 1532 4721 Βασιλέα
1615 4666 1728 4736 γὰρ
1779 4666 1871 4718 τὸν

295 4767 409 4819 υἱδν
451 4767 623 4820 πολλά
649 4766 1154 4835 καταψευσάμενοι,
1189 4763 1283 4818 καὶ
1317 4761 1742 4832 παραγαγόντες
1784 4753 1873 4810 οἷα

296 4861 436 4924 νέον,
471 4865 565 4913 καὶ
594 4860 704 4912 τῶν
732 4858 1102 4930 πανουργιῶν,
1133 4857 1229 4911 καὶ
1256 4855 1369 4909 τῶν
1405 4856 1600 4934 δόλων,
1631 4853 1725 4906 καὶ
1766 4851 1875 4904 τῶν

299 4957 383 5024 ἐφ’
432 4956 675 5024 ἑκάτερα
735 4951 1052 5023 μεταϐολῶν
1113 4952 1222 5006 τῶν
1271 4949 1580 5019 ἀνθρώπων
1641 4945 1876 5014 ἄπειρον

299 5049 673 5112 παντάπασιν,
716 5046 942 5100 ἔπεισαν
973 5046 1261 5117 προσέχειν
1313 5044 1519 5112 σφίσιν,
1550 5043 1625 5104 ὡς
1657 5039 1875 5108 φιλοῦσι

301 5145 390 5194 καὶ
417 5142 760 5212 κηδομένοις,
791 5141 886 5193 καὶ
930 5140 1108 5193 πάντα
1136 5137 1472 5208 πράττουσιν
1509 5135 1650 5206 ὑπὲρ
1685 5133 1874 5195 αὐτοῦ,

301 5234 444 5298 ὅπως
465 5236 567 5302 τὴν
593 5233 853 5304 πατρῴαν
879 5231 1269 5286 ἀνασώσωνται
1296 5228 1472 5300 ἀρχὴν
1501 5227 1877 5296 δυσμενέστα-

253 5344 379 5400 -τοι
427 5329 500 5391 ὡς
561 5325 782 5394 ἀληθῶς
838 5326 1031 5396 ἐκείνῳ
1086 5341 1146 5376 τε
1200 5325 1298 5377 καὶ
1362 5323 1499 5375 πᾶσι
1573 5319 1876 5389 Ῥωμαίοις

302 5423 467 5487 ὄντες,
496 5425 594 5490 ἐμὲ
625 5421 682 5475 δὲ
735 5419 1024 5473 ἐπίϐουλον
1056 5419 1330 5488 ἡγεῖσθαι,
1363 5416 1456 5469 καί
1491 5415 1754 5484 πολέμιον
1787 5411 1879 5463 τὸν

305 5515 374 5579 ὡς
408 5515 623 5585 ἀληθῶς
655 5513 940 5584 φιλοῦντα,
977 5514 1072 5567 καὶ⁴
1105 5513 1284 5565 πάντα
1321 5506 1877 5581 πραγματευόμενον,

305 5608 400 5677 οὖχ
425 5609 560 5662 ὥστε
599 5608 762 5678 μόνον
793 5604 894 5675 τὴν
916 5604 1176 5676 πατρῴαν
1202 5603 1500 5674 ἠγεμονίαν
1532 5601 1696 5672 ἔχειν’
1728 5601 1869 5653 ἀλλά

307 5701 394 5750 καὶ
429 5701 619 5770 μείζω,
657 5699 752 5754 καὶ
781 5697 1000 5767 βελτίω,
1053 5695 1119 5748 ἂν
1168 5695 1284 5767 ὲξῇ.
1342 5696 1455 5748 Καὶ
1503 5695 1742 5763 πολέμου
1775 5692 1878 5763 ἢδη

303 5785 429 5860 ἦρξε
457 5793 760 5864 συμϐάσεις
788 5789 1024 5859 θέμενος
1052 5787 1188 5857 πρὸς
1215 5787 1440 5858 Κρά).ην
1471 5785 1564 5839 ἐπὶ
1597 5785 1674 5854 τῷ
1713 5802 1880 5854 στρα-

301 5886 423 5942 τιάν
459 5888 671 5942 ἐκεῖθεν
730 5883 917 5942 λαϐὼν
963 5881 1303 5954 Τριϐαλικὴν
1356 5883 1479 5953 ἐμοὶ
1526 5879 1799 5949 ἐπάγειν·
1845 5879 1878 5933 ὃ.

1979 4671 2174 4740 possit.
2210 4668 2625 4725 Eliam‘bcllum
2661 4666 2818 4730 texit,
2854 4666 3062 4721 [uadere
3088 4663 3392 4720 cumCrale
3419 4663 3578 4726 inito,

1981 4772 2042 4817 ut
2089 4763 2158 4816 ab
2218 4777 2285 4816 eo
2315 4761 2567 4815 Triballo
2608 4759 2783 4812 milite
2838 4766 3089 4828 accepto,
3136 4759 3192 4812 in
3238 4772 3325 4810 me
3362 4756 3528 4810 ducat
3565 4774 3580 4811 :

1978 4871 2144 4926 quam
2183 4870 2285 4925 ego
2344 4871 2460 4908 rem
2510 4869 2612 4908 nec
2657 4852 2759 4916 illi,
2807 4867 2910 4905 nec
2962 4850 3224 4912 subditis,
3267 4864 3374 4904 nec
3420 4849 3582 4903 nobis

1954 4952 2325 5022 °profuturam
2365 4967 2630 5022 auguror.
2663 4949 2795 5015 Quae
2833 4949 3020 5017 itaque
3058 4947 3386 5017 impendent
3419 4948 3582 5014 mala,

1979 5046 2122 5100 adeo
2155 5044 2472 5115 perniciosa
2505 5051 2657 5109 sunt,
2694 5053 2749 5095 et
2778 5058 2850 5096 ca‘
2873 5041 3042 5094 alium
3071 5049 3273 5109 praeter
3299 5054 3403 5094 nos
3430 5039 3584 5094 facil-

1979 5139 2110 5193 lime
2135 5154 2294 5208 posse
2320 5137 2600 5206 depellere
2634 5150 2746 5189 non
2772 5135 3031 5189 arbitror.
3053 5133 3288 5200 Quodsi,
3317 5143 3583 5202 prmtcrca

1982 5231 2188 5285 bellum
2221 5229 2327 5284 lroc
2359 5230 2617 5284 Latinum
2671 5243 2759 5282 me
2803 5243 2912 5281 non
2949 5234 3194 5297 urgeret.
3229 5242 3354 5281 cum
3413 5226 3583 5280 armis

1981 5323 2455 5391 supervenissem,
2505 5302 3061 5389 conj'urationemque
3107 5320 3269 5374 istam
3302 5335 3412 5375 non
3448 5335 3584 5374 con—

1981 5424 2176 5484 spcctu
2237 5425 2474 5478 tantum,
2521 5414 2617 5468 sed
2677 5413 2798 5467 sola
2839 5412 3128 5467 auditione
3172 5413 3444 5468 adventus
3474 5410 3580 5465 mei

1983 5509 2136 5561 nullo
2171 5509 2362 5562 labore
2411 5505 2840 5562 dist‘urbasscm.
2897 5502 3009 5560 Nec
3053 5505 3199 5559 enim
3250 5505 3586 5575 potuissent,

1982 5603 2137 5671 quin,
2178 5610 2237 5654 ut
2270 5601 2448 5665 aiunt,
2482 5600 2595 5654 orci
2635 5598 2845 5667 galeam
2887 5597 3086 5659 induti,
3136 5597 3260 5650 vita:
3301 5592 3589 5648 servandae

1981 5694 2124 5750 elabi
2159 5703 2520 5750 conarentur.
2572 5690 2711 5758 Quia
2749 5705 2880 5744 vero
2907 5674 3140 5743 instanti
3174 5701 3368 5757 pugnas
3409 5686 3588 5737 inter-

1983 5801 2106 5841 esse
2149 5801 2236 5841 mc
2268 5798 2598 5854 prtcscntcm
2631 5791 2872 5852 Oportet,
2912 5796 3010 5849 par
3063 5768 3174 5841 est,
3203 5787 3256 5831 te
3290 5775 3588 5830 Thcssalo-

1986 5879 2166 5938 nicam
2226 5879 2597 5948 navigantem,
2648 5876 2839 5932 sedare
2899 5874 3040 5928 hanc
3089 5870 3450 5952 discordiam,
3522 5874 3582 5922 et

2083 6093 2110 6107 ἦ.
