4056 6508
358 3129 360 3131 ›
437 3090 601 3158 plane
653 3092 872 3147 fervens
928 3093 1141 3149 invenit
1201 3115 1212 3149 :

406 397 535 482 eia

1591 398 1924 465 IOANNIS
1963 405 2500 469 CANTACUZENI

3592 403 3709 470 220‘

423 513 575 584 quod
601 522 727 570 ante
757 513 903 571 fores
925 523 1032 581 est,
1068 515 1271 571 bellum
1317 519 1619 589 reprimere
1655 520 1786 574 :ubi
1835 521 2008 574 tilium

2129 519 2224 573 ὦτ’
2259 521 2454 590 ἐκείνῳ
2495 523 2680 589 etaim
2744 520 3161 588 λυσιτελήσειν,
3217 518 3344 573 οὔτε
3388 521 3500 582 τοῖς
3553 522 3702 590 67:11-

425 607 704 675 docucris,
737 624 900 678 quam
931 609 1140 664 fatuum
1168 610 1258 676 sit,
1289 627 1415 666 eum
1459 613 1828 683 principatum
1858 613 2005 667 ultro

426 710 665 766 tastare,
702 703 859 772 cujus
899 703 1304 772 possessionem
1334 703 1473 758 citra
1497 705 1666 758 ullum
1702 716 2007 766 certamen,

429 795 676 863 citraque
721 795 1028 849 molestiam
1091 794 1246 849 brevi
1307 795 1561 850 aditurus
1617 797 1688 850 sit
1743 797 1891 867 (nam
1953 796 2009 850 ni

433 887 637 938 bellum
690 897 884 940 contra
930 885 1207 941 Triballos
1262 898 1504 956 coeptum
1537 900 1701 954 esset,
1749 896 1826 944 et-
1861 902 2011 942 nunc

429 979 683 1033 Latinum
721 981 864 1036 istuc
897 982 1132 1037 invitum
1183 998 1268 1036 me
1310 995 1657 1053 occupasset,
1690 985 1902 1053 pridem
1959 983 2011 1040 ei

427 1074 644 1125 clavum
703 1071 920 1149 imperii
970 1072 1342 1138 tradidissem,
1410 1090 1475 1129 ac
1526 1076 1671 1130 inter
1708 1077 2012 1130 monachos

428 1163 712 1231 professus
740 1178 916 1217 essem
948 1182 960 1218 :
986 1163 1038 1217 id
1080 1164 1227 1234 quod
1258 1165 1402 1220 haud
1434 1166 1508 1220 ita
1541 1167 1704 1238 longo
1725 1177 1850 1235 post
1876 1177 2013 1221 tem—

431 1271 564 1321 pore
600 1254 778 1309 facere
804 1254 1002 1309 iterum
1033 1266 1257 1325 paratus
1293 1257 1466 1327 sum),
1491 1257 1792 1314 seditiosos
1823 1269 2009 1314 autem

431 1343 578 1408 illos,
609 1347 1000 1415 communique
1028 1347 1406 1402 Romanorum
1442 1359 1654 1418 pestem
1696 1350 2010 1416 molientes,

429 1455 458 1489 a
513 1437 778 1492 meditato
817 1440 1049 1503 scelere,
1093 1450 1149 1494 et
1201 1440 1605 1510 increpatione,
1652 1450 1710 1496 et
1771 1443 2013 1497 horribi-

430 1532 574 1585 lihus
612 1531 798 1595 minis,
835 1541 890 1586 et
923 1532 1071 1586 omni
1125 1533 1348 1590 demum
1391 1535 1606 1588 ratione
1633 1550 1867 1589 avocare
1895 1546 2010 1591 stu-

431 1622 637 1675 dui-ris.
675 1621 800 1677 Haec
839 1623 905 1677 ad
960 1623 1176 1678 Annam
1232 1631 1535 1695 Augustam
1591 1627 2011 1684 Cantacuzenus

355 1779 372 1792 .
431 1713 756 1782 imperator,
788 1714 988 1784 quibus
1012 1731 1132 1770 eam
1169 1725 1436 1780 moveret,
1465 1724 1524 1769 ut
1561 1715 2008 1772 Thessalonicam

430 1805 717 1875 navigans,
779 1807 1071 1862 excitatam
1137 1806 1468 1862 seditionem
1532 1809 1586 1862 in
1649 1809 2010 1878 tranquillum

2111 611 2280 679 κόοις,
2323 607 2626 680 οὔθ”ήμῑν.
2690 613 2771 662 Τὰ
2807 611 2906 680 μὲν
2949 607 3044 664 οὖν
3092 609 3521 680 προσδοκώμενα
3552 606 3746 662 δεινάέ

2109 701 2264 756 οὕτω
2287 704 2525 772 χαλεπά·
2562 705 2747 771 οἴομαι
2793 703 2847 754 δὲ
2890 703 3081 755 οὐδένα
3108 703 3300 770 ἕτερον
3333 699 3510 755 ταῦτα
3539 702 3708 771 δυνή-

2113 795 2304 848 σεσθαι
2362 791 2538 866 ῥᾷστα
2587 795 2956 864 διαλύσειν,ῆ
3019 797 3187 864 ἡμᾶς.
3241 795 3306 850 ΕΞ
3360 795 3458 863 μὲν
3497 793 3594 846 οὖν
3629 793 3708 864 μὴ

2109 889 2139 940 6
2173 889 2370 958 παρὼν
2397 890 2580 942 οὑτοσὶ
2602 888 2894 951 Αατινικδς
2924 887 3158 957 πόλεμος
3184 887 3416 940 ἄκουσιν
3443 886 3707 938 ἐπέκειτο

2111 984 2268 1052 ἡμῖν,
2291 981 2466 1052 ῥᾷστα
2499 981 2568 1035 ἂν
2611 980 2776 1043 αὐτὸς
2805 980 3036 1032 διέλυσα
3085 979 3183 1041 τὰς
3215 978 3507 1040 συστάσεις
3535 976 3708 1029 ἐπελ-

2113 1075 2244 1138 θὼν,
2279 1075 2379 1144 οὐχ
2413 1075 2497 1127 ὅτι
2544 1085 2622 1141 ,γε
2670 1073 2860 1142 ὀφθεὶς
2911 1073 3026 1135 τοῖς
3080 1069 3528 1124 ἐπικουλεύουσιν
3560 1067 3712 1122 ἑκεί-

2113 1185 2245 1234 νοις,
2283 1168 2496 1221 καὶτὸν
2531 1163 2772 1236 πόλεμον
2805 1165 3068 1227 κινοῦσιν,
3103 1164 3242 1218 ἀλλὰ
3280 1163 3375 1215 καὶ
3409 1161 3709 1222 ἀκουσοεῖς

2117 1261 2280 1328 μόνον
2311 1259 2392 1312 ὅτι
2434 1259 2525 1310 ἐπ’
2554 1259 2755 1319 αὐτοὺς
2790 1255 3030 1326 βαδίζειν
3058 1255 3352 1325 ὥρμημαι.
3385 1253 3460 1305 Οὐ
3491 1254 3603 1324 γὰρ
3638 1252 3711 1304 ἀν

2114 1350 2414 1420 ὑπέμειναν
2453 1349 2527 1420 μὴ
2552 1349 2674 1418 οὐχὶ
2703 1350 2896 1416 κυνῆν,
2933 1348 2962 1400 δ
2995 1362 3184 1414 φασιν,
3227 1344 3360 1416 ᾅδου
3381 1343 3710 1413 ὑποδύντες,

2112 1442 2522 1512 διαδιδράσκειν
2569 1441 2664 1495 τὸν
2724 1441 2975 1492 κίνδυνον
3045 1437 3373 1509 πειρᾶσθαι.
3429 1435 3588 1489 Ἐπεὶ
3661 1436 3708 1488 δ’

2113 1536 2368 1605 ἀνάγκην
2427 1535 2538 1605 ἔχω
2579 1533 2720 1604 πρὸς
2753 1532 2856 1602 τὴν
2911 1527 3480 1600 παρασκευαζομένην
3539 1525 3712 1589 αὐτὸς

2117 1632 2378 1700 παρεῖναι
2417 1629 2622 1699 μάχην,
2661 1627 2782 1679 δέον
2814 1625 2984 1695 αὐτὴν
3017 1625 3096 1686 είς
3131 1620 3546 1690 Θεσσαλονίκην
3569 1619 3714 1672 ἀπο-

2118 1724 2434 1777 πλεύσασαν
2462 1720 2710 1774 διαλύειν
2744 1719 2844 1783 τὰς
2875 1717 3166 1786 διαφορὰς,
3215 1717 3313 1769 καὶ
3355 1715 3450 1768 τὸν
3477 1713 3718 1783 προσδο-

2116 1811 2366 1882 κώμενον
2411 1811 2652 1878 πόλεμον
2708 1807 2930 1871 παύειν,
2957 1806 3248 1869 διδάξασαν
3287 1803 3406 1874 ’μὲν
3448 1803 3540 1855 τὸν
3569 1803 3714 1864 υξδν,

431 1898 730 1966 redigeret.
793 1899 966 1965 Quem
1024 1900 1113 1954 illa
1165 1901 1406 1970 primum
1443 1901 1645 1956 leniter
1697 1902 2012 1973 obiurgare,

2129 1874 2228 1970 5σῷ
2266 1900 2506 1972 χαλεπὸν
2549 1874 2648 1970 τὴν
2678 1897 2980 1969 ἠγεμονίαν
3025 1896 3191 1950 αὑτὸν
3232 1894 3429 1948 ἑκόντα
3467 1890 3723 1958 διαφθει-

430 1990 577 2059 quod
621 1992 827 2058 optime
877 1994 1123 2048 monenti
1164 2009 1227 2048 ac
1257 1995 1491 2065 roganti,
1523 2010 1592 2048 ne
1623 1995 1794 2049 [ilium
1835 1997 2020 2051 adhuc

431 2083 840 2138 adolescentem
881 2077 1287 2140 Thessalonicm
1317 2087 1680 2157 relinqueret,
1725 2089 1822 2158 qui
1875 2089 2019 2144 dolis

431 2173 577 2242 capi,
611 2185 666 2228 et
688 2177 1047 2230 transversim
1085 2177 1169 2247 agi
1223 2178 1383 2234 facile
1430 2188 1638 2248 posset,
1672 2179 1840 2250 idque
1871 2180 2018 2235 inter

438 2264 878 2333 improbissimos
908 2267 1031 2322 illos
1065 2270 1278 2334 vivens,
1330 2269 1424 2338 qui
1456 2271 1542 2325 vel
1569 2271 2012 2337 callidissimum,

439 2367 496 2410 et
537 2373 728 2411 eorum
765 2361 1036 2420 versutias
1087 2377 1152 2415 ac
1195 2363 1425 2418 technas
1466 2363 1628 2436 longa
1673 2366 2018 2436 experientia

439 2447 687 2514 doctum,
719 2451 1005 2506 fraudibus
1037 2463 1092 2509 et
1137 2454 1532 2511 blandimentis
1553 2459 1668 2512 suis
1713 2459 2018 2524 irretirent,

436 2553 547 2592 non
593 2542 895 2608 paruisset.
951 2543 1222 2608 Quoniam
1273 2555 1458 2600 autem
1514 2547 1630 2601 haec
1687 2559 1793 2603 tam
1832 2549 2020 2619 inique

437 2642 755 2701 comparata
786 2634 917 2700 sint,
939 2645 991 2688 cl
1015 2652 1135 2704 qua:
1162 2654 1269 2691 non
1293 2639 1696 2708 conducerent,
1724 2643 2022 2710 praevalue-

437 2724 568 2790 rint,
607 2725 768 2796 821
802 2727 1043 2782 iibenter
1071 2728 1134 2782 ad
1165 2729 1342 2783 filium
1376 2731 1776 2801 proiecturam,
1820 2743 1879 2788 et
1903 2751 2022 2789 0m-

436 2817 527 2869 nia
562 2816 661 2872 ism
687 2819 897 2883 odiosa,
928 2836 1054 2875 cum
1087 2821 1142 2874 in
1171 2833 1530 2892 conspectum
1563 2825 1797 2892 venerit,
1828 2843 1858 2881 e
1909 2844 2024 2880 me-

436 2907 530 2961 dio
561 2909 925 2963 sublaturam.
961 2912 1022 2965 Ei
1046 2911 1346 2982 imperator
1378 2915 1662 2970 triremem
1691 2916 2019 2972 instructam

437 2997 711 3055 attribuit.
739 3001 873 3065 Qua:
897 3001 1344 3059 Thessalonicam
1383 3005 1628 3074 ingressa
1662 3007 1866 3061 bellum
1907 3010 2018 3080 jam

1281 3098 1467 3152 omnia
1523 3099 1796 3170 siquidem
1859 3111 2019 3172 pacta

2122 2014 2262 2069 ρειν,
2321 1991 2388 2067 ἧς
2437 1993 2576 2064 μετά
2635 1991 2834 2062 μικρὸν
2899 1989 3059 2044 ἕσται
3117 1988 3311 2058 κύριος
3372 1985 3537 2046 αὐτὸς
3577 1983 3722 2036 ἄνευ

2121 2091 2386 2159 πολέμων
2407 2089 2504 2142 καὶ
2541 2085 2913 2157 πραγμάτων.
2948 2082 3119 2146 Αὐτὸς
3149 2081 3260 2151 γὰρ
3298 2080 3346 2132 εἱ
3390 2079 3465 2148 μὴ
3502 2077 3530 2129 δ
3571 2075 3726 2146 πρὸς

2121 2182 2433 2252 Τριδαλοὺς
2474 2180 2716 2250 πόλεμος
2751 2176 3029 2246 κεκίνητο,
3064 2176 3159 2228 καὶ
3197 2174 3294 2252 νῦν
3345 2174 3373 2226 δ
3415 2169 3729 2230 Λατινικδς

2120 2277 2308 2331 οὑτοσὶ
2337 2272 2610 2334 ἀκουσίως
2645 2268 2914 2333 ἐπελθὼν,
2949 2267 3121 2321 παλαι
3164 2265 3233 2319 ἂν
3261 2264 3461 2334 ἐκείνῳ
3496 2263 3656 2330 ὲνεχε
3671 2261 3728 2312 ί-

2126 2387 2254 2439 ρισα
2289 2369 2357 2421 τὰ
2393 2366 2702 2436 πράγματα
2753 2361 3005 2432 μωαχῶν
3050 2359 3239 2430 σχῆμα
3276 2355 3483 2419 ὑποδὺς
3524 2353 3726 2415 αὑτός⁶

2121 2455 2312 2524 ὥσπερ
2365 2455 2458 2507 καὶ
2514 2451 2709 2522 μικρὸν
2763 2450 2921 2513 αὖθις
2971 2449 3200 2518 ὓστερον
3228 2444 3728 2516 παρεσκεύασμαι

2125 2549 2320 2602 ποιεῖν’
2347 2546 2474 2609 τοὺς
2509 2545 2566 2598 δὲ
2603 2543 2942 2605 στασιαστὰς
2967 2541 3237 2606 ἐκείνους,
3270 2539 3368 2593 καὶ
3399 2538 3499 2608 τὴν
3522 2535 3728 2606 κοινὴν

2137 2639 2430 2710 Ῥωμαίων
2485 2637 2782 2708 δυστυχίαν
2838 2637 3180 2708 πράττοντας
3229 2633 3722 2702 ἐπιπλήττουσαν,

2124 2732 2217 2785 καὶ
2270 2729 2604 2784 ἀπειλοῦσαν
2649 2728 2719 2780 τὰ
2767 2727 3076 2790 δεινότατα,
3139 2727 3232 2778 καὶ
3281 2725 3462 2779 πάντα
3508 2722 3724 2786 τρόπον

2125 2825 2481 2894 πειρωμένην
2509 2821 2752 2890 ἀφιστᾷν
2805 2821 2904 2888 τῆς
2953 2819 3282 2890 μοχθηρίας.
3322 2816 3561 2870 Τοιαῦτα
3612 2813 3722 2882 μὲν

2125 2915 2582 2986 Καντακουζηνδς
2615 2918 2644 2969 δ
2686 2917 2946 2986 βασιλεὺς
2989 2918 3126 2984 πρὸς
3163 2913 3366 2964 ’Λνναν
3394 2909 3495 2980 τὴν
3531 2906 3706 2976 ’βασι-

2123 3008 2243 3063 λίδα
2289 3006 2602 3076 διειλέχθη,
2646 3007 2851 3060 πείθων
2910 3006 3049 3077 πρὸς
3115 3002 3522 3070 Θεσσαλονίκην
3574 3001 3715 3052 ἀποο

2124 3102 2313 3155 πλέειν
2339 3101 2430 3152 ἐπὶ
2466 3099 2543 3170 τῷ
2582 3099 2682 3169 τὴν
2713 3099 3047 3168 κινουμένην
3082 3099 3183 3166 ἤδη
3221 3097 3413 3150 στάσιν
3451 3093 3721 3147 διαλύεινο

437 3181 894 3252 conditionesqne
927 3201 1051 3239 cum
1074 3183 1232 3242 Crale
1267 3197 1574 3254 transactze,
1612 3192 1816 3260 quibus
1849 3195 2023 3263 impe-

2129 3197 2158 3266 ἡ
2213 3195 2292 3259 δὲ,
2347 3192 2542 3262 πρῶτα
2591 3193 2692 3261 μὲν
2733 3191 2922 3262 ἡρέμα
2959 3189 3276 3259 καθήπτετο
3315 3185 3607 3256 βασιλέως,
3642 3184 3728 3247 ὡς

438 3281 676 3327 ratorem
739 3276 1017 3346 juniorem
1067 3277 1378 3348 adjuvaret,
1443 3281 1672 3352 ipseque
1717 3283 1909 3341 Crales
1967 3297 2024 3342 ct

441 3381 565 3420 uxor
604 3384 774 3437 prope
818 3369 1270 3426 'l'hessalonicam
1335 3375 1650 3442 tendentes,
1699 3377 2022 3433 intestinum

441 3459 821 3513 Romanorum
854 3463 1080 3528 bellum,
1111 3465 1256 3518 unde
1307 3469 1631 3535 compendia
1679 3485 1777 3524 sua
1833 3487 2027 3540 spera-

441 3550 596 3613 bant,
632 3565 733 3605 nec
759 3553 953 3622 exigua
984 3555 1272 3624 urgebant.
1323 3556 1768 3614 Cantacuzcnum
1824 3564 2028 3632 quippe

443 3643 805 3706 timebant,et
835 3644 1036 3699 ardens
1071 3647 1312 3700 studium
1336 3651 1753 3719 crgajuniorem
1789 3654 2030 3723 impera-

447 3747 621 3790 torem
660 3753 772 3807 prae
802 3728 862 3792 Se
920 3739 1194 3803 ferebant,
1233 3745 1519 3810 cupientes
1549 3745 1626 3798 illi
1653 3761 1726 3799 ex
1771 3746 1875 3801 hoc
1906 3763 2032 3816 per-

445 3844 669 3882 suasum
717 3845 774 3885 se
804 3846 930 3884 eum
983 3847 1189 3900 amare,
1218 3845 1270 3888 et
1301 3837 1421 3905 ejus
1446 3837 1661 3905 injuria:
1683 3838 2032 3894 vindicandte

445 3934 576 3971 cura
610 3917 771 3984 allici,
806 3936 929 3974 cum
970 3931 1151 3976 tamen
1181 3925 1525 3979 contrarium
1553 3927 1800 3989 omnino,
1825 3937 1879 3981 et
1906 3930 2032 3998 qui-

447 4013 569 4064 dem
602 4028 709 4065 non
742 4012 985 4083 segniter
1025 4015 1292 4072 facerent.
1327 4018 1544 4072 Etenim
1578 4034 1680 4088 pro
1720 4020 1932 4089 magnis
1978 4031 2035 4077 ct

451 4105 660 4169 mnitis,
697 4122 819 4174 qua:
875 4106 1241 4172 abstulerant,
1269 4109 1398 4163 vilia
1444 4110 1693 4180 quaedam
1719 4112 2036 4182 nulliusque

445 4194 609 4262 pretii
663 4197 1055 4251 restitnebant.
1115 4197 1244 4252 llaec
1291 4198 1458 4268 igitur
1505 4200 1690 4254 omnia
1719 4201 1872 4269 quasi
1909 4217 2036 4256 ara-

450 4286 740 4341 tzcolorum
786 4303 952 4358 opera
1009 4289 1120 4362 (9.6)
1170 4289 1412 4344 adventu
1477 4292 1882 4362 prazsentiaque
1937 4308 2035 4349 sua

451 4387 777 4454 imperatrix
805 4369 1043 4458 disjccit.
1084 4386 1214 4441 Nam
1251 4387 1446 4451 ﬁlium,
1474 4387 1816 4457 qnmdecuit,
1849 4389 2039 4444 admo-

452 4480 593 4540 nuit,
625 4493 865 4546 eutnque
907 4478 1081 4545 ﬂexit,
1117 4478 1266 4546 quod
1317 4490 1575 4534 uarontes
1627 4479 1902 4534 honorare
1931 4481 2039 4535 sci-

2126 3289 2185 3340 ού
2217 3285 2545 3355 πειθομένου
2605 3285 2671 3337 τὰ
2713 3282 2970 3354 βέλτιστα
3032 3279 3437 3350 παραινούσης,
3477 3278 3572 3330 καὶ
3600 3276 3733 3328 δεο-

2131 3383 2302 3452 μένης
2367 3381 2442 3450 μὴ
2482 3376 2838 3432 καταλείπειν
2880 3377 2938 3428 ὲν
2984 3371 3363 3441 Θεσσαλονίκῃ
3414 3368 3574 3438 μόνον
3628 3365 3734 3419 τὸν

2129 3474 2252 3526 υἱὸν
2285 3471 2368 3524 ἔτι
2405 3472 2526 3523 νέον
2569 3471 2721 3530 ὄντα,
2763 3469 2857 3520 καὶ
2910 3465 3110 3536 ῥαδίως
3163 3463 3465 3531 δυνάμενον
3513 3459 3738 3522 ἐξαπα-

2132 3565 2350 3629 τᾶσθαι,
2383 3564 2480 3615 xa‘t
2509 3560 2802 3628 ἐξάγεσθαι
2840 3559 2936 3612 τοῦ
2986 3557 3238 3628 μετρόυ,
3273 3555 3372 3606 καὶ
3403 3550 3578 3605 ταῦτα
3605 3553 3737 3614 τοῖς

2133 3655 2529 3724 πονηροτάτοις
2565 3651 3020 3722 συνδιατρίϐοντα
3057 3647 3321 3712 ἐκείνοις,
3376 3645 3427 3696 οἳ
3474 3643 3578 3696 κᾶν
3628 3642 3741 3693 καὶ

2133 3747 2229 3800 τοῦ
2299 3745 2610 3799 δεινοτάτου
2667 3743 3074 3811 περιγένοιντο,
3131 3739 3224 3794 καὶ
3283 3738 3489 3806 πολλὴν
3523 3737 3740 3803 πεῖραν

2134 3839 2242 3890 τῶν
2271 3834 2624 3906 πανουργιῶν
2674 3835 2877 3898 αὐτῶν,
2911 3833 3007 3886 καὶ
3046 3832 3156 3884 τῶν
3199 3829 3370 3884 δόλων
3425 3827 3742 3897 ἐσχηκότος

2136 3929 2362 3990 πολλαῖς
2395 3928 2638 3989 ἀπάταις
2687 3925 2989 3996 χρώμενοι,
3023 3924 3121 3976 καὶ
3171 3919 3513 3981 κολακείαις.
3569 3918 3746 3971 Ἐπεὶ

2135 4023 2181 4076 δ’
2231 4021 2376 4074 οὕτω
2423 4019 2864 4088 συνεσκευάσθη,
2927 4018 3024 4070 καὶ
3075 4015 3146 4069 τὰ
3208 4015 3284 4085 μὴ
3338 4011 3748 4068 λυσιτελοῦντα

2137 4115 2478 4184 αἱρετώτερα
2527 4112 2725 4182 ἐφάνη,
2773 4108 3079 4181 Προθύμως
3115 4106 3208 4158 ἐπὶ
3264 4107 3358 4157 τὸν
3390 4105 3506 4156 υίὺν
3554 4101 3747 4154 πλευ-

2139 4207 2367 4277 σοῦμαι,
2399 4201 2546 4271 εἷπε,
2582 4205 2678 4258 καλ⁸
2709 4204 2890 4259 πάντα
2925 4199 3168 4255 διαλύσω
3189 4197 3258 4250 τὰ
3282 4196 3522 4266 δυσχερῆ
3547 4194 3754 4264 ὀφθεῖ-

2139 4318 2230 4367 σα,
2287 4301 2381 4354 καὶ
2429 4302 2456 4353 ὀ
2519 4297 2782 4365 βασιλεὺς
2834 4295 2964 4348 ἐπεὶ
2996 4293 3274 4357 ἐπείθετο,
3299 4289 3552 4360 τριήρεις
3591 4304 3754 4354 παρ-

2139 4397 2330 4466 έσχετο
2375 4395 2438 4446 ὲκ
2493 4392 2601 4444 τῶν
2636 4391 3076 4460 ὲφοπλισμένων,
3137 4385 3233 4438 καὶ
3285 4379 3591 4436 κατέπλεεν
3651 4381 3754 4446 ei;

2141 4486 2570 4553 Θεσσαλονίκην.
2605 4483 2880 4552 Γενομένη
2929 4479 2986 4534 δὲ
3047 4480 3190 4542 ἐκεῖ,
3249 4475 3341 4529 τόν
3379 4489 3440 4527 τε
3495 4472 3758 4542 πόλεμον

453 4580 554 4636 ret,
593 4580 649 4625 et
688 4571 913 4625 obedire
955 4572 1011 4624 in
1049 4573 1329 4636 omnibus,
1370 4589 1492 4642 quzc
1543 4588 1758 4627 summa
1810 4573 2026 4628 illorum

2144 4580 2366 4648 εὕρισκε
2413 4575 2688 4646 λαμπρῶς
2744 4573 3053 4642 ὲξαφθέντα
3103 4571 3230 4641 ἤδη.
3282 4567 3463 4620 Πᾶσαι
3516 4564 3631 4633 γὰρ
3684 4567 3755 4619 αἱ

451 4661 698 4716 charitas
729 4662 943 4718 suadet.
977 4663 1034 4716 In
1069 4663 1329 4718 factiosos
1377 4676 1562 4719 autem
1597 4665 1676 4718 ira
1718 4664 2038 4719 fervescens

452 4772 550 4809 eos
578 4755 888 4820 territabat,
923 4765 979 4810 et
1007 4757 1415 4811 dirissimorum
1445 4756 1848 4826 suppliciorum
1891 4771 2042 4809 com-

459 4849 861 4904 minationibus
912 4851 1193 4905 abstinere
1238 4851 1467 4919 cogebat
1501 4866 1530 4904 a
1563 4849 1806 4904 facinore
1837 4849 2042 4919 impro-

457 4942 705 4996 bissimo.
743 4942 826 4996 Ad
877 4943 995 4997 lucc
1043 4945 1110 4997 ad
1147 4943 1365 4999 Cralem
1401 4956 1649 5011 egressa.
1702 4956 1940 5011 eumque
1987 4949 2044 4995 et

453 5052 688 5090 uxorum
755 5035 942 5095 allata.
989 5035 1233 5090 ostendit
1282 5050 1378 5089 eos
1441 5043 1638 5087 contra
1691 5034 1783 5101 jus
1847 5035 2041 5104 fasque

456 5145 641 5198 agere,
672 5127 899 5182 fulmina
927 5128 1294 5196 caelestesque
1326 5125 1513 5194 plagas
1532 5127 1686 5178 velut
1717 5124 2001 5179 intentans
2027 5141 2041 5177 :

457 5221 586 5288 quia
636 5233 1004 5290 przeterquam
1061 5219 1210 5289 quod
1263 5219 1541 5272 Romanos
1596 5218 1851 5288 perjuriis
1907 5219 2044 5284 suis,

456 5314 874 5383 ‘fmlerihusquc
911 5313 1184 5366 violandis
1213 5313 1376 5366 toties
1391 5311 1675 5376 laederent,
1695 5313 1861 5366 etiam
1888 5312 2048 5367 bellis

455 5405 719 5460 civilibus
743 5421 840 5460 eos
860 5405 1294 5468 committerent,
1315 5403 1517 5473 quibus
1539 5405 1746 5458 mutuis
1772 5404 2047 5476 stragibus

2148 4669 2285 4738 πρὸς
2331 4666 2559 4736 Κράλην
2612 4664 2918 4734 συμϐάσεις
2952 4662 3368 4732 ἀπηρτισμέναι
3421 4655 3605 4730 ἦσαν,
3652 4659 3755 4728 ἐφ’

2143 4756 2229 4823 αἷς
2261 4759 2368 4813 ἔδει
2410 4759 2726 4828 συμμαχεῖν
2787 4756 2866 4825 τῷ
2915 4755 3020 4824 νέῳ
3073 4753 3307 4823 βασιλεῖ,
3361 4751 3458 4804 καὶ
3503 4748 3752 4818 Κράλης

2145 4853 2309 4915 αὐτὸς
2347 4854 2487 4922 μετὰ
2547 4851 2645 4919 τῆς
2681 4847 2943 4916 γυναικὸς
2987 4847 3158 4912 ἐγγὺς
3207 4840 3751 4915 ἐστρατοπεδεύοντο

2149 4943 2556 5011 Θεσσαλονίκης
2606 4941 2698 4994 τὸν
2754 4939 2889 5008 πρὸς
2945 4937 3210 5007 ἀλλήλους
3269 4936 3378 4988 τῶν
3439 4932 3746 5002 Ῥωμαίων

2148 5037 2386 5106 πόλεμον
2427 5033 2866 5095 ἐπισπεύδοντες.
2906 5029 3051 5083 Πάνυ
3095 5029 3205 5100 γὰρ
3236 5027 3410 5082 ἐδόκει
3440 5025 3594 5092 σφίσι
3639 5023 3745 5077 λυ-

2150 5127 2381 5181 σιτελεῖν
2409 5124 2871 5194 Καντακουζηνδν
2928 5121 3020 5174 τὸν
3080 5120 3307 5189 βασιλέα
3354 5117 3574 5178 δεδιόσι.
3635 5118 3743 5170 καὶ

2152 5220 2395 5290 μεγάλας
2430 5216 2774 5282 ἐπεδείξαντο
2807 5214 2945 5285 πρὸς
2981 5212 3210 5283 βασιλέα
3234 5213 3326 5266 τὸν
3359 5212 3479 5266 νέον
3508 5209 3606 5272 τάς
3647 5226 3745 5276 φι-

2149 5311 2422 5380 λοτιμίας,
2454 5307 2768 5380 βουλόμενοι
2793 5305 3000 5359 πείθειν
3040 5305 3206 5358 αὑτὸν
3263 5305 3328 5357 ὲκ
3382 5301 3598 5366 τούτου,
3659 5300 3744 5364 ὡς
3838 5368 3850 5380 .

2152 5400 2368 5473 φιλοῦσί
2399 5417 2459 5454 τε
2517 5398 2612 5453 καὶ
2655 5398 2914 5469 κήδονται
2947 5394 3113 5450 αὑτοῦ
3165 5393 3551 5464 ἀδικουμένου,
3610 5391 3746 5448 τούς

1709 5523 1926 5584 Jacobi
1962 5521 2227 5582 Pontani
2270 5526 2462 5582 notae.

471 5719 480 5722 ἢν
546 5653 657 5723 (‘26)
692 5651 937 5707 Alterum
970 5652 1282 5723 exemplum
1318 5661 1580 5706 maternae
1611 5650 1957 5723 auctoritatis
1991 5651 2047 5705 in

460 5720 648 5781 ﬁliuni
685 5725 738 5776 in
792 5725 933 5777 viam
986 5720 1382 5777 reducendum.
1437 5723 1609 5791 Supra
1641 5738 1762 5792 cap.
1793 5721 1847 5787 8,
1894 5723 2049 5776 lreue

466 5808 702 5863 ’quoque
726 5807 860 5863 uxor
885 5793 1279 5857 Cantacuzeni,
1313 5793 1566 5847 Matthaeo
1593 5794 1728 5853 lilio,
1764 5792 2048 5861 proprium

463 5861 582 5919 3sibi
623 5861 990 5933 Principatum
1020 5863 1333 5934 meditanti,
1366 5863 1589 5920 meliora
1613 5864 1727 5919 solo
1750 5871 2046 5920 conspectu

2157 5660 2213 5708 ct
2241 5651 2413 5705 verbo
2443 5649 2611 5704 unico
2635 5644 2931 5715 persuasit.
2963 5641 3135 5715 Major
3164 5650 3345 5694 tamen
3376 5635 3544 5715 huius
3563 5633 3740 5715 Annae

2161 5723 2215 5777 in
2231 5722 2444 5776 Joanne
2468 5719 2580 5773 lilio
2600 5711 2948 5771 emendando
2967 5711 3147 5767 elucet
3175 5711 3511 5774 auctoritas;
3534 5711 3740 5776 quippe

2160 5792 2392 5863 legitimi
2426 5785 2781 5861 imperatoris
2819 5784 3081 5856 legitimae
3113 5781 3326 5836 matris.
