4056 6516
483 401 590 469 223

1669 406 1986 468 JOANNiS
2029 408 2563 474 CtNTACUZENI

3644 412 3749 479 ΞΜ

485 544 860 604 amiserimus.
925 558 1034 597 non
1071 541 1292 597 aliunde
1343 543 1722 613 redintegrare
1773 560 2061 597 numerum

2188 549 2546 621 ίποθνήσκειν
2577 552 2734 621 ἡμῶν
2767 568 2825 606 τε
2858 552 2951 606 καὶ
2987 553 3095 606 τῶν
3131 552 3444 623 πολεμίων.
3480 552 3622 617 Τοὺς
3651 555 3744 622 μὲν

486 635 699 698 licebit,
742 633 1137 702 contingctque
1175 632 1319 687 vires
1352 642 1572 687 nostras
1606 633 1894 694 infirmari,
1927 648 2066 700 quas

489 730 544 783 in
600 726 797 797 primis
829 725 1006 780 salvas
1039 734 1095 778 ct
1149 725 1415 795 integras,
1460 740 1585 779 cum
1617 733 1768 779 tanto
1790 724 2066 779 Romano-

488 837 612 875 rum
654 819 840 879 simul,
877 827 933 872 et
982 818 1399 880 Catalanorum,
1441 818 1882 886 Venetorumque
1910 831 2066 871 exer-

492 912 605 965 citu
639 918 980 981 pugnaturos
1013 924 1340 963 conservare
1370 923 1596 963 necesse
1650 917 1753 962 est.
1802 908 1928 962 [lare
1959 908 2068 961 dux

490 1002 653 1057 simul
691 1002 1009 1071 prudenter,
1066 1013 1121 1057 et
1179 1019 1245 1057 ex
1297 1004 1790 1073 usu-imperatorio
1842 1004 2069 1058 ratioci-

489 1093 1032 1148 natus‘disserebat:
1069 1094 1229 1149 simul
1257 1095 1626 1149 Romanorum
1660 1094 1825 1149 rebus
1848 1103 2072 1164 prapter

496 1186 963 1247 Cantacuzcnum,
1028 1186 1116 1239 cui
1172 1196 1290 1240 erat
1356 1186 1590 1249 amicus,
1642 1187 2072 1242 detrimentosus

497 1292 620 1332 esse
651 1277 895 1332 nolebat.
918 1278 996 1332 Ac
1029 1277 1277 1347 Paganus
1309 1280 1532 1348 quidem
1554 1294 1682 1334 suos
1715 1281 1863 1335 hisce
1890 1280 2074 1336 verbis

497 1386 526 1421 a
562 1385 742 1439 pugna
774 1385 896 1423 cum
932 1369 1392 1425 lleracleensibus
1444 1372 1726 1427 deterrere
1765 1372 2071 1435 laborabat,

493 1456 658 1530 823
705 1476 804 1514 nec
838 1462 1228 1529 persuadebat,
1274 1463 1420 1531 quod
1456 1464 1561 1518 sibi
1598 1464 1781 1533 cupita
1814 1464 2073 1534 denegari

498 1567 841 1621 (ιοηοοιιιιοιέ
874 1568 981 1608 non
1012 1563 1285 1624 poterant.
1312 1554 1577 1610 Martinus
1604 1572 1735 1611 vero
1758 1556 2074 1621 Ntemorus,

495 1654 551 1697 et
604 1644 721 1712 ipse
771 1643 1015 1699 triremis
1058 1646 1350 1715 praefectus
1409 1648 1462 1701 in
1514 1648 1754 1703 medium
1797 1648 2074 1716 prodlens,

496 1736 692 1789 ducem
738 1736 987 1805 iniquum
1029 1752 1094 1792 ac
1124 1739 1461 1805 proditorem
1495 1754 1617 1795 esse
1642 1740 1889 1794 omnium
1925 1740 2079 1794 testi-

503 1827 790 1882 ficabatur.
838 1827 1073 1883 Tantum
1125 1831 1342 1900 quippe
1388 1840 1742 1901 apparatum,
1791 1841 2079 1900 tantosque

503 1928 757 1989 sumptus
793 1936 899 1976 non
937 1922 1042 1976 alia
1078 1922 1145 1977 de
1181 1939 1345 1977 causa
1383 1924 1573 1983 factos.
1608 1939 1772 1993 quam
1806 1933 1865 1977 ut
1900 1923 2070 1979 bosti~

505 2011 608 2065 bus
649 2012 847 2067 damna
893 2012 1172 2069 afferrent.
1204 2014 1274 2069 At
1317 2030 1463 2070 nunc
1492 2016 1711 2085 quando
1759 2014 2073 2070 Heracleam

504 2102 675 2156 armis
734 2105 1181 2160 commodissime
1224 2106 1506 2167 obtinere,
1579 2115 1635 2160 et
1702 2106 2073 2161 Romanorum

504 2193 805 2248 potentiam
838 2195 1188 2260 labefactare,
1215 2206 1271 2250 et
1299 2197 1402 2251 sibi
1434 2197 1689 2265 prodesse
1716 2212 1879 2267 quam
1907 2197 2075 2267 pluri-

506 2298 655 2336 mum
683 2296 928 2353 possent,
959 2287 1493 2358 intempestira~ejus
1526 2304 1650 2356 erga
1686 2288 2073 2357 imperatorem

504 2376 885 2431 benevolentia
917 2378 1168 2447 impediri
1196 2395 1210 2437 :
1243 2380 1643 2450 mandabatque
1681 2381 1897 2443 scribae,
1929 2381 2074 2435 dicta

506 2471 558 2523 in
608 2470 818 2524 tabulas
867 2472 1119 2537 referret,
1166 2481 1224 2526 ut
1270 2489 1397 2528 eum
1433 2472 1583 2527 domi
1621 2474 1762 2541 apud
1813 2473 2074 2542 populum

505 2575 571 2613 ac
595 2560 792 2614 ducem
826 2563 1125 2631 majestatis
1162 2580 1311 2616 reum
1354 2572 1729 2616 accusaturus.
1758 2562 2074 2631 Hujusmodi

508 2647 684 2703 minas
734 2647 999 2704 Martinus
1030 2652 1290 2717 jactabat.
1330 2653 1584 2721 Paganus
1629 2662 1877 2705 metuens
1911 2666 1978 2705 ne
2011 2651 2076 2705 ad

512 2735 772 2809 popufum
805 2756 933 2795 reus
961 2741 1183 2805 citatus,
1216 2742 1612 2811 convictusque
1643 2743 1822 2811 capite
1858 2742 2078 2809 punire-

512 2840 621 2892 tur,
655 2834 1117 2902 oppugnationem
1138 2833 1403 2902 indulget,
1426 2832 1825 2902 confestimque
1856 2832 2079 2887 classia-

513 2918 578 2972 rii
601 2935 723 2973 cum
752 2922 923 2975 armis
961 2937 1018 2976 se
1063 2923 1376 2978 triremibus
1401 2931 1748 2991 expromam,
1777 2922 2080 2991 urbemque

510 3012 919 3067 rircumdantes
950 3028 1267 3083 Oppugnare
1309 3015 1591 3069 insistunt.
1640 3013 1888 3083 Cumque
1938 3015 2077 3069 muri

511 3119 704 3159 versus
760 3105 1138 3159 continentem
1204 3106 1393 3160 multis
1458 3106 1597 3161 locis
1654 3106 1839 3160 faciles
1896 3115 2083 3161 essent

510 3205 778 3266 ttceupatu
828 3196 959 3267 (non
1021 3199 1168 3251 enim
1231 3213 1563 3267 quemquam
1634 3212 1702 3251 ex
1764 3197 2081 3252 continente
2114 3219 2152 3271 (ξ

513 3291 830 3345 invasurum
878 3291 1187 3359 putabant),
1234 3301 1291 3347 et
1336 3292 1487 3346 cives
1532 3299 1796 3360 praeterea
1850 3290 2087 3345 inermes

511 3392 674 3449 atque
725 3381 1012 3452 imparati,
1068 3391 1126 3437 ct
1166 3382 1232 3436 ad
1285 3382 1649 3436 resistendum
1702 3383 1869 3437 tantis
1914 3382 2089 3451 copiis

514 3468 740 3535 infirmi,
778 3472 832 3525 vi
872 3480 928 3526 et
972 3472 1179 3526 virtute
1221 3471 1560 3538 Latinorum,
1612 3488 1924 3543 quanquam
1970 3472 2089 3542 ipso

514 3562 942 3631 oppugnationis
981 3571 1227 3633 tempore
1276 3564 1533 3627 Byzantio
1576 3565 1927 3634 equestribus
1976 3573 2092 3618 tur-

520 3652 623 3707 mis
669 3652 737 3706 ab
776 3654 1109 3723 imperatore
1158 3654 1407 3711 subsidio
1458 3657 1839 3723 venientibus,
1872 3664 2089 3725 captum

518 3753 604 3798 est
633 3745 919 3815 oppidum.
949 3748 1343 3817 Suspicabatur
1370 3750 1517 3805 enim
1553 3751 1605 3805 id
1652 3749 1798 3820 quod
1842 3749 2092 3804 futurum

520 3847 657 3899 erat,
698 3837 789 3891 ubi
823 3838 1051 3893 classem
1103 3840 1419 3897 Heracleam
1465 3843 1749 3912 appulsam
1801 3840 2091 3896 intellexit.

521 3929 664 3993 Quin
708 3939 763 3985 et
810 3931 1155 3999 Nicepltorus
1183 3934 1409 4004 despota
1450 3949 1620 4005 gener
1668 3933 1888 3988 urbium
1919 3932 2096 3986 Thra-

523 4023 729 4077 ciarum
790 4025 856 4078 ad
911 4022 1322 4095 Hellespontum
1375 4028 1688 4097 praefectus,
1746 4034 1800 4079 et
1882 4023 2098 4079 Manuel

523 4116 733 4170 Asanes
776 4116 1024 4186 despota,
1062 4121 1250 4174 [rencs
1301 4118 1668 4188 inuperatricis
1716 4118 1904 4180 frater,
1940 4118 2098 4188 Byzia

528 4222 724 4262 manus
761 4209 1056 4283 auxiliares
1083 4210 1394 4265 mittebant.
1430 4209 1535 4265 Sed
1574 4210 1699 4277 quia
1737 4210 1788 4263 in
1817 4189 1938 4278 ipso
1962 4209 2101 4263 arti-

525 4297 650 4351 culo
721 4298 1094 4354 dimicationis
1164 4300 1490 4365 veniebant,
1545 4299 1748 4354 frustra
1806 4307 2098 4354 venerunt.

527 4390 883 4445 Exstantibus
914 4392 1059 4444 enim
1109 4391 1290 4447 adhuc
1334 4402 1460 4446 ante
1494 4399 1681 4461 portas
1710 4391 1864 4445 urbis
1898 4391 2098 4445 aedium

526 4482 833 4552 parietinis,
858 4483 1035 4536 Latini
1064 4483 1173 4537 illic
1214 4483 1401 4538 florem
1428 4499 1655 4538 suorum
1687 4482 2097 4554 sagittariorum

2167 641 2278 708 γὰρ
2306 645 2355 694 οἱ
2393 643 2653 706 πεσόντες
2683 644 3131 714 παραϐλάψουσιν
3173 645 3359 705 οὐδὲν,
3403 644 3628 714 ἐτέρους
3660 646 3748 698 Bu-

2170 733 2440 803 ναμένους
2480 735 2542 788 ἐκ
2564 738 2673 789 τῶν
2711 736 2886 789 ἀλλων
2916 737 3070 805 ἄγειν
3116 736 3340 791 πόλεων
3372 738 3473 791 καὶ
3507 736 3749 800 πλείους,

2168 826 2265 878 καὶ
2307 826 2568 896 βελτίους.
2606 826 2723 895 Ἐφ’
2756 830 2912 898 ἡμῶν
2959 829 3013 882 δὲ
3044 830 3142 899 οὐχ
3197 831 3228 883 6
3288 829 3410 892 ἴσος
3459 828 3619 899 λόγος
3642 845 3660 863 ο
3688 828 3752 882 ἂν

2170 916 2278 987 γὰρ
2313 917 2679 994 ἀποϐάλωμέν
2703 934 2854 980 τινας
2877 917 2987 970 τῶν
3011 917 3202 978 ὄντων,
3237 916 3471 986 ἐτέρους
3505 917 3753 969 ἀντεισά-

2170 1025 2288 1073 γειν
2317 992 2533 1074 ἐξέσται
2564 992 2888 1078 ὄῦδαμόθεν,
2936 1009 3033 1063 κα)⁸
3086 1007 3441 1077 συμϐήσεται
3491 1008 3624 1078 ἡμῖν
3658 1009 3752 1074 τὴν

2170 1098 2400 1168 δύναμιν
2428 1099 2823 1168 ἀσθενεστέραν
2853 1093 2990 1152 εἶναι
3048 1101 3113 1170 ἣν
3145 1099 3226 1152 δεῖ
3254 1099 3563 1167 φυλάττειν
3614 1099 3754 1150 σώαν

2155 1192 2433 1260 -μάλιστα,
2468 1193 2561 1245 καὶ
2590 1193 2811 1246 ἄθικτον
2843 1192 3138 1261 μέλλοντας
3171 1191 3315 1256 πρὸς
3363 1189 3606 1256 δύναμιν
3636 1206 3755 1241 τοσο

2174 1285 2349 1355 αὐτην
2391 1282 2682 1352 Ῥωμαίων
2716 1283 2872 1353 ὁμοῦ,
2906 1284 3001 1336 καὶ
3037 1281 3397 1346 Κατελάνων,
3429 1281 3525 1333 καί¹
3573 1280 3670 1349 τὴν
3694 1280 3753 1333 ἐκ

2175 1376 2435 1438 Βενετίας
2470 1372 2767 1443 μάχεσθαι.
2803 1373 2992 1427 Ταῦτα
3028 1374 3084 1426 δὲ
3117 1373 3308 1440 ἔλεγεν
3346 1374 3375 1425 6
3430 1372 3752 1441 στρατηγὸς,

2177 1467 2295 1538 ἅμα
2350 1467 2449 1536 μὲν
2481 1468 2574 1519 καὶ
2623 1466 2926 1536 σώφρονος,
2963 1467 3057 1519 κοιλ⁵
3088 1464 3283 1535 ἄρχειν
3336 1463 3613 1532 ἐμπείρου
3671 1478 3755 1513 κε-

2177 1559 2460 1630 χρημένος
2495 1559 2800 1626 λογισμοῖς,
2854 1557 2970 1626 ἅμα
2996 1556 3052 1609 δὲ
3086 1556 3182 1610 καὶ
3242 1555 3317 1608 τὰ
3371 1553 3662 1622 Ῥωμαίων
3698 1552 3755 1605 οὐ

2181 1651 2505 1718 βουλόμενος
2528 1647 2733 1702 κακοῦν
2761 1647 2848 1701 διά
2880 1648 2980 1717 τὴν
3013 1649 3148 1718 προς
3179 1646 3654 1714 Καντακουζηνὸν
3669 1643 3755 1696 τον

2182 1742 2403 1810 βασιλέα
2435 1740 2650 1795 εὔνοιαν
2682 1756 2698 1773 ’
2722 1735 2790 1812 ἦν
2821 1739 2929 1809 γὰρ
2950 1740 3059 1792 τῶν
3108 1738 3304 1807 φίλων.
3341 1738 3606 1805 ῐιναγανὴς
3666 1738 3757 1805 μὲν

2110 1872 2151 1925 Β
2179 1830 2273 1889 οὖν
2325 1834 2470 1888 οὕτω
2530 1835 2746 1889 πείθειν
2799 1834 3062 1925 ἐπειρᾶτο
3089 1831 3153 1884 τὸ
3198 1829 3755 1925 στρατόπεδον-,ἀπέι

2180 1926 2490 1997 χεσθαιτῆς
2545 1926 2684 1995 πρὸς
2742 1924 3129 1994 Ἡρακλεώτας
3188 1922 3378 1991 μάχης
3417 1937 3434 1954 ο
3471 1920 3525 1974 οἱ
3573 1919 3618 1972 δ’
3662 1919 3755 1971 οὐκ

2182 2016 2487 2074 ἐπείθοντο,
2512 2015 2629 2068 ἀλλ’
2646 2013 3010 2085 ῂγανάκτουν
3058 2010 3433 2078 κωλυόμενοι.
3491 2010 3756 2076 Μαρτῖνος

2144 2186 2149 2187 ν
2180 2111 2236 2163 δέ
2264 2108 2530 2178 Ντεμόρω
2581 2106 2853 2177 τριηρεως
2903 2106 3090 2173 ἄρχων
3116 2102 3213 2156 καὶ
3243 2102 3435 2167 αὐτὸς,
3466 2102 3546 2162 εἰς
3570 2100 3757 2171 μέσους

2184 2200 2495 2270 παρελθὼν,
2559 2200 2904 2269 ἐμαρτύρετο
2981 2196 3213 2259 ἀδικεῖν,
3301 2212 3404 2248 και
3455 2193 3756 2263 προδιδόναι

2184 2296 2324 2362 σφᾶς
2347 2292 2436 2346 τὸν
2471 2289 2801 2360 στρατηγόν.
2837 2288 2949 2357 Τὴν
2988 2287 3086 2358 μὲν
3110 2287 3220 2356 γὰρ
3276 2284 3553 2356 τοσαύτην
3588 2301 3755 2351 παρα-

2185 2384 2408 2453 σκευὴν,
2441 2383 2537 2435 καὶ
2572 2381 2672 2450 τὴν
2701 2370 2972 2446 δαπάἆην,
3035 2376 3253 2439 οὐδενος
3302 2377 3497 2446 ἐτέρου
3541 2374 3757 2443 γεγενῆ-

2186 2476 2331 2538 σθαι,
2364 2474 2569 2544 ῆόπως
2611 2471 2925 2525 κακώσουσι
2972 2469 3041 2522 τὰ
3086 2469 3391 2537 πολεμίων.
3427 2470 3562 2522 Νυνὶ
3601 2469 3651 2520 δὲ
3672 2467 3750 2518 δυ-

2185 2566 2453 2633 ναμθένιυς
2488 2564 2721 2634 μάλιστα
2745 2563 2845 2631 τὴν
2877 2562 3210 2631 Ἦράκλειαν
3230 2563 3423 2623 επλοις
3449 2560 3749 2628 κατασχεῖν,

2187 2657 2283 2708 καὶ
2315 2656 2382 2707 τά
2406 2671 2462 2706 τε
2524 2653 2815 2721 Ῥωμαίων
2858 2651 3218 2719 διαφθείρειν.
3282 2652 3382 2703 καὶ
3445 2651 3635 2711 αὐτοὺς
3690 2647 3746 2698 τὸ

2192 2746 2427 2812 μέγιστα
2456 2743 2808 2811 ὡφελεῖσθαι,
2839 2742 2928 2795 διὰ
2975 2740 3074 2811 τὴν
3116 2743 3257 2809 πρὸς
3290 2741 3520 2809 βασιλέα
3556 2739 3745 2791 εὔνοιαν

2189 2835 2495 2890 κωλύεσθαι
2522 2835 2626 2887 ὑπὸ
2652 2833 2742 2887 τοῦ
2775 2831 3111 2903 στρατηγοῦ,
3138 2832 3370 2884 ἐκέλευέ
3389 2850 3447 2884 τε
3472 2831 3562 2884 τὸν
3587 2844 3744 2896 γραμο
3804 2838 3809 2843 ·

2192 2928 2369 2997 ματέα
2395 2927 2463 2979 τὰ
2512 2925 2782 2994 εἰρημένα
2839 2924 3095 2994 γράφειν,
3150 2922 3228 2983 ὡς
3286 2924 3385 2976 ἐπὶ
3441 2921 3535 2975 τοῦ
3591 2919 3734 2987 δήμου

2192 3007 2363 3089 σφῶν,
2415 3019 2511 3071 καὶ
2550 3018 2646 3070 τοῦ
2693 3017 2882 3081 δουκίις
2927 3015 3279 3087 γραφόμενος
3330 3017 3424 3069 τὸν
3467 3009 3741 3082 στρατηγδν

2190 3112 2489 3183 ἠδικηκότα
2523 3110 2781 3179 δημοσίᾳ.
2838 3108 3077 3162 Τοιαῦτα
3141 3109 3242 3172 μὲν
3291 3108 3565 3176 ἠπείλησε
3609 3104 3748 3168 Μαρ-

2188 3206 2353 3261 τῖνος.
2384 3201 2578 3263 Δείσας
2602 3200 2659 3252 δὲ
2692 3203 2721 3253 6
2761 3200 3068 3268 στρατηγὸς
3095 3201 3170 3268 μὴ
3198 3200 3302 3253 ἐπὶ
3337 3199 3435 3254 τοῦ
3465 3199 3633 3267 δήμου
3667 3209 3777 3255 και,

2190 3293 2520 3363 τηγορηθεὶς
2547 3292 2857 3362 ἁλίσκηται,
2888 3291 2982 3343 καὶ
3035 3290 3189 3352 δίκας
3245 3291 3351 3356 τὰς
3390 3291 3621 3360 ἐσχάτας
3662 3280 3748 3351 δῷ,

2189 3388 2363 3456 ἐφῆκε
2400 3386 2500 3454 τὴν
2529 3383 2909 3453 τειχομαχίαν,
2938 3383 3032 3435 καὶ
3072 3381 3282 3436 αὐτίκα
3328 3385 3441 3436 πᾶν
3474 3382 3534 3434 τὸ
3598 3375 3742 3445 στρά-

2189 3494 2366 3546 τευμα
2397 3476 2505 3529 τῶν
2551 3477 2825 3545 τριήρεων
2858 3474 3097 3544 ἐξεχεῖτο
3130 3474 3514 3546 ὡπλισμένον,
3548 3471 3638 3523 καὶ
3665 3483 3755 3518 πε-

2195 3568 2473 3637 ρισχόντες
2497 3566 2595 3636 τὴν
2627 3566 2782 3619 πόλιν
2808 3566 3201 3636 ἐτειχομάχουν
3224 3583 3245 3602 ο
3311 3564 3556 3633 πολλαχῆ
3581 3560 3632 3613 δέ
3655 3557 3753 3611 τῶν

2194 3658 2330 3726 πρὸς
2355 3661 2454 3727 τὴν
2488 3658 2719 3728 ἧπειρον
2777 3658 2973 3726 τειχῶν
3017 3659 3188 3711 ὄντων
3219 3658 3541 3712 εὗαλὼτων·
3575 3652 3633 3706 οὗ
3655 3649 3754 3718 γὰρ

2195 3749 2434 3819 ἤλπισαν
2494 3748 2854 3816 ἐπιθήσεσθαι
2910 3749 3032 3801 τινά
3088 3749 3153 3801 ἐκ
3196 3748 3304 3818 τῆς
3352 3747 3608 3818 ἠπείρου,
3671 3740 3756 3792 mi

2195 3842 2303 3896 τῶν
2349 3839 2583 3894 πολιτῶν
2615 3841 2855 3903 ἀόπλων,
2892 3843 2992 3894 καὶ
3022 3840 3459 3910 ἀπαρασκεύων,
3509 3838 3600 3890 καὶ
3632 3832 3754 3899 πρὸς

2197 3934 2473 4002 τοσαύτην
2501 3931 2735 4000 δύναμιν
2761 3932 3107 4000 ἀντισχεῖνοὺ
3127 3931 3495 4000 δυνηθέντων,
3524 3925 3757 3998 ἡλίσκετο

2196 4026 2230 4095 ἠ
2270 4025 2422 4086 πόλις
2480 4026 2593 4085 τοῖς
2648 4020 2899 4084 Λατίνοις
2955 4020 3339 4091 κατακράτος·
3403 4019 3584 4074 καίτοι
3638 4008 3756 4080 παρ’

2172 4113 2373 4183 ἀὐτὴν
2404 4112 2502 4181 τὴν
2528 4112 2662 4180 πρὸς
2689 4113 2758 4164 τὰ
2796 4113 2952 4181 τείχη
2984 4108 3316 4180 προσϐολὴν,
3367 4111 3432 4163 ἐκ
3458 4124 3517 4159 τε
3569 4102 3778 4190 Βυζανῖ.

2199 4207 2318 4258 τίου
2347 4205 2578 4274 στρατιᾶ
2616 4204 2828 4256 ἱππέων
2870 4198 3027 4275 ἧκεν,
3056 4203 3123 4272 ἢν
3162 4201 3414 4270 ἐπεμψεν
3448 4200 3475 4249 6
3517 4192 3758 4265 βασιλεὺς

2203 4297 2344 4366 ὑπὲρ
2380 4298 2477 4363 τῆς
2544 4295 2753 4356 πόλεως
2789 4295 3196 4363 ἁμυνουμένην.
3264 4291 3619 4346 Ὕπὼπτευσε
3661 4295 3756 4349 γαρ

2200 4389 2262 4442 τὸ
2297 4388 2490 4458 μέλλον
2515 4426 2529 4450 ,
2565 4387 2641 4448 ὡς
2673 4384 2906 4437 ἐπύθετο
2936 4383 3027 4437 τὸν
3050 4384 3238 4436 στόλον
3272 4385 3413 4453 πρὸς
3446 4374 3758 4447 Ἡρακλείαν

2201 4481 2538 4548 κατάραντα.
2562 4477 2667 4531 Kal.
2683 4477 2996 4546 Νικηφόρος
3018 4476 3309 4544 δεσπότης,
3332 4477 3360 4527 6
3385 4470 3479 4526 τοῦ
3508 4465 3759 4539 βασιλέως

454 4602 459 4607 ·
527 4575 863 4629 collocarunt
903 4593 916 4630 :
952 4576 1044 4643 qui
1088 4577 1304 4643 equites
1347 4575 1614 4641 tantisper
1657 4573 1723 4626 ab
1754 4553 1909 4627 urbis
1947 4571 2088 4625 aditu

2206 4569 2471 4639 γαμϐρὸς,
2501 4569 2609 4622 τῶν
2657 4568 2799 4620 κατά
2858 4566 2951 4619 τὸν
3026 4566 3424 4636 Ἑλλήσποντον
3474 4553 3759 4632 Θρᾳκικῶν

528 4666 889 4729 distinebant,
919 4663 1099 4734 quoad
1133 4681 1161 4717 a
1184 4663 1410 4731 reliquis
1436 4671 1748 4732 caperetur.
1769 4661 2099 4716 Heracleen-

526 4773 639 4821 ses,
675 4766 735 4811 ut
771 4772 830 4812 se
855 4765 1045 4825 captos
1096 4755 1378 4814 viderunt,
1423 4753 1636 4808 Latinis
1666 4753 1860 4807 domos
1897 4751 2102 4821 praeda-

532 4861 646 4902 tum
693 4847 1175 4911 concursantibus,
1230 4862 1336 4899 una
1387 4844 1543 4899 urbis
1593 4845 1806 4911 portula
1856 4852 2099 4897 reserata

529 4939 807 5002 exierunt,
853 4938 1144 5006 multique,
1175 4936 1243 4990 de
1288 4935 1443 5001 plebe
1470 4935 1798 5004 praisertim,
1832 4933 1899 4987 ad
1943 4933 2103 5003 equi-
2145 4952 2155 4962 ·

532 5039 704 5085 tatnm
749 5029 1022 5100 fugientes
1071 5026 1271 5081 servati
1318 5034 1468 5090 sunt,
1539 5040 1663 5079 cum
1710 5023 1890 5078 Latini
1947 5032 2103 5078 extra

531 5121 727 5175 urbem
769 5129 994 5190 propter
1024 5116 1248 5173 eosdem
1284 5116 1499 5184 equites
1537 5114 1759 5183 insequi
1799 5129 1903 5168 non
1938 5114 2106 5169 aude-

533 5221 678 5267 rent.
700 5210 1005 5281 Optimates
1034 5207 1381 5278 potissimum
1418 5206 1470 5261 in
1506 5215 1829 5276 potestatem
1859 5206 2101 5271 adducti,

537 5318 662 5358 cum
716 5301 1001 5365 uxoribus,
1057 5309 1114 5356 et
1164 5300 1375 5365 liberis,
1429 5306 1488 5354 et
1536 5312 1720 5351 rerum
1774 5297 1947 5367 copiis
1993 5313 2102 5353 non

539 5393 793 5450 modicis.
839 5391 1100 5447 Heraclea
1133 5390 1405 5461 siquidem
1447 5406 1477 5445 a
1519 5388 1858 5457 temporibus
1887 5388 2107 5444 Andro-

538 5484 649 5540 nici
688 5498 756 5538 ex
783 5481 1101 5552 Palaeologis
1135 5482 1293 5550 primi
1329 5481 1492 5551 hujus
1523 5479 1761 5534 nominis
1800 5487 2107 5550 expugnata

540 5589 821 5644 nunquam
854 5574 1051 5627 fuerat.
1081 5572 1256 5627 Latini
1295 5572 1474 5641 praada
1504 5570 1665 5634 facta,
1701 5580 1886 5641 portas
1915 5584 2110 5625 omnes

545 5682 733 5723 ιρι-5118
774 5667 1146 5721 continentem
1179 5664 1588 5720 obstruxerunt.
1638 5663 1842 5718 Deinde
1893 5662 2112 5717 selectis

540 5761 821 5835 primariis
883 5758 1095 5815 civibus
1158 5776 1220 5814 ac
1280 5758 1525 5824 feminis,
1578 5755 1745 5828 824
1796 5753 2110 5823 relictisque

544 5852 887 5919 triremibus,
912 5863 1045 5922 quot
1078 5853 1197 5909 urbi
1230 5851 1442 5909 tuenda:
1474 5852 1605 5908 satis
1627 5849 1741 5905 fore
1768 5845 2107 5919 judicabant,

2207 4660 2415 4712 πόλεων
2460 4660 2664 4730 ἄρχων,
2696 4654 2799 4728 ἧκε
2850 4658 2987 4726 μετά
3042 4659 3304 4728 στρατιᾶς
3368 4646 3762 4725 Ἡρακλεώταις

2212 4751 2515 4821 βοηθήσων,
2543 4752 2636 4804 καὶ
2675 4753 2739 4802 ἐκ
2763 4748 2976 4813 Βυζύιῖς
3003 4750 3030 4801 6
3059 4748 3159 4817 τῆς
3213 4746 3485 4818 βασιλίδος
3537 4738 3761 4821 Εἰρήνης

2210 4817 2438 4908 ἀδελφὸς
2476 4840 2709 4909 Ἀσάνης
2739 4837 3007 4905 δεσπότης
3030 4838 3057 4889 6
3087 4837 3369 4906 Μανουὴλ,
3419 4834 3631 4899 ἔπεμπε
3675 4817 3760 4873 καὶ

2208 4932 2371 4996 αὐτὸς
2404 4931 2664 5003 στρατιὰν
2683 4931 2820 4999 πρὸς
2861 4927 3199 4996 συμμαχίαν.
3238 4928 3484 4995 Ὤνηααν
3526 4920 3580 4973 δὲ
3623 4911 3760 4968 οὐδὲν

2208 5010 2492 5092 ἐπ”αὐτὴν
2520 5022 2622 5091 τῆς
2667 5021 2847 5090 μάχης
2898 5018 2995 5079 τὴν
3045 5018 3234 5087 ἀκμὴν
3283 5014 3552 5074 ἐλθόντες.
3596 5006 3756 5071 Ἐρει·

2212 5114 2353 5167 πίων
2381 5091 2489 5180 γὰρ
2517 5113 2582 5164 ὲκ
2611 5110 2711 5180 τῆς
2759 5109 3035 5179 προτέρας
3065 5107 3340 5169 συνοικίας
3374 5102 3483 5175 πρὸ
3534 5097 3638 5150 τῶν
3672 5091 3760 5180 τῆς

2214 5206 2423 5268 πόλεως
2480 5201 2667 5255 πυλῶν
2706 5199 2872 5254 τινῶν
2904 5197 3383 5267 περισωζομένων,
3447 5185 3672 5244 ἐνταῦθα
3713 5177 3757 5229 οἱ

2211 5296 2431 5350 Λατῖνοι
2453 5293 2511 5344 τὸ
2543 5291 2835 5361 κράτιστον
2865 5288 3132 5353 τάξαντες
3165 5287 3278 5338 τῶν
3336 5282 3608 5351 σφετέρων
3624 5268 3758 5361 τοξο·
3828 5334 3837 5339 ,

2212 5388 2346 5452 τῶν,
2378 5387 2642 5453 ἀπεῖργον
2680 5382 2809 5444 τοὺς
2844 5381 3045 5439 ἱππέας
3087 5380 3161 5448 μὴ
3225 5376 3486 5446 παριέναι
3534 5369 3611 5429 είς
3665 5358 3755 5453 τὴν

2218 5444 2372 5534 πόλιν
2401 5444 2571 5546 ἀκρίς,
2595 5467 2657 5527 οὗ
2702 5474 2806 5526 ὑπὸ
2839 5473 2949 5525 τῶν
2983 5444 3279 5523 ἐπιλοίπων
3312 5444 3320 5446 ἡ
3348 5463 3491 5519 ὲὰλω
3540 5444 3758 5546 μαχξλμέ·

2215 5589 2344 5625 νων.
2392 5542 2776 5635 Ἡρακλεῶται
2835 5564 2890 5616 δὲ
2927 5564 3054 5617 ἐπεὶ
3097 5561 3394 5633 ᾐσθάνοντο
3444 5542 3752 5635 ἐσλωκότες,

2218 5662 2306 5728 ἔῖ<ὶ³’
2343 5632 2603 5729 ἁρπαγὴν
2625 5655 2736 5708 τῶν
2796 5654 3046 5708 Λατίνων
3071 5632 3205 5725 πρὸς
3232 5653 3330 5711 τὰς
3354 5632 3529 5704 οίκίας
3572 5641 3756 5729 τραπο-

2169 5728 2175 5735 ’
2222 5717 2423 5814 μένων,
2460 5717 2658 5799 πυλίδα
2685 5745 2787 5813 τῆς
2841 5744 3052 5807 πόλεως
3084 5744 3217 5813 μίαν
3245 5717 3751 5814 διανοίξαντες.ἔξε⁶

2221 5810 2453 5913 papam,
2485 5837 2578 5891 καὶ
2606 5810 2949 5904 διεσώθησαν
2982 5810 3164 5887 πολλοὶ
3192 5833 3427 5903 μάλιστα
3469 5816 3560 5874 τοῦ
3596 5810 3749 5878 δήμου
