4056 6464
292 393 394 458 229

1392 392 1717 454 HISTORI
1732 393 1828 452 Α’ἰῖ
1839 392 1954 455 UM
1994 393 2228 456 LIBER
2272 396 2377 459 Π.

3462 399 3568 463 930

290 506 438 559 αὐτοὶ
496 503 597 575 μὲν
651 500 807 557 οὐδὲν
868 500 1344 574 ὠφεληθήσονται,
1404 503 1560 556 πόλιν
1614 503 1673 556 δὲ
1728 498 1874 557 οὕτω

1977 501 2130 570 dine,
2161 515 2218 560 et
2272 512 2580 561 exercitum
2620 519 2685 560 ex
2738 506 2977 576 pecunia
3031 522 3141 562 non
3193 523 3384 579 parum
3426 510 3569 566 lucu

288 596 477 663 καλὴν,
511 596 1004 665 κατεσκαμμένην,
1053 595 1150 649 καὶ
1194 595 1449 665 ἀοίκητον
1499 594 1917 661 ἀποδείξουσιν

280 690 552 759 μνημεῖον
604 688 882 758 ἐσομένην
919 689 1035 751 τοῖς
1090 688 1175 751 εἰς
1217 687 1445 758 ὕστερον
1489 686 1876 758 παραπλέουσι

285 782 382 853 τῆς
411 781 595 835 αὐτῶν
627 781 1052 853 ἀγνωμοσύνης,
1088 780 1188 834 καὶ
1220 781 1323 851 τῆς
1349 780 1712 851 ἀφιλοτιμίας
1744 780 1876 851 περὶ

287 874 349 927 τὰ
404 875 572 941 καλὰ,
606 872 759 928 ἀλλὰ
798 876 900 943 τῆς
942 873 1220 942 τοσαύτης
1259 873 1442 927 αὐτῶν
1476 871 1877 944 κακοπραγίας

284 967 431 1021 ἐλεόν
480 952 952 1029 τινακλαϐόντὰς,
1003 964 1299 1033 φείσασθαι
1354 965 1456 1035 τῆς
1515 965 1725 1028 πόλεως
1782 965 1878 1017 ἐπὶ

287 1062 531 1131 χρήμασι
578 1061 792 1129 ῥητοῖς.
841 1056 1029 1111 Ταῦτα
1085 1058 1144 1111 δὲ
1193 1058 1392 1120 αὐτοὺς
1430 1058 1736 1133 λάποτίσειν
1794 1060 1877 1120 εἰς

289 1152 582 1216 Βυζάντιον
602 1151 908 1220 ἀχθέντας,
946 1152 992 1202 οἱ
1024 1151 1126 1218 μὲν
1151 1148 1245 1201 οὖν
1270 1148 1500 1202 τοιαῦτα
1526 1147 1743 1201 ἐδέοντο
1779 1147 1875 1202 τοῦ

290 1246 622 1317 στρατηγοῦ.
654 1245 897 1307 Ἐκεῖνος
927 1244 983 1297 δὲ
1016 1245 1135 1311 ἅμα
1172 1244 1272 1314 μὲν
1301 1244 1395 1296 καὶ
1432 1241 1872 1313 φιλανθρωπίας,

286 1340 375 1392 καὶ
434 1339 783 1407 ἡμερότητος
818 1335 985 1402 δόξαν
1047 1334 1460 1403 ἀπενέγκασθαι
1517 1333 1585 1388 ἂν
1642 1334 1873 1403 οἰηθεὶς,

285 1432 397 1500 ἅμα
428 1430 501 1483 ,δὲ
547 1430 648 1483 καὶ
687 1428 787 1498 τὴν
837 1429 1101 1497 στρατιὰν
1147 1425 1607 1497 ὠφεληθήσεσθαι
1648 1428 1718 1478 ἐκ
1762 1425 1875 1478 τῶν

282 1523 585 1596 χρημάτων
633 1521 925 1588 saxeum
946 1536 959 1551 '
997 1520 1265 1590 πλείστης
1300 1520 1413 1590 γὰρ
1440 1517 1657 1572 ἐδέοντο
1692 1519 1874 1573 δαπά-

285 1633 375 1686 νης
400 1614 487 1684 ἐφ’
518 1613 665 1667 οὕτω
698 1613 1053 1687 χροειιζούσῃ,
1091 1613 1192 1665 ,καὶ
1234 1611 1458 1683 μεγάλῃ
1508 1612 1872 1683 παρασκευῇ,

284 1707 557 1770 ἐπείθετο,
607 1707 705 1760 καὶ
760 1706 1020 1759 συνέθετο
1073 1706 1169 1758 ἐπὶ
1232 1706 1479 1776 χρήμασι
1533 1705 1719 1776 ῥητοῖς
1772 1704 1874 1775 τὴν

284 1804 432 1859 πόλιν
464 1804 717 1858 ἐκλιπεῖν
748 1802 1094 1868 παντάπασι,
1128 1802 1224 1855 καὶ
1252 1804 1421 1866 σῖτον,
1454 1800 1548 1854 καὶ
1576 1799 1676 1870 τὴν
1702 1798 1872 1869 ἄλλην

281 1899 502 1954 ἃπασαν
550 1895 653 1968 τὴν
694 1895 981 1967 ἄχρηστον
1011 1867 1196 1957 αὐτοῖς
1231 1893 1578 1963 ἀποσκευήν.
1615 1867 1872 1962 Ὅμηρον
1896 1867 1945 1923 Β

281 2006 334 2044 τε
360 1989 634 2052 λαϐόντες
675 1989 805 2051 τοὺς
837 1988 1101 2058 ἀρίστους
1147 1983 1257 2039 τῶν
1287 1985 1525 2039 πολιτῶν
1556 1985 1652 2039 ἐπὶ
1688 1986 1770 2057 τῷ
1802 1984 1874 2040 τὰ

281 2087 548 2157 χρήματα
610 2081 946 2150 ἀποδοῦναι,
996 2081 1275 2153 ἐπανῆκον
1326 2083 1410 2144 εἰς
1472 2080 1726 2135 Γαλατᾶν
1782 2079 1872 2135 τὸν

282 2180 437 2233 ἀλλον
487 2180 692 2250 δῆμον,
739 2179 834 2232 καί¹
885 2176 1001 2248 τὴν·
1041 2176 1198 2230 πόλιν
1255 2177 1593 2238 ἐκλιπόντες.
1638 2177 1873 2230 Ἔπειτα

286 2273 420 2336 τινὲς
461 2273 576 2326 τῶν
632 2259 1022 2336 Σωζοπολιτῶν
1068 2269 1174 2323 ὑπὸ
1220 2268 1330 2323 τῶν
1371 2268 1626 2323 Λατίνων
1657 2269 1739 2333 εἰς
1769 2270 1873 2322 Βυ⁸

294 2365 494 2429 ζάντιον
524 2363 707 2417 ἐλθεῖν
731 2362 1151 2432 ἐπιτραπέντες,
1181 2361 1279 2416 καὶ
1315 2361 1455 2434 ὑπὲρ
1499 2361 1652 2431 σφῶν
1684 2378 1744 2415 τε
1778 2362 1872 2416 καὶ

302 2457 393 2525 τῆς
416 2458 578 2528 mn;
617 2456 828 2516 πόλεως
866 2457 1018 2527 παρά
1057 2454 1370 2520 Βυζαντίων
1400 2455 1665 2527 χρήματα
1690 2446 1873 2509 δανειο

267 2548 275 2557 ’
315 2548 526 2617 σάμενοι,
581 2547 855 2601 ἀπέδοσαν
900 2546 1156 2609 Λατίνοις
1212 2545 1279 2600 τὰ
1348 2546 1729 2617 ὑπεσχημένα,
1776 2546 1872 2626 κα).

304 2638 425 2707 πρὸς
465 2637 567 2706 τὴν
624 2636 860 2708 πατρίδα
911 2634 1209 2708 ἐπανῆκον.
1261 2635 1662 2703 Ἡρακλεωτῶν
1711 2635 1769 2689 δὲ
1820 2636 1871 2689 οἰ

301 2727 514 2798 ἄριστοι,
558 2729 657 2782 καὶ
707 2729 922 2799 ἄνδρεςι
974 2730 1068 2782 καὶ
1108 2731 1389 2796 γυναῖκες,
1432 2728 1676 2782 ἐδέδεντο
1713 2729 1869 2799 παρά

298 2819 557 2881 Λατίνοις,
610 2819 707 2872 καὶ
772 2820 1030 2890 χρήματα
1088 2819 1182 2871 ἐπὶ
1239 2818 1394 2872 λύσει
1450 2815 1785 2890 ἀπῃτοῦντο,
1836 2818 1872 2874 ἃ

297 2912 584 2981 οὐδαμόθεν
612 2908 683 2983 ἦν
717 2913 978 2979 ἐκτίνειν,
1011 2911 1119 2965 τῶν
1147 2929 1206 2966 τε
1247 2912 1473 2965 οἰκείων
1510 2912 1733 2966 πάντων
1765 2913 1873 2968 ὑπὸ

297 3004 394 3056 τῶν
425 3004 705 3073 πολεμίων
737 3004 1178 3075 διεφθαρμένων,
1213 3006 1309 3059 καὶ
1338 3003 1446 3057 τῶν
1490 3004 1664 3075 φίλων
1710 3006 1870 3077 ἔξαρ-

298 3099 513 3163 κοῦντος
548 3100 686 3169 πρὸς
714 3100 1042 3168 ’ἐπικουρίαν
1072 3099 1287 3163 οὐδενός
1308 3114 1328 3130 θ
1362 3100 1566 3170 ἤρκεσε
1596 3100 1657 3154 δὲ
1684 3101 1873 3164 αὐτοῖς

299 3192 409 3246 ἀντὶ
462 3192 684 3245 πάντων
727 3192 862 3264 πρὸς
911 3192 1066 3246 λύσιν
1109 3193 1210 3263 τῆς
1262 3192 1535 3260 τοσαύτης
1581 3209 1868 3260 κακοπρα-
1897 3218 1944 3280 c

296 3282 719 3347 γίας,Φιλόθεος
766 3285 793 3336 ὁ
843 3284 942 3352 τῆς
995 3284 1118 3336 κατ’
1168 3285 1372 3349 αὐτοὺς
1427 3284 1731 3355 ἐκκλησίας
1766 3285 1869 3355 τὴν

299 3375 469 3444 ἀρχὴν
505 3374 1013 3446 ἐγκεχειρισμένος.
1047 3377 1283 3448 Προνοία
1308 3377 1420 3447 γὰρ
1454 3377 1590 3443 Θεοῦ
1641 3377 1742 3447 τῆς
1774 3377 1873 3431 πό·
1908 3405 1915 3413 -

301 3476 428 3527 item;
454 3465 622 3535 ἡνίκα
666 3465 922 3535 ἡλίσκετο
971 3467 1296 3539 ἀποδημῶν,
1330 3468 1398 3522 τὰ
1441 3469 1677 3539 μέγιστα
1712 3486 1872 3523 συνε-

297 3553 484 3609 Edicto
513 3555 651 3626 πρὸς
694 3558 792 3625 τὴν
830 3556 1147 3629 ἐλευθερίαν
1172 3561 1284 3622 τοῖς
1316 3560 1565 3623 πολίταις
1589 3575 1602 3590 ⁸
1640 3554 1730 3614 οἷα
1759 3562 1870 3634 γὰρ

298 3646 454 3710 καλὸς
492 3647 698 3717 ποιμὴν
725 3649 825 3720 τὴν
853 3648 1035 3720 ψυχὴν
1076 3649 1274 3719 ἔθηκεν
1314 3650 1456 3722 ὑπὲρ
1492 3650 1587 3704 τοῦ
1612 3651 1868 3722 ποιμνίου
1898 3720 1901 3727 η

298 3741 428 3793 κατὰ
452 3741 517 3793 τὸ
547 3734 751 3809 λόγιόν,
783 3743 882 3812 οὐχ
924 3741 1075 3809 ἅπαξ
1116 3743 1243 3798 οὐδὲ
1272 3743 1374 3809 δὶς,
1415 3747 1509 3797 καὶ
1555 3747 1700 3815 τρὶς,
1730 3745 1870 3801 ἀλλά

296 3834 383 3886 καὶ
436 3832 721 3898 πολλάκις.
757 3835 927 3888 Φὸὅου
985 3836 1098 3906 γὰρ
1161 3835 1362 3899 παντὸς
1413 3839 1864 3909 καταφρονήσας,

297 3926 384 3978 καὶ
430 3925 677 3979 κινδύνου
733 3925 826 3980 τοῦ
875 3926 985 3981 ἀπὸ
1034 3928 1144 3981 τῶν
1193 3928 1490 3998 πολεμίων,
1531 3929 1868 4002 αὐτόκλητος

300 4018 636 4089 καθημέραν,
685 4019 761 4082 ὡς
800 4019 974 4073 εἰπεῖν
1022 4020 1355 4091 ἐπεραιοῦτο
1404 4022 1544 4094 πρὸς
1593 4023 1864 4090 Γαλατᾶν,

305 4111 389 4161 καὶ
430 4112 540 4173 τοῖς
593 4112 888 4181 κατέχουσι
929 4114 1055 4175 τοὺς
1107 4112 1496 4184 αἰχμαλώτους
1530 4114 1865 4184 διαλεγόμε-

313 4198 490 4274 νος,ἦν
536 4204 594 4257 δὲ
650 4205 753 4256 οὐκ
808 4204 916 4257 ἀπὸ
968 4204 1078 4259 τῶν
1131 4209 1351 4276 τρόπων
1387 4207 1573 4278 μόνον,
1621 4207 1716 4263 καὶ
1767 4210 1868 4278 τῆς

309 4289 483 4362 ἀρετῆς
523 4294 805 4364 αἰδέσιμος
842 4296 877 4348 ὁ
912 4296 1073 4366 ἀνὴρ,
1104 4296 1242 4351 ἀλλά
1285 4300 1381 4352 καὶ
1433 4298 1630 4367 σοφίας
1679 4300 1866 4370 ἄκρως

301 4384 684 4455 ἐπειλημμένος
726 4386 823 4456 τῆς
869 4403 928 4439 τε
976 4387 1100 4454 ἔξω,
1134 4386 1231 4441 καλ⁵
1276 4387 1376 4457 τῆς
1409 4387 1534 4440 καθ’
1562 4388 1735 4459 ἡμᾶς,
1768 4388 1866 4442 καὶ

296 4476 513 4541 πιθανὸς
545 4478 683 4547 πρὸς
720 4479 817 4542 τὰς
858 4479 1095 4549 ὁμιλίας,
1130 4480 1228 4534 καὶ
1276 4481 1611 4546 διδακτικδς,
1643 4482 1863 4536 ἔπειθεν

1977 592 2283 648 relaturum
2328 594 2656 651 existimans
2705 595 2907 667 (multo
2946 612 3185 668 namque
3232 610 3459 670 sumptu
3510 602 3567 656 in

1979 691 2086 738 tam
2121 700 2320 755 magno
2348 701 2413 742 ac
2458 687 2726 744 diuturno
2753 700 3021 760 apparatu
3051 706 3190 761 opus
3222 692 3393 763 erat),
3440 708 3568 761 pre-

1977 777 2139 831 cibus
2160 777 2418 846 inilexus,
2440 789 2767 851 certamque
2792 783 3083 852 pecuniam
3107 793 3322 852 pactus.
3346 786 3567 853 urbem,

1976 865 2319 923 frumentum
2352 878 2405 925 et
2448 870 2716 941 reliquam
2757 886 2982 928 onmem
3005 876 3432 946 supellectilem,
3460 879 3567 935 sibi

1979 952 2235 1016 inutilem
2266 963 2517 1030 omnino,
2547 966 2875 1021 relicturum
2910 969 3187 1037 promisit.
3230 970 3369 1026 Tum
3402 973 3571 1029 vades

1984 1052 2284 1112 solutionis
2326 1056 2604 1123 primores
2643 1059 2801 1114 urbis
2835 1060 3058 1131 accipit,
3091 1076 3267 1133 eaque
3308 1079 3372 1118 ac
3410 1066 3569 1135 plebe

1975 1144 2226 1212 dimissa,
2246 1148 2505 1205 Ealatam
2535 1152 2691 1207 abiit.
2725 1154 2923 1209 Postea
2944 1157 3204 1210 nonnulli
3244 1157 3567 1228 Byzantium

1978 1234 2079 1300 ire,
2109 1252 2175 1291 ac
2214 1254 2315 1308 pro
2357 1255 2417 1295 se
2466 1250 2689 1312 totaque
2733 1244 2871 1298 urbe
2912 1261 2941 1300 a
2978 1244 3260 1317 Byzantiis
3299 1250 3566 1318 pecunias

1977 1329 2222 1382 mutuari
2259 1331 2516 1399 permissi
2554 1343 2702 1396 sunt,
2730 1350 2897 1404 quam
2920 1335 3141 1392 Latinis
3166 1339 3567 1409 dependentes.

1966 1421 2254 1490 ﬁdemque
2278 1438 2441 1477 suam
2484 1425 2819 1491 .liberantcs,
2866 1428 2921 1482 in
2958 1430 3195 1499 patriam
3238 1448 3431 1488 omnes
3484 1450 3573 1489 rc—

1975 1522 2290 1569 verterunt.
2355 1516 2662 1586 Optimates
2713 1527 2899 1577 autem
2952 1519 3411 1581 ileracleensium
3462 1523 3569 1577 viri

1975 1607 2352 1677 mulieresque
2417 1624 2446 1663 a
2502 1608 2718 1666 Latinis
2780 1613 2836 1667 in
2894 1613 3136 1670 vinculis
3189 1597 3561 1685 habebantur,

1976 1695 2328 1767 pretiumque
2358 1714 2460 1769 pro
2484 1700 2742 1756 libertate
2776 1703 3134 1773 exigebatur,
3159 1708 3304 1777 quod
3341 1709 3561 1765 solvere
3647 1699 3649 1701 ’

1978 1790 2301 1859 neutiquam
2336 1800 2615 1860 poterant,
2655 1807 2781 1848 cum
2809 1810 2933 1864 quas
2966 1794 3414 1854 iuissenteornm
3437 1817 3570 1871 pro-

1972 1880 2122 1950 pria,
2156 1896 2221 1937 ea
2255 1884 2512 1939 universa
2539 1885 2734 1941 hostes
2766 1886 3149 1957 abstulissent,
3180 1900 3236 1945 et
3270 1892 3340 1947 de
3372 1894 3570 1950 amicis

1972 1975 2065 2044 opi
2104 1975 2352 2031 ferenda:
2380 1977 2567 2033 nullus
2611 1978 2913 2035 sufﬁceret.
2948 1981 3054 2037 Pro
3086 1984 3350 2041 omnibus
3380 1996 3564 2042 autem

1975 2068 2460 2141 ad‘depulsionem
2498 2081 2673 2139 tanta:
2711 2075 3046 2137 calamitatis
3089 2078 3332 2148 suii‘eeit,
3366 2082 3568 2138 mirifi-

1973 2174 2150 2230 ceque
2176 2163 2251 2217 ad
2290 2165 2727 2235 recuperandam
2764 2167 3084 2224 libertatem
3119 2170 3327 2241 profuit
3361 2173 3566 2229 Philo-

1977 2253 2141 2308 theus
2166 2270 2359 2321 eorum
2406 2257 2723 2328 cpiscopus,
2759 2260 2855 2331 qui
2880 2260 3150 2317 divinitus
3176 2263 3391 2331 aberat,
3437 2278 3564 2320 cum

1975 2346 2112 2402 urbs
2163 2358 2479 2418 caperetur.
2542 2350 2680 2406 Nam
2738 2361 2800 2408 ut
2846 2353 3038 2409 ‘bonus
3084 2366 3275 2424 paswr
3326 2357 3566 2413 animam

1974 2440 2131 2494 Suam
2158 2442 2395 2510 ponebat
2420 2459 2518 2512 pro
2542 2444 2742 2499 ovibus
2770 2446 2910 2512 suis,
2932 2434 2998 2500 'ut
3029 2460 3114 2503 est
3133 2448 3190 2502 in
3217 2450 3425 2505 sanctis
3447 2448 3571 2504 L't-

1976 2532 2131 2600 teris,
2164 2549 2342 2603 neque
2381 2534 2434 2589 id
2473 2539 2668 2601 semel,
2696 2538 2920 2606 iterum,
2959 2555 3024 2595 ac
3060 2543 3316 2607 tertium,
3345 2542 3440 2602 sed
3471 2558 3573 2597 sa:-

1974 2624 2306 2695 pius.‘0mni
2339 2629 2490 2683 enim
2544 2630 2747 2686 timore
2789 2633 3157 2704 periculoque
3203 2635 3272 2690 ab
3315 2626 3571 2692 hostibus

1973 2729 2329 2789 contempto,
2383 2722 2526 2775 ultro
2577 2724 2828 2792 quotidie
2871 2726 3276 2795 propemodum
3314 2727 3567 2784 Galatatn

1976 2812 2287 2883 navigabat,
2323 2823 2378 2868 et
2414 2830 2539 2869 cum
2574 2815 2641 2870 iis
2675 2816 2767 2885 qui
2802 2819 3052 2887 captivos
3080 2819 3361 2885 tenebant,
3386 2820 3569 2876 disse-

1977 2916 2106 2956 rens
2137 2908 2279 2967 (erat
2322 2910 2505 2958 autem
2548 2920 2658 2959 non
2701 2907 2865 2961 modo
2898 2908 2982 2962 vir
3034 2909 3351 2979 singularis,
3389 2921 3445 2965 et
3496 2914 3569 2968 ob

1974 2991 2404 3047 sanctimoniam
2456 2996 2811 3062 venerabilis,
2847 2999 2945 3053 sed
2992 3001 3160 3054 etiam
3203 3013 3564 3056 externarum
3605 3024 3623 3029 -

1973 3093 2032 3138 et
2082 3094 2401 3139 nostrarum
2461 3086 2886 3158 disciplinarum
2945 3091 3339 3160 peritissimus,
3390 3102 3447 3148 et
3507 3095 3567 3151 in

1974 3191 2282 3259 congressu
2310 3176 2375 3231 ad
2422 3176 2721 3234 dicendum
2753 3195 2818 3235 ac
2853 3184 3303 3251 persuadendum
3340 3186 3565 3242 valebat

1975 3268 2242 3340 egregie),
2273 3279 2488 3324 tantum
2514 3271 2729 3340 effecit,
2763 3281 2824 3327 ut
2861 3275 3078 3331 modico
3117 3276 3299 3347 pretio
3340 3294 3437 3334 eos
3482 3280 3570 3335 di-

1975 3362 2199 3415 mittere
2233 3377 2343 3416 non
2378 3372 2723 3420 recusarent.
2755 3365 2894 3432 Quia
2933 3376 3112 3423 tamen
3144 3386 3246 3425 nec
3279 3373 3563 3427 modicum

1974 3452 2198 3524 quidem
2226 3455 2359 3510 illud
2388 3456 2606 3513 civibus
2633 3459 2985 3528 suppetebat,
3007 3462 3174 3532 827
3207 3462 3324 3534 ipse
3350 3462 3567 3521 Latinis

1973 3559 2172 3618 sponte
2199 3563 2258 3602 se
2294 3549 2583 3620 obligavit,
2620 3550 2763 3606 intra
2800 3552 2920 3607 dies
2945 3555 3246 3623 prmﬁnitos
3278 3556 3411 3612 illud
3441 3559 3564 3614 auri

1972 3638 2309 3693 soluturum.
2341 3637 2434 3695 Sic
2470 3640 2545 3694 illi
2588 3641 2710 3712 ejus
2742 3640 2848 3698 [ide
2899 3645 3114 3700 dimissi
3154 3662 3182 3699 a
3229 3649 3568 3719 propinquis

1972 3738 2028 3785 et
2059 3731 2278 3799 amicis,
2323 3732 2473 3802 quod
2503 3734 2782 3789 solverent
2815 3737 3211 3807 corrogabant.
3243 3739 3423 3810 Atque
3461 3742 3566 3796 hoc

1972 3823 2170 3878 eodem
2217 3824 2384 3880 modo
2416 3825 2677 3889 faciebat,
2714 3827 2894 3882 donec
2937 3844 3132 3884 omnes
3162 3831 3401 3886 vinculis
3429 3832 3569 3887 Iibe-

1972 3926 2172 3973 rasset.
2220 3917 2534 3975 Tenuiores
2584 3930 2768 3975 autem
2824 3930 2882 3977 et
2920 3923 3275 3979 obscuriores
3316 3927 3566 3994 captivos

1972 4009 2094 4064 sine
2124 4010 2265 4080 lytro
2300 4011 2611 4074 obtinebat,
2652 4014 2799 4083 quod
2831 4013 3009 4068 Latini
3043 4016 3166 4085 ejus
3201 4016 3461 4071 virtutem
3498 4034 3564 4073 ac

1973 4111 2285 4173 promptam
2330 4118 2432 4174 pro
2475 4120 2639 4175 grege
2679 4121 2782 4161 suo
2833 4107 3177 4164 voluntatem
3216 4110 3566 4180 suspicerent

1971 4209 2037 4249 ac
2073 4203 2488 4252 revererentur.
2516 4196 2681 4250 Novit
2704 4199 2852 4251 enim
2891 4199 3071 4255 victus
3099 4201 3412 4257 cultoribus
3443 4205 3564 4257 suis

1972 4287 2138 4341 etiam
2163 4287 2307 4357 apud
2341 4286 2551 4352 hostes,
2598 4290 2960 4357 quantumvis
2992 4292 3287 4360 Barbaros,
3319 4295 3565 4351 admira-

1972 4380 2179 4435 tionem
2208 4381 2528 4446 conciliare,
2568 4382 2773 4437 nedum
2803 4385 2944 4453 apud
2982 4385 3318 4442 domesticos
3341 4397 3399 4443 et
3427 4389 3563 4442 ami-

1971 4485 2085 4526 cos.
2115 4472 2239 4526 Post
2265 4472 2380 4526 haec
2412 4482 2465 4528 et
2491 4474 2626 4529 urbe
2649 4489 2680 4529 τι
2703 4472 2919 4530 Latinis
2945 4488 3234 4547 occupata,
3263 4489 3319 4533 et
3344 4481 3563 4536 civibus

289 4567 387 4621 ἐπὶ
417 4570 659 4640 μετρίοις
682 4570 900 4642 λύτροις
932 4572 1171 4641 ἀφιέναι.
1205 4572 1326 4626 Τῶν
1370 4574 1608 4627 πολιτῶν
1639 4575 1715 4641 δὲ,
1741 4574 1863 4628 οὐδὲ

1973 4565 2034 4619 ad
2074 4581 2246 4621 unum
2279 4567 2568 4636 pristinam
2599 4567 2912 4625 libertatein
2948 4570 3161 4640 adeptis
3183 4614 3195 4633 .
3243 4581 3298 4628 et
3333 4589 3566 4644 congre-

286 4660 394 4712 τῶν
435 4661 635 4729 ὀλίγων
692 4663 919 4717 ἐκείνων
970 4664 1373 4734 εὐπορούντων,
1434 4665 1601 4728 αὐτὸς
1656 4665 1863 4736 ἐγγύας

288 4755 517 4822 παρεῖχε
566 4756 677 4816 τοῖς
741 4754 1011 4821 Λατίνοις,
1074 4757 1149 4821 ὡς
1200 4756 1372 4820 αὐτὸς
1421 4756 1754 4828 καταθήσων
1803 4757 1865 4810 τὸ

286 4847 511 4914 χρυσίον
544 4847 635 4899 ἐπὶ
660 4848 854 4917 ῥηταῖς
878 4849 1134 4920 ἡμέραις.
1169 4849 1279 4902 Καὶ
1318 4849 1464 4903 οὕτω
1494 4852 1864 4920 τυγχάνοντες

232 4934 238 4938 ’
286 4936 468 5002 ἀδείας
516 4939 566 4990 οἰ
603 4941 838 5007 πολῖται,
886 4940 957 4994 τὰ
1011 4942 1273 5012 χρήματα
1320 4942 1744 5012 συνεπορίζοντο
1801 4944 1865 4996 ἐκ

287 5029 396 5081 τῶν
425 5030 662 5093 οἰκείων,
704 5033 798 5085 καὶ
848 5032 959 5086 τῶν
1009 5033 1200 5101 φίλων,
1248 5036 1345 5088 καὶ
1405 5036 1695 5108 ἀπεδίδουν
1749 5037 1864 5099 τοῖς

289 5114 557 5176 Λατίνοις.
590 5116 702 5169 Καὶ
749 5116 894 5170 τοῦτ’
925 5117 1098 5170 ἐποίει
1148 5119 1240 5171 τὸν
1292 5119 1408 5171 ἴσον
1447 5121 1674 5191 τρόπον,
1704 5119 1866 5189 ἄχρις

289 5200 347 5260 οὗ
393 5208 606 5272 πάντας
633 5208 743 5262 τῶν
789 5209 1002 5280 δεσμῶν
1047 5210 1352 5280 ἀπήλλαξε,
1382 5211 1511 5275 τοὺς
1556 5212 1866 5280 ἀφανεστέ-

294 5316 415 5368 pou;
442 5302 498 5355 δὲ
527 5302 634 5355 τῶν
661 5301 1046 5372 αἰχμαλώτων,
1079 5304 1173 5358 καὶ
1204 5303 1338 5357 ἄνευ
1379 5305 1595 5375 λύτρων
1642 5302 1866 5357 ἔπεισεν

292 5392 507 5460 ἀφεῖναι
550 5394 691 5463 τοὺς⁸
724 5393 990 5457 Λατίνους
1022 5394 1371 5459 αἰδεσθέντας
1401 5394 1575 5449 αὐτοῦ
1608 5394 1709 5466 τὴν
1737 5397 1867 5461 ἁρε-

291 5486 405 5557 τὴν,
446 5488 541 5541 καὶ
564 5489 663 5557 τὴν
706 5486 852 5558 ὑπὲρ
902 5487 997 5541 τοῦ
1035 5491 1292 5559 ποιμνίου
1351 5490 1690 5560 προθυμίαν.
1740 5484 1864 5543 Οἵδε

292 5579 400 5651 γὰρ
440 5582 475 5652 ἡ
518 5580 686 5653 ἀρετὴ
724 5582 852 5643 τοὺς
900 5583 1182 5650 μετιόντας
1222 5584 1284 5637 οὺ
1333 5584 1486 5656 παρὰ
1520 5586 1635 5647 τοῖς
1684 5581 1865 5653 φίλοις

296 5674 452 5741 μόνον
488 5677 579 5728 καί
616 5675 865 5737 οἰκείοις,
900 5675 1033 5729 ἀλλά
1079 5679 1177 5730 καὶ
1217 5679 1369 5749 παρὰ
1406 5679 1522 5742 τοῖς
1553 5677 1861 5748 πολεμίοις,

292 5762 394 5816 κάν
444 5764 677 5837 τύχωσιν
726 5764 879 5830 ὄντες
922 5764 1187 5839 βάρϐαροι
1237 5766 1619 5840 θαυμάζεσθαι
1677 5784 1863 5838 παρα-

299 5857 598 5924 σκευάζειν.
621 5858 779 5915 Μετά
811 5856 967 5913 τοῦτο
994 5859 1085 5937 δὲ,
1119 5862 1240 5917 ἐπεὶ
1269 5862 1304 5934 ἦ
1336 5881 1395 5918 τε
1430 5862 1583 5929 πόλις
1616 5862 1722 5918 ὑπὸ
1750 5862 1861 5918 τῶν

1969 4659 2134 4729 gatis,
2163 4658 2257 4727 qui
2315 4658 2549 4733 dispersi
2597 4670 2778 4727 erant,
2814 4670 2872 4715 ut
2911 4663 2978 4717 de
3024 4663 3240 4734 integro
3279 4665 3564 4723 habitare-

1971 4760 2082 4817 tur,
2111 4751 2295 4807 vﬂ‘ecit
2322 4769 2336 4819 ;
2368 4766 2434 4807 ac
2464 4752 2657 4808 multis
2684 4755 2869 4811 verbis
2906 4769 3002 4810 eos
3043 4755 3296 4813 hortatus
3339 4769 3443 4824 cst,
3485 4778 3556 4817 ne

1970 4848 2233 4914 prmsenti
2283 4859 2533 4899 aerumna
2590 4847 2791 4902 animis
2835 4847 3250 4919 frangerentur,
3293 4854 3387 4906 sed
3442 4869 3564 4908 eam

1968 4937 2097 4992 vitae
2136 4937 2190 4991 in
2240 4947 2528 5007 posterum
2569 4932 2793 5009 agenda:
2826 4939 3228 4997 documentum
3270 4942 3562 5010 ducerent,

1969 5028 2321 5098 navabatque
2371 5029 2588 5083 utiliter
2640 5045 2867 5100 operam
2918 5047 3020 5103 pro
3083 5034 3228 5090 virili
3282 5052 3419 5098 sua;
3452 5052 3563 5091 non

1969 5121 2145 5174 solum
2177 5135 2330 5175 sacra
2358 5136 2507 5187 vasa,
2538 5122 2733 5190 libros,
2761 5122 3026 5194 imagines
3066 5141 3134 5180 ex
3168 5127 3415 5198 Byzantii
3448 5146 3567 5184 iuo-
3630 5156 3637 5163 ν

1970 5215 2230 5270 nasteriis
2268 5209 2648 5286 conquirens,
2704 5218 2822 5288 ipse
2865 5234 2933 5273 eo
2973 5219 3291 5289 profectus,
3345 5220 3564 5293 singula

1968 5307 2243 5375 rogitans,
2285 5308 2363 5363 uti
2412 5309 2647 5365 miseros
2685 5310 2982 5382 juvarent,
3019 5325 3285 5383 quantum
3339 5322 3567 5385 possent

1974 5398 2183 5469 (omnia
2215 5396 2493 5468 siquidem
2527 5416 2557 5455 a
2607 5399 2849 5459 Latinis.
2867 5402 3149 5458 devastata
3194 5414 3356 5459 erant
3402 5404 3559 5475 peni-

1970 5488 2105 5556 tus),
2142 5490 2237 5546 sed
2272 5500 2327 5546 et
2364 5491 2759 5563 imperatorem
2794 5494 3011 5558 orabat,
3053 5505 3116 5549 ut
3154 5484 3440 5565 vectigalia
3478 5509 3566 5548 re—

1969 5584 2243 5640 mitteret.
2294 5585 2398 5652 Qui
2438 5596 2636 5657 suopte
2681 5587 2904 5659 ingenio
2936 5606 3000 5643 ac
3040 5606 3139 5659 per
3181 5604 3240 5643 se
3282 5589 3348 5642 ad
3390 5589 3562 5641 bene-

1969 5676 2282 5731 faciendtun
2336 5678 2645 5748 proclivis,
2701 5688 2759 5736 et
2812 5687 2942 5734 tunc
2997 5681 3283 5734 civitatum
3340 5679 3561 5733 casibus

1970 5780 2283 5839 permotus,
2317 5788 2430 5828 non
2478 5772 2941 5830 Heracleensibus
2992 5773 3192 5836 solum,
3252 5771 3346 5825 sed
3389 5771 3558 5825 etiam

1975 5861 2387 5936 Sozopolitanis
2429 5882 2650 5924 omnem
2690 5866 3023 5921 tributartun
3072 5864 3422 5935 publicorum
3461 5863 3565 5918 im-
