4056 6458
326 372 437 437 Ξ33

1503 371 2044 434 HISTORIARUM
2082 373 2314 434 LIBER
2354 373 2450 436 1v.
2656 329 2660 334 ’
3471 377 3578 440 σοι

319 502 450 548 νων,
478 480 586 534 ὑπὸ
628 479 720 535 τοῦ
749 481 958 554 ψύχους
987 486 1200 541 πολλῶν
1229 490 1798 559 ἡκρωτηριασμενων,
1825 488 1892 556 τῇ

2020 486 2342 574 ,οριιιιιείηισ
2373 485 2606 541 navibus
2634 485 2744 554 (28)
2781 479 3127 542 Calchedone
3158 500 3188 541 e
3223 487 3446 556 regione
3475 487 3578 559 By-

319 574 479 646 τρίτῃ
520 574 639 644 ἅμα
689 572 764 645 ἕῳ
793 575 1026 646 ἄραντες
1068 582 1133 633 ἐκ
1179 579 1486 652 Πριγγίπου
1529 576 1892 646 ὡπλισμένοι,

324 664 416 718 ἐπὶ
449 667 514 720 τὸ
540 669 599 719 ἐν
639 666 1002 739 Ἐπτασκάλῳ
1033 669 1257 740 νεώριον
1285 668 1528 741 ἐχώρουν
1555 669 1665 723 τῶν
1690 669 1898 733 Βυζαν-

322 757 474 810 τίων.
514 757 751 826 Γνώμην
775 757 831 810 δέ
859 752 1030 828 εἶχον,
1058 758 1134 822 ὡς
1166 762 1286 812 ἐκεῖ
1309 761 1406 814 καὶ
1435 763 1559 826 ταῖς
1588 759 1900 830 βασιλικαῖς

324 852 571 918 τριήρεσι
617 848 1009 918 συμμίξαντες,
1033 849 1181 905 ἔνδον
1209 852 1320 921 γὰρ
1351 847 1493 923 ἦσαν
1533 850 1630 904 τοῦ
1673 851 1900 921 νεωρίου

324 941 692 1011 ὡπλισμέναι,
726 942 1072 1012 χωρήσουσιν
1116 943 1212 996 ἐπὶ
1256 945 1381 1008 τοὺς
1431 943 1750 1016 πολεμίους.
1790 944 1899 994 Πα-

326 1031 498 1102 γανης
519 1029 598 1095 δὲ,
627 1031 655 1083 ό
686 1031 796 1084 τῶν
818 1031 1143 1086 Γεννουῖτῶν
1164 1034 1493 1102 στρατηγὸς,
1525 1033 1902 1102 ἐϐδομήκοντα

330 1124 468 1194 ἔχων
517 1124 608 1175 καὶ
649 1123 814 1186 αὐτὸς
837 1116 913 1176 ὧν
950 1119 1090 1196 ἦρχε
1149 1124 1304 1186 ναῦς,
1331 1125 1390 1178 ἐν
1421 1123 1729 1193 Καλχηδόνι
1780 1123 1900 1176 κατ’

329 1215 554 1285 ἀντικρὺ
603 1213 920 1278 Βυζαντίου,
977 1214 1115 1286 πρὸς
1159 1215 1288 1278 τοὺς
1347 1214 1642 1285 πολεμίους
1692 1214 1794 1276 τὰς
1841 1230 1902 1266 τε

329 1307 602 1377 προτέρας
624 1305 825 1373 ἐφεξῆς
847 1304 1084 1376 ἡμέρας,
1104 1306 1200 1359 καὶ
1226 1307 1349 1360 τότε
1370 1305 1900 1375 ἀντιπαρετάσσετο.

340 1398 586 1472 Ἐπιοῇσι
619 1396 679 1451 δέ
724 1398 826 1451 οὐκ
860 1398 1064 1468 ἐτόλμα
1095 1398 1412 1467 συμϐαλεῖν.
1455 1398 1595 1454 Ἀλλ’
1634 1400 1776 1472 ὁρῶν
1811 1397 1903 1450 ἐπὶ

328 1490 390 1544 τὺ
437 1469 744 1554 Βυξαντίων
791 1487 1016 1560 νεώριον
1069 1491 1431 1560 ποιουμένους
1483 1492 1583 1560 τὴν
1641 1469 1904 1561 σπουδὴν,

329 1583 523 1654 ἔμενεν
579 1583 670 1634 ἐπὶ
734 1582 834 1652 τῆς
897 1581 1286 1652 παρατάξεως.
1329 1583 1570 1648 ἐλπίζων
1637 1583 1743 1637 ὑπὸ
1807 1577 1902 1636 τοῦ

330 1674 644 1743 πνεύματος
685 1671 1098 1743 ἀπροσδόκητὼ
1131 1689 1184 1726 τι
1232 1674 1520 1728 πείσεσθαι
1572 1674 1699 1738 τοὺς
1739 1662 1907 1728 πολε-

331 1761 510 1831 μίους,
559 1760 654 1813 καὶ
702 1758 1176 1830 διαφθαρήσεσθαι
1220 1760 1438 1825 ἑαυτοῖς
1485 1763 1903 1833 περιπεσόντας,

326 1852 356 1907 δ
402 1851 601 1924 μικροῦ
635 1853 825 1922 ἐδέησε
876 1853 1095 1907 παθεῖν.
1132 1852 1306 1906 Νότου
1361 1853 1472 1924 γὰρ
1517 1855 1723 1923 ἀνέμου
1753 1871 1908 1924 ,σιρο-

325 1946 588 2018 δροτάτου
639 1944 759 1999 κατ’
814 1944 1035 2016 ἐκείνην
1088 1946 1189 2014 τὴν
1251 1945 1470 2016 ἡμέραν
1531 1934 1906 2010 πνεύσαντος,

322 2039 606 2109 δυσέργως
674 2037 773 2108 μὲν
834 2039 931 2092 καὶ
991 2040 1130 2108 μετὰ
1185 2037 1309 2108 βίας
1372 2038 1633 2108 διήνυσαν
1694 2039 1787 2093 τὸν
1843 2040 1910 2092 ἐκ

331 2132 643 2202 Πριγγίπου
679 2129 851 2184 πλοῦν
902 2131 1033 2202 ἄχρι
1088 2131 1272 2201 δείλης
1317 2131 1532 2203 ἡμέρας
1570 2133 1698 2203 ήδη.
1751 2131 1910 2188 Ἐπεὶ

327 2226 384 2280 δέ
415 2224 580 2293 ἐγγὺς
629 2222 724 2277 τοῦ
770 2223 1000 2293 νεωρίου
1054 2218 1220 2294 ἦσαν,
1254 2223 1359 2277 ὑπὸ
1409 2224 1776 2294 σφοδρότητος
1812 2224 1909 2277 τοῦ

335 2317 642 2387 πνεύματος
674 2313 1056 2385 ἐξωθούμενοι,
1095 2314 1484 2369 ἐκινδύνευσαν
1538 2315 1770 2386 βράχεσι
1813 2332 1912 2369 πε-

347 2412 598 2480 ριπεσεῖν,
638 2408 674 2462 ἃ
713 2408 820 2480 πρὸ
841 2407 950 2461 τῶν
979 2409 1180 2478 τειχῶν
1218 2407 1395 2479 πάντη
1431 2410 1910 2478 ἐγκατέσπαρται,

355 2501 480 2553 ὣστε
525 2501 642 2562 τοῖς
700 2497 944 2568 τείχεσιν
995 2497 1228 2567 ἀμύνειν
1285 2498 1423 2564 πρὸς
1474 2500 1576 2568 τὴν
1631 2499 1754 2569 βίαν
1805 2499 1914 2552 τῶν

315 2593 621 2662 κκυμάτων.
688 2590 779 2644 Ἑν
824 2590 998 2662 τούτῳ
1044 2591 1102 2645 δέ
1143 2583 1569 2662 Ταρχανειώτης
1623 2594 1917 2646 Κώνσταν-

345 2687 497 2752 τίνος,
531 2685 560 2738 ὁ
598 2683 708 2737 τῶν
737 2683 1036 2753 βασιλικῶν
1079 2683 1355 2753 τριήρεων
1416 2683 1746 2753 στρατηγὸς,
1775 2684 1917 2754 ἀνὴρ

339 2776 540 2846 ἀγαθὸς
587 2772 854 2846 πρότερόν
895 2790 956 2827 τε
999 2771 1097 2839 ibi,
1128 2774 1226 2827 καὶ
1267 2774 1387 2828 τότε
1445 2775 1680 2845 μάλιστα
1713 2777 1914 2831 ἀποδε-

336 2867 616 2938 δειγμένος
684 2864 923 2938 θάρσους
999 2866 1094 2920 καὶ
1175 2867 1529 2936 φρονήματος
1590 2869 1915 2938 ἀνάπλεως,

341 2960 605 3031 ἐξήλαυνε
642 2957 738 3012 τοῦ
789 2957 1040 3029 νεωρίου,
1077 2957 1173 3012 καὶ
1213 2959 1314 3023 τὰς
1363 2959 1635 3028 σφετέρας
1665 2961 1918 3032 τριήρεις

343 3053 484 3121 ἔχων
507 3050 633 3102 εὐθὺ
663 3048 772 3102 τῶν
815 3047 1094 3117 πολεμίων
1129 3045 1220 3117 ﬂet
1247 3046 1487 3117 ἀντικρὺ
1514 3047 1617 3116 τῆς
1649 3047 1917 3126 ναυαρχί-

2005 577 2172 631 zantii
2199 585 2418 646 etante,
2446 585 2501 632 et
2535 587 2649 631 tum
2680 593 2982 648 quoquese
3013 589 3202 634 contra
3234 578 3582 636 instruebat:

2011 683 2134 722 cum
2177 667 2606 722 adventantibus
2638 676 2816 723 tamen
2849 669 3145 739 caniligere
3174 686 3284 725 non
3321 671 3584 726 audebat.

2007 757 2114 813 Sed
2143 772 2268 812 cum
2305 773 2401 812 eos
2432 758 2499 812 ad
2541 759 2861 829 Byzantium
2891 760 3090 814 navale
3126 760 3340 815 videret
3382 776 3588 830 prope-

2005 864 2150 915 rare,
2181 850 2406 904 ordines
2434 849 2710 913 servabat,
2747 865 2979 920 sperans
3023 853 3198 906 ventis
3242 854 3588 922 erumpenti-

2011 939 2115 994 bus
2136 940 2492 1009 improvisum
2521 940 2730 1015 aliquid
2761 941 2947 996 hostes
2975 957 3255 1011 passuros,
3287 952 3589 1012 mutuaque

2011 1030 2230 1084 navium
2267 1031 2555 1086 collisione
2586 1033 2932 1097 interituros,
2967 1035 3114 1105 quod
3160 1036 3334 1092 ferme
3363 1038 3588 1092 accidit.

2012 1119 2214 1174 Austro
2261 1120 2408 1175 enim
2453 1121 2538 1175 die
2585 1121 2676 1175 illo
2723 1121 2978 1189 furente,
3042 1125 3220 1179 multo
3284 1125 3414 1180 nixu
3443 1164 3457 1189 ,
3509 1126 3592 1180 la-

2017 1213 2260 1282 boreque
2287 1227 2510 1268 cursum
2549 1228 2615 1268 ex
2652 1213 2831 1270 insula
2860 1215 3134 1286 Principis
3157 1217 3268 1288 (29)
3301 1218 3369 1272 ad
3396 1234 3591 1288 vespe-

2015 1319 2130 1358 ram
2161 1304 2379 1358 tandem
2404 1305 2837 1374 compleverunt.
2877 1305 2948 1363 Ut
2975 1309 3155 1362 navali
3181 1311 3591 1379 apprOpinqua—

2015 1406 2163 1461 runt,
2217 1398 2363 1450 venti
2419 1398 2770 1453 vehementia
2813 1401 3043 1470 repulsi,
3086 1403 3484 1470 propemodum
3532 1403 3591 1456 in

2013 1489 2199 1543 brevia
2221 1487 2536 1543 inciderunt
2551 1489 2662 1558 (50)
2683 1505 2801 1559 qua:
2819 1499 2946 1545 ante
2975 1507 3160 1546 muros
3184 1493 3416 1562 Sparsim
3437 1503 3588 1556 sunt,

2011 1591 2069 1636 et
2099 1580 2228 1634 inde
2265 1580 2466 1636 ﬂuctus
2497 1581 2719 1636 insanos
2760 1570 3083 1638 defendunt.
3117 1585 3286 1654 829
3321 1583 3594 1640 Constan-

2014 1675 2162 1731 tinus
2193 1674 2581 1741 Tarchaniota,
2617 1676 3094 1745 imperatoriarum
3123 1677 3429 1732 triremium
3459 1678 3593 1743 dux,

2010 1773 2124 1818 tum
2159 1765 2396 1819 maxime
2425 1763 2519 1834 qui
2554 1775 2701 1820 esset
2730 1781 2787 1820 se
2826 1766 3234 1828 demonstrans.
3269 1781 3465 1837 nempe
3507 1767 3594 1821 vir

1942 1830 1984 1886 Β
2009 1856 2210 1922 bonus,
2250 1830 2495 1920 ﬁdentia,
2543 1871 2606 1911 ac
2640 1856 2838 1926 spiritu
2887 1857 3108 1911 excelso
3146 1857 3362 1926 plenus,
3398 1830 3445 1912 ὀ
3480 1866 3594 1912 sta-

2010 1951 2161 2006 tione
2190 1951 2454 2020 erumpit,
2495 1963 2552 2004 et
2590 1965 2714 2004 cum
2753 1949 2870 2006 suis
2917 1950 3238 2004 triremibus
3281 1951 3490 2004 directo
3533 1949 3592 2003 in

2010 2047 2220 2114 hostes,
2254 2057 2557 2117 contraque
2592 2048 2904 2118 praetoriam
2937 2046 3118 2101 navim
3148 2047 3342 2100 currit.
3379 2046 3595 2102 Secun-

2011 2138 2142 2193 dum
2179 2154 2344 2209 quem
2393 2138 2788 2194 Catalauorum
2836 2138 2949 2193 dux
2981 2155 2996 2192 :
3028 2138 3226 2194 tertius
3266 2139 3452 2192 animo
3480 2139 3592 2208 jam

2011 2231 2340 2287 confirmato
2365 2231 2625 2287 Nieolaus
2656 2232 2789 2286 ibat.
2821 2231 2891 2286 At
2919 2246 3049 2286 vero
3079 2231 3402 2286 Genuenses
3430 2240 3596 2284 vento

2016 2321 2250 2376 validius
2279 2321 2652 2385 incumbente,
2689 2328 2744 2374 et
2777 2320 3159 2389 prementibus
3186 2321 3441 2375 hostibus
3466 2336 3600 2375 con-

2013 2409 2220 2466 ﬂictum
2251 2410 2619 2472 declinarunt,
2649 2421 2704 2465 et
2733 2411 2802 2466 iis
2827 2412 3312 2482 peraequentibus,
3347 2411 3597 2467 Galatam

2015 2511 2077 2557 ut
2120 2511 2535 2558 reverterentur
2581 2504 2752 2558 anniti
2808 2513 3117 2574 cmpcruut.
3171 2505 3281 2560 Sed
3335 2505 3597 2575 quoniam

2014 2596 2129 2651 illic
2161 2597 2419 2652 vadosum
2460 2604 2545 2650 est
2595 2597 2846 2667 pelagus,
2885 2605 2942 2652 et
2987 2597 3175 2668 fugere
3220 2598 3457 2666 amplius
3491 2614 3601 2653 non

2014 2686 2270 2753 dabatur,
2327 2687 2744 2758 Braehophago,
2808 2697 2870 2744 ut
2903 2699 3100 2745 vocant
3146 2689 3265 2760 (ubi
3316 2692 3604 2760 complura

2016 2778 2120 2834 sub
2154 2777 2317 2832 undis
2363 2793 2491 2832 saxa
2530 2778 2800 2850 latentia),
2835 2779 2940 2850 ipsi
2987 2780 3224 2850 priores,
3259 2790 3318 2834 ut
3353 2781 3601 2844 locorum

2016 2873 2171 2940 gnari
2203 2882 2495 2941 occupato,
2535 2873 2590 2925 in
2623 2861 2743 2942 ipso
2771 2886 3040 2942 aquarum
3089 2873 3296 2944 impetu
3327 2859 3494 2927 naves
3517 2874 3605 2943 ja-

2017 2963 2121 3016 ctis
2151 2962 2412 3018 anchoris
2461 2962 2766 3029 firmantes,
2800 2980 2911 3018 non
2957 2965 3132 3034 magis
3173 2964 3388 3028 navale,
3437 2978 3602 3032 quam

2020 3061 2286 3110 terrestre
2312 3055 2564 3124 praelium
2592 3042 2891 3111 habebant.
2926 3056 3064 3110 Cum
3091 3064 3274 3110 autem
3301 3055 3515 3120 Veneti,
3547 3066 3606 3109 et

339 3143 448 3208 δος.
480 3141 612 3197 Μετ’
660 3141 825 3195 αὑτὸν
873 3140 931 3194 δέ
968 3137 1065 3192 καὶ
1108 3141 1137 3192 ό
1186 3139 1294 3191 τῶν
1347 3139 1683 3194 Κατελάνων
1716 3139 1915 3210 ἐχώρει

2020 3143 2266 3200 Catalani
2302 3161 2428 3201 cum
2468 3145 2734 3202 Romanis
2771 3147 3118 3214 advenirent,
3165 3147 3507 3211 Genuenses,
3546 3156 3607 3200 ut

343 3233 669 3305 στρατηγός.
741 3233 851 3285 Καὶ
913 3233 1097 3299 τρίτος
1167 3231 1444 3300 ἐπήλαυνε
1495 3232 1589 3284 καὶ
1624 3230 1918 3296 Νικόλαος,

343 3326 727 3396 ἀναθαρσήσας
759 3323 885 3394 ήδη.
929 3319 1245 3375 ιἐννουῗται
1281 3321 1338 3375 δὲ
1379 3321 1474 3375 τοῦ
1504 3339 1565 3374 τε
1605 3320 1925 3392 πνεύματος

347 3419 688 3490 βιαζομένεευ,
717 3417 812 3470 καὶ
844 3415 953 3468 τῶν
985 3414 1266 3484 πολεμίων
1305 3415 1604 3477 ἐπιόντων,
1629 3413 1754 3467 οὐδὲ
1791 3412 1924 3465 ὺπέ-

349 3530 538 3583 μειναν
565 3511 664 3580 τὴν
691 3508 966 3578 συμϐολήν
989 3523 1002 3537 ι
1035 3506 1151 3560 ἀλλ’
1189 3506 1636 3576 ἀναστρέψαντες
1661 3505 1948 3577 ἤλαυνον,-

346 3605 423 3668 ὡς
453 3599 619 3673 εἶχον,
647 3600 738 3654 ἐπὶ
772 3598 1041 3654 Γαλατᾶν.
1089 3597 1415 3651 Ἐπεδίωκον
1462 3596 1519 3648 δὲ
1559 3598 1608 3650 οἱ
1636 3596 1922 3666 πολέμιοι*

350 3696 609 3770 βραχείας
659 3695 729 3749 δὲ.
774 3690 942 3760 οὔσης
1003 3688 1244 3744 ἐνταῦθα
1299 3688 1402 3758 τῆς
1453 3687 1747 3756 θαλάττης,
1801 3686 1926 3739 ἐπεὶ

350 3787 569 3858 φεύγειν
620 3781 881 3837 ἐπιπλέον
927 3779 1031 3833 οὐκ
1081 3778 1232 3848 ἐξῆν,
1279 3779 1417 3846 πρδς
1463 3778 1543 3847 τῷ
1575 3775 1922 3847 Βραχοφάγῳ

347 3878 628 3948 λεγομένῳ
661 3875 811 3945 τόπῳ
841 3872 1080 3942 ὑφάλους
1127 3872 1307 3940 ἔχοντι
1345 3870 1573 3932 πολλὰς,
1605 3865 1694 3922 οἷα
1719 3869 1786 3939 δὴ
1814 3869 1930 3923 τῶν

350 3975 531 4026 τόπων
564 3969 822 4040 ἔμπειροι
866 3967 916 4018 οἱ
964 3961 1283 4023 Γεννουῗται
1322 3961 1592 4032 πρότερον
1621 3960 1926 4029 γενόμενοι,

351 4064 670 4136 ὡρμίσαντο
702 4059 795 4112 ἐπὶ¹
826 4057 921 4111 τοῦ
967 4055 1266 4128 ῥεύματος.
1298 4054 1408 4108 Καὶ
1440 4051 1675 4122 βεϐαίως
1698 4052 1791 4105 ἐπὶ
1816 4049 1928 4103 τῶν

320 4155 608 4228 ’ἀγκυρῶν
649 4153 903 4215 ἐστῶτες,
933 4151 993 4203 οὺ
1043 4146 1246 4220 μᾶλλον
1282 4146 1625 4217 ἐναυμάχουν
1663 4145 1698 4215 ἢ
1730 4145 1928 4209 ἐπεζοο

351 4252 585 4322 μάχουν.
612 4248 676 4302 Οἱ
727 4246 792 4301 ἐκ
841 4243 1098 4306 Βενετίας
1160 4241 1220 4294 δέ
1275 4239 1370 4294 καὶ
1397 4266 1402 4272 -
1431 4239 1736 4294 Κατελὰνοι
1786 4236 1927 4308 μετὰ

365 4343 654 4413 Ῥωμαίων
692 4336 1038 4400 ἐπελθόντες,
1074 4334 1340 4403 Ῥωμαῖοι
1389 4332 1490 4402 μέν
1519 4331 1676 4396 ὄντες
1719 4329 1927 4403 ἐπιχώ-

356 4456 483 4510 ριοι,
512 4435 782 4502 ἐξέκλινον
810 4431 910 4494 τὰς
936 4428 1206 4498 ὑφάλους,
1235 4426 1330 4479 καὶ
1358 4423 1696 4494 ὴγωνίζοντο
1721 4423 1928 4496 ἐμπεί-

2025 3235 2314 3303 indigenas,
2351 3249 2495 3290 caeca
2525 3235 2614 3289 illa
2647 3250 2778 3288 saxa
2811 3235 3147 3298 devitabant,
3174 3234 3462 3303 periteque
3485 3248 3608 3288 cer-

2024 3325 2233 3391 tabant,
2274 3335 2332 3380 et
2366 3327 2554 3382 hostes
2600 3327 2984 3391 devincebant,
3018 3343 3119 3382 nec
3160 3328 3340 3383 minus
3389 3329 3606 3383 Veneti.

2023 3418 2093 3472 At
2119 3417 2651 3481 Catalani,locorum
2680 3417 2905 3470 minime
2935 3417 3178 3470 omnium
3211 3416 3392 3486 periti,
3417 3426 3472 3470 et
3504 3415 3614 3469 fer-

2025 3523 2158 3564 vore
2215 3493 2454 3579 q’uodam
2512 3509 2715 3562 mentis
2762 3510 2814 3563 in
2857 3508 3046 3562 hostes
3087 3507 3414 3562 citatissimo
3441 3521 3610 3561 cursu

2025 3600 2247 3663 invecti,
2285 3599 2375 3654 alii
2402 3598 2624 3669 quidem
2655 3599 2707 3652 in
2747 3601 2932 3654 brevia
2963 3599 3329 3660 oll'endentes,
3358 3599 3614 3653 triremes

2025 3697 2167 3753 bene
2200 3706 2438 3752 armatas
2482 3695 2912 3766 diffringebant:
2963 3696 3057 3750 alii
3093 3697 3367 3750 undarum
3403 3695 3612 3766 impetu

2026 3789 2227 3854 aversi,
2265 3804 2374 3844 non
2405 3804 2434 3842 a
2469 3803 2652 3858 prora,
2683 3788 2779 3842 sed
2815 3788 3142 3843 transversis
3173 3787 3488 3842 triremibus
3511 3803 3581 3861 pu
3603 3814 3616 3825 ι

2027 3883 2287 3955 gnabant,
2319 3889 2376 3936 et
2415 3896 2530 3952 prae
2565 3879 2890 3935 confusione
2919 3881 3340 3946 tumultuantes,
3376 3895 3484 3934 non
3513 3895 3616 3949 pa-

2029 3997 2150 4037 rum
2192 3979 2552 4034 laadebantur.
2624 3976 2999 4031 Nihilominus
3040 3976 3400 4045 imperterriti
3439 3976 3613 4031 animi

2029 4088 2094 4128 ac
2124 4070 2466 4126 fortitudinis
2512 4069 2764 4138 exempla
2794 4069 3033 4123 edebant
3059 4067 3406 4130 admiranda,
3443 4067 3616 4121 inter-

2037 4163 2196 4219 fectis
2230 4157 2504 4233 plurimis,
2537 4175 2600 4214 ac
2624 4159 2785 4213 victis
2810 4173 2948 4228 pene
2974 4156 3310 4211 adversariis
3330 4157 3624 4232 omnibus:

2031 4255 2277 4312 Tametsi
2313 4253 2500 4323 plures
2536 4265 2728 4305 eorum
2783 4265 2892 4303 non
2958 4257 3068 4302 tam
3121 4247 3362 4301 hostium
3423 4247 3614 4310 armis,

2032 4362 2196 4418 quam
2221 4343 2495 4414 imperitia
2513 4341 2618 4396 loci
2646 4341 2700 4394 in
2721 4339 2906 4394 brevia
2930 4339 3235 4394 incidentes
3259 4337 3614 4392 interierunt.

2036 4440 2143 4496 Sed
2177 4437 2474 4508 quominus
2519 4433 2841 4489 Genuenses
2869 4432 2935 4486 ad
2980 4448 3151 4486 unum
3186 4431 3614 4499 perimerentur‘,

358 4508 487 4600 ρως,
518 4527 612 4580 κιὶ
651 4521 960 4592 διέφθειρον
1004 4518 1132 4580 τοὺς
1166 4516 1486 4585 πολεμίους.
1511 4517 1624 4586 Οὐχ
1665 4512 1830 4588 ἦττον
1868 4518 1918 4571 δὲ

2037 4545 2144 4585 nox
2181 4525 2559 4583 interveniens
2611 4522 2914 4592 prohibuit,
2949 4539 3055 4591 qua
3101 4522 3210 4591 jam
3263 4519 3614 4589 intempesta,

358 4623 452 4676 καὶ
480 4621 530 4672 oi
557 4619 622 4671 ἐκ
664 4615 936 4676 Βενετίας.
973 4610 1278 4665 Κατελάνοι
1321 4610 1378 4664 δὲ
1412 4608 1524 4661 τῶν
1563 4612 1747 4662 τὲπων
1779 4610 1932 4681 ἔχον-

359 4732 447 4778 τες
485 4709 828 4766 παντάπασιν
871 4706 1136 4775 ἀπείρως,
1170 4701 1516 4772 σφοδρότατὰ
1549 4719 1610 4754 τε
1642 4704 1747 4756 ὑπὸ
1797 4721 1934 4773 προ-

361 4806 556 4874 θυμίας
607 4799 994 4859 ἐπελαύνοντες
1046 4796 1158 4858 τοῖς
1208 4793 1512 4863 πολεμίοις,
1565 4797 1615 4847 οἱ
1672 4795 1771 4865 μὲν
1819 4800 1932 4859 τοῖς

362 4898 618 4970 βράχεσιν
673 4893 966 4947 ἐνέπιπτον
1015 4889 1111 4942 καὶ
1181 4885 1476 4951 συνέθλων
1516 4886 1618 4950 τὰς
1683 4889 1936 4957 τριήρεις

2039 4623 2273 4678 invicem
2317 4617 2566 4687 dissipati
2609 4623 2760 4677 sunt,
2809 4615 2901 4685 qui
2953 4613 3389 4682 superfuerunt:
3450 4620 3619 4680 atque

2037 4714 2112 4768 ita
2145 4727 2255 4782 quo
2281 4725 2554 4781 quemque
2579 4723 2699 4761 sors
2741 4705 2866 4761 tulit
2897 4706 3080 4758 navim
3131 4703 3497 4788 applicantes,
3533 4701 3622 4753 di-

2038 4803 2213 4874 spersi
2256 4816 2430 4870 usque
2475 4799 2540 4853 ad
2585 4799 2764 4853 lucem
2825 4803 3166 4849 manserunt.
3205 4794 3287 4858 Ex
3319 4807 3403 4878 ﬁco
3457 4793 3620 4861 longe

2043 4895 2337 4949 maximam
2371 4889 2586 4945 cladem
2620 4887 2866 4943 Catalani
2919 4895 3279 4956 acceperunt.
3329 4883 3387 4938 In
3433 4883 3625 4964 brevia

1577 5035 1580 5040 ‘
1625 5007 1848 5088 Jacobi
1876 5030 2145 5092 Pontani
2177 5035 2361 5090 notae.
2392 5064 2400 5078 ς

430 5183 541 5254 (28)
559 5179 730 5250 Negat
744 5189 932 5254 tamen
950 5174 1319 5254 Leunclavius
1340 5171 1472 5254 olim
1487 5169 1944 5254 dictamlghalce-

366 5241 585 5315 donem,
639 5241 693 5305 ἔι
741 5251 796 5304 in
838 5263 906 5302 eo
952 5248 1090 5301 alios
1140 5243 1522 5315 reprehendit.
1573 5242 1666 5315 sed
1697 5241 1941 5315 Chryso-

370 5310 583 5392 polintzt
615 5320 750 5392 Nam
786 5317 1128 5392 Chalcedonis
1167 5310 1396 5392 rudera,
1449 5312 1657 5392 inquit,
1707 5314 1769 5392 ιο
1817 5310 1943 5364 iuit-

371 5384 588 5448 iiaribus
619 5391 682 5444 ab
701 5389 897 5459 angulo
920 5384 1385 5459 sultattinisaraii,
1419 5399 1597 5459 versus
1627 5385 1944 5435 Astacenum

369 5466 561 5523 sinum,
599 5467 665 5516 ad
695 5452 1112 5527 promontorium
1152 5452 1506 5515 Damalicum,
1533 5453 1695 5522 juxta
1730 5459 1943 5527 portum

371 5535 734 5602 Eutropiisita
759 5537 903 5583 sunt.
1099 5595 1119 5602 Α
1355 5595 1364 5602 _
1419 5594 1433 5602 _
1492 5593 1544 5602 __
1637 5591 1647 5601 _

444 5589 554 5674 (29')
582 5602 873 5674 Nominata
902 5607 987 5674 est
1031 5611 1062 5674 a_
1095 5595 1366 5674 frequenti
1402 5591 1760 5674 _habitatione
1780 5589 1944 5674 "filia-

378 5661 494 5728 ruin
530 5661 874 5744 principum,
924 5661 1300 5744 _virginit_atem
1335 5661 1940 5744 solitariamproﬂuent

380 5733 545 5798 tium:
568 5733 988 5803 Cedrenus'ait,
1020 5733 1304 5792 Iustinum
1353 5743 1607 5803 nepotem
1644 5733 1942 5803 Justiniaui

377 5814 670 5871 aediﬁcasse
703 5802 1004 5865 solitariam
1056 5809 1224 5861 vitam
1261 5802 1536 5875 agentium
1574 5802 1937 5863 domicilium,

694 5906 965 5967 ΡΑτιιοιη
991 5905 1104 5962 Gn.
1144 5900 1319 5961 CLIV

2041 5173 2384 5244 nominatum
2439 5170 2736 5244 Principis,
2799 5167 3182 5244 suburbanum
3233 5163 3632 5244 Constantino-

2043 5247 2252 5313 poleos.
2291 5243 2534 5296 Zonaras
2567 5235 3192 5313 scriliitrri‘icephorum.
3218 5245 3325 5313 _etc.
3355 5235 3490 5313 Vide
3525 5251 3633 5313 eae-

2044 5303 2157 5433 {elra
2195 5314 2338 5382 apud
2387 5313 2609 5433 Pe‘tgum
2660 5303 3038 5381 Gylliumee
3067 5307 3336 5377 Bosphoro
3387 5303 3633 5368 Thracio,

2067 5401 2077 5433 I
2127 5425 2140 5433 .
2177 5401 2257 5433 111.
2291 5399 2413 5433 C30.
2523 5420 2533 5432 ι

2043 5385 2140 5439 lib.
2177 5401 2257 5444 Ill.
2291 5399 2413 5444 cap.
2445 5385 2533 5435 15.

2121 5399 2702 5524 ίόἓῗίῗιῗεὲόῃῖράχεα
2733 5461 2954 5524 vocant,
3000 5448 3180 5524 Latini
3220 5445 3440 5524 ργασία..
3487 5441 3630 5524 sunt

2049 5511 2233 5596 autem
2273 5511 2756 5596 vadosatq'uae‘dum
2809 5523 2862 5576 in
2909 5511 3044 5596 lirari
3089 5518 3290 5596 spatia.
3347 5514 3478 5596 Vide
3509 5511 3641 5596 .μὲ-

2048 5594 2274 5648 stellati.
2302 5583 2642 5648 Brodati'lib.
2693 5607 2764 5655 vt,
2792 5607 2913 5660 cap.
2942 5591 3052 5652 2t;
3089 5583 3280 5656 Virgil.
3309 5601 3326 5638 ι
3359 5583 3577 5635 .Eueid.
3613 5596 3633 5637 :

2582 5718 2598 5734 .
2631 5719 2646 5734 .
2681 5718 2694 5731 .
2729 5717 2744 5732 .
2775 5717 2788 5732 .
2823 5686 2925 5732 tres
2949 5678 3124 5732 Eurus
3152 5675 3215 5728 ab
3241 5673 3351 5725 nilo

2197 5749 2261 5806 In
2290 5752 2465 5807 brevia
2501 5760 2549 5808 et
2577 5759 2742 5820 syrtes
2775 5759 2949 5813 uraet,
2981 5743 3282 5801 miserabile
3313 5743 3447 5796 vim.

3236 5875 3278 5938 8
