4056 6492
1641 287 1668 303 ο

375 423 488 492 237

1515 385 1520 388 ’
1563 418 2102 485 HlS’l‘OBIARUM
2143 417 2374 482 LIBER
2418 415 2512 479 ιν.

3554 430 3660 493 933

379 551 508 603 πεῖν
539 546 637 613 τὰς
659 544 811 610 ναῦς,
839 547 929 600 καὶ
958 544 1267 617 χρήσασθαι
1303 545 1448 616 φυγῇ
1478 546 1616 614 πρὸς
1655 543 1950 614 σωτηρίαν.

2059 539 2321 608 fugiendo
2346 537 2751 607 relinquerent.
2769 536 3072 608 lmperator
3089 552 3283 595 eorum
3301 541 3662 614 ignaviam,ct
3698 597 3703 602 .

378 641 654 710 ’τοιαύτην
704 642 762 696 δὲ
817 636 1095 710 περιφανῆ
1150 641 1247 699 καὶ
1300 640 1615 709 θαυμασίαν
1677 641 1868 710 νίκην,
1919 641 1954 710 ἠ

381 734 644 805 ἀνανδρία
681 732 954 789 Νικολάου
991 733 1268 807 διέφθειρε
1302 735 1396 787 καὶ
1437 733 1692 803 ἀτολμία.
1733 733 1799 786 Et
1847 733 1956 802 γὰρ

379 826 626 879 ἐπείθετο
656 824 868 895 βασιλεῖ
888 823 1312 895 συμϐουλεύοντι
1347 826 1460 888 τοῖς
1490 824 1771 894 πολεμίοις
1797 827 1959 877 ἐπελ-

378 919 496 971 θεῖν
530 916 669 971 κατά
697 919 797 985 τὴν
839 916 1160 987 ὑστεραίαν,
1197 914 1352 969 οὐδὲν
1386 916 1451 969 ἂν
1497 915 1740 983 ἐκώλυει
1761 917 1862 979 τάς
1899 933 1956 969 τε

379 1009 511 1070 ναῦς
562 1007 672 1060 τῶν
726 1007 1002 1076 πολεμίων
1063 1007 1250 1060 λαϐεῖν
1309 1006 1551 1070 ἁπάσας,
1605 1007 1703 1060 καὶ
1758 1007 1954 1068 αὐτοὺς

380 1099 663 1170 πολιορκίᾳ
692 1097 1028 1168 διαφθείρειν
1061 1099 1156 1153 καὶ
1181 1099 1348 1170 λιμῷ.
1388 1097 1524 1151 Ὑπὸ
1552 1097 1757 1160 δειλίας
1790 1097 1848 1151 δὲ
1893 1098 1954 1150 τὸ

379 1186 640 1258 τρόπαιον
691 1185 888 1255 στῆσαι
955 1187 1246 1257 μονονουχὶ
1308 1185 1633 1240 καταλιπὼν
1701 1187 1782 1249 είς
1835 1204 1956 1239 τινα

377 1275 591 1343 λιμένα,
631 1271 759 1347 ἦλθε
797 1277 940 1331 κατὰ
977 1277 1039 1331 es
1094 1279 1301 1340 στενὸν,
1359 1279 1616 1349 Θεραπέα
1674 1295 1956 1348 προσαγο-

383 1369 676 1436 ρευόμενον
708 1368 1012 1439 ἐγχωρίως.
1045 1371 1301 1439 Παιγανὴς
1331 1369 1388 1423 δὲ
1425 1373 1452 1423 ὁ
1483 1371 1594 1423 τῶν
1625 1371 1956 1424 Γεννουῖτῶν

383 1458 709 1525 στρατηγὸς,
755 1456 946 1511 οὐδένα
985 1459 1212 1512 ἐπιόντα
1262 1459 1525 1530 πολέμιον
1559 1460 1726 1531 ὁρῶν,
1781 1477 1956 1529 παρε-

378 1549 533 1601 κάλει
565 1548 660 1617 τὴν
707 1547 971 1619 στρατιὰν
1017 1549 1304 1619 ἐμϐαίνειν
1350 1550 1508 1615 αὖθις
1539 1553 1623 1616 εἰς
1654 1550 1754 1614 τάς
1799 1551 1955 1616 ναῦς,

379 1641 474 1691 καὶ
514 1641 588 1710 μὴ
637 1639 890 1694 τοσοῦτον
940 1641 1400 1712 καταπεπλῆχθαι
1448 1644 1578 1708 τοὺς
1631 1643 1953 1714 πολεμίους,

375 1729 518 1783 ὥστε
570 1732 664 1783 καὶ
705 1732 948 1796 ἀπόντας
990 1733 1251 1806 ὀρρωδεῖν
1277 1738 1373 1788 καὶ
1404 1737 1630 1806 φεύγειν
1668 1737 1949 1804 ἀγεννῶς⁶

376 1819 516 1871 ἀλλὰ
540 1820 637 1872 νῦν
661 1821 762 1891 μὲν
795 1823 1073 1892 ἐμϐάντας
1107 1826 1188 1888 εἰς
1217 1824 1314 1888 τὰς
1361 1826 1492 1890 ναῦς
1524 1826 1821 1896 καθῆσθαι,
1861 1826 1950 1880 ἵνα

380 1907 458 1977 μὴ
537 1909 851 1964 παντάπασι
926 1909 1133 1964 δοκοῖεν
1202 1913 1676 1984 ἀπηγορευκὲναι.
1737 1917 1834 1968 Ἂν
1915 1898 1963 1968 δ’

377 2000 633 2062 ἐπιόντας
681 2001 845 2054 ἴδοιεν
887 2002 1013 2064 τοὺς
1068 2003 1386 2073 πολεμίους,
1422 2004 1533 2059 οὐδ’
1565 2007 1734 2058 αὑτὸν
1775 2006 1953 2060 κωλύ-

379 2110 496 2146 σειν
540 2093 806 2156 σώζεσθαι
851 2094 1183 2165 γενομένους
1221 2097 1375 2161 ἐντὸς
1414 2099 1634 2168 τειχῶν.
1666 2098 1827 2153 Οῦτω
1853 2099 1954 2169 μὲν

377 2184 536 2247 αὖθις
598 2183 809 2248 ἔπειθε,
859 2188 954 2238 καὶ⁸
1013 2187 1302 2257 εἰσήγοντο
1357 2189 1415 2240 ἐν
1469 2193 1591 2254 ταῖς
1645 2191 1952 2261 τριήρεσιν,

379 2277 689 2349 ὡρμίσαντό
735 2293 795 2330 τε
839 2276 947 2346 πρὸ
995 2276 1092 2330 τοῦ
1136 2278 1399 2348 φρουρίου
1459 2279 1687 2351 γνώμην
1734 2282 1954 2353 ἔχοντες

381 2369 454 2430 ὡς
506 2369 572 2436 ἢν
623 2368 830 2420 ἐπίοιεν
884 2367 932 2420 οι
995 2367 1287 2437 πολέμιοι,
1344 2369 1404 2421 οὑ
1467 2373 1952 2441 ναυμαχήσοντες,

391 2457 512 2512 ἀλλὰ
566 2458 933 2529 προησόμενοι
1009 2459 1121 2520 τοῖς
1190 2458 1472 2528 πολεμίοις
1529 2461 1627 2522 τὰς
1681 2462 1951 2532 τριήρεις.

397 2547 639 2611 Βασιλεὺς
706 2546 765 2600 δὲ
820 2547 920 2616 τὴν
992 2547 1264 2613 ἀτολμίαν
1337 2547 1434 2600 καὶ
1503 2549 1797 2603 ἀσθένειαν
1854 2553 1954 2604 οὐκ

386 2641 590 2709 ἀγνοῶν
653 2641 763 2694 τῶν
830 2639 1138 2711 πολεμίων,
1205 2641 1441 2712 πέμπων
1519 2658 1579 2694 τε
1649 2643 1953 2714 παρεκάλει

382 2735 472 2788 τὸν
505 2733 770 2788 Νικόλαον
815 2734 911 2787 ἐπὶ
973 2734 1103 2796 τοὺς
1169 2734 1464 2804 πολεμίους
1535 2733 1696 2805 ἥκειν
1771 2735 1950 2799 αὖθις.

381 2827 458 2888 ὡς’
529 2825 798 2896 ἀναιμωτὶ
880 2827 982 2896 τῆς
1038 2823 1194 2895 νίκης
1255 2825 1550 2896 ἐσομένης,
1623 2827 1717 2880 καὶ
1788 2828 1952 2891 αὐτὸς

380 2919 666 2988 γενόμενος
699 2904 838 2987 πρὸς
897 2915 976 2988 τῷ
1043 2915 1227 2988 λιμένι
1278 2910 1322 2984 ᾧ
1367 2916 1682 2987 ὡρμίζετο,
1746 2918 1955 2971 πείθειν

377 3008 669 3080 ἐπεχείρει,
719 3009 818 3078 τὴν
848 3009 1135 3062 ἀσθένειαν
1201 3007 1312 3062 τῶν
1381 3008 1658 3078 πολεμίων
1712 3009 1958 3062 ἐκδιδάσ-

380 3120 511 3155 κων.
590 3101 646 3154 '0
696 3101 765 3166 δ(
805 3101 1073 3172 ἀήττητος
1133 3095 1202 3172 ἦν
1269 3099 1406 3172 πρὸς
1463 3101 1643 3154 πᾶσαν
1707 3100 1956 3170 ἀνάγκην

378 3196 475 3264 τὴν
529 3194 592 3246 ἐκ
637 3193 843 3262 λόγων·
899 3192 1039 3246 ἀλλά
1081 3192 1243 3246 τοῦτο
1299 3192 1462 3263 μόνον
1510 3193 1757 3260 ἐσκόπει,
1805 3194 1955 3256 ὅπως
1981 3233 2024 3290 C

385 3289 462 3355 μὴ
515 3282 668 3349 αὖθις
723 3282 1012 3354 συμμίξειε
1045 3285 1157 3348 τοῖς
1201 3283 1502 3353 πολεμίοις,
1546 3283 1648 3353 τῆς
1688 3284 1952 3352 ἀτολμίας

377 3377 438 3429 δὲ
488 3376 584 3430 καὶ
614 3374 946 3445 φαυλότητος
986 3371 1179 3443 ὥσπερ
1215 3364 1593 3443 προκάλυμμα
1630 3373 1728 3427 καὶ
1778 3374 1950 3442 τραῦ-

382 3469 461 3538 μά
498 3485 548 3521 τι
591 3469 787 3539 μικρὸν
825 3461 993 3537 εἶχεν,
1033 3464 1062 3519 ὃ
1089 3464 1231 3521 κατά
1256 3465 1356 3534 τὴν
1399 3463 1985 3537 μάχηνῖτραυματίχ

370 3553 501 3631 σθη.
538 3560 795 3623 Βασιλεὺς
821 3559 877 3611 δὲ
907 3558 1098 3624 ἠνιᾶτο
1128 3558 1226 3628 μὲν
1252 3558 1356 3612 οὐκ
1400 3558 1666 3624 ἀνεκτῶς,
1705 3560 1794 3612 καὶ
1821 3559 1942 3629 ὠρ-

367 3648 560 3717 ’γίζετο
606 3647 866 3718 τοιαύτης
895 3648 1051 3718 νίκης
1079 3646 1456 3718 ἀπολλυμένης
1507 3647 1613 3701 ὑπο
1650 3649 1946 3712 Νικολάου,
1977 3631 1988 3640 δ

381 3741 584 3794 πείθειν
608 3739 664 3795 δὲ
691 3741 792 3793 οὒκ
812 3735 928 3809 εἷχε
965 3738 1134 3792 πολλὰ
1166 3738 1520 3809 παρακαλῶν.
1550 3739 1664 3810 Οὐχ
1707 3736 1870 3811 ἦττον
1892 3741 1950 3794 δὲ

381 3849 453 3888 κα
512 3836 539 3886 ὁ
565 3833 671 3886 τῶν
703 3832 1032 3889 Κατελάνων
1081 3831 1379 3902 ὴγανάκτει
1428 3832 1652 3902 ἡγεμὼν
1705 3835 1949 3903 συνορῶν

380 3926 509 3979 οἴων
533 3922 639 3978 ὑπό
667 3921 763 3976 τοῦ
796 3922 1160 3994 συνάρχοντος
1182 3923 1461 3994 τροπαίων
1492 3916 1950 3991 ἀποστεροῦνται,

380 4016 584 4082 ἔφασκέ
611 4032 672 4069 τε
701 4014 838 4086 πρὸς
885 4014 1108 4086 βασιλέα
1139 4014 1386 4086 ἀνάγκην
1413 4014 1559 4082 ἔχειν
1587 4014 1819 4069 ἕπεσθαι
1845 4017 1948 4069 Νι-

383 4107 586 4177 κολάῳ,
620 4107 716 4159 καὶ
748 4106 918 4176 μηδὲν
941 4104 972 4160 ὃ
1005 4107 1081 4176 μὴ
1114 4105 1355 4175 κάκείνῳ
1382 4104 1528 4158 δοκεῖ
1553 4105 1750 4170 ἐξεῖναι
1778 4106 1953 4176 πράτ-

380 4213 512 4250 τειν.
546 4195 702 4250 Οὕτω
745 4199 854 4266 γὶρ
885 4191 1024 4249 εἶναι
1075 4195 1553 4264 προστεταγμένον
1602 4195 1752 4265 αὐτῷ
1797 4195 1950 4264 παρά

383 4287 550 4356 ῥηγὸς
576 4286 671 4340 τοῦ
705 4287 856 4355 σφῶν
877 4286 1164 4341 δεσπότου.
1197 4285 1262 4338 Et
1284 4285 1341 4339 δέ
1373 4287 1452 4356 μὴ
1475 4285 1679 4355 ταύτην
1705 4282 1821 4356 εἶχε
1848 4286 1950 4356 τὴν

381 4378 647 4446 ἀνάγκην,
685 4378 787 4430 οὐκ
837 4377 905 4432 ἂν
949 4373 1144 4448 ἐδεήθη
1178 4376 1451 4431 Νικολάου
1482 4377 1623 4448 πρὸς
1672 4376 1949 4449 τὴν-κατὰ

382 4470 492 4522 τῶν
521 4467 790 4540 πολεμίων
829 4467 1018 4538 ἔφοδον
1046 4483 1062 4499 ·
1094 4467 1210 4522 ἀλλ’
1251 4469 1368 4536 ἅμα
1397 4469 1520 4531 ταῖς
1552 4467 1820 4538 βασιλέως
1855 4469 1950 4539 μό-

2066 629 2502 684 imbecillitatem
2521 646 2628 684 non
2655 629 3006 698 ignorans,ad
3023 629 3308 688 Nicolaum
3329 635 3658 701 mittit,hor-

2061 727 2208 774 tatur
2251 721 2438 776 hostes
2489 735 2710 775 rursum
2737 719 2979 786 invadat,
2999 721 3658 782 victoriamincruentam

2061 812 2199 866 fore.
2226 812 2387 883 831
2422 811 2566 879 Quin
2593 812 2829 880 ipsemet
2868 813 2934 865 ad
2968 824 3212 888 portum,
3248 833 3412 886 quem
3451 819 3541 874 ille
3574 828 3657 874 tc-

2060 903 2246 966 nebat,
2275 903 2577 972 profectus,
2611 902 2835 965 fractas,
2867 913 2923 956 et
2949 904 3264 961 debilitatas
3292 906 3535 962 hostium
3573 911 3656 963 vi-

2060 1007 2149 1048 res
2171 993 2584 1055 demonstrans,
2605 1007 2680 1047 eo
2711 992 2861 1046 illum
2889 995 3197 1061 perducere
3219 997 3518 1054 nitebatur.
3544 1000 3654 1056 Sed

2061 1084 2213 1139 nulla
2269 1093 2389 1139 erat
2444 1094 2552 1138 tam
2615 1084 2844 1139 evidens
2890 1100 2953 1140 ac
3004 1090 3314 1144 necessaria
3374 1089 3652 1160 probatio.

2060 1191 2183 1245 qua:
2211 1175 2493 1231 hominem
2527 1178 2887 1232 convinceret
2917 1199 2930 1232 :
2969 1179 3128 1250 cujus
3156 1182 3416 1252 cogitatio
3446 1183 3499 1238 in
3544 1165 3652 1240 hoc

2062 1268 2240 1321 solum
2283 1269 2736 1335 consumebatur,
2771 1272 3049 1338 quomodo
3090 1273 3406 1329 conﬂictum
3443 1277 3648 1347 cﬂ'uge-

2063 1369 2169 1422 ret,
2197 1361 2433 1416 imbellis
2455 1370 2510 1416 et
2531 1362 2694 1416 alieni
2720 1365 2886 1416 animi
2920 1365 3004 1418 sui
3024 1366 3170 1420 velut
3202 1369 3474 1437 quoddam
3494 1385 3650 1424 man-

2063 1452 2253 1506 tellum
2293 1452 2551 1508 habentis
2599 1455 3012 1517 vulnusculum.
3049 1458 3192 1528 quod
3234 1459 3288 1512 in
3344 1462 3649 1514 certamine

2060 1553 2372 1614 acceperat.
2404 1544 2711 1614 Imperator
2732 1547 3066 1601 intolerabili
3101 1549 3311 1604 dolore.
3340 1559 3394 1604 et
3426 1551 3648 1606 iracun-

2060 1634 2150 1690 dia
2175 1635 2558 1703 exardescere,
2603 1646 2712 1690 tam
2751 1639 3066 1708 prmclaram
3100 1641 3390 1696 victoriam
3425 1658 3519 1712 pcr
3553 1645 3651 1697 Ni-

2059 1717 2278 1785 colaum
2335 1730 2536 1796 amitti,
2603 1747 2765 1800 quem
2800 1733 3084 1803 precibus,
3145 1735 3400 1802 quamvis
3432 1737 3644 1799 multis,

2059 1836 2376 1892 expugnare
2403 1838 2513 1876 non
2545 1823 2841 1892 potuisset.
2865 1825 2978 1880 Nec
3011 1826 3194 1879 minor
3222 1836 3341 1882 erat
3369 1828 3523 1882 ducis
3541 1827 3650 1883 Ca.

1999 1896 2039 1950 B
2069 1913 2371 1968 talanorum
2415 1913 2740 1984 indignatio,
2785 1915 2931 1983 quod
2981 1917 3184 1972 talibus
3223 1919 3441 1988 tropaeis
3472 1934 3499 1973 a
3537 1923 3649 1975 col-

2059 2005 2175 2074 lega
2212 2007 2525 2075 privaretur
2551 2025 2563 2060 :
2593 2007 2922 2076 dicebatque
2949 2005 3292 2078 imperatori,
3322 2013 3440 2079 cogi
3466 2027 3523 2068 se
3547 2013 3641 2068 Ni-

2057 2097 2272 2150 colaum
2303 2097 2486 2165 sequi,
2513 2112 2617 2150 nec
2651 2112 2810 2164 posse
2840 2097 3142 2168 quidquam
3186 2103 3366 2154 lacere
3400 2103 3492 2157 iilo
3529 2120 3638 2156 non

2058 2185 2345 2254 probante.
2375 2186 2465 2241 Sic
2490 2186 2636 2239 enim
2666 2186 2770 2240 sibi
2801 2204 2829 2241 a
2859 2203 2981 2258 rege
3014 2204 3114 2243 suo
3143 2191 3490 2260 imperatum.
3511 2193 3644 2259 Quae

2057 2277 2363 2331 necessitas
2389 2277 2495 2331 nisi
2533 2277 2959 2344 intercessisset,
2991 2279 3220 2336 Nicolao
3243 2283 3307 2336 ad
3337 2283 3528 2339 hostes
3549 2301 3644 2354 ag~

2054 2366 2395 2435 grediundos
2437 2382 2575 2438 opus
2623 2383 2735 2422 non
2771 2368 2963 2435 fuisse,
2993 2373 3239 2427 voluisse
3270 2389 3328 2429 se
3374 2391 3481 2429 una
3514 2392 3640 2431 cum

2057 2459 2430 2528 imperatoriis
2473 2468 2686 2514 tantum
2725 2462 3048 2518 triremibus
3093 2465 3146 2518 in
3189 2482 3287 2521 eos
3329 2468 3637 2533 incurrere.

2055 2558 2112 2605 et
2140 2552 2383 2606 secundo
2407 2563 2580 2608 marte
2606 2569 2722 2608 rem
2751 2571 2965 2623 gerere,
3002 2571 3230 2612 suorum
3271 2559 3558 2627 virilitate,
3585 2574 3642 2617 et

2057 2643 2431 2697 Romanorum
2463 2645 2666 2699 virtute
2690 2646 2982 2712 conﬁsum,
3015 2662 3156 2716 quos
3182 2649 3641 2716 animosissimos,

2057 2721 2314 2802 belloqhe
2342 2733 2832 2789 exercitatissimos
2852 2735 3156 2805 judicabat.
3194 2737 3450 2794 Senticns
3479 2741 3644 2812 igitur

2059 2823 2363 2890 imperator
2397 2838 2588 2892 pugna:
2617 2823 2862 2889 avidum,
2895 2829 3138 2888 currenti
3169 2829 3348 2884 calcar
3372 2832 3546 2892 addit.
3585 2848 3645 2886 et.

2057 2913 2340 2968 Nicolaum
2382 2913 2566 2968 denuo
2608 2915 2834 2970 ﬂectere
2868 2927 3126 2973 attentat.
3171 2923 3423 2990 tlutnque
3477 2925 3641 2978 etiam

2057 3005 2448 3060 Catalanorum
2481 3005 2678 3061 ductor
2710 3007 3060 3076 imperatoris
3085 3012 3418 3066 sententiam
3449 3013 3653 3068 lauda;

2059 3110 2163 3160 ret,
2225 3108 2555 3168 rogaretque
2607 3109 2670 3152 ut
2705 3101 2850 3152 bene
2905 3099 3160 3154 suadenti
3210 3101 3639 3168 obsecundaret,

2061 3188 2152 3244 ille
2188 3189 2368 3243 cuivis
2413 3177 2658 3243 sermoni
2696 3190 2902 3258 petius,
2945 3207 3109 3267 quam
3153 3192 3221 3247 de
3261 3210 3441 3264 pugna
3475 3212 3640 3252 aures

2058 3278 2379 3343 adhibebat,
2411 3279 2704 3349 palamque
2734 3280 3072 3346 detrectans,
3115 3283 3192 3336 sic
3233 3285 3445 3341 otiosus
3471 3291 3639 3358 paulo

2058 3369 2184 3440 plus
2212 3371 2434 3440 triginta
2449 3371 2569 3426 dies
2587 3371 2945 3441 transigebat.
2972 3375 3213 3430 Catalani
3249 3378 3403 3434 linito
3429 3383 3640 3448 praelia,

2060 3461 2400 3528 vulneratos,
2424 3471 2696 3532 quotquot
2724 3473 2903 3525 erant.
2937 3475 2994 3520 et
3017 3482 3193 3536 aegros
3225 3470 3494 3537 plurimos
3528 3484 3640 3546 sta-

2060 3554 2158 3608 tim
2227 3553 2548 3624 Byzantium
2606 3555 2976 3622 deduxerunt,
3034 3575 3174 3628 quos
3225 3559 3471 3634 Byzantii
3503 3567 3639 3620 inira

2057 3645 2405 3700 humanitate
2438 3657 2797 3716 exceperunt,
2841 3656 2898 3701 et
2943 3638 3104 3714 l‘aine,
3139 3666 3202 3706 ac
3239 3652 3439 3722 frigore
3479 3672 3641 3724 pu-ne

2062 3731 2331 3801 mortuos,
2376 3735 2643 3808 singulari
2679 3737 3021 3808 benignitate
3046 3754 3402 3816 curaverunt,
3435 3761 3642 3818 suppe-

2055 3827 2251 3884 ditatis
2284 3828 2613 3884 necessariis
2665 3828 3022 3890 indumentis.
3061 3842 3117 3886 et
3155 3834 3376 3891 auxiliis
3398 3837 3466 3891 ad
3497 3841 3640 3894 sani-

2063 3929 2230 3976 tatem
2257 3920 2538 3986 omnibus,
2561 3921 2653 3990 qui
2679 3937 2790 3974 non
2816 3922 2926 3992 jam
2948 3923 3182 3978 confecti
3212 3941 3276 3980 ac
3300 3929 3498 3996 perditi
3537 3931 3641 3987 ibi-

2059 4013 2187 4068 dem
2213 4013 2730 4083 exstinguebantur.
2761 4012 2969 4070 Nieolai
2993 4030 3123 4071 vero
3151 4027 3355 4074 tantam
3385 4020 3642 4079 inbuma~

2061 4105 2314 4168 nitatem,
2388 4105 2888 4176 crudelitatemque
2972 4107 3428 4179 detestabantur,
3491 4103 3638 4185 quod

2061 4191 2365 4250 exercitum
2417 4194 2615 4248 robore
2661 4194 2973 4260 ﬂorentem,
3035 4214 3216 4267 pugna
3267 4202 3636 4270 tritissimum,

2059 4297 2118 4343 et
2167 4301 2197 4340 a
2235 4287 2351 4342 suis
2394 4287 2726 4342 strenuitate
2769 4289 3069 4358 plurimum
3113 4290 3461 4360 diﬂ‘erentem
3513 4312 3637 4352 cum

2059 4378 2481 4449 absumpsisset,
2534 4378 2686 4432 velut
2744 4379 3057 4434 voluntaria
3106 4396 3248 4436 'eum
3306 4385 3636 4455 negligentia

2059 4478 2400 4531 enervasset,
2431 4484 2493 4523 ac
2520 4467 2872 4539 perdidisset.
2898 4469 3004 4526 Per
3028 4480 3272 4529 aestatem
3307 4475 3456 4530 enim
3483 4493 3514 4534 e
3539 4492 3639 4534 sua

387 4577 506 4624 ναις
552 4560 619 4615 ἂν
677 4561 1000 4630 ἐπεχείρησε
1035 4559 1132 4614 καὶ
1163 4558 1498 4629 κατώρθωσε
1540 4560 1604 4613 τὸ
1654 4561 1835 4632 ἔργον,
1885 4563 1952 4632 τῇ

2063 4565 2288 4634 regione
2350 4562 2605 4632 profecti,
2661 4563 2984 4634 opinatique
3038 4565 3188 4622 brevi
3236 4575 3481 4640 tempore
3545 4555 3686 4626 aut.

382 4669 442 4704 τε
484 4651 593 4705 τῶν
627 4652 904 4722 σφετέρων
951 4650 1213 4721 εὐτολμίᾳ
1266 4649 1570 4716 πεποιθὼς,
1611 4652 1708 4706 καὶ
1755 4653 1947 4722 ἀρετῇ,

383 4751 476 4797 καί
531 4746 598 4816 τῇ
684 4743 968 4813 Ῥωμαίων
995 4757 1012 4774 ⁸
1068 4742 1454 4813 εὐτολμότατοι
1504 4742 1616 4812 γὰρ
1671 4742 1954 4814 ἐφάνησαν

383 4835 530 4905 αὑτῷ
604 4835 698 4890 καὶ
753 4837 1142 4906 ἐμπειρότατοι
1193 4835 1336 4888 κατὰ
1399 4834 1497 4904 τὴν
1568 4835 1768 4905 μάχην.
1856 4835 1952 4888 Αἰ-

390 4930 646 4999 σθόμενος
677 4927 732 4981 δὲ
757 4930 785 4982 ό
814 4927 1092 4994 βασιλεὺς,
1121 4927 1217 4980 καὶ
1245 4927 1408 4980 αὑτὸν
1439 4926 1770 4998 ὡρμημένον
1817 4925 1957 4995 πρὸς

384 5020 481 5091 τὴν
515 5021 717 5091 μάχην,
761 5020 959 5090 μᾶλλόν
1003 5035 1062 5072 τε
1110 5019 1393 5092 ἐπέρρωσε
1441 5018 1625 5087 λόγοις
1672 5017 1958 5088 παρακλη-

385 5115 579 5179 τικοίς,
627 5113 722 5167 καὶ
751 5109 1016 5166 Νικόλαον
1075 5111 1233 5176 αὖθις
1264 5110 1539 5184 ἐπεχείρει
1571 5107 1806 5175 πείθειν,
1860 5109 1956 5161 καὶ

383 5204 478 5258 τοῦ
507 5203 834 5259 Κατελάνων
861 5205 1123 5275 ἄρχοντος
1155 5202 1254 5274 τὴν
1302 5203 1531 5272 γνώμην
1580 5198 1954 5265 ἐπαινοῦντος,

385 5297 480 5350 καὶ
506 5296 761 5367 δεομένου
788 5294 1075 5349 πείθεσθαι
1110 5293 1190 5365 τῷ
1226 5293 1439 5364 βασιλεῖ
1465 5291 1535 5347 τὰ
1585 5291 1781 5363 βελτίω
1812 5308 1958 5362 συμ-

387 5386 719 5443 ϐουλεύοντι.
762 5387 822 5441 '0
852 5388 911 5441 δὲ
940 5389 1078 5441 πᾶσι
1113 5387 1290 5455 λόγοις
1343 5386 1566 5456 μᾶλλον,
1601 5385 1635 5455 ἢ
1684 5385 1798 5448 τοῖς
1827 5385 1960 5454 περὶ

393 5481 572 5551 μάχης
607 5480 830 5552 ὑπεῖχεν
897 5480 1068 5544 ἀκοάς
1097 5495 1112 5511 ο
1151 5480 1267 5534 ἀλλ’
1327 5478 1646 5548 ἀπηγόρευε
1666 5477 1959 5548 οφανερῶςν

386 5572 479 5623 καὶ
516 5574 778 5642 διήγαγεν
808 5571 982 5636 οὕτως
1015 5571 1314 5641 ἀπρακτῶν
1363 5571 1530 5639 όλίγω
1560 5568 1783 5632 πλείους
1812 5570 1962 5638 ἡμεσ

392 5664 499 5732 ρῶν
531 5665 848 5734 τριάκοντα.
910 5663 1214 5718 Κατελάνοι
1248 5663 1305 5716 δὲ
1332 5661 1496 5725 mea;
1555 5659 1698 5731 μετά
1725 5659 1824 5731 τὴν
1856 5659 1962 5729 μά-

391 5771 517 5824 χην,
547 5755 675 5817 τούς
713 5771 772 5808 τε
796 5754 1164 5826 τραυματίας,
1197 5756 1314 5808 ὅσοι
1338 5751 1500 5826 ἦσαν,
1533 5753 1630 5807 καὶ
1659 5752 1788 5816 τοὺς
1814 5767 1964 5804 νενο-

392 5848 647 5913 σηκότας,
679 5847 1032 5918 παμπόλλους
1069 5847 1252 5914 ὄντας,
1288 5847 1496 5919 ήγαγον
1529 5847 1616 5910 εἰς
1643 5841 1961 5908 Βυζάντιον.

2059 4667 2302 4709 caesuros
2328 4652 2570 4720 hostem,
2607 4653 2653 4710 si
2707 4655 2763 4708 in
2791 4669 2920 4710 eum
2961 4656 3292 4725 inciderent,
3343 4668 3439 4715 aut
3465 4662 3534 4717 ab
3573 4656 3640 4732 eo

2059 4747 2262 4800 cassum
2296 4745 2364 4799 iri
2383 4743 2500 4816 (tali
2531 4745 2735 4814 quippe
2758 4745 2954 4816 spiritu
2981 4748 3280 4804 militatum
3313 4751 3513 4821 ibant),
3542 4771 3639 4808 ne-

2059 4853 2166 4908 que
2204 4845 2390 4892 vestes
2425 4852 2642 4892 crassas
2685 4837 2753 4892 ad
2797 4837 2973 4907 frigus
3019 4841 3246 4896 hiberna
3288 4845 3638 4913 expeditione

2061 4925 2493 4992 defendendum,
2521 4943 2701 4997 neque
2734 4939 3102 4986 commeatum
3134 4931 3497 4992 suﬂicientem
3531 4939 3636 4994 sibi

2061 5021 2440 5090 providerant,
2504 5021 2600 5076 sed
2653 5021 2877 5077 tenuius
2929 5022 3002 5077 ab
3059 5034 3297 5096 utroque
3357 5027 3638 5094 instructi,

2065 5129 2217 5168 mare
2254 5112 2717 5168 conscenderant.
2751 5113 2917 5184 832
2957 5114 3238 5172 Nicolaum
3277 5127 3461 5174 autein
3505 5129 3643 5175 tem-

2062 5195 2167 5274 pus
2198 5203 2341 5258 male
2387 5201 2678 5266 ferentem,
2712 5203 3032 5274 insulasque
3054 5207 3641 5278 circumnavigantcm,

2063 5302 2120 5347 et
2143 5307 2254 5363 pra:
2279 5293 2495 5364 ignavia
2530 5308 2765 5362 pugnam
2790 5293 3150 5359 devitantem,
3180 5311 3305 5351 cum
3341 5297 3647 5366 impensius

2062 5394 2307 5447 orantes,
2336 5384 2591 5440 obtinere
2628 5385 2698 5440 ab
2722 5399 2789 5440 eo
2827 5386 3145 5454 nequirent,
3177 5397 3238 5441 ut
3266 5387 3419 5458 ipsos
3460 5389 3516 5442 in
3555 5392 3649 5442 llo—

2065 5487 2228 5544 stem,
2262 5475 2474 5530 validos
2504 5475 2688 5531 adhuc
2719 5484 2776 5530 et
2826 5475 3093 5546 vigentes,
3137 5478 3366 5534 duceret
3419 5467 3556 5548 (qui:
3581 5493 3648 5547 pe

2063 5584 2217 5640 spem
2265 5568 2428 5639 longe
2465 5572 2848 5639 superaturos)
2895 5582 2952 5625 et
2990 5571 3252 5626 alimenta
3301 5573 3412 5642 jam
3453 5572 3647 5625 deesse

2065 5661 2398 5731 inciperent,
2427 5659 2520 5716 ille
2551 5661 2885 5716 necessitate
2915 5661 3271 5724 constrictus,
3286 5669 3649 5727 metuensque

2065 5768 2134 5809 ne
2167 5768 2278 5824 prae
2307 5760 2549 5825 egestate
2582 5752 2876 5809 interirent
2909 5767 3160 5822 prorsus,
3210 5752 3377 5822 jussit
3423 5750 3647 5817 cuique,

2068 5853 2127 5901 et
2156 5845 2339 5913 militi,
2382 5853 2438 5901 ct
2470 5842 2666 5914 remigi
2698 5842 2990 5900 dimidium
3024 5842 3343 5899 alimentum
3386 5838 3652 5910 praberi,
