4056 6510
407 433 513 499 247

1613 446 1932 506 JOANNlS
1972 447 2495 507 CANTACUZENI

3538 451 3653 516 243

479 556 822 633 υρηίιη-Ιιιάε
865 557 1286 633 υὶιιριηιοιὶεριιηι
1318 576 1433 633 cum
1466 577 1647 625 uxore,
1681 572 1742 633 et,
1777 560 1947 614 altera
1991 559 2223 627 ﬁliorum
2265 563 2393 616 abit.
2438 561 2635 615 Eodem
2687 560 2840 614 [rene
2893 563 3205 632 imperatrix
3251 577 3500 631 generum
3535 563 3651 633 ﬁlio

481 625 833 681 conciliatura
867 625 1116 685 mittitur.
1155 629 1573 684 Pra‘scribuntur
1609 631 1953 684 conditiones.

481 743 688 796 Eodem
747 758 892 797 anno
945 744 1204 821 Nicotaus.
1237 744 1570 808 triremibus,
1617 760 1736 812 qua:
1791 758 1982 812 super—

2160 745 2268 797 Τοῦ
2307 743 2474 797 αὑτοῦ
2505 745 2559 797 δὲ
2593 744 2744 807 ἔτους
2774 745 3038 809 Νικὸλαός
3065 762 3126 798 τε
3159 746 3255 808 τὰς
3294 744 3462 810 οὔσας
3493 750 3653 817 τριή-

408 845 589 912 erant.
615 834 858 900 refectis,
881 835 1072 889 etaliis
1097 835 1336 890 Venetiis
1357 835 1647 902 adiunctis,
1682 846 1736 890 et
1759 835 1974 889 Catala-

409 927 497 979 nis
545 941 778 978 numero
829 926 1024 998 auctis,
1074 925 1270 978 iterum
1305 923 1372 977 ad
1420 924 1606 978 hostes
1653 923 1978 993 quzerendos

408 1033 631 1071 cursum
670 1017 928 1070 instituit.
979 1015 1296 1069 Genuenses
1325 1031 1447 1068 cum
1473 1015 1632 1068 “duce
1670 1031 1769 1068 suo
1812 1013 1980 1083 Paga-

409 1126 540 1163 num
570 1109 776 1176 optime
806 1109 1051 1161 functum
1086 1107 1284 1170 ofllcio,
1318 1107 1462 1175 quod
1495 1107 1561 1160 ad
1597 1123 1656 1161 se
1689 1105 1990 1169 attinebat,

408 1210 464 1254 et
495 1215 590 1268 per
621 1214 783 1267 quem
821 1199 1163 1266 potissimum
1208 1205 1456 1261 steterat,
1498 1212 1608 1266 quo
1646 1196 1827 1250 minus
1858 1210 1975 1249 om-

411 1291 542 1343 nino
603 1290 888 1358 perirent,
951 1291 1004 1345 in
1069 1288 1278 1342 crimen
1339 1299 1638 1352 vocantes,
1707 1294 1980 1357 potestate

411 1391 706 1443 exuerant,
737 1381 1147 1449 Antoniumque
1184 1378 1558 1435 Grimoaldum
1591 1379 1750 1433 classi
1790 1377 1981 1448 przefe-

412 1482 626 1525 ccrunt.
660 1470 762 1535 Qui
793 1471 914 1525 aliis
962 1469 1276 1524 triremibus
1312 1486 1477 1540 supra
1528 1470 1742 1538 priores
1775 1470 1978 1522 instru-

411 1556 534 1619 ctis,
575 1566 629 1610 et
678 1557 820 1621 aliis,
871 1556 1071 1625 quibus
1116 1558 1332 1626 egebat,
1380 1558 1605 1626 paratis,
1658 1555 1800 1626 apud
1855 1555 1983 1610 Sar-

410 1648 613 1700 diniam
662 1649 895 1701 insulam
949 1648 1001 1701 in
1036 1649 1222 1702 hostes
1272 1649 1431 1701 irruit
1471 1662 1744 1717 :quorum
1775 1647 1979 1702 virtute

408 1741 608 1802 rictus,
651 1738 788 1791 duas
825 1754 888 1791 ac
938 1739 1159 1807 triginta
1189 1738 1442 1792 triremes
1491 1738 1694 1792 amisit.
1731 1737 1979 1792 Catalani

412 1840 527 1884 tum
581 1829 855 1897 prascipue
910 1828 1188 1882 Nicolaum
1239 1829 1510 1892 incusare,
1553 1827 1698 1896 quod
1739 1827 1981 1896 impera-

411 1922 516 1974 tori
556 1920 698 1988 apud
750 1920 1072 1990 Byzantium
1106 1918 1171 1972 ad
1217 1921 1408 1974 navale
1457 1929 1734 1974 certamen
1780 1921 1980 1973 cobor~

2080 851 2196 903 ρεις
2244 835 2773 905 ἐπισκευασάμενος,
2825 838 2916 889 καὶ
2969 838 3162 906 ἑτέρας
3211 837 3537 907 προσλαϐὼν
3583 839 3651 892 ἐκ

2079 926 2330 989 Βενετίας
2363 929 2458 979 καὶ
2490 928 2814 982 Κατελάνων
2845 929 2979 996 πρδς
3013 931 3124 993 τοῖς
3163 927 3300 982 οὖσι
3322 931 3416 984 καὶ
3447 931 3652 1002 ἐτέρων

2079 1020 2504 1089 ἐπιγενομένων,
2539 1019 2796 1091 ὥρμηντο
2828 1017 2984 1085 αὖθις
3020 1022 3112 1074 ἐπὶ
3145 1020 3378 1092 ζήτησιν
3407 1023 3518 1077 τῶν
3548 1041 3652 1077 πο·-

2077 1113 2300 1180 λεμιων.
2335 1113 2600 1175 Γεννούας
2628 1113 2682 1166 δὲ
2714 1117 2740 1166 ὁ
2769 1113 2942 1182 δῆμος
2980 1115 3076 1166 καὶ
3106 1117 3134 1167 ό
3166 1114 3316 1180 δοῦξ,
3352 1117 3410 1169 ἐν
3444 1115 3650 1179 αἰτίαις

2079 1201 2440 1268 ’ποιησάμενοι
2486 1201 2742 1272 Παγανὴν
2773 1202 2864 1253 τὸν
2904 1203 3230 1272 στρατηγὸν,
3277 1203 3475 1272 ἄριστα
3521 1204 3649 1273 τόγε

2077 1292 2156 1354 εἰς
2178 1291 2340 1344 αὑτὸν
2389 1285 2526 1362 ἧκον
2557 1293 3033 1363 ἐστρατηγηκότα,
3066 1295 3161 1348 καὶ
3195 1295 3357 1364 μόνον
3386 1296 3650 1350 αἰτιώτα-

2075 1395 2170 1430 τον
2197 1381 2572 1449 γεγενημένον
2601 1379 2694 1433 τοῦ
2752 1381 2827 1452 μὴ
2883 1383 3206 1438 παντάπασι
3256 1383 3652 1454 διαφθαρῆναι,

2077 1471 2596 1541 ἀπεχειροτόνησαν.
2643 1472 2931 1526 ’Λντώνιον
2978 1473 3034 1527 δὲ
3073 1475 3381 1546 Γριμάρδον
3415 1476 3654 1544 ἐπέστη-

2080 1579 2179 1616 σαν
2207 1561 2286 1632 τῷ
2318 1562 2489 1632 στόλῳ
2518 1564 2850 1633 στρατηγόν.
2899 1565 3230 1635 Ἑφοπλῑσας
3259 1566 3315 1620 δὲ
3349 1565 3446 1619 καὶ
3484 1564 3654 1627 αὐτὸς

2079 1655 2212 1723 πρὸς
2240 1657 2357 1717 ταῖς
2383 1654 2572 1718 οὔσαις
2602 1655 2696 1708 καὶ
2720 1656 2935 1726 ἐτέρας,
2964 1657 3056 1710 καὶ
3084 1657 3252 1711 τάλλα
3277 1655 3654 1710 ἐπισκευασά-

2041 1779 2048 1783 -
2081 1762 2240 1815 μενος
2268 1740 2341 1799 ὧν
2372 1746 2561 1813 ἐδεῖτο,
2595 1748 2652 1801 ὲν
2685 1748 2881 1817 Σαρδοῖ
2904 1751 2970 1820 τῇ
3004 1750 3156 1820 νήσῳ
3187 1748 3494 1819 προσέϐαλε
3537 1749 3656 1808 τοῖς

2077 1835 2362 1904 πολεμίοις
2385 1851 2399 1868 ο
2436 1837 2530 1889 καὶ
2559 1835 2740 1906 μάχης
2779 1836 3102 1908 γενομένης,
3137 1839 3339 1907 ἡττᾶτο
3363 1836 3654 1904 κατακράο

2079 1944 2203 1990 τος,
2269 1927 2365 1979 καὶ
2420 1925 2514 1978 δύο
2569 1926 2666 1979 καὶ
2724 1928 3019 1995 τριάκοντα
3078 1926 3320 1981 ἀπέϐαλε
3377 1926 3655 2000 τριήρεις.

411 2013 572 2072 tanti,
623 2027 731 2066 non
778 2015 1082 2080 paruisset;
1135 2012 1226 2065 ubi
1274 2013 1448 2081 major
1493 2025 1684 2064 eorum
1736 2010 1980 2079 potentia

2081 2014 2382 2068 Κατελάνοι
2417 2014 2472 2066 δὲ
2505 2015 2625 2066 τότε
2662 2015 2864 2084 μᾶλλον
2897 2017 3166 2070 Νικόλαον
3196 2017 3534 2086 ἐμέμψαντο,
3568 2016 3656 2068 ὅτι

411 2105 624 2166 fuisset,
679 2105 899 2172 quando
945 2115 1000 2157 et
1047 2079 1400 2172 imperatoria
1428 2103 1618 2157 classis
1662 2102 1977 2167 accedebat,

2087 2106 2162 2176 μὴ
2215 2104 2464 2171 πεισθείη
2523 2079 2736 2169 βασιλεῖ
2790 2110 3091 2178 ναυμαχεῖν
3150 2079 3656 2180 περὶ-έυζάντιον,

411 2203 468 2250 et
501 2196 684 2250 hostes
719 2196 845 2249 victi
900 2197 1109 2248 inultum
1144 2195 1452 2265 perfugium
1493 2194 1840 2258 habuissent,
1891 2208 1980 2246 ex-

410 2287 749 2356 pugnatique
807 2287 1032 2340 oninino
1091 2287 1224 2340 nihil
1277 2289 1342 2340 de
1397 2295 1594 2340 czetcro
1646 2285 1977 2353 potuissent.

354 2440 356 2442 τ
411 2377 573 2447 837
605 2377 920 2432 Genuenses
964 2385 1110 2431 tanta
1149 2376 1301 2431 clade
1344 2376 1530 2430 fractis
1572 2375 1766 2428 animis
1798 2375 1983 2444 (pecu-

411 2469 505 2522 nia
540 2469 688 2521 enim
714 2468 778 2520 ad
813 2468 975 2520 aliam
1012 2467 1239 2519 classem
1268 2463 1640 2539 aedificandam
1677 2464 1936 2517 carebant
1965 2481 1978 2516 :

413 2575 470 2615 et
522 2561 754 2630 populus
803 2560 1102 2612 annonaria
1145 2556 1468 2610 difficultate
1521 2553 1979 2616 conflictabatur,

413 2667 539 2706 cum
570 2650 762 2705 Veneti
795 2657 920 2718 post
943 2648 1226 2703 victoriam
1254 2648 1390 2702 mari
1421 2648 1858 2710 dominarentur,
1881 2659 1984 2699 nec

413 2744 748 2797 frumentum
796 2742 1024 2796 subvehi
1075 2749 1392 2810 paterentur
1423 2756 1435 2791 :
1466 2749 1521 2794 et
1567 2753 1783 2809 agrum,
1825 2739 1983 2808 cujus

415 2835 689 2891 fructibus
721 2833 925 2888 victum
957 2822 1275 2894 tolerarent,
1303 2847 1413 2885 non
1441 2830 1762 2899 habebant),
1799 2843 1982 2898 operae

412 2929 652 3000 pretium
699 2934 1054 2989 censuerunt,
1099 2923 1585 2978 Mediolanensium
1619 2921 1854 2991 principi
1889 2933 1985 2989 po-

417 3019 724 3075 tentissimo
767 3017 878 3087 ('56)
911 3015 1239 3070 submittere
1270 3029 1333 3068 ac
1382 3013 1655 3084 subjicere
1698 3025 1838 3076 sese,
1888 3009 1981 3080 qui

414 3125 606 3164 eorum
635 3109 832 3178 in0pia:
860 3109 913 3162 in
945 3107 1140 3176 primis
1176 3113 1357 3174 posset
1388 3104 1697 3159 consulere.
1730 3101 1983 3157 Pecuniae

413 3217 650 3271 namque
695 3199 1000 3255 ditissimus
1057 3206 1194 3262 erat,
1249 3212 1348 3252 nec
1400 3195 1562 3250 modo
1609 3194 1979 3264 equestribus,

413 3294 509 3347 sed
565 3301 620 3346 et
675 3289 1024 3360 pedestribus
1073 3288 1288 3358 c0plis,
1332 3288 1533 3357 quibus
1583 3285 1662 3340 illi
1712 3284 1978 3355 egebant,

2081 2198 2217 2251 ὅπου
2248 2198 2448 2252 πλείων
2471 2215 2529 2251 τε
2563 2199 2745 2264 αὐτοῖς
2771 2201 2805 2271 ἡ
2844 2200 3076 2272 δύναμις
3116 2201 3396 2273 παρούσης
3421 2203 3518 2254 καὶ
3551 2200 3659 2268 τῆς

2085 2291 2396 2362 βασιλικῆς,
2429 2293 2524 2345 καὶ
2553 2295 2664 2355 τοῖς
2689 2292 2972 2362 πολεμιοις
3001 2292 3228 2364 οὐδεμία
3251 2292 3562 2364 ἡττηθεῖσιν
3581 2287 3658 2364 ἦν

2082 2383 2382 2452 ἀποφυγή·
2417 2383 2531 2435 ἀλλ’
2589 2383 2803 2453 ἀνάγκη
2853 2380 2921 2456 ἦν
2975 2384 3322 2437 παντάπασιν
3369 2383 3663 2452 ἐκπολιορ-

2075 2457 2354 2545 ίκηθέντας
2384 2473 2771 2543 διαφθαρῆναι.
2798 2475 2860 2526 ΟΞ
2901 2475 2958 2527 ἔν
2993 2473 3227 2544 Γεννούᾳ
3263 2474 3318 2527 δὲ
3345 2473 3658 2543 ἀπειρηκόο

2083 2569 2174 2626 τες
2202 2565 2336 2634 πρὸς
2369 2562 2514 2616 οὕτω
2546 2565 2790 2634 μεγάλην
2821 2560 3011 2636 ἧτταν,
3044 2565 3303 2636 χρήματά
3336 2581 3394 2616 τε
3417 2565 3527 2634 γαρ
3551 2563 3659 2616 αὐ-

2082 2659 2194 2720 τοῖς
2225 2657 2282 2708 οὗ
2311 2653 2495 2724 παρῆν
2527 2653 2660 2723 πρὸς
2698 2653 2889 2724 ἑτέρου
2921 2654 3107 2707 στόλου
3142 2652 3525 2723 παρασκευὴν,
3554 2652 3654 2704 καὶ

2083 2751 2112 2802 ό
2158 2748 2330 2816 δῆμος
2376 2744 2627 2808 ἐπιέζετο
2680 2746 2858 2816 ἐνδείᾳ
2885 2745 3053 2818 πολλῇ
3097 2743 3191 2798 τοῦ
3241 2745 3415 2808 σίτου,
3444 2743 3553 2796 τῶν
3587 2745 3653 2796 ὲκ

2089 2836 2340 2899 Βενετίας
2385 2836 2486 2904 μὲν
2514 2835 3106 2906 θαλασσοκρατούντων
3127 2835 3289 2906 ξμετά
3327 2834 3426 2905 τὴν
3467 2823 3646 2903 νίκην,

2088 2931 2184 2984 καὶ
2214 2929 2312 2980 οὐκ
2339 2927 2551 2981 ἐώντων
2580 2928 2725 2981 σῖτον
2773 2927 2838 2980 ὲκ
2870 2927 3144 2997 θαλάττης
3182 2923 3433 2993 ἄγεσθαι,
3460 2923 3560 2993 γῆς
3586 2937 3647 2974 τε

2084 3023 2183 3076 οὐκ
2213 3020 2474 3090 ἄρχοντες
2512 3019 2570 3084 ἐξ
2595 3013 2662 3092 ἦς
2691 3020 3064 3090 τραφήσονται
3109 3017 3505 3088 γεωργοῦντες,
3536 3016 3650 3068 δεῖν

2085 3111 2329 3180 ἔγνωσαν
2361 3109 2439 3180 τῷ
2469 3109 2576 3161 τῶν
2617 3108 2963 3164 Μεδιολάνων
3002 3108 3226 3180 ἄρχοντι
3261 3106 3498 3175 ὑπάγειν
3526 3106 3656 3158 ἑαυ-

2083 3204 2208 3267 τοὺς
2239 3203 2328 3256 καὶ
2353 3201 2712 3256 καταδουλοῦν
2737 3201 2968 3270 ώςρελεῖν
2988 3201 3057 3255 τά
3087 3199 3323 3272 μέγιστα
3343 3197 3654 3267 δυναμένῳ.

2086 3294 2400 3363 Χρημάτων
2421 3309 2479 3344 τε
2504 3295 2611 3363 γὰρ
2641 3293 2698 3354 ὲς
2717 3293 2784 3346 τά
2816 3291 3050 3362 μάλιστα
3083 3289 3326 3360 εὐπόρει,
3359 3289 3454 3342 καὶ
3488 3304 3660 3358 στρα-

349 3405 352 3408 θ
413 3382 746 3439 abundabat.
802 3381 1070 3435 Praeterea
1123 3379 1302 3448 ampla
1357 3378 1433 3432 illi
1470 3388 1526 3432 et
1575 3377 1767 3432 fertilis
1811 3375 1978 3445 regio,

2085 3387 2206 3446 τιᾶς
2235 3385 2332 3452 οὐχ
2363 3382 2594 3449 ἱππικῆς
2618 3381 2798 3450 μόνον,
2829 3381 2964 3434 ἀλλὰ
2993 3381 3088 3433 καὶ
3119 3379 3313 3448 πεζῆς,
3347 3373 3414 3451 ἦς
3441 3377 3660 3430 ἐδέοντο

414 3489 520 3541 qua
552 3486 648 3524 eos
674 3469 1038 3538 undecunque
1062 3469 1310 3538 frugibus
1340 3466 1701 3537 importandis
1719 3465 1865 3520 alere
1891 3479 1982 3534 po-

2084 3475 2314 3526 ἐκεῖνοι·
2351 3473 2486 3540 πρὸς
2519 3470 2731 3532 τούτοις
2760 3469 2816 3521 δὲ
2864 3469 2959 3522 καὶ
2996 3467 3178 3540 χώρας
3227 3467 3412 3537 ἄρχων
3449 3463 3659 3532 πολλῆς

415 3574 578 3618 terat.
615 3562 727 3615 Hoc
762 3562 982 3616 decreto
1021 3561 1072 3614 ei
1113 3576 1209 3630 per
1239 3563 1446 3631 legatos
1494 3560 1684 3614 urbem
1739 3557 1982 3611 tradunt.

2081 3565 2178 3616 καὶ
2208 3561 2418 3630 ἀγαθῆς
2444 3561 2664 3629 τρέφειν
2693 3559 2927 3628 ἠδύνατο
2953 3565 3095 3613 σῖτον
3118 3555 3452 3624 πανταχόθεν
3478 3555 3656 3623 ἄγωνο

415 3659 548 3726 Quae
580 3669 672 3709 res
703 3652 776 3706 illi
806 3661 1058 3723 pergrata
1088 3652 1309 3705 accidit.
1345 3651 1477 3705 Nam
1509 3660 1566 3704 et
1598 3659 1726 3704 ante
1763 3648 1982 3702 beatum

2081 3653 2224 3708 οὕτω
2264 3653 2320 3706 δὲ
2361 3653 2518 3718 δόξαν
2563 3651 3013 3721 διεπρεσϐεύοντο
3056 3651 3192 3720 πρὸς
3227 3646 3535 3710 automata).
3551 3646 3658 3714 τὴν

417 3763 476 3803 se
505 3747 618 3801 fore
645 3745 948 3822 judicabat,
991 3744 1034 3798 si
1073 3733 1298 3807 Ocnum,
1334 3752 1523 3811 utpote
1560 3742 1775 3805 vicinae,
1813 3740 1982 3795 domi-

2085 3745 2239 3798 πόλιν
2272 3745 2612 3814 παρεδίδουν.
2659 3743 2718 3796 '0
2743 3743 2788 3796 δ’
2827 3743 3040 3811 ἐδέχετο
3066 3743 3342 3811 ἀσμένως.
3373 3739 3484 3792 Καὶ
3514 3737 3657 3808 πρό-

419 3856 520 3893 nus
550 3843 700 3898 fieret
734 3854 747 3890 :
791 3835 1173 3903 sancitumque
1206 3833 1404 3897 foedus,
1437 3843 1494 3886 ut
1529 3835 1576 3887 is
1608 3832 1714 3886 illis
1739 3840 1792 3887 et
1819 3848 1982 3903 pecu-

2089 3855 2246 3908 τερον
2301 3835 2620 3906 ποιούμενος
2652 3835 2782 3905 περὶ
2806 3834 3061 3887 πλείστου
3093 3833 3358 3896 Γεννούας
3385 3829 3659 3899 δεσπότης

417 3933 530 3996 uia,
591 3940 645 3986 et
701 3929 890 3988 armis.
945 3937 1001 3984 et
1058 3927 1345 3990 militibus,
1405 3935 1458 3980 et
1517 3924 1718 3993 quibus
1763 3925 1983 3980 demum

419 4031 620 4092 posset,
661 4029 849 4075 contra
885 4019 1071 4073 hostes
1112 4017 1429 4087 adiumento
1473 4025 1655 4070 esset:
1692 4017 1793 4085 ipsi
1835 4032 1983 4082 eum,

416 4113 596 4182 quoad
630 4113 857 4177 viveret,
892 4109 1180 4164 dominum
1207 4117 1587 4177 agnoscerent,
1613 4121 1714 4160 nec
1745 4123 1983 4177 unquam

419 4205 774 4265 rebellareut,
821 4203 1139 4271 praefectum
1177 4200 1246 4252 ab
1303 4213 1369 4252 eo
1402 4197 1713 4266 acciperent
1763 4206 1986 4267 totaque

419 4295 610 4369 politia
665 4302 1020 4361 commutata,
1072 4291 1192 4358 ejus
1241 4287 1467 4342 arbitrio
1501 4296 1847 4357 regerentur.
1895 4287 1989 4344 Sic

2087 3925 2227 3982 εἶναι
2257 3925 2424 3998 οὔσης
2465 3926 2668 3996 ὁμόρου
2691 3941 2708 3958 ’
2739 3925 2830 3978 καὶ
2860 3925 3013 3995 ὅρκοι
3057 3925 3192 3995 πρὸς
3231 3922 3494 3988 ἀλλήλους
3536 3920 3656 3990 ἐγί-

2084 4036 2237 4074 νοντο
2268 4023 2362 4075 καὶ
2411 4018 2735 4088 συμϐάσεις,
2768 4017 2898 4073 ὥστ’
2921 4017 3085 4071 αὑτὸν
3138 4016 3238 4085 μὲν
3279 4013 3531 4078 ἐκείνοις,
3556 4014 3661 4067 καὶ

2086 4112 2358 4183 χρήμασι,
2390 4111 2486 4164 κα)⁸
2528 4111 2735 4176 ὅπλοις,
2787 4111 2884 4162 καὶ
2929 4101 3314 4179 στρατιώταις,
3350 4109 3447 4160 καὶ
3487 4106 3659 4159 πᾶσιν

2087 4197 2170 4264 οἷς
2227 4201 2341 4271 ἔχει
2395 4201 2608 4272 βοηθεῖν
2658 4200 2753 4254 ἐπὶ
2801 4203 2929 4262 τοὺς
2975 4200 3306 4270 πολεμίους’
3355 4198 3558 4259 αὐτοὺς
3608 4197 3658 4250 δ’

2047 4335 2062 4346 .
2089 4293 2296 4345 ἐκεῖνον
2327 4293 2417 4347 διὰ
2465 4291 2585 4368 βίου
2626 4291 2826 4354 παντὸς
2870 4290 3138 4362 δεσπότην
3183 4289 3350 4360 ἔχειν,
3389 4288 3488 4342 καὶ
3518 4286 3661 4356 μηδέ

1681 4406 1900 4472 Jacobi
1931 4409 2193 4472 Pontani
2228 4419 2416 4474 noue.

489 4535 598 4601 (36)
637 4534 689 4586 is
734 4531 837 4587 fuit
872 4532 1110 4602 Joannes
1141 4530 1471 4602 vice_eome_s_,_
1503 4527 1648 4582 idem
1709 4527 1987 4602 arcliiepi-
2021 4547 2062 4602 ο
2087 4545 2376 4599 exornant,
2415 4532 2624 4588 Joanne
2671 4535 2726 4588 in
2772 4549 2893 4588 eam
2943 4532 3185 4602 delectos
3227 4529 3460 4602 milites,_
3488 4543 3664 4602 pecu-

416 4596 616 4671 scapus
641 4618 859 4670 quoque
884 4600 1390 4671 Mediolanensium.
1411 4596 1530 4658 Hic,
1557 4607 1615 4651 ut
1634 4597 1825 4651 scribit
1849 4597 1991 4671 Pau-

417 4666 1054 4740 Ιυε’.1ονἱιιε,ἰίειιεῐίοἱ
1103 4669 1231 4740 belli
1275 4683 1491 4740 causam
1533 4675 1776 4740 secutus,
1811 4666 1986 4740 captis

419 4742 606 4803 armis,
629 4740 764 4794 adeo
800 4735 1094 4800 Miirtham,
1117 4737 1489 4792 Genueusium
1523 4736 1739 4797 ducem,
1765 4735 1983 4799 terruit,

421 4820 502 4870 ut.
528 4810 783 4864 abdicato
819 4810 1150 4878 principatu,
1179 4822 1301 4863 sese
1335 4806 1727 4878 civitatemque
1762 4803 1827 4856 ad
1867 4805 1988 4872 ejus

420 4875 1159 4949 auctoritatemcontulerit,
1201 4886 1257 4929 et
1288 4875 1622 4949 praesidium
1660 4882 1986 4949 pra-torem-

419 4965 525 5016 que
559 4964 586 5000 a
637 4948 846 5004 Joanne
883 4947 1153 5000 delectum
1191 4942 1484 5016 acceperit.
1519 4942 1624 4996 Sed
1671 4942 1782 5016 non
1810 4943 1985 5016 multo

418 5011 540 5086 post
559 5017 654 5070 def
655 5027 816 5069 uncto
837 5016 1071 5080 Murtba,
1089 5011 1339 5086 populus,
1365 5022 1423 5065 ut
1440 5027 1677 5086 semper,
1701 5011 1982 5086 factiosus,

418 5080 474 5140 ct
499 5086 774 5140 mutandis
809 5086 1057 5140 consiliis
1085 5080 1408 5152 repentinus
1435 5091 1491 5136 et
1516 5080 1670 5146 levis,
1701 5080 1982 5152 Valentem

419 5158 615 5214 ducem
653 5157 883 5210 creavit.
922 5155 992 5207 Ea
1035 5149 1365 5207 contumelia
1400 5160 1678 5219 permotus
1723 5149 1981 5216 Joannes,

419 5241 568 5277 arma
601 5235 779 5291 parat,
813 5233 869 5278 et
896 5224 1098 5277 bellum
1135 5221 1326 5291 indicit
1355 5239 1367 5274 :
1419 5235 1525 5289 qua
1573 5220 1984 5291 periculifama

418 5289 648 5363 Ligures
690 5293 1140 5363 tcrjrenturavel"
1166 5290 1237 5343 ob
1281 5291 1331 5344 id
1355 5291 1616 5363 _maxime
1685 5289 1982 5363 quod_tutn

420 5359 555 5416 mari
601 5362 810 5431 magnis
845 5361 1112 5416 classibus
1173 5375 1297 5431 cum
1353 5359 1573 5431 venetis
1618 5368 1674 5413 et
1707 5359 1984 5431 Catalanis

419 5428 839 5494 contendentes,
878 5433 1022 5484 circa
1062 5429 1366 5483 Sardiniam
1401 5429 1692 5484 infeliciter
1724 5428 1986 5490 conflixe-

420 5511 562 5553 rant.
613 5501 803 5566 itaque
853 5501 1081 5568 supplex
1113 5500 1327 5568 civitas.
1377 5511 1432 5551 et
1459 5513 1617 5566 opem
1660 5498 1980 5566 implorans,

419 5572 485 5622 ad
509 5569 790 5638 pristinam
816 5567 976 5622 fidem
1003 5569 1183 5628 rediit.
1215 5579 1265 5620 et
1292 5567 1488 5622 Valens
1507 5576 1759 5638 suscepto
1778 5577 1983 5638 temere

418 5635 728 5707 principatu
782 5651 841 5690 se
901 5639 1156 5692 abdicare
1189 5637 1438 5705 cogitur:
1476 5637 1849 5705 recipiturque
1878 5635 1983 5707 Ge-

418 5705 542 5762 imae
570 5705 873 5763 Gulielmus
905 5707 1286 5769 Pallavieinus,
1321 5708 1411 5775 qui
1441 5707 1754 5774 reipublicae
1778 5705 1978 5772 praesit,

419 5777 485 5846 ad
530 5779 582 5832 id
619 5791 816 5829 munus
850 5792 972 5835 cum
1022 5777 1273 5846 prtesidio
1307 5779 1554 5844 equitum
1585 5787 1640 5828 et
1677 5776 1919 5846 peditum
1952 5789 1981 5825 a

417 5845 624 5905 Joanne
647 5847 868 5900 missus.
887 5847 994 5901 Nec
1015 5845 1183 5911 litora,
1199 5846 1514 5901 Gt-ltucnscs
1537 5861 1727 5898 mnam
1754 5845 1982 5899 classem

2091 4603 2258 4662 niam.
2289 4597 2737 4657 etconimeatum
2770 4603 2986 4657 abunde
3025 4601 3365 4664 conferente,
3397 4597 3665 4652 addente-
3765 4649 3770 4652 .

2089 4687 2194 4740 que
2223 4672 2509 4727 duodecim
2543 4674 2798 4727 triremes
2831 4681 3051 4740 sumptu
3087 4685 3207 4731 suo,
3242 4683 3451 4737 suoque
3481 4668 3658 4740 milite

2089 4737 2303 4810 egregie
2357 4742 2673 4797 instructas.
2723 4742 2856 4795 Eam
2889 4737 3121 4796 classem
3176 4740 3425 4810 Paganus
3470 4737 3652 4810 curia:

2088 4805 2396 4878 pPacféctus,
2423 4828 2546 4865 cum
2574 4813 2775 4878 viperae
2799 4811 3010 4880 insigne
3035 4805 3325 4880 in_vexillis
3353 4805 3657 4880 praeferret,

2087 4875 2210 4934 cum
2254 4880 2474 4936 Venetis
2510 4882 2575 4935 ad
2611 4875 2934 4949 Sphragiani
2956 4878 3230 4949 insulam,
3272 4891 3393 4946 qua:
3423 4875 3658 4949 Sapien—

2087 4949 2174 5002 tiae
2223 4965 2419 5004 nomen
2471 4943 2664 5008 habet,
2713 4943 2903 5002 contra
2954 4947 3248 5002 Methonen
3289 4943 3470 5013 usque
3519 4943 3663 4998 adeo

2086 5018 2287 5072 acriter
2331 5028 2386 5071 et
2433 5019 2667 5073 feliciter
2693 5017 2967 5082 conﬂixit,
3007 5026 3068 5071 ut
3103 5015 3374 5069 debellata
3411 5013 3658 5082 hostium

2087 5087 2286 5156 classe,
2317 5087 2578 5142 Nicotaus
2605 5089 2856 5146 Pisanus,
2901 5081 2995 5156 qui
3037 5085 3247 5156 Sardoo
3279 5081 3499 5156 in__mari
3541 5082 3659 5141 cla-

2084 5155 2209 5210 dem
2248 5157 2528 5221 intulerat,
2575 5172 2695 5209 cum
2748 5151 2991 5225 quinque
3040 5154 3280 5208 millibus
3320 5151 3658 5225 Venetorum

2085 5226 2318 5280 militum
2344 5236 2555 5295 captus,
2583 5220 2826 5278 Genuam
2876 5220 2932 5279 in
2965 5225 3302 5295 triumphum
3334 5220 3654 5295 duceretur.

2084 5288 2614 5349 Genuenses'autem
2658 5295 2874 5348 liberati
2911 5309 3014 5362 ope
3055 5288 3284 5347 Joannis
3306 5305 3374 5362 se
3421 5288 3658 5362 victoria

2086 5365 2291 5431 potitos
2322 5373 2478 5432 grato
2513 5366 2694 5417 animo
2715 5359 3061 5427 confitentes,
3107 5376 3248 5415 novo
3287 5359 3510 5432 decreto
3555 5359 3659 5411 de-

2084 5427 2213 5504 diue
2240 5427 2480 5504 civitatis
2517 5433 2662 5504 jura,
2693 5448 2813 5500 quae
2843 5433 3071 5504 Joannis
3115 5439 3291 5484 morte
3331 5427 3655 5504 ﬁnirentur,

2085 5504 2150 5554 ad
2187 5503 2497 5559 Galeacium
2519 5497 2756 5570 pariter,
2789 5511 2844 5554 et
2874 5501 3180 5554 Barnabam
3216 5497 3656 5570 transtulerunt:

2086 5571 2159 5625 ita
2206 5581 2264 5626 ut
2306 5573 2467 5624 toties
2510 5565 2739 5640 Liguria:
2771 5571 2936 5624 urbes
2989 5586 3016 5623 a
3045 5570 3222 5624 Corvo
3250 5565 3489 5640 Lunensi
3522 5579 3657 5632 pro-

2082 5640 2358 5696 montorio
2381 5638 2725 5696 ad‘ller‘culis
2755 5640 2982 5694 Menmei
3024 5647 3239 5708 portum
3265 5638 3655 5708 vieecoinituui

2087 5712 2316 5776 imperio
2359 5709 2749 5767 subderentur.
2803 5709 2933 5762 Vide
2978 5702 3242 5778 praeterea
3268 5703 3439 5778 ΔΡιειςί
3472 5702 3654 5764 Bizari

2085 5772 2370 5836 Cannensis
2411 5779 2658 5834 Historia:
2686 5780 2776 5833 lib.
2811 5795 2884 5843 Vl,
2922 5772 3062 5836 ba'ud
3095 5775 3282 5847 procul
3315 5788 3346 5831 a
3379 5772 3508 5830 ﬁne.
