4056 6470
306 464 410 533 269

1347 496 1354 502 ο
1441 471 1992 532 HISTORIARUM
2043 471 2273 531 LIBER
2332 471 2434 530 IV.

3450 426 3558 534 250

310 602 430 642 ποτε
452 584 887 655 ἀγνωμονήσειν.
925 581 1160 652 ἄρχοντί
1201 600 1263 637 τε
1301 583 1554 654 δέχεσθαι
1598 587 1664 656 τῇ
1716 585 1872 639 πόλει

1979 586 2294 641 Genuenses
2332 557 2477 639 bello
2509 580 2782 648 aﬂlictatl,
2803 579 3014 653 abiecta
3042 578 3276 652 pristina
3293 578 3557 649 Iactantia

311 680 432 748 παρ’
463 678 699 741 ἐκείνου,
733 678 826 730 καὶ
879 677 980 746 τὴν
1009 675 1287 728 πολιτείαν
1330 673 1586 742 καθάπαξ
1634 679 1874 747 μεταϐα-

311 774 515 836 λόντας,
541 771 634 823 ὑπ’
657 769 865 823 ἐκείνου
898 769 1126 836 ἄγεσθαι
1155 770 1266 840 ὅπῃ
1293 769 1359 821 ἂν
1380 769 1531 836 δοκῇ.
1580 769 1740 824 Οὕτω
1777 772 1875 838 μὲν

311 861 397 918 οὖν
429 866 476 915 ot
528 865 587 915 ἐν
645 862 684 913 Γ
689 861 882 932 εννούᾳ
937 861 1260 923 πιεσθέντες
1314 861 1419 913 ὑπὸ
1458 861 1552 914 τοῦ
1610 862 1874 931 πολέμου,

311 956 566 1024 πράττειν
594 953 1022 1024 ἡναγκάσθησαν
1051 955 1250 1020 ἀγεννῆ
1279 953 1374 1006 καὶ
1408 952 1759 1022 ἀνελεύθερα,
1785 953 1876 1004 τὸν

315 1046 576 1118 πρότερον
606 1044 840 1111 κόμπον,
873 1043 967 1095 καὶ
995 1043 1057 1095 τὸ
1096 1043 1326 1112 φύσημα
1358 1041 1751 1103 ἀποϐαλόντες,
1781 1043 1877 1095 καὶ

315 1139 526 1206 Σίμωνα
575 1136 984 1205 Μπουκανέγρα
1030 1135 1122 1187 τὸν
1156 1135 1308 1204 σφῶν
1340 1135 1580 1206 ἄρχοντα
1632 1133 1878 1204 παραλὺ⁹

317 1245 501 1290 σαντες
533 1223 885 1296 τῆςλάρχῆς,
942 1225 1178 1296 ἄρχοντα
1227 1229 1293 1294 τῇ
1342 1226 1494 1279 πόλει
1544 1226 1878 1294 εἰσεδὲχοντο

314 1319 460 1385 παρᾶ
511 1317 603 1369 τοῦ
659 1317 768 1369 τῶν
837 1315 1185 1369 Μεδιολάνων
1235 1315 1649 1380 δεσπότου.»⁹0
1704 1315 1750 1370 δ’
1801 1315 1878 1377 ὡς

316 1409 528 1462 οἰκείων
553 1408 651 1479 ήδη
678 1407 940 1478 πρόνοιαν
973 1407 1323 1476 ποιούμενος,
1351 1408 1500 1460 σῖτόν
1535 1425 1594 1460 τε
1627 1407 1878 1475 ἀφθόνως

316 1498 583 1567 ἐχορήγει,
624 1497 813 1550 καὶτὰ
844 1497 980 1551 ἄλλα
1022 1497 1327 1564 ἐπιτήδεια.
1366 1499 1472 1550 Καὶ
1515 1499 1775 1568 χρήματα
1819 1498 1880 1560 ὲς

316 1591 406 1642 τοῦ
435 1590 673 1658 πολέμου
717 1589 817 1660 τὴν
847 1591 1206 1659 παρασκευὴν
1239 1591 1334 1644 καὶ
1374 1589 1878 1654 όπλίτας,’ὲκέλευέ

315 1700 370 1734 τε
417 1682 571 1745 αὖθις
625 1683 872 1753 τριήρεις
913 1681 1158 1752 πληροῦν
1209 1683 1353 1736 κατὰ
1402 1683 1512 1736 τῶν
1573 1683 1874 1750 πολεμίων.

326 1775 473 1826 Ἐπεὶ
501 1773 557 1825 δὲ
586 1776 612 1825 6
645 1772 831 1835 στόλος
868 1772 1310 1842 παρεσκεύαστο.
1335 1773 1428 1827 τδν
1459 1774 1720 1844 Παγανὴν
1750 1773 1880 1826 ἐπέ-

315 1881 513 1932 στησαν
543 1859 697 1927 αὖθις
742 1866 1070 1936 στρατηγὸν,
1137 1865 1422 1918 Ἀντωνίου
1459 1864 1662 1931 πολλὴν
1704 1882 1873 1918 κατα-

315 1958 529 2025 γνόντες
554 1957 814 2028 ἀπειρίαν
846 1960 976 2028 περὶ
1015 1951 1383 2028 στρατηγίαςί
1401 1957 1509 2010 Καὶ
1547 1957 1596 2010 οἱ
1623 1959 1684 2009 ὲκ
1715 1957 1876 2010 Βενε-

313 2049 430 2110 τίας
478 2048 552 2111 ὡς
620 2049 884 2102 ἐπύθοντο
937 2050 1063 2113 τοὺς
1126 2047 1422 2117 πολεμίους
1485 2048 1645 2112 αὖθις
1705 2049 1877 2120 στόλῳ

312 2141 556 2201 ἐπιόντας
591 2139 994 2211 ἀντεπεξῄεσαν
1041 2139 1138 2193 καὶ
1188 2139 1345 2194 αὐτοὶ
1392 2137 1660 2194 Νικολάου
1705 2141 1877 2212 στρα-

312 2232 634 2302 τηγοῦντος·
670 2232 1002 2302 ἐπαρθέντες
1062 2231 1120 2286 δὲ
1173 2234 1240 2303 τῇ
1288 2231 1532 2303 προτέρᾳ
1579 2232 1727 2304 νίκῃ,
1783 2232 1879 2285 καὶ

313 2328 405 2396 τῆς
437 2325 762 2380 Κατελάνων
788 2325 1111 2396 συμμαχίας
1132 2325 1532 2396 ἀμελήσαντες,
1564 2325 1755 2395 ὥσπερ
1781 2326 1881 2380 καὶ

319 2419 569 2488 πρότερον
587 2418 684 2485 τῆς
707 2416 991 2488 βασιλέως,
1038 2417 1611 2487 κατεναυμαχήθησαν
1641 2417 1745 2470 ὑπὸ
1766 2415 1876 2469 τῶν

329 2510 616 2562 ἀντιπάλων
657 2509 794 2577 πρὸς
821 2511 888 2580 τῇ
925 2507 1182 2580 Μεθώνῃ,
1213 2509 1313 2562 καὶ
1336 2506 1434 2570 τάς
1468 2525 1526 2561 τε
1568 2507 1700 2572 ναῦς
1737 2506 1880 2560 ἀπά-

327 2617 408 2662 σας
459 2601 511 2652 οί
559 2605 624 2653 ἐκ
680 2599 943 2664 Γεννούας
998 2599 1190 2654 ἔλαϐον
1233 2599 1342 2652 τῶν
1401 2599 1680 2668 πολεμίων
1738 2598 1879 2669 πλὴν

317 2685 521 2750 ὀλίγων,
556 2687 651 2738 καὶ
695 2687 784 2738 τὸν
822 2687 1125 2755 στρατηγὸν
1159 2687 1506 2757 αἰχμάλωτον
1528 2703 1543 2716 ⁸
1595 2687 1650 2750 6;
1687 2689 1780 2741 καὶ
1818 2689 1878 2741 ὲν

318 2776 352 2827 Γ
353 2778 540 2846 εννοὺᾳ
579 2779 901 2849 ἐτελεύτησε
952 2779 1328 2849 δεσμωτήριον
1384 2779 1572 2834 οἰκῶν.
1612 2781 1770 2834 Μετά
1819 2780 1879 2833 δὲ

315 2869 407 2935 τὴν
441 2869 654 2941 πληγὴν
687 2870 908 2936 ἐκεῖνοι,
933 2872 1030 2924 καὶ
1063 2871 1112 2924 οί
1147 2859 1211 2923 ὲκ
1246 2872 1526 2935 Βενετίας,
1558 2873 1878 2937 ἀτονοῦντες

318 2963 446 3032 πρὸς
481 2963 571 3016 τὸν
604 2963 864 3033 πόλεμον,
916 2963 1416 3034 διεπρεσϐεύσαντο
1462 2965 1717 3034 ἀλλήλοις
1749 2968 1879 3037 περὶ

316 3051 534 3121 εἰρήνης
573 3053 666 3105 καὶ
696 3053 1002 3105 κατέλυσαν
1039 3051 1132 3104 τὸν
1163 3052 1422 3120 πόλεμον,
1465 3054 1672 3122 μικρᾶς
1712 3053 1879 3106 ἕνεκα

316 3143 489 3208 αἰτίας
515 3144 686 3212 μέγαν
727 3143 1117 3212 γεγενημένον,
1151 3143 1246 3195 καὶ
1295 3143 1367 3196 τὰ
1417 3143 1652 3212 μέγιστα
1687 3144 1880 3196 ἑκατέ-

1976 679 2332 748 depositaque
2389 675 2670 745 Superbia,
2727 690 2841 731 rem
2897 688 3001 729 nec
3051 673 3387 742 ingenuam,
3456 689 3561 730 nec

1977 770 2258 823 liberalem
2290 767 2583 822 admittere
2609 766 2876 837 compulsi
2908 772 3058 830 sunt,
3080 773 3138 818 et
3167 763 3378 820 Simoni
3415 764 3560 820 Buc-

1978 843 2224 932 cauegrm
2260 863 2386 918 duci
2431 878 2531 917 suo
2565 862 2831 931 abrogato
2857 859 3210 930 magistratu,
3237 857 3556 927 praefectum

1978 969 2006 1008 a
2065 953 2550 1008 Mediolanensinm
2613 951 2842 1006 domino
2900 957 3256 1019 receperunt.
3303 947 3448 1014 Qui,
3501 955 3562 1001 ut

1978 1047 2245 1116 suisjam,
2281 1045 2598 1115 providens,
2629 1044 2910 1097 frumenta
2934 1051 2990 1096 et
3024 1039 3296 1110 reliquum
3327 1039 3559 1103 victum,

1977 1137 2265 1207 pecuniam
2297 1152 2516 1206 quoque
2571 1135 2626 1189 in
2661 1142 2986 1204 apparatum
3024 1131 3174 1195 belli,
3224 1139 3280 1186 et
3328 1130 3560 1185 militem

1977 1229 2363 1297 suppeditabat
2418 1225 3014 1296 aﬂ'atim,jubehatque
3071 1223 3254 1278 denuo
3306 1222 3563 1276 triremes

1979 1328 2172 1374 contra
2198 1320 2385 1374 hostes
2420 1319 2642 1373 instrui.
2673 1319 2867 1372 Parata
2897 1317 3092 1379 classe,
3125 1315 3402 1385 Paganum
3428 1329 3558 1366 rur-

1979 1426 2075 1465 sus
2130 1411 2327 1464 ducem
2384 1421 2612 1474 creant,
2674 1409 2898 1463 Antonii
2960 1407 3241 1462 exercitus
3299 1405 3563 1460 (luctandi

1979 1505 2232 1558 damnata
2263 1503 2504 1559 inscitia.
2543 1502 2736 1557 Veneti
2785 1514 2846 1555 ut
2892 1501 3132 1554 hostium
3173 1500 3401 1552 classem
3437 1513 3562 1550 rur-

1980 1614 2074 1654 sus
2124 1599 2418 1653 adventare
2451 1595 2774 1657 audierunt,
2834 1602 3026 1648 contra
3079 1602 3134 1644 et
3185 1589 3287 1660 ipsi
3339 1588 3564 1642 Nieolao

1979 1693 2120 1747 duce
2151 1691 2442 1755 navigant;
2497 1689 2741 1757 elatique
2801 1687 3146 1756 praecedente
3201 1683 3456 1746 victoria,
3508 1689 3568 1736 et

1980 1785 2241 1838 socia-tate
2289 1781 2676 1837 Catalanorum
2722 1779 2807 1848 (ut
2841 1786 3000 1832 antea
3052 1773 3427 1845 imperatoris)
3466 1791 3564 1827 ue-

1981 1875 2174 1944 glccta,
2205 1872 2378 1927 navali
2423 1870 2728 1927 certamine
2772 1869 2842 1923 ab
2887 1866 3220 1922 adversariis
3256 1879 3423 1934 prope
3451 1863 3564 1917 He-

1983 1968 2187 2020 thonen
2219 1963 2484 2033 superati,
2527 1974 2836 2030 eorumque
2875 1974 3043 2013 naves
3082 1957 3272 2027 paucis
3302 1954 3562 2024 demptis,

1983 2075 2086 2113 una
2118 2073 2241 2112 cum
2274 2057 2413 2111 duce
2445 2071 2474 2110 a
2518 2051 2908 2109 Genucnsibus
2967 2061 3140 2119 capta:
3189 2055 3316 2100 sunt
3364 2062 3379 2099 :
3417 2054 3472 2100 et
3519 2045 3568 2100 is

1979 2149 2327 2220 postmodum
2359 2147 2562 2224 Gepua:
2587 2147 2643 2200 in
2671 2158 2894 2200 carcere
2911 2143 3054 2197 diem
3082 2150 3416 2210 postremum
3433 2153 3566 2191 con-

1978 2242 2130 2297 fecit.
2187 2241 2316 2296 Post
2349 2241 2492 2294 hanc
2535 2239 2750 2309 plagam
2800 2236 2901 2306 ipsi
2947 2245 3004 2290 et
3057 2232 3248 2288 Veneti
3298 2230 3365 2286 ad
3411 2245 3565 2284 arma

1981 2341 2286 2404 torpentes,
2327 2332 2474 2386 inter
2502 2345 2562 2385 se
2614 2329 2820 2400 legatos
2850 2328 2918 2383 de
2950 2341 3083 2398 pace
3125 2320 3417 2384 miserunt,
3451 2321 3568 2374 bel-

1978 2422 2203 2491 lumque
2232 2436 2300 2475 ex
2333 2434 2498 2490 parva
2531 2433 2695 2474 causa
2733 2427 3020 2487 tantopere
3056 2425 3304 2479 auctum,
3333 2423 3388 2467 et
3422 2411 3567 2466 utri-

1979 2531 2086 2584 que
2136 2513 2278 2584 parti
2341 2523 2452 2566 tam
2508 2511 2988 2571 detrimentosum,
3025 2509 3211 2561 valere
3255 2507 3564 2577 jusserunt.

1979 2609 2121 2665 Pace
2169 2607 2405 2671 ﬁrmata,
2441 2621 2569 2662 cum
2596 2605 2735 2660 nihil
2779 2605 2889 2676 jam
2955 2607 3368 2672 exspectaretur
3415 2597 3564 2660 mali,

1982 2698 2267 2769 indignum
2294 2698 2395 2752 rati
2421 2697 2764 2758 Genuenses,
2796 2694 2930 2748 nihil
2956 2693 3183 2749 sceleris
3233 2702 3425 2764 contra
3473 2689 3571 2744 be-

1981 2790 2281 2847 nemeritos
2308 2787 2633 2852 machinari,
2659 2787 2829 2858 838
2865 2785 3105 2855 primum
3141 2780 3364 2853 quidem
3400 2779 3571 2849 Paga-

1982 2898 2114 2938 num
2168 2882 2386 2945 ducem,
2418 2889 2651 2950 utraque
2685 2875 3036 2948 expeditione
3087 2876 3448 2937 illustratum,
3508 2870 3565 2924 in

1981 2985 2308 3044 perpetuum
2362 2961 2620 3027 exsilium
2650 2971 2899 3038 ejiciunt,
2928 2979 2984 3022 et
3014 2983 3140 3023 cum
3175 2982 3243 3021 eo
3276 2967 3572 3036 optimates

1982 3081 2195 3128 omnes,
2238 3079 2362 3119 cum
2397 3073 2577 3118 tamen
2611 3061 2746 3116 nihil
2775 3046 2933 3116 esset
2977 3059 3127 3130 quod
3177 3057 3260 3113 eis
3318 3053 3571 3112 criminis

1983 3159 2104 3213 loco
2133 3158 2458 3228 obiicerem.
2491 3157 2682 3210 Postea
2709 3154 2877 3209 etiam
2921 3169 2951 3208 a
2985 3149 3379 3208 Mediolanensi
3414 3148 3572 3218 prin-

320 3252 440 3303 ρους
466 3235 760 3304 βλάψαντα.
797 3236 952 3288 Ἐπεὶ
973 3235 1028 3288 δὲ
1057 3236 1246 3306 είρήνη
1278 3229 1366 3305 ἦν,
1402 3235 1494 3288 καὶ
1529 3234 1702 3288 δεινὸν
1720 3220 1877 3289 ὀὐδὲν

1985 3250 2106 3319 cipe
2135 3220 2421 3308 delicium,
2451 3255 2507 3300 et
2539 3245 2607 3300 ab
2643 3245 2737 3300 illo
2781 3243 2888 3298 sibi
2937 3243 3301 3304 ceustitutum
3338 3238 3570 3310 praefec-

317 3328 701 3392 προσεδοκᾶτο,
730 3326 948 3393 ἀνάξιον
999 3322 1140 3380 εἶναι
1188 3324 1340 3395 σφῶν
1373 3325 1674 3396 ἡγούμενοι
1719 3326 1770 3377 οί
1823 3326 1880 3377 ὲν

319 3421 547 3494 Γεννούᾳ
569 3422 731 3491 μηδὲν
754 3422 1094 3488 ἀγνωμονεῖν
1113 3423 1243 3490 περὶ
1267 3419 1393 3483 τοὺς
1412 3419 1878 3489 εὐηργετηκόταε,

320 3513 507 3582 πρῶτα
555 3512 654 3582 μὲν
705 3512 960 3582 Παγανὴν
1000 3511 1093 3564 τὸν
1144 3510 1452 3580 στρατηγὸν
1496 3511 1753 3580 λαμπρὸν
1785 3527 1880 3578 γεο

317 3602 606 3670 γενημὲνον
656 3601 713 3653 ἐν
745 3603 865 3663 ταῖς
907 3603 1270 3673 στρατηγίαις
1301 3602 1648 3671 ἀμφοτέραις
1689 3600 1882 3672 ἐξήλα-

318 3707 415 3743 σαν
443 3691 539 3761 τῆς
579 3691 808 3756 πόλεως,
849 3690 1142 3760 ἀειφυγίαν
1169 3691 1624 3757 κατακρίναντες,
1657 3691 1753 3743 καὶ
1782 3691 1880 3744 σὺν

316 3782 506 3852 ἐκείνῳ
538 3784 747 3846 πάντας
788 3783 916 3847 τοὺς
951 3783 1210 3853 ἀρίστους
1239 3782 1391 3836 οὐδὲν
1441 3783 1664 3853 ἔχοντας
1709 3783 1882 3851 ἑγκα·

313 3875 444 3931 λεῐν.
477 3875 710 3931 Ἔπειτα
740 3879 835 3929 καὶ
865 3876 959 3928 τοῦ
987 3875 1334 3930 Μεδιολάνων
1361 3877 1658 3945 ἀφίσταντο
1684 3875 1882 3929 δεσπό-

314 3985 429 4033 του,
459 3971 550 4023 καὶ
576 3967 1020 4039 Μπουκανέγραν
1052 3967 1211 4031 αὖθις
1239 3965 1330 4021 τὸν
1362 3967 1605 4038 Σίμωνα,
1643 3967 1881 4038 ἄρχοντα

312 4063 420 4114 τῶν
465 4061 808 4134 πραγμάτων
831 4059 1252 4127 ἀποδείξαντες,
1306 4059 1418 4114 τῶν
1479 4059 1612 4131 παρ’
1667 4060 1882 4114 ἐκείνου

313 4155 625 4208 καθεστῶτα
676 4151 945 4224 ἐξήλασαν
991 4153 1236 4222 ἀτίμως·
1292 4152 1387 4208 καὶ
1439 4153 1632 4206 τοῦτον
1678 4153 1882 4223 τρόπον

312 4249 517 4300 ἐκεῖνον
542 4247 638 4314 τῆς
669 4245 870 4314 πολλῆς
896 4246 1027 4315 περὶ
1064 4245 1266 4309 αὐτοὺς
1301 4243 1612 4315 ἠμείψαντο
1641 4245 1882 4314 κηδεμο-

312 4340 449 4403 νίας.
491 4339 552 4391 ’0
583 4339 680 4408 μὲν
709 4332 802 4390 οὖν
847 4337 960 4390 τῶν
995 4329 1244 4389 Λατίνων
1292 4336 1430 4406 πρὸς
1475 4335 1742 4406 ἀλλήλους
1783 4335 1882 4388 καὶ

315 4433 449 4499 πρὸς
486 4429 796 4498 Ῥωμαίους
821 4427 1059 4497 πόλεμος
1087 4425 1319 4480 ἐνταῦθα
1350 4425 1694 4496 ἐτελεύτησε.
1723 4423 1884 4478 Βασι-

312 4522 432 4585 λεὺς
458 4522 512 4575 δὲ
551 4523 579 4575 6
616 4520 998 4588 Παλαιολόγος,
1037 4517 1307 4588 βασιλίδος
1335 4519 1436 4590 τῆς
1467 4518 1677 4589 μητρὸς
1719 4517 1880 4588 μάλι-

1985 3351 2122 3406 tum,
2179 3355 2373 3396 rursus
2437 3338 2717 3394 Simonem
2773 3337 3181 3405 Buccanegram
3246 3331 3568 3403 reipublica:

1981 3431 2534 3502 caputdesignantes,
2560 3444 2686 3484 cum
2721 3427 3021 3498 ignominia
3052 3425 3372 3494 expellunt;
3404 3433 3571 3492 atque

1981 3521 2088 3575 isto
2127 3519 2289 3574 modo
2328 3517 2604 3588 egregiam
2638 3517 2758 3587 ejus
2793 3531 2890 3586 pro
2944 3515 3080 3584 ipsis
3135 3513 3568 3568 sollicitudinem

1981 3625 2282 3679 curamque
2327 3617 2708 3676 compensant.
2758 3605 3085 3661 Latinorum
3123 3604 3290 3674 igitur
3335 3603 3479 3658 inter
3511 3617 3572 3657 se

1981 3710 2037 3757 et
2072 3717 2196 3756 cum
2231 3701 2494 3756 Romanis
2544 3701 2749 3754 bellum
2799 3699 2873 3753 ita
2907 3697 3093 3753 desiit.
3138 3697 3442 3767 Imperator
3473 3710 3572 3750 auo

1983 3803 2091 3848 tem
2142 3793 2502 3864 Pataeologus,
2558 3792 2799 3862 impulsu
2830 3791 3025 3846 matris
3081 3789 3458 3861 potissimum,
3507 3803 3572 3843 ea

1982 3884 2391 3940 Thessalonicae
2421 3883 2637 3948 relicta,
2670 3881 2878 3937 Eoum
2909 3881 3082 3946 venit,
3113 3879 3240 3935 inde
3271 3894 3371 3949 per
3395 3877 3572 3932 Thra-

1980 3971 2119 4026 ciam
2150 3971 2467 4041 Byzantium
2491 3969 2555 4024 atl
2593 3985 2847 4025 socerum
2873 3967 3241 4040 profecturus.
3269 3967 3372 4035 Qui
3404 3967 3578 4038 Didy-

1983 4061 2209 4116 motichi
2261 4071 2420 4115 erant
2454 4061 2696 4130 przefecti
2743 4060 3034 4123 Arsenius,
3072 4075 3308 4129 magnus
3347 4059 3576 4129 pappias

1982 4152 2297 4221 Zamplaco,
2330 4151 2704 4206 Tarchaniota
2743 4160 3140 4223 protostrator,
3173 4151 3434 4220 suspicati
3481 4150 3572 4204 Di-

1981 4242 2300 4314 dymoticbo
2359 4233 2720 4297 transiturum
2752 4284 2766 4309 ,
2825 4256 3098 4296 memores
3166 4240 3574 4296 Thessalonica:

1976 4336 2117 4390 facti
2163 4335 2231 4389 ab
2258 4348 2325 4390 eo
2354 4349 2480 4391 cum
2525 4334 2684 4390 Crale
2719 4334 2944 4390 hederis
2976 4333 3045 4388 de
3074 4333 3358 4396 societate,
3391 4343 3447 4388 et
3475 4350 3576 4390 eos

1982 4413 2185 4483 bellum
2216 4427 2483 4482 adversus
2513 4427 2961 4482 Cantacuzeuum
2995 4426 3296 4497 pepigisse,
3322 4441 3572 4481 commu-

1982 4519 2129 4573 niter
2160 4517 2324 4573 veriti
2361 4528 2514 4581 sunt,
2545 4535 2612 4573 ne
2641 4519 2686 4572 si
2717 4533 2844 4573 eum
2884 4518 3340 4579 intromitterent,
3369 4525 3574 4586 praeter

316 4631 414 4667 στα
442 4613 737 4683 ἐναγούσης
759 4608 922 4682 ἦλθεν
961 4614 1044 4675 εἰς
1091 4607 1251 4664 Αἶνον
1281 4612 1341 4665 ὲν
1384 4611 1754 4682 Θεσσαλονίκῃ
1785 4609 1877 4680 τὴν

1985 4608 2355 4665 Cantacuzeni
2385 4609 2726 4664 voluntatem
2770 4618 3017 4680 agerent,
3051 4622 3291 4676 eumque
3318 4608 3384 4660 ad
3433 4607 3572 4661 iram

316 4706 526 4774 μητέρα
551 4701 890 4768 καταλιπὼν,
931 4702 1006 4766 ὡς
1037 4701 1249 4755 ἐκεῖθεν
1287 4701 1376 4754 διὰ
1411 4702 1509 4773 τῆς
1539 4701 1770 4773 Θρᾴκης
1794 4703 1876 4763 εἰς

313 4789 602 4852 Βυζάντιον
644 4789 967 4860 ἀφιξόμενος
1007 4789 1145 4859 πρὶς
1192 4788 1421 4859 βασιλέα
1460 4792 1553 4843 τὶν
1585 4789 1876 4861 κηδεστήν.

315 4885 376 4935 ‘Ii
399 4887 454 4937 δὲ
477 4885 534 4936 ὲν
559 4881 922 4954 Διδυμοτείχῳ
953 4882 1240 4955 ἄρχοντες,
1273 4883 1551 4955 Ἀρσένιός
1582 4899 1665 4948 τε,
1703 4883 1878 4952 μέγας

313 4977 518 5039 παπίας
543 4979 571 5028 6
609 4974 1018 5045 Τζαμπλάκων,
1053 4976 1148 5028 καὶ
1190 4982 1638 5048 πρωτοστράτωρ
1675 4978 1702 5028 6
1729 4975 1878 5043 Ταρ-

316 5067 632 5138 χανειώτης,
659 5065 1100 5129 ὑποπτεύσαντες
1127 5065 1216 5120 διὰ
1239 5065 1626 5137 Διδυμοτείχου
1649 5065 1876 5136 βασιλέα

311 5159 401 5212 τὸν
426 5158 783 5225 Παλαιολόγον
824 5157 1118 5228 παρελθεῖν
1155 5158 1242 5221 ἂν,
1277 5160 1379 5211 οὐκ
1424 5158 1649 5228 ἀνήκοοί
1684 5174 1739 5209 τε
1765 5156 1876 5208 τῶν

312 5250 370 5302 ὲν
400 5251 765 5320 Θεσσαλονίκῃ
807 5249 1199 5321 γεγενημένων
1239 5249 1378 5319 πρὸς
1420 5249 1646 5318 Κράλην
1675 5247 1752 5318 τῷ
1781 5247 1880 5317 βα-

315 5342 451 5395 σιλεῖ
498 5342 822 5413 ωμὸἀσεων
868 5342 1003 5408 περὶ
1047 5342 1370 5412 συμμαχίας
1426 5340 1604 5404 ὄντες,
1654 5341 1753 5393 καὶ
1799 5340 1873 5404 ὼς

313 5437 463 5504 κοινῇ
516 5433 802 5488 συνέθεντο
842 5433 980 5500 πρὸς
1023 5432 1481 5502 Καντακουζηνὺν
1527 5431 1620 5486 τδν
1651 5431 1876 5502 βασιλέα

315 5529 544 5596 πόλεμον
572 5530 742 5583 κινεῖν
765 5527 1000 5593 ἔδεισαν,
1041 5527 1117 5597 μὴ
1168 5527 1538 5596 είςδεξάμενοι
1611 5529 1675 5597 τῇ
1719 5527 1875 5579 πόλει

316 5620 390 5688 μὴ
419 5622 556 5674 κατὰ
582 5620 806 5692 γνώμην
858 5622 1141 5690 πράττωσι
1194 5619 1405 5690 βασιλεί
1439 5620 1516 5688 τῷ
1557 5621 1873 5673 Καντακου·

312 5710 476 5782 ζηνῷ,
518 5717 611 5768 κα)⁸
641 5713 778 5784 πρὸς
806 5712 978 5782 ὀργὴν
1005 5712 1354 5784 διερεθίσωσι
1385 5710 1675 5773 δοκοῦντες
1700 5715 1874 5779 ἀγνω-

313 5807 492 5871 μονεῖν
555 5806 896 5876 περὶαύτδν
959 5805 1058 5859 καὶ
1122 5807 1236 5868 τοῖς
1296 5807 1516 5858 ὲναντία
1572 5804 1871 5874 πράττουσι

313 5897 694 5969 πρόστίθεσθαι
746 5898 1112 5968 ἀφιστάμενοι
1154 5897 1340 5956 αὐτοῦ,
1392 5899 1499 5951 Καὶ
1529 5898 1868 5968 πέμψαντες,

1980 4711 2350 4770 provocarent
2383 4718 2398 4755 :
2430 4711 2493 4756 ut
2533 4703 2681 4771 quia
2719 4715 2788 4754 «se
2835 4699 3043 4754 nefarie
3075 4700 3446 4754 desciscentes
3477 4701 3576 4754 acl-

1979 4793 2238 4848 versariaa
2281 4791 2507 4847 factioni
2565 4791 3038 4846 adhaerescerent.
3066 4790 3437 4857 Quamobrem
3492 4790 3576 4846 in-

1981 4894 2316 4956 terrogatum
2339 4884 2590 4944 mittunt,
2609 4899 2722 4953 quo
2747 4891 2909 4953 pacto
2937 4897 2997 4938 se
3021 4898 3151 4953 erga
3183 4884 3574 4952 imperatorem

1977 4979 2252 5050 iuniorem
2286 4987 2500 5048 gerant.
2537 4975 2858 5047 Respondet
2882 4976 2993 5034 ille.
3020 4975 3486 5045 quemadmodum
3512 4991 3575 5031 se

1976 5085 2166 5139 gerere
2203 5069 2428 5125 deceret
2460 5068 2698 5123 famulos
2736 5083 2868 5137 erga
2906 5068 3214 5131 dominum,
3247 5076 3303 5122 et
3345 5081 3573 5122 omnem

1976 5163 2028 5217 ei
2074 5163 2289 5216 aditum
2333 5161 2574 5218 liberum
2607 5160 3046 5236 concedendum.
3085 5161 3574 5231 obediendumque

1978 5262 2038 5309 ut
2071 5255 2409 5324 imperatori,
2438 5268 2550 5308 non
2573 5254 2640 5308 ab
2672 5254 2805 5324 ipsis
2839 5253 3025 5319 modo,
3051 5253 3145 5309 sed
3181 5253 3250 5308 ab
3283 5254 3409 5308 aliis
3437 5254 3571 5310 item

1977 5345 2295 5401 civitatibus
2319 5345 2614 5400 universis.
2653 5346 2843 5415 Itaque
2869 5344 3016 5400 Aine
3042 5345 3355 5400 venientem
3376 5346 3565 5402 liben-

1979 5444 2062 5489 ter
2104 5443 2456 5503 acceperunt.
2505 5433 2642 5491 Cum
2701 5435 2902 5491 diebus
2955 5437 3149 5506 paucis
3196 5435 3570 5508 Didymotichi

1976 5527 2335 5588 substitisset,
2385 5526 2515 5582 inde
2569 5527 2892 5600 Byzantium
2941 5527 3248 5583 discessit:
3297 5527 3390 5582 ubi
3438 5541 3567 5581 cum

1979 5634 2177 5673 socero
2214 5624 2564 5686 imperatore,
2613 5621 2755 5675 bello
2788 5620 2986 5676 Latino
3029 5629 3160 5675 tunc
3189 5619 3424 5673 maxime
3458 5617 3569 5671 fer-

1975 5721 2159 5774 vente,
2200 5711 2412 5764 diutius
2437 5711 2596 5766 vixit.
2641 5699 3080 5776 Cantacuzenus,
3129 5709 3274 5764 haud
3315 5708 3562 5767 nescius,

1978 5807 2120 5858 inter
2178 5803 2490 5857 Matthazum
2553 5804 2722 5858 lilium
2773 5815 2828 5860 et
2873 5818 3135 5875 generum
3218 5801 3565 5855 intercedere

1977 5897 2288 5960 dissidium,
2351 5895 2504 5949 illum
2555 5911 2778 5966 quoque
2819 5893 3242 5960 accersendum,
3283 5900 3343 5947 et
3384 5891 3559 5948 eden-
