4056 6466
423 462 539 527 Ξξιῦ

1630 461 1954 524 JOANNIS
1990 462 2510 528 CANTACUZENI

3557 479 3673 545 256

422 588 527 628 nus
557 573 763 628 nefarie
811 574 1049 628 ablatum
1088 574 1191 629 sibi
1240 576 1459 637 habeat.
1495 578 1651 644 cujus
1697 576 1987 631 insidiato-

2090 578 2276 647 τρῴαν
2304 580 2689 646 ἀνασώζεσθαι
2725 585 2920 659 ἀρχὴν,
2966 588 3167 655 ἀδίκως
3201 591 3306 647 ὑπὸ
3348 593 3670 649 Καντακου-

425 682 559 729 rem,
598 674 1045 735 captatoremque
1072 666 1242 719 lilium
1294 667 1615 730 instituerit,
1646 668 1788 721 haud
1839 667 1987 721 labo-

426 754 570 807 riose
611 755 926 823 recuperari
963 771 1145 823 posse.
1190 757 1324 811 Nam
1364 758 1439 811 illi
1476 759 1810 819 provinciam
1842 773 1990 813 com-

427 843 643 910 mittere
669 846 767 906 sic,
806 856 866 898 ut
896 846 1101 900 referre
1142 850 1385 902 rationes
1422 864 1527 903 non
1560 860 1808 920 cogatur,
1840 851 1988 905 aliud

426 934 558 1011 nihil
590 933 748 997 velle,
795 951 957 1002 quam
1012 937 1189 1005 ipsum
1239 954 1457 1007 quoque
1504 940 1682 1009 aliqua
1735 956 1799 994 ex
1838 952 1990 1011 parte

424 1026 804 1095 imperatorem
854 1043 1017 1083 esse:
1050 1030 1525 1101 admonebantque
1588 1048 1657 1087 ne
1702 1035 1990 1104 antagoni-

422 1128 558 1170 stam
597 1120 943 1173 corroborari
1006 1122 1233 1184 sineret,
1288 1123 1382 1176 sed
1421 1140 1449 1176 a
1499 1124 1766 1193 principio
1807 1126 1988 1181 statim

424 1209 831 1275 comprimeret.
869 1210 1078 1276 Quibus
1108 1215 1428 1269 auscultans
1451 1255 1465 1276 ,
1521 1217 1573 1270 in
1601 1216 1800 1271 bellum
1828 1232 1988 1287 aper-

426 1307 535 1349 tum
567 1300 769 1366 erupit.
822 1301 940 1355 Mox
992 1302 1141 1357 enim
1174 1306 1445 1373 quidquid
1495 1317 1615 1361 erat
1666 1308 1900 1362 militum
1936 1309 1989 1363 in

427 1390 657 1443 urbibus
687 1407 823 1459 quas
857 1394 1096 1460 tenebat,
1129 1398 1463 1452 eontrahens
1487 1440 1501 1463 ,
1534 1409 1591 1452 et
1618 1415 1743 1453 eum
1780 1400 1848 1454 iis
1890 1416 1989 1471 op-

358 1524 367 1545 ,
427 1480 551 1545 ιιίιίιι
595 1484 771 1535 soceri
804 1483 1090 1550 invadens,
1127 1502 1234 1540 non
1272 1503 1463 1556 pauca,
1494 1491 1748 1545 omnibus
1774 1492 1839 1546 ad
1864 1508 1989 1546 cum

424 1570 662 1623 libenter
709 1572 1115 1638 deficientibus,
1169 1585 1225 1631 et
1277 1581 1581 1634 mutatione
1615 1581 1825 1635 domini
1859 1598 1994 1651 gau-

424 1661 704 1723 dentibus,
736 1677 847 1716 sua:
883 1666 1169 1731 potestatis
1196 1667 1345 1721 fecit.
1375 1669 1583 1724 Deinde
1615 1680 1673 1724 et
1695 1672 1988 1726 Persarum

425 1751 689 1805 advocato
716 1754 959 1821 auxilio,
1012 1758 1127 1825 qui.
1167 1758 1317 1826 prius
1373 1762 1660 1815 castellum
1715 1764 1988 1831 quoddam

426 1839 674 1896 Thracia:
699 1885 712 1905 ,
746 1845 984 1915 Zympen
1013 1851 1236 1903 nomine
1258 1891 1273 1913 ,
1300 1863 1677 1920 occuparant,
1717 1855 1770 1907 in
1800 1855 1991 1925 conju-

423 1934 508 1999 gis
536 1950 647 1989 sute
678 1935 899 1990 fratrem
933 1954 1159 2007 prorsus
1194 1942 1465 1997 insontem
1504 1945 1676 2000 movit
1707 1963 1720 1999 :
1750 1962 1814 2000 ac
1838 1947 1989 2015 prius

428 2027 593 2079 urbes
633 2028 752 2096 ejus
810 2045 915 2082 non
949 2029 1122 2086 invite
1179 2048 1238 2087 se
1281 2034 1584 2099 dedentes.
1636 2039 1802 2106 cepit.
1850 2039 1989 2092 Tum

426 2115 835 2185 Adrianopolim
864 2121 1103 2174 venienti
1126 2136 1317 2178 omnes
1351 2134 1522 2192 portae
1550 2139 1579 2177 a
1608 2126 1807 2194 populo
1834 2140 1994 2195 aper-

427 2215 491 2255 ue
551 2215 696 2259 sunt.
729 2207 1015 2264 Mattbzeus
1065 2210 1437 2281 Nicephorum
1468 2214 1987 2285 sebastoeratoretn,

421 2293 864 2380 Cautaeuzenqm
895 2309 1168 2367 patruum,
1201 2312 1257 2357 et
1288 2304 1425 2358 alios
1454 2304 1719 2373 quosdam
1750 2306 1987 2376 optima-

426 2394 506 2436 tes
535 2401 716 2441 secum
771 2390 978 2443 habens
999 2432 1013 2449 .
1047 2408 1226 2446 art-em
1248 2434 1262 2458 ,
1308 2396 1395 2448 cui
1426 2395 1579 2465 prius
1624 2406 1985 2452 commeatum

424 2476 798 2542 imposuerat,
834 2496 1148 2549 quantque,
1207 2494 1265 2536 ut
1315 2485 1509 2551 licuit,
1575 2487 1988 2556 diligentissime

423 2570 878 2622 t-mnmuuiverat.
923 2572 1159 2637 insedit,
1197 2576 1471 2644 missoque
1506 2577 1571 2631 ad
1604 2587 1813 2645 patrem
1848 2594 1989 2631 nun-

428 2656 522 2716 tiu,
556 2673 613 2707 se
644 2674 671 2710 ιι
706 2675 905 2727 genero
959 2662 1130 2730 ipsius
1165 2664 1451 2719 obsidione
1496 2668 1680 2720 vallari
1712 2668 1984 2738 significa-

425 2746 517 2797 vit.
584 2748 886 2817 Imperator
938 2762 1118 2806 autem
1181 2755 1512 2825 Palzeologus
1571 2774 1690 2811 eam
1738 2759 1986 2827 quotidie

423 2853 631 2889 summa
667 2855 789 2906 ope,
829 2842 1257 2897 succedentibu’s
1312 2846 1543 2899 invicem
1583 2847 1848 2901 militibus
1888 2863 1986 2915 0p-

424 2931 720 2996 pugnabat.
761 2929 1069 2986 Maturabat
1101 2921 1270 2997 enim,
1306 2937 1621 3005 priusquam
1649 2952 1805 2991 socer
1837 2937 1989 2991 veni-

423 3026 530 3073 1“(“1..
581 3033 699 3070 eam
752 3021 1026 3089 subigere.
1065 3023 1451 3077 Verumtamen
1495 3009 1591 3093 qui.
1647 3026 1794 3077 intus
1825 3030 1987 3101 erant

423 3111 637 3163 luetith
694 3128 791 3180 pro
833 3129 895 3166 ea
953 3117 1430 3184 propugnantibus
1463 3158 1476 3180 ,
1527 3126 1581 3170 et
1640 3115 1983 3170 obsidionem

423 3200 847 3269 perferentibus,
884 3206 1161 3260 incassum
1191 3208 1490 3261 laborabat.
1525 3208 1762 3277 Populus
1792 3207 1986 3260 Adria-

423 3294 770 3362 t;upnlitanus
827 3315 934 3352 non
988 3301 1160 3353 solum
1211 3301 1445 3355 assiduis
1492 3267 2058 3369 OppugnationibusC

423 3388 771 3456 imperatoris
801 3389 911 3442 filio
962 3390 1246 3444 inStabat:
1286 3392 1379 3445 sed
1438 3400 1495 3444 et
1555 3390 1806 3444 convitiis
1835 3390 1985 3443 illum

422 3489 476 3530 (οι
503 3478 748 3532 dieteriis
775 3483 1168 3536 cnntumcliose
1208 3484 1517 3551 appetebat.
1553 3480 1783 3547 Quidam
1820 3483 1983 3536 etiam

424 3568 476 3619 in
516 3568 664 3619 illum
702 3560 1209 3624 malevolentissimi
1257 3573 1507 3625 acerbius
1544 3573 1592 3625 ei
1636 3581 1691 3625 et
1746 3572 1987 3626 illibera-

424 3659 530 3709 lius
567 3659 982 3715 malediCt-bant.
1029 3661 1445 3717 Cantacuzenus
1501 3664 1591 3716 ubi
1627 3665 1798 3716 lilium
1839 3662 1987 3716 obsi-

423 3752 539 3803 dcri
577 3752 863 3817 intellexit,
893 3755 1003 3820 jam
1040 3767 1167 3807 ante
1198 3756 1263 3809 ad
1300 3756 1405 3809 iter
1432 3766 1677 3825 paratus,
1712 3756 1984 3810 Adriano-

424 3843 586 3908 polim
620 3859 837 3896 manum
871 3845 1278 3911 Romanorum,
1322 3845 1375 3899 in
1427 3848 1627 3915 quibus
1659 3848 1708 3901 ei
1751 3850 1985 3901 maxima

424 3935 616 3987 fiducia
644 3976 657 3993 .
712 3947 764 3989 et
802 3939 992 3991 Persas
1029 3954 1253 4008 paucos,
1284 3956 1424 4009 quos
1458 3942 1668 4010 roganti
1708 3940 1988 3995 Orehanes

421 4042 587 4093 gener
615 4032 870 4093 miserat,
901 4044 963 4083 ac
986 4042 1185 4099 pr:eter
1219 4032 1319 4084 hos
1360 4033 1642 4086 cohortem
1680 4050 1745 4086 ex
1777 4032 1985 4088 Catala-

420 4118 538 4170 nis.
593 4119 683 4185 qui
723 4135 786 4171 ex
820 4120 1137 4175 triremibus
1185 4122 1425 4191 Byzantii
1477 4132 1870 4189 remanserant,
1901 4139 1991 4178 se-

419 4224 544 4260 cum
582 4209 788 4264 habens
822 4212 1079 4265 accurrit.
1114 4213 1472 4283 Palmulngus,
1518 4228 1768 4269 socerum
1796 4217 1992 4269 advero-

419 4314 515 4351 sus
566 4313 623 4352 se
670 4300 928 4355 infestum
960 4300 1145 4356 venire
1203 4318 1567 4371 cognoscens,
1602 4320 1728 4360 cum
1780 4322 1876 4374 par
1916 4304 1985 4361 ad

420 4384 652 4459 pugnam
683 4407 790 4445 non
823 4403 989 4455 esset,
1020 4394 1185 4465 842
1211 4407 1267 4448 et
1293 4412 1388 4449 arx
1424 4397 1693 4452 acerrime
1722 4395 1983 4451 defende-

420 4491 592 4543 retur,
635 4481 962 4552 titneretque
1003 4500 1069 4538 ne
1120 4485 1370 4553 protinus
1424 4487 1557 4542 urbs
1595 4498 1983 4557 occuparetur,

2093 669 2258 738 ζηνοῦ
2289 671 2382 724 τοῦ
2413 674 2681 743 βασιλέως
2708 680 3096 753 ἀφῃρημένην,
3126 684 3220 738 καὶ
3243 684 3407 738 αὑτοῦ
3426 702 3485 739 τε
3512 686 3667 757 ἔχον-

2092 776 2205 824 τος,
2241 762 2335 815 καὶ
2358 762 2450 816 τὸν
2482 765 2597 817 υἱὸν
2626 766 2851 837 ἔφεδρον
2887 771 3277 835 καθιστῶντος.
3308 773 3383 827 Τὸ
3414 775 3525 846 γὰρ
3569 778 3665 829 ἀν-

2094 850 2398 907 υπεύθυνον
2438 857 2585 925 αὑτῷ
2615 860 2878 929 παρέχειν
2908 861 3006 931 τὴν
3033 863 3231 933 ἀρχὴν,
3257 868 3314 918 τί
3358 865 3487 919 ἄλλο
3526 863 3667 921 εἶναι

2091 941 2124 1009 ἦ
2160 940 2384 1009 βασιλέα
2418 948 2515 998 καὶ
2561 948 2725 1001 αὑτὸν
2760 953 2817 1002 ἐν
2869 953 3023 1019 μέρει
3059 948 3224 1007 εἶναι.
3276 955 3560 1027 Παρῄνουν
3604 977 3666 1011 τε

2095 1029 2169 1102 μὴ
2198 1032 2291 1084 τὸν
2318 1033 2727 1106 ἀνταγωνιστὴν
2773 1042 2867 1107 ἐᾷν
2897 1042 3244 1108 αὐξάνεσθαι,
3280 1046 3417 1100 ἀλλά
3472 1048 3667 1101 καθαι-

2093 1123 2209 1186 ρεῖν
2261 1123 2420 1186 εὐθὺς
2450 1124 2710 1195 ἐξαρχῆς.
2772 1126 2877 1191 Οἷςσ
2918 1132 3258 1201 πειθόμενος,
3294 1138 3544 1207 φανερῶς
3580 1136 3665 1204 ἐξ-

2092 1211 2291 1279 ήνεγκε
2319 1214 2408 1266 τὸν
2426 1214 2549 1267 πὸλε
2560 1233 2679 1283 μον,
2708 1219 2902 1272 αὐτίκα
2927 1223 3035 1292 γὰρ
3058 1222 3154 1292 ὅση
3177 1219 3265 1291 ἦν,
3303 1228 3420 1288 ταῖς
3445 1228 3664 1282 πόλεσιν

2091 1292 2166 1351 ὧν
2194 1294 2331 1370 ἦρχε
2359 1304 2621 1370 στρατιὰν
2658 1308 3050 1378 συνηθροικὼς,
3092 1314 3499 1385 ἐπεστράτευσε
3542 1322 3663 1384 ταῖς

2092 1389 2280 1443 πόλεσι
2314 1396 2433 1455 ταῖς
2462 1393 2687 1462 βασιλεῖ
2717 1398 2794 1467 τῷ
2842 1400 3079 1473 κηδεστῇ
3126 1404 3535 1483 ὑποκειμέναις,
3568 1414 3664 1465 καὶ

2092 1482 2467 1553 ὑπεποιήσατο
2489 1487 2587 1539 οὑκ
2611 1488 2820 1556 ὀλίγας,
2847 1494 3065 1546 πάντων
3090 1498 3388 1567 προθύμως
3409 1482 3661 1572 προσχω-

2092 1574 2351 1643 ρούντων,
2385 1578 2478 1629 καὶ
2516 1579 2653 1647 πρδς
2705 1581 2805 1653 τὴν
2846 1586 3153 1657 μεταδολὴν
3207 1591 3375 1658 ἡδέως
3429 1592 3662 1648 διατιθε-

2095 1665 2297 1733 μένων.
2344 1669 2502 1722 Μετά
2557 1672 2716 1724 τοῦτο
2772 1674 2829 1726 δέ
2882 1677 2975 1728 καὶ
3013 1682 3334 1749 συμμαχίαν
3382 1686 3662 1757 Περσικὴν

2095 1759 2590 1828 μεταπεμψάμενος
2613 1765 2733 1816 τότε
2759 1767 2975 1834 πρῶτον
3002 1769 3261 1840 φρούριόν
3292 1790 3341 1825 τι
3384 1777 3524 1828 κατὰ
3561 1777 3662 1847 τὴν

2091 1846 2315 1917 Θρᾴκην
2367 1852 2639 1921 Τζὺμπην
2684 1859 3067 1927 κατασχόντων
3119 1846 3663 1938 προσαγορευόμενον

2094 1936 2171 2006 τῷ
2198 1940 2458 2005 γυναικὸς
2489 1944 2925 2013 ἐπεστράτευσεν
2958 1950 3175 2021 ἀδελφῷ
3219 1936 3666 2031 μηδεμίανήπρό-

2093 2043 2261 2096 φασιν
2292 2034 2696 2102 παρεσχημένῳ
2725 2038 2861 2104 πρὸς
2909 2039 3000 2092 τδν
3042 2043 3296 2113 πόλεμον.
3334 2047 3444 2100 Καὶ
3474 2050 3571 2113 τάς
3600 2066 3663 2105 τε

2092 2121 2350 2188 πολίχνας
2385 2119 2495 2176 εἷλε
2542 2126 2805 2196 πρότερον
2833 2124 2908 2181 ὧν
2938 2126 3109 2202 ἦρχεν
3142 2136 3377 2205 ἑτοίμως
3410 2123 3665 2209 προσχω-

2092 2213 2311 2281 ρούσας.
2353 2216 2583 2269 Ἔπειτα
2641 2221 2734 2272 καὶ
2780 2221 2880 2290 τὴν
2923 2225 3208 2290 Ἀδριανοῦ
3259 2227 3451 2294 ἐλθὼν,
3489 2232 3664 2301 ἡδέως

2089 2301 2182 2354 τοῦ
2204 2302 2376 2373 δήμου
2403 2306 2825 2377 ὑποδεχομένου,
2854 2315 2945 2367 καὶ
2970 2317 3150 2368 πᾶσαν
3170 2318 3409 2383 ἀνιέντος
3430 2322 3659 2378 εἴσοδον.

2089 2394 2362 2458 Ματοαῖος
2409 2398 2465 2451 δὲ
2515 2402 2542 2451 ὀ
2577 2402 2672 2455 τοῦ
2709 2404 2974 2471 βασιλέως
3026 2408 3140 2470 υίὸς
3171 2409 3489 2482 Νικηφόρον
3523 2413 3664 2483 ἔχων

2091 2486 2567 2560 σεϐαστοκράτορα
2601 2494 3058 2564 Καντακουζηνὸν
3091 2498 3182 2551 τὸν
3213 2500 3353 2553 θετον
3402 2506 3497 2557 καὶ
3534 2505 3663 2557 ἐτέ-

2093 2591 2217 2641 ρους
2258 2577 2366 2630 τῶν
2410 2582 2538 2647 περὶ
2589 2582 2751 2633 αὑτὸν
2794 2585 3071 2651 ἀρίστους,
3120 2588 3215 2656 τὴν
3268 2589 3447 2661 ἄκραν
3481 2593 3661 2647 ἐλθὼν

2090 2665 2377 2735 κατέσχεν,
2412 2664 2479 2737 ἦν
2512 2670 2622 2738 γάρ
2654 2672 2916 2742 πρότερον
2963 2677 3031 2729 τά
3074 2694 3130 2728 τε
3178 2680 3465 2750 ἐπιτήδεια
3509 2684 3662 2736 ἐνθέ-

2090 2772 2250 2825 μενος
2285 2758 2376 2808 καὶ
2401 2758 2566 2811 τᾶλλα
2597 2763 3070 2833 ἐπεοκευασμένος
3112 2769 3293 2832 καλῶς
3318 2771 3392 2834 ὡς
3422 2773 3660 2841 μάλιστα

2088 2847 2237 2915 ἐνῆν.
2272 2849 2528 2916 Ἔπεμπέ
2568 2868 2626 2903 τε
2679 2854 2773 2905 καὶ
2825 2856 2959 2924 πρὸς
3013 2858 3237 2926 βασιλέα
3289 2862 3380 2914 τὸν
3423 2866 3651 2935 πατέρα,

2087 2938 2211 3000 τοὺς
2264 2939 2606 3009 δηλώσοντας
2653 2944 2734 2996 ὅτι
2784 2946 2887 2998 ὑπὸ
2942 2949 3208 3016 βασιλέως
3258 2953 3352 3006 τοῦ
3403 2955 3652 3025 γαμϐροῦ

2090 3032 2452 3103 πολιορκοῖτο.
2484 3036 2743 3101 Βασιλεὺς
2768 3039 2823 3091 δὲ
2853 3041 2880 3092 ὁ
2900 3042 3016 3104 νέος
3040 3045 3158 3095 ἐπεὶ
3190 3045 3287 3115 τὴν
3310 3046 3464 3099 πόλιν
3488 3043 3659 3117 εἶχεν,

2088 3121 2238 3190 ἄγων
2272 3124 2364 3175 τὸν
2415 3124 2610 3194 δῆμον,
2666 3129 2761 3179 καλ⁵
2810 3128 2905 3196 τὴν
2947 3131 3221 3201 ἑπομένην
3258 3136 3545 3203 στρατιὰν,
3566 3138 3662 3190 τὸν

2089 3217 2346 3283 γυναικὸς
2376 3218 2602 3286 ἀδελφὸν
2652 3220 2961 3289 ἐπολιόρκει
3003 3224 3138 3291 πρὸς
3192 3224 3292 3294 τὴν
3326 3225 3526 3296 ἄκραν,
3565 3230 3661 3282 καὶ

2089 3307 2446 3377 τειχομαχίας
2496 3310 2733 3361 ἐποιεῖτο
2782 3311 3105 3381 καθημέραν
3139 3316 3560 3383 καρτερωτάτας
3594 3320 3660 3371 ὲκ

2089 3396 2356 3466 διαδοχῆς.
2398 3399 2666 3451 Ἐσπευδε
2723 3402 2831 3469 γὰρ
2891 3404 3019 3472 πρὶν
3079 3403 3306 3472 βασιλέα
3361 3407 3518 3476 ἥκειν
3563 3408 3660 3461 τὸν

2089 3486 2356 3556 κηδεστὴν
2414 3490 2869 3558 παραστήσασθαι
2921 3491 3020 3560 τὴν
3073 3493 3268 3563 ἄκραν.
3332 3495 3540 3549 Ἀνὺειν
3597 3498 3660 3551 δὲ

2087 3575 2353 3645 ἠδύναντο
2388 3577 2538 3628 οὐδὲν
2568 3579 2676 3629 τῶν
2718 3577 2863 3629 ἔνδον
2900 3568 3148 3650 εὐψύχως
3182 3582 3538 3651 ἀμυνομένων
3564 3586 3659 3639 καὶ

2090 3668 2227 3733 πρὸς
2257 3667 2357 3735 τὴν
2389 3667 2708 3737 πολιορκίαν
2743 3670 3173 3739 καρτερούντων.
3220 3671 3662 3738 Ἀδριανουπολι-

2087 3757 2197 3809 τῶν
2245 3756 2301 3809 δέ
2340 3759 2368 3817 δ
2409 3758 2616 3827 δῆμος,
2667 3758 2728 3811 οὑ
2792 3762 2951 3828 μόνον
3001 3762 3344 3831 τειχομαχῶν
3384 3764 3659 3833 ὁσημέραι

2087 3847 2327 3917 λυπηρὸς
2355 3848 2431 3917 τῷ
2461 3847 2723 3917 βασιλέως
2751 3844 2820 3918 ἦν
2841 3849 2965 3919 υἱῷ,
2992 3850 3128 3903 ἀλλὰ
3157 3853 3253 3904 καλ⁵
3276 3855 3659 3909 ἀποσκώπτων

2091 3941 2164 4000 ei;
2198 3941 2426 4001 ἐκεῖνον,
2470 3942 2561 3992 καὶ
2599 3941 2733 4009 πρὸς
2777 3941 2935 4011 ὕϐριν
2970 3944 3437 4012 προσφερόμενος.
3483 3946 3658 4000 Ἔνιοι

2088 4030 2144 4083 δέ
2176 4030 2354 4083 αὑτῶν
2388 4032 2501 4083 ὅσοι
2559 4031 2652 4084 καὶ
2711 4032 2947 4100 μάλιστα
2981 4034 3193 4098 δύσνως
3220 4030 3390 4106 εἶχον,
3423 4035 3516 4090 καὶ
3561 4055 3659 4089 πι-

2088 4120 2236 4191 κρῶς
2264 4121 2645 4192 ἐλοιδοροῦντο,
2692 4124 2789 4177 καὶ
2840 4126 2979 4195 πρὸς
3044 4125 3230 4197 ὕϐρεις
3301 4128 3660 4199 ἐξετρέποντο

2089 4214 2502 4282 ἀνελευθέρους.
2536 4216 2991 4288 Καντακουζηνὺς
3039 4219 3094 4273 δέ
3140 4222 3169 4273 δ
3224 4219 3499 4291 βασιλεὺς,
3533 4223 3661 4274 ἐπεὶ

2089 4305 2314 4359 πὺοοιτο
2354 4306 2811 4377 πολιορκούμενον
2868 4309 2960 4361 τὸν
3027 4310 3166 4374 υίδν,
3228 4312 3323 4365 καὶ
3390 4314 3661 4385 πρότερον

2089 4398 2611 4466 παρεσκευασμένος
2657 4399 2732 4454 ὢν
2775 4398 2868 4452 ἐπὶ
2898 4401 2998 4469 τὴν
3045 4399 3245 4465 ἔξοδον,
3287 4400 3485 4471 ἐχώρει
3512 4405 3660 4457 κατὰ

2087 4486 2251 4555 τάχος
2302 4487 2395 4539 ἐπὶ
2441 4490 2540 4557 τὴν
2583 4488 2901 4558 Ἀδριανοῦο
2955 4490 3216 4557 στρατιάν
3262 4507 3323 4543 τε
3369 4493 3659 4562 Ῥωμαίων

420 4571 594 4639 pridie
623 4589 683 4626 ea
732 4574 917 4629 relicta
950 4575 1376 4630 Zernomiauum
1421 4577 1634 4641 abiens,
1671 4594 1699 4632 a
1726 4580 1984 4649 praefecto

2090 4579 2237 4645 ἄγων
2265 4572 2346 4638 οἷς
2375 4577 2611 4647 μάλιστα
2642 4578 2891 4649 ἐθάῤῥει,
2923 4580 3015 4632 καὶ
3062 4578 3337 4649 Περσικὴν
3369 4580 3557 4653 ὀλίγην
3587 4585 3657 4654 ἦν

421 4663 741 4717 transditatn
792 4666 1053 4721 obtinuit.
1107 4667 1238 4722 lude
1291 4667 1768 4738 Didymotichuni,
1808 4672 1986 4726 Persis

417 4752 771 4823 Adrianopoli
801 4796 816 4820 ,
881 4771 980 4809 nec
1028 4758 1217 4826 paucis
1270 4758 1639 4813 Romanorum
1677 4761 1742 4814 ad
1793 4758 1983 4816 urbem

418 4844 833 4898 custodiendam
872 4847 1098 4913 relictis,
1131 4848 1411 4905 discessit.
1445 4851 1541 4904 Die
1567 4853 1816 4920 sequenti
1850 4854 1988 4907 Can-

421 4943 715 4989 tccuzenus
750 4951 812 4990 eo
842 4938 1067 4992 veniens
1090 4979 1103 5001 ,
1152 4955 1274 4993 cum
1328 4941 1575 4995 audisset
1630 4958 1893 5011 generum
1926 4959 1985 4999 se

419 5026 778 5094 proripuisse,
813 5045 909 5097 per
937 5030 1357 5084 caduceatorem
1398 5032 1544 5087 cives
1577 5034 1826 5089 hortatus
1878 5044 1983 5099 est,

422 5116 498 5167 uti
528 5116 593 5168 ad
621 5132 680 5171 se
711 5119 1006 5172 transirent
1032 5158 1046 5180 ,
1082 5121 1386 5191 urbemque
1436 5123 1719 5179 dederent.
1753 5125 1887 5179 Nam
1918 5140 1985 5179 ex

350 5238 363 5245 -»
423 5206 628 5274 impetu
654 5209 1289 5275 animicineonsiderato,
1320 5221 1373 5266 et
1408 5215 1626 5268 vesania
1668 5230 1764 5284 per
1794 5204 1986 5269 scim-

422 5307 732 5365 peratorem
769 5301 1019 5367 ingressu
1049 5302 1425 5369 prohibituros
1450 5306 1832 5369 arbitrati,a|ii
1859 5316 1986 5361 ante

425 5397 607 5455 portas
635 5390 830 5442 armati
862 5391 1079 5444 stabant
1104 5391 1409 5461 dispertitis
1442 5380 1752 5460 ordinibus,
1777 5396 1988 5450 admix-

420 5479 706 5534 srlsctiam
744 5482 924 5536 Persis
962 5484 1125 5538 sociis
1165 5502 1178 5537 :
1209 5486 1263 5538 in
1299 5488 1470 5541 inuris
1510 5501 1690 5541 autem
1721 5489 1985 5558 sagittarii

420 5570 698 5637 dispositi,
733 5581 790 5625 et
819 5573 1148 5642 imperatore
1186 5576 1438 5631 hortante
1470 5579 1544 5631 uti
1578 5593 1635 5632 se
1678 5579 1983 5643 dederent,

322 5716 336 5732 .
426 5670 638 5713 tantum
697 5661 853 5714 abest
900 5672 957 5716 ut
1002 5676 1277 5732 parerent,
1313 5676 1370 5719 ut
1404 5678 1459 5720 et
1507 5683 1739 5736 pugnam
1775 5668 1987 5738 sagittis

420 5751 692 5821 jaciendis
739 5753 1073 5809 ordirentur.
1114 5756 1361 5812 Cerncns
1395 5759 1691 5826 imperator
1722 5760 1988 5812 adversus

420 5847 560 5898 adeo
590 5843 843 5913 stupidos
876 5849 1045 5905 armis
1070 5866 1208 5921 opus
1236 5860 1382 5916 esse,
1417 5850 1629 5923 signum
1662 5866 1854 5921 pugna:
1877 5851 1985 5915 dat,

2099 4666 2365 4737 Ὀρχάνης
2398 4670 2425 4719 ό
2451 4668 2700 4736 γαμϐρὸς
2724 4668 3026 4739 παρέσχετο
3052 4670 3355 4738 αἰτήσαντι.
3373 4671 3496 4724 Ἐπὶ
3516 4676 3655 4743 Ὃτούο
3688 4744 3705 4752 _

2085 4774 2200 4820 τοις
2240 4757 2296 4810 δέ
2326 4757 2418 4810 καὶ
2448 4757 2601 4828 λόχον
2626 4759 2690 4809 ἐκ
2722 4759 3070 4824 Κατελάνων,
3102 4759 3150 4812 οἳ
3178 4760 3554 4825 ὑπελείποντο,
3597 4767 3657 4817 ἐν

2086 4850 2363 4921 Βυζαντίῳ
2394 4851 2501 4904 ἀπὸ
2531 4852 2638 4905 τῶν
2670 4853 2963 4922 τριήρεων.
3022 4853 3285 4917 Βασιλεὺς
3339 4855 3394 4907 δὲ
3443 4858 3470 4908 ὁ
3508 4856 3654 4922 νέος,

2088 4945 2209 4998 ἐπεὶ
2263 4945 2487 4997 πύθοιτο
2547 4944 2770 5009 βασιλέα
2824 4947 2873 4998 οἱ
2930 4946 3151 4998 ἐπιόντα
3213 4950 3307 5000 τὸν
3364 4948 3652 5018 κηδεστὴν,

2086 5032 2259 5094 ἄλλως
2289 5050 2346 5084 τε
2377 5034 2476 5085 οὑκ
2507 5032 2802 5101 ἀξιόμαχος
2825 5032 2919 5099 ὢν,
2953 5031 3045 5087 καὶ
3075 5036 3173 5103 τῆς
3207 5035 3383 5105 ἄκρας
3418 5037 3656 5103 μάλιστα

2086 5115 2480 5191 κατεχομένης,
2517 5122 2700 5182 δείσας
2743 5122 2817 5189 μὴ
2868 5122 3094 5175 αὐτόθεν
3144 5122 3346 5193 ῥᾳδίως
3377 5125 3657 5178 ἁλίσκοιτο

2089 5216 2121 5281 ἡ
2154 5215 2327 5275 πόλις,
2374 5213 2640 5281 πρότερον
2674 5214 2858 5284 ἡμέρᾳ
2895 5215 2993 5285 μιᾷ
3046 5213 3378 5278 καταλιπὼν,
3425 5221 3504 5277 εἰς
3552 5218 3657 5287 τὴν

2088 5303 2495 5373 Τζερνομιάνου
2520 5299 2644 5374 ἦκα,
2678 5306 2772 5357 καὶ
2797 5302 3028 5375 κατέσχε
3058 5306 3152 5358 τοῦ
3187 5307 3447 5375 ἄρχοντος
3476 5326 3656 5376 παρα-

2087 5396 2290 5457 δόντος.
2332 5395 2574 5447 Ἐκεῖθεν
2616 5395 2674 5449 δὲ
2724 5397 2799 5457 είς
2844 5396 3228 5466 Διδυμότειχον
3263 5397 3560 5466 ἀπεχώρει,
3595 5400 3657 5453 τό

2086 5501 2144 5536 τε
2181 5485 2448 5555 Περσικὸν
2480 5482 2791 5535 καταλιπὼν
2844 5485 2901 5535 ἐν
2944 5486 3010 5554 τῇ
3053 5484 3331 5554 Ἀδριανοῦ
3374 5486 3470 5537 καὶ
3513 5485 3656 5538 Ῥω-

2092 5575 2286 5644 μαίους
2308 5573 2408 5626 οὑκ
2437 5573 2651 5641 ὀλίγους
2687 5576 2943 5643 φρουρεῖν
2966 5574 3062 5640 τὴν
3097 5574 3251 5626 πόλιν
3286 5574 3654 5643 στρατιώτας,

2092 5665 2187 5726 Et;
2238 5662 2336 5733 τὴν
2391 5663 2687 5732 ὑστεραίαν
2732 5652 2795 5715 δέ
2848 5662 3295 5731 Καντακονζηνδς
3327 5664 3356 5717 δ
3399 5663 3658 5734 βασιλεὺς

2090 5756 2384 5823 γενόμενος
2435 5756 2492 5807 ἐν
2550 5753 2847 5824 Ἀδριανοῦ,
2892 5754 3012 5807 ἐπεὶ
3047 5754 3271 5808 πύθοιτο
3304 5754 3530 5824 βασιλέα
3560 5757 3658 5811 τὸν

2092 5846 2343 5920 γαμ6ρ>ιν
2404 5846 2910 5918 ἀνακεχωρηκότα,
2963 5845 3181 5915 πέμψας
3236 5844 3469 5919 παρῄνει
3521 5846 3656 5917 τοὺς
