4056 6484
294 407 386 472 257

1406 400 1457 460 Η
1470 395 1947 460 ISTOBIARUM
1990 394 2223 457 LIBER
2269 396 2369 456 IV.

3434 391 3542 455 258

299 517 510 580 πολίτας
543 509 888 586 προσχωρεῖν
924 505 1071 578 αὐτῷ
1104 507 1202 560 καὶ
1250 506 1351 577 τὴν
1387 508 1544 558 πόλιν
1579 504 1869 575 παραδιδό-

1983 503 2382 573 confestimque
2415 501 2658 558 Catalani
2707 518 2804 573 per
2836 516 3016 557 arcem
3049 507 3190 556 intra
3232 504 3432 558 mantia
3457 503 3545 557 vi-

296 629 397 666 vat.
439 607 561 678 Ὑφ’
593 603 775 676 όρμῆς
802 602 912 673 γάρ
936 599 1133 668 ἀλόγου
1172 599 1268 653 καὶ
1301 597 1687 669 παρειπληξίας
1710 597 1862 648 άντι-

299 701 511 771 σχήσειν
544 695 824 767 οἰηθέντες
866 693 1004 763 πρὸς
1037 689 1265 759 βασιλέα
1299 688 1441 742 κατά
1475 690 1639 756 σφᾶς,
1672 688 1718 739 oi
1763 684 1863 754 μὲν

299 789 398 860 πρὸ
429 787 537 840 τῶν
566 783 750 837 πυλῶν
775 780 1112 850 ὠπλισμένοι
1146 777 1686 848 ἀντιπαρετάττοντο
1716 775 1866 844 ἕχον-

299 897 382 942 τες
431 878 522 930 καὶ
550 875 764 943 Πέρσας
808 873 936 935 τοὺς
983 869 1341 939 συμμάχους·
1384 868 1475 920 ἐπὶ
1518 863 1630 918 τῶν
1667 866 1866 935 τειχῶν

298 972 347 1027 δὲ
383 970 444 1024 τδ
480 966 768 1039 γυμνικὸν,
803 964 899 1017 καὶ
926 961 1189 1033 βασιλέως
1241 959 1639 1028 παραινοῦντος
1693 974 1867 1024 προσ-

303 1063 513 1134 χωρεῖν,
561 1058 624 1111 οὑ
679 1057 842 1128 μόνον
893 1054 995 1106 οὐκ
1043 1052 1346 1139 ἐπείθοντο,
1383 1051 1521 1104 ἀλλά
1573 1051 1670 1102 καὶ
1698 1044 1870 1119 ἦρχον

306 1156 501 1224 μάχης,
529 1144 807 1222 χρώμενοι
835 1145 1092 1211 τοξείαις.
1138 1143 1310 1215 Ὀρῶν
1334 1145 1390 1196 δὲ
1438 1143 1465 1194 ὁ
1508 1141 1762 1212 βασιλεὺς
1795 1140 1871 1202 ὡς

305 1247 476 1301 ὅπλων
507 1242 666 1314 χρεία
704 1240 839 1310 πρὸς
883 1237 1056 1300 οὕτως
1085 1233 1572 1304 ἀναισθητοῦν-τας,
1620 1230 1872 1302 σύνθημα

307 1337 471 1392 έδίδου
509 1334 692 1405 μάχης
743 1333 859 1394 τοῖς
909 1329 1216 1399 σφετέροις.
1276 1327 1386 1378 Καὶ
1443 1325 1642 1378 αὐτίκα
1706 1324 1758 1375 οῖ
1813 1339 1871 1376 τε

306 1426 598 1482 Κατελάνοι
631 1424 718 1477 διά
746 1425 846 1492 τῆς
877 1422 1054 1492 άκρας
1081 1415 1224 1490 ἦσαν
1249 1419 1401 1480 ἐντὸς
1429 1417 1649 1486 τειχῶν,
1683 1416 1775 1468 καὶ
1813 1415 1874 1468 τὸ

307 1523 426 1576 ἄλλο
455 1518 775 1587 στράτευμά
826 1515 956 1578 τοὺς
1010 1512 1116 1578 ἔξω
1164 1513 1688 1580 παρατεταγμένους
1723 1508 1876 1578 ἐτρέ-

305 1615 438 1684 ψατο
466 1610 726 1665 ἐπελθόν·
763 1608 861 1670 καὶ
911 1607 1168 1676 ἡλίσκετο
1219 1605 1252 1674 ἡ
1309 1603 1466 1664 πόλις
1506 1600 1870 1670 ἑκατέρωθεν.

307 1702 508 1770 Πέρσαι
555 1698 610 1752 δὲ
662 1697 714 1748 of.
755 1695 1038 1765 σύμμαχοι
1077 1690 1334 1753 ἐκείνοις,
1378 1689 1718 1758 συνορῶντες
1772 1685 1875 1756 ήδη

307 1789 637 1862 ἡττημένους
665 1788 826 1850 ὅσους
863 1780 970 1838 οἶοί
999 1801 1058 1838 τε
1094 1779 1236 1854 ἦσαν
1259 1781 1372 1834 τῶν
1426 1780 1578 1847 σφίσι
1621 1794 1877 1832 συντετα-

1974 605 2176 651 suntur
2213 612 2227 648 :
2261 595 2465 664 quique
2492 593 2676 649 adlmc
2719 593 2856 650 foris
2879 603 2997 649 erat
3042 596 3339 658 exercitus,
3369 597 3542 651 aciem

1971 687 2040 741 de
2067 701 2176 754 qua
2205 684 2448 738 diximus
2478 685 2728 749 adortus,
2763 685 3014 755 dissipat,
3046 695 3101 740 et
3127 686 3180 738 in
3213 685 3392 754 fugam
3425 701 3546 741 ver-

1973 778 2070 840 tit;
2108 778 2178 832 ita
2209 777 2342 830 urbs
2375 777 2631 848 utrinque
2673 777 2910 846 capitur.
2933 777 3072 832 Tum
3099 778 3298 840 Persm,
3322 777 3543 830 illorqu

1977 867 2138 930 socii,
2171 881 2228 920 se
2256 866 2364 936 jam
2419 866 2587 918 victos
2617 865 2978 935 aspicientes,
3026 875 3297 935 quotquot
3324 882 3388 919 ex
3429 867 3548 919 acie

1977 971 2162 1011 secum
2196 969 2388 1024 rapere
2413 964 2687 1024 poterant,
2718 969 2840 1008 cum
2875 956 2941 1008 iis
2967 958 3032 1008 ad
3073 956 3462 1024 imperatorem
3489 971 3549 1008 se

1979 1047 2292 1100 conferunt.
2336 1046 2454 1100 Mox
2481 1046 2573 1115 qui
2611 1062 2734 1099 cum
2760 1061 2828 1100 co
2859 1056 3016 1100 erant
3041 1050 3242 1102 cursim
3263 1049 3550 1117 insequen-

1981 1147 2087 1200 tcs,
2121 1138 2329 1208 aliquot
2354 1139 2420 1192 de
2443 1138 2657 1192 caeteris
2693 1138 2870 1207 (pauci
2902 1139 3050 1191 enim
3088 1139 3268 1206 erant)
3301 1140 3548 1208 capiunt.

1980 1230 2453 1300 Adrianopnlitani
2517 1245 2775 1298 quoque;
2835 1231 3154 1300 quicunque
3206 1232 3327 1301 ejus
3379 1231 3546 1284 lilium

1983 1321 2290 1376 maledictis
2338 1320 2681 1374 incesserant
2708 1361 2723 1379 .
2772 1319 3088 1392 diffugiunt,
3125 1331 3453 1382 metuentes.
3482 1341 3548 1377 ne

1980 1411 2161 1466 scelus
2220 1426 2380 1464 suum
2445 1410 2682 1480 piarent.
2740 1409 2912 1464 Porro
2958 1413 3193 1480 pepulus
3236 1428 3593 1481 quanquam-

1981 1504 2200 1566 victus,
2231 1510 2285 1555 cl
2313 1501 2500 1563 miser,
2535 1517 2603 1555 ne
2637 1503 2720 1556 sic
2756 1510 2934 1556 tamen
2964 1517 2996 1556 a
3031 1518 3128 1556 sua
3162 1519 3287 1572 erga
3322 1505 3554 1572 impera-

1982 1603 2157 1648 torem
2203 1594 2544 1662 malignitate
2597 1603 2920 1664 temperat:
2980 1595 3075 1649 sed
3126 1594 3265 1648 intra
3321 1597 3552 1658 urbem,

1985 1695 2254 1756 quotquot
2290 1701 2397 1738 non
2429 1692 2589 1738 erant
2635 1685 2820 1754 capti,
2871 1683 3184 1740 firmissima
3219 1687 3353 1740 turri
3389 1703 3558 1741 orcu-

1985 1787 2134 1848 pata,
2167 1792 2384 1846 unaque
2423 1776 2730 1846 platearum
2766 1777 2976 1848 magnis
3029 1779 3276 1834 trabibus
3301 1779 3554 1848 obsepta,

309 1855 559 1952 γμένων,
597 1876 1088 1947 συναρπάσαντες,
1157 1869 1590 1952 προσεχώρησαν
1648 1867 1878 1935 βασιλεῖ.

1991 1869 2379 1940 imperatorios
2417 1867 2743 1938 ingruentes
2799 1871 3087 1924 arcebant.
3134 1871 3237 1936 Qui
3292 1872 3557 1926 mallcol's

308 1949 513 2028 Abrixa
553 1970 608 2023 δὲ
642 1970 736 2022 καὶ
766 1969 814 2021 oi
847 1967 988 2037 μετὰ
1024 1963 1122 2018 τοῦ
1156 1949 1418 2034 βᾶσιλέως
1456 1958 1874 2030 ἐπιδραμόντες,

303 2063 446 2118 εἷλον
477 2062 538 2116 ού
577 2059 844 2123 πολλούς’
879 2054 1021 2128 ἦσαν
1046 2060 1155 2127 γάρ
1201 2055 1372 2123 ὀλίγοι
1415 2054 1510 2108 καὶ
1547 2053 1718 2107 αὐτοι·
1755 2054 1877 2104 Διεο
1908 2112 1910 2114 τ

300 2156 586 2225 δίδρασκον
635 2152 692 2207 δὲ
732 2151 829 2204 καὶ
893 2145 1418 2218 ’Δδριανουπολιτῶν
1470 2145 1586 2197 ὅσοι
1643 2143 1879 2214 μάλιστα

301 2247 488 2309 κακῶς
538 2245 626 2298 τδν
680 2242 946 2313 βασιλέως
1003 2240 1192 2306 ελεγον
1225 2238 1339 2291 υἱὸν
1389 2235 1872 2307 πολιορκούμενον,

302 2337 572 2399 δείσαντες
602 2335 678 2404 μὴ
701 2333 800 2403 τῆς
824 2330 1225 2400 ἀγνωμοσύνης
1251 2328 1383 2382 δῶσι
1405 2327 1585 2390 δίκας.
1622 2325 1680 2380 '0
1705 2325 1879 2394 δῆμος

307 2428 358 2481 δὲ
385 2427 494 2481 οὐδ’
525 2427 668 2479 οὕτω
697 2427 900 2494 καίπερ
929 2423 1254 2492 ἡττημένος,
1297 2422 1393 2474 καὶ
1417 2419 1874 2488 κακοπραγήσας,

318 2520 478 2587 ὒφῆκε
522 2517 624 2586 τῆς
671 2515 806 2586 πρὸς
863 2513 1090 2594 βασιλέα
1140 2513 1501 2580 δυσμενείας·
1561 2509 1676 2564 ἀλλ’
1719 2510 1871 2562 ἔνδον

320 2610 578 2676 γενόμενοι
619 2608 720 2676 τῆς
774 2607 982 2668 πόλεως
1033 2606 1148 2658 ὅσοι
1203 2604 1277 2675 μὴ
1319 2603 1588 2668 ἑάλωσαν,
1646 2603 1742 2656 καὶ
1789 2601 1880 2654 τὶν

313 2701 723 2772 καρτερώτατον
754 2699 863 2752 τῶν
917 2697 1142 2766 πύργων
1203 2697 1592 2764 κατασχόντες,
1631 2693 1761 2764 μίαν
1819 2708 1880 2744 τε

308 2793 412 2845 τῶν
440 2792 646 2858 ἀγυιῶν
679 2792 855 2853 δοκοῖς
910 2788 1335 2859 συμςράξαντες
1403 2785 1694 2856 μεγάλαις,
1735 2782 1881 2853 ,ἠμύο

306 2901 460 2939 νοντο
486 2885 720 2948 ἑστῶτες
752 2884 1004 2946 ἐπιόντας
1049 2883 1174 2944 τοὺς
1209 2881 1542 2952 βασιλικούς.
1572 2882 1634 2934 Oi
1675 2880 1719 2933 δ’
1747 2881 1882 2932 ὲνῖε-

308 2991 407 3027 σαν
457 2974 570 3045 πῦρ
623 2975 764 3027 κατά
822 2973 930 3027 τῶν
985 2973 1196 3032 οἰκιῶν.
1247 2974 1354 3026 Καὶ
1398 2973 1494 3025 σὺν
1525 2971 1672 3041 πόνῳ
1702 2969 1880 3024 οὐδενὶ

306 3064 682 3136 περιεγίνοντο
712 3064 821 3117 τῶν
855 3066 1354 3134 ἀντιτεταγμένων.
1387 3064 1738 3134 Τραπόμενοι
1771 3061 1880 3129 γάρ

1984 1963 2038 2018 in
2075 1971 2218 2016 tecta
2254 1961 2555 2031 conjectis,
2601 1961 2739 2014 citra
2777 1961 3024 2014 laborem
3058 1961 3406 2017 adversarios
3437 1963 3556 2015 vin-

1982 2053 2204 2108 cebant.
2241 2051 2392 2106 Illico
2432 2067 2666 2120 namque
2704 2052 2756 2105 in
2808 2051 2990 2122 fugam
3039 2054 3316 2119 conversi,
3355 2054 3445 2107 alii
3498 2069 3557 2109 se

1980 2145 2036 2200 in
2094 2145 2335 2228 latebras
2382 2145 2716 2211 condebant,
2757 2145 2850 2200 alii
2904 2146 2972 2200 ad
3025 2147 3228 2216 templa
3276 2146 3557 2217 supplices

1985 2237 2402 2306 confugiebant.
2436 2237 2636 2292 Milites
2673 2253 2806 2292 vero
2844 2238 3037 2294 domos
3085 2238 3456 2309 diripiebant,
3491 2255 3556 2293 ac

1982 2331 2304 2386 diruebant.
2342 2331 2416 2384 Ea
2451 2347 2631 2400 pugna
2662 2331 2932 2385 vulnerati
2966 2341 3096 2385 sunt
3134 2333 3364 2402 aliquot,
3392 2348 3556 2396 nemo

1981 2419 2203 2475 cecidit.
2251 2419 2387 2475 Cum
2451 2419 2565 2487 jam
2619 2403 2804 2476 omnia
2856 2431 3214 2485 tenerentur,
3254 2422 3555 2492 imperator

1982 2507 2162 2577 ignem
2225 2507 2518 2578 restingui,
2571 2509 2776 2565 milites
2803 2525 2832 2564 a
2863 2510 2912 2563 vi
2940 2521 2996 2563 et
3024 2509 3427 2581 direptionibus
3454 2514 3556 2566 ab-

1983 2601 2227 2663 stinere,
2263 2606 2318 2654 et
2358 2600 2613 2655 dominos
2647 2603 2844 2656 aedium
2899 2603 3110 2673 reliqua
3167 2604 3272 2658 sibi
3318 2606 3556 2661 retinere

1977 2691 2168 2761 jussit.
2205 2692 2363 2760 Capti
2400 2709 2427 2744 a
2461 2692 2724 2748 Barbaris
2764 2693 2960 2748 diebus
2991 2696 3182 2764 paucis
3216 2697 3558 2767 pr0pinquo-

1983 2800 2104 2838 rum
2135 2783 2366 2854 pecunia
2400 2784 2668 2854 redempti
2704 2795 2866 2854 sunt;
2914 2801 3015 2842 nec
3045 2788 3192 2841 enim
3221 2797 3333 2844 tota
3381 2775 3554 2852 urbs,

1981 2891 2084 2930 nec
2165 2876 2371 2944 ubique
2457 2875 2673 2945 direpta
2744 2877 2848 2931 fuit
2886 2919 2900 2939 ,
2958 2878 3062 2934 sed
3125 2895 3215 2934 res
3273 2880 3558 2936 familiaris

1981 2968 2273 3032 duntaxat,
2312 2985 2503 3036 quam-
2534 2969 2738 3022 milites
2773 2969 3024 3038 patribus
3065 2969 3298 3026 familias
3361 2973 3558 3028 tolera—

1985 3063 2080 3116 bili
2121 3065 2299 3132 pretio
2339 3065 2698 3118 reddiderunt
2753 3079 2771 3118 :
2824 3073 2880 3118 et
2912 3063 3161 3119 Catalani
3207 3065 3556 3134 praesertim,

304 3158 528 3221 αὐτίκα,
583 3157 632 3210 oi
691 3156 792 3225 μὲν
849 3158 907 3209 ἐν
959 3155 1174 3218 ἀδύτοις
1224 3157 1701 3226 κατεκρύπτοντο,
1752 3152 1802 3204 οἱ
1833 3151 1877 3203 δ’

1985 3154 2080 3222 qui
2117 3164 2171 3207 et
2205 3170 2314 3221 pra'
2344 3155 2466 3209 aliis
2504 3155 2672 3208 multa
2705 3165 3017 3224 rapuerant,
3051 3165 3107 3210 et
3133 3155 3260 3218 sibi,
3295 3163 3349 3209 nl
3393 3171 3553 3225 pere-

306 3246 550 3299 ἱκέτευον
578 3247 633 3298 ὲν
682 3244 950 3313 ίεροῖς.Ἦ
981 3243 1211 3312 στρατιά
1251 3243 1310 3296 δὲ
1355 3241 1633 3309 διεπόρθει
1676 3244 1774 3304 τὰς
1805 3241 1880 3292 οἱ·

305 3337 455 3401 κίας,
510 3338 604 3391 καὶ
657 3337 967 3408 διήρπασαν
1019 3336 1087 3388 τά
1155 3335 1302 3388 ὅντα.
1341 3334 1604 3408 Ἀπέθανε
1646 3333 1744 3402 μέν
1796 3349 1879 3385 τοι

307 3429 430 3483 κατ’
458 3428 675 3498 ἐκείνην
734 3427 835 3498 τὴν
891 3426 1069 3496 μάχην
1106 3425 1226 3478 οὐδὲ
1280 3419 1381 3489 εἷς,
1435 3423 1772 3495 τραυματίαι
1824 3421 1880 3474 δὲ

306 3524 557 3590 ἐγένοντο
589 3519 751 3582 τινές.
795 3518 1024 3571 Ἔπειτα
1054 3517 1129 3580 ὼς
1169 3516 1266 3586 ἤδη
1299 3515 1475 3568 πάντα
1505 3515 1700 3584 εἴχετο,
1734 3513 1792 3566 τό
1819 3527 1879 3564 τε

309 3613 425 3684 πῦρ
447 3611 696 3665 ικέλευεν
723 3611 753 3662 ό
798 3609 1050 3679 βασιλεὺς
1083 3605 1393 3670 σϐεννύναι,
1437 3605 1532 3658 καὶ
1581 3602 1881 3674 ἀπέχεσθαι

305 3705 411 3774 τῆς
435 3705 686 3775 ἁρπαγῆς
705 3701 831 3764 τοὺς
863 3699 1222 3769 στρατιώτας,
1252 3698 1346 3751 καὶ
1375 3697 1499 3761 τοὺς
1525 3697 1744 3767 κυρίους
1772 3697 1882 3748 τῶν

308 3797 499 3850 οίκιῶν
530 3795 598 3849 τά
626 3792 1066 3862 ὑπολελειμμένα
1097 3790 1260 3859 ἔχειν,
1287 3791 1384 3842 καὶ
1419 3787 1625 3858 μηδένα
1654 3786 1879 3841 ἀδικεῖν.

314 3885 379 3938 Οί
419 3884 520 3954 μέν
562 3900 644 3936 τοι
681 3879 1202 3952 ἀνδραποδισθέντες
1254 3877 1360 3930 ὑπὸ
1403 3877 1512 3930 τῶν
1564 3876 1878 3947 βαρϐάρων,

311 3977 370 4028 ἐν
403 3975 610 4043 ὀλίγαις
655 3975 888 4045 ἡμέραις
919 3971 1023 4024 ὑπὸ
1051 3971 1158 4023 τῶν
1185 3970 1406 4022 οἰκείων
1447 3968 1724 4040 χρήμασιν
1759 3965 1882 4018 ἐλύ-

313 4067 506 4139 θησαν.
539 4067 614 4121 Οὐ
645 4067 757 4136 γάρ
789 4067 936 4118 πᾶσα
966 4066 999 4135 ἡ
1029 4063 1183 4124 πόλις
1205 4060 1547 4132 διηρπάσθη,
1588 4059 1710 4113 οὐδὲ
1745 4076 1882 4112 πανο

314 4164 552 4213 τάπασιν
575 4176 590 4191 ⁸
618 4159 736 4214 ἀλλ’
765 4159 892 4210 ὅσον
923 4160 979 4210 ὲν
1010 4155 1260 4218 ὲπίπλοις
1288 4151 1358 4226 ἦν
1390 4154 1484 4207 καὶ
1521 4153 1738 4207 σκεύεσι
1772 4154 1883 4216 τοῖς

313 4254 456 4304 κατά
495 4252 595 4322 τὴν
632 4249 834 4312 οἰκίαν,
888 4247 924 4301 ἀ
969 4249 1016 4300 oi
1054 4246 1387 4316 στρατιῶται
1426 4244 1582 4308 αὖθις
1623 4244 1884 4298 ἀπέδοντο

313 4342 533 4405 εύὼνως
583 4343 698 4404 τοῖς
725 4341 956 4409 κυρίοις,
1005 4339 1102 4392 καὶ
1154 4337 1389 4408 μάλιστα
1447 4337 1498 4390 οἱ
1558 4335 1880 4398 Κατελάνοι,

313 4431 366 4484 οἳ
427 4431 598 4484 πλείω
654 4447 713 4483 τε
776 4430 1084 4498 διήρπασαν
1145 4428 1258 4482 τῶν
1319 4427 1520 4491 ἄλλων,
1581 4429 1675 4480 καὶ
1707 4426 1882 4496 ἄχρη-

315 4539 420 4575 στα
490 4523 672 4584 αὐτοῖς
734 4521 964 4591 ἡγοῦντο
1029 4520 1203 4586 ξένοις

313 4615 472 4668 Μετὰ
499 4613 656 4664 τοῦτο
701 4612 757 4664 δὲ
813 4611 1063 4680 βασιλεὺς
1121 4611 1220 4680 μὲν
1267 4611 1294 4662 ό
1332 4608 1783 4678 Καντακουζηνὸς
1826 4607 1883 4661 ὲν

331 4705 610 4775 Ἀδριανοῦ
667 4705 760 4766 τάς
808 4705 1282 4774 προσχωρητάσας
1327 4704 1458 4773 πρὸς
1512 4702 1741 4772 βασιλέα
1792 4704 1884 4756 τὸν

315 4799 440 4850 νέον
464 4799 645 4860 πόλεις
677 4797 880 4850 ἐκάκου
915 4797 1153 4864 πέμπων
1185 4794 1470 4866 στρατιάν,
1503 4795 1626 4848 ὅσαι
1677 4794 1751 4865 μὴ
1792 4794 1886 4848 ὑπ’

311 4889 528 4943 εκείνου
574 4888 970 4959 παρεδόθησαν.
1013 4887 1281 4950 Ἐκείναις
1323 4887 1430 4957 γάρ
1463 4886 1568 4938 οὐκ
1610 4885 1748 4956 ᾤετο
1775 4885 1886 4938 δεῖν

311 4979 763 5049 ἐπιστρατεύειν,
818 4980 927 5032 οὐδ’
974 4975 1364 5032 ἀνακαλεῖσθαι
1418 4977 1886 5047 παραδεδομέναις

313 5075 415 5129 ὑπ’
444 5072 610 5127 αὑτοῦ
639 5073 774 5142 πρὸς
801 5074 892 5126 τὸν
939 5071 1211 5142 γαμϐρόν.
1258 5069 1506 5124 Μάλιστα
1549 5068 1594 5122 δ’
1635 5071 1885 5122 ἐκάκωσε

305 5165 418 5235 ’τὴν
465 5163 869 5234 Τζερνομιάνου
901 5164 988 5216 καὶ
1037 5161 1288 5228 ἐξεπίεσε
1345 5159 1682 5230 λεηλασίαις,
1724 5158 1882 5230 ἄχρις

306 5275 383 5311 ου
431 5259 569 5324 σφᾶς
621 5255 948 5323 παρέδοσαν,
998 5255 1095 5308 καὶ
1157 5252 1256 5323 τὴν
1289 5252 1445 5306 πόλιν
1517 5251 1884 5320 ὲκτριϐἐντες.

319 5348 559 5402 Ἐκεῖνοι
597 5347 704 5416 κάρ
757 5345 850 5399 ὑπ’
897 5344 1156 5406 ἀϐουλίας
1196 5331 1293 5397 καὶ.
1337 5342 1515 5413 ὁρμῆς
1566 5341 1884 5411 ἐμπλήκτου

310 5443 417 5493 καὶ
447 5438 751 5510 παραϐόλου
796 5437 1068 5506 μηδεμιᾶς
1120 5435 1368 5506 ἀνάγκης
1402 5433 1569 5503 οὔσης
1602 5433 1703 5486 οὐκ
1749 5433 1885 5487 ἁπέ-

310 5547 528 5599 στησαν
557 5532 738 5601 μόνον,
773 5529 910 5583 ἀλλά
937 5528 1032 5582 καὶ
1056 5528 1382 5598 γράμμασιν
1411 5526 1635 5596 ἐδήλουν
1670 5524 1747 5588 ὡς
1771 5523 1886 5577 οὗθ’

307 5625 634 5679 ὑπείκουσιν
662 5622 832 5692 αὐτῷ,
863 5619 986 5675 οὔτε
1023 5620 1248 5691 βασιλέα
1296 5622 1536 5674 οῐονταιο
1589 5618 1706 5672 ἀλλ’
1750 5618 1804 5671 εἴ
1835 5635 1888 5671 τι

300 5715 531 5772 δύναιτο
558 5713 696 5785 πρὸς
741 5712 942 5770 αὐτοὺς
974 5711 1201 5782 μηδενὸς
1245 5709 1601 5780 καταμελεῖν.
1643 5707 1758 5777 Ἐφ’
1803 5702 1886 5770 οἷς

302 5811 451 5881 ὀργῇ
483 5809 809 5878 φερόμενος,
842 5803 1088 5875 ἠμύνατο
1111 5801 1274 5868 ἀξίως
1300 5802 1398 5874 τῆς
1425 5799 1882 5874 παραφροσύνης.

1965 3248 2175 3316 prinis,
2217 3255 2272 3302 et
2305 3246 2512 3316 absque
2542 3248 2682 3313 lare,
2707 3247 2923 3302 inutilia
2953 3247 3361 3301 existimabant.
3390 3247 3555 3317 843

1985 3338 2081 3393 llis
2113 3339 2271 3403 actis,
2307 3339 2606 3412 imperator
2634 3338 3047 3394 Cautacuzcnus
3063 3338 3412 3409 Adrianopoli
3443 3355 3558 3392 ma-

1986 3443 2170 3492 nens,
2236 3428 2402 3483 urbes
2451 3444 2572 3498 qua:
2632 3428 2698 3482 ad
2740 3428 3103 3500 Palatologum
3166 3429 3554 3498 imperatorem

1983 3520 2334 3575 desciverant
2360 3562 2374 3585 ,
2405 3536 2654 3590 quasque
2687 3519 2736 3575 ei
2789 3535 2898 3575 non
2930 3521 3218 3575 addixerat
3248 3521 3382 3590 (illis
3405 3521 3554 3575 enim

1983 3612 2342 3682 parcendum,
2383 3627 2562 3681 neque
2592 3613 2658 3667 ad
2686 3629 2744 3668 se
2770 3613 3106 3668 revocandas
3131 3613 3401 3683 putabat),
3421 3613 3556 3668 mis-

1982 3703 2062 3758 sis
2119 3703 2297 3773 copiis
2323 3703 2643 3758 incursavit.
2696 3705 2754 3759 In
2791 3705 2986 3774 primis
3030 3711 3211 3758 autem
3242 3704 3560 3759 Zernomia-

1983 3810 2181 3851 nenses
2233 3795 2677 3865 populationibus
2709 3795 3026 3851 infestavit:
3055 3796 3231 3851 donec
3278 3795 3449 3850 attriti
3492 3811 3552 3849 se

1984 3884 2292 3953 urbemque
2326 3885 2450 3953 ejus
2487 3884 3088 3957 potestati‘traderent.
3123 3885 3258 3939 Nam
3297 3884 3374 3939 illi
3407 3884 3556 3938 nulla

1986 3975 2211 4046 impulsi
2264 3979 2617 4042 necessitate,
2647 3977 2956 4034 temeritate
2989 3977 3247 4047 quadam,
3275 3977 3557 4044 conlidgno

1986 4067 2061 4123 tia
2119 4075 2175 4122 et
2227 4067 2438 4123 insania
2479 4081 2590 4121 non
2616 4068 2780 4124 modo
2809 4068 3195 4134 desciverant;
3229 4069 3324 4124 sed
3359 4069 3562 4124 litteris

1984 4173 2206 4228 quoque
2223 4159 2494 4214 necseilli
2528 4159 3024 4229 obtemperaturos,
3063 4175 3163 4216 nec
3197 4176 3300 4230 pro
3322 4162 3561 4230 impera»

1987 4258 2104 4302 tore
2121 4247 2406 4317 agnitnros
2424 4248 2866 4304 ostenderant.Si
2887 4249 3016 4319 quid
3038 4259 3229 4304 contra
3241 4266 3338 4305 eos
3354 4259 3560 4318 posset,

1981 4355 2054 4410 nc
2072 4339 2374 4394 omitteret.
2391 4339 2572 4405 Quare
2587 4340 2667 4394 ira
2691 4342 2952 4410 percitus,
2969 4356 3066 4410 pro
3083 4341 3362 4396 dementia
3381 4342 3435 4395 in
3466 4356 3561 4394 eos

1985 4427 2298 4482 vindicavit.
2322 4427 2762 4501 Didymoticbum
2780 4445 2955 4499 neque
2971 4432 3274 4485 exercitum
3293 4429 3559 4496 admovit,

1283 4518 1402 4572 οὖσι
1476 4520 1573 4572 καὶ
1649 4517 1878 4578 ἀοίκοις.

1990 4533 2166 4588 neque
2184 4519 2294 4572 ullo
2313 4518 2580 4587 maleficio
2595 4520 2803 4584 nocuit,
2823 4520 2968 4589 quod
2983 4521 3256 4590 juniorem
3273 4521 3566 4591 imperato-

1987 4604 2104 4664 rem
2125 4610 2284 4665 valde
2307 4611 2579 4678 diligeret.
2598 4612 2734 4666 Nam
2749 4623 2804 4667 et
2820 4613 2964 4667 bello
2979 4621 3086 4667 tam
3103 4614 3414 4677 manifesto,
3434 4631 3568 4669 cou-

1988 4701 2212 4758 siliariis
2247 4703 2527 4774 praecipue
2563 4704 2779 4776 culpam
2830 4707 3106 4760 tribuebat
3132 4716 3232 4762 :‘et
3260 4708 3406 4778 quod
3439 4705 3566 4778 age;

1986 4795 2171 4858 batur,
2233 4810 2343 4848 non
2401 4795 2689 4864 probabat.
2731 4796 2807 4851 De
2860 4799 3230 4866 propensiene
3273 4815 3404 4854 vero
3435 4816 3566 4871 erga

1987 4902 2250 4957 generum
2321 4901 2388 4940 eo
2441 4901 2616 4956 usque
2651 4889 2790 4942 nibil
2849 4889 3214 4947 diminuebat.
3268 4892 3569 4962 Imperator

1980 4975 2170 5049 junior
2202 4977 2305 5032 sibi
2343 4993 2565 5047 quoque
2589 4994 2698 5034 non
2723 4980 2937 5047 deerat,
2973 4982 3067 5036 sed
3103 4983 3271 5038 urbes
3292 4985 3568 5040 Cantacu-

1987 5070 2110 5124 zeni
2144 5071 2450 5140 premebat,
2473 5079 2531 5126 et
2567 5086 2598 5126 a
2630 5070 2790 5129 Crale
2813 5088 2880 5129 ex
2917 5085 3078 5145 pacto
3110 5077 3374 5132 auxilium
3412 5087 3568 5148 pete-

1989 5161 2123 5215 bat:
2161 5160 2255 5230 qui
2304 5160 2443 5215 nihil
2491 5171 2784 5218 cunctatus
2821 5164 3204 5232 promittebat,
3235 5167 3279 5222 si
3321 5169 3570 5225 obsident

1989 5253 2095 5305 sibi
2129 5252 2352 5307 fratrem
2385 5253 2564 5306 daret.
2599 5253 2902 5323 Imperator
2928 5257 3047 5311 sine
3079 5273 3231 5313 mora
3260 5260 3566 5316 Manueletu

1989 5344 2277 5414 despotam
2305 5343 2370 5398 ad
2396 5343 2611 5400 Cralem
2637 5362 2736 5415 pro
2760 5347 2953 5403 obside
2977 5350 3251 5418 proficisci
3277 5354 3463 5423 jussit.
3494 5356 3572 5409 Eo

1991 5444 2216 5505 recepto
2279 5449 2478 5504 agmen
2531 5437 2862 5492 instructum
2898 5438 3158 5507 mittitur,
3198 5444 3449 5513 equitum
3481 5461 3569 5500 sc-

1991 5537 2139 5597 ptem
2173 5527 2366 5590 millia,
2404 5542 2546 5596 quos
2574 5527 2888 5585 Cosmitzus
2915 5530 3294 5606 Borilobices,
3331 5551 3473 5590 unus
3498 5537 3568 5590 de

1991 5617 2354 5677 nobilissimis
2377 5618 2774 5687 Triballorum,
2799 5621 3056 5678 ducebat.
3081 5625 3390 5681 Alexander
3415 5628 3581 5690 item,

1992 5707 2290 5764 Moesorum
2347 5722 2473 5776 rex,
2526 5720 2753 5779 rogatus
2780 5709 3090 5764 subsidium
3121 5711 3272 5764 misit
3302 5727 3317 5764 :
3353 5725 3570 5780 semper

1992 5797 2143 5855 enim
2187 5797 2237 5856 ei
2283 5809 2578 5871 suspectus
2604 5812 2722 5857 erat
2753 5800 3209 5881 Cantacuzenus,
3255 5801 3413 5872 quasi
3443 5802 3574 5860 Per.
