4056 6466
444 397 552 462 263

1550 426 1554 430 -
1624 385 1952 447 JOANNIS
1985 385 2126 445 CAN
2150 383 2518 444 i'ACUZENl'

3497 341 3506 347 “
3577 378 3688 441 εει

448 519 652 572 bellum
684 526 914 566 cernens
948 522 1268 579 augescere,
1305 503 1624 558 maestitiam
1663 503 1934 571 capiebat,
1963 512 2020 555 ct

2137 501 2296 571 ίρκης
2347 500 2404 553 δὲ
2431 518 2459 553 ο
2490 497 2641 554 xm
2669 515 2789 560 ato;
2828 495 2997 550 πολλὰ
3055 495 3182 565 περὶ
3210 495 3434 565 εἰρήνης
3477 495 3692 564 βασιλεῖ

443 605 596 679 pacis
640 601 1011 663 adversarios,
1065 608 1125 650 ut
1181 593 1443 649 llotnanis
1489 592 1558 645 de
1605 592 1817 659 integro
1852 591 2019 658 pluri-

453 711 666 750 marum
688 693 1030 746 miseriarum
1053 697 1334 747 auctores.
1355 684 1579 739 sceleris
1595 683 1896 737 condenma
1907 684 2014 736 bat.

443 789 858 847 Verumtamen,
900 797 994 849 spe
1044 780 1195 849 pacis
1227 777 1470 831 nondum
1520 775 1790 843 deposita,
1837 775 2018 827 denuo

446 877 750 930 illanuelcm
783 873 1229 928 Cautacuzenuni
1264 869 1593 938 patruelem,
1625 877 1682 920 et
1709 866 2018 935 illeiroplia-

448 982 573 1022 nem
629 965 877 1020 hicleiiici
927 963 1242 1032 episcopum
1274 960 1340 1013 ad
1381 958 1654 1028 juniorem
1708 957 1868 1026 legat.
1924 956 2019 1008 ad-

351 1053 354 1058 ’
446 1074 680 1112 monens
714 1057 792 1111 uti
836 1055 1001 1108 rebus
1028 1054 1185 1106 novis
1217 1066 1335 1118 sup:
1355 1049 1582 1103 rSt'dCllS
1611 1063 1641 1101 a
1674 1047 1819 1100 bello
1851 1047 2021 1102 faces-

447 1162 552 1204 sat.
580 1147 925 1203 Consiliariis
952 1155 1134 1199 autem
1158 1151 1345 1212 aperte
1363 1139 1784 1209 refragantibus,
1806 1154 2021 1208 pacem-

448 1256 558 1310 que
611 1238 1055 1308 repudiantibus.
1109 1246 1169 1288 ut
1213 1233 1374 1304 legati
1425 1234 1613 1286 inanes
1655 1238 2019 1291 reverterat,

448 1332 868 1386 Cantacuzenus
915 1345 1024 1382 non
1069 1326 1303 1394 amplius
1345 1333 1661 1382 cunctatus.
1695 1323 2023 1376 deserti-ires

447 1424 727 1488 civitates,
764 1421 1039 1476 Morrham
1077 1417 1404 1489 praiserlim,
1437 1427 1490 1470 et
1516 1415 1650 1469 alias
1678 1412 2024 1477 RIIOdO;.CiaS

451 1509 716 1565 Romanis
769 1511 1045 1580 subjectus
1086 1509 1297 1578 (plures
1341 1507 1489 1562 enim
1541 1521 1600 1560 se
1626 1504 1829 1575 iuniori
1865 1502 2021 1557 dedi-

447 1602 685 1671 derant),
715 1601 982 1656 molestiis
1042 1611 1204 1668 atque
1249 1600 1464 1653 damnis
1489 1597 1702 1652 allicere
1739 1610 2025 1666 aggressus

447 1701 552 1746 est.
583 1693 780 1748 Postea
830 1693 1012 1746 missis
1042 1689 1364 1746 cohortibus
1390 1689 1739 1745 Chalcidicen
1773 1689 2024 1743 infestam

450 1777 656 1833 habere
701 1779 899 1848 jussit:
952 1795 1058 1831 non
1117 1779 1266 1847 ipsos
1305 1776 1532 1846 quidem
1589 1776 1796 1830 incolas
1830 1775 2026 1830 laedere

2122 592 2202 661 τῷ
2248 592 2352 659 νέῳ
2399 589 2727 658 διαλεχθεὶς,
2753 587 2876 640 ἐπεὶ
2913 587 3077 658 μηδὲν
3102 586 3286 639 ἀνύειν
3313 586 3422 638 τῶν
3463 587 3691 640 δεόντων

2123 679 2266 753 εἶχε,
2298 683 2406 733 τῶν
2435 683 2561 748 περὶ
2589 680 2814 750 βασιλέα
2852 679 2950 731 οὐκ
2992 677 3226 741 ἐώντων,
3278 677 3392 730 ἀλλ’
3418 677 3679 748 ἐξορμῶν-

2124 792 2234 828 των
2260 774 2462 843 μᾶλλον
2489 773 2714 843 βασιλέα
2751 771 2886 840 πρὸς
2929 770 3019 822 τὸν
3050 769 3312 838 πόλεμον,
3366 770 3461 821 καὶ
3523 769 3692 838 μηδὲν

2128 867 2359 933 ἀγεννὲς
2384 865 2679 931 ὑπομένειν
2711 859 3119 931 παραινούντων
3141 859 3228 912 διὰ
3257 859 3356 929 τὴν
3407 875 3695 930 κακοπρα-

2126 959 2273 1026 γίαν.
2337 956 2455 1011 ἀλλ’
2485 955 2704 1026 ἔχεσθαι
2759 953 2866 1005 τῶν
2926 953 3209 1022 προτέρων
3265 951 3560 1018 λογισμῶν,
3619 950 3694 1010 ὡς

2127 1049 2364 1116 κρείττω
2401 1047 2622 1107 πάντως
2647 1044 2923 1113 ’ἐσόμενον
2975 1043 3084 1094 τῶν
3123 1040 3418 1107 πολεμίων,
3469 1041 3562 1093 καὶ
3595 1042 3696 1108 τὴν

2127 1138 2302 1207 ἀρχὴν
2334 1135 2774 1203 ἀνασωσό;,.ενον,
2808 1133 3140 1200 ἀνέστρεφεν
3171 1132 3247 1192 είς
3270 1129 3370 1199 τὴν
3413 1129 3694 1196 Ἀδριανοῦ

2130 1231 2265 1302 πρὸς
2301 1230 2549 1298 βασιλέα,
2583 1229 2677 1281 καὶ
2701 1227 2810 1280 τῶν
2845 1225 3054 1294 ἀνδρῶν
3083 1223 3392 1294 ἀπήγγελλε
3421 1223 3520 1292 τὴν
3563 1240 3697 1290 μοχο

2129 1321 2576 1392 Θτ,ρίαν,ὅτιτῆς
2612 1319 2746 1381 ἰδίας
2810 1318 3083 1386 ὠφελείας
3141 1317 3326 1378 ἕνεκα,
3377 1315 3453 1376 ὡς
3505 1313 3696 1384 ᾤοντο,

2131 1412 2486 1484 προύδίδοσαν
2524 1411 2591 1464 τὰ
2625 1413 2784 1480 κοινῇ
2807 1408 3210 1470 λυσιτελοῦντα,
3269 1406 3365 1459 καὶ
3397 1406 3486 1458 τὸν
3542 1405 3702 1457 πολε-

2133 1521 2235 1576 μον
2288 1502 2632 1572 παρώξυνον.
2716 1501 2973 1563 Βασιλεὺς
3017 1499 3077 1552 δὲ
3137 1502 3194 1578 ὀί
3223 1497 3696 1567 Καντακουζηνδς,

2131 1598 2321 1668 ἠνιᾶτο
2364 1595 2463 1664 μὲν
2515 1592 2906 1662 αὐξανόμενον,
2956 1591 3100 1661 ὁρῶν
3151 1590 3243 1644 τὸν
3307 1592 3566 1660 πόλεμον,
3605 1592 3698 1645 καὶ

2131 1690 2258 1752 τοὺς
2307 1685 2615 1747 κωλύοντας
2663 1685 2763 1752 τὴν
2813 1684 3040 1753 εἰρήνην
3097 1685 3156 1735 ὲν
3190 1683 3393 1744 αἰτίαις
3441 1682 3700 1744 ἐποιεῖτο,

2131 1782 2208 1843 ὡς
2245 1781 2454 1834 πολλῶν
2480 1777 2636 1841 αὖθις
2658 1775 3087 1844 δυστυχημάτων
3158 1775 3352 1841 πεῖραν
3395 1774 3703 1840 ἐπάγοντας

447 1869 691 1938 cupiens
725 1869 894 1932 (haud
931 1869 1080 1922 enim
1109 1868 1320 1938 justum
1360 1866 1611 1936 putabat,
1636 1881 1775 1935 quos
1810 1864 2027 1934 ipseju-

2147 1871 2460 1941 Ῥωμαίοις.
2493 1870 2678 1938 Μήπω
2723 1867 2779 1920 δὲ
2820 1867 2959 1936 πρὸς
2989 1863 3088 1934 τὴν
3118 1865 3344 1934 εἰρήνην
3389 1866 3704 1933 ἀπηγορευ-

450 1958 598 2012 niori
643 1961 831 2013 volens
867 1960 1203 2023 tradidisset,
1240 1958 1308 2013 iis
1341 1959 1496 2029 quasi
1542 1958 1904 2013 oil‘cndissent
1939 1956 2026 2012 iu-

452 2050 849 2116 commodare),
870 2050 963 2104 sed
990 2050 1116 2119 quia
1147 2048 1512 2114 Morrhenses,
1539 2048 1631 2118 qui
1673 2041 1868 2118 partim
1903 2062 2030 2117 pro-

455 2147 578 2207 pter
623 2139 963 2193 vicinitatem
999 2139 1150 2202 belli,
1195 2139 1394 2209 partim
1443 2140 1590 2207 quod
1639 2141 1790 2209 regio
1823 2139 1911 2192 illa
1946 2137 2028 2190 hi-

455 2226 630 2282 berno
681 2237 929 2297 tempore
985 2239 1212 2297 propter
1284 2228 1682 2296 apricationem
1737 2235 1792 2280 et
1837 2227 2023 2296 pabuli

457 2317 763 2372 ubertatem
794 2318 1253 2387 suppeditandam
1281 2318 1465 2387 pecori
1491 2318 1671 2387 aptior
1691 2326 1856 2383 esset,
1885 2331 2032 2387 mag—

456 2422 581 2460 nam
616 2407 724 2460 vim
776 2422 844 2462 eo
891 2419 1139 2477 egerant,
1196 2408 1268 2460 ita
1305 2407 1487 2462 facere
1517 2417 1796 2476 cogerent.
1840 2406 2032 2460 incur-

455 2503 646 2549 santes
679 2495 846 2563 igitur
874 2511 937 2548 ea
969 2497 1088 2549 loca
1118 2495 1343 2558 milites,
1393 2504 1593 2565 pra-ter
1620 2495 1916 2550 Morrliaos
1953 2495 2035 2548 in-

461 2585 692 2654 digenas
720 2601 938 2655 quoque
972 2587 1254 2656 (quoniam
1287 2586 1388 2640 etsi
1424 2585 1660 2639 maxime
1688 2586 1908 2649 vellent,
1938 2601 2035 2641 eos

457 2676 859 2740 internoscere,
907 2692 971 2732 ac
1004 2677 1321 2731 discernere
1351 2691 1461 2731 non
1502 2676 1772 2746 poterant)
1799 2679 2036 2732 avariter

456 2765 756 2833 depraedati
783 2775 932 2820 sunt.
974 2765 1355 2834 Didymoticho
1386 2761 1611 2836 propter
1645 2781 1908 2835 generum
1936 2782 2034 2821 no-

456 2853 570 2906 ceri
595 2855 790 2908 vetuit.
831 2856 1090 2910 Morrhmi
1125 2855 1310 2924 itaque
1343 2857 1514 2910 armis
1537 2857 1892 2912 vehementer
1917 2861 2034 2928 agi-

459 2946 587 3010 tati,
647 2947 968 3018 vexatique,
1016 2948 1084 3002 ad
1136 2949 1298 3003 ﬁdem
1332 2958 1388 3004 et
1421 2950 1804 3004 auctoritatem
1833 2949 2034 3005 Canta-

460 3036 654 3088 cuzeni
686 3036 995 3090 redierunt.
1022 3035 1204 3090 Gener
1231 3037 1681 3093 animadvertetis
1702 3041 1888 3108 copias
1907 3055 2035 3095 suas

455 3126 720 3194 paulatim
756 3125 1025 3194 dillluere,
1064 3139 1121 3183 et
1149 3143 1235 3184 res
1272 3141 1420 3184 retro
1459 3131 1698 3195 sublabi,
1741 3148 1928 3202 pacem
1965 3132 2034 3186 ab

459 3226 657 3268 socero
691 3231 788 3286 per
819 3218 1028 3287 legatos
1076 3218 1238 3286 petit,
1287 3233 1416 3272 cum
1446 3234 1536 3285 eo,
1589 3229 1647 3274 ut
1687 3221 1907 3290 utrique
1939 3237 2036 3274 sua

458 3314 744 3364 maneant.
779 3306 1095 3374 Respondet
1127 3307 1240 3372 ille,
1271 3323 1460 3376 pacem
1493 3323 1550 3363 se
1583 3308 1853 3362 aestimare
1879 3310 2037 3379 longe

460 3397 707 3467 plurimi,
763 3411 941 3466 neque
975 3398 1123 3452 aliud
1173 3399 1472 3468 quidquam
1520 3402 1820 3469 acceptius,
1855 3415 2037 3469 neque

459 3487 759 3557 optabilius
780 3489 884 3542 sibi
902 3503 1044 3554 esse,
1066 3498 1121 3542 et
1145 3492 1446 3558 prazsertim
1471 3503 1659 3560 pacem
1685 3506 1808 3545 cum
1833 3491 2040 3546 charis-

461 3579 642 3633 simis.
683 3579 894 3636 Debere
936 3579 1108 3642 enim,
1139 3581 1477 3649 experientia
1525 3581 1768 3643 doctum.
1809 3591 1865 3636 et
1910 3581 2040 3650 quia

463 3677 624 3738 pater
666 3668 760 3732 sit,
809 3670 1121 3763 provider'e,
1163 3687 1230 3726 ne
1274 3672 1418 3727 illius
1449 3672 1697 3741 pristinis
1729 3674 2040 3728 involvatur

463 3759 644 3824 malis,
692 3774 994 3830 causasque
1034 3759 1333 3817 factionum
1381 3778 1445 3818 ac
1494 3764 1756 3819 novitatis
1817 3766 2029 3821 tollere.

465 3847 656 3917 Neque
688 3851 836 3904 enim
877 3851 923 3904 si
957 3851 1081 3920 quis
1136 3852 1304 3906 illium
1341 3853 1395 3905 in
1442 3853 1677 3920 poculis,
1710 3863 1766 3906 et
1799 3855 1938 3920 alea,
1975 3864 2033 3909 et

469 3937 788 4008 liujusmodi
823 3940 1077 4009 pessimis
1110 3942 1276 3995 rebus
1308 3952 1525 4010 tempus
1555 3953 1951 4005 conterentem.
1981 3953 2039 3998 et

467 4045 598 4084 cum
627 4030 860 4084 ebriosis
889 4047 953 4086 ac
979 4031 1195 4086 vitiosis
1221 4033 1698 4098 con'su'escentem,
1729 4043 1826 4088 aut
1873 4024 2042 4089 vena-

468 4123 713 4179 tionibus
753 4125 1176 4191 tleditissimum,
1231 4135 1287 4181 et
1329 4136 1613 4198 argentum
1663 4143 1827 4183 omne
1875 4128 2040 4199 hujus

467 4217 635 4270 unius
687 4220 763 4270 rei
799 4218 971 4287 gratia
1021 4219 1396 4288 prodigentem
1448 4227 1719 4284 cerneret,
1775 4229 1835 4274 ut
1877 4233 2041 4274 canes

472 4309 546 4363 ad
597 4309 910 4363 venandum
957 4310 1093 4380 (δῖ).
1145 4319 1203 4366 et
1239 4325 1414 4380 equos
1442 4318 1808 4380 compararet,
1859 4309 2042 4363 adhuc

466 4416 597 4455 eum
640 4400 911 4454 heredem
947 4401 1218 4454 bonorum
1255 4415 1481 4455 suorum
1515 4401 1811 4465 scriberet,
1865 4397 2031 4468 84⁵1

2131 1963 2264 2028 κὼς,
2303 1963 2397 2016 τόν
2440 1977 2499 2013 τε
2527 1958 2754 2028 ἀνεψιὸν
2785 1952 2944 2020 αὖθις
2974 1955 3236 2026 Μανουὴλ
3265 1955 3358 2008 τὸν
3385 1956 3707 2007 Καντακου·

2133 2055 2318 2124 ζηνδν,
2355 2054 2448 2106 καὶ
2479 2050 2850 2121 Μητροφάνην
2903 2047 2996 2100 τὸν
3034 2048 3340 2100 ἐπίσκοπον
3394 2047 3698 2099 Μελενίκου

2133 2144 2265 2212 πρὸς
2296 2142 2520 2212 βασιλέα
2561 2140 2652 2192 τὸν
2699 2140 2818 2192 νέον
2863 2137 3120 2209 πρέσϐεις
3170 2137 3410 2205 ἔπεμπε,
3467 2140 3563 2193 καὶ
3606 2137 3701 2190 τὸν

2133 2235 2370 2303 πόλεμον
2403 2232 2637 2303 παρῄνει
2691 2230 3006 2296 καταλύειν,
3059 2228 3157 2282 τοῦ
3189 2229 3535 2301 νεωτερίζειν
3565 2232 3707 2284 ἀπο-

2135 2329 2359 2382 στάντα.
2392 2326 2516 2379 Τῶν
2559 2326 2830 2379 συνόντων
2861 2324 2918 2378 δὲ
2974 2322 3224 2393 φανερῶς
3251 2324 3710 2387 ἐναντιωθέντων,

2134 2418 2230 2471 καὶ
2289 2415 2686 2486 ἀπειπαμένων
2730 2414 2828 2486 τὴν
2859 2415 3134 2485 εἰρήνην,’
3167 2415 3288 2466 ἐπεὶ
3341 2413 3394 2467 οἱ
3448 2414 3716 2482 πρέσϐεις

2134 2503 2406 2572 ἐπανῆκον
2437 2501 2733 2572 ἄπρακτοι,
2767 2501 2860 2554 καὶ
2907 2501 3160 2570 βασιλεὺς
3195 2503 3224 2555 ὁ
3251 2503 3714 2572 Καντακουζηνὸς

2133 2595 2319 2648 οὐκέτι
2345 2593 2593 2664 ἔμελλεν,
2634 2592 2770 2646 ἀλλὰ
2803 2595 2906 2656 τὰς
2933 2592 3248 2656 ἀποστάσας
3265 2591 3468 2647 ἐκάκου
3501 2595 3710 2656 πόλεις,
3783 2630 3798 2636 -

2139 2685 2373 2755 μάλιστα
2401 2685 2456 2736 δὲ
2487 2683 2714 2754 Μύρραν
2744 2683 2838 2736 καὶ
2885 2685 2980 2746 τὰς
3031 2683 3200 2746 ἄλλας
3252 2683 3353 2749 τὰς
3413 2684 3556 2738 κατὰ
3607 2687 3714 2756 τὴν

2147 2775 2411 2842 Ῥοδόπην
2449 2773 2746 2843 Ῥωμαίοις
2782 2773 3082 2843 ὑπηκόουςο
3131 2776 3187 2827 αί
3220 2773 3438 2836 πλείους
3467 2775 3576 2845 γὰρ
3626 2777 3711 2845 τῷ

2136 2867 2241 2936 νέῳ
2281 2865 2663 2936 προσεχώρουν
2719 2864 2950 2935 βασιλεῖ.
3007 2865 3238 2919 Ἔπειτα
3287 2866 3383 2918 καὶ
3435 2870 3568 2935 πρὸς
3606 2867 3709 2936 τὴν

2136 2957 2468 3026 Χαλκιδικὴν
2509 2957 2730 3025 πέμψας
2777 2956 3064 3024 στρατιὰν,
3089 2956 3305 3010 ἐκέλευε
3329 2959 3703 3028 κατατρέχεινο

2136 3045 2337 3109 αὐτοὺς
2363 3046 2462 3114 μὲν
2517 3047 2579 3098 οὑ
2633 3040 2956 3115 βουλόμενος
2999 3048 3229 3110 κακοῦν,
3291 3049 3354 3101 οὐ
3386 3051 3498 3119 γὰρ
3552 3051 3713 3118 ¹Ιγξίου

2137 3138 2262 3200 τοὺς
2297 3137 2391 3191 ὑπ’
2419 3128 2583 3190 αὐτοῦ
2611 3140 2747 3206 πρῖς
2777 3138 3001 3206 βασιλέα
3051 3139 3142 3191 τὸν
3167 3142 3285 3192 νέον
3337 3141 3719 3210 παραδεδομέ-

2139 3230 2466 3307 νουςιὲκοντὶ
2504 3228 2886 3298 κατατρίϐειν,
2935 3229 3011 3292 ὡς
3065 3233 3550 3300 ὴγνωμονηκότας,
3594 3233 3719 3285 ἀλλ’

2138 3323 2190 3375 οἱ
2244 3323 2302 3376 ὲν
2345 3322 2540 3393 Μύρρα
2602 3321 2759 3374 τοῦτο
2790 3321 2890 3390 μὲν
2937 3322 3025 3376 διὰ
3054 3323 3145 3376 τὸν
3222 3322 3462 3392 πόλεμον
3509 3325 3722 3396 ὅμορον

2143 3414 2333 3477 αὐτοῖς
2365 3414 2518 3478 ὄντα,
2542 3413 2702 3466 τοῦτο
2752 3413 2796 3465 δ’
2825 3399 2908 3466 ὅτι
2945 3413 3042 3468 καὶ
3073 3414 3106 3482 ὴ
3163 3413 3478 3466 Χαλκιδέων
3509 3417 3722 3484 posui...

2143 3521 2278 3575 μασι
2302 3503 2678 3574 διαχειμάζειν
2707 3504 2911 3574 μᾶλλον
2947 3503 3381 3574 ἐπιτηδειοτέρα,
3418 3504 3505 3557 διά
3527 3522 3586 3558 τε
3611 3507 3720 3577 τὴν

2140 3595 2326 3658 ἀλέαν,
2372 3596 2468 3648 καὶ
2495 3595 2555 3646 τὸ
2591 3598 2796 3663 τροφὴν
2823 3593 3083 3662 παρέχειν
3112 3593 3362 3668 ἄφθονον,
3383 3591 3718 3663 βοσκήματα

2140 3687 2258 3737 ἐκεῖ
2289 3686 2460 3737 πολλὰ
2494 3685 2921 3752 καταγαγόντες,
2950 3683 3270 3752 ἠνάγκασαν
3316 3683 3542 3746 ς;ασ.λέα
3568 3686 3718 3752 πέμ-

2141 3791 2262 3826 τειν
2301 3773 2387 3825 ἐπ’
2429 3775 2672 3836 ἐκείνους
2697 3774 2980 3843 στρατιὰν,
3014 3772 3065 3825 οἳ
3093 3773 3190 3824 καὶ
3241 3773 3716 3843 καταδραμόντες,

2141 3867 2276 3936 πρὸς
2312 3867 2428 3926 τοῖς
2481 3865 2676 3930 ξένοις,
2740 3866 3032 3918 ἐκάκωσαν
3084 3865 3182 3917 καὶ
3236 3865 3362 3927 τοὺς
3416 3865 3722 3936 ἐγχωρίους

2139 3961 2242 4011 οὐκ
2268 3957 2454 4025 ὀλίγα.
2485 3957 2792 4024 Διακρίνειν
2819 3958 2927 4026 γὰρ
2954 3956 3076 4010 οὐδὲ
3099 3955 3444 4025 βουλομένοις
3477 3958 3723 4026 μάλιστα

2140 4049 2292 4119 ἐξῆν.
2328 4048 2712 4118 Διδυμότειχον
2739 4049 2794 4101 δὲ
2843 4047 3050 4101 κακοῦν
3082 4049 3184 4101 οὐκ
3241 4048 3330 4101 εἴα
3361 4047 3450 4100 διὰ
3485 4049 3722 4118 βασιλέα

2130 4141 2230 4193 -τὺν
2267 4138 2542 4209 γαμόρόν.
2591 4140 2652 4192 Οί
2711 4139 2815 4202 μὲν
2874 4134 2967 4192 οὖν
3011 4139 3154 4192 κατὰ
3191 4139 3418 4208 Μύρραν
3467 4139 3722 4194 ,πλεῖστα

2144 4220 2489 4292 κακωθέντες
2524 4230 2620 4283 καὶ
2666 4228 2981 4300 πιεσθέντες
3011 4229 3114 4281 ὑπὸ
3141 4227 3236 4282 τοῦ
3259 4229 3516 4293 πολέμου.
3560 4229 3722 4291 αὖθις

2144 4321 2533 4391 προσεχώρουν
2560 4319 2773 4390 βασιλεῖ
2802 4319 2880 4390 τῷ
2937 4319 3399 4390 Καντακουζηνῷο
3463 4322 3727 4390 βασιλεὺς

2143 4411 2200 4464 δὲ
2234 4414 2262 4463 ὁ
2283 4411 2421 4478 νέος,
2451 4412 2593 4480 ὀρῶν
2621 4411 3002 4483 ὑποῤῥέουσαν
3035 4411 3186 4482 αὐτῷ
3211 4411 3309 4480 τὴν
3341 4411 3591 4480 δύναμιν.
3627 4414 3728 4466 καὶ

467 4492 772 4547 secundum
791 4491 1060 4546 rationem
1080 4506 1239 4562 agere
1259 4494 1555 4547 videretur.
1573 4491 1836 4558 Quocirca
1854 4506 1912 4545 se
1934 4493 2032 4546 illis

2147 4505 2214 4559 τὰ
2244 4505 2549 4576 πράγματα
2580 4508 2907 4576 χωρήσαντα
2938 4503 3138 4571 ὀπίσω,
3173 4505 3393 4574 πέμψας
3423 4506 3558 4576 πρὸς
3595 4506 3726 4576 ,βα-

470 4582 704 4637 urbibus
755 4593 881 4637 ante
935 4582 1168 4646 collatis,
1220 4594 1384 4652 atque
1436 4584 1600 4637 etiam
1657 4583 2043 4654 Didymoticho

468 4675 705 4731 cedere:
756 4675 1036 4730 Romanos
1083 4687 1267 4732 autem
1321 4692 1598 4746 proceres,
1634 4679 1724 4748 qui
1756 4680 1806 4733 ei
1840 4679 2043 4746 adsint,

468 4782 609 4836 quos
639 4767 757 4836 ipse
786 4778 984 4837 suopte
1025 4778 1160 4822 nutu
1195 4769 1246 4822 ei
1279 4784 1387 4822 non
1421 4767 1756 4836 adjunxe'rit,
1800 4770 1915 4825 sive
1952 4771 2042 4824 Di-

469 4857 796 4928 dymotichi,
845 4861 962 4913 sive
1009 4858 1141 4913 alibi
1182 4859 1462 4914 domicilia
1492 4860 1749 4925 habeant,
1802 4862 1940 4916 velle
1972 4863 2044 4918 ab

470 4950 564 5004 illo
594 4939 911 5013 distractos,
944 4949 1049 5003 sibi
1097 4959 1158 5004 ut
1202 4958 1364 5004 antea
1394 4951 1642 5014 subesse,
1681 4960 1738 5006 ut
1786 4967 1854 5007 ne
1890 4953 2042 5008 illum

470 5041 669 5096 iterum
720 5041 786 5094 ad
837 5041 1040 5109 bellum
1092 5056 1157 5096 ac
1203 5054 1294 5095 res
1342 5056 1513 5096 novas
1561 5029 1880 5114 impellant:
1930 5046 2043 5100 Nec

475 5132 884 5186 formidandum
937 5131 1068 5200 ipsis
1104 5147 1172 5185 ne
1217 5131 1360 5187 hanc
1394 5134 1760 5190 defectionem
1801 5139 2048 5207 graviore

2147 4593 2298 4646 σιλέα
2350 4597 2442 4646 τὸν
2495 4596 2764 4664 κηδεστὴν
2814 4595 3087 4662 διελέγετο
3136 4597 3266 4664 περὶ
3315 4596 3559 4665 εἰρήνης,
3623 4600 3727 4652 καὶ

2145 4685 2316 4738 ἐδεῖτο
2368 4687 2460 4738 τὸν
2491 4688 2728 4757 πόλεμον
2774 4688 3105 4740 καταῦἐσοαι
3155 4687 3398 4758 ἔχοντας,
3438 4687 3474 4742 ἃ
3505 4689 3724 4758 ἔχουσιν

2143 4777 2502 4847 ὲκάτερον.⁹0
2526 4780 2605 4842 δὲ,
2632 4781 2731 4848 τὴν
2758 4781 2857 4850 μὲν
2879 4780 3102 4848 εἰρήνην
3133 4783 3259 4850 περὶ
3280 4779 3531 4832 πλείστου
3559 4783 3728 4849 μάλιο

2145 4885 2248 4921 στα
2282 4869 2436 4936 ἔλεγε
2464 4871 2760 4933 ποιεῖσθαι,
2804 4871 2971 4940 μηδὲν
3003 4866 3144 4922 εἶναι
3207 4874 3343 4940 μήτε
3403 4872 3554 4940 φίλον
3584 4875 3727 4942 μᾶ-λ-

2145 4960 2258 5023 λον,
2319 4963 2457 5030 μήτε
2490 4955 2493 4959 ’
2523 4963 2969 5032 σπουδαιότερον,
3013 4962 3314 5016 καὶταῦτα
3379 4965 3477 5036 οὐχ
3527 4966 3724 5030 ἁπλῶς

2151 5052 2285 5119 πρὸς
2311 5051 2619 5128 ὁμοοθύλους
2645 5053 2931 5124 ἐσομένης,
2967 5055 3104 5106 ἀλλὰ
3150 5055 3289 5125 πρὸς
3351 5057 3479 5118 τοὺς
3530 5055 3725 5124 φιλτά-

2153 5161 2299 5207 τους·
2335 5145 2453 5197 δέον
2474 5147 2571 5216 μέν
2627 5163 2706 5198 τοι
2762 5148 2858 5200 καὶ
2917 5147 3004 5202 διὰ
3033 5150 3133 5217 τὴν
3164 5149 3456 5219 ἐμπειρίαν
3506 5149 3604 5218 τὴν
3664 5151 3730 5202 ἐν

1749 5259 1963 5322 Jacobi
2004 5263 2274 5326 Pontani
2313 5275 2499 5329 notis.

470 5445 482 5459 .
539 5373 871 5497 (g7)‘Studia
900 5373 1186 5446 juvenilia,
1220 5377 1406 5430 venari
1439 5386 1494 5433 et
1521 5380 1795 5448 equitare.
1837 5383 2032 5438 Horat.

470 5461 524 5497 In
602 5461 660 5496 oe
690 5485 704 5497 .
731 5459 749 5497 :

469 5461 524 5500 In
557 5459 749 5498 roet.:

471 5515 726 5586 imberbis
750 5514 959 5583 juvenis
988 5516 1219 5578 tandem,
1249 5518 1461 5572 custode
1490 5531 1706 5586 remoto,

469 5584 674 5640 Gaudet
712 5587 876 5652 equis,
916 5589 1256 5657 canibusque,
1287 5599 1335 5641 et
1367 5591 1536 5657 aprici
1575 5584 1816 5660 gramine
1843 5595 2040 5665 campi.

470 5673 694 5729 Terent.
724 5677 931 5728 Andria
955 5693 974 5730 .'

469 5764 623 5831 Quod
647 5764 888 5836 plerique
912 5784 1090 5824 omnes
1125 5770 1326 5840 faciunt
1356 5772 1754 5837 adolescentuli,

2240 5391 2473 5444 animum
2505 5394 2575 5445 ad
2599 5393 2815 5466 aliquod
2836 5393 3069 5446 studium
3095 5393 3417 5463 udjunganl,
3445 5367 3536 5447 aut
3560 5412 3732 5466 equos

2143 5461 2321 5525 Alere,
2356 5471 2446 5514 aut
2479 5477 2637 5516 canes
2671 5461 2738 5515 ad
2776 5469 3096 5517 venandum.

2172 5643 2184 5655 .
2215 5575 2490 5629 Adrianus
2509 5577 2827 5643 imperator,
2851 5588 2911 5655 ut
2930 5590 3120 5632 auctor
3135 5580 3287 5631 estin
3307 5579 3668 5649 ejusVilaSpa
3681 5599 3739 5635 r-

2147 5651 2351 5726 tiunus,
2383 5663 2554 5713 equus
2589 5662 2644 5702 et
2675 5665 2839 5703 canes
2867 5651 2949 5702 sic
2981 5653 3207 5714 amavit,
3263 5661 3319 5703 ut
3357 5652 3436 5704 eis
3465 5653 3737 5718 sepulcra

2147 5723 2527 5769 constitueret.
3256 5752 3261 5758 -
