4056 6472
510 419 616 481 267

1707 410 2026 472 JOANNIS
2060 409 2591 471 CANTACUZENI
3656 410 3771 476 268

519 537 955 609 συμπροῖοῦσαν.
988 536 1173 589 Ταῦτα
1223 534 1322 603 μὲν
1377 527 1470 585 οὖν
1535 530 1744 583 πολλῶν
1793 531 1949 598 ὀλίγα
2017 529 2126 583 τῶν
2183 528 2374 601 Ἑλένῃ
2439 529 2749 599 προσόντων
2804 530 3025 597 ἀγαθῶν
3054 532 3118 598 τῇ
3170 528 3421 599 βασιλίδι·
3457 529 3516 582 ού
3547 529 3653 598 γὰρ
3683 531 3776 583 εὖ·

518 638 719 702 φημεῖν
783 635 999 702 ἐκείνην
1046 628 1430 701 προειλόμεθα,
1478 625 1597 680 ἀλλ’
1631 626 1698 680 ἶν’
1738 626 1968 695 εἰδῶμεν
2016 622 2129 677 οἷον
2194 624 2426 693 ἀγαθὸν,
2463 626 2561 678 καὶ
2608 626 2665 678 έν
2715 627 2824 690 τοίς
2873 627 2997 681 καθ’
3040 630 3242 700 ήμᾶςή
3301 630 3464 698 φύσις
3531 630 3773 701 ἠδυνήθη

517 727 731 796 χρόνοις
760 726 1024 793 ἐνεγκεῖν.

1908 832 1991 887 CA
2004 831 2087 886 PU
2098 829 2134 884 Γ
2175 830 2318 885 XXX
2330 832 2395 888 ν.

527 931 686 985 Urbes
719 918 1007 998 ﬁalwologi
1041 930 1109 982 ad
1137 928 1560 998 Cantaeuzenum
1589 934 1881 998 transeunt.
1904 921 2244 998 rPalgjologt‘ts
2266 921 2577 991 Byzantium
2607 927 2775 998 venit.
2802 923 2981 998 [renes
3009 928 3061 979 in
3086 924 3209 978 urbe
3237 930 3433 980 tuenda
3469 927 3766 997 diligentia.

598 999 928 1068 Palh’ologus
955 990 1061 1068 “spe
1091 1000 1397 1067 frustratus,
1434 997 1686 1068 Galatam
1727 997 1954 1068 diuertit.
2004 991 2141 1046 Sinit
2173 990 2543 1068 Canturu‘zeno
2572 995 2864 1068 maledici;
2902 1004 3115 1068 excusat
3161 1012 3216 1047 se
3264 1009 3466 1066 postea.
3492 990 3770 1052 Tuinultus

596 1064 851 1123 nobilium
883 1064 1145 1139 Byzantii,
1181 1078 1230 1119 et
1264 1067 1616 1139 expostulatio
1644 1083 1759 1139 cum
1794 1066 2183 1139 Cantacuzruo,
2220 1078 2282 1139 ac
2315 1064 2494 1139 petitio
2546 1065 2611 1116 de
2640 1065 2889 1119 Matt/tato
2918 1066 3029 1134 [ilio
3058 1064 3376 1133 imperatore
3416 1068 3767 1138 designanda.

593 1140 892 1210 Imperator
923 1132 1032 1190 rem
1066 1139 1289 1189 arduam
1317 1132 1426 1189 esse
1453 1138 1659 1199 docens,
1685 1137 1798 1188 sine
1831 1148 2073 1203 responso
2103 1132 2187 1184 eos
2226 1132 2460 1186 dimittit.
2919 1132 2927 1134 ἡ
3136 1132 3139 1133 ⁷
3528 1132 3550 1138 ⁷
3742 1142 3751 1149 ’

594 1260 958 1323 Posteaquam
986 1251 1173 1319 junior
1202 1250 1499 1318 imperator
1534 1248 1589 1300 in
1623 1246 1905 1301 Tenedum
1942 1245 2084 1297 insu-

2269 1241 2405 1294 Τότε
2441 1243 2495 1294 δὲ
2553 1242 2646 1296 τοῦ
2686 1244 2805 1296 νέου
2843 1244 3108 1313 βασιλέως
3138 1246 3200 1298 ὲκ
3256 1247 3356 1315 τῆς
3410 1246 3573 1299 Λῖνου
3630 1249 3772 1319 πρδς

520 1344 626 1397 lam
654 1340 948 1409 navigavit,
973 1338 1230 1391 universa
1258 1338 1403 1391 illius
1427 1336 1623 1406 oppida
1648 1337 1700 1389 in
1728 1333 2092 1389 Cantacuzeni

519 1435 782 1487 ditionem
816 1432 959 1484 ultro
992 1430 1248 1483 abierunt
1275 1449 1287 1484 :
1324 1446 1443 1499 qum
1472 1430 1560 1483 ille
1589 1429 1872 1491 obedicns,
1901 1440 2091 1481 eorum

519 1537 721 1581 statum
756 1526 809 1578 in
856 1523 1052 1577 tnelius
1084 1520 1374 1584 formabat,
1419 1531 1475 1575 et
1512 1521 1815 1589 prmlectos,
1851 1520 1945 1588 qui
1987 1520 2092 1573 sibi

517 1614 1000 1686 obsequentissimi
1031 1613 1368 1677 viderentur,
1400 1612 1735 1668 declarabat.
1765 1613 1960 1667 Junior
1987 1627 2093 1665 una

517 1709 729 1764 triremi
763 1708 1051 1770 instructa,
1082 1716 1137 1758 et
1169 1704 1359 1773 paucis
1389 1704 1730 1757 nniremibus
1774 1703 2091 1773 Byzantium

519 1801 759 1866 devenit,
796 1798 1055 1866 deditque
1102 1812 1328 1865 operam
1365 1795 1679 1864 diligenter,
1717 1810 1784 1849 ne
1819 1796 1882 1871 id
1937 1796 2094 1864 igno-

517 1897 755 1943 raretur.
794 1885 1059 1955 Sperabat
1100 1885 1268 1949 enim,
1300 1885 1342 1938 si
1390 1885 1457 1937 de
1496 1885 1732 1938 adventu
1783 1899 1882 1939 suo
1930 1885 2090 1939 amici

516 1981 797 2034 audissent
822 1977 983 2031 modo
1019 1977 1219 2045 populo
1252 1991 1513 2045 persuaso
1543 1977 1594 2030 in
1630 1976 1818 2031 urbem
1841 1992 1899 2031 se
1922 1977 2094 2032 intro-

517 2073 785 2126 missuros
822 2089 834 2123 :
872 2070 1091 2138 quando
1138 2076 1248 2121 non
1299 2069 1475 2123 solum
1514 2068 1778 2140 Byzantii,
1803 2084 1991 2123 verum
2039 2079 2094 2123 et

517 2164 746 2217 aliarum
780 2161 995 2214 urbium
1034 2160 1224 2214 incolae
1255 2160 1485 2214 miriﬁce
1514 2160 1566 2215 in
1604 2160 1755 2214 illum
1790 2159 2093 2229 propende-

516 2254 670 2307 bant.
707 2252 838 2321 Ejus
883 2264 1104 2304 accessu
1147 2249 1199 2302 itt
1252 2250 1441 2303 urbem
1480 2264 1639 2304 mane
1678 2250 1949 2314 nuntiato,
1981 2264 2089 2303 non

514 2342 732 2396 modice
782 2340 1175 2394 tumultuatum
1224 2349 1331 2394 est.
1376 2339 1515 2393 Tum
1568 2342 1724 2395 lrene
1766 2340 2087 2410 imperatrix

456 2454 471 2461 ‘
514 2434 826 2489 necessitati
853 2432 1142 2486 consulere
1169 2445 1232 2485 ac
1261 2431 1517 2500 protinus
1545 2441 1924 2501 cognatorum,
1953 2433 2091 2487 ami-

516 2539 820 2592 corumque
853 2521 1221 2585 ﬁdelissimos,
1252 2531 1308 2576 et
1354 2522 1457 2576 sibi
1492 2522 1546 2576 in
1590 2524 1782 2592 primis
1812 2524 2091 2593 obtempe-

516 2631 703 2671 rantes
742 2631 1044 2680 accersere,
1075 2614 1155 2667 eis
1189 2614 1492 2668 custodiam
1531 2616 1682 2669 urbis
1722 2617 2001 2681 mandare,
2038 2626 2092 2670 et

515 2708 815 2781 pra-cipere
847 2721 1051 2761 corona
1094 2706 1327 2759 militum
1365 2706 1547 2775 stipati
1580 2706 1955 2771 circumirent,
1993 2723 2091 2775 po-

513 2800 704 2870 pulum
758 2798 1133 2859 deterrerent,
1175 2796 1453 2864 iuniorem
1501 2796 1883 2867 imperatorem
1940 2797 2089 2851 omni

512 2892 666 2945 aditu
712 2889 1091 2943 excluderent.
1140 2887 1222 2941 llli
1282 2889 1438 2959 jussa
1499 2897 1788 2957 peragunt.
1846 2888 2091 2944 Junioris

512 2982 746 3037 studiosi
794 2980 1023 3049 periculi
1056 2987 1202 3032 metu
1251 2978 1376 3033 novi
1409 2978 1546 3032 nihil
1578 2981 1803 3043 audent,
1839 2979 1933 3034 sed
1984 2995 2088 3033 una

516 3090 641 3127 cum
678 3071 800 3125 aliis
841 3071 1203 3134 circumeunt,
1240 3079 1299 3123 ut
1339 3069 1653 3138 suspicione
1688 3070 1999 3133 elabuntur,
2031 3087 2088 3125 se

512 3152 663 3235 ipsos
690 3163 753 3216 ad
790 3163 979 3216 urbem
1021 3160 1434 3214 cuStodiendam
1472 3162 1908 3230 promptissimos
1937 3162 2089 3214 (ξιῖιί-

488 3258 667 3314 'bcnt.
713 3254 910 3310 Iunior
960 3254 1257 3324 imperator
1307 3268 1401 3321 spe
1451 3270 1549 3307 sua
1606 3253 1899 3321 depulsus.
1951 3254 2086 3306 urbe

508 3347 975 3415 circumnavigata
1009 3347 1073 3398 ad
1102 3344 1345 3399 Galatam
1376 3347 1407 3398 e
1440 3345 1663 3415 regione
1692 3346 1931 3416 Byzantii
1961 3346 2085 3400 des-

506 3436 701 3493 cendit
744 3453 757 3489 :
811 3435 903 3489 ubi
952 3434 1201 3503 sequenti
1253 3444 1413 3488 nocte
1466 3443 1762 3499 transacta,
1818 3438 2083 3511 postridie

509 3543 670 3585 mane
725 3527 791 3581 ad
842 3525 1116 3579 Tenedios
1163 3539 1383 3579 cursum
1430 3524 1666 3580 iteravit.
1716 3526 1774 3580 In
1826 3543 1955 3596 quo,
1989 3527 2083 3597 qui

509 3630 677 3689 erant,
700 3621 755 3673 in
786 3618 1019 3680 triremi,
1056 3616 1274 3680 multas,
1310 3626 1365 3670 et
1393 3617 1565 3672 multo
1596 3617 2002 3687 indignissimas
2026 3618 2083 3673 in

502 3697 954 3768 Cantaeuzenum
980 3709 1344 3763 contumelias
1363 3707 1754 3766 eﬂ‘undebant:
1779 3710 2083 3765 simillimas

490 3792 579 3856 iis
602 3817 722 3871 qua:
757 3799 882 3853 belli
913 3808 1160 3867 tempore
1193 3797 1245 3850 in
1278 3797 1531 3853 eumdem
1570 3799 1930 3867 Apocaucltus
1963 3815 2081 3852 ma-

2197 1333 2417 1388 Τένεδον
2465 1336 2564 1406 τὴν
2625 1337 2785 1406 νῆςον
2860 1338 3276 1407 περαιιυθέντος,
3349 1341 3403 1392 αἱ
3458 1340 3773 1412 ὑπ’ὲκείνῳ

2195 1423 2448 1476 τελοῦσαι
2505 1424 2687 1487 πόλεις
2756 1427 2928 1478 πᾶσαι
2983 1428 3370 1497 προσεχώρουν
3428 1428 3639 1498 βασ.λεί
3690 1432 3772 1500 τῷ

2198 1515 2655 1587 Καντακουζηνῷ,
2683 1516 2747 1577 ἃς
2785 1518 2879 1570 καὶ
2910 1518 3139 1588 καθίστη
3170 1519 3418 1590 περιιὼν,
3452 1523 3545 1573 καὶ
3574 1523 3773 1592 ἄρχον-

2194 1624 2293 1670 τας
2325 1608 2517 1676 ἐφίστη
2568 1610 2695 1671 τοὺς
2728 1608 3021 1672 δοκοῦντας
3073 1609 3307 1678 μάλιστα
3366 1611 3514 1680 αὐτῷ
3568 1616 3771 1681 πρνσέ-

2194 1715 2332 1768 χειν.
2370 1700 2631 1763 Βασιλεὺς
2682 1700 2739 1752 δὲ
2791 1701 2819 1751 ὁ
2852 1700 2970 1775 νέος
2995 1703 3194 1772 τριήρη
3259 1702 3389 1773 μίαν
3447 1705 3771 1772 ἐφοπλίσας.

2196 1791 2291 1842 καὶ
2357 1792 2609 1861 μονήρεις
2659 1792 2719 1844 ού
2772 1793 2994 1860 πολλὰς,
3054 1795 3145 1847 ἐπὶ
3204 1793 3496 1858 Βυζάντιον
3570 1799 3773 1865 ἀφῖκτο

2195 1880 2399 1950 πολλὴν
2431 1883 2690 1952 πρόνοιαν
2744 1885 3066 1949 ποιούμενος
3112 1886 3467 1956 ἀγνοηθῆναι.
3528 1889 3767 1955 Ἦλπιζε

2195 1976 2301 2042 γὰρ
2345 1974 2392 2027 εί
2424 1975 2585 2044 μόνον
2633 1975 2886 2029 πύθοιντο
2915 1978 2963 2029 oi
3003 1978 3146 2044 φίλοι
3176 1978 3403 2049 ἥκοντα,
3435 1981 3772 2046 εἰσ-δέξεσθαι

2193 2069 2260 2136 τῇ
2298 2066 2450 2118 πόλει
2480 2067 2765 2129 πείσαντες
2796 2071 2886 2121 τὸν
2912 2068 3102 2139 δῆμονο
3143 2065 3284 2140 ἦσαν
3307 2070 3415 2141 γὰρ
3474 2071 3534 2124 ού
3567 2071 3775 2136 Βυζαν-

2192 2157 2308 2210 τίου
2344 2159 2526 2228 μόνον,
2557 2158 2694 2211 ἀλλὰ
2743 2160 2977 2213 καὶτῶν
3017 2159 3192 2214 ἄλλων
3252 2162 3459 2215 πολεων
3497 2165 3547 2215 οἱ
3598 2164 3772 2234 δῆμοι

2195 2246 2430 2313 μάλιστα
2452 2248 2587 2317 πρὸς
2638 2247 2729 2301 τὸν
2764 2250 2886 2302 νέον
2934 2249 3159 2318 βασιλέα
3199 2249 3368 2314 εὔνως
3413 2252 3651 2321 ἔχοντες.
3704 2253 3771 2309 Ἦ

2196 2339 2293 2409 μὲν
2321 2339 2415 2392 οὖν
2448 2339 2657 2393 ἐκείνου
2696 2339 2882 2409 ἔφοδος
2912 2342 3209 2409 ἠγγέλλετο
3242 2345 3371 2412 περὶ
3407 2344 3625 2415 δρθρον,
3676 2351 3774 2400 καὶ

2193 2430 2356 2500 Θροῦς
2387 2431 2529 2484 κατά
2560 2433 2659 2502 τὴν
2705 2433 2861 2485 πόλιν
2909 2429 3067 2504 ἦρτο,
3094 2436 3191 2486 καὶ
3262 2427 3634 2506 τάραχοςόὐκ
3660 2440 3774 2492 615-

2191 2541 2308 2593 γος.
2344 2526 2549 2596 Εἰρήνη
2600 2525 2657 2579 δὲ
2692 2527 2725 2594 ἠ
2782 2525 2997 2596 βασιλὶς
3052 2528 3269 2592 ούδενῖς
3302 2530 3498 2599 ἡμέλει
3538 2535 3644 2585 τῶν
3685 2535 3776 2588 δε-

2191 2615 2382 2681 όντων,
2437 2615 2554 2668 ἀλλ’
2585 2616 2784 2669 αὐτίκα
2841 2618 2951 2669 τῶν
2998 2634 3058 2670 τε
3109 2621 3412 2687 συγγενῶν,
3470 2623 3561 2675 καὶ
3596 2624 3772 2691 φίλων

2192 2707 2316 2768 τοὺς
2348 2696 2730 2774 πιστοτάτους,
2760 2709 3004 2772 καὶτοὺς
3055 2714 3206 2780 σφίσι
3265 2713 3500 2782 μάλιστα
3562 2721 3772 2787 προσέ-

2192 2812 2387 2865 χοντας
2423 2799 2902 2870 μεταπεμψαμένη
2931 2802 3203 2868 ἐπέτρεπε
3234 2809 3335 2875 τὴν
3363 2806 3612 2879 φυλακὴν
3660 2811 3769 2879 τῆς

2194 2886 2423 2950 πόλεως,
2456 2887 2675 2941 ὲκέλεδέ
2703 2906 2761 2942 τε
2795 2895 2932 2959 μετά
2988 2893 3084 2959 τῆς
3138 2898 3398 2963 στρατιᾶς
3448 2898 3765 2967 περιιόντας

2190 2977 2518 3033 δεδίττεσθαι
2549 2980 2639 3033 τὸν
2669 2980 2863 3049 δῆμον,
2899 2984 2990 3037 καὶ
3030 2987 3212 3039 πᾶσαν
3238 2988 3445 3042 εἴοτδον
3473 2991 3767 3060 ἀπείργειν

2189 3068 2266 3138 τῷ
2291 3069 2394 3139 νέῳ
2426 3071 2660 3141 βασιλεῖ,
2707 3074 2771 3125 0i
2810 3074 2909 3142 μὲν
2941 3075 3035 3129 οὖν
3059 3078 3278 3131 ἐποίουν
3326 3082 3467 3134 κατὰ
3506 3084 3571 3135 τὰ
3600 3101 3772 3137 κεκε-

2191 3155 2486 3227 λευσμένα,
2567 3161 2661 3213 καὶ
2720 3162 2769 3212 οἱ
2834 3163 2913 3229 τῷ
2965 3164 3073 3233 νέῳ
3126 3164 3339 3234 βασιλεῖ
3407 3170 3772 3239 προσέχοντες

2189 3254 2345 3306 οὐδὲν
2402 3254 2759 3325 ὲνεωτέριζον
2805 3255 3085 3322 δείσαντες
3141 3260 3234 3311 τὸν
3289 3260 3557 3314 κίνδυνον·
3628 3263 3775 3316 ἀλλὰ

2193 3347 2605 3419 συμπεριῄεσαν
2657 3349 2751 3400 καὶ
2816 3349 2970 3401 αὐτοὶ
3014 3352 3126 3415 τοῖς
3175 3351 3376 3417 ἀλλοις,
3440 3357 3535 3407 καὶ
3566 3358 3774 3424 παρεῖ-

2187 3456 2347 3508 χοντο
2405 3441 2859 3509 προθυμοτάτους
2927 3441 3158 3504 έαδτοὺς
3223 3444 3358 3513 πρὸς
3388 3444 3488 3513 τῆς
3553 3446 3775 3511 πόλεως

2186 3535 2286 3602 τὴν
2319 3533 2590 3604 φυλακὴν,
2617 3534 2780 3585 ἕνεκα
2806 3534 2896 3586 τοῦ
2932 3536 3007 3604 μὴ
3037 3534 3473 3605 ὑποπτευθῆναι.
3494 3537 3775 3604 Βασιλεὺς

2184 3624 2289 3677 δὲό
2331 3627 2450 3688 νέος
2502 3625 2691 3693 ἐπειδὴ
2727 3624 2836 3677 τῶν
2874 3618 3107 3678 ἐλπίδων
3163 3626 3523 3696 διημάρτανε,
3575 3630 3773 3703 κύκλῳ

2184 3713 2284 3783 τὴν
2326 3715 2480 3767 πόλιν
2513 3715 2903 3783 περιπλεύσας,
2962 3715 3155 3768 ἔπειτα
3203 3718 3369 3785 ἐγγὺς
3409 3720 3627 3773 Γαλατᾶ
3668 3722 3743 3774 ἀν

2184 3806 2346 3875 τικρὺ
2376 3804 2644 3873 προσέσχε
2671 3804 2993 3870 Βυζαντίου,
3017 3807 3111 3859 καὶ
3145 3807 3439 3861 ἀπέϐαινεν
3455 3811 3591 3863 ὲκεί⁸
3618 3813 3772 3867 αὐλι-

509 3907 650 3963 gnus
688 3891 798 3975 duit
846 3889 1135 3943 eﬂ‘udcrat.
1169 3888 1324 3953 Quod
1379 3887 1469 3940 ubi
1516 3888 1581 3942 ad
1633 3905 1793 3945 aures
1836 3892 2079 3961 ejusdem

2187 3897 2427 3966 ’σάμενος
2466 3896 2524 3948 δὲ
2578 3897 2696 3948 ἐκεῖ
2751 3898 2843 3949 καὶ
2877 3899 2976 3966 τὴν
3002 3898 3264 3953 ἐπιοῦσαν
3320 3900 3509 3965 νύκτα,
3551 3904 3633 3965 εἰς
3660 3904 3772 3975 τὴν

506 3968 1133 4057 Ρρττοιιὶιξιηιιςηορθιε
1156 3980 1352 4042 doluit,
1378 3981 1522 4049 quod
1550 3983 1906 4048 existimaret,
1942 3999 2082 4037 nun-

506 4091 672 4147 quam
717 4090 783 4129 ου
817 4074 1062 4127 stultitia:
1103 4074 1379 4144 juniorem
1425 4074 1808 4147 imperatorem
1855 4087 2079 4146 eruptu-

505 4180 628 4221 rum
664 4165 857 4227 fuisse,
884 4162 1050 4234 849
1080 4164 1182 4216 nisi
1216 4163 1480 4217 adversus
1509 4180 1567 4218 se
1602 4165 1804 4220 bellum
1837 4166 2079 4219 interne-

505 4257 690 4311 cinum
729 4254 1022 4308 meditatus
1055 4264 1220 4308 esset.
1264 4254 1582 4324 Quanquam
1620 4269 1805 4325 posxea
1831 4272 1860 4309 a
1891 4271 2081 4310 socero

508 4349 897 4417 reprehensus,
942 4345 995 4399 id
1038 4360 1094 4399 se
1146 4346 1316 4400 inscio
1366 4345 1569 4401 factum
1605 4347 1912 4400 allirmavit.
1945 4347 2079 4400 Nam

505 4455 630 4494 cum
660 4445 805 4492 esset
847 4436 902 4489 in
936 4452 1090 4498 cavo,
1122 4452 1215 4489 seu
1249 4448 1437 4491 ventre
1477 4438 1648 4501 navis,
1683 4448 1738 4490 et
1768 4453 1879 4506 prae
1912 4437 2081 4492 unda-

506 4546 627 4584 rqu
689 4531 983 4584 comitante
1036 4527 1299 4596 strepitu,
1352 4544 1415 4581 ac
1470 4543 1749 4583 murmure
1809 4528 2079 4581 dictorum

508 4623 647 4678 nihil
704 4621 947 4683 audiret,
1009 4618 1284 4672 nauticam
1353 4617 1711 4686 petulantiam
1779 4618 2083 4672 maledictis

509 4713 830 4768 indulsisse.
859 4708 967 4765 Sed
1013 4707 1081 4761 de
1114 4708 1201 4762 bis
1236 4706 1397 4774 paulo
1429 4705 1588 4758 infra.
1625 4706 1915 4778 Postquam
1955 4721 2079 4760 cum

511 4819 682 4859 uxore
716 4813 772 4857 et
800 4802 910 4855 (illo
950 4800 1003 4854 in
1044 4799 1326 4853 Tenedum
1378 4798 1615 4851 reditum
1648 4798 1813 4866 cepit,
1845 4797 2081 4852 Thessa-

507 4897 742 4951 lonicam
761 4893 933 4946 venit.
950 4890 1368 4945 Canzacuzenus
1389 4890 1530 4959 apud
1555 4887 1688 4941 Bera
1710 4902 2077 4955 commorans,

507 4986 699 5041 audito
742 4996 1004 5052 generum
1041 4978 1393 5046 adnavigasse
1429 4975 1771 5046 Byzantium,
1804 4978 1927 5030 eum
1970 4993 2079 5031 non

508 5089 677 5145 parva
712 5086 900 5133 manu,
931 5075 1195 5136 sequente
1225 5066 1480 5120 Mattltaeo
1516 5066 1648 5132 lilio,
1679 5066 1733 5120 in
1760 5083 1883 5120 eum
1923 5068 2079 5123 lesti-

503 5166 677 5221 navit.
725 5164 804 5217 Ac
849 5173 1113 5230 generum
1161 5157 1384 5226 quidem
1440 5157 1684 5223 minime,
1737 5160 1937 5229 quippe
1984 5164 2078 5230 qui

2187 3983 2479 4053 ὑστεραίαν
2512 3983 2630 4051 ἆμα
2660 3983 2736 4053 ἕῳ
2764 3984 2844 4046 είς
2875 3975 3097 4037 Τένεδον
3132 3987 3346 4056 ἀπῆρεν
3371 3986 3550 4061 αὖθις.
3604 3991 3775 4044 Κατὰ

2182 4076 2238 4129 δὲ
2273 4077 2369 4144 τὴν
2397 4074 2743 4145 ἀναχώρησιν
2793 4076 2843 4128 οἱ
2884 4077 2948 4129 ἐκ
2978 4076 3080 4146 τῆς
3139 4076 3430 4149 βασιλικῆς
3464 4085 3766 4152 τριήρεως,

2184 4163 2382 4228 πολλᾶς
2415 4162 2868 4232 Καντακουζηνοῦ
2899 4164 2991 4216 τοῦ
3017 4164 3303 4235 βασιλέως,
3376 4169 3469 4221 καὶ
3525 4170 3602 4232 ὠς
3638 4172 3771 4239 μάς

2181 4255 2341 4309 λιστα
2402 4254 2675 4324 ἀσέμνους
2726 4256 2990 4325 κατέχεον
3049 4259 3147 4320 τὰς
3209 4258 3416 4328 ὕϐρεις,
3463 4265 3558 4343 καίι
3602 4264 3770 4316 οὐδὲν

2182 4344 2519 4409 ἀποδεούσας
2561 4346 2668 4397 τῶν
2740 4348 2893 4414 παρὰ
2952 4348 3302 4419 Ἀποκαύχου
3350 4352 3444 4405 τοῦ
3520 4354 3769 4421 μεγάλου

2181 4434 2373 4499 δουκδς
2420 4439 2562 4488 κατᾶ
2589 4437 2683 4489 τὸν
2741 4438 2933 4506 χρόνον
2984 4438 3082 4492 τοῦ
3121 4443 3363 4512 πολέμοο
3416 4445 3769 4515 τετολμημέο

2182 4542 2306 4582 νων.
2349 4528 2413 4578 Ἀ
2451 4527 2687 4597 μάλιστα
2725 4528 2968 4598 ἐλύπησε
3024 4532 3331 4601 πυθόμενον
3377 4534 3468 4588 τὸν
3523 4537 3765 4606 βασιλέα

2181 4618 2281 4671 οὐκ
2309 4619 2375 4673 ἂν
2400 4620 2480 4680 είς
2509 4619 2766 4673 τοσοῦτον
2792 4620 3102 4691 ἐξενεγκεῖν
3151 4624 3243 4678 τὸν
3304 4626 3425 4681 νέον
3496 4630 3765 4699 οἰηθέντα

2184 4707 2413 4779 βασιλέα
2496 4712 2752 4776 ἀτοπίας,
2809 4715 2891 4795 εἰ,
2932 4715 3008 4786 μὴ
3043 4715 3307 4770 ἄσπονδον
3357 4720 3630 4789 ἐσκέψατο
3671 4725 3768 4775 τὸν

2184 4804 2323 4872 πρὸς
2397 4802 2562 4856 αὐτὸν
2630 4804 2868 4873 πόλεμον
2924 4806 3227 4876 διατηρεῖν.
3273 4806 3331 4860 Ὀ
3401 4811 3583 4879 μέντοι
3641 4817 3767 4879 νέος

2184 4894 2436 4965 βασιλεὺς
2490 4895 2557 4948 τὰ
2612 4896 2840 4948 τοιαῦτα
2893 4898 3296 4968 ἐγκαλούμενος
3363 4901 3591 4970 ὓστερον
3653 4906 3768 4959 ὑπὸ

2180 4985 2277 5039 τοῦ
2314 4985 2605 5056 κηδεστοῦ,
2653 4987 2965 5058 ἰσχυρίζετο
2997 4990 3154 5043 οὐδὲν
3181 4992 3386 5045 εἰδέναι
3439 4993 3549 5046 τῶν
3597 5011 3771 5065 γεγε-

2182 5079 2454 5148 νημένων,
2491 5079 2626 5131 ἀλλὰ
2654 5081 2804 5149 παρά
2855 5081 2954 5154 τὴν
3008 5083 3195 5153 κοίλην
3233 5085 3387 5150 ὄντος
3458 5090 3610 5154 ναῦν,
3665 5096 3767 5155 καὶ

2182 5171 2287 5224 τῶν
2314 5171 2625 5241 λεγομένων
2677 5172 2893 5236 οὐδενὸς
2957 5172 3177 5230 ἀκούειν
3237 5178 3341 5232 ὑπὸ
3392 5180 3486 5233 τοῦ
3571 5183 3766 5252 ροθῐου

506 5257 789 5311 Tenedum
839 5254 951 5322 jam
1008 5257 1360 5310 cucurrerat,
1418 5249 1796 5304 confusionem
1860 5260 2075 5318 autem,

2187 5261 2662 5330 συγχωρουμένου,
2741 5263 3014 5317 ἀτακτοῦν
3089 5265 3150 5319 τὸ
3219 5271 3477 5323 ναυτικὸν
3539 5249 3764 5345 ἐτράπη

508 5348 991 5410 turbationemque
1026 5354 1133 5393 non
1171 5340 1468 5408 vulgarem,
1498 5341 1761 5396 nobilium
1801 5344 2086 5415 praecipue

503 5438 754 5493 oﬂendit.
781 5433 966 5487 Tertio
987 5431 1131 5483 enim
1161 5431 1249 5485 die
1276 5443 1395 5500 post
1420 5433 1712 5487 adventum
1743 5435 1860 5505 ejus
1881 5450 2075 5490 omnes

503 5526 809 5596 composito
848 5523 1106 5594 palatium
1140 5525 1390 5594 ingressi,
1424 5527 1676 5595 ignorare
1715 5542 1771 5581 sc
1795 5528 2072 5592 dixerunt,

505 5619 637 5689 quid
667 5618 773 5671 sibi
805 5617 965 5670 vellet
1001 5624 1147 5669 tanta
1191 5618 1247 5671 in
1275 5627 1563 5687 utramque
1596 5628 1805 5688 partem
1841 5620 2073 5674 inclinav

502 5712 604 5772 tio,
644 5717 701 5761 ut
731 5724 905 5777 neque
942 5707 1043 5777 ipsi
1075 5709 1215 5763 seire
1250 5720 1474 5779 queant,
1502 5711 1609 5763 utri
1640 5711 1976 5767 adluereant.
2015 5712 2073 5765 Si

500 5798 648 5855 enim
684 5797 841 5865 plane
882 5797 1144 5853 lenonem
1178 5800 1561 5871 imperatorem
1588 5803 1862 5873 junioretn
1897 5804 2069 5858 luere-

2181 5353 2319 5422 πρὸς
2358 5353 2455 5414 τὰς
2509 5350 2717 5422 ὕϐρεις.
2768 5353 2954 5407 Ταῦτα
3025 5355 3125 5426 μὲν
3177 5357 3271 5412 οὖν
3314 5360 3482 5430 ὀλίγῳ
3529 5361 3768 5431 ὕστερον

2184 5443 2495 5514 εἰρήσεται.
2532 5444 2670 5496 Τότε
2703 5443 2760 5497 δὲ
2814 5446 2937 5500 ἐπεὶ
2983 5451 3063 5509 εἰς
3100 5449 3323 5503 Τένεδον
3367 5453 3575 5515 ἐκεῖνος
3620 5456 3773 5508 ἐπα-

2184 5532 2316 5602 νῆκε
2351 5532 2602 5603 βασιλίδα
2645 5533 2865 5605 Ἑλένην
2893 5538 2994 5605 τὴν
3023 5540 3259 5607 γυναῖκα
3288 5540 3429 5611 ἔχων
3491 5543 3585 5595 καὶ
3635 5544 3768 5599 Μα-

2183 5624 2345 5693 νουὴλ
2372 5624 2461 5676 τὸν
2492 5625 2678 5689 παῖδα,
2710 5623 2876 5697 ἦλθεν
2914 5630 2994 5692 εἰς
3044 5630 3476 5705 Θεσσαλονίκην.
3534 5639 3767 5691 Kay-:1"

2181 5714 2444 5782 κουζηνὺς
2475 5714 2531 5766 δὲ
2563 5717 2590 5768 δ
2615 5714 2866 5784 βασιλεὺς
2895 5722 3023 5788 περὶ
3055 5723 3237 5794 Βήραν
3280 5725 3598 5797 διατρίϐων,
3628 5731 3762 5785 ἐπεὶ

2182 5806 2406 5861 πύθοιτο
2444 5807 2536 5860 τὸν
2574 5807 2825 5880 γαμόρὺν
2853 5813 2944 5866 ἐπὶ
2966 5814 3259 5879 Βυζάντιον
3309 5819 3555 5887 ὲλθόιτα,
3609 5827 3763 5881 κατὰ
