4056 6462
267 449 364 513 £69

1409 431 1955 498 HISTORIARUM
1997 429 2230 491 LIBER
2270 431 2365 493 ιν.

3393 445 3498 508 270

268 561 419 631 τάχος
460 555 548 610 ἐπ’
583 556 792 609 ἐκεῖνον
822 553 932 626 ᾔει,
970 551 1066 606 καὶ
1090 550 1252 614 αὐτὸς
1297 548 1561 621 στρατιάν
1585 563 1643 600 τε
1668 544 1817 614 ἄγων

1938 540 2046 597 lem
2092 543 2310 613 imperii
2361 541 2590 598 Romani
2631 544 2911 604 declarare
2955 552 3231 620 statuerit,
3261 570 3361 613 cur
3392 577 3501 617 non

266 653 359 705 οὐκ
388 648 596 716 ὀλίγην,
632 646 728 700 καὶ
765 645 1044 700 Ματθαῖον
1095 643 1467 712 συνεπόμενον
1524 639 1667 709 ἔχων
1726 637 1822 691 τὸν

269 741 394 794 υίόν.
426 736 657 791 Βασιλέα
697 736 796 804 μὲν
843 728 937 788 οὖν
985 735 1085 804 οὐχ
1135 726 1265 804 εὗρε
1285 732 1377 786 τὸν
1425 728 1697 800 γαμϐρὸν,
1744 728 1824 789 είς

272 830 483 887 Τένεδον
509 829 650 883 κατὰ
698 829 863 897 τάχος
893 825 1186 898 ἀπηρκότα
1220 826 1313 878 καὶ
1334 822 1518 887 αὐτὸν,
1555 819 1824 888 σῦγχυσιν

274 924 325 977 δὲ
380 925 472 977 καὶ
510 920 752 992 ταραχὴν
786 921 885 973 οὐκ
926 917 1113 993 ὀλίγην
1157 920 1216 970 ὲν
1244 918 1356 979 τοῖς
1379 911 1825 982 ἐπιφανεστέρας

280 1015 503 1086 μάλιστα
518 1014 919 1085 ἑγηγερμένην.
954 1013 1048 1075 Ei;
1075 1010 1266 1083 τρίτην
1296 1007 1404 1079 γὰρ
1430 1007 1643 1078 ἡμέραν
1689 1005 1828 1075 μετὰ

274 1110 366 1179 τὴν
392 1107 686 1178 ἐπιδημίαν
730 1107 931 1167 πάντες
965 1106 1030 1157 ὲκ
1060 1103 1222 1157 συνθί
1238 1115 1408 1171 ματος
1454 1099 1739 1168 γενόμενοι
1768 1099 1829 1149 ὲν

277 1199 579 1270 βασιλείοις,
623 1199 839 1267 ἀγνοεῖν
892 1196 1103 1265 ἔφασαν
1167 1194 1305 1265 πρὸς
1363 1191 1609 1262 βασιλέα,
1679 1190 1709 1243 ὅ
1773 1206 1828 1242 τι

276 1292 504 1363 βούλοιτο
538 1290 687 1361 αὐτῷ
725 1293 758 1361 ἡ
805 1292 937 1360 πρὸς
961 1289 1213 1343 τοσοῦτον
1261 1286 1347 1356 ἔφ’
1372 1286 1608 1356 ἑκάτερα
1659 1272 1826 1355 ῥοπή,

273 1385 401 1439 ὥστε
435 1385 556 1455 μηδ’
587 1385 784 1446 αὐτοὺς
806 1384 1007 1437 εἰδέναι
1038 1384 1184 1452 ἔχειν
1209 1380 1462 1448 ὁποτέρῳ
1480 1377 1826 1448 πρόσθοιντο.

271 1478 450 1547 Εἰμὶν
494 1477 601 1546 γὰρ
655 1479 719 1530 ἐκ
751 1477 954 1545 τρόπου
1016 1478 1218 1537 παντζς
1275 1472 1502 1543 βασιλέα
1557 1471 1649 1523 τὸν
1711 1467 1831 1522 νέον

281 1570 524 1638 Ἰωάννην
556 1566 762 1637 ἔγνωκε
790 1566 1128 1637 κληρονόμον
1159 1561 1536 1618 ἀποδεικνύειν
1563 1561 1661 1630 τῆς
1695 1559 1834 1611 Ῥω-

242 1659 441 1729 -μαίων
486 1656 807 1727 ἡγεμονίας,
867 1657 921 1708 τί
978 1659 1053 1726 μὴ
1117 1656 1213 1710 καὶ
1280 1655 1465 1717 αὐτοῖς
1531 1650 1833 1721 κατάδηλον

270 1750 430 1811 ποιεῖ,
467 1747 607 1801 ὥστε
660 1747 797 1818 μήτε
836 1746 1129 1815 πολεμεῖνί
1158 1744 1294 1797 ἀλλὰ
1349 1744 1443 1797 καὶ
1497 1740 1830 1807 θεραπεύειν

1927 637 2032 690 hoc
2072 635 2206 704 ipsis
2241 634 2486 702 aperiat?
2527 651 2637 706 quo
2680 653 2789 694 non
2823 641 2984 696 modo
3032 648 3198 703 armis
3229 663 3357 705 eum
3393 667 3501 708 non

1925 736 2347 800 persequantur,
2388 728 2483 783 sed
2530 730 2695 784 etiam
2757 733 2968 802 (utpote
3011 752 3118 793 non
3162 741 3336 796 multo
3380 754 3506 811 post

1928 823 1984 875 in
2049 820 2167 892 rjus
2216 830 2488 890 potestate
2531 821 2737 892 futuri)
2783 827 3064 897 obsequiis
3105 831 3308 890 colant.
3357 837 3505 891 Stul-

1928 920 2043 966 tum
2067 911 2235 978 enim,
2253 920 2304 966 et
2331 908 2816 971 insolentissimum
2837 933 2982 986 esse,
3006 933 3196 977 contra
3218 924 3500 981 dominum

1929 1005 2284 1073 insolescere,
2325 1015 2382 1061 et
2424 1006 2544 1077 ejus
2577 1007 2763 1064 hostes
2791 1011 3002 1073 videri;
3038 1025 3326 1086 propterea
3356 1020 3502 1088 quod

1929 1096 2049 1166 ipso
2088 1111 2216 1151 eum
2254 1098 2567 1167 adjuvante,
2612 1109 2669 1155 et
2710 1100 2943 1173 imperio
2973 1106 3121 1162 ultro
3153 1110 3383 1167 cedente
3410 1127 3509 1165 no-

1930 1201 2059 1241 cere
2093 1186 2143 1242 ei
2175 1202 2283 1243 non
2328 1197 2608 1258 poterunt,
2643 1190 2745 1245 sibi
2792 1192 2925 1263 ipsis
2964 1205 3170 1258 autem.
3212 1198 3426 1265 liberis,
3456 1213 3512 1256 et

1932 1278 2259 1349 propinquis
2298 1279 2596 1343 norebunt,
2642 1283 2877 1339 maxime
2926 1287 3108 1343 hostes
3142 1289 3292 1346 illius
3329 1290 3509 1347 man’i-

1930 1371 2162 1435 festarii,
2196 1371 2286 1427 cni
2323 1371 2491 1426 velint
2527 1373 2706 1428 nolint
2744 1375 2974 1433 subesse
3010 1377 3236 1437 debent.
3276 1381 3431 1448 Quod
3462 1385 3509 1439 si

1931 1480 2057 1520 eum
2106 1465 2389 1521 inimicum
2438 1463 2632 1529 ducat,
2682 1467 2936 1538 ipsosque
2981 1469 3245 1541 impigros
3298 1460 3511 1532 militiae

1934 1558 2116 1611 socios
2153 1556 2354 1611 habere
2399 1555 2694 1622 desideret,
2725 1572 2862 1626 Opus
2880 1573 3002 1616 esse
3034 1570 3264 1634 utspem
3296 1566 3509 1622 ﬁrmam

1935 1648 1992 1701 in
2036 1656 2315 1716 posterum
2345 1645 2530 1710 faciat,
2565 1662 2671 1716 qua
2705 1648 2814 1703 nixi
2843 1649 2997 1704 illum
3048 1651 3281 1709 ﬁdenter
3317 1670 3513 1727 aggre-

1934 1736 2175 1797 dianlur,
2215 1736 2364 1790 lianc
2408 1737 2546 1801 fore,
2583 1737 2628 1791 si
2665 1736 2977 1795 Matthaeum
3008 1741 3179 1798 ﬁlium
3214 1745 3513 1815 imperato-

271 1841 556 1910 μέλλοντας
571 1838 737 1908 ὀλίγῳ
759 1838 984 1907 ὓστερον
1015 1833 1153 1889 εἶναι
1180 1833 1272 1889 ὑπ’
1302 1835 1509 1887 ἐκεῖνον
1532 1849 1549 1899 ;
1582 1830 1834 1899 Ἀνόητον

1939 1843 2053 1882 rem
2082 1827 2333 1897 designet
2365 1828 2499 1899 (59).
2530 1827 2622 1885 Sic
2661 1830 2810 1884 enim
2855 1832 3252 1891 dubitationem
3292 1851 3512 1895 omnem

212 1954 215 1955 '
267 1889 373 2003 γάρ
402 1932 464 1985 ἂν
498 1930 605 1999 εἴη,
636 1889 730 1990 έαᾷ
760 1928 868 1983 τῶν
892 1889 1277 1990 διτοπωτάτων,
1309 1889 1645 1993 ἀγνωμονεῖν
1694 1889 1832 1992 πρὸς

1938 1918 2323 1988 deposituros,
2368 1928 2425 1975 et
2485 1919 2743 1975 alacriter
2787 1922 3065 1992 juniorem
3126 1926 3513 1998 imperatorem

186 2059 192 2075 .
264 2023 356 2075 τὸν
405 2023 694 2093 δεσπότην,
755 2022 849 2075 καὶ⁸
900 2020 1198 2090 πολεμίους
1272 2015 1584 2087 φαίνεσθαι,
1635 2013 1696 2079 ἐξ
1754 2008 1830 2068 ὧν

266 2117 470 2169 ἐκεῖνον
513 2114 623 2181 μὲν
654 2112 716 2164 οὐ
746 2110 1067 2182 δυνήσονται
1096 2107 1407 2177 διαφθερεῖν
1430 2103 1594 2158 αὑτοῦ
1643 2120 1834 2157 συναι-

270 2200 522 2276 ρομένου,
579 2203 673 2258 καὶ
724 2203 824 2274 τῆς
874 2201 1054 2273 ἀρχῆς
1108 2195 1574 2272 παραχωροῦντος
1628 2193 1831 2260 ἑκοντὶ,

270 2297 409 2364 σφᾶς
438 2296 491 2349 δὲ
520 2296 713 2349 αὐτοὺς
738 2296 833 2349 καὶ
853 2294 1040 2354 τέκνα,
1076 2293 1173 2345 καὶ
1195 2291 1432 2352 οἰκείους
1467 2287 1730 2359 βλάψουσι
1762 2289 1834 2339 τὰ

273 2384 522 2455 μέγιστα,
551 2382 797 2452 πολέμιοι
842 2379 1232 2449 ἀναφανέντες,
1265 2373 1311 2447 ᾧ
1362 2375 1639 2431 δουλεύειν
1674 2374 1829 2439 ἕξου-

286 2493 357 2529 σιν
399 2476 671 2546 ἀνάγκην.
728 2475 791 2528 Ei
846 2475 891 2529 δ’
917 2474 1081 2536 αὑτός
1132 2489 1192 2525 τε
1265 2469 1526 2541 πολέμιον
1587 2468 1833 2540 ἡγεῖται,

286 2567 552 2628 κάκείνους
606 2564 901 2636 προθύμως
940 2563 1190 2633 βούλεται
1229 2560 1602 2631 συμπολεμεῖν
1656 2555 1830 2626 αὐτῷ,

276 2659 457 2711 ἐλπίδα
494 2655 619 2710 τινὰ
655 2656 878 2725 βεϐαίαν
909 2654 1027 2709 δέον
1085 2652 1222 2720 πρὸς
1284 2650 1354 2704 τὰ
1392 2648 1655 2720 μέλλοντα
1693 2663 1838 2717 παρ·
1875 2650 1883 2658 ’

274 2742 548 2818 έχεσθαιῇ
597 2746 912 2806 πεισθέντες
964 2743 1160 2813 ἐκείνῳ
1197 2740 1573 2811 πολεμήσουσι
1623 2737 1834 2810 προθύτ

272 2855 406 2907 μως.
433 2837 581 2907 Αὕτη
635 2837 679 2888 δ’
716 2835 781 2888 ἂν
813 2835 898 2903 εἴη
952 2832 1012 2887 τὸ
1073 2833 1353 2886 Ματθαῖον
1398 2830 1489 2882 τὸν
1544 2828 1659 2881 υἱὸν
1703 2829 1840 2881 ἀπο-ι

266 2928 532 2981 δεικνύειν
598 2924 847 2997 βασιλέα,
915 2921 992 2985 ὡς
1044 2919 1190 2976 οὕτω
1244 2923 1425 2974 πᾶσαν
1500 2916 1836 2987 ἀμφιϐολίαν

266 3018 712 3089 ἀποϐησομένων,
749 3017 843 3071 καὶ
868 3015 1166 3086 προθύμως
1211 3010 1290 3082 τῷ
1343 3011 1449 3080 νέῳ
1481 3009 1691 3080 βασιλεῖ
1733 3023 1838 3060 πο-

265 3112 640 3181 λεμησόντων,
689 3109 878 3163 ἐλπίδα
911 3105 1140 3177 βεϐαίαν
1197 3105 1299 3176 ἤδη
1340 3102 1718 3172 κεκτημένων,
1757 3101 1835 3164 ὡς

266 3203 301 3272 ἦ
333 3204 704 3275 κρατήσαντες
760 3200 871 3254 τῶν
926 3198 1200 3269 πολεμίων
1251 3196 1339 3249 διὰ
1399 3195 1516 3266 βίου
1582 3194 1835 3264 βασιλέας

268 3295 439 3348 αὑτὸν
456 3294 641 3367 ἕξουσι
671 3291 763 3345 καὶ
790 3291 883 3344 τὸν
909 3291 1044 3343 υίόψ
1073 3288 1107 3359 ἠ
1139 3288 1236 3341 καὶ
1262 3286 1418 3340 αὐτοὶ
1446 3286 1837 3356 κρατηθέντων

270 3384 832 3454 συνδιαφθαρήσονται
894 3381 1095 3437 αὐτῶν.
1148 3381 1212 3433 Οἱ
1280 3379 1377 3450 μὲν
1410 3396 1502 3432 ουν
1577 3379 1635 3431 ὲν
1690 3377 1838 3431 τέλει

267 3477 494 3531 τοιαῦτα
518 3473 694 3529 εἷπον.
734 3475 997 3535 Βασιλεὺς
1034 3472 1113 3539 δὲ,
1144 3473 1257 3543 Τὴν
1286 3472 1385 3542 μὲν
1415 3470 1640 3536 ἀξίωσιν
1664 3469 1839 3540 ὑμῶν,

268 3572 344 3633 ὡς
386 3569 570 3623 δικαία
586 3586 670 3638 τε,
707 3565 854 3632 εἷπε,
888 3566 985 3622 καὶ
1010 3568 1134 3619 νοῦν
1165 3564 1386 3635 ἔχουσα,
1422 3564 1517 3617 καὶ
1547 3564 1842 3631 ἀναγκαῖον

273 3661 473 3717 ειδέναι
507 3661 614 3734 ὅτῳ
647 3659 1051 3732 προσθεμένους
1098 3656 1212 3731 χρὴ-
1236 3656 1409 3729 ὲτέρῳ
1431 3654 1709 3723 πολεμεῖν,
1742 3655 1843 3708 οὐκ

273 3756 340 3807 ἄν
358 3754 653 3826 ἀρνηθείην
671 3754 776 3807 οὐδ’
807 3753 990 3815 αὐτός.
1014 3752 1116 3804 Τὸν
1157 3751 1258 3822 μὲν
1287 3750 1397 3821 γὰρ
1437 3749 1593 3802 ἄλλον
1624 3744 1844 3802 ἅπαντα

273 3845 487 3915 χρόνον,
531 3843 692 3907 εὐθὺς
722 3844 859 3913 μετὰ
885 3845 947 3897 τὸ
997 3844 1146 3911 ἡμᾶς
1201 3842 1310 3894 τῶν
1360 3839 1642 3908 πολεμίων
1682 3854 1839 3907 περι-

274 3938 629 4007 γεγενῆσθαι,
663 3935 1093 3990 καταλελυκέναι
1124 3950 1182 3988 τε
1215 3933 1305 3987 τὸν
1350 3932 1590 4001 πόλεμον
1629 3929 1842 4001 συμϐάα

277 4046 385 4092 σεις
420 4028 679 4097 θεμένους
711 4027 846 4098 πρὸς
902 4027 1107 4080 ’Ἅνναν
1135 4026 1234 4094 τὴν
1265 4023 1537 4094 βασιλίδα,
1563 4021 1662 4075 καὶ
1695 4020 1846 4091 βασι-

272 4120 373 4173 λέα
405 4120 494 4171 τὸν
523 4120 650 4188 ἐμὸν
679 4118 951 4188 γαμϐρὸν,
1015 4100 1203 4180 aii-cog”
1220 4113 1532 4186 ἠνάγκαζον
1576 4113 1721 4182 ὑμᾶς
1765 4112 1848 4166 δε-

280 4212 487 4282 σταᾶτην
511 4212 739 4271 ἐκεῖνον,
770 4211 860 4263 καὶ
894 4208 1119 4278 βασιλέα
1151 4208 1240 4260 καὶ
1278 4207 1501 4271 εἰδέναι,
1554 4205 1652 4259 καὶ
1684 4206 1839 4274 νομί-

273 4299 414 4365 ζειν·
439 4303 533 4352 καὶ
563 4301 664 4354 οὐκ
701 4301 758 4352 ὲν
790 4301 1087 4372 ἀπορρήτῳ
1143 4298 1324 4369 μόνον,
1403 4297 1542 4350 ἀλλά
1591 4297 1688 4350 καὶ
1749 4295 1848 4348 ἐπὶ

274 4389 490 4444 πολλῶν
533 4390 909 4454 πο).λάκις“τδν
955 4390 1077 4445 νέον
1136 4388 1363 4459 βασιλέα
1404 4389 1501 4444 καὶ
1534 4385 1840 4457 περιόντος,

1935 2021 2389 2082 oppugnaturos;
2428 2026 2525 2081 spe
2549 2013 2661 2082 jam
2706 2024 2856 2070 certa
2898 2017 3182 2085 subnixos,
3224 2030 3321 2075 aut
3354 2022 3516 2079 victis

1935 2104 2190 2160 hostibus
2236 2105 2415 2173 ipsum
2449 2119 2572 2158 cum
2598 2104 2733 2170 ﬁlio,
2758 2108 2939 2177 quoad
2981 2110 3242 2176 vixerint,
3276 2113 3517 2185 impera-

1935 2204 2087 2254 tores
2122 2196 2410 2251 habituros
2437 2212 2451 2249 :
2483 2205 2578 2282 aut
2619 2197 2666 2252 si
2714 2199 2815 2269 ipsi
2867 2200 3177 2270 vincantur,
3205 2219 3330 2260 cum
3380 2205 3516 2276 ipsis

1934 2291 2098 2348 simul
2148 2289 2469 2346 moniturus.
2522 2289 2800 2348 Hactenus
2832 2292 3121 2351 nobilitas.
3155 2293 3291 2352 Tum
3342 2296 3519 2370 impr-

1937 2390 2088 2437 rator
2113 2382 2193 2437 sic
2217 2391 2409 2437 contra
2441 2382 2586 2436 fatus
2613 2396 2698 2439 est
2728 2400 2745 2438 :
2770 2384 3097 2440 Petitionem
3133 2399 3369 2444 vestram
3393 2406 3517 2447 esse

1929 2472 2161 2544 justam,
2185 2479 2242 2526 et
2270 2485 2395 2525 cum
2422 2473 2637 2547 ratione
2666 2473 3132 2540 consentientem,
3163 2490 3228 2532 ac
3250 2492 3350 2533 vos
3375 2480 3517 2535 scire

1936 2573 2215 2634 oportere,
2251 2563 2362 2619 utri
2397 2562 2644 2637 faventes
2695 2564 2750 2618 in
2793 2565 3027 2621 alterum
3074 2581 3228 2624 arma
3263 2574 3516 2637 vertatis,

1936 2672 2041 2712 nec
2085 2670 2186 2726 ego
2231 2655 2447 2711 inﬁcias
2495 2655 2710 2711 iverim.
2754 2655 2889 2711 Nam
2921 2656 3086 2713 simul
3117 2674 3182 2717 ne
3229 2660 3520 2719 debellatis

1938 2749 2195 2804 hostibus
2243 2747 2446 2803 bellum
2498 2747 2806 2817 posuimus,
2844 2756 2902 2804 et
2948 2748 3131 2806 lendus
3182 2767 3308 2808 cum
3360 2757 3516 2812 Anna

1938 2841 2313 2912 impcratrice,
2361 2855 2672 2911 generoque
2715 2855 2838 2896 meo
2889 2841 3220 2912 imperatore
3265 2846 3517 2914 iecimus,

1938 2933 2058 3002 ipse
2091 2931 2353 3003 cogebant
2382 2945 2481 2984 vos
2521 2929 2810 2986 dominum
2855 2929 3033 2996 illum,
3073 2932 3240 3004 950
3269 2944 3323 2989 et
3345 2937 3520 3007 impe-

1942 3033 2180 3077 ratorem
2223 3023 2386 3081 scire.
2427 3030 2593 3091 atque
2640 3034 2939 3090 agnoscere
2976 3039 2992 3075 :
3037 3038 3140 3079 nec
3191 3024 3249 3079 in
3301 3039 3519 3083 secreto

1941 3112 2143 3177 solum,
2175 3111 2271 3166 sed
2324 3111 2511 3166 multis
2545 3125 2689 3179 saepe
2730 3108 3108 3176 audientibus,
3153 3111 3516 3186 Palazologum

1940 3207 2238 3276 superstite
2280 3217 2387 3267 me,
2428 3213 2484 3257 et
2536 3211 2660 3271 post
2701 3199 2916 3255 obitum
2947 3216 3126 3257 meum
3174 3205 3230 3259 in
3270 3206 3519 3264 Romano

1946 3296 2177 3366 imperio
2223 3307 2594 3349 successorem
2637 3291 2957 3362 proﬁtebar.
2984 3291 3140 3350 Nunc
3173 3295 3289 3366 ipsa
3332 3312 3516 3355 rerum

1949 3385 2193 3441 conditio
2227 3394 2283 3440 et
2310 3399 2399 3439 me
2435 3384 2599 3439 aliter
2635 3382 2815 3439 facere
2851 3386 3136 3454 compulit,
3169 3402 3332 3457 quam
3370 3390 3519 3445 volo-

1948 3477 2094 3542 bam,
2151 3485 2208 3530 et
2257 3489 2357 3530 vos
2415 3482 2844 3529 consentaneum
2896 3486 3002 3540 est,
3048 3476 3177 3532 inde
3222 3478 3518 3533 admodum

1945 3564 2238 3643 perplexos
2272 3562 2410 3617 ﬁeri.
2442 3562 2498 3617 Si
2535 3562 2704 3630 igitur
2728 3562 2796 3616 de
2822 3562 2946 3617 lana
2984 3565 3206 3633 caprina
3236 3579 3518 3637 ageretur,

1947 3672 2059 3712 non
2107 3665 2253 3712 esset
2300 3655 2520 3710 dillicile
2569 3656 2625 3708 in
2678 3670 2917 3725 praesens
2961 3656 3237 3727 proloqui,
3277 3662 3424 3730 quod
3468 3664 3521 3717 in

1949 3758 2188 3806 mentem
2235 3747 2488 3803 veniret:
2522 3746 2620 3815 qui
2668 3761 2775 3803 non
2822 3747 3078 3819 magnum
3130 3748 3522 3808 detrimentum

1949 3849 2276 3912 sequeretur
2308 3856 2374 3894 ex
2406 3854 2471 3894 eo
2501 3839 2650 3908 quod
2689 3839 3002 3894 inconsulto
3033 3849 3089 3894 et
3119 3840 3526 3899 inconsiderate

1950 3947 2073 4004 qua:
2107 3932 2162 3986 in
2197 3931 2424 3985 buccam
2456 3927 2760 3994 venissent,
2792 3927 3173 3986 eﬁ‘utivissem.
3214 3929 3353 3997 Quia
3396 3950 3527 3988 vero

1951 4025 2021 4080 de
2066 4024 2137 4079 iis
2189 4023 2423 4093 agimus,
2474 4037 2600 4091 quae
2642 4021 2787 4090 apud
2836 4034 2938 4075 nos
2988 4022 3211 4077 maximi
3265 4028 3525 4081 momenti

1952 4127 2083 4173 sunt
2124 4116 2290 4186 (quid
2336 4116 2487 4170 enim
2535 4114 2766 4183 imperio
2812 4114 2988 4185 majus
3030 4114 3214 4185 μου)
3264 4132 3325 4171 re
3376 4118 3528 4186 prius
3592 4161 3600 4168 .

1952 4208 2188 4264 multum
2229 4220 2294 4260 ac
2338 4219 2485 4274 saepe
2528 4204 2851 4274 ponderata,
2895 4205 2976 4259 sic
3005 4204 3224 4260 demum
3253 4210 3397 4276 apud
3427 4223 3529 4264 vos

1953 4315 2076 4371 quae
2104 4289 2494 4361 conducibilia,
2517 4307 2573 4351 et
2593 4295 2738 4367 justa
2777 4295 3175 4362 existimemus,
3211 4297 3528 4355 disserenda

1953 4400 2104 4448 sunt.
2147 4390 2333 4459 Neque
2364 4389 2470 4444 hoc
2514 4397 2750 4452 tantum,
2795 4387 2889 4458 sed
2941 4397 2996 4441 et
3028 4387 3157 4458 ipsi,
3188 4398 3302 4443 tum
3342 4406 3440 4459 per
3468 4408 3530 4447 se

272 4484 369 4535 καὶ
405 4483 545 4552 μετὰ
584 4481 685 4553 τὴν
736 4480 997 4552 τελευτὴν
1052 4481 1189 4549 ἐμοῦ
1239 4483 1339 4552 τῆς
1398 4477 1691 4550 Ῥωμαίων
1725 4477 1835 4531 διέι⁴

1955 4477 2357 4548 unusquisque,
2387 4484 2503 4530 tum
2545 4489 2739 4531 omnes
2768 4478 3136 4532 communiter
3180 4494 3238 4534 re
3270 4492 3531 4536 accurate

270 4572 432 4643 δοκον
471 4573 742 4643 βασιλείας
771 4573 1001 4627 ἔσεσθαι
1038 4571 1469 4641 ἀπεφθεγγόμην
1491 4585 1505 4599 ⁸
1531 4568 1650 4623 νυνὶ
1677 4568 1721 4621 δ’
1751 4568 1835 4622 αὐ·

1955 4584 2206 4634 excussa,
2238 4583 2303 4623 ac
2331 4572 2597 4639 perpensa
2627 4567 2705 4622 sic
2741 4568 3042 4638 comparati
3073 4577 3272 4635 estote,
3309 4578 3371 4625 ut
3405 4587 3533 4627 sen-

269 4667 344 4717 τὰ
368 4666 438 4717 τὰ
471 4667 769 4735 πράγματα
818 4666 918 4736 ἐμέ
950 4682 1008 4718 τε
1034 4666 1353 4735 ἠνάγκασαν
1408 4665 1611 4732 ἑτέρως
1673 4661 1835 4732 πράτ-

1957 4660 2185 4714 tentiam
2216 4659 2476 4728 quisque,
2518 4674 2683 4728 quam
2737 4658 2918 4724 rebus
2947 4658 3209 4714 Romanis
3255 4660 3528 4727 universe,

270 4774 407 4820 τειν,
436 4758 471 4827 ἢ
509 4758 586 4818 ὼς
618 4759 949 4829 ἠϐουλόμην,
978 4761 1073 4811 καὶ
1120 4759 1248 4827 ὑμῖν
1279 4756 1427 4819 εἰκὸς
1461 4753 1703 4826 μεγάλας
1747 4755 1835 4817 τὰς

1952 4757 2012 4805 et
2066 4746 2226 4802 vobis
2281 4747 2484 4817 cuique
2534 4762 2782 4803 seorsum
2831 4748 3173 4816 profuturam
3233 4754 3533 4820 putaverit,

272 4848 507 4915 ἀπορίας
540 4848 828 4915 σεμποιείν.
886 4846 945 4898 El
974 4846 1075 4915 μὲν
1105 4840 1197 4897 οὖν
1245 4845 1371 4914 περί
1415 4861 1575 4898 τινων
1614 4846 1835 4898 οὐδένων

1952 4841 2294 4912 pronuntiet.
2325 4840 2404 4895 Ita
2432 4854 2753 4909 responsum
2778 4840 2844 4894 ad
2874 4841 3198 4909 petitionem
3227 4843 3533 4901 nobilitatis
3570 4826 3576 4832 ’

270 4941 369 4992 καὶ
422 4938 916 5008 εὖκαταφρονήτων
969 4936 1179 5003 όλόγος
1214 4932 1303 5005 ἦν,
1360 4937 1514 4989 οὐδὲν
1556 4932 1626 5008 ἦν
1683 4937 1835 5006 ἔργον

1953 4935 2205 5000 dilatum,
2235 4942 2291 4989 et
2313 4941 2620 4987 conventus
2656 4931 2917 4987 dimissus
2947 4945 3054 4990 est.

269 5030 604 5098 φθέγγεσθαι
658 5030 750 5082 νῦν
805 5030 864 5081 τὸ
917 5030 1225 5099 παραστάν,
1274 5030 1349 5094 ὡς
1399 5030 1586 5101 ὀλίγης
1636 5030 1836 5101 βλάϐης
1874 5029 2141 5100 ἐσομένης
2207 5029 2275 5081 ὲκ
2310 5026 2418 5093 λτοῦ
2473 5027 2549 5098 μὴ
2604 5027 2722 5097 μετ’
2773 5027 3100 5093 εὐϐουλίας,
3166 5029 3283 5084 ἀλλ’
3343 5031 3537 5101 ἀπερι-

271 5129 526 5187 σκέπτως
565 5124 902 5193 φθέγξασθαι
963 5125 1026 5177 τὸ
1091 5127 1396 5198 προστυχὸν
1437 5142 1453 5159 ο
1511 5127 1635 5179 ἐπεὶ
1664 5125 1720 5178 δὲ
1760 5125 1891 5196 περὶ
1920 5125 2030 5178 τῶν
2081 5123 2212 5192 παρ’
2244 5123 2377 5194 ἡμῖν
2411 5122 2708 5191 μεγίστων,
2736 5122 2789 5174 τί
2816 5121 2926 5191 γὰρ
2950 5121 3015 5177 ἂν
3042 5120 3129 5192 εἴη
3157 5121 3342 5193 μεῖζον
3371 5140 3386 5188 ;
3417 5124 3537 5177 δέον

273 5222 544 5292 πρότερον
578 5220 745 5273 πολλὰ
810 5218 1070 5282 πολλάκις
1120 5219 1517 5289 σκεψαμένους,
1571 5219 1719 5274 οὕτω
1776 5220 1915 5289 πρὸς
1950 5217 2094 5287 ὑμᾶς
2163 5216 2301 5271 ἄττα
2359 5215 2427 5270 ἂν
2486 5213 2762 5285 λυσιτελῇ,
2826 5214 2923 5267 καὶ
2985 5213 3168 5269 δίκαια
3226 5215 3538 5286 νομίζωμεν

267 5314 556 5382 διεξιέναι.
584 5312 659 5364 Οὐ
701 5311 811 5381 μὴν
861 5311 1001 5365 ἀλλὰ
1059 5312 1155 5364 καὶ
1225 5312 1382 5380 ὑμεῖς
1456 5311 1634 5376 αὐτοὶ,
1684 5312 1786 5366 καὶ
1821 5309 1931 5382 ἰδία
1968 5309 2223 5377 ἕκαστος,
2253 5307 2349 5361 καὶ
2399 5306 2601 5371 πάντες
2665 5306 2818 5374 κοινῇ
2878 5305 3010 5375 περὶ
3060 5304 3157 5358 τοῦ
3211 5308 3536 5378 πράγματος

268 5404 763 5479 πολλὴνὲξέτασιν,
789 5404 884 5457 καὶ
950 5403 1185 5473 βάσανον
1235 5403 1594 5474 ποιούμενοι,
1653 5401 1798 5457 οὕτω
1863 5403 2389 5474 παρασκευάσασθε,
2435 5395 2532 5463 ’ὡς
2610 5399 2840 5469 γνώμην
2892 5398 3127 5465 ἕκαστος
3176 5400 3429 5454 είσοίσων
3466 5401 3536 5484 ῆί

1538 5535 1753 5598 Jacobi
1790 5535 2060 5598 Pontani
2095 5542 2283 5598 notas.

346 5650 458 5720 (ὅθί
488 5648 635 5702 idem
670 5660 836 5716 supra
862 5643 1165 5720 petebatur
1193 5641 1490 5720 hoclibro.
1519 5652 1571 5694 et
1599 5640 1832 5720 negabat

1965 5639 2155 5720 πίνων.
2191 5640 2538 5720 πραγμάτων
2576 5636 2873 5720 ῇμέγιστόν
2905 5636 3042 5720 Δἐστι
3070 5674 3086 5699 ,
3144 5634 3237 5686 καὶ
3288 5630 3536 5720 πλείονος

273 5705 381 5777 Hic
405 5705 563 5773 aliter
588 5705 758 5772 sentit-
774 5732 789 5779 ;
825 5705 959 5768 nihil
991 5724 1198 5775 tamen,
1231 5722 1291 5765 ut
1315 5713 1371 5766 in
1405 5727 1466 5767 re
1494 5705 1716 5766 maximi
1740 5726 1856 5764 mo—
1967 5705 2508 5781 προνωίαςδεόμενον
2532 5729 2543 5761 :
2570 5705 2809 5780 Regnum
2841 5717 2914 5781 est
2944 5719 3207 5781 summum
3236 5719 3411 5781 rerum
3436 5705 3536 5755 Ιιιιτ

287 5773 489 5852 ntenti,
519 5797 722 5842 temere
753 5773 1108 5839 statucndum
1147 5773 1375 5852 censet.,
1434 5851 1437 5852 ν
1555 5850 1571 5852 ᾼ
1655 5850 1663 5852 Α
1720 5849 1732 5852 _
1965 5773 2276 5845 munerum,
2309 5773 2672 5850 niajoremque
2706 5776 3094 5849 prat'identiam
3126 5773 3383 5842 postulat.

353 5849 571 5931 (tanta
593 5855 879 5915 Nicoclem
910 5853 1204 5918 Isocrates,
1229 5851 1478 5923 βασιλεία
1506 5850 1615 5906 τῶν
1643 5849 1854 5919 ἀνθρω-
