4056 6482
308 424 415 486 2”3

1479 432 2019 519 [IISTORIABUM
2060 434 2130 493 L’l
2146 434 2289 494 BER
2341 436 2434 495 Ν.

3466 435 3572 498 5274

313 537 468 588 Βαῖτιν
503 538 595 590 τὸν
630 540 747 593 υἱὸν
794 540 1176 598 ἀποδεικνύειν
1233 545 1478 616 βασιλέα.
1522 547 1790 608 Βασιλεὺς
1843 544 1888 598 δ’

1996 546 2171 600 solum
2199 560 2454 601 sermone
2487 545 2554 601 de
2590 544 2783 601 iisdem
2826 546 2971 600 docti
3012 562 3155 617 saepe
3205 548 3432 611 fuerint,
3475 548 3569 603 sed

313 631 437 684 ἐπεὶ
462 630 539 701 μὴ
563 631 662 704 τὴν
683 633 982 708 ,διάσκεψιν
1014 632 1161 708 εἶχεν
1197 638 1279 691 ἔτι
1335 638 1737 695 ἀναϐάλλεσθαι
1771 638 1884 708 (ιξ-

314 726 471 794 ήρκει
512 723 620 794 γὰρ
644 727 671 779 ό
709 727 898 797 χρόνος
922 730 1018 798 τῆς
1056 731 1373 801 ἀναϐολῆς),
1402 733 1498 789 καὶ
1547 733 1650 802 τὴν
1699 731 1888 787 στάσιν

314 816 716 886 αὐξανομένην,
780 819 875 873 καὶ
926 820 1247 892 προσθήκην
1314 824 1401 876 ἀεὶ
1496 823 1890 892 λαμϐάνουσαν

316 907 485 979 ἐώρα,
521 912 797 980 καταστάς
836 912 914 976 είς
943 913 1163 982 μέσους,
1187 915 1336 983 ἔλεξε
1388 917 1590 972 τοιάδε.
1651 916 1724 970 Τὸ
1758 920 1892 989 περὶ⁸

316 999 424 1051 τῶν
450 999 629 1053 αὐτῶν
657 1000 748 1054 ἀεὶ
772 1000 1051 1069 διεξιέναι,
1080 1006 1176 1058 καὶ
1197 1005 1523 1061 ἀποκναίειν
1558 1007 1684 1071 τοὺς
1726 1008 1893 1063 ἀκού-

316 1107 474 1154 οντας
535 1092 614 1163 τῷ
677 1093 1014 1162 καινολογεῖν
1078 1098 1432 1152 παντάπασιν
1480 1102 1724 1155 ἐναντίον
1805 1100 1887 1167 δν,

316 1182 513 1250 ἁμοίως
548 1181 662 1253 ἔχει
693 1183 934 1254 μέμψιν,
965 1187 1141 1250 ἄλλως
1163 1187 1210 1241 θ’
1234 1190 1362 1242 ὅταν
1401 1191 1452 1242 οἱ
1488 1190 1785 1256 ἀκούοντες
1825 1193 1889 1245 οὐ

317 1273 494 1347 λόγοις
526 1266 631 1341 ὦσι
664 1277 827 1346 μόνον
856 1278 1120 1342 πολλάκις
1161 1282 1294 1350 περὶ
1340 1280 1451 1334 τῶν
1508 1283 1693 1336 αὐτῶν
1742 1285 1886 1338 δεδιο

314 1364 588 1434 δαγμένοι,
621 1366 755 1424 ἀλλά
786 1368 1016 1440 καὶτοῖς
1044 1370 1370 1440 πράγμασιν
1401 1372 1588 1437 αὐτοῖς
1641 1391 1889 1446 παρηκο-

316 1457 639 1528 λουθηκότες
669 1459 730 1525 ἐξ
758 1454 835 1513 ὧν
873 1462 1143 1532 ἐσχήκασι
1172 1463 1322 1533 σαφῆ
1357 1465 1449 1517 καὶ
1502 1467 1746 1536 φανεράν
1789 1468 1889 1538 τὴν

316 1543 590 1609 ἀπόδειξιν
618 1544 726 1598 τῶν
755 1545 1088 1616 λεγομένων.
1123 1547 1214 1611 Ὠς
1237 1548 1338 1618 μὲν
1354 1547 1447 1602 οὖν
1479 1549 1681 1614 ἀδίκως
1709 1568 1881 1605 πεπο-

316 1637 565 1707 λέμημαι
594 1637 731 1708 μετά
759 1639 860 1710 τὴν
887 1639 1151 1711 βασιλέως
1172 1640 1469 1713 ιτελευτὴν,
1499 1644 1620 1709 ζκαὶ
1655 1643 1878 1716 πολλὰς⁸

319 1729 416 1781 καὶ
455 1730 799 1793 παντοδαπὰς
842 1731 1114 1802 ὑπέμεινα
1163 1732 1265 1795 τάς
1292 1732 1635 1805 δυσχερείας,
1669 1735 1762 1790 καὶ
1791 1736 1889 1805 τᾲς

314 1822 630 1890 ἐπιϐουλάς,
667 1824 764 1879 καὶ
789 1826 916 1890 τοὺς
944 1826 1247 1893 κινδύνους,
1271 1827 1367 1881 καὶ
1392 1830 1466 1909 ᾡς
1483 1827 1621 1899 μετά
1654 1828 1749 1899 τὴν
1767 1846 1888 1885 τοσ-

1988 637 2156 692 rebus
2212 638 2342 706 ipsis
2375 652 2597 709 quoque
2651 653 2715 692 ea
2757 639 3154 708 compererint,
3193 655 3314 706 qua:
3363 651 3569 694 certant

1989 743 2055 783 ac
2084 728 2431 785 manifestam
2469 729 2625 784 urbis
2658 729 2818 785 (idem
2838 730 3225 784 conciliarunt.
3267 730 3349 785 Me
3379 730 3569 800 igitur,

1993 822 2325 893 imperatore
2369 818 2689 875 Andronico
2718 830 2941 877 mortuo
2969 820 3185 889 injuste.
3230 831 3290 874 ut
3335 821 3571 896 hostem,

1990 923 2386 983 oppugnatum,
2425 914 2764 982 multosque,
2804 922 2861 966 et
2889 913 3072 965 varios
3102 926 3284 977 casus,
3318 911 3568 976 insidias,

1992 1003 2239 1073 pericula
2275 1003 2536 1068 subiisse,
2559 1013 2617 1057 et
2642 1011 2763 1072 post
2796 1012 2977 1058 tantos
3000 1003 3269 1063 malorum
3297 1004 3569 1066 turbines,

1992 1092 2214 1148 nemine
2235 1093 2565 1163 opitulante,
2606 1093 2965 1150 adversarios
3000 1093 3243 1161 vicisse,
3283 1110 3385 1149 nec
3422 1097 3571 1164 paria

1992 1183 2250 1238 retulisse
2284 1202 2297 1237 :
2331 1184 2426 1259 sed
2480 1183 2632 1237 omni
2690 1184 2904 1239 ratione
2937 1185 3371 1255 magnitudinem
3401 1187 3570 1242 animi

1992 1290 2324 1346 exaggerarc
2360 1276 2661 1343 studuisse,
2695 1285 2887 1330 etnon
2917 1277 3095 1337 solum
3131 1288 3331 1334 caetera
3362 1280 3570 1344 omnia,

1992 1369 2088 1423 sed
2119 1379 2174 1423 et
2211 1369 2414 1438 ipsum,
2450 1385 2547 1440 pro
2580 1385 2692 1440 quo
2724 1370 2943 1426 infanda
2991 1387 3289 1441 perpessus
3321 1372 3568 1439 videbar,

1996 1458 2289 1525 imperium
2321 1459 2618 1528 reliquisse
2649 1460 2838 1531 (scitis
2866 1460 3016 1515 enim
3049 1462 3317 1519 nimirum
3351 1479 3567 1526 omnes.

1989 1549 2156 1620 852
2191 1551 2469 1623 quomodo
2498 1562 2554 1606 et
2583 1552 2689 1607 {ilia
2725 1554 3077 1623 meajuniori
3101 1553 3423 1626 imperatori
3454 1558 3573 1612 σοις

1989 1640 2191 1709 locata,
2225 1642 2491 1711 collegam
2524 1659 2711 1698 meum
2739 1646 2928 1700 statim
2964 1646 3118 1705 illum
3146 1647 3475 1717 coeptarim,
3517 1660 3574 1703 et

1989 1733 2288 1804 Augustam
2315 1734 2437 1806 ejus
2458 1746 2692 1791 matrem
2721 1737 2895 1807 priori
2916 1739 3304 1809 appellatione,
3345 1750 3403 1795 ιιι
3424 1749 3575 1796 esset

1993 1826 2276 1891 videlicet,
2301 1809 2654 1884 etdiceretur
2679 1829 3055 1885 Romanorum
3078 1830 3323 1896 domina,
3350 1833 3576 1902 penitus

312 1914 489 1982 αὐτην
534 1916 647 1969 τῶν
690 1917 883 1983 δεινῷν
935 1919 1227 1993 ἐπιφοράν,
1268 1926 1366 1979 καὶ⁸
1405 1898 1527 1974 ’τοῦ
1576 1923 1887 1992 κρείττονος

1996 1935 2104 1975 non
2133 1920 2526 1993 privaverim);
2564 1921 2704 1988 haec,
2751 1920 2998 1992 inquam,
3038 1923 3258 1979 silentio
3292 1925 3575 1991 praeterire

316 2011 725 2080 συναιρομένου,
754 2013 880 2075 τοὺς
902 2010 1392 2085 ἀντιτεταγμένους
1426 2014 1754 2085 σύμπαντας
1791 2034 1889 2071 κε-

314 2103 626 2174 κρατηκὼς,
651 2102 712 2156 οὔ
726 2103 990 2169 τοίςίσοις
1013 2104 1360 2176 ἠμειψάμην,
1376 2105 1491 2172 ἀλλ’
1507 2107 1891 2178 ὲφιλονείκησα

317 2198 500 2250 πᾶσαν
521 2195 828 2268 ὑπερϐολὴν
864 2197 1179 2263 προσθεῖναι
1228 2201 1294 2270 τῇ
1333 2200 1734 2269 μεγαλοψυχία,
1794 2202 1891 2255 καὶ

315 2291 391 2353 ὡς
462 2288 523 2342 οὐ
606 2288 783 2343 πάντα
845 2290 1013 2355 τᾶλλα
1079 2272 1344 2359 προείμαι
1399 2292 1561 2360 μόνον
1624 2293 1888 2362 εὐχερῶς,

320 2381 451 2435 ἀλλὰ
494 2380 590 2435 καὶ
622 2379 815 2450 αὐτὴν,
843 2379 983 2448 ὑπὲρ
1011 2376 1078 2451 ἧς
1110 2380 1330 2433 ἐδόκουν
1389 2381 1456 2432 τά
1488 2381 1641 2434 δεινά
1678 2381 1891 2452 ὑπομε-

336 2471 920 2543 μετηκέναιβασιλείαν
972 2472 1113 2544 (ἴστε
1146 2472 1257 2543 γάρ
1319 2472 1492 2543 δήπου
1549 2473 1890 2544 σύμπαντες,

332 2566 395 2629 ὡς
415 2567 515 2636 τήν
542 2580 602 2618 τε
632 2565 797 2620 παῖδα
829 2565 927 2635 τὴν
972 2565 1111 2635 ἐμὴν
1152 2563 1428 2635 συνῴκισα
1479 2567 1556 2637 τῷ
1597 2568 1702 2635 νέτρ
1734 2568 1892 2636 βασι-

326 2660 419 2725 λεῖ,
474 2658 571 2714 καὶ
595 2662 696 2731 τῆς
721 2657 898 2729 ἀρχῆς
953 2658 1235 2728 μετέδωκα
1290 2659 1477 2724 εὐθὺς,
1510 2660 1602 2712 καὶ
1638 2658 1893 2729 βασιλίδα

322 2756 419 2823 τὴν
453 2752 672 2824 μητέρα
699 2755 798 2823 τῆς
832 2752 1107 2825 προτέρας
1136 2751 1319 2821 δόξης,
1358 2753 1454 2804 καὶ
1483 2751 1579 2805 τοῦ
1601 2747 1747 2807 εἶναι
1798 2755 1895 2808 καὶ

320 2845 681 2916 ὀνομάζεσθαι
710 2843 999 2913 Ῥωμαίων
1030 2842 1283 2897 δεσπότιν
1313 2844 1668 2915 ἀπεστέρησα
1690 2844 1891 2913 οὐδὲν),

323 2934 593 3004 παρήσειν
624 2949 714 3002 μοι
737 2932 901 2994 δοκῶ.
942 2932 1163 2986 πάντων
1219 2933 1378 3003 ὑμῶν
1406 2933 1723 3003 σαφέστατα
1756 2936 1895 2988 εἰδό-

319 3043 447 3087 των,
489 3025 583 3078 καὶ
627 3023 886 3092 οὐδεμιᾶς
929 3023 1201 3094 δεομένων
1260 3025 1389 3095 περὶ
1438 3027 1611 3079 ταῦτα
1669 3027 1897 3081 ἀποδεί-

321 3119 455 3181 ξεως
486 3131 502 3146 ⁸
537 3118 618 3169 ὅτι
646 3115 705 3170 δὲ
738 3117 876 3186 μετὰ
905 3116 1032 3181 τοὺς
1060 3117 1278 3187 ὅρκους,
1327 3120 1422 3171 καὶ
1455 3119 1557 3187 τάς
1586 3118 1891 3187 συμϐάσεις

318 3205 531 3268 οὐδενὸς
550 3205 803 3275 ἠμέλησα
824 3205 934 3258 τῶν
951 3204 1307 3275 καθηκόντων
1339 3205 1478 3277 πρὸς
1501 3208 1720 3270 αὐτοὺς,
1757 3208 1893 3263 ἀλλὰ

323 3300 507 3351 πᾶσαν
534 3296 900 3366 ἐπεδειξάμην
954 3297 1048 3351 καὶ
1113 3297 1351 3369 σπουδὴν
1373 3301 1470 3352 καὶ
1518 3298 1758 3363 εὔνοιαν,
1794 3305 1892 3354 καὶ

322 3388 582 3459 οὐδεμίαν
605 3389 778 3442 οὐδενί
810 3405 941 3442 ποτε
967 3378 1242 3459 πρόφασιν
1272 3391 1457 3453 αὐτοῖς
1478 3391 1719 3461 πολέμου
1750 3409 1896 3462 παρ-

321 3480 703 3553 εσχόμην,νῦν
733 3483 938 3552 ἐναργῆ
973 3482 1299 3553 πειράσομαι
1336 3482 1438 3555 τὴν
1470 3482 1751 3550 ἀπόδειξιν
1796 3485 1896 3555 τὴν

321 3578 389 3629 ὲκ
410 3575 517 3629 τῶν
550 3575 724 3642 λόγων
753 3574 1169 3645 παρασχέσθαι.
1203 3576 1380 3640 Εὐθύς
1407 3594 1467 3630 τε
1491 3578 1599 3648 γάρ
1636 3579 1772 3648 μετά
1801 3578 1896 3633 τοῦ

323 3669 560 3737 πολέμου
588 3668 687 3740 τὴν
708 3667 1004 3727 κατάλυσιν
1024 3667 1190 3721 τινῶν
1213 3668 1324 3721 τῶν
1374 3668 1508 3741 παρ’
1541 3671 1669 3741 ὑμῖν
1734 3672 1895 3741 μάλι-

327 3779 428 3817 στα
458 3760 737 3832 ἐπιφανῶν
761 3760 1330 3829 δυσανασχετούντων.
1396 3763 1490 3817 καὶ
1518 3764 1892 3836 ἀναιν-ςμένων

322 3861 517 3930 ὅρκους
538 3858 631 3911 ἐπὶ
660 3855 872 3926 δουλείᾳ
899 3853 1239 3926 παρέχεσθαι
1273 3853 1353 3925 τῷ
1382 3857 1490 3928 νέῳ
1526 3856 1762 3927 βασιλεῖ,
1799 3857 1895 3912 καὶ

327 3952 464 4023 βαρὺ
492 3953 587 4006 καὶ
642 3951 878 4021 ἐπαχθὲς
934 3952 1326 4021 λογιζομένων,
1375 3945 1421 4021 ᾧ
1472 3951 1621 4022 πάσῃ
1665 3951 1895 4021 δυνάμει

326 4044 770 4114 πεπολεμήκασιν
803 4046 934 4114 ἄχρι
965 4046 1112 4105 τότε.
1163 4042 1342 4113 τούτῳ
1394 4042 1537 4114 μετὰ
1564 4043 1656 4096 -τὺ
1712 4043 1894 4098 δοκεῖν

328 4137 727 4209 κεκρατηκέναι
755 4134 918 4201 αὖθις
945 4138 1179 4200 ἑαυτοὺς
1208 4137 1463 4205 ὑπάγειν,
1495 4136 1591 4191 καὶ
1620 4135 1893 4193 καταδου-

324 4228 468 4293 λοῦν,
500 4231 594 4281 καὶ
623 4228 699 4300 μὴ
716 4228 918 4299 ταύτην
942 4228 1245 4283 ἐπιτιθέναι
1295 4227 1394 4299 τὴν
1455 4228 1727 4300 ἀνάγκην,
1776 4229 1893 4283 ἀλλ’

324 4326 448 4392 ἐμοὶ
496 4322 640 4394 μόνῳ
697 4322 798 4392 τὴν
846 4320 1092 4393 δουλείαν
1138 4320 1381 4390 ὀφείλειν
1434 4321 1732 4393 δεομένων,
1794 4324 1896 4379 οὐκ

330 4416 560 4486 ἠθέλησα
595 4413 777 4480 αὐτὸς,
810 4414 925 4467 ἀλλ’
954 4414 1121 4469 αὐτοῦ
1151 4432 1212 4467 τε
1240 4413 1407 4469 ἕνεκα
1437 4414 1532 4468 τοῦ
1582 4415 1775 4480 καλοῦ,
1801 4419 1896 4470 καὶ

333 4508 419 4560 τοῦ
453 4506 663 4561 δικαίου
725 4506 818 4559 καὶ
849 4506 951 4575 τῆς
987 4508 1066 4569 είς
1120 4505 1344 4576 βασιλέα
1366 4506 1458 4560 τὸν
1508 4507 1756 4578 γαμϐρὸν
1798 4510 1895 4561 εὑ-

1991 2012 2127 2066 mibi
2159 2020 2370 2067 certum
2398 2021 2503 2079 est,
2554 2011 2776 2084 quando
2808 2029 2968 2068 nemo
2995 2024 3238 2071 vestrum
3275 2016 3453 2083 adest,
3483 2015 3573 2070 cui

1989 2120 2052 2159 ea
2098 2120 2212 2159 non
2262 2105 2374 2159 sint
2423 2104 2732 2166 netissima.
2788 2113 2849 2158 ut
2877 2105 3109 2174 proinde
3151 2121 3181 2160 a
3230 2121 3318 2161 me
3364 2106 3573 2160 nullam

1992 2193 2373 2264 probationem
2405 2198 2713 2266 requirant.
2742 2198 2900 2263 Quod
2931 2209 3116 2253 autem
3154 2209 3277 2269 post
3301 2201 3575 2254 sancitum

1992 2286 2172 2343 foedus
2204 2302 2398 2342 eorum
2435 2288 2756 2358 dignitatem
2782 2290 2935 2345 cordi
2961 2290 3273 2352 habuerim,
3305 2298 3361 2344 et
3389 2291 3575 2345 omnia

1993 2379 2046 2434 iit
2079 2395 2177 2435 eos
2207 2380 2410 2445 ofﬁcia,
2454 2396 2732 2451 omneque
2770 2382 3170 2437 benevolentiae
3201 2397 3405 2437 munus
3445 2397 3577 2436 con-

1995 2471 2238 2538 tulerim,
2269 2487 2370 2527 nec
2394 2472 2559 2527 ullam
2591 2488 2831 2542 unquam
2857 2473 2910 2527 in
2931 2474 3045 2529 ullo
3074 2474 3199 2528 belli
3228 2474 3576 2528 occasionem

1994 2563 2417 2632 suppeditarim,
2437 2578 2586 2618 nunc
2604 2564 2894 2619 evidenter
2910 2565 3155 2619 conabor
3170 2564 3575 2621 demonstrare.

1992 2654 2259 2708 Protinus
2281 2654 2455 2717 enim,
2492 2662 2552 2708 ut
2581 2654 2789 2708 bellum
2819 2655 3304 2724 consopitumest,
3342 2655 3579 2724 quibus»

1995 2746 2121 2800 dam
2160 2747 2306 2801 inter
2335 2760 2436 2802 vos
2464 2746 2858 2801 illustrissimis
2899 2748 2949 2801 id
2982 2764 3126 2819 aegre
3162 2748 3489 2810 ferentibus,
3520 2757 3579 2802 et
3622 2734 3627 2743 ’

1989 2838 2197 2909 juniori
2230 2838 2555 2907 imperatori
2589 2837 2968 2894 obedientiam
3014 2840 3205 2910 jurare
3257 2841 3574 2895 detrectan-

1995 2929 2166 2996 tibus,
2194 2944 2468 3000 graveque
2492 2937 2549 2985 et
2593 2945 2891 2985 onerosum
2936 2931 3058 2986 fore
3089 2932 3579 2997 ratiocinantibus,

1995 3023 2090 3099 qui
2122 3038 2247 3076 cum
2281 3023 2413 3077 totis
2446 3022 2662 3077 viribus
2695 3023 2761 3077 ad
2801 3039 2928 3079 eum
2958 3023 3107 3079 diem
3141 3024 3576 3095 belligerasseut,

1950 3118 1951 3121 “
1996 3115 2045 3168 ei
2075 3115 2189 3184 jam
2217 3115 2390 3179 vieto,
2428 3123 2488 3170 ut
2522 3125 2838 3184 appareret,
2874 3130 3095 3170 rursum
3127 3131 3185 3171 se
3214 3116 3476 3182 subdere,
3513 3133 3579 3173 ac

1925 3245 1968 3302 ε
2000 3202 2296 3271 subjicere,
2357 3211 2413 3256 et
2462 3203 2783 3269 orantibus,
2834 3218 2904 3259 ne
2954 3204 3047 3258 tali
3096 3220 3193 3259 eos
3242 3207 3581 3262 necessitate

2002 3295 2465 3365 constringerem,
2511 3294 2609 3349 sed
2640 3295 2778 3350 mibi
2805 3296 2909 3351 soli
2942 3296 3342 3364 subjectionem
3372 3298 3576 3355 debere

2000 3387 2264 3451 sinerem,
2321 3401 2423 3458 ego
2468 3386 2648 3452 nolui,
2700 3396 2757 3442 et
2811 3403 3000 3457 amore
3054 3389 3360 3467 honestatis
3410 3398 3577 3459 alque

1994 3477 2247 3549 justitiaa,
2275 3488 2331 3533 et
2353 3478 2528 3549 ipsius
2551 3479 2904 3549 imperatoris
2922 3481 3113 3551 generi
3136 3482 3243 3536 mei
3270 3481 3581 3538 exantlatos

2000 3569 2068 3622 ab
2096 3569 2166 3623 iis
2198 3562 2317 3623 mea
2351 3583 2518 3639 causa
2543 3568 2789 3635 labores,
2824 3569 2970 3624 adita
3000 3569 3347 3645 discrimina,
3369 3578 3426 3626 et
3454 3571 3581 3625 diu-

2003 3670 2221 3716 turnam
2245 3677 2464 3729 eorum,
2487 3661 2984 3733 incredibilemque
3005 3663 3372 3737 calamitatem
3400 3665 3583 3735 parvi-

1999 3755 2269 3826 peudens,
2322 3753 2499 3809 libere
2562 3753 2829 3825 denegari
2881 3773 2896 3807 :
2945 3764 3003 3810 et
3045 3756 3223 3827 solum
3266 3757 3577 3812 Romanum

2002 3858 2216 3905 vertere
2240 3849 2401 3920 iussi,
2452 3849 2561 3904 nisi
2591 3849 2758 3904 etiam
2792 3849 2904 3909 illis
2936 3859 3345 3917 sacramentum
3378 3848 3582 3902 vellent

2000 3942 2203 4009 dicere,
2225 3951 2288 3999 "et
2315 3943 2544 3998 subesse
2574 3945 2838 4013 perfecte,
2871 3938 3337 4012 quemadmodum
3365 3947 3423 4015 ut
3446 3939 3579 3992 mihi

2000 4036 2316 4101 subessent,
2348 4034 2545 4091 decere
2569 4033 3005 4088 arbitrarentur.
3038 4033 3153 4087 [mo
3179 4046 3310 4087 vero
3335 4031 3429 4085 illo
3458 4048 3583 4100 per-

1999 4112 2221 4193 fectius,
2271 4129 2420 4194 quod
2474 4128 2609 4181 mihi
2661 4142 2773 4195 non
2817 4135 2949 4195 stat,
3003 4124 3297 4193 imperium
3344 4122 3399 4176 in
3442 4121 3584 4178 [ilius

2002 4222 2379 4285 transmittere
2411 4237 2426 4274 :
2454 4220 2550 4275 sed
2584 4220 2739 4274 illum
2774 4217 3050 4279 haeredem
3100 4214 3463 4287 reiinquerc,’
3486 4215 3581 4296 qui

2000 4314 2056 4368 id
2104 4314 2172 4375 ad
2223 4324 2386 4368 natos
2435 4325 2502 4367 ac
2550 4319 2782 4380 nepotes
2816 4309 3169 4364 transmittat.
3223 4306 3362 4361 liuic
3394 4316 3585 4376 postu-

1998 4401 2190 4456 latloni
2229 4418 2389 4463 mete.
2440 4416 2754 4471 quanquam
2809 4398 2989 4463 inviti,
3027 4399 3399 4468 obsequentes
3435 4397 3584 4466 jura-

2004 4501 2227 4546 verunt.
2250 4493 2488 4553 Rursus,
2538 4506 2664 4545 cum
2697 4490 2924 4561 quidam
2953 4488 3022 4544 de
3053 4486 3320 4542 studiosis
3345 4486 3584 4556 impera-

335 4598 496 4663 ιοίας,
526 4597 653 4660 τοὺς
677 4595 904 4659 πολλοὺς
950 4595 1091 4664 ὑπὲρ
1129 4595 1265 4666 ἐμοῦ
1284 4598 1480 4663 nevae:
1505 4598 1600 4651 καὶ
1618 4598 1893 4663 κινδύνους

2008 4584 2161 4639 tricis
2188 4599 2371 4639 rerum
2406 4598 2675 4637 novarum
2701 4581 2887 4651 cupidi
2922 4580 3069 4635 inter
3100 4595 3159 4635 se
3200 4579 3342 4650 pacti
3368 4587 3581 4639 essent,

328 4690 549 4744 r’zzivwv
597 4688 891 4761 ὑπεριδὼν,
943 4689 1039 4743 καὶ
1085 4692 1185 4759 τῆς
1239 4690 1334 4745 ἐπὶ
1394 4689 1650 4744 τοσοῦτον
1705 4691 1895 4762 χρόνον

329 4781 608 4851 ἀμυθήτου
631 4781 1037 4851 κακοπραγίας,
1094 4783 1421 4851 ἀπειπάμην
1476 4783 1748 4851 φανερῶς,
1802 4784 1896 4836 καὶ

327 4876 425 4945 τῆς
463 4873 751 4943 Ῥωμαίων
788 4873 967 4942 ἀρχῆς
1004 4874 1253 4927 ἐκέλευον
1313 4874 1650 4944 ἀναχωρεῖν,
1707 4874 1762 4927 εί
1819 4872 1896 4943 μὴ

330 4960 601 5031 βούλοιντο
631 4961 725 5014 καὶ
750 4960 962 5031 βασιλεῖ
985 4960 1061 5031 τῷ
1089 4961 1198 5031 νέῳ
1251 4963 1590 5034 παρέχεσθαι
1624 4963 1752 5026 τοὺς
1805 4962 1900 5032 ὄρ-

329 5069 476 5115 κους,
520 5053 618 5105 καὶ
644 5050 917 5107 δουλεύειν
954 5052 1227 5123 ἀκριϐῶς,
1250 5051 1443 5124 ὥσπερ
1487 5052 1694 5107 οἴονται
1728 5053 1902 5124 κάμοὶ

331 5143 651 5214 προσήκειψ
687 5142 881 5208 ἐκείνῳ
932 5143 991 5198 δὲ
1041 5144 1135 5205 καὶ
1173 5145 1398 5215 μᾶλλον,
1443 5144 1568 5198 ὅσον
1620 5146 1748 5215 ἐμοὶ
1804 5146 1903 5216 μὲν

329 5233 429 5286 οὐκ
458 5234 540 5294 είς
586 5233 715 5295 τοὺς
745 5232 936 5294 παῖδας
962 5231 1240 5300 ἔγνωσται
1272 5233 1623 5296 διαϐιϐάζειν
1654 5234 1754 5305 τὴν
1782 5234 1885 5303 ἀρ-

332 5330 453 5395 χὴν,
476 5324 595 5378 ἀλλ’
627 5324 838 5389 ἐκεῖνον
890 5324 1263 5379 καταλείπειν
1299 5324 1664 5397 κληρονόμον,
1703 5324 1902 5391 ἐκείνῳ

327 5415 389 5468 ἃ
407 5417 487 5479 είς
510 5415 728 5479 παῖδας,
758 5415 854 5477 καὶ
898 5415 1094 5477 παῖδας
1129 5415 1336 5471 παίδων
1363 5414 1712 5485 διαϐήσεται,
1748 5416 1784 5469 ἃ
1810 5416 1905 5469 καὶ

335 5506 599 5575 ἔπραττον
729 5505 984 5561 ἐκέλευον
1022 5506 1210 5572 αὐτὸς,
1260 5506 1359 5566 καὶ
1407 5507 1733 5579 παρείχοντο
1778 5508 1906 5570 τοὺς

333 5596 523 5665 ὅρκους
545 5596 637 5651 ὑπ’
670 5595 946 5666 ἀνάγκης.
978 5592 1145 5659 Αὖθις
1167 5597 1225 5652 δὲ
1253 5598 1362 5652 τῶν
1416 5598 1650 5669 βασιλίδι
1699 5616 1903 5669 προσε-

335 5687 533 5757 χόντων
572 5687 949 5760 τραπομένων
996 5689 1165 5745 τινῶν
1197 5692 1277 5754 είς
1338 5692 1761 5760 νεωτερισμοὺς,
1812 5689 1908 5743 καὶ

338 5779 674 5852 συνθεμένων
706 5780 895 5852 ἀπάτῃ
930 5783 1395 5853 συναρπάσαντας
1446 5784 1536 5838 τὸν
1571 5782 1691 5837 νέον
1751 5782 1908 5852 βασι·-

336 5873 445 5940 λέα,
468 5874 771 5929 διαϐαίνειν
800 5873 895 5925 ἐπὶ
933 5872 1331 5942 Γαλατᾶν,-κα⁴ι
1369 5874 1608 5943 πόλεμον
1666 5860 1906 5946 ἐγείρειν

2002 4691 2102 4746 per
2153 4675 2401 4730 fraudem
2458 4674 2689 4744 adrepto
2748 4689 2937 4729 secum
2978 4673 3201 4744 juniore
3247 4672 3583 4742 imperatore

2001 4767 2245 4825 Galatam
2280 4775 2487 4837 petere,
2537 4774 2593 4820 et
2639 4766 2784 4821 unde
2834 4765 2980 4835 unde
3011 4775 3297 4820 contracto
3330 4763 3578 4819 exercitu

2001 4858 2210 4914 bellum
2250 4868 2442 4913 contra
2498 4873 2583 4913 me
2632 4857 2943 4935 concilare,
3001 4857 3077 4911 illi
3113 4856 3355 4933 quidem
3386 4859 3586 4926 deprc-

2005 4951 2188 5015 bensi,
2246 4949 2556 5007 mercedem
2611 4949 2837 5009 sceleris
2903 4950 2987 5004 sui
3035 4956 3423 5025 susceperunt.
3480 4949 3583 5014 Qui

2009 5060 2140 5100 vero
2184 5043 2388 5099 animis
2438 5057 2633 5112 parum
2694 5041 2872 5110 azquis
2918 5041 3242 5111 imperatori
3297 5038 3584 5099 suberant,

2012 5133 2168 5188 velut
2214 5132 2469 5187 idoneam
2513 5146 2736 5184 causam
2784 5132 2952 5194 nacti,
3004 5132 3188 5184 denuo
3223 5128 3584 5199 jurisjurandi

2007 5227 2279 5297 religione
2296 5222 2507 5289 absolvi
2530 5224 2903 5295 postularunt,
2929 5233 2985 5279 et
3013 5222 3195 5277 facere
3224 5236 3403 5293 posse,
3438 5221 3585 5291 quod

2007 5336 2076 5375 ex
2109 5335 2166 5374 re
2190 5334 2292 5375 sua
2315 5317 2620 5389 videretur.
2655 5317 2772 5388 Ego
2823 5331 2953 5372 vero
2989 5315 3060 5370 ad
3101 5316 3219 5370 haec
3252 5311 3456 5379 surdus
3486 5312 3589 5366 im-

2010 5421 2318 5482 peratorem
2344 5419 2687 5483 cymatrem,
2741 5417 3002 5479 tanquam
3057 5406 3296 5472 nescios,
3347 5420 3470 5475 quae
3511 5404 3590 5458 illi

2010 5502 2273 5558 novitatis
2311 5501 2543 5558 consilia
2569 5508 2898 5571 coquerent,
2954 5498 3105 5554 omni
3141 5499 3300 5568 culpa
3333 5495 3585 5559 liberavi,

2010 5604 2066 5651 et
2093 5593 2533 5666 postulatoribus
2583 5591 2846 5665 praecepi,
2881 5600 2940 5646 ut
2982 5607 3042 5647 se
3073 5589 3446 5652 continerent,
3488 5601 3588 5639 nee

2012 5688 2322 5742 Romanum
2370 5685 2668 5755 imperium
2722 5684 2790 5739 de
2827 5685 3043 5754 integro
3090 5678 3353 5741 aerumnis
3395 5692 3590 5739 cuttin-

2012 5779 2164 5835 landi
2194 5785 2519 5849 praetextum
2548 5787 2882 5847 quaererent.
2906 5776 3064 5832 .Cum
3096 5788 3196 5835 nec
3239 5772 3321 5826 sic
3361 5769 3588 5839 quidem

2015 5869 2355 5935 desinerent,
2395 5870 2490 5924 sed
2531 5869 2783 5924 Matutam
2809 5868 2920 5923 lilio
2950 5882 3073 5922 meo
3104 5864 3332 5935 decepto
3362 5877 3592 5931 persua-
