4056 6482
281 433 383 494 277

1427 438 1970 501 HISTORI‘ARUM
2011 438 2244 499 LIBER
2286 438 2379 500 IV.

3434 433 3544 497 273

283 552 510 621 ὕστερον
534 550 865 620 συμπάντων
895 547 1036 606 εἶναι
1067 555 1280 625 κύριον,
1306 552 1504 622 ὀλίγων
1532 554 1721 624 ἄρχειν
1751 553 1862 606 δεῖ-

1988 551 2102 605 llud
2139 551 2376 621 quodam
2411 550 2574 606 modo
2627 551 2694 606 ad
2748 532 2807 607 se
2859 547 3153 605 transferre
3198 552 3410 616 conari,
3468 556 3536 608 ad

287 645 411 697 σθαι
460 643 566 711 πρὸ
615 645 830 714 καιροῦ,
869 646 1164 717 προθύμως
1202 648 1258 700 δὲ
1303 649 1451 719 ὅμως
1501 649 1857 719 παρεσχόμην

288 736 405 789 δεῖν
426 736 747 806 χαρίζεσθαι
776 737 1010 805 νομίζων
1042 739 1137 792 τοῦ
1185 739 1307 794 νέου
1349 744 1415 811 τῇ
1443 741 1731 811 ἐπιθυμίᾳ,
1763 743 1861 794 καὶ

295 830 674 898 Διδυμότειχον
731 832 1090 898 προσετίθουν
1134 818 1214 894 είς
1264 832 1575 902 φιλοτιμίαν
1604 834 1860 903 ἀντίρροο

292 939 395 977 πον
413 919 579 976 οὖσαν
604 922 758 976 πόλιν
783 924 891 978 τῶν
928 924 1127 989 ἄλλων,
1156 919 1232 980 ὧν
1259 927 1421 989 αὐτὸς
1461 927 1644 998 ᾐτεῖτο
1670 927 1861 997 ὥσπερ

293 1017 353 1084 δή
384 1033 484 1067 που
518 1014 612 1068 καὶ
643 1014 1115 1070 αὐτοιὲπίστασθε
1161 1018 1371 1082 σαφῶς,
1404 1019 1685 1089 Γενομένῳ
1716 1019 1772 1072 δὲ
1803 1021 1863 1071 ἐν

298 1108 593 1179 Βυζαντίῳ,
626 1108 804 1162 πάντα
832 1108 902 1162 τὰ
933 1109 1120 1163 δέοντα
1154 1109 1455 1180 παρῄνουν,
1489 1113 1579 1164 καί⁹
1607 1111 1865 1165 συνεϐού-

296 1202 447 1253 λευον
484 1200 765 1270 ἐξέχεσθαι
798 1201 936 1270 ἐμοῦ
965 1201 1167 1266 παντὸς
1198 1204 1399 1271 μᾶλλον
1430 1203 1734 1272 φιλοῦντος,
1769 1207 1865 1259 καὶ

298 1293 556 1362 πολέμιον
601 1292 853 1361 ἡγεῖσθαι
887 1294 1137 1362 φανερῶς
1184 1296 1415 1359 ἐκεῖνον,
1453 1295 1511 1358 ὃς
1556 1295 1622 1350 ἂν
1653 1299 1865 1367 ἐπιχει-

303 1382 416 1452 ροίη
444 1382 671 1449 πείθειν,
702 1383 776 1446 ὡς
804 1385 974 1448 κακὸς
1012 1383 1123 1450 ἐγὼ
1154 1386 1284 1458 περὶ
1314 1385 1501 1453 αὐτὸν,
1525 1386 1622 1457 τὴν
1667 1390 1730 1441 ἐκ
1758 1389 1868 1443 τῶν

298 1474 472 1543 ἔργων
522 1472 696 1542 ἔχοντι
731 1474 1004 1541 ἀπόδειξιν
1022 1473 1180 1544 λόγου
1232 1479 1434 1552 παντὸς
1482 1479 1863 1551 ἰσχυροτέραν.

304 1566 537 1619 Ἔπειτα
560 1564 867 1639 ἐξέπεμπον
888 1571 1148 1640 χαίροντα
1188 1573 1397 1644 χαίρων
1427 1576 1519 1628 ἐπ’ι
1545 1575 1644 1644 τὴν
1670 1577 1865 1646 ἀρχὴν,

300 1659 391 1712 καὶ
423 1659 671 1728 βασιλίδα
694 1660 797 1731 τὴν
822 1663 1059 1729 γυναῖκα
1084 1665 1413 1719 συνέπεσθαι
1443 1667 1727 1730 κελεύσας.
1762 1667 1870 1721 Οὗ-

296 1768 405 1813 cm;
447 1753 599 1808 οὐδὲν
643 1753 969 1808 ὑπώπτευον
999 1756 1171 1809 δεινὸν
1197 1760 1328 1825 περὶ
1374 1759 1562 1814 αὑτοῦ.
1610 1760 1778 1824 Εἰδὼς
1810 1760 1869 1812 δὲ

299 1842 465 1896 αὐτὸν
507 1844 569 1897 οὐ
619 1845 792 1907 καλὰς
826 1848 958 1917 περὶ⁵
986 1849 1078 1902 τὸν
1108 1852 1367 1918 γυναικὸς
1402 1851 1628 1921 ἀδελφὸν
1675 1852 1869 1923 ἔχοντα

1969 641 2302 698 medendum
2345 643 2478 697 huic
2498 641 2815 698 eﬂ‘eminato
2845 644 3052 709 timori,
3085 653 3141 699 et
3170 645 3235 698 ad
3255 661 3351 700 eos
3372 646 3542 702 bene»

1966 736 2211 790 volentia
2241 744 2431 789 mutua
2479 735 2823 805 copulandos
2866 736 2969 790 iter
3003 736 3058 788 itt
3098 736 3388 791 Thraciam
3440 754 3540 793 ne-

1969 827 2214 881 cessario
2248 826 2381 880 mihi
2411 827 2821 896 suscipiendum
2869 827 3085 881 censui.
3148 827 3541 882 Verumtamen

1972 916 2166 971 Latino
2199 917 2340 971 bello
2364 917 2636 982 obstante,
2695 933 2792 987 per
2844 919 2991 987 quod
3034 918 3297 987 Byzantio
3350 919 3543 974 abesse

1971 1027 2081 1067 non
2120 1011 2342 1074 licebat,
2370 1011 2496 1065 misi
2519 1011 2587 1064 ad
2621 1012 2910 1082 eonjugem
2949 1027 3152 1075 meam,
3186 1027 3308 1080 qua!
3344 1025 3549 1067 munus

1973 1120 2156 1160 meum
2184 1103 2528 1175 iungeretur,
2561 1104 2814 1173 ﬁliosque
2846 1105 3153 1159 concordia
3189 1106 3339 1160 inter
3359 1120 3418 1160 se
3448 1104 3546 1158 de-

1972 1199 2230 1253 vineiret.
2289 1196 2396 1252 Sed
2427 1198 2588 1253 aliter
2618 1197 2844 1262 cecidit,
2891 1213 3057 1267 quam
3084 1197 3395 1267 sperabam.
3455 1196 3548 1251 Et-

1974 1294 2121 1348 enim
2152 1292 2493 1362 Palzeologus
2524 1293 2845 1360 imperator,
2884 1306 2993 1345 non
3030 1295 3191 1344 modo
3241 1289 3423 1344 cilicio
3448 1305 3549 1343 suo

1976 1401 2207 1465 prorsus
2230 1385 2426 1450 deluit,
2459 1385 2552 1440 sed
2582 1385 2750 1439 etiam
2773 1383 2976 1438 frustra
2999 1384 3222 1438 dimissa
3248 1383 3550 1451 imperator

1976 1495 2136 1534 socru
2162 1494 2288 1539 sua.
2321 1493 2444 1531 mox
2474 1478 2541 1531 ad
2568 1493 2720 1531 arma
2745 1478 2928 1542 venit;
2961 1485 3017 1530 et
3043 1492 3170 1530 eum
3202 1474 3307 1531 alia
3345 1474 3549 1543 oppida

1977 1588 2007 1626 a
2042 1586 2128 1626 me
2162 1586 2271 1624 non
2305 1569 2432 1624 data
2463 1569 2700 1637 subegit,
2739 1578 2851 1623 tum
2883 1568 2938 1624 in
2989 1568 3214 1623 fratrem
3247 1567 3456 1629 uxoris,
3509 1582 3540 1620 a

1978 1681 2089 1733 quo
2127 1664 2276 1718 nulla
2326 1671 2447 1717 erat
2498 1661 2792 1716 lacessitus
2828 1661 3053 1730 injuria,
3110 1674 3234 1714 cum
3294 1658 3554 1712 Romanis

1980 1753 2250 1808 Barbaros
2281 1767 2501 1823 quoque
2536 1752 2714 1816 duxit,
2758 1766 2997 1819 eumque
3032 1749 3085 1803 in
3125 1764 3253 1803 arce
3282 1747 3556 1802 Adriano-

1981 1847 2223 1916 politana
2275 1845 2597 1901 conclusum
2648 1842 2885 1898 obsedit.
2946 1843 3081 1912 Ego,
3129 1840 3388 1910 quoniam
3436 1854 3558 1909 pro-

296 1935 532 2000 ὲννοίας,
581 1938 696 1991 ἀλλ’
749 1940 996 2010 οίόμενον
1043 1943 1357 2013 ἐφεδρεύειν
1408 1945 1558 2015 αύτῷ
1614 1947 1750 2016 πρὸς
1778 1947 1876 2017 τὴν

1988 1938 2360 1993 crastinationi
2393 1937 2553 1991 locus
2600 1935 2743 1990 haud
2777 1934 3035 1999 dabatur,
3083 1948 3246 2002 quam
3288 1931 3556 1985 citissime

299 2027 504 2097 ἀρχὴν,
539 2030 631 2082 καὶ
662 2031 850 2102 τρόπῳ
880 2032 945 2103 δή
976 2050 1082 2087 τινι
1115 2036 1377 2105 μετάγειν
1425 2037 1511 2105 ἐφ’
1540 2037 1734 2090 ἑαυτὸν
1764 2055 1879 2090 πει-

304 2117 526 2186 ρᾶσθαι,
557 2121 857 2188 ἀναγκαῖον
907 2123 1006 2192 μὲν
1044 2126 1293 2194 ἐκόμιζον
1347 2127 1485 2199 πρὸς
1532 2128 1758 2198 Θρᾴκην
1784 2130 1879 2182 καὶ

302 2210 469 2273 αὐτὸς
500 2209 668 2265 ἐλθὼν
696 2212 938 2267 διαλύειν
973 2216 1072 2286 τὴν
1102 2217 1499 2287 μικροψυχίαν,
1547 2220 1641 2272 καὶ
1667 2220 1879 2282 πείθειν

304 2299 557 2372 ἀλλήλοις
607 2303 852 2359 εὐνοείνο
910 2307 1282 2379 κατεχόμενος
1334 2309 1392 2363 δὲ
1445 2310 1550 2365 ὑπὸ
1599 2311 1690 2364 τοῦ
1744 2312 1880 2383 πρὸς

311 2390 573 2455 Λατίνους
614 2392 852 2466 πολέμου
885 2397 1033 2463 τότε,
1067 2401 1164 2452 καὶ
1193 2399 1492 2465 Βυζαντίου
1538 2404 1614 2473 μὴ
1644 2403 1882 2473 δυνάμε-

321 2498 394 2544 νος
433 2484 794 2554 ἀφίστασθαι,
851 2488 1102 2559 ἔπεμπον
1148 2491 1248 2562 τὴν
1288 2491 1533 2560 βασιλίδα
1572 2494 1646 2557 ὡς
1702 2494 1881 2549 πάντα

324 2575 641 2642 πράξουσαν,
679 2581 889 2650 ὅσαπερ
937 2583 1003 2636 ἂν
1052 2584 1185 2650 ἐγὼ,
1218 2586 1312 2637 καὶ
1344 2585 1736 2650 διαλλάξουσαν
1785 2588 1882 2640 ἀλ-

315 2663 492 2732 λήλοις
516 2666 645 2729 τοὺς
674 2669 841 2734 υἱούς.
879 2671 923 2722 Τ
926 2671 952 2722 δ
990 2671 1033 2724 δ’
1065 2674 1326 2737 ἐναντίως
1372 2676 1693 2743 ἀπέϐαινεν,
1723 2677 1755 2746 ἢ
1786 2678 1884 2730 αὐ-

312 2753 399 2815 τὸς
417 2754 627 2826 ᾠόμην,
657 2759 731 2812 Οὐ
759 2760 921 2828 μόνον
946 2762 1055 2833 γὰρ
1082 2764 1236 2817 οὐδὲν
1261 2764 1499 2837 ἔπραττε
1524 2767 1630 2821 τῶν
1652 2767 1882 2823 δεόντων

310 2845 339 2896 ὀ
364 2846 478 2909 νέος
513 2846 781 2916 βασιλεὺς,
813 2851 950 2906 ἀλλὰ
978 2855 1072 2907 καὶ
1108 2855 1247 2923 μετὰ
1271 2860 1332 2910 τὸ
1359 2858 1609 2928 βασιλίδα
1656 2861 1755 2930 τὴν
1788 2879 1886 2930 γυ-

312 2938 498 3002 ναικὸς
527 2941 739 3012 μητέρα
768 2944 1051 3016 ἄπρακτον
1085 2949 1432 3020 ἀποπέμψαι,
1466 2954 1602 3023 πρὶς
1646 2954 1885 3023 πόλεμον

312 3030 591 3101 ἐχώρησεν
620 3035 802 3100 εὐθὺς,
852 3039 948 3092 καὶ
988 3039 1156 3104 ἄλλας
1194 3060 1252 3095 τε
1303 3043 1494 3109 πόλεις
1542 3046 1883 3117 ὑπηγάγετο,

311 3121 381 3182 ἃς
408 3123 567 3187 αὐτὸς
592 3127 651 3179 οὐ
684 3131 1066 3199 παρεσχόμην,
1101 3136 1192 3188 καὶ
1218 3136 1298 3207 τῷ
1328 3140 1586 3206 γυναικδς
1618 3143 1889 3213 ἐπεστρά-

315 3225 510 3263 τευσεν
540 3213 773 3285 ἀδελφῷ,
807 3218 962 3271 οὐδὲν
987 3221 1270 3293 ἠδικηκότι
1322 3227 1607 3298 πρότερον,
1657 3230 1750 3283 καὶ
1787 3249 1887 3284 κα-

316 3303 609 3369 τακλείσας
648 3309 784 3378 πρδς
824 3312 925 3382 τὴν
960 3314 1137 3386 ἄκραν
1203 3318 1483 3389 Ἀδριανοῦ
1531 3323 1630 3392 τῆς
1679 3323 1888 3391 πόλεως

318 3397 650 3489 ἱμτολιόρκει,
697 3403 759 3455 οὗ
817 3402 1127 3489 Ῥωμαίους,
1173 3409 1336 3479 μόνον
1386 3413 1556 3480 ἄγων,
1608 3416 1746 3469 ἀλλὰ
1794 3418 1890 3470 καὶ

322 3487 633 3560 βαρϐάρους
672 3495 812 3549 κατὰ
870 3487 1211 3569 συμμαχίαν.
1253 3503 1395 3572 Ἐγὼ
1435 3506 1482 3558 δ’
1513 3507 1636 3560 ἐπεὶ
1673 3509 1890 3577 μέλλειν

318 3581 419 3633 οἴκ
454 3583 603 3652 ἐνῆν,
698 3588 928 3657 τάχιστα
966 3587 1110 3664 εἶχον
1142 3595 1200 3647 έν
1246 3595 1532 3666 Ἀδριανοῦ
1571 3600 1886 3670 γενόμενος,

321 3677 414 3726 τὶν
443 3676 546 3744 μὲν
573 3680 688 3732 υίδν
714 3681 1061 3752 ἀπήλλαττον
1105 3685 1199 3740 τοῦ
1246 3689 1522 3758 κινδύνου,
1572 3692 1796 3761 βασιλέα
1833 3695 1901 3753 δὲ.

324 3763 413 3814 τον
439 3766 558 3821 νέν
595 3769 742 3822 οὐδὲν
780 3772 1057 3843 ἠνώχλουν
1082 3778 1346 3849 πρότερον
1387 3782 1467 3844 είς
1507 3782 1892 3855 Διδυμότειχον

325 3856 627 3926 ἁπηρκότα
662 3863 796 3918 ἀλλὰ
822 3866 919 3921 καὶ
962 3868 1221 3939 πρέσδεις
1257 3872 1500 3942 πέμψας,
1541 3875 1770 3947 ἐδεόμην
1797 3895 1896 3931 κα-

326 3947 636 4004 τατίθεσθαι
666 3953 763 4007 τὸν
789 3955 1048 4024 πόλεμον.
1096 3960 1154 4011 'O
1188 3959 1233 4013 δ’
1262 3961 1366 4015 ὑπὸ
1385 3963 1494 4017 τῶν
1519 3965 1765 4033 ἀγόντων
1793 3985 1893 4020 πε-

328 4043 638 4111 πεισμένος,
675 4046 763 4099 καὶ
813 4047 911 4119 τὴν
944 4050 1089 4119 ἐμὴν
1141 4054 1469 4123 παραίνεσιν
1519 4058 1576 4112 έν
1607 4058 1772 4131 ὀλίγῳ
1804 4060 1895 4115 θέ-

330 4151 507 4202 μενος,
540 4137 690 4191 οὐδὲν
715 4134 876 4210 ἦττον
903 4141 935 4211 ἢ
968 4145 1237 4216 πρότερον
1279 4148 1560 4218 ὲπὸλέμει,
1610 4153 1706 4206 καὶ
1755 4153 1894 4207 ἄλλα

328 4242 383 4278 τε
410 4227 674 4298 ἔπραττεν
701 4232 802 4285 ὅσα
850 4235 1111 4306 πολέμιον
1144 4239 1313 4303 είκδς,
1341 4242 1435 4293 καὶ
1475 4244 1794 4314 συμμαχίαν
1830 4247 1895 4298 ἐκ

330 4318 610 4385 Τρισαλῶν
644 4326 736 4377 καὶ
765 4328 968 4381 Μυσῶν
997 4330 1368 4398 μετεκαλείτο.
1409 4334 1561 4388 Ἐπεὶ
1586 4335 1629 4388 δ’
1659 4337 1762 4390 ὑπὸ
1785 4338 1894 4392 τῶν

333 4410 618 4482 βαρόάρων
644 4416 842 4470 ἐκεῖνοι
872 4418 1260 4489 διεφθάρησαν,
1294 4423 1386 4486 οὓς
1419 4426 1579 4487 αὐτὸς
1613 4445 1895 4499 μετεπεμ-

328 4501 515 4572 ψάμην
558 4505 618 4570 ἐξ
680 4506 885 4573 Ἀσιας,
922 4513 1221 4581 πρεσϐείαν
1249 4517 1343 4567 καὶ
1396 4517 1557 4580 αὐτὸς
1594 4518 1734 4589 πρὸς
1766 4521 1896 4572 Σου-

1984 2030 2162 2099 potui,
2193 2027 2611 2096 ,Adrianopolitn
2639 2026 2943 2097 profectus,
2993 2033 3049 2079 et
3086 2024 3258 2078 lilium
3306 2023 3556 2092 periculo

1981 2118 2159 2172 exemi
2191 2135 2206 2174 :
2237 2127 2294 2173 et
2332 2118 2639 2189 Palzenlogo
2694 2114 3036 2185 imperatori,
3096 2115 3191 2185 qui
3231 2114 3393 2182 paulo
3429 2121 3557 2166 ante

1983 2209 2421 2281 Didymoticbum
2498 2218 2884 2276 concesserat,
2966 2206 3345 2262 molestiarum
3403 2204 3558 2284 nihil

1982 2302 2189 2364 creavi,
2248 2316 2412 2372 quem
2476 2318 2575 2371 per
2631 2302 2837 2371 legatos
2888 2300 2968 2354 uti
3019 2299 3163 2355 bello
3201 2308 3556 2368 temperaret.

1981 2394 2198 2449 monui.
2224 2394 2426 2448 Verum
2461 2394 2552 2447 ille
2578 2408 2609 2447 a
2652 2394 3105 2448 sollicitatorihus
3133 2392 3247 2446 suis
3275 2391 3557 2455 inductus,

1983 2495 2167 2556 spreta
2199 2485 2516 2540 hortatione
2551 2501 2695 2548 mea,
2725 2485 2867 2538 haud
2894 2501 3056 2539 secus
3076 2499 3137 2538 ac
3170 2483 3322 2552 prius
3355 2482 3557 2536 bellum

1991 2592 2191 2646 urgere
2221 2577 2486 2646 perrexit,
2534 2585 2590 2632 et
2637 2593 2763 2633 cum
2805 2578 2934 2641 alia,
2979 2592 3099 2645 quae
3132 2576 3310 2629 solent
3351 2575 3558 2637 hostes,

1985 2669 2341 2738 perpetravit,
2393 2679 2507 2724 tum
2559 2670 2821 2724 auxilium
2847 2686 2914 2724 ex
2959 2669 3215 2723 Triballis
3247 2667 3560 2723 advocavit.

1985 2762 2137 2827 Quos
2174 2770 2463 2832 postquam
2486 2762 2715 2816 Barbari
2749 2777 2777 2815 a
2813 2777 2898 2815 me
2925 2778 2991 2815 ex
3011 2762 3134 2815 Asia
3154 2760 3403 2816 accersiti
3430 2776 3564 2815 con-

1952 2881 1958 2886 -
1988 2854 2282 2933 triverunt,
2324 2854 2391 2909 ad
2422 2854 2755 2908 sulimanum
2780 2855 3125 2909 Persicarum
3155 2854 3437 2923 copiarum
3462 2853 3565 2909 du-

1986 2961 2126 3008 cem,
2163 2947 2319 3015 cnjus
2346 2946 2642 3001 amicitiam
2691 2947 2795 3001 sibi
2849 2946 3319 3002 contmodaturam
3369 2945 3563 3000 crede-

1989 3037 2102 3099 bat,
2138 3038 2347 3108 legatos
2372 3053 2498 3093 cum
2534 3039 2734 3093 litteris
2758 3038 2929 3101 misit,
2961 3041 3014 3092 in
3045 3039 3251 3108 quibus
3271 3040 3373 3093 mei
3407 3055 3563 3093 men-

1990 3131 2193 3184 tionem
2228 3131 2454 3197 l‘acicns,
2485 3147 2592 3184 non
2616 3131 3026 3199 imperatorem,
3059 3134 3150 3187 scil
3183 3131 3566 3185 tantummodo

1988 3223 2437 3277 Cantacuzenutn
2472 3223 2767 3299 appellavit
2802 3242 2814 3276 :
2845 3223 2895 3276 id
2946 3225 3093 3292 quod
3144 3239 3231 3279 me
3267 3224 3566 3278 momordit
3644 3268 3648 3277 ι

1995 3316 2369 3383 vehementer,
2421 3316 2876 3385 interpretantem
2932 3317 2983 3370 id
3037 3316 3253 3387 signum
3302 3315 3570 3370 manifes-

1992 3408 2293 3474 tissimum,
2349 3409 2679 3474 obdurasse,
2731 3419 2792 3463 ut
2837 3410 3016 3479 quoad
3083 3419 3290 3478 posset,
3356 3410 3564 3466 bellum

1992 3511 2183 3556 contra
2236 3516 2324 3555 tne
2379 3502 2748 3555 continuaret.
2807 3503 2924 3558 iam
2971 3518 3102 3558 vero
3147 3503 3214 3557 ad
3260 3515 3567 3559 extremum

1992 3608 2162 3659 nunc,
2214 3595 2340 3663 quia
2391 3595 2445 3648 in
2497 3594 2747 3649 Thraciae
2798 3594 3033 3649 urbibus
3083 3610 3441 3665 perseverare
3474 3612 3573 3650 ue-

1993 3688 2166 3758 quivit
2201 3687 2473 3756 (amplius
2503 3687 2712 3742 scilicet
2739 3704 2848 3742 non
2880 3689 3069 3744 valens
3100 3688 3425 3757 resistere),
3459 3688 3570 3744 Te-

1992 3781 2194 3836 nedum
2271 3780 2584 3850 navigavit,
2650 3781 3075 3850 conqttisitaque
3137 3796 3303 3836 manu
3390 3782 3571 3836 navali

1993 3875 2213 3943 exigua,
2288 3882 2456 3942 caput
2514 3886 2697 3926 rerum
2759 3872 3026 3927 insidiose
3093 3886 3391 3943 aggressus
3459 3881 3568 3927 est.

1992 3964 2157 4035 855
2189 3964 2300 4019 Nec
2327 3965 2473 4019 enim
2510 3963 2737 4019 forsitan
2780 3964 3007 4033 perinde
3036 3976 3123 4020 est
3146 4006 3160 4031 ,
3196 3964 3363 4019 urbes
3393 3972 3447 4018 et
3484 3965 3574 4018 in-

1995 4057 2145 4111 sulas
2165 4055 2392 4110 ditionis
2425 4072 2562 4111 mea)
2606 4056 2925 4126 subjugare,
2950 4068 3006 4112 et
3045 4055 3195 4125 ipsos
3227 4055 3442 4127 imperii
3474 4072 3573 4126 pe-

1995 4157 2151 4202 nates
2174 4147 2456 4217 inopinato
2479 4147 2704 4202 adoriri.
2725 4148 2861 4204 Cum
2883 4156 3062 4202 autem
3082 4147 3189 4203 hoc
3212 4149 3284 4202 ita
3298 4164 3461 4219 grave
3480 4149 3574 4211 sit,

1997 4236 2147 4290 aliud
2178 4236 2340 4307 longe
2365 4236 2604 4307 gravius,
2627 4237 2942 4292 etodiosius
2958 4251 3126 4293 ausus
3145 4236 3578 4305 est.Remigibus

1997 4329 2166 4395 enim,
2198 4338 2255 4383 et
2298 4344 2411 4384 suae
2450 4329 2754 4398 prasertim
2801 4328 3063 4392 triremis,
3111 4328 3368 4383 convitits
3399 4328 3453 4384 in
3490 4344 3578 4382 me

1998 4419 2328 4476 debacchari
2390 4420 2614 4490 impune
2669 4420 2920 4489 permisit
2979 4435 2993 4472 :
3049 4419 3194 4489 quod
3256 4419 3574 4489 neutiquam

2002 4527 2169 4568 ausus
2198 4512 2414 4579 fuisset,
2444 4520 2504 4565 ut
2537 4511 2814 4574 existimo,
2841 4510 2945 4565 nisi
2982 4509 3147 4564 ﬁxum
3177 4510 3400 4580 penitus
3428 4511 3576 4580 apud

330 4594 492 4663 λιμάν
549 4597 639 4650 τὸν
697 4601 794 4670 τῆς
849 4603 1127 4673 Περσικῆς
1196 4606 1503 4676 ἡγούμενον
1571 4610 1885 4681 ποιούμενος

2003 4606 2246 4659 animum
2291 4605 2557 4670 haberet,
2605 4603 2911 4658 immortale
2968 4602 3232 4657 adversus
3264 4617 3349 4657 me
3373 4602 3575 4657 bellum

334 4688 609 4754 στρατιᾶς,
645 4688 819 4743 ἐδόκει
855 4693 960 4763 γὰρ
985 4695 1133 4762 αὐτῷ
1167 4694 1469 4751 λυσιτελεῖν
1514 4698 1723 4753 πείθειν
1755 4702 1898 4753 ἐκεῖ·

334 4794 419 4827 νον
452 4777 585 4833 εἶναι
615 4782 688 4851 μὴ
722 4782 975 4851 πολέμιον
1005 4785 1176 4855 αὐτῷ,
1203 4786 1415 4857 ἔπεμπε
1450 4792 1544 4845 καὶ
1574 4792 1899 4863 γράμματα,

334 4872 390 4923 ὲν
418 4866 497 4932 οἷς
526 4874 888 4943 ἐπιμνησθεὶς
927 4877 1082 4946 ἐμοῦ,
1121 4879 1182 4931 ού
1216 4878 1444 4948 βασιλέα
1464 4885 1900 4955 προσηγόρευεν,

336 4964 469 5016 ἀλλὰ
508 4966 958 5037 Καντεκουζηνδν
990 4970 1177 5035 ἁπλῶς
1202 4990 1217 5005 ο
1261 4973 1290 5027 ὃ
1344 4975 1575 5045 μέγιστα
1607 4978 1899 5051 ἐλύπησεν,

335 5056 601 5121 ἀπόδειξιν
632 5060 1035 5134 ἐναργεστάτην
1061 5065 1317 5135 οἰηθέντα
1352 5069 1448 5122 τοῦ
1482 5072 1644 5141 μέχρι
1683 5074 1777 5127 καὶ
1806 5073 1900 5127 τοῦ

336 5148 581 5215 δυνατοῦ,
614 5150 713 5203 τὸν
744 5152 981 5222 πόλεμον
1008 5157 1101 5208 τὸν
1150 5160 1287 5228 πρὸς
1323 5160 1423 5228 ἐμὲ
1472 5164 1661 5231 τηρεῖν
1696 5163 1906 5220 ἀκατά-

338 5241 534 5293 λυπτον
567 5244 881 5298 πεπεῖσθαι.
907 5247 1044 5316 Ἤδη
1073 5248 1129 5300 δὲ
1159 5249 1228 5303 τά
1257 5251 1543 5305 τελευταῖα
1573 5253 1748 5308 ταῦτα
1783 5258 1902 5324 νῦν,

339 5333 457 5383 ἐπεὶ
486 5335 561 5404 μὴ
604 5338 784 5404 μένειν
825 5338 961 5405 πρὸς
1001 5339 1099 5403 τὰς
1144 5341 1247 5411 τῆς
1304 5343 1524 5417 Θρᾴκης
1556 5347 1741 5411 πόλεις
1773 5348 1905 5415 ἠδυ-

339 5425 493 5493 νήθη,
522 5428 619 5496 οὐχ
647 5421 756 5490 οἷός
783 5446 843 5480 τε
875 5428 951 5483 ὢν
978 5433 1226 5503 ἀντέχειν
1250 5436 1327 5487 ἔτι
1354 5439 1487 5507 πρὸς
1516 5439 1607 5491 τὸν
1642 5440 1902 5510 πόλεμον,

337 5518 467 5586 πρὸς
502 5519 726 5575 Τένεδον
772 5523 1108 5594 ἐπεραιώθη,
1158 5529 1251 5580 καὶ
1292 5531 1780 5602 συμπορισάμενος
1815 5535 1907 5587 δύ-

339 5610 497 5676 ναμίν
544 5629 666 5665 τινα
711 5612 902 5686 ὀλίγην
948 5617 1232 5689 ναυτικὴν,
1265 5621 1323 5672 ὲν
1352 5623 1467 5684 τοῖς
1514 5626 1906 5690 καιριωτάτοις

340 5701 747 5758 ἐπεϐούλευσεν⁸
776 5706 838 5759 οὐ
889 5706 996 5777 γὰρ
1024 5709 1142 5763 ἴσον
1192 5712 1399 5774 πόλεις,
1453 5714 1549 5764 καὶ
1577 5714 1775 5783 νήσους
1808 5716 1908 5779 τὰς

345 5799 435 5851 ὑπ’
475 5802 596 5869 ἐμοὶ
640 5802 906 5867 τελούσας
956 5807 1086 5869 ἴσως
1125 5808 1608 5870 καταδουλοῦσθαι,
1641 5811 1736 5862 καὶ
1768 5810 1904 5882 αὐτῇ

343 5891 494 5974 ἑστίιιι
519 5903 780 5959 ἐπελθεῖν.
809 5904 1019 5959 Τούτου
1043 5903 1101 5957 δὲ
1133 5904 1284 5966 ὄντος
1311 5902 1453 5955 οὕτω
1482 5900 1679 5968 δεινοῦ,
1717 5902 1906 5976 ἓτερον

2003 4713 2213 4769 gerere.
2245 4697 2401 4769 Quod
2447 4697 2614 4767 igitur
2645 4712 2675 4751 a
2731 4694 3011 4765 principio
3043 4694 3108 4750 ad
3163 4695 3325 4749 linem
3360 4709 3581 4765 semper

2004 4795 2059 4845 in
2115 4790 2374 4845 omnibus
2415 4788 2671 4844 eumdem
2730 4803 2860 4854 me,
2935 4789 3152 4856 meique
3213 4786 3451 4841 similem
3502 4786 3580 4840 illi

2004 4882 2379 4952 praestiterim,
2415 4897 2517 4936 nec
2548 4895 2700 4934 arma
2736 4881 2855 4950 ejus
2899 4877 3200 4947 aliquando
3249 4892 3582 4947 prorocave-

2004 4977 2129 5039 ritn,
2159 4990 2226 5030 ex
2255 4974 2343 5039 iis,
2367 4989 2488 5043 quze
2517 4973 2655 5037 dixi,
2681 4972 2908 5027 cuilibet
2942 4970 3105 5025 ﬁdem
3131 4970 3329 5025 factam
3361 4968 3580 5039 opinor.

1970 5067 2274 5133 'Qumtiatn
2309 5073 2492 5121 autem
2523 5065 2637 5135 ipse
2661 5079 2853 5119 eorum
2883 5064 3065 5130 nullo,
3104 5079 3225 5133 qua:
3262 5061 3392 5115 trihi
3426 5077 3585 5116 acer-

2004 5161 2070 5215 ba
2107 5168 2324 5229 putaret
2352 5158 2466 5212 fore
2488 5199 2502 5225 ,
2546 5158 2848 5222 abstinuit,
2894 5157 3060 5211 credo
3094 5155 3351 5231 equidem
3387 5172 3417 5209 e
3450 5171 3587 5224 pru-

2005 5251 2264 5306 dentibus
2293 5251 2408 5304 fore
2434 5250 2665 5308 nullum.
2705 5250 2798 5318 qui
2825 5251 2950 5318 jure
2984 5264 3069 5303 me
3108 5246 3496 5318 reprehendat,
3534 5248 3582 5301 si

2008 5361 2153 5399 nunc
2186 5352 2394 5397 mutata
2449 5343 2723 5397 sententia
2781 5342 2898 5412 ipse
2949 5342 3168 5396 decreta
3226 5357 3347 5394 mea
3400 5340 3585 5409 priora

2009 5436 2422 5507 posthabuero:
2459 5435 2680 5506 quando
2709 5450 2819 5489 non
2866 5435 3090 5490 levitate
3115 5434 3324 5503 aliqua,
3375 5446 3475 5485 nec
3504 5441 3585 5484 te-

2008 5546 2158 5585 mere
2204 5530 2377 5595 illum,
2415 5540 2473 5585 et
2522 5531 2641 5583 sine
2681 5544 2845 5585 causa
2882 5528 3195 5584 contristari
3236 5525 3447 5583 volens,
3486 5523 3583 5584 sed

2007 5622 2076 5675 ab
2103 5637 2170 5677 eo
2200 5630 2426 5676 coactus
2470 5620 2578 5674 huc
2603 5619 2872 5673 adducor.
2908 5618 3078 5685 Quale
3108 5615 3254 5670 enim
3296 5621 3401 5673 est,
3429 5612 3583 5664 illum

2009 5714 2320 5784 petulanter
2343 5712 2396 5766 in
2422 5728 2509 5766 me
2542 5711 2828 5775 insultare,
2852 5722 2908 5765 et
2930 5710 3063 5764 eniti
3097 5708 3273 5761 modis
3303 5703 3582 5761 euntibus,

2012 5817 2072 5863 ut
2123 5820 2317 5861 omnes
2368 5805 2698 5874 intelligant,
2724 5819 2850 5858 eum
2896 5815 3083 5870 pacem
3134 5792 3448 5864 aspernari:
3501 5805 3588 5844 me

2011 5910 2195 5957 autem
2234 5900 2383 5955 velut
2434 5908 2598 5954 sensu
2626 5896 2879 5952 orbatum
2925 5903 3089 5962 atque
3137 5882 3589 5946 truncum,nullo
