4056 6458
345 440 445 507 281

1486 440 2032 504 lIlSTORlARUM
2078 445 2307 506 LIBER
2352 448 2445 508 IV.

3507 441 3615 507 282

345 551 477 619 λίθῳ
512 567 573 603 τε
608 548 1050 621 κεκοσμημένον,
1085 548 1183 604 καὶ
1215 548 1550 623 μαργᾲροις,
1582 549 1775 622 ὥσπερ
1803 551 1916 615 ἔθος

2029 557 2132 610 sita
2172 575 2187 612 :
2230 558 2419 613 faustae
2464 558 2887 612 acclamationes
2919 537 3304 620 insonuerrmt,
3344 565 3401 612 et
3440 556 3495 610 in
3529 572 3616 610 sa-

349 639 647 710 βασιλεῦσι,
679 641 776 692 καὶ
821 639 959 711 πρὸς
986 655 1047 693 τε
1071 639 1170 699 τὰς
1201 638 1484 707 εὐφημίας
1524 641 1921 710 συνηριθμεῖτο

346 734 461 796 τοῖς
513 731 818 801 βασιλεῦσι,
867 732 967 785 καὶ
1019 732 1076 785 ιν
1107 733 1231 794 ταῖς
1278 732 1633 802 γιγνομέναις
1678 733 1923 802 μνήμαις

346 827 454 878 τῶν
479 825 746 894 βασιλέων
764 823 905 893 πρὸς
939 826 1051 887 τοῖς
1073 825 1116 876 is
1126 826 1256 895 ρςῖς.
1280 826 1518 879 Βασιλέα
1539 827 1596 879 δὲ
1619 827 1710 880 τὸν
1744 829 1926 884 Ἰωάν-

350 937 449 987 νην
492 919 709 973 ἐκέλευε
736 918 1037 988 βασιλεῖ)ςὸ
1063 920 1333 988 κηδεστὴς
1355 918 1413 974 εν
1438 938 1497 973 τε
1521 924 1642 985 ταῖς
1677 925 1926 993 μνήμαις

349 1012 768 1066 ἀποσωπᾶσθαι
797 1013 903 1066 κάν
959 1015 1081 1076 ταῖς
1133 1011 1458 1081 εὐφημίαις.
1494 1014 1696 1067 Ἀνναν
1741 1015 1923 1086 μέντοι

346 1107 445 1173 τὴν
481 1104 749 1175 βασιλίδα,
779 1109 872 1160 καὶ
919 1107 1014 1159 τὸν
1043 1105 1405 1175 θυγατριδοῦν
1441 1107 1784 1179 Ἀνδρόνικον
1830 1110 1924 1160 τὸν

348 1198 573 1268 βασιλέα
600 1197 968 1267 εὖφημεῖσθαι
1005 1198 1198 1269 ὥσπερ
1228 1198 1518 1271 πρότερον,
1554 1200 1649 1251 καὶ
1702 1216 1918 1270 μνημο-

342 1288 595 1342 νεύεσθαι
638 1290 891 1359 ἰκέλευεν
921 1292 980 1344 ὲν
1030 1292 1152 1353 ταῖς
1189 1291 1632 1359 ίεροτελεστίαις.
1685 1291 1760 1346 Ού
1812 1286 1929 1363 μὴν

343 1382 510 1435 αὐτοῦ
569 1383 915 1436 παντάπασιν
962 1384 1152 1459 ἀφεῖλε
1201 1384 1298 1437 καὶ
1349 1385 1450 1451 τὴν
1494 1384 1870 1454 προσηγορίαν
1903 1399 1918 1414 ·

344 1475 459 1527 ἀλλ’
498 1474 552 1527 εί
606 1491 736 1528 ποτε
794 1476 925 1545 περὶ
956 1477 1170 1530 ἐκείνου
1220 1478 1429 1530 ποιοῖτο
1470 1476 1653 1545 λόγον,
1700 1476 1924 1547 βασιλέα

344 1568 756 1637 προσηγόρευεν
788 1570 878 1621 ἐπὶ
909 1570 1145 1624 πολλῶν.
1191 1570 1288 1624 Ἐκ
1310 1569 1571 1624 τοιούτων
1598 1569 1699 1639 μὲν
1730 1568 1922 1622 αἰτιῶν

345 1662 374 1712 ὁ
405 1662 541 1728 πρὸς
583 1660 853 1734 ἀλλήλους
883 1663 998 1716 τῶν
1048 1663 1322 1734 βασιλέων
1374 1664 1607 1737 ἐκινήθη
1656 1664 1920 1733 πόλεμος,

343 1768 377 1804 κ
414 1749 660 1821 ὶηΰξητο
687 1753 780 1805 ἐπὶ
810 1753 1090 1815 τοσοῦτον,
1108 1753 1185 1817 ὡς
1213 1753 1311 1808 καὶ
1339 1754 1798 1823 Καντακουζηνὸν
1828 1754 1920 1807 τὸν

344 1840 587 1910 βασιλέα,
632 1842 812 1895 καίτοι
843 1843 1110 1913 πρότερον
1125 1844 1222 1915 ὅλῃ
1253 1845 1448 1917 γνώμῃ
1468 1844 1922 1915 παρεσκευασμέ-

341 1949 436 1986 νον
476 1933 572 2002 τῆς
599 1935 775 2004 ἀρχῆς
805 1934 1048 2005 διάδοχον
1079 1936 1174 1989 τὸν
1192 1936 1312 1990 νέον
1344 1936 1699 1989 καταλείπειν
1733 1936 1917 1989 ’ῐωάν-

343 2043 463 2095 νην,
493 2026 837 2096 ἠναγκάσθαι
856 2029 952 2081 καὶ
967 2028 1252 2083 Ματθαῖον
1280 2030 1372 2083 τδν
1394 2030 1509 2083 υἱὸν
1537 2028 1919 2083 ἀποδεικνύειν

343 2115 586 2184 βασιλέα⁸
621 2118 761 2186 μετά
789 2117 972 2188 μέντοι
1014 2117 1113 2188 τὴν
1168 2120 1476 2191 ἁνάῤῥησιν
1506 2120 1791 2174 Ματθαίου
1824 2119 1919 2172 τοῦ

340 2208 462 2262 νέου
488 2208 755 2277 βασιλέως
791 2211 1000 2263 ἐκεῖνον
1055 2211 1158 2281 μὲν
1210 2213 1291 2274 είς
1336 2212 1438 2282 τὴν
1479 2209 1764 2282 Ἀδριανοῦ
1804 2211 1922 2277 ἑξέ-

338 2316 555 2370 πεμπεν
580 2296 736 2364 αὖθις
763 2303 792 2354 ὀ
820 2301 1027 2371 πατὴρ,
1064 2301 1228 2366 αύτδς
1253 2304 1309 2356 δὲ
1353 2303 1682 2356 ὑπελείπετο
1718 2305 1776 2355 ὲν
1812 2304 1916 2356 Βυ-

338 2388 559 2460 ζαντίῳ,
592 2390 685 2443 καὶ
721 2391 791 2443 τὰ
835 2392 978 2445 κατά
1023 2397 1117 2444 τὸν
1176 2393 1529 2464 πατριάρχην
1559 2394 1636 2456 ὡς
1682 2394 1919 2464 μάλιστα

340 2480 461 2551 ἐνῆν
493 2480 800 2537 εὖτίθεσθαι
826 2484 1034 2537 ἐτίθετο
1070 2484 1160 2538 διὰ
1189 2486 1454 2554 σπουδῆς.
1510 2485 1771 2555 Συνεὼρα
1807 2488 1918 2556 γὰρ

343 2575 436 2643 ἤδη
461 2574 605 2627 κατά
635 2577 813 2629 πᾶσαν
836 2577 1085 2646 ἀνάγκην
1116 2578 1236 2631 δέον
1264 2576 1326 2632 ὃν
1365 2579 1648 2633 Ματθαῖον
1674 2579 1767 2632 τὸν
1797 2582 1919 2634 νέον

342 2666 562 2736 βασιλέα
592 2667 669 2737 τῷ
689 2668 845 2739 μύρῳ
869 2669 1125 2741 χρίεσθαι
1156 2671 1301 2724 κατά
1335 2671 1395 2724 τὸ
1431 2671 1574 2734 ἔθος.
1604 2671 1915 2745 Τοιγαροῦν

339 2759 432 2812 καὶ
504 2759 893 2828 μετεπέμπετο
938 2761 1063 2823 τοὺς
1111 2761 1434 2833 ἀρχιερέας,
1473 2764 1631 2826 ὅσους
1679 2764 1918 2833 μάλιστα

343 2849 495 2917 ἐνῆν,
530 2850 596 2902 ὲκ
619 2849 729 2902 τῶν
760 2852 902 2903 κατὰ
931 2850 1029 2920 τὴν
1052 2850 1274 2921 Θρᾴκην
1293 2853 1523 2906 πόλεων.
1555 2848 1689 2907 Εῒτα
1724 2855 1916 2927 ἐπειδὴ

341 2938 617 3008 παρῆσαν,
651 2941 743 2994 καὶ
773 2942 900 3001 τοὺς
955 2942 1014 2994 ὲν
1040 2940 1324 3012 Βυζαντίῳ
1361 2943 1744 3016 διατρίϐοντας
1797 2948 1916 3017 ἅμα

335 3032 445 3092 τοῖς
470 3030 671 3094 ἔξωθεν
700 3024 1128 3104 ἐπιδεδημηκόσι
1169 3034 1460 3099 κελεύσας,
1506 3039 1565 3089 ὲν
1615 3038 1916 3107 βασιλείοις

340 3122 634 3187 συνελθεῖν,
664 3125 692 3177 δ
736 3139 793 3177 τι
837 3123 948 3177 δέοι
998 3124 1275 3193 πράττειν
1304 3130 1434 3199 περὶ
1483 3128 1788 3182 Καλλίστου
1820 3129 1914 3182 τοῦ

337 3214 675 3286 πατριάρχου
720 3215 939 3270 πάντων
971 3216 1307 3272 ἐπυνθάνετο
1341 3221 1523 3289 κοινῇ.
1560 3219 1682 3272 Τῶν
1731 3221 1778 3275 δ’
1806 3221 1914 3274 ἀπὸ

2033 649 2144 705 cris
2176 651 2317 722 ejus,
2353 660 2414 703 ut
2454 650 2795 718 reliquorum
2833 650 3228 720 imperatorum
3270 648 3608 717 frequentari

2034 753 2213 812 empta
2246 742 2533 798 memoria.
2576 742 2806 797 Joannis
2844 732 3026 795 autem
3079 755 3280 794 nomen
3338 738 3392 791 in
3434 738 3607 792 accla-

2032 835 2258 901 mando,
2311 844 2478 905 atque
2526 835 2670 889 inter
2713 848 2869 889 sacra
2903 847 3060 886 socer
3103 840 3283 885 tacere
3319 829 3506 897 jussit.
3558 836 3613 882 et

2032 926 2202 981 Annae
2245 925 2605 995 imperalrici,
2636 940 2702 979 ac
2731 924 2911 994 nepoti
2944 922 3257 975 Andronico
3297 919 3611 981 acclamari,

2032 1028 2093 1072 ut
2138 1016 2312 1087 prius,
2332 1016 2403 1085 {et
2446 1016 2498 1069 in
2539 1014 2813 1071 sacriﬁcio
2856 1014 3034 1068 missa:
3058 1013 3279 1066 eosdem
3316 1010 3610 1064 nominari.

2030 1108 2151 1163 N’on
2214 1119 2393 1163 tamen
2444 1109 2672 1162 omnino
2736 1107 2786 1161 ei
2843 1104 3171 1160 vocabulum
3222 1102 3503 1163 auferens,
3566 1097 3610 1155 si

2032 1199 2255 1269 quando
2276 1199 2419 1269 apud
2439 1200 2620 1266 plures
2649 1199 2719 1253 de
2742 1199 2835 1252 illo
2862 1199 3206 1268 loqueretur,
3228 1197 3612 1262 imperatorem

2034 1291 2411 1363 appellitabat.
2440 1291 2667 1346 Talibus
2706 1291 2875 1361 igitur
2918 1305 2984 1345 ex
3011 1289 3211 1343 'causis
3242 1297 3495 1341 mutuum
3528 1286 3615 1339 in-

2035 1389 2119 1437 ter
2151 1383 2514 1452 imperatores
2562 1383 2763 1438 bellum
2817 1380 3045 1443 exarsit,
3096 1380 3279 1449 itaque
3322 1377 3517 1441 crevit,
3557 1387 3617 1433 ut

2029 1473 2474 1533 Cantacuzenus.
2516 1473 2733 1529 tametsi
2775 1483 2933 1527 antea
2973 1482 3158 1526 mente
3201 1478 3311 1524 tota
3344 1470 3613 1524 Joannem

2028 1569 2642 1638 imperiisuceessorem
2681 1567 2996 1636 relinquere
3030 1575 3255 1643 paratus
3284 1571 3452 1629 esset,
3479 1562 3617 1617 Mat-

2031 1662 2231 1716 thzeum
2278 1663 2449 1717 lilium
2487 1663 2594 1716 hoc
2645 1660 2855 1714 honore
2902 1658 3118 1731 dignari
3162 1657 3482 1726 compulsus
3513 1657 3611 1717 sit:

2028 1769 2191 1824 quem
2233 1755 2420 1810 statim
2478 1752 2896 1822 Adrianopolim
2947 1750 3118 1818 misit,
3175 1750 3292 1819 ipse
3363 1747 3614 1820 Byzantii

2029 1834 2279 1909 manens,
2341 1844 2762 1908 controversim,
2795 1857 2918 1911 qua;
2984 1840 3086 1896 sibi
3131 1855 3257 1895 cum
3301 1837 3615 1910 patriarcha

2021 1939 2332 2003 exstiterat,
2363 1937 2527 1990 ﬁnem
2552 1951 2716 2005 quam
2745 1936 3013 2005 optimum
3048 1934 3334 2002 imponere
3359 1931 3617 1986 studebat

2023 2028 2237 2084 sedulo.
2302 2028 2648 2098 lntelligebat
2699 2029 2870 2093 enim,
2912 2028 3023 2097 jam
3084 2025 3245 2096 plane
3298 2024 3614 2079 Malthaeum

2021 2138 2227 2177 novum
2270 2122 2661 2191 imperatorem
2691 2120 2896 2175 usitato
2924 2136 3074 2173 more
3105 2118 3299 2187 inungi
3332 2125 3614 2185 Oportere.

2022 2214 2265 2270 Proinde
2297 2223 2353 2268 et
2384 2213 2697 2283 episcopos,
2731 2221 3002 2284 quotquot
3026 2211 3478 2268 commodissinie
3511 2225 3615 2281 po-

2024 2315 2186 2372 terat,
2212 2321 2277 2360 ex
2309 2306 2542 2361 urbibus
2576 2305 2825 2359 Thraciae
2847 2304 3187 2359 accersebat.
3221 2303 3331 2357 Eos
3365 2318 3612 2371 praesen-

2021 2406 2124 2464 tes,
2156 2398 2318 2452 simul
2351 2413 2474 2451 cum
2512 2397 2581 2452 iis
2616 2398 2707 2467 qui
2740 2396 2984 2467 Byzantii
3033 2395 3323 2464 degebant,
3355 2393 3519 2464 857
3559 2394 3611 2447 in

2021 2488 2288 2558 palatium
2337 2488 2637 2541 convenire
2684 2486 2899 2558 jussit:
2962 2484 3037 2539 ibi
3086 2499 3185 2540 eos
3245 2485 3611 2539 communiter

2022 2580 2155 2650 quid
2200 2578 2428 2634 Callisto
2469 2577 2783 2648 patriarcha
2825 2576 3138 2631 faciendum
3173 2586 3341 2641 esset,
3380 2577 3611 2629 interro-

2022 2670 2194 2741 gavit.
2224 2670 2437 2737 Quibus
2463 2671 2532 2724 de
2555 2678 2841 2739 compacto
2864 2670 3349 2739 respondentibus.
3377 2670 3433 2724 in
3458 2669 3612 2724 thro-

2021 2778 2155 2816 num
2202 2762 2599 2827 revocandum,
2632 2761 3079 2832 quandoquidem
3130 2776 3159 2815 a
3196 2761 3417 2814 nemine
3452 2776 3612 2815 accu-

2020 2863 2260 2921 saretur,
2287 2855 2436 2909 illico
2453 2854 2797 2924 amplectens
2820 2854 3112 2908 consilium
3131 2852 3457 2919 imperator,
3479 2853 3617 2905 duo-

2019 2945 2126 3002 bus
2153 2947 2428 3017 episcopis
2449 2947 2690 3008 selectis,
2715 2945 2939 3000 Daniele
2964 2943 3116 3009 Eni,
3146 2954 3198 2997 et
3227 2943 3472 3012 Josepho
3507 2943 3617 2997 Te-

2017 3040 2167 3103 nedi,
2186 3038 2523 3108 totidemque
2539 3038 2660 3092 aliis
2683 3038 2749 3092 de
2780 3038 2910 3091 cieri
2935 3036 3217 3107 Byzantini
3240 3035 3610 3105 principibus,

2021 3129 2273 3186 Cabasila
2315 3143 2513 3197 nempe
2558 3142 2840 3181 sacrarum
2889 3126 3116 3187 aidium,
3162 3135 3219 3178 et
3257 3124 3486 3179 Padica
3533 3140 3618 3179 sa-

2020 3235 2244 3276 crorum
2306 3234 2564 3274 vasorum
2605 3217 2904 3289 prmfectis.
2944 3231 3042 3273 eos
3102 3217 3156 3270 in
3210 3217 3611 3290 monasterium

336 3273 677 3378 συνθήματος
723 3308 840 3362 δέον
891 3309 1199 3379 είρηκότων
1262 3307 1409 3365 εἶναι
1471 3273 1716 3381 πέμπειν
1743 3273 1750 3275 ἡ
1776 3314 1912 3383 πρὸς

2025 3307 2320 3367 Mamantis
2369 3312 2625 3382 martyris
2674 3310 2738 3363 ad
2780 3309 3153 3379 palriarcham
3211 3287 3400 3373 mittit,
3445 3316 3500 3361 et
3544 3307 3614 3362 ad

334 3401 562 3461 ἐκεῖνον.
599 3400 695 3454 καὶ
740 3400 926 3454 καλεῖν
976 3403 1069 3455 ἐπὶ
1115 3403 1209 3457 τὸν
1246 3404 1463 3476 θρόνον,
1514 3406 1706 3475 ἐπειδὴ
1751 3407 1920 3475 μηδὲν

338 3494 617 3561 ὲγκαλοῖτο
654 3494 760 3548 ὑπὸ
800 3495 1032 3565 μηδενὸς
1065 3496 1269 3551 αὐτίκα
1299 3515 1361 3551 τε
1392 3499 1648 3555 ἐπείθετο
1686 3500 1715 3552 ὀ
1762 3501 1922 3570 βασι-

336 3585 480 3650 λεὺς,
505 3585 601 3639 καὶ
628 3586 927 3655 πρεοόείαν
959 3587 1099 3657 πρὸς
1122 3589 1335 3644 ἐκεῖνον
1365 3592 1623 3646 ἐποιεῖτο.
1663 3593 1770 3645 Δύο
1807 3594 1918 3663 γὰρ

337 3677 444 3730 τῶν
473 3678 781 3749 ἀρχιερέων
829 3678 1265 3750 ἀπολεξάμενος.
1316 3681 1412 3735 τὸν
1460 3682 1624 3735 Λίνου
1676 3684 1914 3751 Δανιὴλ,

238 3834 249 3844 .
339 3769 429 3823 καὶ
461 3770 659 3841 Ἰωσὴφ
691 3770 786 3825 τὸν
816 3771 1066 3838 Τενέδου,
1109 3774 1205 3827 καὶ
1231 3774 1525 3838 τοσούτους
1555 3775 1781 3845 ἑτέρους
1807 3777 1921 3830 τῶν

339 3863 660 3931 ἑπιφανεστέ
670 3879 777 3933 ρων
793 3864 886 3917 τοῦ
910 3864 1115 3935 κλήρου
1141 3867 1237 3936 τῆς
1256 3867 1574 3931 Βυζαντίων
1593 3870 1916 3941 ἐκκλησίας,

339 3953 658 4009 Κασάσιλαν
689 3954 783 4007 τὸν
811 3956 1121 4024 σακελλίου,
1154 3960 1249 4011 καὶ
1285 3960 1563 4033 Περδίκην
1591 3963 1680 4017 τὸν
1719 3981 1915 4019 σκευο·

338 4046 574 4114 φύλακα,
604 4047 854 4118 ἔπεμπεν
900 4052 981 4129 είς
1031 4051 1133 4119 τὴν
1176 4053 1457 4125 μάρτυρος
1492 4056 1586 4109 τοῦ
1619 4056 1921 4127 Μάμαντος

339 4140 505 4211 μονὴν
544 4142 672 4212 πρὸς
698 4142 1072 4214 πατριάρχην,
1101 4145 1199 4199 καὶ
1230 4149 1326 4199 ἐπὶ
1361 4148 1492 4212 τοὺς
1530 4149 1758 4220 θρόνους
1787 4152 1919 4206 ἑκά-

336 4231 416 4284 λει
442 4233 676 4302 καὶητὴν
710 4233 909 4305 ἀρχὴν,
948 4236 1147 4289 ούίένα
1184 4237 1294 4305 γὰρ
1342 4236 1487 4292 εἶναι
1511 4240 1604 4295 τὸν
1627 4241 1921 4311 ἀφῃρημέ-

339 4343 450 4389 νον,
478 4326 686 4396 ἔφασκέ
720 4345 778 4382 τε
808 4328 1019 4399 βέλτιον
1055 4330 1156 4400 μὲν
1207 4328 1350 4386 εἶναι
1387 4334 1459 4405 μὴ
1488 4336 1919 4405 ἀπερισκέπτως

338 4416 479 4470 οὓτω
506 4420 707 4487 χωρεῖν
736 4418 823 4487 ἐφ’
852 4417 888 4473 ἃ
916 4421 989 4489 μὴ
1019 4421 1123 4487 δεῖ,
1179 4423 1306 4493 μηδ’
1340 4423 1572 4501 ἀϐουλίᾳ
1602 4424 1912 4496 χρώμενον,

335 4507 442 4560 τῶν
461 4509 559 4577 μὲν
583 4509 786 4579 θρόνων
805 4511 1138 4580 ἀφίστασθαι
1160 4515 1378 4585 ἑκόντα,
1396 4519 1489 4571 καὶ
1512 4518 1608 4573 τοῦ
1629 4517 1908 4590 ποιμνίου,

2022 3406 2210 3462 sedem
2254 3411 2698 3473 potestatemque
2768 3411 3014 3467 revocat,
3078 3416 3243 3471 quam
3305 3400 3381 3453 illi
3448 3414 3614 3452 nemo

2023 3499 2208 3554 adhuc
2237 3494 2533 3553 abstulerit
2565 3513 2580 3548 :
2614 3504 2669 3551 et
2703 3494 2903 3549 melius
2949 3506 3092 3559 esse,
3125 3509 3236 3548 non
3286 3493 3357 3546 ita
3407 3493 3616 3560 impro-

2023 3591 2147 3646 vide
2186 3589 2508 3661 procedere,
2541 3602 2652 3656 quo
2694 3603 2804 3641 non
2854 3594 3099 3656 oportet,
3173 3598 3356 3652 neque
3417 3592 3617 3652 pra-ter

2022 3688 2292 3741 rationem
2325 3696 2450 3737 cum
2481 3681 2614 3737 sede
2654 3694 2875 3750 gregem
2909 3677 3052 3731 velle
3079 3676 3360 3732 desertum
3395 3673 3474 3728 ire
3512 3690 3527 3727 :
3561 3683 3617 3728 et

2023 3794 2146 3849 qua!
2178 3777 2315 3832 nihil
2349 3775 2587 3830 attinent
2622 3772 2842 3827 curiose
2901 3779 3227 3836 sectantem,
3289 3780 3438 3822 nunc
3498 3765 3611 3830 hic,

2023 3886 2173 3928 nunc
2212 3871 2311 3934 ibi,
2358 3883 2566 3923 munus
2605 3881 2764 3921 suum
2798 3864 3335 3935 przctermittentem,
3370 3873 3616 3913 commo—

2023 3965 2157 4020 rari.
2197 3962 2255 4018 Si
2287 3961 2434 4015 enim
2480 3960 2535 4014 in
2564 3974 2630 4014 eo
2657 3957 2805 4029 quod
2848 3954 3211 4026 portendebat
3250 3951 3608 4022 perstitisset,

2024 4057 2312 4124 liliumque
2333 4068 2443 4108 non
2480 4066 2604 4106 esse
2634 4050 3023 4119 imperatorem
3059 4045 3416 4099 salutandum
3453 4058 3617 4112 argu-

2022 4148 2229 4203 mentis
2274 4144 2601 4215 quibusdam
2637 4140 2954 4196 necessario
3005 4135 3469 4193 concludentibus
3516 4134 3617 4188 do-

2022 4239 2251 4305 cuisset,
2289 4237 2519 4293 forsitan
2556 4242 2737 4304 empta
2767 4230 3158 4300 impediturum
3212 4228 3409 4282 fuisse.
3449 4226 3614 4280 Nunc

2020 4335 2166 4389 istuc
2212 4346 2320 4386 non
2372 4339 2713 4400 postremum
2762 4325 3042 4379 numerari
3095 4336 3258 4391 posse
3298 4336 3363 4374 ex
3393 4320 3461 4374 iis
3490 4333 3614 4389 qua:

2022 4441 2135 4482 rem
2171 4432 2586 4495 persuaserunt,
2623 4418 2769 4489 quod
2813 4431 2922 4471 non
2960 4415 3142 4470 verbis
3186 4422 3242 4469 et
3281 4411 3617 4466 admonitio-

2023 4517 2206 4578 nibus,
2245 4514 2387 4569 l'orte
2418 4528 2522 4567 nec
2546 4510 2748 4566 divinis
2774 4509 3049 4578 precibus,
3093 4514 3153 4559 ut
3180 4503 3490 4574 oportebat,
3517 4500 3615 4556 sed

336 4600 496 4653 αὑτὸν
527 4599 585 4654 δὲ
636 4601 707 4654 τὰ
749 4603 919 4672 μηδὲν
973 4606 1330 4677 προσήκοντα
1373 4611 1910 4682 περιεργαζόμενον,

2023 4610 2094 4674 vi,
2128 4616 2186 4663 et
2228 4606 2380 4661 velut
2412 4603 2679 4658 machina
2728 4602 2911 4671 aliqua
2965 4599 3243 4667 negotium
3298 4595 3615 4650 disturbare

335 4690 522 4744 ἄλλοτε
570 4691 752 4746 ἄλλοθι
797 4693 1301 4769 διατρίϐεινμηδὲν
1325 4700 1589 4757 ποιοῦντα
1619 4703 1729 4757 τῶν
1758 4704 1913 4758 δεόν-

335 4801 462 4837 των.
492 4784 553 4838 El
574 4785 683 4856 γὰρ
705 4785 901 4853 εμενεν
932 4789 1028 4842 ἐπὶ
1052 4788 1149 4843 τοῦ
1183 4796 1600 4864 προσχήματος,
1634 4797 1727 4849 καὶ
1760 4811 1916 4850 συνε-

335 4874 553 4930 ϐούλευε
589 4878 662 4947 μὴ
691 4877 785 4930 τὸν
809 4877 924 4932 υίδν
949 4880 1331 4953 ἀναγορεύειν,
1352 4884 1535 4949 αἰτίας
1555 4886 1713 4948 τινὰς
1736 4888 1911 4954 ἀναγ-

334 4968 494 5031 καίας
524 4964 636 5032 τοῖς
670 4968 849 5037 λόγοις
894 4973 1234 5041 προστιθεὶς,
1274 4976 1410 5041 ῐσως
1450 4975 1518 5031 ἂν
1573 4978 1665 5032 καὶ
1715 4978 1914 5032 διεκώ·

331 5055 461 5108 λυσε
487 5072 502 5087 ο
530 5054 629 5109 νῦν
652 5055 701 5110 δ’
731 5057 831 5127 οὐχ
870 5059 1075 5130 ἥκιστα
1114 5063 1211 5117 καὶ
1247 5063 1396 5120 τοῦτ’
1425 5065 1493 5120 ἂν
1521 5067 1606 5138 εῖη
1641 5068 1751 5121 τῶν
1792 5085 1913 5123 πει-

336 5149 542 5203 σάντων
571 5148 629 5202 ἒν
674 5153 875 5221 χωρεῖν
916 5154 1013 5206 ἐπὶ
1056 5155 1309 5223 τοιαῦτα,
1359 5158 1442 5212 ὅτι
1479 5160 1555 5232 μὴ
1603 5159 1786 5230 λόγοις
1817 5163 1913 5216 καὶ

335 5238 743 5311 παραινέσεων,
768 5242 905 5306 ἴσως
928 5242 985 5296 δὲ
1008 5246 1104 5298 καὶ
1132 5247 1367 5310 ἱκεσίαις
1393 5246 1585 5319 ὥσπερ
1613 5250 1744 5313 ἔδει,
1773 5251 1913 5306 ἀλλά

339 5329 427 5401 βίᾳ
479 5330 573 5384 καὶ
624 5330 813 5405 ὥσπερ
851 5334 999 5405 ίσχύῖ
1048 5337 1159 5391 τινὶ
1206 5338 1483 5393 κωλύσειν
1522 5343 1906 5416 ἐπεχείρησεν,

348 5422 501 5476 Ἐπεὶ
518 5422 853 5494 ἀναλυθῆναι
873 5426 942 5479 τά
962 5431 1306 5500 γεγενημένα
1321 5433 1911 5504 ούκξὲνδέχεται,ξούδὲν

341 5513 407 5566 ἂν
436 5515 472 5583 ἡ
504 5514 824 5585 διχοστασία
849 5517 933 5570 ετι
973 5521 1068 5574 καὶ
1101 5522 1135 5593 ἡ
1183 5522 1303 5593 ερις
1353 5525 1741 5595 συμϐαλεῖται,
1774 5526 1910 5581 ἀλλὰ

340 5601 454 5658 δέον
470 5606 632 5659 αὐτὸν
658 5609 751 5661 ἐπὶ
776 5608 871 5661 τὸν
887 5610 1097 5681 θρόνον,
1126 5614 1220 5666 καὶ
1249 5616 1348 5681 τὴν
1375 5618 1589 5671 οἰκείαν
1613 5618 1791 5688 ἀρχὴν
1814 5621 1906 5671 ὲλο

341 5697 521 5764 θόντα,
553 5699 642 5754 τδν
668 5700 791 5754 νέον
820 5701 1049 5771 βασιλέα
1090 5707 1190 5759 καὶ
1206 5705 1282 5777 τῷ
1302 5707 1460 5778 μύρῳ
1485 5708 1685 5779 χρίειν,
1712 5708 1907 5780 ὥσπερ

338 5788 495 5852 ἔθος·
540 5793 619 5845 οὐν
654 5795 766 5866 γάρ
815 5794 1093 5864 ἐνδέχεται
1138 5799 1254 5861 τοῖς
1312 5799 1494 5864 ἀλλοις
1551 5803 1909 5872 παρασήμοις

341 5882 675 5956 κοσμηθέντα
708 5886 787 5958 μὴ
818 5887 916 5942 καὶ
945 5885 1039 5943 τδν
1086 5889 1315 5962 ἀρχαῖον
1344 5894 1549 5963 τρόπον
1590 5895 1907 5966 στέφεσθαι.

2023 4703 2175 4756 visus
2230 4699 2322 4753 sit.
2386 4696 2527 4763 Quia
2554 4710 2687 4750 vero
2746 4692 3024 4764 praeterita
3078 4689 3280 4759 corrigi
3315 4695 3616 4757 nequeant,

2022 4785 2427 4842 dissensionem
2456 4792 2512 4838 et
2545 4781 2955 4837 contentionem
2993 4779 3131 4833 nihil
3156 4777 3391 4848 amplius
3427 4777 3618 4846 profu-

2022 4889 2228 4945 turam,
2264 4876 2359 4933 sed
2395 4876 2463 4931 ad
2493 4875 2680 4931 sedem
2720 4889 2876 4929 suam
2930 4888 3269 4943 regressum,
3310 4872 3615 4940 imperato-

2022 4986 2136 5025 rem
2178 4985 2383 5023 novum
2428 4983 2528 5038 pro
2578 4976 2798 5034 recepta
2848 4964 3253 5019 consuetudine
3293 4979 3453 5018 sacro
3493 4963 3617 5018 oleo
3644 4991 3656 4999 -

2020 5063 2287 5133 inungere
2319 5061 2542 5116 debere.
2599 5057 2753 5113 Haud
2803 5057 3078 5127 siquidem
3110 5056 3192 5113 l‘as
3236 5071 3356 5111 esse
3402 5055 3620 5110 caeteris

2020 5154 2330 5226 insignibus
2358 5161 2637 5217 ornatum,
2677 5166 2789 5206 non
2841 5149 3009 5205 etiam
3066 5148 3297 5219 antiquo
3341 5163 3493 5203 more
3525 5164 3619 5201 co-

2018 5265 2154 5304 rona
2196 5243 2571 5302 cohonestari.
2612 5242 2738 5298 Haec
2789 5248 2856 5297 ad
2894 5241 3182 5297 Callistum
3238 5256 3337 5312 per
3368 5251 3617 5295 oratores

2019 5340 2342 5410 imperator,
2402 5352 2581 5407 eaque
2649 5334 2895 5407 episcopi
2951 5348 3144 5389 omnes
3216 5331 3617 5401 approbarunt.

2017 5432 2339 5487 Patriarcha
2371 5430 2641 5501 legatione
2662 5427 2875 5490 audita,
2907 5426 2976 5481 ad
3004 5442 3119 5481 rem
3153 5424 3377 5495 quidem
3408 5424 3484 5477 nil
3526 5437 3613 5476 rc-

2019 5523 2283 5596 spondit;
2311 5524 2405 5579 sed
2433 5536 2559 5577 eum
2583 5521 2679 5591 qui
2703 5519 2808 5576 sibi
2837 5530 3064 5590 propter
3084 5525 3189 5574 hoc
3219 5518 3611 5573 necessitatem

2024 5619 2358 5687 imponeret.
2392 5615 2764 5683 anathematis
2798 5613 3044 5668 carmine
3071 5612 3310 5667 devovit.
3337 5610 3474 5665 Tum
3514 5608 3616 5661 Da-

2019 5710 2129 5766 niel
2164 5707 2290 5763 Aini
2318 5707 2617 5777 episcopus
2652 5707 2849 5768 iratus,
2881 5719 3007 5758 eum
3036 5714 3262 5773 promer
3296 5700 3614 5755 anathema-

2021 5802 2245 5860 tismum
2280 5802 2348 5857 ab
2389 5801 2510 5873 ipso
2547 5801 2990 5871 pronuntiatum,
3025 5795 3234 5850 hortari
3262 5794 3414 5848 illum
3443 5791 3510 5847 ad
3544 5807 3611 5848 ea

2021 5911 2259 5969 quorum
2290 5894 2465 5966 gratia
2497 5899 2746 5956 venerat,
2780 5905 3213 5961 supervacuum,
3247 5905 3371 5946 cum
3396 5890 3612 5965 justiti»
