4056 6492
334 454 441 513 263

1464 419 1469 423 ’
1509 447 1839 510 JOANNIS
1876 445 2400 509 CANTACUZENI

3473 447 3582 512 ΞΜ

334 574 515 617 autem
564 550 919 617 consentiens
962 570 1200 632 putaret,
1256 562 1301 618 si
1344 576 1521 632 neque
1571 578 1669 632 per
1721 578 1801 626 se,
1845 578 1908 617 ac

2036 560 2245 616 Γοιαῦτα
2304 563 2406 632 μὲν
2442 563 2579 633 πρὸς
2625 563 2926 618 Κάλλιστον
2957 564 3047 616 τὸν
3094 562 3443 634 πατριάρχην
3492 564 3582 615 διά

335 664 529 721 sponte
562 653 787 721 gradum
815 668 974 707 suum
1005 655 1250 722 recipere
1273 653 1459 721 vellet,
1494 669 1675 724 neque
1701 656 1770 708 ab
1803 654 1910 709 alio

336 747 454 814 cogi
492 745 602 797 ullo
636 745 796 797 modo
824 754 1029 813 posset,
1067 745 1234 799 alium
1268 745 1388 815 ejus
1431 744 1546 799 sedi
1581 746 1856 814 praeﬁcere
1892 761 1908 797 :

341 837 529 905 Igitur,
565 835 765 904 inquit,
801 836 947 889 aliud
971 836 1111 889 nihil
1148 846 1330 890 letam
1353 836 1633 895 obstinato
1653 836 1912 907 relinqui-

341 937 448 991 tur,
482 942 643 995 quam
676 937 733 979 ut
765 927 886 981 loco
919 936 1014 980 tuo
1040 928 1205 981 alium
1234 928 1600 997 patriarcham
1633 928 1688 982 in
1720 928 1911 982 Eccle-

340 1020 476 1072 siam
519 1020 961 1073 iutrodneamus.
1016 1020 1085 1075 Et
1142 1023 1450 1089 patriarcha
1507 1040 1521 1077 :
1582 1022 1638 1076 Id
1681 1024 1915 1078 maxime

342 1111 530 1175 velim,
565 1113 760 1180 inquit.
801 1113 890 1167 Sic
921 1114 1079 1182 legati
1127 1115 1191 1167 ad
1242 1115 1650 1183 imperatorem,
1693 1125 1749 1169 et
1785 1131 1916 1170 con-

341 1213 563 1254 ventum
599 1213 955 1267 revertentes,
985 1205 1104 1274 ejus
1135 1220 1454 1274 responsum
1483 1206 1746 1261 referunt.
1784 1206 1915 1261 Per-

343 1292 494 1347 dieas
535 1308 662 1348 vero
708 1294 804 1355 ait,
860 1296 1225 1363 patriarcham
1257 1299 1607 1353 anathemate
1645 1299 1795 1352 il'lum
1834 1299 1917 1354 fe-

346 1388 526 1446 riisse,
559 1386 649 1451 qui
691 1401 749 1439 se
777 1396 1002 1455 propter
1037 1388 1143 1452 hoc
1162 1400 1386 1458 cogeret
1417 1409 1428 1445 :
1459 1390 1628 1460 858
1654 1392 1783 1459 quid
1815 1406 1918 1444 au—

347 1478 454 1522 tem
487 1470 587 1523 sibi
625 1470 754 1524 velit
774 1482 988 1542 propter
1015 1475 1127 1535 hoc,
1153 1490 1211 1531 se
1240 1476 1513 1545 ignorare.
1534 1478 1671 1531 Tum
1699 1479 1920 1549 collega:

347 1558 507 1629 legati
540 1559 829 1629 aiiirmare,
859 1564 997 1618 nihil
1031 1564 1179 1619 aliud
1209 1582 1328 1621 esse
1364 1575 1578 1635 prapter
1604 1569 1720 1636 hoc,
1753 1584 1917 1638 quam

346 1652 413 1706 ad
463 1651 715 1709 Ecclesia:
749 1656 1119 1725 gubernacula
1165 1660 1368 1726 redire,
1409 1663 1555 1731 quod
1607 1674 1922 1718 constanter

348 1754 586 1811 recuset,
615 1761 790 1816 eaque
821 1765 921 1804 nec
956 1750 1156 1817 libens,
1204 1768 1307 1808 nec
1335 1763 1559 1810 coactus
1588 1757 1921 1825 repetiturus

350 1836 443 1889 sit.
475 1835 965 1896 Consentieutibus
1013 1842 1066 1895 in
1107 1859 1174 1897 eo
1216 1844 1431 1915 legatis,
1475 1846 1776 1916 imperator
1813 1848 1917 1903 Ec-

2012 655 2122 708 τῶν
2162 653 2448 723 πρέσϐεων
2495 655 2734 723 ἐμήνυεν
2777 655 2805 706 ὑ
2840 654 3095 724 βασιλεὺς
3123 653 3303 725 ὀρθῶς
3336 653 3483 723 ἐχειν
3513 654 3583 707 τὰ

2013 747 2302 815 εἰρημένα,
2337 748 2433 800 καὶ
2474 745 2584 799 τῶν
2610 748 2912 817 ἀρχιερέων
2965 746 3225 800 ἀπάντων
3284 747 3585 813 συνεπιψη-

2014 840 2355 907 φισαμένων.
2390 839 2744 909 Πατριάρχης
2786 840 2843 892 δὲ
2886 842 3001 893 ἐπεῒ
3043 841 3170 902 τοὺς
3200 838 3469 909 βασιλέως
3496 839 3587 891 λό-

2014 949 2143 1000 γους
2173 931 2360 1001 ἤκουε,
2395 931 2532 997 πρὸς
2561 931 2689 995 ἔπος
2736 932 2837 1002 μὲν
2868 932 3207 1002 ἀπεκρίνατο
3244 932 3420 984 οὐδέν·
3448 931 3589 984 ἀλλά

2016 1023 2157 1077 κατά
2207 1023 2301 1077 τοῦ
2366 1024 2718 1093 ὲπιθήσοντος
2766 1024 2921 1094 αὐτῷ’
2965 1027 3215 1094 ἀνάγκην
3266 1025 3358 1078 ἐπὶ
3409 1026 3588 1095 τούτῳ

2018 1114 2277 1183 ἐξεφώνει
2337 1116 2615 1185 χωρισμὸν
2648 1118 2755 1169 ἀπὸ
2789 1116 2948 1170 Θεοῦ.
3003 1117 3205 1187 Δανιὴλ
3253 1117 3311 1170 δὲ
3359 1116 3453 1169 τοῦ
3488 1117 3588 1187 τῆς

2019 1208 2180 1260 Αῖνου
2214 1210 2319 1276 τὴν
2354 1207 2676 1278 ίεραρχικὴν
2711 1207 2981 1270 ἰθύνοντος
3005 1209 3180 1277 ἀρχὴν
3203 1208 3591 1277 δυσχεραίνον-

2020 1316 2111 1362 τος
2160 1300 2253 1351 ἐπὶ
2307 1302 2421 1363 τοῖς
2480 1300 2816 1368 εἰρημένοις,
2851 1301 2946 1353 καὶ
2993 1299 3056 1351 τό
3085 1317 3145 1351 τε
3178 1297 3588 1368 προτρέπεσθαι

2020 1389 2368 1459 πλτριάρχην
2400 1388 2484 1456 ἐφ’
2516 1388 2553 1441 ἀ
2581 1388 2943 1459 ἐπέμφθησαν
2965 1388 3348 1457 ἀπεγνωκότος
3375 1387 3462 1440 διὰ
3488 1387 3591 1458 τὴν

2021 1481 2468 1549 ἐπιφωνηθεῖσαν
2503 1481 2841 1551 ἐπιτίμησιν,
2889 1480 3099 1534 δίκαιόν
3131 1497 3189 1532 τε
3220 1479 3499 1549 οἰηθέντος
3538 1479 3589 1531 εί

2026 1568 2153 1639 μήθ’
2182 1568 2323 1621 ἑκὼν
2353 1565 2493 1622 εἶναι
2520 1567 2658 1637 πρὸς
2685 1568 2785 1637 τὴν
2810 1567 2984 1638 ἀρχὴν
3005 1567 3169 1629 αὐτὸς
3194 1566 3422 1638 χωροίη,
3459 1565 3587 1636 μήτ’

2022 1663 2354 1730 ἀναγκάζειν
2386 1660 2550 1714 αὑτὸν
2579 1659 2727 1729 ἐξείη
2763 1660 2977 1730 μηδενὶ,
3012 1658 3201 1726 ἕτερον
3236 1661 3350 1721 τοῖς
3375 1657 3590 1728 θρόνοις

2025 1755 2274 1823 ἐφιστᾷν.
2312 1751 2544 1814 Οὐκοῦν,
2582 1747 2761 1816 εἶπεν,
2796 1751 2948 1804 οὐδὲν
3000 1750 3190 1821 ἕτερον
3240 1749 3335 1803 σοῦ
3367 1749 3595 1803 τοιαῦτα

2030 1844 2449 1912 ἰσχυριζομένου
2492 1842 2766 1906 λείπεται,
2818 1842 2851 1913 ἢ
2903 1842 3251 1911 πατριάρχην
3288 1840 3476 1911 ἕτερον
3506 1840 3601 1892 ἀν-

348 1925 532 1980 clesia:
565 1929 780 1984 notario
809 1931 1107 2000 mandavit,
1127 1936 1311 1990 omnia
1341 1936 1543 1992 tabulis
1572 1939 1916 2009 consignare,

2036 1929 2460 1998 ιεισάγεσθαιτῇ
2509 1929 2822 2000 Ἐκκλησίᾳ.
2866 1929 2927 1983 '0
2951 1929 3300 2000 πατριάρχης
3352 1931 3432 1994 δὲ,
3481 1931 3599 1983 Καὶ

350 2031 419 2067 ne
454 2031 560 2084 qua
592 2016 644 2071 in
680 2028 956 2086 posterum
983 2021 1051 2077 de
1076 2024 1240 2079 dictis
1268 2028 1643 2081 controversia
1673 2044 1928 2084 nascere-

355 2115 461 2170 tur,
496 2107 539 2160 si
570 2107 634 2162 ad
671 2110 932 2165 trutinam
964 2123 1309 2170 vocarentur.
1344 2116 1475 2172 Post
1512 2117 1611 2172 ista
1650 2120 1927 2189 episc0pis

353 2196 405 2249 in
440 2202 739 2268 quaestione
771 2206 1122 2273 ponentibus,
1155 2208 1406 2277 quisnam
1436 2211 1504 2265 ad
1530 2212 1787 2268 Ecclesia:
1818 2213 1931 2267 ela-

355 2303 482 2341 vum
515 2290 922 2362 admoveretur,
951 2296 1174 2364 quando
1211 2298 1301 2353 ille
1325 2316 1393 2354 ne
1419 2302 1544 2371 quis
1571 2305 1715 2373 apud
1740 2319 1799 2359 se
1833 2319 1929 2359 su-

355 2394 453 2447 per
485 2381 589 2436 hoc
623 2384 793 2437 ullum
843 2386 1068 2441 vetbum
1116 2389 1326 2454 ederet,
1373 2407 1525 2447 sacra
1563 2394 1930 2449 detestatione

355 2472 635 2538 vetuisset,
660 2475 726 2529 de
755 2476 1137 2547 episcoporum
1166 2482 1389 2549 quidem
1420 2484 1705 2553 electione,
1730 2486 1805 2540 ait
1826 2486 1930 2539 im-

357 2576 598 2633 t'erator,
633 2570 934 2637 primorum
984 2573 1241 2628 Ecclesiae
1278 2578 1689 2646 magistrorum,
1725 2580 1929 2635 Christi

361 2673 380 2703 κ
397 2658 615 2713 idelicet
638 2660 1055 2730 discipulorum,
1080 2674 1134 2719 et
1156 2666 1247 2735 qui
1274 2682 1464 2722 eorum
1490 2671 1734 2738 vestigiis
1757 2671 1935 2726 inces-

359 2758 571 2814 serunt,
609 2761 919 2806 sanctorum
949 2754 1169 2809 Patrum
1198 2756 1344 2826 leges
1377 2759 1595 2828 (nempe
1624 2771 1682 2815 ut
1703 2777 1933 2831 congre-

359 2839 467 2907 gati
507 2856 615 2893 uno
657 2841 708 2895 in
765 2843 884 2898 loco
913 2845 1176 2916 episcopi,
1234 2849 1472 2917 Spiritus
1497 2852 1670 2906 sancti
1704 2856 1932 2924 gratiam

360 2930 429 2984 de
488 2933 630 2986 coelo
709 2935 1018 3005 implorent,
1096 2939 1389 3010 nittltisque
1461 2944 1713 3011 precibus
1766 2946 1935 2999 Deum

360 3023 685 3091 suppliciter
714 3027 1035 3094 propitiem,
1072 3039 1131 3084 ut
1156 3031 1238 3085 eis
1260 3033 1527 3104 designet,
1558 3038 1651 3105 qui
1684 3047 1853 3102 recte,
1883 3048 1938 3094 et

360 3114 526 3184 juste,
558 3123 614 3169 et
649 3132 712 3170 ex
745 3118 865 3186 ejus
896 3119 1235 3191 beneplaeito
1266 3124 1500 3179 maxime
1537 3127 1722 3183 fideles
1753 3130 1940 3185 Eccle-

2029 2023 2264 2093 μάλιστα
2286 2021 2601 2093 βουλοίμην,
2630 2018 2805 2077 εἶπεν.
2823 2022 2946 2075 Ἐπὶ
2965 2022 3175 2083 τούτοις
3192 2021 3250 2075 δέ
3268 2022 3317 2075 oi
3337 2022 3600 2089 πρέσϐεις

2028 2114 2163 2185 πρὸς
2190 2113 2432 2183 βασιλέα,
2460 2114 2556 2167 καὶ
2571 2113 2668 2183 τὴν
2686 2112 2903 2166 σύνοδον
2926 2113 3389 2184 ἀναστρέψαντες,
3416 2114 3602 2184 ἀπήγ-

2027 2205 2225 2274 γελλον
2236 2205 2335 2258 ὅσα
2356 2204 2699 2274 πατριάρχης
2723 2204 3048 2272 ἀποκριθείη
3077 2206 3214 2275 πρὸς
3230 2206 3357 2267 τοὺς
3377 2203 3465 2271 λόγ
3477 2220 3595 2267 ους.

2028 2297 2302 2366 Περδίκας
2325 2296 2403 2361 δὲ,
2429 2295 2537 2347 τῶν
2563 2294 2846 2363 πρέσϐεων
2868 2290 2970 2357 εἷς,
2995 2296 3084 2348 τὸν
3113 2296 3420 2365 ἀφορισμὺν
3446 2292 3601 2349 εἶπεν

2031 2387 2484 2455 ἐκπειρωνηκέναι
2531 2388 2621 2439 τὸν
2651 2386 2998 2457 πατριάρχην
3021 2387 3162 2440 κατά
3191 2389 3282 2440 τοῦ
3314 2382 3604 2457 ἐπιθήσον-

2031 2496 2122 2543 τος
2159 2477 2309 2547 αὑτῷ
2337 2478 2582 2547 ἀνάγκην
2610 2478 2705 2531 ἐπὶ
2730 2479 2931 2547 τούτῳ·
2967 2478 3186 2546 ἀγνοεῖν
3221 2479 3277 2532 δὲ
3309 2481 3337 2532 ὃ
3385 2497 3438 2534 τι
3471 2480 3600 2549 βούο

2032 2569 2179 2621 λοιτο
2213 2568 2362 2637 αὐτῷ
2397 2567 2456 2621 τὸ
2486 2569 2579 2621 ἐπὶ
2602 2568 2799 2638 τούτῳ.
2829 2570 2893 2620 Οἱ
2925 2569 3300 2640 συμπρέσϐεις
3344 2572 3400 2625 δὲ
3442 2573 3603 2627 οὐδὲν

2034 2660 2221 2729 ἕτερον
2255 2658 2543 2727 βούλεσθαι
2597 2658 2935 2727 ἰσχυρίζοντο
2980 2658 3043 2713 τὸ
3082 2660 3177 2713 ἐπὶ
3217 2661 3393 2732 τούτῳ
3432 2659 3602 2729 εἶναι,

2033 2752 2068 2822 ἦ
2123 2751 2302 2803 ἐλθεῖν
2337 2746 2494 2813 αὖθις
2545 2750 2637 2802 ἐπὶ
2666 2752 2765 2819 τὴν
2792 2751 2967 2821 ἀρχὴν
2996 2752 3096 2820 τῆς
3144 2751 3494 2822 Ἐκκλησίας,
3526 2754 3604 2818 ὥς

2038 2843 2275 2914 βεϐαίως
2305 2841 2475 2909 αὐτὴν
2500 2843 2903 2911 ἀπειπαμένου,
2932 2844 3027 2896 καὶ
3058 2845 3184 2913 μήθ’
3209 2847 3407 2899 ἑκόντα
3462 2845 3605 2902 εἶναι

2040 2937 2176 3004 μήτε
2207 2933 2496 3003 βιασθέντα
2522 2933 2752 3002 βουλησό
2766 2952 2925 3000 μενον
2956 2930 3111 2996 αὖθις
3143 2937 3446 3006 ἐπανήκειν
3468 2938 3604 3008 πρὸς

2038 3028 2231 3096 αὐτήν.
2267 3027 2331 3080 Οἱ
2366 3026 2463 3095 μὲν
2510 3021 2604 3079 οὖν
2642 3026 2899 3095 πρέσϐεις
2944 3026 3166 3079 τοιαῦτα
3218 3029 3605 3098 διενεχθέντες,

2042 3119 2346 3188 συνέϐησαν
2405 3114 2562 3182 αὖθις
2605 3119 2741 3187 πρὸς
2790 3118 3075 3187 ἀλλήλους,
3126 3119 3222 3172 καὶ
3274 3119 3304 3172 ὁ
3352 3121 3608 3190 βασιλεὺς

361 3201 454 3256 sia:
484 3204 819 3271 moderetur,
844 3224 941 3276 pro
970 3226 1075 3279 qua
1100 3212 1215 3279 ipse
1247 3223 1493 3269 nostrum
1520 3216 1715 3272 similis
1735 3217 1931 3284 factus,

2043 3212 2264 3271 ἐκέλευε
2296 3212 2386 3264 τὸν
2417 3211 2514 3281 τῆς
2557 3209 2888 3279 Ἐκκλησίας
2939 3211 3382 3281 ὑπογραμματέα
3420 3201 3608 3267 πάντα

362 3304 416 3346 et
471 3294 765 3350 humanam
808 3298 1234 3357 imbecillitatem
1298 3306 1545 3372 indutus,
1607 3309 1929 3377 sanguinem

362 3401 519 3439 suum
552 3386 711 3450 fudit,
733 3401 901 3459 atque
928 3392 1001 3445 ita
1028 3409 1189 3462 quem
1219 3397 1330 3463 ipse
1360 3399 1706 3463 revclaverit,
1725 3400 1930 3470 legant,

365 3476 646 3545 tribusque
674 3482 989 3549 propositis,
1017 3485 1109 3553 qui
1134 3487 1187 3540 in
1218 3488 1411 3558 primis
1439 3490 1588 3561 digni
1620 3492 1931 3559 videantur,

367 3567 682 3636 imperatori
729 3573 892 3628 unius
919 3575 1245 3633 electionem
1291 3583 1621 3648 concedant,
1660 3600 1936 3654 quemque

366 3657 483 3725 ipse
511 3661 756 3731 elegerit,
796 3666 939 3719 hunc
975 3666 1230 3724 Ecclesia:
1277 3681 1552 3740 pastorem
1583 3674 1791 3744 creent)
1833 3690 1938 3729 nec

366 3752 481 3819 ipse
519 3750 785 3833 hactenus
816 3758 1041 3825 nescivi,
1065 3769 1114 3813 et
1145 3763 1345 3831 cuique
1374 3773 1613 3819 vestrum
1654 3781 1781 3821 reor
1816 3782 1938 3822 esse

368 3844 890 3911 perspectissimum.
927 3847 1393 3914 Quemadmodum
1439 3870 1570 3909 vero
1609 3855 1662 3908 in
1709 3856 1938 3924 reliquis

300 4006 305 4007 γ
368 3935 606 4000 peceatis
635 3946 777 3991 amat
805 3942 1144 4011 contingere,
1183 3952 1243 3996 ut
1283 3945 1533 4012 quamvis
1569 3931 1667 4000 nos
1713 3950 1939 4016 peccare

370 4042 476 4078 non
509 4029 842 4094 nesciamus,
877 4041 1057 4087 tamen
1086 4033 1284 4089 vitiosa
1323 4035 1473 4089 ducti
1515 4038 1938 4104 consuetudine,

369 4126 462 4171 aut
495 4118 866 4175 blandimento
896 4125 1191 4192 voluptatis
1218 4126 1455 4195 decepti,
1491 4137 1684 4194 Sponte
1718 4130 1770 4184 in
1802 4131 1939 4184 mala

369 4210 794 4280 praecipitamus,
839 4224 897 4269 et
930 4214 1312 4273 aﬂ'ectionibus
1365 4218 1642 4291 illaudatis
1674 4238 1774 4277 nos
1811 4225 1941 4278 sub—

367 4300 619 4367 jiciamus
652 4319 665 4356 :
696 4303 775 4358 sic
805 4304 966 4359 etiam
1020 4307 1074 4360 in
1106 4307 1376 4378 episcopis
1425 4311 1689 4382 eligendis
1725 4330 1823 4368 usu
1851 4330 1941 4369 ve-

373 4390 470 4463 nit.
517 4388 653 4444 Cum
703 4409 940 4462 namque
979 4398 1236 4465 Sciamus,
1279 4401 1431 4456 nefas
1462 4398 1617 4465 esse,
1653 4418 1753 4457 nos
1787 4405 1943 4473 prius

371 4481 511 4548 apud
556 4483 797 4537 animum
830 4484 1148 4549 decernere.
1182 4492 1268 4544 cui
1305 4493 1536 4549 velimus
1564 4495 1820 4549 Ecclesia:
1854 4511 1939 4549 ra-

2038 3304 2294 3374 γράφειν,
2346 3302 2435 3356 ἵνα
2475 3305 2548 3372 μή
2586 3320 2667 3363 τις
2776 3304 2904 3371 περὶ
2947 3302 3015 3354 τὰ
3048 3303 3319 3372 εἰρημένα
3376 3303 3612 3374 ὕστερον

2036 3394 2362 3464 ἀμφιϐολία,
2397 3395 2451 3449 εῐ
2471 3411 2600 3447 ποτε
2631 3394 2848 3464 δεηθείη
2886 3393 3207 3458 ἐξετάσεως.
3260 3395 3416 3450 Μετά
3447 3395 3612 3451 τοῦτο

2033 3488 2089 3541 δὲ
2116 3489 2224 3540 τῶν
2260 3487 2563 3558 ἀρχιερέων
2611 3486 2706 3538 ἐπὶ
2756 3486 2815 3539 τὸ
2847 3486 2970 3540 τίνα
3000 3486 3107 3557 χρὴ
3137 3489 3235 3557 τῆς
3278 3489 3613 3561 Ἐκκλησίας

2033 3578 2395 3649 τραπομένων
2452 3578 2738 3648 repeirri»),
2793 3573 2885 3631 οἷα
2941 3578 3006 3646 δὴ
3053 3579 3149 3631 τοῦ
3205 3580 3614 3652 καθεστηκότος

2037 3669 2287 3738 φανερῶς
2318 3667 2725 3740 ἀπειπαμένου,
2762 3670 2858 3721 καὶ
2904 3668 3151 3740 ἀνάίκην
3180 3671 3608 3740 ἑπιτεθεικὸτος,

2036 3758 2178 3812 ὥστε
2202 3757 2458 3828 περὶτῶν
2481 3738 2616 3811 ἴσων
2639 3757 2801 3825 λόγον
2825 3761 2997 3812 κινεῖν
3031 3738 3236 3826 μηδένα
3259 3761 3395 3829 πρὸς
3417 3738 3610 3817 αὐτόνξ

2038 3845 2177 3908 τοὺς
2195 3844 2294 3915 μὲν
2317 3845 2444 3915 περὶ
2473 3846 2572 3913 τὴν
2604 3845 2716 3898 τῶν
2747 3846 3077 3915 ἀρχιερέων,
3098 3842 3251 3898 εἶπεν
3279 3848 3307 3900 ὁ
3336 3848 3612 3917 βασιλεὺς,

2037 3934 2296 4005 ἐπιλογὴν
2343 3937 2495 4005 παρά
2534 3952 2595 4007 τε
2628 3935 2737 3987 τῶν
2787 3935 3020 4001 πρώτων
3048 3938 3147 4006 τῆς
3183 3937 3508 4006 Ἐκκλησίας
3528 3940 3617 3993 διο

2038 4025 2324 4078 δασκάλων
2352 4025 2460 4077 τῶν
2492 4027 2729 4093 Χριστοῦ
2755 4027 3037 4097 μαθητῶν,
3069 4028 3165 4081 καὶ
3194 4029 3303 4094 τῶν
3324 4032 3616 4101 κατ’ῐχνος

2041 4117 2269 4181 ἐκείνοις
2303 4118 2585 4187 ἑπομένων
2608 4118 2766 4172 θείων
2800 4121 3022 4188 πατρῶν
3070 4121 3361 4186 κειμένους
3409 4121 3613 4190 νόμους

2044 4213 2141 4280 (ὡς
2170 4212 2276 4281 χρὴ
2303 4211 2431 4271 τοὺς
2465 4210 2805 4273 ἐπισκόπους
2847 4211 2905 4262 ἐν
2929 4209 3109 4279 ταυτῷ
3144 4210 3491 4279 γενομένους,
3520 4213 3622 4267 καὶ

2040 4306 2138 4374 τὴν
2168 4305 2261 4358 τοῦ
2288 4302 2606 4371 Πνεύματος
2640 4302 2801 4373 χάριν
2851 4302 3058 4357 ἀνωθεν
3089 4301 3618 4372 ἐπικαλεσαμένους,

2047 4395 2184 4461 μετᾶ
2235 4395 2295 4447 τὺ
2348 4394 2569 4456 πολλαῖς
2620 4393 2888 4463 πρότερον
2958 4394 3170 4462 εὐχαῖς,
3226 4393 3324 4446 καὶ
3382 4393 3623 4456 ἱκεσίαις

2043 4470 2392 4546 ἐξιλάσασθαι
2418 4480 2570 4543 Θεδν,
2600 4479 2741 4533 ὥστε
2783 4480 3016 4549 φανερδν
3056 4481 3241 4541 αὐτοῖς
3269 4480 3496 4549 ποιῆσαι
3525 4480 3625 4533 τὸν

374 4560 548 4628 tiones
573 4577 937 4644 committere,
972 4591 1158 4648 postea
1185 4596 1450 4653 nugantes
1466 4596 1672 4654 aperte,
1694 4597 1749 4639 et
1773 4587 1934 4640 Deum

2044 4575 2219 4643 ὀρθῶς
2251 4575 2343 4627 καὶ
2377 4573 2619 4638 δικαίως,
2652 4573 2746 4625 καὶ
2769 4573 2842 4634 ὡς
2872 4573 3108 4639 μάλιστα
3138 4571 3257 4642 Θεῷ
3283 4573 3624 4641 κεχαρισμέ-

374 4665 685 4734 irridentes,
724 4668 907 4724 sinere
940 4686 1038 4725 vos
1070 4688 1361 4742 supernam
1403 4676 1657 4730 invoeare
1694 4678 1942 4745 gratiam,

373 4767 432 4811 ct
474 4772 599 4811 eum
646 4776 746 4816 nos
775 4762 982 4832 legere,
1022 4779 1183 4833 quem
1234 4766 1405 4834 ipsum
1454 4767 1627 4820 multo
1677 4776 1803 4820 ante
1838 4782 1946 4819 non

375 4849 556 4903 verbis
584 4858 819 4916 tantum,
852 4854 943 4907 sed
979 4870 1141 4922 opere
1187 4857 1305 4923 ipso
1352 4855 1577 4925 insuper
1618 4856 1947 4924 legeramus,

378 4938 735 4998 nihilominus
767 4943 930 5006 male,
978 4954 1034 4997 et
1064 4944 1232 4999 stulte
1280 4945 1520 5000 audaces
1559 4962 1769 5007 sumus,
1802 4945 1949 5016 quod

376 5044 483 5083 non
524 5032 699 5086 solum
748 5049 777 5088 a
809 5049 897 5087 me
934 5033 1137 5088 factum
1173 5044 1256 5088 est
1300 5036 1524 5104 saepius,
1583 5037 1680 5092 sed
1714 5046 1770 5091 et
1796 5053 1826 5091 a
1856 5053 1951 5092 su-

378 5117 688 5185 perioribus
714 5119 1086 5175 Romanarum
1121 5122 1568 5189 imperatoribus,
1601 5124 1644 5178 si
1687 5139 1795 5179 non
1836 5141 1954 5179 om-

377 5210 558 5268 nibus.
592 5221 648 5264 at
674 5221 825 5266 certe
858 5212 1127 5281 pluribus.
1157 5213 1356 5267 Verum
1384 5213 1452 5267 de
1486 5214 1594 5268 illis
1630 5214 1702 5268 ob
1731 5215 1952 5285 majori-

380 5301 481 5353 bus
522 5301 761 5355 debitam
808 5306 1171 5357 reverentiam
1215 5305 1347 5358 nihil
1399 5304 1682 5359 sinistrum
1724 5307 1953 5375 loquar;

383 5406 468 5444 me
499 5400 679 5445 autem
723 5408 752 5446 a
789 5395 1111 5463 memetipso
1141 5396 1291 5465 quasi
1324 5396 1578 5451 omnibus
1609 5398 1834 5454 calculis
1867 5397 1956 5453 in-

377 5483 554 5553 juriae,
587 5494 639 5536 et
663 5485 972 5555 iniquitatis
996 5503 1122 5557 erga
1158 5490 1322 5542 Deum
1355 5490 1607 5545 convinci
1650 5492 1755 5545 aio.
1783 5491 1955 5560 859

386 5576 453 5628 Et
479 5568 608 5644 quia
633 5577 825 5632 vitium
849 5595 1030 5633 meum
1060 5582 1275 5651 agnovi,
1308 5598 1504 5651 meque
1529 5584 1644 5652 ipse
1676 5584 1955 5649 damnavi,

385 5674 638 5732 superest
686 5667 790 5722 hoc
836 5682 1027 5733 unum,
1069 5671 1284 5736 Opinor,
1338 5671 1504 5724 Deum
1553 5672 1624 5725 ob
1671 5672 1958 5725 tommissa

387 5751 624 5819 placare,
655 5768 719 5808 ac
750 5754 819 5808 de
857 5765 1052 5810 caetero
1080 5772 1275 5813 cavere
1303 5757 1741 5823 diligentissime,
1791 5774 1858 5812 ne
1905 5758 1957 5810 in

383 5841 576 5898 eadem
605 5846 746 5900 mala
792 5844 1092 5919 incurram,
1125 5851 1227 5905 nisi
1254 5848 1465 5904 ‘morbo
1493 5861 1759 5920 mgrotare
1795 5850 1957 5903 velim

2048 4681 2154 4722 νως
2179 4662 2615 4732 προστησόμενον
2638 4660 2737 4728 τῆς
2754 4661 3081 4730 Ἐκκλησίας
3103 4660 3211 4713 τῶν
3234 4661 3463 4725 πιστῶν,
3478 4661 3625 4732 ὑπὲρ

2048 4748 2113 4824 ἧς
2145 4752 2302 4813 αὐτὸς
2336 4751 2520 4820 ἐξέχεε
2550 4750 2609 4803 τὸ
2659 4745 2798 4820 αἷμα
2830 4751 3120 4819 γενόμενος
3152 4752 3288 4819 ὅπερ
3319 4752 3499 4821 ἡμεῖς,
3527 4753 3629 4806 καὶ

2050 4846 2147 4914 τὴν
2183 4844 2531 4914 ἀνθρωπίνην
2563 4843 2850 4896 ἀσθένειαν
2876 4843 3261 4911 ἐνδεδυμένος,
3291 4842 3465 4906 οὕτως
3504 4845 3631 4898 ἐπι-

2050 4936 2384 5008 ψηφίζεσθαι
2405 4936 2465 4989 ὃν
2499 4935 2564 4989 ἂν
2586 4935 2747 4997 αὐτὸς
2774 4934 3159 5007 ἀποκαλύπτηο
3192 4936 3631 5004 περιστήσαντας

2052 5026 2203 5077 δὲέν
2255 5022 2404 5094 τρισὶ
2459 5025 2571 5085 τοῖς
2628 5023 2864 5092 μάλιστα
2902 5022 3153 5075 δοκοῦσιν
3205 5023 3478 5092 ἀξιόχρεω
3525 5024 3630 5094 τὴν

2065 5118 2323 5186 Ἐψῆφον,
2350 5115 2523 5177 οὕτως
2553 5115 2840 5184 πιτρέπειν
2877 5114 3090 5183 βασιλεῖ
3117 5117 3217 5185 τὴν
3238 5114 3452 5184 αἵρεσιν
3470 5115 3593 5179 ἑνός
3612 5131 3627 5148 ⁸

2054 5205 2113 5259 ὃν
2145 5205 2190 5257 δ’
2214 5205 2279 5257 ἂν
2306 5205 2465 5263 αὐτὸς
2496 5204 2694 5266 ἕλοιτο,
2721 5200 2914 5255 τοῦτον
2941 5202 3366 5256 ἀποδείκνυσθαι
3391 5205 3635 5273 προστᾶ.⁴

2055 5315 2155 5365 την
2189 5298 2287 5365 τῆς
2318 5294 2666 5365 Ἐκκλησίας]
2690 5292 2807 5347 οὗθ’
2848 5295 3012 5356 αὐτὸς
3061 5295 3294 5365 ἠγνόουν
3327 5294 3459 5365 ἀχρι
3497 5294 3595 5349 νῦν
3617 5335 3633 5361 ,

2056 5389 2168 5442 οὔτ’
2205 5389 2358 5457 ὑμῶν
2383 5388 2568 5456 οἴομαι
2602 5387 2792 5440 οὐδένα
2821 5387 2898 5458 μὴ
2930 5386 3474 5455 σαφέσταταςείδέναι
3497 5404 3511 5418 ’
3542 5381 3638 5443 οἷα

2057 5484 2111 5535 δέ
2160 5482 2254 5534 καὶ
2305 5482 2398 5533 ἐπὶ
2449 5479 2560 5531 τῶν
2603 5478 2804 5533 λοιπῶν
2840 5481 3262 5549 ἁμαρτημάτων
3318 5479 3465 5547 φιλεῖ
3498 5496 3640 5550 συμ-

2060 5574 2289 5636 ϐαίνειν,
2331 5573 2414 5624 ὅτι
2443 5572 2627 5623 καίτοι
2661 5571 2735 5640 μὴ
2759 5570 3086 5637 ἀγνοοῦντες
3109 5572 3190 5623 ὅτι
3217 5572 3638 5641 ἁμαρτάνομεν,

2061 5666 2210 5733 ὅμως
2242 5665 2345 5715 ὑπὸ
2378 5666 2621 5733 πονηρᾶς
2655 5665 2917 5733 ἀγόμενοι
2967 5663 3278 5733 συνηθείας,
3317 5664 3350 5733 ἢ
3392 5665 3469 5734 τῷ
3505 5665 3639 5737 λείῳ

2063 5759 2160 5826 τῆς
2213 5756 2405 5825 ἡδονῆς
2454 5753 2874 5824 ἐξαπατώμενοι
2919 5755 3324 5825 περιπίπτομεν
3372 5757 3642 5820 ἑκουσίως

2065 5850 2174 5911 τοῖς
2201 5847 2413 5910 κακοῖς,
2447 5848 2539 5899 καὶ
2563 5848 2674 5910 τοῖς
2700 5847 2930 5917 φαύλοις
2966 5845 3168 5900 πάθεσι
3195 5844 3643 5914 καταδουλοῦμεν
