  <div class='ocr_page' id='page_1' title='image "/cluster/home/n/w/nwhite01/storage/ocr_20150623/154:no.2/coo.31924054870591/151.png"; bbox 0 0 4056 6520; ppageno 0'>
   <div class='ocr_carea' id='block_1_1' title="bbox 342 443 3622 528">
    <p class='ocr_par' dir='ltr' id='par_1_1' title="bbox 342 443 3622 528">
     <span class='ocr_line' id='line_1_1' title="bbox 342 443 3622 528; baseline -0.001 -4"><span class='ocrx_word' id='word_1_1' title='bbox 342 464 446 527; x_wconf 76' lang='lat'><strong>287</strong></span> <span class='ocrx_word' id='word_1_2' title='bbox 1551 463 1875 525; x_wconf 69' lang='lat' dir='ltr'><strong>Jomms</strong></span> <span class='ocrx_word' id='word_1_3' title='bbox 1908 443 2436 528; x_wconf 72' lang='lat' dir='ltr'><strong>CANTACUZENI</strong></span> <span class='ocrx_word' id='word_1_4' title='bbox 3137 526 3147 528; x_wconf 28' lang='grc' dir='ltr'><strong>μ</strong></span> <span class='ocrx_word' id='word_1_5' title='bbox 3507 462 3622 523; x_wconf 57' lang='grc' dir='ltr'><strong>εει</strong></span> 
     </span>
    </p>
   </div>
   <div class='ocr_carea' id='block_1_2' title="bbox 343 574 1958 651">
    <p class='ocr_par' dir='ltr' id='par_1_2' title="bbox 343 574 1958 647">
     <span class='ocr_line' id='line_1_2' title="bbox 343 574 1958 647; baseline -0.002 -16"><span class='ocrx_word' id='word_1_6' title='bbox 343 575 568 631; x_wconf 84' lang='lat' dir='ltr'><strong>chernis</strong></span> <span class='ocrx_word' id='word_1_7' title='bbox 619 590 649 630; x_wconf 90' lang='lat' dir='ltr'><strong>a</strong></span> <span class='ocrx_word' id='word_1_8' title='bbox 702 574 995 630; x_wconf 84' lang='lat' dir='ltr'><strong>Philotbeo</strong></span> <span class='ocrx_word' id='word_1_9' title='bbox 1057 574 1369 645; x_wconf 73' lang='lat' dir='ltr'><strong>patriarcha</strong></span> <span class='ocrx_word' id='word_1_10' title='bbox 1429 586 1487 632; x_wconf 93' lang='lat' dir='ltr'><strong>et</strong></span> <span class='ocrx_word' id='word_1_11' title='bbox 1547 587 1722 647; x_wconf 87' lang='lat' dir='ltr'><strong>patre,</strong></span> <span class='ocrx_word' id='word_1_12' title='bbox 1775 590 1958 636; x_wconf 36' lang='lat' dir='ltr'><strong>nmre,</strong></span> 
     </span>
    </p>
   </div>
   <div class='ocr_carea' id='block_1_3' title="bbox 2061 574 3624 651">
    <p class='ocr_par' dir='ltr' id='par_1_3' title="bbox 2064 576 3624 651">
     <span class='ocr_line' id='line_1_3' title="bbox 2064 576 3624 651; baseline -0.001 -21"><span class='ocrx_word' id='word_1_13' title='bbox 2064 582 2209 651; x_wconf 85' lang='grc' dir='ltr'>ύγῳ,</span> <span class='ocrx_word' id='word_1_14' title='bbox 2241 580 2385 634; x_wconf 76' lang='grc' dir='ltr'>κατὰ</span> <span class='ocrx_word' id='word_1_15' title='bbox 2415 578 2509 632; x_wconf 77' lang='grc' dir='ltr'>τὸν</span> <span class='ocrx_word' id='word_1_16' title='bbox 2539 578 2597 632; x_wconf 72' lang='grc' dir='ltr'>ἐν</span> <span class='ocrx_word' id='word_1_17' title='bbox 2628 577 2967 647; x_wconf 83' lang='grc' dir='ltr'>Βλαχέρναις</span> <span class='ocrx_word' id='word_1_18' title='bbox 2998 576 3098 646; x_wconf 82' lang='grc' dir='ltr'>τῆς</span> <span class='ocrx_word' id='word_1_19' title='bbox 3113 576 3462 646; x_wconf 79' lang='grc' dir='ltr'>Θεομὴτορος</span> <span class='ocrx_word' id='word_1_20' title='bbox 3493 577 3624 629; x_wconf 64' lang='grc' dir='ltr'>ναὸν</span> 
     </span>
    </p>
   </div>
   <div class='ocr_carea' id='block_1_4' title="bbox 344 667 1958 741">
    <p class='ocr_par' dir='ltr' id='par_1_4' title="bbox 344 667 1926 737">
     <span class='ocr_line' id='line_1_4' title="bbox 344 667 1926 737; baseline -0.001 -15"><span class='ocrx_word' id='word_1_21' title='bbox 344 669 575 736; x_wconf 91' lang='lat' dir='ltr'><strong>antiquo</strong></span> <span class='ocrx_word' id='word_1_22' title='bbox 603 676 903 721; x_wconf 75' lang='lat' dir='ltr'><strong>coronatus</strong></span> <span class='ocrx_word' id='word_1_23' title='bbox 933 676 1039 730; x_wconf 86' lang='lat' dir='ltr'><strong>est,</strong></span> <span class='ocrx_word' id='word_1_24' title='bbox 1065 667 1159 735; x_wconf 91' lang='lat' dir='ltr'><strong>qui</strong></span> <span class='ocrx_word' id='word_1_25' title='bbox 1203 667 1459 721; x_wconf 79' lang='lat' dir='ltr'><strong>similiter</strong></span> <span class='ocrx_word' id='word_1_26' title='bbox 1487 682 1587 737; x_wconf 91' lang='lat' dir='ltr'><strong>pro</strong></span> <span class='ocrx_word' id='word_1_27' title='bbox 1613 683 1766 723; x_wconf 88' lang='lat' dir='ltr'><strong>more</strong></span> <span class='ocrx_word' id='word_1_28' title='bbox 1792 682 1926 721; x_wconf 83' lang='lat' dir='ltr'><strong>con-</strong></span> 
     </span>
    </p>
   </div>
   <div class='ocr_carea' id='block_1_5' title="bbox 2061 667 3625 741">
    <p class='ocr_par' dir='ltr' id='par_1_5' title="bbox 2061 669 3625 741">
     <span class='ocr_line' id='line_1_5' title="bbox 2061 669 3625 741; baseline -0.003 -15"><span class='ocrx_word' id='word_1_29' title='bbox 2061 673 2286 741; x_wconf 75' lang='grc' dir='ltr'>στέφετο</span> <span class='ocrx_word' id='word_1_30' title='bbox 2317 674 2459 725; x_wconf 77' lang='grc' dir='ltr'>κατὰ</span> <span class='ocrx_word' id='word_1_31' title='bbox 2489 671 2549 723; x_wconf 81' lang='grc' dir='ltr'><strong>τὸ</strong></span> <span class='ocrx_word' id='word_1_32' title='bbox 2581 671 2702 733; x_wconf 75' lang='grc' dir='ltr'>ἔθος</span> <span class='ocrx_word' id='word_1_33' title='bbox 2734 670 2840 723; x_wconf 71' lang='grc' dir='ltr'><strong>ὑπδ</strong></span> <span class='ocrx_word' id='word_1_34' title='bbox 2867 669 3131 723; x_wconf 77' lang='grc' dir='ltr'>Φιλοθέου</span> <span class='ocrx_word' id='word_1_35' title='bbox 3150 669 3246 722; x_wconf 86' lang='grc' dir='ltr'><strong>τοῦ</strong></span> <span class='ocrx_word' id='word_1_36' title='bbox 3279 670 3625 739; x_wconf 72' lang='grc' dir='ltr'><strong>πατριάρχου</strong></span> 
     </span>
    </p>
   </div>
   <div class='ocr_carea' id='block_1_6' title="bbox 340 759 1928 831">
    <p class='ocr_par' dir='ltr' id='par_1_6' title="bbox 340 759 1928 831">
     <span class='ocr_line' id='line_1_6' title="bbox 340 759 1928 831; baseline 0.001 -18"><span class='ocrx_word' id='word_1_37' title='bbox 340 761 525 829; x_wconf 79' lang='lat' dir='ltr'><strong>jugem</strong></span> <span class='ocrx_word' id='word_1_38' title='bbox 556 762 862 815; x_wconf 79' lang='lat' dir='ltr'><strong>coronavit.</strong></span> <span class='ocrx_word' id='word_1_39' title='bbox 902 759 1024 815; x_wconf 72' lang='lat' dir='ltr'><strong>lltec</strong></span> <span class='ocrx_word' id='word_1_40' title='bbox 1058 760 1324 830; x_wconf 74' lang='lat' dir='ltr'><strong>Byzantii.</strong></span> <span class='ocrx_word' id='word_1_41' title='bbox 1370 760 1702 831; x_wconf 66' lang='lat' dir='ltr'><strong>Palaaologus</strong></span> <span class='ocrx_word' id='word_1_42' title='bbox 1737 760 1928 831; x_wconf 79' lang='lat' dir='ltr'><strong>junior</strong></span> 
     </span>
    </p>
   </div>
   <div class='ocr_carea' id='block_1_7' title="bbox 349 850 1929 921">
    <p class='ocr_par' dir='ltr' id='par_1_7' title="bbox 349 850 1929 921">
     <span class='ocr_line' id='line_1_7' title="bbox 349 850 1929 921; baseline 0.003 -17"><span class='ocrx_word' id='word_1_43' title='bbox 349 853 651 921; x_wconf 73' lang='lat' dir='ltr'><strong>imperator</strong></span> <span class='ocrx_word' id='word_1_44' title='bbox 685 860 807 905; x_wconf 83' lang='lat' dir='ltr'><strong>erat</strong></span> <span class='ocrx_word' id='word_1_45' title='bbox 840 850 1253 907; x_wconf 73' lang='lat' dir='ltr'><strong>Thessalonica:</strong></span> <span class='ocrx_word' id='word_1_46' title='bbox 1284 867 1409 905; x_wconf 87' lang='lat' dir='ltr'><strong>cum</strong></span> <span class='ocrx_word' id='word_1_47' title='bbox 1456 861 1631 906; x_wconf 88' lang='lat' dir='ltr'><strong>matre</strong></span> <span class='ocrx_word' id='word_1_48' title='bbox 1664 861 1719 907; x_wconf 84' lang='lat' dir='ltr'><strong>et</strong></span> <span class='ocrx_word' id='word_1_49' title='bbox 1755 868 1929 908; x_wconf 81' lang='lat' dir='ltr'><strong>uxore</strong></span> 
     </span>
    </p>
   </div>
   <div class='ocr_carea' id='block_1_8' title="bbox 350 943 1925 1014">
    <p class='ocr_par' dir='ltr' id='par_1_8' title="bbox 350 943 1925 1014">
     <span class='ocr_line' id='line_1_8' title="bbox 350 943 1925 1014; baseline 0 -16"><span class='ocrx_word' id='word_1_50' title='bbox 350 944 839 1013; x_wconf 87' lang='lat' dir='ltr'><strong>imperatricibus.</strong></span> <span class='ocrx_word' id='word_1_51' title='bbox 909 945 1240 1014; x_wconf 91' lang='lat' dir='ltr'><strong>tenebatque</strong></span> <span class='ocrx_word' id='word_1_52' title='bbox 1294 943 1579 998; x_wconf 85' lang='lat' dir='ltr'><strong>Tenedum</strong></span> <span class='ocrx_word' id='word_1_53' title='bbox 1641 944 1925 1010; x_wconf 86' lang='lat' dir='ltr'><strong>insulam,</strong></span> 
     </span>
    </p>
   </div>
   <div class='ocr_carea' id='block_1_9' title="bbox 351 1034 1926 1104">
    <p class='ocr_par' dir='ltr' id='par_1_9' title="bbox 351 1034 1926 1104">
     <span class='ocr_line' id='line_1_9' title="bbox 351 1034 1926 1104; baseline 0.001 -15"><span class='ocrx_word' id='word_1_54' title='bbox 351 1036 610 1101; x_wconf 64' lang='lat' dir='ltr'><strong>prarfecto</strong></span> <span class='ocrx_word' id='word_1_55' title='bbox 673 1035 748 1089; x_wconf 88' lang='lat' dir='ltr'><strong>ibi</strong></span> <span class='ocrx_word' id='word_1_56' title='bbox 801 1035 994 1090; x_wconf 88' lang='lat' dir='ltr'><strong>relicto</strong></span> <span class='ocrx_word' id='word_1_57' title='bbox 1041 1035 1281 1104; x_wconf 78' lang='lat' dir='ltr'><strong>quodam</strong></span> <span class='ocrx_word' id='word_1_58' title='bbox 1340 1034 1573 1089; x_wconf 80' lang='lat' dir='ltr'><strong>Martino</strong></span> <span class='ocrx_word' id='word_1_59' title='bbox 1613 1035 1749 1090; x_wconf 80' lang='lat' dir='ltr'><strong>Italo</strong></span> <span class='ocrx_word' id='word_1_60' title='bbox 1799 1051 1926 1090; x_wconf 90' lang='lat' dir='ltr'><strong>cum</strong></span> 
     </span>
    </p>
   </div>
   <div class='ocr_carea' id='block_1_10' title="bbox 351 1126 1932 1197">
    <p class='ocr_par' dir='ltr' id='par_1_10' title="bbox 351 1126 1932 1197">
     <span class='ocr_line' id='line_1_10' title="bbox 351 1126 1932 1197; baseline 0.001 -15"><span class='ocrx_word' id='word_1_61' title='bbox 351 1128 801 1183; x_wconf 86' lang='lat' dir='ltr'><strong>Thessalonicam</strong></span> <span class='ocrx_word' id='word_1_62' title='bbox 847 1126 1177 1190; x_wconf 78' lang='lat' dir='ltr'><strong>discederet,</strong></span> <span class='ocrx_word' id='word_1_63' title='bbox 1215 1127 1306 1182; x_wconf 90' lang='lat' dir='ltr'><strong>ubi</strong></span> <span class='ocrx_word' id='word_1_64' title='bbox 1357 1128 1500 1197; x_wconf 86' lang='lat' dir='ltr'><strong>apud</strong></span> <span class='ocrx_word' id='word_1_65' title='bbox 1551 1144 1676 1183; x_wconf 89' lang='lat' dir='ltr'><strong>cum</strong></span> <span class='ocrx_word' id='word_1_66' title='bbox 1723 1130 1818 1183; x_wconf 86' lang='lat' dir='ltr'><strong>ditt</strong></span> <span class='ocrx_word' id='word_1_67' title='bbox 1850 1129 1932 1183; x_wconf 81' lang='lat' dir='ltr'><strong>di-</strong></span> 
     </span>
    </p>
   </div>
   <div class='ocr_carea' id='block_1_11' title="bbox 353 1219 1934 1292">
    <p class='ocr_par' dir='ltr' id='par_1_11' title="bbox 353 1219 1934 1292">
     <span class='ocr_line' id='line_1_11' title="bbox 353 1219 1934 1292; baseline 0.006 -24"><span class='ocrx_word' id='word_1_68' title='bbox 353 1231 605 1275; x_wconf 85' lang='lat' dir='ltr'><strong>versatus</strong></span> <span class='ocrx_word' id='word_1_69' title='bbox 636 1231 722 1275; x_wconf 87' lang='lat' dir='ltr'><strong>est</strong></span> <span class='ocrx_word' id='word_1_70' title='bbox 755 1219 1036 1275; x_wconf 83' lang='lat' dir='ltr'><strong>Tenedius</strong></span> <span class='ocrx_word' id='word_1_71' title='bbox 1073 1221 1324 1290; x_wconf 87' lang='lat' dir='ltr'><strong>quidam.</strong></span> <span class='ocrx_word' id='word_1_72' title='bbox 1371 1221 1538 1277; x_wconf 89' lang='lat' dir='ltr'><strong>homo</strong></span> <span class='ocrx_word' id='word_1_73' title='bbox 1576 1223 1934 1292; x_wconf 83' lang='lat' dir='ltr'><strong>Opuleutissi-</strong></span> 
     </span>
    </p>
   </div>
   <div class='ocr_carea' id='block_1_12' title="bbox 354 1312 1931 1384">
    <p class='ocr_par' dir='ltr' id='par_1_12' title="bbox 354 1312 1931 1384">
     <span class='ocr_line' id='line_1_12' title="bbox 354 1312 1931 1384; baseline 0.002 -17"><span class='ocrx_word' id='word_1_74' title='bbox 354 1330 499 1378; x_wconf 90' lang='lat' dir='ltr'><strong>mus,</strong></span> <span class='ocrx_word' id='word_1_75' title='bbox 532 1313 905 1384; x_wconf 78' lang='lat' dir='ltr'><strong>Pergamenus</strong></span> <span class='ocrx_word' id='word_1_76' title='bbox 942 1313 1206 1379; x_wconf 51' lang='lat' dir='ltr'><strong>vnominc,</strong></span> <span class='ocrx_word' id='word_1_77' title='bbox 1257 1312 1351 1382; x_wconf 90' lang='lat' dir='ltr'><strong>qui</strong></span> <span class='ocrx_word' id='word_1_78' title='bbox 1411 1327 1599 1384; x_wconf 74' lang='lat' dir='ltr'><strong>pcatea</strong></span> <span class='ocrx_word' id='word_1_79' title='bbox 1648 1313 1931 1370; x_wconf 86' lang='lat' dir='ltr'><strong>Tenedum</strong></span> 
     </span>
    </p>
   </div>
   <div class='ocr_carea' id='block_1_13' title="bbox 354 1399 1935 1476">
    <p class='ocr_par' dir='ltr' id='par_1_13' title="bbox 354 1399 1935 1476">
     <span class='ocr_line' id='line_1_13' title="bbox 354 1399 1935 1476; baseline 0.001 -16"><span class='ocrx_word' id='word_1_80' title='bbox 354 1399 747 1462; x_wconf 80' lang='lat' dir='ltr'><strong>Thessalonica</strong></span> <span class='ocrx_word' id='word_1_81' title='bbox 812 1405 1049 1476; x_wconf 73' lang='lat' dir='ltr'><strong>fugiens.</strong></span> <span class='ocrx_word' id='word_1_82' title='bbox 1114 1405 1328 1459; x_wconf 72' lang='lat' dir='ltr'><strong>caeteris</strong></span> <span class='ocrx_word' id='word_1_83' title='bbox 1382 1421 1605 1475; x_wconf 89' lang='lat' dir='ltr'><strong>quoque</strong></span> <span class='ocrx_word' id='word_1_84' title='bbox 1664 1407 1935 1463; x_wconf 90' lang='lat' dir='ltr'><strong>insulanis</strong></span> 
     </span>
    </p>
   </div>
   <div class='ocr_carea' id='block_1_14' title="bbox 353 1495 1935 1564">
    <p class='ocr_par' dir='ltr' id='par_1_14' title="bbox 353 1495 1935 1564">
     <span class='ocr_line' id='line_1_14' title="bbox 353 1495 1935 1564; baseline 0.003 -16"><span class='ocrx_word' id='word_1_85' title='bbox 353 1496 646 1563; x_wconf 83' lang='lat' dir='ltr'><strong>persuasit.</strong></span> <span class='ocrx_word' id='word_1_86' title='bbox 679 1505 790 1549; x_wconf 91' lang='lat' dir='ltr'><strong>uta</strong></span> <span class='ocrx_word' id='word_1_87' title='bbox 819 1495 1041 1564; x_wconf 87' lang='lat' dir='ltr'><strong>juniore</strong></span> <span class='ocrx_word' id='word_1_88' title='bbox 1071 1495 1407 1564; x_wconf 82' lang='lat' dir='ltr'><strong>imperatore</strong></span> <span class='ocrx_word' id='word_1_89' title='bbox 1436 1495 1826 1553; x_wconf 86' lang='lat' dir='ltr'><strong>desciscerent.</strong></span> <span class='ocrx_word' id='word_1_90' title='bbox 1858 1498 1935 1554; x_wconf 90' lang='lat' dir='ltr'><strong>lta</strong></span> 
     </span>
    </p>
   </div>
   <div class='ocr_carea' id='block_1_15' title="bbox 353 1586 1935 1659">
    <p class='ocr_par' dir='ltr' id='par_1_15' title="bbox 353 1586 1935 1659">
     <span class='ocr_line' id='line_1_15' title="bbox 353 1586 1935 1659; baseline 0 -18"><span class='ocrx_word' id='word_1_91' title='bbox 353 1589 582 1657; x_wconf 78' lang='lat' dir='ltr'><strong>expulso</strong></span> <span class='ocrx_word' id='word_1_92' title='bbox 616 1599 868 1657; x_wconf 72' lang='lat' dir='ltr'><strong>prauorc,</strong></span> <span class='ocrx_word' id='word_1_93' title='bbox 901 1602 1062 1657; x_wconf 88' lang='lat' dir='ltr'><strong>quem</strong></span> <span class='ocrx_word' id='word_1_94' title='bbox 1107 1587 1197 1640; x_wconf 87' lang='lat' dir='ltr'><strong>ille</strong></span> <span class='ocrx_word' id='word_1_95' title='bbox 1232 1586 1618 1653; x_wconf 69' lang='lat' dir='ltr'><strong>consrituerat,</strong></span> <span class='ocrx_word' id='word_1_96' title='bbox 1648 1590 1762 1643; x_wconf 86' lang='lat' dir='ltr'><strong>suis</strong></span> <span class='ocrx_word' id='word_1_97' title='bbox 1793 1605 1935 1659; x_wconf 89' lang='lat' dir='ltr'><strong>quo-</strong></span> 
     </span>
    </p>
   </div>
   <div class='ocr_carea' id='block_1_16' title="bbox 354 1677 1937 1748">
    <p class='ocr_par' dir='ltr' id='par_1_16' title="bbox 354 1677 1937 1748">
     <span class='ocr_line' id='line_1_16' title="bbox 354 1677 1937 1748; baseline 0 -16"><span class='ocrx_word' id='word_1_98' title='bbox 354 1678 648 1732; x_wconf 90' lang='lat' dir='ltr'><strong>dammodo</strong></span> <span class='ocrx_word' id='word_1_99' title='bbox 680 1677 895 1748; x_wconf 66' lang='lat' dir='ltr'><strong>legibus</strong></span> <span class='ocrx_word' id='word_1_100' title='bbox 938 1677 1220 1734; x_wconf 77' lang='lat' dir='ltr'><strong>vivebant.</strong></span> <span class='ocrx_word' id='word_1_101' title='bbox 1275 1677 1570 1748; x_wconf 89' lang='lat' dir='ltr'><strong>Comperta</strong></span> <span class='ocrx_word' id='word_1_102' title='bbox 1627 1678 1937 1733; x_wconf 81' lang='lat' dir='ltr'><strong>defectione</strong></span> 
     </span>
    </p>
   </div>
   <div class='ocr_carea' id='block_1_17' title="bbox 356 1769 1941 1840">
    <p class='ocr_par' dir='ltr' id='par_1_17' title="bbox 356 1769 1941 1840">
     <span class='ocr_line' id='line_1_17' title="bbox 356 1769 1941 1840; baseline 0.001 -17"><span class='ocrx_word' id='word_1_103' title='bbox 356 1769 657 1840; x_wconf 87' lang='lat' dir='ltr'><strong>imperator</strong></span> <span class='ocrx_word' id='word_1_104' title='bbox 679 1769 891 1839; x_wconf 89' lang='lat' dir='ltr'><strong>junior,</strong></span> <span class='ocrx_word' id='word_1_105' title='bbox 944 1771 1236 1824; x_wconf 85' lang='lat' dir='ltr'><strong>instructis</strong></span> <span class='ocrx_word' id='word_1_106' title='bbox 1280 1770 1604 1825; x_wconf 85' lang='lat' dir='ltr'><strong>triremibus</strong></span> <span class='ocrx_word' id='word_1_107' title='bbox 1648 1771 1941 1825; x_wconf 76' lang='lat' dir='ltr'><strong>Thessalo-</strong></span> 
     </span>
    </p>
   </div>
   <div class='ocr_carea' id='block_1_18' title="bbox 354 1860 1936 1934">
    <p class='ocr_par' dir='ltr' id='par_1_18' title="bbox 354 1860 1936 1934">
     <span class='ocr_line' id='line_1_18' title="bbox 354 1860 1936 1934; baseline 0.003 -20"><span class='ocrx_word' id='word_1_108' title='bbox 354 1862 479 1915; x_wconf 86' lang='lat' dir='ltr'><strong>nica</strong></span> <span class='ocrx_word' id='word_1_109' title='bbox 516 1860 570 1914; x_wconf 90' lang='lat' dir='ltr'><strong>in</strong></span> <span class='ocrx_word' id='word_1_110' title='bbox 602 1860 875 1915; x_wconf 78' lang='lat' dir='ltr'><strong>&#39;l&#39;euedios</strong></span> <span class='ocrx_word' id='word_1_111' title='bbox 907 1861 1157 1931; x_wconf 79' lang='lat' dir='ltr'><strong>navigat;</strong></span> <span class='ocrx_word' id='word_1_112' title='bbox 1193 1860 1701 1934; x_wconf 73' lang='lat' dir='ltr'><strong>Tenediiprompte</strong></span> <span class='ocrx_word' id='word_1_113' title='bbox 1734 1864 1936 1933; x_wconf 82' lang='lat' dir='ltr'><strong>Perga-</strong></span> 
     </span>
    </p>
   </div>
   <div class='ocr_carea' id='block_1_19' title="bbox 2028 760 3627 834">
    <p class='ocr_par' dir='ltr' id='par_1_19' title="bbox 2028 760 3627 834">
     <span class='ocr_line' id='line_1_19' title="bbox 2028 760 3627 834; baseline -0.003 -15"><span class='ocrx_word' id='word_1_114' title='bbox 2028 764 2125 819; x_wconf 73' lang='grc' dir='ltr'><strong>καὶ</strong></span> <span class='ocrx_word' id='word_1_115' title='bbox 2155 764 2420 834; x_wconf 84' lang='grc' dir='ltr'>βασιλέως</span> <span class='ocrx_word' id='word_1_116' title='bbox 2446 762 2540 817; x_wconf 89' lang='grc' dir='ltr'><strong>τοῦ</strong></span> <span class='ocrx_word' id='word_1_117' title='bbox 2573 763 2781 833; x_wconf 77' lang='grc' dir='ltr'>πατρός</span> <span class='ocrx_word' id='word_1_118' title='bbox 2801 780 2815 793; x_wconf 86' lang='grc'><strong>·</strong></span> <span class='ocrx_word' id='word_1_119' title='bbox 2849 761 3042 829; x_wconf 79' lang='grc' dir='ltr'><strong>ἔστεφε</strong></span> <span class='ocrx_word' id='word_1_120' title='bbox 3075 762 3130 814; x_wconf 84' lang='grc' dir='ltr'>δὲ</span> <span class='ocrx_word' id='word_1_121' title='bbox 3164 761 3258 815; x_wconf 69' lang='grc' dir='ltr'>καὶ</span> <span class='ocrx_word' id='word_1_122' title='bbox 3286 760 3451 823; x_wconf 76' lang='grc' dir='ltr'>αὐτὸς</span> <span class='ocrx_word' id='word_1_123' title='bbox 3482 762 3627 814; x_wconf 78' lang='grc' dir='ltr'>κατὰ</span> 
     </span>
    </p>
   </div>
   <div class='ocr_carea' id='block_1_20' title="bbox 2029 852 3626 925">
    <p class='ocr_par' dir='ltr' id='par_1_20' title="bbox 2029 852 3626 925">
     <span class='ocr_line' id='line_1_20' title="bbox 2029 852 3626 925; baseline -0.004 -15"><span class='ocrx_word' id='word_1_124' title='bbox 2029 857 2091 910; x_wconf 79' lang='grc' dir='ltr'>τὸ</span> <span class='ocrx_word' id='word_1_125' title='bbox 2120 856 2242 919; x_wconf 76' lang='grc' dir='ltr'>ἔθος</span> <span class='ocrx_word' id='word_1_126' title='bbox 2271 858 2374 925; x_wconf 87' lang='grc' dir='ltr'><strong>τὴν</strong></span> <span class='ocrx_word' id='word_1_127' title='bbox 2403 858 2661 924; x_wconf 86' lang='grc' dir='ltr'>γυναῖκα.</span> <span class='ocrx_word' id='word_1_128' title='bbox 2692 853 2931 925; x_wconf 71' lang='grc' dir='ltr'>Τοιαῦτα</span> <span class='ocrx_word' id='word_1_129' title='bbox 2968 855 3069 922; x_wconf 82' lang='grc' dir='ltr'><strong>μὲν</strong></span> <span class='ocrx_word' id='word_1_130' title='bbox 3096 854 3399 924; x_wconf 78' lang='grc' dir='ltr'>ἐπράττετο</span> <span class='ocrx_word' id='word_1_131' title='bbox 3426 854 3484 905; x_wconf 82' lang='grc' dir='ltr'><strong>ὲν</strong></span> <span class='ocrx_word' id='word_1_132' title='bbox 3514 852 3626 904; x_wconf 81' lang='grc' dir='ltr'><strong>Βυ-</strong></span> 
     </span>
    </p>
   </div>
   <div class='ocr_carea' id='block_1_21' title="bbox 2034 939 3630 1017">
    <p class='ocr_par' dir='ltr' id='par_1_21' title="bbox 2034 939 3630 1017">
     <span class='ocr_line' id='line_1_21' title="bbox 2034 939 3630 1017; baseline -0.003 -17"><span class='ocrx_word' id='word_1_133' title='bbox 2034 946 2258 1017; x_wconf 80' lang='grc' dir='ltr'>ζαντίῳ.</span> <span class='ocrx_word' id='word_1_134' title='bbox 2296 946 2663 1015; x_wconf 80' lang='grc' dir='ltr'>Παλαιολόγος</span> <span class='ocrx_word' id='word_1_135' title='bbox 2702 945 2766 1017; x_wconf 77' lang='grc' dir='ltr'>δὴ</span> <span class='ocrx_word' id='word_1_136' title='bbox 2808 948 2837 999; x_wconf 99' lang='lat'><strong>6</strong></span> <span class='ocrx_word' id='word_1_137' title='bbox 2874 946 2994 1007; x_wconf 84' lang='grc' dir='ltr'>νέος</span> <span class='ocrx_word' id='word_1_138' title='bbox 3040 944 3299 1015; x_wconf 84' lang='grc' dir='ltr'>βασιλεὺς</span> <span class='ocrx_word' id='word_1_139' title='bbox 3329 939 3399 1015; x_wconf 81' lang='grc' dir='ltr'><strong>ἦν</strong></span> <span class='ocrx_word' id='word_1_140' title='bbox 3436 943 3535 1013; x_wconf 80' lang='grc' dir='ltr'><strong>μὲν</strong></span> <span class='ocrx_word' id='word_1_141' title='bbox 3569 944 3630 996; x_wconf 81' lang='grc' dir='ltr'><strong>ὲν</strong></span> 
     </span>
    </p>
   </div>
   <div class='ocr_carea' id='block_1_22' title="bbox 2033 1035 3632 1109">
    <p class='ocr_par' dir='ltr' id='par_1_22' title="bbox 2033 1035 3632 1109">
     <span class='ocr_line' id='line_1_22' title="bbox 2033 1035 3632 1109; baseline -0.003 -18"><span class='ocrx_word' id='word_1_142' title='bbox 2033 1038 2401 1109; x_wconf 74' lang='grc' dir='ltr'><strong>Θεσσαλονίκῃ</strong></span> <span class='ocrx_word' id='word_1_143' title='bbox 2451 1038 2589 1107; x_wconf 81' lang='grc' dir='ltr'>μετὰ</span> <span class='ocrx_word' id='word_1_144' title='bbox 2626 1038 2735 1090; x_wconf 85' lang='grc' dir='ltr'>τῶν</span> <span class='ocrx_word' id='word_1_145' title='bbox 2781 1036 3094 1107; x_wconf 76' lang='grc' dir='ltr'><strong>βασιλίδων,</strong></span> <span class='ocrx_word' id='word_1_146' title='bbox 3135 1036 3238 1105; x_wconf 82' lang='grc' dir='ltr'>τῆς</span> <span class='ocrx_word' id='word_1_147' title='bbox 3285 1035 3493 1106; x_wconf 81' lang='grc' dir='ltr'>μητρὸς</span> <span class='ocrx_word' id='word_1_148' title='bbox 3533 1036 3632 1088; x_wconf 72' lang='grc' dir='ltr'>καὶ</span> 
     </span>
    </p>
   </div>
   <div class='ocr_carea' id='block_1_23' title="bbox 2032 1125 3628 1199">
    <p class='ocr_par' dir='ltr' id='par_1_23' title="bbox 2032 1125 3628 1199">
     <span class='ocr_line' id='line_1_23' title="bbox 2032 1125 3628 1199; baseline -0.002 -17"><span class='ocrx_word' id='word_1_149' title='bbox 2032 1130 2317 1197; x_wconf 73' lang='grc' dir='ltr'>γυναικὸς,</span> <span class='ocrx_word' id='word_1_150' title='bbox 2347 1127 2459 1199; x_wconf 78' lang='grc' dir='ltr'>εἶχε</span> <span class='ocrx_word' id='word_1_151' title='bbox 2490 1129 2548 1182; x_wconf 79' lang='grc' dir='ltr'>δὲ</span> <span class='ocrx_word' id='word_1_152' title='bbox 2579 1130 2677 1182; x_wconf 69' lang='grc' dir='ltr'><strong>καὶ</strong></span> <span class='ocrx_word' id='word_1_153' title='bbox 2706 1127 2933 1182; x_wconf 80' lang='grc' dir='ltr'>Τένεδον</span> <span class='ocrx_word' id='word_1_154' title='bbox 2961 1126 3062 1196; x_wconf 74' lang='grc' dir='ltr'><strong>τὴν</strong></span> <span class='ocrx_word' id='word_1_155' title='bbox 3093 1125 3262 1195; x_wconf 81' lang='grc' dir='ltr'>νῆσον</span> <span class='ocrx_word' id='word_1_156' title='bbox 3290 1127 3382 1195; x_wconf 75' lang='grc' dir='ltr'>ὑφ’</span> <span class='ocrx_word' id='word_1_157' title='bbox 3408 1125 3628 1190; x_wconf 69' lang='grc' dir='ltr'>ἑαυτὸν,</span> 
     </span>
    </p>
   </div>
   <div class='ocr_carea' id='block_1_24' title="bbox 2033 1219 3633 1293">
    <p class='ocr_par' dir='ltr' id='par_1_24' title="bbox 2033 1219 3633 1293">
     <span class='ocr_line' id='line_1_24' title="bbox 2033 1219 3633 1293; baseline -0.003 -19"><span class='ocrx_word' id='word_1_158' title='bbox 2033 1224 2282 1290; x_wconf 77' lang='grc' dir='ltr'><strong>ἡγεμόνα</strong></span> <span class='ocrx_word' id='word_1_159' title='bbox 2324 1221 2499 1293; x_wconf 82' lang='grc' dir='ltr'>ταύτῃ</span> <span class='ocrx_word' id='word_1_160' title='bbox 2549 1220 2872 1274; x_wconf 84' lang='grc' dir='ltr'>καταλιπὼν</span> <span class='ocrx_word' id='word_1_161' title='bbox 2932 1219 3136 1273; x_wconf 84' lang='grc' dir='ltr'>Ἰταλόν</span> <span class='ocrx_word' id='word_1_162' title='bbox 3181 1236 3303 1272; x_wconf 85' lang='grc' dir='ltr'>τινα</span> <span class='ocrx_word' id='word_1_163' title='bbox 3348 1220 3633 1288; x_wconf 86' lang='grc' dir='ltr'>Μαρτῖνον</span> 
     </span>
    </p>
   </div>
   <div class='ocr_carea' id='block_1_25' title="bbox 2035 1312 3633 1385">
    <p class='ocr_par' dir='ltr' id='par_1_25' title="bbox 2035 1312 3633 1385">
     <span class='ocr_line' id='line_1_25' title="bbox 2035 1312 3633 1385; baseline -0.003 -17"><span class='ocrx_word' id='word_1_164' title='bbox 2035 1314 2291 1385; x_wconf 75' lang='grc' dir='ltr'><strong>ἀπαίρων</strong></span> <span class='ocrx_word' id='word_1_165' title='bbox 2344 1315 2425 1376; x_wconf 89' lang='grc' dir='ltr'>εἰς</span> <span class='ocrx_word' id='word_1_166' title='bbox 2459 1313 2884 1381; x_wconf 86' lang='grc' dir='ltr'>Θεσσαλονίκην.</span> <span class='ocrx_word' id='word_1_167' title='bbox 2918 1313 3284 1383; x_wconf 69' lang='grc' dir='ltr'>Περγαμηνὸς</span> <span class='ocrx_word' id='word_1_168' title='bbox 3316 1312 3373 1365; x_wconf 84' lang='grc' dir='ltr'><em>δέ</em></span> <span class='ocrx_word' id='word_1_169' title='bbox 3408 1329 3490 1374; x_wconf 86' lang='grc' dir='ltr'><strong>τις</strong></span> <span class='ocrx_word' id='word_1_170' title='bbox 3522 1312 3633 1364; x_wconf 85' lang='grc' dir='ltr'>τῶν</span> 
     </span>
    </p>
   </div>
   <div class='ocr_carea' id='block_1_26' title="bbox 2035 1404 3633 1476">
    <p class='ocr_par' dir='ltr' id='par_1_26' title="bbox 2035 1404 3633 1476">
     <span class='ocr_line' id='line_1_26' title="bbox 2035 1404 3633 1476; baseline -0.003 -15"><span class='ocrx_word' id='word_1_171' title='bbox 2035 1407 2301 1461; x_wconf 81' lang='grc' dir='ltr'><strong>Τενεδίων</strong></span> <span class='ocrx_word' id='word_1_172' title='bbox 2351 1407 2380 1460; x_wconf 89' lang='lat'><strong>6</strong></span> <span class='ocrx_word' id='word_1_173' title='bbox 2430 1407 2667 1476; x_wconf 85' lang='grc' dir='ltr'>μάλιστα</span> <span class='ocrx_word' id='word_1_174' title='bbox 2719 1405 3094 1467; x_wconf 74' lang='grc' dir='ltr'><strong>δυνατώτατος</strong></span> <span class='ocrx_word' id='word_1_175' title='bbox 3147 1404 3206 1457; x_wconf 80' lang='grc' dir='ltr'><strong>ἑν</strong></span> <span class='ocrx_word' id='word_1_176' title='bbox 3256 1404 3633 1474; x_wconf 80' lang='grc' dir='ltr'>Θεσσαλονίκῃ</span> 
     </span>
    </p>
   </div>
   <div class='ocr_carea' id='block_1_27' title="bbox 2039 1495 3637 1569">
    <p class='ocr_par' dir='ltr' id='par_1_27' title="bbox 2039 1495 3637 1569">
     <span class='ocr_line' id='line_1_27' title="bbox 2039 1495 3637 1569; baseline -0.003 -14"><span class='ocrx_word' id='word_1_177' title='bbox 2039 1502 2208 1569; x_wconf 80' lang='grc' dir='ltr'>συνῆν</span> <span class='ocrx_word' id='word_1_178' title='bbox 2251 1498 2330 1568; x_wconf 82' lang='grc' dir='ltr'>τῷ</span> <span class='ocrx_word' id='word_1_179' title='bbox 2383 1500 2490 1569; x_wconf 77' lang='grc' dir='ltr'><strong>νέῳ</strong></span> <span class='ocrx_word' id='word_1_180' title='bbox 2541 1498 2753 1568; x_wconf 80' lang='grc' dir='ltr'>βασιλεῖ</span> <span class='ocrx_word' id='word_1_181' title='bbox 2796 1498 2991 1568; x_wconf 85' lang='grc' dir='ltr'>χρόνον</span> <span class='ocrx_word' id='word_1_182' title='bbox 3037 1497 3139 1550; x_wconf 80' lang='grc' dir='ltr'><strong>οὐκ</strong></span> <span class='ocrx_word' id='word_1_183' title='bbox 3186 1495 3392 1565; x_wconf 81' lang='grc' dir='ltr'>ὀλίγον.</span> <span class='ocrx_word' id='word_1_184' title='bbox 3442 1495 3637 1550; x_wconf 82' lang='grc' dir='ltr'>ἔπειτα</span> 
     </span>
    </p>
   </div>
   <div class='ocr_carea' id='block_1_28' title="bbox 2038 1585 3635 1659">
    <p class='ocr_par' dir='ltr' id='par_1_28' title="bbox 2038 1585 3635 1659">
     <span class='ocr_line' id='line_1_28' title="bbox 2038 1585 3635 1659; baseline -0.004 -15"><span class='ocrx_word' id='word_1_185' title='bbox 2038 1590 2251 1645; x_wconf 67' lang='grc' dir='ltr'>ἐκεῖθεν</span> <span class='ocrx_word' id='word_1_186' title='bbox 2276 1589 2519 1659; x_wconf 69' lang='grc' dir='ltr'>διαδρὰς,</span> <span class='ocrx_word' id='word_1_187' title='bbox 2549 1589 2642 1642; x_wconf 74' lang='grc' dir='ltr'>καὶ</span> <span class='ocrx_word' id='word_1_188' title='bbox 2671 1588 2965 1659; x_wconf 79' lang='grc' dir='ltr'>γενόμενος</span> <span class='ocrx_word' id='word_1_189' title='bbox 2993 1588 3052 1641; x_wconf 70' lang='grc' dir='ltr'>ὲν</span> <span class='ocrx_word' id='word_1_190' title='bbox 3078 1590 3144 1659; x_wconf 81' lang='grc' dir='ltr'>τῇ</span> <span class='ocrx_word' id='word_1_191' title='bbox 3176 1587 3412 1657; x_wconf 73' lang='grc' dir='ltr'>Τενέδῳ,</span> <span class='ocrx_word' id='word_1_192' title='bbox 3442 1585 3635 1639; x_wconf 72' lang='grc' dir='ltr'>ἔπεισε</span> 
     </span>
    </p>
   </div>
   <div class='ocr_carea' id='block_1_29' title="bbox 2040 1677 3639 1749">
    <p class='ocr_par' dir='ltr' id='par_1_29' title="bbox 2040 1677 3639 1749">
     <span class='ocr_line' id='line_1_29' title="bbox 2040 1677 3639 1749; baseline -0.004 -11"><span class='ocrx_word' id='word_1_193' title='bbox 2040 1683 2294 1745; x_wconf 73' lang='grc' dir='ltr'>καὶτοὺς</span> <span class='ocrx_word' id='word_1_194' title='bbox 2334 1681 2530 1743; x_wconf 81' lang='grc' dir='ltr'>ἄλλους</span> <span class='ocrx_word' id='word_1_195' title='bbox 2572 1680 2797 1743; x_wconf 77' lang='grc' dir='ltr'><strong>πολίτας</strong></span> <span class='ocrx_word' id='word_1_196' title='bbox 2837 1680 3143 1749; x_wconf 79' lang='grc' dir='ltr'>ἀποστῆναι</span> <span class='ocrx_word' id='word_1_197' title='bbox 3176 1678 3270 1732; x_wconf 81' lang='grc' dir='ltr'><strong>τοῦ</strong></span> <span class='ocrx_word' id='word_1_198' title='bbox 3318 1679 3439 1731; x_wconf 86' lang='grc' dir='ltr'>νέου</span> <span class='ocrx_word' id='word_1_199' title='bbox 3484 1677 3639 1747; x_wconf 83' lang='grc' dir='ltr'>βασι-</span> 
     </span>
    </p>
   </div>
   <div class='ocr_carea' id='block_1_30' title="bbox 2040 1769 3638 1840">
    <p class='ocr_par' dir='ltr' id='par_1_30' title="bbox 2040 1769 3638 1840">
     <span class='ocr_line' id='line_1_30' title="bbox 2040 1769 3638 1840; baseline -0.004 -11"><span class='ocrx_word' id='word_1_200' title='bbox 2040 1776 2201 1839; x_wconf 78' lang='grc' dir='ltr'>λέως,</span> <span class='ocrx_word' id='word_1_201' title='bbox 2227 1775 2323 1829; x_wconf 77' lang='grc' dir='ltr'><strong>καὶ</strong></span> <span class='ocrx_word' id='word_1_202' title='bbox 2346 1773 2435 1827; x_wconf 71' lang='grc' dir='ltr'><strong>τὸν</strong></span> <span class='ocrx_word' id='word_1_203' title='bbox 2459 1773 2551 1827; x_wconf 84' lang='grc' dir='ltr'>ὑπ’</span> <span class='ocrx_word' id='word_1_204' title='bbox 2574 1772 2788 1825; x_wconf 77' lang='grc' dir='ltr'>ἐκείνου</span> <span class='ocrx_word' id='word_1_205' title='bbox 2816 1770 2967 1840; x_wconf 85' lang='grc' dir='ltr'>σφῶν</span> <span class='ocrx_word' id='word_1_206' title='bbox 2990 1770 3422 1839; x_wconf 71' lang='grc' dir='ltr'><strong>ἐπιτεταγμένον</strong></span> <span class='ocrx_word' id='word_1_207' title='bbox 3443 1769 3638 1840; x_wconf 64' lang='grc' dir='ltr'>ἄρχειν</span> 
     </span>
    </p>
   </div>
   <div class='ocr_carea' id='block_1_31' title="bbox 2043 1863 3638 1935">
    <p class='ocr_par' dir='ltr' id='par_1_31' title="bbox 2043 1863 3638 1935">
     <span class='ocr_line' id='line_1_31' title="bbox 2043 1863 3638 1935; baseline -0.004 -14"><span class='ocrx_word' id='word_1_208' title='bbox 2043 1867 2436 1932; x_wconf 68' lang='grc' dir='ltr'>ἐξελάσαντες,</span> <span class='ocrx_word' id='word_1_209' title='bbox 2471 1864 2662 1933; x_wconf 80' lang='grc' dir='ltr'>ὥσπερ</span> <span class='ocrx_word' id='word_1_210' title='bbox 2698 1864 2992 1935; x_wconf 80' lang='grc' dir='ltr'>αὐτόνομοι</span> <span class='ocrx_word' id='word_1_211' title='bbox 3027 1863 3428 1919; x_wconf 74' lang='grc' dir='ltr'>ἐπολιτεύοντο.</span> <span class='ocrx_word' id='word_1_212' title='bbox 3466 1863 3638 1916; x_wconf 83' lang='grc' dir='ltr'>Βασι-</span> 
     </span>
    </p>
   </div>
   <div class='ocr_carea' id='block_1_32' title="bbox 359 1933 1958 2028">
    <p class='ocr_par' dir='ltr' id='par_1_32' title="bbox 359 1933 1941 2025">
     <span class='ocr_line' id='line_1_32' title="bbox 359 1933 1941 2025; baseline 0.001 -21"><span class='ocrx_word' id='word_1_213' title='bbox 359 1965 582 2005; x_wconf 90' lang='lat' dir='ltr'><strong>menum</strong></span> <span class='ocrx_word' id='word_1_214' title='bbox 639 1953 882 2017; x_wconf 87' lang='lat' dir='ltr'><strong>tradunt,</strong></span> <span class='ocrx_word' id='word_1_215' title='bbox 935 1961 990 2014; x_wconf 80' lang='lat' dir='ltr'><strong>et</strong></span> <span class='ocrx_word' id='word_1_216' title='bbox 1033 1952 1099 2007; x_wconf 90' lang='lat' dir='ltr'><strong>ad</strong></span> <span class='ocrx_word' id='word_1_217' title='bbox 1140 1952 1301 2007; x_wconf 84' lang='lat' dir='ltr'><strong>fidem</strong></span> <span class='ocrx_word' id='word_1_218' title='bbox 1334 1953 1589 2019; x_wconf 89' lang='lat' dir='ltr'><strong>redeunt,</strong></span> <span class='ocrx_word' id='word_1_219' title='bbox 1614 1933 1786 2025; x_wconf 86' lang='lat' dir='ltr'><strong>quem</strong></span> <span class='ocrx_word' id='word_1_220' title='bbox 1823 1955 1941 2008; x_wconf 89' lang='lat' dir='ltr'><strong>vin-</strong></span> 
     </span>
    </p>
   </div>
   <div class='ocr_carea' id='block_1_33' title="bbox 2061 1933 3643 2028">
    <p class='ocr_par' dir='ltr' id='par_1_33' title="bbox 2061 1933 3643 2028">
     <span class='ocr_line' id='line_1_33' title="bbox 2061 1933 3643 2028; baseline -0.004 -15"><span class='ocrx_word' id='word_1_221' title='bbox 2061 1961 2174 2020; x_wconf 74' lang='lat' dir='ltr'><strong>teb;</strong></span> <span class='ocrx_word' id='word_1_222' title='bbox 2214 1959 2272 2011; x_wconf 69' lang='grc' dir='ltr'>δὲ</span> <span class='ocrx_word' id='word_1_223' title='bbox 2305 1960 2333 2011; x_wconf 95' lang='lat'><strong>6</strong></span> <span class='ocrx_word' id='word_1_224' title='bbox 2365 1957 2482 2027; x_wconf 71' lang='grc' dir='ltr'>νέος</span> <span class='ocrx_word' id='word_1_225' title='bbox 2518 1957 2638 2009; x_wconf 76' lang='grc' dir='ltr'>ἐπεὶ</span> <span class='ocrx_word' id='word_1_226' title='bbox 2675 1933 2912 2011; x_wconf 80' lang='grc' dir='ltr'>πύθοιτο</span> <span class='ocrx_word' id='word_1_227' title='bbox 2939 1957 3037 2028; x_wconf 80' lang='grc' dir='ltr'>τὴν</span> <span class='ocrx_word' id='word_1_228' title='bbox 3070 1957 3448 2020; x_wconf 81' lang='grc' dir='ltr'>ἀποστασίαν,</span> <span class='ocrx_word' id='word_1_229' title='bbox 3483 1958 3643 2025; x_wconf 74' lang='grc' dir='ltr'>τριή-</span> 
     </span>
    </p>
   </div>
   <div class='ocr_carea' id='block_1_34' title="bbox 360 2042 1941 2114">
    <p class='ocr_par' dir='ltr' id='par_1_34' title="bbox 360 2042 1941 2114">
     <span class='ocr_line' id='line_1_34' title="bbox 360 2042 1941 2114; baseline 0.001 -16"><span class='ocrx_word' id='word_1_230' title='bbox 360 2054 509 2098; x_wconf 88' lang='lat' dir='ltr'><strong>ctum</strong></span> <span class='ocrx_word' id='word_1_231' title='bbox 572 2042 1022 2098; x_wconf 86' lang='lat' dir='ltr'><strong>Thessalonicam</strong></span> <span class='ocrx_word' id='word_1_232' title='bbox 1078 2044 1381 2114; x_wconf 83' lang='lat' dir='ltr'><strong>deportari,</strong></span> <span class='ocrx_word' id='word_1_233' title='bbox 1434 2056 1490 2101; x_wconf 88' lang='lat' dir='ltr'><strong>et</strong></span> <span class='ocrx_word' id='word_1_234' title='bbox 1542 2046 1618 2101; x_wconf 88' lang='lat' dir='ltr'><strong>ibi</strong></span> <span class='ocrx_word' id='word_1_235' title='bbox 1673 2044 1941 2101; x_wconf 88' lang='lat' dir='ltr'><strong>custodiri</strong></span> 
     </span>
    </p>
   </div>
   <div class='ocr_carea' id='block_1_35' title="bbox 356 2133 1939 2207">
    <p class='ocr_par' dir='ltr' id='par_1_35' title="bbox 356 2133 1939 2207">
     <span class='ocr_line' id='line_1_35' title="bbox 356 2133 1939 2207; baseline 0.001 -18"><span class='ocrx_word' id='word_1_236' title='bbox 356 2136 536 2206; x_wconf 79' lang='lat' dir='ltr'><strong>jubet,</strong></span> <span class='ocrx_word' id='word_1_237' title='bbox 570 2133 689 2207; x_wconf 90' lang='lat' dir='ltr'><strong>ipse</strong></span> <span class='ocrx_word' id='word_1_238' title='bbox 720 2152 844 2191; x_wconf 90' lang='lat' dir='ltr'><strong>cum</strong></span> <span class='ocrx_word' id='word_1_239' title='bbox 897 2154 1068 2193; x_wconf 84' lang='lat' dir='ltr'><strong>uxore</strong></span> <span class='ocrx_word' id='word_1_240' title='bbox 1115 2138 1319 2194; x_wconf 73' lang='lat' dir='ltr'><strong>llelena</strong></span> <span class='ocrx_word' id='word_1_241' title='bbox 1371 2141 1426 2195; x_wconf 92' lang='lat' dir='ltr'><strong>in</strong></span> <span class='ocrx_word' id='word_1_242' title='bbox 1478 2140 1657 2194; x_wconf 86' lang='lat' dir='ltr'><strong>insula</strong></span> <span class='ocrx_word' id='word_1_243' title='bbox 1705 2140 1939 2195; x_wconf 78' lang='lat' dir='ltr'><strong>vietitat.</strong></span> 
     </span>
    </p>
   </div>
   <div class='ocr_carea' id='block_1_36' title="bbox 361 2230 1941 2303">
    <p class='ocr_par' dir='ltr' id='par_1_36' title="bbox 361 2230 1941 2303">
     <span class='ocr_line' id='line_1_36' title="bbox 361 2230 1941 2303; baseline 0.003 -20"><span class='ocrx_word' id='word_1_244' title='bbox 361 2230 535 2283; x_wconf 82' lang='lat' dir='ltr'><strong>Porro</strong></span> <span class='ocrx_word' id='word_1_245' title='bbox 577 2230 995 2286; x_wconf 79' lang='lat' dir='ltr'><strong>Cantacuzenus</strong></span> <span class='ocrx_word' id='word_1_246' title='bbox 1046 2233 1349 2303; x_wconf 79' lang='lat' dir='ltr'><strong>imperator</strong></span> <span class='ocrx_word' id='word_1_247' title='bbox 1399 2234 1584 2300; x_wconf 84' lang='lat' dir='ltr'><strong>inique</strong></span> <span class='ocrx_word' id='word_1_248' title='bbox 1637 2233 1941 2297; x_wconf 82' lang='lat' dir='ltr'><strong>sustinens.</strong></span> 
     </span>
    </p>
   </div>
   <div class='ocr_carea' id='block_1_37' title="bbox 364 2320 1947 2381">
    <p class='ocr_par' dir='ltr' id='par_1_37' title="bbox 364 2320 1947 2381">
     <span class='ocr_line' id='line_1_37' title="bbox 364 2320 1947 2381; baseline 0.001 -4"><span class='ocrx_word' id='word_1_249' title='bbox 364 2320 418 2377; x_wconf 94' lang='lat' dir='ltr'><strong>in</strong></span> <span class='ocrx_word' id='word_1_250' title='bbox 450 2321 700 2377; x_wconf 64' lang='lat' dir='ltr'><strong>Thracia:</strong></span> <span class='ocrx_word' id='word_1_251' title='bbox 730 2323 959 2379; x_wconf 84' lang='lat' dir='ltr'><strong>urbibus</strong></span> <span class='ocrx_word' id='word_1_252' title='bbox 991 2324 1151 2381; x_wconf 89' lang='lat' dir='ltr'><strong>sedes</strong></span> <span class='ocrx_word' id='word_1_253' title='bbox 1178 2340 1241 2380; x_wconf 88' lang='lat' dir='ltr'><strong>ac</strong></span> <span class='ocrx_word' id='word_1_254' title='bbox 1281 2325 1561 2380; x_wconf 88' lang='lat' dir='ltr'><strong>domicilia</strong></span> <span class='ocrx_word' id='word_1_255' title='bbox 1604 2326 1797 2381; x_wconf 75' lang='lat' dir='ltr'><strong>Persas</strong></span> <span class='ocrx_word' id='word_1_256' title='bbox 1849 2325 1947 2379; x_wconf 88' lang='lat' dir='ltr'><strong>ha-</strong></span> 
     </span>
    </p>
   </div>
   <div class='ocr_carea' id='block_1_38' title="bbox 366 2414 1943 2487">
    <p class='ocr_par' dir='ltr' id='par_1_38' title="bbox 366 2414 1943 2487">
     <span class='ocr_line' id='line_1_38' title="bbox 366 2414 1943 2487; baseline 0.002 -19"><span class='ocrx_word' id='word_1_257' title='bbox 366 2414 497 2470; x_wconf 83' lang='lat' dir='ltr'><strong>bere</strong></span> <span class='ocrx_word' id='word_1_258' title='bbox 527 2416 878 2486; x_wconf 84' lang='lat' dir='ltr'><strong>(occuparant</strong></span> <span class='ocrx_word' id='word_1_259' title='bbox 906 2416 1054 2470; x_wconf 87' lang='lat' dir='ltr'><strong>enim</strong></span> <span class='ocrx_word' id='word_1_260' title='bbox 1088 2418 1358 2472; x_wconf 88' lang='lat' dir='ltr'><strong>mttnitum</strong></span> <span class='ocrx_word' id='word_1_261' title='bbox 1383 2417 1655 2487; x_wconf 84' lang='lat' dir='ltr'><strong>quoddam</strong></span> <span class='ocrx_word' id='word_1_262' title='bbox 1679 2418 1943 2487; x_wconf 88' lang='lat' dir='ltr'><strong>oppidum</strong></span> 
     </span>
    </p>
   </div>
   <div class='ocr_carea' id='block_1_39' title="bbox 366 2507 1945 2580">
    <p class='ocr_par' dir='ltr' id='par_1_39' title="bbox 366 2507 1945 2580">
     <span class='ocr_line' id='line_1_39' title="bbox 366 2507 1945 2580; baseline 0.004 -19"><span class='ocrx_word' id='word_1_263' title='bbox 366 2507 641 2578; x_wconf 84' lang='lat' dir='ltr'><strong>szmpen</strong></span> <span class='ocrx_word' id='word_1_264' title='bbox 673 2509 1008 2579; x_wconf 89' lang='lat' dir='ltr'><strong>appellatum</strong></span> <span class='ocrx_word' id='word_1_265' title='bbox 1050 2517 1110 2564; x_wconf 89' lang='lat' dir='ltr'><strong>ut</strong></span> <span class='ocrx_word' id='word_1_266' title='bbox 1152 2510 1484 2579; x_wconf 88' lang='lat' dir='ltr'><strong>docuimus),</strong></span> <span class='ocrx_word' id='word_1_267' title='bbox 1517 2510 1569 2565; x_wconf 85' lang='lat' dir='ltr'><strong>vi</strong></span> <span class='ocrx_word' id='word_1_268' title='bbox 1603 2509 1853 2580; x_wconf 86' lang='lat' dir='ltr'><strong>quidem,</strong></span> <span class='ocrx_word' id='word_1_269' title='bbox 1888 2519 1945 2567; x_wconf 86' lang='lat' dir='ltr'><strong>et</strong></span> 
     </span>
    </p>
   </div>
   <div class='ocr_carea' id='block_1_40' title="bbox 367 2599 1947 2671">
    <p class='ocr_par' dir='ltr' id='par_1_40' title="bbox 367 2599 1947 2671">
     <span class='ocr_line' id='line_1_40' title="bbox 367 2599 1947 2671; baseline 0.004 -20"><span class='ocrx_word' id='word_1_270' title='bbox 367 2599 536 2653; x_wconf 89' lang='lat' dir='ltr'><strong>armis</strong></span> <span class='ocrx_word' id='word_1_271' title='bbox 561 2614 656 2652; x_wconf 89' lang='lat' dir='ltr'><strong>eos</strong></span> <span class='ocrx_word' id='word_1_272' title='bbox 676 2599 881 2668; x_wconf 87' lang='lat' dir='ltr'><strong>pellere</strong></span> <span class='ocrx_word' id='word_1_273' title='bbox 911 2614 1022 2654; x_wconf 90' lang='lat' dir='ltr'><strong>non</strong></span> <span class='ocrx_word' id='word_1_274' title='bbox 1056 2608 1140 2655; x_wconf 87' lang='lat' dir='ltr'><strong>est</strong></span> <span class='ocrx_word' id='word_1_275' title='bbox 1172 2616 1484 2671; x_wconf 78' lang='lat' dir='ltr'><strong>aggressus,</strong></span> <span class='ocrx_word' id='word_1_276' title='bbox 1511 2600 1659 2671; x_wconf 86' lang='lat' dir='ltr'><strong>quod</strong></span> <span class='ocrx_word' id='word_1_277' title='bbox 1693 2617 1752 2655; x_wconf 88' lang='lat' dir='ltr'><strong>se</strong></span> <span class='ocrx_word' id='word_1_278' title='bbox 1782 2609 1947 2657; x_wconf 76' lang='lat' dir='ltr'><strong>tanta:</strong></span> 
     </span>
    </p>
   </div>
   <div class='ocr_carea' id='block_1_41' title="bbox 372 2689 1953 2761">
    <p class='ocr_par' dir='ltr' id='par_1_41' title="bbox 372 2689 1953 2761">
     <span class='ocr_line' id='line_1_41' title="bbox 372 2689 1953 2761; baseline 0.003 -18"><span class='ocrx_word' id='word_1_279' title='bbox 372 2689 715 2743; x_wconf 89' lang='lat' dir='ltr'><strong>multitudini</strong></span> <span class='ocrx_word' id='word_1_280' title='bbox 749 2690 1113 2745; x_wconf 88' lang='lat' dir='ltr'><strong>Barbarorum</strong></span> <span class='ocrx_word' id='word_1_281' title='bbox 1165 2693 1430 2761; x_wconf 88' lang='lat' dir='ltr'><strong>imparem</strong></span> <span class='ocrx_word' id='word_1_282' title='bbox 1468 2693 1655 2759; x_wconf 81' lang='lat' dir='ltr'><strong>sciret,</strong></span> <span class='ocrx_word' id='word_1_283' title='bbox 1689 2693 1953 2747; x_wconf 85' lang='lat' dir='ltr'><strong>Romanis</strong></span> 
     </span>
    </p>
   </div>
   <div class='ocr_carea' id='block_1_42' title="bbox 371 2782 1951 2853">
    <p class='ocr_par' dir='ltr' id='par_1_42' title="bbox 371 2782 1951 2853">
     <span class='ocr_line' id='line_1_42' title="bbox 371 2782 1951 2853; baseline 0.001 -18"><span class='ocrx_word' id='word_1_284' title='bbox 371 2782 521 2836; x_wconf 84' lang='lat' dir='ltr'><strong>civili</strong></span> <span class='ocrx_word' id='word_1_285' title='bbox 574 2782 717 2836; x_wconf 79' lang='lat' dir='ltr'><strong>bello</strong></span> <span class='ocrx_word' id='word_1_286' title='bbox 768 2783 1134 2853; x_wconf 88' lang='lat' dir='ltr'><strong>consumptis.</strong></span> <span class='ocrx_word' id='word_1_287' title='bbox 1175 2783 1297 2838; x_wconf 85' lang='lat' dir='ltr'><strong>Alia</strong></span> <span class='ocrx_word' id='word_1_288' title='bbox 1345 2793 1529 2837; x_wconf 86' lang='lat' dir='ltr'><strong>autem</strong></span> <span class='ocrx_word' id='word_1_289' title='bbox 1578 2799 1685 2853; x_wconf 92' lang='lat' dir='ltr'><strong>qua</strong></span> <span class='ocrx_word' id='word_1_290' title='bbox 1710 2786 1812 2837; x_wconf 84' lang='lat' dir='ltr'><strong>lam</strong></span> <span class='ocrx_word' id='word_1_291' title='bbox 1863 2784 1951 2837; x_wconf 91' lang='lat' dir='ltr'><strong>via</strong></span> 
     </span>
    </p>
   </div>
   <div class='ocr_carea' id='block_1_43' title="bbox 373 2875 1952 2946">
    <p class='ocr_par' dir='ltr' id='par_1_43' title="bbox 373 2875 1952 2946">
     <span class='ocr_line' id='line_1_43' title="bbox 373 2875 1952 2946; baseline 0 -16"><span class='ocrx_word' id='word_1_292' title='bbox 373 2875 618 2930; x_wconf 80' lang='lat' dir='ltr'><strong>Romana</strong></span> <span class='ocrx_word' id='word_1_293' title='bbox 654 2875 934 2945; x_wconf 85' lang='lat' dir='ltr'><strong>provincia</strong></span> <span class='ocrx_word' id='word_1_294' title='bbox 970 2890 1067 2932; x_wconf 86' lang='lat' dir='ltr'><strong>eos</strong></span> <span class='ocrx_word' id='word_1_295' title='bbox 1090 2875 1310 2946; x_wconf 77' lang='lat' dir='ltr'><strong>exigere</strong></span> <span class='ocrx_word' id='word_1_296' title='bbox 1343 2875 1641 2930; x_wconf 89' lang='lat' dir='ltr'><strong>meditatus</strong></span> <span class='ocrx_word' id='word_1_297' title='bbox 1679 2884 1784 2941; x_wconf 91' lang='lat' dir='ltr'><strong>est,</strong></span> <span class='ocrx_word' id='word_1_298' title='bbox 1818 2875 1952 2930; x_wconf 82' lang='lat' dir='ltr'><strong>mis-</strong></span> 
     </span>
    </p>
   </div>
   <div class='ocr_carea' id='block_1_44' title="bbox 272 2962 1950 3038">
    <p class='ocr_par' dir='ltr' id='par_1_44' title="bbox 272 2962 1950 3038">
     <span class='ocr_line' id='line_1_44' title="bbox 272 2962 1950 3038; baseline -0.001 -18"><span class='ocrx_word' id='word_1_299' title='bbox 272 2962 275 2965; x_wconf 64' lang='grc'><em>’</em></span> <span class='ocrx_word' id='word_1_300' title='bbox 372 2981 542 3034; x_wconf 87' lang='lat' dir='ltr'><strong>saque</strong></span> <span class='ocrx_word' id='word_1_301' title='bbox 582 2967 647 3020; x_wconf 92' lang='lat' dir='ltr'><strong>ad</strong></span> <span class='ocrx_word' id='word_1_302' title='bbox 686 2965 997 3022; x_wconf 89' lang='lat' dir='ltr'><strong>Orchanem</strong></span> <span class='ocrx_word' id='word_1_303' title='bbox 1050 2981 1315 3038; x_wconf 80' lang='lat' dir='ltr'><strong>generum</strong></span> <span class='ocrx_word' id='word_1_304' title='bbox 1362 2966 1685 3037; x_wconf 31' lang='lat' dir='ltr'><strong>legationeh</strong></span> <span class='ocrx_word' id='word_1_305' title='bbox 1716 2966 1950 3036; x_wconf 73' lang='lat' dir='ltr'><strong>rogavit,</strong></span> 
     </span>
    </p>
   </div>
   <div class='ocr_carea' id='block_1_45' title="bbox 374 3059 1956 3124">
    <p class='ocr_par' dir='ltr' id='par_1_45' title="bbox 374 3059 1956 3124">
     <span class='ocr_line' id='line_1_45' title="bbox 374 3059 1956 3124; baseline 0.003 -15"><span class='ocrx_word' id='word_1_306' title='bbox 374 3060 453 3111; x_wconf 82' lang='lat' dir='ltr'><strong>uti</strong></span> <span class='ocrx_word' id='word_1_307' title='bbox 502 3061 788 3115; x_wconf 89' lang='lat' dir='ltr'><strong>castellum</strong></span> <span class='ocrx_word' id='word_1_308' title='bbox 841 3060 973 3114; x_wconf 91' lang='lat' dir='ltr'><strong>illud</strong></span> <span class='ocrx_word' id='word_1_309' title='bbox 1002 3060 1110 3115; x_wconf 89' lang='lat' dir='ltr'><strong>sibi</strong></span> <span class='ocrx_word' id='word_1_310' title='bbox 1163 3059 1441 3124; x_wconf 77' lang='lat' dir='ltr'><strong>redderet,</strong></span> <span class='ocrx_word' id='word_1_311' title='bbox 1497 3069 1553 3115; x_wconf 91' lang='lat' dir='ltr'><strong>et</strong></span> <span class='ocrx_word' id='word_1_312' title='bbox 1599 3059 1876 3115; x_wconf 85' lang='lat' dir='ltr'><strong>Barbaros</strong></span> <span class='ocrx_word' id='word_1_313' title='bbox 1923 3074 1956 3113; x_wconf 91' lang='lat' dir='ltr'><strong>e</strong></span> 
     </span>
    </p>
   </div>
   <div class='ocr_carea' id='block_1_46' title="bbox 376 3150 1955 3224">
    <p class='ocr_par' dir='ltr' id='par_1_46' title="bbox 376 3150 1955 3224">
     <span class='ocr_line' id='line_1_46' title="bbox 376 3150 1955 3224; baseline 0 -20"><span class='ocrx_word' id='word_1_314' title='bbox 376 3152 610 3207; x_wconf 88' lang='lat' dir='ltr'><strong>Thracia</strong></span> <span class='ocrx_word' id='word_1_315' title='bbox 646 3162 933 3208; x_wconf 75' lang='lat' dir='ltr'><strong>revocaret</strong></span> <span class='ocrx_word' id='word_1_316' title='bbox 970 3172 984 3207; x_wconf 88' lang='lat'><strong>:</strong></span> <span class='ocrx_word' id='word_1_317' title='bbox 1021 3160 1218 3224; x_wconf 65' lang='lat' dir='ltr'><strong>praeter</strong></span> <span class='ocrx_word' id='word_1_318' title='bbox 1245 3153 1338 3222; x_wconf 85' lang='lat' dir='ltr'><strong>jus</strong></span> <span class='ocrx_word' id='word_1_319' title='bbox 1370 3151 1519 3209; x_wconf 87' lang='lat' dir='ltr'><strong>enim</strong></span> <span class='ocrx_word' id='word_1_320' title='bbox 1564 3162 1621 3207; x_wconf 83' lang='lat' dir='ltr'><strong>et</strong></span> <span class='ocrx_word' id='word_1_321' title='bbox 1654 3150 1955 3205; x_wconf 87' lang='lat' dir='ltr'><strong>amicitiam</strong></span> 
     </span>
    </p>
   </div>
   <div class='ocr_carea' id='block_1_47' title="bbox 2049 2045 3645 2120">
    <p class='ocr_par' dir='ltr' id='par_1_47' title="bbox 2049 2045 3645 2120">
     <span class='ocr_line' id='line_1_47' title="bbox 2049 2045 3645 2120; baseline -0.004 -18"><span class='ocrx_word' id='word_1_322' title='bbox 2049 2066 2163 2120; x_wconf 86' lang='grc' dir='ltr'>ρεις</span> <span class='ocrx_word' id='word_1_323' title='bbox 2212 2048 2277 2100; x_wconf 79' lang='grc' dir='ltr'>ὲκ</span> <span class='ocrx_word' id='word_1_324' title='bbox 2324 2046 2732 2113; x_wconf 85' lang='grc' dir='ltr'>Θεσσαλονίκης</span> <span class='ocrx_word' id='word_1_325' title='bbox 2777 2046 3120 2114; x_wconf 77' lang='grc' dir='ltr'>ἐφοπλίσας,</span> <span class='ocrx_word' id='word_1_326' title='bbox 3173 2045 3478 2100; x_wconf 69' lang='grc' dir='ltr'>ἐπέπλευσε</span> <span class='ocrx_word' id='word_1_327' title='bbox 3526 2046 3645 2108; x_wconf 76' lang='grc' dir='ltr'>τοῖς</span> 
     </span>
    </p>
   </div>
   <div class='ocr_carea' id='block_1_48' title="bbox 2046 2135 3640 2209">
    <p class='ocr_par' dir='ltr' id='par_1_48' title="bbox 2046 2135 3640 2209">
     <span class='ocr_line' id='line_1_48' title="bbox 2046 2135 3640 2209; baseline -0.005 -13"><span class='ocrx_word' id='word_1_328' title='bbox 2046 2141 2340 2204; x_wconf 77' lang='grc' dir='ltr'>Τενεδίοις.</span> <span class='ocrx_word' id='word_1_329' title='bbox 2391 2141 2454 2194; x_wconf 77' lang='lat' dir='ltr'><strong>Oi</strong></span> <span class='ocrx_word' id='word_1_330' title='bbox 2486 2140 2541 2192; x_wconf 83' lang='grc' dir='ltr'><strong>δὲ</strong></span> <span class='ocrx_word' id='word_1_331' title='bbox 2573 2135 2731 2203; x_wconf 76' lang='grc' dir='ltr'>αὖθις</span> <span class='ocrx_word' id='word_1_332' title='bbox 2760 2139 2998 2206; x_wconf 78' lang='grc' dir='ltr'>ἑτοίμως</span> <span class='ocrx_word' id='word_1_333' title='bbox 3029 2137 3423 2209; x_wconf 80' lang='grc' dir='ltr'>προσεχώρουν</span> <span class='ocrx_word' id='word_1_334' title='bbox 3452 2154 3640 2206; x_wconf 82' lang='grc' dir='ltr'>παρα-</span> 
     </span>
    </p>
   </div>
   <div class='ocr_carea' id='block_1_49' title="bbox 2045 2226 3647 2302">
    <p class='ocr_par' dir='ltr' id='par_1_49' title="bbox 2045 2226 3647 2302">
     <span class='ocr_line' id='line_1_49' title="bbox 2045 2226 3647 2302; baseline -0.006 -14"><span class='ocrx_word' id='word_1_335' title='bbox 2045 2236 2230 2298; x_wconf 70' lang='grc' dir='ltr'>δόντες</span> <span class='ocrx_word' id='word_1_336' title='bbox 2256 2235 2347 2286; x_wconf 76' lang='grc' dir='ltr'><strong>τὸν</strong></span> <span class='ocrx_word' id='word_1_337' title='bbox 2380 2231 2765 2302; x_wconf 66' lang='grc' dir='ltr'>Περγαμηνὸν,</span> <span class='ocrx_word' id='word_1_338' title='bbox 2791 2231 2851 2283; x_wconf 81' lang='grc' dir='ltr'>ὃν</span> <span class='ocrx_word' id='word_1_339' title='bbox 2880 2232 2962 2293; x_wconf 72' lang='grc' dir='ltr'>εἰς</span> <span class='ocrx_word' id='word_1_340' title='bbox 2987 2228 3392 2297; x_wconf 79' lang='grc' dir='ltr'>Θεσσαλονίκην</span> <span class='ocrx_word' id='word_1_341' title='bbox 3423 2226 3647 2295; x_wconf 77' lang='grc' dir='ltr'>δεσμὼο</span> 
     </span>
    </p>
   </div>
   <div class='ocr_carea' id='block_1_50' title="bbox 2045 2321 3654 2396">
    <p class='ocr_par' dir='ltr' id='par_1_50' title="bbox 2045 2321 3654 2396">
     <span class='ocr_line' id='line_1_50' title="bbox 2045 2321 3654 2396; baseline -0.007 -13"><span class='ocrx_word' id='word_1_342' title='bbox 2045 2345 2147 2395; x_wconf 83' lang='grc' dir='ltr'><strong>την</strong></span> <span class='ocrx_word' id='word_1_343' title='bbox 2176 2326 2387 2396; x_wconf 73' lang='grc' dir='ltr'>ἔπεμψε</span> <span class='ocrx_word' id='word_1_344' title='bbox 2416 2325 2774 2395; x_wconf 72' lang='grc' dir='ltr'>φρουρεῖσθαι</span> <span class='ocrx_word' id='word_1_345' title='bbox 2796 2339 2811 2354; x_wconf 75' lang='grc'><strong><em>⁸</em></strong></span> <span class='ocrx_word' id='word_1_346' title='bbox 2836 2323 3001 2387; x_wconf 77' lang='grc' dir='ltr'>αὐτὸς</span> <span class='ocrx_word' id='word_1_347' title='bbox 3028 2324 3084 2377; x_wconf 78' lang='grc' dir='ltr'>δὲ</span> <span class='ocrx_word' id='word_1_348' title='bbox 3116 2324 3235 2391; x_wconf 72' lang='grc' dir='ltr'>ἅμα</span> <span class='ocrx_word' id='word_1_349' title='bbox 3269 2321 3461 2391; x_wconf 83' lang='grc' dir='ltr'>Ἑλένῃ</span> <span class='ocrx_word' id='word_1_350' title='bbox 3495 2322 3654 2390; x_wconf 80' lang='grc' dir='ltr'>βασι-</span> 
     </span>
    </p>
   </div>
   <div class='ocr_carea' id='block_1_51' title="bbox 2047 2412 3648 2489">
    <p class='ocr_par' dir='ltr' id='par_1_51' title="bbox 2047 2412 3648 2489">
     <span class='ocr_line' id='line_1_51' title="bbox 2047 2412 3648 2489; baseline -0.006 -17"><span class='ocrx_word' id='word_1_351' title='bbox 2047 2418 2150 2472; x_wconf 86' lang='grc' dir='ltr'>λίδι</span> <span class='ocrx_word' id='word_1_352' title='bbox 2185 2421 2252 2489; x_wconf 82' lang='grc' dir='ltr'>τῇ</span> <span class='ocrx_word' id='word_1_353' title='bbox 2289 2418 2513 2486; x_wconf 82' lang='grc' dir='ltr'>γυναικὶ</span> <span class='ocrx_word' id='word_1_354' title='bbox 2545 2416 2735 2487; x_wconf 72' lang='grc' dir='ltr'>διῆγεν</span> <span class='ocrx_word' id='word_1_355' title='bbox 2771 2416 2831 2467; x_wconf 69' lang='grc' dir='ltr'><strong>δν</strong></span> <span class='ocrx_word' id='word_1_356' title='bbox 2865 2417 2931 2485; x_wconf 78' lang='grc' dir='ltr'>τῇ</span> <span class='ocrx_word' id='word_1_357' title='bbox 2974 2415 3145 2484; x_wconf 81' lang='grc' dir='ltr'>νήσῳ.</span> <span class='ocrx_word' id='word_1_358' title='bbox 3183 2412 3648 2480; x_wconf 73' lang='grc' dir='ltr'>Καντακουζηνὺς</span> 
     </span>
    </p>
   </div>
   <div class='ocr_carea' id='block_1_52' title="bbox 2049 2500 3649 2581">
    <p class='ocr_par' dir='ltr' id='par_1_52' title="bbox 2049 2500 3649 2581">
     <span class='ocr_line' id='line_1_52' title="bbox 2049 2500 3649 2581; baseline -0.007 -16"><span class='ocrx_word' id='word_1_359' title='bbox 2049 2509 2105 2565; x_wconf 79' lang='grc' dir='ltr'>δὲ</span> <span class='ocrx_word' id='word_1_360' title='bbox 2135 2513 2163 2565; x_wconf 93' lang='lat'><strong>6</strong></span> <span class='ocrx_word' id='word_1_361' title='bbox 2194 2509 2449 2581; x_wconf 81' lang='grc' dir='ltr'>βασιλεὺς</span> <span class='ocrx_word' id='word_1_362' title='bbox 2477 2510 2536 2561; x_wconf 80' lang='grc' dir='ltr'>ἐν</span> <span class='ocrx_word' id='word_1_363' title='bbox 2562 2506 2722 2579; x_wconf 82' lang='grc' dir='ltr'>δεινῷ</span> <span class='ocrx_word' id='word_1_364' title='bbox 2744 2505 3030 2577; x_wconf 80' lang='grc' dir='ltr'>τιθέμενος</span> <span class='ocrx_word' id='word_1_365' title='bbox 3057 2506 3180 2568; x_wconf 87' lang='grc' dir='ltr'>ταῖς</span> <span class='ocrx_word' id='word_1_366' title='bbox 3207 2503 3349 2559; x_wconf 72' lang='grc' dir='ltr'>κατα</span> <span class='ocrx_word' id='word_1_367' title='bbox 3377 2503 3477 2573; x_wconf 81' lang='grc' dir='ltr'><strong>τὴν</strong></span> <span class='ocrx_word' id='word_1_368' title='bbox 3503 2500 3649 2572; x_wconf 74' lang='grc' dir='ltr'>Θρᾴ-</span> 
     </span>
    </p>
   </div>
   <div class='ocr_carea' id='block_1_53' title="bbox 2052 2588 3654 2669">
    <p class='ocr_par' dir='ltr' id='par_1_53' title="bbox 2052 2588 3654 2669">
     <span class='ocr_line' id='line_1_53' title="bbox 2052 2588 3654 2669; baseline -0.005 -16"><span class='ocrx_word' id='word_1_369' title='bbox 2052 2616 2157 2669; x_wconf 85' lang='grc' dir='ltr'><strong>κην</strong></span> <span class='ocrx_word' id='word_1_370' title='bbox 2180 2599 2372 2652; x_wconf 80' lang='grc' dir='ltr'>πόλεσι</span> <span class='ocrx_word' id='word_1_371' title='bbox 2395 2600 2520 2661; x_wconf 76' lang='grc' dir='ltr'>τοὺς</span> <span class='ocrx_word' id='word_1_372' title='bbox 2543 2598 2763 2667; x_wconf 80' lang='grc' dir='ltr'><strong>Πέρσας</strong></span> <span class='ocrx_word' id='word_1_373' title='bbox 2787 2595 3085 2664; x_wconf 72' lang='grc' dir='ltr'>ἐγκαθιδρυ</span> <span class='ocrx_word' id='word_1_374' title='bbox 3097 2596 3298 2666; x_wconf 81' lang='grc' dir='ltr'>μένους</span> <span class='ocrx_word' id='word_1_375' title='bbox 3322 2593 3462 2648; x_wconf 73' lang='grc' dir='ltr'>εἶναι</span> <span class='ocrx_word' id='word_1_376' title='bbox 3482 2588 3654 2663; x_wconf 75' lang='grc' dir='ltr'>(εἶχον</span> 
     </span>
    </p>
   </div>
   <div class='ocr_carea' id='block_1_54' title="bbox 2054 2682 3656 2759">
    <p class='ocr_par' dir='ltr' id='par_1_54' title="bbox 2054 2682 3656 2759">
     <span class='ocr_line' id='line_1_54' title="bbox 2054 2682 3656 2759; baseline -0.006 -17"><span class='ocrx_word' id='word_1_377' title='bbox 2054 2690 2162 2759; x_wconf 82' lang='grc' dir='ltr'>γάρ</span> <span class='ocrx_word' id='word_1_378' title='bbox 2193 2705 2246 2740; x_wconf 90' lang='grc' dir='ltr'><strong>τι</strong></span> <span class='ocrx_word' id='word_1_379' title='bbox 2280 2687 2591 2758; x_wconf 85' lang='grc' dir='ltr'>φρούριον),</span> <span class='ocrx_word' id='word_1_380' title='bbox 2621 2686 2809 2754; x_wconf 80' lang='grc' dir='ltr'>ὥσπερ</span> <span class='ocrx_word' id='word_1_381' title='bbox 2841 2685 3052 2755; x_wconf 72' lang='grc' dir='ltr'>ἔφημεν</span> <span class='ocrx_word' id='word_1_382' title='bbox 3076 2688 3132 2737; x_wconf 79' lang='grc' dir='ltr'><strong>ἐν</strong></span> <span class='ocrx_word' id='word_1_383' title='bbox 3157 2685 3351 2755; x_wconf 80' lang='grc' dir='ltr'><strong>Θρᾴκῃ</strong></span> <span class='ocrx_word' id='word_1_384' title='bbox 3382 2682 3656 2751; x_wconf 79' lang='grc' dir='ltr'>Τζύμπην</span> 
     </span>
    </p>
   </div>
   <div class='ocr_carea' id='block_1_55' title="bbox 2055 2774 3655 2852">
    <p class='ocr_par' dir='ltr' id='par_1_55' title="bbox 2055 2774 3655 2852">
     <span class='ocr_line' id='line_1_55' title="bbox 2055 2774 3655 2852; baseline -0.006 -17"><span class='ocrx_word' id='word_1_385' title='bbox 2055 2781 2632 2852; x_wconf 79' lang='grc' dir='ltr'>προσαγορευόμενον,</span> <span class='ocrx_word' id='word_1_386' title='bbox 2678 2779 2769 2849; x_wconf 77' lang='grc' dir='ltr'><strong>βίᾳ</strong></span> <span class='ocrx_word' id='word_1_387' title='bbox 2816 2778 2917 2844; x_wconf 76' lang='grc' dir='ltr'><strong>μὲν</strong></span> <span class='ocrx_word' id='word_1_388' title='bbox 2964 2779 3064 2833; x_wconf 83' lang='grc' dir='ltr'><strong>οὐκ</strong></span> <span class='ocrx_word' id='word_1_389' title='bbox 3111 2777 3387 2847; x_wconf 75' lang='grc' dir='ltr'>ἐπεχείρει</span> <span class='ocrx_word' id='word_1_390' title='bbox 3430 2774 3655 2841; x_wconf 76' lang='grc' dir='ltr'>ἐξελαύ-</span> 
     </span>
    </p>
   </div>
   <div class='ocr_carea' id='block_1_56' title="bbox 2055 2868 3655 2945">
    <p class='ocr_par' dir='ltr' id='par_1_56' title="bbox 2055 2868 3655 2945">
     <span class='ocr_line' id='line_1_56' title="bbox 2055 2868 3655 2945; baseline -0.006 -16"><span class='ocrx_word' id='word_1_391' title='bbox 2055 2891 2169 2929; x_wconf 81' lang='grc' dir='ltr'>νειν</span> <span class='ocrx_word' id='word_1_392' title='bbox 2219 2889 2233 2904; x_wconf 90' lang='grc'><strong>·</strong></span> <span class='ocrx_word' id='word_1_393' title='bbox 2280 2873 2399 2945; x_wconf 82' lang='grc' dir='ltr'>ᾔδει</span> <span class='ocrx_word' id='word_1_394' title='bbox 2443 2873 2553 2943; x_wconf 71' lang='grc' dir='ltr'>γὰρ</span> <span class='ocrx_word' id='word_1_395' title='bbox 2582 2872 2684 2924; x_wconf 79' lang='grc' dir='ltr'><strong>οὐκ</strong></span> <span class='ocrx_word' id='word_1_396' title='bbox 2717 2871 3016 2941; x_wconf 79' lang='grc' dir='ltr'><strong>ἀξιόμαχος</strong></span> <span class='ocrx_word' id='word_1_397' title='bbox 3064 2870 3197 2938; x_wconf 69' lang='grc' dir='ltr'>πρὸς</span> <span class='ocrx_word' id='word_1_398' title='bbox 3235 2868 3506 2937; x_wconf 76' lang='grc' dir='ltr'>τοσαύτην</span> <span class='ocrx_word' id='word_1_399' title='bbox 3543 2868 3655 2920; x_wconf 79' lang='grc' dir='ltr'><strong>τῶν</strong></span> 
     </span>
    </p>
   </div>
   <div class='ocr_carea' id='block_1_57' title="bbox 2058 2962 3651 3038">
    <p class='ocr_par' dir='ltr' id='par_1_57' title="bbox 2058 2962 3651 3038">
     <span class='ocr_line' id='line_1_57' title="bbox 2058 2962 3651 3038; baseline -0.004 -17"><span class='ocrx_word' id='word_1_400' title='bbox 2058 2967 2347 3038; x_wconf 80' lang='grc' dir='ltr'>βαρϐάρων</span> <span class='ocrx_word' id='word_1_401' title='bbox 2380 2965 2609 3031; x_wconf 80' lang='grc' dir='ltr'>δύναμιν</span> <span class='ocrx_word' id='word_1_402' title='bbox 2641 2964 2917 3033; x_wconf 73' lang='grc' dir='ltr'>ἐσόμενος,</span> <span class='ocrx_word' id='word_1_403' title='bbox 2949 2964 2996 3016; x_wconf 88' lang='grc' dir='ltr'><strong>εί</strong></span> <span class='ocrx_word' id='word_1_404' title='bbox 3027 2964 3267 3033; x_wconf 74' lang='grc' dir='ltr'>πόλεμον</span> <span class='ocrx_word' id='word_1_405' title='bbox 3301 2963 3479 3032; x_wconf 84' lang='grc' dir='ltr'>κινοίη</span> <span class='ocrx_word' id='word_1_406' title='bbox 3515 2962 3651 3033; x_wconf 69' lang='grc' dir='ltr'>πρὸς</span> 
     </span>
    </p>
   </div>
   <div class='ocr_carea' id='block_1_58' title="bbox 2058 3050 3663 3127">
    <p class='ocr_par' dir='ltr' id='par_1_58' title="bbox 2058 3050 3663 3127">
     <span class='ocr_line' id='line_1_58' title="bbox 2058 3050 3663 3127; baseline -0.006 -15"><span class='ocrx_word' id='word_1_407' title='bbox 2058 3060 2276 3124; x_wconf 81' lang='grc' dir='ltr'>αὐτοὺς,</span> <span class='ocrx_word' id='word_1_408' title='bbox 2307 3057 2407 3127; x_wconf 82' lang='grc' dir='ltr'>τῆς</span> <span class='ocrx_word' id='word_1_409' title='bbox 2440 3054 2731 3124; x_wconf 81' lang='grc' dir='ltr'>Ῥωμαίων</span> <span class='ocrx_word' id='word_1_410' title='bbox 2764 3053 3028 3124; x_wconf 83' lang='grc' dir='ltr'>στρατιᾶς</span> <span class='ocrx_word' id='word_1_411' title='bbox 3059 3052 3165 3105; x_wconf 79' lang='grc' dir='ltr'>ὑπὸ</span> <span class='ocrx_word' id='word_1_412' title='bbox 3193 3050 3288 3104; x_wconf 90' lang='grc' dir='ltr'><strong>τοῦ</strong></span> <span class='ocrx_word' id='word_1_413' title='bbox 3322 3052 3457 3122; x_wconf 74' lang='grc' dir='ltr'>πρὸς</span> <span class='ocrx_word' id='word_1_414' title='bbox 3488 3051 3663 3121; x_wconf 78' lang='grc' dir='ltr'>ἁλλὴ,</span> 
     </span>
    </p>
   </div>
   <div class='ocr_carea' id='block_1_59' title="bbox 2057 3143 3657 3221">
    <p class='ocr_par' dir='ltr' id='par_1_59' title="bbox 2057 3143 3657 3221">
     <span class='ocr_line' id='line_1_59' title="bbox 2057 3143 3657 3221; baseline -0.008 -14"><span class='ocrx_word' id='word_1_415' title='bbox 2057 3154 2184 3217; x_wconf 82' lang='grc' dir='ltr'>λους</span> <span class='ocrx_word' id='word_1_416' title='bbox 2227 3151 2464 3221; x_wconf 77' lang='grc' dir='ltr'>πολέμου</span> <span class='ocrx_word' id='word_1_417' title='bbox 2508 3147 2919 3217; x_wconf 80' lang='grc' dir='ltr'><strong>διεφθαρμένης</strong></span> <span class='ocrx_word' id='word_1_418' title='bbox 2949 3161 2965 3179; x_wconf 89' lang='grc'><strong>·</strong></span> <span class='ocrx_word' id='word_1_419' title='bbox 3008 3145 3198 3216; x_wconf 78' lang='grc' dir='ltr'>τρόπῳ</span> <span class='ocrx_word' id='word_1_420' title='bbox 3224 3144 3281 3198; x_wconf 80' lang='grc' dir='ltr'>δέ</span> <span class='ocrx_word' id='word_1_421' title='bbox 3327 3161 3432 3197; x_wconf 86' lang='grc' dir='ltr'>τινι</span> <span class='ocrx_word' id='word_1_422' title='bbox 3481 3143 3657 3213; x_wconf 77' lang='grc' dir='ltr'>ἑτέρῳ</span> 
     </span>
    </p>
   </div>
   <div class='ocr_carea' id='block_1_60' title="bbox 378 3236 1958 3340">
    <p class='ocr_par' dir='ltr' id='par_1_60' title="bbox 378 3242 1954 3312">
     <span class='ocr_line' id='line_1_60' title="bbox 378 3242 1954 3312; baseline 0.001 -18"><span class='ocrx_word' id='word_1_423' title='bbox 378 3242 576 3307; x_wconf 85' lang='lat' dir='ltr'><strong>facere,</strong></span> <span class='ocrx_word' id='word_1_424' title='bbox 612 3243 741 3298; x_wconf 89' lang='lat' dir='ltr'><strong>dum</strong></span> <span class='ocrx_word' id='word_1_425' title='bbox 794 3244 847 3298; x_wconf 90' lang='lat' dir='ltr'><strong>in</strong></span> <span class='ocrx_word' id='word_1_426' title='bbox 891 3243 1072 3300; x_wconf 90' lang='lat' dir='ltr'><strong>medio</strong></span> <span class='ocrx_word' id='word_1_427' title='bbox 1103 3243 1477 3298; x_wconf 79' lang='lat' dir='ltr'><strong>Romanorum</strong></span> <span class='ocrx_word' id='word_1_428' title='bbox 1526 3243 1647 3298; x_wconf 92' lang='lat' dir='ltr'><strong>solo</strong></span> <span class='ocrx_word' id='word_1_429' title='bbox 1691 3242 1954 3312; x_wconf 82' lang='lat' dir='ltr'><strong>oppidum</strong></span> 
     </span>
    </p>
   </div>
   <div class='ocr_carea' id='block_1_61' title="bbox 2061 3236 3659 3340">
    <p class='ocr_par' dir='ltr' id='par_1_61' title="bbox 2061 3236 3659 3310">
     <span class='ocr_line' id='line_1_61' title="bbox 2061 3236 3659 3310; baseline -0.006 -12"><span class='ocrx_word' id='word_1_430' title='bbox 2061 3245 2317 3299; x_wconf 82' lang='grc' dir='ltr'>διενοεῖτο</span> <span class='ocrx_word' id='word_1_431' title='bbox 2345 3242 2472 3303; x_wconf 74' lang='grc' dir='ltr'>τοὺς</span> <span class='ocrx_word' id='word_1_432' title='bbox 2504 3239 2816 3310; x_wconf 80' lang='grc' dir='ltr'>βαρϐάρους</span> <span class='ocrx_word' id='word_1_433' title='bbox 2844 3239 2946 3301; x_wconf 62' lang='lat' dir='ltr'><strong>sic</strong></span> <span class='ocrx_word' id='word_1_434' title='bbox 2977 3236 3266 3307; x_wconf 82' lang='grc' dir='ltr'>Ῥωμαίων</span> <span class='ocrx_word' id='word_1_435' title='bbox 3296 3237 3610 3303; x_wconf 71' lang='grc' dir='ltr'>ὲξελαῦνειν</span> <span class='ocrx_word' id='word_1_436' title='bbox 3643 3253 3659 3267; x_wconf 76' lang='grc' dir='ltr'><strong>ο</strong></span> 
     </span>
    </p>
   </div>
   <div class='ocr_carea' id='block_1_62' title="bbox 381 3334 1959 3405">
    <p class='ocr_par' dir='ltr' id='par_1_62' title="bbox 381 3334 1959 3405">
     <span class='ocr_line' id='line_1_62' title="bbox 381 3334 1959 3405; baseline 0.001 -19"><span class='ocrx_word' id='word_1_437' title='bbox 381 3336 706 3404; x_wconf 76' lang='lat' dir='ltr'><strong>possideret.</strong></span> <span class='ocrx_word' id='word_1_438' title='bbox 743 3336 820 3389; x_wconf 79' lang='lat' dir='ltr'><strong>Eo</strong></span> <span class='ocrx_word' id='word_1_439' title='bbox 853 3334 1196 3390; x_wconf 85' lang='lat' dir='ltr'><strong>Sulitnanum</strong></span> <span class='ocrx_word' id='word_1_440' title='bbox 1228 3334 1400 3389; x_wconf 86' lang='lat' dir='ltr'><strong>ﬁlium</strong></span> <span class='ocrx_word' id='word_1_441' title='bbox 1434 3338 1833 3405; x_wconf 67' lang='lat' dir='ltr'><strong>praetendente,</strong></span> <span class='ocrx_word' id='word_1_442' title='bbox 1864 3334 1959 3404; x_wconf 91' lang='lat' dir='ltr'><strong>qui</strong></span> 
     </span>
    </p>
   </div>
   <div class='ocr_carea' id='block_1_63' title="bbox 382 3426 1962 3498">
    <p class='ocr_par' dir='ltr' id='par_1_63' title="bbox 382 3426 1962 3498">
     <span class='ocr_line' id='line_1_63' title="bbox 382 3426 1962 3498; baseline 0.001 -21"><span class='ocrx_word' id='word_1_443' title='bbox 382 3426 432 3478; x_wconf 90' lang='lat' dir='ltr'><strong>id</strong></span> <span class='ocrx_word' id='word_1_444' title='bbox 456 3426 754 3487; x_wconf 83' lang='lat' dir='ltr'><strong>obtineret,</strong></span> <span class='ocrx_word' id='word_1_445' title='bbox 785 3428 945 3498; x_wconf 74' lang='lat'><strong>861</strong></span> <span class='ocrx_word' id='word_1_446' title='bbox 976 3438 1140 3496; x_wconf 85' lang='lat' dir='ltr'><strong>atque</strong></span> <span class='ocrx_word' id='word_1_447' title='bbox 1171 3428 1699 3497; x_wconf 70' lang='lat' dir='ltr'><strong>compensationem</strong></span> <span class='ocrx_word' id='word_1_448' title='bbox 1720 3426 1962 3495; x_wconf 84' lang='lat' dir='ltr'><strong>aliquam</strong></span> 
     </span>
    </p>
   </div>
   <div class='ocr_carea' id='block_1_64' title="bbox 384 3517 1966 3587">
    <p class='ocr_par' dir='ltr' id='par_1_64' title="bbox 384 3517 1966 3587">
     <span class='ocr_line' id='line_1_64' title="bbox 384 3517 1966 3587; baseline 0.001 -20"><span class='ocrx_word' id='word_1_449' title='bbox 384 3517 706 3585; x_wconf 83' lang='lat' dir='ltr'><strong>postularet,</strong></span> <span class='ocrx_word' id='word_1_450' title='bbox 739 3518 878 3572; x_wconf 83' lang='lat' dir='ltr'><strong>dena</strong></span> <span class='ocrx_word' id='word_1_451' title='bbox 902 3533 1197 3573; x_wconf 87' lang='lat' dir='ltr'><strong>aureorum</strong></span> <span class='ocrx_word' id='word_1_452' title='bbox 1243 3519 1418 3573; x_wconf 88' lang='lat' dir='ltr'><strong>millia</strong></span> <span class='ocrx_word' id='word_1_453' title='bbox 1460 3518 1759 3587; x_wconf 87' lang='lat' dir='ltr'><strong>imperator</strong></span> <span class='ocrx_word' id='word_1_454' title='bbox 1789 3517 1966 3571; x_wconf 85' lang='lat' dir='ltr'><strong>liben—</strong></span> 
     </span>
    </p>
   </div>
   <div class='ocr_carea' id='block_1_65' title="bbox 383 3606 1964 3679">
    <p class='ocr_par' dir='ltr' id='par_1_65' title="bbox 383 3606 1964 3679">
     <span class='ocr_line' id='line_1_65' title="bbox 383 3606 1964 3679; baseline -0.001 -16"><span class='ocrx_word' id='word_1_455' title='bbox 383 3618 470 3663; x_wconf 87' lang='lat' dir='ltr'><strong>ter</strong></span> <span class='ocrx_word' id='word_1_456' title='bbox 499 3618 917 3675; x_wconf 80' lang='lat' dir='ltr'><strong>numeraturum</strong></span> <span class='ocrx_word' id='word_1_457' title='bbox 955 3624 1012 3664; x_wconf 89' lang='lat' dir='ltr'><strong>se</strong></span> <span class='ocrx_word' id='word_1_458' title='bbox 1047 3611 1361 3679; x_wconf 78' lang='lat' dir='ltr'><strong>Spnpnntlil.</strong></span> <span class='ocrx_word' id='word_1_459' title='bbox 1383 3609 1544 3663; x_wconf 82' lang='lat' dir='ltr'><strong>Brevi</strong></span> <span class='ocrx_word' id='word_1_460' title='bbox 1575 3622 1769 3662; x_wconf 86' lang='lat' dir='ltr'><strong>aurum</strong></span> <span class='ocrx_word' id='word_1_461' title='bbox 1794 3606 1964 3672; x_wconf 87' lang='lat' dir='ltr'><strong>misit;</strong></span> 
     </span>
    </p>
   </div>
   <div class='ocr_carea' id='block_1_66' title="bbox 384 3694 1966 3768">
    <p class='ocr_par' dir='ltr' id='par_1_66' title="bbox 384 3694 1966 3768">
     <span class='ocr_line' id='line_1_66' title="bbox 384 3694 1966 3768; baseline -0.003 -13"><span class='ocrx_word' id='word_1_462' title='bbox 384 3699 566 3758; x_wconf 68' lang='lat' dir='ltr'><strong>Persae</strong></span> <span class='ocrx_word' id='word_1_463' title='bbox 591 3697 829 3753; x_wconf 71' lang='lat' dir='ltr'><strong>vicissim</strong></span> <span class='ocrx_word' id='word_1_464' title='bbox 868 3699 1159 3760; x_wconf 87' lang='lat' dir='ltr'><strong>miserunt.</strong></span> <span class='ocrx_word' id='word_1_465' title='bbox 1189 3700 1279 3767; x_wconf 87' lang='lat' dir='ltr'><strong>qui</strong></span> <span class='ocrx_word' id='word_1_466' title='bbox 1306 3699 1357 3753; x_wconf 90' lang='lat' dir='ltr'><strong>ei</strong></span> <span class='ocrx_word' id='word_1_467' title='bbox 1384 3696 1649 3768; x_wconf 78' lang='lat' dir='ltr'><strong>oppidum</strong></span> <span class='ocrx_word' id='word_1_468' title='bbox 1681 3694 1966 3767; x_wconf 89' lang='lat' dir='ltr'><strong>proprium</strong></span> 
     </span>
    </p>
   </div>
   <div class='ocr_carea' id='block_1_67' title="bbox 389 3788 1970 3860">
    <p class='ocr_par' dir='ltr' id='par_1_67' title="bbox 389 3788 1970 3860">
     <span class='ocr_line' id='line_1_67' title="bbox 389 3788 1970 3860; baseline -0.002 -14"><span class='ocrx_word' id='word_1_469' title='bbox 389 3794 689 3847; x_wconf 80' lang='lat' dir='ltr'><strong>traderent.</strong></span> <span class='ocrx_word' id='word_1_470' title='bbox 749 3789 931 3845; x_wconf 80' lang='lat' dir='ltr'><strong>Rebus</strong></span> <span class='ocrx_word' id='word_1_471' title='bbox 983 3790 1061 3846; x_wconf 90' lang='lat' dir='ltr'><strong>sic</strong></span> <span class='ocrx_word' id='word_1_472' title='bbox 1112 3791 1378 3846; x_wconf 87' lang='lat' dir='ltr'><strong>euntibus</strong></span> <span class='ocrx_word' id='word_1_473' title='bbox 1430 3791 1515 3858; x_wconf 90' lang='lat' dir='ltr'><strong>(ut</strong></span> <span class='ocrx_word' id='word_1_474' title='bbox 1576 3800 1706 3844; x_wconf 77' lang='lat' dir='ltr'><strong>sunt</strong></span> <span class='ocrx_word' id='word_1_475' title='bbox 1759 3788 1970 3860; x_wconf 86' lang='lat' dir='ltr'><strong>judicia</strong></span> 
     </span>
    </p>
   </div>
   <div class='ocr_carea' id='block_1_68' title="bbox 389 3880 1971 3955">
    <p class='ocr_par' dir='ltr' id='par_1_68' title="bbox 389 3880 1971 3955">
     <span class='ocr_line' id='line_1_68' title="bbox 389 3880 1971 3955; baseline -0.003 -16"><span class='ocrx_word' id='word_1_476' title='bbox 389 3886 510 3955; x_wconf 74' lang='lat' dir='ltr'><strong>Dei)</strong></span> <span class='ocrx_word' id='word_1_477' title='bbox 548 3898 651 3939; x_wconf 91' lang='lat' dir='ltr'><strong>nec</strong></span> <span class='ocrx_word' id='word_1_478' title='bbox 680 3885 904 3952; x_wconf 88' lang='lat' dir='ltr'><strong>opinato</strong></span> <span class='ocrx_word' id='word_1_479' title='bbox 946 3885 1204 3938; x_wconf 89' lang='lat' dir='ltr'><strong>immanis</strong></span> <span class='ocrx_word' id='word_1_480' title='bbox 1258 3880 1658 3953; x_wconf 84' lang='lat' dir='ltr'><strong>superveniens</strong></span> <span class='ocrx_word' id='word_1_481' title='bbox 1690 3889 1971 3935; x_wconf 65' lang='lat' dir='ltr'><strong>termento-</strong></span> 
     </span>
    </p>
   </div>
   <div class='ocr_carea' id='block_1_69' title="bbox 392 3975 1973 4042">
    <p class='ocr_par' dir='ltr' id='par_1_69' title="bbox 392 3975 1973 4042">
     <span class='ocr_line' id='line_1_69' title="bbox 392 3975 1973 4042; baseline 0 -12"><span class='ocrx_word' id='word_1_482' title='bbox 392 3988 502 4041; x_wconf 90' lang='lat' dir='ltr'><strong>tus,</strong></span> <span class='ocrx_word' id='word_1_483' title='bbox 535 3994 665 4032; x_wconf 85' lang='lat' dir='ltr'><strong>vere</strong></span> <span class='ocrx_word' id='word_1_484' title='bbox 699 3977 946 4039; x_wconf 80' lang='lat' dir='ltr'><strong>ineunte,</strong></span> <span class='ocrx_word' id='word_1_485' title='bbox 980 3976 1155 4042; x_wconf 77' lang='lat' dir='ltr'><strong>prima</strong></span> <span class='ocrx_word' id='word_1_486' title='bbox 1193 3977 1329 4039; x_wconf 88' lang='lat' dir='ltr'><strong>face,</strong></span> <span class='ocrx_word' id='word_1_487' title='bbox 1385 3975 1688 4031; x_wconf 86' lang='lat' dir='ltr'><strong>maritimas</strong></span> <span class='ocrx_word' id='word_1_488' title='bbox 1723 3975 1973 4030; x_wconf 60' lang='lat' dir='ltr'><strong>Thraciae</strong></span> 
     </span>
    </p>
   </div>
   <div class='ocr_carea' id='block_1_70' title="bbox 394 4064 1968 4136">
    <p class='ocr_par' dir='ltr' id='par_1_70' title="bbox 394 4064 1968 4136">
     <span class='ocr_line' id='line_1_70' title="bbox 394 4064 1968 4136; baseline 0 -18"><span class='ocrx_word' id='word_1_489' title='bbox 394 4068 558 4121; x_wconf 90' lang='lat' dir='ltr'><strong>urbes</strong></span> <span class='ocrx_word' id='word_1_490' title='bbox 620 4065 1018 4136; x_wconf 89' lang='lat' dir='ltr'><strong>propemodum</strong></span> <span class='ocrx_word' id='word_1_491' title='bbox 1082 4082 1275 4121; x_wconf 79' lang='lat' dir='ltr'><strong>omnes</strong></span> <span class='ocrx_word' id='word_1_492' title='bbox 1332 4066 1552 4125; x_wconf 81' lang='lat' dir='ltr'><strong>evertit.</strong></span> <span class='ocrx_word' id='word_1_493' title='bbox 1620 4064 1739 4121; x_wconf 86' lang='lat' dir='ltr'><strong>Non</strong></span> <span class='ocrx_word' id='word_1_494' title='bbox 1793 4067 1968 4120; x_wconf 88' lang='lat' dir='ltr'><strong>solum</strong></span> 
     </span>
    </p>
   </div>
   <div class='ocr_carea' id='block_1_71' title="bbox 390 4156 1974 4226">
    <p class='ocr_par' dir='ltr' id='par_1_71' title="bbox 390 4156 1974 4226">
     <span class='ocr_line' id='line_1_71' title="bbox 390 4156 1974 4226; baseline 0.002 -17"><span class='ocrx_word' id='word_1_495' title='bbox 390 4156 597 4225; x_wconf 82' lang='lat' dir='ltr'><strong>quippe</strong></span> <span class='ocrx_word' id='word_1_496' title='bbox 636 4157 833 4211; x_wconf 89' lang='lat' dir='ltr'><strong>domus</strong></span> <span class='ocrx_word' id='word_1_497' title='bbox 867 4173 1031 4226; x_wconf 84' lang='lat' dir='ltr'><strong>supra</strong></span> <span class='ocrx_word' id='word_1_498' title='bbox 1080 4156 1426 4214; x_wconf 80' lang='lat' dir='ltr'><strong>habitatores</strong></span> <span class='ocrx_word' id='word_1_499' title='bbox 1459 4169 1804 4223; x_wconf 84' lang='lat' dir='ltr'><strong>corruentes,</strong></span> <span class='ocrx_word' id='word_1_500' title='bbox 1834 4158 1974 4212; x_wconf 89' lang='lat' dir='ltr'><strong>mul—</strong></span> 
     </span>
    </p>
   </div>
   <div class='ocr_carea' id='block_1_72' title="bbox 393 4247 1973 4320">
    <p class='ocr_par' dir='ltr' id='par_1_72' title="bbox 393 4247 1973 4320">
     <span class='ocr_line' id='line_1_72' title="bbox 393 4247 1973 4320; baseline 0.003 -20"><span class='ocrx_word' id='word_1_501' title='bbox 393 4259 479 4303; x_wconf 85' lang='lat' dir='ltr'><strong>tos</strong></span> <span class='ocrx_word' id='word_1_502' title='bbox 526 4247 901 4311; x_wconf 82' lang='lat' dir='ltr'><strong>obtriverunt;</strong></span> <span class='ocrx_word' id='word_1_503' title='bbox 935 4248 1031 4303; x_wconf 86' lang='lat' dir='ltr'><strong>sed</strong></span> <span class='ocrx_word' id='word_1_504' title='bbox 1063 4249 1227 4303; x_wconf 88' lang='lat' dir='ltr'><strong>etiam</strong></span> <span class='ocrx_word' id='word_1_505' title='bbox 1300 4249 1619 4320; x_wconf 70' lang='lat' dir='ltr'><strong>)ppidorunt</strong></span> <span class='ocrx_word' id='word_1_506' title='bbox 1673 4251 1871 4305; x_wconf 75' lang='lat' dir='ltr'><strong>inmitia</strong></span> <span class='ocrx_word' id='word_1_507' title='bbox 1906 4251 1973 4304; x_wconf 91' lang='lat' dir='ltr'><strong>ab</strong></span> 
     </span>
    </p>
   </div>
   <div class='ocr_carea' id='block_1_73' title="bbox 394 4340 1976 4413">
    <p class='ocr_par' dir='ltr' id='par_1_73' title="bbox 394 4340 1976 4413">
     <span class='ocr_line' id='line_1_73' title="bbox 394 4340 1976 4413; baseline 0.002 -20"><span class='ocrx_word' id='word_1_508' title='bbox 394 4340 520 4394; x_wconf 82' lang='lat' dir='ltr'><strong>imis</strong></span> <span class='ocrx_word' id='word_1_509' title='bbox 573 4340 945 4394; x_wconf 82' lang='lat' dir='ltr'><strong>fundamentis</strong></span> <span class='ocrx_word' id='word_1_510' title='bbox 1000 4351 1272 4409; x_wconf 83' lang='lat' dir='ltr'><strong>prostrata</strong></span> <span class='ocrx_word' id='word_1_511' title='bbox 1331 4350 1481 4396; x_wconf 89' lang='lat' dir='ltr'><strong>sunt.</strong></span> <span class='ocrx_word' id='word_1_512' title='bbox 1541 4342 1769 4412; x_wconf 88' lang='lat' dir='ltr'><strong>Populi,</strong></span> <span class='ocrx_word' id='word_1_513' title='bbox 1835 4358 1976 4413; x_wconf 87' lang='lat' dir='ltr'><strong>quos</strong></span> 
     </span>
    </p>
   </div>
   <div class='ocr_carea' id='block_1_74' title="bbox 394 4432 1976 4504">
    <p class='ocr_par' dir='ltr' id='par_1_74' title="bbox 394 4432 1976 4504">
     <span class='ocr_line' id='line_1_74' title="bbox 394 4432 1976 4504; baseline 0.001 -20"><span class='ocrx_word' id='word_1_514' title='bbox 394 4432 569 4484; x_wconf 60' lang='lat' dir='ltr'><strong>ruina!</strong></span> <span class='ocrx_word' id='word_1_515' title='bbox 614 4446 723 4484; x_wconf 86' lang='lat' dir='ltr'><strong>non</strong></span> <span class='ocrx_word' id='word_1_516' title='bbox 772 4440 1124 4500; x_wconf 80' lang='lat' dir='ltr'><strong>Operucrant,</strong></span> <span class='ocrx_word' id='word_1_517' title='bbox 1160 4434 1412 4488; x_wconf 87' lang='lat' dir='ltr'><strong>videntes</strong></span> <span class='ocrx_word' id='word_1_518' title='bbox 1446 4449 1505 4488; x_wconf 90' lang='lat' dir='ltr'><strong>se</strong></span> <span class='ocrx_word' id='word_1_519' title='bbox 1555 4450 1737 4504; x_wconf 81' lang='lat' dir='ltr'><strong>neque</strong></span> <span class='ocrx_word' id='word_1_520' title='bbox 1784 4447 1976 4487; x_wconf 89' lang='lat' dir='ltr'><strong>muros</strong></span> 
     </span>
    </p>
   </div>
   <div class='ocr_carea' id='block_1_75' title="bbox 390 4518 1978 4593">
    <p class='ocr_par' dir='ltr' id='par_1_75' title="bbox 390 4518 1978 4593">
     <span class='ocr_line' id='line_1_75' title="bbox 390 4518 1978 4593; baseline 0.003 -21"><span class='ocrx_word' id='word_1_521' title='bbox 390 4519 664 4587; x_wconf 85' lang='lat' dir='ltr'><strong>collapsos</strong></span> <span class='ocrx_word' id='word_1_522' title='bbox 698 4518 856 4573; x_wconf 90' lang='lat' dir='ltr'><strong>facile</strong></span> <span class='ocrx_word' id='word_1_523' title='bbox 884 4534 1044 4591; x_wconf 89' lang='lat' dir='ltr'><strong>posse</strong></span> <span class='ocrx_word' id='word_1_524' title='bbox 1089 4523 1399 4577; x_wconf 86' lang='lat' dir='ltr'><strong>instaurare</strong></span> <span class='ocrx_word' id='word_1_525' title='bbox 1432 4539 1610 4593; x_wconf 87' lang='lat' dir='ltr'><strong>neque</strong></span> <span class='ocrx_word' id='word_1_526' title='bbox 1643 4524 1978 4578; x_wconf 86' lang='lat' dir='ltr'><strong>incursanti-</strong></span> 
     </span>
    </p>
   </div>
   <div class='ocr_carea' id='block_1_76' title="bbox 2063 3327 3661 3401">
    <p class='ocr_par' dir='ltr' id='par_1_76' title="bbox 2063 3327 3661 3401">
     <span class='ocr_line' id='line_1_76' title="bbox 2063 3327 3661 3401; baseline -0.004 -13"><span class='ocrx_word' id='word_1_527' title='bbox 2063 3334 2159 3388; x_wconf 77' lang='grc' dir='ltr'>καὶ</span> <span class='ocrx_word' id='word_1_528' title='bbox 2188 3330 2414 3400; x_wconf 79' lang='grc' dir='ltr'>πέμψας</span> <span class='ocrx_word' id='word_1_529' title='bbox 2443 3329 2743 3401; x_wconf 81' lang='grc' dir='ltr'>πρεσϐείαν</span> <span class='ocrx_word' id='word_1_530' title='bbox 2774 3329 2909 3399; x_wconf 76' lang='grc' dir='ltr'>πρὸς</span> <span class='ocrx_word' id='word_1_531' title='bbox 2947 3328 3219 3399; x_wconf 82' lang='grc' dir='ltr'>Ὀρχάνην</span> <span class='ocrx_word' id='word_1_532' title='bbox 3248 3328 3340 3381; x_wconf 65' lang='grc' dir='ltr'>τὸν</span> <span class='ocrx_word' id='word_1_533' title='bbox 3370 3327 3623 3401; x_wconf 77' lang='grc' dir='ltr'>γαμϐρδν</span> <span class='ocrx_word' id='word_1_534' title='bbox 3644 3369 3661 3393; x_wconf 88' lang='grc'><strong>,</strong></span> 
     </span>
    </p>
   </div>
   <div class='ocr_carea' id='block_1_77' title="bbox 2061 3419 3666 3495">
    <p class='ocr_par' dir='ltr' id='par_1_77' title="bbox 2061 3419 3666 3495">
     <span class='ocr_line' id='line_1_77' title="bbox 2061 3419 3666 3495; baseline -0.004 -18"><span class='ocrx_word' id='word_1_535' title='bbox 2061 3425 2182 3495; x_wconf 65' lang='lat' dir='ltr'><strong>ﬁrst</strong></span> <span class='ocrx_word' id='word_1_536' title='bbox 2210 3423 2270 3477; x_wconf 79' lang='grc' dir='ltr'>τὸ</span> <span class='ocrx_word' id='word_1_537' title='bbox 2301 3423 2561 3493; x_wconf 80' lang='grc' dir='ltr'>φρούριον</span> <span class='ocrx_word' id='word_1_538' title='bbox 2594 3419 2891 3474; x_wconf 83' lang='grc' dir='ltr'>ἀποδοῦναί</span> <span class='ocrx_word' id='word_1_539' title='bbox 2922 3421 2991 3483; x_wconf 75' lang='grc' dir='ltr'>οἱ,</span> <span class='ocrx_word' id='word_1_540' title='bbox 3026 3420 3120 3473; x_wconf 75' lang='grc' dir='ltr'><strong>καὶ</strong></span> <span class='ocrx_word' id='word_1_541' title='bbox 3147 3420 3244 3489; x_wconf 79' lang='grc' dir='ltr'>τῆς</span> <span class='ocrx_word' id='word_1_542' title='bbox 3274 3419 3500 3489; x_wconf 74' lang='grc' dir='ltr'>Θρᾴκης</span> <span class='ocrx_word' id='word_1_543' title='bbox 3530 3420 3666 3481; x_wconf 82' lang='grc' dir='ltr'>τοὺς</span> 
     </span>
    </p>
   </div>
   <div class='ocr_carea' id='block_1_78' title="bbox 2066 3509 3666 3587">
    <p class='ocr_par' dir='ltr' id='par_1_78' title="bbox 2066 3509 3666 3587">
     <span class='ocr_line' id='line_1_78' title="bbox 2066 3509 3666 3587; baseline -0.006 -16"><span class='ocrx_word' id='word_1_544' title='bbox 2066 3514 2377 3587; x_wconf 76' lang='grc' dir='ltr'>βαρϐάρους</span> <span class='ocrx_word' id='word_1_545' title='bbox 2425 3513 2719 3567; x_wconf 59' lang='grc' dir='ltr'>ἐκϐαλεῖν</span> <span class='ocrx_word' id='word_1_546' title='bbox 2767 3511 2827 3565; x_wconf 85' lang='grc' dir='ltr'><strong>οὐ</strong></span> <span class='ocrx_word' id='word_1_547' title='bbox 2880 3510 2989 3580; x_wconf 84' lang='grc' dir='ltr'>γὰρ</span> <span class='ocrx_word' id='word_1_548' title='bbox 3035 3511 3222 3565; x_wconf 77' lang='grc' dir='ltr'>δίκαια</span> <span class='ocrx_word' id='word_1_549' title='bbox 3271 3510 3448 3564; x_wconf 67' lang='grc' dir='ltr'>ποιεῖν</span> <span class='ocrx_word' id='word_1_550' title='bbox 3493 3509 3666 3563; x_wconf 73' lang='grc' dir='ltr'>αὐτὸν</span> 
     </span>
    </p>
   </div>
   <div class='ocr_carea' id='block_1_79' title="bbox 2064 3603 3654 3677">
    <p class='ocr_par' dir='ltr' id='par_1_79' title="bbox 2064 3603 3654 3677">
     <span class='ocr_line' id='line_1_79' title="bbox 2064 3603 3654 3677; baseline -0.005 -15"><span class='ocrx_word' id='word_1_551' title='bbox 2064 3609 2184 3663; x_wconf 74' lang='grc' dir='ltr'>οὐδὲ</span> <span class='ocrx_word' id='word_1_552' title='bbox 2225 3608 2575 3677; x_wconf 86' lang='grc' dir='ltr'>προσήκοντα</span> <span class='ocrx_word' id='word_1_553' title='bbox 2610 3608 2677 3677; x_wconf 81' lang='grc' dir='ltr'>τῇ</span> <span class='ocrx_word' id='word_1_554' title='bbox 2723 3607 2802 3668; x_wconf 88' lang='grc' dir='ltr'>εἰς</span> <span class='ocrx_word' id='word_1_555' title='bbox 2846 3605 3013 3659; x_wconf 78' lang='grc' dir='ltr'>αὑτὸν</span> <span class='ocrx_word' id='word_1_556' title='bbox 3048 3603 3269 3675; x_wconf 81' lang='grc' dir='ltr'>εὐνοίᾳ,</span> <span class='ocrx_word' id='word_1_557' title='bbox 3306 3608 3365 3655; x_wconf 83' lang='grc' dir='ltr'><strong>ὲν</strong></span> <span class='ocrx_word' id='word_1_558' title='bbox 3404 3603 3548 3674; x_wconf 79' lang='grc' dir='ltr'><strong>μέσῃ</strong></span> <span class='ocrx_word' id='word_1_559' title='bbox 3585 3605 3654 3674; x_wconf 82' lang='grc' dir='ltr'>τῇ</span> 
     </span>
    </p>
   </div>
   <div class='ocr_carea' id='block_1_80' title="bbox 2080 3694 3668 3771">
    <p class='ocr_par' dir='ltr' id='par_1_80' title="bbox 2080 3694 3668 3771">
     <span class='ocr_line' id='line_1_80' title="bbox 2080 3694 3668 3771; baseline -0.006 -15"><span class='ocrx_word' id='word_1_560' title='bbox 2080 3700 2370 3769; x_wconf 80' lang='grc' dir='ltr'>Ῥωμαίων</span> <span class='ocrx_word' id='word_1_561' title='bbox 2404 3702 2474 3771; x_wconf 77' lang='grc' dir='ltr'>γῇ</span> <span class='ocrx_word' id='word_1_562' title='bbox 2509 3699 2570 3753; x_wconf 73' lang='grc' dir='ltr'>τὸ</span> <span class='ocrx_word' id='word_1_563' title='bbox 2605 3697 2866 3769; x_wconf 86' lang='grc' dir='ltr'>φρούριον</span> <span class='ocrx_word' id='word_1_564' title='bbox 2900 3698 3221 3767; x_wconf 79' lang='grc' dir='ltr'>κατέχοντα.</span> <span class='ocrx_word' id='word_1_565' title='bbox 3255 3694 3363 3749; x_wconf 86' lang='grc' dir='ltr'><strong>Τοῦ</strong></span> <span class='ocrx_word' id='word_1_566' title='bbox 3397 3696 3453 3749; x_wconf 81' lang='grc' dir='ltr'>δὲ</span> <span class='ocrx_word' id='word_1_567' title='bbox 3476 3738 3489 3759; x_wconf 89' lang='grc'><strong>,</strong></span> <span class='ocrx_word' id='word_1_568' title='bbox 3530 3696 3668 3748; x_wconf 84' lang='grc' dir='ltr'>Σου-</span> 
     </span>
    </p>
   </div>
   <div class='ocr_carea' id='block_1_81' title="bbox 2064 3786 3669 3863">
    <p class='ocr_par' dir='ltr' id='par_1_81' title="bbox 2064 3786 3669 3863">
     <span class='ocr_line' id='line_1_81' title="bbox 2064 3786 3669 3863; baseline -0.004 -17"><span class='ocrx_word' id='word_1_569' title='bbox 2064 3791 2233 3863; x_wconf 67' lang='grc' dir='ltr'>λιμὰν</span> <span class='ocrx_word' id='word_1_570' title='bbox 2257 3791 2347 3845; x_wconf 79' lang='grc' dir='ltr'>τὸν</span> <span class='ocrx_word' id='word_1_571' title='bbox 2370 3791 2487 3844; x_wconf 74' lang='grc' dir='ltr'>υἱὸν</span> <span class='ocrx_word' id='word_1_572' title='bbox 2515 3789 2983 3859; x_wconf 77' lang='grc' dir='ltr'>προϐαλλομένου,</span> <span class='ocrx_word' id='word_1_573' title='bbox 3010 3789 3086 3851; x_wconf 86' lang='grc' dir='ltr'><strong>ώς</strong></span> <span class='ocrx_word' id='word_1_574' title='bbox 3111 3788 3203 3840; x_wconf 81' lang='grc' dir='ltr'>ὑπ’</span> <span class='ocrx_word' id='word_1_575' title='bbox 3223 3787 3389 3841; x_wconf 84' lang='grc' dir='ltr'>αὐτοῦ</span> <span class='ocrx_word' id='word_1_576' title='bbox 3414 3787 3474 3840; x_wconf 79' lang='grc' dir='ltr'><strong>τὸ</strong></span> <span class='ocrx_word' id='word_1_577' title='bbox 3501 3786 3669 3856; x_wconf 71' lang='grc' dir='ltr'>φρού-</span> 
     </span>
    </p>
   </div>
   <div class='ocr_carea' id='block_1_82' title="bbox 2073 3879 3668 3957">
    <p class='ocr_par' dir='ltr' id='par_1_82' title="bbox 2073 3879 3668 3957">
     <span class='ocr_line' id='line_1_82' title="bbox 2073 3879 3668 3957; baseline -0.004 -20"><span class='ocrx_word' id='word_1_578' title='bbox 2073 3901 2189 3954; x_wconf 84' lang='grc' dir='ltr'>ριον</span> <span class='ocrx_word' id='word_1_579' title='bbox 2218 3884 2507 3953; x_wconf 81' lang='grc' dir='ltr'>κατέχοιτο</span> <span class='ocrx_word' id='word_1_580' title='bbox 2526 3920 2541 3945; x_wconf 88' lang='grc'><strong>,</strong></span> <span class='ocrx_word' id='word_1_581' title='bbox 2575 3883 2671 3935; x_wconf 72' lang='grc' dir='ltr'><strong>καὶ</strong></span> <span class='ocrx_word' id='word_1_582' title='bbox 2700 3881 2874 3934; x_wconf 80' lang='grc' dir='ltr'>δέοιτό</span> <span class='ocrx_word' id='word_1_583' title='bbox 2900 3898 3047 3943; x_wconf 85' lang='grc' dir='ltr'>τινος</span> <span class='ocrx_word' id='word_1_584' title='bbox 3078 3880 3344 3957; x_wconf 84' lang='grc' dir='ltr'>πρὸςτὴν</span> <span class='ocrx_word' id='word_1_585' title='bbox 3374 3879 3668 3948; x_wconf 76' lang='grc' dir='ltr'>ἀπόλειψιν</span> 
     </span>
    </p>
   </div>
   <div class='ocr_carea' id='block_1_83' title="bbox 2070 3971 3671 4044">
    <p class='ocr_par' dir='ltr' id='par_1_83' title="bbox 2070 3971 3671 4044">
     <span class='ocr_line' id='line_1_83' title="bbox 2070 3971 3671 4044; baseline -0.005 -13"><span class='ocrx_word' id='word_1_586' title='bbox 2070 3976 2459 4043; x_wconf 79' lang='grc' dir='ltr'>ἁντιμισθίας,</span> <span class='ocrx_word' id='word_1_587' title='bbox 2498 3975 2726 4044; x_wconf 85' lang='grc' dir='ltr'>μυρίους</span> <span class='ocrx_word' id='word_1_588' title='bbox 2767 3972 3006 4043; x_wconf 83' lang='grc' dir='ltr'>χρυσοῦς</span> <span class='ocrx_word' id='word_1_589' title='bbox 3039 3973 3067 4025; x_wconf 91' lang='grc' dir='ltr'>ὁ</span> <span class='ocrx_word' id='word_1_590' title='bbox 3105 3971 3360 4041; x_wconf 82' lang='grc' dir='ltr'>βασιλεὺς</span> <span class='ocrx_word' id='word_1_591' title='bbox 3397 3972 3671 4040; x_wconf 79' lang='grc' dir='ltr'>ὑπέσχετο</span> 
     </span>
    </p>
   </div>
   <div class='ocr_carea' id='block_1_84' title="bbox 2073 4063 3670 4141">
    <p class='ocr_par' dir='ltr' id='par_1_84' title="bbox 2073 4063 3670 4141">
     <span class='ocr_line' id='line_1_84' title="bbox 2073 4063 3670 4141; baseline -0.004 -20"><span class='ocrx_word' id='word_1_592' title='bbox 2073 4070 2334 4141; x_wconf 82' lang='grc' dir='ltr'>παρέξειν</span> <span class='ocrx_word' id='word_1_593' title='bbox 2359 4067 2681 4138; x_wconf 79' lang='grc' dir='ltr'>φιλοτίμως.</span> <span class='ocrx_word' id='word_1_594' title='bbox 2705 4066 2856 4120; x_wconf 77' lang='grc' dir='ltr'>Μετὰ</span> <span class='ocrx_word' id='word_1_595' title='bbox 2884 4065 3083 4136; x_wconf 74' lang='grc' dir='ltr'>μικρὺν</span> <span class='ocrx_word' id='word_1_596' title='bbox 3108 4064 3166 4116; x_wconf 71' lang='grc' dir='ltr'>δὶ</span> <span class='ocrx_word' id='word_1_597' title='bbox 3191 4066 3286 4117; x_wconf 76' lang='grc' dir='ltr'>καὶ</span> <span class='ocrx_word' id='word_1_598' title='bbox 3311 4063 3527 4132; x_wconf 68' lang='grc' dir='ltr'>ἔπεμπε</span> <span class='ocrx_word' id='word_1_599' title='bbox 3552 4064 3670 4123; x_wconf 81' lang='grc' dir='ltr'>τοῖς</span> 
     </span>
    </p>
   </div>
   <div class='ocr_carea' id='block_1_85' title="bbox 2079 4155 3674 4233">
    <p class='ocr_par' dir='ltr' id='par_1_85' title="bbox 2079 4155 3674 4233">
     <span class='ocr_line' id='line_1_85' title="bbox 2079 4155 3674 4233; baseline -0.005 -17"><span class='ocrx_word' id='word_1_600' title='bbox 2079 4164 2375 4233; x_wconf 76' lang='grc' dir='ltr'>βαρϐάροις</span> <span class='ocrx_word' id='word_1_601' title='bbox 2400 4160 2491 4213; x_wconf 82' lang='grc' dir='ltr'><strong>τὸν</strong></span> <span class='ocrx_word' id='word_1_602' title='bbox 2517 4159 2720 4228; x_wconf 72' lang='grc' dir='ltr'>χρυσόν</span> <span class='ocrx_word' id='word_1_603' title='bbox 2745 4173 2759 4188; x_wconf 82' lang='grc'><strong>’</strong></span> <span class='ocrx_word' id='word_1_604' title='bbox 2787 4159 3031 4212; x_wconf 80' lang='grc' dir='ltr'>κάκεῖνοι</span> <span class='ocrx_word' id='word_1_605' title='bbox 3058 4155 3312 4224; x_wconf 74' lang='grc' dir='ltr'>ἔπεμψαν</span> <span class='ocrx_word' id='word_1_606' title='bbox 3333 4156 3461 4217; x_wconf 75' lang='grc' dir='ltr'>τους</span> <span class='ocrx_word' id='word_1_607' title='bbox 3488 4171 3674 4223; x_wconf 81' lang='grc' dir='ltr'>παρα-</span> 
     </span>
    </p>
   </div>
   <div class='ocr_carea' id='block_1_86' title="bbox 2073 4246 3673 4322">
    <p class='ocr_par' dir='ltr' id='par_1_86' title="bbox 2073 4246 3673 4322">
     <span class='ocr_line' id='line_1_86' title="bbox 2073 4246 3673 4322; baseline -0.008 -13"><span class='ocrx_word' id='word_1_608' title='bbox 2073 4255 2345 4317; x_wconf 79' lang='grc' dir='ltr'>δώσοντας</span> <span class='ocrx_word' id='word_1_609' title='bbox 2392 4252 2606 4322; x_wconf 78' lang='grc' dir='ltr'>βασιλεῖ</span> <span class='ocrx_word' id='word_1_610' title='bbox 2642 4252 2704 4305; x_wconf 74' lang='grc' dir='ltr'><strong>τὸ</strong></span> <span class='ocrx_word' id='word_1_611' title='bbox 2746 4249 3028 4319; x_wconf 83' lang='grc' dir='ltr'>φρούριον.</span> <span class='ocrx_word' id='word_1_612' title='bbox 3067 4247 3159 4301; x_wconf 85' lang='grc' dir='ltr'>Ἐν</span> <span class='ocrx_word' id='word_1_613' title='bbox 3200 4246 3413 4311; x_wconf 78' lang='grc' dir='ltr'>τούτοις</span> <span class='ocrx_word' id='word_1_614' title='bbox 3459 4246 3515 4301; x_wconf 77' lang='grc' dir='ltr'>δὲ</span> <span class='ocrx_word' id='word_1_615' title='bbox 3557 4247 3673 4298; x_wconf 81' lang='grc' dir='ltr'>τῶν</span> 
     </span>
    </p>
   </div>
   <div class='ocr_carea' id='block_1_87' title="bbox 2076 4334 3675 4414">
    <p class='ocr_par' dir='ltr' id='par_1_87' title="bbox 2076 4334 3675 4414">
     <span class='ocr_line' id='line_1_87' title="bbox 2076 4334 3675 4414; baseline -0.007 -16"><span class='ocrx_word' id='word_1_616' title='bbox 2076 4344 2418 4414; x_wconf 74' lang='grc' dir='ltr'>πραγμάτω)</span> <span class='ocrx_word' id='word_1_617' title='bbox 2449 4342 2639 4405; x_wconf 81' lang='grc' dir='ltr'>ὄντων,</span> <span class='ocrx_word' id='word_1_618' title='bbox 2670 4334 2756 4393; x_wconf 76' lang='grc' dir='ltr'>οἷα</span> <span class='ocrx_word' id='word_1_619' title='bbox 2785 4340 2851 4393; x_wconf 74' lang='grc' dir='ltr'>τὰ</span> <span class='ocrx_word' id='word_1_620' title='bbox 2878 4339 2972 4393; x_wconf 84' lang='grc' dir='ltr'><strong>τοῦ</strong></span> <span class='ocrx_word' id='word_1_621' title='bbox 3003 4337 3138 4391; x_wconf 81' lang='grc' dir='ltr'>Θεοῦ</span> <span class='ocrx_word' id='word_1_622' title='bbox 3164 4339 3411 4407; x_wconf 81' lang='grc' dir='ltr'>κρίματα</span> <span class='ocrx_word' id='word_1_623' title='bbox 3430 4378 3443 4395; x_wconf 92' lang='lat'><strong>.</strong></span> <span class='ocrx_word' id='word_1_624' title='bbox 3472 4338 3675 4406; x_wconf 70' lang='grc' dir='ltr'>ἀθρόον</span> 
     </span>
    </p>
   </div>
   <div class='ocr_carea' id='block_1_88' title="bbox 2077 4426 3676 4503">
    <p class='ocr_par' dir='ltr' id='par_1_88' title="bbox 2077 4426 3676 4503">
     <span class='ocr_line' id='line_1_88' title="bbox 2077 4426 3676 4503; baseline -0.005 -13"><span class='ocrx_word' id='word_1_625' title='bbox 2077 4438 2313 4500; x_wconf 74' lang='grc' dir='ltr'>ἐξαίσιος</span> <span class='ocrx_word' id='word_1_626' title='bbox 2344 4434 2734 4503; x_wconf 72' lang='grc' dir='ltr'>ἐπιγενόμενος</span> <span class='ocrx_word' id='word_1_627' title='bbox 2767 4432 2991 4502; x_wconf 73' lang='grc' dir='ltr'>σεισμὸς</span> <span class='ocrx_word' id='word_1_628' title='bbox 3022 4426 3157 4502; x_wconf 73' lang='grc' dir='ltr'>ἦρος</span> <span class='ocrx_word' id='word_1_629' title='bbox 3187 4430 3519 4499; x_wconf 76' lang='grc' dir='ltr'>ἀρχομένου.</span> <span class='ocrx_word' id='word_1_630' title='bbox 3557 4430 3676 4497; x_wconf 79' lang='grc' dir='ltr'><strong>μάο</strong></span> 
     </span>
    </p>
   </div>
   <div class='ocr_carea' id='block_1_89' title="bbox 2078 4520 3678 4595">
    <p class='ocr_par' dir='ltr' id='par_1_89' title="bbox 2078 4520 3678 4595">
     <span class='ocr_line' id='line_1_89' title="bbox 2078 4520 3678 4595; baseline -0.006 -15"><span class='ocrx_word' id='word_1_631' title='bbox 2078 4528 2237 4581; x_wconf 88' lang='grc' dir='ltr'>λιστα</span> <span class='ocrx_word' id='word_1_632' title='bbox 2269 4529 2324 4579; x_wconf 74' lang='grc' dir='ltr'><strong>ὲν</strong></span> <span class='ocrx_word' id='word_1_633' title='bbox 2354 4527 2549 4595; x_wconf 87' lang='grc' dir='ltr'>ἀρχαῖς</span> <span class='ocrx_word' id='word_1_634' title='bbox 2577 4527 2674 4593; x_wconf 81' lang='grc' dir='ltr'>τῆς</span> <span class='ocrx_word' id='word_1_635' title='bbox 2705 4524 2917 4587; x_wconf 75' lang='grc' dir='ltr'>νυκτὸς,</span> <span class='ocrx_word' id='word_1_636' title='bbox 2942 4524 3042 4587; x_wconf 70' lang='grc' dir='ltr'><strong>τὰς</strong></span> <span class='ocrx_word' id='word_1_637' title='bbox 3074 4520 3378 4592; x_wconf 79' lang='grc' dir='ltr'>παραλίους</span> <span class='ocrx_word' id='word_1_638' title='bbox 3402 4523 3501 4588; x_wconf 76' lang='grc' dir='ltr'>τῆς</span> <span class='ocrx_word' id='word_1_639' title='bbox 3527 4520 3678 4591; x_wconf 83' lang='grc' dir='ltr'>Θρᾴ-</span> 
     </span>
    </p>
   </div>
   <div class='ocr_carea' id='block_1_90' title="bbox 398 4610 1958 4689">
    <p class='ocr_par' dir='ltr' id='par_1_90' title="bbox 398 4610 1958 4683">
     <span class='ocr_line' id='line_1_90' title="bbox 398 4610 1958 4683; baseline 0.001 -19"><span class='ocrx_word' id='word_1_640' title='bbox 398 4613 499 4665; x_wconf 87' lang='lat' dir='ltr'><strong>bus</strong></span> <span class='ocrx_word' id='word_1_641' title='bbox 529 4610 784 4666; x_wconf 89' lang='lat' dir='ltr'><strong>Barbaris</strong></span> <span class='ocrx_word' id='word_1_642' title='bbox 828 4611 944 4667; x_wconf 85' lang='lat' dir='ltr'><strong>fore</strong></span> <span class='ocrx_word' id='word_1_643' title='bbox 984 4628 1165 4682; x_wconf 86' lang='lat' dir='ltr'><strong>pares,</strong></span> <span class='ocrx_word' id='word_1_644' title='bbox 1198 4622 1639 4683; x_wconf 81' lang='lat' dir='ltr'><strong>metuentesque,</strong></span> <span class='ocrx_word' id='word_1_645' title='bbox 1674 4629 1742 4667; x_wconf 92' lang='lat' dir='ltr'><strong>ne</strong></span> <span class='ocrx_word' id='word_1_646' title='bbox 1775 4613 1827 4665; x_wconf 89' lang='lat' dir='ltr'><strong>in</strong></span> <span class='ocrx_word' id='word_1_647' title='bbox 1860 4627 1958 4666; x_wconf 50' lang='lat' dir='ltr'><strong>ser.</strong></span> 
     </span>
    </p>
   </div>
   <div class='ocr_carea' id='block_1_91' title="bbox 2061 4610 3681 4689">
    <p class='ocr_par' dir='ltr' id='par_1_91' title="bbox 2083 4613 3681 4689">
     <span class='ocr_line' id='line_1_91' title="bbox 2083 4613 3681 4689; baseline -0.004 -16"><span class='ocrx_word' id='word_1_648' title='bbox 2083 4636 2185 4689; x_wconf 88' lang='grc' dir='ltr'><strong>κης</strong></span> <span class='ocrx_word' id='word_1_649' title='bbox 2220 4619 2405 4683; x_wconf 84' lang='grc' dir='ltr'>πόλεις</span> <span class='ocrx_word' id='word_1_650' title='bbox 2436 4618 2619 4687; x_wconf 76' lang='grc' dir='ltr'>ὀλίγου</span> <span class='ocrx_word' id='word_1_651' title='bbox 2653 4616 2762 4670; x_wconf 87' lang='grc' dir='ltr'>δεῖν</span> <span class='ocrx_word' id='word_1_652' title='bbox 2791 4616 3096 4684; x_wconf 78' lang='grc' dir='ltr'>διέφθειρεν</span> <span class='ocrx_word' id='word_1_653' title='bbox 3124 4616 3370 4677; x_wconf 73' lang='grc' dir='ltr'>ἁπάσας.</span> <span class='ocrx_word' id='word_1_654' title='bbox 3398 4614 3478 4667; x_wconf 82' lang='grc' dir='ltr'><strong>Οὐ</strong></span> <span class='ocrx_word' id='word_1_655' title='bbox 3511 4613 3681 4683; x_wconf 86' lang='grc' dir='ltr'>μόνον</span> 
     </span>
    </p>
   </div>
   <div class='ocr_carea' id='block_1_92' title="bbox 394 4700 1980 4771">
    <p class='ocr_par' dir='ltr' id='par_1_92' title="bbox 394 4700 1980 4771">
     <span class='ocr_line' id='line_1_92' title="bbox 394 4700 1980 4771; baseline 0 -16"><span class='ocrx_word' id='word_1_656' title='bbox 394 4702 568 4755; x_wconf 79' lang='lat' dir='ltr'><strong>vitute</strong></span> <span class='ocrx_word' id='word_1_657' title='bbox 619 4700 689 4755; x_wconf 89' lang='lat' dir='ltr'><strong>ab</strong></span> <span class='ocrx_word' id='word_1_658' title='bbox 747 4700 854 4756; x_wconf 87' lang='lat' dir='ltr'><strong>illis</strong></span> <span class='ocrx_word' id='word_1_659' title='bbox 911 4712 1256 4771; x_wconf 89' lang='lat' dir='ltr'><strong>raperentur,</strong></span> <span class='ocrx_word' id='word_1_660' title='bbox 1313 4702 1609 4771; x_wconf 83' lang='lat' dir='ltr'><strong>assumptis</strong></span> <span class='ocrx_word' id='word_1_661' title='bbox 1657 4701 1868 4766; x_wconf 79' lang='lat' dir='ltr'><strong>liberis,</strong></span> <span class='ocrx_word' id='word_1_662' title='bbox 1924 4708 1980 4755; x_wconf 85' lang='lat' dir='ltr'><strong>et</strong></span> 
     </span>
    </p>
   </div>
   <div class='ocr_carea' id='block_1_93' title="bbox 401 4793 1982 4864">
    <p class='ocr_par' dir='ltr' id='par_1_93' title="bbox 401 4793 1982 4864">
     <span class='ocr_line' id='line_1_93' title="bbox 401 4793 1982 4864; baseline 0.001 -18"><span class='ocrx_word' id='word_1_663' title='bbox 401 4793 686 4857; x_wconf 81' lang='lat' dir='ltr'><strong>uxoribus,</strong></span> <span class='ocrx_word' id='word_1_664' title='bbox 723 4803 880 4848; x_wconf 88' lang='lat' dir='ltr'><strong>nocte</strong></span> <span class='ocrx_word' id='word_1_665' title='bbox 915 4794 1004 4848; x_wconf 89' lang='lat' dir='ltr'><strong>illa</strong></span> <span class='ocrx_word' id='word_1_666' title='bbox 1038 4795 1105 4847; x_wconf 90' lang='lat' dir='ltr'><strong>ad</strong></span> <span class='ocrx_word' id='word_1_667' title='bbox 1142 4796 1419 4864; x_wconf 78' lang='lat' dir='ltr'><strong>proximas</strong></span> <span class='ocrx_word' id='word_1_668' title='bbox 1452 4796 1633 4858; x_wconf 88' lang='lat' dir='ltr'><strong>urbes,</strong></span> <span class='ocrx_word' id='word_1_669' title='bbox 1658 4810 1795 4864; x_wconf 90' lang='lat' dir='ltr'><strong>quas</strong></span> <span class='ocrx_word' id='word_1_670' title='bbox 1821 4803 1982 4847; x_wconf 65' lang='lat' dir='ltr'><strong>terra:</strong></span> 
     </span>
    </p>
   </div>
   <div class='ocr_carea' id='block_1_94' title="bbox 398 4883 1982 4950">
    <p class='ocr_par' dir='ltr' id='par_1_94' title="bbox 398 4883 1982 4950">
     <span class='ocr_line' id='line_1_94' title="bbox 398 4883 1982 4950; baseline 0.001 -13"><span class='ocrx_word' id='word_1_671' title='bbox 398 4897 671 4939; x_wconf 88' lang='lat' dir='ltr'><strong>concussu</strong></span> <span class='ocrx_word' id='word_1_672' title='bbox 703 4899 813 4938; x_wconf 87' lang='lat' dir='ltr'><strong>non</strong></span> <span class='ocrx_word' id='word_1_673' title='bbox 860 4884 1171 4939; x_wconf 87' lang='lat' dir='ltr'><strong>concidisse</strong></span> <span class='ocrx_word' id='word_1_674' title='bbox 1204 4886 1641 4950; x_wconf 85' lang='lat' dir='ltr'><strong>arbitrabantur,</strong></span> <span class='ocrx_word' id='word_1_675' title='bbox 1683 4883 1982 4938; x_wconf 84' lang='lat' dir='ltr'><strong>contende-</strong></span> 
     </span>
    </p>
   </div>
   <div class='ocr_carea' id='block_1_95' title="bbox 401 4976 1984 5043">
    <p class='ocr_par' dir='ltr' id='par_1_95' title="bbox 401 4976 1984 5043">
     <span class='ocr_line' id='line_1_95' title="bbox 401 4976 1984 5043; baseline 0.001 -14"><span class='ocrx_word' id='word_1_676' title='bbox 401 4976 556 5030; x_wconf 85' lang='lat' dir='ltr'><strong>bant.</strong></span> <span class='ocrx_word' id='word_1_677' title='bbox 609 4976 1043 5032; x_wconf 81' lang='lat' dir='ltr'><strong>Exsistentibus-</strong></span> <span class='ocrx_word' id='word_1_678' title='bbox 1080 4993 1214 5032; x_wconf 84' lang='lat' dir='ltr'><strong>vero</strong></span> <span class='ocrx_word' id='word_1_679' title='bbox 1273 4978 1566 5041; x_wconf 85' lang='lat' dir='ltr'><strong>imbribus,</strong></span> <span class='ocrx_word' id='word_1_680' title='bbox 1620 4977 1862 5043; x_wconf 88' lang='lat' dir='ltr'><strong>nivibus,</strong></span> <span class='ocrx_word' id='word_1_681' title='bbox 1927 4986 1984 5031; x_wconf 89' lang='lat' dir='ltr'><strong>et</strong></span> 
     </span>
    </p>
   </div>
   <div class='ocr_carea' id='block_1_96' title="bbox 402 5069 1989 5145">
    <p class='ocr_par' dir='ltr' id='par_1_96' title="bbox 402 5069 1989 5145">
     <span class='ocr_line' id='line_1_96' title="bbox 402 5069 1989 5145; baseline 0.001 -22"><span class='ocrx_word' id='word_1_682' title='bbox 402 5069 715 5124; x_wconf 89' lang='lat' dir='ltr'><strong>incredibili</strong></span> <span class='ocrx_word' id='word_1_683' title='bbox 747 5069 971 5140; x_wconf 81' lang='lat' dir='ltr'><strong>frigore,</strong></span> <span class='ocrx_word' id='word_1_684' title='bbox 1005 5071 1097 5125; x_wconf 91' lang='lat' dir='ltr'><strong>alii</strong></span> <span class='ocrx_word' id='word_1_685' title='bbox 1139 5071 1325 5141; x_wconf 82' lang='lat' dir='ltr'><strong>algore</strong></span> <span class='ocrx_word' id='word_1_686' title='bbox 1359 5070 1736 5125; x_wconf 84' lang='lat' dir='ltr'><strong>enecabantur</strong></span> <span class='ocrx_word' id='word_1_687' title='bbox 1770 5070 1989 5145; x_wconf 84' lang='lat' dir='ltr'><strong>(mulie-</strong></span> 
     </span>
    </p>
   </div>
   <div class='ocr_carea' id='block_1_97' title="bbox 407 5161 1987 5231">
    <p class='ocr_par' dir='ltr' id='par_1_97' title="bbox 407 5161 1987 5231">
     <span class='ocr_line' id='line_1_97' title="bbox 407 5161 1987 5231; baseline 0.003 -18"><span class='ocrx_word' id='word_1_688' title='bbox 407 5178 494 5217; x_wconf 87' lang='lat' dir='ltr'><strong>res</strong></span> <span class='ocrx_word' id='word_1_689' title='bbox 527 5163 853 5231; x_wconf 69' lang='lat' dir='ltr'><strong>praesertim,</strong></span> <span class='ocrx_word' id='word_1_690' title='bbox 902 5172 959 5217; x_wconf 91' lang='lat' dir='ltr'><strong>et</strong></span> <span class='ocrx_word' id='word_1_691' title='bbox 1007 5162 1294 5228; x_wconf 85' lang='lat' dir='ltr'><strong>infantes),</strong></span> <span class='ocrx_word' id='word_1_692' title='bbox 1328 5161 1549 5231; x_wconf 79' lang='lat' dir='ltr'><strong>reliqui,</strong></span> <span class='ocrx_word' id='word_1_693' title='bbox 1595 5162 1787 5231; x_wconf 88' lang='lat' dir='ltr'><strong>paucis</strong></span> <span class='ocrx_word' id='word_1_694' title='bbox 1826 5177 1987 5218; x_wconf 81' lang='lat' dir='ltr'><strong>cxce-</strong></span> 
     </span>
    </p>
   </div>
   <div class='ocr_carea' id='block_1_98' title="bbox 2083 4707 3684 4780">
    <p class='ocr_par' dir='ltr' id='par_1_98' title="bbox 2083 4707 3684 4780">
     <span class='ocr_line' id='line_1_98' title="bbox 2083 4707 3684 4780; baseline -0.004 -16"><span class='ocrx_word' id='word_1_695' title='bbox 2083 4711 2194 4780; x_wconf 76' lang='grc' dir='ltr'><strong>γὰρ</strong></span> <span class='ocrx_word' id='word_1_696' title='bbox 2240 4710 2409 4764; x_wconf 63' lang='grc' dir='ltr'>οἰκίαι</span> <span class='ocrx_word' id='word_1_697' title='bbox 2453 4709 2760 4763; x_wconf 76' lang='grc' dir='ltr'>κατέπεσον</span> <span class='ocrx_word' id='word_1_698' title='bbox 2805 4710 2898 4761; x_wconf 72' lang='grc' dir='ltr'><strong>ἐπὶ</strong></span> <span class='ocrx_word' id='word_1_699' title='bbox 2935 4709 3063 4771; x_wconf 81' lang='grc' dir='ltr'>τοὺς</span> <span class='ocrx_word' id='word_1_700' title='bbox 3107 4707 3533 4779; x_wconf 73' lang='grc' dir='ltr'>κατοικοῦντας,</span> <span class='ocrx_word' id='word_1_701' title='bbox 3578 4707 3684 4759; x_wconf 65' lang='grc' dir='ltr'>καὶ.</span> 
     </span>
    </p>
   </div>
   <div class='ocr_carea' id='block_1_99' title="bbox 2080 4796 3681 4870">
    <p class='ocr_par' dir='ltr' id='par_1_99' title="bbox 2080 4796 3681 4870">
     <span class='ocr_line' id='line_1_99' title="bbox 2080 4796 3681 4870; baseline -0.006 -17"><span class='ocrx_word' id='word_1_702' title='bbox 2080 4798 2396 4870; x_wconf 70' lang='grc' dir='ltr'>διέφθεῖραν</span> <span class='ocrx_word' id='word_1_703' title='bbox 2432 4799 2684 4863; x_wconf 73' lang='grc' dir='ltr'>πολλοὺς,</span> <span class='ocrx_word' id='word_1_704' title='bbox 2723 4798 2861 4852; x_wconf 79' lang='grc' dir='ltr'>ἀλλὰ</span> <span class='ocrx_word' id='word_1_705' title='bbox 2895 4799 2990 4850; x_wconf 81' lang='grc' dir='ltr'>καὶ</span> <span class='ocrx_word' id='word_1_706' title='bbox 3022 4796 3091 4849; x_wconf 76' lang='grc' dir='ltr'>τὰ</span> <span class='ocrx_word' id='word_1_707' title='bbox 3125 4796 3235 4848; x_wconf 83' lang='grc' dir='ltr'><strong>τῶν</strong></span> <span class='ocrx_word' id='word_1_708' title='bbox 3271 4796 3483 4851; x_wconf 82' lang='grc' dir='ltr'>πόλεων</span> <span class='ocrx_word' id='word_1_709' title='bbox 3519 4796 3681 4866; x_wconf 74' lang='grc' dir='ltr'>τείχη</span> 
     </span>
    </p>
   </div>
   <div class='ocr_carea' id='block_1_100' title="bbox 2085 4886 3683 4960">
    <p class='ocr_par' dir='ltr' id='par_1_100' title="bbox 2085 4886 3683 4960">
     <span class='ocr_line' id='line_1_100' title="bbox 2085 4886 3683 4960; baseline -0.003 -18"><span class='ocrx_word' id='word_1_710' title='bbox 2085 4891 2145 4956; x_wconf 80' lang='grc' dir='ltr'>ἐξ</span> <span class='ocrx_word' id='word_1_711' title='bbox 2174 4893 2353 4944; x_wconf 77' lang='grc' dir='ltr'>αὐτῶν</span> <span class='ocrx_word' id='word_1_712' title='bbox 2384 4890 2667 4960; x_wconf 69' lang='grc' dir='ltr'>κρηπίδων</span> <span class='ocrx_word' id='word_1_713' title='bbox 2699 4887 3028 4958; x_wconf 81' lang='grc' dir='ltr'>κατεϐλήθη.</span> <span class='ocrx_word' id='word_1_714' title='bbox 3058 4886 3123 4942; x_wconf 87' lang='grc' dir='ltr'>Οί</span> <span class='ocrx_word' id='word_1_715' title='bbox 3154 4887 3316 4957; x_wconf 77' lang='grc' dir='ltr'>δῆμοι</span> <span class='ocrx_word' id='word_1_716' title='bbox 3346 4888 3399 4941; x_wconf 80' lang='grc' dir='ltr'>δὲ</span> <span class='ocrx_word' id='word_1_717' title='bbox 3433 4887 3542 4941; x_wconf 86' lang='grc' dir='ltr'><strong>τῶν</strong></span> <span class='ocrx_word' id='word_1_718' title='bbox 3575 4887 3683 4940; x_wconf 73' lang='grc' dir='ltr'><strong>πό·</strong></span> 
     </span>
    </p>
   </div>
   <div class='ocr_carea' id='block_1_101' title="bbox 2084 4964 3687 5052">
    <p class='ocr_par' dir='ltr' id='par_1_101' title="bbox 2084 4964 3687 5052">
     <span class='ocr_line' id='line_1_101' title="bbox 2084 4964 3687 5052; baseline -0.002 -18"><span class='ocrx_word' id='word_1_719' title='bbox 2084 4983 2222 5036; x_wconf 89' lang='grc' dir='ltr'>λεων</span> <span class='ocrx_word' id='word_1_720' title='bbox 2253 4984 2369 5036; x_wconf 88' lang='grc' dir='ltr'>ὅσοι</span> <span class='ocrx_word' id='word_1_721' title='bbox 2408 4984 2484 5052; x_wconf 80' lang='grc' dir='ltr'><strong>μὴ</strong></span> <span class='ocrx_word' id='word_1_722' title='bbox 2517 4981 2891 5051; x_wconf 67' lang='grc' dir='ltr'>διεφθάρησαν</span> <span class='ocrx_word' id='word_1_723' title='bbox 2922 4964 3166 5033; x_wconf 70' lang='grc' dir='ltr'><strong>ὑπ&gt;›’τιῖ›ν</strong></span> <span class='ocrx_word' id='word_1_724' title='bbox 3197 4979 3493 5048; x_wconf 78' lang='grc' dir='ltr'>ἐρειπίων,</span> <span class='ocrx_word' id='word_1_725' title='bbox 3530 4996 3687 5031; x_wconf 85' lang='grc' dir='ltr'>συνι-</span> 
     </span>
    </p>
   </div>
   <div class='ocr_carea' id='block_1_102' title="bbox 2085 5070 3684 5143">
    <p class='ocr_par' dir='ltr' id='par_1_102' title="bbox 2085 5070 3684 5143">
     <span class='ocr_line' id='line_1_102' title="bbox 2085 5070 3684 5143; baseline -0.005 -14"><span class='ocrx_word' id='word_1_726' title='bbox 2085 5074 2268 5136; x_wconf 81' lang='grc' dir='ltr'>δόντες</span> <span class='ocrx_word' id='word_1_727' title='bbox 2300 5073 2376 5135; x_wconf 87' lang='grc' dir='ltr'><strong>ὡς</strong></span> <span class='ocrx_word' id='word_1_728' title='bbox 2409 5072 2521 5126; x_wconf 76' lang='grc' dir='ltr'>οὔτ’</span> <span class='ocrx_word' id='word_1_729' title='bbox 2546 5072 2811 5143; x_wconf 78' lang='grc' dir='ltr'>ἀνορθοῦν</span> <span class='ocrx_word' id='word_1_730' title='bbox 2842 5070 3165 5140; x_wconf 75' lang='grc' dir='ltr'>δυνήσονται</span> <span class='ocrx_word' id='word_1_731' title='bbox 3204 5071 3381 5141; x_wconf 79' lang='grc' dir='ltr'>ῥᾷστα</span> <span class='ocrx_word' id='word_1_732' title='bbox 3408 5071 3475 5122; x_wconf 71' lang='grc' dir='ltr'>τὰ</span> <span class='ocrx_word' id='word_1_733' title='bbox 3512 5087 3684 5122; x_wconf 81' lang='grc' dir='ltr'>κατα-</span> 
     </span>
    </p>
   </div>
   <div class='ocr_carea' id='block_1_103' title="bbox 2088 5160 3691 5236">
    <p class='ocr_par' dir='ltr' id='par_1_103' title="bbox 2088 5160 3691 5236">
     <span class='ocr_line' id='line_1_103' title="bbox 2088 5160 3691 5236; baseline -0.004 -16"><span class='ocrx_word' id='word_1_734' title='bbox 2088 5166 2403 5236; x_wconf 78' lang='grc' dir='ltr'>ϐεϐλημένα</span> <span class='ocrx_word' id='word_1_735' title='bbox 2449 5164 2558 5217; x_wconf 81' lang='grc' dir='ltr'><strong>τῶν</strong></span> <span class='ocrx_word' id='word_1_736' title='bbox 2607 5164 2837 5234; x_wconf 74' lang='grc' dir='ltr'>τειχῶν,</span> <span class='ocrx_word' id='word_1_737' title='bbox 2881 5161 2995 5215; x_wconf 71' lang='grc' dir='ltr'>οὔτ’</span> <span class='ocrx_word' id='word_1_738' title='bbox 3020 5162 3326 5231; x_wconf 75' lang='grc' dir='ltr'>ἀμύνεσθαι</span> <span class='ocrx_word' id='word_1_739' title='bbox 3378 5160 3512 5231; x_wconf 71' lang='grc' dir='ltr'>πρὸς</span> <span class='ocrx_word' id='word_1_740' title='bbox 3558 5161 3691 5224; x_wconf 80' lang='grc' dir='ltr'>τοὺς</span> 
     </span>
    </p>
   </div>
   <div class='ocr_carea' id='block_1_104' title="bbox 406 5250 1958 5328">
    <p class='ocr_par' dir='ltr' id='par_1_104' title="bbox 406 5252 1956 5324">
     <span class='ocr_line' id='line_1_104' title="bbox 406 5252 1956 5324; baseline 0.004 -22"><span class='ocrx_word' id='word_1_741' title='bbox 406 5253 534 5322; x_wconf 88' lang='lat' dir='ltr'><strong>ptis.</strong></span> <span class='ocrx_word' id='word_1_742' title='bbox 570 5263 841 5323; x_wconf 81' lang='lat' dir='ltr'><strong>quotquot</strong></span> <span class='ocrx_word' id='word_1_743' title='bbox 885 5254 1093 5324; x_wconf 82' lang='lat' dir='ltr'><strong>frigore</strong></span> <span class='ocrx_word' id='word_1_744' title='bbox 1126 5262 1386 5322; x_wconf 82' lang='lat' dir='ltr'><strong>superato</strong></span> <span class='ocrx_word' id='word_1_745' title='bbox 1419 5252 1486 5306; x_wconf 85' lang='lat' dir='ltr'><strong>ad</strong></span> <span class='ocrx_word' id='word_1_746' title='bbox 1537 5254 1704 5307; x_wconf 86' lang='lat' dir='ltr'><strong>urbes</strong></span> <span class='ocrx_word' id='word_1_747' title='bbox 1744 5253 1956 5323; x_wconf 77' lang='lat' dir='ltr'><strong>integra</strong></span> 
     </span>
    </p>
   </div>
   <div class='ocr_carea' id='block_1_105' title="bbox 2061 5250 3692 5328">
    <p class='ocr_par' dir='ltr' id='par_1_105' title="bbox 2093 5250 3692 5328">
     <span class='ocr_line' id='line_1_105' title="bbox 2093 5250 3692 5328; baseline -0.008 -18"><span class='ocrx_word' id='word_1_748' title='bbox 2093 5257 2404 5328; x_wconf 84' lang='grc' dir='ltr'>βαρϐάρους</span> <span class='ocrx_word' id='word_1_749' title='bbox 2436 5255 2501 5309; x_wconf 83' lang='grc' dir='ltr'><strong>ἂν</strong></span> <span class='ocrx_word' id='word_1_750' title='bbox 2532 5256 2759 5308; x_wconf 76' lang='grc' dir='ltr'>ἐπίωσιν</span> <span class='ocrx_word' id='word_1_751' title='bbox 2790 5253 3084 5323; x_wconf 79' lang='grc' dir='ltr'>ἀξιόμαχοί</span> <span class='ocrx_word' id='word_1_752' title='bbox 3116 5255 3248 5319; x_wconf 86' lang='grc' dir='ltr'>εἰσι,</span> <span class='ocrx_word' id='word_1_753' title='bbox 3283 5252 3376 5304; x_wconf 67' lang='grc' dir='ltr'><strong>καὶ</strong></span> <span class='ocrx_word' id='word_1_754' title='bbox 3408 5250 3692 5313; x_wconf 80' lang='grc' dir='ltr'>δείσαντες</span> 
     </span>
    </p>
   </div>
   <div class='ocr_carea' id='block_1_106' title="bbox 408 5346 1993 5416">
    <p class='ocr_par' dir='ltr' id='par_1_106' title="bbox 408 5346 1993 5416">
     <span class='ocr_line' id='line_1_106' title="bbox 408 5346 1993 5416; baseline 0.002 -19"><span class='ocrx_word' id='word_1_755' title='bbox 408 5346 809 5416; x_wconf 79' lang='lat' dir='ltr'><strong>perfugiebant,</strong></span> <span class='ocrx_word' id='word_1_756' title='bbox 839 5362 1031 5401; x_wconf 89' lang='lat' dir='ltr'><strong>omnes</strong></span> <span class='ocrx_word' id='word_1_757' title='bbox 1072 5362 1102 5400; x_wconf 85' lang='lat' dir='ltr'><strong>a</strong></span> <span class='ocrx_word' id='word_1_758' title='bbox 1144 5346 1400 5399; x_wconf 83' lang='lat' dir='ltr'><strong>Barbaris</strong></span> <span class='ocrx_word' id='word_1_759' title='bbox 1442 5346 1865 5401; x_wconf 78' lang='lat' dir='ltr'><strong>oceurrentibus</strong></span> <span class='ocrx_word' id='word_1_760' title='bbox 1909 5346 1993 5401; x_wconf 85' lang='lat' dir='ltr'><strong>in-</strong></span> 
     </span>
    </p>
   </div>
   <div class='ocr_carea' id='block_1_107' title="bbox 410 5437 1992 5507">
    <p class='ocr_par' dir='ltr' id='par_1_107' title="bbox 410 5437 1992 5507">
     <span class='ocr_line' id='line_1_107' title="bbox 410 5437 1992 5507; baseline 0.001 -17"><span class='ocrx_word' id='word_1_761' title='bbox 410 5438 642 5506; x_wconf 79' lang='lat' dir='ltr'><strong>tercepti</strong></span> <span class='ocrx_word' id='word_1_762' title='bbox 676 5448 827 5493; x_wconf 92' lang='lat' dir='ltr'><strong>sunt.</strong></span> <span class='ocrx_word' id='word_1_763' title='bbox 879 5437 1165 5506; x_wconf 82' lang='lat' dir='ltr'><strong>Siquidem</strong></span> <span class='ocrx_word' id='word_1_764' title='bbox 1220 5437 1296 5490; x_wconf 92' lang='lat' dir='ltr'><strong>illi</strong></span> <span class='ocrx_word' id='word_1_765' title='bbox 1337 5439 1557 5507; x_wconf 79' lang='lat' dir='ltr'><strong>Cognito</strong></span> <span class='ocrx_word' id='word_1_766' title='bbox 1591 5439 1811 5492; x_wconf 86' lang='lat' dir='ltr'><strong>urbium</strong></span> <span class='ocrx_word' id='word_1_767' title='bbox 1852 5454 1992 5492; x_wconf 76' lang='lat' dir='ltr'><strong>mte-</strong></span> 
     </span>
    </p>
   </div>
   <div class='ocr_carea' id='block_1_108' title="bbox 412 5528 1991 5600">
    <p class='ocr_par' dir='ltr' id='par_1_108' title="bbox 412 5528 1991 5600">
     <span class='ocr_line' id='line_1_108' title="bbox 412 5528 1991 5600; baseline 0.001 -18"><span class='ocrx_word' id='word_1_768' title='bbox 412 5531 500 5582; x_wconf 90' lang='lat' dir='ltr'><strong>nia</strong></span> <span class='ocrx_word' id='word_1_769' title='bbox 535 5530 835 5594; x_wconf 59' lang='lat' dir='ltr'><strong>corruisse,</strong></span> <span class='ocrx_word' id='word_1_770' title='bbox 892 5528 1097 5597; x_wconf 84' lang='lat' dir='ltr'><strong>Opinati</strong></span> <span class='ocrx_word' id='word_1_771' title='bbox 1137 5545 1249 5583; x_wconf 86' lang='lat' dir='ltr'><strong>rem</strong></span> <span class='ocrx_word' id='word_1_772' title='bbox 1308 5528 1504 5598; x_wconf 86' lang='lat' dir='ltr'><strong>ipsam,</strong></span> <span class='ocrx_word' id='word_1_773' title='bbox 1542 5540 1636 5586; x_wconf 90' lang='lat' dir='ltr'><strong>aut</strong></span> <span class='ocrx_word' id='word_1_774' title='bbox 1666 5529 1991 5600; x_wconf 78' lang='lat' dir='ltr'><strong>fugientium</strong></span> 
     </span>
    </p>
   </div>
   <div class='ocr_carea' id='block_1_109' title="bbox 412 5618 1999 5692">
    <p class='ocr_par' dir='ltr' id='par_1_109' title="bbox 412 5618 1999 5692">
     <span class='ocr_line' id='line_1_109' title="bbox 412 5618 1999 5692; baseline 0.003 -21"><span class='ocrx_word' id='word_1_775' title='bbox 412 5618 628 5673; x_wconf 59' lang='lat' dir='ltr'><strong>si-ilicct</strong></span> <span class='ocrx_word' id='word_1_776' title='bbox 662 5635 721 5673; x_wconf 87' lang='lat' dir='ltr'><strong>se</strong></span> <span class='ocrx_word' id='word_1_777' title='bbox 751 5619 1063 5688; x_wconf 86' lang='lat' dir='ltr'><strong>potituros;</strong></span> <span class='ocrx_word' id='word_1_778' title='bbox 1105 5628 1198 5673; x_wconf 88' lang='lat' dir='ltr'><strong>aut</strong></span> <span class='ocrx_word' id='word_1_779' title='bbox 1230 5621 1273 5673; x_wconf 91' lang='lat' dir='ltr'><strong>si</strong></span> <span class='ocrx_word' id='word_1_780' title='bbox 1304 5631 1616 5686; x_wconf 89' lang='lat' dir='ltr'><strong>manerent,</strong></span> <span class='ocrx_word' id='word_1_781' title='bbox 1650 5623 1824 5675; x_wconf 89' lang='lat' dir='ltr'><strong>muris</strong></span> <span class='ocrx_word' id='word_1_782' title='bbox 1867 5636 1999 5692; x_wconf 71' lang='lat' dir='ltr'><strong>pro~</strong></span> 
     </span>
    </p>
   </div>
   <div class='ocr_carea' id='block_1_110' title="bbox 2096 5342 3694 5419">
    <p class='ocr_par' dir='ltr' id='par_1_110' title="bbox 2096 5342 3694 5419">
     <span class='ocr_line' id='line_1_110' title="bbox 2096 5342 3694 5419; baseline -0.004 -17"><span class='ocrx_word' id='word_1_783' title='bbox 2096 5351 2170 5419; x_wconf 73' lang='grc' dir='ltr'><strong>μὴ</strong></span> <span class='ocrx_word' id='word_1_784' title='bbox 2203 5349 2295 5407; x_wconf 81' lang='grc' dir='ltr'>ὑπ’</span> <span class='ocrx_word' id='word_1_785' title='bbox 2323 5348 2547 5401; x_wconf 82' lang='grc' dir='ltr'>ἐκείνων</span> <span class='ocrx_word' id='word_1_786' title='bbox 2579 5344 3083 5419; x_wconf 74' lang='grc' dir='ltr'>ἁνδραποδισθῶσιν</span> <span class='ocrx_word' id='word_1_787' title='bbox 3113 5344 3454 5398; x_wconf 76' lang='grc' dir='ltr'>ἐπελθόντων</span> <span class='ocrx_word' id='word_1_788' title='bbox 3475 5384 3490 5409; x_wconf 88' lang='grc'><strong>,</strong></span> <span class='ocrx_word' id='word_1_789' title='bbox 3520 5342 3694 5395; x_wconf 77' lang='grc' dir='ltr'>τέκνα</span> 
     </span>
    </p>
   </div>
   <div class='ocr_carea' id='block_1_111' title="bbox 2095 5414 3696 5510">
    <p class='ocr_par' dir='ltr' id='par_1_111' title="bbox 2095 5414 3696 5510">
     <span class='ocr_line' id='line_1_111' title="bbox 2095 5414 3696 5510; baseline -0.009 -10"><span class='ocrx_word' id='word_1_790' title='bbox 2095 5446 2189 5500; x_wconf 76' lang='grc' dir='ltr'>καὶ</span> <span class='ocrx_word' id='word_1_791' title='bbox 2240 5443 2509 5510; x_wconf 82' lang='grc' dir='ltr'>γυναῖκας</span> <span class='ocrx_word' id='word_1_792' title='bbox 2558 5438 2942 5501; x_wconf 80' lang='grc' dir='ltr'>ἀναλαϐόντες,</span> <span class='ocrx_word' id='word_1_793' title='bbox 2991 5414 3306 5507; x_wconf 57' lang='grc' dir='ltr'>ἀνεχώρουν</span> <span class='ocrx_word' id='word_1_794' title='bbox 3349 5436 3448 5499; x_wconf 65' lang='grc' dir='ltr'>τῆς</span> <span class='ocrx_word' id='word_1_795' title='bbox 3495 5432 3696 5497; x_wconf 66' lang='grc' dir='ltr'>νυκτὸς</span> 
     </span>
    </p>
   </div>
   <div class='ocr_carea' id='block_1_112' title="bbox 2095 5523 3696 5598">
    <p class='ocr_par' dir='ltr' id='par_1_112' title="bbox 2095 5523 3696 5598">
     <span class='ocr_line' id='line_1_112' title="bbox 2095 5523 3696 5598; baseline -0.008 -9"><span class='ocrx_word' id='word_1_796' title='bbox 2095 5536 2188 5589; x_wconf 72' lang='grc' dir='ltr'>ἐπὶ</span> <span class='ocrx_word' id='word_1_797' title='bbox 2219 5535 2317 5596; x_wconf 70' lang='grc' dir='ltr'><strong>τὰς</strong></span> <span class='ocrx_word' id='word_1_798' title='bbox 2354 5533 2518 5594; x_wconf 80' lang='grc' dir='ltr'>ἄλλας</span> <span class='ocrx_word' id='word_1_799' title='bbox 2555 5532 2764 5594; x_wconf 77' lang='grc' dir='ltr'>πόλεις,</span> <span class='ocrx_word' id='word_1_800' title='bbox 2799 5531 2933 5593; x_wconf 84' lang='grc' dir='ltr'>ὅσας</span> <span class='ocrx_word' id='word_1_801' title='bbox 2972 5527 3047 5598; x_wconf 85' lang='grc' dir='ltr'>μὴ</span> <span class='ocrx_word' id='word_1_802' title='bbox 3079 5527 3583 5587; x_wconf 79' lang='grc' dir='ltr'>καταπεπτωκέναι</span> <span class='ocrx_word' id='word_1_803' title='bbox 3612 5523 3696 5594; x_wconf 84' lang='grc' dir='ltr'>τῷ</span> 
     </span>
    </p>
   </div>
   <div class='ocr_carea' id='block_1_113' title="bbox 2101 5615 3699 5696">
    <p class='ocr_par' dir='ltr' id='par_1_113' title="bbox 2101 5615 3699 5696">
     <span class='ocr_line' id='line_1_113' title="bbox 2101 5615 3699 5696; baseline -0.008 -18"><span class='ocrx_word' id='word_1_804' title='bbox 2101 5624 2310 5696; x_wconf 67' lang='grc' dir='ltr'>σεισμῷ</span> <span class='ocrx_word' id='word_1_805' title='bbox 2346 5621 2615 5693; x_wconf 79' lang='grc' dir='ltr'>ἐνόμιζον.</span> <span class='ocrx_word' id='word_1_806' title='bbox 2650 5621 2916 5692; x_wconf 68' lang='grc' dir='ltr'>Ὀμϐρων</span> <span class='ocrx_word' id='word_1_807' title='bbox 2948 5619 3003 5673; x_wconf 77' lang='grc' dir='ltr'><strong>δὲ</strong></span> <span class='ocrx_word' id='word_1_808' title='bbox 3031 5618 3417 5686; x_wconf 81' lang='grc' dir='ltr'>ἐπικειμένων,</span> <span class='ocrx_word' id='word_1_809' title='bbox 3453 5615 3549 5668; x_wconf 76' lang='grc' dir='ltr'>καὶ</span> <span class='ocrx_word' id='word_1_810' title='bbox 3579 5615 3699 5684; x_wconf 60' lang='lat' dir='ltr'><strong>xti-</strong></span> 
     </span>
    </p>
   </div>
   <div class='ocr_carea' id='block_1_114' title="bbox 414 5705 1958 5785">
    <p class='ocr_par' dir='ltr' id='par_1_114' title="bbox 414 5714 1955 5784">
     <span class='ocr_line' id='line_1_114' title="bbox 414 5714 1955 5784; baseline 0.003 -19"><span class='ocrx_word' id='word_1_811' title='bbox 414 5715 584 5784; x_wconf 81' lang='lat' dir='ltr'><strong>lapsis</strong></span> <span class='ocrx_word' id='word_1_812' title='bbox 633 5729 731 5770; x_wconf 89' lang='lat' dir='ltr'><strong>eos</strong></span> <span class='ocrx_word' id='word_1_813' title='bbox 759 5714 1096 5779; x_wconf 87' lang='lat' dir='ltr'><strong>dcvicturos,</strong></span> <span class='ocrx_word' id='word_1_814' title='bbox 1155 5716 1398 5773; x_wconf 87' lang='lat' dir='ltr'><strong>diluculo</strong></span> <span class='ocrx_word' id='word_1_815' title='bbox 1456 5718 1509 5772; x_wconf 93' lang='lat' dir='ltr'><strong>in</strong></span> <span class='ocrx_word' id='word_1_816' title='bbox 1550 5733 1647 5773; x_wconf 89' lang='lat' dir='ltr'><strong>eos</strong></span> <span class='ocrx_word' id='word_1_817' title='bbox 1683 5718 1855 5772; x_wconf 87' lang='lat' dir='ltr'><strong>ibant.</strong></span> <span class='ocrx_word' id='word_1_818' title='bbox 1918 5717 1955 5772; x_wconf 87' lang='lat' dir='ltr'><strong>lt</strong></span> 
     </span>
    </p>
   </div>
   <div class='ocr_carea' id='block_1_115' title="bbox 2061 5705 3696 5785">
    <p class='ocr_par' dir='ltr' id='par_1_115' title="bbox 2082 5705 3696 5785">
     <span class='ocr_line' id='line_1_115' title="bbox 2082 5705 3696 5785; baseline -0.008 -14"><span class='ocrx_word' id='word_1_819' title='bbox 2082 5720 2189 5781; x_wconf 77' lang='grc' dir='ltr'>’νος</span> <span class='ocrx_word' id='word_1_820' title='bbox 2212 5760 2225 5781; x_wconf 92' lang='grc'><strong>,</strong></span> <span class='ocrx_word' id='word_1_821' title='bbox 2263 5716 2359 5769; x_wconf 80' lang='grc' dir='ltr'><strong>καὶ</strong></span> <span class='ocrx_word' id='word_1_822' title='bbox 2392 5717 2599 5784; x_wconf 52' lang='grc' dir='ltr'>ψύχους</span> <span class='ocrx_word' id='word_1_823' title='bbox 2636 5713 2952 5785; x_wconf 63' lang='grc' dir='ltr'>ἀμυθήτου,</span> <span class='ocrx_word' id='word_1_824' title='bbox 2986 5712 3035 5764; x_wconf 83' lang='lat' dir='ltr'><strong>oi</strong></span> <span class='ocrx_word' id='word_1_825' title='bbox 3076 5712 3173 5782; x_wconf 81' lang='grc' dir='ltr'><strong>μὲν</strong></span> <span class='ocrx_word' id='word_1_826' title='bbox 3208 5709 3313 5763; x_wconf 76' lang='grc' dir='ltr'><strong>ὑπὸ</strong></span> <span class='ocrx_word' id='word_1_827' title='bbox 3345 5708 3440 5761; x_wconf 86' lang='grc' dir='ltr'><strong>τοῦ</strong></span> <span class='ocrx_word' id='word_1_828' title='bbox 3475 5705 3696 5779; x_wconf 80' lang='grc' dir='ltr'>κρυμοῦ</span> 
     </span>
    </p>
   </div>
   <div class='ocr_carea' id='block_1_116' title="bbox 417 5800 1958 5880">
    <p class='ocr_par' dir='ltr' id='par_1_116' title="bbox 417 5808 1958 5880">
     <span class='ocr_line' id='line_1_116' title="bbox 417 5808 1958 5880; baseline -0.001 -18"><span class='ocrx_word' id='word_1_829' title='bbox 417 5810 641 5873; x_wconf 68' lang='lat' dir='ltr'><strong>factum,</strong></span> <span class='ocrx_word' id='word_1_830' title='bbox 680 5820 739 5861; x_wconf 90' lang='lat' dir='ltr'><strong>ut</strong></span> <span class='ocrx_word' id='word_1_831' title='bbox 793 5816 850 5862; x_wconf 87' lang='lat' dir='ltr'><strong>et</strong></span> <span class='ocrx_word' id='word_1_832' title='bbox 903 5808 1176 5878; x_wconf 82' lang='lat' dir='ltr'><strong>fugientes</strong></span> <span class='ocrx_word' id='word_1_833' title='bbox 1227 5822 1511 5880; x_wconf 80' lang='lat' dir='ltr'><strong>caperent,</strong></span> <span class='ocrx_word' id='word_1_834' title='bbox 1557 5820 1611 5865; x_wconf 89' lang='lat' dir='ltr'><strong>et</strong></span> <span class='ocrx_word' id='word_1_835' title='bbox 1649 5810 1703 5864; x_wconf 89' lang='lat' dir='ltr'><strong>in</strong></span> <span class='ocrx_word' id='word_1_836' title='bbox 1738 5808 1958 5863; x_wconf 89' lang='lat' dir='ltr'><strong>omnibu</strong></span> 
     </span>
    </p>
   </div>
   <div class='ocr_carea' id='block_1_117' title="bbox 2061 5800 3694 5880">
    <p class='ocr_par' dir='ltr' id='par_1_117' title="bbox 2096 5800 3694 5877">
     <span class='ocr_line' id='line_1_117' title="bbox 2096 5800 3694 5877; baseline -0.009 -13"><span class='ocrx_word' id='word_1_837' title='bbox 2096 5806 2127 5864; x_wconf 80' lang='grc' dir='ltr'>ὃ</span> <span class='ocrx_word' id='word_1_838' title='bbox 2155 5808 2505 5877; x_wconf 70' lang='grc' dir='ltr'>εφθεὶροντο,</span> <span class='ocrx_word' id='word_1_839' title='bbox 2546 5806 2780 5875; x_wconf 78' lang='grc' dir='ltr'>μάλιστα</span> <span class='ocrx_word' id='word_1_840' title='bbox 2822 5805 3078 5872; x_wconf 77' lang='grc' dir='ltr'>γυναῖκες</span> <span class='ocrx_word' id='word_1_841' title='bbox 3123 5803 3217 5855; x_wconf 68' lang='grc' dir='ltr'><strong>καὶ</strong></span> <span class='ocrx_word' id='word_1_842' title='bbox 3258 5800 3434 5871; x_wconf 74' lang='grc' dir='ltr'>βρέφη</span> <span class='ocrx_word' id='word_1_843' title='bbox 3478 5802 3650 5866; x_wconf 73' lang='grc' dir='ltr'>νήπια.</span> <span class='ocrx_word' id='word_1_844' title='bbox 3677 5811 3694 5825; x_wconf 85' lang='lat'><strong><em>°</em></strong></span> 
     </span>
    </p>
   </div>
   <div class='ocr_carea' id='block_1_118' title="bbox 422 5899 2000 5989">
    <p class='ocr_par' dir='ltr' id='par_1_118' title="bbox 422 5899 2000 5989">
     <span class='ocr_line' id='line_1_118' title="bbox 422 5899 2000 5989; baseline 0 -34"><span class='ocrx_word' id='word_1_845' title='bbox 422 5899 639 5989; x_wconf 69' lang='lat' dir='ltr'><strong>oppidis</strong></span> <span class='ocrx_word' id='word_1_846' title='bbox 664 5901 911 5972; x_wconf 78' lang='lat' dir='ltr'><strong>praesidia</strong></span> <span class='ocrx_word' id='word_1_847' title='bbox 946 5902 1300 5959; x_wconf 80' lang='lat' dir='ltr'><strong>collocarent.</strong></span> <span class='ocrx_word' id='word_1_848' title='bbox 1336 5903 1653 5975; x_wconf 81' lang='lat' dir='ltr'><strong>Calliopulis</strong></span> <span class='ocrx_word' id='word_1_849' title='bbox 1674 5911 1857 5960; x_wconf 68' lang='lat' dir='ltr'><strong>autem</strong></span> <span class='ocrx_word' id='word_1_850' title='bbox 1887 5918 2000 5956; x_wconf 73' lang='lat' dir='ltr'><strong>ma-</strong></span> 
     </span>
    </p>
   </div>
   <div class='ocr_carea' id='block_1_119' title="bbox 2101 5888 3695 5968">
    <p class='ocr_par' dir='ltr' id='par_1_119' title="bbox 2101 5888 3695 5968">
     <span class='ocr_line' id='line_1_119' title="bbox 2101 5888 3695 5968; baseline -0.005 -18"><span class='ocrx_word' id='word_1_851' title='bbox 2101 5904 2151 5955; x_wconf 80' lang='grc' dir='ltr'><strong>οί</strong></span> <span class='ocrx_word' id='word_1_852' title='bbox 2185 5901 2362 5954; x_wconf 65' lang='grc' dir='ltr'>λοιποὶ</span> <span class='ocrx_word' id='word_1_853' title='bbox 2396 5899 2450 5952; x_wconf 73' lang='grc' dir='ltr'>δῖε</span> <span class='ocrx_word' id='word_1_854' title='bbox 2487 5898 2625 5968; x_wconf 65' lang='grc' dir='ltr'>πλὴν</span> <span class='ocrx_word' id='word_1_855' title='bbox 2658 5898 2853 5966; x_wconf 72' lang='grc' dir='ltr'>ὀλίγων</span> <span class='ocrx_word' id='word_1_856' title='bbox 2887 5899 2998 5951; x_wconf 67' lang='grc' dir='ltr'>ἶσοι</span> <span class='ocrx_word' id='word_1_857' title='bbox 3036 5897 3126 5948; x_wconf 81' lang='grc' dir='ltr'><strong>τοῦ</strong></span> <span class='ocrx_word' id='word_1_858' title='bbox 3158 5912 3214 5947; x_wconf 84' lang='grc' dir='ltr'><strong>τε</strong></span> <span class='ocrx_word' id='word_1_859' title='bbox 3250 5893 3423 5963; x_wconf 62' lang='grc' dir='ltr'>ψύχου</span> <span class='ocrx_word' id='word_1_860' title='bbox 3440 5910 3453 5953; x_wconf 73' lang='lat'>;</span> <span class='ocrx_word' id='word_1_861' title='bbox 3492 5888 3695 5959; x_wconf 68' lang='grc' dir='ltr'>ἠδυνή-</span> 
     </span>
    </p>
   </div>
  </div>
