4056 6464
370 432 475 493 939

378 549 545 616 ὒησαν
585 542 997 617 περιγενέσθαι,
1045 541 1137 592 καὶ
1185 538 1322 609 πρὸς
1366 534 1465 597 τὰς

377 640 557 699 πόλεις
599 636 966 702 καταφυγεῖν,
1003 631 1203 690 πάντες
1249 628 1356 680 ὑπ’)
1385 627 1500 677 τῶν
1537 622 1826 692 βαρϐάρων
1859 619 1955 687 ἡν-

378 726 816 798 δραποδίσθησαν
847 723 1204 774 ἐπελθόντων.
1236 719 1324 780 Ὠς
1355 719 1463 784 γὰρ
1493 713 1724 784 ᾔσθοντο
1753 711 1952 762 ἐκεῖνοι

380 823 447 873 τὰ
487 822 638 889 τέ’χη
679 819 787 869 τῶν
831 818 1038 869 πόλεων
1081 810 1470 882 καθῃρημένα,
1515 798 1979 862 ὑποπτεύσαντες

383 913 517 982 ὅπερ
544 907 632 983 ἦν,
660 910 785 980 ὠςῆ
815 910 1170 979 κρατήσουσι,
1206 901 1536 974 φευγόντων,
1568 897 1600 966 ἢ
1635 896 1738 949 τῶν
1764 893 1961 962 τειχῶν

383 1005 813 1077 καθῃρημένων,
852 1002 917 1054 ἂν
955 999 1156 1069 μένωσι
1201 995 1687 1066 περιγενήσονται,
1727 987 1842 1057 ἅμα
1885 986 1961 1055 ἓῳ

387 1097 866 1166 ἐπεστράτευσαν,
916 1094 1010 1144 καὶ
1059 1090 1166 1142 τῶν
1215 1107 1274 1141 τε
1333 1086 1637 1155 ἀνθρώπων
1685 1082 1964 1151 ’ἐκράτουν

390 1193 720 1256 φευγόντων,
760 1185 853 1236 καὶ
888 1183 986 1243 τὰς
1019 1174 1201 1242 πόλεις
1236 1178 1454 1239 ἁπάσας
1494 1175 1820 1243 ἐποιήσαντο
1856 1169 1962 1222 ὑπὸ

393 1280 614 1349 φρουρᾷ.
662 1275 1057 1337 Καλλιούπολις
1092 1273 1170 1338 δὲ,
1219 1273 1328 1323 τῶν
1361 1269 1464 1322 ὑπὸ
1509 1271 1620 1330 τοῖς
1671 1264 1964 1335 βαρϐάροις

394 1371 693 1437 γενομένων
739 1366 1020 1436 παραλίων
1070 1365 1211 1416 κατὰ
1260 1364 1360 1432 τὴν
1403 1361 1628 1431 Θρᾴκην
1679 1357 1889 1408 πόλεων
1932 1355 1966 1424 ἡ

392 1459 828 1529 περιφανεστέρα
850 1498 863 1521 ,
900 1457 1157 1510 πέπτωκε
1207 1453 1304 1522 μὲν
1340 1453 1433 1505 καὶ
1476 1450 1615 1520 αὐτὴ
1648 1448 1758 1502 τῶν
1792 1447 1968 1502 ἄλλων

398 1552 597 1621 μᾶλλον
623 1567 636 1581 ο
667 1553 694 1603 ὀ
725 1551 894 1619 δῆμος
923 1550 978 1601 δὲ
1008 1549 1152 1610 ἅπας
1183 1529 1415 1614 διεσώθη
1449 1547 1503 1596 ἐν
1529 1547 1644 1605 τοῖς
1676 1541 1905 1602 πλοίοις,
1933 1537 1970 1592 ἃ.

393 1635 532 1710 ἦσαν
561 1639 677 1689 ἐκεῖ
707 1636 899 1689 πολλά.
932 1635 1154 1699 Συμϐὰν
1184 1635 1238 1685 δὲ
1261 1632 1413 1684 ὀὕτω
1447 1633 1537 1684 καὶ
1572 1633 1635 1682 ἐκ
1671 1626 1968 1692 Βυζαντίου

396 1729 488 1779 ἐπί
529 1727 931 1795 ΙΙελοποῐννησον
969 1725 1207 1776 πλέουσα
1249 1726 1502 1796 τριήρης,
1545 1723 1611 1790 ἣν
1650 1720 1899 1790 ἐπεμψεν
1943 1717 1972 1770 ὁ

401 1819 667 1890 βασιλεὺς,
709 1816 968 1886 Μανουὴλ
1010 1816 1242 1886 δεσπότῃ
1281 1816 1359 1886 τῷ
1399 1815 1499 1884 υἱῷ
1541 1814 1814 1883 ὡρμίζετο
1855 1812 1974 1864 ἐκεῖ

1529 408 2073 474 lllSTORIABUM
2113 405 2346 465 LIBER
2389 403 2489 463 IV.

1509 533 1590 585 ἔτι
1642 528 1957 599 σωζομένας

2086 523 2374 578 ’ἱιὶηιιιι-υιιι
2394 517 2644 573 Thracia;
2675 516 2892 571 urbium
2915 531 2943 568 a
2966 513 3215 569 Barbaris
3244 524 3636 584 occupaturum

3529 395 3635 460 290

2058 613 2452 678 illustrissima,
2491 611 2608 680 ipsa
2643 623 2863 680 quoque
2895 612 3066 678 magis
3093 623 3257 677 quam
3279 617 3487 664 caatene
3512 625 3641 678 pro-

2059 708 2279 772 cubuit,
2332 705 2566 775 papulas
2629 703 2808 757 omnis
2866 702 2919 756 in
2980 701 3231 771 uavigiis.
3287 717 3408 771 quae
3469 706 3638 758 niula

2061 799 2175 854 illic
2205 807 2386 862 erant,
2443 806 2696 851 servatus
2725 803 2829 848 est.
2881 795 3042 849 Forte
3097 794 3356 864 Byzantio
3392 794 3446 848 iu
3484 796 3642 850 Pelo-

2061 903 2367 959 ponnesum
2405 887 2678 956 trajicieus
2710 885 2978 948 triremis,
3010 901 3172 956 quam
3215 879 3514 955 imperator
3545 887 3640 941 dc-

2062 989 2234 1049 spotaz
2260 979 2368 1033 lilio
2397 978 2669 1038 mittebat,
2699 987 2863 1032 noctu
2898 977 2972 1031 ibi
2998 977 3260 1031 constitit.
3288 976 3425 1032 Cum
3457 989 3638 1034 autem

2065 1073 2352 1127 calamitas
2385 1080 2493 1123 tam
2537 1070 2870 1123 miserabilis
2921 1069 3227 1132 incidisset,
3274 1085 3508 1124 corn-eus
3550 1087 3647 1124 na-

2067 1162 2308 1216 varchus
2338 1162 2472 1214 adeo
2501 1161 2702 1213 multos
2727 1160 3063 1222 interituros,
3089 1159 3156 1211 ad
3183 1159 3332 1213 littus
3361 1144 3637 1215 triremem

2069 1253 2327 1315 advertit,
2364 1251 2746 1319 susceptisque
2769 1260 3043 1319 quotquot
3072 1250 3344 1318 capiebat,
3376 1251 3644 1319 propositi

2069 1361 2314 1408 securus,
2375 1343 2697 1412 Byzantium
2756 1358 2976 1394 cursum
3039 1341 3271 1397 reﬂexit.
3329 1342 3647 1396 Sulimanus

2067 1438 2341 1492 Orcltauis
2376 1437 2520 1490 filius
2550 1435 2706 1503 Pegis
2735 1436 2868 1488 urbe
2903 1444 3052 1487 trans
3089 1433 3497 1502 l‘lellcSpoutum
3535 1450 3651 1486 uir—

2071 1543 2231 1592 ncns,
2264 1539 2319 1581 ut
2350 1528 2584 1596 accepit,
2621 1528 2766 1596 quod
2798 1528 2850 1579 in
2877 1527 3108 1579 Thracia
3141 1527 3650 1595 acciderat,'spreto

2071 1621 2218 1691 quod
2283 1621 2350 1674 de
2411 1620 2650 1690 szmpe
2721 1619 3066 1672 restituenda
3130 1634 3256 1672 cum
3316 1619 3652 1687 imperatore

2074 1722 2292 1782 pictum
2323 1712 2548 1774 fecerat,
2585 1711 2637 1764 in
2677 1711 2971 1764 Thraciam
3013 1710 3270 1780 navigare
3311 1712 3651 1779 pmperavit,

2077 1805 2374 1872 multisque
2405 1818 2630 1856 suorum
2668 1803 2871 1855 civium
2905 1819 3028 1856 eum
3076 1805 3345 1858 uxoribus
3372 1812 3430 1858 et
3465 1804 3654 1858 liberis

398 1911 494 1976 τὴν
528 1907 712 1959 νύκτα.
745 1898 1047 1977 Γενομένης
1080 1906 1134 1956 δὲ
1169 1905 1384 1974 ἐκείνης
1415 1905 1516 1971 τῆς
1555 1903 1798 1972 μεγάλης
1834 1919 1969 1971 συμ-

2086 1897 2341 1966 trajectis,
2377 1895 2624 1951 colonias
2658 1895 2905 1959 deduxit,
2939 1909 3132 1948 eversa
3167 1894 3652 1950 reaadificansjed

401 1997 592 2065 φορᾶς,
622 1996 765 2064 δρῶν
795 1998 821 2047 ό
853 1994 1122 2065 ναύαρχος
1151 1993 1440 2054 τοσούτους
1480 1994 1769 2060 μέλλοντας
1802 1991 1964 2045 ἀπόλ-

402 2089 611 2150 λυσθαι,
643 2087 912 2156 προσέσχε
943 2103 1003 2137 τε
1032 2089 1098 2156 τῇ
1130 2088 1223 2154 γῇ,
1257 2086 1348 2136 καὶ
1384 2083 1778 2152 ἀναλαμϐάνων
1811 2084 1973 2145 ὅσους

397 2177 468 2251 ἦν
509 2178 857 2248 ὑποδέχεσθαι
896 2179 929 2246 ὴ
971 2179 1201 2247 τριήρης
1246 2175 1466 2244 δυνατὴ,
1515 2175 1848 2245 ἀνέστρεφεν
1893 2177 1974 2236 εἰς

402 2270 689 2334 Βυζάντιον
722 2270 830 2321 τῶν
865 2269 1243 2338 προκειμένων
1279 2267 1580 2336 ἀμελήσας.
1617 2266 1887 2334 Σουλιμὰν
1919 2264 1975 2317 δὲ

399 2366 427 2415 ὁ
453 2361 546 2414 τοῦ
576 2361 810 2431 Ὀρχάνη
840 2363 992 2424 παῖς,
1024 2360 1145 2410 ἐπεὶ
1173 2358 1378 2411 πύθετο
1404 2359 1469 2410 τὰ
1499 2357 1640 2409 κατὰ
1666 2357 1892 2427 Θρᾴκην
1918 2359 1976 2409 ἐν

404 2454 612 2523 Πηγαῖς
666 2453 732 2521 τῇ
793 2451 932 2504 κατὰ
989 2450 1090 2519 τὴν
1148 2451 1384 2520 περαίαν
1440 2449 1537 2500 τοῦ
1573 2449 1972 2518 Ἑλλησπόντου

403 2545 554 2596 πόλει
591 2542 914 2612 διατρίϐων,
951 2542 1047 2604 τὰς
1084 2540 1222 2611 πρὸς
1257 2540 1484 2610 βασιλέα
1522 2540 1800 2609 συνθήκας
1834 2557 1978 2606 παρ-

406 2635 553 2697 ιδὼν,
583 2635 647 2698 ἃς
681 2635 831 2688 ἔθετο
865 2635 958 2686 ἐπὶ
990 2633 1068 2703 τῷ
1104 2633 1376 2702 Τζύμπην
1411 2633 1740 2697 ἀποδιδόναι,
1777 2633 1977 2703 σπουδῇ

407 2730 572 2797 πολλῇ
623 2727 943 2798 ἐπεραιοῦτο
993 2728 1131 2796 πρὸς
1177 2727 1274 2794 τὴν
1299 2725 1563 2795 ³βρᾴκην,
1612 2727 1705 2776 καὶ
1752 2723 1981 2785 πολλοὺς

406 2818 512 2868 τῶν
547 2817 828 2886 ὁμοφύλων
860 2813 1178 2876 διαϐιϐάσας
1213 2813 1330 2882 ἅμα
1363 2811 1580 2880 γυναιξὶ
1619 2813 1711 2865 καὶ
1745 2811 1981 2875 τέκνοις,

409 2895 674 2977 κατῴκιζε
711 2907 807 2969 τὰς
853 2906 1072 2968 πόλεις,
1111 2904 1179 2957 τὰ
1222 2902 1678 2972 καταϐεϐλημένα
1715 2901 1981 2972 ἀνορθῶν.

411 2998 529 3069 Τὴν·
545 2998 800 3066 πλείστην
819 2997 876 3049 δὲ
906 2996 1217 3062 ἐπεδείξατο
1245 2996 1373 3064 περὶ
1399 2993 1795 3048 Καλλιούπολιν
1821 3009 1986 3045 σπου-

412 3090 528 3160 δήν.
557 3091 636 3142 Τἀ
663 3108 720 3142 τε
750 3090 858 3158 γὰρ
887 3090 1040 3158 τείχη
1067 3087 1273 3142 ἄνωθεν
1302 3085 1663 3148 ἐπεσκεύασε,
1693 3086 1786 3137 καὶ
1815 3101 1987 3154 προσ-

418 3177 768 3249 εξειργάσατο
799 3176 992 3246 βελτίω
1011 3216 1027 3242 ,
1058 3176 1204 3246 ἥπερ
1232 3171 1372 3244 ἦσαν
1393 3214 1408 3234 ,
1441 3175 1536 3225 καὶ
1563 3173 1672 3225 τῶν
1702 3172 1984 3239 ἐπιφανῶν

420 3271 548 3339 παρ’
570 3269 712 3339 αὐτῷ
740 3269 966 3331 πολλοὺς
993 3269 1304 3337 ἠνάγκασεν
1329 3269 1407 3328 είς
1437 3265 1653 3335 ἐκείνην
1681 3261 1986 3332 μετοικίζε-

418 3362 561 3424 σθαι,
608 3363 697 3414 καὶ
740 3362 997 3432 στρατιὰν
1040 3359 1395 3429 ἐγκαθίδρυσε
1441 3357 1644 3428 πολλήν
1671 3372 1685 3387 ο
1733 3357 1830 3408 καὶ
1870 3357 1984 3417 τοῖς

419 3454 558 3504 κατὰ
602 3450 813 3504 Μυσίαν
859 3451 1098 3521 λυπηρὸς
1146 3446 1249 3520 ἦν,
1300 3449 1554 3518 μεγάλοις
1610 3446 1990 3516 στρατοπέδοις

419 3542 606 3604 ἐπιὼν,
639 3545 732 3595 καὶ
768 3543 951 3605 πόλεις
987 3541 1591 3612 ἐξανδραποδιζόμενος,
1627 3543 1720 3594 καὶ
1747 3541 1848 3608 τὴν
1881 3538 1990 3608 χοὶ)⁴

426 3650 521 3702 ραν
563 3633 777 3687 ἃπασαν
818 3634 1053 3704 πορθῶν.
1097 3633 1362 3695 Βασιλεὺς
1406 3633 1462 3685 δὲ
1502 3633 1690 3701 ἠνιᾶτο
1719 3631 1836 3704 ,μέν
1889 3630 1991 3683 οὐκ

421 3727 575 3791 ὀλίγα
613 3726 747 3794 πρὸς
779 3725 876 3794 τὴν
913 3724 1230 3796 συμφορὰν,
1269 3725 1572 3790 ἀμύνεσθαι
1615 3724 1671 3776 δὲ
1708 3724 1831 3785 τοὺς
1876 3723 1992 3776 ἀδι-

427 3821 648 3880 κοῦντας
676 3819 950 3879 ἀδυνάτως
978 3820 1137 3887 ἔχων,
1166 3816 1461 3887 πρεσϐείας
1487 3819 1732 3886 συνεχεῖς
1760 3818 1994 3869 ἐποιεῖτο

429 3911 560 3978 πρὸς
593 3912 853 3981 Ὀρχάνην
894 3911 984 3964 τὸν
1029 3912 1308 3981 γαμϐρὸν,
1359 3911 1451 3964 καὶ
1495 3910 1594 3972 τὰς
1637 3909 1994 3978 ἡρπασμένος

431 4005 610 4066 πόλεις
649 4003 798 4072 ἠξίου
829 4003 920 4056 τὸν
955 4003 1067 4056 υἱὸν
1102 4003 1431 4057 ἀποδιδόναι.
1469 4001 1590 4054 Τῶν
1632 4004 1740 4073 γὰρ
1779 4003 1995 4053 ἀτοπω-

427 4099 601 4150 τάτων
631 4093 787 4160 εἶναι,
821 4096 939 4159 ἐνὸς
975 4096 1072 4165 μὲν
1102 4096 1282 4158 αὐτοῖς
1319 4094 1579 4164 φρουρίου
1617 4094 1693 4162 μὴ
1729 4110 1995 4162 παραχω-

433 4196 562 4261 ρεῖν,
589 4191 701 4244 ἀλλ’
724 4194 816 4245 ἐπὶ
842 4195 1091 4262 χρήμασι
1125 4194 1308 4262 ῥητοῖς
1340 4191 1614 4260 συνθήκας
1645 4188 1830 4240 θέσθαι
1863 4188 1999 4258 πρὸς

430 4289 618 4347 αὐτοὺς
651 4284 787 4338 ὥστε
822 4285 1063 4338 ἐκλιπεῖν
1088 4301 1101 4314 ο
1135 4285 1332 4347 αὐτοὺς
1364 4285 1420 4336 δὲ
1453 4284 1569 4336 νυνὶ
1601 4280 1868 4344 τοσαύτας
1905 4281 2000 4332 πό-

428 4377 539 4438 λεις
580 4381 892 4446 κατασχεῖν,
932 4377 1067 4448 πρὸς
1107 4376 1184 4447 τῷ
1234 4376 1368 4446 μηδὲ
1405 4374 1676 4444 Τζύμπην
1718 4375 1861 4426 κατὰ
1899 4372 1999 4434 τὰς

433 4468 697 4538 συνθήκας
733 4469 1045 4534 ἀποδοῦναι,
1081 4470 1175 4520 καὶ
1207 4466 1380 4519 ταῦτα
1418 4466 1660 4518 σπονδῶν
1695 4464 1868 4517 οὐσῶν
1906 4465 2000 4516 καὶ

2071 1988 2361 2057 αιΙΙίοροΙί
2410 1988 2709 2058 plurimum
2762 1987 3064 2041 laboravit.
3107 1987 3241 2042 Nam
3281 1998 3335 2042 et
3372 2001 3560 2042 muros
3589 1989 3656 2040 de

2076 2082 2291 2151 integro
2321 2081 2652 2145 construxit,
2679 2088 2733 2133 et
2767 2079 3025 2133 meliores
3053 2095 3117 2133 ac
3143 2080 3455 2144 validiores,
3489 2095 3654 2150 quam

2079 2181 2195 2226 tum
2225 2181 2407 2234 erant,
2448 2168 2652 2234 eﬂ‘ecit,
2699 2184 3042 2239 suorumque
3095 2171 3298 2225 multos
3343 2173 3554 2226 nobiles
3601 2173 3654 2227 in

2075 2265 2240 2333 862
2288 2264 2432 2315 illam
2485 2262 2850 2329 commigrare
2888 2261 3072 2328 coegit
3116 2281 3128 2314 :
3165 2277 3266 2315 nrc
3297 2272 3658 2316 contemnen»

2078 2358 2204 2409 dum
2236 2355 2284 2408 ei
2327 2355 2642 2422 praesidium
2671 2352 2902 2405 addidit.
2938 2352 3085 2405 Idem
3117 2353 3300 2407 Mmsis
3334 2355 3624 2408 iutolerabi

2078 2445 2146 2499 1.5
2171 2454 2308 2508 erat,
2331 2445 2461 2496 dum
2487 2457 2775 2501 numerosa
2801 2457 2964 2494 manu
2994 2442 3414 2511 impressionem
3435 2446 3660 2512 faciens,

2081 2536 2327 2603 captivos
2354 2549 2419 2587 ex
2455 2535 2689 2587 urbibus
2721 2533 3042 2595 abduceret,
3077 2542 3355 2602 totamque
3383 2535 3660 2604 regionem

2081 2626 2412 2679 devastaret.
2449 2625 2747 2693 Imperator
2789 2627 2887 2678 hac
2939 2626 3253 2679 calamitate
3293 2627 3663 2690 tristissimas,

2082 2731 2206 2770 cum
2241 2717 2308 2770 ad
2339 2717 2672 2770 coercendas
2707 2717 2934 2787 injurias
2959 2719 3092 2772 satis
3119 2719 3316 2771 virimu
3354 2735 3461 2772 non
3493 2719 3663 2773 habe-

2084 2818 2190 2872 ret,
2231 2809 2509 2878 frequenti
2564 2809 2834 2877 legatione
2890 2809 3200 2864 Orehanem
3241 2825 3517 2880 generum
3571 2828 3667 2880 apo

2084 2901 2267 2970 pellat,
2305 2911 2495 2969 potens
2527 2900 2604 2953 uti
2637 2901 2959 2954 Sulimanus
2979 2911 3163 2969 raptas
3190 2901 3354 2955 urbes
3379 2903 3657 2956 restituat.

2086 2992 2734 3046 luconvcuientissimum
2785 3007 3032 3062 namque
3076 3009 3221 3060 esse,
3273 3010 3383 3047 uno
3441 3000 3668 3049 eaStelto

2087 3098 2196 3136 non
2249 3083 2504 3146 cessisse,
2561 3084 2667 3136 nisi
2727 3094 2932 3138 certam
2988 3087 3141 3154 prius
3189 3087 3479 3154 pecuniam
3528 3091 3664 3154 parti

2087 3185 2275 3228 essent
2321 3193 2335 3228 :
2376 3189 2522 3228 nunc
2570 3184 2931 3244 [raetcrquam
2970 3177 3116 3246 quod
3151 3177 3423 3247 szmpen
3469 3193 3668 3232 secun-

2091 3271 2221 3323 dum
2254 3278 2522 3324 conventa
2559 3285 2667 3323 non
2729 3270 2984 3334 reddant,
3041 3271 3207 3326 etiam
3261 3281 3341 3326 tot
3389 3273 3556 3327 urbes
3613 3275 3666 3327 in

2092 3362 2318 3425 foedere,
2367 3377 2432 3415 ac
2469 3361 2643 3430 prima
2685 3377 2816 3431 pace
2863 3363 2969 3416 sibi
3022 3364 3332 3418 vendicare.
3387 3365 3672 3418 Sulimann

2090 3465 2281 3507 contra
2318 3452 2645 3520 afﬁrmante,
2680 3469 2791 3508 non
2833 3453 3002 3508 armis
3039 3455 3308 3525 coegisse,
3363 3454 3456 3509 sed
3510 3455 3673 3511 deso-
3749 3515 3752 3522 ,

2091 3545 2248 3608 latas,
2283 3561 2346 3599 ac
2377 3555 2682 3614 prostratus
2727 3562 3032 3616 occupasse
3065 3566 3079 3602 :
3119 3549 3418 3618 imperator
3458 3564 3554 3604 eos
3590 3549 3678 3603 in-

2090 3638 2430 3706 iustissimos
2481 3640 2862 3707 pronuntiare,
2897 3651 2952 3692 et
2993 3640 3138 3706 quod
3187 3648 3570 3708 praetexerent,
3603 3643 3670 3693 ad

2094 3729 2471 3784 defensionem
2494 3731 2631 3784 nihil
2661 3731 2768 3784 illis
2798 3730 3092 3801 prodesse;
3119 3730 3256 3784 nihil
3275 3731 3420 3785 enim
3446 3729 3672 3793 referre,

2095 3837 2192 3891 per
2224 3835 2504 3892 portasnc,
2560 3837 2628 3875 au
2661 3822 2886 3876 aliunde
2916 3821 3149 3891 ingressi
3176 3822 3404 3888 fuerint,
3435 3821 3530 3876 sed
3568 3822 3674 3890 hoe
3709 3816 3713 3824 ’

2052 3964 2058 3970 .
2095 3915 2417 3978 videndum,
2452 3929 2520 3968 an
2569 3914 2696 3983 jure
2730 3924 2786 3968 et
2833 3916 3138 3970 secundum
3177 3913 3357 3968 foedus
3407 3927 3500 3967 eas
3531 3913 3674 3966 obti-

2096 4015 2283 4061 neant.
2340 4007 2676 4075 imperatore
2731 4005 2812 4061 sic
2859 4023 2983 4061 cum
3023 4004 3279 4059 Barbaris
3321 4020 3417 4076 per
3469 4004 3676 4074 legatos

2097 4108 2316 4167 agente,
2347 4097 2668 4152 Sulimanus
2695 4099 2895 4167 Oppida
2923 4097 3281 4166 pertinaciter
3316 4097 3578 4162 retinens,
3607 4097 3676 4149 de

2099 4190 2166 4244 iis
2194 4190 2508 4243 deferendis
2535 4205 2636 4243 nec
2670 4191 2899 4244 verbum
2927 4190 3117 4243 audire
3137 4197 3368 4258 poterat.
3396 4187 3680 4243 Orchanes

2102 4297 2231 4334 vero
2282 4291 2457 4350 pater,
2495 4281 2728 4350 injuria',
2768 4281 3068 4350 violatique
3124 4281 3348 4336 fmderis
3397 4280 3504 4335 sibi
3547 4296 3682 4335 con—

2101 4371 2266 4436 scius,
2297 4381 2352 4424 et
2376 4371 2732 4424 vehementer
2759 4369 3078 4439 imperatori
3097 4370 3390 4438 gratiﬁcari
3423 4368 3674 4439 cupiens.

2103 4483 2227 4520 mox
2253 4467 2418 4521 urbes
2445 4467 2716 4521 redditum
2746 4469 2811 4521 iri
2847 4467 3155 4536 respondit.
3189 4466 3326 4520 Cum
3361 4466 3682 4520 Sulimanus

435 4560 650 4628 βαθείας
676 4561 894 4629 εἰρήνης
924 4559 1061 4628 πρὸς
1091 4557 1373 4629 ἀλλήλους.
1402 4556 1674 4626 Σουλιμὰν
1700 4555 1756 4607 δὲ
1790 4557 1985 4623 ίσχυρι-

2099 4559 2403 4628 mgerrime,
2451 4558 2597 4628 quod
2650 4559 2893 4623 tenebat,
2945 4575 3010 4614 ex
3045 4559 3322 4630 unguibus
3351 4559 3681 4626 dimitteret,

433 4641 658 4720 ζομένου
692 4651 765 4721 μὴ
797 4651 1034 4719 πολέμῳ,
1070 4649 1202 4718 μηδὲ
1235 4650 1324 4719 βίᾳ
1347 4647 1458 4701 τῶν
1487 4647 1696 4700 πόλεων
1724 4663 2032 4715 κεκρατητ

438 4746 611 4807 κέναι,
658 4743 773 4797 ἀλλ’
806 4744 1114 4813 ἀοικήτους,
1161 4744 1254 4794 καὶ
1303 4740 1788 4809 καταϐεϐλημένας
1835 4754 2003 4790 κατα·

441 4840 583 4906 σχεῖν
605 4837 806 4889 ἀδικεῖν
828 4835 1025 4897 αὐτοὺς
1046 4834 1116 4887 τὰ
1140 4833 1344 4904 ἔσχατα
1368 4832 1651 4885 διετείνετο
1675 4832 1702 4882 ὁ
1728 4831 2000 4899 βασιλεὺς,

438 4928 529 4978 καὶ
562 4927 723 4995 μηδὲν
753 4923 890 4979 εἶναι
920 4927 1020 4997 τὴν
1050 4926 1246 4995 σκῆψιν
1278 4926 1411 4995 πρὸς
1437 4923 1528 4976 τὸν
1553 4921 1646 4975 τοῦ
1677 4922 1888 4975 δικαίου
1918 4921 2004 4972 λό-

438 5035 530 5085 γον
553 5035 567 5048 ο
597 5020 954 5090 διενηνοχέναι
975 5021 1090 5087 γὰρ
1122 5019 1296 5080 οὐδὲν,
1331 5003 1388 5070 ei
1411 5017 1500 5069 διὰ
1529 5015 1638 5069 τῶν
1671 5015 1854 5068 πυλῶν
1889 5017 2002 5065 εἱσ-

437 5110 554 5181 ῄει,
590 5110 622 5181 ἢ
657 5111 873 5164 ἄλλοθέν
906 5114 1072 5164 ποθεν
1098 5126 1112 5140 ’
1162 5109 1297 5163 ἀλλὰ
1332 5108 1491 5161 τοῦτο
1521 5109 1627 5178 χρὴ
1665 5111 1884 5159 σκοπεῖν
1905 5146 1918 5167 ,
1956 5105 2004 5155 εἰ

440 5204 658 5267 δικαίως
707 5208 764 5258 ἐν
809 5204 1058 5266 σπονδαῖς
1106 5201 1470 5272 κατασχόντες
1519 5200 1724 5270 έχουσι.
1767 5199 2005 5250 Τοιαυτα

444 5296 700 5366 βασιλέως
739 5300 874 5367 πρὸς
918 5299 1044 5358 τοὺς
1085 5295 1396 5366 βαρϐάρους
1441 5291 2003 5362 διαπρεσϐευομένου,

444 5388 708 5458 Σουλίμὰν
739 5389 835 5458 μὲν
865 5389 1042 5458 εἴχετο
1071 5388 1179 5440 τῶν
1209 5385 1420 5439 πόλεων
1451 5383 1737 5448 καθάπαξ,
1774 5383 1866 5436 καὶ
1895 5383 2006 5436 οὐδ’

446 5483 596 5552 ἄχρις
627 5482 794 5551 ἀκοῆς
825 5481 1094 5550 ὑπέμενεν
1123 5480 1428 5533 ἀπολιπεῖν·
1465 5477 1730 5548 Ὀρχάνης
1757 5475 1813 5528 δὲ
1844 5477 1871 5527 ὁ
1901 5491 2007 5527 πα·-

445 5577 546 5645 τὴρ
587 5575 763 5646 ἐαυτῷ
803 5591 863 5626 τε
909 5571 1164 5635 συνειδὼς
1207 5571 1503 5637 ἀδικοῦντι,
1549 5571 1641 5622 καὶ
1689 5583 2008 5639 παρασπον-

446 5666 641 5733 δοῦντι,
687 5667 780 5720 καὶ
829 5664 1150 5734 ποιούμενος
1196 5664 1326 5733 περὶ
1374 5663 1628 5715 πλείστου
1677 5661 1736 5712 τὸ
1784 5659 2009 5730 βασιλέα

449 5759 798 5828 θεραπεύειν,
835 5757 1140 5810 συνετίθετο
1171 5755 1271 5824 μὲν
1300 5755 1498 5808 αὐτίκα
1527 5756 1624 5817 τὰς
1653 5753 1836 5810 πόλεις
1872 5754 2010 5804 ἁπο-

447 5852 640 5907 διδόναι
683 5851 893 5922 βασιλεῖ
919 5865 932 5880 ⁸
957 5849 1224 5920 Σουλιμὰν
1264 5850 1321 5903 δὲ
1363 5847 1455 5902 τοῦ
1503 5848 1618 5902 υἱοῦ
1665 5847 2008 5901 δυσαπαλλά-

2102 4650 2381 4705 Orchanes
2444 4652 2763 4705 dilationem
2819 4652 3158 4721 aliquantam
3207 4652 3283 4706 ab
3342 4651 3680 4721 imperatore

2104 4744 2315 4812 petivit,
2350 4759 2407 4798 se
2445 4743 2614 4796 liliutn
2649 4743 3040 4806 adducturum,
3078 4753 3136 4798 ut
3169 4745 3332 4813 paulo
3363 4742 3690 4812 postlibcns

2103 4836 2300 4904 oppida
2355 4836 2631 4895 restituat.
2673 4835 2820 4903 quod
2853 4850 2906 4888 et
2943 4834 3095 4891 fecit.
3135 4833 3266 4887 Nam
3309 4848 3454 4904 sazpe
3504 4833 3686 4893 illum.

2091 4909 2168 4982 ac
2206 4928 2433 4980 multum
2484 4928 2763 4990 hortatus,
2811 4941 2879 4979 ne
2930 4926 3245 4995 imperatori
3283 4940 3574 4980 mterorem
3609 4925 3686 4977 af—

2107 5022 2296 5081 ferret,
2349 5034 2453 5072 uon
2493 5019 2668 5072 solum
2713 5027 3032 5072 constanter
3066 5018 3118 5070 in
3163 5016 3370 5071 fonlcre
3421 5026 3685 5078 manenti,

2106 5111 2408 5180 quodcum
2447 5110 2582 5186 ipsis
2630 5110 3012 5179 percusxisscl,
3061 5109 3307 5178 nihilque
3355 5108 3682 5175 iniuriarum

2108 5203 2363 5256 inferenti
2421 5219 2432 5254 :
2485 5202 2579 5256 sed
2613 5211 2668 5255 et
2726 5201 3010 5256 aflinitatis
3051 5218 3202 5273 ergo.
3242 5217 3348 5273 qua
3390 5218 3513 5256 cum
3569 5202 3688 5272 ipso

2109 5294 2346 5349 devincti
2383 5303 2588 5355 essent,
2636 5293 2836 5348 deinde
2871 5303 2926 5348 et
2973 5295 3266 5363 pecuniam
3302 5293 3350 5346 ei
3382 5293 3682 5363 pollicitus,

2108 5401 2233 5441 eum
2292 5386 2508 5439 tandem
2546 5385 2609 5439 ad
2663 5386 2882 5441 urbium
2933 5389 3338 5445 restitutionem
3389 5385 3681 5457 permovit.

2111 5477 2251 5542 Quin
2279 5487 2336 5530 et
2365 5478 2666 5545 imperator
2693 5493 2882 5532 earum
2909 5495 3074 5533 causa
3101 5480 3459 5550 quadraginta
3493 5489 3688 5530 aureo-

2111 5586 2230 5622 rum
2267 5570 2436 5623 millia
2464 5571 2512 5624 ei
2550 5585 2608 5624 se
2643 5571 2901 5625 daturum
2939 5573 3216 5641 promisit.
3247 5571 3493 5624 Metuens
3524 5578 3686 5637 porro

2109 5662 2412 5723 Orchanes,
2441 5677 2510 5715 ue
2542 5661 2687 5716 ﬁlius
2715 5663 2874 5717 fidem
2908 5663 3142 5728 falleret,
3181 5661 3496 5714 faeiumlum
3540 5660 3688 5725 cogi-

2115 5753 2268 5817 tavit,
2307 5763 2366 5806 ut
2396 5754 2727 5822 imperatore
2760 5763 2816 5807 et
2865 5769 2923 5808 se
2960 5754 3015 5807 in
3062 5751 3317 5806 eumdem
3354 5748 3534 5800 locum
3566 5761 3690 5799 con-

2115 5847 2496 5910 venientibus,
2546 5845 2602 5899 in
2666 5845 2954 5915 prtcsentia
3016 5831 3302 5898 amborum
3373 5842 3688 5893 Sulimanus
