4056 6456
390 402 495 465 r293

1551 395 2089 460 HISTOlilARUM
2136 396 2369 456 LIBER
2405 394 2502 456 IV.

3542 387 3651 454 294

392 502 535 595 ἔχω-ν
580 524 675 579 καὶ
700 523 977 578 Ματθαῖον
1005 522 1232 594 βασιλέα
1253 522 1343 577 τὸν
1371 520 1486 574 υἱὸν
1512 520 1571 572 ὲν
1596 521 1718 583 ταῖς
1743 517 1966 588 τριήρε-

2086 514 2406 579 aiotichum,
2439 522 2496 568 et
2521 509 2936 582 Adrianopolim
2959 509 3164 566 abituri
3193 530 3206 566 :
3246 511 3362 581 ipse
3391 511 3459 566 ad
3488 527 3657 582 gene-

397 633 483 668 σιν
514 616 632 686 ἅμα
667 616 895 686 βασιλίδι
928 619 992 688 τῇ
1030 616 1252 687 συζύγῳ
1289 616 1366 680 ὼς
1404 615 1470 669 ἂν
1521 614 1722 666 ἐκεῖνοι
1761 610 1861 682 μὲν
1914 611 1972 663 ὲν

395 711 540 780 Αἴνῳ
574 711 871 774 ἀποϐαῖεν,
905 710 981 774 ὡς
1015 711 1226 765 ἐκεῖθεν
1260 711 1340 772 εἰς
1370 707 1754 777 Διδυμότειχον
1784 703 1973 772 ἀφιξό-

400 819 569 868 μενοι.
597 804 691 854 καὶ
720 802 820 872 τὴν
847 802 1154 873 Ἀδριανοῦ,
1182 802 1344 864 αὐτὸς
1371 800 1429 853 δὲ
1457 801 1550 852 ἐπὶ
1575 800 1674 870 τὴν
1702 798 1797 852 τού
1829 813 1973 865 γαμο

398 891 531 965 ϐροῦ
554 896 817 962 τράποιτο
842 894 1103 949 διάλυσιν.
1131 888 1234 946 Οἷα
1260 893 1317 946 δὲ
1346 892 1450 945 οὐκ
1480 892 1573 945 ἐπὶ
1602 892 1782 961 μάχην
1808 905 1977 944 κατα-

399 983 598 1047 πλέων,
650 983 765 1035 ἀλλ’
796 972 1016 1053 εἰρήνης
1069 984 1270 1054 μᾶλλον
1316 982 1503 1049 ἕνεκα,
1557 984 1617 1036 οὐ
1670 982 1976 1053 προσέσχεν

400 1075 493 1127 ἐπὶ
534 1074 758 1128 Τένεδον
801 1066 1023 1140 αὐτίκα,
1067 1076 1183 1128 ἀλλ’
1208 1076 1303 1128 ὲπί
1340 1093 1394 1129 τι
1438 1076 1678 1145 νησίδιον
1721 1074 1975 1143 ἀοίκητον

400 1168 569 1235 ἔγγὺς
601 1167 829 1235 Τενέδου
864 1167 1085 1238 Μαυρία
1117 1169 1695 1239 πρῖσαγορευόμενον,
1732 1168 1827 1220 καὶ
1860 1169 1978 1237 διήο

402 1275 572 1325 γαγεν
600 1259 717 1311 ἐκεῖ
744 1260 803 1311 τὸ
831 1260 1018 1312 λεῖπον
1047 1261 1145 1326 τῆς
1178 1261 1426 1329 ἡμέρας,
1459 1261 1557 1313 καὶ
1583 1260 1682 1329 τὴν
1706 1239 1977 1313 έπιοῦσαν

400 1350 592 1402 νύκτα.
628 1350 718 1412 Ei;
750 1352 848 1420 τὴν
887 1351 1182 1421 ὑστεραίαν
1215 1352 1271 1405 δὲ
1305 1352 1447 1422 ἄρας
1479 1352 1713 1415 ἐκεῖθεν,
1752 1353 1838 1422 ἐφ’
1864 1354 1981 1406 ’ἑτέ-

406 1457 498 1509 ρον
521 1438 795 1510 ὡρμίζετο
822 1443 1079 1511 νησίδιον,
1109 1445 1263 1506 ἆγιον
1294 1444 1548 1513 Ἀνδρέαν
1576 1445 1979 1514 προσαγορευό-

408 1548 587 1601 μενον,
618 1530 852 1596 ἐλπίζων
882 1533 1169 1603 ἀφίξεσθαι
1199 1535 1499 1605 πρεσϐείαν
1532 1535 1683 1606 παρὰ
1718 1535 1980 1606 βασιλέως

402 1622 500 1675 τοῦ
524 1618 775 1694 γαμϐροῦ
805 1626 936 1694 περ)⁵
961 1626 1210 1696 εἰρήνης.
1244 1626 1332 1689 Ὠς
1357 1626 1413 1678 δὲ
1439 1625 1595 1679 οὐδὲν
1617 1628 1835 1696 ἀπήντα
1860 1625 1981 1679 κατ’

406 1714 622 1785 ἐλπίδας
670 1715 802 1785 (τῶν
848 1716 958 1786 γὰρ
1001 1717 1272 1772 συνόντων
1311 1716 1462 1788 αύτῷ
1504 1734 1649 1781 τινες
1692 1717 1982 1787 ναυάρχων

404 1801 608 1864 δύσνως
640 1800 856 1871 ἔχοντες
875 1841 891 1867 ,
922 1803 1244 1873 πέμψαντες
1280 1804 1414 1875 πρὸς
1450 1801 1676 1873 βασιλέα
1704 1805 1796 1857 τὸν
1825 1805 1978 1870 νέον,

407 1893 683 1965 παρῄνουν
719 1894 795 1965 μὴ
839 1894 1093 1965 δέχεσθαι
1126 1895 1225 1967 τὴν
1259 1897 1486 1967 εἰρήνην
1509 1935 1525 1962 ,
1562 1895 1679 1950 ἀλλ’
1707 1897 1981 1968 αἱρεῖσθαι

406 1985 498 2037 τὸν
527 1983 765 2054 πόλεμον
798 1985 1023 2054 μᾶλλον,
1055 1987 1130 2050 ὡς
1161 1987 1343 2041 αὐτῶν
1374 2004 1614 2056 συγκατε
1627 1988 1983 2058 ργασομέιων

408 2075 618 2139 πάντα,
656 2077 766 2130 οὐδ’
793 2076 936 2131 οὓτω
980 2078 1087 2148 μὲν
1119 2079 1211 2133 ἐπὶ
1246 2078 1345 2150 τὴν
1379 2080 1537 2134 πόλιν
1569 2075 1672 2151 ἧκε
1708 2080 1807 2152 τὴν
1840 2083 1983 2135 κατὰ

404 2168 507 2236 τὴν
540 2166 744 2239 νῆσον).
780 2162 814 2243 ᾖ
852 2168 1122 2240 διέτριϐεν
1156 2169 1186 2222 6
1225 2167 1476 2239 βασιλεὺς
1497 2210 1513 2235 ,
1552 2170 1667 2224 ἀλλ’
1688 2171 1776 2240 ἐφ’
1798 2172 1984 2243 ἕτερον

406 2257 575 2329 μέρος
602 2258 736 2329 πρὸς
758 2260 851 2313 τὸν
875 2258 1067 2331 Βόριον
1095 2260 1487 2333 ὠνομασμένον
1509 2263 1791 2333 ὲγχωρίως
1820 2281 1985 2319 ποτα-

409 2349 530 2418 μὸν,
554 2348 631 2413 ὡς
659 2344 1070 2420 ὑδρευσομένων
1095 2353 1259 2424 δῆθεν
1284 2353 1394 2407 τῶν
1419 2354 1981 2425 τριηριτῶν-ἐκεῖθεν.

407 2441 475 2492 0t
500 2440 578 2511 τῷ
603 2441 708 2510 νέῳ
735 2442 792 2496 δὲ
824 2441 1034 2512 βασιλεῖ
1065 2444 1319 2508 συνόντες
1347 2443 1603 2512 ὁπλῖται,
1635 2448 1729 2500 καὶ
1761 2448 1980 2513 ἱππεῖς,

404 2530 517 2585 τῶν
545 2531 816 2603 τριήρεων
846 2536 1262 2613 καταγομένων,
1294 2534 1544 2600 ἐλθόντες
1576 2537 1669 2591 ἐπὶ
1698 2538 1790 2590 τὸν
1821 2555 1985 2591 ποτα-

411 2622 542 2691 μὸν,
577 2622 801 2677 ἔϐαλλον
832 2626 942 2679 ἀπὸ
976 2628 1073 2696 τῆς
1108 2628 1213 2698 γῆς
1235 2667 1249 2692 ,
1287 2631 1385 2682 καὶ
1421 2629 1653 2683 κωλύειν
1687 2631 1984 2702 ἐπειρῶντο

406 2709 508 2778 τὴν
557 2710 843 2765 ἀπόϐασιν.
876 2714 940 2764 Οἱ
968 2712 1062 2775 δὲ,
1120 2715 1468 2785 βιασάμενοι,
1523 2717 1834 2789 ἀπέϐησαν,
1888 2721 1985 2772 κα)⁸

408 2797 737 2868 ὑδρεύσαντο
768 2801 1000 2856 ἐκεῖθεν.
1019 2803 1196 2875 Ὁρῶν
1226 2806 1283 2858 δὲ
1313 2808 1340 2859 ὁ
1375 2806 1629 2876 βασιλεὺς
1662 2810 1800 2878 πρὸς
1833 2808 1984 2863 οὐδὲν

410 2889 710 2958 ἀνήσουσαν
736 2893 835 2962 τὴν
864 2894 1165 2964 καρτερίαν
1195 2894 1340 2966 (οὔτε
1370 2900 1476 2966 γὰρ
1507 2898 1766 2968 πολεμεῖν
1797 2902 1986 2971 ᾑρεῖτο

409 2981 487 3049 τῷ
513 2982 769 3055 γαμϐρῷ,
794 2987 886 3038 καὶ
915 2987 1119 3041 κακοῦν
1143 2988 1242 3059 τὴν
1267 2990 1453 3059 νῆσον,
1481 2990 1604 3044 οὒτε
1633 2993 1762 3060 περὶ
1786 2995 1884 3062 τῆς
1910 2996 1987 3046 εί-

417 3075 582 3143 ρήνης
619 3075 844 3147 οὐδεμία
881 3077 963 3133 ἔτι
999 3080 1323 3135 ὑπελείπετο
1356 3081 1516 3146 ἐλπὶς
1537 3122 1552 3146 ,
1588 3084 1854 3153 βασιλέως
1887 3085 1982 3139 τοῦ

412 3166 530 3219 νέου
565 3168 623 3221 οὐ
659 3170 818 3239 μόνον
850 3173 911 3224 οὐ
949 3174 1459 3245 πρεσϐευσαμένου,
1499 3175 1690 3247 ὥσπερ
1729 3178 1979 3248 ήλπιςεν,
2012 3203 2051 3257 C

412 3258 549 3314 ἀλλὰ
576 3262 668 3314 καὶ
715 3264 963 3333 φανερῶς
1008 3265 1339 3336 ἐξαγομένου
1391 3268 1529 3337 πρὸς
1569 3269 1628 3320 τὸ
1677 3271 1983 3340 πολεμεῖν),

413 3350 643 3429 τάχιστα
671 3350 885 3404 ἐκεῖθεν
916 3352 1196 3423 ἀπεχώρει
1228 3356 1310 3417 εἰς
1337 3355 1437 3425 τὴν
1465 3353 1647 3421 Αἶνον,
1681 3356 1808 3409 ἔνθα
1835 3359 1987 3410 Ματ-

416 3438 566 3503 θαῖος
593 3441 886 3495 ἀπέϐαινεν
912 3444 941 3495 6
970 3445 1086 3506 νέος
1120 3446 1373 3514 βασιλεὺς
1408 3448 1549 3515 μετά
1575 3448 1675 3517 τῆς
1704 3448 1985 3515 γυναικὸς,

418 3532 668 3588 κάκεῖθεν
691 3535 971 3606 ἀπεχώρει
999 3537 1094 3588 ἐπὶ
1121 3538 1504 3609 Διδυμὸτειχον
1529 3540 1623 3593 καὶ
1646 3541 1746 3607 τὴν
1777 3541 1989 3612 Ἀδρια-

417 3625 529 3679 νοῦ.
560 3625 1006 3696 Καντακουζηνδς
1032 3627 1088 3680 δὲ
1118 3630 1144 3682 ὁ
1174 3628 1446 3700 βασιλεὺς,
1475 3631 1746 3702 τέτταρας
1774 3634 1989 3702 ἡμέρας

417 3715 551 3787 πρὸς
582 3720 647 3787 τῇ
680 3718 827 3789 Αἴνῳ
856 3718 1187 3789 διατρίψας,
1213 3723 1293 3784 εἰς
1329 3721 1621 3787 Βυζάντιον
1656 3724 1987 3793 ἀνέστρεφε,

418 3808 778 3878 Παλαιολόγος
814 3810 873 3862 δὲ
905 3814 933 3865 6
970 3812 1224 3881 βασιλεὺς
1263 3811 1423 3877 αὖθις
1466 3816 1794 3870 ὑπελείπετο
1829 3819 1889 3869 ἐν
1921 3820 1987 3888 τῇ

418 3901 646 3973 Τενέδῳ,
693 3904 787 3957 καὶ
831 3905 931 3957 ὅσα
976 3906 1242 3975 πράττειν
1289 3907 1430 3977 ὑπὲρ
1472 3908 1570 3977 τῆς
1613 3908 1789 3979 ἀρχῆς
1837 3907 1988 3979 ἐξῆν,

419 3993 611 4061 ἡμέλει
650 3993 866 4057 οὐδενός
889 4010 903 4025 ’
940 3994 1148 4064 ἔφασκε
1180 3996 1237 4049 δὲ
1272 3997 1499 4068 ὕστερον
1535 4001 1592 4053 ἐν
1625 4000 1728 4070 τῆς
1767 4001 1991 4073 εἰρήνης

418 4086 529 4147 τοῖς
558 4087 787 4153 καιροῖς,
812 4085 888 4146 ὡς
917 4085 1266 4149 ἐπιπλέοντος
1295 4089 1442 4157 αὺτῲ
1473 4089 1738 4158 βασιλέως
1766 4088 1858 4142 τοῦ
1887 4107 1989 4159 κη-

419 4172 640 4238 δεστοῦ,
672 4174 1005 4244 διαλεχθείεν
1042 4177 1143 4243 μὲν
1176 4180 1365 4247 κρύφα
1398 4181 1494 4232 καὶ
1527 4180 1575 4232 οἱ
1609 4180 1872 4250 ναύαρχοι
1913 4183 1990 4250 μὴ

420 4264 671 4334 δέχεσθαι
693 4269 791 4335 τὴν
818 4270 1061 4339 εἰρήνην,
1089 4269 1223 4339 μηδὲ
1251 4271 1546 4340 πρεσϐείαν
1563 4271 1689 4325 τινὰ
1712 4272 1990 4325 ποιεῖσθαι

422 4359 556 4429 πρὸς
589 4358 752 4412 αὐτόν
774 4374 791 4389 ⁸
826 4361 1033 4414 ἐκεῖνον
1068 4363 1167 4430 μέν
1199 4378 1280 4414 τοι
1313 4361 1391 4432 μὴ
1422 4364 1611 4417 τούτου
1654 4363 1820 4417 ἓνεκα
1852 4367 1986 4418 ἀπο-

424 4450 647 4520 σχέσθαι
690 4451 788 4520 τῆς
833 4454 1056 4523 εἰρήνης
1082 4467 1096 4482 ⁸
1139 4451 1339 4506 εἰδέναι
1381 4455 1490 4525 γὰρ
1533 4456 1777 4518 ἐκείνους
1817 4459 1880 4510 οὐ
1923 4459 1990 4509 τὰ

2077 623 2201 664 rum
2233 605 2632 677 paciﬁcandum
2668 616 2830 674 porro
2858 604 3157 675 navigaret.
3185 604 3420 659 Perinde
3445 616 3653 670 autem,

2075 709 2244 771 atque
2276 700 2323 755 si
2358 712 2468 754 non
2496 699 2643 763 belli,
2677 698 2772 752 sed
2804 696 2959 766 pacis
3001 711 3164 752 causa
3185 708 3479 766 susceptus
3508 706 3655 751 esset

2026 841 2033 849 .
2076 794 2169 849 hic
2201 808 2420 858 cursus,
2455 806 2562 846 non
2612 790 2795 844 statim
2840 789 2905 844 ad
2942 788 3244 850 Tenedum,
3288 788 3383 842 sed
3415 787 3481 842 ad
3530 804 3655 856 par-

2079 901 2201 940 vam
2254 885 2488 938 insulam
2542 883 2818 937 desertam
2851 882 3005 952 juxta
3038 880 3351 942 Tenedum,
3389 881 3652 934 Mauriam

2076 977 2431 1047 appellatam,
2482 975 2714 1044 appulit,
2761 989 2827 1028 ac
2877 974 3148 1042 reliquum
3194 972 3322 1037 diei,
3358 982 3404 1027 et
3437 983 3652 1028 noctem

2079 1068 2466 1136 insequentem
2515 1065 2591 1119 ibi
2622 1065 2844 1119 mansit.
2891 1064 3161 1119 Postridie
3202 1063 3270 1117 ad
3313 1065 3538 1118 alteram
3572 1065 3654 1115 in—

2077 1160 2273 1224 sulam,
2306 1157 2566 1213 similiter
2610 1140 2861 1225 parvam,
2893 1155 3077 1210 Sancti
3119 1156 3349 1210 Andreae
3385 1166 3653 1220 vocatam,

2078 1249 2316 1314 delatus,
2352 1263 2382 1301 a
2414 1262 2618 1318 genero
2643 1247 2850 1317 legatos
2883 1248 2952 1301 de
3002 1262 3141 1327 pace.
3169 1257 3433 1301 venturos
3463 1263 3659 1315 exspe-

2077 1343 2283 1397 CIabat.
2309 1340 2413 1396 Ubi
2454 1340 2592 1395 nihil
2628 1354 2727 1408 pro
2755 1355 2851 1409 spe
2877 1339 3081 1393 accidit
3108 1339 3336 1408 (etenim
3367 1355 3430 1392 ex
3461 1353 3659 1392 navar-

2079 1434 2201 1488 chis
2251 1430 2476 1501 maligni
2525 1430 2751 1501 quidam
2801 1429 2869 1482 ad
2932 1430 3298 1498 Palmologum
3354 1429 3656 1494 mittentes,

2080 1540 2319 1594 eumque
2354 1541 2382 1578 a
2412 1539 2544 1593 pace
2583 1522 3034 1583 deterrentes,ad
3067 1523 3270 1577 bellum
3305 1522 3658 1591 instigabant,

2081 1626 2247 1688 atque.
2290 1617 2344 1671 in
2387 1617 2440 1671 id
2482 1632 2642 1685 Opem
2676 1632 2828 1670 suam
2866 1631 3056 1669 omnes
3083 1614 3450 1684 spondebant)
3481 1632 3549 1669 ne
3580 1616 3662 1669 sic

2083 1710 2303 1778 quidem
2337 1709 2391 1763 in
2415 1709 2607 1763 insube
2643 1707 2861 1769 urbem,
2905 1706 2957 1760 in
2989 1723 3096 1776 qua
3135 1706 3432 1775 imperator
3474 1708 3661 1776 jnnior
3714 1763 3724 1769 ,

2085 1805 2427 1867 morabatur,
2466 1800 2560 1855 sed
2609 1800 2663 1854 in
2705 1810 2913 1868 partem
2948 1801 3177 1853 alteram
3210 1799 3434 1853 Barium
3480 1799 3661 1853 noui-

2086 1903 2295 1956 natam,
2326 1891 2392 1946 ad
2424 1891 2778 1960 aquationem
2832 1891 2947 1945 illic
2996 1905 3027 1945 e
3056 1889 3306 1965 ,ﬂutnine
3352 1890 3660 1945 faciendam

2083 1983 2350 2054 perrexit.
2387 1982 2738 2037 Triremibus
2759 1997 2827 2037 eo
2859 1980 3154 2051 provectis,
3189 1981 3403 2051 pedites
3428 1991 3484 2037 et
3508 1982 3665 2052 equi-

2085 2082 2167 2129 tes
2213 2071 2502 2143 Palaeologi
2542 2072 2610 2127 ad
2652 2071 2861 2126 ﬂumen
2913 2073 3298 2151 procedentes,
3330 2081 3386 2128 et
3437 2087 3468 2128 e
3517 2080 3663 2128 terra

2079 2163 2411 2236 iaculantes,
2433 2163 2700 2218 descensu
2719 2161 2959 2218 advenas
2984 2163 3284 2234 prohibere
3299 2165 3663 2219 conabantur.

2085 2256 2168 2310 Illi
2215 2255 2271 2310 vi
2296 2265 2505 2311 'eontra
2554 2254 2800 2311 nitentes
2842 2254 3208 2323 descendunt,
3260 2267 3317 2312 et
3361 2267 3663 2328 aquantur.

2083 2347 2288 2403 Videns
2329 2362 2493 2417 porro
2524 2346 2972 2413 Cantacuzeuus,
3014 2346 3268 2403 inutilem
3303 2347 3421 2404 fore
3453 2349 3666 2418 patien—

2085 2441 2216 2495 tiam
2249 2439 2450 2512 (neque
2481 2440 2626 2493 enim
2660 2455 2909 2509 pugnare
2930 2440 2984 2494 in
3021 2455 3310 2511 generum,
3339 2450 3395 2496 et
3425 2441 3663 2497 insulam

2044 2576 2050 2581 .
2084 2529 2394 2600 depraedari
2435 2529 2674 2594 volebat.
2705 2545 2885 2600 neque
2913 2531 3066 2601 pacis
3088 2531 3205 2586 ulla
3237 2546 3366 2602 spes
3405 2532 3665 2597 dabatur,

2084 2621 2390 2689 Paiaeologo
2453 2636 2565 2676 non
2618 2621 2782 2676 modo
2827 2621 3068 2693 legatum
3119 2623 3333 2678 nullum
3392 2623 3671 2685 mittente.

2086 2725 2278 2770 contra
2317 2729 2481 2784 quam
2531 2713 2882 2783 sperabatur,
2916 2715 3011 2770 sed
3059 2724 3312 2785 apertum
3345 2716 3512 2771 etiam
3558 2717 3673 2771 bel-

2085 2807 2197 2862 lum
2227 2806 2597 2876 parturiente)
2628 2821 2796 2875 quam
2836 2805 3075 2875 primum
3110 2807 3236 2861 inde
3264 2806 3466 2861 {Eoum
3495 2824 3673 2863 reces-

2086 2900 2179 2964 sit,
2214 2900 2306 2954 ubi
2357 2898 2647 2952 Matthazus
2697 2913 2872 2953 novus
2921 2899 3240 2968 imperator,
3284 2911 3341 2957 rt
3388 2916 3527 2955 uxor
3569 2901 3669 2956 dc-

2088 2991 2417 3045 svendentes
2472 2987 2597 3043 inde
2646 2989 3086 3058 Didymotichnm
3140 3002 3198 3045 et
3253 2991 3667 3062 Adriaropolim

2086 3083 2357 3138 abierant.
2401 3083 2824 3138 Cautacuzenus
2866 3083 3225 3153 quatriduum
3276 3083 3401 3137 ὶΕηί
3456 3084 3662 3139 subsis-

2088 3183 2227 3238 tens,
2267 3172 2580 3243 Byzantium
2614 3170 2795 3234 rediit,
2823 3170 3124 3239 Palaeologo
3154 3172 3206 3223 in
3237 3171 3413 3224 insula
3448 3170 3670 3224 Tenedo

2091 3273 2384 3326 manente,
2414 3272 2472 3317 et
2514 3277 2637 3332 qum
2674 3277 2776 3331 pro
2813 3261 3049 3331 imperio
3095 3261 3394 3316 asserendo
3430 3270 3668 3331 poterat,

2090 3371 2283 3411 eorum
2322 3353 2460 3407 nihil
2492 3353 2810 3409 omittente.
2843 3352 3146 3429 Confessus
3176 3361 3260 3408 est
3285 3362 3498 3423 postea,
3537 3367 3671 3422 pace

2090 3448 2258 3514 facta,
2295 3446 2361 3500 ad
2403 3460 2463 3500 se
2498 3445 2789 3514 navigante
2831 3459 3046 3508 socero,
3080 3459 3266 3499 secum
3316 3444 3456 3499 clam
3492 3445 3672 3514 egisse

2092 3537 2402 3592 navarchos
2434 3536 2576 3607 ejus,
2606 3551 2675 3590 ne
2710 3550 2900 3605 pacem
2933 3537 3162 3596 laceret.
3185 3551 3322 3591 neve
3358 3538 3671 3606 quempiam

2092 3633 2331 3701 legatum
2369 3631 2637 3685 mitteret.
2663 3629 2869 3683 Tamen
2901 3645 3010 3682 non
3037 3644 3095 3684 se
3122 3629 3326 3682 idcirco
3353 3643 3543 3699 pacem
3570 3644 3673 3683 no-
3780 3686 3799 3703 _

2090 3726 2302 3780 luisse:
2336 3723 2542 3778 vidisse
2577 3723 2725 3776 enim
2759 3721 2883 3776 illos
2914 3738 3024 3774 non
3059 3721 3308 3787 meliora,
3348 3728 3408 3773 et
3437 3722 3492 3774 in
3523 3736 3672 3774 com-

2091 3815 2463 3872 munegutilia
2511 3814 2788 3868 suadere:
2837 3812 2931 3866 sed
2981 3812 3109 3882 quia
3155 3811 3316 3865 simul
3360 3810 3673 3865 advenisset

2090 3908 2378 3962 Matthzeus
2412 3906 2578 3966 ﬁlius,
2607 3904 2658 3959 id
2694 3903 3054 3957 vehementer
3080 3900 3484 3964 succensuisse,
3504 3914 3675 3970 argrc-

2092 4017 2199 4072 que
2236 4003 2448 4064 tulisse,
2479 4000 2624 4070 quod
2660 3998 2774 4067 ipse
2807 4002 2930 4066 ejus
2953 3996 3222 4066 indigere,
3251 4010 3315 4051 ac
3344 3995 3495 4050 velut
3526 3995 3673 4050 bello
3747 3999 3760 4012 '

2091 4098 2421 4165 desperato,
2477 4103 2535 4149 et
2580 4093 2856 4148 sententia
2909 4090 3088 4144 victus
3134 4088 3203 4143 ad
3264 4089 3672 4157 Suscipiendum

2095 4185 2310 4254 imperii
2360 4184 2629 4252 collegam
2679 4182 2969 4252 perfugere
3019 4180 3319 4234 videretur.
3362 4178 3478 4232 Sub
3526 4179 3671 4233 idem

2094 4288 2315 4346 tempus
2347 4276 2668 4330 Sulimanus
2709 4273 2980 4329 Orchauis
3012 4272 3154 4327 (ilius
3192 4273 3243 4325 in
3271 4271 3577 4327 Gaiathaeos
3618 4273 3673 4325 in

2093 4368 2320 4439 Scythia
2367 4366 2623 4421 orientali
2658 4367 3123 4436 magnas-copias
3167 4362 3355 4433 agens,
3385 4380 3483 4433 per
3509 4375 3672 4419 aesta-

2097 4467 2205 4515 tem
2234 4460 2382 4513 illam
2408 4459 2546 4513 duas
2577 4473 2769 4513 eorum
2800 4457 2967 4512 urbes
2997 4457 3346 4528 insigniores,
3376 4456 3670 4528 Ancyram,

418 4541 617 4609 βελτίω
639 4543 734 4593 καὶ
759 4544 911 4612 κοινῇ
922 4540 1326 4597 ,λυσιτελοῦντα
1351 4543 1819 4612 συμϐουλεύοντας
1835 4560 1849 4574 ·
1874 4545 1987 4600 ἀλλ’

2095 4561 2149 4606 et
2188 4552 2442 4606 Crateam
2475 4551 2831 4622 expugnavit.
2865 4549 3031 4620 865
3057 4548 3190 4604 inde
3228 4550 3406 4604 victor
3446 4552 3671 4604 ineunte

423 4634 504 4687 ὅτι
531 4634 806 4698 Ματθαῖος
834 4636 862 4686 ό
891 4633 1007 4697 υίὸς
1037 4618 1208 4704 συνῆν
1230 4634 1436 4706 σφόδρα
1452 4635 1738 4707 ἄχθεσθαι,
1763 4641 1858 4691 καὶ
1873 4638 1993 4691 δυσ-

424 4725 776 4793 ανασχετεῖν,
831 4723 880 4776 εἰ
914 4722 1117 4788 δόξειεν
1149 4723 1311 4787 αὐτὸς
1347 4725 1556 4777 ἐκείνου
1590 4724 1833 4790 δεῖσθαι,
1895 4726 1991 4778 καὶ

406 4814 743 4886 ἀὐτομολεῖν
770 4817 865 4868 ἐπὶ
892 4815 970 4886 τῷ
997 4816 1250 4886 δέχεσθαι
1273 4816 1371 4886 τῆς
1405 4816 1682 4886 βασιλείας
1713 4818 1989 4883 κοινωνὸν,

424 4909 571 4962 ῶσπε
583 4927 612 4978 ρ
627 4910 1085 4980 ἀπαγορεύσαντα
1103 4910 1238 4978 πρὸς
1253 4909 1345 4963 τὸν
1362 4908 1621 4979 πόλεμον,
1638 4912 1729 4962 καὶ
1745 4909 1844 4980 τὴν
1863 4908 1994 4976 γνώ-

428 5017 535 5071 μην
549 5001 868 5071 ήττημένον.
887 5000 1024 5055 Ὑπὸ
1036 4999 1092 5053 δὲ
1102 5001 1195 5054 τὸν
1209 5000 1370 5054 αὐτὸν
1381 5002 1594 5071 χρόνον,
1608 5001 1703 5055 καὶ
1721 5000 1995 5070 Σόυλιμάν

426 5098 454 5147 6
470 5096 560 5148 τοῦ
577 5096 634 5147 Ὀ
643 5095 808 5165 ρχάνη
825 5096 1226 5164 ἐπεστράτευσε
1243 5094 1516 5157 Γαλάταις
1534 5094 1756 5165 μεγάλῳ
1775 5086 1996 5162 στρατο-

427 5189 570 5260 πέὸῳ
605 5189 710 5241 ὑπὸ
740 5190 846 5242 τῶν
878 5186 1028 5259 ἑῴων
1059 5186 1281 5240 Σκυθῶν
1312 5186 1723 5258 κατεχομένοις,
1757 5186 1853 5238 καὶ
1886 5185 1995 5250 ἐξε·

428 5283 754 5354 πολιόρκησε
783 5284 927 5336 κατά
949 5283 1010 5335 τὸ
1036 5281 1195 5350 θέρος
1220 5282 1398 5334 έκεῖνο
1422 5280 1517 5333 δύο
1542 5278 1727 5343 πόλεις
1752 5283 1854 5342 τὰς
1880 5281 1996 5331 ἐπι·

430 5373 763 5442 φανεστέρας
802 5369 932 5439 παρ’
959 5370 1175 5433 αὐτοῖς,
1205 5368 1490 5439 ’Ἄγκυραν
1511 5406 1526 5433 ,
1562 5370 1658 5420 καὶ
1695 5367 1993 5438 Κράτειαν.

432 5464 676 5519 Ἐκεῖθεν
696 5464 754 5517 δὲ
775 5460 1121 5532 ὑποστρέψας
1140 5461 1365 5532 νικητὴς
1389 5460 1731 5530 φθινοπώρου
1754 5458 1996 5530 ἀρχομέ-

428 5576 541 5623 νου,
583 5556 874 5628 πρεσϐείαν
903 5554 1150 5624 ἐπεμψεν
1176 5554 1337 5619 αὐτός
1365 5570 1427 5607 τε
1468 5556 1563 5608 καὶ
1590 5558 1618 5606 ὁ
1647 5555 1833 5625 πατὴρ
1857 5554 1994 5624 πρὸς

431 5649 879 5719 Καντακουζηνδν
899 5649 994 5702 τὸν
1023 5648 1270 5717 βασιλέα,
1299 5649 1601 5716 φάσκοντες
1618 5648 1824 5700 ἐθέλειν
1846 5644 1995 5716 αὐτῷ

428 5745 776 5815 παραδιδόναι
803 5743 902 5807 τὰς
958 5741 1102 5795 κατά
1139 5746 1238 5809 την
1265 5740 1488 5811 Θρᾴκην
1545 5741 1747 5805 πόλεις,
1792 5741 1997 5808 ’ῶσπερ
2036 5755 2043 5813 ξ

429 5836 854 5909 ἐπηγγείλαντο·
910 5832 997 5888 ἐπ’
1055 5834 1204 5905 αὐτῷ
1266 5832 1323 5886 δὲ
1363 5829 1501 5886 εἶναι
1549 5832 1913 5901 παρειλαμϐἀν
1949 5849 1994 5884 ιν

2094 4653 2362 4699 autumno
2415 4658 2667 4698 reversus
2689 4684 2704 4708 ,
2737 4642 2854 4711 ipse
2882 4650 2940 4696 et
2969 4649 3122 4711 pater
3150 4649 3396 4696 oratores
3425 4642 3491 4695 ad
3524 4640 3638 4697 Can
3657 4671 3671 4682 -

2098 4746 2423 4792 tacuzenum
2472 4722 2741 4796 mittunt,
2784 4735 3036 4789 Thraciae
3088 4734 3275 4798 urbes,
3307 4734 3450 4789 sicut
3489 4744 3673 4788 essent

2095 4830 2361 4900 polliciti,
2405 4828 2544 4882 velle
2604 4828 2929 4882 restituere:
2984 4826 3197 4880 arbitrii
3249 4841 3403 4888 esse,
3452 4827 3674 4897 quando

2096 4919 2355 4986 libuerit,
2413 4934 2509 4973 eas
2578 4920 2851 4987 accipere.
2900 4917 3207 4986 Imperator
3276 4916 3675 4972 humanitate-ti

2096 5013 2258 5067 istam
2294 5011 2511 5067 liberali
2543 5011 2844 5082 gratiarum
2880 5010 3136 5076 actione,
3171 5017 3225 5062 et
3262 5009 3470 5079 legatos
3517 5009 3679 5064 donis

2097 5101 2404 5173 magniﬁcis
2446 5111 2807 5171 prosccutus,
2851 5099 2997 5153 diem
3043 5096 3351 5168 praelinivit.
3392 5113 3503 5167 quo
3535 5113 3675 5167 ipse,

2095 5201 2153 5248 et
2197 5193 2292 5263 qui
2343 5207 2536 5247 eorum
2587 5191 2816 5245 nomine
2868 5191 3035 5244 urbes
3081 5189 3334 5243 tradituri
3380 5199 3586 5255 essent,
3616 5189 3675 5242 in

2098 5283 2337 5340 Thracia
2386 5292 2807 5353 comparerent,
2845 5293 2906 5335 ut
2962 5280 3217 5335 Barbaris
3261 5276 3507 5343 exactis,
3559 5280 3676 5348 ipse

2100 5375 2356 5446 praesidia
2402 5391 2502 5430 sua
2536 5367 2865 5435 induceret,
2901 5381 2957 5428 et
2998 5387 3163 5443 quam
3203 5371 3410 5442 optime
3448 5371 3673 5432 liceret,

2098 5467 2207 5525 illis
2243 5465 2624 5535 prospiceret:
2661 5464 2889 5535 jamque
2931 5462 3001 5517 ad
3054 5462 3161 5517 hoc
3208 5477 3268 5517 se
3333 5459 3671 5530 accingebat.

2097 5557 2317 5612 Interea
2365 5556 2701 5626 l’almuiogus
2745 5571 2889 5621 una,
2936 5569 3106 5625 quam
3155 5552 3417 5618 habebat,
3462 5549 3671 5604 triremi

2099 5649 2394 5713 instructa,
2422 5658 2478 5704 et
2504 5648 2716 5718 aliquot
2745 5648 3098 5717 conquisitis,
3124 5646 3347 5700 Tenedo
3374 5644 3674 5711 derepente

2100 5742 2305 5811 ignaris
2337 5741 2615 5805 omnibus,
2660 5739 2981 5811 Byzantium
3010 5753 3206 5792 versus
3247 5750 3471 5789 cursum
3513 5733 3676 5786 insti-

2102 5834 2226 5899 tuit,
2263 5840 2319 5887 et
2354 5842 2522 5887 noctu
2551 5833 2606 5886 iu
2647 5831 2842 5885 navale
2869 5825 3180 5898 llcptascali
3210 5823 3481 5896 pervenit.
3511 5820 3677 5876 Fama
