4056 6474
396 406 505 470 295

1593 393 1921 457 JOANNIS
1958 392 2486 454 CANTACUZENI

3562 392 3672 457 296

388 537 573 580 autem
616 536 713 591 per
754 519 947 574 urbem
978 515 1184 579 didita,
1210 512 1395 569 omnia
1446 510 1606 581 plena
1650 510 1964 572 turbarum,

2093 507 2234 577 ςνίκα
2260 508 2325 560 ἂν
2360 507 2539 576 ἐθέλῃ.
2583 507 2789 572 Πολλὰς
2816 507 2875 562 δὲ
2914 507 3097 570 αὐτοῖς
3125 508 3464 578 ὁμολογήσας
3510 511 3673 580 χάρι-

386 628 445 672 et
485 632 695 686 magna:
726 612 1075 668 confusionis
1102 609 1456 671 exstiterunt,
1486 605 1830 676 populusque
1874 618 1974 673 pro

388 710 697 778 Palaoiogo
738 706 1031 760 decertare
1087 701 1400 772 gestiebat:
1454 697 1548 753 sed
1599 696 1971 752 Cantacuzeni

390 800 694 871 potentiam
734 795 1102 850 reformidans
1135 792 1388 862 (putabat
1420 790 1568 845 enim
1609 789 1794 844 statim
1820 800 1974 840 arma

392 891 807 960 expc-diturum)
857 902 918 942 se
965 884 1255 947 cohibuit,
1308 882 1628 950 sensimque
1687 879 1973 934 subduxit.

394 987 814 1042 ﬂantacuzenus
853 979 945 1035 ubi
969 992 1229 1049 generum
1257 974 1499 1047 Byzantii
1529 989 1651 1029 esse
1670 972 1882 1035 didicit,
1907 972 1975 1026 ad

394 1077 746 1136 conﬂictum,
799 1071 1087 1139 emdesque
1144 1068 1445 1139 procedere
1492 1081 1722 1148 prorsus
1774 1065 1973 1119 noluit.

395 1167 674 1221 Pnesente
696 1174 878 1217 autem
906 1163 1150 1233 Cydone,
1171 1161 1263 1230 qui
1292 1160 1343 1211 in
1376 1159 1523 1228 regia
1552 1167 1673 1212 erat
1699 1157 1976 1219 assiduus,

396 1274 507 1312 non
544 1260 719 1311 solum
757 1256 885 1324 quia
924 1253 1245 1322 imperatori
1280 1251 1662 1311 charissimus,
1698 1249 1796 1302 sed
1848 1248 1977 1317 quia

397 1351 564 1403 etiam
603 1349 938 1418 privatarum
989 1360 1175 1398 rerum
1213 1357 1420 1407 comes,
1475 1355 1703 1396 necesse
1744 1339 1981 1394 habebat

399 1422 466 1492 ab
497 1455 564 1493 eo
612 1455 713 1493 nec
758 1448 946 1501 noctu,
996 1451 1099 1491 nec
1134 1435 1394 1499 interdiu,
1429 1433 1739 1495 discedere,
1785 1433 1979 1486 lrenen

396 1533 800 1604 iii’iperatricem
856 1530 942 1582 his
999 1529 1230 1581 vocibus
1274 1525 1627 1595 compellavit
1660 1524 1979 1593 :Siquidcm

397 1626 633 1680 antehae
670 1623 828 1675 nobis
860 1636 969 1673 non
998 1620 1239 1672 stetisset
1273 1633 1301 1669 a
1339 1616 1598 1685 negotiis,
1636 1630 1701 1668 ac
1735 1613 1986 1667 tumulti-

398 1719 501 1771 bus
522 1715 811 1776 recedere,
848 1722 904 1766 ct
933 1697 1233 1765 monastiea
1268 1718 1418 1763 veste
1452 1710 1699 1769 indutos,
1734 1706 1802 1759 ad
1836 1706 1984 1759 futu-

401 1825 516 1862 ram
560 1809 705 1860 illam
749 1804 1012 1874 gloriam,
1047 1801 1463 1868 claritatemque
1505 1799 1803 1857 festinare,
1847 1796 1980 1850 nihil

2081 614 2182 663 τας
2213 601 2243 652 δ
2277 598 2534 669 βασιλεὺς
2562 599 2661 668 τῆς
2692 603 2773 663 εἰς
2796 601 2958 654 αὐτὸν
2988 600 3224 664 εὐνοίας,
3258 602 3351 652 καὶ
3384 602 3511 662 τοὺς
3541 604 3673 670 πρε·
3748 590 3759 601 ”

2085 690 2236 754 σῦεις
2286 689 2481 759 δώροις
2531 690 2830 761 φιλοτίμως
2886 690 3284 765 ἀμειψάμενος,
3343 691 3669 760 ἀπέπεμψε,

2082 785 2428 854 προθεσμίαν
2461 784 2689 853 θέμενος
2733 801 2878 851 τινα,
2902 784 2960 835 ἐν
3014 777 3248 856 ᾖαὺτόν
3299 800 3359 835 τε
3409 783 3517 837 ἔδει
3575 785 3675 837 καὶ

2080 876 2215 938 τοὺς
2249 876 2674 946 παραδώσοντας
2709 876 2805 937 τὰς
2836 875 3020 936 πόλεις
3051 870 3194 927 εἶναι
3216 872 3354 943 πρὸς
3392 875 3496 940 τὴν
3526 874 3664 946 Θρᾴ-

2083 979 2206 1030 κτινι,
2236 961 2377 1015 ὥστε
2395 962 2501 1015 τῶν
2526 960 2820 1031 βαρϐάρων
2843 960 3290 1030 ἐξελαυνομένων
3326 962 3674 1029 ἀντεισάγειν

2088 1053 2250 1107 αὐτὸν
2278 1056 2569 1124 φρουροὺς,
2632 1054 2725 1107 καὶ
2763 1052 3109 1120 προνοεῖσθαι
3146 1053 3253 1106 τῶν
3307 1051 3539 1117 πόλεων,
3596 1054 3673 1116 ὡς

2083 1148 2151 1201 ἂν
2207 1147 2447 1217 μάλιστα
2504 1146 2654 1217 αὐτῷ
2708 1146 2861 1216 δοκῇ,
2896 1148 2986 1200 καὶ
3036 1147 3481 1216 παρεσκευάζετο
3532 1147 3672 1215 πρὶς

2081 1237 2263 1294 τοῦτο.
2310 1240 2399 1291 Ἐν
2429 1238 2602 1308 τούτῳ
2633 1238 2689 1291 δὲ
2726 1237 3057 1305 Παλαιλόγος
3087 1239 3116 1289 ὁ
3165 1238 3440 1308 βασιλεὺς,
3465 1238 3669 1307 τριήρη

2088 1329 2254 1398 μίαν,
2299 1331 2474 1399 ἥνπερ
2513 1325 2685 1399 εἶχεν,
2735 1329 3056 1397 ἐφοπλίσας,
3095 1330 3189 1382 καὶ
3221 1330 3478 1400 μονήρεις
3522 1329 3674 1390 τινὰς

2088 1421 2568 1491 συμπορισάμενος
2594 1425 2658 1474 ἐκ
2680 1422 2927 1486 Τενέδου,
2959 1422 3156 1490 ἀθρόον
3184 1420 3415 1490 μηδενὸς
3443 1420 3669 1494 εἰδότος,

2087 1513 2388 1565 ἐπέπλευσε
2422 1512 2724 1583 Βυζαντίῳ,
2777 1514 2872 1566 καὶ
2903 1513 3121 1581 ἐγένετο
3154 1513 3351 1574 νυκτὸς
3386 1512 3534 1565 ἔνδον
3567 1512 3666 1563 τοῦ

2088 1605 2146 1656 ἐν
2186 1601 2546 1675 Ἐπτασκάλῳ
2587 1607 2833 1677 νεωρίου.
2870 1606 2983 1675 Τῆς
3019 1607 3207 1675 φήμης
3243 1605 3298 1658 δὲ
3342 1603 3675 1672 διαδοθείσης

2092 1695 2229 1763 πρῖς
2258 1697 2361 1761 τὴν
2397 1696 2571 1759 πόλιν,
2620 1694 2883 1765 σύγχυσις
2903 1695 3051 1765 δεινὴ
3086 1695 3182 1747 καὶ
3216 1694 3412 1760 ἀταξία
3443 1694 3505 1747 τὸ
3561 1695 3674 1748 πᾶν

2091 1788 2334 1854 κατεῖχε,
2365 1787 2459 1838 καὶ
2489 1788 2516 1838 ὁ
2547 1787 2721 1855 δῆμος
2752 1785 2981 1856 ὥρμητο
3004 1786 3102 1856 μὲν
3165 1784 3382 1855 βασιλεῖ
3428 1783 3507 1853 τῷ
3566 1786 3676 1854 νέῳ

396 1909 519 1954 erat
555 1902 609 1951 in
641 1910 883 1965 pnesens
912 1902 1019 1947 tam
1067 1892 1462 1952 necessarium,
1503 1901 1723 1958 Iamque
1756 1889 1978 1957 [rogite-

2093 1878 2425 1946 συμμαχεῖν,
2471 1878 2569 1940 τὴν
2622 1877 2680 1929 δέ
2736 1875 3199 1947 Καντακουξηνοῦ
3252 1874 3350 1929 τοῦ
3403 1874 3673 1944 βασιλέως

399 2006 564 2049 rum.
622 2002 785 2056 quam
845 1997 1039 2039 coacto
1106 1984 1282 2037 milite
1328 1982 1588 2052 protinus
1631 1981 1849 2035 obviam
1902 1980 1983 2034 ire

396 2083 677 2144 hostibus,
710 2095 774 2133 ac
808 2092 1038 2147 parcere
1068 2092 1293 2145 prorsus
1320 2076 1550 2140 nemini,
1589 2075 1766 2127 donec
1791 2088 1984 2127 omnes

399 2176 538 2231 urbe
565 2173 1005 2241 expu‘iissemus:
1046 2170 1193 2239 quod
1222 2168 1375 2222 iaetu
1413 2166 1733 2222 faciilimum
1767 2167 1982 2230 luisset,

400 2278 666 2338 quantum
699 2280 765 2318 ex
798 2265 1018 2317 illorum
1056 2261 1401 2323 inﬁrmitate,
1440 2268 1496 2312 et
1528 2258 1737 2311 nostris
1774 2257 1985 2312 viribus

399 2360 713 2427 conjectare
740 2353 1284 2427 lieet.Verumtamen
1311 2348 1356 2401 si
1380 2349 1540 2402 nobis
1565 2362 1660 2403 seu
1678 2346 1981 2409 vincamus,

401 2457 498 2496 seu
532 2443 842 2501 vincamur,
882 2439 968 2494 bis
994 2439 1185 2492 rebus
1228 2437 1541 2491 valedicere
1580 2450 1805 2489 necesse
1865 2445 1984 2496 est,

402 2534 536 2603 quid
591 2548 770 2601 pugna
819 2547 883 2585 ac
928 2529 1173 2581 aedibus
1205 2527 1386 2596 Opus?
1420 2526 1638 2579 Etcum
1674 2526 1809 2578 nihil
1857 2525 1985 2579 inde

403 2622 765 2678 emolumenti
796 2620 864 2674 ad
892 2635 993 2673 nos
1022 2618 1211 2673 redeat
1237 2617 1340 2671 nisi
1367 2617 1520 2671 labes
1549 2614 1717 2669 animi
1749 2615 1819 2669 ob
1838 2615 1986 2668 .eﬂ‘u-

404 2730 527 2770 sum
561 2714 911 2783 sanguinem,
952 2719 1009 2764 et
1054 2709 1110 2763 in
1143 2709 1295 2762 omni
1328 2709 1439 2762 vita
1483 2722 1641 2761 acres
1691 2706 1986 2759 conscien-

408 2807 611 2860 tiarum
659 2803 868 2858 stimuli
916 2805 998 2873 (ut
1030 2810 1238 2854 taceam
1283 2798 1352 2853 de
1387 2799 1678 2868 suppliciis
1733 2798 1990 2867 hujusce-

406 2897 556 2952 modi
615 2895 961 2965 patrantibus
1015 2893 1068 2946 in
1117 2898 1361 2945 futurum
1400 2890 1700 2960 repositis),
1745 2904 1845 2943 cur
1878 2904 1987 2943 non

407 2988 592 3059 potius
643 2986 996 3056 imperatoris
1056 2984 1353 3037 adventum
1414 2982 1760 3036 occasionem
1807 2979 1987 3034 omnia

407 3079 699 3135 deserendi
746 3078 998 3136 facimus.
1038 3084 1095 3131 et
1137 3074 1303 3129 saluti
1356 3083 1559 3128 nostrae
1599 3073 1702 3128 soli
1758 3071 1991 3125 inservi-

408 3171 576 3227 mus?
600 3171 753 3236 Quod
784 3170 829 3224 si
864 3171 1007 3223 inter
1039 3169 1208 3222 tilium
1261 3176 1319 3222 et
1348 3182 1613 3238 generum
1648 3165 1989 3235 restinguere

407 3266 616 3319 bellum
654 3264 1029 3332 nequivimus,
1090 3262 1258 3332 866
1288 3262 1380 3315 sed
1411 3261 1594 3314 adhuc
1624 3276 1790 3330 super
1819 3260 1991 3327 impc-
2018 3223 2060 3277 ο

340 3408 347 3416 ,
410 3356 495 3411 rio
526 3356 890 3417 contendunt,
925 3362 980 3407 at
1023 3365 1176 3408 certe
1210 3353 1343 3406 illud
1395 3351 1718 3419 videndum,
1756 3352 1800 3407 si
1851 3351 1989 3405 citra

411 3448 734 3517 sanguinein
778 3461 841 3499 ac
883 3444 1087 3501 caedem
1122 3445 1303 3500 facere
1333 3445 1464 3498 illud
1499 3445 1712 3509 liceret,
1750 3455 1811 3498 nt
1836 3443 1990 3498 vole-

413 3539 628 3597 bamus,
656 3553 821 3605 «piam
868 3547 1015 3590 esset
1051 3551 1190 3605 opus
1221 3538 1522 3606 egregium.
1574 3536 1731 3591 Nune
1776 3535 1832 3588 in
1870 3548 1990 3589 eam

413 3629 802 3681 necessitatem
851 3626 1057 3695 delapsi
1109 3642 1319 3690 sumus,
1363 3638 1422 3681 ut
1451 3634 1547 3681 aut
1596 3636 1794 3696 sponte
1843 3640 1995 3679 rece-

411 3718 655 3772 dendum
691 3717 759 3771 ab
787 3718 873 3771 his
904 3718 1090 3782 rebus,
1122 3727 1218 3772 aut
1248 3734 1427 3788 pugna
1454 3716 1743 3771 occidendi
1787 3716 1993 3781 hostes,

411 3818 511 3864 aut
540 3810 702 3883 nobis
743 3810 876 3877 ipsis
914 3809 1146 3865 fortasse
1196 3810 1543 3863 moriendum
1586 3810 1677 3862 sit.
1722 3808 1993 3873 Quoniam

415 3900 585 3970 igitur
619 3909 677 3955 et
729 3901 875 3955 vinci
924 3901 1326 3970 turpissimum,
1364 3909 1533 3969 atque
1582 3898 1995 3953 calamitosissi-

416 4004 591 4051 mum,
620 3998 675 4043 et
694 3990 914 4043 vincere
941 3990 1200 4044 similiter
1219 3989 1660 4043 infelicissimum
1683 3996 1789 4048 est,
1810 4002 1910 4040 cur
1941 3994 1997 4039 et

412 4080 718 4144 communi,
750 4088 807 4134 et
837 4080 998 4135 nobis
1034 4080 1168 4149 ipsis
1215 4078 1452 4133 nolimus
1479 4076 1817 4131 consulere?
1854 4077 1997 4130 Huic

416 4171 772 4240 imperatoris
806 4171 1040 4225 consilio
1072 4179 1333 4240 tanquam
1372 4170 1623 4231 salutari.
1652 4169 1795 4223 haud
1830 4184 1996 4236 repu-

414 4263 603 4333 gnavit
647 4262 992 4332 imperatrix.
1037 4262 1394 4332 Congregatis
1446 4278 1611 4331 porro
1659 4264 1715 4315 in
1771 4262 1996 4331 palatio,

414 4354 511 4422 qui
541 4352 928 4408 Cantacuzeno
962 4353 1223 4408 favebant
1272 4354 1682 4422 impensissime
1704 4397 1718 4416 ,
1751 4369 1861 4406 non
1897 4353 1997 4405 nii-

413 4446 607 4499 litibus
626 4445 821 4507 :modo,
851 4444 948 4499 sed
985 4455 1039 4499 et
1067 4445 1436 4499 nobilioribus
1484 4460 1591 4497 non
1627 4445 1839 4513 paucis,
1882 4454 1995 4496 tur-

2088 1967 2384 2030 δεδοικότες
2411 1968 2641 2038 δύναμιν
2659 1970 2912 2040 (ἠλπιζον
2936 1969 3047 2037 γὰρ
3087 1969 3251 2022 αὐτὸν
3268 1969 3471 2023 αὐτίκα
3486 1970 3682 2037 -χωρή-

2092 2076 2208 2111 σειν
2263 2061 2357 2112 ὲπὶ
2405 2060 2632 2129 μάχην),
2689 2060 3096 2115 συνεετ.λλοντο
3156 2062 3249 2113 καὶ
3336 2058 3676 2127 ὑπεχώρλυν.

2092 2143 2351 2208 Βασιλεὺς
2408 2146 2465 2199 δὲ
2511 2150 2538 2199 ὁ
2583 2148 3036 2215 Καντακουζηνδς
3070 2149 3202 2203 ἐπεὶ
3251 2146 3480 2201 πύθοιτο
3522 2146 3680 2202 ἑνδον

2091 2237 2394 2301 Βυζαντίου
2458 2237 2591 2291 ὄντα
2635 2239 2861 2310 βασιλέα
2897 2240 2989 2292 τὸν
3016 2239 3290 2308 γαμῦρὸν,
3332 2239 3395 2291 τὸ
3426 2238 3526 2309 μὲν
3585 2240 3680 2291 ἐπὶ

2094 2332 2274 2399 pila;
2295 2333 2494 2401 χωρεῖν
2554 2334 2648 2384 καὶ
2697 2332 2892 2399 φόνους
2957 2331 3271 2400 ἀπηγόρευε
3332 2330 3677 2399 παντάπασι,

2092 2422 2360 2491 παρόντος
2382 2422 2438 2476 δέ
2469 2424 2563 2475 καὶ
2591 2421 2841 2490 Κυδώνη.
2894 2421 2953 2484 ὃς
2980 2422 3128 2474 ἔνδον
3157 2420 3442 2492 βασιλείων
3475 2421 3679 2487 διέτρι-

2092 2512 2185 2565 ϐεν
2215 2514 2323 2576 ἀεὶ,
2344 2514 2405 2565 οὐ
2446 2514 2607 2582 μόνον
2641 2515 2728 2569 διὰ
2761 2515 2859 2582 τὴν
2887 2514 3179 2582 εὐμένειαν
3205 2514 3270 2583 ἣν
3297 2513 3500 2584 πολλὴν
3522 2515 3681 2583 παρὰ

2083 2606 2362 2675 ,βασιλέως
2411 2605 2745 2675 ἐκαρποῦτο,
2800 2605 2916 2659 ἀλλ’
2964 2608 3048 2658 ὅτι
3083 2607 3317 2667 καὶτοῖς
3358 2605 3666 2675 πράγμασι

2097 2696 2353 2766 μεσάζων
2404 2698 2650 2766 ἀνάγκην
2691 2694 2835 2767 εἶχεν
2896 2696 2985 2750 ἀεὶ
3030 2698 3266 2750 συνεῖναι
3322 2696 3539 2767 βασιλεῖ
3577 2699 3675 2751 νύο

2094 2805 2265 2859 κτωρ,
2305 2791 2408 2854 καὶ,
2428 2790 2530 2858 μεθ
2550 2790 2564 2811 ’
2590 2791 2806 2859 ἡμέραν
2837 2791 2971 2860 πρὸς
2996 2789 3242 2859 Εἰρήνην
3277 2788 3524 2858 βασιλίδα
3577 2788 3677 2857 τὴν

2096 2886 2329 2949 γυναῖκα
2358 2877 2514 2933 εἶπεν
2547 2897 2562 2912 ³
2597 2882 2660 2933 Ei
2697 2883 2797 2950 μὲν
2822 2881 2898 2950 μὴ
2931 2881 3203 2951 πρότερον
3250 2880 3497 2933 ἐδέδοκτο
3543 2882 3679 2951 ἡμῖν

2094 2973 2202 3025 τῶν
2246 2974 2588 3044 πραγμάτων
2626 2975 3046 3045 ἁναχωρεῖνκα).
3082 2974 3194 3027 τῶν
3250 2973 3518 3040 θορύϐων,
3583 2972 3681 3026 καὶ

2099 3066 2350 3133 μοναχών
2405 3065 2661 3128 ἐνδύντας
2765 3064 2955 3134 σχῆμα
3017 3065 3153 3134 πρὸς
3205 3066 3305 3133 τὴν
3379 3066 3681 3134 μέλλουσαν

2098 3158 2313 3228 ἐκείνην
2344 3156 2596 3210 εὔκλειαν
2619 3157 2965 3225 ἐπείγεσθαι,
3013 3159 3108 3211 καὶ
3135 3158 3401 3224 εὐδοξίαν,
3427 3157 3583 3209 οὐδὲν
3604 3157 3678 3209 ἂν

2094 3244 2161 3319 ἦν
2210 3252 2667 3320 ἀναγκαιότερον,
2694 3250 2827 3303 οὖδέ
2865 3251 3067 3320 μᾶλλον
3125 3249 3441 3303 λυσιτελοῦν
3502 3252 3562 3303 ἐν
3593 3250 3678 3320 τῷ

2096 3341 2345 3409 παρόντι,
2379 3341 2445 3410 ἢ,
2480 3343 2583 3409 τὴν
2614 3342 2888 3411 στρατιὰν,
2921 3341 3284 3403 ἀναλαϐόντα,
3312 3344 3510 3411 χωρεῖν
3545 3341 3684 3395 εὐθὺ

2094 3430 2202 3482 τῶν
2246 3432 2542 3500 πολεμίων,
2604 3433 2700 3485 καὶ
2752 3431 3034 3500 φείδεσθαι
3094 3432 3342 3503 μηδενὺς,
3388 3431 3528 3484 ἀλλὰ
3587 3432 3686 3486 διὰ

2095 3525 2312 3576 πάντων
2358 3524 2505 3577 ,ἰέναι
2553 3523 2715 3593 ἄχρις
2742 3523 2810 3577 ἂν
2861 3522 3228 3593 ἐξελάσαιμιν
3299 3523 3400 3593 τῆς
3442 3522 3682 3590 πόλεως.

2094 3616 2122 3668 δ
2157 3616 2393 3686 μάλιστα
2446 3617 2623 3686 ῥᾷστα
2648 3616 2715 3668 ἂν
2746 3615 3260 3686 κατηργασάμεθα,
3292 3615 3417 3669 ὅσον
3452 3617 3565 3668 ἀπό
3617 3634 3684 3669 τε

2094 3708 2189 3777 τῆς
2226 3709 2455 3760 ἐκείνων
2469 3707 2792 3776 ἀδυναμίας,
2814 3708 2909 3761 καὶ
2940 3710 3041 3776 τῆς
3063 3710 3341 3778 ἡμετέρας
3390 3709 3685 3779 δυνάμεως

2096 3801 2212 3852 ἐστι
2239 3799 2597 3868 στοχάζεσθαι
2630 3814 2646 3830 ·
2679 3799 2732 3851 εί
2754 3800 2810 3852 δέ
2832 3800 3022 3852 νικῶσί
3053 3816 3112 3853 τε
3156 3801 3360 3871 ὁμοίως
3390 3802 3485 3854 καὶ
3507 3804 3689 3867 ἡττω-

2099 3893 2284 3962 μένοις
2326 3892 2386 3943 τὸ
2400 3892 2509 3942 τῶν
2529 3894 2874 3960 πραγμάτων
2897 3891 3515 3961 ἀναγκαίωςπρόκειται
3535 3894 3684 3944 ἀπο-

2097 3983 2319 4052 χωρεῖν,
2358 3981 2411 4032 τί
2434 3981 2512 4033 δεῖ
2544 3982 2720 4048 φόνων
2746 3981 2845 4033 καὶ
2870 3981 3124 4052 πολέμων
3140 3984 3295 4051 ήμῖν;
3320 3982 3475 4035 οὐδὲν
3507 3983 3679 4036 πλέον

2096 4071 2313 4136 ἕξουσιν
2374 4074 2438 4124 ἐκ
2479 4070 2687 4122 τούτων
2716 4069 2749 4140 ἢ
2783 4070 2883 4134 τὰς
2917 4072 2981 4123 ἐκ
3033 4071 3144 4124 τῶν
3194 4071 3374 4138 φόνων
3427 4071 3673 4141 κηλῖδας,

2099 4168 2193 4218 καὶ
2223 4166 2346 4227 τοὺς
2370 4163 2460 4215 διὰ
2515 4162 2628 4235 βίου
2661 4164 2754 4217 τοῦ
2799 4163 3101 4225 συνειδότος
3157 4162 3367 4225 δεινοὺς
3419 4163 3685 4234 ἐλέγχους

2101 4256 2198 4325 (ἐῶ
2241 4256 2351 4325 γὰρ
2395 4256 2492 4317 τὰς
2517 4257 2576 4306 ἐν
2620 4254 2696 4323 τῷ
2722 4253 2999 4323 ⁵μέλλοντιι
3016 4254 3116 4323 βίῳ
3142 4257 3253 4316 τοῖς
3298 4255 3525 4308 τοίαῦτα
3554 4259 3681 4309 το).-

2103 4348 2276 4417 μῶσιν
2320 4346 2693 4415 ἀποκειμένας
2737 4344 3027 4414 τιμωρίας)
3052 4360 3067 4374 ·
3102 4346 3239 4398 ἀλλὰ
3273 4346 3348 4417 μὴ
3404 4348 3682 4417 πρόφασιν

2098 4439 2196 4507 τὴν
2251 4437 2515 4505 βασιλέως
2542 4436 2830 4506 θεμένους
2867 4436 3182 4506 ἐπιδημίαν,
3222 4437 3399 4491 πάντα
3427 4439 3683 4492 καταλεί-

415 4541 605 4594 batum
635 4548 716 4594 est
749 4553 860 4593 non
891 4537 1267 4601 mediocriter,
1310 4554 1659 4603 cumomncs
1700 4539 1755 4591 in
1802 4539 1989 4591 hostes

2102 4547 2247 4594 πειν,
2280 4531 2375 4582 καὶ
2427 4532 2586 4599 μόνου
2619 4527 2867 4596 γίνεσθαι
2899 4527 2994 4613 τοιξ
3042 4529 3349 4597 σώζεσθαις
3380 4531 3453 4583 ῖΕί
3475 4531 3533 4583 δὲ
3599 4535 3678 4602 μὴ

386 4626 788 4687 "invadendum
832 4630 1155 4685 suaderent.
1190 4630 1470 4698 Praecipue
1518 4617 1994 4683 tamen'Catalani

417 4723 743 4777 mercenarii
766 4721 1109 4785 tremebant,
1139 4731 1195 4775 et
1243 4737 1301 4775 se
1342 4721 1397 4774 in
1432 4721 1622 4774 hostes
1650 4720 1871 4774 immitti
1905 4720 2000 4772 lla-

415 4814 667 4884 gitabant
694 4828 710 4865 :
741 4813 894 4866 nullo
934 4813 1140 4881 quippe
1175 4812 1398 4880 negotio
1447 4811 1570 4867 illos
1622 4812 1761 4865 urbe
1804 4813 1998 4881 depul-

418 4920 601 4959 suros.
638 4904 708 4958 At
742 4904 1042 4972 imperator
1094 4918 1219 4955 cum
1275 4917 1468 4971 pugnae
1502 4901 1716 4977 capiam
1767 4918 1997 4972 prorsus

419 5003 481 5046 ut
520 4993 770 5046 inutilem
810 5000 1056 5059 negaret,
1092 4990 1495 5057 consiliumque
1526 5006 1687 5043 suum
1731 4990 1997 5044 militibus

420 5084 650 5136 minime
685 5082 1147 5135 manifestandum
1193 5081 1569 5134 arbitraretur
1592 5082 1681 5151 (ne
1709 5081 1995 5135 audaciam

417 5186 647 5232 eorum,
696 5180 750 5224 et
791 5170 1071 5234 Studium,
1119 5171 1566 5240 alacritatemque
1611 5187 1737 5242 erga
1786 5187 1847 5226 se
1888 5189 1996 5227 neu

425 5279 614 5332 parum
639 5262 1010 5327 itntninucrct,
1038 5262 1510 5326 ratiocinantium,
1538 5274 1598 5317 ut
1626 5274 1770 5318 esset
1805 5265 1998 5318 verisi-

427 5354 575 5417 mile,
622 5352 903 5407 neminem
944 5368 1136 5407 eorum
1178 5359 1560 5408 strenuitatem
1611 5365 1999 5410 remuneratu-

426 5461 573 5509 rum,
609 5445 654 5500 si
693 5445 999 5513 imperator
1044 5446 1281 5515 imperio
1311 5461 1368 5500 se
1405 5438 1685 5511 abdicans,
1717 5446 1882 5500 verba
1917 5446 1999 5501 eis

424 5540 594 5597 dare.
644 5547 700 5591 et
744 5551 935 5591 eorum
984 5538 1249 5607 impetum
1299 5538 1580 5592 retardare
1612 5539 1898 5605 conetur),
1939 5537 1997 5592 Si

423 5639 615 5684 contra
640 5637 882 5692 exteros,
912 5627 1219 5697 inquiebat,
1252 5630 1409 5683 nobis
1440 5629 1643 5683 bellum
1680 5641 1846 5695 esset,
1877 5630 2002 5699 qui-

426 5720 529 5776 bus
560 5720 685 5790 quis
712 5720 1056 5788 interemptis
1082 5736 1218 5791 pura
1254 5722 1622 5788 frueretur,et
1649 5736 1817 5776 vacua
1848 5721 1998 5776 omni

426 5826 661 5869 mmrore
707 5809 920 5877 laetitia,
952 5826 1055 5868 nec
1097 5828 1198 5884 ego
1231 5813 1453 5883 quidem
1501 5813 1658 5869 vobis
1703 5813 1999 5869 sensissem

2096 4620 2468 4674 διαλελυκέναι
2514 4620 2606 4674 τὸν
2652 4620 2890 4688 πόλεμον
2921 4619 3271 4689 ἠδυνήθημεν
3321 4621 3400 4691 τῷ
3424 4638 3490 4675 τε
3548 4622 3677 4692 υιῷν

2097 4709 2299 4777 καὶτῷ
2339 4704 2596 4778 γαμϐρῷ,
2641 4707 2759 4788 αλλ’
2790 4708 3194 4762 ¹ὑπολέλειπται
3246 4711 3431 4774 αὐτοῖς
3480 4714 3515 4782 ή
3559 4713 3681 4782 ἔρις

2096 4803 2224 4869 περὶ
2251 4800 2349 4868 τῆς
2379 4800 2557 4869 ᾁρχῆς
2583 4814 2599 4830 ⁸
2629 4799 2744 4853 ἀλλ’
2768 4802 2950 4853 ἐκεῖνο
2972 4801 3079 4871 χρὴ
3101 4804 3347 4868 σκοπεῖν,
3374 4803 3471 4865 ὡς,
3502 4806 3550 4856 εί
3577 4806 3681 4873 μὲν

2094 4894 2344 4958 αἱμάτων
2407 4890 2579 4961 χωρὶς
2630 4894 2729 4944 καὶ
2780 4891 2956 4958 φόνων
3009 4894 3271 4961 πράττειν
3323 4894 3469 4947 τοῦτ’
3524 4894 3678 4967 ἐξῆν,

2096 4982 2285 5053 ὥσπερ
2326 4983 2687 5050 ἐϐουλόμεθα,
2731 4978 2800 5053 ἦν
2845 4983 2915 5035 ἂν
2947 4983 3108 5053 ἔργον
3140 4985 3292 5050 ἄξιον
3338 4987 3527 5058 εὐχῆς,
3563 4996 3681 5043 νυνὶ

2096 5075 2154 5128 δὲ
2194 5077 2270 5136 si;
2306 5076 2567 5145 τοιαύτην
2591 5076 2840 5143 ἀνάγκην
2866 5077 3229 5145 περιέστηκεν
3259 5079 3395 5147 ἡμῖν
3442 5078 3510 5130 τὰ
3534 5081 3683 5149 πρά·

2098 5184 2306 5236 γματα,
2364 5165 2495 5219 ὥστ’
2549 5166 2610 5236 ἢ,
2635 5167 2862 5229 ἑκόντας
2905 5168 3237 5238 ὑποχωρεῖν,
3264 5172 3294 5234 ἦ
3334 5173 3679 5239 μαχομένους

2098 5262 2329 5315 κτείνειν
2356 5262 2483 5322 τοὺς
2517 5262 2828 5330 πολεμίους,
2866 5260 2898 5331 ἢ
2932 5261 3129 5324 αὐτοὺς
3173 5261 3569 5330 ἀποθνήσκειν,
3607 5264 3678 5317 ἂν

2099 5356 2366 5424 συμϐαίη.
2389 5354 2517 5405 Ὅτε
2562 5353 2743 5406 τοίνυν
2767 5352 2827 5405 τό
2857 5370 2914 5405 τε
2939 5354 3206 5424 ἡττᾶσθαι
3239 5354 3348 5407 τῶν
3373 5358 3700 5426 αἰσχίστων⁸

2099 5448 2194 5500 xa‘t
2222 5447 2412 5508 δεινὸν,
2468 5445 2654 5498 καὶτὸ
2704 5446 3092 5516 νικᾷν-ὀμοίως
3146 5447 3403 5516 οὐδεμιᾶς
3452 5449 3677 5505 ἀπολεῖ.

2101 5555 2263 5591 πεται
2304 5538 2707 5606 κακοπραγίας,
2759 5541 2885 5589 ὅτου
2945 5537 3108 5590 ἕνεκα
3159 5536 3232 5608 μὴ
3280 5537 3345 5591 τὸ
3396 5543 3549 5611 κοινῇ
3614 5560 3675 5594 τε

2098 5628 2301 5699 ὁμοίως
2353 5628 2446 5680 καὶ
2502 5628 2634 5695 ήμῖν
2683 5627 3025 5697 αίρησίμεθα
3096 5628 3446 5699 λυσιτελεῠνς
3530 5632 3676 5701 Πρὸς

2102 5721 2274 5773 ταῦτα
2307 5721 2416 5773 οὐδ’
2452 5722 2484 5789 ἡ
2538 5720 2747 5789 βασιλὶς
2801 5722 3078 5787 ἁνένευεν,
3114 5722 3248 5775 ἀλλὰ
3306 5724 3555 5777 ἐπείθετο
3593 5727 3674 5797 τῷ

2106 5813 2315 5883 βασιλεί
2360 5812 2733 5883 βουλευομένῳ
2762 5814 2827 5866 τὰ
2859 5811 3071 5883 βελτίω.
3128 5814 3213 5871 Ἐν
3265 5814 3556 5880 βασιλείοις
3612 5820 3672 5873 δὲ
