4056 6460
333 431 439 494 257

1404 463 1408 467 -
1518 416 2052 492 HISTORIARUM
2100 430 2331 491 LIBER
2373 432 2468 495 ιν.

3464 452 3581 517 298

331 540 441 594 τῶν
476 541 711 612 μάλιστα
734 541 903 596 εὕνων
926 540 1140 612 βασιλεῖ
1164 542 1237 613 τῷ
1268 542 1702 613 Καιτακόυζηνῷ
1728 562 1887 613 συνη-

1999 538 2222 595 ditl'erre
2261 557 2523 614 pugnam,
2564 554 2660 600 aut
2694 561 2975 618 respuere,
3017 554 3111 609 sed
3144 555 3358 614 hostem
3390 565 3575 631 potius

333 632 688 703 θροισμένων,
720 634 781 686 οὐ
805 633 914 686 τῶν
968 633 1317 704 στρατιωτῶν
1372 634 1574 702 μόνων,
1631 634 1764 688 ἀλλά
1801 636 1897 690 καὶ

330 723 438 776 τῶν
483 723 880 794 εὐγενεστέρων
942 725 1044 778 οὐκ
1092 725 1314 793 ὀλίγων,
1379 725 1608 796 θόρυϐος
1677 723 1745 798 ἦν
1804 729 1900 781 καὶ

328 814 560 884 ταραχὴ,
624 815 719 868 καὶ
780 817 980 879 πάντες
1031 816 1246 869 ἐπιέναι
1298 816 1410 870 δεῖν
1461 818 1572 880 τοῖς
1615 818 1895 886 πολεμίοις

336 900 737 955 συνεϐούλευον.
766 902 1013 956 Μάλιστα
1052 903 1109 956 δὲ
1164 904 1458 974 ἐθορύϐουν
1484 906 1544 957 τὸ
1600 907 1665 958 ἐκ
1716 908 1896 959 Κατε-

327 988 502 1041 λάνων
528 988 939 1061 μισθοφορικὸν,
970 993 1063 1045 καὶ
1095 991 1283 1060 ἠξίουν
1311 992 1538 1063 βασιλέα
1589 997 1701 1058 τοῖς
1736 995 1890 1049 πολε-

331 1079 473 1149 μίοις
507 1082 735 1148 ἐπάγειν
782 1084 922 1151 σφᾶς
988 1085 1062 1148 ὡς
1096 1084 1299 1155 ῥᾳδίως
1365 1086 1719 1151 ἔξελάσοντας
1796 1089 1897 1158 τῆς

328 1172 557 1233 πόλεως.
596 1172 660 1226 '0
714 1174 794 1238 δὲ,
839 1175 900 1228 τό
954 1192 1015 1228 τε
1054 1176 1325 1246 μάχεσθαι
1382 1179 1755 1244 παντάπασιν,
1816 1181 1897 1245 ὡς

327 1263 664 1332 ἀλυσιτελὲς,
698 1266 1042 1338 ἀπειρηκὼς,
1080 1271 1144 1337 τῇ
1182 1286 1240 1322 τε
1272 1270 1505 1342 στρατιᾷ
1525 1270 1625 1341 τὴν
1645 1269 1894 1341 γνώμην,

324 1357 499 1427 ἥνπερ
527 1358 639 1427 ἔχει
671 1359 797 1431 περὶ
840 1361 949 1414 τῶν
1001 1360 1371 1430 πραγμάτων,
1421 1363 1660 1432 φανερὰν
1718 1364 1897 1416 ποιεῖν

328 1451 405 1521 μὴ
438 1454 737 1521 προσήκειν
780 1453 1007 1529 οἰηθεὶς,
1058 1455 1389 1525 ὑφαιρήσειν
1417 1456 1527 1525 γάρ
1582 1455 1651 1510 ἂν
1712 1455 1896 1510 αὐτῶν

323 1540 424 1593 οὐκ
454 1541 632 1608 ὀλίγον
659 1543 756 1613 τῆς
785 1545 988 1620 τόλμης
1035 1548 1132 1602 καὶ
1180 1547 1279 1615 τῆς
1310 1551 1439 1620 περὶ
1504 1548 1669 1602 αὐτὸν
1728 1565 1893 1620 σπου-

301 1628 417 1696 ’δῆς
467 1627 561 1681 καὶ
607 1618 941 1700 προθυμίας,
958 1632 1156 1704 ῶσπερ
1191 1634 1358 1700 είκὸς,
1388 1618 1778 1708 λογισαμένης,
1818 1638 1896 1701 ὡς

322 1716 492 1780 οὐδεὶς
515 1716 807 1788 ἀμείψεται
839 1720 1036 1785 αὐτοὺς
1066 1721 1166 1791 τῆς
1190 1723 1558 1793 ἀνδραγαθίας
1590 1724 1773 1794 χάριν,
1826 1724 1895 1778 ἂν

331 1808 579 1876 βασιλεὺς
608 1809 704 1862 τοῦ
734 1810 925 1882 ἄρχειν
953 1813 1189 1884 ἀποστῇ,
1226 1814 1406 1881 λόγοις
1439 1815 1714 1886 παράγειν
1739 1817 1893 1869 ἐπει-

2004 630 2189 686 statim
2231 633 2476 703 aggredi.
2529 635 2587 691 Si
2623 637 2770 691 enim
2810 639 3154 711 vicissemus,
3208 630 3573 723 fortitudinis,

2001 730 2055 774 et
2083 720 2337 777 audentis
2364 723 2535 778 animi
2567 726 2794 796 gloriam
2823 732 3223 802 retulissemus,
3246 743 3578 800 occumben-

2002 813 2137 867 tium
2159 824 2369 881 autem,
2394 828 2651 887 tanquam
2675 821 2920 875 virorum
2947 823 3193 893 fortium,
3214 829 3409 888 fuisset
3427 837 3575 906 apud

2000 913 2251 972 posteros
2304 905 2503 978 inclyta
2549 912 2836 968 memoria.
2872 914 2992 970 1am
3045 920 3173 987 quia
3227 905 3573 992 potissimum

2002 997 2248 1066 cognati,
2282 1006 2338 1053 et
2372 998 2520 1053 cives
2547 1010 2677 1055 sunt
2704 1003 3040 1070 adversarii,
3069 1009 3172 1064 hoc
3213 1013 3392 1083 ipsum
3422 1018 3570 1076 laudi

2000 1093 2205 1141 nostrae
2225 1087 2407 1142 obstat
2428 1090 2696 1146 maxime:
2718 1108 2873 1163 atque
2893 1097 3043 1152 enim
3067 1102 3196 1156 victi
3227 1104 3576 1179 victoresque

1997 1172 2197 1251 famam
2228 1189 2472 1233 nostram
2508 1179 2575 1234 ad
2608 1185 2981 1250 posteritatem
3028 1172 3572 1258 commaculabimus.

1999 1245 2107 1318 Sed
2129 1264 2171 1319 si
2192 1282 2299 1336 qua
2318 1245 2651 1334 mihi,multa
2668 1287 2775 1342 qua
2795 1282 2936 1344 toga,
2956 1245 3574 1348 quamilitia:

1995 1366 2244 1425 experto,
2291 1373 2590 1431 rerumque
2633 1364 3068 1437 vicissitudines,
3109 1383 3165 1429 et
3215 1372 3595 1436 dillicultates

1996 1447 2167 1515 probe
2205 1444 2437 1504 callenti
2455 1451 2594 1508 ﬁdes
2623 1453 2876 1512 habenda
2909 1468 3015 1524 est,
3051 1461 3153 1519 hos
3183 1468 3407 1535 quidem
3447 1472 3570 1528 ina-

1994 1536 2164 1602 niter,
2194 1554 2257 1593 ac
2288 1540 2494 1596 frustra
2530 1542 2766 1615 fatigari,
2799 1548 3062 1621 nulloque
3091 1554 3290 1614 eﬂ‘ectu
3323 1560 3572 1620 laborare

1995 1628 2267 1694 sinamus.
2301 1648 2435 1688 sane
2465 1642 2523 1689 et
2549 1645 2703 1692 certo
2728 1640 2907 1697 sciant
2935 1644 3072 1700 nihil
3104 1663 3171 1703 ex
3212 1651 3570 1722 improbitate

1994 1734 2094 1775 sua
2141 1721 2550 1780 lucrifacturos.
2591 1727 2703 1783 Nos
2749 1745 2882 1788 vero
2927 1750 3048 1805 quae
3083 1739 3229 1797 viros
3273 1721 3572 1813 prudentes

1994 1824 2060 1866 ac
2080 1810 2254 1868 fortes
2285 1813 2481 1870 decent
2509 1819 2837 1889 cogitantes,
2866 1838 2932 1879 ex
2963 1827 3089 1884 aliis
3113 1810 3342 1889 urbibus
3368 1839 3570 1896 milites

326 1900 477 1967 ρᾶτο,
524 1902 618 1959 καὶ
654 1901 953 1989 ἀμϐλύνειν
986 1903 1095 1993 τὴν
1123 1906 1323 1976 ὁρμήν.
1366 1905 1428 1959 Εί
1455 1906 1555 1976 μὲν
1609 1906 1719 1978 γὰρ
1751 1908 1887 1976 πρὸς

1988 1913 2396 1972 exspectemus.
2422 1907 2560 1963 Nam
2579 1918 2635 1965 et
2662 1912 2809 1969 ﬁlius
2843 1914 2958 1982 ubi,
2992 1921 3140 1987 quod
3165 1925 3370 1993 evenit,
3402 1929 3562 1985 intel-

321 1989 668 2057 ἀλλοφύλους,
701 1980 958 2060 ἔφασκεν,
984 1987 1052 2064 ἦν
1082 1995 1110 2046 ὁ
1138 1994 1375 2063 πόλεμος
1400 1995 1554 2065 ἡμῖν,
1578 1994 1673 2059 οἱς
1705 1997 1772 2049 ἀν
1803 2013 1886 2059 τις

322 2083 649 2159 ἀποκτείνῃ
703 2084 952 2150 καθαράν
1021 2087 1175 2158 σχοίη
1234 2088 1330 2141 καὶ
1381 2087 1563 2158 λύπης
1620 2086 1889 2159 ἀμέτοχον

320 2172 418 2240 τὴν
443 2171 507 2224 ὲκ
528 2148 639 2241 τῆξ
649 2171 803 2244 νίκης
834 2148 1175 2245 ﬂavum-oux-
1203 2175 1272 2230 ἂν
1317 2176 1426 2231 οὐδ’
1457 2148 1621 2240 αύτδς
1661 2148 1888 2246 ’μέλλειν

224 2313 239 2321 ,
264 2292 281 2299 ι
322 2263 470 2331 ὑμῖν,
539 2264 650 2318 οὐδ’
690 2264 1013 2319 ἀναδύεσθαι
1068 2267 1167 2337 τὴν
1234 2268 1416 2338 μάχην
1446 2268 1884 2337 ⁶συνεϐούλευσα,

324 2355 438 2409 ἀλλ’
468 2355 664 2411 αὐτίκα
693 2358 925 2431 ἐπιένα-ιθ
980 2358 1241 2422 νικῶντές
1302 2376 1361 2412 τε
1389 2360 1497 2431 γὰρ
1547 2358 1613 2412 ἂν
1666 2360 1888 2431 ἀνδρίας

324 2444 415 2497 καὶ
435 2447 638 2516 τόλμης
692 2445 943 2502 εὔκλειαν
987 2448 1264 2519 ἠράμεθα,
1323 2451 1419 2502 καὶ
1457 2451 1885 2520 ἀποθνήσκουσι,

330 2535 504 2598 πάσης
570 2534 811 2600 εὐδοξίας
862 2535 1213 2589 κατελείπετο
1264 2539 1548 2608 μνημεῖον,
1604 2537 1793 2609 ῶσπερ
1818 2536 1888 2611 ἦν

326 2626 594 2694 προσῆκον
645 2625 904 2696 ἀνδράσιν
933 2626 1159 2694 ἀγαθοῖς
1181 2627 1581 2699 ἠγωνισμένοις
1608 2646 1653 2711 ’ν
1683 2631 1802 2684 νυνὶ
1832 2632 1887 2684 δὲ

324 2717 379 2767 τὸ
402 2716 678 2781 συγγενεῖς
710 2732 769 2769 τε
803 2716 1038 2783 μάλιστα
1087 2719 1186 2772 καὶ
1214 2719 1520 2788 ὁμοφύλους
1568 2717 1710 2799 εἶναι
1760 2722 1887 2787 τοὺς

323 2807 867 2877 άντικαθισταμένους
911 2810 1095 2863 πᾶσαν
1145 2810 1491 2884 περιῄρηκεν
1523 2812 1683 2884 ήμῶν
1732 2814 1885 2883 φιλο-

323 2897 530 2965 τιμίανο
564 2898 763 2966 ὁμοίως
790 2899 897 2969 γὰρ
959 2899 1054 2952 καὶ
1084 2900 1387 2969 ἡττώμενοι
1444 2906 1542 2955 καὶ
1602 2902 1883 2969 νικῶντες,

1990 1991 2144 2063 liget,
2176 1995 2465 2055 celerrime
2495 2014 2619 2055 cum
2645 2004 2866 2088 agmine
2903 2007 3117 2064 aderit:
3139 2023 3195 2066 et
3227 1991 3569 2086 Nicephorus

1991 2081 2221 2152 despota
2278 2103 2468 2157 gener,
2517 2101 2574 2146 et
2643 2081 3321 2175 Asanes'sehastocrator,
3363 2081 3427 2164 et
3472 2113 3566 2167 alii

1989 2172 2179 2239 duces,
2217 2176 2384 2248 867
2415 2196 2553 2250 quos
2590 2199 2689 2253 per
2723 2186 2933 2244 litteras
2981 2206 3278 2253 accersam.
3327 2199 3431 2267 Qui
3473 2204 3566 2259 ubi

1990 2279 2181 2322 omnes
2211 2269 2491 2336 aﬂuerint,
2524 2290 2626 2330 nec
2651 2277 2719 2332 ad
2756 2295 2950 2337 manus
2976 2285 3199 2353 quidem
3235 2291 3424 2346 venire
3462 2309 3567 2348 au-

1988 2356 2203 2423 dentes,
2253 2362 2350 2416 sed
2396 2366 2638 2432 attoniti,
2690 2369 3038 2429 incruentam
3083 2378 3245 2435 nobis
3275 2383 3563 2442 victoriam

1989 2441 2220 2499 dabunt.
2263 2445 2360 2502 llis
2403 2449 2566 2506 dictis
2615 2454 2831 2512 litteras
2877 2470 3125 2517 actutum
3179 2467 3245 2521 ad
3291 2469 3485 2538 tilium,
3513 2486 3568 2530 et

1989 2533 2129 2589 alios
2154 2536 2209 2590 in
2244 2551 2544 2609 conspectu
2586 2549 2835 2602 omnium
2867 2550 2981 2614 dat.
3015 2557 3221 2623 quibus
3243 2533 3563 2630 Byzantium

1988 2636 2313 2683 evocantur.
2364 2630 2570 2690 Scribit
2604 2626 2735 2691 item
2770 2639 3010 2699 ducibus
3053 2626 3419 2709 Barbarorum
3469 2673 3568 2727 per

1992 2712 2304 2785 Thraciam,
2355 2728 2415 2775 ut
2463 2732 2519 2777 et
2561 2726 2667 2795 ipsi
2719 2729 2839 2785 sine
2888 2747 3042 2789 mora
3080 2738 3290 2796 auxilio
3319 2712 3565 2806 venia-nt.

1986 2799 2259 2859 Caeterum
2294 2807 2412 2864 haec
2446 2815 2630 2869 omnia
2662 2828 2887 2887 propter
2919 2821 3253 2884 domesticos
3283 2831 3567 2905 ﬁngeban-

1991 2899 2117 2958 tur;
2145 2896 2258 2964 jam
2286 2901 2434 2957 enim
2486 2916 2710 2974 paratus
2746 2921 2885 2978 erat,
2918 2929 2977 2970 se
3018 2915 3251 2989 imperio
3279 2925 3563 2996 abdicare,
3627 2964 3631 2969 η

325 2988 523 3058 πολλὴν
552 2991 607 3042 ὲν
640 2992 752 3054 τοῖς
786 2991 1061 3046 είσέπειτα
1121 2992 1569 3064 προστριψάμεθα
1612 2994 1712 3066 τὴν
1766 2995 1887 3049 ἀδο-

1988 2991 2045 3037 et
2072 2989 2327 3061 nuntium
2361 2993 2586 3050 caducis
2621 3001 2862 3058 mittere.
2897 2988 3219 3077 Quanquam
3255 3014 3302 3068 si
3329 3019 3566 3076 maxime

323 3076 441 3144 ξῑαν
478 3081 706 3144 ἑαυτοῖς.
750 3080 891 3134 Ἀλλ’
917 3082 971 3135 εί
1004 3100 1057 3136 τι
1092 3082 1377 3137 πείθεσθαί
1402 3100 1509 3154 ,μοι
1548 3085 1651 3152 δεῖ,
1674 3085 1886 3139 πολλῶν

1990 3071 2043 3125 id
2082 3073 2189 3129 sibi
2212 3076 2481 3136 voluisset
2510 3099 2782 3155 asserere,
2818 3100 2873 3147 et
2918 3071 2970 3148 vi
3004 3096 3220 3153 hostem
3269 3107 3562 3174 repellere,

323 3172 571 3240 πολέμων
605 3174 874 3245 ἐμπείρῳ,
908 3174 1005 3228 καὶ
1055 3174 1400 3246 πραγμάτων
1455 3175 1542 3229 διὰ
1587 3175 1703 3247 βίου
1750 3192 1886 3228 παν·

1989 3178 2058 3218 ne
2089 3171 2169 3221 sic
2205 3171 2428 3238 quidem
2483 3191 2618 3233 usus
2657 3191 2809 3238 esset
2856 3184 3224 3246 Barbarorum
3277 3171 3564 3260 subsidiis.

322 3260 411 3323 τὸς
429 3242 799 3334 γεγενημένῳ,
826 3242 928 3316 καὶ
973 3242 1152 3328 καλῶς
1188 3242 1353 3319 ε’ίδότι
1375 3242 1718 3336 πραγμάτων
1746 3265 1883 3335 χρῆ·

1988 3253 2313 3315 Philotbeus
2359 3265 2506 3319 enim
2561 3271 2900 3338 patriarcha,
2958 3278 3051 3334 ubi
3105 3283 3290 3340 sedem
3346 3304 3561 3348 sacram

321 3351 448 3405 σθαι
489 3352 813 3421 μεταϐολαῖς
837 3353 931 3407 καὶ
961 3353 1327 3425 δυσχερείαις,
1369 3357 1592 3418 τούτους
1639 3354 1742 3427 μὲν
1789 3355 1885 3427 ιᾷν

321 3446 741 3517 προσῆκονξεὲκῇ
790 3448 883 3501 καὶ
943 3447 1121 3518 μάτην
1154 3448 1544 3519 κοπτομένους,
1609 3449 1705 3502 καὶ
1751 3450 1882 3520 ἀνή-

320 3553 452 3590 νυτα
495 3535 810 3603 πονοῦντας,
866 3539 1054 3609 σαφῶς
1105 3539 1335 3608 εἰδότας,
1387 3538 1463 3604 ὡς
1520 3541 1673 3594 οὐδὲν
1722 3541 1883 3613 δυνή-

323 3645 504 3682 σονται
530 3629 692 3684 πλέον
748 3630 1049 3686 ἀπόνασθαι
1086 3631 1184 3703 τῆς
1216 3631 1517 3703 μοχθηρίας
1539 3648 1554 3664 ο
1588 3632 1787 3696 αὐτοὺς
1826 3632 1883 3687 δὲ

320 3721 610 3792 σωφρόνων
664 3722 954 3793 ἐχομένους
1003 3724 1307 3794 λογισμῶν,
1344 3726 1438 3779 καὶ
1495 3725 1884 3795 προσηκόντων

321 3811 541 3882 ἀνδράσι
567 3812 788 3882 ἀγαθοῖς
836 3814 936 3887 τὴν
967 3819 1030 3868 ὲκ
1062 3815 1176 3870 τῶν
1200 3816 1379 3871 ἄλλων
1412 3816 1621 3871 πόλεων
1645 3818 1881 3887 περιμέ-

320 3919 430 3958 νιιν
486 3906 760 3974 στρατιάν.
804 3905 874 3959 Ὅ
919 3923 978 3960 τε
1025 3906 1134 3978 γὰρ
1195 3907 1308 3970 υίὸς
1353 3907 1607 3978 ἀφίξεται
1655 3909 1884 3978 τάχιστα

324 3994 460 4063 μετά
500 3996 599 4065 τῆς
649 3998 928 4067 στρατιᾶς,
968 4001 1317 4069 πεπυσμένος
1383 4000 1444 4052 τὸ
1499 3999 1735 4070 συμϐάν,
1789 3998 1885 4052 καὶ

320 4084 627 4157 Νικηφόρος
650 4087 918 4159 δεσπότης
952 4090 1272 4160 όγαμϐρὸς,
1320 4091 1550 4163 Ἀσάνης
1596 4109 1657 4143 τε
1715 4091 1743 4143 ὸ
1798 4106 1885 4142 σε·

321 4176 728 4248 ϐαστοκράτωρ,
786 4179 881 4233 καὶ
937 4181 987 4234 οἱ
1036 4181 1186 4234 ἄλλοι
1232 4183 1524 4254 ἡγεμόνες,
1566 4180 1659 4245 οὒς
1721 4181 1882 4245 αὐτὸς

321 4265 407 4319 διά
433 4271 772 4339 γραμμάτων
828 4271 1284 4343 μεταπέμψομαι.
1323 4274 1583 4328 Ἐκείνων
1615 4272 1673 4328 δὲ
1702 4273 1883 4328 ἀπάν-

319 4373 425 4411 των
452 4361 754 4430 γενομένων
785 4363 1059 4427 ὲνταυθοῖ,
1089 4365 1216 4419 οὐδὲ
1253 4367 1334 4428 εἰς
1362 4368 1550 4437 χεῖρας
1572 4366 1879 4437 τολμήσου-

322 4458 403 4501 σιν
438 4451 574 4504 ίέναι
599 4453 649 4505 οἱ
684 4454 946 4523 πολέμιοι,
974 4454 1088 4507 ἀλλ’
1120 4458 1453 4526 οἰχήσονται,
1499 4458 1717 4529 τῇεὸψει
1744 4458 1880 4530 μόνῃ

320 4542 778 4610 καταπλαγέντες,
809 4548 901 4598 καὶ
949 4549 1221 4616 ἀναιμωτὶ
1263 4548 1361 4625 τὴν
1407 4549 1567 4621 νίκην
1622 4551 1878 4620 παραδῶ·

319 4724 453 4788 υίδν,
489 4726 583 4780 καὶ
611 4727 735 4789 τοὺς
783 4728 977 4791 ἄλλους
1021 4732 1102 4792 είς
1135 4728 1428 4794 Βυζάντιον
1485 4733 1623 4785 ἰέναι
1656 4733 1756 4801 τὴν
1788 4750 1886 4785 τα-

320 4814 511 4884 χίστην
536 4817 839 4885 γράμματα
881 4818 1129 4897 ἔπεμπεν
1173 4820 1279 4873 ὑπὸ
1316 4824 1435 4884 ταῖς
1470 4821 1659 4891 ὄψεσιν
1709 4824 1885 4877 ἀπάν-

318 4921 444 4957 των.
484 4906 731 4975 Ἐγραρε
760 4907 815 4960 δὲ
847 4912 936 4964 καὶ
981 4913 1092 4974 τοῖς
1124 4913 1266 4964 κατὰ
1320 4913 1421 4981 τὴν
1488 4912 1712 4983 Θρᾴκην
1751 4914 1883 4983 ἠγε-

321 4995 445 5064 μόσι
475 4996 582 5048 τῶν
613 4997 903 5069 βαρϐάρων
935 5004 1076 5054 κατά
1133 5003 1297 5074 τάχος
1365 5008 1461 5056 καὶ
1495 5005 1693 5068 αὐτοὺς
1726 5005 1884 5075 ἥκειν

320 5090 795 5157 συμμαχήσοντας.
869 5093 1054 5148 Πάντα
1116 5094 1173 5147 δὲ
1227 5095 1402 5150 ταῦτα
1449 5098 1559 5152 τῶν
1614 5098 1883 5152 συνόντων

317 5178 488 5231 ἕνεκα
518 5179 834 5235 ἐπλάττετοι
865 5185 1028 5246 αὐτὸς
1057 5187 1167 5257 γὰρ
1191 5187 1292 5257 ἤδη
1324 5190 1743 5260 παρεσκεύαστο
1771 5191 1881 5244 τῶν

317 5261 656 5339 πραγμάτων
704 5275 1035 5344 ἀποχωρεῖν,
1118 5281 1215 5332 καὶ
1253 5282 1608 5335 καταλείπειν
1645 5283 1747 5342 τὴν
1784 5287 1883 5353 ἀρ-

318 5361 441 5429 χήν.
495 5362 683 5415 Καίτοι
713 5380 777 5432 γε
818 5368 864 5418 εί
913 5367 1107 5421 καὶτὰ
1160 5352 1395 5438 μάλιστα
1456 5372 1682 5442 ὥρμητο
1730 5352 1881 5428 ἀντι-

318 5451 585 5504 ποιεῖσθαι
616 5454 714 5522 τῆς
760 5456 958 5527 ἀρχῆς,
1004 5461 1229 5524 καὶτοῖς
1287 5462 1542 5517 ἐπιοῦσιν
1601 5464 1883 5520 ἀντικαθί-

318 5540 510 5594 τασθαι
558 5544 695 5612 πρὸς
755 5549 957 5617 μάχην,
1008 5550 1119 5602 οὐδ’
1144 5551 1319 5616 οὕτως
1373 5553 1440 5608 ἂν
1491 5555 1761 5626 ἐχρήσατο
1812 5560 1878 5629 τῇ

316 5631 537 5701 δυνάμει
564 5635 671 5687 τῶν
697 5636 1010 5709 βαρϐάρων.
1037 5642 1289 5708 Φιλόθεος
1327 5646 1438 5718 γάρ
1472 5647 1500 5698 ὁ
1530 5651 1879 5719 πατριάρχης

323 5722 455 5788 μετὰ
482 5723 543 5776 τὸ
568 5724 674 5777 τῶν
716 5727 876 5797 ιερῶν
902 5732 1155 5799 ἐπιϐῆναι
1183 5735 1408 5804 θρόνων,
1446 5738 1759 5807 προσελθὼν
1787 5744 1879 5794 καὶ

318 5806 612 5881 διαλεχθεὶς
678 5821 807 5886 περὶ
847 5818 943 5871 τοῦ
998 5814 1342 5892 πράγματος,
1386 5827 1462 5891 ὡς
1488 5806 1590 5882 οὐκ
1640 5827 1707 5883 ἂν
1753 5830 1881 5900 ἀρέ-

520 5913 791 5973 ΡΑτιιοι..
822 5918 940 5997 (in.
978 5917 1177 5980 CLIV.

1988 3348 2329 3415 conscendit,
2367 3368 2491 3407 cum
2548 3373 2616 3412 eo
2665 3375 2835 3430 super
2878 3365 2984 3422 hoc
3035 3376 3254 3442 negotio
3281 3376 3563 3439 disserens

1986 3432 2298 3504 afﬁrmavit,
2327 3458 2438 3499 non
2470 3447 2691 3515 placere
2717 3454 2851 3523 Deo,
2883 3457 3155 3518 Barbaros
3185 3481 3373 3527 contra
3402 3473 3565 3529 Chri-

1985 3522 2198 3580 stianos
2243 3528 2457 3600 induci,
2488 3543 2547 3590 et
2591 3522 2873 3608 agricolas
2920 3549 3210 3618 quosdam,
3261 3567 3356 3611 aut
3394 3562 3563 3618 etiam

1985 3614 2192 3675 milites
2226 3622 2555 3685 innocentes
2602 3631 2863 3706 interﬁci,
2898 3614 3102 3712 quippe
3131 3659 3160 3700 a
3199 3614 3428 3708 domino
3461 3671 3563 3711 suo

1985 3703 2231 3774 adactos,
2256 3720 2313 3766 et
2353 3716 2577 3783 penitus
2619 3703 2855 3779 necesse
2891 3703 3176 3797 habentes,
3203 3734 3354 3806 iussa
3385 3739 3565 3799 faces-

1984 3806 2130 3859 sere,
2158 3810 2283 3851 cum
2307 3801 2402 3869 qui
2434 3802 2694 3874 laeserint,
2726 3815 3079 3872 securissime
3111 3801 3318 3878 vivant.
3345 3826 3560 3887 Etenim

1985 3889 2041 3936 et
2064 3883 2244 3941 civilis
2268 3885 2396 3944 belli
2425 3901 2670 3964 tempore
2696 3897 3120 3972 impellentium,
3143 3919 3197 3963 et
3220 3913 3562 3975 calumnian-

1988 3981 2123 4037 tium
2166 3986 2341 4054 nullo,
2377 4000 2472 4045 aut
2504 3997 2696 4063 paucis
2733 4001 2818 4054 sui
2861 4004 3084 4060 sceleris
3117 4023 3310 4077 poenas
3354 4021 3561 4085 persol-

1985 4083 2263 4149 ventibus,
2299 4088 2723 4154 innumerabilis
2762 4098 2954 4156 eorum
3004 4108 3333 4183 multitudo,
3363 4120 3458 4188 qui
3491 4124 3558 4176 ad

1985 4178 2188 4236 bellum
2243 4185 2595 4246 conﬂandum
2649 4197 2788 4253 nihil
2836 4205 3225 4274 contulerant,
3271 4178 3474 4285 periit,
3504 4232 3560 4276 et

1985 4289 2171 4346 postea
2197 4297 2323 4338 cum
2354 4288 2543 4347 Crales
2582 4293 2815 4365 injurias
2860 4299 3036 4368 daret,
3068 4320 3134 4362 ac
3177 4311 3474 4386 pejeraret,
3505 4333 3563 4377 et

1967 4381 2050 4462 de
2081 4383 2314 4452 imperio
2346 4403 2454 4443 non
2480 4407 2702 4460 parvam
2728 4408 2940 4467 partem
2964 4404 3560 4478 abstraheret,Barba-

1990 4482 2064 4535 ris
2098 4482 2447 4555 introductis,
2475 4505 2600 4545 eum
2644 4500 2861 4553 auctori
2909 4503 3364 4569 detrimentorum
3417 4519 3554 4585 leve,

1914 4588 1962 4646 ι)
1990 4577 2085 4623 aut
2113 4572 2322 4627 nullum
2364 4576 2626 4635 damnum
2665 4587 3015 4654 rependisse:
3048 4595 3170 4650 aliis
3210 4610 3391 4658 autem
3440 4610 3561 4664 inti-

321 4649 502 4684 σουσιν
540 4634 693 4702 ἡμῖν.
745 4635 929 4689 Ταῦτα
979 4633 1122 4702 εἶπε,
1149 4639 1244 4689 καὶ
1294 4639 1498 4691 αὐτίκα
1536 4640 1674 4712 πρός
1700 4658 1759 4694 τε
1789 4640 1881 4694 τὸν
1915 4633 1923 4699 Ϊ

1993 4659 2122 4714 uitis
2154 4663 2423 4720 malorum
2464 4667 2767 4740 ingentium
2800 4691 3024 4733 causam
3067 4687 3361 4758 exstitisse,
3400 4698 3493 4765 qui
3526 4715 3558 4753 a

1989 4750 2245 4808 Barbaris
2279 4755 2332 4810 in
2367 4758 2690 4817 servitutem
2735 4765 2950 4838 abrepti
3012 4750 3555 4852 pere'mptiquu'sint.

1987 4841 2375 4911 Quamobrem,
2427 4854 2705 4918 quomodo
2757 4871 2788 4910 a
2841 4873 2902 4915 se
2949 4868 3319 4934 reprehensus
3367 4874 3556 4945 fuerit,

1988 4935 2325 5002 meminisse,
2362 4948 2422 4994 ut
2470 4943 2562 5011 qui
2613 4956 2850 5015 putaret,
2890 4944 3198 5014 rectissime
3237 4978 3297 5018 se
3353 4968 3555 5037 facere,

1986 5023 2116 5076 dum
2178 5035 2399 5084 exteros
2460 5048 2792 5092 nocumenta
2836 5042 3199 5114 importaittes
3254 5023 3561 5121 barbaricis

1985 5113 2159 5182 Copiis
2214 5117 2537 5187 (Romanis,
2579 5127 2708 5195 quia
2761 5113 3086 5193 bellorcivili
3137 5113 3559 5218 absumptte'a‘d

1986 5199 2366 5267 ulciscendum
2414 5223 2522 5262 non
2582 5212 3026 5292 sutlicientibus)
3079 5199 3451 5303 prOpulsaret,
3488 5199 3559 5295 et

1985 5291 2247 5348 adversus
2270 5295 2636 5385 bomopb‘ylos
2658 5306 2983 5375 adduceret,
3010 5291 3094 5370 ue—
3109 5291 3214 5387 ipsi
3250 5291 3451 5383 eorum.
3473 5291 3558 5387 usi

1984 5396 2172 5451 opera,
2208 5401 2267 5442 se
2340 5382 2582 5465 suosque
2625 5398 2941 5465 perderent.
2967 5403 3122 5471 Quod
3168 5427 3302 5467 vero
3347 5419 3417 5472 ad
3458 5435 3558 5478 eos

1983 5474 2077 5540 qui
2126 5474 2417 5546 perierint,
2449 5483 2670 5553 attinet,
2707 5488 2854 5558 justa
2884 5494 3205 5554 defensione
3256 5518 3467 5569 carere,
3507 5511 3552 5564 si

1983 5562 2088 5631 ipsi
2131 5565 2311 5622 aliena
2344 5584 2566 5638 peccata
2599 5579 2887 5637 moriendo
2918 5583 3142 5643 luerint.
3173 5590 3421 5664 Cumque
3464 5615 3552 5653 ro-

2344 5635 2357 5638 _
2867 5635 2878 5637 ι
3179 5635 3421 5664 ν-...ιιυυ
3464 5635 3549 5653 ,ν-

1936 5635 2153 5724 ’ςειινειη
2191 5674 2256 5713 ne
2288 5662 2340 5714 iu
2383 5676 2667 5732 posterum
2701 5681 2950 5730 uteretur
2978 5678 3229 5747 Barbarie;
3259 5686 3549 5743 adversum

1982 5749 2195 5831 (λοετιυί
2222 5767 2248 5804 a
2273 5750 2495 5811 Christo
2525 5758 2824 5817 Christiani
2852 5771 3297 5833 nominarentur,
3332 5779 3551 5859 tametsi

1981 5850 2216 5903 exteros,
2247 5855 2295 5896 et
2329 5844 2799 5919 iniuriosissimos,
2824 5857 2917 5911 sed
2951 5858 3057 5913 Deo
3087 5859 3302 5914 illorum
3329 5844 3552 5933 patriam

3121 5958 3193 6019 10
