4056 6458
460 413 558 474 301

1600 410 2130 470 HlSTUllL‘JiUftl
2185 415 2402 470 LliiE'l
2457 417 2544 472 ιν.

3597 420 3702 478 illi}

451 529 772 599 βαλλόμενοι
808 527 910 579 ὑπὸ
933 529 1038 581 τῶν
1067 527 1232 582 ἔνδον,
1272 528 1337 580 Ui
1366 546 1420 579 τε
1447 527 1748 580 Κατελάνοι
1779 527 2022 590 ὲξελθὸνο

2146 531 2358 602 rgenium
2387 545 2803 600 prorumpentes
2825 534 3093 597 Catalani,
3117 545 3423 602 pugnantes
3455 535 3703 602 abigunt,

448 617 706 682 τες,.τούς
737 635 790 669 τε
826 617 1161 687 μαχομένους
1181 618 1522 679 ἀπεώσαντο,
1559 618 1652 669 καὶ
1674 615 1786 684 πῦρ
1805 616 2028 668 ὲνίεσαν

449 713 566 770 ταῖς
603 708 708 774 πρὸ
738 709 845 759 τῶν
880 707 1168 776 βασιλείων
1199 709 1423 771 οἰκίαις,
1463 711 1556 760 καὶ
1594 707 1914 776 ὲνέπρησὰν
1951 725 2031 758 τι·

453 817 566 862 νας.
607 800 700 864 Είς
740 798 895 851 τοῦτο
925 799 979 850 δὲ
1012 799 1254 862 στάσεως
1307 803 1398 852 καὶ
1435 799 1676 868 ταραχῆς
1709 799 2029 864 ἀφιγμένων

449 890 560 940 τῶν
592 888 951 956 πραγμάτων,
1001 888 1092 939 καί
1134 889 1162 940 ὁ
1193 888 1534 958 πετριάρχης
1563 887 1809 950 Φιλόθεος
1849 887 2032 948 δείσας

456 980 556 1047 τὴν
592 979 779 1046 ἑςξοδον
812 978 905 1030 τοῦ
939 979 1141 1048 δήμου,
1175 979 1465 1049 ἀπεχώρει·
1487 977 1579 1031 τοῦ
1613 977 2027 1049 πατριαρχείου,

461 1071 551 1120 καὶ
584 1068 995 1136 κατεκρύπτετο
1017 1085 1028 1097 ’
1069 1069 1357 1120 ὑπώπτευε
1403 1070 1511 1137 γὰρ
1553 1069 1645 1121 καὶ
1679 1068 1904 1137 βασιλέα
1940 1071 2031 1119 τὸν

456 1159 575 1210 νέον
607 1158 784 1223 ἀηδῶς
817 1158 960 1226 ἔχειν
990 1159 1126 1228 πρὸς
1157 1160 1340 1221 αὑτὸν,
1382 1155 1472 1212 οἷα
1505 1160 1568 1228 δὴ
1603 1159 1908 1212 Καλλίστου
1937 1157 2030 1234 τοὺ

462 1252 804 1320 πατριάρχου
863 1251 1190 1314 ὲξωσθὲντος
1245 1249 1805 1318 ἀντεισαχθέντα,,ὃς
1858 1249 2030 1300 ἐδόκει

459 1340 636 1391 πάντα
660 1339 922 1406 πράττειν
943 1339 1034 1388 καὶ
1061 1337 1390 1406 ὑφίστασθαι
1418 1337 1558 1407 ὑπὲρ
1590 1337 1816 1389 ἐκείνου.
1859 1337 2033 1407 Τρὲτῃ

458 1429 516 1481 δὲ
550 1429 731 1498 ἡμέρα
772 1428 1024 1497 βασιλεὺς
1059 1429 1086 1479 ὁ
1135 1428 1272 1490 νέος,
1310 1428 1400 1479 τὸν
1438 1429 1530 1479 ἐπὶ
1569 1429 1662 1480 τοῦ
1709 1427 2032 1480 Κανικλείου

462 1517 732 1583 Ἀγγελον
780 1516 914 1584 πρὸς
966 1515 1186 1584 βασιλέα
1229 1513 1452 1584 πέμψας
1494 1514 1857 1584 πρεσϐευτὴν,
1899 1515 2035 1582 πρός

456 1623 515 1658 τε
558 1606 851 1677 πρεσϐείας
885 1604 1010 1658 ὄντα
1059 1605 1497 1674 ἐπιτηδειότατον
1538 1604 1625 1656 διὰ
1675 1603 1890 1656 σύνεσιν
1942 1604 2035 1656 καὶ

459 1699 728 1759 παιδείαν,
772 1698 866 1750 καὶ
902 1697 1052 1767 παρὰ
1085 1697 1296 1764 βασιλεί
1327 1697 1406 1763 τῷ
1437 1694 1874 1763 Καντακουζηνῷ
1905 1695 2034 1745 πολ-

460 1789 556 1858 λῆς
593 1788 686 1856 τῆς
720 1788 1016 1856 εὐμενείας
1051 1786 1415 1850 ἀπολαύοντα,
1441 1786 1711 1852 διελέγετο
1743 1785 1870 1854 περί
1897 1801 2032 1851 συμ-

2133 621 2272 674 etin
2323 622 2469 676 aedes
2499 631 2625 676 ante
2683 623 2946 692 palatium
2996 625 3120 694 igne
3180 625 3400 695 injecto,
3442 625 3706 693 quosdam

2131 723 2507 768 concremant.
2569 713 2644 768 Eo
2692 715 3000 778 seditionis,
3028 731 3092 771 ac
3155 718 3423 771 tumultus
3466 729 3526 771 re
3582 730 3710 784 pro-

2131 817 2334 872 gressa,
2365 805 2529 859 etiam
2585 804 2910 861 Philmbeus
2959 807 3269 876 patriarcha
3297 806 3483 876 populi
3543 807 3599 861 in
3649 822 3709 862 Se

2132 891 2414 944 incursum
2469 901 2744 958 metuens,
2795 908 2827 948 e
2882 895 3213 964 patriarchio
3261 895 3422 966 fugit,
3472 911 3537 950 ac
3588 911 3709 951 sese

2132 977 2409 1034 latebrose
2433 980 2768 1046 occultavit;
2801 997 2925 1038 nam
2953 983 3315 1053 Palaaologum
3357 983 3484 1048 sibi,
3514 993 3575 1037 ut
3608 999 3708 1052 pro

2129 1067 2353 1124 Callisto
2383 1071 2496 1140 (qui
2534 1071 2710 1141 ipsius
2754 1089 2918 1128 causa
2967 1073 3206 1137 fecisset,
3238 1090 3302 1128 ac
3339 1089 3530 1143 passus
3561 1087 3711 1128 esset

2132 1159 2337 1223 omnia)
2372 1161 2584 1214 intruso
2620 1161 2818 1215 iratum
2853 1177 2974 1217 esse
3019 1164 3372 1234 conjiciebat.
3403 1165 3591 1218 Tertio
3618 1166 3710 1217 die

2135 1248 2475 1319 Palaeologus
2531 1252 2817 1320 praesidem
2844 1253 3089 1308 Caniclei
3136 1255 3401 1324 Angelum
3436 1255 3604 1325 869
3633 1255 3710 1308 le-

2133 1348 2317 1408 gatum
2388 1341 2576 1406 mittit,
2634 1341 2765 1396 huic
2823 1343 3034 1398 muneri
3067 1360 3174 1414 qua
3231 1345 3544 1414 prudentia,
3601 1360 3710 1413 qua

2135 1431 2384 1486 doctrina
2438 1435 2593 1489 valde
2663 1434 2954 1501 idoneum,
2998 1446 3056 1490 et
3111 1435 3254 1504 apud
3321 1436 3709 1506 imperatorem

2132 1521 2575 1581 Cantacuzenum
2630 1525 2986 1579 vehementer
3035 1524 3356 1594 gratiosum,
3389 1525 3612 1594 quicum
3643 1526 3712 1580 de

2136 1615 2312 1684 pactis
2357 1617 2487 1684 egit,
2537 1631 2736 1684 nempe
2773 1626 2831 1669 ut
2857 1616 3017 1670 ambo
3069 1616 3424 1684 imperarent,
3465 1616 3713 1686 alterque

2137 1706 2293 1760 alteri
2336 1706 2669 1760 oblivionem
2724 1707 2888 1776 hujus
2920 1707 3132 1761 dissidii
3175 1709 3407 1777 iuraret.
3440 1707 3714 1761 (iantacu-

2138 1812 2307 1852 zenus
2337 1813 2458 1851 cum
2504 1799 2786 1868 voluptate
2840 1799 3166 1867 legationem
3221 1801 3434 1869 excepit
3466 1818 3479 1853 :
3512 1801 3714 1870 quippe

461 1878 690 1934 ϐάσεων,
722 1874 862 1926 ὥστε
893 1873 1238 1943 ἀμφοτέρους
1272 1873 1455 1941 μένειν
1489 1872 1582 1924 ἐπὶ
1618 1871 1717 1939 τῆς
1750 1871 1920 1939 ἀρχῆς
1944 1871 2032 1940 δρ-

2146 1890 2227 1959 1ui
2261 1890 2365 1943 hoc
2409 1890 2660 1945 studeret
2703 1899 2828 1945 ante
2869 1893 3072 1954 omnia,
3105 1901 3164 1947 ut
3205 1893 3384 1961 sopito
3425 1893 3568 1946 inter
3605 1893 3743 1946 ltn-'

463 1982 587 2027 κους
622 1967 880 2034 θεμένους
915 1965 1049 2034 πρὸς
1083 1964 1346 2032 ἀλλήλους
1374 1963 1683 2034 ἀμνηστίας
1712 1962 1819 2014 τῶν
1846 1962 2030 2028 διαφο-

467 2058 598 2127 ρῶν.
643 2056 1093 2123 Καντακουζηνός
1125 2071 1185 2110 τε
1225 2055 1254 2106 ὁ
1289 2054 1542 2125 βασιλεὺς
1580 2054 1791 2122 ἐδέχετο
1833 2053 2031 2121 προθύ-

471 2166 585 2216 μως
610 2147 704 2212 τὴν
739 2147 1054 2217 πρεσϐείαν.
1084 2145 1256 2199 Τοῦτο
1283 2146 1391 2218 γὰρ
1423 2145 1516 2196 καὶ
1544 2129 1783 2214 μάλιστα
1813 2145 2032 2197 πάντων

463 2239 818 2302 ἐσπουδάζετο
867 2237 1039 2307 αὑτῷ,
1100 2236 1243 2290 ὥστε
1284 2235 1378 2289 τοῦ
1429 2236 1565 2305 πρὸς
1615 2235 1879 2305 ἀλλήλους
1927 2237 2033 2288 τῶν

474 2329 757 2398 Ῥωμαίων
780 2329 908 2381 iroié
917 2345 1017 2396 μου
1045 2326 1423 2396 παυσαμένου,
1451 2326 1558 2378 τῶν
1581 2325 1922 2398 πραγμάτων
1940 2325 2034 2376 αὑ-

461 2421 552 2475 τὸν
595 2421 918 2489 ἀναχωρεῖν.
951 2419 1061 2474 Καὶ
1100 2419 1350 2486 ἐγένοντο
1388 2418 1436 2470 οί
1468 2418 1620 2487 ὅρκοι
1661 2417 1752 2468 ἐπὶ
1787 2415 2031 2477 τούτοις,

465 2513 603 2566 ὥστε
635 2511 856 2582 βασιλέα
891 2511 992 2580 μὲν
1013 2510 1104 2563 τδν
1131 2508 1607 2577 Καντακουζηνδν,
1641 2508 1734 2560 καὶ
1778 2508 2037 2578 Ἰωάννην

464 2606 555 2658 τον
575 2606 690 2658 νέον
711 2603 932 2673 βασιλέα
954 2602 1142 2673 ἄρχειν
1157 2601 1266 2656 τῶν
1287 2602 1628 2671 πραγμάτων
1648 2616 1662 2630 ο
1690 2603 2038 2670 παραχωρεῖν

466 2698 521 2749 δὲ
552 2697 641 2748 τὸν
675 2696 793 2750 νέον
825 2695 933 2748 τῶν
966 2694 1250 2765 πρωτείων
1277 2696 1334 2746 ὲν
1378 2695 1512 2746 πᾶσι
1549 2692 1624 2762 τῷ
1655 2692 2036 2762 πρεσϐυτέρῳ,

469 2789 563 2840 καὶ
591 2787 769 2842 πᾶσαν
793 2787 928 2840 αἰδῶ
955 2787 1049 2840 καὶ
1064 2787 1398 2850 εὐπείθειαν,
1429 2784 1618 2854 ὥσπερ
1637 2784 1733 2836 καὶ
1756 2783 2038 2852 πρότερον,

469 2879 616 2947 αὑτῷ
661 2878 1019 2948 παρέχεσθαι.
1053 2879 1174 2930 Τῶν
1214 2877 1271 2930 δὲ
1305 2879 1368 2928 ὲκ
1406 2875 1511 2928 τῶν
1555 2873 1831 2944 δημοσίων
1861 2875 2043 2941 φόρων

469 2970 940 3038 εἰσπραττομένων
974 2968 1270 3040 χρημάτων
1312 2969 1577 3037 ὲτησῐως,
1646 2967 1788 3019 ὅσων
1830 2967 1926 3034 μὲν
1977 2964 2044 3017 ἂν

471 3061 668 3113 δέοιντο
699 3061 836 3128 πρός
879 3077 938 3112 τε
972 3059 1032 3110 τὸ
1072 3057 1458 3128 μισθοφορικὸν
1491 3058 1590 3125 τῆς
1627 3057 1920 3125 στρατιᾶς,
1951 3057 2045 3106 καὶ

471 3152 578 3204 τῶν
611 3154 880 3221 τριήρεων
923 3150 1303 3222 παρασκευὴν,
1337 3150 1430 3202 καὶ
1456 3152 1556 3211 τὰς
1583 3146 1808 3209 δεούσας
1851 3148 2042 3213 ἑτέρας

473 3214 734 3312 δημοσίας
743 3214 1076 3311 διοικήσεις,
1104 3240 1210 3292 ὑπὸ
1236 3214 1349 3293 τῶν
1368 3239 1687 3310 πρυτάνεων
1711 3237 1900 3306 ὥσπερ
1923 3236 2042 3298 ἔθος
2067 3214 2111 3274 C

474 3333 643 3388 ταῦτα
689 3334 1112 3388 ἀναλίσκεσθαι·
1170 3330 1206 3384 ἃ
1244 3331 1288 3383 δ’
1315 3330 1381 3384 διν
1430 3330 1750 3383 ὑπολίποιτο
1785 3328 2045 3382 ἐπέκεινα»

475 3426 572 3493 τῆς
595 3425 802 3494 χρείας,
830 3424 1003 3482 ταῦτα
1017 3422 1469 3494 ’συμμερίζεσθαι
1495 3421 1622 3482 τοὺς
1656 3419 1912 3488 βασιλέας
1936 3419 2045 3471 τῶν

477 3517 606 3586 πρὸς
629 3517 723 3578 τάς
739 3516 912 3580 οἰκίας
930 3515 1095 3568 ἕνεκα
1118 3515 1490 3582 ἀναλωμάτων
1511 3513 1707 3583 ἐπίσης
1730 3512 1990 3580 ἐκατέρου
2007 3530 2043 3568 ὲ.

477 3606 692 3660 Τούτων
727 3606 783 3659 δὲ
829 3606 890 3658 οὑ
925 3605 1176 3675 δεόμενος
1223 3604 1476 3674 βασιλεὺς
1519 3604 1546 3656 ὁ
1593 3602 2047 3672 Καντακουζηνὸς

478 3700 671 3768 ἀπῄτει
715 3697 840 3760 τοὺς
885 3699 1084 3766 ὅρκους
1111 3734 1128 3760 ,
1191 3697 1307 3772 ᾔδει
1359 3698 1465 3766 γὰρ
1517 3697 1893 3767 ἀναχωρήσων
1939 3697 2048 3749 τῶν

478 3790 817 3859 πραγμάτων
848 3789 1109 3859 τάχιστα,
1150 3791 1316 3861 τιμῆς
1346 3789 1402 3843 δὲ
1436 3789 1604 3858 μόνης
1635 3788 1799 3842 ἕνεκα
1835 3788 1928 3842 τοῦ
1973 3788 2047 3859 μὴ

478 3884 795 3954 νομίζεσθαι
850 3884 1074 3938 ἔλαττον
1113 3883 1207 3936 τοῦ
1257 3883 1376 3936 νέου
1421 3881 1686 3952 βασιλέως
1731 3883 2045 3952 ἐσχηκέναιο

481 3980 590 4040 τοῖς
626 3994 684 4029 τε
721 3976 1128 4045 πεπολεμηκόσι
1183 3976 1320 4045 πρὸς
1367 3973 1565 4038 αὐτοὺς
1630 3974 1769 4043 ὑπὲρ
1805 3973 2051 4047 ἀλλήλων

485 4071 750 4138 μηδεμίαν
812 4069 1160 4139 εἰσπράττειν
1225 4068 1380 4137 δίκην
1419 4069 1553 4137 μήτε
1590 4066 2050 4134 Καντακουζηνὸν

480 4161 568 4212 τὸν
602 4160 849 4229 βασιλέα,
895 4161 1032 4230 μήτε
1082 4159 1174 4211 τὸν
1219 4157 1491 4228 γαμϐρὸν,
1538 4159 1909 4226 ἀμυνομένους
1952 4156 2050 4224 τῆς

481 4253 560 4314 είς
594 4254 788 4314 αὐτοὺς
820 4251 1215 4320 ἀγνωμοσύνης
1241 4292 1255 4314 ,
1298 4252 1434 4320 μήτε
1469 4248 1688 4312 ζώντων
1729 4249 2051 4317 ἀμφοτέρων

484 4344 768 4413 βασιλέων,
809 4344 932 4413 μήτ’
979 4345 1028 4396 εἰ
1069 4343 1314 4412 συμϐαίη
1352 4346 1444 4394 τὶν
1475 4341 1660 4408 ἕτερον
1701 4339 1954 4406 γενέσθαι
1994 4339 2053 4404 ἐξ

483 4435 820 4504 ἀνθρώπων
873 4434 1012 4488 ἀλλά
1050 4436 1231 4486 πᾶσαν
1283 4431 1590 4501 ἀμνηστίαν
1636 4433 1897 4502 παρέχειν
1942 4431 2051 4483 τῶν

2134 1996 2324 2036 manus
2382 1981 2546 2047 bello,
2606 1982 2723 2050 ipse
2763 1997 2794 2036 a
2845 1983 3012 2038 rebus
3083 1983 3204 2038 istis
3257 1984 3603 2050 labentibus,
3651 2001 3715 2038 ac

2135 2078 2370 2132 terrenis
2412 2091 2470 2131 se
2528 2076 2860 2129 onmimodis
2916 2076 3577 2146 auferret;juratumque
3631 2078 3718 2131 his

2134 2168 2572 2231 conditionibus,
2599 2178 2661 2220 ut
2691 2168 3133 2231 Cantacuaenus,
3168 2179 3223 2222 et
3245 2171 3486 2224 Joannes
3515 2170 3719 2223 Palam-

2133 2260 2290 2330 logus
2343 2259 2576 2328 imperio
2631 2267 2962 2328 praeessent;
3003 2258 3192 2328 junior
3247 2260 3453 2328 primas
3495 2261 3718 2315 cederet

2133 2351 2338 2406 seniori
2367 2352 2420 2405 in
2444 2351 2723 2417 omnibus,
2749 2350 3016 2420 omnique
3048 2351 3302 2406 eumdem
3331 2352 3712 2417 veneratione,

2135 2453 2192 2498 et
2243 2443 2583 2504 obedientia,
2652 2446 2799 2497 velut
2856 2452 3038 2507 antea,
3099 2442 3324 2498 coleret.
3367 2443 3444 2497 De
3486 2443 3718 2512 pecunia

2139 2550 2446 2589 annuorum
2513 2534 2880 2604 vectigalium,
2938 2543 3202 2604 quantum
3253 2542 3307 2588 et
3339 2533 3406 2587 ad
3445 2534 3716 2603 stipendia

2142 2627 2422 2691 militaria,
2454 2635 2510 2682 et
2559 2626 2624 2680 ad
2663 2627 2970 2680 triremium
3028 2633 3369 2695 apparatum,
3402 2637 3461 2680 et
3491 2627 3558 2680 ad
3588 2628 3719 2680 reli-

2141 2734 2306 2788 quam
2349 2717 2570 2788 imperii
2611 2716 3147 2772 administrationem
3180 2717 3473 2782 sulliceret,
3507 2732 3536 2770 a
3565 2733 3717 2784 quas-

2141 2807 2383 2862 storibus
2415 2816 2826 2860 numeraretur.
2851 2807 3008 2868 Quod
3051 2815 3302 2870 restaret,
3330 2807 3382 2861 id
3424 2808 3720 2875 imperato-

2143 2913 2230 2952 res
2269 2899 2336 2952 ad
2373 2899 2704 2953 domesticos
2766 2909 3016 2968 sumptus
3059 2913 3128 2951 ex
3157 2913 3313 2966 aequo
3359 2900 3716 2966 partirentur.

2143 2988 2556 3044 Cantacuzenus
2582 3003 2893 3056 quanquam
2939 2988 3024 3041 his
3062 3002 3171 3040 non
3207 2996 3393 3055 egeret
3424 2987 3721 3056 (cogitabat

2144 3079 2290 3134 enim
2328 3094 2385 3132 se
2411 3077 2728 3147 propediem
2757 3077 3156 3132 monachorum
3181 3076 3362 3131 ordini
3399 3079 3719 3144 ascribere),

2147 3175 2326 3221 tamen
2349 3166 2520 3222 solius
2548 3166 2776 3219 honoris
2824 3165 3019 3233 gratia,
3059 3180 3128 3219 ne
3152 3165 3373 3233 juniore
3394 3165 3721 3233 imperatore

2148 3255 2375 3310 inferior
2429 3264 2755 3325 putaretur,
2811 3255 3179 3325 juramentum
3263 3256 3594 3324 postulabat.
3654 3257 3723 3309 llt

2147 3357 2343 3403 neuter
2377 3348 2443 3402 ab
2478 3347 2545 3401 iis
2581 3347 2673 3416 qui
2702 3355 2893 3400 contra
2943 3360 3002 3400 se
3035 3361 3135 3415 pro
3165 3345 3336 3398 altero
3370 3359 3722 3414 pugnassent,

2149 3439 2364 3510 Iniuriae
2401 3437 2733 3492 ulciscendae
2790 3451 2986 3506 poenas
3029 3444 3365 3505 reposceret,
3396 3451 3576 3504 neque
3609 3452 3725 3488 am-

2150 3530 2328 3585 bobus
2381 3529 2721 3593 viventibus,
2780 3543 2958 3597 neque
3006 3528 3270 3582 defuncto
3326 3533 3502 3583 altero
3551 3546 3564 3582 :
3627 3529 3722 3582 scd

2149 3622 2476 3676 delictorum
2534 3622 2884 3675 immemores
2945 3619 3218 3684 funditus,
3267 3634 3368 3674 nec
3418 3619 3728 3674 redditibus

2151 3728 2266 3778 eos,
2327 3727 2430 3766 nec
2481 3711 2877 3782 dignitatibus,
2933 3720 3068 3780 quas
3114 3717 3388 3778 gererent,
3452 3710 3724 3778 privatum

2152 3801 2318 3854 irent.
2354 3800 2428 3856 Ut
2458 3800 2746 3856 Matthaeus
2795 3798 3214 3855 Cantaeuzenns
3254 3801 3463 3853 cultum
3493 3800 3730 3867 impera—

2153 3891 2376 3953 torium,
2410 3902 2465 3944 et
2503 3890 2918 3959 Adrianopolim
2973 3905 3095 3942 cum
3150 3888 3380 3942 urbibus
3413 3888 3727 3957 Rhodopes,

2153 3981 2332 4052 quoad
2368 3981 2602 4043 viveret,
2637 3982 2924 4045 retineret,
2956 3981 3100 4034 liber
3127 3980 3308 4047 plane,
3336 3987 3392 4032 et
3419 3979 3473 4032 in
3516 3979 3729 4033 ratione

2154 4071 2444 4133 reddunda
2475 4071 2756 4142 subjectus
2801 4070 3009 4124 nemini
3039 4084 3052 4122 :
3083 4079 3254 4138 utque
3287 4069 3529 4124 Joannes
3561 4069 3731 4138 impe-

2153 4172 2304 4218 rator
2346 4175 2574 4232 propter
2637 4163 2837 4233 Oppida
2888 4162 3085 4216 tradita
3135 4177 3410 4230 nunquam
3443 4163 3491 4215 ei
3527 4161 3730 4215 bellum

2153 4255 2382 4310 faceret.
2419 4255 2491 4310 Ut
2549 4254 2966 4322 Cautacuzenus
3019 4253 3318 4321 imperator
3359 4253 3565 4323 juniori
3605 4266 3734 4320 pro-

2153 4346 2522 4415 pugnaculum
2563 4354 2733 4414 portae
2762 4344 2958 4398 Aurem
3007 4345 3342 4409 restitueret,
3371 4343 3513 4412 quod
3550 4343 3734 4411 praesi-

2156 4439 2250 4492 dio
2292 4437 2488 4490 Latino
2526 4436 2765 4499 tenebat,
2810 4435 3183 4489 firmissimum
3222 4449 3375 4498 sane,
3413 4442 3467 4487 et
3496 4433 3566 4486 ob
3588 4442 3735 4486 stru-

482 4527 916 4597 τετολμημένων,
951 4528 1043 4580 καί
1073 4528 1211 4595 μήτε
1245 4526 1544 4594 προσόδων,
1577 4526 1714 4594 μήτε
1741 4525 1848 4576 τῶν
1876 4525 2044 4593 τιμῶν

2156 4537 2366 4584 cturam
2424 4527 2817 4596 propemodum
2884 4526 3356 4596 inexpugnabile:
3415 4526 3502 4578 cui
3553 4534 3735 4579 turres

484 4620 797 4690 ἀποστερεῖν
823 4617 886 4680 ἀς
919 4617 1122 4686 έχουσι.
1158 4618 1433 4670 Ματθαῖον
1461 4616 1515 4668 δὲ
1541 4616 1763 4686 βασιλέα
1787 4615 1875 4668 τὸν
1909 4618 2053 4670 Κανο

484 4709 810 4774 τακουζηνον
846 4710 1074 4774 μένοντα
1106 4709 1208 4760 ἐπὶ
1237 4708 1330 4760 τοῦ
1364 4707 1666 4775 σχήματος,
1695 4707 1792 4776 τὴν
1842 4707 2050 4774 Ἀδριασ

485 4799 578 4856 νοῦ
611 4799 856 4868 κατέχειν
893 4800 986 4850 καὶ
1026 4799 1124 4861 τὰς
1159 4800 1296 4850 κατὰ
1333 4800 1434 4868 τὴν
1472 4797 1731 4868 Ῥοδόπην
1771 4801 1881 4861 τοῖς
1920 4800 2056 4851 Ῥω-

491 4891 666 4960 μαίοις
688 4890 959 4959 ὑπηκόους
989 4891 1169 4953 πόλεις
1195 4891 1281 4942 διὰ
1313 4891 1430 4959 βίου
1456 4890 1754 4959 αὑτόνομον
1784 4890 1934 4953 ὄντα,
1965 4893 2057 4942 καὶ

489 4981 774 5035 ἀνεύθυνον
821 4983 1155 5050 κεκτημένον
1195 4981 1291 5050 τὴν
1332 4983 1542 5051 ἀρχήνο
1584 4981 1679 5034 καὶ⁵
1716 4981 1938 5049 βασιλέα
1967 4980 2058 5033 τὸν

488 5074 606 5127 νέον
640 5075 888 5143 Ἰωάννην
922 5073 1156 5140 πόλεμον
1195 5060 1463 5142 μηδέποτε
1533 5071 1668 5141 πρὸς
1696 5073 1903 5124 ἐκεῖνον
1933 5073 2058 5139 περὶ

488 5164 594 5216 τῶν
649 5164 1004 5232 ἐνδεδομένων
1049 5163 1258 5218 πόλεων
1306 5165 1496 5217 κινεῖν.
1562 5163 1683 5216 Ἐπί
1731 5161 1941 5222 τούτοις
2000 5163 2058 5214 δὲ

489 5253 778 5306 ἀποδοῦναι
804 5253 1254 5322 Καντακουζηνδν
1296 5254 1386 5306 τὸν
1431 5252 1659 5322 βασιλέα
1705 5251 1779 5320 τῷ
1812 5253 1914 5318 νέῳ
1967 5254 2062 5304 καὶ

488 5345 549 5396 τὸ
583 5346 725 5397 κατά
754 5345 852 5413 τὴν
884 5346 1094 5415 χρυσῆν
1127 5345 1468 5413 καλουμένην
1504 5345 1678 5414 πύλην
1719 5345 1999 5413 φρούριον.
2034 5342 2061 5394 ὃ

489 5439 737 5507 κατεῖχεν
758 5437 919 5499 αὑτὸς
959 5436 1175 5505 φρουρᾷ
1200 5433 1484 5505 Δατινικῇ,
1520 5433 1933 5504 καρτερώτατον
1969 5434 2026 5486 ὃν
2046 5475 2059 5498 ,

493 5529 585 5582 καὶ
613 5528 886 5581 ἀνάλωτον
917 5527 1102 5596 σχεδὸν
1132 5527 1194 5580 ἐκ
1231 5526 1332 5595 τῆς
1377 5525 1724 5592 κατασκευῆς
1745 5542 1757 5554 ⁸
1789 5519 1833 5592 ᾧ
1864 5527 2064 5594 πύργοι

496 5621 591 5691 μὲν
637 5617 777 5691 ἦσαν
806 5619 899 5673 δύο
929 5621 1039 5673 τῶν
1071 5621 1143 5671 ὲιῖ
1182 5619 1272 5672 τοῦ
1307 5618 1596 5688 περιϐόλου
1625 5616 1943 5680 Βυζαντίου,
1990 5612 2064 5668 ὧν

493 5712 693 5781 μεταξὺ
761 5714 795 5783 ή
848 5713 983 5780 πρὸς
1014 5713 1113 5781 τὴν
1155 5711 1308 5764 πόλιν
1347 5709 1643 5777 εἰσάγουσα
1691 5708 1831 5778 πύλη
1869 5704 1957 5777 ἦν.
2004 5711 2065 5761 υἱ

493 5804 692 5873 πύργοι
718 5803 776 5856 δὲ
816 5804 1060 5875 μέγιστοι
1097 5803 1313 5872 μεγέῦει
1341 5807 1512 5868 ὄντες,
1549 5804 1607 5857 οὑ
1639 5805 1777 5858 κατά
1803 5803 1924 5865 τοὺς
1967 5804 2062 5857 ἄλ-

2159 4626 2319 4671 erant
2345 4617 2512 4678 binae,
2534 4630 2601 4669 ex
2630 4616 2694 4669 iis
2733 4630 2855 4684 quae
2896 4623 3025 4669 sunt
3054 4616 3105 4667 in
3126 4615 3358 4677 ambitu,
3385 4629 3480 4668 seu
3509 4616 3574 4668 ad
3603 4630 3736 4668 mce-

2160 4707 2248 4761 nia
2278 4707 2542 4778 Byzantii,
2586 4707 2641 4760 in
2702 4721 2939 4775 quarum
2993 4707 3176 4760 medio
3212 4723 3310 4775 per
3341 4708 3732 4780 portamillam

2159 4796 2338 4852 aditus
2391 4797 2444 4849 in
2497 4797 2690 4851 urbem
2749 4797 2992 4865 patebat.
3055 4796 3264 4852 Turres
3304 4813 3469 4866 porro
3509 4815 3736 4852 summa:

2161 4889 2574 4958 magnitudinis,
2608 4899 2807 4959 praeter
2853 4891 3082 4944 aliarum
3137 4889 3391 4954 formam,
3425 4901 3479 4944 et
3513 4892 3735 4944 modum

2161 4982 2462 5048 aediﬁcatae,
2499 4981 2566 5034 ad
2619 4981 3072 5050 perpendiculum
3127 4984 3196 5035 ab
3233 4971 3388 5037 initio
3428 4982 3494 5035 ad
3534 4985 3734 5037 cmlum

2164 5070 2533 5132 minabantur,
2556 5069 2925 5123 marmoribus
2950 5071 3268 5140 ingentibus
3294 5067 3462 5138 otﬂra
3495 5086 3734 5125 marmo-

2167 5165 2437 5219 rariorum
2467 5165 2534 5218 ad
2577 5165 2682 5218 hoc
2714 5165 3034 5234 praeparatis
3083 5163 3156 5218 ita
3197 5166 3538 5233 compositae,
3571 5175 3628 5220 ut
3658 5168 3728 5220 ob

2165 5256 2526 5311 arctissimam
2573 5256 3018 5326 conjunctione‘m
3070 5271 3175 5311 non
3229 5266 3495 5320 arenato,
3553 5259 3733 5312 aliove

2164 5347 2562 5417 glutinamento
2613 5357 2842 5416 egerent
2869 5365 2881 5398 :
2910 5347 3075 5416 870
3104 5347 3199 5402 sed
3234 5350 3440 5402 mutuis
3475 5351 3740 5402 duntaxat

2165 5438 2535 5500 ferramentis,
2563 5448 2621 5490 ut
2665 5437 2861 5499 fertur,
2889 5454 2994 5505 qua
3029 5453 3088 5492 se
3129 5439 3538 5508 contingebant,
3573 5453 3741 5507 copu-

2165 5531 2433 5593 larentur,
2486 5529 2732 5598 forisque
2781 5545 2892 5582 non
2944 5545 3008 5583 ex
3064 5530 3331 5598 pluribus,
3369 5531 3462 5582 sed
3513 5545 3580 5582 ex
3630 5543 3738 5580 uno

2167 5619 2349 5690 lapide
2388 5620 2455 5673 ad
2508 5620 2614 5673 hoc
2661 5619 2833 5688 polito
2871 5627 3128 5673 constare
3181 5619 3522 5672 viderentur.
3556 5615 3736 5679 Quare

2167 5729 2271 5767 nec
2326 5721 2576 5782 apparet,
2629 5726 2734 5780 qua
2771 5709 3171 5780 aggredienda},
3210 5714 3271 5761 ac
3325 5705 3738 5784 perrumpenda:

2168 5804 2298 5865 sint,
2323 5817 2423 5854 nec
2452 5801 2559 5854 ulla
2594 5800 2866 5872 machina,
2903 5806 2992 5851 aut
3029 5795 3260 5849 artiﬁcio
3311 5795 3481 5847 instar
3505 5793 3735 5847 aliarum
