4056 6458
372 403 477 464 3ιίἷὲ

1542 403 1787 463 JOANN
1802 405 1817 461 l
1832 406 1871 462 S
1913 404 2435 470 CANTACUZENI

3496 415 3603 477 3M

368 516 490 571 lanii
543 524 791 584 possunt.
820 514 928 568 llas
990 515 1288 583 imperator
1324 514 1742 570 Caritacuzcnus
1785 518 1916 571 simu

2050 520 2172 584 λους
2224 519 2365 595 ἦσαν
2392 526 2830 597 ᾠκοδομημένου
2878 530 2992 583 ἀλλ’
3026 529 3183 592 εὐθὺς
3222 532 3302 583 ἐπ’
3347 532 3606 600 μήκιστον

364 627 429 665 ac
471 610 687 679 imperii
720 618 914 678 potens
960 610 1153 670 evasit,
1194 618 1462 662 vetustate
1523 610 1817 678 neglectas,
1859 608 1926 662 de

364 699 578 768 integro
622 707 889 767 quantum
933 711 1160 752 necesse
1196 697 1300 751 luit
1341 697 1557 763 refecit,
1588 709 1935 767 perpetuam-

361 806 474 859 que
525 790 859 851 custodiam,
905 787 1193 842 velutarci
1240 787 1458 842 cuidam
1512 789 1795 858 imposuit.
1839 787 1936 842 His

357 881 687 951 juramcntis
738 881 807 934 ab
850 880 1186 948 imperatore
1236 888 1472 948 utroque
1515 880 1702 946 editis,
1733 881 1934 936 seditio

362 972 542 1026 Statim
588 983 901 1037 compressa
953 979 1058 1031 est,
1104 977 1160 1053 et
1206 969 1397 1038 junior
1439 968 1585 1022 omni
1623 971 1935 1039 suspicione

363 1062 613 1131 deposita
691 1062 758 1116 ad
809 1076 1075 1115 socerum.
1115 1061 1170 1114 in
1226 1061 1488 1129 palatium
1548 1063 1819 1127 accessit,
1867 1063 1935 1117 ab

361 1169 537 1224 eoque
599 1154 749 1207 omni
825 1167 949 1206 cum
1010 1152 1395 1219 humanitate,
1459 1162 1514 1207 et
1579 1152 1934 1207 hilaritudine

361 1253 639 1314 acceptus,
699 1243 943 1311 longiore
1003 1240 1263 1309 deinceps
1310 1256 1475 1310 super
1519 1240 1682 1295 rebus
1738 1254 1932 1303 ncces-

362 1332 520 1386 sariis
575 1331 763 1384 habito
824 1328 1123 1399 colloquio,
1164 1327 1232 1381 ad
1292 1330 1446 1398 prius
1490 1328 1829 1383 domicilium
1872 1344 1932 1383 sc

356 1425 589 1493 recepit.
620 1424 745 1479 Post
773 1432 925 1492 pacta
954 1421 1305 1475 Andronicus
1344 1420 1554 1474 Asancs
1586 1421 1932 1474 schastocra-

362 1527 447 1570 tor
478 1514 639 1585 Byzia
683 1530 806 1569 cum
850 1514 1024 1582 copiis
1052 1512 1298 1582 Byzantii
1346 1509 1523 1576 aﬂ‘uit,
1549 1510 1931 1564 Cantacuzeuo

357 1620 748 1660 succursurus.
787 1602 961 1669 Quem
1006 1602 1190 1657 triduo
1230 1602 1283 1656 in
1319 1602 1522 1672 palatio
1562 1616 1686 1656 cum
1715 1600 1929 1671 agmine

349 1697 461 1752 'suo
489 1705 790 1756 retentum.
839 1695 1020 1762 deque
1059 1693 1229 1748 alacri
1280 1694 1586 1756 voluntate,
1625 1708 1690 1746 ac
1744 1690 1929 1745 studio

357 1805 485 1859 erga
540 1804 599 1845 se
633 1786 915 1841 laudatum
963 1786 1221 1842 remisit:
1254 1785 1400 1853 quod
1451 1785 1763 1849 diceret,se
1816 1786 1925 1855 jam

2047 611 2216 680 ὕφους
2255 616 2490 687 ἐξαρχῆς
2520 620 2834 690 μαρμάροις
2879 622 3145 690 μεγάλοις,
3179 622 3282 674 ὑπὸ
3309 622 3607 691 λιθουργῶν

2044 706 2124 766 εἰς
2156 704 2314 759 τοῦτο
2338 709 2867 779 κατεσκευασμένοις
2902 707 3044 781 ἦσαν
3085 712 3485 779 συντεθειμένοι
3513 711 3606 764 ὑπ’

2045 795 2222 866 ἄκρας
2276 801 2553 868 συμφυΐας
2608 802 2745 871 πρὸς
2793 802 3054 865 ἀλλήλους
3110 804 3365 872 οὐδεμιᾶς
3417 804 3608 871 ἑτέρας

2042 884 2285 955 δεόμενοι
2310 887 2439 959 ὕλης
2460 889 2783 962 συνδεούσης
2804 907 2819 923 ·
2843 892 2958 945 ἀλλ’
2974 893 3122 962 ἥλοις
3148 894 3326 956 μόνοις
3349 893 3605 963 σιδηροῖς,

2042 977 2119 1039 ὡς
2160 978 2400 1045 λέγεται,
2441 981 2578 1034 καθὸ
2621 981 2864 1053 ἀλλήλων
2912 984 3239 1052 ὲπιψαύουσι
3278 987 3606 1055 κεχρημένοι

2041 1071 2179 1140 πρὸς
2213 1072 2528 1140 συνάφειαν,
2570 1073 2710 1127 ὥστε
2741 1075 2940 1141 ἔξωθεν
2972 1077 3150 1130 δοκεῖν
3178 1078 3278 1129 οὐκ
3322 1079 3385 1130 ἐκ
3425 1079 3605 1147 μερῶν

2043 1163 2514 1232 συντεθειμένους,
2544 1164 2656 1217 ἀλλ’
2685 1165 3052 1230 αὑτολιθίνους
3079 1170 3159 1230 είς
3184 1168 3340 1219 τοῦτο
3400 1168 3598 1231 ἁπεξε·

2043 1245 2277 1320 σμένους
2302 1248 2460 1307 εἷναι.
2481 1253 2643 1308 Ὅθεν
2673 1255 2792 1308 οὐδὲ
2817 1256 3158 1327 ἐπιχείρησιν
3183 1256 3429 1310 δοκοῦσιν
3455 1259 3606 1310 οὐδε-

2041 1341 2168 1412 μίαν
2200 1345 2364 1413 ἔχειν,
2394 1346 2531 1415 μήτε
2560 1346 2910 1423 διορυχθῆναι
2930 1348 3083 1409 ὄντες
3113 1348 3348 1412 δυνατοὶ,
3375 1351 3513 1418 μήτε
3541 1351 3604 1400 ἐκ

2041 1434 2289 1503 μηχανῆς
2312 1453 2475 1497 τινος,
2500 1436 2532 1507 ἢ
2563 1436 2759 1505 τέχνης
2790 1438 2981 1508 ἑτέραν
3008 1439 3280 1509 μηδεμίαν
3307 1439 3605 1507 ὑποστῆναι

2039 1522 2260 1594 βλάϐην.
2296 1523 2399 1588 Οὓς
2431 1526 2545 1595 ἅμα
2579 1526 2833 1596 βασιλεὺς
2861 1529 2888 1581 6
2920 1530 3372 1600 Καντακουζηνδς
3397 1530 3475 1599 τῷ
3507 1532 3601 1598 τῆς

2050 1612 2340 1684 Ῥωμαίων
2386 1616 2563 1686 ἀρχῆς
2607 1618 2882 1688 ἐγκρατὴς
2933 1611 3186 1687 γενέσθαι
3236 1620 3442 1675 ἀνωθεν
3484 1622 3604 1673 ὲπι-
3699 1612 3707 1617 ’

2037 1706 2310 1769 σκευάσας
2343 1707 2445 1761 ὅσα
2472 1706 2578 1761 ἔδει
2623 1708 2999 1780 ἀτημελήτους
3036 1710 3140 1763 ὐπδ
3190 1712 3382 1783 χρόνου
3421 1713 3600 1776 δντα·,

2037 1794 2118 1857 εἰς
2158 1793 2219 1845 τὸ
2262 1794 2507 1863 διηνεκὲς
2534 1798 2749 1866 φρουρᾷ
2778 1799 3053 1868 κατεῖχεν,
3088 1798 3276 1870 ὥσπερ
3311 1801 3601 1870 ἀκρόπολίν

357 1881 568 1935 fmderc
614 1894 739 1933 cum
793 1892 996 1947 genero
1042 1876 1205 1939 facto,
1251 1876 1395 1930 illius
1444 1891 1610 1945 Opera
1642 1891 1750 1929 non
1783 1876 1916 1929 indi-

2032 1898 2177 1937 τινα.
2212 1883 2427 1937 Τούτων
2460 1885 2524 1956 δὴ
2562 1887 2669 1939 τῶν
2723 1887 2897 1957 ὅρκων
2943 1890 3033 1957 ὕφῗ
3063 1890 3344 1960 ἑκατέρων
3378 1892 3602 1961 ὀμωμο-

358 1987 509 2041 gcrc.
555 1968 786 2039 insuper
842 1969 974 2034 lilio,
1009 1978 1062 2022 et
1092 1967 1403 2036 Nicepltoro
1429 1968 1670 2035 despota:
1703 1982 1927 2037 genero,

356 2063 683 2130 ueterisque
717 2060 932 2114 duobus
976 2059 1232 2128 scripsit,
1281 2059 1358 2114 uti
1419 2060 1684 2125 redirent,
1735 2074 1926 2125 pacem

356 2151 506 2207 enim
537 2149 887 2205 cont-illatam
919 2164 1059 2204 esse.
1085 2148 1287 2202 Eadem
1324 2148 1572 2203 Barbaris
1607 2149 1661 2202 in
1691 2148 1927 2202 Thracia

355 2242 620 2311 scripsit;
672 2255 799 2294 nam
862 2248 919 2294 et
964 2239 1043 2293 illi
1087 2238 1432 2308 Byzantium,
1469 2240 1536 2294 ab
1574 2243 1923 2308 imperatore,

356 2344 418 2388 ut
443 2334 707 2395 diximus,
756 2329 1034 2394 accersiti,
1085 2332 1405 2401 pergebant,
1431 2331 1523 2398 qui
1556 2346 1587 2384 e
1632 2331 1813 2384 metlio
1841 2331 1928 2386 iti-

357 2440 488 2478 nere
550 2423 858 2476 redierunt.
904 2420 979 2473 Ex
1017 2419 1185 2473 liicro
1242 2434 1424 2501 autem
1459 2419 1809 2488 Pr0pontidis
1859 2421 1924 2475 ad

345 2517 653 2573 orientem,
709 2513 813 2566 alia
848 2511 1216 2565 Barbarorum
1264 2526 1376 2566 non
1424 2526 1592 2579 parva
1631 2513 1926 2567 multitudo

329 2606 424 2660 .atl
454 2604 719 2675 palatium
753 2601 1078 2663 adveniens,
1118 2602 1263 2670 quod
1302 2602 1742 2657 Cantacuzenum
1776 2606 1926 2657 ευτ’-

346 2698 430 2751 lio
465 2710 606 2766 Opus
649 2692 853 2745 habere
900 2699 1141 2760 putaret,
1186 2692 1391 2753 orabat,
1447 2700 1506 2746 ut
1557 2692 1922 2761 acciperetur,

352 2798 409 2843 et
460 2789 520 2840 in
572 2785 784 2838 hostem
822 2783 1237 2838 immitteretur.
1268 2784 1569 2853 imperator
1599 2798 1698 2853 pro
1739 2785 1924 2839 animo

355 2888 464 2930 tam
494 2880 772 2945 prompto,
798 2886 862 2925 ac
885 2871 1151 2926 benevolo
1184 2871 1374 2942 gratiis
1409 2873 1566 2935 actis,
1590 2871 1767 2928 foedus
1798 2887 1920 2927 cum

353 2980 560 3035 genero
617 2961 961 3017 intercedere
1013 2971 1252 3031 emptum
1305 2960 1591 3030 respondit
1634 2978 1646 3013 :
1691 2960 1921 3030 proinde

343 3057 580 3126 patriam
633 3061 1051 3122 repeterent,se
1106 3051 1162 3105 in
1211 3052 1498 3122 praesentia
1547 3051 1792 3123 ipsorum
1819 3066 1921 3120 ope

352 3162 458 3199 non
493 3158 741 3198 usurutn.
772 3141 947 3212 Atque
994 3142 1111 3196 haec.
1142 3155 1249 3195 non
1273 3141 1451 3197 solum
1479 3139 1587 3195 illis
1618 3155 1716 3210 per
1747 3139 1919 3196 inter-

353 3235 597 3299 nuntios,
622 3232 714 3286 setl
743 3243 794 3288 et
827 3248 921 3301 per
963 3247 1024 3287 se
1050 3232 1228 3300 ipsum
1262 3230 1620 3301 signiﬁcavit,
1651 3247 1683 3286 e
1710 3232 1916 3300 palatio

338 3336 502 3378 .cxtra
540 3336 728 3376 muros
774 3330 1174 3391 exspectantes,
1205 3320 1274 3375 ad
1328 3322 1678 3376 lucernarum
1729 3322 1916 3377 lumen

345 3412 645 3473 allocutus,
694 3423 760 3462 co
810 3408 953 3469 loco,
1004 3406 1097 3461 ubi
1138 3406 1337 3470 videri,
1392 3414 1448 3461 ct
1494 3406 1674 3461 audiri
1708 3416 1912 3475 posset.

350 3502 610 3571 Egressus
634 3506 813 3553 autem
843 3507 900 3552 et
926 3499 1044 3568 ipse
1075 3512 1106 3551 c
1136 3497 1366 3567 palatio,
1400 3496 1467 3551 ad
1499 3497 1667 3563 aedes,
1702 3497 1759 3551 in
1791 3500 1915 3565 qui-

349 3594 452 3646 bus
505 3605 672 3661 gener
717 3588 1030 3655 habitabat,
1072 3603 1132 3642 se
1180 3586 1436 3653 contulit,
1481 3595 1537 3643 et
1575 3601 1700 3643 cum
1746 3603 1812 3643 eo
1847 3588 1916 3643 de

349 3680 628 3750 republica
671 3678 1134 3734 deliberationem
1181 3678 1389 3733 habuit.
1419 3677 1687 3734 Caeterum
1706 3694 1832 3734 cum
1859 3689 1915 3735 ct

340 3770 414 3823 de
445 3767 699 3822 Barbaris
727 3766 781 3819 in
802 3765 1036 3820 Thracia
1064 3764 1367 3820 deliberare
1388 3776 1691 3833 oporteret,
1713 3768 1910 3835 ecquid

344 3856 515 3910 armis
565 3852 903 3924 appetendi,
980 3864 1190 3916 necne,
1260 3851 1318 3904 in
1381 3851 1560 3922 magni
1622 3852 1913 3923 logotbetaa

340 3948 648 4011 Mciochitze
700 3953 862 4008 domo
921 3967 1045 4007 cum
1108 3952 1425 4021 proceribus
1480 3954 1790 4022 universis,
1853 3963 1911 4011 et

344 4043 630 4097 nobilitate
671 4040 993 4110 congregati
1031 4039 1390 4109 imperatores
1422 4042 1589 4096 verba
1627 4040 1904 4099 fecerunt.

339 4132 501 4202 87],
545 4133 619 4186 Ac
658 4130 883 4200 reliquis
915 4129 1137 4198 quidem
1186 4129 1512 4186 immodeste
1565 4133 1909 4188 tumultuan-

342 4220 509 4285 tibus,
544 4230 601 4275 ct
631 4234 961 4289 unoquoque
991 4226 1225 4273 conante
1256 4219 1599 4276 utilissimam
1633 4238 1730 4292 pro
1766 4232 1906 4278 tem-

340 4327 474 4381 pore
498 4311 744 4382 proferre
786 4310 1141 4374 sententiam,
1190 4310 1379 4380 junior
1422 4312 1745 4380 imperator,
1781 4322 1837 4367 et
1866 4313 1904 4367 ii

337 4416 573 4470 quorum
601 4400 655 4454 in
688 4400 807 4471 ejus
835 4400 1097 4454 comitatu
1123 4402 1402 4470 praecipua
1434 4411 1553 4456 erat
1579 4405 1900 4471 auctoritas,

336 4495 403 4549 ad
431 4493 878 4548 Cantacuzenum
910 4492 1266 4556 inclinabant,
1310 4494 1377 4547 ad
1412 4496 1531 4564 ejus
1577 4500 1901 4553 sententiam

2020 4511 2281 4602 ὡμολόγει
2305 4515 2403 4564 οὐκ
2430 4515 2615 4581 ὀλίγας
2637 4532 2653 4550 ο
2681 4492 3189 4592 συμϐάσειςμέντοι
3215 4492 3547 4602 εφαᾉῖιέςὲέιῖ

2033 1973 2247 2041 σμένων
2274 1974 2559 2044 βασιλέων,
2590 1978 2618 2031 ὅ
2640 1994 2699 2030 τε
2727 1981 3358 2051 στασιασμδςιδιελέλυτο
3378 1984 3598 2051 αὐτίκα,

2030 2069 2123 2116 καὶ
2149 2064 2401 2135 βασιλεὺς
2424 2068 2452 2120 6
2468 2069 2585 2131 νέος
2608 2071 2788 2123 πᾶσαν
2813 2072 3048 2140 ὑποψίαν
3072 2051 3435 2143 ἀποθέμενος,
3465 2071 3600 2146 ἧκεν

2029 2157 2110 2218 εἰς
2157 2155 2408 2224 βασίλεια
2440 2158 2575 2229 πρὸς
2616 2159 2840 2230 βασιλέα
2883 2163 2974 2216 τδν
3011 2164 3301 2234 κηδεστήν.
3336 2167 3601 2229 Κάκεῖνος

2030 2247 2325 2317 ὑπεδέχετο
2354 2248 2527 2318 ἡδέως
2557 2252 2614 2314 ές
2650 2251 2719 2303 τὰ
2754 2252 3013 2321 μάλιστα,
3048 2256 3142 2308 καὶ
3172 2255 3371 2327 πολλὴν
3394 2259 3599 2311 ἐπεδεί-

2029 2355 2191 2391 κνυτο
2214 2339 2640 2411 φιλοφροσύνην.
2683 2342 3109 2414 Συγγενομένων
3130 2347 3193 2415 δὲ
3228 2346 3471 2418 ἀλλήλοις
3498 2352 3595 2415 ἐφ-

2029 2430 2236 2493 ικανδν,
2262 2431 2357 2482 καί
2399 2431 2530 2501 περὶ
2557 2432 2698 2488 ὅσων
2720 2432 2930 2487 ἐδέοντο
2947 2434 3359 2509 διαλεχθέντων,
3386 2435 3542 2503 αὖθις
3569 2442 3597 2494 6

2027 2517 2145 2579 νέος
2172 2518 2427 2589 βασιλεὺς
2453 2521 2561 2573 τῶν
2594 2520 2884 2592 βασιλείων
2910 2524 3141 2590 ἐξελθὼν
3170 2530 3228 2581 ὲν
3331 2532 3423 2583 καὶ
3458 2533 3595 2601 πρό-

2025 2624 2183 2676 τερον
2198 2608 2448 2677 ηὐλίζετο
2468 2611 2616 2683 οἰκίᾳ
2642 2608 2728 2684 ἧνξ
2753 2614 2908 2669 Μετὰ
2934 2616 3032 2681 τὰς
3056 2619 3359 2688 συμϐάσεις
3380 2622 3435 2675 δὲ
3460 2619 3594 2695 ἧκεν

2026 2699 2089 2754 ἐκ
2130 2698 2331 2769 Βιζύης
2390 2700 2729 2772 Ἀνδρόνικος
2783 2706 3014 2777 ’Δσάνης
3060 2710 3088 2762 6
3142 2711 3594 2783 σεϐαστοκράτωρ

2027 2788 2166 2857 μετᾶ
2202 2790 2460 2860 στρατιᾶς
2489 2792 2874 2865 ἐπικουρήσων
2905 2797 3123 2865 βασιλεῖ
3151 2800 3228 2870 τῷ
3275 2803 3594 2858 Καντακου-

1972 2910 1981 2925 .
2027 2874 2195 2945 ζηνῷ.
2228 2876 2325 2928 ’ον
2356 2877 2451 2930 ἐπὶ
2487 2880 2665 2949 τρισὶν
2724 2883 2958 2955 ἡμέραις
2987 2884 3134 2941 ἔνδον
3160 2886 3446 2957 βασιλείων
3477 2894 3596 2947 δια-

2024 2965 2291 3055 τρίψαντα
2338 2969 2475 3037 μετὰ
2516 2970 2617 3039 τῆς
2665 2976 2946 3042 στρατιᾶς,
3008 2973 3161 3041 αὖθις
3208 2982 3513 3052 ἐξέπεμπεν
3566 2987 3595 3038 6

2024 3055 2279 3125 βασιλεὺς
2314 3059 2392 3120 εἰς
2422 3059 2524 3129 τὴν
2549 3061 2774 3128 οἰκείαν,
2809 3066 2909 3134 τῆς
2943 3067 3041 3136 μὲν
3073 3070 3379 3139 προθυμίας
3407 3074 3589 3140 ἕνεκα,

2023 3146 2238 3215 καὶτῆς
2269 3148 2480 3213 εὐνοίας
2512 3153 2808 3218 ἐπαινέσας
2836 3154 2935 3225 τῆς
2966 3159 3045 3222 εἰς
3074 3160 3258 3227 αὑτὸν,
3290 3164 3361 3231 μὴ
3383 3165 3590 3219 δεῖσθαι

2019 3237 2073 3291 δὲ
2110 3239 2276 3293 αὑτοῦ
2309 3241 2608 3310 συμϐάσεις
2643 3243 2866 3313 θέμενος
2898 3248 3034 3317 πρὸς
3067 3249 3291 3319 βασιλέα
3319 3254 3410 3307 τὸν
3443 3273 3591 3327 γαμ-

2017 3329 2149 3402 ϐρὶν
2179 3330 2368 3387 εἰπών.
2407 3333 2653 3402 Ἐγραφε
2675 3335 2733 3388 δὲ
2763 3339 2857 3391 καί
2889 3338 2966 3409 τῷ
2999 3341 3119 3417 υἰῷ,
3156 3343 3251 3397 καὶ
3285 3344 3590 3417 Νικηφόρῳ

2020 3422 2256 3494 δεσπότῃ
2284 3423 2363 3492 τῷ
2382 3424 2646 3496 γαμϐρῷ,
2679 3429 2772 3480 καί
2798 3429 2911 3491 τοῖς
2938 3429 3122 3496 ἄλλοις
3155 3436 3424 3505 ἡγεμόσιν
3452 3440 3588 3492 ἀνα-

2019 3516 2296 3587 στρέφειν,
2320 3516 2415 3570 τοῢ
2446 3519 2684 3590 πολέμου
2708 3522 2810 3593 ήδη
2837 3525 3296 3596 καταλελυμένον,
3320 3533 3413 3586 καί
3437 3536 3589 3605 εἰρή-

2016 3622 2113 3676 νης
2143 3608 2219 3687 ἐι
2241 3610 2352 3671 τοῖς
2393 3608 2685 3678 πράγμασι
2729 3616 3123 3686 γεγενημένης.
3159 3618 3242 3672 Τὰ
3279 3620 3369 3675 ἴσα
3397 3623 3455 3676 δὲ
3492 3626 3588 3678 καὶ

2015 3700 2130 3761 τοῖς
2171 3699 2465 3771 βαρϐάροις
2499 3700 2707 3771 ἔγραφε
2750 3707 2864 3766 τοῖς
2899 3710 3042 3760 κατά
3075 3710 3296 3781 Θρᾴκην
3317 3730 3329 3743 ο
3357 3716 3449 3768 καί
3476 3720 3584 3786 γὰρ

2014 3792 2254 3843 κάκεῖνοι
2295 3790 2463 3860 ᾔεσαν
2498 3794 2591 3845 ὲπί
2629 3793 2920 3858 Βυζάντιον
2971 3802 3441 3873 μετακεκλημένοι
3481 3808 3584 3860 ὑπὸ

2014 3880 2304 3952 βασιλέως,
2343 3881 2534 3953 ὥσπερ
2570 3882 2801 3953 ἔφημεν,
2845 3887 2937 3940 καὶ
2966 3889 3293 3962 ἀνέστρεφον
3313 3897 3377 3948 ἐκ
3411 3898 3586 3968 μέσης

2011 3968 2284 4060 sagaces.
2331 3970 2426 4060 ξΕκ
2453 3970 2508 4023 δὲ
2535 3971 2627 4024 τοῦ
2657 3973 2796 4026 κατά
2823 3975 2922 4046 τὴν
2950 3978 3287 4047 Προποντίδα
3313 3986 3450 4057 πρὸς
3484 3989 3583 4060 τὴν

2011 4058 2086 4111 ἔω
2123 4057 2292 4128 Ἱεροῦ
2323 4058 2502 4131 ἕτεροι
2537 4060 2803 4132 βάρϐαροι
2836 4067 3160 4139 αὐτόκλητοι
3186 4068 3321 4144 ἧκον
3344 4078 3443 4131 οὐκ
3474 4057 3585 4133 ὀλί-

2009 4164 2094 4217 γοι
2124 4150 2315 4240 νυκτὸς
2346 4153 2473 4222 ἀχρι
2519 4152 2806 4223 βασιλείων
2837 4157 3073 4227 οἰόμενοι
3115 4165 3264 4232 σφῶν
3298 4167 3584 4240 δεήσεσθαι

2009 4239 2463 4312 Καντακουζηνὸν
2480 4243 2573 4295 τὸν
2596 4242 2844 4312 βασιλέα,
2878 4250 2971 4301 καὶ
2997 4239 3453 4327 ἑδέοντοέπάγειν
3472 4266 3582 4329 τοῖςΙ

2008 4330 2290 4423 πολεμίοις
2334 4332 2737 4403 εἰσδεξάμενον.
2797 4337 3058 4404 Βασιλεὺς
3087 4343 3144 4395 δὲ
3175 4346 3276 4413 τῆς
3317 4349 3417 4417 μιν
3448 4370 3585 4423 προο-

2007 4422 2212 4513 θυμίας
2229 4422 2412 4488 ἕνεκα,
2440 4426 2534 4476 καί
2566 4425 2665 4493 τῆς
2689 4427 2899 4492 εὐνοίας
2929 4432 3028 4501 τῆς
3047 4434 3127 4497 εἰς
3150 4437 3332 4504 αὐτὸν,
3351 4441 3581 4513 χάριτας

3554 4553 3585 4599 ς

337 4583 531 4639 intenti
561 4598 657 4637 ora
705 4591 976 4645 tenentes,
1009 4582 1168 4651 cujus
1218 4583 1332 4638 haec
1384 4585 1488 4638 fuit
1517 4587 1907 4644 oratio.-Vobis

339 4677 503 4697 --..-._:-
530 4677 593 4697 ,Δ
623 4673 821 4697 ι.,.11-..“
858 4682 1043 4697 Αλκι..-
1080 4673 1346 4697 ῐ)..-1-.......-
1376 4675 1610 4697 2..-ξ.-.2-
1674 4688 1715 4697 -.
1751 4678 1774 4697 ι·
1822 4679 1872 4697 .EI

2020 4601 2232 4697 βασιλέα
2264 4604 2355 4697 τὸν
2387 4607 2638 4697 γαμϐρδν
2669 4582 2764 4662 καί
2790 4582 2982 4678 ὅρκους
3008 4582 3266 4685 θέμενοςί
3286 4582 3576 4697 abstinuit—ii

339 4677 506 4745 magis
529 4677 596 4729 ad
622 4673 822 4728 bellum
856 4682 1047 4728 contra
1080 4673 1350 4729 Barbaros
1376 4675 1634 4741 incitatis,
1667 4688 1723 4730 et
1748 4678 1906 4732 facil-

334 4751 518 4819 limam
551 4764 902 4832 sperantibus
933 4764 1235 4828 victoriam,
1290 4764 1452 4818 velim
1492 4767 1746 4834 equidem
1778 4781 1909 4820 con-

334 4856 454 4912 silia
482 4864 662 4910 vestra
719 4856 861 4907 Deus
905 4852 1170 4916 fortunet,
1205 4861 1261 4908 et
1293 4855 1359 4909 ad
1412 4854 1572 4908 ﬁnem
1620 4856 1903 4925 perducat.

331 4945 465 5010 Quae
497 4952 681 5007 autem
709 4953 767 4998 et
804 4942 921 5010 ipse
956 4942 1060 4997 hoc
1090 4953 1334 5012 tempore
1367 4945 1528 5000 nobis
1562 4948 1904 5004 conductura

334 5037 534 5098 sentio,
566 5051 677 5088 non
711 5033 922 5089 tacebo.
956 5035 1220 5103 Equidem
1244 5036 1378 5091 mihi
1404 5053 1504 5092 nec
1529 5038 1900 5107 prudentium,

336 5141 437 5180 nec
470 5126 657 5193 aliquo
712 5141 811 5179 usu
854 5128 1153 5194 peritorum
1193 5126 1471 5182 hominum
1508 5128 1742 5196 videtur,
1795 5147 1903 5186 non

333 5224 459 5274 ante
486 5216 618 5278 suis,
652 5216 1002 5283 hostiumque
1039 5217 1253 5271 viribus
1306 5219 1635 5287 ponderatis,
1665 5222 1758 5275 sed
1788 5222 1901 5276 for-

332 5319 480 5363 tunae
538 5308 838 5362 mobilitate
888 5310 1143 5372 conlisos,
1207 5310 1407 5365 bellum
1468 5327 1789 5381 capessere,
1845 5324 1902 5371 et

331 5403 505 5448 semet
534 5396 586 5448 in
619 5393 912 5449 discrimen
946 5398 1308 5475 praecipitare.
1340 5400 1471 5453 Nam
1506 5400 1574 5455 ab
1625 5403 1817 5470 armis,
1845 5413 1899 5457 ct

332 5484 586 5553 pecunia,
617 5493 673 5539 et
702 5486 965 5540 militibus
994 5489 1129 5542 bene
1170 5488 1497 5545 instructum
1533 5508 1675 5559 esse,
1707 5495 1897 5563 cXplo-

329 5582 499 5627 ratam
531 5574 693 5629 habet
723 5575 915 5632 salutis
947 5574 1197 5635 ﬁduciam
1235 5596 1248 5632 :
1277 5580 1495 5636 fortuna
1553 5583 1762 5638 lubrica
1791 5594 1893 5649 est,

329 5665 527 5731 srpius
578 5665 737 5720 lallit.
782 5666 1002 5721 Barbari
1061 5680 1266 5733 autem,
1318 5681 1504 5726 contra
1558 5688 1695 5741 quos
1748 5690 1897 5730 nunc

329 5754 530 5811 bellum
562 5758 914 5826 meditamur,
945 5774 1054 5814 non
1104 5775 1215 5837 est.
1241 5763 1508 5833 ignotum,
1551 5776 1892 5835 quantopere

2007 4688 2236 4753 δεῖσθαι,
2270 4693 2364 4744 καὶ
2395 4694 2646 4747 ἐκέλευεν
2682 4698 2989 4769 ἀναχωρεῖν
3035 4704 3172 4773 πρὸς
3213 4710 3312 4778 τὴν
3350 4688 3576 4771 aiataiat:

2009 4779 2195 4834 Ταῦτα
2224 4781 2278 4873 δὲ
2305 4783 2365 4835 οὐ
2394 4784 2483 4836 διὰ
2511 4786 2795 4853 πρέσϐεων
2820 4791 2979 4860 μόνον
3004 4793 3193 4865 ἐδήλου
3223 4802 3337 4864 τοῖς
3364 4800 3572 4873 βαρϐά-

1961 4876 1970 4885 ·
2009 4887 2144 4940 ροις,
2186 4872 2321 4926 ἀλλὰ
2368 4876 2460 4927 καί
2497 4876 2565 4928 δι’
2604 4879 2800 4932 ἑαυτοῦ
2848 4882 3011 4947 αὐτὸς
3048 4887 3115 4939 ἐκ
3149 4872 3572 4959 βασιλείωνέξω

2004 4962 2202 5053 τειχῶν
2242 4964 2392 5053 οξσιν
2428 4966 2634 5047 ἐκεῖνος
2677 4968 3042 5040 διειλεγμένος
3078 4978 3269 5042 νυκτὸς
3292 4981 3571 5053 ὑπολαμ-

2006 5049 2175 5111 πάσι,
2219 5050 2375 5103 τοῦτο
2417 5054 2747 5123 παρέχοντος
2777 5057 2934 5111 τοῦτό
2977 5077 3104 5130 που,
3135 5049 3574 5127 ὥστέδύνασθαι

2004 5139 2097 5191 καί
2145 5139 2371 5209 ὁρᾶσθαι
2420 5143 2513 5194 καί
2554 5144 2847 5199 ἀκούεσθαι
2902 5148 3312 5224 διαλεγόμενον.
3385 5159 3573 5225 Ἐξιὼν

2006 5230 2304 5327 μέντοικαί
2322 5233 2493 5327 αὐτὸς
2509 5234 2618 5287 τῶν
2637 5236 2948 5307 βασιλείων,
2970 5244 3109 5312 πρὸς
3133 5245 3230 5318 τὴν
3252 5251 3430 5305 οἰκίαν
3456 5255 3512 5306 ὲν

2004 5320 2258 5415 βασιλεὺς
2291 5326 2315 5376 6
2344 5324 2593 5396 γαμϐρὸς
2629 5327 2897 5400 διέτριϐεν
2932 5335 3118 5407 ἀπῄει,
3156 5339 3250 5392 καίΙ
3311 5344 3439 5415 περί
3474 5320 3573 5414 τῆς

2000 5410 2325 5480 διοικήσεως
2343 5414 2451 5468 τῶν
2476 5417 2670 5471 κοινῶν
2697 5421 3147 5481 συνδιεσκέπτετο
3166 5430 3334 5499 αὐτῷ.
3358 5410 3570 5504 Ᾰεῆσαν

1998 5497 2054 5591 δέ
2085 5502 2177 5591 καί
2207 5503 2337 5569 περί
2368 5501 2478 5556 τῶν
2506 5507 2563 5558 ὲν
2595 5506 2788 5579 Θρᾴκῃ
2826 5510 3215 5581 βουλεύσασθαι
3251 5497 3567 5591 βαρϐάρων,

1998 5589 2046 5682 εἰ
2087 5590 2392 5661 πολεμητέα
2435 5595 2518 5665 εἰη
2551 5598 2687 5661 πρὸς
2720 5601 2919 5666 αὐτοὺς
2954 5605 2986 5675 ἢ
3017 5607 3116 5679 μὴ,
3150 5611 3207 5661 έν
3234 5614 3298 5680 τῇ
3328 5589 3567 5682 μεγάλου

1997 5680 2284 5749 λογοθέτου
2327 5685 2479 5756 οἰκίᾳ
2520 5688 2615 5741 τοῦ
2661 5692 2962 5763 Μετοχίτου
3010 5700 3150 5767 μετὰ
3198 5680 3417 5758 πάντων
3458 5708 3566 5761 τῶν

2002 5774 2401 5841 συγκλητικῶν,
2436 5779 2526 5847 κοῒ,
2560 5780 2668 5841 τῶν
2697 5785 2784 5835 ἐπ’
2814 5787 3064 5861 εὐγεθιείᾳ
3098 5792 3564 5866 λαμπρυνομένων
