4056 6464
405 474 508 535 365

1489 475 2025 538 HISTORIARUM
2064 472 2293 539 LIBER
2344 470 2446 531 IV.

3545 453 3650 516 3‘36

406 584 683 655 γενόμενοι
729 587 779 638 οἱ
830 585 1091 654 βασιλεῖς,
1145 588 1490 657 κατέστησαν
1536 591 1617 651 εἱς
1658 588 1873 657 λόγους.
1914 585 1978 639 Ol

2093 600 2111 635 η
2167 582 2328 637 nobis
2357 579 2690 646 discrepent.
2750 570 3155 630 Exercitatione
3215 566 3360 622 enim
3424 564 3653 649 militari

407 676 507 745 μὲν
548 669 640 729 οῦν
686 676 869 743 ἄλλοι,
918 678 1169 740 ἀτάκτως
1222 678 1552 748 ἐθορύϐουν,
1606 681 1701 733 καλ⁵
1750 679 1976 748 γνώμην

405 767 629 832 ἕκαστος
653 768 930 837 εῖσρέρειν
962 769 1300 840 ἐπεχείρουν,
1352 772 1386 842 ἢ
1413 771 1650 837 μάλιστα
1678 770 1744 823 ἂν
1769 770 1979 822 λυσιτε-

403 859 515 912 λεῖν
540 859 719 929 δοκοίη
748 859 822 923 ὡς
860 863 918 914 ὲν
951 862 1063 923 τοῖς
1092 861 1358 932 παροῦσι·
1391 860 1645 931 βασιλεὺς
1676 861 1732 913 δὲ
1759 859 1787 911 ὁ
1820 860 1939 921 νέος
1958 895 1975 922 ,

406 952 501 1005 καὶ
540 952 646 1004 τῶν
674 950 941 1005 συνόντων
980 954 1029 1004 οῖ
1067 953 1303 1021 μάλιστα
1348 956 1405 1006 ἐν
1449 952 1620 1021 λόγῳ,
1654 954 1974 1005 Καντακου-

405 1040 552 1110 ζηνῷ
577 1040 653 1111 τῷ
689 1041 896 1112 βασιλεῖ
939 1045 1250 1114 προσεῖχον,
1285 1044 1377 1097 καὶ
1405 1043 1756 1097 ἀπεσκόπουν
1783 1042 1975 1097 όποίαν

404 1132 527 1185 τινά
551 1132 678 1203 περὶ
700 1134 811 1187 τῶν
840 1135 1219 1212 προκειμένων
1246 1134 1474 1204 γνώμην
1499 1135 1819 1201 εἰσενέγκοι.
1859 1136 1977 1188 Κα-

404 1224 607 1288 ταστὰς
643 1225 699 1279 δὲ
741 1226 837 1278 καὶ
877 1226 1038 1288 αὐτὸς
1080 1228 1158 1290 εἰς
1200 1226 1416 1294 λόγους,
1450 1223 1575 1279 εἷπε
1611 1227 1812 1282 τοιάδεο
1863 1227 1976 1297 Τὴν

410 1318 509 1385 μὲν
540 1315 763 1388 γνώμην
793 1316 946 1385 ὑμῶν
970 1317 1046 1381 ῶς
1080 1318 1282 1388 μᾶλλον
1310 1317 1405 1372 ἐπὶ
1433 1320 1493 1372 τὸ
1518 1320 1777 1389 πολεμεῖν
1804 1320 1978 1389 ἐπῆρ-

404 1423 493 1460 ται
524 1408 629 1467 τοῖς
656 1406 979 1477 βαρϐάροις,
1010 1409 1271 1478 οἰομένων
1301 1409 1476 1479 ῥᾷστα
1511 1409 1862 1480 περιέσεσθαι
1883 1410 1977 1463 αύ-

404 1494 536 1560 τῶν,
554 1502 647 1549 καὶ
667 1497 721 1549 ὲν
736 1496 902 1566 ὀλίγῳ
912 1497 1114 1568 χρόνῳ,
1132 1499 1195 1550 ἐκ
1215 1497 1429 1552 πολλῶν
1451 1498 1568 1551 ἐστι
1592 1497 1972 1568 στοχάζεσθαι.

407 1588 593 1640 Ταῦτα
639 1588 736 1655 μὲν
784 1588 878 1642 οῦν
929 1590 1022 1642 ὲπί
1075 1606 1129 1642 τι
1174 1590 1327 1653 τέλος
1372 1590 1573 1659 ἀγάγοι
1617 1590 1679 1642 τὸ
1726 1592 1978 1661 κρεῖττον

406 1678 598 1745 δεξιὸν,
631 1678 823 1750 ῶσπερ
855 1681 1112 1751 βούλεσθε
1142 1675 1330 1735 αύτὸί’
1362 1682 1398 1738 ἃ
1434 1683 1492 1736 δὲ
1522 1684 1708 1753 οῖομαι
1742 1684 1838 1736 καὶ
1875 1682 1977 1736 αύ-

408 1770 495 1833 τδς
529 1773 585 1824 ἐν
613 1772 690 1843 τῷ
720 1774 951 1844 παρόντι
988 1775 1292 1829 λυσιτελεῖν
1324 1776 1479 1846 ἡμῖν,
1514 1773 1689 1829 ταῦτα
1725 1773 1974 1846 σημανῶ.

411 1864 485 1915 Οὐ
523 1864 811 1972 σωφρόνων
849 1865 1034 1936 οῖομαι
1063 1866 1369 1937 ἀνθρώπιον
1388 1909 1402 1930 ,
1432 1867 1544 1921 οὐδ’
1578 1868 1752 1931 ἄλλως
1782 1866 1979 1936 εμπεί-
2009 1919 2051 1972 Β

413 1970 520 2024 ρων
556 1949 717 2019 εἶναι,
765 1956 1129 2028 ὡρμημένους
1169 1959 1263 2013 ἐπὶ
1307 1960 1543 2031 πόλεμον
1591 1958 1669 2031 μὴ
1713 1960 1977 2031 πρότερον

414 2046 514 2114 τήν
558 2062 615 2098 τε
660 2046 868 2099 ἑαυτῶν
904 2049 999 2102 καὶ
1038 2049 1143 2118 τὴν
1190 2050 1465 2121 πολεμίων
1503 2049 1978 2121 ἐπισκεψαμὲνυυς

415 2135 657 2206 δύναμιν,
695 2137 866 2208 τύχης
907 2139 1244 2211 θαρροῦντας
1286 2142 1538 2213 ἀπιστίᾳ,
1575 2142 1807 2205 ἑαυτοὺς
1840 2140 1977 2209 πρὸς

416 2229 536 2291 τοὺς
565 2229 842 2295 κινδύνους
870 2231 1139 2289 εισωθεῖν.
1170 2233 1243 2287 Τὸ
1269 2234 1372 2303 μὲν
1390 2234 1501 2303 γάρ
1525 2232 1620 2287 καὶ
1644 2234 1852 2297 ὅπλοις,
1885 2233 1981 2287 καὶ

415 2323 680 2389 χρήμασι,
739 2323 831 2376 καὶ
903 2323 1099 2395 πλήθει
1144 2327 1405 2396 στρατιᾶς
1446 2326 1795 2397 ἐρρωμένους
1838 2320 1980 2379 εἶναι

413 2408 625 2476 βίὅαιον
660 2410 797 2479 πρὸς
840 2412 1115 2481 σωτηρίαν
1138 2427 1154 2442 '
1189 2412 1327 2482 τύχη
1358 2413 1416 2467 δὲ
1443 2412 1511 2465 τὰ
1538 2412 1707 2465 πλείω
1748 2412 1980 2482 σφάλλε-

408 2517 520 2554 ται.
550 2501 696 2571 ,Πρὸς
720 2500 812 2564 οὓς
831 2501 888 2555 δὲ
914 2504 1044 2573 ἡμῖν
1065 2504 1093 2556 ό
1116 2503 1351 2583 πόλεμός
1385 2504 1501 2557 ἐστι
1530 2502 1842 2574 βαρϐάρους
1862 2504 1977 2569 νῦν,

410 2595 508 2664 οὐχ
536 2595 657 2648 ὅσον
686 2595 997 2664 ἀγνοεῖσθαι
1023 2596 1392 2667 διαφέρουσιν.
1434 2595 1734 2667 Ἐμπειρίᾳ
1773 2594 1883 2665 γάρ
1910 2597 1978 2666 τῇ

414 2687 545 2755 πρὸς
570 2685 668 2749 τὰς
698 2688 875 2756 μάχας
902 2687 1161 2758 οὐδαμῶς
1191 2688 1615 2759 ἀπολειπόμενοι
1641 2690 1671 2758 ἠ
1680 2687 1822 2753 μῶν,
1854 2687 1985 2739 πολ·

416 2778 739 2841 ὶαπλασίους
763 2781 870 2832 εἰσὶ
897 2779 973 2848 τῷ
1003 2779 1226 2851 πλήρει,
1244 2780 1338 2834 καὶ
1362 2782 1427 2850 τῇ
1452 2781 1778 2849 παρασκευῇ
1808 2780 1983 2849 ὲρῤω-

420 2869 770 2941 ρενέστεροι,
818 2870 914 2923 καὶ
953 2870 1089 2942 πρδς
1136 2871 1233 2935 τάς
1281 2871 1570 2943 στρατείας
1607 2872 1980 2941 ἑτοιμότεροι,

418 2957 613 3024 ἀμισθὶ
640 2960 730 3011 καὶ
755 2961 959 3027 προῖκα
987 2959 1411 3031 στρατευόμενοι
1436 2958 1516 3029 τῷ
1544 2958 1693 3029 σφῶν
1722 2959 1982 3030 δυνάστῃ.

422 3052 560 3121 ιῐρ³ς
606 3051 661 3103 δὲ
700 3049 933 3116 τούτοις,
977 3052 1082 3120 γῆν
1131 3050 1348 3121 ἔχοντες
1383 3050 1609 3122 πολλὴν,
1662 3050 1759 3105 καὶ
1801 3050 1985 3115 πόλεις

419 3143 688 3212 ἡμετέρας
729 3144 787 3197 οὐ
829 3143 973 3198 κατά
1003 3143 1102 3215 τὴν
1142 3144 1331 3198 Ἀσίαν
1367 3144 1549 3213 μόνον,
1584 3142 1719 3197 ἀλλά
1758 3144 1852 3196 καὶ
1885 3143 1985 3212 τὴν

2081 684 2428 739 nequaquam
2478 667 2736 736 impares,
2786 676 3017 717 numero
3069 660 3229 729 longe
3284 666 3565 727 superant,
3603 665 3658 709 et

2078 772 2342 835 apparatu
2394 757 2851 821 contirmatiores,
2914 764 3080 824 atque
3126 753 3191 807 ad
3248 750 3654 820 expeditionem

2078 855 2465 924 promptiores,
2522 850 2668 904 nulla
2725 845 3021 911 mercede,
3095 851 3151 898 et
3212 841 3438 897 omnino
3489 840 3658 910 gratis

2080 945 2304 1001 domino
2336 958 2437 1000 suo
2464 942 2723 995 militant.
2752 939 2831 991 Ad
2869 938 2985 992 haec
3015 951 3139 990 cum
3171 934 3336 989 latam
3380 933 3657 1000 regionem

2079 1045 2136 1093 et
2165 1036 2332 1090 urbes
2357 1040 2575 1089 nostras
2621 1045 2729 1085 non
2783 1030 2835 1082 in
2867 1028 2994 1083 Asia
3039 1027 3224 1090 modo,
3266 1026 3359 1079 sed
3403 1024 3567 1078 etiam
3602 1023 3657 1077 in

2080 1129 2295 1198 EurOpa
2325 1125 2669 1193 occuparint,
2723 1136 2868 1175 nunc
2922 1120 3065 1174 bona
3121 1132 3240 1184 spe,
3295 1124 3353 1169 et
3397 1115 3658 1185 ιπτυιοτῑιὶ

2078 1232 2371 1276 successus
2396 1217 2668 1285 exemplo,
2701 1228 2803 1283 pro
2849 1209 3090 1277 caeteris;
3113 1207 3433 1277 subigendis
3478 1222 3663 1275 prom-

2078 1320 2171 1381 pte
2229 1307 2647 1379 depugnabunt.
2707 1303 2876 1359 Nobis
2913 1317 3076 1371 porro
3132 1298 3412 1364 quondam
3468 1309 3658 1351 contra

2080 1408 2253 1461 multo
2287 1404 2453 1459 etiam
2501 1401 2686 1471 plures
2739 1397 2982 1467 potentia
3036 1411 3144 1449 non
3196 1394 3393 1457 deluit,
3455 1401 3657 1445 utnon
3720 1410 3727 1417 -

2078 1498 2260 1554 solum
2302 1502 2486 1551 nostra
2514 1506 2611 1548 eos
2637 1489 2922 1562 provincia
2952 1487 3249 1557 expellere,
3275 1485 3370 1539 sed
3416 1485 3657 1553 ipsorum

2079 1603 2301 1661 quoque
2355 1594 2537 1642 terras
2590 1582 2851 1639 invadere
2904 1593 3212 1651 possemus.
3279 1577 3476 1632 Verum
3532 1574 3663 1628 insi-

2080 1680 2310 1752 pientia,
2339 1687 2396 1732 et
2432 1675 2733 1739 temeritas,
2764 1688 2868 1729 nec
2921 1669 3321 1730 communium,
3356 1667 3450 1722 sed
3479 1666 3662 1735 priva-

2082 1780 2260 1827 tarum
2328 1768 2594 1840 cujusque
2648 1779 2858 1829 rerum,
2915 1776 3076 1833 quam
3130 1759 3538 1816 eonsultissime
3579 1757 3662 1811 in.

2083 1862 2485 1920 stituendarum
2525 1856 2831 1928 diligentia,
2865 1869 2933 1911 eo
2979 1855 3089 1925 jam
3139 1850 3532 1906 imbecillitatis
3564 1863 3664 1901 nos

2084 1955 2408 2024 adegerunt,
2435 1958 2497 2005 ut
2526 1948 2659 2004 boni
2688 1930 3061 2010 consulamus,
3095 1945 3138 2000 si
3170 1958 3282 1998 non
3316 1941 3482 1997 etiam
3514 1938 3661 2009 quod

2084 2053 2376 2115 superest,
2438 2040 2776 2116 amittamus.
2831 2036 2966 2092 Nam
3031 2044 3084 2091 et
3144 2033 3421 2091 exercitus
3476 2040 3663 2091 noster

2085 2135 2407 2209 splendidus
2443 2142 2625 2197 antea,
2648 2135 2725 2187 et‘
2749 2128 3104 2200 conspicuus,
3135 2127 3201 2182 ad
3252 2125 3581 2196 paucitatem
3608 2133 3664 2177 et

2087 2234 2462 2300 paupertatem
2518 2220 2867 2278 devenit:et
2910 2218 3282 2276 communium
3334 2216 3662 2286 pensionum

2085 2316 2406 2374 eollationes
2437 2313 2656 2385 penitus
2686 2319 3031 2368 evanuerunt
3058 2326 3074 2368 :
3103 2324 3167 2364 ac
3188 2309 3372 2379 plures
3393 2315 3660 2368 vestrum,

2088 2417 2182 2461 aut
2214 2421 2406 2462 omnes
2438 2403 2632 2468 ferme,
2672 2400 2779 2456 nisi
2829 2400 3056 2457 aliunde
3084 2401 3313 2470 pecunia
3351 2398 3405 2452 in
3458 2396 3662 2451 bellum

2090 2498 2463 2568 impendatur,
2494 2511 2603 2551 non
2642 2495 2838 2565 opinor
2875 2492 3183 2549 diutissime
3216 2492 3285 2547 de
3323 2506 3424 2547 suo
3456 2491 3665 2558 impen-

2089 2590 2306 2652 dentes,
2336 2588 2576 2644 hostium
2607 2586 2716 2642 vim
2750 2585 3096 2640 toleraturos.
3141 2583 3272 2650 Qua:
3313 2597 3508 2637 omnes
3539 2596 3663 2636 cum

2090 2681 2288 2737 animis
2342 2678 2633 2749 reputaret,
2685 2692 2791 2735 nec
2848 2684 3059 2731 tantum
3136 2675 3241 2730 hoc
3319 2672 3666 2728 considerare

2092 2774 2320 2839 debent,
2348 2772 2628 2843 quomodo
2656 2787 2724 2828 ex
2755 2785 2892 2841 pace
2917 2770 2985 2825 ad
3021 2770 3225 2825 bellum
3260 2767 3664 2839 aggrediamur,

2091 2869 2187 2924 sed
2246 2876 2509 2937 praeterea
2569 2863 2847 2935 quomodo
2906 2862 3094 2918 hostes
3150 2860 3522 2917 debellemus:
3575 2865 3670 2911 aut

2092 2972 2243 3016 certe
2273 2938 2420 3013 nulla
2452 2970 2579 3012 cum
2611 2955 2765 3011 clade
2799 2953 2928 3008 inde
2956 2951 3324 3009 discedamus.
3356 2949 3522 3019 872
3559 2948 3668 3017 Ego

2093 3057 2353 3115 verognec
2382 3047 2453 3102 ob
2491 3045 2762 3116 ignaviam
2821 3057 2997 3098 meam
3042 3042 3188 3111 bello
3238 3040 3503 3094 adversus
3535 3038 3668 3092 Bar-

2093 3139 2256 3195 baros
2282 3136 2440 3191 vobis
2480 3132 2864 3190 abstinendum
2914 3129 3120 3185 suadeo
3156 3147 3169 3183 :
3203 3142 3383 3197 neque
3432 3126 3560 3180 odio
3613 3124 3665 3177 in

424 3228 688 3300 Εὐρώπην
718 3229 834 3295 νῦν,
868 3229 1165 3301 προθύμως
1196 3230 1339 3301 ὑπὲρ
1376 3230 1484 3284 τῶν
1510 3230 1713 3284 λοιπῶν
1744 3228 1986 3300 μαχοῦν-

2096 3230 2219 3286 illos
2252 3244 2282 3283 a
2344 3242 2620 3298 quoquam
2680 3234 2921 3281 vestrum
2968 3221 3114 3277 vinci
3159 3236 3246 3275 me
3282 3218 3481 3288 patior,
3535 3216 3668 3286 quin

421 3338 529 3384 ται,
556 3322 828 3385 εὐέλπιδες
860 3322 1011 3385 ὅντες
1045 3321 1236 3392 ὥσπερ
1278 3322 1343 3374 ἐκ
1380 3322 1842 3393 παραδειγμάτων
1892 3322 1987 3376 καὶ

424 3412 556 3482 πρὸς
582 3411 652 3464 τά
688 3413 873 3469 λοιπά.
916 3411 1076 3483 Ἡμῖν
1105 3411 1162 3466 δὲ
1191 3407 1260 3485 ἦν
1290 3413 1558 3484 μέν-ποτε.
1588 3413 1818 3484 δύναμις
1843 3414 1993 3480 ἀξιό-

424 3521 598 3574 χρεως
636 3504 697 3557 ού
730 3505 867 3573 πρὸς
927 3506 1218 3568 τοσούτους
1259 3506 1443 3574 μόνον,
1480 3505 1618 3559 ἀλλά
1654 3507 1748 3560 καὶ
1788 3508 1993 3562 πολλα-

427 3594 710 3662 πλασίους,
755 3597 855 3666 οὐχ
899 3594 1042 3650 ὥστε
1089 3597 1154 3650 ὲκ
1200 3596 1302 3667 τῆς
1347 3598 1622 3669 ἡμετέρας
1662 3599 1992 3666 ἐξελαύνειν,

428 3680 561 3734 ἀλλὰ
590 3682 682 3734 καὶ
723 3683 849 3751 περὶ
875 3682 971 3753 τῆς
1004 3683 1214 3746 οἰκείας
1245 3685 1303 3736 ὲν
1330 3667 1562 3755 κινδύνιρ
1593 3686 1880 3758 καθιστᾷν.
1927 3687 1992 3742 Ἥ

426 3771 483 3825 δὲ
513 3772 770 3838 ἀξυνεσία
795 3774 889 3826 καὶ
919 3772 1180 3840 ἀδουλία¹,
1217 3775 1311 3829 καὶ
1333 3775 1394 3829 τὸ
1426 3776 1501 3846 μὴ
1541 3778 1668 3845 περὶ
1699 3778 1806 3830 τῶν
1839 3780 1994 3847 κοινῇ

426 3860 850 3915 λυσιτελούντων
882 3862 1083 3934 ἀριστα
1112 3862 1491 3933 βουλεύεσθαι,
1513 3866 1627 3918 ἀλλ’
1663 3867 1897 3920 ἕκαστον
1927 3868 1999 3922 τά

432 3952 538 4005 ῖδια
580 3952 640 4006 εὖ
686 3952 930 4008 τίθεσθαι
982 3957 1228 4019 σκοπεῖν,
1285 3958 1365 4020 είς
1402 3957 1563 4010 τοῦτο
1596 3958 1803 4028 ήγαγεν
1848 3960 1999 4028 ἡμᾶς

434 4047 734 4118 ἀδυναμίας
775 4047 892 4110 νῦν,
925 4046 1055 4101 ὥστ’
1084 4048 1371 4118 ἀγαπητὸν
1400 4047 1466 4102 ἂν
1507 4048 1582 4120 μὴ
1629 4051 1724 4102 καὶ
1763 4048 1832 4103 τά
1869 4049 1999 4103 ὄντα

432 4138 786 4225 ἀπολέσωμεν
810 4139 1084 4208 ἡγεῖσθαι.
1111 4138 1185 4192 Ἦ
1199 4156 1259 4192 τε
1285 4139 1395 4209 γὰρ
1424 4138 1655 4208 στρατιὰ
1677 4139 1999 4221 διέφθαρται

431 4232 584 4302 ἡμῖν,
614 4210 956 4303 ἐκλαμπρᾶς
983 4232 1077 4286 καλ⁵
1105 4233 1438 4301 περιφανοῦς
1484 4234 1641 4302 ὀλίγη
1670 4234 1763 4284 καὶ
1794 4210 2000 4299 ἄπορος

430 4324 802 4394 καθεστηκυῖα
819 4324 955 4378 ’.καὶ
980 4323 1089 4377 τῶν
1120 4325 1315 4378 κοινῶν
1340 4327 1620 4395 προσόδων
1638 4330 1692 4379 at
1722 4327 2001 4393 συντάξεις

432 4413 779 4467 ἐκλελοίπασι
837 4415 1187 4469 παντάπασι·
1244 4418 1340 4471 καὶ
1395 4418 1549 4489 ὑμῶν
1603 4422 1728 4482 τοὺς
1781 4420 2002 4485 πλείους

433 4504 467 4574 ἢ
508 4505 825 4576 σύμπαντας
866 4506 1070 4576 σχεδὸν,
1104 4508 1153 4560 εί
1188 4509 1263 4579 μή
1308 4526 1389 4572 τις
1429 4509 1693 4581 χρήματα
1727 4510 2002 4581 παράσχοι

2090 3323 2209 3391 ipse
2242 3334 2347 3376 una
2372 3332 2587 3381 omnes,
2613 3316 2658 3372 si
2688 3315 2806 3370 ﬁeri
2841 3313 3134 3384 potuisset,
3181 3309 3586 3371 contrivissem,
3615 3315 3671 3361 et

2090 3416 2145 3473 id
2178 3415 2312 3470 mihi
2340 3414 2410 3470 ad
2433 3412 2617 3485 gloriae
2643 3410 3021 3467 celebritatem
3073 3404 3506 3462 illustrissimum
3555 3400 3672 3455 lore

2090 3506 2448 3579 putavissem.
2474 3503 2667 3573 Neque
2699 3503 2842 3557 istuc
2884 3500 3089 3562 solum,
3123 3496 3225 3552 sed‘
3269 3494 3315 3551 si
3344 3494 3451 3549 hoc
3481 3493 3557 3546 ita
3602 3490 3672 3545 li-

2092 3599 2318 3662 cuisset,
2358 3607 2421 3652 ut
2449 3611 2537 3652 me
2562 3610 2593 3650 a
2628 3607 2962 3665 quocunque
2999 3588 3257 3661 iugulari,
3284 3597 3341 3643 et
3394 3587 3509 3655 ipsa
3538 3597 3672 3637 nece

2094 3707 2214 3747 mea
2258 3688 2576 3761 perniciem,
2621 3695 2788 3757 atque
2832 3684 3061 3739 exitium
3128 3681 3304 3737 creari
3356 3678 3463 3735 illis
3512 3691 3675 3745 oper-

2098 3785 2334 3849 luisset,
2394 3779 2803 3842 libentissime,
2860 3792 2925 3832 ac
2984 3772 3393 3847 promptissime
3457 3768 3670 3824 dulcem

2065 3882 2068 3885 λ
2095 3875 2341 3949 alioquin
2378 3874 2543 3928 vitam
2571 3871 2916 3942 abiecissem,
2964 3881 3139 3935 usque
3166 3863 3305 3918 adeo
3342 3861 3476 3916 mihi
3506 3874 3671 3927 supc-

2096 3972 2180 4017 rat
2214 3976 2405 4016 eorum
2443 3958 2666 4024 odium;
2697 3967 2808 4010 tum
2836 3955 2960 4024 quia
2998 3949 3375 4019 religionibus,
3404 3962 3465 4000 ac
3504 3962 3674 4000 caere-

2098 4054 2300 4110 moniis
2329 4050 2689 4109 diversissimi
2717 4058 2880 4111 sunt;
2916 4056 3029 4100 tum
3060 4044 3185 4111 quia
3213 4043 3324 4113 jam
3358 4038 3590 4110 pridem,
3620 4047 3675 4090 et

2099 4146 2289 4201 multis
2317 4144 2476 4199 annis
2506 4142 2784 4217 Romanos
2814 4136 3052 4193 infandis
3088 4132 3437 4189 detrimentis
3479 4145 3705 4205 eumn)

2099 4237 2303 4302 larunt,
2333 4250 2435 4290 nec
2467 4233 2562 4288 ulli
2598 4232 2772 4286 ferme
2805 4243 2910 4283 non
2960 4237 3306 4287 nocuerunt,
3360 4237 3460 4277 nec
3504 4234 3676 4290 usque

2100 4328 2168 4383 ad
2198 4329 2345 4382 hunc
2371 4326 2516 4381 diem
2546 4323 2758 4395 injuriae
2789 4320 3053 4376 faciendae
3092 4333 3188 4374 eos
3212 4317 3358 4387 cepit
3410 4314 3634 4369 satietas
3660 4330 3675 4374 ;

2101 4423 2198 4478 sed
2225 4423 2279 4477 in
2311 4419 2602 4476 Thraciam
2634 4433 2855 4490 quoque
2900 4416 3093 4481 infusi,
3154 4415 3318 4471 urbes
3364 4409 3678 4481 complures

2103 4521 2415 4583 occupant,
2468 4511 2987 4581 depopulanturque
3032 4516 3222 4564 nostra
3281 4506 3487 4563 omnia.
3537 4501 3678 4568 Quid

435 4599 571 4666 πρὸς
585 4597 675 4650 τὸν
696 4596 950 4667 πόλεμον,
977 4597 1077 4651 οὐκ
1092 4596 1159 4651 ἂν
1180 4598 1365 4668 οἴομαι
1390 4602 1992 4672 ἀντισχήσεινεπιπλεῖ·

2108 4607 2276 4678 igitur
2324 4615 2429 4671 est,
2481 4613 2687 4675 quaeret
2719 4604 2941 4674 aliquis,
2977 4617 3102 4659 cum
3145 4602 3226 4657 sic
3278 4614 3375 4656 eos
3415 4598 3682 4658 detester,

438 4706 562 4744 στον
585 4688 918 4753 ἀναλοῦντας
945 4689 1132 4743 ἐκτῶν
1153 4690 1341 4746 ὄντων.
1373 4692 1553 4763 ’Δπερ
1580 4692 1826 4758 ἅπαντας
1856 4695 2006 4749 ἔνθυ-

437 4780 762 4851 μουμὲνους,
793 4780 851 4835 οὐ
876 4781 1036 4835 τοῦτο
1066 4783 1226 4852 μόνον
1249 4783 1356 4854 χρὴ
1386 4787 1610 4839 σκοπεῖν
1635 4786 1785 4849 ὅπως
1814 4786 1878 4838 ἐκ
1908 4788 2007 4856 τῆς

436 4874 662 4945 εἰρήνης
708 4875 1074 4945 καταστῶμεν
1119 4876 1255 4943 πρὸς
1289 4876 1351 4929 τὸ
1391 4876 1669 4946 πολεμεῖν,
1701 4878 1816 4931 ἀλλ’
1860 4880 2008 4942 ὃπως

436 4967 533 5020 καὶ
563 4965 928 5036 περιεσόμεθα
966 4967 1075 5021 τῶν
1116 4968 1474 5039 πολεμίων,ἢ
1513 4970 1681 5040 μηδὲν
1714 4972 1779 5024 ὲκ
1813 4969 2006 5025 τούτου

435 5058 691 5129 δυσχερὲς
725 5056 1128 5129 ὑπομενοῦμεν.
1181 5060 1321 5127 Ἐγὼ
1358 5060 1416 5113 δὲ
1460 5058 1590 5113 οὔτε
1633 5060 1871 5132 ἀτολμίᾳ
1913 5058 2007 5114 τοῦ

439 5150 574 5220 πρὸς
590 5152 715 5226 τοὺς
744 5150 1047 5222 βαρόἀρους
1069 5153 1214 5221 ὑμᾶς
1241 5153 1483 5223 πολέμου
1506 5153 1845 5225 ἀποσχέσθαι
1871 5171 2011 5224 συμ-

439 5243 699 5308 ϐουλεύω,
723 5241 845 5297 οὔτε
870 5245 1007 5314 πρὸς
1032 5244 1341 5315 ἀπέχθειαν
1357 5245 1537 5299 αὐτῶν
1558 5245 1775 5309 οὐδενὸς
1793 5245 2012 5300 ἀπολεί-

441 5351 614 5403 πομαι
644 5334 798 5405 ὑμῶν
817 5351 831 5367 ο
869 5334 985 5388 ἀλλ’
1011 5335 1176 5399 αὐτός
1199 5352 1259 5389 τε
1291 5337 1359 5391 ἂν
1385 5336 1650 5407 eaepse:
1673 5337 1843 5407 ἡδέως
1871 5335 2009 5408 ὁμοῦ

439 5442 524 5480 τοι
567 5425 886 5497 σύμπαντας
935 5426 1266 5497 βαρϐάρους,
1311 5429 1470 5499 ειπερ
1504 5425 1617 5483 οἷόν
1657 5446 1737 5495 τε,
1770 5430 1865 5484 καὶ
1911 5446 2011 5501 με·

442 5515 637 5586 γίστην
678 5513 951 5578 εὔκλειαν,
985 5515 1355 5581 καὶιεύδοξίαν
1385 5517 1476 5571 τὸν
1518 5518 1744 5572 ἐκείνων
1789 5517 2012 5591 ὀλεθρον

444 5605 628 5677 φέρειν
664 5604 731 5659 ἂν
756 5605 985 5676 ἐνόμισα
1015 5605 1171 5676 ἐμοί·
1201 5610 1295 5661 καὶ⁹
1324 5607 1456 5679 παρ’
1482 5608 1674 5680 ἑτέρου
1703 5610 2014 5681 πάσχοντας

443 5696 595 5760 τινὸς
624 5697 693 5751 τά
721 5697 814 5751 ῖσα
837 5693 999 5752 εἶδον.
1033 5698 1108 5751 Οὐ
1145 5698 1251 5768 μὴν
1282 5699 1399 5754 ἀλλ’
1450 5702 1501 5755 εί
1539 5701 1639 5772 μὶν
1666 5703 1821 5755 οὐδὲν
1848 5701 2010 5772 ἐξῆν,

446 5787 553 5841 ἔδει
582 5787 640 5843 δὲ
671 5787 771 5857 ἐμὲ
806 5789 935 5861 παρ’
966 5789 1189 5845 ὁτουοῦν
1220 5792 1629 5862 ἀποσφαγέντα,
1662 5792 1811 5864 αὐτῷ
1839 5791 2014 5862 τούτῳ

449 5878 527 5949 τῷ
577 5880 870 5936 ἀποθανεῖν
918 5879 1137 5946 ἐξώλεις
1190 5883 1445 5951 γενέσθαι
1492 5886 1618 5948 τοὺς
1667 5884 2011 5955 βαρϐάρους,

2107 4697 2255 4770 quod
2287 4712 2385 4753 nec
2423 4697 2577 4768 prius
2598 4710 2915 4767 Oppugnare
2947 4709 3044 4749 eos
3071 4692 3470 4762 concupierim,
3498 4699 3552 4745 et
3588 4705 3683 4743 vos

2107 4804 2253 4844 nunc
2304 4788 2373 4848 ad
2416 4788 2473 4842 id
2499 4796 2607 4842 tam
2644 4797 2862 4842 erectos
2900 4783 3279 4841 absterream?
3317 4781 3499 4850 Quid?
3533 4780 3680 4851 quod

2106 4886 2407 4950 praesentes
2455 4876 2602 4932 vires
2639 4884 2860 4934 nostras
2904 4875 3244 4946 expendens,
3278 4888 3381 4929 nec
3420 4872 3685 4926 hactenus

2106 4967 2299 5030 fuisse,
2342 4981 2444 5023 nec
2476 4965 2639 5022 modo
2662 4980 2785 5021 esse
2818 4980 2977 5035 pares
3005 4964 3118 5021 illis
3141 4963 3383 5020 invenio.
3430 4962 3576 5032 Ergo
3606 4970 3685 5023 tu,

2106 5067 2366 5115 occurret
2393 5057 2692 5128 quispiam,
2726 5072 2839 5128 prae
2886 5057 3099 5127 pudore
3148 5056 3402 5111 obvelata
3439 5055 3601 5115 facie.
3633 5064 3689 5109 et

2109 5151 2285 5207 salute
2342 5165 2573 5221 prorsus
2625 5151 2940 5219 desperata,
2972 5148 3194 5205 silentio
3233 5147 3394 5209 nobis
3436 5147 3690 5202 ferendas

2110 5245 2316 5316 plagas,
2346 5252 2400 5298 et
2426 5244 2481 5298 in
2513 5243 2793 5306 omnibus,
2834 5253 3091 5313 tanquam
3145 5241 3294 5297 heris
3324 5238 3692 5311 praecipienti-

2111 5336 2254 5399 bus,
2308 5334 2678 5391 ohediendum
2735 5334 2989 5389 Barbarie
3057 5333 3405 5390 exsistiutas?
3467 5331 3688 5385 Minime

2111 5429 2356 5499 gentium
2395 5445 2409 5481 :
2451 5425 2548 5482 sed
2580 5426 3012 5495 belligerandum
3047 5425 3252 5496 potius,
3276 5434 3331 5480 et
3381 5424 3434 5478 in
3465 5423 3570 5477 hoc
3607 5422 3690 5473 in-

2113 5519 2505 5584 cnnmendum,
2559 5518 2606 5574 si
2662 5516 2718 5572 in
2759 5517 3057 5589 quidquam
3106 5517 3277 5571 aliud.
3328 5515 3447 5571 Non
3505 5525 3684 5570 tamen

2113 5610 2248 5663 adeo
2277 5609 2531 5679 imperite
2558 5618 2613 5664 et
2638 5607 2998 5674 conﬁdenter,
3030 5620 3089 5663 ut
3118 5607 3186 5663 ad
3224 5606 3360 5661 nihil
3384 5605 3532 5660 aliud
3564 5620 3690 5673 pro-

2116 5701 2299 5758 lutura
2341 5702 2413 5757 sit
2440 5702 2688 5767 audacia,
2737 5701 2841 5756 nisi
2884 5709 2944 5754 ut
2993 5710 3193 5771 praeter
3235 5714 3322 5764 ea,
3369 5715 3493 5767 quae
3532 5696 3693 5752 nobis

2117 5801 2324 5862 erepta,
2376 5792 2620 5847 nondum
2666 5790 3132 5859 recuperavimus,
3187 5789 3349 5841 etiam
3409 5788 3520 5852 illa,
3574 5802 3695 5856 quae

2121 5894 2346 5950 restant,
2383 5886 2718 5938 amittamus.
2754 5883 2885 5949 Qua:
2917 5891 3008 5936 est.
3033 5881 3195 5951 igitur
3228 5895 3346 5934 mea
3392 5879 3699 5936 sententia?
