4056 6454
422 353 532 416 369

1533 342 2078 404 IIISTORIARUM
2105 341 2331 401 LIBER
2374 339 2469 400 IV.

3557 331 3665 399 310

421 463 571 520 δόναι
599 460 667 514 τά
695 459 1022 531 ἡρπασμένα
1055 457 1422 527 δεδιττόμενοι
1453 460 1565 520 τοῖς
1599 457 1916 527 βαρϐάροις,
1949 454 1985 524 ἦ

2116 470 2352 510 .ensuros
2389 451 2578 522 utique
2604 449 2708 505 sibi
2741 464 2852 504 rem
2883 464 3009 505 cum
3061 451 3192 504 viris
3222 465 3364 514 esse,
3401 465 3506 504 non
3537 466 3668 506 cum

426 555 517 607 καὶ
543 554 946 622 ἀναγκάσομεν,
968 552 1031 604 ἂν
1051 551 1394 622 βουλώμεθα,
1414 549 1662 617 ἐπάγειν.
1688 551 1755 601 Ἃ
1778 549 1876 616 μὲν
1898 541 1990 599 οῦν

2116 545 2330 600 eminis.
2388 544 2689 613 Palioologo
2742 543 2872 611 quid
2922 541 3089 595 animi
3145 541 3392 601 haberet,
3441 557 3668 609 prorsus

425 644 722 697 λυσιτελεῖν
744 643 873 714 ύμῖν
894 642 1004 711 ἐγὼ
1020 643 1281 712 νενόμικα
1303 644 1358 694 ἐν
1379 642 1452 711 τῷ
1477 641 1728 710 παρόντι,
1748 637 1988 692 τοσαῦτά

429 738 597 790 ἐστιν.
647 737 710 787 Εἰ
758 735 802 786 δ’
846 735 972 804 ύμῖν
1015 735 1426 809 βουλευομένοις
1465 731 1727 785 τάναντία
1765 731 1986 795 δόξειεν,

429 829 606 878 εἰπεῖν
640 827 740 896 μὲν
772 827 846 886 ὡς
881 825 1179 895 ἀσύμφορα
1213 823 1506 896 αἱρήσεσθε
1539 824 1640 877 οὐκ
1669 823 1986 889 ἀποκνήσω·

429 917 656 986 εὖχομαι
685 917 740 968 δὲ
777 917 1008 986 ὲμὲτῶν
1033 916 1312 986 λογισμῶν
1340 915 1730 987 διαμαρτάνειν
1763 915 1988 984 μᾶλλον,

429 1011 462 1077 ἢ
497 1011 639 1077 ὑμᾶς
671 1009 968 1078 ψευσθῆναι
1018 1009 1126 1062 τῶν
1171 1009 1423 1062 ἐλπίδων.
1467 1005 1706 1061 Τοιαῦτα
1753 1007 1851 1076 μὲν
1906 1006 1991 1059 ἐπ’

428 1095 721 1164 ἐκκλησίας
755 1095 1007 1166 βασιλεὺς
1035 1098 1064 1150 ό
1091 1093 1546 1161 Καντακουζηνὸς
1572 1094 1700 1163 περὶ
1730 1093 1822 1146 τοῦ
1855 1095 1992 1161 πρὸς

429 1190 554 1243 τοὺς
617 1187 926 1257 βαρϐάρους
988 1188 1226 1256 πολέμου
1285 1185 1578 1255 διειλέχθη,
1649 1183 1993 1254 αίνιξάμενός

432 1295 547 1338 πως
603 1278 883 1348 ἀμυδρῶς,
927 1280 1001 1342 ὡς
1031 1278 1368 1348 αύτὸςμετά
1410 1278 1604 1347 μικρὸν
1646 1277 1993 1347 ἀναχωρήσει

429 1369 538 1418 τῶν
566 1370 926 1438 πραγμάτων.
957 1370 1022 1424 Ol
1051 1369 1107 1423 δὲ
1137 1367 1722 1438 συνεκκλησιάζοντες,
1750 1371 1865 1421 ὅσοι
1895 1367 1996 1437 μὲν

433 1459 665 1527 μάλιστα
688 1462 747 1511 ἐν
784 1461 926 1530 λόγῳ
950 1457 1115 1531 ἦσαν,
1138 1460 1290 1514 οὐδὲν
1320 1461 1574 1515 ἀντεῖπον
1597 1475 1611 1489 '
1639 1460 1688 1512 οἱ
1717 1458 1772 1512 δὲ
1797 1457 1995 1511 νεώτε-

433 1565 535 1616 ροι,
566 1550 658 1601 καὶ
697 1551 1106 1620 ἀφρονέστεροι,
1143 1549 1315 1602 πολλά
1341 1551 1467 1612 τοὺς
1493 1550 1624 1618 περὶ
1647 1548 1746 1616 τῆς
1772 1547 1997 1616 εἰρήνης

431 1637 619 1704 λόγους
672 1641 1170 1712 καταμεμψάμενοι
1211 1640 1501 1710 βασιλέως,
1552 1637 1894 1709 αίνιξάμενοί
1936 1653 1997 1690 τε

2097 646 2332 701 tacente,
2389 645 2446 690 ct
2504 628 2776 704 qumrente
2831 649 3019 687 secum
3085 635 3225 687 utris
3282 632 3664 697 assentiretur,

2092 727 2513 784 Cantacuzenus
2547 741 2795 796 surgens,
2841 733 3172 780 conventum
3229 723 3473 787 dimisit;
3517 723 3671 777 vidc-

2096 819 2187 872 bat
2223 819 2390 882 enim,
2432 817 2555 871 illos
2589 817 2642 870 in
2699 816 2974 869 diversum
3024 814 3265 875 ﬂectere,
3294 811 3386 880 qui
3422 826 3532 865 non
3576 811 3669 880 ju-

2095 910 2261 972 dicio,
2301 907 2395 963 sed
2456 907 2785 971 temeritate,
2842 916 2897 961 et
2955 905 3282 960 conﬁdentia
3324 911 3668 972 regerentur,

2096 1001 2340 1054 futurum
2389 996 2610 1052 difﬁcile
2641 1015 2656 1052 :
2687 1005 2743 1052 et
2793 1011 2889 1051 eos
2920 995 3058 1049 velle
3089 1009 3305 1064 cogere,
3363 993 3670 1047 existimari

2097 1089 2338 1153 nolebat,
2390 1095 2614 1156 paratus
2667 1086 2777 1156 jam
2831 1084 2912 1140 cis
2953 1097 3157 1154 paucos
3206 1083 3324 1137 dies
3365 1080 3670 1149 Palmologo

2099 1187 2215 1233 toto
2257 1176 2490 1246 imperio
2546 1173 2764 1229 cedere.
2819 1172 3047 1227 Licebat
3083 1172 3231 1226 enim
3276 1170 3376 1233 illi,
3415 1169 3459 1224 si
3517 1169 3672 1223 colli-

2098 1266 2307 1321 buisset
2361 1264 2513 1336 pacis
2572 1263 2900 1318 sententiam
2956 1270 3130 1316 ratam
3184 1261 3385 1323 facere,
3445 1268 3500 1314 et
3550 1258 3671 1311 illos

2097 1359 2225 1414 belli
2266 1357 2602 1428 ﬂagitatores
2629 1365 2690 1411 ut
2727 1355 3042 1426 reipublica:
3065 1368 3287 1424 prorsus
3331 1352 3671 1406 infructuosa

2097 1466 2198 1506 con
2208 1450 2450 1506 sulentcs
2471 1455 2844 1505 contemnere.
2865 1445 3034 1518 874
3059 1445 3266 1499 Bellum
3292 1444 3458 1513 igitur
3480 1451 3674 1498 contra

2098 1543 2366 1599 Barbaros
2415 1558 2526 1597 non
2564 1557 2687 1596 cum
2718 1540 2952 1595 utilitate
3005 1538 3376 1592 Romanorum
3433 1533 3668 1596 linitum,

2099 1635 2194 1692 sed
2224 1650 2255 1689 a
2283 1634 2563 1692 seditiosis
2587 1633 2708 1690 istis
2739 1631 2903 1703 paulo
2931 1639 3053 1701 post
3103 1642 3393 1684 accensum
3426 1634 3528 1680 est.

430 1731 506 1794 ὡς
552 1735 646 1787 καὶ
699 1735 963 1804 πρότερον
1010 1736 1307 1805 δυνάμενος
1361 1735 1572 1806 μεγάλα
1631 1735 1892 1805 βλάπτειν
1943 1733 1991 1787 εί
2029 1731 2293 1802 πολεμεῖν
2364 1731 2552 1803 ᾑρεῖτο
2625 1730 2740 1791 τοῖς
2791 1727 3111 1796 βαρϐάροις,
3159 1723 3304 1779 ἑκὼν
3349 1723 3543 1792 ήμέλει
3578 1719 3674 1771 τοῦ

433 1829 583 1897 κοινῇ
650 1827 1059 1893 λυσιτελοῦντος
1105 1829 1192 1882 διὰ
1237 1829 1333 1900 τὴν
1395 1829 1633 1901 Ὀρχάνῃ
1711 1825 2069 1882 συνοικοῦσαν
2108 1824 2404 1900 θυγατέραι
2458 1823 2551 1878 καὶ
2583 1821 2678 1876 νῦν
2707 1820 2850 1875 ἑκὼν
2891 1813 3032 1872 εἷναι
3087 1817 3348 1870 τάναντία
3393 1807 3468 1867 ῶν
3501 1813 3674 1901 οίεται

433 1920 728 1972 λυσιτελεῖν
776 1919 877 1988 τῆς
925 1921 1094 1992 αὐτῆς
1148 1920 1314 1976 ἕνεκα
1369 1919 1549 1985 αἰτίας
1607 1900 2001 1989 συμϐουλεύει.
2041 1916 2275 1970 Ἔπειτα
2342 1915 2433 1968 τὸν
2498 1913 2735 1981 πόλεμον
2769 1910 2924 1964 αὐτοὶ⁸
2963 1907 3237 1979 αἱρεῖσθαι
3271 1905 3472 1977 μᾶλλον
3499 1900 3676 1968 εἷπον,

433 2017 527 2066 καὶ
549 2017 757 2070 δεῖσθαι
789 2000 1010 2070 καὶτῶν
1030 2018 1207 2071 ἄλλων
1231 2015 1663 2088 ἐπιψηφίζεσθαι
1727 2016 1796 2069 τά
1853 2015 1966 2070 ῐσα.
1994 2009 2070 2066 Οὐ
2111 2013 2224 2083 γάρ
2282 2008 2642 2080 φαυλοτέροις
2699 2003 2854 2076 σφῶν
2901 2004 2948 2058 οί
3014 2002 3277 2074 βάρϐαροι
3338 1997 3678 2065 ἔντεύξονται

433 2112 615 2174 αὐτοῖς
647 2113 880 2166 ἐπὶτῶν
909 2114 1138 2181 ἔργων’
1176 2113 1290 2167 ἀλλ’
1322 2113 1558 2168 είσονται
1607 2113 1792 2182 σαφῶς
1830 2111 1906 2175 ῶς
1933 2110 1996 2164 οὐ
2035 2107 2254 2175 γυναιξὶ
2320 2105 2642 2177 μαχοῦνται,
2692 2101 2806 2161 ἀλλ’
2851 2100 3098 2170 ἀνδράσι.
3147 2095 3424 2158 Βασιλέως
3491 2093 3547 2146 δὲ
3582 2093 3676 2145 τοῦ

434 2204 552 2256 νέου
585 2205 852 2274 ὁποτέραν
884 2206 994 2276 ἔχει
1019 2206 1120 2276 τὴν
1144 2206 1370 2275 γνώμην
1402 2209 1528 2274 περὶ
1566 2205 1674 2258 τῶν
1734 2203 2080 2275 πραγμάτων
2119 2201 2271 2254 οὐδὲν
2292 2199 2426 2262 ὅλως
2449 2195 2846 2266 φθεγξαμένου,
2871 2191 2986 2249 ἀλλ’
3015 2190 3358 2259 ἐξετάζοντας
3383 2187 3465 2258 ἐφ’
3487 2184 3680 2240 ἑαυτὸν

436 2297 714 2368 ὁποτέροις
765 2298 1080 2364 πρόσθοιτο,
1139 2301 1593 2370 Καντακουζηνὺς
1631 2305 1658 2356 ὁ
1703 2303 1958 2373 βασιλεὺς
1991 2303 2169 2357 διέλυε
2233 2302 2327 2356 τὸν
2394 2297 2653 2364 σύλλογον
2682 2293 2945 2355 ἀναστὰς,
2979 2291 3042 2343 τὸ
3087 2290 3186 2360 μὲν
3242 2287 3591 2358 μεταπείθειν
3618 2287 3678 2339 ού

439 2387 619 2455 ῥᾴδιον
681 2389 880 2451 αὐτοὺς
915 2389 1080 2459 ὁρῶν,
1152 2391 1380 2461 ἀκρισίᾳ
1423 2393 1592 2464 πολλῇ
1639 2396 1732 2448 καὶ
1785 2396 2080 2466 παραϐόλῳ
2119 2394 2310 2464 θράσει
2347 2389 2717 2462 φερομένους·
2751 2387 2813 2439 τὸ
2845 2384 2904 2438 δὲ
2938 2382 3220 2454 βιάζεσθαι
3266 2381 3444 2434 δοκεῖν
3477 2380 3680 2433 ἐθέλειν

440 2478 890 2547 παραιτούμενος,
928 2483 1444 2553 παρεσκευασμένος
1477 2486 1579 2555 ήδη
1622 2488 1761 2556 μετὰ
1798 2487 1997 2558 μικρὸν
2039 2487 2355 2541 παντάπασι
2403 2477 2510 2553 τῆς
2549 2480 2724 2550 ἀρχῆς
2766 2476 3083 2542 ἐξίστασθαι
3148 2473 3226 2544 τῷ
3277 2474 3380 2544 νέῳ
3449 2471 3678 2541 βασιλεῖ.

449 2569 607 2636 Ἐξῆν
653 2569 762 2636 γὰρ
800 2569 972 2638 αὐτῷ,
1007 2571 1062 2624 εί
1096 2588 1158 2640 γε
1206 2575 1446 2642 μάλιστα
1520 2575 1799 2646 ἠϐούλετο.
1870 2577 2073 2647 κυροῦν
2110 2577 2209 2646 τὴν
2239 2576 2366 2645 περὶ
2399 2575 2500 2644 τῆς
2528 2572 2750 2644 εἰρήνης
2782 2569 2984 2641 ψῆφον.
3015 2567 3174 2635 ὀλίγα
3197 2565 3542 2636 φροντίσαντι
3571 2564 3685 2618 τῶν

440 2665 524 2714 ἐπὶ
555 2662 646 2714 τὸν
675 2661 910 2731 πόλεμον
942 2665 1406 2744 παρακαλούντων
1469 2669 1546 2734 ὡς
1611 2671 1904 2744 ἀλυσιτελῆ
1975 2671 2294 2724 παντάπασι
2329 2669 2420 2740 ’τῷ
2467 2665 2632 2736 κοινῷ
2681 2663 3110 2738 βουλευομένων.
3150 2662 3214 2716 Ὀ
3263 2659 3363 2731 μὲν
3407 2657 3499 2713 οῦν
3545 2656 3683 2726 πρὸς

442 2753 560 2814 τοὺς
594 2753 899 2824 βαρὸάρους
964 2755 1200 2828 πόλεμος
1265 2759 1366 2814 οὐκ
1431 2761 1519 2814 ἐπ’
1558 2760 1749 2832 ἁγαθῷ
1787 2761 2080 2833 Ῥωμαίοις
2118 2761 2494 2831 ἐτελεύτησεν,
2533 2759 2640 2813 ὑπὸ
2669 2757 2776 2812 τῶν
2820 2756 2943 2810 τότε
2997 2752 3378 2823 θορυϐούντων
3425 2750 3683 2818 ὲξαφθεὶς

447 2850 584 2918 μετά
617 2855 836 2926 μικρόν.

1853 2975 2078 3033 CAPUT
2117 2975 2255 3031 XLI.

443 3061 837 3139 Cantacuzenus
877 3067 1060 3139 suadet
1091 3068 1499 3139 custodibuswut
1522 3068 2100 3139 prapugnaculumseu
2124 3067 2398 3139 arcentiad
2430 3074 2638 3137 portam
2667 3069 2900 3139 Aurea_m
2927 3064 3270 3139 dedantullli
3295 3080 3347 3117 se
3377 3059 3684 3139 Palleolo'go

513 3133 702 3185 dedere
735 3133 940 3189 nolunt.
981 3136 1120 3189 Laus
1145 3137 1368 3191 Joannis
1407 3133 1642 3193 Peraltce
1695 3138 1846 3193 Itali.
1903 3138 2134 3192 Militum
2186 3133 2501 3192 Italicorum
2554 3138 2792 3204 atrapha.
2819 3133 2927 3190 Eos
2985 3151 3041 3188 se
3079 3133 3306 3204 infames
3356 3134 3684 3187 redditurum

515 3204 653 3276 apud
683 3219 1064 3276 eorumregem
1096 3205 1492 3276 Cantacuzenus
1546 3211 1800 3264 minatur.
1860 3208 2348 3276 Veniamiaudaria?
2381 3215 2621 3276 poscunt.
2671 3202 2894 3259 Deditur
2932 3219 3033 3258 ara:
3069 3202 3522 3276 Palmologoaqui
3566 3219 3684 3276 eam

511 3271 672 3348 paulo
704 3281 819 3348 post
850 3271 1056 3348 deserit.
1088 3274 1305 3328 Insidiw
1339 3278 1391 3329 in
1421 3277 1868 3348 Cantacuzenum.
1902 3275 2236 3346 Palazologus
2268 3278 2321 3330 in
2353 3271 2616 3348 palatium
2645 3277 2922 3340 invitatur,
2960 3289 3197 3328 socerum
3220 3271 3454 3328 convivio
3477 3273 3684 3340 accipit.

517 3339 664 3394 Plebs
691 3341 818 3410 foris
854 3343 1175 3398 tumultuata
1213 3357 1429 3416 prapter
1460 3347 1887 3402 Cantacuzenum
1919 3339 2304 3417 comprirnitur.

517 3452 772 3513 Βασιλεὺ;
807 3453 864 3506 δὲ
890 3455 917 3506 ὅ
950 3455 1425 3527 Καντακουξηνὸς,
1463 3459 1544 3520 εἰς
1573 3457 1764 3529 τρίτην
1793 3455 2010 3528 ἡμέραν

2189 3455 2496 3526 Imperator
2544 3453 2964 3512 Cantacuzenus
3013 3455 3180 3512 tertio
3245 3463 3372 3525 post
3425 3455 3516 3511 die
3582 3471 3689 3509 una

447 3541 507 3604 ἐξ
535 3543 736 3596 ἐκείνου
755 3543 874 3614 ’ἅμα
896 3544 1202 3616 βασιλεῖτῷ
1230 3547 1333 3618 νέῳ
1354 3549 1446 3600 ἐπὶ
1467 3549 1526 3601 τὸ
1558 3550 1637 3612 είς
1665 3549 1763 3620 τὴν
1786 3549 2010 3618 Χρυσῆν

449 3635 622 3703 πύλην
651 3635 736 3708 ᾔει
775 3638 1055 3708 φρούριον,
1087 3639 1161 3700 ὡς
1201 3641 1542 3711 παραδώσων
1585 3642 1723 3696 κατά
1757 3642 1855 3704 τὰς
1887 3659 2016 3694 συν-

450 3729 638 3798 θήκας.
706 3730 1020 3799 Γενομένοις
1085 3729 1140 3782 δὲ
1195 3733 1331 3802 πρὸς
1389 3732 1468 3801 τῷ
1527 3733 1626 3802 τῆς
1670 3732 2015 3801 Θεομήτορος

448 3820 682 3886 τεμένει,
706 3820 733 3872 ὅ
752 3823 896 3890 πηγή
929 3823 988 3874 τέ
1020 3823 1133 3875 ἐστι
1155 3825 1424 3876 παντοίων
1453 3823 1697 3894 ίαμάτων
1725 3825 1818 3878 καὶ
1832 3803 2014 3876 καλεῖ-

450 3925 560 3970 ται,
597 3909 848 3978 βασιλεὺς
887 3909 989 3979 μὲν
1019 3910 1046 3962 ὁ
1074 3911 1193 3973 νέος
1237 3911 1596 3964 κατελείπετο
1637 3913 1773 3976 ἐκεῖ,
1811 3910 2018 3964 Καντα-

453 4002 709 4069 κουζηνὸς
741 4002 794 4054 δὲ
821 4004 846 4054 ὁ
883 4000 1134 4070 βασιλεὺς
1163 4001 1379 4068 ὀλίγους
1415 4001 1576 4070 ἔχων,
1601 4001 1817 4069 ἐγένετο
1849 4001 1906 4052 ὲν
1938 3998 2017 4068 τῷ

453 4096 694 4167 φρουρίῳ
749 4095 824 4158 ὡς
888 4094 1092 4146 πείσων
1142 4094 1268 4156 τοὺς
1333 4092 1606 4163 φρουροὺς
1665 4092 2016 4162 παραδιδόναι

453 4190 671 4256 ἀμαχεὶ,
705 4187 796 4240 καὶ
833 4187 1162 4255 είσεδέχοντο
1187 4185 1438 4254 ἁσμένως
1478 4186 1524 4236 οἱ
1570 4185 1788 4238 Λατῖνοι
1831 4187 2014 4254 μόνον.

455 4281 703 4348 Οἰόμενοι
739 4279 796 4331 δὲ
821 4279 986 4334 αὐτὸν
1015 4278 1278 4347 πρότερόν
1301 4294 1357 4329 τε
1389 4275 1666 4339 ἀδυνάτως
1695 4277 1841 4346 ἔχειν
1863 4276 2020 4346 ἥκειν

455 4370 582 4441 παρ’
622 4371 838 4433 αὐτοὺς,
879 4368 974 4422 καὶ
1016 4368 1136 4420 τότε
1184 4367 1380 4437 καιροῦ
1412 4366 1665 4437 τυχόντα,
1713 4366 1806 4418 καὶ
1839 4381 2020 4435 παρα-

455 4462 740 4530 γενόμενον
767 4457 1124 4527 συγκαθέξειν
1143 4459 1324 4520 αὐτοῖς
1348 4457 1408 4509 τὸ
1429 4457 1692 4527 φρούριον
1721 4456 2021 4527 προθύμως

456 4553 612 4620 ᾇχρις
658 4551 723 4603 ἂν
764 4549 1029 4619 ἀφίκηται
1082 4549 1112 4617 ή
1163 4549 1410 4618 στρατιὰ,
1452 4549 1652 4620 ᾔδεσαν
1699 4550 1805 4622 γάρ
1837 4551 1929 4603 τόν
1962 4567 2021 4603 τε

457 4645 570 4695 υἱὸν
625 4644 1118 4712 μετακεκλημένον,
1169 4639 1266 4692 καὶ
1323 4643 1449 4704 τοὺς
1499 4641 1692 4704 ἄλλους
1721 4641 2019 4713 ἡγεμόνας,

459 4737 744 4807 συνήδοντό
768 4755 850 4802 τε,
881 4739 974 4790 καὶ
1008 4736 1438 4807 παρεκελεύοντο
1471 4734 1712 4803 θαρρεῖν,
1741 4733 1814 4797 ὡς
1842 4731 2022 4787 αὐτῶν

2115 3561 2240 3601 cum
2293 3546 2598 3619 Palaeologo
2634 3545 2702 3600 ad
2742 3555 2956 3616 portam
3016 3544 3255 3600 Auream
3283 3545 3582 3608 concessit,
3631 3553 3694 3599 ut

2118 3639 2403 3693 castellum
2442 3638 2601 3704 illud,
2633 3653 2728 3694 seu
2759 3637 3242 3710 propugnaculum
3288 3652 3356 3692 ex
3404 3637 3693 3691 conventis

2117 3729 2168 3782 el
2205 3729 2468 3784 traderet.
2493 3727 2598 3784 Ubi
2629 3730 2695 3784 ad
2729 3714 2978 3799 Deipara:
3014 3727 3281 3798 templum
3314 3737 3606 3793 venerunt,
3631 3742 3691 3782 re

2117 3823 2413 3877 ctnomine
2437 3821 2642 3876 fontem
2675 3823 2860 3877 omnis
2899 3821 3172 3890 sanitatis,
3210 3821 3546 3890 Palaaologns
3581 3821 3694 3875 illic

2118 3913 2384 3977 substitit,
2427 3913 2845 3970 Cantacuzenus
2893 3927 3018 3968 cum
3072 3913 3344 3984 paucisin
3387 3928 3696 3984 pr0pugna-

2120 4004 2306 4058 culum
2366 4005 2633 4072 perrexit,
2689 4019 3017 4076 persuasum
3079 4005 3458 4075 praesidiariis,
3519 4014 3579 4059 ut
3639 4007 3691 4060 id
3789 4035 3794 4040 -

2120 4093 2256 4148 citra
2287 4109 2525 4164 pugnam
2557 4096 2862 4158 traderent,
2891 4110 3054 4165 quem
3083 4094 3265 4150 Latini
3297 4097 3477 4152 solum
3506 4097 3693 4150 hilari-

2123 4193 2206 4240 ter
2239 4193 2588 4256 acceperunt.
2619 4185 2768 4253 Quia
2795 4201 2926 4240 vero
2979 4187 3382 4252 existimabant,
3419 4189 3573 4258 prius
3630 4205 3698 4244 eo

2121 4273 2388 4330 accedere
2445 4275 2784 4344 nequivisse,
2821 4284 2951 4330 tunc
2992 4285 3179 4331 autem
3215 4286 3372 4347 capta
3408 4280 3698 4334 occasione

2122 4364 2249 4421 ideo
2299 4365 2624 4430 advenisse,
2682 4375 2742 4421 ut
2792 4383 2917 4422 cum
2967 4368 3101 4438 ipsis
3151 4369 3515 4426 munitionem
3574 4387 3697 4427 eam

2124 4468 2360 4525 teneret,
2394 4468 2754 4531 tuercturque
2799 4460 3038 4530 fortiter,
3074 4463 3250 4518 donec
3283 4464 3426 4519 [ilius
3456 4465 3696 4531 adesset,

2124 4565 2316 4621 quem,
2376 4561 2437 4604 ut
2498 4559 2554 4606 et
2611 4552 2751 4608 alios
2792 4551 2983 4619 duces,
3035 4555 3363 4610 advocatum
3428 4558 3698 4620 sciebant,

2123 4642 2459 4698 collaetantes
2495 4638 2864 4699 hortabantur
2902 4645 2979 4700 uti
3006 4646 3308 4702 conﬁderet
3352 4663 3409 4703 se
3451 4663 3552 4718 pro
3583 4651 3703 4720 ipso

2124 4741 2182 4787 ct
2213 4730 2346 4802 ipsis
2382 4728 2702 4789 constanter
2746 4734 3097 4803 dimicantes,
3143 4737 3496 4796 adversarios
3539 4753 3703 4810 quot-

375 4844 384 4851 ‘
458 4830 621 4885 αὐτοῦ
669 4846 728 4881 τε
776 4818 962 4891 ἕνεκα,
991 4827 1084 4881 καὶ
1113 4828 1263 4896 σφῶν
1303 4824 1482 4880 αὐτῶν
1511 4827 1843 4898 ἐρρωμένως
1886 4829 2012 4881 πᾶσι

2127 4837 2348 4892 cunque
2394 4823 2556 4879 facile
2608 4832 2995 4894 superaturos,
3023 4842 3134 4881 non
3176 4829 3352 4883 solum
3394 4830 3466 4884 ob
3492 4809 3706 4886 animo-

463 4923 819 4994 μαχουμένων
843 4924 958 4976 ὅσοι
977 4917 1042 4973 ἂν
1064 4921 1280 4984 ἐπίωσι,
1303 4921 1400 4974 καὶ
1428 4919 1839 4990 περιεσομένων
1868 4919 2023 4989 ῥᾷον,

458 5015 520 5066 οὐ
551 5015 710 5084 μόνον
735 5013 821 5066 διά
846 5011 945 5082 τὴν
987 5011 1260 5080 σφετέραν
1285 5008 1601 5081 εὐτολμίαν,
1635 5010 1728 5062 καὶ
1765 5008 1863 5077 τὴν
1895 5011 2028 5081 ὀχυ-

463 5103 662 5173 ρότητα
709 5101 804 5155 τοῦ
835 5102 1098 5172 φρουρίου
1131 5101 1339 5172 σφόδρα
1384 5099 1539 5164 ὅντος
1595 5099 1907 5153 δυσαλώτου
1939 5100 2028 5154 διὰ

460 5195 559 5263 τὴν
604 5195 948 5264 κατασκευήν
971 5209 986 5224 ο
1037 5190 1152 5245 ἀλλ’
1185 5193 1267 5245 ὅτι
1302 5191 1394 5245 καὶ
1439 5193 1583 5244 σῖτον
1613 5187 1754 5262 ἦσαν
1787 5190 2027 5244 ἐντεθει-

449 5269 636 5354 μένοι,
659 5287 751 5336 καὶ
779 5285 845 5336 τά
866 5283 1004 5336 ἀλλα
1028 5282 1310 5346 ἐπιτήδεια
1333 5281 1582 5350 ἀφθόνως
1605 5279 2028 5352 παρασχομένου

463 5374 752 5445 βασιλέως,
783 5373 858 5436 ὡς
906 5373 1229 5442 τρυφῶντας
1249 5374 1344 5426 καὶ⁸
1368 5372 1723 5442 κωμάζοντας
1743 5373 1820 5434 είς
1842 5371 2028 5441 τρίτον

462 5467 581 5528 ἔτος
643 5463 704 5528 ἐξ
752 5463 962 5516 ἐκείνου
1016 5463 1327 5532 διαρκέσειν
1359 5461 1875 5533 πολιορκουμένους.
1919 5458 2027 5512 Τοῦ

463 5557 724 5628 βασιλέως
764 5550 841 5607 ’δὲ
905 5555 1090 5616 αὐτοῖς
1150 5555 1402 5619 εἰπόντος
1451 5555 1644 5617 ὁποίας
1699 5555 1844 5607 θοῖτο
1891 5553 2033 5624 πρὸς

463 5646 692 5716 βασιλέα
721 5646 812 5699 τὸν
841 5646 1090 5715 γαμϐρὸν
1119 5647 1396 5717 συνθήκας
1443 5646 1537 5701 ἐπὶ
1564 5648 1628 5716 τῇ
1677 5636 1894 5716 εἰρήνῃ,
1937 5643 2034 5697 καὶ

460 5737 536 5800 ὡς
565 5737 648 5801 εἰς
685 5736 838 5790 τοῦτο
868 5738 1018 5808 ἥκει,
1048 5736 1176 5792 ὥστ’
1194 5739 1386 5808 ἐκείνῳ
1420 5736 1773 5808 τδφροῦριον
1803 5737 2036 5808 παραδιο

2128 4928 2250 4968 rum
2281 4929 2508 4969 suorum
2555 4915 2890 4981 ﬁrmitatem,
2941 4927 2998 4971 et
3050 4927 3385 4974 structuram
3434 4921 3708 4977 validissi-

2130 5021 2299 5072 mam,
2363 5013 2527 5076 atque
2580 5006 3066 5078 inexpugnabilem
3120 5027 3135 5064 :
3185 5009 3283 5066 sed
3342 5014 3491 5083 quod
3539 5015 3704 5068 etiam

2131 5111 2429 5165 annonam,
2457 5099 2674 5169 aliaque
2707 5099 2915 5155 cibaria
2963 5101 3378 5172 imposuissent,
3405 5102 3708 5159 liberaliter

2131 5188 2466 5258 imperatore
2523 5191 2935 5260 suppeditante,
2964 5201 3024 5246 ut
3069 5206 3135 5246 ex
3169 5207 3235 5248 eo
3275 5193 3362 5247 vel
3392 5192 3446 5248 in
3479 5197 3705 5249 tertium

2132 5293 2335 5332 annum
2397 5279 2464 5333 ad
2531 5279 2794 5335 delicatas
2888 5282 3319 5338 comessationes
3411 5284 3707 5340 suiﬁceret.

2133 5369 2438 5438 Imperator
2489 5387 2612 5426 cum
2649 5385 2918 5440 narraret,
2951 5377 3113 5444 quale
3161 5391 3285 5430 cum
3320 5392 3522 5448 genero
3559 5378 3710 5446 pacis

2135 5475 2267 5531 ergo
2328 5462 2508 5517 foedus
2560 5462 2821 5531 feriisset,
2883 5475 2938 5520 et
2986 5482 3044 5522 se
3101 5467 3224 5522 ideo
3274 5468 3514 5532 venisse,
3539 5476 3597 5521 ut
3627 5465 3708 5520 illi

2138 5555 2612 5624 propugnaculum
2660 5558 2942 5626 proprium
2988 5559 3254 5624 traderet,
3310 5559 3612 5614 molestiam
3647 5571 3710 5612 ac

2141 5645 2388 5700 dolorem
2439 5645 2820 5703 incredibilem
2863 5636 3249 5719 perceperunt,
3304 5649 3710 5716 adoranteSque

2143 5737 2548 5808 supplicarunt,
2579 5753 2646 5794 ne
2703 5739 2845 5794 istuc
2891 5750 3114 5809 ageret;
3167 5740 3273 5794 levi
3301 5741 3448 5830 enim
3491 5737 3714 5811 negotio
