4056 6518
335 393 432 458 2³11

1494 372 1813 474 JOANNIS
1852 414 2374 479 CANTACUZENI

3466 408 3571 476 312

326 509 608 576 juniorem
693 506 1083 577 imperatorem
1153 512 1279 566 inde
1360 514 1620 585 Byzantio
1710 520 1905 587 expelli

2010 522 2177 587 δίναι,
2227 526 2453 594 ἠνιῶντό
2492 542 2550 577 τε
2595 524 2688 577 καὶ
2734 522 3114 592 ἐδυσχέραινον
3161 517 3261 573 οὐκ
3303 519 3565 584 ἀνεκτῶς,

328 608 515 663 posse.
559 592 614 647 In
658 595 853 663 primis
886 605 1067 652 autem
1109 598 1349 656 Joannes
1399 602 1613 660 Peralta
1667 609 1905 676 prtesidii

332 685 623 753 praefectus
656 693 711 740 et
742 686 860 756 ipse
909 688 1102 743 orabat
1130 703 1184 745 et
1218 694 1356 748 alios
1390 695 1458 749 ad
1498 698 1768 752 orandum
1796 702 1908 755 sol-

330 772 603 834 licitabat,
632 782 692 828 ut
752 776 845 844 qui
901 777 1097 846 perdiu
1128 794 1254 835 cum
1286 781 1619 852 imperatore
1658 796 1906 842 versatus

331 865 525 918 multis
551 881 608 920 se
642 868 905 934 periculis
954 869 1074 939 ejus
1100 885 1264 924 causa
1292 873 1605 942 objecisset.
1638 875 1904 931 Militave-

330 962 419 1010 rat
451 954 598 1008 enim
636 955 738 1021 illi,
775 958 995 1025 quando
1028 959 1083 1013 in
1114 959 1368 1017 Triballis
1396 978 1495 1034 per
1546 964 1751 1022 bellum
1787 982 1908 1022 mo-

330 1046 579 1112 rabatur,
614 1056 666 1103 et
723 1048 918 1104 crebra
964 1066 1077 1106 suae
1108 1052 1164 1107 in
1192 1067 1320 1107 eum
1379 1056 1679 1112 voluntatis
1704 1057 1905 1113 indicia

332 1139 579 1207 dederat,
613 1141 752 1195 nihil
805 1153 935 1198 tunc
980 1142 1321 1208 immutatus,
1352 1147 1572 1215 quando
1608 1150 1773 1203 etiam
1812 1151 1907 1219 qui

329 1231 666 1288 videbantur
708 1234 1052 1301 amicissimi,
1094 1252 1217 1291 cum
1253 1238 1437 1299 rebus,
1470 1249 1527 1294 et
1570 1240 1906 1310 temporibus

332 1323 493 1378 fidem
526 1333 771 1380 mutasse
804 1326 1137 1395 deprehensi
1192 1340 1339 1384 sunt.
1370 1330 1535 1401 875
1571 1331 1906 1401 imperatore

329 1416 721 1485 respondente,
765 1431 955 1472 eorum
989 1418 1310 1488 petitionem
1339 1422 1547 1490 expleri
1571 1438 1679 1477 non
1702 1437 1863 1492 posse
1889 1439 1902 1475 :

329 1518 440 1561 non
501 1507 648 1562 enim
685 1522 844 1562 suum
901 1524 1043 1573 esse,
1098 1512 1268 1565 semel
1328 1512 1548 1566 decreta
1586 1521 1903 1579 retractare,

328 1584 676 1667 instanteque
735 1611 791 1654 ut
828 1600 1007 1654 locum
1048 1600 1353 1666 traderent,
1401 1612 1618 1672 tempus
1654 1602 1721 1657 ad
1768 1603 1906 1658 deli-

330 1693 635 1748 berandum
670 1694 1162 1764 petiverunt,quid
1197 1695 1545 1765 potissimum
1578 1697 1902 1765 inciperent,

328 1794 389 1838 ut
417 1784 523 1838 sibi
553 1800 717 1853 quam
773 1785 978 1854 optime
1036 1785 1382 1840 consuluisse
1420 1785 1761 1840 viderentur.
1786 1786 1906 1851 Quo

327 1889 614 1940 concesso,
644 1889 711 1929 eo
746 1876 798 1930 in
836 1876 979 1961 atrio
1004 1875 1199 1931 relicto
1232 1876 1334 1946 ipsi
1379 1877 1522 1931 intra
1553 1892 1741 1933 arcem
1771 1891 1907 1932 con-
1941 1849 1982 1907 Β

325 1975 605 2021 venerunt
644 1984 659 2021 :
705 1966 797 2022 ubi
845 1966 957 2020 dux
1023 1980 1216 2023 auctor
1260 1967 1386 2030 fuit,
1412 1969 1783 2041 juramentum
1839 1970 1908 2026 ab

327 2052 659 2123 imperatore
693 2064 1007 2124 poscerent,
1038 2052 1341 2127 Palaeologo
1376 2072 1497 2113 eam
1538 2073 1647 2113 non
1674 2059 1907 2124 traditu-

326 2151 554 2202 rum,ct
598 2149 661 2196 ut
716 2142 796 2197 vel
833 2157 959 2198 cum
996 2141 1132 2213 ipsis
1158 2153 1427 2211 maneret,
1457 2146 1544 2202 vel
1588 2146 1633 2203 si
1666 2147 1906 2205 obsideri

329 2233 523 2299 nollet,
555 2232 611 2287 in
649 2233 912 2303 palatium
952 2249 1258 2305 regressus,
1282 2233 1488 2292 faceret
1512 2237 1659 2307 quod
1685 2239 1905 2306 liberet,

329 2343 389 2384 se
417 2325 808 2399 Byzantiorum
855 2325 967 2381 vim
1011 2341 1113 2396 pro
1148 2340 1217 2382 eo
1263 2326 1425 2384 facile
1469 2330 1818 2387 toleraturos.
1850 2332 1907 2387 Si

327 2426 589 2472 neutrum
625 2414 907 2485 probaret,
955 2423 1010 2469 et
1039 2430 1223 2485 operte
1248 2417 1485 2486 pretium
1517 2419 1746 2476 duceret
1776 2436 1907 2489 pro-

328 2507 702 2578 pugnaculum
760 2505 985 2570 dedere,
1029 2505 1354 2563 dimissuros
1402 2507 1456 2563 id
1505 2524 1758 2582 quoque,
1800 2513 1906 2568 ﬁde

322 2598 490 2667 ‘prius
520 2610 647 2649 cum
679 2603 1026 2650 sacramento
1056 2604 1303 2665 accepta,
1329 2611 1441 2653 non
1455 2598 1711 2671 ignavia,
1731 2616 1907 2672 neque

331 2686 483 2758 quod
539 2684 862 2752 deficerent,
907 2684 963 2740 id
1021 2685 1243 2753 fecisse,
1286 2688 1382 2743 sed
1435 2699 1496 2744 ut
1544 2690 1595 2745 ei
1644 2692 1906 2761 primum,

331 2777 536 2834 deinde
571 2776 795 2833 sibimet
823 2792 986 2847 quam
1019 2778 1225 2848 optime
1262 2778 1665 2851 prospicerent.
1691 2782 1907 2837 fieban-

332 2879 427 2924 tur
458 2869 636 2934 enim,
663 2868 757 2924 ubi
797 2869 850 2924 id
891 2872 1219 2929 necessitate
1254 2889 1457 2945 genero
1506 2875 1905 2941 transdidisset,

333 2967 525 3029 postea
557 2957 664 3012 sibi
693 2959 922 3028 gratiam
966 2962 1193 3017 multam
1230 2964 1574 3030 habiturum,
1607 2966 1907 3036 multisque

335 3049 550 3107 meritis
607 3062 1115 3120 compensaturum,
1168 3056 1312 3125 quod
1364 3056 1745 3113 benevolentia
1779 3074 1907 3128 erga

2008 617 2099 668 καὶ
2132 616 2374 669 ἱκέτευον
2417 614 2846 685 προσκυνοῦντες
2883 617 2957 685 μὴ
2999 611 3226 667 τοιαῦτα
3268 612 3529 681 πράττειν
3553 626 3569 642 ο

2007 702 2082 764 ὡς
2119 704 2302 774 ῥᾴδιον
2336 703 2400 759 ὃν
2428 704 2637 757 ἐκεῖθεν
2682 701 2903 755 ἐπειδὰν
2955 701 3208 769 ἀφίκοιτο
3237 699 3271 768 ή
3317 696 3570 767 στρατιά,

2009 793 2235 863 βασιλέα
2262 796 2355 850 τὸν
2382 796 2527 861 νέον,
2562 794 2857 860 Βυζαντίου
2889 791 3218 859 ἐξελαύνειν.
3236 788 3486 843 Μάλιστα
3516 787 3572 839 δέ

2008 887 2283 951 Ντζιουὰν
2305 886 2557 955 Περάλτα
2580 888 2609 940 ό
2628 885 2835 939 τούτων
2857 881 3103 955 ἡγεμὼν,
3131 881 3294 944 αὐτός
3316 897 3378 933 τε
3405 880 3574 933 ἐδεῖτο

2011 976 2300 1048 βασιλέως,
2346 978 2599 1041 καὶτοὺς
2625 976 2818 1041 ἄλλους
2861 973 3102 1035 ἔπειθεν,
3145 967 3235 1025 οἷα
3277 971 3341 1039 δὴ
3384 969 3574 1041 χρόνον

2007 1069 2130 1123 τινὰ
2183 1070 2380 1139 συχνὸν
2436 1069 2538 1141 ἤδη
2605 1068 3001 1138 συγγενόμενος
3055 1062 3134 1133 τῷ
3190 1061 3423 1132 βασιλεῖ,
3481 1062 3576 1115 καὶ

2009 1161 2240 1225 πολλοὺς
2289 1161 2428 1230 ὑπὲρ
2475 1159 2641 1214 αὐτοῦ
2677 1157 2955 1222 κινδύνους
2989 1156 3246 1216 ὑποστάς.
3296 1148 3417 1207 Τῶν
3463 1152 3574 1221 γὰρ

2009 1254 2206 1324 ἐκείνῳ
2234 1252 2749 1324 συστρατευομένων
2775 1246 2845 1321 ἦν
2874 1249 3037 1320 ἡνίκα
3070 1247 3336 1318 διέτριϐεν
3363 1246 3421 1299 ἐν
3446 1244 3577 1312 Τρι-

2008 1346 2192 1409 δαλοίς
2224 1344 2367 1399 κατὰ
2400 1347 2492 1398 τὸν
2525 1342 2621 1398 τοῦ
2654 1342 2895 1411 πολέμου
2923 1341 3140 1410 χρόνον,
3176 1337 3270 1391 καὶ
3314 1335 3575 1394 πλείστας

2009 1437 2313 1503 ἀποδείξεις
2337 1435 2643 1507 παρέσχετο
2665 1435 2760 1496 τῆς
2782 1435 2860 1493 είς
2883 1430 3044 1485 αὐτὸν
3066 1429 3300 1491 εὐνοίας,
3319 1424 3576 1494 οὐδεμίαν

2008 1526 2136 1579 κατ’
2155 1530 2331 1579 ἐκεῖνο
2363 1525 2556 1596 χρόνου
2582 1522 2820 1581 ὑποστὰς
2852 1519 3179 1591 μεταϐολὴν,
3208 1517 3378 1587 ἡνίκα
3405 1516 3499 1568 καὶ
3522 1514 3574 1566 oi

2012 1619 2249 1691 μάλιστα
2292 1617 2575 1678 δοκοῦντες
2609 1611 2756 1669 εὖνοι
2788 1609 2929 1667 εἶναι
2973 1611 3330 1682 ἐξηλέγχοντο
3376 1608 3576 1677 μεθαρ-

2012 1709 2270 1780 μόζοντες
2323 1710 2548 1770 ἑαυτοὺς
2593 1708 2704 1769 τοῖς
2751 1705 3041 1776 πράγμασι
3076 1702 3310 1763 καὶτοῖς
3336 1697 3570 1765 καιροῖς.

2010 1802 2285 1863 Βασιλέως
2312 1801 2367 1854 δὲ
2392 1798 2631 1854 ἀδύνατα
2663 1795 3083 1867 ἰσχυριζομένου
3121 1791 3309 1859 ἀξιοῦν
3339 1788 3537 1850 αὐτοὺς
3557 1828 3570 1851 ,

2009 1893 2072 1947 οὐ
2099 1894 2207 1962 γὰρ
2237 1891 2403 1945 αὐτοῦ
2437 1886 2577 1944 εἶναι
2605 1889 2675 1942 τὰ
2706 1886 3056 1958 ἐψηφισμένα
3093 1883 3448 1954 ἀνατρέπειν,
3480 1881 3576 1933 καὶ

2011 1983 2325 2046 κελεύοντος
2365 1982 2428 2035 τὸ
2460 1980 2722 2051 φρούριον
2755 1977 3134 2046 παραδιδόναισ
3175 1973 3364 2042 καιρὸν
3411 1971 3575 2043 ᾔτουν

2013 2076 2151 2144 πρὸς
2175 2072 2458 2144 διάσκεψιν
2504 2071 2645 2125 ὥστε
2669 2068 3064 2144 βουλεύσασθαι
3091 2064 3177 2135 ἐφ’
3198 2065 3445 2127 ἑαυτοὺς,
3470 2063 3499 2116 ὃ
3521 2079 3577 2115 τι

2010 2139 2320 2236 πράξαντες
2364 2139 2435 2216 τὰ
2471 2139 2709 2232 μάλιστα
2751 2139 3139 2211 λυσῖτελοῦντα
3172 2156 3325 2223 σφίσι
3352 2151 3576 2218 δόξωσιν

2009 2252 2268 2324 ᾑρῆσθαι.
2307 2246 2769 2316 Ἐπιτετραφότος
2789 2246 2846 2299 δὲ
2871 2244 2965 2299 τοῦ
2990 2242 3276 2315 βασιλέως,
3307 2243 3365 2295 ἐν
3386 2240 3460 2311 τῷ
3479 2240 3575 2294 τοῦ

2012 2341 2277 2413 φρουρίου
2312 2338 2585 2409 περιϐόλῳ
2616 2334 3036 2397 καταλιπόντες,
3074 2331 3199 2387 ἐπεὶ
3233 2329 3381 2385 ἔνδον
3422 2329 3576 2383 αὐτοὶ

2007 2432 2104 2486 τοῦ
2140 2430 2353 2501 πύργου
2405 2424 2569 2499 ἦσαν,
2623 2424 3008 2481 συνεϐούλευεν
3057 2423 3244 2484 αὐτοῖς
3287 2424 3316 2475 ό
3353 2421 3577 2490 ἡγεμὼν

2007 2525 2204 2594 ὅρκους
2259 2520 2486 2591 βασιλέα
2538 2518 2790 2573 ἀπαιτεῖν
2843 2515 2917 2586 μὴ
2974 2514 3186 2585 βασιλεῖ
3226 2512 3306 2582 τῷ
3351 2515 3456 2582 νέῳ
3516 2511 3576 2562 τὸ

2010 2614 2274 2685 φρούριον
2306 2611 2661 2683 παραδιδὸναι
2686 2624 2701 2639 ⁸
2732 2608 2849 2663 ἀλλ’
2874 2608 2907 2677 ἢ
2931 2607 3164 2676 μένοντα
3194 2604 3448 2674 κατέχειν
3479 2602 3579 2655 σὺν

2011 2707 2217 2777 αὐτοῖς,
2251 2705 2284 2774 ἢ
2317 2706 2366 2757 εί
2397 2705 2472 2775 μὴ
2507 2702 2753 2774 βούλοιτο
2782 2702 2950 2763 αὐτὸς
2986 2696 3415 2767 πολιορκεῖσθαι,
3444 2696 3576 2748 ἀνα-

2010 2796 2210 2866 χωρεῖν
2259 2794 2315 2846 ἐν
2370 2790 2684 2860 βασιλείοις,
2715 2789 2809 2841 καὶ
2854 2786 3119 2858 πράττειν
3162 2785 3192 2838 δ
3219 2800 3275 2836 τι
3326 2784 3394 2838 ἂν
3422 2781 3577 2852 δοκῇ,

2010 2883 2211 2945 αὐτοὺς
2231 2882 2300 2936 δέ-
2317 2883 2412 2951 ἐᾷν
2442 2881 2535 2934 τὸν
2560 2880 2699 2953 πρὸς
2730 2879 3059 2944 Βυζαντίους
3092 2876 3330 2946 πόλεμον
3352 2874 3581 2930 διοίσον-

2009 2993 2109 3038 τας
2154 2975 2371 3047 ρᾳδίως.
2405 2973 2469 3027 El
2525 2973 2581 3026 δέ
2641 2973 3006 3044 μηδοπότερον
3047 2970 3222 3023 ἕλοιτο
3278 2968 3388 3023 τῶν
3429 2969 3582 3038 εἰρη-

2014 3069 2213 3138 μένων,
2245 3065 2383 3119 ἀλλὰ
2419 3061 2694 3133 προύργου
2746 3063 2947 3126 παντὸς
2995 3063 3185 3133 ἡγεῖτο
3216 3061 3276 3114 τὸ
3315 3060 3578 3131 φρούριον

336 3157 419 3206 se,
441 3142 696 3227 quamvis
730 3142 910 3205 inviti,
940 3155 998 3199 ut
1034 3148 1400 3216 apparuisset,
1431 3149 1535 3204 sibi
1567 3149 1905 3219 maximope-

2012 3158 2392 3229 παραδιδόναι,
2424 3154 2852 3224 ἀποπέμπεσθαι
2885 3154 2980 3206 καὶ
3009 3152 3195 3218 αὐτὸν,
3224 3152 3409 3222 ὅρκοις
3444 3151 3576 3220 πρό-

330 3248 397 3288 re
423 3222 783 3304 profuissent.
835 3233 973 3290 lluic
1005 3236 1238 3292 consilio
1282 3238 1541 3308 protinus
1581 3238 1673 3294 alii
1713 3240 1910 3295 suffra-

330 3326 439 3396 gati
476 3333 640 3390 sunt;
664 3334 861 3379 norant
891 3326 1039 3380 enim
1076 3326 1388 3381 ministrum
1413 3326 1760 3397 imperatoris
1789 3344 1909 3384 esse

332 3416 733 3480 ﬁdelissimum,
780 3416 1028 3485 nihilque
1081 3427 1274 3473 contra
1331 3428 1567 3475 mentem
1606 3412 1908 3491 ejus’com-

330 3509 651 3564 missurum.
703 3507 845 3562 Tum
921 3516 1110 3578 portas
1188 3500 1399 3565 castelli
1460 3511 1609 3566 intus
1664 3512 1910 3568 vectibus

334 3601 671 3662 munientes,
714 3615 743 3653 a
772 3599 1086 3669 pinnaculis
1122 3601 1254 3666 quid
1288 3602 1659 3668 convenisset,
1700 3604 1909 3673 signiﬁ-

334 3703 498 3749 cant:
535 3693 739 3765 quibus
774 3694 1074 3765 imperator
1113 3696 1354 3764 gravitcr
1394 3712 1538 3758 mox,
1569 3707 1625 3752 ut
1664 3696 1912 3751 deserto-

334 3788 488 3843 ribus
514 3802 867 3849 succensens,
896 3803 997 3857 pro
1022 3786 1218 3842 merito
1247 3796 1426 3842 tamen
1452 3804 1549 3843 eos
1572 3790 1766 3858 punire
1802 3805 1909 3844 non

335 3890 571 3952 poterat.
606 3879 745 3935 Cum
780 3893 942 3948 agere
976 3893 1077 3947 pro
1119 3892 1179 3933 re
1198 3877 1338 3932 nihil
1372 3889 1577 3949 posset,
1606 3890 1664 3935 et
1696 3896 1909 3937 summa

334 3972 550 4029 consilii
604 3971 789 4042 inopia
844 3969 1285 4034 conflictaretur,
1326 3970 1490 4041 jussit
1534 3987 1726 4028 omnes
1782 3989 1909 4029 cum

335 4067 475 4122 duce
537 4080 707 4121 unum
744 4064 799 4119 in
852 4065 1034 4120 locum
1083 4078 1142 4119 se
1177 4063 1447 4120 conferre.
1503 4068 1582 4121 Ac
1636 4067 1909 4137 principio

335 4158 560 4227 quidem
596 4157 785 4227 lingua
815 4156 1027 4221 Italica,
1054 4154 1109 4208 in
1138 4170 1245 4225 qua
1276 4163 1396 4210 erat
1435 4171 1545 4210 non
1593 4159 1732 4213 male
1751 4174 1909 4216 exer-

335 4249 561 4310 citatus.
585 4264 679 4304 eos
707 4254 1100 4318 percunctatus
1140 4254 1245 4309 est,
1282 4245 1480 4317 ecquid
1529 4246 1704 4319 ipsum
1737 4265 1908 4322 agno-

334 4348 575 4396 scerent.
605 4336 1117 4410 Respondentibus,
1145 4335 1333 4403 etiam,
1366 4353 1489 4394 esse
1520 4337 1907 4410 imperatorem

333 4446 399 4487 ac
443 4430 730 4485 dominum
788 4442 988 4495 suum,
1025 4426 1222 4499 Igitur,
1265 4427 1501 4499 subjecit
1528 4413 1562 4484 .’
1595 4430 1640 4485 si
1693 4432 1910 4488 tradere

334 4520 744 4592 propugnacula
815 4519 1126 4584 nolueritis,
1180 4520 1274 4575 sed
1342 4521 1512 4575 semel
1578 4509 1736 4591 ru'pta
1802 4522 1908 4578 fide
1941 4516 1986 4571 D

336 4612 611 4668 hostiliter
634 4610 772 4666 mihi
821 4608 1102 4664 adversari
1137 4609 1428 4675 statuistis,
1450 4626 1562 4680 quo
1587 4605 1749 4681 pacto
1788 4628 1910 4667 scc-

332 4707 421 4760 lus
450 4713 695 4758 vestrum
722 4702 972 4772 puniam,
992 4709 1181 4770 postea
1199 4702 1545 4757 commodius
1568 4702 1907 4758 deliberabo.

331 4796 489 4850 Nunc
513 4794 732 4848 litteras
785 4791 969 4846 statim
999 4791 1065 4845 ad
1095 4791 1343 4860 regulum
1396 4791 1628 4855 telluris,
1662 4807 1787 4863 quae
1815 4807 1912 4847 vos

332 4887 480 4947 tulit,
513 4887 748 4947 mittam;
786 4882 987 4951 quibus
1015 4882 1262 4949 doceam,
1329 4897 1429 4936 vos
1455 4891 1511 4937 et
1547 4880 1911 4953 unumquem-

333 4995 440 5048 que
463 4976 808 5037 nominatim,
836 4971 1776 5044 perﬁdissimos,depravatissimos,
1811 4989 1913 5029 nec

332 5070 535 5126 vitiosa
572 5084 714 5123 nuce
743 5065 941 5135 dignos
969 5080 1134 5120 esse:
1169 5067 1297 5134 quia
1331 5083 1455 5121 eum
1489 5081 1589 5137 ego
1620 5067 1908 5122 castellum

333 5161 701 5222 tradidissem,
725 5172 1059 5226 magnosque
1078 5167 1331 5226 sumptus
1365 5157 1421 5211 in
1441 5158 1710 5226 stipendia
1731 5169 1909 5215 vestra

334 5252 617 5314 fecissem,
653 5260 710 5304 et
733 5248 872 5302 nihil
908 5264 1147 5318 unquam
1190 5263 1289 5302 vos
1310 5249 1691 5316 offendissem,
1714 5249 1816 5319 ipsi
1842 5267 1909 5305 eo

337 5358 427 5397 me
458 5342 512 5396 in
565 5355 778 5396 summa
810 5339 1138 5395 necessitate
1182 5354 1304 5394 mea
1334 5355 1431 5409 per
1475 5341 1585 5395 vim
1614 5351 1672 5396 et
1702 5342 1908 5413 iniqui-

336 5442 506 5489 tatem
560 5432 911 5488 concorditer
961 5429 1370 5495 fraudaveritis,
1422 5440 1480 5485 ut
1530 5431 1673 5487 inter
1716 5449 1908 5489 omnes

335 5523 602 5579 mortales
664 5520 898 5575 infames
963 5520 1115 5583 sitis,
1169 5535 1334 5574 nemo
1391 5521 1550 5577 vobis
1605 5523 1904 5591 quidquam

332 5615 549 5679 credat,
641 5624 855 5668 omnes‘
904 5627 934 5665 a
1000 5621 1335 5682 conspectu,
1386 5622 1443 5668 et
1519 5616 1906 5669 communione

334 5717 517 5762 vestra
546 5696 841 5775 refugiant.
867 5704 1036 5774 876
1067 5702 1193 5759 llaec
1232 5704 1299 5758 ad
1332 5704 1557 5761 Latinos
1583 5707 1902 5775 imperator,

339 5797 432 5867 qui
471 5798 524 5851 in
558 5796 792 5852 maxime
828 5806 1159 5853 nocumento
1191 5805 1481 5867 ponentes,
1522 5796 1742 5853 sibimet
1778 5811 1904 5866 ρει,

2012 3268 2169 3321 τερον
2201 3249 2678 3318 πιστωσαμένους,
2712 3246 2789 3310 ὡς
2831 3245 2891 3300 οὐ
2927 3245 3015 3299 διὰ
3044 3245 3245 3297 κακίαν
3283 3242 3393 3295 οὐδ’
3443 3243 3580 3294 dm-

2014 3344 2243 3399 στασίαν
2305 3343 2657 3413 ἐννοήσαντες
2701 3338 2868 3392 αὐτοῦ
2916 3335 3143 3391 τοιαῦτα
3196 3335 3425 3400 εἴλοντο,
3462 3331 3581 3386 ἀλλ’

2012 3431 2164 3503 αὐτῷ
2207 3447 2268 3483 τε
2316 3428 2554 3499 πρῶτον,
2608 3426 2800 3479 ἔπειτα
2848 3426 2942 3478 καὶ
2971 3425 3193 3485 ἑαυτοῖς
3220 3424 3286 3474 τὰ
3312 3420 3580 3491 κράτιστα

2015 3522 2448 3595 βεϐουλευμένοι.
2505 3520 2700 3590 ᾭοντο
2748 3517 2855 3586 γὰρ
2904 3515 3067 3568 αὐτὴν
3120 3514 3333 3583 ἀνάγκῃ
3378 3513 3441 3565 τὸ
3485 3512 3582 3565 νῦν

2012 3618 2137 3689 ἔχον
2168 3615 2531 3685 παραδιδόντα
2555 3612 2633 3682 τῷ
2661 3627 2730 3678 γα
2741 3610 2897 3680 μερῷ
2919 3607 3148 3678 ὕστερον
3172 3607 3358 3667 αὐτοῖς
3378 3603 3579 3673 πολλὴν

2012 3708 2250 3779 εἰδήσειν
2280 3706 2467 3776 χάριν,
2493 3705 2588 3758 καὶ
2613 3701 2942 3773 ἀμείψεσθαι
2966 3700 3190 3761 πολλαῖς
3215 3698 3579 3767 εὐεργεσίαις,

2011 3800 2095 3853 ὅτι
2125 3800 2225 3868 τῆς
2273 3797 2354 3861 είς
2412 3797 2573 3850 αὑτὸν
2620 3795 2784 3847 ἕνεκα
2835 3792 3069 3857 εὐνοίας,
3123 3791 3215 3843 καὶ
3268 3789 3495 3851 ἄκοντος
3519 3787 3579 3840 τὸ

2011 3889 2190 3943 δοκεῖν
2219 3887 2290 3941 τὰ
2342 3886 2579 3957 μάλιστα
2618 3879 3008 3937 λυσιτελοῦντα
3060 3879 3325 3950 ἔπραξαν.
3369 3880 3430 3932 '0
3479 3878 3579 3947 μέν

2009 3975 2106 4033 οὖν
2134 3976 2366 4032 τοιαῦτα
2397 3974 2800 4030 συνεσούλευεν.
2835 3972 3044 4024 Αὐτίκα
3091 3970 3149 4023 δὲ
3201 3967 3482 4024 ἐπείθοντο
3528 3967 3579 4020 οι

2011 4071 2203 4127 ἇλλοιο
2258 4069 2458 4141 ᾔδεσαν
2506 4067 2618 4136 γὰρ
2668 4064 2836 4120 αὐτὸν
2879 4063 2989 4116 τῶν
3048 4061 3409 4114 πιστοτάτων
3448 4058 3579 4112 ὂντα

2012 4159 2239 4215 οἰκετῶν
2266 4158 2344 4230 τῷ
2384 4157 2618 4229 summ,
2653 4156 2747 4207 καὶ
2780 4152 2883 4206 οὐκ
2926 4153 2991 4207 ἄν
3037 4166 3090 4203 τι
3143 4150 3252 4204 τῶν
3306 4149 3380 4219 μὴ
3437 4147 3601 4200 κατὰ⁴

2011 4249 2239 4321 γνώμην
2262 4249 2536 4319 πράξοντα
2558 4241 2770 4312 ἐκείνῳ.
2796 4241 2907 4294 Καὶ
2926 4241 3023 4303 τὰς
3045 4237 3139 4292 τοῦ
3164 4238 3377 4306 πύργου
3402 4238 3580 4297 πύλας

2011 4340 2225 4397 ἐνδοθεν
2259 4337 2660 4408 ἀσφαλίσαντες
2686 4331 2922 4401 μοχλοῖς,
2947 4330 3168 4401 ἐδήλουν
3187 4330 3255 4383 τά
3281 4329 3580 4398 δεδογμένα

2012 4433 2123 4487 ἀπὸ
2147 4431 2255 4484 τῶν
2276 4428 2579 4494 ἐπάλξεων.
2603 4424 2868 4488 Βασιλεὺς
2891 4422 2949 4478 δέ
2970 4423 3238 4494 ἐξήπτετο
3259 4422 3357 4489 μὲν
3381 4420 3577 4474 αὐτίκα

2013 4524 2090 4595 τῷ
2116 4521 2293 4595 θυμῷ,
2323 4521 2419 4574 κοιλ⁸
2447 4519 2515 4573 δι’
2538 4519 2709 4589 ὀργῆς
2736 4516 2935 4578 αὐτοὺς
2963 4508 3075 4585 εἶχε
3107 4517 3208 4585 τῆς
3238 4512 3581 4575 ἀποστασίας

2011 4615 2212 4669 ἕνεκα·
2273 4612 2536 4682 πράττειν
2588 4609 2647 4663 δέ
2694 4606 2848 4661 οὐδὲν
2899 4606 3119 4659 ἐδύνατο
3166 4604 3276 4658 τῶν
3328 4604 3576 4663 δεόντων.

2013 4702 2286 4757 Πάντοθεν
2335 4701 2395 4754 δέ
2443 4697 2730 4769 ἀμηχανίᾳ
2789 4695 3161 4766 περισχεθεὶς,
3209 4695 3475 4758 κελεύσας
3521 4697 3579 4746 ἐν

2012 4793 2194 4862 ταυτῷ
2239 4791 2496 4861 γενέσθαι
2531 4790 2741 4852 πάντας
2787 4788 2906 4858 ἅμα
2943 4784 3194 4857 ἡγεμόνι,
3242 4787 3437 4859 πρῶτα
3483 4787 3580 4856 μὲν

2013 4884 2203 4956 ἠρώτα
2235 4886 2302 4953 τῇ
2345 4880 2596 4938 Λατίνων
2629 4879 2917 4948 διαλέκτῳ,
2953 4878 3225 4948 ἑξήσκητο
3265 4876 3374 4947 γὰρ
3412 4877 3581 4946 αὐτὴν

2013 4976 2216 5040 καλῶς,
2276 4976 2324 5028 εί
2373 4972 2534 5029 αὐτὸν
2574 4969 3014 5039 ἐπιγινώσκοιεν.
3058 4970 3180 5022 Τῶν
3215 4970 3274 5022 δὲ
3322 4970 3580 5038 φαμένων

2013 5069 2229 5122 πάντων
2262 5061 2403 5119 εἶναι
2432 5061 2686 5133 βασιλέα,
2723 5060 3096 5130 καὶδεσπότην
3132 5059 3302 5129 σφῶν,
3341 5058 3573 5125 Οὐκοῦν,

2011 5158 2139 5228 ἔφη,
2178 5157 2227 5209 εἰ
2263 5155 2338 5226 μὴ
2373 5155 2433 5207 τὸ
2480 5153 2739 5223 φρούριον
2778 5150 2999 5221 ἐθέλητε
3032 5150 3409 5220 παραδιδόναι,
3444 5149 3579 5203 ἀλλὰ

2010 5248 2267 5314 καθάπαξ
2315 5248 2674 5308 ἀποστάντες,
2720 5242 2922 5310 ἔγνωτε
2974 5242 3112 5312 πρὸς
3162 5242 3399 5311 πόλεμον
3454 5241 3581 5311 ἐμοὶ

2010 5344 2228 5413 χωρεῖν,
2264 5340 2326 5393 τὸ
2366 5338 2466 5408 μὲν
2498 5338 2646 5399 ὅπως
2678 5335 2782 5405 χρὴ
2812 5335 2907 5405 τῆς
2941 5335 3160 5395 ἀδικίας
3191 5334 3575 5405 τιμωρεῖσθαι,

2012 5433 2238 5504 ὕστερον
2272 5429 2432 5492 αὐτὸς
2468 5426 2831 5499 βουλεύσομαι
2873 5426 3055 5489 καλῶς
3084 5442 3100 5460 ο
3135 5426 3196 5478 τὺ
3225 5426 3284 5478 δὲ
3328 5427 3426 5480 νῦν
3457 5427 3581 5496 ἔχον

2010 5525 2311 5596 γράμματα
2343 5521 2541 5575 αὐτίκα
2568 5518 2771 5589 πέμψω
2789 5518 2924 5588 πρὸς
2955 5518 3048 5571 τὸν
3063 5517 3334 5591 ρἧα,τῆς
3364 5520 3580 5585 ἐξενεγ-

2012 5613 2213 5681 κούσης
2241 5614 2345 5681 γῆς
2388 5611 2557 5679 ὑμᾶς,
2597 5608 2996 5668 ἀπιστοτάτους
3029 5607 3403 5675 ἀποφαίνοντα
3434 5609 3581 5678 ὑμᾶς

2014 5704 2250 5757 ἕκαστον
2283 5701 2567 5772 ὀνομαστὶ,
2599 5700 2694 5753 καὶ
2735 5698 2832 5761 τὰς
2865 5697 3091 5770 γνώμας
3124 5698 3574 5770 διεφθαρμένους,

2012 5794 2104 5846 καὶ
2136 5792 2315 5856 ἀξίους
2347 5791 2581 5859 οὐδενὸς,
2614 5790 2700 5844 ὅτι
2728 5791 2787 5844 τὸ
2815 5789 3080 5862 φρούριον
3104 5788 3239 5861 ἐμοῦ
3267 5788 3579 5863 παραδεδω-
