4056 6450
277 384 384 448 313

1421 387 1956 449 ΙΠΞΤΟΒΙΑΒΙΙΜ
1975 428 1983 435 -
2002 388 2235 448 LIBER
2279 387 2383 448 ιν.

3405 382 3516 449 314

278 501 455 563 κότος,
502 498 595 553 καὶ
643 497 813 552 πολλὰ
851 499 1196 564 ἀναλωκότος
1247 501 1510 570 χρήματα
1563 500 1700 570 πρὸς
1744 502 1834 570 τὴν

1949 502 2088 555 fidite
2142 502 2477 569 Opinioncm'
2529 513 2757 569 parere,
2805 499 3010 568 egressi
3064 500 3131 554 de
3188 501 3516 568 munitione,

280 589 617 661 μισθοφορὰν
648 590 827 659 nimim,”
888 592 983 645 κα)⁸
1016 592 1170 645 οὐδὲν
1205 572 1461 645 οὐδέἰ⁹ξοτε
1495 592 1839 662 ἠδικηκότος,

275 679 437 731 ἄδικα
485 680 577 731 καὶ
639 678 790 749 βίαια
846 679 1126 742 ποιοῦντες
1178 680 1353 743 αὐτοὶ,
1421 679 1836 749 ἀπεστερήσατε

276 768 767 838 ὁμοφρονήσαντες,
817 770 903 822 ὅτε
944 771 1215 838 κατέστην
1261 769 1497 840 μάλιστα
1545 762 1604 822 ἕν
1658 769 1839 838 χρείᾳ,

278 857 346 910 ἶν’
386 858 532 926 είητε
570 859 629 910 ὲν
660 859 828 912 πᾶσιν
856 859 1166 929 ἀνθρώποις
1193 860 1377 929 ἄτιμοι
1438 859 1535 911 καὶ
1596 859 1839 922 ἄπιστοι,

276 947 369 1001 καὶ
407 948 594 1018 μηδεὶς
627 949 755 1020 ὑμῖν
793 949 874 1002 ἔτι
918 950 1169 1020 προσέχῃ
1197 950 1289 1004 τοῦ
1319 950 1541 1016 λοιποῦ,
1592 949 1707 1004 ἀλλ’
1737 950 1842 1003 ὑπὸ

274 1038 490 1090 πάντων
518 1037 925 1108 ἀπελαύνησθε.
958 1038 1194 1092 Τοιαῦτα
1225 1038 1325 1109 μὲν
1357 1041 1386 1092 ὁ
1420 1038 1674 1108 βασιλεὺς
1704 1039 1840 1109 πρ’,ς

273 1129 398 1189 τοὺς
428 1128 690 1190 Λατίνους
727 1128 998 1198 διελέχθη.
1065 1129 1300 1182 Ἐκεῖνοι
1326 1128 1385 1182 δὲ
1427 1128 1489 1182 τὸ
1517 1127 1677 1191 δόξαν
1706 1131 1837 1182 ἀπι-

277 1218 433 1280 στίας
474 1218 689 1281 ἑαυτοῖς
736 1219 1164 1288 προστρίϐεσθαι
1205 1219 1472 1289 μεγίστην
1506 1219 1840 1288 ἡγησάμενοι

273 1308 497 1378 ζημίαν,
528 1310 621 1363 καὶ
645 1310 816 1363 πολλά
838 1311 937 1380 τῆς
959 1311 1162 1380 τόλμης
1186 1310 1349 1363 ἕνεκα
1384 1312 1524 1379 σφᾶς
1539 1326 1597 1362 τε
1616 1311 1838 1373 αὐτοὺς,

274 1400 368 1452 καὶ
394 1400 486 1451 τὸν
515 1399 753 1468 ἄρχοντα
793 1401 1309 1472 καταμεμψάμενοι,
1341 1402 1541 1456 αὐτίκα
1570 1402 1666 1454 τοῦ
1699 1402 1840 1469 πύρ-

272 1505 369 1557 γου
424 1488 752 1553 ἐξελθόντες,
811 1490 1076 1559 βασιλέως
1120 1491 1330 1544 ἐδέοντο
1368 1489 1697 1561 συγγνώμην
1745 1488 1838 1542 τοῦ

270 1574 619 1644 τολμήματος
652 1577 939 1646 παρέχειν,
974 1577 1045 1639 ὡς
1078 1578 1138 1629 οὐ
1171 1577 1259 1630 διὰ
1293 1577 1516 1638 κακίαν,
1553 1576 1667 1630 ἀλλ’
1697 1578 1839 1644 ὑπὲρ

270 1667 437 1721 αὐτοῦ
468 1667 753 1738 νομίσασιν
784 1665 925 1722 εἶναι
962 1670 1162 1739 μᾶλλον
1192 1668 1598 1739 πεπραγμένων
1625 1683 1639 1697 ·
1675 1685 1841 1737 παρε-

269 1758 445 1811 δίδουν
475 1776 536 1812 τε
561 1759 639 1830 τῷ
688 1760 902 1830 βασιλεῖ
933 1761 993 1814 τὸ
1018 1761 1300 1831 φρούριον.
1348 1759 1556 1813 Αὐτίκα
1590 1759 1646 1811 δὲ
1678 1772 1842 1827 μετα-

1944 593 2097 646 illum
2159 591 2401 646 audacize
2428 605 2542 645 sua:
2592 600 2652 644 ut
2718 589 2989 660 ignoscat.
3023 591 3282 661 majorem
3318 591 3369 644 in
3399 607 3518 646 mo-

1949 683 2079 735 dum
2130 693 2430 750 precamur
2463 698 2478 732 :
2507 697 2630 751 qua)
2669 680 2926 744 fecerint,
2966 698 3074 735 non
3116 683 3383 750 pravitate
3417 684 3521 738 ali-

1942 786 2050 840 qua
2105 771 2324 833 fecisse,
2351 770 2446 825 sed
2501 772 2628 841 quia
2663 771 2717 825 in
2746 772 2866 842 ejus
2894 787 3008 825 rem
3041 771 3156 825 fore
3183 773 3515 841 putaverint.

1942 861 2021 916 lta
2053 861 2391 917 deditionem
2441 862 2490 917 ei
2542 861 2770 922 faciunt,
2828 861 3122 931 subitoque
3172 877 3374 932 genero
3424 879 3517 918 ac-

1939 954 2164 1017 cersito,
2224 954 2432 1009 Latinis
2484 955 2669 1009 claves
2711 954 3091 1015 offerentibus,
3129 969 3223 1010 eas
3265 956 3340 1009 illi
3387 972 3519 1026 por-

1942 1045 2116 1116 rigit:
2167 1047 2258 1114 qui
2309 1044 2518 1100 Latinis
2550 1046 2878 1107 amandatis,
2935 1047 3112 1101 altero
3144 1045 3233 1101 die
3283 1047 3352 1101 de
3400 1050 3517 1102 suis

1938 1133 2259 1205 praesidium
2285 1134 2358 1187 ibi
2395 1134 2668 1199 collocat;
2706 1151 2808 1189 nec
2831 1134 2926 1189 diu
2959 1144 3105 1203 post,
3131 1137 3276 1205 quod
3310 1137 3521 1191 insutu-

1940 1232 2120 1279 ratum
2170 1234 2324 1286 erat,
2378 1225 2578 1279 evertit
2643 1226 2896 1293 penitus,
2945 1226 3235 1295 locumque
3287 1226 3514 1283 deserit.

1939 1312 2244 1382 imperator
2293 1314 2462 1385 igitur
2533 1315 2962 1370 Cantacuzenus
3010 1316 3067 1370 in
3132 1316 3332 1386 palatio
3389 1334 3515 1371 cum

1939 1419 2235 1460 numeroso
2260 1404 2532 1459 famulitio
2589 1405 2821 1476 degebat
2853 1424 2867 1461 :
2892 1406 3228 1477 Palmologus
3253 1417 3432 1461 autem
3461 1409 3515 1462 in

1941 1497 2107 1551 domo
2141 1497 2376 1565 quadam
2428 1496 2651 1566 insigni,
2702 1514 2824 1566 quae
2857 1498 3052 1566 Aquila
3102 1499 3412 1554 dicebatur.
3449 1500 3517 1553 At

1941 1590 2178 1659 populus
2234 1589 2549 1659 Byzantius,
2600 1590 2716 1643 sive
2780 1605 2808 1644 a
2857 1591 3134 1644 nonnullis
3166 1592 3515 1650 sollicitatus.

1941 1681 2078 1744 sive,
2105 1690 2166 1736 ιιι
2200 1680 2501 1735 multitudo
2538 1682 2700 1744 solet,
2746 1681 2983 1735 stultitia
3024 1694 3079 1736 et
3110 1694 3249 1739 caeca
3281 1684 3515 1752 quadam

1943 1772 2175 1827 audacia
2230 1772 2505 1843 agitatus,
2546 1787 2611 1827 ac
2671 1772 2934 1827 novitatis
2993 1772 3233 1828 absurde
3286 1773 3519 1843 cupidus

269 1847 631 1917 ημψάμενος
677 1850 769 1902 καὶ
793 1847 1021 1915 βασιλέα
1046 1849 1137 1902 τὸν
1159 1849 1433 1919 γαμϐρὸν,
1456 1845 1566 1899 τῶν
1592 1846 1834 1900 Λατίνων

1945 1864 2136 1919 turbas
2161 1838 2366 1928 ciebat,
2398 1863 2876 1933 permiscebatque
2915 1862 3123 1929 omnia,
3156 1872 3213 1918 et
3254 1864 3322 1918 ad
3355 1838 3519 1919 omne

268 1937 373 2000 τὰς
403 1937 552 2001 κλεῖς
588 1942 1043 2008 παρεσχημένων,
1087 1940 1252 2002 αὐτὸς
1281 1941 1587 2009 παρέσχετο
1624 1937 1702 2006 τῷ
1735 1939 1834 2006 νέῳ

1939 1957 2159 2012 facinus
2208 1967 2602 2031 paratuserat.
2644 1957 2713 2011 Et
2751 1956 3056 2019 ferebatur,
3109 1956 3376 2026 quosdam
3423 1972 3522 2013 au-

270 2028 506 2099 βασιλεῖ.
571 2029 630 2082 ⁸0
680 2030 736 2082 δὲ
782 2030 1049 2101 εἰσήγαγε
1094 2031 1338 2102 φρουρὰν
1390 2031 1455 2085 ὲκ
1500 2022 1611 2081 τῶν
1668 2028 1834 2094 ίδίων,

1938 2045 2111 2107 lices,
2170 2022 2264 2114 qui
2323 2022 2501 2112 nuper
2570 2043 2902 2097 videbantur
2967 2022 3517 2109 benevolentissimi,

270 2122 411 2192 μετά
461 2122 592 2191 μίαν
629 2122 840 2192 ἡμέραν
882 2123 1010 2184 τοὺς
1064 2122 1330 2186 Λατίνους
1382 2121 1682 2187 ἐξελάσας·
1743 2121 1834 2174 καὶ

1937 2133 2291 2188 commutatis
2340 2131 2720 2187 voluntatibus
2778 2132 3007 2199 insidias
3062 2130 3265 2194 moliri,
3297 2139 3519 2193 etcum

274 2215 411 2284 μετά
437 2213 635 2285 μικρὸν
665 2215 1005 2285 κατέστρεψε
1028 2216 1212 2269 πᾶσαν
1230 2214 1329 2286 τὴν
1357 2216 1677 2284 ἐπισκευὴν,
1706 2230 1834 2267 παν-

1937 2223 2126 2295 junior
2173 2224 2477 2294 imperator
2535 2222 2857 2293 Byzantium
2912 2221 3287 2283 inveberetur,
3318 2219 3518 2275 Canta-

272 2305 473 2357 τάπασι
506 2305 567 2356 τὺ
599 2307 853 2375 φρουρεῖν
881 2303 1513 2366 καταλιπὼνωΒασιλεὺς
1550 2322 1650 2373 μέν
1694 2301 1834 2358 οὖνὸ

1939 2314 2131 2369 cnzeni
2161 2328 2376 2383 equum
2397 2313 2452 2366 in
2493 2313 2606 2382 ipsa
2645 2328 2826 2381 pugna
2851 2310 3168 2365 decrevisse
3192 2308 3512 2369 confodere;

282 2394 717 2464 Καντακουζηνὸς
765 2395 1034 2468 διέτριϐεν
1066 2397 1125 2449 ὲν
1155 2394 1449 2466 βασιλείοις
1514 2395 1630 2466 ἅμα
1683 2395 1837 2466 βασι-

291 2483 385 2536 λίδι
423 2488 486 2554 τῇ
541 2484 771 2556 Εἰρήνῃ,
811 2486 904 2539 καὶ
949 2487 1064 2548 τοῖς
1113 2489 1243 2551 περὶ
1294 2484 1482 2548 αὐτὸν,
1527 2483 1680 2538 οὖσιν
1737 2485 1837 2537 οὐκ

290 2575 497 2643 ὀλίγοις
534 2574 785 2644 βασιλεὺς
818 2576 874 2630 δὲ
900 2577 927 2628 ὁ
960 2579 1078 2641 νέος
1131 2579 1187 2630 ἐν
1220 2576 1370 2648 οίκίᾳ
1400 2576 1507 2629 τινὶ
1536 2577 1701 2646 ἑτέρᾳ
1727 2576 1836 2628 τῶν

280 2667 583 2737 περιφανῶν
639 2667 809 2721 Δετδν
838 2671 1384 2740 προσαγορευομένῃ.
1430 2666 1490 2720 '0
1526 2666 1700 2736 δῆμος
1723 2666 1779 2718 δὲ
1810 2669 1837 2719 δ

273 2754 574 2820 Βυζαντίων
603 2797 619 2823 ,
656 2759 763 2810 εἴτε
804 2761 900 2812 κα)⁸
943 2754 1048 2812 ὗπό
1089 2776 1250 2813 τινων
1293 2759 1624 2829 ὲναγόμενος
1653 2797 1670 2823 ,
1724 2760 1829 2811 ειθ⁹

269 2847 455 2918 ὥσπερ
484 2849 630 2919 φιλεῖ
656 2850 715 2902 τὸ
744 2851 973 2919 πλῆθος,
1013 2851 1105 2905 ὑπ’
1138 2853 1431 2914 ἀσυνεσίας
1476 2853 1572 2911 καὶ
1606 2852 1832 2920 εὐλόγου

268 2942 563 3012 φερόμενος
593 2942 792 3013 ὁρμῆς,
822 2942 1038 3008 ἀτόπως
1086 2943 1193 3014 ήρα
1222 2943 1324 3013 τῆς
1372 2942 1703 3014 μεταϐολῆς,
1737 2945 1835 2997 καὶ

268 3031 561 3101 ἐθορύϐουν
609 3034 993 3101 ἀτακτοῦντες,
1040 3036 1137 3089 καὶ
1188 3036 1365 3089 πάντα
1424 3031 1563 3105 ἦσαν
1622 3034 1832 3105 ἕτοιμοι

264 3121 489 3192 τολμᾷν.
527 3123 772 3193 Ἐλέγετο
798 3126 854 3177 δὲ
888 3126 963 3190 ὡς
1003 3129 1098 3188 καὶ
1120 3127 1229 3179 τῶν
1260 3129 1529 3181 συνόντων
1581 3131 1641 3180 ὲν
1676 3128 1830 3197 βασι-

265 3211 430 3276 λείοις
468 3216 520 3267 οί
555 3216 788 3284 μάλιστα
818 3219 1086 3290 πρότερον
1132 3220 1414 3283 δοκοῦντες
1472 3219 1645 3284 εὔνως
1684 3220 1831 3291 ἔχειν

266 3301 664 3355 ἐπιϐουλεύοιεν
691 3305 1086 3374 μεταϐαλόντες
1109 3322 1123 3336 ⁸
1163 3309 1255 3360 καὶ
1285 3302 1552 3378 πρότερον
1578 3324 1637 3359 τε
1669 3309 1831 3378 ήνίκα

268 3391 519 3461 βασιλεὺς
559 3397 586 3447 ὁ
618 3397 734 3459 νέος
765 3399 1020 3468 εἰσήλασε
1065 3398 1379 3464 Βυζάντιοι,
1429 3400 1518 3452 τὸν
1567 3400 1831 3469 βασιλέως

268 3483 433 3536 ἵππον
486 3484 871 3554 βεϐουλεῦσθαι
942 3490 1290 3544 ἀποκτείνειν
1351 3491 1441 3544 ἐπ’
1498 3491 1669 3560 αὐτῆς
1729 3492 1831 3560 τῆς

272 3581 453 3646 μάχης
478 3592 493 3609 ο
529 3577 697 3648 ᾤοντο
738 3584 845 3652 γὰρ
880 3584 1043 3637 αὑτὸν
1073 3584 1280 3639 αὐτίκα
1310 3586 1587 3658 χωρήσειν
1617 3587 1709 3639 ἐπὶ
1739 3586 1830 3638 τὸν

266 3670 387 3721 νέον
423 3668 683 3739 βασιλέα*
736 3675 828 3725 κρὶ
867 3675 1058 3745 ἐπειδὴ
1097 3676 1196 3729 οὐκ
1244 3676 1540 3748 ἐγεγένητο
1576 3678 1609 3745 ἡ
1656 3676 1829 3746 μάχη,

268 3760 385 3814 ἀλλ’
398 3763 680 3833 ἐχώρησαν
704 3764 795 3816 ἐπὶ
816 3766 1136 3836 συμϐάσεις,
1160 3770 1477 3833 ἀγνοοῦντες
1494 3769 1573 3822 ὅτι
1591 3767 1833 3839 βούλοιτο

270 3854 410 3923 μετὰ
445 3856 637 3922 μοιρὸν
671 3855 926 3925 βασιλεὺς
958 3861 987 3910 ὁ
1024 3860 1481 3929 Καντακουζηνὸς
1514 3859 1832 3913 ἀπολείπειν

267 3943 365 4013 τὴν
390 3944 584 4012 ἀρχὴν,
618 3952 747 4014 πρὶν
788 3948 887 4016 τὴν
945 3949 1432 4017 μεταπεμφθεῖσαν
1485 3950 1640 4021 ήκειν
1668 3965 1833 4019 στρα-

265 4033 412 4097 τιάν,
441 4034 755 4102 ἐπείγεσθαι
782 4039 1125 4091 ἀποκτείνειν
1151 4038 1603 4111 βασιλέα.¹’ῼοντο
1625 4043 1755 4111 γὰρ,
1782 4041 1832 4094 εί

268 4123 629 4194 παραγένοιτο
661 4127 692 4197 ἡ
728 4126 979 4196 στρατιὰ,
1020 4123 1177 4191 αὖθις
1227 4127 1556 4194 ἀνθέξεσθαι
1594 4132 1834 4203 βεϐαίως

266 4210 378 4262 τῶν
404 4214 763 4282 πραγμάτων,
802 4218 897 4267 καὶ
938 4216 1039 4284 τῆς
1091 4219 1173 4280 είς
1223 4218 1388 4271 αὑτὸν
1435 4222 1831 4294 ἀγνωμοσύνης

269 4303 607 4372 ἀμυνεῖσθαι.
638 4303 899 4368 Βασιλεὺς
921 4307 975 4360 δὲ
1000 4308 1029 4360 ὁ
1049 4309 1524 4378 Καντακουζήνὸς,
1559 4307 1648 4367 οἷα
1677 4313 1742 4382 δὴ
1770 4319 1833 4368 ἐκ

267 4395 378 4446 τῶν
410 4398 753 4465 πραγμάτων
807 4399 942 4467 μετά
977 4398 1173 4468 μικρὸν
1205 4402 1510 4470 ἀναχωρεῖν
1546 4402 1835 4473 βεϐουλευ-

1936 2405 2304 2475 opinabantur
2323 2405 2493 2466 enim,
2521 2420 2642 2457 mox
2677 2404 2730 2456 in
2761 2402 3125 2472 Palteologtnn
3165 2401 3507 2462 invasurum,

1936 2508 1989 2552 et
2047 2504 2338 2566 postquam
2394 2510 2575 2565 pugna
2634 2494 2878 2559 amissa,
2925 2503 3143 2563 pactum
3202 2492 3515 2555 iniverunt,

1936 2591 2257 2661 ignorantes
2284 2587 2730 2644 Cantacuzenum
2762 2586 2915 2641 brevi
2952 2575 3186 2655 imperio
3216 2584 3516 2646 abiturum,

1936 2681 2255 2753 priusquam
2310 2679 2575 2733 accersita
2624 2678 2884 2733 venirent
2932 2676 3158 2740 auxilia,
3193 2690 3320 2729 eunt
3350 2674 3518 2729 festi-

1935 2782 2067 2828 nato
2116 2771 2372 2828 occidere
2423 2769 2688 2824 voluisse.
2730 2767 3048 2823 Credebant
3080 2780 3340 2835 namque,
3376 2765 3419 2819 si
3452 2780 3519 2817 ea

1935 2866 2312 2927 advenissent,
2337 2878 2464 2920 eum
2488 2878 2587 2932 pro
2611 2872 2767 2916 certo
2798 2875 2991 2914 rursus
3022 2867 3195 2913 totum
3223 2859 3513 2927 imperium

1934 2959 2042 3014 sibi
2100 2964 2520 3027 usurpaturum,
2553 2953 2891 3019 illorumque
2916 2952 2971 3005 in
2999 2965 3058 3004 se
3105 2949 3323 3003 facinus
3357 2948 3517 3017 puni-

1937 3058 2144 3103 turum.
2191 3048 2259 3100 At
2308 3045 2456 3100 enim
2510 3043 2956 3105 Cantacuzenus,
2989 3049 3050 3094 ut
3092 3056 3198 3093 non
3237 3040 3399 3108 longo
3430 3039 3513 3092 in-

1936 3140 2167 3196 tervallo
2195 3153 2225 3192 a
2252 3137 2421 3191 rebus
2465 3135 2626 3203 fluxis
2670 3149 2728 3189 se
2760 3132 3126 3196 abducturus,
3151 3130 3512 3202 Palaeolgnm

1940 3232 1993 3285 in
2042 3231 2305 3302 palatium
2362 3228 2715 3296 introducere
2767 3227 2952 3297 jussit,
3014 3225 3391 3292 translataque
3458 3223 3512 3278 in

1935 3323 2089 3377 illum
2142 3322 2397 3391 imperio,
2451 3320 2711 3374 secedere
2762 3317 3040 3388 cogitavit.
3079 3315 3237 3382 Quod
3292 3331 3421 3371 cum
3455 3326 3514 3369 et

1936 3413 2109 3468 Irenae
2159 3412 2375 3482 conjngi
2438 3409 3056 3481 placuisset,gradiens
3108 3407 3162 3461 in
3216 3406 3364 3461 aedes
3419 3405 3511 3460 ubi

1934 3502 2335 3566 diversabatur,
2388 3501 2453 3553 ad
2504 3483 2766 3569 palatium
2812 3494 3183 3551 habitandum
3242 3511 3370 3551 eum
3431 3497 3517 3550 in-

1934 3595 2073 3650 vitat
2129 3610 2143 3647 :
2203 3591 2503 3646 absurdum
2565 3605 2689 3646 esse
2760 3590 2970 3654 dicens,
3019 3588 3157 3643 foris
3207 3594 3515 3641 mutantem

1936 3684 2217 3741 domicilia
2268 3683 2475 3749 vagari.
2514 3690 2574 3737 ut
2630 3681 2868 3750 populus
2901 3681 3045 3735 inter
3084 3695 3179 3735 eos
3223 3677 3513 3735 dissidium

1933 3792 2055 3832 esse
2104 3774 2336 3847 iudicet.
2408 3773 2527 3828 Non
2589 3776 2738 3828 enim
2819 3772 2925 3827 dici
2996 3781 3181 3842 posSe,
3251 3770 3514 3842 palatium

1937 3877 2304 3937 utrorumque
2365 3866 2697 3921 habitationi
2759 3880 2868 3918 non
2924 3864 3212 3928 suﬂicere;
3268 3878 3393 3916 nam
3455 3872 3516 3915 ut

1935 3974 2087 4015 nunc
2117 3968 2224 4022 est.
2261 3973 2365 4013 non
2412 3957 2601 4026 paucis
2650 3957 2807 4009 annis
2841 3952 3146 4009 suffecisse.
3178 3954 3387 4006 Annuit
3419 3953 3517 4022 jus

1937 4049 2059 4105 nior
2096 4048 2415 4116 imperator,
2458 4057 2515 4100 et
2546 4047 2698 4100 brevi
2728 4053 3023 4099 venturum
3072 4057 3131 4096 se
3193 4041 3512 4111 Spopondit,

1936 4140 2226 4209 oravitque
2281 4146 2343 4192 ut
2394 4137 2449 4191 in
2509 4136 2701 4191 eadem
2754 4136 2918 4190 domo
2976 4133 3045 4188 ad
3096 4133 3287 4202 epulas
3323 4147 3510 4187 secum

1936 4231 2310 4306 accumberet.
2342 4228 2883 4299 Comprandcntibus
2923 4225 3356 4296 imperatoribus
3379 4225 3515 4280 foris

1936 4323 2204 4392 strepitus
2257 4336 2460 4384 novus,
2513 4322 2821 4381 tumultus.
2870 4329 2925 4374 et
2983 4316 3236 4372 confusio
3276 4316 3511 4371 exsistit.

1935 4413 2101 4484 877
2156 4411 2291 4468 Nam
2326 4412 2478 4481 plebs
2511 4411 2578 4464 ad
2611 4409 2757 4470 aedes
2809 4407 3154 4479 conglobata,
3191 4407 3515 4462 existimans

267 4489 451 4557 μένος,
502 4489 768 4557 ἐσκέψατο
816 4490 1040 4560 βασιλέα
1101 4493 1193 4543 τὸν
1247 4497 1365 4546 νέον
1419 4496 1478 4547 ἐν
1533 4495 1830 4563 βασιλείοις

1937 4521 1995 4561 se
2020 4504 2325 4573 Palaeologo
2360 4511 2574 4572 gratum
2620 4501 2827 4564 facere,
2859 4501 2912 4553 in
2963 4498 3332 4555 Cantacuzeni
3376 4499 3515 4553 ami-

264 4582 442 4648 ἀγειν,
479 4581 572 4635 καὶ
619 4583 895 4651 παραδοὺς
943 4582 1043 4653 τὴν
1082 4584 1256 4654 ἀρχὴν
1308 4585 1457 4654 αὑτῴ
1495 4589 1827 4659 ἀποχωρεῖν.

276 4674 433 4726 Ἐπεὶ
467 4673 522 4726 δὲ
557 4673 732 4727 ταῦτα
767 4675 860 4727 καὶ
897 4673 1128 4745 βασιλίδι
1162 4679 1230 4745 τῇ
1265 4678 1486 4749 ,Εἰρήνῃ
1524 4681 1827 4745 συνεδόκει,

264 4765 555 4837 γενόμενος
610 4769 667 4821 ὲν
799 4767 1067 4838 διέτριϐεν
1111 4768 1138 4821 ὁ
1185 4770 1310 4832 νέος
1353 4769 1608 4839 βασιλεὺς
1659 4772 1827 4842 οἰκίᾳ,

264 4859 451 4913 ἐκάλει
503 4860 594 4911 ἐπὶ
629 4861 700 4911 τά
752 4859 1037 4929 βασίλεια·
1088 4860 1288 4914 ἄτοπον
1339 4857 1480 4914 εἶναι
1526 4860 1702 4930 λέγων
1752 4863 1828 4932 μὴ

262 4951 413 5019 αὺτῷ
439 4953 499 5003 ὲν
526 4950 817 5022 βασιλείοις
846 4951 1269 5021 συνδιατρίϐειν,
1292 4952 1406 5006 ἀλλ’
1437 4953 1543 5018 ἔξω
1564 4954 1830 5025 περιπλα-

263 5044 486 5108 νᾶσθαι,
522 5045 819 5115 ἀμείϐοντα
870 5046 1047 5099 οἰκίαν
1078 5047 1137 5110 ἐξ
1166 5048 1363 5112 οἰκίας,
1397 5046 1540 5100 ὥστε
1573 5049 1668 5101 καὶ
1716 5049 1827 5109 τοῖς

1938 4612 2055 4662 cos,
2088 4610 2230 4665 quos
2289 4596 2539 4666 putabat,
2586 4592 2924 4649 involabat:
2971 4599 3028 4646 ct
3071 4591 3422 4661 quibusdam,
3456 4583 3512 4642 in

1938 4703 2079 4757 quos
2107 4686 2397 4749 inciderat,
2421 4685 2491 4739 de
2517 4684 2681 4755 equis
2707 4682 3044 4739 descendere
3059 4682 3250 4753 jussis,
3278 4679 3383 4750 ipsi
3415 4694 3513 4733 eos

1937 4776 2278 4846 abripientes
2346 4773 2742 4829 ascendebant.
2811 4773 2962 4828 Alios
3024 4771 3147 4827 sine
3201 4769 3513 4825 sessoribus

1938 4870 2299 4937 reperientes,
2351 4865 2607 4921 similiter
2656 4864 2998 4919 auferebam.
3032 4863 3397 4932 Imperatores
3428 4871 3514 4914 tu—

1936 4960 2144 5013 multus
2171 4972 2336 5013 causa
2383 4957 2686 5017 intellecta,
2720 4955 2993 5010 ministris
3027 4953 3357 5024 quibusdam
3396 4962 3515 5006 tur-

1930 5053 2029 5108 bas
2080 5051 2333 5114 sedandi,
2384 5059 2441 5104 et
2488 5064 2664 5119 equos
2717 5047 3002 5118 repetendi
3038 5048 3319 5116 negotium
3355 5044 3508 5099 dant.

261 5137 442 5200 ἄλλοις
465 5136 637 5190 δοκεῖν
668 5138 864 5202 αὐτοὺς
910 5138 1161 5206 ἀλλήλοις
1192 5142 1468 5193 ἀπιστεῖν.
1503 5140 1576 5193 Οὐ
1626 5139 1737 5210 γὰρ
1764 5140 1829 5209 δὴ

1937 5142 2011 5196 [lli
2043 5141 2310 5209 imperata
2362 5146 2770 5207 exsequuntur,
2802 5146 2853 5191 et
2906 5151 3080 5205 equos
3107 5135 3173 5188 ad
3213 5150 3385 5188 unum
3418 5151 3508 5187 rc-

258 5230 422 5282 τοῦτο
451 5230 516 5285 ἄν
542 5247 626 5292 τις
669 5230 825 5301 φαίη,
856 5231 931 5293 ὡς
959 5232 1058 5283 οὐκ
1091 5231 1417 5301 ὲξαρκοῦσιν
1445 5232 1728 5303 ἑκατέροις
1760 5233 1832 5285 τὰ

1937 5241 2137 5301 ceptos,
2164 5230 2404 5285 dominis
2436 5229 2771 5289 restituunt,
2801 5243 2866 5282 ac
2896 5225 3110 5298 plebem
3147 5228 3350 5292 verbis,
3376 5229 3510 5297 quin

263 5322 511 5390 βασίλεια
555 5323 692 5392 πρὸς
724 5323 956 5392 οἴκησιν.
1004 5321 1086 5376 Τὰ
1115 5324 1223 5391 γάρ
1252 5325 1382 5377 ὄντα
1424 5324 1520 5383 νῦν
1544 5325 1640 5379 καὶ
1696 5324 1832 5395 πρό-

1937 5333 1985 5378 et
2011 5322 2200 5376 multis
2231 5321 2558 5376 verberibus
2586 5322 2904 5390 castigatam
2942 5320 3190 5390 abigunt.

262 5432 420 5485 τερον
443 5416 763 5485 οὐκόλίγοις
797 5414 974 5470 ἔτεσιν
1003 5416 1298 5487 ἐξήρκουν.
1338 5417 1619 5471 Ἐπείθετό
1682 5435 1742 5471 τε
1810 5418 1903 5472 καὶ
1940 5418 1968 5470 ὁ
2004 5417 2121 5480 νέος
2173 5415 2452 5487 βασιλεὺς,
2498 5417 2593 5467 καὶ
2642 5415 2896 5468 συνέθετο
2933 5414 3088 5485 ἥξειν
3142 5406 3260 5484 μετ’
3307 5413 3512 5482 ὀλίγον.
3548 5435 3554 5439 ’

264 5515 399 5568 Τότε
451 5513 507 5568 δὲ
536 5514 707 5568 ἐδεῖτο
746 5514 804 5565 ὲν
843 5512 980 5584 αὐτῇ
1025 5516 1090 5584 τῇ
1128 5515 1277 5584 οἰκίᾳ
1325 5514 1547 5585 ἄριστον
1590 5514 1831 5568 ἑλέσθαι.
1866 5513 2084 5578 Μεταξὺ
2135 5514 2193 5566 δὲ
2261 5508 2512 5583 ἀλλήλοις
2578 5511 2688 5565 τῶν
2737 5511 3003 5582 βασιλέων
3039 5513 3512 5581 συνεστιωμένων,

269 5609 496 5678 θόρυϐος
524 5609 757 5681 ἠκούετο
795 5607 997 5674 ἔξωθεν
1034 5610 1226 5673 πολὺς,
1265 5611 1357 5664 καὶ
1402 5610 1667 5681 σύγχυσις
1709 5610 1857 5682 δεινὴ
1898 5610 1993 5663 καὶ
2020 5609 2239 5674 ἀταξία.
2280 5609 2339 5677 'Q
2379 5611 2489 5680 γάρ
2519 5610 2692 5679 δῆμος
2722 5610 2852 5680 περὶ
2884 5609 2984 5680 τὴν
3022 5608 3204 5661 οίκίαν
3238 5607 3516 5676 συνειλεγο

271 5703 421 5772 μένος
464 5706 521 5757 ἑν
549 5699 872 5777 ᾖδιέτριϐεν
898 5703 925 5755 ὸ
967 5700 1248 5771 βασιλεὺς,
1279 5704 1375 5758 καὶ
1407 5703 1731 5774 νομίσαντες
1792 5703 1868 5765 ὡς
1904 5702 2278 5774 κεχαρισμένα
2346 5701 2641 5772 πράττοιεν
2678 5703 2756 5772 τῷ
2790 5706 2899 5772 νέῳ
2938 5703 3169 5774 βασιλεῖ,
3212 5701 3511 5770 ἐτράποντο

271 5798 358 5851 ἰπὶ
384 5800 503 5863 τοὺς
529 5795 830 5860 δοκοῦντας
854 5794 1223 5862 εῠνουςοεϊναι
1290 5797 1501 5868 βασιλεῖ
1561 5800 1637 5870 τῷ
1674 5796 2132 5869 Καντακουζηνῴ,
2202 5797 2294 5851 καὶ
2359 5795 2467 5852 τῶν
2512 5798 2696 5851 ἵππων
2742 5794 3166 5862 ἀποϐιϐάζοντὲς
3210 5809 3384 5859 τινας,
3423 5782 3511 5857 οἷς

760 5890 775 5905 4
