4056 6466
230 453 337 517 317
1398 436 1937 527 tttsi‘ontAnUM
1994 467 2223 527 LIBER
2269 466 2365 531 1v.
3391 463 3494 529 318

232 563 432 636 ἐξέστη
463 567 562 637 τῆς
592 569 770 639 ἀρχῆς
819 570 1057 641 μάλιστα
1095 572 1416 644 δυνάμενος,
1448 577 1608 644 εἴπερ
1648 574 1812 645 ἠϐού-

1931 578 2228 644 expositum
2280 582 2405 642 eat,
2466 574 2672 629 invitus
2733 573 3023 644 imperium
3086 572 3494 643 capessit/isset.

234 656 385 720 λετο,
424 661 715 730 κατέχειν·
761 664 854 715 καὶ
902 664 931 715 6
984 664 1106 727 νέος
1161 664 1414 734 βασιλεὺς
1467 667 1619 720 οὐδὲν
1663 666 1812 734 αὐτῷ

1931 683 2257 737 suorumque
2347 666 2550 721 civium
2611 666 2779 720 armis
2826 675 3081 734 potenter
3151 664 3494 733 exagitatus,

238 750 614 818 προσέκρουσε
663 754 801 821 μετὰ
847 756 973 817 τοὺς
1019 755 1245 827 ὅρκους,
1288 756 1428 811 ἀλλά
1474 758 1813 811 πᾶσαν”ὲπε-

240 839 458 905 δείξατο
482 842 720 909 σπουδὴν
754 845 859 897 τῶν
887 848 969 908 εἰς
1002 847 1164 899 αὑτὸν
1201 848 1452 917 ἡκόντων
1500 848 1671 918 μηδὲν
1705 864 1812 901 πα-

249 930 521 999 ραλιπεῖν,
563 930 704 985 ὥστε
754 935 877 1002 μηδ’
938 936 1044 988 ὑπὸ
1089 936 1201 990 τῶν
1249 936 1451 1002 ἔξωθεν
1499 937 1815 1004 ἀγνοεῖσθαι

252 1021 527 1090 μηδενὸς,
578 1023 651 1087 ὡς
709 1025 864 1078 οὐδὲν
908 1026 1022 1080 τῶν
1072 1029 1210 1092 πρὸς
1260 1028 1423 1083 ἀνίαν
1477 1027 1688 1097 βασιλεῖ
1736 1025 1815 1096 τῷ

252 1112 487 1182 κηδεστῇ
522 1113 646 1166 οὔτε
684 1115 1018 1184 βουλεύεται,
1072 1118 1197 1172 οὔτε
1250 1121 1502 1190 πράττει.
1554 1119 1820 1182 Βασιλεὺς

257 1203 356 1271 μὲν
393 1200 488 1258 οὖν
539 1206 569 1258 6
617 1208 1093 1279 Καντακουζηνδς,
1119 1210 1312 1281 ὥσπερ
1351 1213 1483 1281 ἡμῖν
1515 1210 1818 1281 ἱστόρηται,

257 1294 428 1357 οὕτως
457 1296 539 1359 είς
587 1298 648 1351 τὸ
697 1300 998 1368 βασιλεύειν
1030 1304 1180 1358 ἄκων
1219 1304 1496 1373 ἐμπεσὼν,
1535 1304 1628 1357 καὶ
1658 1303 1822 1357 πολε·
1864 1345 1869 1351 .

260 1388 454 1456 μηθεὶς
513 1390 616 1443 ὑπὸ
667 1393 775 1444 τῶν
820 1393 1113 1462 ὁμοφύλων
1162 1395 1463 1463 κραταιῶς.
1509 1394 1729 1455 πολλοῖς
1761 1408 1821 1445 τε

258 1477 526 1543 κινδύνοις
564 1482 658 1533 καὶ
705 1486 1014 1553 συμφοραῖς
1056 1485 1333 1548 ποικίλαις
1384 1483 1822 1555 προσομιλήσας.

258 1572 349 1622 καὶ
391 1572 554 1633 αὐτὸς
598 1573 750 1625 οὐδὲν
789 1569 954 1645 ἦττον
993 1576 1145 1646 πάσῃ
1200 1566 1417 1647 μηχανῇ
1450 1577 1822 1646 χρησάμενος,

259 1661 350 1711 καὶ
388 1662 524 1729 πρὸς
577 1662 753 1715 πάντα
787 1666 926 1731 μετὰ
956 1664 1049 1717 τοῦ
1087 1668 1460 1736 προσήκοντος
1502 1665 1652 1734 αὑτῷ
1695 1682 1827 1735 φρο-

255 1753 497 1823 νήματος
560 1755 959 1819 ἀντικαταστάς
988 1797 1004 1823 ,
1069 1759 1163 1810 καὶ
1227 1760 1543 1812 τελευταῖον
1603 1759 1826 1812 πάντων

1915 759 2100 812 varios
2143 771 2328 822 casus,
2351 765 2409 811 et
2467 755 2769 811 infortunia
2819 756 3101 817 subiisset,
3135 761 3191 809 et
3232 754 3299 807 iis
3325 755 3498 808 nihilo

1916 835 2100 903 minus
2149 849 2408 903 omnibus
2462 849 2670 913 nervis,
2719 848 2945 917 spiritu,
3000 863 3109 916 quo
3161 846 3410 902 decebat.
3440 852 3499 899 et

1916 939 2102 993 animo
2135 938 2545 1009 inexpugnabili
2572 952 2790 1007 semper
2822 937 3136 999 restitisset,
3167 932 3500 989 adversariis

1918 1030 2181 1085 carnibus
2229 1030 2604 1100 triumphatis,
2634 1038 2924 1099 postquam
2962 1044 3188 1084 suorum
3237 1024 3501 1095 improhi-
3613 1027 3629 1042 '

1928 1131 2041 1176 tate
2072 1121 2350 1177 similibus
2383 1122 2604 1176 casibus
2640 1121 2708 1177 de
2738 1124 2952 1189 integro
2992 1120 3261 1190 objectus,
3299 1126 3500 1172 etcum

1922 1212 2278 1284 homopbylis
2302 1212 2507 1267 bellum
2536 1212 2737 1267 iterare
2774 1221 3001 1267 coaetus
3040 1219 3146 1276 est,
3170 1209 3502 1278 opportuni-

1922 1309 2032 1357 tate
2065 1317 2219 1368 usus,
2250 1310 2305 1355 et
2334 1302 2489 1357 velut
2521 1300 2756 1356 sanitate
2807 1300 3183 1355 Romanorum
3219 1299 3274 1351 in
3307 1297 3505 1364 despe-

1923 1394 2067 1462 ratis,
2095 1394 2295 1463 posita,
2322 1392 2415 1463 qui
2471 1406 2752 1461 nunquam
2802 1406 3017 1460 sapere,
3041 1397 3099 1445 et
3155 1388 3375 1443 sibimet
3402 1387 3507 1440 nti-

1922 1481 2051 1538 liter
2102 1483 2391 1538 consulere
2453 1491 2714 1553 possent,
2774 1481 3007 1550 imperio
3082 1494 3144 1535 se
3201 1477 3501 1532 abdicavit.

1925 1573 2065 1628 Cum
2117 1573 2436 1643 aliquandiu
2468 1573 2523 1627 in
2567 1571 2920 1643 Manganensi
2970 1570 3224 1627 coenobio
3253 1570 3502 1631 vixisset,

1925 1673 2115 1734 postea
2171 1663 2315 1733 apud
2362 1663 2509 1718 Atho
2564 1678 2780 1718 sacrum
2817 1672 3057 1717 montem
3119 1661 3194 1731 in.
3226 1659 3505 1727 Batopedii

1927 1754 2263 1809 monasterio
2301 1771 2360 1809 se
2406 1754 2669 1818 condere,
2696 1763 2754 1809 et
2786 1755 3058 1824 reliquum
3085 1754 3157 1809 ibi
3190 1767 3365 1807 aevum
3390 1751 3509 1804 exi-

257 1843 685 1914 περιγενὸμενος
717 1845 829 1899 τῶν
873 1848 1416 1913 ἀντικαταστάντων,
1450 1850 1576 1901 ἐπεὶ
1605 1849 1694 1903 διὰ
1723 1848 1825 1918 τὴν

1931 1859 2056 1913 gere
2084 1842 2330 1899 decrevit
2358 1860 2371 1897 :
2405 1844 2551 1913 quod
2594 1854 2776 1898 tamen
2805 1844 3158 1918 Palasologus
3200 1840 3506 1912 impedivit,

254 1908 567 2005 μοὶθηρίαν
610 1936 719 1989 τῶν
768 1938 1044 1991 συνόντων
1080 1940 1195 2004 τοῖς
1221 1908 1433 2010 ὁμοίοις
1460 1935 1617 2004 αὖθις
1663 1908 1825 2010 περί.

1931 1908 2149 2003 rogans,
2174 1932 2401 2016 paulum
2422 1908 2641 2000 adhuc,
2688 1914 2868 2003 quoad
2892 1934 2944 1989 ei
2986 1908 3156 1987 ﬁlium
3190 1908 3505 1987 Mattbmum

254 2027 580 2090 πεπτώκει,
621 2027 715 2081 καὶ
795 2029 930 2098 πρὸς
989 2032 1081 2083 τὸν
1133 2031 1272 2099 πρὸς
1330 2032 1455 2094 τοὺς
1514 2030 1827 2101 ὁμοφύλους

252 2119 497 2187 πᾶλεμον
534 2120 856 2189 ἠναγκάσθη
883 2124 1162 2189 ἐκπεσεῖν,
1198 2124 1396 2194 καιροῦ
1446 2125 1828 2195 παρασχόντος

253 2213 353 2282 τὴν
400 2212 575 2282 ἀρχὴν
620 2213 912 2278 ἀπείπατο,
945 2215 1138 2285 ὥσπερ
1194 2215 1587 2286 ἀπαγορεύσας
1632 2215 1694 2268 τὸ
1749 2214 1827 2282 μὴ

259 2303 323 2357 ἀν
354 2318 488 2356 ποτε
521 2302 845 2371 δυνήσεσθαι
883 2303 1177 2374 Ῥωμαίοις
1204 2306 1341 2376 ὀρθά
1377 2307 1690 2377 φρονήσειν,
1732 2303 1828 2357 καὶ

269 2398 642 2457 λυσιτελοῦντα
672 2396 909 2457 ἑαυτοῖς.
939 2399 1144 2468 Χρόνον
1179 2398 1235 2450 δέ
1286 2414 1407 2451 τινα
1437 2400 1503 2467 τῇ
1534 2396 1641 2450 τῶν
1680 2395 1831 2462 Μαγ-

281 2494 436 2546 κὰνυν
469 2496 610 2563 μονῇ
640 2492 1011 2561 ἐνδιατρίψας,
1044 2490 1235 2543 ἔπειτα
1260 2489 1527 2558 ἐσκέψατο
1558 2491 1638 2550 είς
1672 2486 1827 2539 Ἀθω

281 2583 333 2635 τὸ
360 2583 487 2652 ἱερὸν
518 2583 642 2653 ὅρος
670 2584 729 2635 ὲν
766 2584 831 2652 τῇ
865 2581 1194 2634 Βατοπεδίου
1248 2582 1384 2650 μονῇ
1414 2580 1697 2647 γενέσθαι,
1735 2579 1828 2631 καὶ

271 2671 351 2722 τὸν
377 2669 653 2724 ἐπίλοιπον
695 2670 812 2739 βίον
845 2669 1112 2724 διανύειν·
1144 2669 1388 2723 ἐκώλυσε
1419 2669 1489 2739 δὲθ
1514 2669 1770 2739 βασιλεὺς
1800 2671 1829 2721 6

267 2760 396 2824 νέος,
433 2761 646 2829 δεηθεὶς
690 2761 771 2815 ἔτι
823 2762 1019 2831 μικρὸν
1068 2758 1497 2830 προσδιατρίψαι
1546 2759 1830 2829 Βυζαντίῳ

262 2852 415 2921 ἄχρις
434 2852 500 2906 ἂν
523 2851 672 2922 αὑτῷ
701 2853 982 2922 Ματοαίον
1011 2850 1270 2922 διαλλάξῃ
1303 2850 1531 2921 βασιλέα
1564 2850 1656 2903 τὸν
1691 2850 1826 2904 υἱόν.

261 2943 363 2996 Τοῦ
396 2944 663 3013 χειμῶνος
693 2944 799 3013 γάρ
825 2944 1037 2998 ἐκείνου
1071 2944 1209 3012 μετά
1238 2944 1338 3016 τὴν
1364 2941 1828 3013 Καντακουζηνοῦ
1848 2950 1861 2969 ‘

256 3035 348 3090 τοῦ
382 3035 648 3105 βασιλέως
698 3037 1049 3109 ἀναχώρησιν
1104 3038 1168 3089 ὲκ
1199 3037 1299 3105 τῆς
1332 3037 1507 3111 ἀρχῆς
1558 3036 1713 3090 οὐδὲν
1772 3035 1824 3088 oi

259 3129 367 3181 ’δέοι
417 3126 654 3197 βασιλεῖς
709 3127 844 3203 πρὸς
904 3127 1158 3198 ἀλλήλοις
1191 3125 1544 3191 ὲπεδείξιντο
1585 3124 1824 3192 πολέμου

1927 2024 2301 2088 conciliasset,
2350 2023 2596 2093 Byzantii
2634 2033 2974 2079 moraretur.
2999 2023 3093 2077 Illa
3144 2023 3293 2078 enim
3326 2020 3509 2076 hieme

1931 2124 2054 2184 post
2080 2115 2487 2170 abdicationem
2507 2112 2902 2179 Cantacuzeni,
2928 2114 3180 2186 iuniores
3209 2114 3507 2183 imperato-

1929 2223 2017 2263 res
2063 2208 2211 2262 bello
2265 2206 2411 2262 inter
2449 2222 2510 2262 se
2548 2220 2780 2276 prorsus
2829 2206 3242 2269 abstinuerant,
3275 2212 3333 2259 et
3362 2203 3508 2258 intra

1932 2317 2067 2359 suos
2123 2311 2360 2372 uterque
2408 2302 2568 2366 ﬁnes,
2618 2309 2679 2355 ut
2724 2307 2936 2370 apatre
2981 2299 3243 2368 descripti
3270 2298 3509 2363 fuerant,

1930 2410 1990 2450 se
2014 2394 2381 2450 continuerat.
2415 2391 2811 2447 Verumtamen
2858 2389 3107 2445 nondum
3141 2400 3336 2443 mutuo
3371 2388 3510 2443 bene

1930 2486 2271 2558 cupiebant:
2319 2484 2488 2555 879
2543 2492 2601 2538 et
2643 2482 2885 2553 suspicio
2939 2491 3084 2546 erat,
3128 2481 3236 2537 nisi
3294 2480 3419 2551 quis
3454 2481 3511 2535 in

1927 2568 2284 2632 concordiam
2309 2589 2407 2630 eos
2443 2572 2798 2641 restituisset,
2820 2581 3052 2644 propter
3076 2580 3196 2627 acta
3238 2572 3513 2627 Adriano—

1932 2670 2044 2741 poli
2133 2671 2303 2725 armis
2394 2657 2786 2725 concursuros.
2852 2668 3121 2735 Quocirca
3177 2668 3515 2739 Palaeologus

1929 2759 2109 2816 foedus
2141 2775 2268 2816 cum
2298 2759 2391 2813 illo
2414 2758 2633 2815 sancire
2667 2758 2914 2828 optabat,
2937 2767 2994 2814 et
3027 2772 3284 2813 socerum
3320 2772 3516 2826 preca-

1929 2849 2112 2912 batur,
2136 2863 2206 2902 ne
2230 2848 2384 2918 prius
2418 2846 2485 2901 ad
2515 2847 2661 2902 Atho
2692 2846 3026 2910 discederet,
3052 2861 3216 2913 quam
3248 2860 3345 2900 eos
3371 2845 3517 2900 inter

1929 2953 1991 2994 se
2026 2936 2286 2992 amicitiae
2324 2936 2548 2991 vinculo
2587 2934 2916 3011 colligasset.
2968 2933 3072 2990 Cui
3141 2934 3392 3005 petitioni
3456 2940 3519 2988 n'.

1923 3032 2108 3110 justas,
2132 3047 2194 3094 et
2222 3053 2252 3092 ε
2291 3052 2388 3093 sua
2424 3052 2659 3109 persona
2707 3036 2850 3091 haud
2903 3034 3097 3091 alienae
3133 3050 3344 3089 morem
3391 3049 3518 3105 ges-

1931 3143 2024 3195 sit.
2049 3140 2257 3195 Eadem
2290 3140 2472 3195 hieme
2529 3149 2588 3194 et
2625 3138 2942 3209 patriarcha
2994 3136 3258 3193 Callistus
3292 3135 3518 3192 Tenedo

262 3217 442 3288 ἔργον,
473 3217 591 3272 ἀλλ’
638 3219 696 3271 ὲν
748 3218 896 3282 ίδίοις
950 3215 1098 3289 ὅροις
1144 3217 1380 3279 ἕκαστος
1423 3216 1696 3269 διετέλουν
1726 3215 1826 3279 τῆς

1936 3242 2213 3291 reversus,
2259 3225 2685 3282 ecclesiasticam
2742 3232 3071 3295 potestatem
3127 3224 3358 3293 recepit,
3389 3238 3517 3278 cum

264 3313 459 3380 ἀρχῆς,
507 3309 693 3381 ὥσπερ
735 3308 839 3364 ύπῖι
870 3310 966 3363 τοῦ
1020 3310 1231 3381 πατρὸς
1264 3309 1565 3379 μεμέριστο
1601 3308 1661 3359 τὸ
1691 3307 1829 3376 πρό-

265 3396 441 3473 τερον.
513 3403 588 3456 Οὐ
647 3402 754 3472 μὴν
804 3401 915 3455 οὐδ’
965 3401 1141 3464 οὕτως
1190 3397 1338 3471 εἶχον
1377 3400 1518 3453 ὥστε
1580 3398 1831 3468 ἀλλήλοις

265 3497 492 3548 εὐνοεῖν·
541 3493 658 3547 ἀλλ’
700 3494 758 3547 ὲν
792 3492 1050 3562 ὑποψίαις
1100 3487 1245 3562 ἦσαν
1307 3494 1371 3543 ὲκ
1403 3489 1509 3543 τῶν
1542 3489 1682 3542 κατὰ
1730 3488 1830 3559 τὴν

278 3585 710 3658 ’Δδριανούπολιν
748 3585 1013 3656 πρότερον
1052 3583 1429 3655 εἰργασμένων
1455 3636 1466 3648 _
1507 3581 1616 3658 ᾡς,
1667 3582 1713 3633 εί
1755 3582 1829 3649 μή

264 3693 344 3738 τις
367 3650 616 3739 ’διαλλάξε
627 3691 701 3727 ιεν
723 3650 942 3740 αἰτοὺς,
971 3650 1444 3742 πολεμησείοντες.
1474 3650 1547 3722 Οῗ)
1575 3668 1641 3736 δὴ
1670 3666 1855 3720 ἕνεκα·

268 3764 359 3818 καὶ
384 3764 631 3834 βασιλεὺς
672 3765 702 3817 6
743 3765 859 3828 νέος
903 3764 1156 3831 Ἰωάννης
1214 3763 1477 3817 διενοεῖτο
1519 3759 1827 3829 συμϐάσεις

268 3854 456 3909 θέσθαι
496 3858 628 3924 προς
669 3854 832 3908 αὐτὸν
886 3854 1015 3924 περὶ
1072 3854 1299 3924 εἰρήνης
1325 3892 1341 3917 ,
1405 3853 1500 3905 καὶ
1533 3850 1825 3927 βασιλέως

268 3946 461 4017 ἐδεήθη
513 3946 606 3999 τοῦ
654 3944 940 4014 κηδεστοῦ,
975 3945 1051 4016 μὴ
1096 3948 1226 4016 πρὶν
1255 3945 1520 4011 ἀπαίρειν
1565 3943 1704 4014 πρὸς
1741 3930 1833 3995 τ’δν

272 4038 426 4091 Ἀθω
456 4040 583 4107 πρὶν
622 4038 817 4100 αὐτοὺς
855 4038 1290 4106 καταλλαγῆναι·
1340 4028 1588 4090 ἐπείθετό
1636 4054 1695 4089 τε
1742 4036 1836 4088 καὶ

267 4128 429 4192 αὐτὸς
462 4128 670 4182 δικαίαν
701 4125 838 4182 εἶναι
872 4130 970 4196 τὴν
1002 4129 1228 4192 ἀξίωσιν
1259 4129 1497 4196 νομίσας
1524 4132 1617 4181 καὶ
1659 4146 1834 4199 προσ-

266 4222 504 4282 ἥκουσαν
533 4220 702 4290 αὐτῷ.
727 4218 833 4272 Τοῦ
866 4221 922 4273 δὲ
949 4220 1115 4279 αὐτοῦ
1143 4221 1413 4290 χειμῶνος
1446 4222 1541 4273 καὶ
1565 4237 1669 4274 πατ
1682 4222 1836 4291 ριάρ-

266 4329 368 4382 χης
405 4314 433 4365 ὁ
469 4311 762 4374 Κάλλιστος
787 4314 851 4365 ὲκ
876 4313 1105 4365 Τενέδου
1139 4314 1465 4382 ἀφιγμένος,
1494 4312 1593 4381 τῆς
1632 4314 1831 4383 ἐκκλη-

268 4404 547 4471 σιαστικῆς
604 4401 761 4465 αὖθις
822 4402 1122 4456 ἐπελάϐετο
1172 4403 1381 4472 ἀρχῆς,
1440 4405 1656 4466 οὐδενὶς
1716 4404 1835 4455 τολ-

259 4495 474 4569 μῶντος
511 4495 823 4548 ἀντειπεῖν·
875 4494 937 4547 ού
981 4493 1089 4563 μὴν
1122 4495 1245 4548 οὐδὲ
1292 4495 1458 4558 αὐτὸς
1507 4495 1702 4565 ἐδεήθη
1734 4495 1834 4564 τῆς

1932 3313 2312 3369 contradicere
2342 3326 2503 3368 nemo
2538 3310 2809 3378 auderet;
2837 3312 2971 3382 quin
3007 3325 3112 3366 nec
3147 3311 3266 3380 ipse
3300 3311 3521 3380 episch

1934 3416 2130 3471 porum
2162 3403 2232 3455 de
2280 3399 2636 3455 restitutione
2685 3411 2788 3453 sua
2841 3396 3163 3468 suﬂ’ragium
3205 3397 3518 3467 expetebat.

1933 3490 2042 3546 Sed
2076 3489 2459 3562 indignissime
2500 3503 2608 3543 non
2634 3502 2664 3542 a
2697 3486 3085 3543 Cantacuzeno
3107 3487 3518 3554 solum,verum

1933 3582 2099 3636 etiam
2137 3581 2206 3637 ab
2263 3579 2539 3651 episcopis
2593 3578 2862 3635 violatum
2914 3592 2987 3635 se
3037 3578 3361 3645 arbitratus,
3418 3594 3520 3635 suo

1936 3671 2041 3727 sibi
2087 3670 2352 3743 suffragio
2398 3669 2728 3727 reditionem
2777 3667 3135 3736 etnﬁrmans,
3172 3669 3387 3739 injuria!
3418 3684 3522 3723 au-

1936 3775 2121 3821 ctores
2171 3762 2239 3819 ad
2279 3778 2499 3834 poenam
2554 3761 2909 3833 deposcebat.
2954 3761 3278 3820 Intercessit
3338 3751 3521 3816 tamen

1934 3857 2272 3929 I‘alaeologus
2320 3856 2620 3926 imperator
2663 3856 2969 3926 preteritas
3016 3854 3424 3916 contentiones,
3467 3860 3524 3908 et

1941 3949 2035 4019 qui
2069 3958 2185 4004 tum
2248 3947 2353 4003 fuit
2402 3963 2586 4004 rerum
2641 3957 2843 4003 statum
2877 3964 2975 4017 pro
3001 3948 3175 4002 nihilo
3208 3947 3522 4002 habendum

1940 4048 2255 4096 autumans.
2312 4038 2503 4094 Hieme
2560 4038 2831 4109 praecipiti
2880 4054 2910 4092 a
2952 4037 3275 4093 domesticis
3298 4039 3363 4091 ad
3389 4038 3526 4092 Mat-

1944 4134 2151 4187 thzeum
2197 4128 2644 4201 persequendum
2695 4129 2945 4183 irritatur
2976 4145 2990 4183 :
3021 4128 3219 4198 partim
3254 4126 3401 4197 quod
3431 4127 3517 4182 in-

1932 4223 2081 4293 juste
2129 4237 2358 4277 consors
2413 4227 2561 4276 esset
2602 4220 2844 4287 imperii,
2890 4217 2959 4272 de
2992 4233 3103 4287 quo
3158 4226 3366 4287 partem
3408 4232 3523 4271 non

1937 4318 2209 4373 minorem
2242 4315 2563 4371 abstulisset
2588 4331 2604 4380 ;
2637 4314 2840 4383 partim
2867 4312 3013 4383 quod
3039 4313 3158 4383 ejus
3181 4312 3428 4381 perpetui
3467 4313 3521 4366 in

1936 4422 2151 4461 summa
2188 4405 2476 4476 republica
2507 4403 2812 4459 adversarii
2837 4404 3178 4457 incrementa
3203 4402 3520 4472 prohibere,

1940 4498 2233 4568 ipsumque
2265 4497 2484 4566 penitus
2512 4495 2805 4551 debilitare
2848 4494 3325 4565 expeditissimum
3353 4505 3520 4549 esset.

262 4587 372 4640 τῶν
408 4587 708 4656 ἀρχιερέων
760 4586 942 4656 ψήφου
996 4589 1044 4640 εί
1114 4586 1234 4640 δέον
1286 4587 1449 4640 αὑτὸν
1507 4589 1830 4656 εἰσάγεσθαι

1939 4590 2154 4656 Quibus
2204 4588 2517 4651 rationibus
2591 4588 2797 4645 cedens
2852 4590 3105 4645 triremes
3153 4589 3432 4649 instruxit.
3457 4602 3524 4644 ac

264 4676 696 4745 ἐκϐεϐλημένον·
735 4677 854 4729 ἀλλ’
898 4677 1197 4745 ἠδικῆσθαι
1245 4679 1314 4730 τὰ
1348 4670 1553 4747 ἔσχατα
1582 4679 1832 4744 οίόμενος

261 4768 326 4819 ού
360 4768 507 4836 παρὰ
546 4765 807 4836 βασιλέως
830 4768 1016 4836 μόνον,
1048 4766 1187 4819 ἀλλὰ
1220 4769 1317 4821 καὶ
1350 4770 1460 4821 τῶν
1488 4768 1830 4830 ἐπισκόπων,

264 4860 617 4928 ἐπεκύρωσεν
655 4859 817 4923 αὐτὸς
863 4860 1015 4930 αὐτῷ
1047 4859 1145 4931 τὴν
1176 4860 1379 4931 ψῆφον,
1415 4862 1513 4914 καὶ
1554 4862 1683 4925 τοὺς
1711 4860 1830 4931 ηδι-

264 4951 503 5020 κηκότας
536 4951 812 5021 ἐπεχείρει
867 4949 1071 5023 μᾶλλον
1101 4953 1196 5021 τῆς
1238 4952 1642 5025 ἀγνωμοσύνης
1671 4952 1831 5016 δίκας

263 5045 542 5098 ἀπαιτεῖν.
591 5044 866 5099 Ἐκὼλυσε
925 5046 981 5098 δὲ
1033 5045 1289 5116 βασιλεὺς
1323 5048 1351 5100 6
1411 5049 1553 5112 νιος,
1583 5048 1692 5102 τῶν
1732 5064 1832 5102 κα-

215 5170 227 5187 .
259 5131 563 5199 τάστάσιν,
592 5134 687 5187 καὶ
715 5133 1053 5201 φιλονεικίαν
1073 5138 1376 5207 γινομένων
1407 5138 1627 5191 πάντων
1659 5154 1831 5209 προσ-

259 5224 421 5288 ήκειν
470 5221 707 5290 φάμενος
742 5224 1127 5295 ὑπερφρονεῖν.
1180 5229 1461 5299 Δήγοντος
1494 5229 1553 5283 δὲ
1598 5230 1701 5300 ἤδη
1736 5228 1832 5282 τοῦ

260 5314 532 5383 χειμῶνος
563 5315 666 5368 ὑπὸ
694 5317 803 5370 τῶν
832 5319 1104 5399 συνόντων
1155 5322 1290 5391 πρὸς
1322 5323 1607 5376 Ματθαῖον
1635 5322 1833 5388 ὲξεπο-

263 5405 485 5475 λεμὼθη
504 5406 594 5459 τὸν
624 5407 871 5477 βασιλέα,
902 5412 969 5465 τὰ
1000 5410 1101 5481 μὲν
1136 5413 1349 5466 ἐκείνου
1377 5414 1833 5484 κατηγορούντων

267 5496 346 5559 ὡς
380 5497 579 5557 ἀδίκως
628 5498 841 5570 ἔχοντος
887 5501 986 5571 τὴν
1025 5501 1333 5571 βασιλείαν,
1390 5505 1483 5557 καὶ
1534 5505 1698 5575 μέρος
1732 5505 1835 5558 οὐκ

272 5586 485 5642 ἔλαττον
530 5590 627 5658 τῆς
675 5592 845 5660 ἀρχῆς
899 5595 1317 5666 παρῃρημένου,
1352 5597 1420 5648 τὰ
1466 5595 1511 5647 δ’
1544 5594 1708 5649 αὑτὸν
1742 5597 1835 5648 ἐπὶ

269 5682 361 5733 τὸν
395 5683 531 5753 πρὸς
572 5686 784 5737 ἐκεῖνον
839 5686 1183 5756 ὲξορμῶντες
1230 5672 1495 5757 πόλεμον,
1541 5689 1618 5753 ὡς
1660 5687 1834 5759 ῥᾷστα

273 5774 559 5828 καταλύειν
584 5774 750 5827 αὑτὸν
780 5774 921 5840 ἐξὸν,
947 5779 1043 5830 καὶ
1067 5777 1141 5849 μὴ
1171 5778 1264 5850 ὲᾷν
1300 5780 1630 5846 αὐξάνεσθαι
1669 5784 1833 5834 ἀντα-

275 5865 540 5935 γωνιστὴν
582 5864 839 5934 ἐσόμενον
866 5866 951 5919 ἀεὶ
998 5870 1126 5938 περὶ
1170 5868 1278 5921 τῶν
1310 5868 1466 5925 ὅλων.
1513 5864 1609 5933 Οἷς
1652 5871 1834 5925 πειθόο

1937 4684 2115 4754 ιιι-ἰωο
2156 4697 2285 4737 vere
2334 4681 2390 4736 in
2424 4681 2579 4737 illum
2609 4681 2987 4752 Gratianopoli
3017 4698 3141 4737 cum
3170 4690 3281 4736 tota
3317 4681 3522 4736 familia

1933 4776 2313 4851 degentem,et
2333 4772 2558 4843 insuper
2578 4774 2778 4842 oppida
2799 4773 3145 4828 Cbalcidices
3164 4773 3523 4842 omnia,pra2-

1936 4875 2084 4921 terea
2135 4864 2707 4934 Adrianopolim,cum
2746 4864 2944 4920 vicinis
2986 4864 3262 4935 oppidulis
3300 4865 3525 4935 (quibus

1930 4956 2372 5013 Cantacuzenum
2398 4966 2652 5026 patruum
2679 4955 3172 5012 sebastocratonem
3199 4971 3521 5033 praeposue-

1936 5051 2040 5118 rat)
2065 5048 2407 5104 obtinentem
2430 5048 2712 5119 profectus
2763 5056 2868 5103 est.
2902 5047 3248 5117 Nicephorus
3296 5049 3523 5117 despota

1933 5140 2297 5210 gener,soceri
2310 5138 2580 5195 beneﬁcio
2595 5137 2797 5194 Asinum
2814 5139 3253 5210 possidens,eum
3270 5139 3523 5194 Mattlnru

1936 5234 2267 5302 imperatore
2286 5233 2477 5287 uxoris
2500 5246 2614 5286 sua:
2640 5245 2904 5301 germano
2947 5245 3005 5285 se
3031 5229 3333 5300 conjunxit,
3361 5229 3524 5297 eique

1937 5323 2249 5394 praesidium
2279 5322 2543 5380 adversus
2562 5323 2864 5394 quemlibet
2880 5324 3092 5377 hostem
3120 5330 3374 5391 prompto
3398 5319 3522 5374 ani-

1934 5430 2026 5469 mo
2048 5413 2531 5484 promisit.Verum
2547 5415 2756 5470 Joanne
2778 5414 3114 5484 imperatore
3137 5410 3521 5467 .Enum'navi-

1935 5504 2038 5560 bus
2059 5505 2310 5575 appulso,
2325 5504 2580 5561 Matthmo
2594 5505 2805 5573 relicto,
2825 5506 2891 5560 ad
2912 5521 3037 5561 eum
3056 5513 3282 5575 repente
3296 5502 3519 5565 defecit,

1937 5593 2243 5664 urbemque
2262 5595 2495 5650 dedidit.
2524 5595 2658 5651 Inde
2685 5596 2986 5666 imperator
3015 5608 3239 5649 manum
3270 5592 3520 5657 mittens,

1937 5689 2130 5741 Beram
2175 5704 2393 5760 quoque
2468 5691 2717 5758 recepit,
2746 5689 3009 5760 oppidum
3066 5685 3521 5751 munitissimum,

1939 5790 2165 5850 prepter
2192 5781 2437 5838 llcbrum
2496 5783 2847 5848 aediﬁcatum,
2881 5780 3025 5850 quod
3078 5776 3374 5847 aliquando
3406 5789 3525 5834 mo-

1934 5871 2241 5927 nasterium
2278 5871 2524 5929 virorum
2582 5872 2685 5928 fuit
2717 5890 2731 5928 :
2772 5882 2901 5927 tunc
2929 5872 3000 5927 ob
3046 5868 3241 5926 crebra
3276 5866 3440 5933 bella,
3466 5875 3522 5919 et
