4056 6494
501 448 610 517 319

1680 461 2004 522 JOANNIS
2042 462 2563 523 CANTACCZENI

3636 462 3759 527 320

502 565 868 621 Barbarorum
902 565 1243 638 irruptiones
1274 586 1302 624 a
1339 571 1668 641 quibusdam
1703 574 1955 643 agricolis
1982 573 2079 628 ba-

2198 592 2363 639 ιενος,
2394 578 2644 645 τριήρεις
2683 576 3001 645 ὲφοπλίσας,
3041 554 3402 649 ἐστράτευσεν
3429 577 3515 630 ἐπ’
3541 567 3755 633 ὲῖεῖνον

503 657 758 720 bitatnm,
782 658 1045 728 oppidum
1082 676 1309 730 parvum
1341 672 1585 718 evaserat
1625 682 1639 719 :
1677 666 1802 727 hoc,
1830 664 2075 734 inqu‘am,

503 750 757 818 pra'sidio
789 753 1062 817 tradente,
1086 754 1151 808 ad
1183 755 1342 810 fidem
1375 774 1529 813 suam
1552 760 1796 815 adduxit.
1831 761 1910 816 Ex
1932 761 2077 816 ᾹΞιιο

502 856 670 910 porro
717 842 1087 913 Nicephorum
1151 849 1361 904 militiae
1405 853 1618 906 socium
1681 854 1930 917 habens.
1979 846 2078 925 per

503 933 877 990 continentem
949 938 1353 995 Peritheorium
1416 945 1619 1005 movit,
1673 961 1907 1015 cumque
1960 949 2079 1016 ejus

505 1024 766 1091 praefecto
815 1029 1030 1082 occulte
1080 1045 1177 1099 per
1230 1031 1629 1090 internuntium
1678 1036 1748 1090 de
1804 1040 1939 1091 urbe
1977 1039 2077 1091 de-

503 1115 683 1169 deuda
736 1119 1080 1183 collocutus,
1135 1124 1530 1191 promissorum
1597 1129 1974 1198 magnitudine
2009 1145 2077 1185 eo

506 1207 740 1276 impulit.
804 1210 972 1280 880
1012 1213 1298 1268 Matthzeus
1351 1216 1649 1286 imperator
1711 1219 1965 1283 timens,~
2008 1237 2079 1276 ne

505 1298 635 1365 quid
668 1298 895 1365 fraudis,
922 1311 976 1356 et
1007 1304 1268 1372 nequitiae
1305 1307 1451 1360 circa
1481 1308 1672 1362 urbem
1703 1311 2077 1365 committere-

510 1396 621 1453 tur,
655 1392 912 1459 quamvis
967 1395 1137 1448 armis
1183 1397 1394 1453 sciebat
1422 1414 1545 1454 esse
1576 1400 2077 1471 inexpugnabilem,

506 1475 583 1528 illi
642 1478 1018 1535 custodienda:
1060 1497 1257 1551 agmen
1311 1486 1569 1551 militare,
1632 1498 1897 1558 quantum
1949 1492 2083 1545 satis

504 1577 673 1634 esset,
725 1571 913 1626 mittit.
968 1574 1267 1647 Praefectus
1322 1578 1590 1634 militibus
1645 1582 2082 1649 comprehensis,

505 1674 659 1714 arma
709 1676 927 1729 eorum,
957 1677 1013 1718 et
1071 1681 1247 1736 equos
1302 1668 1407 1722 sibi
1464 1670 1713 1737 retinuit,
1766 1672 2083 1741 imperatori

506 1752 816 1826 Palzcologo
850 1757 1044 1811 urbem
1078 1774 1204 1813 cum
1236 1760 1370 1831 ipsis
1412 1762 1657 1818 tradidit.
1689 1763 1767 1818 Ea
1796 1772 2083 1834 occupata,

507 1843 733 1929 aliunde
767 1847 1017 1904 collectis
1058 1852 1366 1921 equitibus,
1390 1854 1732 1910 Cumutzena
1760 1856 2083 1926 Oppidulum

509 1938 848 1995 continentis
874 1939 1106 1998 adortus
1160 1954 1247 2000 est
1281 1965 1294 1998 :
1327 1961 1489 2016 quem
1537 1945 1779 2021 libenter
1807 1947 1957 2003 cives
1990 1947 2087 2002 ad-

511 2029 820 2099 mittentes,
852 2033 989 2088 nihil
1044 2036 1288 2104 sollieiti,
1318 2039 1368 2093 ei
1424 2052 1484 2093 se
1533 2042 1928 2110 permiserunt.
1957 2041 2087 2097 Inde

511 2123 775 2190 quoniam
813 2122 1241 2195 Gratianopolis,
1287 2126 1380 2183 ubi
1431 2142 1490 2183 se
1535 2130 1757 2185 tenebat
1780 2130 2089 2199 Mattheus,

513 2228 626 2266 non
655 2213 952 2268 admodum
979 2217 1172 2285 procul
1213 2218 1476 2284 distabat,
1510 2235 1608 2290 per
1628 2222 1838 2293 legatos
1866 2239 1992 2279 eum
2019 2224 2088 2281 ad

515 2303 698 2358 foedus
749 2304 977 2370 invitat,
999 2307 1088 2361 cui
1119 2308 1285 2363 etiam
1315 2309 1417 2380 ipsi
1478 2326 1579 2380 pax
1610 2326 1722 2366 non
1742 2314 2087 2383 displicebat.

513 2396 786 2450 Admovet
816 2397 935 2452 urbi
974 2402 1316 2469 exercitum;
1353 2401 1636 2459 Matthzeus
1667 2407 1780 2460 exit
1829 2405 1999 2474 foras,
2021 2405 2090 2461 de

517 2486 666 2540 bello
715 2489 1128 2558 colloquuntur,
1187 2493 1456 2549 ambobus
1488 2509 1555 2550 eo
1594 2495 1970 2552 desistendum
2018 2496 2095 2552 vi-

518 2577 703 2643 detur,
743 2580 827 2634 bis
865 2581 1300 2645 conditionibus.
1327 2594 1386 2639 ut
1407 2585 1480 2641 sit
1510 2596 1740 2656 uterque
1774 2588 2090 2659 imperator,

519 2669 746 2736 quando
775 2671 937 2726 ambo
972 2674 1362 2732 communibus
1410 2677 1782 2734 Romanorum
1818 2680 2096 2751 suffragiis

521 2765 685 2819 electi
719 2764 850 2830 sint,
876 2772 933 2819 et
954 2765 1023 2820 ab
1058 2767 1299 2824 Ecclesia
1330 2769 1624 2841 Byzantina
1662 2773 1931 2828 coronati.
1959 2774 2096 2840 Quia

518 2867 655 2907 vero
709 2853 875 2908 urbes
929 2853 1185 2911 Romana:
1218 2857 1442 2927 reliquae
1492 2860 1803 2943 pauciores,
1836 2871 1890 2915 et
1926 2861 2097 2932 impe-

521 2951 665 3005 rium
704 2950 887 3006 minus
921 2951 1177 3021 sitquam
1208 2962 1268 3009 ut
1304 2954 1495 3010 ambos
1538 2955 1903 3026 imperatores
1932 2957 2098 3012 susti-

521 3049 669 3098 neat.
703 3039 990 3097 Mattha-us
1025 3042 1274 3101 Thracia:
1297 3046 1534 3115 oppidis,
1560 3062 1681 3116 qua:
1706 3047 1893 3114 habet,
1915 3048 2093 3115 cedat,

522 3136 575 3188 in
609 3134 1045 3203 Peloponnesum
1076 3137 1293 3208 migret,
1319 3138 1410 3194 tibi
1442 3139 1817 3196 Romanorum
1866 3144 2097 3200 urbibus

2179 664 2295 734 ἅμα
2327 661 2445 735 ἦρι,
2472 667 2609 735 πρὸς
2637 671 2703 737 τῇ
2735 667 3032 737 Γρατιανοῢ
3094 670 3413 740 πανοικεσίᾳ
3444 670 3752 739 διατρίϐον-

2176 772 2280 818 τα,
2333 756 2527 826 ἔχοντα
2573 758 2632 811 δὲ
2700 759 2795 812 καὶ
2843 759 2941 821 τὰς
2997 759 3164 823 ἄλλας
3253 763 3354 832 τῆς
3415 761 3755 831 Χαλκιδικῆς

2180 847 2399 911 ἁπάσας
2430 847 2636 911 πόλεις’
2690 850 2825 919 πρὸς
2871 850 3113 912 ἐκείναις
3167 849 3223 913 δὲ
3260 849 3355 902 καὶ⁵
3390 850 3490 919 τὴν
3534 851 3757 921 Ἀδρια-

2178 939 2295 1005 νοῦ,
2348 940 2593 1002 καὶἻὰς
2641 941 2770 1010 περὶ
2801 940 2975 1011 αὐτὴν
3005 942 3287 1011 πολίχνας,
3326 938 3413 1005 αἷς
3444 943 3759 1009 ἐπέστησεν

2178 1031 2418 1101 ἄρχοντα
2457 1032 2939 1103 σεϐαστοκρόιτορα
2977 1034 3069 1087 τὸν
3102 1033 3574 1104 Καντακουζηνὸν,
3608 1036 3760 1088 θεῖον

2179 1123 2309 1176 ὄντα
2340 1124 2476 1193 πρὸς
2507 1126 2736 1195 πατρός.
2788 1126 3071 1195 Δεσπότης
3105 1126 3161 1179 δὲ
3209 1127 3525 1195 Νικηφόρος
3554 1130 3581 1180 6
3612 1145 3763 1195 γαμ-

2181 1216 2310 1284 ϐρὸς
2348 1216 2446 1287 τὴν
2480 1211 2637 1269 Αἶνον
2672 1210 2807 1286 εἶχε,
2852 1218 3115 1285 βασιλέως
3166 1217 3264 1270 τοῦ
3307 1217 3569 1286 κηδεστοῦ
3614 1233 3763 1286 παρ-

2181 1308 2511 1375 εσχημένου.
2546 1307 2754 1360 Ἐδόκει
2781 1325 2839 1360 τε
2865 1308 3134 1375 Ματθαίῳ
3164 1308 3376 1377 βασιλεῖ
3397 1307 3474 1377 τῷ
3497 1310 3766 1375 γυναικδς

2182 1398 2398 1468 ἀδελφῷ
2419 1392 2832 1468 ’προσκεῖσθαν
2886 1401 2977 1451 καὶ
3038 1398 3413 1467 ἐπηγγέλλετο
3459 1398 3766 1469 προθύμως

2186 1491 2327 1561 ὑπὲρ
2381 1490 2546 1543 αὐτοῦ
2604 1492 2897 1561 μαχεῖσθαι
2935 1492 3096 1544 παντὶ
3149 1491 3226 1561 τῷ
3258 1491 3491 1544 ἐπιόντι.
3530 1492 3667 1543 Τότε
3701 1492 3766 1544 δὲ

2187 1580 2452 1650 βασιλέως
2486 1582 2744 1637 Πωάννου
2775 1583 2866 1635 τοῦ
2902 1583 3024 1636 νέου
3072 1586 3194 1646 ταῖς
3220 1584 3379 1636 ναυσὶ
3416 1582 3763 1652 κατάραντος

2188 1673 2324 1732 ἐκεῖ.
2367 1673 2530 1735 αὐτός
2570 1689 2632 1724 τε
2658 1673 3086 1744 προσεχώρησεν
3114 1673 3336 1744 ἀθρόον,
3356 1673 3450 1726 τοῦ
3473 1672 3770 1728 Ματθαίου

2190 1764 2454 1835 βασιλέως
2482 1766 2746 1830 ἀποστὰς,
2772 1767 2866 1820 καὶ
2909 1767 3006 1836 τὴν
3032 1767 3192 1820 πόλιν
3225 1766 3536 1835 παρεδίδου.
3581 1766 3772 1819 Ἐκεῖο

2190 1857 2280 1909 θεν
2304 1857 2361 1910 δὲ
2394 1856 2647 1925 βασιλεὺς
2699 1858 2728 1910 6
2766 1858 2908 1920 νέος.
2941 1858 3191 1929 πέμψας,
3227 1859 3322 1911 καὶ⁸
3366 1857 3552 1926 Βῆραν
3589 1873 3768 1926 προσ-

2190 1949 2431 2019 ηγάγετο
2467 1949 2725 2018 φρούριόν
2759 1965 2810 2001 τι
2837 1950 3256 2020 καρτερώτατον
3286 1949 3439 2018 παρὰ
3462 1947 3770 2018 τδνἜὸρον

2191 2041 2601 2114 κατῳκισμένον
2629 2079 2644 2103 ,
2694 2038 2724 2092 6
2771 2042 3037 2113 πρότερον
3072 2041 3173 2111 μὲν
3204 2040 3622 2110 φροντιστήριον
3661 2040 3770 2091 ἀν-

2188 2133 2333 2204 δρῶν
2366 2134 2706 2204 μοναζόντων
2758 2131 2862 2205 ἦν,
2916 2135 3041 2187 τότε
3105 2133 3161 2186 δὲ
3220 2131 3326 2200 ὑπὸ
3376 2133 3486 2184 τῶν
3520 2130 3774 2200 συνεχῶν

2194 2225 2468 2297 πολέμων,
2501 2228 2597 2282 καὶ
2637 2227 2744 2285 τῶν
2780 2226 2986 2295 ἐφόδων
3027 2225 3137 2278 τῶν
3169 2222 3522 2295 βαρὸαρικῶν
3545 2264 3561 2289 ,
3593 2223 3774 2294 ἀγρο-

2190 2316 2300 2371 τῶν
2325 2333 2491 2371 τινων
2526 2317 2967 2387 κατῳκισμένον,
3000 2316 3240 2383 πόλισμα
3264 2315 3365 2386 ἤδη
3405 2309 3495 2384 ἦν,
3532 2314 3561 2367 δ
3593 2332 3776 2384 προσ·

2192 2409 2434 2476 ηγὰγετο
2459 2409 2486 2461 6
2520 2409 2639 2472 νέος
2670 2409 2928 2480 βασιλεὺς
2965 2407 3321 2477 παραδόντων
3351 2406 3462 2460 τῶν
3483 2407 3777 2476 φρουρῶν.

2197 2501 2303 2559 ,Ἐκ
2354 2500 2454 2569 τῆς
2509 2502 2667 2554 Δῐνου
2722 2500 2775 2554 δὲ
2823 2499 2919 2553 καὶ
2976 2498 3294 2569 Νικηφόρον
3331 2498 3441 2550 ’τὸν
3496 2498 3779 2567 δεσπότην

2195 2590 2334 2661 ἔχων
2381 2593 2892 2663 συστρατευόμενον
2936 2592 3001 2644 ὲκ
3050 2580 3462 2661 τῆς’ὴπείρου,
3494 2591 3773 2661 προσέσχε

2197 2683 2568 2754 Περιθεωρίῳ,
2612 2684 2706 2737 καὶ
2739 2684 2957 2755 πέμψας
3004 2682 3214 2754 κρύφα,
3244 2684 3374 2752 περὶ
3406 2681 3769 2752 παραδόσεως

2194 2776 2466 2845 διελέγετο
2516 2774 2597 2847 τῷ
2646 2775 2869 2846 ἄρχοντι
2923 2777 3024 2844 τῆς
3078 2773 3329 2835 πόλεως·
3398 2775 3495 2826 καὶ
3545 2772 3774 2825 ἔπεισεν

2196 2865 2675 2935 ἐπαγγειλάμενος
2734 2864 2969 2936 μεγάλα.
3018 2862 3299 2927 Ματθαῖος
3331 2863 3389 2916 δὲ
3440 2865 3467 2917 6
3513 2861 3771 2932 βασιλεὺς

2195 2957 2379 3022 δείσας
2408 2958 2481 3028 μή
2524 2975 2577 3010 τι
2604 2955 2962 3027 κακουργηθῇ
2991 2954 3123 3027 περὶ
3154 2954 3254 3025 τὴν
3296 2954 3478 3017 πόλιν,
3510 2953 3627 3025 ᾔδει
3656 2953 3774 3023 γὰρ

2197 3047 2476 3101 ἀνάλωτον
2502 3046 2831 3117 τειχομαχίᾳ
2863 3044 3154 3114 ἐσομένην,
3189 3043 3530 3113 στρατιώτας
3554 3042 3775 3111 έπεμψε

2200 3141 2462 3208 φρουρεῖν
2499 3138 2660 3199 ὅσους
2686 3134 2823 3207 ᾤετο
2866 3135 3121 3206 ἀρκέσειν
3149 3148 3164 3164 ⁸
3217 3132 3311 3196 οὒς
3351 3137 3379 3187 6
3430 3133 3529 3202 τῆς
3566 3133 3781 3197 πόλεως

523 3228 842 3294 imperitet.
893 3227 974 3283 sic
1023 3237 1205 3285 tamen
1257 3239 1318 3284 ut
1369 3230 1707 3301 Palmologus
1738 3233 1973 3289 Manueli
2005 3238 2096 3291 de-

2205 3232 2390 3303 ἄρχων
2422 3229 2727 3297 συλλαϐὼν,
2772 3229 2912 3282 ὅπλα
2958 3229 3055 3299 μὲν
3089 3227 3250 3289 αὐτὸς
3279 3229 3374 3280 καὶ
3402 3228 3608 3289 ἵππους
3632 3223 3776 3297 εἶχευ

521 3327 692 3385 epota:
734 3328 924 3374 auctor
961 3320 1054 3375 tiat
1083 3322 1136 3375 in
1183 3321 1407 3377 fratrem
1444 3325 1835 3381 transferenda:
1874 3330 2098 3398 provin—

520 3408 640 3472 cias,
676 3408 864 3478 illique
909 3426 1006 3480 pro
1052 3427 1113 3465 ea
1148 3411 1414 3467 Lemnum
1454 3414 1711 3481 insulam,
1735 3418 1916 3487 quoad
1953 3419 2100 3475 vixe-

527 3501 618 3564 rit,
647 3516 769 3553 cuni
797 3504 1012 3580 ratione
1053 3505 1335 3560 reddunda
1365 3506 1864 3563 administrandam
1887 3512 2098 3576 credat,

524 3593 594 3647 tle
631 3593 867 3661 publicis
892 3595 1138 3666 Byzantii
1182 3590 1545 3668 vectigalibus
1578 3601 1814 3671 topicam
1849 3602 2102 3659 nomina-

526 3693 639 3739 tam
677 3686 812 3755 (4'2),
849 3688 1012 3757 paulo
1038 3683 1328 3759 plusﬂleua
1355 3705 1652 3746 aureorum
1716 3693 1887 3747 millia
1919 3694 1972 3748 in
2004 3674 2103 3749 an-

526 3791 656 3829 nnm
719 3777 983 3832 ferentem
1037 3780 1324 3835 attribuat.
1382 3782 1570 3837 Donec
1629 3792 1811 3839 autem
1875 3785 2103 3856 despota

526 3868 909 3941 Peloponneso
941 3871 1191 3935 decedat,
1218 3872 1507 3928 Matthazus
1526 3874 1814 3947 Palazologi
1837 3890 2125 3932 concessu-

488 3963 495 3969 “
529 3961 795 4017 Lemnum
840 3964 1193 4030 transmittat,
1245 3965 1435 4034 ibique
1489 3967 1795 4031 consideat,
1835 3978 1892 4023 et
1930 3969 2106 4024 nihilo

529 4056 714 4110 minus
745 4057 993 4123 praesidia
1028 4057 1082 4111 in
1120 4057 1355 4111 urbibus
1378 4056 1595 4111 habeat.
1625 4056 1725 4113 Ubi
1759 4058 1814 4113 in
1837 4058 2103 4114 Lemnum

527 4163 559 4200 e
610 4147 988 4216 PPIOponneso
1050 4149 1279 4217 despota
1332 4148 1503 4203 frater
1552 4149 1786 4214 venerit,
1842 4150 2105 4207 Thracias

532 4239 700 4293 urbes
747 4239 944 4293 δοθιιηί
997 4239 1315 4310 imperatori
1347 4249 1404 4293 et
1433 4239 1583 4294 fratri
1634 4241 1869 4296 insulam
1901 4243 2101 4310 tradat,

530 4333 647 4401 ipse
689 4334 743 4386 in
800 4333 1240 4403 Peloponnesum
1281 4333 1520 4403 naviget.
1555 4332 1646 4387 llis
1698 4334 2107 4390 conditionibus

531 4424 711 4479 foedus
755 4433 1204 4491 composuerunt,
1252 4423 1547 4494 visumque
1606 4424 2108 4494 bellum.conquieo

531 4518 676 4571 visse
708 4534 721 4568 :
754 4525 812 4569 et
861 4516 1041 4569 salute:
1093 4514 1320 4571 alternis
1353 4514 1521 4579 dicta,
1560 4515 1848 4569 Matthaaus
1895 4515 2107 4571 Gratia-

532 4609 773 4677 nopolim
797 4607 1129 4676 regreditur.
1152 4606 1393 4661 Joannes
1424 4605 1829 4660 Peritheorium
1859 4606 2102 4673 veniens,

531 4715 657 4754 cum
694 4699 977 4752 Mattlneus
1014 4698 1280 4756 mitteret.
1325 4696 1420 4766 qui
1466 4696 1656 4750 Lemni
1699 4698 2103 4766 possessionem

534 4809 635 4848 suo
671 4792 894 4846 nomine
927 4790 1167 4854 adirent,
1214 4797 1272 4843 et
1322 4787 1557 4842 insulam
1602 4788 1963 4851 custodirent,
1996 4805 2105 4844 una

529 4896 588 4939 ct
625 4885 957 4952 Palacologus
983 4882 1154 4945 misit,
1180 4880 1274 4949 qui
1327 4879 1677 4945 addicerent;
1712 4880 2018 4949 mansitque
2049 4881 2105 4936 in

536 4983 695 5037 urbe,
759 4973 941 5043 quoad
989 4972 1097 5025 illis
1148 4970 1407 5032 reiersis,
1439 4968 1727 5023 Malthaeus
1759 4968 1811 5021 in
1839 4966 2108 5024 Lemnum

533 5068 863 5138 traiecisset.
892 5064 1029 5117 Dum
1058 5061 1222 5132 881
1248 5060 1366 5114 hzec
1396 5070 1655 5130 aguntur,
1689 5075 1758 5114 ex
1786 5060 2111 5117 domesticis

534 5156 823 5226 Palasologi
880 5153 1102 5225 quidam
1160 5152 1492 5207 clanclulum
1531 5152 1838 5205 munitores
1878 5152 1945 5205 ad
1978 5152 2115 5206 Mat-

534 5256 739 5306 tbaeum
788 5248 1142 5312 submittunt,
1196 5260 1265 5301 ne
1318 5244 1493 5314 pactis
1524 5243 1683 5298 valde
1719 5244 1978 5307 conﬁdat,
2012 5245 2108 5299 sed

535 5343 638 5396 sibi
671 5343 838 5397 ctiam
867 5349 1034 5410 atque
1066 5340 1235 5396 etiam
1279 5351 1471 5395 caveat
1503 5355 1518 5393 :
1549 5355 1617 5394 ne
1645 5355 1836 5409 parum
1878 5321 2138 5409 provide.

2202 3323 2417 3394 βασιλεῖ
2471 3322 2529 3375 δὲ
2584 3322 2664 3392 τῷ
2710 3321 2815 3390 νέρ
2862 3321 2964 3390 τήν
3010 3337 3071 3372 τε
3131 3319 3288 3372 πόλιν
3342 3319 3632 3385 παρεδίδου
3659 3320 3778 3403 ’καὶ

2199 3416 2327 3473 τοὺς
2360 3412 2721 3482 στρατιώτας,
2776 3410 2935 3465 Ἐπεὶ
2993 3410 3049 3463 δὲ
3104 3410 3280 3480 εἴχετο
3324 3410 3357 3480 ἡ
3394 3410 3566 3473 πόλις,
3597 3410 3773 3463 ἄλλων

2202 3504 2427 3558 ἄλλοθεν
2502 3503 2717 3556 ἱππέων
2789 3501 3221 3569 συνειλεγμένων
3273 3541 3288 3565 ,
3368 3500 3779 3569 ἐπεστράτευσε

2204 3595 2653 3671 Κουμουτςηνοῖς
2674 3594 3002 3665 ὴπειρώτιδι
3035 3593 3283 3663 πολίχνῃ·
3311 3595 3409 3647 καὶ
3443 3592 3781 3658 ὑπεδέξαντο

2205 3685 2506 3757 προθύμως
2554 3687 2604 3738 οἱ
2652 3685 2754 3754 τὴν
2792 3684 2950 3737 πόλιν
2982 3683 3391 3745 κατοικοῦντες,
3419 3683 3782 3752 ἀπολυπραγ-

2207 3779 2385 3847 μόνως
2422 3770 2944 3847 προσχωρήσαντες.
2994 3774 3240 3830 Ἐκεῖθεν
3286 3776 3344 3828 δὲ
3373 3775 3499 3827 ἐπεὶ
3535 3776 3597 3828 οὐ
3632 3775 3778 3827 πάνυ

2208 3867 2399 3938 πόρρω
2427 3869 2461 3938 η
2495 3867 2798 3938 Γρατιανοῦ
2831 3866 3169 3937 κατῴκιστο,
3268 3867 3550 3929 Ματθαῖος
3581 3865 3783 3935 διέτρι-

2207 3958 2302 4011 ϐεν
2333 3961 2360 4012 6
2408 3959 2713 4030 βασι).εὺς,ῖ
2746 3959 3054 4030 πρεσϐείαν
3094 3959 3232 4030 πρὸς
3282 3960 3488 4012 ἐκεῖνον
3529 3958 3779 4026 πέμψας,

2208 4053 2303 4104 ἐπὶ
2364 4051 2671 4120 συμϐάσεις
2732 4052 3125 4122 προύκαλεῖτο.
3189 4049 3401 4105 Ἐδόκει
3441 4049 3506 4118 δὴ
3541 4049 3782 4114 κάκείνῳ

2207 4144 2430 4214 αἱρετέα
2486 4142 2689 4210 μᾶλλον
2734 4138 2878 4196 εἶναι
2915 4144 2949 4213 ἡ
2998 4142 3193 4213 εἰρήνη
3220 4181 3236 4206 ,
3274 4142 3371 4194 καὶ
3405 4140 3687 4209 γενομένῳ
3722 4140 3781 4194 ὲν

2207 4233 2516 4306 Γρατιανοῦ
2554 4232 2675 4303 μεθ’
2724 4226 2792 4303 ἦς
2836 4228 2951 4303 εἶχε
3000 4233 3294 4303 στρατιᾶς,
3340 4232 3657 4299 συνεγένετο
3702 4232 3783 4301 τῷ

2209 4327 2316 4398 νέῳ
2371 4325 2585 4395 βασιλεῖ
2624 4325 2722 4394 τῆς
2756 4326 2966 4387 πόλεως
3017 4322 3269 4390 ἐξελθών·
3303 4323 3557 4393 ἀλλήλοις
3583 4340 3644 4375 τε
3670 4322 3780 4375 δια-

2213 4418 2498 4489 λεχθέντες
2552 4412 2685 4486 περδ.
2712 4414 2824 4469 τῶν
2867 4416 3010 4469 κατὰ
3038 4414 3131 4468 τὸν
3156 4414 3419 4486 πόλεμον,
3450 4416 3573 4468 ἐπεὶ
3609 4415 3776 4468 ἐδόκει

2211 4510 2547 4582 ἀμφοτέροις
2576 4508 3237 4577 καταλύειν,’συνέ6ησαν
3256 4507 3351 4559 ἐπὶ
3379 4507 3615 4568 τούτοις.
3640 4507 3776 4561 ὥστε

2211 4601 2556 4672 ἀμφοτέρους
2612 4599 2869 4670 βασιλέας
2930 4594 3071 4653 εἶναι
3132 4602 3281 4670 κοινῇ
3326 4598 3432 4651 ὑπὸ
3495 4598 3783 4666 Ῥωμαίων

2212 4691 2481 4762 ἑκατέρου
2523 4692 2831 4762 ᾑρημένου,
2871 4690 2967 4742 καὶ
3021 4688 3343 4757 στεφθέντος
3378 4689 3481 4742 ὑπὸ
3508 4690 3610 4758 τῆς
3642 4689 3783 4743 κατὰ

2215 4785 2509 4850 Βυζάντιον
2548 4782 2900 4853 Ἐκκλησίας.
2920 4781 3040 4835 Τῶν
3071 4781 3621 4852 ὑπολελειμμένωνδὲ
3651 4782 3786 4833 Ῥω·-

2216 4878 2400 4946 μαίοις
2447 4875 2680 4941 πόλεων,
2730 4873 2954 4942 καὶτῆς
3002 4871 3187 4944 χώρας
3217 4871 3384 4942 οὔσης
3415 4872 3697 4936 ἐλάττονος
3750 4875 3783 4943 ἢ

2213 4966 2356 5021 ὥστε
2396 4966 2743 5037 ἀμφοτέρους
2783 4963 3042 5034 βασιλέας
3097 4964 3263 5035 ἔχειν,
3318 4965 3430 5017 τῶν
3488 4963 3588 5033 μὲν
3641 4967 3785 5019 κατὰ

2211 5062 2312 5132 τὴν
2340 5061 2568 5131 Θρᾴκην
2602 5057 2812 5112 πόλεων
2850 5050 2926 5111 ὧν
2982 5056 3098 5128 ἔχει
3138 5056 3419 5111 Ματθαῖον
3449 5057 3783 5124 ἀφίστασθαι

2212 5155 2302 5207 τὸν
2343 5152 2588 5223 βασιλέα·
2618 5151 2822 5220 χωρεῖν
2852 5148 2911 5201 δὲ
2953 5148 3048 5201 ἐπὶ
3078 5148 3178 5219 τὴν
3214 5147 3642 5214 Πελοπόννησον,
3690 5152 3783 5200 καὶ

2213 5246 2325 5300 τῶν
2354 5245 2614 5316 ὑπηκόων
2655 5240 2949 5310 Ῥωμαίοις
2994 5241 3176 5293 ἐκεῖσε
3204 5238 3414 5291 πόλεων
3446 5238 3779 5307 βασιλεύειν·

2212 5337 2471 5408 Μανουὴλ
2503 5334 2773 5405 δεσπότην
2800 5331 2891 5386 τὸν
2924 5330 3159 5401 ἀδελφὸν
3188 5330 3476 5393 πείσαντος
3514 5328 3782 5399 πρότερον

1805 5476 2016 5537 Jacobi
2056 5447 2327 5537 'Pontani
2368 5478 2553 5533 notua.

609 5601 721 5670 (όῖ)
736 5597 1102 5657 Probabiliter
1113 5607 1268 5670 putat
1284 5597 1574 5654 Gretserus
1596 5608 1785 5653 noster
1803 5599 1881 5652 sic
1896 5597 2106 5653 dictum

536 5673 646 5728 hoc
691 5688 865 5742 genus
897 5669 1181 5742 vectigalis
1219 5671 1374 5742 παρᾲ
1419 5671 1480 5722 τὸ
1528 5672 1748 5742 τοπείον
1784 5683 1890 5731 seu
1924 5669 2109 5742 τοπέον

538 5758 634 5797 seu
666 5736 920 5813 τοπήῖον,
950 5736 1211 5813 quodest
1249 5736 1417 5813 funis,
1467 5738 1687 5813 rudens,
1720 5749 1771 5794 et
1808 5750 1863 5791 ut
1894 5738 1972 5791 ait
2002 5736 2109 5791 He-

538 5809 803 5879 sychius,’
835 5809 1193 5879 ὃπλαγνεὼς,
1238 5809 1466 5878 σχοινία,
1522 5809 1697 5867 κάλοι.
1757 5824 1820 5863 ex
1851 5821 2106 5879 quorum

544 5876 884 5947 venditione,
913 5888 971 5934 ut
991 5878 1042 5933 in
1061 5876 1607 5946 civitat-Vmarititua,
1636 5876 1862 5948 vectigal
1890 5885 2107 5946 captum

2214 5610 2358 5670 esse,
2391 5610 2419 5648 a
2452 5590 2935 5670 verisimilitudine
2967 5607 3083 5670 non
3110 5591 3398 5670 abhorret.
3433 5589 3549 5670 Nisi
3584 5587 3724 5670 forte
3751 5604 3781 5670 ει

2217 5665 2505 5741 topio,_seu
2535 5662 2771 5741 tppiario
2794 5678 2963 5731 opere
2986 5663 3068 5741 sic
3093 5662 3325 5741 dictum,
3359 5660 3454 5724 ita,
3491 5660 3671 5741 utqui
3698 5661 3781 5715 vel

2217 5729 2512 5803 topiarium
2544 5729 2878 5797 factitarent,
2910 5733 3002 5803 vel
3038 5732 3271 5803 topiaria
3318 5744 3483 5803 Opera
3513 5729 3617 5783 sibi
3650 5744 3787 5783 con-

2219 5799 2306 5859 fici
2338 5810 2617 5867 curarent,
2646 5803 2883 5873 vectigal
2905 5801 3037 5858 illud
3075 5799 3308 5854 τοπικὴν
3335 5799 3660 5869 penderent.
