4056 6464
562 403 672 474 323

1769 403 2085 465 JOANNb
2127 401 2651 464 (TANTACCZENI

3719 405 3829 468 Βει

634 522 851 577 discedit
883 536 901 574 :
937 520 1011 589 ad
1040 520 1290 573 maritum
1327 518 1700 586 proﬁciscitur.
1741 519 2029 589 Consilium
2081 519 2485 572 domesticorum
2542 520 2604 572 de
2657 534 2820 574 uxore
2876 516 2959 573 illi
3011 519 3488 589 suprriuducenda.
3562 518 3723 589 Fugit
3757 524 3830 575 ad

639 595 864 663 fratrem
903 592 958 644 in
988 588 1410 663 Reloponnrsum
1434 590 1733 641 securitatis
1764 588 2113 663 causa._lnde
2163 607 2193 663 (ι
2232 598 2425 643 manto
2454 600 2749 653 revocatur,
2780 591 2870 659 qui
2903 591 2960 643 in
2993 587 3173 660 pugna
3211 590 3278 644 ab
3308 587 3526 645 Albania
3547 587 3829 648 occiditur.

638 659 780 718 Uxor
814 661 1125 732 Byzantium
1157 660 1365 712 veniens
1397 674 1516 711 cum
1558 666 1729 711 matre
1758 659 2073 712 monacham
2104 659 2238 728 agit.

638 777 754 833 Sub
792 776 937 831 idem
986 786 1205 845 tempus
1231 774 1418 849 Crales
1464 773 1831 829 Triballorum
1878 774 2133 845 princeps
2161 784 2209 838 Α

566 868 708 922 obiit
744 867 881 938 (45).
910 878 966 921 et
1011 878 1198 923 exorta
1233 876 1319 922 est
1366 865 1511 920 inter
1549 865 1822 922 Triballos
1872 881 1981 921 non
2017 866 2153 920 levis
2184 877 2191 882 '

571 958 793 1011 seditio.
830 956 965 1011 Nam
997 966 1054 1010 et
1084 955 1274 1010 Simon
1309 953 1484 1009 Cralis
1530 954 1722 1020 frater,
1755 964 1870 1009 tum
1907 955 2149 1008 Acarna-

570 1051 675 1103 niae
712 1049 992 1111 dominus,
1019 1056 1186 1103 totam
1212 1046 1581 1101 Triballornm
1624 1047 1962 1116 provinciam
1993 1056 2055 1102 ut
2083 1046 2151 1101 ad

569 1156 629 1195 se
668 1141 1031 1210 pertinentem
1075 1138 1385 1206 allectabat,
1420 1138 1509 1195 cui
1539 1153 1606 1193 ex
1635 1138 1926 1193 Triballira
1957 1138 2155 1195 nobili-

575 1241 685 1286 tate
717 1232 873 1286 multi
901 1230 1108 1285 dabant
1135 1244 1384 1299 Operam,
1432 1238 1488 1285 et
1526 1228 1752 1289 Ouresis
1781 1229 1955 1287 Cralis
1987 1232 2150 1297 illius,

470 1319 476 1326 ’
578 1332 803 1393 propter
836 1330 1124 1391 paternum
1168 1322 1540 1391 principatum
1582 1321 1853 1378 adversus
1898 1332 2152 1391 patruum

570 1413 625 1466 in
668 1411 837 1464 armis
866 1419 1007 1467 erat.
1036 1408 1257 1465 fHelena
1285 1427 1418 1466 vero
1452 1412 1573 1482 ejus
1614 1400 1789 1467 πιθὼν
1823 1428 1977 1481 teque
2014 1412 2155 1467 dim-

572 1501 711 1555 dens
743 1502 875 1566 lilio,
916 1511 972 1556 et
1001 1501 1214 1556 Simoni
1247 1501 1441 1567 leviro,
1460 1503 1850 1572 compluribus
1876 1503 1943 1558 ad
1969 1517 2029 1558 se
2062 1514 2156 1557 ur-

571 1590 738 1646 bibus
786 1592 1078 1659 traductis,
1118 1607 1222 1647 nec
1259 1594 1682 1648 contemnendis
1741 1602 1895 1663 septa
1942 1594 2156 1649 viribus

572 1700 673 1754 per
700 1699 760 1739 se
788 1684 1072 1754 regnabat,
1108 1692 1366 1738 neutrum
1408 1685 1553 1743 bello
1602 1686 1898 1752 lacessens,
1930 1700 2034 1740 nec
2062 1685 2157 1741 ad-

566 1776 790 1845 juvans.
840 1774 1018 1829 Porro
1075 1776 1442 1844 potentissimi
1488 1775 1637 1845 apud
1692 1776 1842 1851 ipsos
1888 1776 2155 1833 nobilium

575 1867 956 1936 unusquisque
1010 1865 1409 1925 inﬁrmioribus
1471 1869 1716 1924 subactis
1764 1870 2002 1939 oppidis,
2063 1867 2159 1923 alii

573 1959 794 2025 quidem
827 1956 994 2017 Crali.
1041 1972 1150 2010 non
1206 1967 1265 2010 ut
1319 1958 1545 2023 domino
1589 1958 1941 2026 obediebant,
1969 1958 2065 2014 sed
2099 1965 2160 2012 ut

573 2048 746 2110 socio,
787 2056 845 2103 et
882 2047 1061 2102 amico
1085 2047 1289 2103 auxilia
1323 2050 1767 2125 submittebant:
1808 2051 1901 2105 alii
1944 2058 2154 2114 contra,

575 2136 790 2194 Simoni
825 2138 948 2209 ejus
982 2147 1176 2208 patruo
1206 2139 1653 2209 opitulabantur;
1699 2141 1791 2196 alii
1834 2152 2158 2198 neutrarum

574 2228 838 2299 partium,
868 2229 1014 2299 quod
1054 2230 1352 2297 habebant,
1394 2233 1824 2298 conservabant,
1873 2242 2154 2289 eventum-

575 2335 685 2391 que
729 2321 1208 2391 praestolabantur.
1261 2324 1740 2394 pravalentiorem
1784 2326 2053 2390 secuturi,
2101 2332 2159 2381 et

579 2412 808 2467 omnino
866 2415 922 2466 in
974 2412 1126 2469 mille
1156 2412 1426 2469 factiones
1473 2412 1743 2477 distracti,
1794 2413 2160 2472 seditionibus

573 2502 945 2574 agitabantur.
997 2504 1229 2559 Romani
1291 2517 1323 2557 a
1374 2502 1634 2559 Triballis
1668 2502 1880 2568 tandiu,
1933 2512 2157 2574 tamque

579 2593 767 2650 multis
803 2602 862 2649 et
888 2594 1101 2665 magnis
1149 2592 1335 2648 allecti
1368 2592 1736 2658 detrimentis,
1765 2585 1980 2663 tempus
2013 2594 2160 2652 nacti

579 2693 951 2754 opportunum
984 2684 1166 2739 ablata
1206 2683 1590 2753 recuperandi,
1625 2695 1681 2740 et
1704 2682 2012 2739 facinorum
2041 2699 2161 2753 pm-

580 2788 684 2828 nas
711 2789 743 2827 a
777 2772 1033 2829 Barbaris
1055 2772 1371 2841 expetendi,
1410 2780 1642 2841 propter
1677 2771 1839 2827 civile
1866 2771 2070 2826 bellum
2105 2780 2162 2827 et

580 2860 885 2920 seditiones
906 2862 1109 2931 quibus
1139 2860 1620 2923 conﬂictabantur.
1643 2862 1697 2916 id
1731 2862 1908 2933 ipsum
1944 2872 2160 2932 tempus

578 2952 705 3008 sine
733 2951 918 3006 fructu
953 2952 1333 3009 conterebant.
1374 2952 1648 3009 Caeterum
1692 2953 2039 3023 Nicepltorus
2066 2955 2161 3015 de-

578 3052 733 3111 spcta
780 3040 914 3108 dux,
958 3040 1231 3097 Triballos
1263 3042 1558 3099 discordiis
1600 3043 1877 3099 intestinis
1914 3044 2160 3101 laborare

580 3132 918 3203 intelligens,
957 3133 1326 3204 facillimeque
1372 3135 1711 3206 provinciam
1759 3144 2044 3207 paternam
2100 3151 2159 3193 se

580 3230 1038 3289 recuperaturum
1086 3236 1337 3292 sperans,
1379 3239 1503 3279 eum
1543 3229 1844 3294 praesertim
1891 3235 1947 3281 et
1988 3228 2158 3287 Preao

581 3313 809 3381 limpus,
839 3313 933 3382 qui
967 3312 1307 3369 Thessaliam
1346 3315 1596 3385 regebat,
1617 3315 1762 3372 diem
1788 3318 2040 3384 obiisset,
2071 3320 2160 3374 in-

2333 775 2472 829 ’Υπδ
2531 775 2587 828 δὲ
2644 773 2835 829 τοῦτον
2886 773 2979 827 τὸν
3030 775 3243 844 χρόνον,
3275 774 3372 827 καὶ
3403 773 3629 845 Κράλης
3658 775 3689 827 ὁ
3723 774 3835 828 τῶν

2253 866 2539 937 Τριϐιλῶν
2560 865 2830 933 δυνάστης
2856 863 3199 933 ἐτελεύτησε,
3224 863 3320 918 καὶ
3351 864 3543 926 στάσις
3561 865 3624 918 οὐ
3657 865 3837 933 μικρὰ

2250 954 2622 1027 ἁνερῤιπίσθη
2644 954 2952 1023 Τριδαλοῖς.
2982 955 3165 1023 Σίμων
3187 970 3246 1007 τε
3274 956 3383 1025 γὰρ
3406 957 3435 1007 ὁ
3460 955 3653 1026 Κράλη
3680 957 3837 1009 ἀδελ.

2254 1048 2373 1117 φὺς.
2417 1032 2778 1118 Ἀκαρνανίας
2824 1047 2947 1101 τότε
2998 1046 3204 1115 ἄρχων,
3254 1047 3351 1113 τῆς
3378 1048 3507 1116 ὅλης
3537 1047 3836 1119 Τρισαλῶν

2253 1139 2430 1208 ἀρχῆς
2462 1138 2816 1208 ἀντεποιήθη,
2866 1136 2942 1201 ὡς
2997 1136 3149 1205 αὐτῷ
3196 1136 3566 1208 διαφερούσης
3607 1140 3833 1208 μᾶλλον,

2254 1231 2350 1283 καὶ
2385 1229 2615 1292 πολλοὺς
2648 1228 2757 1282 τῶν
2793 1229 2944 1299 παρὰ
2990 1228 3282 1301 Τριϐαλοτς
3316 1229 3602 1299 ἐπιφανῶν
3640 1246 3837 1282 συναι-

2257 1321 2519 1393 ρομένους
2551 1316 2664 1391 εἶχε
2704 1320 2840 1391 πρὸς
2864 1319 2925 1373 τὸ
2964 1319 3126 1390 ἔργον
3147 1338 3159 1349 ·
3184 1320 3278 1374 καὶ
3309 1318 3541 1391 Οῠρεσις
3571 1320 3600 1373 ό
3635 1320 3835 1389 Κράλη

2256 1411 2386 1472 παῖς
2413 1408 2514 1478 τῆς
2561 1407 2825 1479 πατρῴας
2863 1408 3028 1462 ἕνεκα
3073 1407 3248 1479 ἀρχῆς
3287 1409 3544 1477 ἐπολέμει
3570 1409 3711 1476 πρὸς
3739 1410 3840 1461 τὸν

2259 1500 2428 1559 θεῖον.
2464 1500 2656 1568 Ἑλένη
2688 1517 2748 1553 τε
2782 1503 2815 1569 ἡ
2842 1499 3034 1553 τούτου
3085 1503 3268 1569 μήτηρ
3299 1500 3499 1568 ὁμοίως
3528 1498 3842 1552 ἀπιστοῦσα

2255 1592 2333 1663 τῷ
2371 1608 2431 1646 τε
2463 1593 2588 1663 υίῷ,
2624 1591 2720 1647 καὶ
2756 1590 2961 1658 Σίμωνι
2993 1591 3070 1660 τῷ
3107 1592 3202 1644 τοῦ
3231 1591 3418 1661 ἀνδρὸς
3453 1591 3692 1661 ἀδελφῷ,
3732 1592 3840 1644 πό·-

2257 1683 2371 1746 λεις
2403 1682 2605 1745 πολλὰς
2631 1681 3111 1753 ὑποποιησαμινη,
3145 1683 3240 1734 καὶ
3270 1681 3501 1749 δύναμιν
3533 1681 3704 1752 ἑαυτῇ
3736 1683 3846 1734 οὐκ

2259 1771 2742 1841 εὐκαταφρόνητον
2770 1772 3177 1841 περιστήσασα,
3214 1769 3337 1824 καθ’
3358 1770 3556 1838 ἑαυτὴν
3584 1764 3701 1837 εἶχε
3736 1770 3846 1837 τὴν

2258 1862 2433 1933 ἀρχὴν
2462 1863 2746 1933 μηδετέρῳ
2778 1861 3113 1931 πολεμοῦσα,
3153 1862 3293 1931 μήτε
3325 1861 3433 1931 μὴν
3467 1860 3845 1930 συναιρομένη

2262 1954 2400 2024 πρὸς
2428 1954 2519 2008 τὸν
2561 1954 2822 2025 πόλεμον.
2856 1953 2924 2007 0i
2956 1970 3017 2006 τε
3051 1951 3417 2008 δυνατώτατοι
3443 1954 3552 2005 τῶν
3583 1953 3718 2020 παρ’
3739 1953 3848 2006 αὺ-

2262 2047 2378 2109 τοῖς
2404 2046 2709 2114 ἐπιφανῶν,
2733 2047 2860 2108 τοὺς
2891 2043 3318 2115 ὑποδεεστέρους
3344 2044 3721 2105 ἀπελάσαντες
3779 2044 3850 2094 ἐκ

2194 2112 2236 2168 Β
2265 2136 2376 2191 τῶν
2432 2112 2634 2207 ἀρχῶν,
2665 2135 2888 2198 καὶτὰς
2915 2136 3147 2206 ὁμόρους
3191 2112 3433 2198 *ἕκαστος
3492 2135 3681 2197 πόλεις
3750 2133 3850 2201 ὑφ’

2264 2226 2444 2296 ἑαυτῷ
2495 2225 2884 2297 πεποιημένος,
2916 2227 2966 2278 oi
2999 2225 3099 2294 μὲν
3136 2224 3215 2295 τῷ
3248 2225 3439 2297 Κρά).η
3471 2228 3837 2295 συνεμάχουν,

2263 2320 2365 2372 οὐκ
2394 2318 2550 2370 αὐτοὶ
2578 2317 2847 2385 παρόντες
2872 2315 2981 2370 οὐδ’
3011 2315 3089 2379 ὡς
3114 2315 3352 2386 δεσπότῃ
3383 2314 3844 2384 πειθαρχοῦντες,

2263 2406 2403 2462 ἀλλά
2434 2406 2747 2475 πέμποντες
2773 2404 3073 2475 ἐπιμαχίαν
3097 2398 3185 2461 οἷα
3222 2404 3287 2474 δὴ
3318 2406 3603 2474 σύμμαχοι
3630 2404 3732 2459 καὶ
3755 2403 3854 2470 φί-

2263 2495 2370 2561 λοι,
2403 2497 2453 2548 o!
2480 2494 2538 2547 δὲ
2579 2494 2784 2565 Σίμωνι
2810 2493 2889 2564 τῷ
2921 2494 3074 2565 θείῳ.
3132 2494 3304 2549 Ἔνιοι
3331 2494 3389 2547 δὲ
3417 2494 3595 2551 αὐτῶν
3619 2496 3859 2564 προσεί-

2264 2602 2358 2656 χον
2380 2585 2650 2655 οὐδετέρῳ
2676 2600 2692 2617 ·
2727 2585 2865 2639 ἀλλὰ
2895 2587 2995 2656 τὴν
3043 2584 3212 2639 οὖσαν
3238 2585 3466 2657 δύναμιν
3497 2585 3852 2655 συνέχοντες,

2262 2678 2325 2730 τὸ
2358 2675 2551 2745 μέλλον
2606 2678 2959 2733 ἀπεσκόπουν
3004 2676 3080 2741 ὠς
3128 2678 3327 2746 ἐκείνῳ
3375 2678 3853 2747 προσθησόμενοε,

2264 2767 2324 2829 ὃς
2349 2767 2416 2821 ἂν
2440 2766 2501 2819 τὸ
2531 2766 2696 2819 πλέον
2728 2767 2847 2840 ἔχῃ,
2876 2768 2970 2829 καὶ
2999 2768 3078 2829 είς
3133 2767 3601 2837 μυρίαητμήματα
3630 2767 3858 2837 διαιρε-

2267 2859 2451 2922 θέντες
2481 2857 2827 2922 ἐστασίαζον.
2864 2858 3128 2928 Ῥωμαῖοι
3162 2857 3219 2910 δὲ
3248 2857 3441 2921 πολλὰ,
3493 2858 3588 2911 καὶ
3624 2856 3854 2926 μεγάλε

2265 2948 2371 3001 ὑπὸ
2402 2947 2689 3018 Τριϐαλῶν
2723 2947 2816 3001 ἐπὶ
2848 2947 3103 3001 τοσοῦτον
3128 2946 3451 3016 ἠδικημένοι
3477 2946 3684 3016 χρόνον,
3710 2962 3854 2998 και-

2266 3039 2362 3110 ροῦ
2389 3039 2666 3109 τυχόντες,
2697 3040 2766 3091 τά.
2813 3055 2873 3092 τε
2906 3040 3238 3110 ἡρπασμένα
3291 3038 3698 3103 ἀνασώσασθαι,
3742 3042 3856 3094 καὶ

2262 3130 2420 3194 δίκας
2451 3132 2576 3194 τοὺς
2607 3130 2916 3203 βαρϐάρους
2944 3130 3248 3199 ἀπαιτῆσαι
3277 3130 3384 3183 τῶν
3417 3130 3855 3202 τετολμημένων

2263 3220 2352 3274 διὰ
2401 3220 2492 3274 τὸν
2543 3222 2842 3291 κατέχοντα
2893 3221 3216 3290 συγγενικὸν
3257 3213 3516 3289 πόλεμον,
3563 3222 3661 3275 καὶ
3706 3224 3847 3286 τοὺς

2265 3313 2660 3382 στασιασμοὺς,
2689 3315 2769 3376 είς
2799 3312 2951 3366 οὐδὲν
2985 3315 3252 3384 χρήσιμον
3278 3312 3567 3368 ἀνάλωσαν
3593 3313 3689 3366 τὸν
3711 3329 3842 3367 και-

585 3402 813 3456 strurtis
872 3402 1196 3459 triremibus
1226 3403 1390 3469 Enn,
1448 3405 1540 3461 ubi
1576 3422 1799 3493 uxgrem
1829 3410 2076 3479 reliquit,
2105 3411 2161 3465 in

2268 3404 2383 3477 ρόν.
2411 3405 2726 3476 Νικηφόρος
2752 3405 2810 3458 δὲ
2844 3405 3114 3475 δεσπότης
3145 3408 3172 3459 ὀ
3199 3405 3351 3470 δοὺξ,
3372 3405 3470 3475 τὴν
3497 3408 3835 3476 κατέχουσαν

584 3490 923 3549 Thessaliam
964 3492 1259 3562 navigavit,
1320 3509 1481 3564 quam
1523 3490 1883 3564 descendens,
1940 3501 2158 3555 nemine

580 3591 895 3645 resistente,
921 3582 1204 3640 Thessalis
1238 3596 1488 3656 prompte
1514 3602 1574 3643 se
1606 3589 1957 3654 dedentibus,
1985 3605 2050 3645 ac
2072 3605 2162 3646 ve-

583 3672 665 3725 lut
693 3688 761 3727 ex
794 3673 1062 3730 iunnenso
1097 3675 1265 3731 lluctu
1289 3676 1566 3734 Triballici
1583 3679 1925 3746 dominatus,
1955 3680 2023 3735 ad
2056 3681 2164 3735 Ro-

585 3777 877 3817 manorum
907 3774 1253 3823 mansuetum
1275 3776 1334 3822 et
1357 3770 1772 3840 tranquillitatis
1798 3769 2023 3841 p'enum
2054 3770 2163 3825 im-

584 3853 797 3921 perium
831 3855 1304 3926 confugientibus,
1349 3859 1503 3914 brevi
1534 3861 1788 3915 totamin
1834 3869 2162 3929 potestatem

584 3953 802 4012 remgtt.
852 3944 1017 4016 883
1064 3946 1160 4001 Ille
1216 3948 1384 4019 igitur
1420 3951 1654 4005 urbibus
1680 3950 2017 4020 recipiendis
2045 3950 2162 4006 dis-

585 4039 768 4086 tentus
793 4043 928 4087 erat.
993 4035 1064 4089 At
1093 4034 1465 4106 Limpidarius
1488 4039 1712 4107 quidam
1743 4038 1811 4093 de
1840 4038 1961 4110 ejus
1988 4038 2166 4094 lamu-

581 4120 673 4184 iis,
707 4135 869 4189 quem
912 4124 1145 4178 navibus
1189 4126 1506 4192 praelectum
1544 4128 1860 4197 reliquerat,
1888 4129 1943 4183 in
1985 4129 2162 4185 domi-

582 4226 715 4266 num
759 4200 1256 4281 sceleratissimus,
1291 4217 1588 4279 classiariis
1635 4218 1934 4289 persuasit,
1978 4228 2039 4281 ut
2095 4220 2166 4277 ab

581 4303 701 4369 ipso
733 4303 1130 4373 desciscentes,
1152 4306 1351 4362 IEnum
1394 4309 1677 4365 redirent:
1710 4311 1901 4382 ingens
1930 4312 2080 4378 inde,
2111 4321 2167 4369 et

577 4392 785 4460 duplex
811 4396 1163 4450 commodum
1216 4409 1598 4470 percepturos.
1624 4401 1757 4456 Nam
1794 4413 1848 4457 et
1906 4411 2012 4458 tam
2046 4404 2166 4458 lon—

591 4483 796 4551 ginqua
820 4486 1170 4557 expeditione
1192 4487 1484 4544 liberatum
1512 4491 1602 4558 iri,
1629 4501 1854 4559 temere,
1880 4503 1939 4548 et
1963 4493 2167 4548 frustra

595 4574 916 4638 delassatos,
959 4584 1016 4630 et
1047 4578 1280 4632 afﬂictos
1326 4579 1381 4633 in
1422 4590 1607 4637 extera
1661 4583 1902 4651 regione,
1957 4594 2021 4638 ut
2074 4584 2168 4638 alii

577 4678 777 4717 eorum
821 4664 1104 4721 labm-ibus
1149 4666 1487 4738 amplissime
1518 4671 1810 4743 fruantur:
1842 4681 1898 4727 et
1933 4688 2168 4731 onerosa

2267 3496 2335 3551 τὰ
2369 3496 2655 3568 Τρισαλῶν
2690 3499 2993 3567 πράγματα
3017 3499 3208 3551 στάσιν
3231 3499 3393 3566 ὁρῶν,
3425 3497 3519 3550 καὶ
3545 3498 3719 3568 ῥᾷστα
3742 3498 3846 3567 τὴν

2268 3587 2525 3660 πατρῴαν
2557 3588 2784 3651 ἐλπίσας
2818 3588 3206 3643 ἀνασώσασθαι
3243 3589 3439 3657 ἀρχὴν,
3463 3588 3639 3653 ἄλλως
3674 3587 3722 3639 θ’
3762 3589 3851 3642 ὅτι
3900 3635 3904 3639 .

2268 3683 2364 3736 καὶ
2398 3681 2773 3752 Πρεάλιμπος,
2805 3679 2864 3744 ὃς
2886 3679 3181 3739 Θετταλίας
3204 3675 3315 3749 εἶχε
3349 3680 3449 3749 τὴν
3481 3680 3685 3748 ἀρχὴν,
3721 3681 3846 3732 ἑτε-

2268 3772 2460 3843 θνήκει
2491 3774 2589 3827 καὶ
2616 3772 2801 3837 αὐτὸς,
2828 3772 3080 3843 τριήρεις
3107 3771 3408 3839 ὲφοπλίσας
3435 3774 3500 3824 ὲκ
3524 3773 3623 3841 τῆς
3651 3771 3842 3836 Δῐνου,

2268 3862 2571 3915 ἀπέπλευσε
2607 3862 2674 3930 τῇ
2709 3860 2982 3929 Θετταλίᾳ
3028 3859 3128 3929 τὴν
3166 3860 3400 3927 γυναῖκα
3429 3857 3567 3928 πρὸς
3599 3861 3665 3928 τῇ
3694 3859 3845 3929 Αἴνῳ

2270 3952 2604 4016 καταλιπὼν,
2636 3953 2731 4006 καὶ
2750 3950 2984 4014 ἀποϐὰς,
3007 3951 3066 4003 ἐν
3098 3949 3266 4020 ὀλίγῳ
3292 3949 3470 4020 χρόνῳ
3492 3943 3607 4020 εἶχε
3634 3949 3845 4004 Θεττα-

2269 4043 2412 4111 λίαν,
2441 4043 2550 4096 τῶν
2583 4043 2943 4114 ἀμυνομένων
2981 4043 3079 4114 μὲν
3116 4043 3345 4095 οὐδένων
3394 4041 3585 4107 ὄντων,
3638 4041 3848 4095 Θεττα-

2270 4135 2379 4189 λῶν
2415 4135 2474 4188 δὲ
2504 4134 2798 4206 προθύμως
2822 4133 3279 4205 προχωρούντων,
3300 4134 3392 4186 καὶ
3411 4132 3598 4203 ὥσπερ
3622 4133 3687 4185 ὲκ
3710 4133 3845 4186 κλύ-

2268 4229 2435 4298 δωνος
2465 4229 2705 4298 μεγάλου
2734 4230 2834 4299 τῆς
2878 4228 3165 4297 Τριδαλῶν
3215 4230 3411 4298 ἀρχῆς,
3446 4228 3542 4281 tut
3567 4230 3668 4301 τὴν
3710 4227 3848 4282 Ῥω-

2273 4320 2448 4391 μαίων
2496 4319 2932 4388 καταφεύγοντες
2966 4321 3177 4392 ῇμερον
3212 4320 3307 4372 καὶ
3347 4320 3595 4390 γαλήνης
3632 4319 3839 4390 μεστὴν

2269 4411 2591 4482 ἠγεμονίαν.
2626 4411 2688 4464 '0
2725 4411 2827 4480 μὲν
2855 4410 2950 4465 οὖν
2983 4415 3113 4482 περὶ
3160 4410 3259 4475 τὰς
3294 4410 3479 4472 πόλεις
3530 4411 3832 4483 ἠσχολεῖτο.

2270 4501 2635 4581 Λιμπιδάοοιος
2691 4502 2749 4557 δέ
2803 4519 2886 4566 τις
2936 4502 3045 4557 τῶν
3100 4501 3313 4558 ἐκείνου
3347 4501 3591 4568 οἰκετῶν,
3615 4502 3673 4565 ὃς
3700 4498 3839 4573 ἦρχε

2271 4592 2380 4646 τῶν
2411 4594 2545 4645 νεῶν
2576 4592 2669 4648 ὑπ’
2697 4594 2910 4647 ἐκείνου
2943 4594 3349 4663 καταλειφθεὶς.
3379 4595 3687 4653 ἀδικώτατα
3716 4598 3846 4666 περὶ

2273 4683 2365 4735 τὸν
2402 4682 2675 4753 δεσπότην
2703 4684 3029 4755 διανοηθεὶς,
3058 4685 3241 4738 ἔπεισε
3269 4688 3331 4740 τδ
3353 4688 3604 4742 ναυτικὸν
3632 4688 3850 4741 ἐκείνου

583 4757 880 4820 servitute,
906 4774 1069 4827 quam
1107 4760 1257 4815 domi
1288 4761 1527 4831 despotaa
1565 4762 1666 4833 ipsi
1710 4764 1951 4819 serviant
1987 4782 2001 4818 :
2043 4782 2164 4821 cum

2276 4775 2645 4842 ἀποστάντας,
2673 4774 2811 4844 πρὸς
2841 4774 2939 4844 τὴν
2968 4772 3130 4830 Αἶνον
3157 4777 3494 4845 ἐπανελθεῖν,
3525 4780 3600 4841 ὡς
3631 4779 3727 4831 δύο
3778 4781 3855 4832 τὰ

583 4861 655 4899 ex
695 4847 912 4902 duobus
939 4851 1177 4903 alterum
1209 4853 1279 4903 sit
1312 4853 1711 4913 necessarium.
1762 4863 1876 4914 aut.
1902 4856 1946 4908 si
1981 4854 2167 4912 hostes

585 4937 796 5005 vincat,
828 4940 1066 4993 navibus
1093 4949 1296 5000 careat,
1324 4942 1526 5010 quibus
1551 4941 1617 4995 ad
1664 4942 1810 5011 ipsos
1843 4957 2169 5013 revertatur,

587 5037 686 5083 aut
714 5029 782 5083 ab
820 5030 927 5084 illis
957 5032 1138 5085 virtus
1178 5032 1432 5086 intereat.
1479 5032 1771 5101 Postquam
1820 5036 1939 5105 ejus
1990 5041 2170 5093 verbis

586 5120 840 5185 inescati,
872 5120 1002 5174 inde
1032 5122 1309 5175 solventes
1332 5119 1529 5174 [Enum
1560 5123 1865 5187 redierunt,
1897 5124 2171 5196 Limpida-

586 5214 704 5263 rius
735 5211 970 5280 primmn
995 5212 1217 5280 quidem
1248 5227 1344 5280 per
1364 5227 1427 5266 se
1457 5213 1644 5267 urbem
1669 5215 1912 5283 regebat,
1943 5229 2171 5286 eratque

588 5317 733 5356 unus
763 5302 968 5367 omnia,
999 5305 1387 5372 etimperator,
1414 5315 1471 5358 et
1492 5304 1621 5371 dux,
1654 5317 1709 5361 et
1732 5309 1977 5361 omnium
2004 5310 2169 5364 simul

587 5380 772 5446 rerum
800 5392 1078 5460 dominus,
1112 5393 1427 5465 pOpuloque
1450 5397 1506 5451 in
1531 5397 1773 5467 despotae
1804 5399 2049 5455 fautores
2079 5418 2173 5455 οι-

585 5479 891 5548 stimu'lato,
919 5486 1017 5539 hos
1037 5487 1088 5538 in
1113 5501 1390 5542 carcerem
1423 5490 1822 5556 contrudebat;
1858 5492 1959 5545 bos
1989 5495 2170 5546 omni-

590 5569 697 5625 bus
719 5572 877 5628 bonis
900 5577 1161 5645 spoliatos
1196 5579 1328 5634 urbe
1353 5582 1621 5650 pellebat;
1653 5583 1790 5638 alios
1825 5585 1990 5637 etiam
2024 5586 2171 5654 plebi

2274 4865 2508 4935 μέγιστα
2540 4867 2605 4919 ὲκ
2651 4869 2748 4933 τῆς
2797 4867 3138 4932 ἀποστασίας
3179 4870 3605 4937 κερδανοῦντας·
3640 4872 3743 4937 τῆς
3792 4888 3854 4922 τε

2272 4952 2565 5023 ὑπερορίου
2588 4951 2872 5021 στρατείας
2894 4953 3523 5026 ἀπαλλαξομένους,εξκῇ
3549 4958 3641 5007 καὶ
3664 4957 3856 5027 μάτην

2273 5044 2669 5110 κοπτομένους.
2723 5043 2818 5095 καὶ
2866 5043 3349 5114 ταλαιπωροῦντας
3399 5050 3487 5097 ἐπι
3547 5048 3670 5116 ξένη
3710 5088 3725 5109 ,
3783 5049 3857 5100 ’ἕλ’

2274 5131 2449 5199 ἕτεροι
2482 5132 2547 5182 ὲκ
2581 5130 2689 5183 τῶν
2727 5133 2953 5184 ἐκείνων
2986 5132 3164 5184 πόνων
3212 5134 3445 5202 μέγιστα
3500 5138 3859 5203 καρπῶνται,

2275 5223 2369 5274 καὶ
2395 5221 2495 5290 τῆς
2527 5223 2631 5275 ὑπδ
2647 5222 2915 5292 δεσπότην
2940 5225 3081 5276 οἶκοι
3104 5226 3375 5295 ἐπαχθοῦς
3407 5226 3672 5291 δουλείας,
3700 5232 3866 5284 ὲκεί-

2276 5330 2368 5366 νου
2404 5313 2551 5366 δυοῖν
2583 5314 2831 5384 θάτερον,
2868 5316 2929 5385 ἢ,
2968 5317 3016 5368 εί
3050 5319 3390 5383 περιγένοιτο
3408 5318 3515 5370 τῶν
3547 5320 3866 5389 πολεμίων,

2272 5405 2411 5458 νεῶν
2470 5406 2572 5459 οὐκ
2621 5406 3044 5477 εὐπορήσοντος,
3081 5403 3169 5470 αἷς
3197 5409 3543 5480 χρησάμενος
3587 5411 3872 5481 ἐπανήξει

2273 5497 2421 5564 πρὸς
2469 5496 2688 5561 αὐτοὺς,
2733 5499 2766 5569 ἢ
2803 5487 3315 5571 διαφθαρησομένου
3368 5501 3461 5554 ὑπ’
3505 5503 3753 5566 ἐκείνων,
3788 5506 3873 5560 ἂν

2278 5589 2651 5660 ὑπέρσχωσιν.
2710 5592 2863 5645 Ἐπεὶ
2894 5593 2952 5646 δὲ
2985 5593 3282 5648 ἐπείθοντο.
3316 5596 3409 5647 καὶ
3443 5594 3677 5665 ἄραντες
3708 5600 3876 5651 ἐκεῖ..

1861 5694 2075 5757 Jacobi
2112 5695 2377 5759 l’onlani
2412 5704 2599 5760 notas.

665 5785 776 5857 (45)
820 5786 1229 5858 Strangulatum
1283 5794 1336 5846 in
1388 5808 1610 5849 carcere
1668 5792 1835 5847 tradit
1869 5795 2158 5865 Gregoras,
2196 5797 2293 5853 lib.
2327 5815 2402 5862 ix,
2432 5798 2534 5851 sub
2573 5799 2756 5857 ﬁnem.
