4056 6450
1386 338 1424 367 ο

248 424 355 486 3εὸ

1384 406 1924 472 IllSTORlAliUM
1965 406 2193 464 LIBER
2240 404 2327 467 ιν.

3407 398 3513 461 3'26

254 538 345 583 Pw
385 530 664 598 ἐπανῆκον
694 529 773 591 είς
806 528 904 598 τὴν
933 522 1115 588 Αἶνον,
1168 523 1364 594 πρῶτα
1400 523 1498 591 μὲν
1527 522 1593 575 δι’
1630 516 1826 573 ἑαυτοῦ

1958 515 2167 570 lonatos
2194 515 2502 568 occidebat.
2534 512 2738 568 Deinde
2769 512 2819 565 in
2851 511 3091 582 reginam
3116 508 3355 580 despotze
3383 513 3517 567 uxo-

230 610 352 692 ’τὴν
388 623 545 674 πόλιν
574 622 833 684 ἔποιείτο,
868 619 961 671 καὶ
1000 618 1179 670 πάντα
1208 612 1273 686 ἦν
1305 614 1489 678 αὐτὸς,
1537 612 1630 667 καὶ
1661 626 1825 680 στρα-

1933 621 2069 667 rem,
2106 622 2286 660 arcem
2312 621 2436 659 cum
2472 604 2691 659 famulis
2708 604 3042 658 habitantem
3075 601 3273 657 invasit
3307 620 3320 656 :
3351 616 3514 672 quam

252 684 442 786 τηγδς,
465 713 558 766 καὶ
594 709 821 781 ἡγεμὼν
859 710 957 763 καὶ
991 684 1325 776 συμπάντων
1357 704 1701 774 πραγμάτων
1732 700 1830 754 κύ-

1958 700 2026 752 liu
2066 706 2461 775 Oppugnatam,
2496 704 2727 775 prepter
2763 684 3045 748 murorum
3091 693 3514 760 firmitudinem,

257 806 373 878 ρῖός
395 823 409 841 ο
436 806 526 857 τὸν
556 803 728 874 δῆμόν
754 819 814 856 τε
846 800 1146 868 ἐπαγαγὼν
1171 801 1284 860 τοῖς
1314 796 1552 878 δεσπότῃ
1580 808 1832 865 προσκει-

1933 801 1990 846 et
2050 788 2513 859 propugnantium
2578 787 2840 840 virtutem
2900 800 3095 853 capere
3148 800 3258 839 non
3309 787 3516 855 potuit.

263 868 469 965 μένοις.
518 868 648 951 τους
707 889 804 959 μὲν
852 888 1207 941 κατέκλεισεν
1260 881 1332 938 ’ἐν
1380 868 1783 952 δεσμωτηρίοις
1812 917 1829 944 ,

1958 882 2124 952 Ioegit
2159 890 2343 935 tamen
2377 894 2496 934 eam
2526 879 2593 933 ab
2622 894 2751 934 arce
2776 878 3081 938 discedere.
3119 877 3354 948 juratus,
3381 879 3476 932 nih
3503 881 3520 935 l

263 982 438 1041 ἐνίους
470 978 526 1029 δὲ
558 975 783 1042 ἐξήλασε
830 976 930 1042 τῆς
975 973 1210 1036 πόλεως,
1239 967 1315 1023 ὧν
1345 968 1491 1039 εῐχον
1521 970 1833 1036 ἀποστερή-

264 1084 399 1131 σας·
433 1065 547 1117 ἐστι
576 1062 636 1115 δὲ
670 1061 763 1123 οὓς
790 1064 880 1112 καὶ
916 1060 1207 1111 ἀπέκτεινε
1240 1057 1319 1124 τῷ
1345 1058 1503 1126 δήμῳ
1534 1055 1835 1126 παραδούςο

263 1155 450 1207 ἔπειτα
502 1148 907 1215 ἐπεστράτευσε
953 1144 1244 1214 βασιλίσσῃ
1306 1145 1371 1212 τῇ
1415 1143 1683 1195 δεσπότου
1732 1157 1835 1209 γα·

270 1244 407 1312 μετῇ
441 1243 539 1303 τὴν
568 1235 864 1305 ἀκρόπολιν
897 1235 1036 1303 μετὰ
1064 1234 1171 1285 τῶν
1207 1233 1434 1287 οἰκετῶν
1479 1231 1711 1304 ἐχούσῃ·
1744 1233 1840 1286 καὶ

263 1332 669 1401 τειχομαχήσας
716 1327 993 1396 ὲφικανὸν,
1030 1326 1167 1377 ἑλεῖν
1201 1325 1298 1393 μὲν
1328 1326 1429 1377 οὐκ
1470 1324 1708 1393 ἠδυνήθη
1748 1323 1843 1377 διὰ

266 1424 643 1492 καρτερὸτητα
669 1418 778 1471 τῶν
805 1418 1025 1487 τειχῶν,
1048 1417 1144 1469 zeal.
1185 1416 1452 1486 εὐψυχίαν
1493 1415 1603 1469 τῶν
1632 1417 1838 1484 ἀμυνο-

272 1517 487 1583 μένων*
538 1510 819 1581 ἠνάγκασε
891 1508 950 1561 δὲ
1008 1507 1335 1578 βασίλισσαν
1388 1510 1490 1580 τὴν
1542 1508 1841 1577 ἀκρόπολιν

267 1609 500 1662 ἑκεῦσαν
544 1605 808 1668 ἐκλιπεῖν,
842 1605 1040 1673 ὅρκους
1095 1603 1539 1672 παρασχόμενος,
1573 1600 1648 1665 ὡς
1684 1601 1838 1654 οὐδὲν

269 1700 462 1769 αὐτὴν,
495 1697 618 1749 οὕτε
648 1696 776 1756 τοὺς
804 1695 1062 1756 συνόντας
1093 1694 1348 1765 ἀδικήσει
1368 1710 1383 1724 ο
1431 1693 1545 1747 ἀλλ’
1590 1693 1844 1763 ἀφίξεται

233 1793 237 1797 ’
267 1792 391 1844 ὅποι
411 1789 478 1841 ἂν
500 1788 629 1857 δοκῇ
660 1786 885 1857 μηδενὸς
910 1784 1391 1854 παρενοχλοῦντος.
1422 1786 1490 1836 '0
1514 1786 1610 1838 καὶ
1637 1785 1844 1853 ἐπράτ-

265 1899 391 1933 τετο
416 1880 555 1951 μετά
578 1877 772 1948 μικρόν
796 1892 811 1909 ο
842 1875 977 1940 νεὼς
1005 1876 1111 1947 γάρ
1139 1875 1405 1940 ἐπιϐᾶσα,
1435 1877 1514 1938 είς
1545 1876 1842 1940 Βυζάντιον

268 1962 496 2037 ἀφῖκτο,
517 1971 610 2021 καὶ
639 1967 906 2038 ὑπεδέχθη
937 1967 1238 2037 φιλοτίμως
1271 1968 1421 2035 παρά
1452 1966 1717 2037 βασιλέως
1747 1965 1840 2019 τοῦ

268 2057 544 2126 γαμϐρσῦ.
582 2058 814 2110 Ἔπειτα
860 2058 942 2120 είς
988 2055 1285 2109 Θετταλίαν
1333 2057 1513 2127 ἀπῆρε
1566 2055 1704 2127 πρὸς
1752 2057 1845 2108 τὸν

268 2149 440 2218 ἀνδρα
470 2149 569 2218 ήδη
593 2146 769 2217 πάσης
806 2146 1226 2217 κύριονζγεγενη
1238 2147 1414 2215 μένον,
1445 2148 1541 2199 καὶ
1568 2147 1677 2199 τῶν
1701 2144 1847 2200 κατὰ

267 2240 370 2307 τὴν
413 2238 777 2309 ’Δκαρνανίαν
821 2238 1052 2292 πόλεων.
1094 2237 1300 2301 Ἦδέως
1331 2236 1389 2290 δὲ
1418 2239 1622 2301 ἐκεῖνος
1646 2236 1842 2291 ὑπεδέ-

276 2345 401 2397 χετο
428 2328 528 2399 τὴν
556 2328 791 2397 γυναῖκα
817 2368 833 2395 ,
864 2329 960 2382 καὶ
991 2327 1187 2399 χρόνον
1211 2327 1334 2382 τινὰ
1361 2329 1603 2399 ἠρέμουν
1630 2327 1847 2391 οἰκείως

281 2417 488 2486 ιχσντες
521 2417 797 2488 ἀλλήλοις,
829 2419 926 2472 καὶ
977 2419 1264 2490 συμφυῶς,
1311 2418 1498 2487 ὥσπερ
1530 2419 1837 2488 προσῆκεν.

298 2506 508 2560 Ἔπειτα
560 2508 668 2560 τῶν
716 2508 984 2562 συνόντων
1030 2508 1218 2572 τινῶν,
1247 2509 1353 2561 ὑπὸ
1391 2511 1693 2579 μοχθηρίας
1754 2509 1848 2562 καὶ

297 2598 567 2662 ἀσυνεσίας
595 2598 817 2652 ἐκείνων
869 2616 929 2652 τε
960 2600 1142 2668 φαῦλα
1167 2603 1264 2654 καὶ
1287 2605 1579 2670 παράνομα
1604 2602 1847 2654 ἑννοσύν-

264 2707 406 2755 των,
438 2693 531 2743 καὶ
563 2690 653 2742 τὸν
691 2691 957 2759 δεσπότην
1005 2693 1329 2759 ἐναγόντων,
1356 2693 1581 2747 ἔπεισαν
1612 2693 1710 2760 τὴν
1748 2693 1848 2765 μὲν

283 2782 511 2845 γυναῖκα
551 2781 838 2851 Τριϐαλοῖς
873 2784 1158 2854 προέσθαι,
1190 2784 1353 2839 αὐτὴν
1384 2787 1441 2838 δὲ
1472 2776 1590 2856 ’τὴν
1631 2786 1850 2855 Ἑλένης

280 2869 511 2938 ἀδελφὴν
536 2871 633 2939 τῆς
655 2870 846 2944 Κράλη
886 2876 1134 2942 γυναικὸς
1157 2874 1290 2943 πρὸς
1321 2874 1501 2942 γάμον
1524 2875 1846 2940 άγαγέσθςι,

280 2959 356 3025 :3;
408 2962 505 3032 τῆς
552 2982 609 3015 τε
643 2964 940 3026 Θετταλίας
997 2967 1092 3018 καὶ
1152 2964 1514 3034 Ἀκαρνανίας
1544 2964 1719 3028 οὕτως
1750 2967 1850 3036 ἀρ-

282 3062 441 3120 ξοντα
502 3054 753 3124 βεϐαίως,
788 3058 896 3109 τῶν
945 3057 1232 3123 Τρίϐαλῶν
1259 3059 1319 3109 οὐ
1353 3057 1732 3127 πολεμούντων
1763 3059 1852 3110 διέι

280 3148 381 3215 τὴν
420 3146 741 3215 ἀπιγαμίαν,
775 3148 873 3200 καὶ
915 3146 1212 3210 Ἀλϐανοὺς
1258 3148 1657 3217 διαφθεροῦντα
1693 3150 1849 3200 ἐνανο

284 3234 607 3303 τιουμένους
659 3236 797 3305 πρὸς
836 3236 938 3305 τὴν
984 3238 1183 3307 ἀρχὴν,
1216 3238 1313 3291 καὶ
1365 3237 1854 3313 παραϐλάπτοντας

290 3326 352 3377 οὐ
389 3327 606 3395 μέτρια.
633 3328 841 3380 Αὐτίκα
863 3346 922 3380 τε
948 3328 1127 3396 ἀηδῶς
1155 3330 1291 3395 πρὸς
1328 3331 1428 3398 τὴν
1464 3334 1694 3396 γυναῖκα
1718 3328 1853 3400 εἶχε,

294 3420 386 3470 καὶ
439 3419 558 3471 οῦδὲ
617 3418 861 3488 ὴνείχετο
897 3420 1049 3472 ἰδεῖν.
1090 3420 1382 3489 .⁹Ύστερον
1436 3421 1493 3473 δὲ
1542 3423 1730 3491 ὀλίγῳ,
1763 3424 1858 3475 καὶ

293 3512 429 3578 πρὸς
465 3512 668 3579 Ἀρταν
700 3512 796 3578 τῆς
841 3511 1206 3581 ’Δκαρνανίας
1243 3513 1399 3565 πόλιν
1448 3513 1857 3580 πέμψαςυὲκέ-

294 3601 414 3652 λευε
454 3601 826 3670 φρουρεῖσθαι.
883 3601 1027 3672 Πρὸς
1083 3602 1417 3671 Κράλαιναν’
1454 3602 1512 3655 δὲ
1564 3603 1859 3674 πρεσϐείαν

294 3692 536 3759 πέμψας,
562 3692 630 3744 τά
661 3691 802 3746 κατὰ
851 3692 943 3767 τὸν
993 3692 1174 3762 γάμον
1205 3693 1441 3763 ἔπραττε
1473 3694 1572 3762 τῆς
1599 3694 1857 3761 ἀδελφῆς.

294 3784 468 3851 Μέχρι
493 3785 589 3850 μὲν
631 3781 721 3837 οὖν
752 3788 811 3855 ἐν
840 3784 1023 3851 λόγοις
1056 3780 1125 3852 ἦν
1159 3786 1194 3854 ή
1227 3785 1587 3854 ἐπιχείρησις,
1609 3785 1700 3837 καὶ
1724 3803 1857 3855 πρε-

295 3880 524 3939 σϐείαις,
566 3877 660 3928 καὶ
692 3876 981 3945 βασίλισσα
1008 3878 1042 3945 ή
1076 3876 1322 3945 θυγάτηρ
1349 3875 1612 3941 βασιλέως
1638 3877 1865 3945 ἐνεκαρ-

297 3969 468 4037 τέρει.
507 3967 594 4020 τὸν
623 3968 790 4038 ἀνδρα
822 3966 1043 4036 οἰομένη
1072 3964 1170 4035 τῆς
1201 3966 1427 4027 ἀτοπίας
1452 3966 1863 4037 ἀποσχήσεσθαί

296 4076 450 4125 ποτε,
485 4061 578 4111 καὶ
638 4061 860 4129 μέτρια,
892 4057 987 4110 καὶ
1035 4056 1221 4109 δίκαια
1261 4057 1557 4126 φρονήσειν
1587 4075 1601 4089 ο
1653 4060 1774 4110 ἐπεὶ
1805 4058 1864 4110 δὲ

293 4152 396 4222 ήδη
425 4151 573 4214 τέλος
616 4147 727 4218 εἶχε
763 4152 991 4217 πάντα,ο
1020 4149 1118 4202 καὶ
1165 4149 1215 4201 οί
1253 4150 1408 4216 ὅρκοι
1464 4148 1748 4203 ἐτελοῦντο
1784 4144 1864 4211 οἷς

294 4243 664 4311 ἐνεγέγραπτο
735 4242 836 4313 τὴν
895 4242 995 4312 μὲν
1058 4242 1290 4309 γυναῖκα
1361 4238 1651 4310 Τριϐαλοῑς
1702 4241 1866 4293 αὐτὸν

295 4335 583 4406 προέσθαι,
612 4337 681 4406 τῇ
726 4335 783 4388 δὲ
835 4333 1042 4402 ἀδελφῇ
1080 4332 1399 4402 Κραλαίνης
1431 4334 1725 4398 συνοικεῖν,
1752 4333 1867 4386 δεῖν

295 4427 441 4491 ἔγνω
476 4424 666 4488 σώζειν
704 4426 925 4495 ἑαυτὴν,
962 4425 1057 4478 καὶ
1094 4426 1170 4496 μὴ
1211 4424 1278 4476 δι’
1322 4424 1527 4493 ἑτέρων
1577 4425 1869 4495 παραπλη-

1937 972 2019 1026 vel
2055 973 2181 1042 ipsi,
2207 971 2294 1026 vel
2326 970 2594 1026 ministris
2621 971 2742 1040 ejus
2774 969 3143 1038 irrogaturmn
3185 969 3349 1035 ntali;
3394 970 3519 1034 iret,

1943 1080 2054 1133 quo
2090 1064 2311 1129 liberet,
2352 1062 2577 1118 nemine
2613 1061 2981 1127 obturbante;
3031 1062 3179 1130 quod
3223 1071 3279 1116 et
3316 1056 3522 1117 factum

1940 1157 2105 1225 paulo
2128 1164 2272 1224 post.
2298 1153 2610 1208 Conscensa
2649 1152 2797 1208 enim
2820 1152 2969 1210 navi.
3004 1152 3319 1223 Byzantium
3350 1155 3521 1216 venit,

1941 1256 1996 1302 et
2024 1261 2051 1300 a
2084 1245 2286 1299 marito
2319 1243 2527 1298 sororis
2558 1241 2860 1296 honorifice
2887 1249 3112 1309 excepta
3144 1249 3248 1295 est.
3277 1242 3526 1295 Postmo-

1938 1340 2074 1394 dum
2110 1338 2165 1392 in
2188 1336 2529 1391 Thessaliam
2556 1335 2622 1390 ad
2656 1336 2857 1397 virum,
2879 1335 2992 1405 jam
3035 1334 3156 1403 ejus
3197 1335 3368 1387 totius
3401 1348 3529 1399 pro-

1945 1431 2054 1482 vim
2076 1430 2161 1491 im,
2193 1438 2248 1483 et
2280 1427 2504 1481 urbium
2544 1424 2868 1480 Acarnaniae
2901 1423 3209 1485 dominum,
3235 1437 3294 1476 se
3327 1433 3526 1476 contu-

1942 1519 2005 1572 lit
2033 1536 2046 1571 :
2070 1516 2164 1586 qui
2192 1531 2417 1570 uxorem
2443 1514 2602 1568 laetus
2629 1514 2863 1582 accepit,
2894 1519 2950 1566 et
2970 1510 3292 1578 aliquandiu
3316 1508 3552 1579 quiete,”

1945 1607 2315 1671 familiariter,
2365 1614 2421 1660 et
2472 1603 2925 1674 conjunctissime
2981 1617 3104 1656 cum
3149 1617 3214 1656 ea
3262 1600 3423 1664 visit,
3472 1609 3532 1653 ut

1947 1698 2172 1769 quidem
2204 1697 2413 1753 debuit.
2445 1696 2647 1750 Deinde
2672 1694 2897 1763 quidam
2937 1692 3251 1754 domestici,
3283 1692 3533 1746 homines

1954 1786 2217 1856 improbi,
2257 1800 2321 1841 ac
2345 1785 2554 1851 stolidi,
2596 1785 2799 1854 reginae
2838 1784 3075 1852 pessimo
3099 1784 3405 1852 cupientes.
3432 1784 3532 1836 dc-

1949 1889 2162 1947 spotam
2207 1892 2275 1931 eo
2321 1876 2664 1945 impulerunt
2700 1883 2763 1927 ut
2797 1888 3024 1928 uxorem
3069 1873 3327 1928 Triballis
3366 1874 3537 1928 relin-

1950 1978 2168 2039 queret,
2202 1969 2319 2039 ipse
2363 1966 2604 2031 Helena,
2632 1966 2807 2022 Cralis
2844 1966 3044 2029 viduae,
3087 1980 3332 2019 sererent
3364 1965 3536 2018 duce-

1952 2070 2058 2125 ret,
2096 2075 2208 2130 quo
2248 2060 2331 2114 sic
2371 2059 2666 2113 Thessalia:
2705 2066 2763 2111 et
2806 2056 3125 2111 Acarnaniae
3157 2056 3427 2110 stabiliret
3472 2072 3537 2111 ac

1952 2150 2201 2204 ﬁrmaret
2242 2149 2540 2218 imperium
2610 2148 2702 2217 (ob
2746 2146 2880 2202 illud
2931 2146 3342 2201 matrimonium
3397 2147 3537 2200 nihil

1951 2240 2190 2296 moturis
2221 2239 2502 2307 videlicet)
2540 2249 2596 2293 et
2623 2238 2866 2293 Albanos
2908 2238 3252 2292 adversarios
3280 2252 3390 2291 non
3419 2252 3538 2291 me-

1953 2330 2221 2386 diocriter
2255 2330 2451 2386 noxios
2484 2330 2786 2400 frangeret.
2827 2328 2949 2384 Mox
2978 2329 3278 2399 conjugem'
3295 2327 3374 2382 sic
3405 2343 3541 2382 exo-

1953 2436 2052 2476 sus
2105 2432 2212 2488 est,
2259 2431 2323 2477 ut
2351 2424 2474 2492 ejus
2516 2429 2877 2491 conspectum
2915 2434 3026 2475 non
3060 2418 3252 2473 ferret.
3280 2418 3400 2473 Non
3438 2418 3534 2471 ditt
3573 2453 3581 2461 ι

1953 2521 2077 2584 post
2117 2514 2305 2569 Artam
2337 2513 2662 2570 Acarnaniae
2693 2513 2883 2565 urbem
2933 2511 3247 2580 przesidittm
3279 2510 3452 2575 misit,
3486 2522 3545 2563 et.

1953 2616 2079 2657 cum
2111 2602 2356 2657 Cralaena
2414 2617 2510 2673 per
2539 2614 2814 2657 oratorem
2845 2601 2913 2656 de
2941 2601 3239 2657 connubio»
3262 2616 3385 2657 cum
3418 2604 3543 2671 ejus

1954 2707 2211 2762 germana
2239 2693 2486 2748 ineundo
2537 2693 2668 2764 egit.
2706 2692 2877 2764 884
2910 2690 3015 2748 Res
3052 2693 3221 2762 igitur
3262 2693 3375 2763 jam
3420 2708 3539 2748 ser-

1957 2799 2207 2851 monum,
2241 2794 2297 2839 et
2326 2784 2621 2854 legationis
2653 2794 2816 2840 tenus
2842 2792 3211 2855 procesSerat,
3254 2793 3310 2841 et
3349 2783 3537 2854 regina

1956 2876 2310 2946 imperatoris
2342 2877 2454 2931 filia
2480 2876 2759 2947 patienter
2784 2876 2924 2931 istuc
2951 2876 3183 2939 ferebat,
3211 2884 3348 2942 rata,
3381 2876 3547 2930 mari-

1962 2977 2076 3022 tum
2119 2968 2416 3036 aliquando
2444 2982 2473 3020 a
2510 2967 2738 3023 nefariis
2766 2966 3196 3037 cogitationibus
3239 2965 3358 3019 istis
3387 2981 3544 3020 aver-

1960 3075 2104 3126 sum,
2158 3067 2397 3114 mentem
2447 3058 2713 3125 sobriam,
2757 3069 2812 3112 et
2862 3073 3075 3126 mquam
3132 3067 3540 3127 suscepturum.

1962 3149 2256 3219 Postquam
2327 3148 2492 3201 datus
2552 3146 2697 3209 finis,
2755 3154 2813 3200 et
2865 3145 3276 3214 jusjurandum,
3335 3145 3388 3197 in
3432 3160 3545 3213 quo

1959 3241 2229 3307 scriptum
2266 3236 2538 3301 exstabat,
2574 3252 2632 3291 se
2664 3251 2891 3290 uxorem
2921 3235 3178 3289 Triballis
3202 3235 3545 3304 permittere,

1957 3339 2012 3383 et
2039 3328 2298 3384 Cralaenze
2337 3341 2581 3385 sororem
2604 3327 2832 3390 ducere,
2864 3337 2976 3381 tum
3002 3326 3223 3381 demum
3245 3343 3357 3380 sum
3378 3327 3543 3381 saluti
3648 3356 3655 3363 -

1961 3420 2386 3488 prcsidendum,
2416 3435 2520 3474 nec
2545 3422 2772 3488 propter
2803 3418 3038 3472 alienam
3073 3418 3368 3472 amentiam
3400 3419 3546 3472 indi-

1961 3526 2067 3581 gne
2098 3511 2205 3565 sibi
2247 3512 2596 3581 pereundqu
2639 3511 2950 3577 constittiit,
2984 3521 3042 3567 et
3094 3510 3150 3564 in
3201 3511 3546 3581 Peloponne-

1959 3617 2080 3657 sum
2110 3601 2179 3654 ad
2208 3601 2516 3657 Mauuelem
2553 3602 2784 3656 fratrem
2818 3602 3064 3664 mittens,
3102 3617 3254 3655 suam
3285 3601 3334 3655 ei
3362 3603 3546 3671 digni-

1962 3699 2153 3757 tatem,
2186 3701 2242 3747 et
2279 3690 2717 3747 incolumitatem
2745 3707 2872 3747 cum
2906 3692 3162 3762 precibus
3195 3693 3551 3747 commenda-
3627 3742 3633 3749 .

1973 3783 2051 3835 vit
2082 3796 2285 3851 :quam
2319 3781 2410 3836 ille
2438 3783 2715 3851 extemplo
2759 3797 2857 3852 per
2890 3797 3041 3837 mare
3079 3782 3147 3837 ad
3183 3798 3240 3838 se
3271 3784 3553 3847 adducen-

1966 3875 2093 3927 dam
2121 3871 2357 3938 curavit,
2383 3873 2784 3937 Acarnanibus,
2808 3882 2861 3928 et
2884 3873 3110 3929 Albanis
3138 3889 3264 3928 cum
3292 3873 3552 3929 laudibus
3580 3890 3583 3891 '

1962 3980 2082 4018 eam
2108 3963 2535 4037 deducentibtts,
2562 3973 2619 4019 et
2645 3964 3048 4028 benevolentia,
3074 3963 3395 4035 honoreque
3417 3982 3548 4036 erga

1964 4055 2111 4109 illam
2142 4055 2286 4109 inter
2312 4069 2372 4108 se
2396 4054 2741 4113 certantibus
2768 4071 2783 4109 :
2816 4069 2922 4109 non
2961 4055 3139 4111 solum
3176 4066 3400 4125 propter
3431 4058 3551 4127 ejus

1965 4147 2312 4210 modestiam,
2338 4147 2620 4216 animique
2645 4148 3038 4217 prestantiam,
3072 4157 3128 4200 et
3155 4148 3423 4216 cujusque
3454 4165 3551 4219 ge-
3618 4202 3621 4207 ,

1965 4240 2129 4296 neris.
2148 4239 2413 4292 virtutum
2439 4248 2784 4303 ornamenta,
2811 4240 2904 4295 sed
2927 4242 3091 4294 etiam
3118 4250 3340 4309 pr0pter
3370 4242 3553 4295 char'-

1970 4339 2134 4384 tatem
2166 4332 2220 4382 in
2243 4329 2365 4399 ejus
2394 4339 2679 4399 parentem
2707 4329 3118 4399 imperatorem,
3152 4344 3258 4399 qua
3295 4330 3339 4384 is
3371 4340 3552 4385 totum

1968 4420 2335 4486 occidentem,
2391 4421 2560 4476 etiam
2622 4429 2825 4474 statum
2878 4421 3006 4475 vitae
3052 4422 3414 4476 monasticum
3469 4423 3552 4476 in-

296 4515 421 4579 ξίαν
456 4516 625 4585 αὐτὴν
655 4514 1094 4585 παραπολέσθαι.
1141 4513 1251 4566 Καὶ
1299 4513 1567 4582 πέμψασα
1596 4515 1675 4577 είς
1709 4514 1853 4566 Πελο-

1968 4526 2213 4583 gressus,
2249 4511 2355 4565 sibi
2396 4511 2870 4567 devinctissimum
2900 4516 3140 4592 tenebat.
3172 4512 3547 4582 Nicephorum

298 4604 563 4670 πόννῃσον
596 4602 731 4673 πρὸς
760 4601 1028 4670 δεσπότην
1062 4600 1324 4670 Μανουὴλ
1355 4600 1445 4653 τὸν
1477 4600 1705 4669 ἀδελφὸν
1736 4603 1869 4671 πρόο

296 4694 450 4746 νοιάν
492 4710 611 4744 τινα
658 4694 829 4763 αὐτῆς
861 4691 1197 4767 ποιήσασθαι
1227 4691 1433 4744 ἑδεῖτοο
1467 4691 1562 4743 καὶ
1610 4691 1669 4754 ὃς
1719 4691 1870 4744 οὐδὲν

302 4784 580 4855 μελλήσας
628 4785 692 4836 ὲκ
722 4783 997 4854 θαλάσσης
1029 4782 1275 4855 πέμψας,
1307 4781 1725 4852 προσελάμϐανε
1770 4783 1870 4849 τὴν

296 4874 557 4944 ἀδελφήν,
604 4874 823 4927 πάντων
860 4872 1233 4942 Ἀκαρνάνων,
1274 4872 1368 4925 καὶ
1431 4870 1705 4924 Ἀλϐανῶν
1751 4871 1870 4940 μετ’

299 4965 581 5034 εὐφημίας
616 4964 1074 5035 προπεμπόντων,
1126 4964 1222 5018 καὶ
1285 4960 1681 5033 ἁμιλλωμένων
1734 4965 1869 5030 πρὸς

294 5057 559 5124 ἀλλήλους
584 5055 682 5125 τῆς
716 5056 797 5118 είς
838 5054 1057 5125 ἐκείνην
1092 5055 1263 5109 ,ἕνεκα
1290 5054 1507 5117 εὐνοίας
1541 5053 1635 5106 καὶ
1665 5054 1831 5124 τιμῆς
1851 5069 1865 5085 ·

290 5149 357 5202 οὐ
385 5149 547 5218 μόνον
573 5148 660 5200 διά
692 5147 793 5217 τὴν
823 5147 992 5217 αὐτῆς
1040 5147 1349 5202 ἐπιείκειαν
1386 5148 1483 5201 καὶ
1525 5146 1868 5217 μεγαλοφρο-

295 5236 489 5307 σύνην,
517 5240 612 5290 καὶ
641 5237 701 5289 τὸ
745 5238 878 5290 πᾶσι
907 5235 1285 5307 κεκοσμῆσθαι
1314 5236 1559 5305 ἀγαθοῖς,
1584 5237 1717 5291 ἀλλὰ
1776 5239 1869 5291 καὶ¹

293 5334 384 5385 διά
407 5334 515 5400 τὴν
537 5333 616 5393 είς
645 5330 736 5384 τὸν
766 5329 992 5400 βασιλέα
1023 5329 1115 5382 τὸν
1158 5330 1372 5400 πατέρα
1405 5328 1643 5383 εὔνοιαν.
1689 5332 1873 5383 Κατά-

296 5440 440 5490 κρας
466 5426 574 5492 γὰρ
607 5420 776 5474 αὐτοῦ
804 5420 865 5473 τὸ
893 5419 1005 5473 τῶν
1037 5419 1307 5490 ἑσπερίων
1339 5420 1489 5474 ἇπαν
1515 5420 1741 5491 ἥττητο,
1777 5424 1871 5475 καὶ

297 5514 540 5584 ἀκριϐῶς
575 5512 845 5584 ἐξήρτητο
878 5510 1043 5566 αὐτοῦ
1076 5513 1169 5565 καὶ
1221 5512 1359 5582 μετά
1403 5512 1500 5581 τὴν
1550 5513 1659 5566 τῶν
1692 5531 1873 5584 πραγ.

305 5609 492 5675 μάτων
524 5605 896 5679 ἀναχώρησιν.
956 5604 1230 5658 Δεσπότου
1276 5604 1332 5657 δὲ
1383 5604 1478 5656 τοῦ
1530 5606 1868 5678 Νικηφόρου,

301 5694 471 5746 καίτοι
529 5711 595 5762 γε
672 5694 849 5764 αὐτὸν,
879 5693 1082 5757 εἰδότες
1146 5693 1208 5746 οὐ
1255 5693 1447 5765 πράως
1498 5693 1713 5749 οἴσοντα
1772 5697 1871 5765 τὴν

299 5788 655 5858 προπομπὴν,
686 5786 781 5841 καὶ
816 5770 1107 5858 ἐὐφημίαν
1154 5784 1254 5856 τῆς
1299 5787 1584 5856 γυναικὸς,
1602 5788 1666 5867 ρύ
1707 5790 1871 5860 μόνον

1975 4618 2103 4658 vero
2126 4603 2434 4673 despotam,
2467 4618 2781 4672 quanquam
2811 4585 3191 4657 scirent-haud
3228 4605 3438 4672 placate
3474 4606 3551 4659 la-

1974 4705 2157 4748 turum
2207 4709 2332 4748 cum
2380 4693 2545 4748 tantis
2593 4694 3075 4762 praedicationibus
3098 4694 3394 4748 deductam
3431 4713 3557 4751 t'sm

1973 4800 2218 4847 uxorem,
2250 4801 2358 4838 non
2386 4785 2549 4839 modo
2590 4801 2697 4840 non
2729 4785 3015 4851 curabant,
3060 4785 3153 4839 sed
3184 4773 3461 4854 propalam
3498 4790 3555 4840 in

1968 4891 2098 4939 eum
2137 4874 2424 4929 maledicta
2469 4877 2858 4945 congerebant,
2891 4876 2982 4944 qui
3016 4877 3273 4931 deliraret
3303 4893 3551 4944 prorsus.
3602 4927 3611 4935 .

1971 4973 2025 5019 et
2078 4963 2224 5033 quod
2278 4963 2504 5030 dicitur,
2548 4980 2718 5019 aurea
2766 4973 3008 5018 mutaret
3052 4966 3230 5022 aereis,
3278 4965 3552 5031 Quocirta

1973 5054 2122 5109 brevi
2170 5055 2272 5108 hac
2305 5054 2373 5107 de
2407 5068 2567 5108 causa
2634 5055 2825 5108 Albani
2871 5066 3058 5123 aperte
3089 5055 3158 5113 ab
3186 5069 3255 5108 eo
3301 5055 3552 5111 descive-

1976 5155 2153 5199 runt:
2200 5144 2543 5214 profitentes,
2589 5146 2694 5199 nisi
2726 5145 2992 5215 dissoluto
3020 5144 3317 5201 Triballico
3363 5151 3550 5202 triatii-
3587 5179 3602 5195 ς,

1976 5238 2179 5301 monio,
2217 5236 2563 5304 imperatoris
2596 5225 2766 5289 filiani
2803 5255 2832 5288 e
2867 5235 3245 5303 Peloponneso
3276 5236 3331 5291 in
3374 5240 3557 5293 thala-

1972 5344 2121 5384 mum
2154 5336 2459 5390 revocaret,
2487 5342 2589 5397 pro
2632 5341 2698 5382 ea
2734 5342 2844 5381 non
2881 5340 3062 5391 secus,
3093 5341 3257 5397 quam
3301 5343 3401 5397 pro
3439 5332 3558 5385 suis

1972 5421 2094 5491 ipso
2106 5435 2227 5473 rum
2255 5417 2527 5489 capitibus
2546 5417 2809 5473 adversus
2823 5433 2950 5472 eum
2972 5417 3202 5487 impigre
3227 5417 3551 5473 bellaturos.

1970 5510 2068 5567 llle
2090 5510 2203 5565 sive
2235 5507 2381 5579 quod
2410 5517 2467 5563 et
2508 5509 2622 5577 ipse
2655 5507 2787 5562 facti
2830 5505 3232 5576 turpitudinem
3273 5504 3555 5575 perspice-

1974 5611 2079 5665 ret,
2110 5601 2225 5656 sive
2243 5603 2388 5673 quod
2410 5609 2637 5671 propter
2661 5599 3002 5668 repudiatam
3027 5612 3251 5653 uxorem
3271 5597 3551 5654 enascitu—

1973 5710 2088 5750 ram
2140 5694 2470 5748 seditionem
2514 5685 2815 5756 metueret,
2859 5690 3123 5746 nefandas
3163 5689 3284 5743 illas
3330 5690 3557 5757 nuptias

1974 5806 2073 5861 per
2101 5792 2339 5864 legatum
2381 5790 2724 5862 antiquavit:
2759 5790 3159 5854 coniugemque
3190 5784 3497 5848 legitimam
3525 5798 3553 5843 ε
3621 5802 3629 5814 δ
