4056 6462
223 453 334 520 3Ε9

1321 502 1324 503 ν
1363 450 1910 513 HISTORIARUM
1958 451 2194 520 LIBER
2240 452 2334 512 IV.

3307 436 3318 448 ‘
3384 453 3490 520 330

223 569 318 622 καὶ
345 565 570 636 ἐρείπια
605 565 778 621 πολλά
823 566 920 638 τῆς
948 563 1143 638 πρώην
1199 564 1478 628 συνοικίας
1512 565 1668 633 ἄγειν
1705 564 1807 618 οὐκ

1918 564 2219 618 ternuutios
2250 563 2319 618 de
2362 575 2495 631 pace
2526 569 2772 631 agentes,
2814 561 2983 633 836
3017 575 3141 618 cum
3185 559 3318 616 nihil
3357 576 3493 623 con-

223 659 549 727 ἐδοκίμαζον
612 658 713 726 τὴν
783 657 1046 728 στρατιὰν
1113 657 1460 728 εὐρυχωρίας
1532 657 1802 726 δεομένην

229 749 483 820 μάλιστα.
537 749 680 804 Δι’ἀ
735 749 994 820 ἑκάτερος
1051 748 1152 820 τὴν
1211 748 1440 818 δύναμιν
1471 747 1808 819 συνέχοντες,

223 841 502 910 ἡσύχαζον
525 841 618 894 ἐπὶ
665 841 774 896 τῶν
826 842 1194 913 σρατοπέδων.
1225 841 1534 912 Πρεσϐείας
1563 841 1620 894 δὲ
1668 840 1810 911 πρὸς

226 932 488 1002 ἀλλήλους
514 933 845 1002 πέμποντες,
885 934 1191 1002 διελέγοντο
1243 934 1370 1003 περὶ
1426 934 1676 1003 εἰρήνης.
1719 931 1810 996 Ὧς

228 1022 285 1076 δὲ
316 1022 636 1078 συνέϐαινον
666 1022 943 1092 ἀλλήλοις,
971 1025 1000 1077 6
1035 1023 1135 1094 μὲν
1161 1023 1244 1087 είς
1278 1022 1482 1093 Βιζύην
1507 1021 1810 1094 ἀνέστρεφε

233 1119 371 1184 μετὰ
398 1115 500 1181 τῆς
553 1117 836 1184 στρατιᾶς,
867 1114 1238 1183 Παλαιολόγος
1291 1114 1349 1168 δέ
1385 1116 1412 1167 6
1446 1113 1698 1184 βασιλεὺς
1729 1113 1811 1178 είς

231 1209 290 1262 τὸ
321 1207 618 1272 Βυζάντιον
638 1223 654 1238 ο
677 1213 770 1262 καὶ
789 1209 1117 1262 ἐσκέπτοντο
1131 1210 1239 1279 ὅτῳ
1257 1207 1446 1278 τρόπῳ
1462 1207 1810 1262 κακώσουσιν

241 1299 519 1369 ἀλλήλους.
565 1298 652 1352 Ἑν
672 1299 846 1368 τούτῳ
889 1299 946 1353 δέ
976 1299 1054 1370 τῷ
1087 1300 1265 1371 χρόνῳ
1308 1299 1373 1352 ἐκ
1403 1299 1658 1361 Φωκαίας
1711 1300 1812 1370 τῆς

247 1394 498 1457 παλαιᾶς,
523 1386 591 1461 ἦς
654 1391 964 1456 Καλόθετος
1017 1387 1180 1464 ἦρχε,
1238 1393 1481 1462 μονήρης
1538 1391 1810 1465 λῃστρικὴ

237 1485 324 1540 ἐπὶ
344 1484 438 1538 τὸν
478 1484 810 1550 ’Δστακηνδν
840 1483 1071 1538 ἐλθοῦσα
1095 1484 1294 1538 κόλπον
1319 1483 1574 1556 λῃστείας
1625 1483 1808 1552 ἕνεκα,

234 1577 372 1632 οὕτω
407 1577 642 1646 συμϐὰν,
671 1576 910 1648 Χαλίλην
941 1576 1034 1630 τὸν
1063 1577 1302 1648 Ὀρχάνη
1335 1577 1629 1631 συνέλαϐεν
1669 1577 1808 1640 υίδν,

231 1669 447 1740 ἀκατίῳ
477 1670 586 1722 τινὶ
604 1669 697 1723 τὸν
741 1671 920 1722 ἐκεῖσε
955 1667 1183 1739 περαιού
1193 1686 1354 1739 μενον
1403 1667 1653 1740 πορθμόν
1675 1685 1689 1700 ο
1711 1669 1811 1722 καὶ

223 1763 425 1818 αὐτίκα
454 1758 715 1832 ἀνεχώρει
735 1761 816 1824 είς
833 1762 932 1831 τὴν
959 1760 1233 1816 Φώκαιαν.
1276 1760 1545 1831 Ὀρχάνης
1596 1759 1652 1814 δὲ
1684 1760 1808 1815 ἐπεὶ

219 1854 459 1910 ἐπύθετο
489 1854 978 1924 ἀνδραποδισθέντα
1005 1853 1096 1907 τὸν
1120 1853 1259 1918 υἱὸν,
1289 1853 1384 1907 καὶ
1421 1855 1502 1916 είς
1549 1851 1806 1908 Φώκαιαν

219 1947 566 2019 ἀπαχθέντα,
593 1947 914 2018 στρατεύειν
969 1947 1071 2018 μὲν
1123 1946 1218 2000 ἐπὶ
1255 1947 1612 2010 Φωκαιανοὺς
1667 1943 1815 2018 εῖχεν

219 2041 540 2102 ἀδυνιῖιτως⁹
564 2038 842 2108 δυνάμεώς
870 2055 929 2092 τε
963 2037 1078 2110 γὰρ
1110 2039 1212 2092 οὒκ
1238 2037 1466 2108 εὐπόρει
1522 2038 1814 2108 ναυτικῆς,

219 2132 255 2204 ἢ
285 2127 540 2188 κακώσει
573 2130 901 2196 ἐπελθοῦσα,
936 2133 1033 2186 καὶ
1057 2133 1122 2185 ἐκ
1173 2131 1275 2200 τῆς
1328 2130 1562 2202 ἠπείρου
1597 2130 1817 2201 εἰσϐολὴ

221 2225 322 2278 οὐκ
343 2221 435 2295 ἦν,
460 2223 546 2292 ἐφ’
566 2222 758 2294 ἐτέρου
778 2224 1040 2294 κειμένης
1061 2221 1406 2292 σατραπείαν
1421 2223 1522 2292 τῆς
1539 2221 1815 2286 Φωκαίας,

225 2315 362 2386 πρδς
392 2315 454 2369 δν
482 2315 588 2369 ἔδει
619 2317 881 2385 πολεμεῖν
921 2315 1158 2385 δύναμιν
1213 2314 1412 2386 ἔχοντα
1463 2313 1816 2386 ἀντίρροπον,

247 2410 299 2461 si.
337 2409 419 2462 διὸ.
438 2409 539 2478 τῆς
595 2408 808 2463 ἐκείνου
872 2410 1151 2480 ἐπεχείρει
1213 2408 1307 2460 ἐπὶ
1345 2406 1602 2460 Φώκαιαν
1655 2406 1816 2462 ἰέναι.

269 2500 483 2572 ’Δποριᾳ
494 2501 540 2555 δέ
566 2501 828 2556 πάντοθεν
856 2519 1084 2572 συνισχη
1094 2500 1271 2570 μένος,
1300 2501 1392 2554 ἐπὶ
1414 2500 1513 2571 τὴν
1529 2499 1821 2554 Παλαιολό-

261 2607 354 2658 γου
370 2590 448 2644 τοῦ
467 2585 726 2663 βασιλέως
749 2589 889 2647 εἶδεν
910 2591 1232 2664 ἐπικουρίαν
1251 2593 1326 2657 ώς
1343 2591 1509 2647 αὐτοῦ
1527 2591 1823 2664 δυνησομέ-

249 2700 334 2737 νου
384 2683 538 2753 μόνου
578 2685 670 2740 τὸν
721 2685 837 2742 υἱὸν
869 2685 1236 2741 ἀπαλλάττειν
1261 2686 1371 2739 τῶν
1429 2684 1667 2756 δεσμῶνο
1723 2682 1821 2739 καὶ

239 2775 452 2846 πέμψας
481 2778 797 2850 πρεσϐείαν,
834 2779 1006 2833 ἐδεῖτο
1055 2780 1183 2850 περὶ
1208 2777 1302 2832 τοῦ
1320 2778 1531 2842 παιδός.
1554 2766 1820 2841 Βασιλεὺς

231 2867 282 2921 δέ
298 2867 570 2939 ὑπέσχετο
587 2869 883 2942 προθύμως
903 2870 1082 2924 πάντα
1108 2869 1358 2940 πράξειν,
1391 2870 1484 2922 καὶ
1527 2867 1820 2922 ἀποδοῦναι

232 2961 324 3014 τὸν
375 2962 509 3027 υίδν,
559 2961 625 3017 ἂν
680 2966 776 3017 καὶ
829 2961 994 3026 αὐτὸς
1050 2961 1348 3033 ἀπόσχοιτο
1378 2959 1648 3032 Ματθαίῳ
1693 2959 1819 3015 κατ’

229 3055 394 3110 αὐτοῦ
451 3055 532 3126 τῷ
564 3055 776 3127 βασιλεῖ
817 3057 1086 3128 παρέχειν
1145 3036 1499 3126 συμμαχίαν·
1541 3055 1816 3127 Ὀρχάνης

228 3148 352 3216 γὰρ,
386 3147 483 3200 καὶ
521 3149 660 3217 μετά
687 3147 787 3221 τὴν
815 3147 1276 3220 Καντακουζηνοῦ
1316 3147 1409 3202 τοῦ
1454 3147 1717 3220 βασιλέως
1746 3148 1812 3202 ἐκ

225 3242 330 3296 τῶν
371 3240 734 3312 πραγμάτων,
769 3241 1140 3313 ἀναχώρησιν,
1195 3241 1400 3312 πολλὴν
1455 3242 1806 3296 ἐπεδείκνυτο
1834 3257 1876 3316 ς

225 3334 324 3405 τὴν
355 3333 569 3390 εὔνοιαν
592 3336 725 3407 πρὸς
752 3335 934 3403 αὑτὸν,
972 3335 1070 3390 καὶ⁹
1117 3335 1208 3390 διὰ
1239 3335 1449 3407 ταύτην
1477 3334 1578 3408 τὴν
1624 3335 1808 3391 αἰτίαν

229 3427 318 3482 καὶ
347 3426 559 3498 βασιλεῖ
607 3426 683 3499 τῷ
735 3427 836 3499 υίῷ
888 3427 1094 3498 πολλὴν
1159 3428 1456 3501 παρείχετο
1505 3426 1809 3497 ὠφέλειαν·

225 3522 344 3584 ταῖς
366 3537 424 3574 τε
453 3521 690 3588 πόλεσιν,
726 3520 848 3574 ὅσαι
881 3515 1025 3593 ἦσαν
1068 3519 1166 3574 ὑπ’
1190 3522 1421 3583 ἐκεῖνον,
1467 3520 1621 3574 οὐδὲν
1672 3537 1816 3590 παρ-

227 3611 475 3684 ενοχλῶν,
507 3615 601 3667 καὶ
624 3612 858 3684 πέμπων
894 3611 1156 3685 στρατιὰν
1204 3611 1368 3666 ὁπότε
1425 3611 1671 3684 δεηθείη.
1697 3613 1764 3665 ’Δ
1787 3613 1814 3665 6

231 3704 591 3774 Παλαιολόγος
617 3707 676 3760 ἐν
705 3707 864 3779 δεινῷ
890 3706 1173 3777 τιθέμενος
1197 3706 1476 3776 βασιλεὺς,
1502 3706 1686 3771 καλῶς
1716 3705 1811 3760 τοῦ

237 3799 556 3871 πράγματος
578 3801 974 3871 παρασχόντος,
1018 3799 1383 3872 ἐπεχείρησεν
1422 3799 1696 3872 Ὀρχάνην
1713 3799 1813 3870 τῆς

234 3892 366 3964 πρὸς
401 3893 626 3964 βασιλέα
661 3891 942 3948 Ματθαῖον
991 3893 1180 3962 φιλίας
1212 3891 1470 3966 ἀφιστᾷν.
1515 3891 1814 3965 ’Υπέσχετό

230 4000 288 4037 τε
315 3984 408 4038 καὶ
435 3985 461 4036 6
490 3982 768 4056 βάρϐαρος
813 3983 995 4038 πάντα
1039 3982 1293 4054 πράξειν,
1332 3982 1397 4052 ἢν
1431 3984 1590 4054 μόνον
1623 3983 1652 4034 6
1699 3981 1815 4047 υἱὸς

233 4075 376 4146 αὖτῷ
429 4076 634 4149 λυθείη,
686 4077 783 4130 καὶ
833 4077 1104 4132 διετέλεσέ
1134 4094 1198 4148 γε
1226 4076 1356 4148 παρ’
1398 4078 1523 4130 ὅσον
1567 4079 1758 4149 χρόνον
1783 4076 1812 4129 6

234 4169 344 4232 υέδς
374 4169 520 4240 αὐτῷ
551 4169 782 4237 ἐδέδετο,
811 4169 936 4225 οὔτε
959 4170 1227 4242 Ματθαίῳ
1258 4169 1473 4242 βασιλεῖ
1526 4185 1813 4240 παρεσχη-

235 4261 392 4331 μένος
465 4264 782 4333 συμμαχίαν
839 4262 936 4316 ἐπὶ
1001 4260 1095 4314 τὸν
1148 4261 1514 4331 Παλαιολόγον
1569 4260 1811 4332 βασιλέα,

230 4352 353 4407 οὔτε
381 4353 660 4425 Βυζαντίῳ
724 4356 819 4408 καὶ
851 4355 973 4419 ταῖς
1005 4353 1198 4420 ἄλλαις
1255 4354 1479 4408 πόλεσιν
1528 4356 1650 4409 ὅσαι
1707 4353 1815 4408 ὑπὸ

227 4447 415 4502 τοῦτον
436 4443 571 4519 ἦσαν
594 4448 745 4502 οὐδὲν
767 4447 1200 4521 παρενοχλήσας.
1227 4447 1482 4509 Βασιλεὺς
1503 4447 1557 4499 δέ
1576 4445 1813 4501 Καλόθε-

225 4556 320 4593 τον
348 4540 571 4610 νομίσας
594 4539 835 4611 εὐχερῶς
865 4541 958 4594 τὸν
993 4541 1109 4594 υἱὸν
1141 4539 1379 4613 Ὀρχάνη
1405 4539 1810 4610 παρασχέσθαι,

1913 653 2152 718 veniret,
2184 651 2472 707 Matthteus
2517 649 2764 721 Bizyam,
2795 650 3130 720 Palaeologus
3170 650 3494 722 Byzantium

1914 742 2102 805 rediit,
2138 741 2652 812 circumspicientes
2696 756 2807 810 quo
2838 752 2999 810 pacto
3032 749 3286 796 mutuum
3328 757 3496 796 noce-

1916 842 2057 887 rent.
2101 833 2207 888 Per
2245 833 2389 888 idem
2431 842 2648 902 tempus
2690 849 2754 888 ex
2814 833 3044 888 Phoczea
3094 833 3288 896 veteri,
3332 848 3495 903 quam

1911 925 2233 983 Calothetus
2263 928 2631 1000 gubernabat,
2664 928 2996 998 praedatoria
3029 928 3183 983 navis
3225 929 3277 982 in
3312 928 3496 982 sinum

1910 1025 2244 1077 Astacenum
2283 1021 2527 1092 piraticze
2561 1021 2832 1077 faciunda:
2866 1022 3108 1085 devenit,
3154 1030 3210 1076 et
3247 1020 3497 1075 Chalilen

1915 1113 2190 1170 Orchanis
2225 1113 2396 1168 tilium
2426 1129 2555 1169 casu
2591 1115 2647 1169 in
2689 1123 2912 1185 portum
2967 1114 3076 1170 illic
3133 1113 3498 1180 trajicientem

1914 1209 2082 1275 cepit,
2126 1205 2421 1276 statimque
2466 1205 2752 1261 Phocaeam
2798 1206 3054 1261 recurrit.
3112 1204 3392 1260 Orchanes
3421 1207 3504 1272 iut

1913 1297 2086 1353 illium
2108 1299 2394 1367 Pliocwam
2419 1298 3011 1368 captivum'abductum
3037 1299 3326 1368 comperit,
3359 1297 3505 1352 Pho-

1916 1408 2159 1448 catenses
2194 1393 2387 1448 ulcisci
2423 1409 2534 1448 non
2577 1383 2815 1463 poterat,
2861 1391 3006 1463 quod
3037 1393 3215 1446 navali
3254 1391 3506 1462 potentia

1915 1499 2025 1539 non
2059 1485 2292 1548 valeret,
2317 1499 2425 1553 qua
2455 1499 2551 1540 eos
2581 1483 2849 1555 afﬂigeret
2877 1501 2891 1539 :
2923 1499 3028 1540 nec
3062 1492 3208 1540 terra
3238 1499 3333 1538 eos
3369 1483 3506 1538 ado-

1913 1575 2034 1642 riri,
2064 1575 2514 1647 quandoquidem
2544 1591 2611 1632 ea
2660 1576 2793 1631 urbs
2829 1577 3061 1632 alterius
3101 1575 3340 1645 satrapia
3375 1591 3510 1630 con-

1911 1670 2210 1737 tinebatur,
2255 1668 2479 1740 quicum
2533 1669 2756 1740 paribus
2809 1669 3092 1725 decertare
3137 1669 3312 1738 copiis
3347 1683 3510 1737 Opor-

1914 1762 2086 1829 tebat,
2113 1762 2157 1817 si
2191 1777 2289 1832 per
2308 1763 2430 1831 ejus
2454 1761 2790 1832 provinciam
2815 1762 3100 1817 Phocaeam
3127 1770 3315 1832 petere
3346 1776 3512 1814 cona-

1917 1865 2092 1910 retur.
2148 1855 2203 1909 ln
2257 1869 2477 1910 onmem
2529 1853 2698 1925 igitur
2765 1869 2824 1908 se
2886 1864 3099 1924 partem
3153 1867 3405 1916 versans,
3454 1858 3512 1906 et

1919 1947 2118 2002 anxius
2153 1946 2348 2012 animi,
2405 1945 2626 2001 tandem
2687 1945 2754 2001 ad
2809 1944 3099 2016 Pala:ologi
3159 1943 3512 2014 imperatoris

1919 2041 2187 2095 auxilium
2225 2040 2472 2109 respicit,
2507 2049 2569 2094 ut
2598 2038 2691 2110 qui
2718 2039 2870 2094 solus
2911 2039 3084 2093 lilium
3109 2036 3342 2092 vinculis
3373 2035 3516 2091 Iibe-

1922 2148 2048 2188 rare
2085 2141 2273 2203 queat,
2309 2131 2476 2202 idque
2511 2140 2571 2186 ut
2598 2135 2872 2207 fpraestare
2904 2147 2974 2187 ne
3009 2140 3289 2201 gravetur,
3327 2129 3514 2186 missis

1922 2225 2240 2282 oratoribus
2280 2236 2456 2298 rogat.
2494 2225 2805 2296 Imperator
2839 2225 3023 2280 statim
3073 2223 3310 2294 spondet
3337 2223 3516 2277 factu-

1923 2331 2046 2370 rum
2084 2316 2292 2393 omnia,
2343 2324 2400 2371 et
2451 2317 2622 2371 ﬁlium
2671 2317 3085 2383 restituturum,
3137 2316 3180 2372 si
3220 2322 3276 2370 et
3315 2314 3432 2384 ipse
3481 2330 3513 2370 a

1923 2408 2178 2465 Matthaeo
2208 2420 2402 2465 contra
2449 2426 2508 2466 se
2552 2410 2862 2484 adjuvando
2907 2418 3190 2466 cessaret:
3228 2408 3514 2466 Orehanes

1922 2502 2126 2572 quippe
2159 2501 2324 2557 etiam
2348 2512 2471 2574 post
2499 2502 2868 2558 Cantacuzeni
2903 2502 3266 2557 anachoresin
3303 2502 3423 2573 ejus
3456 2513 3517 2557 se

1923 2594 2348 2665 cupidissimum
2383 2593 2824 2662 demonstrabat,
2874 2605 3041 2666 atque
3079 2595 3285 2650 idcirco
3317 2602 3372 2649 et
3403 2594 3516 2648 (ilio

1924 2687 2105 2758 ipsius
2164 2688 2400 2742 multum
2460 2688 2884 2754 commodabat,
2938 2697 2994 2744 et
3045 2687 3277 2744 urbibus
3335 2686 3516 2741 eidem

1923 2780 2192 2851 subjectis
2246 2781 2387 2838 nihil
2425 2783 2804 2838 molestiarum
2849 2771 3169 2846 exhibebat,
3207 2790 3261 2837 et
3299 2781 3518 2851 quoties

1923 2874 2136 2940 orabat,
2172 2875 2439 2930 auxilium
2479 2869 2864 2933 submittebat.
2903 2875 3034 2944 Quae
3060 2892 3184 2930 cum
3212 2875 3518 2947 Palaeologo

1923 2962 2197 3028 dolerent,
2229 2962 2519 3034 pulchram
2548 2972 2744 3018 nactus
2789 2963 3160 3030 occasionem,
3205 2962 3517 3018 Orchanem

1923 3069 1956 3108 a
1977 3053 2216 3110 Matthxi
2242 3054 2486 3110 amicitia
2510 3054 2827 3126 disjungere
2859 3055 3112 3119 tentavit,
3149 3055 3520 3126 promisitque

1923 3147 2195 3204 barbarus
2223 3147 2430 3214 omnia,
2455 3148 2618 3203 modo
2653 3148 2825 3203 tilium
2849 3148 3118 3218 reciperet
3149 3165 3162 3202 :
3190 3157 3246 3202 et
3267 3150 3516 3218 quanuiu

1920 3250 2174 3321 captivus
2202 3250 2294 3306 ille
2331 3249 2646 3315 tenebatur,
2685 3265 2789 3327 nec
2829 3249 3086 3305 Mattbaeo
3115 3249 3381 3305 adversus
3412 3250 3519 3306 Pa-

1918 3349 2208 3421 laeologum
2243 3347 2524 3418 subsidio,
2569 3364 2671 3403 nec
2704 3347 2984 3418 Byzantio,
3018 3349 3251 3420 aliisque
3280 3347 3517 3402 urbibus

1917 3443 2096 3498 eidem
2139 3442 2465 3514 parentibus
2510 3443 2777 3499 molestiae
2826 3442 2952 3498 fuit.
2991 3442 3294 3512 Imperator
3327 3440 3518 3497 existi.

1916 3553 2076 3593 mans
2099 3525 2731 3594 Calothetum’Orchani
2768 3538 2942 3592 lilium
2972 3537 3116 3592 baud
3149 3545 3372 3608 gravate
3397 3534 3519 3588 red-

1918 3631 2200 3698 diturum,
2233 3635 2279 3688 si
2317 3642 2528 3688 tantum
2555 3641 2858 3702 peteretur,
2886 3631 3119 3702 petitum
3147 3631 3317 3696 misit,
3344 3629 3520 3683 bono-

1917 3741 2007 3782 res
2031 3733 2088 3781 et
2115 3725 2220 3780 alia
2252 3727 2520 3783 nonnulla
2549 3726 2839 3783 commoda
2870 3726 3169 3797 pollicitus.
3197 3723 3520 3780 Calethctus

1917 3816 2006 3872 his
2033 3833 2224 3887 parum
2252 3817 2488 3886 moveri,
2519 3817 2784 3889 grandem
2825 3818 3072 3888 pecunim
3108 3830 3378 3872 summam
3414 3830 3517 3884 poo

1917 3911 2149 3979 stulare,
2212 3926 2377 3982 quam
2427 3925 2726 3967 numerare
2790 3911 3094 3980 imperator
3140 3912 3231 3965 vix
3279 3915 3514 3980 poterat.

1915 4002 2166 4074 Cumque
2195 4004 2246 4058 ei
2281 4003 2570 4058 horribilia
2596 4004 2924 4069 minaretur,
2947 4004 3038 4058 ille
3062 4003 3424 4060 nihilominus
3460 4005 3514 4058 iu

1917 4093 2262 4165 impudentia
2291 4095 2648 4167 persistebat.
2673 4095 2946 4163 Quocirca
2976 4096 3147 4153 armis
3177 4096 3232 4151 in
3261 4112 3386 4153 eum
3432 4096 3516 4152 ire

1916 4187 2230 4252 constituit,
2261 4197 2319 4244 et
2349 4188 2672 4245 triremibus
2708 4191 2857 4247 bono
2885 4206 3122 4247 numero
3159 4193 3513 4262 comparatis,

1918 4290 2064 4336 terra
2093 4281 2344 4352 marique
2369 4297 2498 4337 eum
2530 4283 2857 4340 lacessebat.
2889 4285 3168 4352 Quoniam
3217 4300 3348 4342 vero
3401 4287 3517 4341 Ire-

1917 4371 2136 4440 quenti.
2171 4379 2229 4426 et
2273 4371 2452 4428 valida
2500 4373 2915 4444 oppugnatione
2967 4376 3194 4431 tentatis
3238 4376 3516 4432 moenibus

1921 4462 2116 4518 urbem
2156 4464 2208 4517 vi
2242 4463 2366 4534 capi
2395 4480 2505 4519 non
2535 4480 2698 4536 posse
2729 4465 3225 4535 animadvertebat,
3257 4469 3476 4539 persolu
3497 4496 3514 4508 -

1918 4553 1990 4608 tis
2026 4553 2320 4612 Calotheto
2347 4571 2646 4612 aureorum
2688 4569 2913 4615 centum
2949 4561 3218 4627 millibus,
3253 4563 3422 4633 887
3456 4572 3514 4618 et

227 4637 275 4688 εξ
332 4633 491 4703 μόνον
550 4633 827 4706 αἰτηθείη,
885 4633 1110 4705 πέμψας
1163 4634 1301 4705 πρὸς
1367 4632 1550 4699 αὑτὸν,
1601 4633 1806 4703 ἐζήτει,

1921 4645 2424 4718 Panbypersebasti
2461 4649 2729 4721 dignitate
2765 4651 2976 4718 addita,
3026 4619 3216 4720 lilium,
3239 4619 3513 4710 ὀῖπῖιιέιηίε

224 4725 396 4794 τιμὰς
426 4724 896 4795 ἐπαγγελλόμενος
947 4725 1043 4776 καὶ
1087 4720 1257 4786 ἄλλας
1293 4720 1445 4784 τινάς
1467 4720 1810 4790 εὐεργεσίας.

226 4818 538 4882 Καλόθετος
575 4818 632 4871 δὲ
699 4815 906 4870 τούτων
953 4815 1052 4886 μὲν
1109 4813 1291 4884 ὀλίγον
1344 4813 1508 4883 λόγον
1552 4815 1811 4878 ἐποιεῖτο,

228 4914 532 4984 χρημάτων
598 4910 655 4964 δέ
708 4911 892 4982 ᾐτεῖτο
932 4908 1158 4978 πλῆθος,
1211 4907 1248 4962 ἃ
1295 4908 1529 4962 ἐκτίνειν
1581 4907 1814 4978 σχεδὺνὸ

231 5004 482 5075 βασιλεὺς
530 5001 807 5065 ἀδυνάτως
849 4998 986 5073 εἶχε.
1020 4999 1296 5064 Βασιλέως
1345 4999 1401 5052 δὲ
1456 4997 1815 5062 ἀπειλοῦντος

230 5099 292 5151 τὰ
319 5095 526 5167 ἔσχατα
567 5093 868 5164 διαθήσειν,
928 5093 977 5146 εἰ
1012 5091 1090 5164 μὴ
1146 5093 1412 5160 πείθοιτο,
1442 5091 1596 5146 οὐδὲν
1650 5087 1814 5165 ἧττον

238 5191 434 5252 ἐκεῖνος
464 5187 812 5261 ἀνῃσχύντει.
841 5187 919 5242 Δι’
947 5185 984 5242 ἃ
1015 5187 1188 5240 ἐδόκει
1219 5186 1328 5240 δεῖν
1358 5185 1528 5264 αὐτῷ,
1555 5187 1816 5256 ἐπιστρα-

242 5284 432 5336 τεύειν
489 5286 585 5335 καὶ
648 5281 1240 5351 παρασκευασάμενος,
1277 5279 1613 5333 ἐπέπλευσεν
1663 5277 1816 5350 αὐτῷ

225 5379 512 5450 τριήρεσιν
533 5376 636 5429 οὐκ
662 5374 894 5443 ὀλίγαις,
930 5373 1024 5427 καὶ
1053 5372 1360 5444 ἐπολιόρκει
1385 5374 1449 5426 ἐκ
1479 5374 1582 5443 γῆς
1611 5371 1815 5444 ὁμοίως

226 5471 326 5523 καὶ
355 5470 652 5539 θαλάσσης.
695 5467 786 5521 Ἐν
825 5467 1048 5529 πολλαῖς
1077 5466 1131 5520 δὲ
1163 5469 1256 5519 καὶ
1313 5468 1606 5537 καρτεραῖς
1639 5483 1818 5535 τειχο-

231 5561 459 5632 μαχίαις
510 5561 888 5631 ἀποπειράσας
944 5558 1051 5613 τῶν
1103 5559 1321 5631 τειχῶν,
1374 5561 1501 5614 ἐπεὶ
1553 5558 1815 5616 ἀδύνατον

225 5654 328 5724 τὴν
346 5655 688 5726 ἐπιχείρησιν
719 5650 889 5725 ἐώρα,
919 5652 1050 5706 δέκα
1096 5652 1364 5722 μυριάδας
1394 5653 1816 5724 παρασχόμενος

228 5745 477 5816 χρυσίου,
510 5747 604 5798 καὶ
635 5748 702 5816 τῇ
744 5745 1270 5816 πανυπερσεϐάστου
1301 5743 1432 5816 ἀξίᾳ
1474 5743 1813 5816 τετιμηκὼς,

232 5836 382 5892 ἔλυσε
400 5837 501 5908 τῆς
530 5835 906 5908 αἰχμαλωσίας
933 5837 1026 5890 τὸν
1052 5836 1168 5890 υἱὸν
1221 5836 1481 5908 Ὀρχάνη.
1507 5836 1603 5893 καὶ
1626 5838 1814 5895 ἀπεδί-

230 5928 320 5982 δου
366 5930 444 5999 τῷ
503 5928 696 6000 πατρί.
739 5928 828 5981 Ἐν
857 5922 902 5998 ᾧ
956 5927 1014 5982 δέ
1072 5928 1248 5982 ταῦτα
1300 5929 1555 5998 ἐτελεῖτο,
1615 5930 1812 6001 χρόνον

469 6028 745 6089 Puncta
779 6025 896 6086 Gn.
943 6015 1150 6084 CLIV.

1919 4739 2144 4807 liberat,
2179 4747 2237 4796 et
2269 4740 2337 4796 ad
2369 4751 2584 4813 patrem
2627 4743 2883 4802 remittit.
2941 4744 3112 4800 Multo
3154 4755 3403 4820 tempore
3453 4747 3510 4802 in

1919 4830 2006 4886 his
2038 4832 2276 4904 negotiis
2299 4845 2647 4906 consumpto,
2669 4835 2890 4891 urbium
2914 4836 3217 4908 Mygdonia:
3245 4841 3510 4912 prtefecti,

1920 4921 2288 4979 Triballorum
2344 4926 2701 4993 nobilissimi,
2744 4928 3062 4985 Manlianum
3119 4932 3509 5003 imperatorem

1921 5023 2135 5074 secreto
2165 5026 2420 5084 evocant,
2464 5028 2659 5088 utpote
2701 5020 2778 5075 illi
2822 5036 2881 5076 se
2925 5037 3051 5077 cum
3086 5024 3318 5080 urbibus
3353 5026 3510 5081 dedi-

1923 5107 2030 5162 turi
2058 5124 2074 5172 ;
2108 5122 2216 5176 qua
2242 5107 2310 5164 de
2343 5124 2403 5164 re
2436 5119 2494 5166 et
2526 5119 2687 5164 antra
2725 5122 2971 5182 egerant.
3011 5113 3088 5168 Ex
3127 5132 3237 5183 quo
3269 5133 3510 5187 nutuque

1918 5197 2338 5258 Cantacuzeuus
2367 5203 2560 5272 pulsus
2587 5218 2617 5257 a
2645 5204 2908 5261 Romanis
2935 5207 3080 5276 apud
3116 5208 3389 5266 Triballos
3420 5215 3511 5265 di-

1917 5299 2170 5346 versatus
2194 5291 2397 5358 fuerat,
2431 5294 2569 5350 mira
2595 5297 2764 5354 animi
2801 5297 3162 5356 inclinatione
3195 5305 3514 5373 potentissi-

1919 5398 2044 5439 mus
2079 5384 2315 5455 quisque
2358 5388 2706 5457 potissimum
2740 5391 2996 5447 eumdem
3031 5394 3268 5452 colebat.
3320 5397 3513 5468 Itaque

1918 5475 2084 5530 etiam
2119 5474 2281 5532 Crale
2309 5479 2635 5548 superstite,
2666 5479 2911 5538 libenter
2942 5483 3212 5541 vidissent
3241 5487 3420 5558 ipsum
3456 5491 3509 5544 iu

1920 5564 2197 5624 Triballos
2229 5579 2448 5638 gentem
2475 5587 2631 5627 suam
2659 5572 3074 5644 expeditionem
3115 5579 3417 5648 suscipere,
3453 5591 3509 5634 et

1921 5654 1976 5709 in
2005 5655 2056 5710 id
2089 5671 2314 5727 operam
2343 5659 2593 5731 impense
2623 5661 2847 5728 dabant,
2885 5665 3161 5737 siquidem
3192 5669 3311 5738 ejus
3343 5683 3507 5738 quam

1919 5746 2097 5827 Cralis
2135 5750 2431 5820 imperium
2473 5754 2775 5820 malebant,
2811 5766 2978 5825 atque
3023 5759 3128 5815 hac
3161 5760 3228 5814 de
3272 5775 3329 5815 re
3367 5763 3507 5816 clam

1919 5840 2124 5911 smpius
2167 5851 2291 5902 cum
2330 5859 2400 5899 eo
2439 5861 2750 5902 sermonem
2815 5847 3111 5905 habebant.
3153 5853 3354 5906 Verum
3416 5853 3500 5908 ubi

1919 5933 2222 6006 imperator
2250 5935 2669 5993 Cantacuzcnus
2693 5937 2964 5995 institutis
2995 5954 3056 5996 se
3077 5941 3395 6006 monasticis
3415 5943 3483 6004 ad

3118 6029 3182 6098 1!
