4056 6464
414 413 517 478 331

1588 413 1917 477 JOANNIS
1955 414 2482 492 QANTACUZENI

3559 428 3670 492 332

410 528 572 586 dixit.
626 539 933 595 eorumque
987 526 1246 595 princeps
1306 526 1421 583 fato
1472 540 1576 584 suo
1624 527 1850 584 iunctus
1880 537 1972 590 est,

2093 532 2287 601 συχνοῦ
2304 548 2448 595 τινος
2463 532 2757 604 τριϐέντος,
2776 537 2857 590 κα“
2883 537 2930 590 οί
2945 536 3053 590 τῶν
3073 536 3215 592 κατά
3238 538 3338 608 τὴν
3354 539 3666 609 Μυγδονίαν

410 629 640 690 propter
680 627 917 673 mutatas
948 618 1168 673 vivendi
1223 618 1488 685 rationes,
1534 618 1683 689 quod
1731 634 1993 689 sperave-

409 721 559 778 rant,
618 712 840 781 penitus
889 711 1383 782 desperarunt.Ad
1439 711 1755 767 Matthaeum
1804 719 1990 767 autem

411 804 584 858 lilium
637 804 945 867 mittentes,
999 802 1181 857 studia
1228 817 1359 872 erga
1394 813 1687 875 parentem
1725 801 1903 872 ipsius
1934 803 1991 859 in

408 894 731 949 memor-iam
777 893 860 947 illi
898 893 1248 964 redegerunt,
1292 903 1348 947 et
1377 894 1498 963 ejus
1536 893 1823 963 aequaliter
1867 908 1991 949 esse

408 987 711 1049 studiosos,
761 986 811 1041 ei
874 985 1215 1050 adhaasuros,
1273 1000 1644 1055 magnumque
1696 985 1989 1056 imperium

408 1077 800 1131 conciliaturos
855 1085 1263 1132 asseverarunt.
1318 1075 1460 1131 Tum
1519 1090 1653 1132 vero
1715 1076 1989 1132 Boiclmas

402 1166 590 1221 Cmsar
616 1165 843 1221 nuntios
877 1166 1053 1231 misit,
1096 1174 1283 1236 parata
1324 1160 1446 1223 esse
1475 1183 1598 1237 qua:
1634 1170 1989 1238 requireren-

405 1267 497 1311 tur
526 1255 737 1323 omnia,
759 1265 815 1311 et
847 1271 907 1311 se
934 1258 1098 1312 etiam
1130 1259 1434 1315 P‘herarum
1463 1259 1784 1329 pratectum
1810 1260 1877 1316 ad
1905 1263 2009 1333 ip-I

403 1360 593 1399 serum
628 1345 947 1403 societatem
988 1347 1338 1416 pertraxisse,
1382 1349 1477 1419 qui
1516 1358 1738 1418 paratus
1779 1352 1855 1405 sit
1890 1367 1987 1407 ur-

402 1433 528 1489 bem
558 1449 682 1488 cum
718 1434 834 1504 ipsa
862 1436 1129 1503 Cralaena,
1169 1438 1467 1510 multisque
1498 1454 1792 1495 aureorum
1815 1441 1985 1497 milli-

403 1524 510 1580 bus
541 1525 791 1589 tradere;
830 1528 1207 1598 rogabantque
1249 1529 1317 1584 ad
1369 1545 1466 1586 eos
1508 1530 1797 1586 accederet
1821 1547 1984 1602 quam

400 1618 755 1684 maturrime,
777 1618 858 1675 sic
884 1630 945 1674 ut
968 1619 1112 1675 diem
1139 1619 1410 1678 adventus
1435 1623 1520 1677 sui
1541 1622 1859 1693 praeﬁniret.
1888 1624 1986 1680 liis

398 1709 615 1763 nuntiis
644 1709 929 1766 Mattheus
959 1711 1290 1768 mirabiliter
1321 1713 1560 1779 laetatus,
1589 1715 1733 1772 hanc
1759 1730 1889 1786 erga
1925 1730 1984 1773 se

396 1802 623 1857 illorum
661 1812 772 1865 tam
807 1803 1069 1859 eximiam
1097 1805 1436 1863 voluntatem
1479 1806 1766 1877 magniﬁce
1799 1823 1983 1862 remu-

396 1903 724 1951 neraturum
780 1895 1057 1964 promisit,
1110 1905 1168 1951 et
1216 1905 1434 1968 tempus
1486 1898 1713 1967 triginta
1764 1899 1980 1954 dierum

398 1984 719 2051 praestituit,
752 1983 958 2055 quibus
990 1984 1282 2041 adveniret
1311 2002 1327 2042 :
1359 1986 1587 2042 totidem
1609 2002 1844 2059 namque
1865 1987 1985 2044 dies

398 2072 467 2128 ad
493 2074 862 2145 colligendum
888 2090 1049 2145 quem
1073 2075 1308 2133 habebat
1333 2076 1639 2133 Romanum
1660 2079 1981 2144 exercitum,

393 2173 452 2218 et
485 2162 552 2219 ad
597 2163 892 2220 auxiliares
923 2179 993 2219 ex
1042 2165 1258 2222 oriente
1301 2166 1371 2221 ab
1414 2164 1572 2223 afﬁne
1629 2182 1730 2224 suo
1777 2168 1984 2225 Orcha-

392 2270 465 2311 ne
515 2255 880 2312 accersendos
928 2256 1187 2314 credebat
1252 2257 1526 2314 sullicere.
1571 2258 1709 2314 Cum
1775 2258 1984 2317 Tribal-

389 2348 462 2404 lis
493 2349 662 2419 igitur
681 2364 740 2405 se
770 2350 1172 2406 advocantibus
1202 2353 1275 2405 ita
1307 2350 1514 2421 pepigit
1538 2367 1554 2405 ι
1578 2350 1982 2422 confestimque

393 2438 566 2493 missa
598 2439 869 2511 legatione
909 2440 977 2495 ad
1008 2439 1319 2497 Orcbanem
1368 2438 1596 2493 militem
1625 2440 1894 2510 poposcit,
1925 2450 1982 2495 et

396 2529 680 2584 Romanos
708 2546 809 2602 per
837 2529 1056 2585 litteras
1096 2527 1298 2597 coegit.
1332 2524 1494 2581 Forte
1522 2525 1741 2579 fortuna
1767 2525 1978 2580 Orcha-

390 2639 519 2679 nem
555 2623 698 2694 apud
721 2622 970 2694 Abydum
1001 2620 1125 2675 aliis
1162 2616 1495 2690 quibusdam
1518 2615 1586 2671 de
1628 2617 1810 2672 causis
1830 2632 1979 2672 com-

390 2724 697 2771 morantem
723 2713 885 2785 legati
926 2711 1287 2774 conveniunt,
1318 2708 1648 2778 legationem
1671 2715 1977 2774 exponunt.

386 2808 673 2864 Orchanes
715 2806 865 2861 illico
907 2821 972 2861 ex
1010 2803 1136 2859 aliis
1171 2799 1434 2869 satrapiis
1474 2797 1696 2854 circiter
1733 2797 1979 2869 quinque

390 2899 627 2954 millium
664 2899 1034 2953 Barbarorum
1068 2899 1459 2963 congregatum
1503 2885 1826 2955 exercitum,
1865 2899 1975 2942 tra-

384 2994 594 3063 jectum
622 2992 675 3046 in
706 2989 998 3046 Thraciam
1034 2987 1363 3069 petentium,
1399 2989 1461 3037 ut
1500 2981 1556 3036 in
1598 2978 1844 3036 Moesiam
1879 2996 1979 3051 po-

388 3084 638 3154 pulatum
686 3083 993 3145 irruerent,
1032 3077 1245 3147 aliquot
1282 3073 1350 3129 de
1383 3072 1501 3127 suis
1525 3071 1796 3134 admistis,
1832 3070 1971 3129 duce

387 3192 611 3248 quoque
640 3174 815 3246 888
838 3172 907 3228 de
939 3170 1055 3226 suis
1082 3169 1316 3264 ducibus
1341 3166 1620 3237 praefecto,
1652 3166 1858 3264 legatos
1878 3181 1969 3264 as-
1995 3203 2040 3264 ε

387 3284 633 3331 sumere,
664 3278 720 3322 et
752 3263 1130 3319 transmittere
1162 3258 1348 3330 jussit,
1390 3270 1568 3312 causae
1604 3256 1970 3326 expeditionis

383 3362 637 3425 nescius,
660 3370 714 3414 et
743 3354 1078 3427 simpliciter
1110 3350 1434 3412 arbitratus,
1458 3364 1585 3403 eum
1617 3348 1684 3403 ad
1704 3347 1970 3405 Barbaros

384 3448 789 3522 depraedandos
815 3443 1017 3500 auxilia
1042 3449 1247 3511 petere.
1278 3437 1566 3494 Matthceus
1605 3447 1712 3492 tam
1745 3448 1970 3509 repente

383 3541 679 3598 advenisse
730 3537 1030 3592 Persarum
1057 3530 1245 3599 copias
1282 3543 1533 3595 cernens,
1580 3538 1634 3583 ct
1668 3529 1967 3598 intellecto,

382 3649 450 3687 cx
499 3626 741 3685 diversis
792 3620 1051 3689 satrapiis
1106 3616 1456 3681 conﬂuxisse,
1517 3617 1965 3687 perturbabatur,

382 3722 801 3793 angebaturque
824 3722 1176 3781 magnopere,
1203 3706 1365 3760 simul
1390 3706 1533 3777 quod
1553 3707 1821 3764 Barbaros
1847 3709 1969 3766 illos

384 3811 528 3868 nihil
562 3820 755 3864 eorum
780 3814 904 3872 quas
944 3800 1060 3868 ipse
1097 3797 1283 3862 vellet,
1322 3794 1563 3853 facturos
1597 3800 1968 3870 suspicaretur

384 3906 670 3977 (vacantes
704 3902 853 3950 metu
885 3889 1119 3952 scilicet,
1151 3902 1251 3958 per
1276 3902 1439 3957 quem
1468 3888 1643 3953 ﬁeret,
1671 3899 1731 3945 ut
1750 3891 1966 3962 agmine

381 3996 692 4063 composito
711 3997 768 4042 et
789 3982 1040 4039 ordinato
1060 3981 1466 4050 sequerentur),
1488 3983 1649 4040 simul
1672 3985 1817 4055 quod
1851 3986 1965 4041 lto-

381 4098 561 4142 manae
591 4078 767 4149 copiae
795 4083 902 4129 tam
928 4071 1039 4127 eite
1065 4071 1379 4142 congregari
1405 4087 1514 4145 non
1549 4080 1837 4144 poterant;
1869 4077 1969 4132 tri-

382 4175 536 4247 ginta
553 4169 702 4224 enim
732 4163 928 4218 diebus
955 4175 1013 4215 se
1041 4161 1184 4231 apud
1215 4161 1335 4217 illos
1361 4160 1602 4219 futurum
1623 4167 1961 4225 condixerat.

382 4267 527 4322 Cum
554 4260 828 4316 niteretur
849 4260 1033 4309 autem
1061 4251 1331 4310 Barbaros
1358 4255 1502 4326 apud
1531 4270 1590 4312 se
1619 4260 1879 4323 retinere,
1908 4270 1965 4317 et

383 4366 606 4423 tempus
629 4358 828 4409 terere,
852 4343 929 4398 illi
958 4344 1078 4415 ejus
1112 4342 1392 4418 regionem
1437 4346 1749 4420 direpturos
1796 4350 1963 4406 mini-

384 4447 677 4504 tabantur,
706 4437 817 4491 nisi
839 4450 967 4491 cum
1001 4437 1139 4507 ipsis
1172 4438 1350 4509 primo
1370 4455 1589 4511 quoque
1625 4451 1870 4513 tempore
1906 4445 1961 4498 in

2096 621 2305 675 πόλεων
2333 623 2593 694 ἄρχοντες
2626 626 3044 695 ἐπιφανέστατοι
3059 627 3168 682 τῶν
3194 629 3502 698 Ί¹ριϐα).ῶν,
3523 634 3663 703 πρὸς

2094 710 2374 765 Ματθαῖον
2405 712 2591 783 κρύφα
2620 713 2954 785 πέμψαντες,
2992 717 3085 771 τὸν
3145 718 3373 789 βασιλέα
3428 739 3648 792 μετεκα.

2091 799 2297 865 λοῦντο,
2322 802 2400 867 ὡς
2431 807 2572 873 σφᾶς
2593 823 2654 859 τε
2683 808 2880 872 αὐτοὺς
2908 809 3005 863 καὶ
3026 809 3126 874 τάς
3186 812 3372 879 πόλεις
3399 816 3656 886 παραδὼ-

2093 908 2276 959 σοντες
2312 889 2388 950 ὧν
2436 897 2717 969 ἄρχουσιν.
2739 895 2918 955 Ἦσαν
2943 903 3002 956 δὲ
3064 904 3159 957 καὶ
3212 906 3480 975 πρότερον
3529 909 3658 978 περὶ

2087 981 2198 1036 τῶν
2222 982 2351 1038 ἴσων
2374 985 2748 1058 διειλεγμένοι.
2783 990 2916 1045 Ἀπὸ
2943 993 3045 1063 γὰρ
3071 992 3178 1047 τῶν
3195 997 3400 1065 χρόνων
3427 997 3667 1060 ἐκείνων,

2090 1074 2255 1143 ἡνίκα
2317 1075 2569 1146 βασιλεὺς
2625 1083 2655 1133 ὁ
2704 1082 3158 1156 Κανιακουζηνὺς
3202 1086 3306 1140 ὑπὸ
3371 1086 3653 1157 Ῥωμαίων

2088 1164 2385 1231 ἀπελαθεὶς
2413 1168 2675 1241 διέτριϐεν
2725 1174 2787 1226 έν
2815 1173 3126 1244 Τριϐαλοίς,
3156 1179 3359 1249 πολλήν
3407 1196 3527 1235 τινα
3555 1182 3657 1250 τὴν
3770 1207 3779 1219 ε

2087 1254 2300 1310 εὔνοιαν
2316 1257 2474 1330 έσχον
2494 1261 2631 1331 πρὸς
2649 1262 2874 1319 ἐκεῖνον·
2891 1265 3128 1334 μάλιστα
3147 1267 3202 1320 δὲ
3226 1270 3273 1322 οἱ
3291 1270 3659 1329 δυνατώτατοι
3671 1333 3699 1343 α

2086 1346 2213 1402 δι’ἀ
2263 1350 2357 1403 καὶ
2392 1351 2585 1422 Κράλη
2639 1344 2918 1423 περιόντος
2969 1356 3072 1422 ἔτι,
3112 1358 3296 1428 ,ἡδέως
3325 1361 3392 1413 ἂν
3442 1363 3660 1418 δκιῖνον

2085 1434 2224 1493 εἶδον
2257 1441 2759 1512 ἐπιστρατεύσαντα
2784 1447 2998 1511 αὐτοῖς’
3026 1449 3120 1504 καὶ
3144 1455 3661 1524 συγκατειργάσαν-

2084 1548 2146 1585 το
2164 1534 2233 1587 τά
2270 1537 2502 1605 μέγιστα
2520 1554 2534 1569 ·
2566 1539 2764 1609 μᾶλλον
2789 1542 2896 1611 γὰρ
2919 1543 3012 1596 ὑπ’
3030 1545 3241 1600 ἐκείνου
3274 1547 3659 1617 βασιλεύεσθαι

2084 1623 2363 1681 ἐϐούλοντο
2389 1628 2422 1699 ἣ
2455 1630 2666 1701 Κράλη,
2694 1632 2788 1687 καὶ
2812 1633 3070 1699 πολλάκις
3094 1637 3278 1707 κρύφα
3300 1642 3432 1708 περὶ
3459 1644 3658 1696 τούτου

2083 1714 2374 1787 διειλέχθη.
2417 1719 2571 1774 Ἐπεὶ
2605 1720 2663 1775 δὲ
2694 1722 2950 1792 βασιλεύς
2975 1741 3033 1779 τε
3085 1727 3396 1796 ἀπήλλαξεν
3427 1730 3496 1783 ὲκ
3542 1730 3661 1786 τῶν

2085 1808 2449 1877 πραγμάτων,
2482 1811 2575 1865 καὶ
2627 1814 2655 1868 ὁ
2688 1813 2838 1882 σφῶν
2896 1814 3164 1886 δυνάστης
3219 1820 3522 1890 ιτεθνήκειι,
3555 1825 3662 1888 τὰς

2091 1897 2192 1966 μὲν
2225 1900 2499 1970 προτέρας
2529 1904 2876 1961 παντάπασιν
2903 1906 3124 1973 ἐλπίδας
3159 1909 3537 1979 ἀπεγίνωσκον
3566 1915 3661 1970 διὰ

2091 1986 2192 2058 τὴν
2242 1988 2504 2059 βασιλέως
2553 1993 2853 2066 μεταϐολὴν
2898 1998 3043 2053 κατά
3072 2000 3163 2054 τὸν
3221 2000 3371 2071 βίον·
3417 2003 3552 2072 πρὸς
3599 2003 3660 2060 δὲ

2086 2080 2364 2136 Ματθαῖον
2424 2081 2732 2160 πέμποντες
2788 2086 3012 2155 βασιλέα
3037 2089 3128 2145 τὸν
3149 2092 3265 2146 υἱὸν
3291 2093 3397 2164 τήν
3422 2111 3485 2149 τε
3515 2096 3660 2165 πρὸς

2087 2171 2316 2243 βασιλέα
2344 2173 2434 2227 τὸν
2475 2176 2688 2247 πατέρα
2744 2176 2958 2234 εὔνοιαν
3014 2180 3435 2255 ὑπεμίμνησκον
3469 2187 3655 2252 αὑτὸν,

2084 2265 2181 2318 καὶ
2220 2265 2320 2334 τὴν
2360 2264 2481 2337 ῐσην
2530 2268 2625 2321 καὶ
2671 2269 2861 2339 ὁμοίαν
2907 2269 3071 2341 ἔχειν,
3120 2275 3214 2327 καὶ
3261 2275 3399 2344 πρὸς
3444 2279 3653 2337 ἐκεῖνον

2080 2355 2418 2424 διετείνοντο,
2450 2358 2546 2413 καὶ
2597 2360 2994 2431 ἐπηγγέλλοντο
3023 2365 3176 2433 αὐτῷ
3221 2369 3652 2441 προσθήσεσθαι,

2079 2445 2175 2497 καὶ
2208 2444 2451 2515 μεγάλην
2497 2447 2673 2520 ἀρχὴν
2708 2448 3082 2521 ύποποιήσειν.
3117 2454 3253 2507 Τότε
3309 2455 3367 2509 δλ
3425 2458 3652 2529 Βοτχνας

2078 2533 2108 2585 ὁ
2136 2534 2351 2603 Καῖσαρ
2384 2536 2624 2605 πέμψας,
2654 2538 2738 2592 ὅτι
2764 2556 2820 2593 τε
2850 2541 3028 2595 πάντα
3052 2546 3466 2615 παρεσκεύαστο
3506 2551 3648 2604 ὅσων

2080 2622 2288 2676 ἐδέοντο
2324 2625 2633 2695 ἀπήγγελλε
2654 2643 2670 2661 ο
2707 2629 2804 2686 καὶ
2833 2629 2908 2694 ὡς
2932 2633 3142 2687 πείσειε
3173 2638 3269 2701 καὶ
3298 2638 3394 2691 τὸν
3458 2640 3643 2709 Φερῶν

2079 2713 2314 2782 ἄρχοντα
2333 2715 2516 2780 αὐτοῖς
2536 2718 2843 2785 συνθέσθαι,
2864 2713 2962 2776 καὶ
2988 2723 3088 2794 τὴν
3106 2726 3262 2781 πόλιν
3291 2731 3641 2799 παραδιδόναι

2079 2798 2219 2857 εἶναι
2285 2811 2802 2879 παρεσκευασμένον
2836 2811 2950 2886 [γρ.
2987 2814 3108 2889 σὺν]
3148 2818 3287 2891 αὐτῇ
3339 2823 3642 2897 Κραλαίνῃ,

2081 2893 2176 2946 καὶ
2205 2895 2449 2965 χρήμασι
2486 2901 2723 2968 μυρίοις·
2756 2902 2963 2958 ἐδέοντό
2990 2922 3047 2959 τε
3079 2907 3310 2980 τάχιστα
3355 2893 3648 2981 ἀφικέσθαι

2078 2986 2209 3074 παρ’
2227 2986 2423 3049 αὐτοὺς
2437 2990 2700 3061 πρότερον
2720 2992 2876 3049 δόντα
2901 2997 3239 3069 προθεσμίαν
3256 3003 3355 3073 τῆς
3379 3003 3644 3074 ἀφίξεως.

2078 3073 2416 3169 Βασιλεὺςᾉδὲ
2445 3082 2646 3151 σφόδρα
2671 3085 2805 3155 πρὸς
2848 3088 2948 3157 τὴν
2982 3090 3243 3169 ἀγγελίαν
3290 3073 3647 3167 ὑπερησθεὶς,

2077 3164 2172 3216 καὶ
2205 3167 2414 3236 μεγαλα
2448 3170 2912 3245 ἐπαγγειλάμενος
2959 3164 3143 3244 αὐτοῖς
3176 3182 3275 3253 τῆς
3306 3164 3647 3254 περὶγαύτδν

2073 3253 2287 3351 εὐνοίας
2342 3259 2437 3351 καὶ
2492 3263 2748 3336 σπουδῆς,
2805 3269 3100 3342 παρείχετο
3151 3277 3246 3330 καὶ
3280 3277 3643 3351 προθεσμίαν,

2071 3345 2147 3445 ῶς
2171 3347 2242 3445 ὲνΔ
2258 3349 2552 3445 τριάκοντα
2585 3356 2820 3428 ἡμέραις
2849 3361 3175 3434 ἀφιξόμενος
3196 3381 3212 3397 ·
3236 3345 3505 3435 τοσαύτας
3533 3345 3643 3445 γὰρ

2071 3436 2204 3507 ᾢετο
2219 3440 2469 3511 ἀρκέσειν
2486 3447 2616 3516 πρός
2632 3465 2690 3501 τε
2707 3449 2771 3502 τὸ
2781 3450 2877 3522 τὴν
2893 3448 3056 3508 οὖσαν
3071 3455 3321 3528 ἀθροῖσαι
3350 3436 3644 3532 Ῥωμαίων

2073 3534 2353 3600 στρατιὰν,
2389 3538 2483 3590 καὶ
2517 3538 2579 3590 ἐκ
2605 3541 2703 3610 τῆς
2727 3539 2803 3594 ἔω
2835 3546 3149 3616 συμμαχίδα
3175 3550 3642 3624 μεταπέμψασθαι

2065 3624 2223 3694 μιαρὲ
2285 3625 2520 3699 Ὀρχάνη
2570 3632 2664 3684 τοῦ
2713 3635 2986 3707 γαμϐροῦ.
3059 3639 3345 3711 Τριϐαλοῑς
3401 3644 3503 3716 μὲν
3544 3644 3642 3702 οὖν

2067 3718 2184 3781 τοῖς
2234 3724 2749 3793 μεταπεμπομένοις
2810 3727 3050 3782 τοιοῦτον
3114 3730 3364 3804 σύνθημα
3419 3736 3592 3792 ἐδίδου
3621 3755 3639 3771 ·

2068 3809 2374 3880 πρεσϐείαν
2406 3810 2463 3865 δὲ
2494 3813 2632 3886 πρὸς
2675 3816 2940 3888 Ὀρχάνην
3000 3820 3199 3877 αὐτίκα
3264 3825 3490 3896 πέμψας
3545 3831 3639 3885 τὸν

2066 3897 2341 3969 γαμϐρὸν,
2396 3900 2584 3971 ᾐτεῖτο
2644 3904 2924 3975 στρατιὰν.
2985 3908 3081 3960 καὶ
3139 3910 3267 3974 τοὺς
3325 3911 3638 3984 Ῥωμαίους

2064 3991 2354 4061 γράμμασι
2385 3992 2751 4062 μετεκαλεῖτο.
2780 3996 3000 4067 Συμϐἀν
3020 3999 3075 4054 δὲ
3098 4000 3240 4057 οὕτω
3295 4007 3422 4077 περὶΙ
3468 4007 3639 4065 Ἀϐυ-

2064 4080 2153 4135 δον
2192 4082 2278 4153 ἐφ’
2300 4082 2516 4156 ἑτέραις
2552 4085 2616 4158 δή
2666 4104 2808 4141 τισιν
2845 4088 3048 4155 αἰτίαις
3070 4092 3120 4145 οἱ
3154 4094 3412 4164 πρέσϐεις
3440 4115 3638 4157 συντυ-

2064 4174 2251 4243 χόντες
2280 4174 2385 4268 ⁸τῷ
2432 4176 2678 4268 ν’ρρχάνῃ
2729 4179 3080 4252 διατρίϐοντι,
3140 4186 3481 4260 ἀπήγγελλον
3532 4194 3634 4268 τὴν

2067 4265 2379 4332 πρεσϐείαν.
2427 4265 2697 4341 Ὀρχάνης
2745 4270 2801 4324 δὲ
2866 4273 3084 4342 αὐτίκα,
3118 4278 3212 4331 καὶ
3267 4281 3381 4352 γὰρ
3442 4265 3632 4357 ἔτυχεν

2063 4355 2160 4426 ἀφ’
2186 4356 2388 4429 ἑτέρων
2419 4362 2766 4431 σατραπειῶν
2785 4364 3122 4438 ἡθροισμένη
3157 4376 3383 4442 στρατιὰ
3415 4355 3632 4446 Βαρόά.

2067 4464 2173 4519 ρων
2214 4451 2343 4518 περὶ
2374 4454 2869 4526 πεντακισχιλίους,
2888 4459 2980 4510 καὶ
3007 4458 3230 4533 δεομένη
3257 4469 3627 4540 περαιωθῆναι

381 4540 574 4591 hostes
592 4527 941 4612 graderetur.
996 4528 1166 4585 Tanta
1208 4532 1450 4602 undique
1495 4532 1811 4590 difficultate
1843 4535 1959 4591 cin-

2072 4540 2198 4611 ιιρδς
2254 4542 2350 4612 τὴν
2405 4542 2646 4615 Θρᾴκην,
2707 4546 2782 4609 ὡς
2832 4548 2911 4611 είς
2959 4527 3172 4604 Μυσίαν
3217 4527 3340 4609 sui.
3369 4527 3630 4635 λεηλασία

381 4638 529 4686 ctus,
559 4630 618 4676 et
636 4607 755 4674 sine
783 4620 1017 4689 propriis
1045 4621 1217 4692 copiis
1239 4622 1506 4693 proﬁcisci
1543 4639 1737 4695 parum
1774 4634 1951 4680 tutum

381 4713 742 4775 existimabat
770 4711 1015 4782 (etenim,
1044 4724 1104 4770 ut
1142 4716 1197 4770 in
1232 4726 1440 4781 aestate,
1474 4730 1667 4772 omnes
1699 4732 1796 4787 per
1824 4733 1952 4773 rura

385 4807 622 4878 dispersi
644 4821 783 4877 opus
810 4806 1131 4878 faciebant),
1152 4818 1209 4864 et
1240 4824 1403 4880 quam
1427 4811 1743 4865 comminati
1773 4820 1951 4879 erant,

387 4899 751 4953 llarbarorum
796 4898 1205 4957 infestissimam
1253 4901 1624 4958 incursionem
1652 4903 1948 4959 metuebat.

382 4988 642 5048 Decrevit
674 4987 839 5056 igitur
870 4991 1053 5060 potius
1092 5006 1215 5047 cum
1244 4992 1562 5051 domesticis
1595 4995 1952 5063 praesentibus

380 5080 554 5146 exire,
581 5095 747 5153 quam
777 5080 917 5137 alios
948 5082 1158 5140 diutius
1188 5086 1490 5155 praestolari
1524 5101 1541 5141 :
1572 5087 1950 5143 communica-

381 5182 549 5243 toque
579 5186 703 5226 cum
746 5171 1111 5231 Barbarorum
1147 5175 1385 5232 ducibus
1406 5177 1475 5233 de
1512 5178 1861 5246 expeditione
1891 5180 1947 5235 in

378 5263 649 5320 Triballos
698 5268 983 5337 mysterio,
1037 5268 1384 5339 precabatur,
1430 5285 1500 5326 ne
1525 5272 1687 5328 urbes
1723 5288 1846 5343 quae
1888 5287 1949 5329 se

375 5357 660 5424 dederent,
690 5368 748 5412 et
790 5361 1071 5431 regionem
1114 5360 1459 5430 intestarent,
1491 5363 1585 5419 sed
1619 5378 1683 5417 ea
1721 5365 1946 5430 intacta,

377 5447 445 5503 ad
477 5463 607 5504 vere
633 5448 914 5513 hostilem,
944 5465 1054 5519 quo
1110 5452 1219 5508 illis
1259 5452 1426 5508 duces
1454 5453 1744 5523 praeberet,
1778 5453 1948 5523 depo-

372 5538 671 5606 putandum
728 5552 788 5592 se
837 5538 1053 5606 darent,
1099 5539 1228 5597 huic
1270 5543 1512 5617 aequitati
1556 5544 1804 5612 pecuniae
1832 5544 1941 5598 vim

370 5630 663 5686 maximam
694 5632 1041 5700 promittens.
1061 5632 1282 5689 Barbari
1301 5640 1423 5704 quae"
1434 5636 1556 5706 ejus
1586 5633 1770 5688 animo
1793 5648 1944 5689 com-

2063 4630 2396 4703 ὲμϐαλοῦσα,
2446 4635 2541 4687 καὶ
2565 4635 2642 4709 τῷ
2690 4635 2908 4690 οἰκείων
2974 4639 3126 4703 τινὰς
3188 4630 3489 4718 συμμίξαξ,
3534 4630 3629 4708 καὶ

2059 4721 2362 4791 στρατηγὸν
2396 4721 2490 4774 ἕνα
2529 4723 2829 4792 ἐπιστήσας
2863 4726 3047 4791 αὐτοῖς
3077 4729 3267 4786 ἐκτῶν
3298 4737 3488 4804 αύτιῦ,
3515 4746 3629 4807 τοῖς

2057 4810 2322 4882 βασιλέως
2350 4815 2640 4884 πρέσϐεσιν
2670 4816 2885 4870 ἐκέλευε
2919 4810 3331 4890 παραλαϐίντας
3366 4832 3631 4902 περαιοῦ-

2057 4907 2202 4969 σθαι,
2252 4904 2351 4974 τὴν
2412 4905 2512 4976 μέν
2564 4907 2746 4963 αἰτίαν
2796 4907 3010 4975 ἀγνοῶν
3053 4910 3152 4982 τῆς
3207 4914 3474 4987 βασιλέως
3534 4926 3631 4981 ἐπὶ

2054 4994 2357 5065 Τριϐαλοὺς
2389 4996 2694 5067 στρατείας,
2725 5001 2960 5069 νομίζων
2999 5001 3057 5056 δὲ
3111 5004 3296 5072 ἁπλῶς
3342 5006 3504 5068 αύτδν
3532 5016 3629 5071 ἐπὶ

2051 5087 2312 5161 λεηλασίᾳ
2357 5087 2464 5142 τῶν
2515 5088 2835 5162 Βαρϐάρων.
2885 5092 3145 5154 Βασιλεὺς
3200 5099 3257 5151 δὲ
3309 5100 3435 5157 ίδὼν
3481 5106 3626 5163 οὕτω

2050 5178 2280 5248 τάχιστα
2308 5177 2406 5247 τὴν
2433 5178 2733 5248 Βαρϐάρων
2774 5182 3087 5255 ἀφιγμένην
3123 5191 3404 5258 στρατιὰν,
3430 5196 3626 5265 μαθὼν

2049 5270 2107 5323 δὲ
2140 5270 2234 5323 καὶ
2295 5267 2370 5331 ὡς
2417 5268 2627 5322 πολλῶν
2650 5271 2740 5345 εἴη
2803 5276 3145 5347 σατραπειῶν
3205 5282 3622 5359 συνειλεγμένη,

2050 5360 2285 5433 θορύϐου
2337 5362 2432 5414 καὶ
2470 5360 2709 5432 ἀθυμίας
2754 5360 2826 5437 ἦν
2878 5367 3098 5438 μεστός*
3143 5370 3302 5429 τοῦτο
3337 5374 3441 5446 μὲν
3496 5381 3626 5447 τοὺς

2048 5455 2366 5526 Βαρϐἀρους
2428 5454 2752 5512 ὑποπτεύων
2802 5459 2877 5524 ὡς
2926 5459 3077 5516 οὐδὲν
3141 5466 3289 5536 αὐτῷ
3325 5468 3434 5524 τῶν
3481 5476 3626 5531 κατά

2046 5545 2269 5616 γνώμην
2288 5545 2551 5616 πράξουσι
2567 5547 2719 5611 δέους
2736 5549 3163 5621 ἀπηλλαγμένοι,
3184 5557 3274 5626 ὑφ’
3293 5554 3355 5614 οὗ
3381 5565 3624 5635 μετρίως

2047 5637 2113 5691 ἂν
2146 5637 2421 5691 ἐπείθοντο
2442 5636 2722 5703 εὐτάκτως
2768 5641 2992 5696 ἕπεσθαι
3049 5650 3143 5699 καὶ
3188 5649 3326 5718 μετά
3368 5643 3620 5725 ’κόσμους
3662 5647 3669 5655 ’

366 5721 728 5791 placuissent,
760 5730 955 5777 cuncta
986 5738 1046 5778 se
1075 5725 1414 5794 praestitum
1436 5724 1942 5796 perfectissimeque

2072 5725 2201 5780 sine
2227 5726 2273 5779 δ’
2294 5727 2375 5780 ὅτι
2405 5727 2498 5781 καὶ
2529 5728 2569 5801 ἡ
2598 5726 2886 5801 Ῥωμαίων
2912 5737 3137 5806 στρατιά
3165 5739 3442 5807 ἀδυνάτως
3469 5721 3621 5815 εἶχεν

368 5813 740 5874 obsecuturos
762 5815 1195 5887 spoponderunt.
1230 5819 1350 5875 Mox
1386 5834 1489 5875 una
1519 5833 1642 5875 cum
1687 5817 1794 5875 illis
1841 5818 1940 5874 iter

2044 5818 2439 5892 ἀθροισθῆναι·
2501 5822 2911 5895 ἑν-τριάκοντα
2970 5828 3077 5900 γὰρ
3132 5831 3367 5904 ἡμέραις
3430 5837 3623 5911 εἴρητο
