4056 6458
315 449 422 516 333
500 419 503 421 ’

1457 440 2009 506 HISTORIARUM
2056 442 2288 504 LIBER
2329 441 2434 504 ιν.

3475 449 3584 513 39M

321 561 507 624 αὐτοῖς
525 556 662 612 εἶναι
687 557 820 628 πρὸς
842 554 1025 610 αὐτόν.
1049 553 1403 626 Πειρωμένου
1419 553 1476 608 δὲ
1498 551 1911 624 παρακατέχειν

2029 548 2274 618 :apessit,
2305 547 2496 618 paucis
2527 545 2787 608 Romanis
2823 549 3124 609 comitatus
3154 571 3171 611 :
3209 552 3488 625 mittitque
3521 557 3592 614 ad

317 659 444 718 τοὺς
475 652 812 724 Βαρδὰρους,
838 651 932 703 καὶ
977 649 1070 703 τὸν
1101 648 1292 720 χρόνον
1321 645 1576 712 ἀναλοῦν,
1604 644 1909 715 ἠπείλησαν

322 752 518 805 ἐκεῖνοι
547 745 645 817 τὴν
670 742 836 798 αὑτοῦ
876 740 1368 812 καταδραμεῑσθαι,
1402 737 1452 792 εί
1486 737 1562 809 μὴ
1603 738 1701 791 σὺν
1724 735 1910 800 αὐτοῖς

321 842 416 896 ἐπὶ
473 839 601 899 τοὺς
663 834 962 905 πολεμίους
1021 833 1255 905 τάχιστα
1293 831 1544 901 ἀπαίροι.
1588 828 1821 900 Ἀπορία
1853 827 1910 881 δέ

323 928 664 1000 πανταχόθεν
737 925 1042 995 συσχεθεὶς,
1101 924 1221 977 τότε
1262 922 1371 994 γὰρ
1417 922 1492 993 μὴ
1537 924 1634 993 τὴν
1698 920 1912 974 οἰκείαν

322 1020 594 1091 ἑπομένην
627 1017 774 1088 ἔχειν
823 1015 1057 1085 δύναμιν
1089 1013 1342 1084 ἐνόμιζεν
1377 1013 1478 1066 οὐκ
1528 1012 1793 1082 ἀσφαλὲς,
1817 1019 1914 1070 καὶ⁹

323 1117 420 1186 τὴν
469 1105 773 1182 Βαρόἀρων
824 1108 1120 1174 ἐδεδοίκει,
1154 1108 1222 1176 ἢν
1274 1105 1531 1177 ἠπείλουν
1588 1103 1774 1174 ἔφοδον
1822 1103 1898 1168 ὡς

327 1206 560 1278 μέγιστα
590 1200 966 1264 κακώσουσιν,
991 1204 1208 1254 πάντων
1228 1199 1286 1251 ἐν
1317 1197 1511 1268 θέρους
1534 1195 1654 1268 ὥρᾳ
1677 1211 1915 1266 τετραμ-

326 1299 502 1369 μένων
527 1296 619 1350 ἐπὶ
639 1295 800 1366 ἔργα,
827 1295 919 1347 καὶ
939 1292 1406 1361 διεσκεδασμένων
1427 1290 1519 1343 ἐπὶ
1536 1289 1662 1352 τοὺς
1683 1287 1914 1358 ἀγροὺς,

328 1390 498 1443 εἵλετο
553 1387 715 1450 αὐτὸς
781 1385 984 1456 μᾶλλον
1039 1384 1156 1454 ἅμα
1206 1382 1447 1445 οἰκέταις
1494 1382 1608 1444 τοίς
1669 1378 1919 1433 συνοῦσιν

327 1480 733 1552 ἐκστρατεύειν.
808 1481 919 1532 Καὶ
975 1479 1089 1539 τοῖς
1153 1475 1388 1547 ἡγεμόσι
1450 1473 1558 1528 τῶν
1615 1472 1918 1545 Βαρϐάρων

328 1568 637 1636 ἐκκαλύψας
664 1571 722 1620 τὸ
750 1563 1180 1638 ἁπόῤῥητοντῆς
1219 1561 1490 1632 εἰσϐολῆς,
1519 1561 1670 1630 ἠξίου
1709 1557 1784 1631 μὴ
1817 1559 1945 1621 τὰς⁴

331 1659 754 1744 προσχωρούσας
791 1659 977 1720 πόλεις
1035 1656 1384 1724 κακουργεῖν,
1415 1654 1553 1724 μηδέ
1580 1653 1678 1723 τὴν
1713 1651 1918 1723 χώραν’

329 1754 443 1808 ἀλλ’
480 1754 700 1809 ἄθικτον
723 1753 878 1822 διατη
895 1751 1170 1822 ρήσαντας
1196 1747 1436 1819 ἐκείνην,
1472 1747 1566 1801 ἐπὶ
1600 1745 1700 1819 τὴν
1741 1746 1913 1811 ὅντως

333 1848 598 1919 πολεμίαν
643 1844 946 1918 τρέπεσθαι
987 1844 1240 1912 ἀγωγοὺς
1294 1839 1461 1894 αὐτοῦ
1507 1838 1916 1910 παρεχομένου.

333 1897 735 2007 ξέέᾷύττίςν
838 1897 1259 2006 εὐγνωμοσῖὂνης
1283 1933 1449 1988 ἕνεκα
1472 1897 1918 2003 χρήματαπολλὰ
1949 1897 1995 1954 Β

343 2031 443 2094 τοῖς
470 2028 775 2101 Βαρϐάροις
825 2027 1195 2097 ἐπηγγέλλετο
1225 2023 1591 2096 παρέξειν.οΞ
1625 2021 1672 2076 δ’
1704 2021 1920 2076 ἅπαντα

345 2120 563 2191 πράξειν
582 2118 727 2190 αὑτῷ
741 2118 808 2172 τὰ
827 2119 969 2172 κατά
993 2116 1220 2188 γνώμην
1255 2113 1614 2187 ίσχυρὶζοντο,
1632 2114 1724 2168 καὶ
1740 2113 1921 2168 πάντα

337 2216 577 2280 ὑπείξειν
610 2210 876 2284 ἀκριϐῶς.
924 2209 1132 2264 Λύτίκα
1152 2225 1210 2263 τε
1274 2205 1661 2278 συνεξώρμητο
1715 2207 1918 2273 αὐτοῖς,

339 2309 552 2375 ὀλίγους
573 2303 728 2363 τινὰς
768 2301 1078 2370 Ῥωμαίους
1105 2297 1247 2368 ἔχων
1271 2297 1402 2368 περὶ
1433 2295 1628 2349 ἑαυτόν
1647 2311 1662 2326 ο
1705 2291 1922 2364 ἔπεμπέ

339 2413 401 2452 τε
431 2397 522 2452 καὶ
553 2396 687 2468 πρὸς
727 2393 982 2463 Καίσαρα
1012 2390 1104 2444 τὸν
1133 2389 1366 2460 Βοΐχνην
1395 2387 1520 2451 τοὺς
1559 2386 1920 2460 δηλώσοντας,

333 2491 427 2543 ὅτι
457 2488 546 2542 καὶ
577 2484 730 2557 πιρὰ
758 2483 822 2537 τὸ
852 2480 1110 2551 σύνθημα
1175 2475 1627 2548 ἐκστρατεύσειεν
1681 2475 1925 2544 ἀναγκα-

333 2579 488 2643 σθεὶς
514 2577 618 2632 ὑπὸ
645 2577 743 2646 τῆς
775 2574 1036 2645 στρατιᾶς
1071 2571 1172 2625 οὐκ
1201 2569 1581 2640 ἀνασχομένης
1607 2567 1927 2638 περιμένειν

340 2673 435 2725 τὸν
456 2669 662 2740 καιρόν.
703 2668 764 2723 '0
792 2667 850 2720 δέ
887 2665 988 2736 τῆς
1049 2663 1258 2725 πόλεως
1281 2654 1352 2733 ἦς
1387 2656 1560 2731 ἦρχεν
1601 2657 1923 2727 ἀποδημῶν,

344 2761 537 2830 Δράμα
560 2758 616 2810 δὲ
653 2753 748 2828 ἦν,
783 2754 906 2808 ἐπεὶ
933 2754 1159 2808 πύθοιτο
1186 2751 1257 2805 τὰ
1283 2751 1436 2821 παρὰ
1491 2749 1780 2821 βασιλέως,
1811 2746 1930 2816 ἅμα

345 2854 441 2904 καὶ
505 2849 734 2920 στρατιᾷ
781 2863 889 2900 τινι
957 2841 1272 2915 περιτυχὼν
1325 2841 1654 2912 Τριϐαλικῇ,
1685 2839 1721 2911 ἢ
1780 2839 1930 2908 παρὰ

346 2941 534 3013 Κρᾶλη
594 2940 730 3012 πρὸς
789 2938 888 3010 τὴν
953 2937 1166 3006 μητέρα
1235 2934 1524 3002 ἀφικνεῖτο
1588 2933 1646 2984 ἐν
1709 2931 1928 2998 Φεραῖς,

347 3036 673 3106 ἀνέστρεφεν
709 3032 801 3085 ἐπὶ
827 3031 1009 3100 Φερὰς
1045 3029 1188 3098 μετὰ
1236 3026 1334 3094 τῆς
1383 3025 1666 3094 στρατιᾶς.
1700 3022 1930 3093 Γνώμην

350 3128 407 3180 δέ
427 3121 568 3197 εἶχεν
596 3123 673 3187 ὡς
702 3124 796 3177 καὶ
829 3124 941 3184 τοῖς
962 3121 1144 3181 ἄλλοις
1171 3119 1289 3171 ἐκεῖ
1318 3115 1662 3186 συνωμόταις
1713 3113 1932 3168 συνδια·

2013 640 2308 696 Boiclmam
2343 640 2610 697 Caesarem
2640 641 3028 713 signiﬁcatum,
3053 659 3112 700 se
3145 655 3342 717 praeter
3372 657 3591 718 pactum

2013 733 2333 798 adventare,
2398 734 2743 804 compulsum
2800 750 2830 788 a
2875 736 3051 806 copiis
3093 741 3418 810 peregrinis,
3473 758 3598 814 quae

2015 826 2295 897 praefixum
2350 833 2570 896 tempus
2602 833 2920 896 exspectare
2971 829 3198 887 nollent.
3252 832 3355 898 Qui
3396 833 3598 892 absens

2015 917 2174 984 urbe,
2200 917 2288 972 cui
2332 925 2564 988 praeerat
2606 917 2802 972 Drama
2833 919 3123 985 vocabulo,
3151 932 3211 977 ut
3241 923 3464 979 nuntios
3489 925 3596 980 im-

2015 1009 2287 1081 peratoris
2340 1009 2572 1080 accepit,
2608 1010 2772 1066 simul
2813 1021 2871 1066 et
2905 1011 2959 1067 in
3010 1029 3203 1084 agmen
3236 1015 3594 1072 Triballicum

2017 1099 2234 1168 incidit,
2259 1100 2406 1172 quod
2429 1116 2458 1155 a
2486 1099 2647 1156 Crale
2675 1100 2743 1156 ad
2769 1109 2994 1156 matrem
3022 1103 3224 1159 Pheras
3251 1104 3596 1173 mittebatur,
3640 1147 3652 1158 .

2018 1209 2142 1250 cum
2179 1193 2371 1251 eodem
2414 1194 2635 1265 agmine
2679 1207 2934 1250 reversus
2983 1206 3087 1261 est,
3141 1195 3244 1252 hac
3291 1208 3496 1264 mente,
3535 1210 3600 1257 ut

2019 1299 2143 1341 cum
2174 1286 2390 1341 caeteris
2417 1284 2718 1357 coniuratis
2748 1285 2823 1341 ibi
2857 1285 2988 1355 quid
3023 1287 3076 1341 in
3111 1303 3350 1357 prmsens
3393 1288 3601 1346 facien—

2020 1376 2172 1444 dum,
2214 1377 2505 1432 consilium
2543 1384 2784 1447 caperet.
2820 1377 3048 1433 Barbari
3099 1389 3158 1434 ut
3189 1394 3314 1435 cum
3365 1381 3604 1450 impera-

2025 1477 2143 1524 tore
2171 1467 2366 1525 Pberis
2396 1467 2932 1540 appropinquarunt,
2963 1471 3150 1542 plures
3203 1485 3599 1529 conventorum

2021 1557 2228 1624 securi,
2261 1559 2564 1629 pradatum
2604 1574 2663 1614 se
2704 1559 2971 1626 effudere,
3016 1569 3294 1632 totamque
3325 1563 3602 1633 regionem

2023 1663 2124 1720 per
2157 1648 2436 1704 licentiam
2474 1649 2790 1720 depopulati
2827 1659 2998 1706 sunt:
3033 1659 3394 1708 succensente
3425 1653 3603 1723 impe-

2024 1751 2235 1807 ratore,
2265 1751 2320 1796 et
2353 1749 2600 1798 tentante
2640 1741 2847 1809 omnia,
2887 1741 3092 1812 quibus
3127 1743 3338 1800 amicos
3385 1745 3606 1816 injuriis

2024 1831 2395 1888 Barbarorum
2443 1847 2502 1888 se
2553 1832 2963 1902 prohibiturum
3001 1840 3242 1903 putaret.
3279 1834 3384 1902 Qui
3416 1845 3604 1890 autem

2022 1939 2147 1979 cum
2181 1923 2514 1993 imperatore
2557 1932 2614 1978 et
2639 1922 2781 1980 duce
2816 1938 2917 1980 suo
2954 1937 3355 1990 remanserant,
3385 1942 3605 1982 manum

2025 2017 2414 2086 Triballorum,
2460 2015 2630 2088 889
2669 2017 2724 2073 in
2765 2032 2874 2088 qua
2904 2027 2960 2074 et
3004 2019 3276 2076 Boicbnas
3307 2020 3607 2086 visebatur,

2023 2118 2214 2166 contra
2272 2117 2562 2165 cernentes
2612 2109 2891 2176 invadere,
2945 2110 3240 2182 conﬂigere
3288 2112 3608 2182 cupiebant.

2024 2201 2332 2273 Imperator
2361 2201 2458 2258 ubi
2486 2201 2660 2257 multo
2691 2203 2880 2258 labore
2909 2217 3006 2258 eos
3025 2219 3056 2258 a
3089 2219 3269 2275 pugna
3299 2204 3610 2261 absterrere

2027 2308 2136 2348 non
2179 2293 2382 2364 potuit,
2412 2302 2466 2348 et
2497 2293 2614 2365 ipse
2636 2293 2705 2348 ad
2737 2303 3018 2350 certamen
3046 2295 3344 2365 processit.
3381 2294 3526 2365 quod
3555 2307 3614 2350 et

2025 2384 2255 2441 Triballi
2287 2387 2342 2441 in
2378 2385 2650 2441 Barbaros
2681 2386 2978 2452 faciebant,
3011 2385 3216 2456 quibus
3248 2387 3432 2442 adhuc
3478 2387 3616 2442 mis-

2029 2475 2228 2532 silibus
2260 2477 2344 2546 (ut
2379 2476 2633 2532 solebant
2664 2476 2775 2548 (4‘)
2807 2487 3099 2548 antequam
3128 2478 3377 2546 praelium
3411 2494 3610 2535 conse-

2029 2569 2241 2638 rerent)
2269 2566 2727 2638 praeludentibus,
2763 2566 2872 2622 dux
2902 2568 3103 2622 cecidit
3131 2585 3145 2622 :
3177 2569 3334 2639 cujus
3365 2584 3494 2624 casu
3528 2569 3614 2622 ir.-

2029 2674 2163 2730 gcns
2191 2657 2446 2714 confusio
2485 2671 2550 2713 ac
2589 2657 2884 2726 trepidatio
2913 2657 3058 2721 illos,
3111 2657 3264 2712 velut
3301 2659 3480 2728 primo
3515 2657 3616 2713 im-

2029 2761 2162 2822 petu
2197 2751 2374 2805 victos
2401 2749 2662 2820 pervasit.
2697 2749 3005 2819 Imperator
3038 2757 3153 2804 tum
3199 2749 3435 2805 maxime
3465 2757 3522 2805 et
3546 2749 3612 2804 ad

2033 2843 2474 2914 intelligendum,
2499 2841 2632 2912 quid
2682 2842 2773 2896 tali
2806 2851 3051 2914 tempore
3081 2843 3428 2907 conveniret,
3463 2851 3521 2899 et
3549 2844 3616 2899 ad

2033 2950 2150 2990 r-em
2174 2935 2291 3005 ipse
2317 2933 2745 3000 conficiendam,
2774 2934 3025 3004 aliusque
3056 2935 3367 2990 incitandos
3389 2934 3538 2990 celer
3555 2953 3621 2992 ac

2033 3037 2325 3100 promptus
2357 3027 2638 3098 apparuit.
2681 3027 2864 3082 Alium
2921 3027 3126 3098 quippe
3175 3027 3372 3084 ducem
3435 3030 3620 3084 Statim

2035 3118 2368 3189 surrogavit,
2425 3133 2592 3188 quem
2645 3117 2724 3173 rei
2784 3134 2814 3172 a
2846 3133 2906 3173 se
2948 3118 3092 3174 bene
3123 3119 3376 3190 gerendae
3420 3119 3622 3177 ﬁducia

273 3205 284 3208 ’
355 3213 679 3284 σκεψόμενος
734 3212 843 3266 ὅτι
890 3210 1000 3264 δέοι
1060 3207 1194 3280 δρᾷν
1229 3206 1369 3277 πρὸς
1417 3206 1484 3258 τὰ
1535 3203 1802 3273 παρόντα.
1866 3202 1927 3256 Οί

2034 3209 2322 3281 implevit:
2360 3224 2641 3280 ruensque
2685 3209 2740 3265 in
2772 3211 3006 3280 primam
3041 3211 3238 3278 aciem,
3259 3213 3463 3267 eximia
3505 3214 3626 3267 ani-

349 3305 619 3376 Βάρόαροι
641 3304 699 3357 δέ
727 3303 852 3357 ἐπεὶ
879 3302 1052 3371 ἐγγὺς
1077 3299 1263 3371 Φερῶν
1293 3294 1436 3369 ἦσαν
1466 3295 1604 3366 μετὰ
1638 3295 1929 3366 βασιλέως,

341 3399 397 3450 ot
417 3397 632 3459 πλείους
655 3394 754 3465 μὲν
776 3393 1153 3465 ἀμελήσαντες
1168 3391 1280 3444 τῶν
1325 3388 1634 3459 συνθηκῶν,
1663 3390 1721 3440 ἐτ
1731 3385 1934 3458 ράπον-

348 3506 412 3542 το
435 3490 527 3541 ἐπὶ
551 3485 865 3556 λεηλασίαν,
893 3485 988 3540 καὶ
1047 3486 1230 3538 πᾶσαν
1283 3482 1385 3555 τὴν
1427 3479 1612 3550 χώραν
1665 3477 1938 3549 ἐπόρθουν

350 3580 540 3642 ἀδεῶς,
581 3579 844 3649 βασιλέως
876 3575 1196 3648 ἀχθομένου,
1231 3571 1330 3628 καὶ
1385 3573 1570 3627 πάντα
1603 3569 1938 3640 πράττοντος

346 3670 410 3737 ἐξ
469 3664 544 3724 ὧν
571 3669 708 3741 ᾤετο
743 3668 1010 3722 κωλύσειν
1063 3667 1188 3730 τοὺς
1221 3663 1541 3734 Βαρδάρους
1574 3660 1782 3716 κακοῦν
1809 3661 1937 3724 τοὺς

352 3759 535 3828 φίλους
557 3775 573 3792 ⁶
600 3759 715 3812 ὅσοι
738 3757 798 3810 δέ
830 3759 969 3826 μετὰ
998 3753 1266 3826 βασιλέως
1293 3749 1438 3824 ἦσαν
1463 3750 1675 3805 καὶτοῦ
1702 3765 1937 3822 στρατη-

349 3849 473 3922 γοῦ,
515 3853 614 3922 την
674 3849 964 3921 Τρισαλῶν
1018 3847 1220 3909 ἰδόντες
1269 3844 1612 3919 προσιοῦσαν
1645 3844 1933 3916 στρατιὰν,

351 3938 386 4017 ᾖ
415 3946 511 3998 καὶ
535 3942 759 4013 Βοῖχνας
787 3942 953 4013 συνῆν
981 3941 1008 3993 ό
1046 3941 1291 4011 Καῖσαρ,
1325 3935 1591 4009 ὥρμηντο
1620 3937 1938 4009 συμϐαλεῖν.

351 4033 612 4097 Βασιλεὺς
640 4033 720 4099 δὲ,
745 4033 869 4086 ἐπεὶ
900 4030 1076 4086 πολλά
1100 4030 1296 4102 καμῲν
1345 4031 1449 4084 οὐκ
1482 4029 1724 4102 ἠδυνήθη
1755 4031 1943 4084 πεῖσαι

351 4125 684 4195 ἀποσχέσθαι
707 4126 912 4195 μάχης,
932 4122 1134 4194 ἐχώμι
1152 4122 1252 4177 καὶ
1267 4123 1431 4187 αὐτὸς
1453 4123 1547 4176 ἐπὶ
1569 4122 1662 4176 τὸν
1679 4123 1811 4176 πόλι
1819 4139 1939 4193 μον.

354 4217 560 4288 ’ῌεσαν
574 4215 630 4268 δὲ
648 4217 742 4269 καὶ
765 4217 816 4268 ei
837 4215 1094 4286 Tpt6aiiot
1115 4214 1319 4285 ὁμοίως
1339 4216 1434 4268 ἐστὶ
1455 4214 1582 4278 τοὺς
1593 4212 1940 4286 Βαρϐἁρους.

348 4309 476 4361 Ἔτι
511 4308 577 4378 ’δὲ
621 4307 1122 4379 ὰα-ροδολιζομένων
1199 4307 1312 4362 τῶν
1372 4307 1702 4380 Βαρϐάρων,
1753 4306 1942 4380 ὥσπερ

351 4400 472 4463 ἐθος
505 4401 635 4470 πρὶν
661 4400 820 4470 ἥκειν
842 4400 922 4462 είς
956 4399 1054 4462 τὰς
1084 4401 1295 4470 χεῖρας,
1315 4397 1552 4452 ἔπιπτεν
1571 4399 1601 4452 ό
1636 4397 1946 4470 στρατηγὸς

353 4490 497 4561 βέλει
549 4489 779 4559 τρωθεὶς
843 4489 953 4544 ὑπὸ
1007 4489 1117 4542 τῶν
1181 4486 1490 4558 Τριὸαλῶν,
1523 4487 1620 4540 καὶ
1681 4486 1946 4555 σῦγχυσις

2035 3315 2200 3356 musae
2231 3299 2576 3357 fortitudinis
2603 3301 2849 3371 exempla
2879 3300 3072 3357 edidit.
3111 3302 3316 3357 Tribus
3341 3303 3488 3360 enim
3521 3302 3624 3359 ho-

2037 3393 2217 3449 stibus
2243 3394 2594 3448 continenter
2625 3408 2723 3448 sua
2760 3410 2924 3449 manu
2971 3393 3303 3462 interfectis,
3346 3395 3622 3452 Triballos

2040 3486 2284 3556 receptui
2317 3499 2541 3551 canere,
2580 3495 2636 3540 et
2679 3486 2886 3542 Pheras
2920 3486 3065 3543 baud
3117 3487 3278 3559 longe
3326 3487 3621 3551 distantes.

2040 3579 2161 3635 sine
2201 3595 2353 3634 mora
2385 3579 2648 3635 recedere
2675 3580 2872 3651 coegit.
2924 3579 3002 3635 Eo
3034 3581 3296 3636 conﬂictu
3332 3575 3623 3638 Persarum

2041 3673 2226 3744 pauci,
2277 3670 2646 3730 Triballorum
2688 3672 2857 3744 duplo
2902 3674 3090 3744 plures
3139 3672 3436 3728 desiderati
3473 3685 3625 3730 sunt.

2039 3763 2293 3828 Barbari,
2327 3765 2586 3834 quoniam
2631 3763 2714 3821 eis
2756 3771 2951 3819 contra
2998 3779 3152 3835 spem
3199 3773 3462 3820 evenerat
3493 3767 3626 3836 (non

2040 3855 2186 3911 enim
2219 3854 2589 3925 opinabantur
2625 3853 2817 3909 hostes
2843 3853 3165 3924 aliquandiu
3188 3869 3245 3910 se
3277 3853 3626 3923 defensuros)

2042 3947 2305 4010 tumultu,
2340 3945 2781 4016 confusioneque
2814 3948 3149 4017 permiscere
3189 3945 3396 4012 omnia,
3441 3953 3497 4001 et
3538 3945 3630 4002 fu-

2043 4051 2166 4109 gam
2193 4036 2492 4108 parturire.
2521 4034 2671 4102 Quos
2700 4034 3054 4099 confirmans,
3086 4042 3144 4089 et
3167 4034 3222 4089 in
3253 4033 3506 4089 ordinem
3545 4033 3631 4089 di-

2044 4145 2241 4203 gerens
2268 4130 2588 4199 imperator,
2624 4137 2686 4182 ut
2721 4143 2840 4181 mos
2865 4136 2967 4190 est,
3003 4125 3249 4190 revertit,
3285 4125 3402 4196 ipse
3444 4137 3631 4181 extre-

2047 4235 2198 4276 mum
2224 4231 2419 4289 agmen
2461 4219 2690 4283 ducens,
2737 4217 2795 4272 in
2835 4232 2945 4287 quo
2974 4217 3349 4272 Romanorum
3405 4227 3465 4273 ct
3495 4219 3632 4273 Per-

2045 4323 2230 4364 sarum
2268 4307 2584 4363 fortissimi.
2637 4305 2868 4376 Triballi
2914 4321 3079 4378 porro
3126 4306 3446 4362 incruentos
3474 4308 3633 4364 abire

2045 4401 2320 4456 Barbaros
2346 4415 2456 4454 non
2488 4397 2779 4456 sinebant:
2829 4413 2969 4469 quos
2993 4406 3050 4453 et
3083 4398 3251 4468 ipsos,
3282 4397 3412 4469 quia
3453 4399 3632 4454 celer-

2046 4493 2187 4549 rime
2213 4492 2497 4554 ‘redirent.
2547 4493 2798 4547 turbatos
2839 4491 3264 4562 suspicabantur
3296 4509 3311 4546 :
3363 4500 3420 4548 et
3450 4493 3633 4549 denuo

351 4583 500 4655 δεινὴ
528 4583 620 4634 καὶ
650 4581 846 4648 ἀταξία
866 4581 928 4635 τὸ
963 4579 1324 4652 στρατόπεδον
1353 4581 1574 4650 κατεῖχε
1601 4579 1712 4632 τῶν
1733 4579 1927 4648 Βαρϐἀμ

2054 4585 2404 4650 invadentes,
2456 4585 2726 4655 dissipare
2773 4584 3073 4649 confertos,
3102 4593 3159 4640 et
3195 4584 3250 4640 in
3283 4583 3468 4654 fugam
3499 4583 3634 4640 dare

356 4692 488 4744 ρων,
546 4669 636 4728 οἷα
696 4673 762 4744 δὴ
828 4674 896 4726 ἐκ
952 4672 1178 4743 πρώτης
1254 4672 1584 4742 ἡττημένων
1655 4672 1927 4742 εἰσϐολῆς.

2043 4678 2388 4733 nitebantur.
2451 4677 2754 4749 Imperator
2809 4690 3032 4733 rursum
3086 4691 3212 4731 cum
3253 4677 3518 4733 Romanis
3577 4689 3636 4733 et

353 4765 618 4828 Βισιλεὺς
647 4765 704 4819 δέ
737 4765 860 4819 τότε
894 4763 1134 4834 μάλιστα
1181 4764 1437 4831 ἐφαίνετο
1497 4763 1738 4816 συνεῖναί
1771 4780 1831 4816 τε
1867 4764 1927 4816 τὰ

2046 4769 2340 4826 Persarum
2370 4769 2691 4825 lectissimis
2715 4785 2775 4825 se
2823 4782 3131 4838 opponens,
3157 4783 3254 4824 eos
3287 4769 3632 4838 repellebat;

353 4858 540 4912 δέοντα
565 4858 640 4913 ὢν
665 4858 792 4924 ὀξὺς
824 4859 882 4911 ἐν
916 4859 1198 4927 ἐπείγουσι
1259 4857 1498 4924 καιροῖς,
1527 4856 1626 4908 καὶ
1683 4855 1846 4919 αὑτός
1875 4873 1927 4910 τε

2047 4859 2188 4915 deos
2229 4861 2376 4915 enim
2421 4869 2757 4930 congressus
2787 4859 3051 4928 deinceps
3091 4858 3317 4924 occidit,
3357 4867 3414 4915 et
3439 4859 3531 4914 alii
3564 4859 3635 4914 ab

353 4950 827 5021 καταπραξασθαι,
857 4947 954 5003 καὶ
979 4952 1092 5012 τοῖς
1127 4947 1310 5012 ἄλλοις
1339 4949 1696 5020 παραινέσαι.
1727 4949 1927 5003 Αὐτίκα

2048 4953 2173 5029 aiiis
2214 4954 2284 5008 ad
2317 4967 2508 5008 ereum
2559 4953 2715 5008 missi
2763 4960 2912 5008 sunt.
2952 4949 3093 5006 Tum
3131 4951 3373 5022 denique
3422 4967 3635 5007 cuneus

354 5043 466 5112 γὰρ
518 5044 705 5110 ἓτερον
756 5040 1084 5111 ἐχειροτόνει
1143 5041 1476 5110 στρατηγὶν,
1543 5040 1638 5093 καὶ
1703 5039 1927 5112 παρῄνει

2051 5045 2446 5110 Triballorum,
2509 5044 2861 5114 imperatoris
2927 5044 3138 5100 virtute
3193 5043 3632 5115 obstupefactus,

357 5138 599 5207 μάλιστα
625 5135 874 5209 θαρρεῖν,
900 5133 978 5196 ὡς
1035 5134 1218 5198 καλῶς
1274 5134 1442 5188 αὑτοῦ
1478 5135 1596 5199 τοῖς
1648 5133 1927 5206 πράγμασι

2047 5137 2254 5195 Pheras
2285 5138 2538 5209 recessit,
2587 5151 2652 5194 ac
2685 5138 2755 5195 de
2787 5148 2993 5195 caetero
3023 5137 3166 5194 nihil
3204 5137 3414 5210 negotii
3457 5137 3639 5196 faces-

355 5232 722 5303 χρησομένουι
765 5230 1084 5300 Είσωθήσας
1127 5227 1184 5281 δέ
1240 5227 1403 5282 αὑτὸν
1436 5230 1516 5292 εἰς
1569 5227 1697 5291 τοὺς
1743 5228 1948 5299 προτάμ-
2045 5231 2199 5287 sirit.

359 5343 542 5392 κτους,
574 5329 712 5398 ἔργα
760 5325 967 5396 τόλμης
999 5326 1091 5377 καὶ
1117 5323 1344 5394 ἀνδρίας
1387 5320 1734 5375 ἐπεδείκνυτο
1766 5320 2081 5390 θαυμαστά.
2125 5325 2286 5396 Τρεῖς
2314 5325 2425 5396 γὰρ
2454 5324 2652 5397 ἐφεξῆς
2689 5325 3009 5400 αὐτοχειρίᾳ
3062 5323 3362 5397 πολεμίως
3411 5323 3639 5392 ἀνελὼν,

359 5427 633 5498 ἠνάγκασε
661 5425 761 5493 τῆς
792 5424 974 5494 μάχης
1025 5420 1370 5491 ἀποσχέσθαι
1418 5416 1746 5491 Τριδαλοὺς,
1812 5419 2014 5475 αὐτίκα
2051 5421 2163 5492 γὰρ
2193 5422 2503 5496 ἀνεχώρουν
2527 5425 2621 5480 ἐπὶ
2639 5423 2819 5496 Φερὰς
2841 5423 3013 5490 οὔσας
3043 5423 3104 5480 οὐ
3167 5422 3407 5496 μακράνο
3441 5421 3640 5478 ἔπεσον

1586 5547 1803 5612 Jacobi
1832 5549 2095 5611 Pontani
2139 5556 2325 5614 noun.

433 5685 546 5754 (ιι)
585 5686 842 5758 Verbum
879 5685 1358 5758 ἀκροϐολίζεσθαι.
1412 5701 1522 5758 non
1573 5684 1758 5758 solum
1784 5689 1872 5737 est
1906 5696 1927 5736 ε

2046 5679 2336 5758 Romanis.
2387 5679 2482 5758 qui
2534 5680 2779 5758 scilice_t,_
2817 5689 3117 5758 antequam
3163 5675 3641 5758 congrederentur

361 5753 483 5828 loco
527 5751 695 5819 edito.
747 5768 839 5812 aut
884 5751 968 5828 in'
992 5759 1174 5812 locum
1213 5757 1450 5828 editum
1473 5756 1657 5828 iacula
1691 5754 1938 5828 mittere.
2049 5753 2219 5828 acies,
2251 5751 2454 5828 jacuiis
2487 5768 2597 5808 non
2623 5752 2816 5828 multis
2847 5751 3374 5828 inibantpmlium;
3406 5753 3641 5802 tractum

364 5827 456 5878 sed
479 5828 655 5910 _eti_am
693 5826 936 5899 pugnare
973 5828 1300 5910 missilibus,
1350 5819 1588 5910 reﬂ-fari,
1646 5823 1942 5910 certamini
2051 5821 2220 5904 inde,
2254 5819 2404 5888 quod
2454 5833 2582 5880 ante
2625 5823 2894 5878 maximas
2933 5819 3149 5910 pluvias
3185 5819 3388 5876 coelum
3441 5830 3636 5876 rorare

367 5893 708 5963 praeludereJ
737 5893 978 5971 pugnam
1023 5893 1310 5954 lacessere.
1369 5895 1528 5954 Tales
1566 5895 1759 5951 rorarii
1810 5893 1942 5950 dicti
2055 5893 2304 5964 incipiat.
2934 5893 2948 5910 ‘
3681 5895 3692 5908 ’
